  <div class='ocr_page' id='page_1' title='image "/cluster/home/n/w/nwhite01/storage/ocr_20150623/83/hvd.32044073502072/561.png"; bbox 0 0 3974 6196; ppageno 0'>
   <div class='ocr_carea' id='block_1_1' title="bbox 415 291 544 358">
    <p class='ocr_par' dir='ltr' id='par_1_1' title="bbox 415 291 544 358">
     <span class='ocr_line' id='line_1_1' title="bbox 415 291 544 358; baseline -0.008 0"><span class='ocrx_word' id='word_1_1' title='bbox 415 291 544 358; x_wconf 88' lang='grc'><strong>1111</strong></span> 
     </span>
    </p>
   </div>
   <div class='ocr_carea' id='block_1_2' title="bbox 1393 293 2656 358">
    <p class='ocr_par' dir='ltr' id='par_1_2' title="bbox 1393 293 2656 358">
     <span class='ocr_line' id='line_1_2' title="bbox 1393 293 2656 358; baseline -0.001 -5"><span class='ocrx_word' id='word_1_2' title='bbox 1393 293 1877 353; x_wconf 66' lang='lat' dir='ltr'><strong>&#39;l‘llEUDORETl</strong></span> <span class='ocrx_word' id='word_1_3' title='bbox 1919 295 2252 358; x_wconf 80' lang='lat' dir='ltr'><strong>EPISCOPI</strong></span> <span class='ocrx_word' id='word_1_4' title='bbox 2295 295 2656 355; x_wconf 80' lang='lat' dir='ltr'><strong>CYRENSIS</strong></span> 
     </span>
    </p>
   </div>
   <div class='ocr_carea' id='block_1_3' title="bbox 3519 288 3660 352">
    <p class='ocr_par' dir='ltr' id='par_1_3' title="bbox 3519 288 3660 352">
     <span class='ocr_line' id='line_1_3' title="bbox 3519 288 3660 352; baseline -0.021 0"><span class='ocrx_word' id='word_1_5' title='bbox 3519 288 3660 352; x_wconf 78' lang='lat' dir='ltr'><strong>1H2</strong></span> 
     </span>
    </p>
   </div>
   <div class='ocr_carea' id='block_1_4' title="bbox 415 401 2009 478">
    <p class='ocr_par' dir='ltr' id='par_1_4' title="bbox 415 407 1981 478">
     <span class='ocr_line' id='line_1_4' title="bbox 415 407 1981 478; baseline -0.006 -8"><span class='ocrx_word' id='word_1_6' title='bbox 415 412 613 470; x_wconf 64' lang='lat' dir='ltr'><strong>caelum</strong></span> <span class='ocrx_word' id='word_1_7' title='bbox 652 407 872 478; x_wconf 83' lang='lat' dir='ltr'><strong>quidem</strong></span> <span class='ocrx_word' id='word_1_8' title='bbox 908 425 1001 462; x_wconf 86' lang='lat' dir='ltr'><strong>eas</strong></span> <span class='ocrx_word' id='word_1_9' title='bbox 1035 423 1154 477; x_wconf 66' lang='lat' dir='ltr'><strong>quae</strong></span> <span class='ocrx_word' id='word_1_10' title='bbox 1204 409 1342 461; x_wconf 87' lang='lat' dir='ltr'><strong>bene</strong></span> <span class='ocrx_word' id='word_1_11' title='bbox 1388 407 1645 467; x_wconf 72' lang='lat' dir='ltr'><strong>vixerint.</strong></span> <span class='ocrx_word' id='word_1_12' title='bbox 1687 423 1809 476; x_wconf 68' lang='lat' dir='ltr'><strong>qua:</strong></span> <span class='ocrx_word' id='word_1_13' title='bbox 1849 422 1981 460; x_wconf 89' lang='lat' dir='ltr'><strong>vero</strong></span> 
     </span>
    </p>
   </div>
   <div class='ocr_carea' id='block_1_5' title="bbox 2120 401 3664 478">
    <p class='ocr_par' dir='ltr' id='par_1_5' title="bbox 2151 401 3664 476">
     <span class='ocr_line' id='line_1_5' title="bbox 2151 401 3664 476; baseline -0.003 -15"><span class='ocrx_word' id='word_1_14' title='bbox 2151 407 2434 476; x_wconf 76' lang='grc' dir='ltr'><strong>Ἀντύλλῳ,</strong></span> <span class='ocrx_word' id='word_1_15' title='bbox 2475 406 2628 474; x_wconf 75' lang='grc' dir='ltr'>φησὶ,</span> <span class='ocrx_word' id='word_1_16' title='bbox 2678 401 2850 472; x_wconf 76' lang='grc' dir='ltr'>τούτῳ</span> <span class='ocrx_word' id='word_1_17' title='bbox 2900 403 2993 455; x_wconf 70' lang='grc' dir='ltr'><strong>καὶ</strong></span> <span class='ocrx_word' id='word_1_18' title='bbox 3041 403 3189 456; x_wconf 66' lang='grc' dir='ltr'>αὐτοὶ</span> <span class='ocrx_word' id='word_1_19' title='bbox 3249 403 3505 475; x_wconf 80' lang='grc' dir='ltr'>παρῆμεν</span> <span class='ocrx_word' id='word_1_20' title='bbox 3546 404 3664 474; x_wconf 74' lang='grc' dir='ltr'><strong>ἅμα</strong></span> 
     </span>
    </p>
   </div>
   <div class='ocr_carea' id='block_1_6' title="bbox 417 497 1982 568">
    <p class='ocr_par' dir='ltr' id='par_1_6' title="bbox 417 497 1982 568">
     <span class='ocr_line' id='line_1_6' title="bbox 417 497 1982 568; baseline -0.003 -12"><span class='ocrx_word' id='word_1_21' title='bbox 417 499 693 557; x_wconf 88' lang='lat' dir='ltr'><strong>contraria</strong></span> <span class='ocrx_word' id='word_1_22' title='bbox 724 499 1100 568; x_wconf 63' lang='lat' dir='ltr'><strong>praaoptarint,</strong></span> <span class='ocrx_word' id='word_1_23' title='bbox 1141 497 1210 550; x_wconf 90' lang='lat' dir='ltr'><strong>ad</strong></span> <span class='ocrx_word' id='word_1_24' title='bbox 1277 497 1503 560; x_wconf 80' lang='lat' dir='ltr'><strong>inferos,</strong></span> <span class='ocrx_word' id='word_1_25' title='bbox 1545 507 1604 551; x_wconf 94' lang='lat' dir='ltr'><strong>ut</strong></span> <span class='ocrx_word' id='word_1_26' title='bbox 1632 498 1982 552; x_wconf 71' lang='lat' dir='ltr'><strong>manifestum</strong></span> 
     </span>
    </p>
   </div>
   <div class='ocr_carea' id='block_1_7' title="bbox 417 589 1982 660">
    <p class='ocr_par' dir='ltr' id='par_1_7' title="bbox 417 589 1982 660">
     <span class='ocr_line' id='line_1_7' title="bbox 417 589 1982 660; baseline -0.002 -16"><span class='ocrx_word' id='word_1_27' title='bbox 417 591 510 656; x_wconf 90' lang='lat' dir='ltr'><strong>sit,</strong></span> <span class='ocrx_word' id='word_1_28' title='bbox 531 593 633 645; x_wconf 90' lang='lat' dir='ltr'><strong>alia</strong></span> <span class='ocrx_word' id='word_1_29' title='bbox 667 592 820 644; x_wconf 91' lang='lat' dir='ltr'><strong>illum</strong></span> <span class='ocrx_word' id='word_1_30' title='bbox 857 591 1004 660; x_wconf 89' lang='lat' dir='ltr'><strong>joco,</strong></span> <span class='ocrx_word' id='word_1_31' title='bbox 1051 589 1168 642; x_wconf 71' lang='lat' dir='ltr'><strong>haec</strong></span> <span class='ocrx_word' id='word_1_32' title='bbox 1197 598 1381 642; x_wconf 89' lang='lat' dir='ltr'><strong>autem</strong></span> <span class='ocrx_word' id='word_1_33' title='bbox 1423 590 1568 644; x_wconf 88' lang='lat' dir='ltr'><strong>serio</strong></span> <span class='ocrx_word' id='word_1_34' title='bbox 1613 589 1819 644; x_wconf 83' lang='lat' dir='ltr'><strong>dicere.</strong></span> <span class='ocrx_word' id='word_1_35' title='bbox 1854 589 1982 642; x_wconf 88' lang='lat' dir='ltr'><strong>Plu-</strong></span> 
     </span>
    </p>
   </div>
   <div class='ocr_carea' id='block_1_8' title="bbox 418 679 1987 750">
    <p class='ocr_par' dir='ltr' id='par_1_8' title="bbox 418 679 1987 750">
     <span class='ocr_line' id='line_1_8' title="bbox 418 679 1987 750; baseline -0.001 -16"><span class='ocrx_word' id='word_1_36' title='bbox 418 682 639 736; x_wconf 80' lang='lat' dir='ltr'><strong>tarchus</strong></span> <span class='ocrx_word' id='word_1_37' title='bbox 669 696 910 750; x_wconf 90' lang='lat' dir='ltr'><strong>quoque,</strong></span> <span class='ocrx_word' id='word_1_38' title='bbox 948 680 1005 734; x_wconf 89' lang='lat' dir='ltr'><strong>in</strong></span> <span class='ocrx_word' id='word_1_39' title='bbox 1035 680 1103 733; x_wconf 90' lang='lat' dir='ltr'><strong>iis</strong></span> <span class='ocrx_word' id='word_1_40' title='bbox 1145 696 1267 748; x_wconf 77' lang='lat' dir='ltr'><strong>qua:</strong></span> <span class='ocrx_word' id='word_1_41' title='bbox 1307 679 1376 734; x_wconf 90' lang='lat' dir='ltr'><strong>de</strong></span> <span class='ocrx_word' id='word_1_42' title='bbox 1423 680 1603 734; x_wconf 87' lang='lat' dir='ltr'><strong>anima</strong></span> <span class='ocrx_word' id='word_1_43' title='bbox 1637 680 1874 749; x_wconf 78' lang='lat' dir='ltr'><strong>scripsit,</strong></span> <span class='ocrx_word' id='word_1_44' title='bbox 1929 687 1987 733; x_wconf 86' lang='lat' dir='ltr'><strong>et</strong></span> 
     </span>
    </p>
   </div>
   <div class='ocr_carea' id='block_1_9' title="bbox 413 769 1985 843">
    <p class='ocr_par' dir='ltr' id='par_1_9' title="bbox 413 769 1985 843">
     <span class='ocr_line' id='line_1_9' title="bbox 413 769 1985 843; baseline -0.001 -16"><span class='ocrx_word' id='word_1_45' title='bbox 413 773 652 843; x_wconf 84' lang='lat' dir='ltr'><strong>judicem</strong></span> <span class='ocrx_word' id='word_1_46' title='bbox 685 772 947 836; x_wconf 76' lang='lat' dir='ltr'><strong>ostendit,</strong></span> <span class='ocrx_word' id='word_1_47' title='bbox 975 780 1030 826; x_wconf 90' lang='lat' dir='ltr'><strong>et</strong></span> <span class='ocrx_word' id='word_1_48' title='bbox 1045 769 1238 842; x_wconf 89' lang='lat' dir='ltr'><strong>judicii</strong></span> <span class='ocrx_word' id='word_1_49' title='bbox 1275 773 1577 836; x_wconf 89' lang='lat' dir='ltr'><strong>ministros,</strong></span> <span class='ocrx_word' id='word_1_50' title='bbox 1614 773 1985 826; x_wconf 80' lang='lat' dir='ltr'><strong>narrationem</strong></span> 
     </span>
    </p>
   </div>
   <div class='ocr_carea' id='block_1_10' title="bbox 420 862 1988 934">
    <p class='ocr_par' dir='ltr' id='par_1_10' title="bbox 420 862 1988 934">
     <span class='ocr_line' id='line_1_10' title="bbox 420 862 1988 934; baseline 0 -18"><span class='ocrx_word' id='word_1_51' title='bbox 420 865 562 917; x_wconf 87' lang='lat' dir='ltr'><strong>hanc</strong></span> <span class='ocrx_word' id='word_1_52' title='bbox 613 866 765 932; x_wconf 90' lang='lat' dir='ltr'><strong>operi</strong></span> <span class='ocrx_word' id='word_1_53' title='bbox 820 880 921 918; x_wconf 87' lang='lat' dir='ltr'><strong>suo</strong></span> <span class='ocrx_word' id='word_1_54' title='bbox 981 864 1234 918; x_wconf 79' lang='lat' dir='ltr'><strong>intexens</strong></span> <span class='ocrx_word' id='word_1_55' title='bbox 1264 865 1489 934; x_wconf 89' lang='lat' dir='ltr'><strong>(Euseb.</strong></span> <span class='ocrx_word' id='word_1_56' title='bbox 1549 864 1612 917; x_wconf 91' lang='lat' dir='ltr'><strong>P.</strong></span> <span class='ocrx_word' id='word_1_57' title='bbox 1659 862 1725 918; x_wconf 90' lang='lat' dir='ltr'><strong>E.</strong></span> <span class='ocrx_word' id='word_1_58' title='bbox 1779 879 1834 932; x_wconf 91' lang='lat' dir='ltr'><strong>p.</strong></span> <span class='ocrx_word' id='word_1_59' title='bbox 1887 864 1988 917; x_wconf 74' lang='lat'><strong>565</strong></span> 
     </span>
    </p>
   </div>
   <div class='ocr_carea' id='block_1_11' title="bbox 420 949 1990 1024">
    <p class='ocr_par' dir='ltr' id='par_1_11' title="bbox 420 949 1990 1024">
     <span class='ocr_line' id='line_1_11' title="bbox 420 949 1990 1024; baseline 0 -18"><span class='ocrx_word' id='word_1_60' title='bbox 420 949 523 1023; x_wconf 91' lang='lat' dir='ltr'><strong>D):</strong></span> <span class='ocrx_word' id='word_1_61' title='bbox 577 972 593 1004; x_wconf 80' lang='grc' dir='ltr'><strong>ι</strong></span> <span class='ocrx_word' id='word_1_62' title='bbox 622 953 781 1018; x_wconf 84' lang='lat' dir='ltr'><strong>Huic,</strong></span> <span class='ocrx_word' id='word_1_63' title='bbox 812 954 1009 1023; x_wconf 90' lang='lat' dir='ltr'><strong>inquit,</strong></span> <span class='ocrx_word' id='word_1_64' title='bbox 1053 954 1271 1024; x_wconf 79' lang='lat' dir='ltr'><strong>Antyllo</strong></span> <span class='ocrx_word' id='word_1_65' title='bbox 1309 965 1367 1008; x_wconf 90' lang='lat' dir='ltr'><strong>et</strong></span> <span class='ocrx_word' id='word_1_66' title='bbox 1411 970 1512 1009; x_wconf 87' lang='lat' dir='ltr'><strong>nos</strong></span> <span class='ocrx_word' id='word_1_67' title='bbox 1537 954 1781 1009; x_wconf 85' lang='lat' dir='ltr'><strong>narranti</strong></span> <span class='ocrx_word' id='word_1_68' title='bbox 1822 954 1990 1009; x_wconf 89' lang='lat' dir='ltr'><strong>inter-</strong></span> 
     </span>
    </p>
   </div>
   <div class='ocr_carea' id='block_1_12' title="bbox 418 1043 1989 1108">
    <p class='ocr_par' dir='ltr' id='par_1_12' title="bbox 418 1043 1989 1108">
     <span class='ocr_line' id='line_1_12' title="bbox 418 1043 1989 1108; baseline -0.002 -11"><span class='ocrx_word' id='word_1_69' title='bbox 418 1043 646 1108; x_wconf 80' lang='lat' dir='ltr'><strong>fuimus,</strong></span> <span class='ocrx_word' id='word_1_70' title='bbox 705 1059 832 1098; x_wconf 89' lang='lat' dir='ltr'><strong>cum</strong></span> <span class='ocrx_word' id='word_1_71' title='bbox 875 1044 1107 1099; x_wconf 90' lang='lat' dir='ltr'><strong>Sositele</strong></span> <span class='ocrx_word' id='word_1_72' title='bbox 1132 1053 1188 1098; x_wconf 89' lang='lat' dir='ltr'><strong>et</strong></span> <span class='ocrx_word' id='word_1_73' title='bbox 1226 1043 1584 1099; x_wconf 84' lang='lat' dir='ltr'><strong>Heraclcone.</strong></span> <span class='ocrx_word' id='word_1_74' title='bbox 1617 1045 1667 1103; x_wconf 82' lang='lat' dir='ltr'><strong>is</strong></span> <span class='ocrx_word' id='word_1_75' title='bbox 1689 1044 1836 1098; x_wconf 89' lang='lat' dir='ltr'><strong>enim</strong></span> <span class='ocrx_word' id='word_1_76' title='bbox 1863 1057 1989 1096; x_wconf 91' lang='lat' dir='ltr'><strong>cum</strong></span> 
     </span>
    </p>
   </div>
   <div class='ocr_carea' id='block_1_13' title="bbox 421 1134 1988 1205">
    <p class='ocr_par' dir='ltr' id='par_1_13' title="bbox 421 1134 1988 1205">
     <span class='ocr_line' id='line_1_13' title="bbox 421 1134 1988 1205; baseline -0.001 -17"><span class='ocrx_word' id='word_1_77' title='bbox 421 1135 652 1189; x_wconf 87' lang='lat' dir='ltr'><strong>medicis</strong></span> <span class='ocrx_word' id='word_1_78' title='bbox 698 1137 808 1205; x_wconf 91' lang='lat' dir='ltr'><strong>jam</strong></span> <span class='ocrx_word' id='word_1_79' title='bbox 884 1137 1154 1189; x_wconf 80' lang='lat' dir='ltr'><strong>exanimis</strong></span> <span class='ocrx_word' id='word_1_80' title='bbox 1183 1136 1485 1198; x_wconf 65' lang='lat' dir='ltr'><strong>videretur,</strong></span> <span class='ocrx_word' id='word_1_81' title='bbox 1532 1135 1752 1204; x_wconf 90' lang='lat' dir='ltr'><strong>paulum</strong></span> <span class='ocrx_word' id='word_1_82' title='bbox 1806 1134 1873 1188; x_wconf 89' lang='lat' dir='ltr'><strong>ad</strong></span> <span class='ocrx_word' id='word_1_83' title='bbox 1930 1149 1988 1187; x_wconf 85' lang='lat' dir='ltr'><strong>se</strong></span> 
     </span>
    </p>
   </div>
   <div class='ocr_carea' id='block_1_14' title="bbox 423 1224 1988 1295">
    <p class='ocr_par' dir='ltr' id='par_1_14' title="bbox 423 1224 1988 1295">
     <span class='ocr_line' id='line_1_14' title="bbox 423 1224 1988 1295; baseline 0.001 -18"><span class='ocrx_word' id='word_1_84' title='bbox 423 1240 677 1279; x_wconf 80' lang='lat' dir='ltr'><strong>reversus</strong></span> <span class='ocrx_word' id='word_1_85' title='bbox 699 1241 767 1279; x_wconf 79' lang='lat' dir='ltr'><strong>ex</strong></span> <span class='ocrx_word' id='word_1_86' title='bbox 793 1226 1028 1294; x_wconf 90' lang='lat' dir='ltr'><strong>quadam</strong></span> <span class='ocrx_word' id='word_1_87' title='bbox 1061 1242 1169 1280; x_wconf 91' lang='lat' dir='ltr'><strong>non</strong></span> <span class='ocrx_word' id='word_1_88' title='bbox 1200 1242 1392 1295; x_wconf 86' lang='lat' dir='ltr'><strong>parum</strong></span> <span class='ocrx_word' id='word_1_89' title='bbox 1419 1225 1691 1294; x_wconf 76' lang='lat' dir='ltr'><strong>profunda</strong></span> <span class='ocrx_word' id='word_1_90' title='bbox 1723 1224 1988 1278; x_wconf 87' lang='lat' dir='ltr'><strong>dormita-</strong></span> 
     </span>
    </p>
   </div>
   <div class='ocr_carea' id='block_1_15' title="bbox 424 1316 1990 1387">
    <p class='ocr_par' dir='ltr' id='par_1_15' title="bbox 424 1316 1990 1387">
     <span class='ocr_line' id='line_1_15' title="bbox 424 1316 1990 1387; baseline -0.001 -18"><span class='ocrx_word' id='word_1_91' title='bbox 424 1316 595 1382; x_wconf 90' lang='lat' dir='ltr'><strong>tione,</strong></span> <span class='ocrx_word' id='word_1_92' title='bbox 623 1319 761 1372; x_wconf 87' lang='lat' dir='ltr'><strong>nihil</strong></span> <span class='ocrx_word' id='word_1_93' title='bbox 789 1332 918 1372; x_wconf 82' lang='lat' dir='ltr'><strong>sane</strong></span> <span class='ocrx_word' id='word_1_94' title='bbox 963 1318 1112 1372; x_wconf 85' lang='lat' dir='ltr'><strong>aliud</strong></span> <span class='ocrx_word' id='word_1_95' title='bbox 1145 1318 1277 1372; x_wconf 80' lang='lat' dir='ltr'><strong>fecit</strong></span> <span class='ocrx_word' id='word_1_96' title='bbox 1308 1328 1404 1372; x_wconf 91' lang='lat' dir='ltr'><strong>aut</strong></span> <span class='ocrx_word' id='word_1_97' title='bbox 1437 1317 1594 1381; x_wconf 75' lang='lat' dir='ltr'><strong>dixit,</strong></span> <span class='ocrx_word' id='word_1_98' title='bbox 1623 1316 1769 1387; x_wconf 85' lang='lat' dir='ltr'><strong>quod</strong></span> <span class='ocrx_word' id='word_1_99' title='bbox 1797 1325 1990 1372; x_wconf 70' lang='lat' dir='ltr'><strong>emota:</strong></span> 
     </span>
    </p>
   </div>
   <div class='ocr_carea' id='block_1_16' title="bbox 427 1407 1988 1477">
    <p class='ocr_par' dir='ltr' id='par_1_16' title="bbox 427 1407 1988 1477">
     <span class='ocr_line' id='line_1_16' title="bbox 427 1407 1988 1477; baseline -0.001 -17"><span class='ocrx_word' id='word_1_100' title='bbox 427 1408 630 1461; x_wconf 88' lang='lat' dir='ltr'><strong>mentis</strong></span> <span class='ocrx_word' id='word_1_101' title='bbox 677 1408 894 1477; x_wconf 82' lang='lat' dir='ltr'><strong>signum</strong></span> <span class='ocrx_word' id='word_1_102' title='bbox 950 1418 1114 1462; x_wconf 86' lang='lat' dir='ltr'><strong>esset.</strong></span> <span class='ocrx_word' id='word_1_103' title='bbox 1170 1408 1439 1464; x_wconf 74' lang='lat' dir='ltr'><strong>Narrabat</strong></span> <span class='ocrx_word' id='word_1_104' title='bbox 1495 1416 1678 1462; x_wconf 88' lang='lat' dir='ltr'><strong>autem</strong></span> <span class='ocrx_word' id='word_1_105' title='bbox 1751 1423 1809 1460; x_wconf 90' lang='lat' dir='ltr'><strong>se</strong></span> <span class='ocrx_word' id='word_1_106' title='bbox 1875 1407 1988 1461; x_wconf 78' lang='lat' dir='ltr'><strong>vita</strong></span> 
     </span>
    </p>
   </div>
   <div class='ocr_carea' id='block_1_17' title="bbox 2093 494 3666 564">
    <p class='ocr_par' dir='ltr' id='par_1_17' title="bbox 2093 494 3666 564">
     <span class='ocr_line' id='line_1_17' title="bbox 2093 494 3666 564; baseline -0.003 -14"><span class='ocrx_word' id='word_1_107' title='bbox 2093 498 2376 551; x_wconf 85' lang='grc' dir='ltr'>Σωσιτέλει</span> <span class='ocrx_word' id='word_1_108' title='bbox 2419 497 2513 549; x_wconf 67' lang='grc' dir='ltr'><strong>καὶ</strong></span> <span class='ocrx_word' id='word_1_109' title='bbox 2562 494 2888 564; x_wconf 82' lang='grc' dir='ltr'>Ἡρακλέωνι</span> <span class='ocrx_word' id='word_1_110' title='bbox 2947 494 3288 563; x_wconf 79' lang='grc' dir='ltr'><strong>διηγουμένῳ</strong></span> <span class='ocrx_word' id='word_1_111' title='bbox 3320 495 3385 546; x_wconf 85' lang='grc'><strong>⁷⁷.</strong></span> <span class='ocrx_word' id='word_1_112' title='bbox 3441 495 3530 556; x_wconf 81' lang='grc' dir='ltr'>Ὠς</span> <span class='ocrx_word' id='word_1_113' title='bbox 3555 495 3666 564; x_wconf 74' lang='grc' dir='ltr'><strong>γὰρ</strong></span> 
     </span>
    </p>
   </div>
   <div class='ocr_carea' id='block_1_18' title="bbox 2093 583 3669 656">
    <p class='ocr_par' dir='ltr' id='par_1_18' title="bbox 2093 583 3669 656">
     <span class='ocr_line' id='line_1_18' title="bbox 2093 583 3669 656; baseline -0.004 -13"><span class='ocrx_word' id='word_1_114' title='bbox 2093 588 2338 650; x_wconf 74' lang='grc' dir='ltr'>ἀϐιώτως</span> <span class='ocrx_word' id='word_1_115' title='bbox 2363 587 2507 656; x_wconf 71' lang='grc' dir='ltr'>ἔχειν</span> <span class='ocrx_word' id='word_1_116' title='bbox 2529 585 2698 638; x_wconf 72' lang='grc' dir='ltr'>ἐδόκει</span> <span class='ocrx_word' id='word_1_117' title='bbox 2731 587 2840 646; x_wconf 86' lang='grc' dir='ltr'>τοῖς</span> <span class='ocrx_word' id='word_1_118' title='bbox 2873 584 3091 655; x_wconf 70' lang='grc' dir='ltr'>ἰατροῖς,</span> <span class='ocrx_word' id='word_1_119' title='bbox 3126 583 3434 652; x_wconf 73' lang='grc' dir='ltr'>ἀνενεχθεὶς</span> <span class='ocrx_word' id='word_1_120' title='bbox 3467 585 3669 654; x_wconf 76' lang='grc' dir='ltr'>μικρὸν</span> 
     </span>
    </p>
   </div>
   <div class='ocr_carea' id='block_1_19' title="bbox 2093 671 3666 744">
    <p class='ocr_par' dir='ltr' id='par_1_19' title="bbox 2093 671 3666 744">
     <span class='ocr_line' id='line_1_19' title="bbox 2093 671 3666 744; baseline -0.004 -14"><span class='ocrx_word' id='word_1_121' title='bbox 2093 678 2156 730; x_wconf 77' lang='grc' dir='ltr'>ἐκ</span> <span class='ocrx_word' id='word_1_122' title='bbox 2209 693 2352 739; x_wconf 84' lang='grc' dir='ltr'>τινος</span> <span class='ocrx_word' id='word_1_123' title='bbox 2406 676 2467 728; x_wconf 84' lang='grc' dir='ltr'><strong>οὐ</strong></span> <span class='ocrx_word' id='word_1_124' title='bbox 2522 673 2694 744; x_wconf 79' lang='grc' dir='ltr'><strong>βιαίου</strong></span> <span class='ocrx_word' id='word_1_125' title='bbox 2744 671 2786 704; x_wconf 79' lang='grc'><strong>⁷⁸</strong></span> <span class='ocrx_word' id='word_1_126' title='bbox 2839 674 3173 742; x_wconf 78' lang='grc' dir='ltr'>καταφορᾶς,</span> <span class='ocrx_word' id='word_1_127' title='bbox 3220 673 3346 725; x_wconf 80' lang='grc' dir='ltr'>ἄλλο</span> <span class='ocrx_word' id='word_1_128' title='bbox 3392 673 3493 737; x_wconf 82' lang='grc' dir='ltr'><strong>μὲν</strong></span> <span class='ocrx_word' id='word_1_129' title='bbox 3537 672 3666 724; x_wconf 71' lang='grc' dir='ltr'>οὔτε</span> 
     </span>
    </p>
   </div>
   <div class='ocr_carea' id='block_1_20' title="bbox 2095 761 3663 838">
    <p class='ocr_par' dir='ltr' id='par_1_20' title="bbox 2095 761 3663 838">
     <span class='ocr_line' id='line_1_20' title="bbox 2095 761 3663 838; baseline -0.005 -17"><span class='ocrx_word' id='word_1_130' title='bbox 2095 766 2348 838; x_wconf 78' lang='grc' dir='ltr'>ἔπραξεν,</span> <span class='ocrx_word' id='word_1_131' title='bbox 2371 765 2493 818; x_wconf 78' lang='grc' dir='ltr'>οὕτε</span> <span class='ocrx_word' id='word_1_132' title='bbox 2522 761 2639 820; x_wconf 81' lang='grc' dir='ltr'>εἶπε</span> <span class='ocrx_word' id='word_1_133' title='bbox 2657 763 3106 834; x_wconf 76' lang='grc' dir='ltr'>παρακινητικὸν·</span> <span class='ocrx_word' id='word_1_134' title='bbox 3132 762 3283 829; x_wconf 81' lang='grc' dir='ltr'>ἔλεγε</span> <span class='ocrx_word' id='word_1_135' title='bbox 3307 762 3362 814; x_wconf 81' lang='grc' dir='ltr'>δὲ</span> <span class='ocrx_word' id='word_1_136' title='bbox 3385 762 3663 824; x_wconf 82' lang='grc' dir='ltr'>τεθνάναι,</span> 
     </span>
    </p>
   </div>
   <div class='ocr_carea' id='block_1_21' title="bbox 2097 853 3670 925">
    <p class='ocr_par' dir='ltr' id='par_1_21' title="bbox 2097 853 3670 925">
     <span class='ocr_line' id='line_1_21' title="bbox 2097 853 3670 925; baseline -0.004 -13"><span class='ocrx_word' id='word_1_137' title='bbox 2097 859 2189 912; x_wconf 78' lang='grc' dir='ltr'><strong>καὶ</strong></span> <span class='ocrx_word' id='word_1_138' title='bbox 2217 857 2378 910; x_wconf 84' lang='grc' dir='ltr'>πάλιν</span> <span class='ocrx_word' id='word_1_139' title='bbox 2409 855 2662 925; x_wconf 79' lang='grc' dir='ltr'><strong>ἀφεῖσθαι</strong></span> <span class='ocrx_word' id='word_1_140' title='bbox 2691 855 2756 916; x_wconf 72' lang='grc'><strong>⁷⁵,</strong></span> <span class='ocrx_word' id='word_1_141' title='bbox 2788 854 2880 906; x_wconf 68' lang='grc' dir='ltr'>καὶ</span> <span class='ocrx_word' id='word_1_142' title='bbox 2912 855 2984 923; x_wconf 79' lang='grc' dir='ltr'><strong>μὴ</strong></span> <span class='ocrx_word' id='word_1_143' title='bbox 3010 853 3361 923; x_wconf 80' lang='grc' dir='ltr'>τεθνήξεσθαι</span> <span class='ocrx_word' id='word_1_144' title='bbox 3396 853 3457 904; x_wconf 71' lang='grc' dir='ltr'><strong>τὸ</strong></span> <span class='ocrx_word' id='word_1_145' title='bbox 3487 855 3670 922; x_wconf 80' lang='grc' dir='ltr'>παρά-</span> 
     </span>
    </p>
   </div>
   <div class='ocr_carea' id='block_1_22' title="bbox 2098 944 3671 1018">
    <p class='ocr_par' dir='ltr' id='par_1_22' title="bbox 2098 944 3671 1018">
     <span class='ocr_line' id='line_1_22' title="bbox 2098 944 3671 1018; baseline -0.004 -16"><span class='ocrx_word' id='word_1_146' title='bbox 2098 967 2206 1002; x_wconf 77' lang='grc' dir='ltr'><strong>παν</strong></span> <span class='ocrx_word' id='word_1_147' title='bbox 2247 948 2352 1001; x_wconf 83' lang='grc' dir='ltr'><strong>ὑπό</strong></span> <span class='ocrx_word' id='word_1_148' title='bbox 2389 947 2486 1016; x_wconf 80' lang='grc' dir='ltr'>τῆς</span> <span class='ocrx_word' id='word_1_149' title='bbox 2523 947 2833 1018; x_wconf 71' lang='grc' dir='ltr'>ἀρρωστίας</span> <span class='ocrx_word' id='word_1_150' title='bbox 2862 945 3090 1014; x_wconf 69' lang='grc' dir='ltr'>ἐκείνης,</span> <span class='ocrx_word' id='word_1_151' title='bbox 3114 945 3248 997; x_wconf 76' lang='grc' dir='ltr'>ἀλλὰ</span> <span class='ocrx_word' id='word_1_152' title='bbox 3280 946 3372 998; x_wconf 70' lang='grc' dir='ltr'>καὶ</span> <span class='ocrx_word' id='word_1_153' title='bbox 3403 946 3449 976; x_wconf 78' lang='grc'><em>³⁸</em></span> <span class='ocrx_word' id='word_1_154' title='bbox 3481 944 3671 1006; x_wconf 76' lang='grc' dir='ltr'>κακῶς</span> 
     </span>
    </p>
   </div>
   <div class='ocr_carea' id='block_1_23' title="bbox 2099 1035 3666 1110">
    <p class='ocr_par' dir='ltr' id='par_1_23' title="bbox 2099 1035 3666 1110">
     <span class='ocr_line' id='line_1_23' title="bbox 2099 1035 3666 1110; baseline -0.004 -16"><span class='ocrx_word' id='word_1_155' title='bbox 2099 1040 2396 1110; x_wconf 78' lang='grc' dir='ltr'><strong>ἀκηκοέναι</strong></span> <span class='ocrx_word' id='word_1_156' title='bbox 2419 1039 2543 1100; x_wconf 78' lang='grc' dir='ltr'>τοὺς</span> <span class='ocrx_word' id='word_1_157' title='bbox 2568 1035 2872 1104; x_wconf 81' lang='grc' dir='ltr'>ἀγαγόντας</span> <span class='ocrx_word' id='word_1_158' title='bbox 2905 1036 2948 1067; x_wconf 81' lang='grc'><strong>⁸¹</strong></span> <span class='ocrx_word' id='word_1_159' title='bbox 2989 1035 3147 1088; x_wconf 77' lang='grc' dir='ltr'>αὐτὸν</span> <span class='ocrx_word' id='word_1_160' title='bbox 3175 1035 3278 1088; x_wconf 77' lang='grc' dir='ltr'>ὑπὸ</span> <span class='ocrx_word' id='word_1_161' title='bbox 3312 1035 3405 1087; x_wconf 86' lang='grc' dir='ltr'><strong>τοῦ</strong></span> <span class='ocrx_word' id='word_1_162' title='bbox 3453 1037 3666 1106; x_wconf 77' lang='grc' dir='ltr'>κυρέου’</span> 
     </span>
    </p>
   </div>
   <div class='ocr_carea' id='block_1_24' title="bbox 2098 1127 3670 1200">
    <p class='ocr_par' dir='ltr' id='par_1_24' title="bbox 2098 1127 3670 1200">
     <span class='ocr_line' id='line_1_24' title="bbox 2098 1127 3670 1200; baseline -0.003 -16"><span class='ocrx_word' id='word_1_163' title='bbox 2098 1130 2444 1200; x_wconf 77' lang='grc' dir='ltr'>πεμφθέντας</span> <span class='ocrx_word' id='word_1_164' title='bbox 2496 1128 2603 1198; x_wconf 77' lang='grc' dir='ltr'>γὰρ</span> <span class='ocrx_word' id='word_1_165' title='bbox 2653 1127 2745 1180; x_wconf 70' lang='grc' dir='ltr'>ἐπὶ</span> <span class='ocrx_word' id='word_1_166' title='bbox 2795 1128 3085 1188; x_wconf 75' lang='grc' dir='ltr'>Νικανδᾶν,</span> <span class='ocrx_word' id='word_1_167' title='bbox 3142 1128 3302 1180; x_wconf 78' lang='grc' dir='ltr'>αὐτὸν</span> <span class='ocrx_word' id='word_1_168' title='bbox 3346 1130 3502 1197; x_wconf 81' lang='grc' dir='ltr'>ἥκειν</span> <span class='ocrx_word' id='word_1_169' title='bbox 3549 1130 3670 1180; x_wconf 79' lang='grc' dir='ltr'>ἀντ’</span> 
     </span>
    </p>
   </div>
   <div class='ocr_carea' id='block_1_25' title="bbox 2097 1214 3664 1290">
    <p class='ocr_par' dir='ltr' id='par_1_25' title="bbox 2097 1214 3664 1290">
     <span class='ocr_line' id='line_1_25' title="bbox 2097 1214 3664 1290; baseline -0.004 -15"><span class='ocrx_word' id='word_1_170' title='bbox 2097 1223 2305 1275; x_wconf 77' lang='grc' dir='ltr'>ἐκείνου</span> <span class='ocrx_word' id='word_1_171' title='bbox 2341 1219 2664 1290; x_wconf 79' lang='grc' dir='ltr'><strong>κομίζοντας</strong></span> <span class='ocrx_word' id='word_1_172' title='bbox 2682 1237 2695 1250; x_wconf 73' lang='grc' dir='ltr'><strong><em>ο</em></strong></span> <span class='ocrx_word' id='word_1_173' title='bbox 2729 1219 2757 1270; x_wconf 87' lang='grc' dir='ltr'><strong>ὁ</strong></span> <span class='ocrx_word' id='word_1_174' title='bbox 2785 1219 2839 1271; x_wconf 77' lang='grc' dir='ltr'>δὲ</span> <span class='ocrx_word' id='word_1_175' title='bbox 2862 1219 3133 1281; x_wconf 76' lang='grc' dir='ltr'>Νικανδᾶς</span> <span class='ocrx_word' id='word_1_176' title='bbox 3152 1214 3220 1288; x_wconf 82' lang='grc' dir='ltr'>ἦν</span> <span class='ocrx_word' id='word_1_177' title='bbox 3263 1221 3618 1289; x_wconf 73' lang='grc' dir='ltr'><strong>σκυτοτόμος.</strong></span> <span class='ocrx_word' id='word_1_178' title='bbox 3646 1239 3664 1269; x_wconf 78' lang='grc' dir='ltr'><strong>ι</strong></span> 
     </span>
    </p>
   </div>
   <div class='ocr_carea' id='block_1_26' title="bbox 2096 1307 3676 1379">
    <p class='ocr_par' dir='ltr' id='par_1_26' title="bbox 2096 1307 3676 1379">
     <span class='ocr_line' id='line_1_26' title="bbox 2096 1307 3676 1379; baseline -0.004 -14"><span class='ocrx_word' id='word_1_179' title='bbox 2096 1313 2257 1379; x_wconf 80' lang='grc' dir='ltr'>Λέγει</span> <span class='ocrx_word' id='word_1_180' title='bbox 2307 1311 2364 1362; x_wconf 82' lang='grc' dir='ltr'>δὲ</span> <span class='ocrx_word' id='word_1_181' title='bbox 2411 1309 2503 1361; x_wconf 77' lang='grc' dir='ltr'><strong>καὶ</strong></span> <span class='ocrx_word' id='word_1_182' title='bbox 2552 1309 2627 1370; x_wconf 84' lang='grc' dir='ltr'>ὡς</span> <span class='ocrx_word' id='word_1_183' title='bbox 2672 1307 2764 1360; x_wconf 91' lang='grc' dir='ltr'><strong>τοῦ</strong></span> <span class='ocrx_word' id='word_1_184' title='bbox 2807 1307 3048 1360; x_wconf 82' lang='grc' dir='ltr'>Νικανδᾶ</span> <span class='ocrx_word' id='word_1_185' title='bbox 3077 1308 3500 1378; x_wconf 80' lang='grc' dir='ltr'>τελευτήσαντος</span> <span class='ocrx_word' id='word_1_186' title='bbox 3528 1325 3676 1377; x_wconf 59' lang='lat' dir='ltr'><strong>nap-</strong></span> 
     </span>
    </p>
   </div>
   <div class='ocr_carea' id='block_1_27' title="bbox 2096 1395 2967 1469">
    <p class='ocr_par' dir='ltr' id='par_1_27' title="bbox 2096 1395 2967 1469">
     <span class='ocr_line' id='line_1_27' title="bbox 2096 1395 2967 1469; baseline -0.008 -13"><span class='ocrx_word' id='word_1_187' title='bbox 2096 1404 2290 1456; x_wconf 76' lang='grc' dir='ltr'>αυτίκα</span> <span class='ocrx_word' id='word_1_188' title='bbox 2314 1404 2342 1454; x_wconf 91' lang='grc' dir='ltr'>ὁ</span> <span class='ocrx_word' id='word_1_189' title='bbox 2381 1398 2667 1461; x_wconf 74' lang='grc' dir='ltr'>Ἄντυλλος</span> <span class='ocrx_word' id='word_1_190' title='bbox 2699 1395 2967 1469; x_wconf 74' lang='grc' dir='ltr'>ἐρρώσθη.</span> 
     </span>
    </p>
   </div>
   <div class='ocr_carea' id='block_1_28' title="bbox 425 1487 3675 1567">
    <p class='ocr_par' dir='ltr' id='par_1_28' title="bbox 425 1487 3675 1567">
     <span class='ocr_line' id='line_1_28' title="bbox 425 1487 3675 1567; baseline -0.003 -14"><span class='ocrx_word' id='word_1_191' title='bbox 425 1498 679 1553; x_wconf 84' lang='lat' dir='ltr'><strong>functum</strong></span> <span class='ocrx_word' id='word_1_192' title='bbox 721 1500 922 1554; x_wconf 83' lang='lat' dir='ltr'><strong>iterum</strong></span> <span class='ocrx_word' id='word_1_193' title='bbox 957 1499 1012 1552; x_wconf 92' lang='lat' dir='ltr'><strong>in</strong></span> <span class='ocrx_word' id='word_1_194' title='bbox 1054 1499 1220 1551; x_wconf 81' lang='lat' dir='ltr'><strong>vitam</strong></span> <span class='ocrx_word' id='word_1_195' title='bbox 1269 1499 1480 1567; x_wconf 77' lang='lat'><strong>1000</strong></span> <span class='ocrx_word' id='word_1_196' title='bbox 1526 1499 1782 1562; x_wconf 78' lang='lat' dir='ltr'><strong>rediisse,</strong></span> <span class='ocrx_word' id='word_1_197' title='bbox 1831 1513 2011 1567; x_wconf 87' lang='lat' dir='ltr'><strong>neque</strong></span> <span class='ocrx_word' id='word_1_198' title='bbox 2063 1511 2288 1566; x_wconf 82' lang='lat' dir='ltr'><strong>prorsus</strong></span> <span class='ocrx_word' id='word_1_199' title='bbox 2340 1508 2404 1546; x_wconf 77' lang='lat' dir='ltr'><strong>cx</strong></span> <span class='ocrx_word' id='word_1_200' title='bbox 2457 1507 2520 1546; x_wconf 86' lang='lat' dir='ltr'><strong>ea</strong></span> <span class='ocrx_word' id='word_1_201' title='bbox 2564 1489 2890 1559; x_wconf 68' lang='lat' dir='ltr'><strong>mgritudinc</strong></span> <span class='ocrx_word' id='word_1_202' title='bbox 2940 1487 3264 1543; x_wconf 89' lang='lat' dir='ltr'><strong>moriturum</strong></span> <span class='ocrx_word' id='word_1_203' title='bbox 3299 1507 3311 1542; x_wconf 89' lang='lat'><strong>:</strong></span> <span class='ocrx_word' id='word_1_204' title='bbox 3345 1489 3454 1542; x_wconf 89' lang='lat' dir='ltr'><strong>imo</strong></span> <span class='ocrx_word' id='word_1_205' title='bbox 3504 1489 3675 1543; x_wconf 89' lang='lat' dir='ltr'><strong>mini-</strong></span> 
     </span>
    </p>
   </div>
   <div class='ocr_carea' id='block_1_29' title="bbox 431 1581 3676 1660">
    <p class='ocr_par' dir='ltr' id='par_1_29' title="bbox 431 1581 3676 1660">
     <span class='ocr_line' id='line_1_29' title="bbox 431 1581 3676 1660; baseline -0.003 -17"><span class='ocrx_word' id='word_1_206' title='bbox 431 1597 595 1651; x_wconf 87' lang='lat' dir='ltr'><strong>stros,</strong></span> <span class='ocrx_word' id='word_1_207' title='bbox 623 1588 716 1656; x_wconf 86' lang='lat' dir='ltr'><strong>qui</strong></span> <span class='ocrx_word' id='word_1_208' title='bbox 744 1590 919 1658; x_wconf 87' lang='lat' dir='ltr'><strong>ipsum</strong></span> <span class='ocrx_word' id='word_1_209' title='bbox 947 1589 1013 1642; x_wconf 89' lang='lat' dir='ltr'><strong>ad</strong></span> <span class='ocrx_word' id='word_1_210' title='bbox 1047 1589 1253 1644; x_wconf 81' lang='lat' dir='ltr'><strong>inferos</strong></span> <span class='ocrx_word' id='word_1_211' title='bbox 1277 1590 1641 1655; x_wconf 81' lang='lat' dir='ltr'><strong>deduxerant,</strong></span> <span class='ocrx_word' id='word_1_212' title='bbox 1675 1591 1744 1644; x_wconf 87' lang='lat' dir='ltr'><strong>ab</strong></span> <span class='ocrx_word' id='word_1_213' title='bbox 1772 1591 2018 1660; x_wconf 82' lang='lat' dir='ltr'><strong>ipsorum</strong></span> <span class='ocrx_word' id='word_1_214' title='bbox 2046 1589 2276 1659; x_wconf 70' lang='lat' dir='ltr'><strong>praeside</strong></span> <span class='ocrx_word' id='word_1_215' title='bbox 2301 1586 2598 1654; x_wconf 87' lang='lat' dir='ltr'><strong>increpitos</strong></span> <span class='ocrx_word' id='word_1_216' title='bbox 2624 1583 2790 1638; x_wconf 81' lang='lat' dir='ltr'><strong>fuisse</strong></span> <span class='ocrx_word' id='word_1_217' title='bbox 2817 1585 3018 1647; x_wconf 83' lang='lat' dir='ltr'><strong>aiebat,</strong></span> <span class='ocrx_word' id='word_1_218' title='bbox 3055 1587 3148 1655; x_wconf 90' lang='lat' dir='ltr'><strong>qui</strong></span> <span class='ocrx_word' id='word_1_219' title='bbox 3183 1601 3281 1654; x_wconf 90' lang='lat' dir='ltr'><strong>pro</strong></span> <span class='ocrx_word' id='word_1_220' title='bbox 3307 1583 3573 1644; x_wconf 86' lang='lat' dir='ltr'><strong>Nicanda,</strong></span> <span class='ocrx_word' id='word_1_221' title='bbox 3605 1581 3676 1635; x_wconf 89' lang='lat' dir='ltr'><strong>ad</strong></span> 
     </span>
    </p>
   </div>
   <div class='ocr_carea' id='block_1_30' title="bbox 430 1673 3678 1749">
    <p class='ocr_par' dir='ltr' id='par_1_30' title="bbox 430 1673 3678 1749">
     <span class='ocr_line' id='line_1_30' title="bbox 430 1673 3678 1749; baseline -0.001 -21"><span class='ocrx_word' id='word_1_222' title='bbox 430 1690 591 1744; x_wconf 88' lang='lat' dir='ltr'><strong>quem</strong></span> <span class='ocrx_word' id='word_1_223' title='bbox 623 1676 1006 1733; x_wconf 87' lang='lat' dir='ltr'><strong>deducendum</strong></span> <span class='ocrx_word' id='word_1_224' title='bbox 1054 1679 1205 1734; x_wconf 86' lang='lat' dir='ltr'><strong>missi</strong></span> <span class='ocrx_word' id='word_1_225' title='bbox 1253 1679 1492 1745; x_wconf 77' lang='lat' dir='ltr'><strong>fuerant,</strong></span> <span class='ocrx_word' id='word_1_226' title='bbox 1536 1681 1714 1749; x_wconf 88' lang='lat' dir='ltr'><strong>ipsum</strong></span> <span class='ocrx_word' id='word_1_227' title='bbox 1761 1680 2136 1734; x_wconf 77' lang='lat' dir='ltr'><strong>adduxissent.</strong></span> <span class='ocrx_word' id='word_1_228' title='bbox 2181 1680 2312 1732; x_wconf 89' lang='lat' dir='ltr'><strong>Erat</strong></span> <span class='ocrx_word' id='word_1_229' title='bbox 2357 1689 2521 1746; x_wconf 88' lang='lat' dir='ltr'><strong>porro</strong></span> <span class='ocrx_word' id='word_1_230' title='bbox 2569 1673 2838 1729; x_wconf 82' lang='lat' dir='ltr'><strong>Nicandas</strong></span> <span class='ocrx_word' id='word_1_231' title='bbox 2877 1684 3031 1729; x_wconf 87' lang='lat' dir='ltr'><strong>sutor</strong></span> <span class='ocrx_word' id='word_1_232' title='bbox 3070 1675 3360 1729; x_wconf 89' lang='lat' dir='ltr'><strong>coriarius.</strong></span> <span class='ocrx_word' id='word_1_233' title='bbox 3395 1693 3412 1725; x_wconf 74' lang='grc' dir='ltr'><strong>ι</strong></span> <span class='ocrx_word' id='word_1_234' title='bbox 3475 1673 3678 1726; x_wconf 79' lang='lat' dir='ltr'><strong>Narrat</strong></span> 
     </span>
    </p>
   </div>
   <div class='ocr_carea' id='block_1_31' title="bbox 432 1768 2622 1844">
    <p class='ocr_par' dir='ltr' id='par_1_31' title="bbox 432 1768 2622 1844">
     <span class='ocr_line' id='line_1_31' title="bbox 432 1768 2622 1844; baseline -0.001 -22"><span class='ocrx_word' id='word_1_235' title='bbox 432 1777 613 1823; x_wconf 90' lang='lat' dir='ltr'><strong>autem</strong></span> <span class='ocrx_word' id='word_1_236' title='bbox 656 1778 942 1838; x_wconf 73' lang='lat' dir='ltr'><strong>praeterea,</strong></span> <span class='ocrx_word' id='word_1_237' title='bbox 979 1786 1104 1826; x_wconf 92' lang='lat' dir='ltr'><strong>cum</strong></span> <span class='ocrx_word' id='word_1_238' title='bbox 1147 1771 1422 1826; x_wconf 85' lang='lat' dir='ltr'><strong>Nicandas</strong></span> <span class='ocrx_word' id='word_1_239' title='bbox 1445 1772 1766 1837; x_wconf 88' lang='lat' dir='ltr'><strong>interiisset,</strong></span> <span class='ocrx_word' id='word_1_240' title='bbox 1796 1772 2073 1844; x_wconf 77' lang='lat' dir='ltr'><strong>Antyllum</strong></span> <span class='ocrx_word' id='word_1_241' title='bbox 2104 1786 2226 1824; x_wconf 77' lang='lat' dir='ltr'><strong>mox</strong></span> <span class='ocrx_word' id='word_1_242' title='bbox 2257 1768 2622 1824; x_wconf 83' lang='lat' dir='ltr'><strong>convaluisse.</strong></span> 
     </span>
    </p>
   </div>
   <div class='ocr_carea' id='block_1_32' title="bbox 500 1859 2071 1934">
    <p class='ocr_par' dir='ltr' id='par_1_32' title="bbox 500 1859 2071 1934">
     <span class='ocr_line' id='line_1_32' title="bbox 500 1859 2071 1934; baseline 0.003 -22"><span class='ocrx_word' id='word_1_243' title='bbox 500 1859 691 1925; x_wconf 86' lang='lat' dir='ltr'><strong>Qualia</strong></span> <span class='ocrx_word' id='word_1_244' title='bbox 719 1859 829 1914; x_wconf 85' lang='lat' dir='ltr'><strong>sint</strong></span> <span class='ocrx_word' id='word_1_245' title='bbox 854 1861 1020 1931; x_wconf 86' lang='lat' dir='ltr'><strong>igitur</strong></span> <span class='ocrx_word' id='word_1_246' title='bbox 1041 1862 1492 1932; x_wconf 86' lang='lat' dir='ltr'><strong>philosophorum</strong></span> <span class='ocrx_word' id='word_1_247' title='bbox 1520 1863 1794 1934; x_wconf 79' lang='lat' dir='ltr'><strong>dogmata,</strong></span> <span class='ocrx_word' id='word_1_248' title='bbox 1825 1873 1996 1932; x_wconf 90' lang='lat' dir='ltr'><strong>utque</strong></span> <span class='ocrx_word' id='word_1_249' title='bbox 2031 1868 2071 1925; x_wconf 82' lang='grc' dir='ltr'><strong>Β</strong></span> 
     </span>
    </p>
   </div>
   <div class='ocr_carea' id='block_1_33' title="bbox 433 1951 1995 2022">
    <p class='ocr_par' dir='ltr' id='par_1_33' title="bbox 433 1951 1995 2022">
     <span class='ocr_line' id='line_1_33' title="bbox 433 1951 1995 2022; baseline 0.003 -18"><span class='ocrx_word' id='word_1_250' title='bbox 433 1951 674 2020; x_wconf 85' lang='lat' dir='ltr'><strong>ipsorum</strong></span> <span class='ocrx_word' id='word_1_251' title='bbox 712 1951 804 2005; x_wconf 89' lang='lat' dir='ltr'><strong>alii</strong></span> <span class='ocrx_word' id='word_1_252' title='bbox 850 1953 1071 2022; x_wconf 88' lang='lat' dir='ltr'><strong>quidem</strong></span> <span class='ocrx_word' id='word_1_253' title='bbox 1112 1961 1306 2008; x_wconf 85' lang='lat' dir='ltr'><strong>ventre</strong></span> <span class='ocrx_word' id='word_1_254' title='bbox 1346 1954 1641 2009; x_wconf 87' lang='lat' dir='ltr'><strong>humanam</strong></span> <span class='ocrx_word' id='word_1_255' title='bbox 1679 1955 1995 2008; x_wconf 75' lang='lat' dir='ltr'><strong>felicitatem</strong></span> 
     </span>
    </p>
   </div>
   <div class='ocr_carea' id='block_1_34' title="bbox 433 2043 1995 2116">
    <p class='ocr_par' dir='ltr' id='par_1_34' title="bbox 433 2043 1995 2116">
     <span class='ocr_line' id='line_1_34' title="bbox 433 2043 1995 2116; baseline 0.001 -18"><span class='ocrx_word' id='word_1_256' title='bbox 433 2044 607 2098; x_wconf 85' lang='lat' dir='ltr'><strong>mensi</strong></span> <span class='ocrx_word' id='word_1_257' title='bbox 640 2043 767 2108; x_wconf 89' lang='lat' dir='ltr'><strong>sint,</strong></span> <span class='ocrx_word' id='word_1_258' title='bbox 787 2045 874 2098; x_wconf 88' lang='lat' dir='ltr'><strong>alii</strong></span> <span class='ocrx_word' id='word_1_259' title='bbox 898 2046 1196 2115; x_wconf 80' lang='lat' dir='ltr'><strong>perfectius</strong></span> <span class='ocrx_word' id='word_1_260' title='bbox 1209 2047 1468 2116; x_wconf 90' lang='lat' dir='ltr'><strong>quiddam</strong></span> <span class='ocrx_word' id='word_1_261' title='bbox 1492 2047 1558 2102; x_wconf 90' lang='lat' dir='ltr'><strong>de</strong></span> <span class='ocrx_word' id='word_1_262' title='bbox 1579 2063 1642 2102; x_wconf 89' lang='lat' dir='ltr'><strong>ea</strong></span> <span class='ocrx_word' id='word_1_263' title='bbox 1663 2048 1773 2102; x_wconf 86' lang='lat' dir='ltr'><strong>sint</strong></span> <span class='ocrx_word' id='word_1_264' title='bbox 1794 2048 1958 2102; x_wconf 87' lang='lat' dir='ltr'><strong>loculi</strong></span> <span class='ocrx_word' id='word_1_265' title='bbox 1982 2065 1995 2100; x_wconf 88' lang='lat'><strong>:</strong></span> 
     </span>
    </p>
   </div>
   <div class='ocr_carea' id='block_1_35' title="bbox 435 2136 1998 2208">
    <p class='ocr_par' dir='ltr' id='par_1_35' title="bbox 435 2136 1998 2208">
     <span class='ocr_line' id='line_1_35' title="bbox 435 2136 1998 2208; baseline 0.001 -18"><span class='ocrx_word' id='word_1_266' title='bbox 435 2145 600 2206; x_wconf 90' lang='lat' dir='ltr'><strong>utque</strong></span> <span class='ocrx_word' id='word_1_267' title='bbox 629 2136 721 2190; x_wconf 91' lang='lat' dir='ltr'><strong>alii</strong></span> <span class='ocrx_word' id='word_1_268' title='bbox 754 2137 1049 2192; x_wconf 90' lang='lat' dir='ltr'><strong>humanam</strong></span> <span class='ocrx_word' id='word_1_269' title='bbox 1081 2140 1249 2194; x_wconf 81' lang='lat' dir='ltr'><strong>vitam</strong></span> <span class='ocrx_word' id='word_1_270' title='bbox 1276 2140 1654 2208; x_wconf 85' lang='lat' dir='ltr'><strong>sepulcrorum</strong></span> <span class='ocrx_word' id='word_1_271' title='bbox 1688 2148 1847 2194; x_wconf 88' lang='lat' dir='ltr'><strong>tenus</strong></span> <span class='ocrx_word' id='word_1_272' title='bbox 1877 2155 1998 2192; x_wconf 87' lang='lat' dir='ltr'><strong>esse</strong></span> 
     </span>
    </p>
   </div>
   <div class='ocr_carea' id='block_1_36' title="bbox 432 2227 2001 2303">
    <p class='ocr_par' dir='ltr' id='par_1_36' title="bbox 432 2227 2001 2303">
     <span class='ocr_line' id='line_1_36' title="bbox 432 2227 2001 2303; baseline 0.001 -20"><span class='ocrx_word' id='word_1_273' title='bbox 432 2227 786 2293; x_wconf 85' lang='lat' dir='ltr'><strong>censuerint,</strong></span> <span class='ocrx_word' id='word_1_274' title='bbox 832 2229 923 2284; x_wconf 79' lang='lat' dir='ltr'><strong>alii</strong></span> <span class='ocrx_word' id='word_1_275' title='bbox 954 2245 1140 2286; x_wconf 90' lang='lat' dir='ltr'><strong>rerum</strong></span> <span class='ocrx_word' id='word_1_276' title='bbox 1190 2231 1245 2286; x_wconf 89' lang='lat' dir='ltr'><strong>in</strong></span> <span class='ocrx_word' id='word_1_277' title='bbox 1286 2233 1396 2286; x_wconf 83' lang='lat' dir='ltr'><strong>vita</strong></span> <span class='ocrx_word' id='word_1_278' title='bbox 1436 2241 1711 2303; x_wconf 88' lang='lat' dir='ltr'><strong>gestarum</strong></span> <span class='ocrx_word' id='word_1_279' title='bbox 1759 2233 2001 2286; x_wconf 84' lang='lat' dir='ltr'><strong>retribu-</strong></span> 
     </span>
    </p>
   </div>
   <div class='ocr_carea' id='block_1_37' title="bbox 435 2321 2006 2394">
    <p class='ocr_par' dir='ltr' id='par_1_37' title="bbox 435 2321 2006 2394">
     <span class='ocr_line' id='line_1_37' title="bbox 435 2321 2006 2394; baseline 0.001 -20"><span class='ocrx_word' id='word_1_280' title='bbox 435 2321 613 2374; x_wconf 83' lang='lat' dir='ltr'><strong>tiones</strong></span> <span class='ocrx_word' id='word_1_281' title='bbox 634 2321 978 2384; x_wconf 76' lang='lat' dir='ltr'><strong>somnia&#39;rint,</strong></span> <span class='ocrx_word' id='word_1_282' title='bbox 997 2333 1052 2378; x_wconf 90' lang='lat' dir='ltr'><strong>et</strong></span> <span class='ocrx_word' id='word_1_283' title='bbox 1073 2323 1381 2389; x_wconf 83' lang='lat' dir='ltr'><strong>horribilia,</strong></span> <span class='ocrx_word' id='word_1_284' title='bbox 1399 2334 1664 2394; x_wconf 90' lang='lat' dir='ltr'><strong>quantum</strong></span> <span class='ocrx_word' id='word_1_285' title='bbox 1681 2327 1901 2378; x_wconf 82' lang='lat' dir='ltr'><strong>valuere</strong></span> <span class='ocrx_word' id='word_1_286' title='bbox 1923 2323 2006 2376; x_wconf 86' lang='lat' dir='ltr'><strong>di-</strong></span> 
     </span>
    </p>
   </div>
   <div class='ocr_carea' id='block_1_38' title="bbox 434 2411 2004 2484">
    <p class='ocr_par' dir='ltr' id='par_1_38' title="bbox 434 2411 2004 2484">
     <span class='ocr_line' id='line_1_38' title="bbox 434 2411 2004 2484; baseline 0.001 -21"><span class='ocrx_word' id='word_1_287' title='bbox 434 2411 627 2474; x_wconf 88' lang='lat' dir='ltr'><strong>cendo,</strong></span> <span class='ocrx_word' id='word_1_288' title='bbox 643 2411 1038 2480; x_wconf 84' lang='lat' dir='ltr'><strong>suppliciorum</strong></span> <span class='ocrx_word' id='word_1_289' title='bbox 1057 2414 1175 2468; x_wconf 86' lang='lat' dir='ltr'><strong>loca</strong></span> <span class='ocrx_word' id='word_1_290' title='bbox 1198 2415 1557 2484; x_wconf 81' lang='lat' dir='ltr'><strong>designarint,</strong></span> <span class='ocrx_word' id='word_1_291' title='bbox 1574 2431 1642 2469; x_wconf 88' lang='lat' dir='ltr'><strong>ne</strong></span> <span class='ocrx_word' id='word_1_292' title='bbox 1659 2415 1770 2468; x_wconf 69' lang='lat' dir='ltr'><strong>htec</strong></span> <span class='ocrx_word' id='word_1_293' title='bbox 1785 2414 2004 2482; x_wconf 83' lang='lat' dir='ltr'><strong>quidem</strong></span> 
     </span>
    </p>
   </div>
   <div class='ocr_carea' id='block_1_39' title="bbox 434 2501 2005 2574">
    <p class='ocr_par' dir='ltr' id='par_1_39' title="bbox 434 2501 2005 2574">
     <span class='ocr_line' id='line_1_39' title="bbox 434 2501 2005 2574; baseline -0.001 -19"><span class='ocrx_word' id='word_1_294' title='bbox 434 2501 634 2556; x_wconf 78' lang='lat' dir='ltr'><strong>fabulis</strong></span> <span class='ocrx_word' id='word_1_295' title='bbox 654 2503 827 2556; x_wconf 89' lang='lat' dir='ltr'><strong>libera</strong></span> <span class='ocrx_word' id='word_1_296' title='bbox 849 2504 1247 2572; x_wconf 83' lang='lat' dir='ltr'><strong>relinquentes,</strong></span> <span class='ocrx_word' id='word_1_297' title='bbox 1266 2521 1331 2559; x_wconf 82' lang='lat' dir='ltr'><strong>ex</strong></span> <span class='ocrx_word' id='word_1_298' title='bbox 1356 2506 1423 2560; x_wconf 92' lang='lat' dir='ltr'><strong>iis</strong></span> <span class='ocrx_word' id='word_1_299' title='bbox 1444 2521 1566 2574; x_wconf 68' lang='lat' dir='ltr'><strong>qua:</strong></span> <span class='ocrx_word' id='word_1_300' title='bbox 1583 2505 1838 2574; x_wconf 86' lang='lat' dir='ltr'><strong>superius</strong></span> <span class='ocrx_word' id='word_1_301' title='bbox 1863 2503 2005 2557; x_wconf 78' lang='lat' dir='ltr'><strong>dixi-</strong></span> 
     </span>
    </p>
   </div>
   <div class='ocr_carea' id='block_1_40' title="bbox 435 2586 2007 2660">
    <p class='ocr_par' dir='ltr' id='par_1_40' title="bbox 435 2586 2007 2660">
     <span class='ocr_line' id='line_1_40' title="bbox 435 2586 2007 2660; baseline -0.003 -16"><span class='ocrx_word' id='word_1_302' title='bbox 435 2605 555 2644; x_wconf 88' lang='lat' dir='ltr'><strong>mus</strong></span> <span class='ocrx_word' id='word_1_303' title='bbox 580 2591 924 2660; x_wconf 84' lang='lat' dir='ltr'><strong>percepistis.</strong></span> <span class='ocrx_word' id='word_1_304' title='bbox 945 2591 1182 2659; x_wconf 84' lang='lat' dir='ltr'><strong>Tempus</strong></span> <span class='ocrx_word' id='word_1_305' title='bbox 1195 2591 1305 2660; x_wconf 86' lang='lat' dir='ltr'><strong>jam</strong></span> <span class='ocrx_word' id='word_1_306' title='bbox 1324 2599 1427 2654; x_wconf 86' lang='lat' dir='ltr'><strong>est,</strong></span> <span class='ocrx_word' id='word_1_307' title='bbox 1446 2598 1503 2645; x_wconf 91' lang='lat' dir='ltr'><strong>ut</strong></span> <span class='ocrx_word' id='word_1_308' title='bbox 1524 2591 1635 2644; x_wconf 92' lang='lat' dir='ltr'><strong>Deo</strong></span> <span class='ocrx_word' id='word_1_309' title='bbox 1654 2586 2007 2657; x_wconf 82' lang='lat' dir='ltr'><strong>congruentia</strong></span> 
     </span>
    </p>
   </div>
   <div class='ocr_carea' id='block_1_41' title="bbox 436 2674 2006 2746">
    <p class='ocr_par' dir='ltr' id='par_1_41' title="bbox 436 2674 2006 2746">
     <span class='ocr_line' id='line_1_41' title="bbox 436 2674 2006 2746; baseline -0.002 -17"><span class='ocrx_word' id='word_1_310' title='bbox 436 2691 718 2731; x_wconf 87' lang='lat' dir='ltr'><strong>sacrorum</strong></span> <span class='ocrx_word' id='word_1_311' title='bbox 765 2675 1182 2746; x_wconf 85' lang='lat' dir='ltr'><strong>Evangeliorum</strong></span> <span class='ocrx_word' id='word_1_312' title='bbox 1233 2678 1483 2746; x_wconf 82' lang='lat' dir='ltr'><strong>dogmata</strong></span> <span class='ocrx_word' id='word_1_313' title='bbox 1538 2674 2006 2744; x_wconf 89' lang='lat' dir='ltr'><strong>contemplemini.</strong></span> 
     </span>
    </p>
   </div>
   <div class='ocr_carea' id='block_1_42' title="bbox 437 2761 2005 2834">
    <p class='ocr_par' dir='ltr' id='par_1_42' title="bbox 437 2761 2005 2834">
     <span class='ocr_line' id='line_1_42' title="bbox 437 2761 2005 2834; baseline 0 -17"><span class='ocrx_word' id='word_1_314' title='bbox 437 2761 657 2819; x_wconf 90' lang='lat' dir='ltr'><strong>initium</strong></span> <span class='ocrx_word' id='word_1_315' title='bbox 687 2781 815 2834; x_wconf 84' lang='lat' dir='ltr'><strong>ergo</strong></span> <span class='ocrx_word' id='word_1_316' title='bbox 846 2765 1115 2819; x_wconf 86' lang='lat' dir='ltr'><strong>bonorum</strong></span> <span class='ocrx_word' id='word_1_317' title='bbox 1148 2781 1266 2820; x_wconf 90' lang='lat' dir='ltr'><strong>esse</strong></span> <span class='ocrx_word' id='word_1_318' title='bbox 1297 2766 1451 2820; x_wconf 90' lang='lat' dir='ltr'><strong>aiunt</strong></span> <span class='ocrx_word' id='word_1_319' title='bbox 1480 2765 1808 2819; x_wconf 88' lang='lat' dir='ltr'><strong>laudabilem</strong></span> <span class='ocrx_word' id='word_1_320' title='bbox 1843 2764 2005 2818; x_wconf 46' lang='lat' dir='ltr'><strong>timor</strong></span> 
     </span>
    </p>
   </div>
   <div class='ocr_carea' id='block_1_43' title="bbox 440 2854 2004 2925">
    <p class='ocr_par' dir='ltr' id='par_1_43' title="bbox 440 2854 2004 2925">
     <span class='ocr_line' id='line_1_43' title="bbox 440 2854 2004 2925; baseline 0 -20"><span class='ocrx_word' id='word_1_321' title='bbox 440 2869 554 2907; x_wconf 89' lang='lat' dir='ltr'><strong>rem</strong></span> <span class='ocrx_word' id='word_1_322' title='bbox 575 2856 670 2908; x_wconf 89' lang='lat' dir='ltr'><strong>Dei</strong></span> <span class='ocrx_word' id='word_1_323' title='bbox 695 2873 707 2907; x_wconf 91' lang='lat'>:</span> <span class='ocrx_word' id='word_1_324' title='bbox 745 2875 762 2904; x_wconf 88' lang='grc'><strong><em>‹</em></strong></span> <span class='ocrx_word' id='word_1_325' title='bbox 787 2855 1006 2909; x_wconf 88' lang='lat' dir='ltr'><strong>initium</strong></span> <span class='ocrx_word' id='word_1_326' title='bbox 1035 2857 1181 2909; x_wconf 85' lang='lat' dir='ltr'><strong>enim</strong></span> <span class='ocrx_word' id='word_1_327' title='bbox 1214 2857 1496 2925; x_wconf 73' lang='lat' dir='ltr'><strong>sapientia:</strong></span> <span class='ocrx_word' id='word_1_328' title='bbox 1525 2857 1689 2910; x_wconf 88' lang='lat' dir='ltr'><strong>timor</strong></span> <span class='ocrx_word' id='word_1_329' title='bbox 1720 2854 1960 2921; x_wconf 91' lang='lat' dir='ltr'><strong>Domini,</strong></span> <span class='ocrx_word' id='word_1_330' title='bbox 1988 2873 2004 2904; x_wconf 73' lang='grc' dir='ltr'><strong>ι</strong></span> 
     </span>
    </p>
   </div>
   <div class='ocr_carea' id='block_1_44' title="bbox 439 2943 2010 3015">
    <p class='ocr_par' dir='ltr' id='par_1_44' title="bbox 439 2943 2010 3015">
     <span class='ocr_line' id='line_1_44' title="bbox 439 2943 2010 3015; baseline 0.003 -19"><span class='ocrx_word' id='word_1_331' title='bbox 439 2952 500 2997; x_wconf 93' lang='lat' dir='ltr'><strong>ut</strong></span> <span class='ocrx_word' id='word_1_332' title='bbox 547 2943 802 2998; x_wconf 90' lang='lat' dir='ltr'><strong>Salomon</strong></span> <span class='ocrx_word' id='word_1_333' title='bbox 847 2954 902 2999; x_wconf 93' lang='lat' dir='ltr'><strong>et</strong></span> <span class='ocrx_word' id='word_1_334' title='bbox 945 2947 1063 3015; x_wconf 84' lang='lat' dir='ltr'><strong>ejus</strong></span> <span class='ocrx_word' id='word_1_335' title='bbox 1110 2957 1266 3015; x_wconf 88' lang='lat' dir='ltr'><strong>pater</strong></span> <span class='ocrx_word' id='word_1_336' title='bbox 1303 2947 1531 3010; x_wconf 88' lang='lat' dir='ltr'><strong>docent;</strong></span> <span class='ocrx_word' id='word_1_337' title='bbox 1576 2944 1604 2983; x_wconf 67' lang='grc' dir='ltr'>ιι</span> <span class='ocrx_word' id='word_1_338' title='bbox 1639 2946 1802 3000; x_wconf 83' lang='lat' dir='ltr'><strong>ﬁnem</strong></span> <span class='ocrx_word' id='word_1_339' title='bbox 1844 2961 2010 3009; x_wconf 86' lang='lat' dir='ltr'><strong>vero,</strong></span> 
     </span>
    </p>
   </div>
   <div class='ocr_carea' id='block_1_45' title="bbox 439 3033 2011 3106">
    <p class='ocr_par' dir='ltr' id='par_1_45' title="bbox 439 3033 2011 3106">
     <span class='ocr_line' id='line_1_45' title="bbox 439 3033 2011 3106; baseline 0.003 -22"><span class='ocrx_word' id='word_1_340' title='bbox 439 3034 608 3086; x_wconf 86' lang='lat' dir='ltr'><strong>vitam</strong></span> <span class='ocrx_word' id='word_1_341' title='bbox 629 3034 830 3088; x_wconf 81' lang='lat' dir='ltr'><strong>divinis</strong></span> <span class='ocrx_word' id='word_1_342' title='bbox 850 3036 1061 3104; x_wconf 79' lang='lat' dir='ltr'><strong>legibus</strong></span> <span class='ocrx_word' id='word_1_343' title='bbox 1080 3037 1348 3090; x_wconf 79' lang='lat' dir='ltr'><strong>excultam</strong></span> <span class='ocrx_word' id='word_1_344' title='bbox 1371 3054 1382 3089; x_wconf 88' lang='lat'>:</span> <span class='ocrx_word' id='word_1_345' title='bbox 1417 3057 1432 3086; x_wconf 84' lang='grc' dir='ltr'><strong>ι</strong></span> <span class='ocrx_word' id='word_1_346' title='bbox 1457 3037 1605 3091; x_wconf 87' lang='lat' dir='ltr'><strong>Beati</strong></span> <span class='ocrx_word' id='word_1_347' title='bbox 1630 3033 1798 3099; x_wconf 85' lang='lat' dir='ltr'><strong>enim,</strong></span> <span class='ocrx_word' id='word_1_348' title='bbox 1814 3036 2011 3106; x_wconf 86' lang='lat' dir='ltr'><strong>inquit,</strong></span> 
     </span>
    </p>
   </div>
   <div class='ocr_carea' id='block_1_46' title="bbox 439 3121 2014 3195">
    <p class='ocr_par' dir='ltr' id='par_1_46' title="bbox 439 3121 2014 3195">
     <span class='ocr_line' id='line_1_46' title="bbox 439 3121 2014 3195; baseline 0.004 -22"><span class='ocrx_word' id='word_1_349' title='bbox 439 3121 771 3174; x_wconf 87' lang='lat' dir='ltr'><strong>immaculati</strong></span> <span class='ocrx_word' id='word_1_350' title='bbox 792 3123 844 3174; x_wconf 90' lang='lat' dir='ltr'><strong>in</strong></span> <span class='ocrx_word' id='word_1_351' title='bbox 871 3124 978 3186; x_wconf 76' lang='lat' dir='ltr'><strong>via,</strong></span> <span class='ocrx_word' id='word_1_352' title='bbox 993 3125 1084 3192; x_wconf 91' lang='lat' dir='ltr'><strong>qui</strong></span> <span class='ocrx_word' id='word_1_353' title='bbox 1102 3125 1383 3180; x_wconf 87' lang='lat' dir='ltr'><strong>ambulant</strong></span> <span class='ocrx_word' id='word_1_354' title='bbox 1404 3126 1455 3181; x_wconf 86' lang='lat' dir='ltr'><strong>in</strong></span> <span class='ocrx_word' id='word_1_355' title='bbox 1477 3127 1593 3195; x_wconf 83' lang='lat' dir='ltr'><strong>lege</strong></span> <span class='ocrx_word' id='word_1_356' title='bbox 1605 3126 1838 3180; x_wconf 91' lang='lat' dir='ltr'><strong>Domini.</strong></span> <span class='ocrx_word' id='word_1_357' title='bbox 1865 3126 2014 3180; x_wconf 86' lang='lat' dir='ltr'><strong>Beati</strong></span> 
     </span>
    </p>
   </div>
   <div class='ocr_carea' id='block_1_47' title="bbox 2180 1853 3678 1928">
    <p class='ocr_par' dir='ltr' id='par_1_47' title="bbox 2180 1853 3678 1928">
     <span class='ocr_line' id='line_1_47' title="bbox 2180 1853 3678 1928; baseline -0.004 -14"><span class='ocrx_word' id='word_1_358' title='bbox 2180 1863 2368 1914; x_wconf 81' lang='grc' dir='ltr'>Ὀττοϊα</span> <span class='ocrx_word' id='word_1_359' title='bbox 2427 1859 2524 1928; x_wconf 76' lang='grc' dir='ltr'><strong>μὲν</strong></span> <span class='ocrx_word' id='word_1_360' title='bbox 2567 1853 2660 1911; x_wconf 84' lang='grc' dir='ltr'><strong>οῦν</strong></span> <span class='ocrx_word' id='word_1_361' title='bbox 2691 1857 2798 1911; x_wconf 88' lang='grc' dir='ltr'><strong>τῶν</strong></span> <span class='ocrx_word' id='word_1_362' title='bbox 2832 1857 3136 1925; x_wconf 72' lang='grc' dir='ltr'>φιλοσόφων</span> <span class='ocrx_word' id='word_1_363' title='bbox 3183 1855 3251 1908; x_wconf 82' lang='grc' dir='ltr'><strong>τά</strong></span> <span class='ocrx_word' id='word_1_364' title='bbox 3276 1856 3547 1924; x_wconf 63' lang='grc' dir='ltr'>δόγματα,</span> <span class='ocrx_word' id='word_1_365' title='bbox 3583 1857 3678 1908; x_wconf 70' lang='grc' dir='ltr'><strong>καὶ</strong></span> 
     </span>
    </p>
   </div>
   <div class='ocr_carea' id='block_1_48' title="bbox 2104 1945 3680 2019">
    <p class='ocr_par' dir='ltr' id='par_1_48' title="bbox 2104 1945 3680 2019">
     <span class='ocr_line' id='line_1_48' title="bbox 2104 1945 3680 2019; baseline -0.003 -18"><span class='ocrx_word' id='word_1_366' title='bbox 2104 1952 2177 2013; x_wconf 83' lang='grc' dir='ltr'>ὼς</span> <span class='ocrx_word' id='word_1_367' title='bbox 2209 1953 2257 2003; x_wconf 78' lang='grc' dir='ltr'><strong>οἱ</strong></span> <span class='ocrx_word' id='word_1_368' title='bbox 2289 1951 2386 2019; x_wconf 84' lang='grc' dir='ltr'>μὲν</span> <span class='ocrx_word' id='word_1_369' title='bbox 2415 1948 2594 2000; x_wconf 75' lang='grc' dir='ltr'>αὐτῶν</span> <span class='ocrx_word' id='word_1_370' title='bbox 2627 1951 2692 2017; x_wconf 79' lang='grc' dir='ltr'>τῇ</span> <span class='ocrx_word' id='word_1_371' title='bbox 2729 1950 2925 2017; x_wconf 73' lang='grc' dir='ltr'>γαστρὶ</span> <span class='ocrx_word' id='word_1_372' title='bbox 2947 1948 3044 2015; x_wconf 78' lang='grc' dir='ltr'>τὴν</span> <span class='ocrx_word' id='word_1_373' title='bbox 3073 1947 3412 2019; x_wconf 63' lang='grc' dir='ltr'>εὐδαιμονίαν</span> <span class='ocrx_word' id='word_1_374' title='bbox 3444 1945 3680 2014; x_wconf 77' lang='grc' dir='ltr'>ἐμέτρη-</span> 
     </span>
    </p>
   </div>
   <div class='ocr_carea' id='block_1_49' title="bbox 2108 2016 3680 2106">
    <p class='ocr_par' dir='ltr' id='par_1_49' title="bbox 2108 2016 3680 2106">
     <span class='ocr_line' id='line_1_49' title="bbox 2108 2016 3680 2106; baseline -0.006 -14"><span class='ocrx_word' id='word_1_375' title='bbox 2108 2057 2226 2100; x_wconf 88' lang='grc' dir='ltr'>σαν,</span> <span class='ocrx_word' id='word_1_376' title='bbox 2257 2041 2305 2092; x_wconf 72' lang='grc' dir='ltr'>οἱ</span> <span class='ocrx_word' id='word_1_377' title='bbox 2333 2037 2388 2090; x_wconf 83' lang='grc' dir='ltr'>δὲ</span> <span class='ocrx_word' id='word_1_378' title='bbox 2422 2038 2513 2088; x_wconf 76' lang='grc' dir='ltr'>καὶ</span> <span class='ocrx_word' id='word_1_379' title='bbox 2544 2037 2886 2106; x_wconf 78' lang='grc' dir='ltr'>τελειοτέρων</span> <span class='ocrx_word' id='word_1_380' title='bbox 2907 2034 3110 2103; x_wconf 73' lang='grc' dir='ltr'>ἥψαντο</span> <span class='ocrx_word' id='word_1_381' title='bbox 3141 2016 3459 2100; x_wconf 60' lang='grc' dir='ltr'>λόγιιιν,”καὶ</span> <span class='ocrx_word' id='word_1_382' title='bbox 3495 2036 3543 2084; x_wconf 85' lang='lat' dir='ltr'><strong>ol</strong></span> <span class='ocrx_word' id='word_1_383' title='bbox 3581 2034 3680 2102; x_wconf 74' lang='grc' dir='ltr'><strong>μὲν</strong></span> 
     </span>
    </p>
   </div>
   <div class='ocr_carea' id='block_1_50' title="bbox 2112 2119 3680 2199">
    <p class='ocr_par' dir='ltr' id='par_1_50' title="bbox 2112 2119 3680 2199">
     <span class='ocr_line' id='line_1_50' title="bbox 2112 2119 3680 2199; baseline -0.003 -20"><span class='ocrx_word' id='word_1_384' title='bbox 2112 2129 2268 2199; x_wconf 78' lang='grc' dir='ltr'>μέχρι</span> <span class='ocrx_word' id='word_1_385' title='bbox 2295 2127 2402 2178; x_wconf 83' lang='grc' dir='ltr'><strong>τῶν</strong></span> <span class='ocrx_word' id='word_1_386' title='bbox 2445 2125 2628 2194; x_wconf 85' lang='grc' dir='ltr'>τάφων</span> <span class='ocrx_word' id='word_1_387' title='bbox 2667 2127 2920 2194; x_wconf 73' lang='grc' dir='ltr'>ἐνόμισαν</span> <span class='ocrx_word' id='word_1_388' title='bbox 2954 2119 3090 2176; x_wconf 80' lang='grc' dir='ltr'>εἶναι</span> <span class='ocrx_word' id='word_1_389' title='bbox 3133 2124 3236 2176; x_wconf 87' lang='grc' dir='ltr'><strong>τῶν</strong></span> <span class='ocrx_word' id='word_1_390' title='bbox 3261 2123 3560 2195; x_wconf 83' lang='grc' dir='ltr'>ἀνθρώπων</span> <span class='ocrx_word' id='word_1_391' title='bbox 3588 2123 3680 2175; x_wconf 84' lang='grc' dir='ltr'>τὸν</span> 
     </span>
    </p>
   </div>
   <div class='ocr_carea' id='block_1_51' title="bbox 2111 2213 3680 2290">
    <p class='ocr_par' dir='ltr' id='par_1_51' title="bbox 2111 2213 3680 2290">
     <span class='ocr_line' id='line_1_51' title="bbox 2111 2213 3680 2290; baseline -0.002 -20"><span class='ocrx_word' id='word_1_392' title='bbox 2111 2220 2242 2290; x_wconf 78' lang='grc' dir='ltr'>βίον,</span> <span class='ocrx_word' id='word_1_393' title='bbox 2276 2219 2326 2270; x_wconf 88' lang='grc' dir='ltr'>οἱ</span> <span class='ocrx_word' id='word_1_394' title='bbox 2367 2217 2422 2270; x_wconf 78' lang='grc' dir='ltr'>δὲ</span> <span class='ocrx_word' id='word_1_395' title='bbox 2460 2219 2553 2270; x_wconf 76' lang='grc' dir='ltr'><strong>καὶ</strong></span> <span class='ocrx_word' id='word_1_396' title='bbox 2585 2218 2682 2278; x_wconf 75' lang='grc' dir='ltr'><strong>τὰς</strong></span> <span class='ocrx_word' id='word_1_397' title='bbox 2711 2217 2817 2268; x_wconf 87' lang='grc' dir='ltr'><strong>τῶν</strong></span> <span class='ocrx_word' id='word_1_398' title='bbox 2853 2215 3197 2284; x_wconf 77' lang='grc' dir='ltr'>βεϐιωμένων</span> <span class='ocrx_word' id='word_1_399' title='bbox 3235 2213 3680 2284; x_wconf 76' lang='grc' dir='ltr'>ὡνειροπὸλησαν</span> 
     </span>
    </p>
   </div>
   <div class='ocr_carea' id='block_1_52' title="bbox 2111 2305 3681 2376">
    <p class='ocr_par' dir='ltr' id='par_1_52' title="bbox 2111 2305 3681 2376">
     <span class='ocr_line' id='line_1_52' title="bbox 2111 2305 3681 2376; baseline -0.007 -10"><span class='ocrx_word' id='word_1_400' title='bbox 2111 2313 2420 2373; x_wconf 75' lang='grc' dir='ltr'>ἀντιδίσεις,</span> <span class='ocrx_word' id='word_1_401' title='bbox 2454 2312 2547 2362; x_wconf 71' lang='grc' dir='ltr'><strong>καὶ</strong></span> <span class='ocrx_word' id='word_1_402' title='bbox 2577 2308 2877 2371; x_wconf 80' lang='grc' dir='ltr'>ὑπέδειξαν,</span> <span class='ocrx_word' id='word_1_403' title='bbox 2903 2307 2977 2368; x_wconf 78' lang='grc' dir='ltr'>ὡς</span> <span class='ocrx_word' id='word_1_404' title='bbox 3001 2307 3125 2376; x_wconf 76' lang='grc' dir='ltr'>ἐνῆν</span> <span class='ocrx_word' id='word_1_405' title='bbox 3153 2306 3229 2375; x_wconf 80' lang='grc' dir='ltr'><strong>τῷ</strong></span> <span class='ocrx_word' id='word_1_406' title='bbox 3261 2306 3426 2374; x_wconf 72' lang='grc' dir='ltr'>λόγῳ,</span> <span class='ocrx_word' id='word_1_407' title='bbox 3455 2305 3524 2358; x_wconf 72' lang='grc' dir='ltr'><strong>τὰ</strong></span> <span class='ocrx_word' id='word_1_408' title='bbox 3555 2305 3681 2374; x_wconf 74' lang='grc' dir='ltr'>φρε-</span> 
     </span>
    </p>
   </div>
   <div class='ocr_carea' id='block_1_53' title="bbox 2112 2396 3682 2472">
    <p class='ocr_par' dir='ltr' id='par_1_53' title="bbox 2112 2396 3682 2472">
     <span class='ocr_line' id='line_1_53' title="bbox 2112 2396 3682 2472; baseline -0.006 -17"><span class='ocrx_word' id='word_1_409' title='bbox 2112 2421 2211 2472; x_wconf 76' lang='grc' dir='ltr'>κης</span> <span class='ocrx_word' id='word_1_410' title='bbox 2261 2403 2496 2470; x_wconf 79' lang='grc' dir='ltr'>γέμοντα</span> <span class='ocrx_word' id='word_1_411' title='bbox 2543 2399 2893 2468; x_wconf 71' lang='grc' dir='ltr'>κολαστήρια,</span> <span class='ocrx_word' id='word_1_412' title='bbox 2944 2398 3063 2450; x_wconf 75' lang='grc' dir='ltr'>οὐδὲ</span> <span class='ocrx_word' id='word_1_413' title='bbox 3110 2397 3280 2448; x_wconf 85' lang='grc' dir='ltr'>ταῦτα</span> <span class='ocrx_word' id='word_1_414' title='bbox 3336 2397 3440 2448; x_wconf 86' lang='grc' dir='ltr'><strong>τῶν</strong></span> <span class='ocrx_word' id='word_1_415' title='bbox 3495 2396 3682 2465; x_wconf 81' lang='grc' dir='ltr'>μύθων</span> 
     </span>
    </p>
   </div>
   <div class='ocr_carea' id='block_1_54' title="bbox 2113 2484 3681 2559">
    <p class='ocr_par' dir='ltr' id='par_1_54' title="bbox 2113 2484 3681 2559">
     <span class='ocr_line' id='line_1_54' title="bbox 2113 2484 3681 2559; baseline -0.004 -14"><span class='ocrx_word' id='word_1_416' title='bbox 2113 2492 2558 2552; x_wconf 78' lang='grc' dir='ltr'>καταλελοιπὸτες</span> <span class='ocrx_word' id='word_1_417' title='bbox 2586 2490 2859 2559; x_wconf 79' lang='grc' dir='ltr'>ἐλεύθερα,</span> <span class='ocrx_word' id='word_1_418' title='bbox 2889 2489 2955 2540; x_wconf 77' lang='grc' dir='ltr'>δι’</span> <span class='ocrx_word' id='word_1_419' title='bbox 2987 2484 3060 2540; x_wconf 84' lang='grc' dir='ltr'>ὧν</span> <span class='ocrx_word' id='word_1_420' title='bbox 3089 2490 3387 2558; x_wconf 83' lang='grc' dir='ltr'>εἰρήκαμεν</span> <span class='ocrx_word' id='word_1_421' title='bbox 3428 2488 3681 2557; x_wconf 84' lang='grc' dir='ltr'>μεμαθή-</span> 
     </span>
    </p>
   </div>
   <div class='ocr_carea' id='block_1_55' title="bbox 2115 2579 3681 2652">
    <p class='ocr_par' dir='ltr' id='par_1_55' title="bbox 2115 2579 3681 2652">
     <span class='ocr_line' id='line_1_55' title="bbox 2115 2579 3681 2652; baseline -0.004 -16"><span class='ocrx_word' id='word_1_422' title='bbox 2115 2601 2267 2638; x_wconf 85' lang='grc' dir='ltr'>κατε.</span> <span class='ocrx_word' id='word_1_423' title='bbox 2295 2584 2432 2652; x_wconf 81' lang='grc' dir='ltr'>Ὦρα</span> <span class='ocrx_word' id='word_1_424' title='bbox 2482 2581 2536 2632; x_wconf 86' lang='grc' dir='ltr'><strong>δὲ</strong></span> <span class='ocrx_word' id='word_1_425' title='bbox 2579 2580 2725 2652; x_wconf 78' lang='lat'><strong>[160]</strong></span> <span class='ocrx_word' id='word_1_426' title='bbox 2769 2579 2951 2632; x_wconf 71' lang='grc' dir='ltr'>λοιπὸν</span> <span class='ocrx_word' id='word_1_427' title='bbox 2985 2580 3125 2648; x_wconf 76' lang='grc' dir='ltr'>ὑμᾶς</span> <span class='ocrx_word' id='word_1_428' title='bbox 3166 2581 3259 2631; x_wconf 73' lang='grc' dir='ltr'><strong>καὶ</strong></span> <span class='ocrx_word' id='word_1_429' title='bbox 3301 2580 3369 2632; x_wconf 78' lang='grc' dir='ltr'>τὰ</span> <span class='ocrx_word' id='word_1_430' title='bbox 3402 2579 3681 2649; x_wconf 79' lang='grc' dir='ltr'><strong>θεοπρεπῆ</strong></span> 
     </span>
    </p>
   </div>
   <div class='ocr_carea' id='block_1_56' title="bbox 2115 2672 3683 2744">
    <p class='ocr_par' dir='ltr' id='par_1_56' title="bbox 2115 2672 3683 2744">
     <span class='ocr_line' id='line_1_56' title="bbox 2115 2672 3683 2744; baseline -0.004 -15"><span class='ocrx_word' id='word_1_431' title='bbox 2115 2677 2221 2730; x_wconf 86' lang='grc' dir='ltr'><strong>τῶν</strong></span> <span class='ocrx_word' id='word_1_432' title='bbox 2258 2675 2414 2744; x_wconf 80' lang='grc' dir='ltr'>ἱερῶν</span> <span class='ocrx_word' id='word_1_433' title='bbox 2439 2673 2780 2740; x_wconf 79' lang='grc' dir='ltr'>Εὐαγγελίων</span> <span class='ocrx_word' id='word_1_434' title='bbox 2803 2672 2848 2703; x_wconf 70' lang='grc' dir='ltr'>θ’</span> <span class='ocrx_word' id='word_1_435' title='bbox 2877 2672 3117 2739; x_wconf 73' lang='grc' dir='ltr'>δόγματα</span> <span class='ocrx_word' id='word_1_436' title='bbox 3149 2672 3441 2741; x_wconf 77' lang='grc' dir='ltr'>θεωρῆσαι.</span> <span class='ocrx_word' id='word_1_437' title='bbox 3485 2672 3683 2742; x_wconf 78' lang='grc' dir='ltr'>Ἀρχὴν</span> 
     </span>
    </p>
   </div>
   <div class='ocr_carea' id='block_1_57' title="bbox 2117 2759 3684 2834">
    <p class='ocr_par' dir='ltr' id='par_1_57' title="bbox 2117 2759 3684 2834">
     <span class='ocr_line' id='line_1_57' title="bbox 2117 2759 3684 2834; baseline -0.004 -12"><span class='ocrx_word' id='word_1_438' title='bbox 2117 2769 2290 2822; x_wconf 70' lang='grc' dir='ltr'>τοίνυν</span> <span class='ocrx_word' id='word_1_439' title='bbox 2311 2768 2417 2819; x_wconf 82' lang='grc' dir='ltr'><strong>τῶν</strong></span> <span class='ocrx_word' id='word_1_440' title='bbox 2449 2765 2665 2834; x_wconf 81' lang='grc' dir='ltr'>ἀγαθῶν</span> <span class='ocrx_word' id='word_1_441' title='bbox 2695 2760 2836 2818; x_wconf 78' lang='grc' dir='ltr'>οὗτοί</span> <span class='ocrx_word' id='word_1_442' title='bbox 2869 2779 2932 2831; x_wconf 90' lang='grc' dir='ltr'><strong>γε</strong></span> <span class='ocrx_word' id='word_1_443' title='bbox 2976 2759 3112 2816; x_wconf 84' lang='grc' dir='ltr'><strong>εἶναί</strong></span> <span class='ocrx_word' id='word_1_444' title='bbox 3140 2782 3269 2832; x_wconf 78' lang='grc' dir='ltr'>φασι</span> <span class='ocrx_word' id='word_1_445' title='bbox 3302 2765 3392 2818; x_wconf 71' lang='grc' dir='ltr'>τὸν</span> <span class='ocrx_word' id='word_1_446' title='bbox 3426 2765 3684 2817; x_wconf 71' lang='grc' dir='ltr'>ἐπαινοῦ-</span> 
     </span>
    </p>
   </div>
   <div class='ocr_carea' id='block_1_58' title="bbox 2123 2857 3673 2931">
    <p class='ocr_par' dir='ltr' id='par_1_58' title="bbox 2123 2857 3673 2931">
     <span class='ocr_line' id='line_1_58' title="bbox 2123 2857 3673 2931; baseline -0.005 -17"><span class='ocrx_word' id='word_1_447' title='bbox 2123 2879 2277 2931; x_wconf 88' lang='grc' dir='ltr'>μενον</span> <span class='ocrx_word' id='word_1_448' title='bbox 2308 2860 2488 2927; x_wconf 71' lang='grc' dir='ltr'>φόϐον·</span> <span class='ocrx_word' id='word_1_449' title='bbox 2525 2879 2542 2910; x_wconf 84' lang='grc' dir='ltr'><strong>ι</strong></span> <span class='ocrx_word' id='word_1_450' title='bbox 2584 2858 2748 2928; x_wconf 67' lang='grc' dir='ltr'>Ἀρχὴ</span> <span class='ocrx_word' id='word_1_451' title='bbox 2777 2859 2880 2926; x_wconf 72' lang='grc' dir='ltr'><strong>γάρ</strong></span> <span class='ocrx_word' id='word_1_452' title='bbox 2935 2857 3143 2925; x_wconf 73' lang='grc' dir='ltr'>σοφίας,</span> <span class='ocrx_word' id='word_1_453' title='bbox 3197 2857 3358 2924; x_wconf 71' lang='grc' dir='ltr'>φόϐος</span> <span class='ocrx_word' id='word_1_454' title='bbox 3397 2857 3619 2926; x_wconf 75' lang='grc' dir='ltr'>Κυρίου,</span> <span class='ocrx_word' id='word_1_455' title='bbox 3657 2875 3673 2906; x_wconf 76' lang='grc' dir='ltr'><strong>ι</strong></span> 
     </span>
    </p>
   </div>
   <div class='ocr_carea' id='block_1_59' title="bbox 2121 2946 3684 3018">
    <p class='ocr_par' dir='ltr' id='par_1_59' title="bbox 2121 2946 3684 3018">
     <span class='ocr_line' id='line_1_59' title="bbox 2121 2946 3684 3018; baseline -0.004 -14"><span class='ocrx_word' id='word_1_456' title='bbox 2121 2951 2262 3004; x_wconf 85' lang='grc' dir='ltr'>κατά</span> <span class='ocrx_word' id='word_1_457' title='bbox 2282 2967 2343 3016; x_wconf 86' lang='grc' dir='ltr'><strong>γε</strong></span> <span class='ocrx_word' id='word_1_458' title='bbox 2365 2950 2454 3002; x_wconf 72' lang='grc' dir='ltr'>τὸν</span> <span class='ocrx_word' id='word_1_459' title='bbox 2482 2947 2799 3018; x_wconf 87' lang='grc' dir='ltr'>Σολομῶντα</span> <span class='ocrx_word' id='word_1_460' title='bbox 2829 2949 2922 3000; x_wconf 74' lang='grc' dir='ltr'><strong>καὶ</strong></span> <span class='ocrx_word' id='word_1_461' title='bbox 2947 2947 3038 3000; x_wconf 80' lang='grc' dir='ltr'><strong>τὸν</strong></span> <span class='ocrx_word' id='word_1_462' title='bbox 3055 2947 3260 2999; x_wconf 75' lang='grc' dir='ltr'>ἐκείνου</span> <span class='ocrx_word' id='word_1_463' title='bbox 3282 2948 3509 3015; x_wconf 80' lang='grc' dir='ltr'>πατέρα’</span> <span class='ocrx_word' id='word_1_464' title='bbox 3531 2946 3684 3007; x_wconf 80' lang='grc' dir='ltr'>τέλος</span> 
     </span>
    </p>
   </div>
   <div class='ocr_carea' id='block_1_60' title="bbox 2121 3036 3682 3108">
    <p class='ocr_par' dir='ltr' id='par_1_60' title="bbox 2121 3036 3682 3108">
     <span class='ocr_line' id='line_1_60' title="bbox 2121 3036 3682 3108; baseline -0.004 -13"><span class='ocrx_word' id='word_1_465' title='bbox 2121 3042 2197 3106; x_wconf 84' lang='grc' dir='ltr'><strong>δὲ,</strong></span> <span class='ocrx_word' id='word_1_466' title='bbox 2227 3041 2316 3094; x_wconf 85' lang='grc' dir='ltr'><strong>τὸν</strong></span> <span class='ocrx_word' id='word_1_467' title='bbox 2338 3043 2447 3102; x_wconf 82' lang='grc' dir='ltr'>τοῖς</span> <span class='ocrx_word' id='word_1_468' title='bbox 2474 3039 2637 3102; x_wconf 81' lang='grc' dir='ltr'>θείοις</span> <span class='ocrx_word' id='word_1_469' title='bbox 2660 3039 2841 3108; x_wconf 80' lang='grc' dir='ltr'>νόμοις</span> <span class='ocrx_word' id='word_1_470' title='bbox 2863 3038 3159 3108; x_wconf 78' lang='grc' dir='ltr'>διακοσμού</span> <span class='ocrx_word' id='word_1_471' title='bbox 3169 3055 3328 3106; x_wconf 83' lang='grc' dir='ltr'>μενον</span> <span class='ocrx_word' id='word_1_472' title='bbox 3363 3036 3492 3105; x_wconf 79' lang='grc' dir='ltr'>βίον·</span> <span class='ocrx_word' id='word_1_473' title='bbox 3521 3054 3539 3086; x_wconf 79' lang='grc' dir='ltr'><strong>ι</strong></span> <span class='ocrx_word' id='word_1_474' title='bbox 3558 3038 3682 3089; x_wconf 79' lang='grc' dir='ltr'><strong>Μα-</strong></span> 
     </span>
    </p>
   </div>
   <div class='ocr_carea' id='block_1_61' title="bbox 2125 3129 3685 3206">
    <p class='ocr_par' dir='ltr' id='par_1_61' title="bbox 2125 3129 3685 3206">
     <span class='ocr_line' id='line_1_61' title="bbox 2125 3129 3685 3206; baseline -0.006 -17"><span class='ocrx_word' id='word_1_475' title='bbox 2125 3136 2304 3206; x_wconf 82' lang='grc' dir='ltr'>κάριοι</span> <span class='ocrx_word' id='word_1_476' title='bbox 2327 3133 2396 3202; x_wconf 78' lang='grc' dir='ltr'><strong>γά</strong></span> <span class='ocrx_word' id='word_1_477' title='bbox 2407 3151 2455 3202; x_wconf 89' lang='grc' dir='ltr'><strong>ρ,</strong></span> <span class='ocrx_word' id='word_1_478' title='bbox 2470 3135 2652 3202; x_wconf 61' lang='grc' dir='ltr'>φησιν,</span> <span class='ocrx_word' id='word_1_479' title='bbox 2671 3134 2720 3185; x_wconf 81' lang='grc' dir='ltr'><strong>οἱ</strong></span> <span class='ocrx_word' id='word_1_480' title='bbox 2744 3132 2962 3202; x_wconf 81' lang='grc' dir='ltr'>ἄμωμοι</span> <span class='ocrx_word' id='word_1_481' title='bbox 2985 3135 3040 3184; x_wconf 82' lang='grc' dir='ltr'><strong>ὲν</strong></span> <span class='ocrx_word' id='word_1_482' title='bbox 3057 3131 3181 3199; x_wconf 78' lang='grc' dir='ltr'>ὁδῷ,</span> <span class='ocrx_word' id='word_1_483' title='bbox 3195 3131 3244 3181; x_wconf 92' lang='grc' dir='ltr'>οἱ</span> <span class='ocrx_word' id='word_1_484' title='bbox 3263 3130 3611 3199; x_wconf 85' lang='grc' dir='ltr'>πορευόμενοι</span> <span class='ocrx_word' id='word_1_485' title='bbox 3627 3129 3685 3179; x_wconf 84' lang='grc' dir='ltr'>ἐν</span> 
     </span>
    </p>
   </div>
   <div class='ocr_carea' id='block_1_62' title="bbox 441 3211 2009 3296">
    <p class='ocr_par' dir='ltr' id='par_1_62' title="bbox 441 3211 1979 3288">
     <span class='ocr_line' id='line_1_62' title="bbox 441 3211 1979 3288; baseline 0.005 -24"><span class='ocrx_word' id='word_1_486' title='bbox 441 3211 536 3281; x_wconf 92' lang='lat' dir='ltr'><strong>qui</strong></span> <span class='ocrx_word' id='word_1_487' title='bbox 561 3221 876 3267; x_wconf 86' lang='lat' dir='ltr'><strong>scrutantur</strong></span> <span class='ocrx_word' id='word_1_488' title='bbox 911 3215 1222 3270; x_wconf 85' lang='lat' dir='ltr'><strong>testimonia</strong></span> <span class='ocrx_word' id='word_1_489' title='bbox 1249 3218 1388 3288; x_wconf 85' lang='lat' dir='ltr'><strong>ejus,</strong></span> <span class='ocrx_word' id='word_1_490' title='bbox 1411 3227 1522 3273; x_wconf 91' lang='lat' dir='ltr'><strong>toto</strong></span> <span class='ocrx_word' id='word_1_491' title='bbox 1545 3217 1709 3272; x_wconf 87' lang='lat' dir='ltr'><strong>corde</strong></span> <span class='ocrx_word' id='word_1_492' title='bbox 1731 3228 1979 3286; x_wconf 63' lang='lat' dir='ltr'><strong>quaerent</strong></span> 
     </span>
    </p>
   </div>
   <div class='ocr_carea' id='block_1_63' title="bbox 2120 3211 3684 3296">
    <p class='ocr_par' dir='ltr' id='par_1_63' title="bbox 2120 3218 3684 3296">
     <span class='ocr_line' id='line_1_63' title="bbox 2120 3218 3684 3296; baseline -0.012 -16"><span class='ocrx_word' id='word_1_493' title='bbox 2120 3226 2262 3296; x_wconf 84' lang='grc' dir='ltr'>νόμῳ</span> <span class='ocrx_word' id='word_1_494' title='bbox 2284 3224 2509 3295; x_wconf 84' lang='grc' dir='ltr'>Κυρίου.</span> <span class='ocrx_word' id='word_1_495' title='bbox 2533 3223 2808 3293; x_wconf 78' lang='grc' dir='ltr'>Μακάριοι</span> <span class='ocrx_word' id='word_1_496' title='bbox 2830 3225 2879 3274; x_wconf 87' lang='grc' dir='ltr'>οἱ</span> <span class='ocrx_word' id='word_1_497' title='bbox 2907 3221 3290 3291; x_wconf 73' lang='grc' dir='ltr'>ἐξερευνῶντες</span> <span class='ocrx_word' id='word_1_498' title='bbox 3319 3220 3386 3271; x_wconf 76' lang='grc' dir='ltr'><strong>τὰ</strong></span> <span class='ocrx_word' id='word_1_499' title='bbox 3409 3218 3684 3290; x_wconf 72' lang='grc' dir='ltr'>μαρτύρια,</span> 
     </span>
    </p>
   </div>
   <div class='ocr_carea' id='block_1_64' title="bbox 443 3302 2012 3379">
    <p class='ocr_par' dir='ltr' id='par_1_64' title="bbox 443 3302 2012 3379">
     <span class='ocr_line' id='line_1_64' title="bbox 443 3302 2012 3379; baseline 0.003 -22"><span class='ocrx_word' id='word_1_500' title='bbox 443 3318 570 3357; x_wconf 90' lang='lat' dir='ltr'><strong>eum</strong></span> <span class='ocrx_word' id='word_1_501' title='bbox 612 3302 651 3355; x_wconf 79' lang='grc' dir='ltr'>ί.</span> <span class='ocrx_word' id='word_1_502' title='bbox 694 3324 711 3355; x_wconf 76' lang='grc' dir='ltr'><strong>ι</strong></span> <span class='ocrx_word' id='word_1_503' title='bbox 752 3304 865 3360; x_wconf 82' lang='lat' dir='ltr'><strong>iioc</strong></span> <span class='ocrx_word' id='word_1_504' title='bbox 888 3306 1032 3361; x_wconf 90' lang='lat' dir='ltr'><strong>idem</strong></span> <span class='ocrx_word' id='word_1_505' title='bbox 1061 3323 1161 3363; x_wconf 86' lang='lat' dir='ltr'><strong>nos</strong></span> <span class='ocrx_word' id='word_1_506' title='bbox 1193 3308 1248 3362; x_wconf 90' lang='lat' dir='ltr'><strong>iu</strong></span> <span class='ocrx_word' id='word_1_507' title='bbox 1279 3309 1450 3363; x_wconf 87' lang='lat' dir='ltr'><strong>sacris</strong></span> <span class='ocrx_word' id='word_1_508' title='bbox 1481 3309 1791 3379; x_wconf 79' lang='lat' dir='ltr'><strong>Evangeliis</strong></span> <span class='ocrx_word' id='word_1_509' title='bbox 1823 3309 2012 3364; x_wconf 89' lang='lat' dir='ltr'><strong>docuit</strong></span> 
     </span>
    </p>
   </div>
   <div class='ocr_carea' id='block_1_65' title="bbox 447 3395 2012 3462">
    <p class='ocr_par' dir='ltr' id='par_1_65' title="bbox 447 3395 2012 3462">
     <span class='ocr_line' id='line_1_65' title="bbox 447 3395 2012 3462; baseline 0.004 -15"><span class='ocrx_word' id='word_1_510' title='bbox 447 3395 830 3451; x_wconf 84' lang='lat' dir='ltr'><strong>universorum</strong></span> <span class='ocrx_word' id='word_1_511' title='bbox 862 3396 1144 3453; x_wconf 69' lang='lat' dir='ltr'><strong>Senator.</strong></span> <span class='ocrx_word' id='word_1_512' title='bbox 1175 3401 1368 3454; x_wconf 84' lang='lat' dir='ltr'><strong>Beatos</strong></span> <span class='ocrx_word' id='word_1_513' title='bbox 1393 3401 1540 3454; x_wconf 89' lang='lat' dir='ltr'><strong>enim</strong></span> <span class='ocrx_word' id='word_1_514' title='bbox 1573 3409 1752 3462; x_wconf 79' lang='lat' dir='ltr'><strong>vocat,</strong></span> <span class='ocrx_word' id='word_1_515' title='bbox 1787 3417 1894 3454; x_wconf 94' lang='lat' dir='ltr'><strong>non</strong></span> <span class='ocrx_word' id='word_1_516' title='bbox 1925 3400 2012 3453; x_wconf 90' lang='lat' dir='ltr'><strong>di-</strong></span> 
     </span>
    </p>
   </div>
   <div class='ocr_carea' id='block_1_66' title="bbox 444 3484 2016 3560">
    <p class='ocr_par' dir='ltr' id='par_1_66' title="bbox 444 3484 2016 3560">
     <span class='ocr_line' id='line_1_66' title="bbox 444 3484 2016 3560; baseline 0.006 -23"><span class='ocrx_word' id='word_1_517' title='bbox 444 3484 608 3548; x_wconf 79' lang='lat' dir='ltr'><strong>vites,</strong></span> <span class='ocrx_word' id='word_1_518' title='bbox 637 3494 693 3540; x_wconf 92' lang='lat' dir='ltr'><strong>et</strong></span> <span class='ocrx_word' id='word_1_519' title='bbox 719 3485 935 3541; x_wconf 89' lang='lat' dir='ltr'><strong>deliciis</strong></span> <span class='ocrx_word' id='word_1_520' title='bbox 955 3487 1222 3554; x_wconf 84' lang='lat' dir='ltr'><strong>fruentes,</strong></span> <span class='ocrx_word' id='word_1_521' title='bbox 1250 3499 1304 3544; x_wconf 90' lang='lat' dir='ltr'><strong>et</strong></span> <span class='ocrx_word' id='word_1_522' title='bbox 1327 3491 1529 3560; x_wconf 87' lang='lat' dir='ltr'><strong>quibus</strong></span> <span class='ocrx_word' id='word_1_523' title='bbox 1553 3506 1815 3560; x_wconf 75' lang='lat' dir='ltr'><strong>prospere</strong></span> <span class='ocrx_word' id='word_1_524' title='bbox 1838 3491 2016 3546; x_wconf 84' lang='lat' dir='ltr'><strong>ﬂuunt</strong></span> 
     </span>
    </p>
   </div>
   <div class='ocr_carea' id='block_1_67' title="bbox 447 3577 2014 3649">
    <p class='ocr_par' dir='ltr' id='par_1_67' title="bbox 447 3577 2014 3649">
     <span class='ocr_line' id='line_1_67' title="bbox 447 3577 2014 3649; baseline 0.002 -19"><span class='ocrx_word' id='word_1_525' title='bbox 447 3577 654 3640; x_wconf 87' lang='lat' dir='ltr'><strong>omnia,</strong></span> <span class='ocrx_word' id='word_1_526' title='bbox 697 3577 790 3631; x_wconf 89' lang='lat' dir='ltr'><strong>sed</strong></span> <span class='ocrx_word' id='word_1_527' title='bbox 832 3594 1103 3648; x_wconf 87' lang='lat' dir='ltr'><strong>pauperes</strong></span> <span class='ocrx_word' id='word_1_528' title='bbox 1141 3580 1361 3649; x_wconf 90' lang='lat' dir='ltr'><strong>spiritu,</strong></span> <span class='ocrx_word' id='word_1_529' title='bbox 1397 3589 1453 3635; x_wconf 90' lang='lat' dir='ltr'><strong>et</strong></span> <span class='ocrx_word' id='word_1_530' title='bbox 1487 3582 1666 3643; x_wconf 88' lang='lat' dir='ltr'><strong>mites,</strong></span> <span class='ocrx_word' id='word_1_531' title='bbox 1707 3590 1762 3635; x_wconf 90' lang='lat' dir='ltr'><strong>et</strong></span> <span class='ocrx_word' id='word_1_532' title='bbox 1795 3581 2014 3635; x_wconf 84' lang='lat' dir='ltr'><strong>miseri-</strong></span> 
     </span>
    </p>
   </div>
   <div class='ocr_carea' id='block_1_68' title="bbox 447 3667 2014 3742">
    <p class='ocr_par' dir='ltr' id='par_1_68' title="bbox 447 3667 2014 3742">
     <span class='ocr_line' id='line_1_68' title="bbox 447 3667 2014 3742; baseline 0.001 -20"><span class='ocrx_word' id='word_1_533' title='bbox 447 3667 665 3732; x_wconf 87' lang='lat' dir='ltr'><strong>cordes,</strong></span> <span class='ocrx_word' id='word_1_534' title='bbox 695 3675 750 3722; x_wconf 90' lang='lat' dir='ltr'><strong>et</strong></span> <span class='ocrx_word' id='word_1_535' title='bbox 770 3669 865 3738; x_wconf 85' lang='lat' dir='ltr'><strong>qui</strong></span> <span class='ocrx_word' id='word_1_536' title='bbox 890 3670 1142 3724; x_wconf 90' lang='lat' dir='ltr'><strong>csuriunt</strong></span> <span class='ocrx_word' id='word_1_537' title='bbox 1164 3671 1467 3741; x_wconf 89' lang='lat' dir='ltr'><strong>sitiuntque</strong></span> <span class='ocrx_word' id='word_1_538' title='bbox 1494 3673 1700 3741; x_wconf 65' lang='lat'><strong>100],</strong></span> <span class='ocrx_word' id='word_1_539' title='bbox 1721 3672 2014 3742; x_wconf 86' lang='lat' dir='ltr'><strong>justitiam,</strong></span> 
     </span>
    </p>
   </div>
   <div class='ocr_carea' id='block_1_69' title="bbox 449 3758 2019 3832">
    <p class='ocr_par' dir='ltr' id='par_1_69' title="bbox 449 3758 2019 3832">
     <span class='ocr_line' id='line_1_69' title="bbox 449 3758 2019 3832; baseline 0.003 -21"><span class='ocrx_word' id='word_1_540' title='bbox 449 3758 652 3827; x_wconf 88' lang='lat' dir='ltr'><strong>quique</strong></span> <span class='ocrx_word' id='word_1_541' title='bbox 677 3759 746 3812; x_wconf 91' lang='lat' dir='ltr'><strong>ob</strong></span> <span class='ocrx_word' id='word_1_542' title='bbox 768 3761 994 3828; x_wconf 90' lang='lat' dir='ltr'><strong>aliquod</strong></span> <span class='ocrx_word' id='word_1_543' title='bbox 1022 3762 1226 3815; x_wconf 89' lang='lat' dir='ltr'><strong>bonum</strong></span> <span class='ocrx_word' id='word_1_544' title='bbox 1253 3762 1470 3816; x_wconf 73' lang='lat' dir='ltr'><strong>adversi</strong></span> <span class='ocrx_word' id='word_1_545' title='bbox 1494 3763 1774 3832; x_wconf 86' lang='lat' dir='ltr'><strong>quidpiam</strong></span> <span class='ocrx_word' id='word_1_546' title='bbox 1801 3763 2019 3832; x_wconf 89' lang='lat' dir='ltr'><strong>patiun-</strong></span> 
     </span>
    </p>
   </div>
   <div class='ocr_carea' id='block_1_70' title="bbox 450 3847 2019 3920">
    <p class='ocr_par' dir='ltr' id='par_1_70' title="bbox 450 3847 2019 3920">
     <span class='ocr_line' id='line_1_70' title="bbox 450 3847 2019 3920; baseline 0.002 -19"><span class='ocrx_word' id='word_1_547' title='bbox 450 3853 561 3912; x_wconf 76' lang='lat' dir='ltr'><strong>tur,</strong></span> <span class='ocrx_word' id='word_1_548' title='bbox 596 3853 652 3900; x_wconf 87' lang='lat' dir='ltr'><strong>et</strong></span> <span class='ocrx_word' id='word_1_549' title='bbox 679 3847 746 3901; x_wconf 85' lang='lat' dir='ltr'><strong>iis</strong></span> <span class='ocrx_word' id='word_1_550' title='bbox 780 3849 873 3918; x_wconf 91' lang='lat' dir='ltr'><strong>qui</strong></span> <span class='ocrx_word' id='word_1_551' title='bbox 913 3851 966 3902; x_wconf 90' lang='lat' dir='ltr'><strong>in</strong></span> <span class='ocrx_word' id='word_1_552' title='bbox 998 3850 1084 3904; x_wconf 89' lang='lat' dir='ltr'><strong>his</strong></span> <span class='ocrx_word' id='word_1_553' title='bbox 1123 3849 1355 3920; x_wconf 79' lang='lat' dir='ltr'><strong>aliisque</strong></span> <span class='ocrx_word' id='word_1_554' title='bbox 1401 3850 1667 3920; x_wconf 81' lang='lat' dir='ltr'><strong>ejusmodi</strong></span> <span class='ocrx_word' id='word_1_555' title='bbox 1702 3851 1917 3905; x_wconf 89' lang='lat' dir='ltr'><strong>naviter</strong></span> <span class='ocrx_word' id='word_1_556' title='bbox 1960 3865 2019 3904; x_wconf 90' lang='lat' dir='ltr'><strong>se</strong></span> 
     </span>
    </p>
   </div>
   <div class='ocr_carea' id='block_1_71' title="bbox 451 3936 2019 4012">
    <p class='ocr_par' dir='ltr' id='par_1_71' title="bbox 451 3936 2019 4012">
     <span class='ocr_line' id='line_1_71' title="bbox 451 3936 2019 4012; baseline 0.002 -21"><span class='ocrx_word' id='word_1_557' title='bbox 451 3936 742 4007; x_wconf 76' lang='lat' dir='ltr'><strong>gesserint,</strong></span> <span class='ocrx_word' id='word_1_558' title='bbox 773 3940 1036 3994; x_wconf 78' lang='lat' dir='ltr'><strong>ccelorum</strong></span> <span class='ocrx_word' id='word_1_559' title='bbox 1069 3957 1296 4011; x_wconf 82' lang='lat' dir='ltr'><strong>regnum</strong></span> <span class='ocrx_word' id='word_1_560' title='bbox 1328 3942 1640 4012; x_wconf 86' lang='lat' dir='ltr'><strong>pollicetur.</strong></span> <span class='ocrx_word' id='word_1_561' title='bbox 1674 3941 1716 3994; x_wconf 92' lang='lat' dir='ltr'><strong>E</strong></span> <span class='ocrx_word' id='word_1_562' title='bbox 1743 3957 1803 3994; x_wconf 91' lang='lat' dir='ltr'><strong>re</strong></span> <span class='ocrx_word' id='word_1_563' title='bbox 1836 3949 2019 3994; x_wconf 89' lang='lat' dir='ltr'><strong>autem</strong></span> 
     </span>
    </p>
   </div>
   <div class='ocr_carea' id='block_1_72' title="bbox 454 4025 2024 4101">
    <p class='ocr_par' dir='ltr' id='par_1_72' title="bbox 454 4025 2024 4101">
     <span class='ocr_line' id='line_1_72' title="bbox 454 4025 2024 4101; baseline 0.004 -24"><span class='ocrx_word' id='word_1_564' title='bbox 454 4025 703 4079; x_wconf 79' lang='lat' dir='ltr'><strong>futurum</strong></span> <span class='ocrx_word' id='word_1_565' title='bbox 741 4030 996 4085; x_wconf 78' lang='lat' dir='ltr'><strong>existimo</strong></span> <span class='ocrx_word' id='word_1_566' title='bbox 1021 4072 1034 4095; x_wconf 90' lang='lat'><strong>,</strong></span> <span class='ocrx_word' id='word_1_567' title='bbox 1078 4032 1127 4085; x_wconf 89' lang='lat' dir='ltr'><strong>si</strong></span> <span class='ocrx_word' id='word_1_568' title='bbox 1159 4033 1304 4101; x_wconf 87' lang='lat' dir='ltr'><strong>ipsas</strong></span> <span class='ocrx_word' id='word_1_569' title='bbox 1338 4032 1496 4086; x_wconf 81' lang='lat' dir='ltr'><strong>vobis</strong></span> <span class='ocrx_word' id='word_1_570' title='bbox 1527 4031 1629 4086; x_wconf 89' lang='lat' dir='ltr'><strong>sub</strong></span> <span class='ocrx_word' id='word_1_571' title='bbox 1664 4030 2024 4085; x_wconf 86' lang='lat' dir='ltr'><strong>beatitudinis</strong></span> 
     </span>
    </p>
   </div>
   <div class='ocr_carea' id='block_1_73' title="bbox 456 4117 2024 4193">
    <p class='ocr_par' dir='ltr' id='par_1_73' title="bbox 456 4117 2024 4193">
     <span class='ocr_line' id='line_1_73' title="bbox 456 4117 2024 4193; baseline 0.004 -22"><span class='ocrx_word' id='word_1_572' title='bbox 456 4117 637 4186; x_wconf 89' lang='lat' dir='ltr'><strong>specie</strong></span> <span class='ocrx_word' id='word_1_573' title='bbox 677 4130 969 4190; x_wconf 87' lang='lat' dir='ltr'><strong>conceptas</strong></span> <span class='ocrx_word' id='word_1_574' title='bbox 1012 4124 1159 4193; x_wconf 88' lang='lat' dir='ltr'><strong>leges</strong></span> <span class='ocrx_word' id='word_1_575' title='bbox 1191 4125 1415 4178; x_wconf 88' lang='lat' dir='ltr'><strong>recitem</strong></span> <span class='ocrx_word' id='word_1_576' title='bbox 1451 4141 1463 4176; x_wconf 93' lang='lat'>:</span> <span class='ocrx_word' id='word_1_577' title='bbox 1508 4143 1525 4175; x_wconf 79' lang='grc' dir='ltr'><strong>ι</strong></span> <span class='ocrx_word' id='word_1_578' title='bbox 1566 4123 1716 4176; x_wconf 84' lang='lat' dir='ltr'><strong>Beati</strong></span> <span class='ocrx_word' id='word_1_579' title='bbox 1754 4139 2024 4191; x_wconf 90' lang='lat' dir='ltr'><strong>pauperes</strong></span> 
     </span>
    </p>
   </div>
   <div class='ocr_carea' id='block_1_74' title="bbox 456 4207 2021 4284">
    <p class='ocr_par' dir='ltr' id='par_1_74' title="bbox 456 4207 2021 4284">
     <span class='ocr_line' id='line_1_74' title="bbox 456 4207 2021 4284; baseline 0.004 -23"><span class='ocrx_word' id='word_1_580' title='bbox 456 4207 678 4278; x_wconf 88' lang='lat' dir='ltr'><strong>spiritu,</strong></span> <span class='ocrx_word' id='word_1_581' title='bbox 732 4212 990 4280; x_wconf 89' lang='lat' dir='ltr'><strong>quoniam</strong></span> <span class='ocrx_word' id='word_1_582' title='bbox 1042 4215 1289 4283; x_wconf 54' lang='lat' dir='ltr'><strong>ipsorum</strong></span> <span class='ocrx_word' id='word_1_583' title='bbox 1337 4223 1421 4268; x_wconf 89' lang='lat' dir='ltr'><strong>est</strong></span> <span class='ocrx_word' id='word_1_584' title='bbox 1461 4229 1692 4284; x_wconf 81' lang='lat' dir='ltr'><strong>regnum</strong></span> <span class='ocrx_word' id='word_1_585' title='bbox 1737 4214 2021 4268; x_wconf 71' lang='lat' dir='ltr'><strong>caalorum.</strong></span> 
     </span>
    </p>
   </div>
   <div class='ocr_carea' id='block_1_75' title="bbox 457 4297 2022 4374">
    <p class='ocr_par' dir='ltr' id='par_1_75' title="bbox 457 4297 2022 4374">
     <span class='ocr_line' id='line_1_75' title="bbox 457 4297 2022 4374; baseline 0.005 -24"><span class='ocrx_word' id='word_1_586' title='bbox 457 4297 608 4353; x_wconf 87' lang='lat' dir='ltr'><strong>Beati</strong></span> <span class='ocrx_word' id='word_1_587' title='bbox 652 4301 834 4367; x_wconf 88' lang='lat' dir='ltr'><strong>mites,</strong></span> <span class='ocrx_word' id='word_1_588' title='bbox 888 4305 1146 4372; x_wconf 88' lang='lat' dir='ltr'><strong>quoniam</strong></span> <span class='ocrx_word' id='word_1_589' title='bbox 1198 4305 1302 4374; x_wconf 91' lang='lat' dir='ltr'><strong>ipsi</strong></span> <span class='ocrx_word' id='word_1_590' title='bbox 1346 4304 1749 4360; x_wconf 66' lang='lat' dir='ltr'><strong>baareditabunt</strong></span> <span class='ocrx_word' id='word_1_591' title='bbox 1799 4312 2022 4358; x_wconf 87' lang='lat' dir='ltr'><strong>terram.</strong></span> 
     </span>
    </p>
   </div>
   <div class='ocr_carea' id='block_1_76' title="bbox 462 4391 2024 4466">
    <p class='ocr_par' dir='ltr' id='par_1_76' title="bbox 462 4391 2024 4466">
     <span class='ocr_line' id='line_1_76' title="bbox 462 4391 2024 4466; baseline 0.003 -22"><span class='ocrx_word' id='word_1_592' title='bbox 462 4391 614 4445; x_wconf 88' lang='lat' dir='ltr'><strong>Beati</strong></span> <span class='ocrx_word' id='word_1_593' title='bbox 653 4394 746 4462; x_wconf 92' lang='lat' dir='ltr'><strong>qui</strong></span> <span class='ocrx_word' id='word_1_594' title='bbox 794 4395 1046 4449; x_wconf 88' lang='lat' dir='ltr'><strong>esuriunt</strong></span> <span class='ocrx_word' id='word_1_595' title='bbox 1089 4405 1146 4450; x_wconf 92' lang='lat' dir='ltr'><strong>ct</strong></span> <span class='ocrx_word' id='word_1_596' title='bbox 1187 4395 1380 4450; x_wconf 86' lang='lat' dir='ltr'><strong>sitiunt</strong></span> <span class='ocrx_word' id='word_1_597' title='bbox 1421 4395 1715 4466; x_wconf 89' lang='lat' dir='ltr'><strong>justitiam,</strong></span> <span class='ocrx_word' id='word_1_598' title='bbox 1763 4395 2024 4464; x_wconf 88' lang='lat' dir='ltr'><strong>quoniam</strong></span> 
     </span>
    </p>
   </div>
   <div class='ocr_carea' id='block_1_77' title="bbox 458 4481 2025 4555">
    <p class='ocr_par' dir='ltr' id='par_1_77' title="bbox 458 4481 2025 4555">
     <span class='ocr_line' id='line_1_77' title="bbox 458 4481 2025 4555; baseline 0.004 -21"><span class='ocrx_word' id='word_1_599' title='bbox 458 4481 564 4551; x_wconf 91' lang='lat' dir='ltr'><strong>ipsi</strong></span> <span class='ocrx_word' id='word_1_600' title='bbox 598 4484 1015 4539; x_wconf 88' lang='lat' dir='ltr'><strong>saturabuntur.</strong></span> <span class='ocrx_word' id='word_1_601' title='bbox 1048 4486 1201 4540; x_wconf 88' lang='lat' dir='ltr'><strong>Beati</strong></span> <span class='ocrx_word' id='word_1_602' title='bbox 1235 4486 1469 4554; x_wconf 83' lang='lat' dir='ltr'><strong>paciﬁci,</strong></span> <span class='ocrx_word' id='word_1_603' title='bbox 1505 4487 1764 4555; x_wconf 89' lang='lat' dir='ltr'><strong>quoniam</strong></span> <span class='ocrx_word' id='word_1_604' title='bbox 1803 4486 1899 4540; x_wconf 76' lang='lat' dir='ltr'><strong>filii</strong></span> <span class='ocrx_word' id='word_1_605' title='bbox 1929 4487 2025 4541; x_wconf 90' lang='lat' dir='ltr'><strong>Dci</strong></span> 
     </span>
    </p>
   </div>
   <div class='ocr_carea' id='block_1_78' title="bbox 457 4573 2030 4648">
    <p class='ocr_par' dir='ltr' id='par_1_78' title="bbox 457 4573 2030 4648">
     <span class='ocr_line' id='line_1_78' title="bbox 457 4573 2030 4648; baseline 0.005 -24"><span class='ocrx_word' id='word_1_606' title='bbox 457 4573 823 4630; x_wconf 84' lang='lat' dir='ltr'><strong>vocabuntur.</strong></span> <span class='ocrx_word' id='word_1_607' title='bbox 849 4577 999 4631; x_wconf 89' lang='lat' dir='ltr'><strong>Beati</strong></span> <span class='ocrx_word' id='word_1_608' title='bbox 1019 4578 1113 4647; x_wconf 91' lang='lat' dir='ltr'><strong>qui</strong></span> <span class='ocrx_word' id='word_1_609' title='bbox 1139 4579 1577 4647; x_wconf 83' lang='lat' dir='ltr'><strong>persecutionem</strong></span> <span class='ocrx_word' id='word_1_610' title='bbox 1599 4580 1882 4647; x_wconf 89' lang='lat' dir='ltr'><strong>patiuntur</strong></span> <span class='ocrx_word' id='word_1_611' title='bbox 1903 4595 2030 4648; x_wconf 89' lang='lat' dir='ltr'><strong>pro-</strong></span> 
     </span>
    </p>
   </div>
   <div class='ocr_carea' id='block_1_79' title="bbox 459 4668 2027 4741">
    <p class='ocr_par' dir='ltr' id='par_1_79' title="bbox 459 4668 2027 4741">
     <span class='ocr_line' id='line_1_79' title="bbox 459 4668 2027 4741; baseline 0.005 -23"><span class='ocrx_word' id='word_1_612' title='bbox 459 4673 582 4734; x_wconf 90' lang='lat' dir='ltr'><strong>pter</strong></span> <span class='ocrx_word' id='word_1_613' title='bbox 605 4668 901 4737; x_wconf 89' lang='lat' dir='ltr'><strong>justitiam,</strong></span> <span class='ocrx_word' id='word_1_614' title='bbox 935 4670 1194 4739; x_wconf 86' lang='lat' dir='ltr'><strong>quoniam</strong></span> <span class='ocrx_word' id='word_1_615' title='bbox 1222 4671 1462 4740; x_wconf 88' lang='lat' dir='ltr'><strong>ipsorum</strong></span> <span class='ocrx_word' id='word_1_616' title='bbox 1492 4681 1578 4726; x_wconf 92' lang='lat' dir='ltr'><strong>est</strong></span> <span class='ocrx_word' id='word_1_617' title='bbox 1606 4687 1832 4741; x_wconf 79' lang='lat' dir='ltr'><strong>regnum</strong></span> <span class='ocrx_word' id='word_1_618' title='bbox 1857 4674 2027 4726; x_wconf 75' lang='lat' dir='ltr'><strong>coelo-</strong></span> 
     </span>
    </p>
   </div>
   <div class='ocr_carea' id='block_1_80' title="bbox 461 4756 2029 4831">
    <p class='ocr_par' dir='ltr' id='par_1_80' title="bbox 461 4756 2029 4831">
     <span class='ocr_line' id='line_1_80' title="bbox 461 4756 2029 4831; baseline 0.006 -25"><span class='ocrx_word' id='word_1_619' title='bbox 461 4770 602 4808; x_wconf 91' lang='lat' dir='ltr'><strong>rum.</strong></span> <span class='ocrx_word' id='word_1_620' title='bbox 639 4756 790 4811; x_wconf 87' lang='lat' dir='ltr'><strong>Beati</strong></span> <span class='ocrx_word' id='word_1_621' title='bbox 836 4759 1246 4824; x_wconf 87' lang='lat' dir='ltr'><strong>misericordes,</strong></span> <span class='ocrx_word' id='word_1_622' title='bbox 1286 4760 1543 4830; x_wconf 88' lang='lat' dir='ltr'><strong>quoniam</strong></span> <span class='ocrx_word' id='word_1_623' title='bbox 1580 4761 1682 4831; x_wconf 87' lang='lat' dir='ltr'><strong>ipsi</strong></span> <span class='ocrx_word' id='word_1_624' title='bbox 1717 4761 2029 4816; x_wconf 88' lang='lat' dir='ltr'><strong>misericor-</strong></span> 
     </span>
    </p>
   </div>
   <div class='ocr_carea' id='block_1_81' title="bbox 464 4844 2032 4923">
    <p class='ocr_par' dir='ltr' id='par_1_81' title="bbox 464 4844 2032 4923">
     <span class='ocr_line' id='line_1_81' title="bbox 464 4844 2032 4923; baseline 0.006 -26"><span class='ocrx_word' id='word_1_625' title='bbox 464 4844 609 4900; x_wconf 85' lang='lat' dir='ltr'><strong>diam</strong></span> <span class='ocrx_word' id='word_1_626' title='bbox 645 4860 1074 4918; x_wconf 84' lang='lat' dir='ltr'><strong>consequentur.</strong></span> <span class='ocrx_word' id='word_1_627' title='bbox 1107 4853 1258 4907; x_wconf 86' lang='lat' dir='ltr'><strong>Bcati</strong></span> <span class='ocrx_word' id='word_1_628' title='bbox 1303 4854 1492 4908; x_wconf 91' lang='lat' dir='ltr'><strong>mundi</strong></span> <span class='ocrx_word' id='word_1_629' title='bbox 1535 4854 1721 4916; x_wconf 84' lang='lat' dir='ltr'><strong>corde,</strong></span> <span class='ocrx_word' id='word_1_630' title='bbox 1767 4855 2032 4923; x_wconf 80' lang='lat' dir='ltr'><strong>quoniam</strong></span> 
     </span>
    </p>
   </div>
   <div class='ocr_carea' id='block_1_82' title="bbox 468 4934 2030 5009">
    <p class='ocr_par' dir='ltr' id='par_1_82' title="bbox 468 4934 2030 5009">
     <span class='ocr_line' id='line_1_82' title="bbox 468 4934 2030 5009; baseline 0.004 -19"><span class='ocrx_word' id='word_1_631' title='bbox 468 4934 571 5006; x_wconf 88' lang='lat' dir='ltr'><strong>ipsi</strong></span> <span class='ocrx_word' id='word_1_632' title='bbox 597 4940 764 4993; x_wconf 91' lang='lat' dir='ltr'><strong>Deum</strong></span> <span class='ocrx_word' id='word_1_633' title='bbox 796 4942 1061 4997; x_wconf 80' lang='lat' dir='ltr'><strong>videbunt</strong></span> <span class='ocrx_word' id='word_1_634' title='bbox 1089 4943 1132 4996; x_wconf 85' lang='lat' dir='ltr'><strong>i.</strong></span> <span class='ocrx_word' id='word_1_635' title='bbox 1170 4963 1188 4995; x_wconf 74' lang='grc' dir='ltr'><strong>ι</strong></span> <span class='ocrx_word' id='word_1_636' title='bbox 1229 4944 1350 4998; x_wconf 82' lang='lat' dir='ltr'><strong>Alia</strong></span> <span class='ocrx_word' id='word_1_637' title='bbox 1380 4945 1531 5009; x_wconf 88' lang='lat' dir='ltr'><strong>item,</strong></span> <span class='ocrx_word' id='word_1_638' title='bbox 1565 4960 1598 4998; x_wconf 95' lang='lat' dir='ltr'><strong>o</strong></span> <span class='ocrx_word' id='word_1_639' title='bbox 1629 4945 1756 5009; x_wconf 77' lang='lat' dir='ltr'><strong>viri,</strong></span> <span class='ocrx_word' id='word_1_640' title='bbox 1796 4944 1850 4997; x_wconf 90' lang='lat' dir='ltr'><strong>in</strong></span> <span class='ocrx_word' id='word_1_641' title='bbox 1880 4961 2030 4998; x_wconf 88' lang='lat' dir='ltr'><strong>cam-</strong></span> 
     </span>
    </p>
   </div>
   <div class='ocr_carea' id='block_1_83' title="bbox 466 5026 2032 5089">
    <p class='ocr_par' dir='ltr' id='par_1_83' title="bbox 466 5026 2032 5089">
     <span class='ocr_line' id='line_1_83' title="bbox 466 5026 2032 5089; baseline 0.004 -9"><span class='ocrx_word' id='word_1_642' title='bbox 466 5026 590 5081; x_wconf 88' lang='lat' dir='ltr'><strong>dem</strong></span> <span class='ocrx_word' id='word_1_643' title='bbox 625 5031 856 5086; x_wconf 89' lang='lat' dir='ltr'><strong>tendunt</strong></span> <span class='ocrx_word' id='word_1_644' title='bbox 893 5035 1242 5089; x_wconf 88' lang='lat' dir='ltr'><strong>sententiam.</strong></span> <span class='ocrx_word' id='word_1_645' title='bbox 1296 5034 1402 5088; x_wconf 88' lang='lat' dir='ltr'><strong>Sed</strong></span> <span class='ocrx_word' id='word_1_646' title='bbox 1449 5036 1564 5088; x_wconf 81' lang='lat' dir='ltr'><strong>haec</strong></span> <span class='ocrx_word' id='word_1_647' title='bbox 1608 5035 1742 5088; x_wconf 87' lang='lat' dir='ltr'><strong>satis</strong></span> <span class='ocrx_word' id='word_1_648' title='bbox 1777 5043 1940 5088; x_wconf 85' lang='lat' dir='ltr'><strong>erunt</strong></span> <span class='ocrx_word' id='word_1_649' title='bbox 1973 5043 2032 5087; x_wconf 94' lang='lat' dir='ltr'><strong>ut</strong></span> 
     </span>
    </p>
   </div>
   <div class='ocr_carea' id='block_1_84' title="bbox 467 5121 2030 5194">
    <p class='ocr_par' dir='ltr' id='par_1_84' title="bbox 467 5121 2030 5194">
     <span class='ocr_line' id='line_1_84' title="bbox 467 5121 2030 5194; baseline 0.002 -21"><span class='ocrx_word' id='word_1_650' title='bbox 467 5121 823 5177; x_wconf 89' lang='lat' dir='ltr'><strong>ostendamus</strong></span> <span class='ocrx_word' id='word_1_651' title='bbox 849 5123 1201 5194; x_wconf 86' lang='lat' dir='ltr'><strong>Legislatoris</strong></span> <span class='ocrx_word' id='word_1_652' title='bbox 1247 5125 1630 5190; x_wconf 90' lang='lat' dir='ltr'><strong>intentionem,</strong></span> <span class='ocrx_word' id='word_1_653' title='bbox 1661 5133 1717 5178; x_wconf 92' lang='lat' dir='ltr'><strong>et</strong></span> <span class='ocrx_word' id='word_1_654' title='bbox 1754 5124 1820 5178; x_wconf 90' lang='lat' dir='ltr'><strong>ad</strong></span> <span class='ocrx_word' id='word_1_655' title='bbox 1867 5139 2030 5192; x_wconf 88' lang='lat' dir='ltr'><strong>quem</strong></span> 
     </span>
    </p>
   </div>
   <div class='ocr_carea' id='block_1_85' title="bbox 540 5228 1372 5298">
    <p class='ocr_par' dir='ltr' id='par_1_85' title="bbox 540 5228 1372 5298">
     <span class='ocr_line' id='line_1_85' title="bbox 540 5228 1372 5298; baseline 0 -14"><span class='ocrx_word' id='word_1_656' title='bbox 540 5228 568 5265; x_wconf 68' lang='grc' dir='ltr'>ιι</span> <span class='ocrx_word' id='word_1_657' title='bbox 599 5229 770 5286; x_wconf 91' lang='lat' dir='ltr'><strong>Eccli.</strong></span> <span class='ocrx_word' id='word_1_658' title='bbox 803 5248 839 5296; x_wconf 82' lang='grc' dir='ltr'><strong>ι,</strong></span> <span class='ocrx_word' id='word_1_659' title='bbox 870 5233 966 5298; x_wconf 82' lang='grc'><strong>16;</strong></span> <span class='ocrx_word' id='word_1_660' title='bbox 1005 5233 1144 5286; x_wconf 83' lang='lat' dir='ltr'><strong>Psal.</strong></span> <span class='ocrx_word' id='word_1_661' title='bbox 1175 5250 1260 5294; x_wconf 73' lang='lat' dir='ltr'><strong>cx,</strong></span> <span class='ocrx_word' id='word_1_662' title='bbox 1290 5234 1372 5286; x_wconf 84' lang='grc'><strong>10.</strong></span> 
     </span>
    </p>
   </div>
   <div class='ocr_carea' id='block_1_86' title="bbox 479 5298 654 5370">
    <p class='ocr_par' dir='ltr' id='par_1_86' title="bbox 479 5298 654 5370">
     <span class='ocr_line' id='line_1_86' title="bbox 479 5298 654 5370; baseline 0.011 -18"><span class='ocrx_word' id='word_1_663' title='bbox 479 5298 654 5370; x_wconf 88' lang='lat' dir='ltr'><strong>diue).</strong></span> 
     </span>
    </p>
   </div>
   <div class='ocr_carea' id='block_1_87' title="bbox 1456 5233 2113 5297">
    <p class='ocr_par' dir='ltr' id='par_1_87' title="bbox 1456 5233 2113 5297">
     <span class='ocr_line' id='line_1_87' title="bbox 1456 5233 2113 5297; baseline -0.003 -10"><span class='ocrx_word' id='word_1_664' title='bbox 1456 5234 1476 5272; x_wconf 74' lang='grc' dir='ltr'><strong><em>ῖ</em></strong></span> <span class='ocrx_word' id='word_1_665' title='bbox 1517 5234 1656 5288; x_wconf 89' lang='lat' dir='ltr'><strong>Psal.</strong></span> <span class='ocrx_word' id='word_1_666' title='bbox 1701 5249 1893 5297; x_wconf 71' lang='lat' dir='ltr'><strong>cxvm,</strong></span> <span class='ocrx_word' id='word_1_667' title='bbox 1955 5233 2014 5296; x_wconf 75' lang='grc'>1,</span> <span class='ocrx_word' id='word_1_668' title='bbox 2059 5234 2113 5287; x_wconf 68' lang='lat'><strong>2.</strong></span> 
     </span>
    </p>
   </div>
   <div class='ocr_carea' id='block_1_88' title="bbox 2130 3309 3687 3386">
    <p class='ocr_par' dir='ltr' id='par_1_88' title="bbox 2130 3309 3687 3386">
     <span class='ocr_line' id='line_1_88' title="bbox 2130 3309 3687 3386; baseline -0.007 -16"><span class='ocrx_word' id='word_1_669' title='bbox 2130 3317 2315 3370; x_wconf 79' lang='grc' dir='ltr'>αὐτοῦ’</span> <span class='ocrx_word' id='word_1_670' title='bbox 2342 3320 2398 3368; x_wconf 84' lang='grc' dir='ltr'>ἐν</span> <span class='ocrx_word' id='word_1_671' title='bbox 2428 3316 2522 3386; x_wconf 78' lang='grc' dir='ltr'><strong>ὅλῃ</strong></span> <span class='ocrx_word' id='word_1_672' title='bbox 2552 3316 2746 3385; x_wconf 81' lang='grc' dir='ltr'>καρδίᾳ</span> <span class='ocrx_word' id='word_1_673' title='bbox 2771 3314 3160 3384; x_wconf 78' lang='grc' dir='ltr'>ἐκζητήσουσιν</span> <span class='ocrx_word' id='word_1_674' title='bbox 3189 3313 3365 3365; x_wconf 75' lang='grc' dir='ltr'>αὐτόν.</span> <span class='ocrx_word' id='word_1_675' title='bbox 3391 3329 3409 3360; x_wconf 71' lang='grc' dir='ltr'><strong>ι</strong></span> <span class='ocrx_word' id='word_1_676' title='bbox 3445 3309 3612 3362; x_wconf 84' lang='grc' dir='ltr'>Τοῦτο</span> <span class='ocrx_word' id='word_1_677' title='bbox 3628 3309 3687 3362; x_wconf 70' lang='grc' dir='ltr'>δὲ</span> 
     </span>
    </p>
   </div>
   <div class='ocr_carea' id='block_1_89' title="bbox 2115 3400 3687 3472">
    <p class='ocr_par' dir='ltr' id='par_1_89' title="bbox 2115 3400 3687 3472">
     <span class='ocr_line' id='line_1_89' title="bbox 2115 3400 3687 3472; baseline -0.008 -10"><span class='ocrx_word' id='word_1_678' title='bbox 2115 3410 2218 3462; x_wconf 84' lang='grc' dir='ltr'><strong>κάν</strong></span> <span class='ocrx_word' id='word_1_679' title='bbox 2254 3410 2366 3469; x_wconf 79' lang='grc' dir='ltr'>τοῖς</span> <span class='ocrx_word' id='word_1_680' title='bbox 2397 3407 2561 3468; x_wconf 77' lang='grc' dir='ltr'>θείοις</span> <span class='ocrx_word' id='word_1_681' title='bbox 2592 3405 2944 3472; x_wconf 80' lang='grc' dir='ltr'>Εὐαγγελεοις</span> <span class='ocrx_word' id='word_1_682' title='bbox 2987 3406 3014 3456; x_wconf 88' lang='grc' dir='ltr'>ὁ</span> <span class='ocrx_word' id='word_1_683' title='bbox 3064 3403 3172 3454; x_wconf 87' lang='grc' dir='ltr'><strong>τῶν</strong></span> <span class='ocrx_word' id='word_1_684' title='bbox 3215 3403 3350 3454; x_wconf 83' lang='grc' dir='ltr'>ὅλων</span> <span class='ocrx_word' id='word_1_685' title='bbox 3382 3402 3568 3469; x_wconf 80' lang='grc' dir='ltr'>Σωτὴρ</span> <span class='ocrx_word' id='word_1_686' title='bbox 3603 3400 3687 3462; x_wconf 78' lang='grc' dir='ltr'><strong>ἑξ-</strong></span> 
     </span>
    </p>
   </div>
   <div class='ocr_carea' id='block_1_90' title="bbox 2117 3489 3690 3564">
    <p class='ocr_par' dir='ltr' id='par_1_90' title="bbox 2117 3489 3690 3564">
     <span class='ocr_line' id='line_1_90' title="bbox 2117 3489 3690 3564; baseline -0.006 -14"><span class='ocrx_word' id='word_1_687' title='bbox 2117 3499 2420 3550; x_wconf 81' lang='grc' dir='ltr'>επαίδευσε.</span> <span class='ocrx_word' id='word_1_688' title='bbox 2449 3495 2756 3564; x_wconf 78' lang='grc' dir='ltr'>Μακαρίζει</span> <span class='ocrx_word' id='word_1_689' title='bbox 2791 3493 2897 3563; x_wconf 80' lang='grc' dir='ltr'><strong>γάρ</strong></span> <span class='ocrx_word' id='word_1_690' title='bbox 2933 3495 2993 3546; x_wconf 77' lang='grc' dir='ltr'><strong>οὐ</strong></span> <span class='ocrx_word' id='word_1_691' title='bbox 3027 3495 3153 3555; x_wconf 74' lang='grc' dir='ltr'>τοὺς</span> <span class='ocrx_word' id='word_1_692' title='bbox 3182 3489 3560 3552; x_wconf 81' lang='grc' dir='ltr'>πλουτοῦντας.</span> <span class='ocrx_word' id='word_1_693' title='bbox 3592 3489 3690 3541; x_wconf 72' lang='grc' dir='ltr'>καὶ</span> 
     </span>
    </p>
   </div>
   <div class='ocr_carea' id='block_1_91' title="bbox 2118 3581 3690 3658">
    <p class='ocr_par' dir='ltr' id='par_1_91' title="bbox 2118 3581 3690 3658">
     <span class='ocr_line' id='line_1_91' title="bbox 2118 3581 3690 3658; baseline -0.007 -17"><span class='ocrx_word' id='word_1_694' title='bbox 2118 3587 2454 3658; x_wconf 84' lang='grc' dir='ltr'>τρυφῶντας,</span> <span class='ocrx_word' id='word_1_695' title='bbox 2498 3586 2591 3639; x_wconf 71' lang='grc' dir='ltr'><strong>καὶ</strong></span> <span class='ocrx_word' id='word_1_696' title='bbox 2634 3586 2774 3638; x_wconf 68' lang='grc' dir='ltr'>κατὰ</span> <span class='ocrx_word' id='word_1_697' title='bbox 2823 3584 2947 3654; x_wconf 82' lang='grc' dir='ltr'>ῥοῦν</span> <span class='ocrx_word' id='word_1_698' title='bbox 3001 3583 3352 3652; x_wconf 77' lang='grc' dir='ltr'>φερομένους,</span> <span class='ocrx_word' id='word_1_699' title='bbox 3383 3581 3516 3633; x_wconf 75' lang='grc' dir='ltr'>ἀλλὰ</span> <span class='ocrx_word' id='word_1_700' title='bbox 3561 3581 3690 3640; x_wconf 73' lang='grc' dir='ltr'>τοὺς</span> 
     </span>
    </p>
   </div>
   <div class='ocr_carea' id='block_1_92' title="bbox 2122 3671 3691 3747">
    <p class='ocr_par' dir='ltr' id='par_1_92' title="bbox 2122 3671 3691 3747">
     <span class='ocr_line' id='line_1_92' title="bbox 2122 3671 3691 3747; baseline -0.006 -18"><span class='ocrx_word' id='word_1_701' title='bbox 2122 3678 2370 3747; x_wconf 78' lang='grc' dir='ltr'>πτωχοὺς</span> <span class='ocrx_word' id='word_1_702' title='bbox 2402 3676 2480 3745; x_wconf 82' lang='grc' dir='ltr'>τῷ</span> <span class='ocrx_word' id='word_1_703' title='bbox 2513 3675 2801 3744; x_wconf 83' lang='grc' dir='ltr'>πνεύματι,</span> <span class='ocrx_word' id='word_1_704' title='bbox 2849 3674 2942 3727; x_wconf 76' lang='grc' dir='ltr'>καὶ</span> <span class='ocrx_word' id='word_1_705' title='bbox 2993 3674 3120 3736; x_wconf 71' lang='grc' dir='ltr'>τοὺς</span> <span class='ocrx_word' id='word_1_706' title='bbox 3174 3675 3387 3743; x_wconf 75' lang='grc' dir='ltr'>πραεῖς,</span> <span class='ocrx_word' id='word_1_707' title='bbox 3428 3673 3519 3723; x_wconf 71' lang='grc' dir='ltr'><strong>καὶ</strong></span> <span class='ocrx_word' id='word_1_708' title='bbox 3561 3671 3691 3732; x_wconf 62' lang='grc' dir='ltr'>τοῦς</span> 
     </span>
    </p>
   </div>
   <div class='ocr_carea' id='block_1_93' title="bbox 2120 3760 3693 3839">
    <p class='ocr_par' dir='ltr' id='par_1_93' title="bbox 2120 3760 3693 3839">
     <span class='ocr_line' id='line_1_93' title="bbox 2120 3760 3693 3839; baseline -0.006 -19"><span class='ocrx_word' id='word_1_709' title='bbox 2120 3769 2439 3839; x_wconf 75' lang='grc' dir='ltr'>ἐλεήμονας,</span> <span class='ocrx_word' id='word_1_710' title='bbox 2482 3768 2575 3820; x_wconf 72' lang='grc' dir='ltr'><strong>καὶ</strong></span> <span class='ocrx_word' id='word_1_711' title='bbox 2601 3767 2725 3829; x_wconf 78' lang='grc' dir='ltr'>τοὺς</span> <span class='ocrx_word' id='word_1_712' title='bbox 2757 3765 3056 3828; x_wconf 84' lang='grc' dir='ltr'>πεινῶντας</span> <span class='ocrx_word' id='word_1_713' title='bbox 3101 3765 3194 3817; x_wconf 73' lang='grc' dir='ltr'><strong>καὶ</strong></span> <span class='ocrx_word' id='word_1_714' title='bbox 3225 3763 3490 3831; x_wconf 67' lang='grc' dir='ltr'>διψῶντας</span> <span class='ocrx_word' id='word_1_715' title='bbox 3519 3762 3565 3792; x_wconf 82' lang='grc'><strong>⁸³</strong></span> <span class='ocrx_word' id='word_1_716' title='bbox 3593 3760 3693 3828; x_wconf 81' lang='grc' dir='ltr'>τὴν</span> 
     </span>
    </p>
   </div>
   <div class='ocr_carea' id='block_1_94' title="bbox 2121 3849 3698 3927">
    <p class='ocr_par' dir='ltr' id='par_1_94' title="bbox 2121 3849 3698 3927">
     <span class='ocr_line' id='line_1_94' title="bbox 2121 3849 3698 3927; baseline -0.008 -15"><span class='ocrx_word' id='word_1_717' title='bbox 2121 3857 2486 3927; x_wconf 81' lang='grc' dir='ltr'>δικαιοσύνην,</span> <span class='ocrx_word' id='word_1_718' title='bbox 2524 3856 2617 3908; x_wconf 74' lang='grc' dir='ltr'><strong>καὶ</strong></span> <span class='ocrx_word' id='word_1_719' title='bbox 2643 3856 2766 3917; x_wconf 79' lang='grc' dir='ltr'>τοὺς</span> <span class='ocrx_word' id='word_1_720' title='bbox 2795 3855 2932 3923; x_wconf 82' lang='grc' dir='ltr'>ὑπὲρ</span> <span class='ocrx_word' id='word_1_721' title='bbox 2963 3853 3164 3921; x_wconf 79' lang='grc' dir='ltr'><strong>ἀγαθοῦ</strong></span> <span class='ocrx_word' id='word_1_722' title='bbox 3198 3869 3338 3913; x_wconf 88' lang='grc' dir='ltr'>τινος</span> <span class='ocrx_word' id='word_1_723' title='bbox 3379 3849 3562 3910; x_wconf 84' lang='grc' dir='ltr'>κακῶς</span> <span class='ocrx_word' id='word_1_724' title='bbox 3589 3849 3698 3900; x_wconf 78' lang='grc' dir='ltr'><strong>πά·</strong></span> 
     </span>
    </p>
   </div>
   <div class='ocr_carea' id='block_1_95' title="bbox 2125 3939 3698 4018">
    <p class='ocr_par' dir='ltr' id='par_1_95' title="bbox 2125 3939 3698 4018">
     <span class='ocr_line' id='line_1_95' title="bbox 2125 3939 3698 4018; baseline -0.004 -18"><span class='ocrx_word' id='word_1_725' title='bbox 2125 3965 2272 4018; x_wconf 81' lang='grc' dir='ltr'>σχειν</span> <span class='ocrx_word' id='word_1_726' title='bbox 2297 3947 2675 4017; x_wconf 82' lang='grc' dir='ltr'>ἀνεχομένους,</span> <span class='ocrx_word' id='word_1_727' title='bbox 2717 3946 2811 3998; x_wconf 80' lang='grc' dir='ltr'>καὶ</span> <span class='ocrx_word' id='word_1_728' title='bbox 2851 3948 2964 4006; x_wconf 83' lang='grc' dir='ltr'>τοῖς</span> <span class='ocrx_word' id='word_1_729' title='bbox 3002 3944 3174 3997; x_wconf 87' lang='grc' dir='ltr'>ταῦτα</span> <span class='ocrx_word' id='word_1_730' title='bbox 3221 3943 3314 3995; x_wconf 81' lang='grc' dir='ltr'><strong>καὶ</strong></span> <span class='ocrx_word' id='word_1_731' title='bbox 3359 3943 3426 3994; x_wconf 79' lang='grc' dir='ltr'><strong>τὰ</strong></span> <span class='ocrx_word' id='word_1_732' title='bbox 3469 3939 3698 3993; x_wconf 78' lang='grc' dir='ltr'>τοιαῦτα</span> 
     </span>
    </p>
   </div>
   <div class='ocr_carea' id='block_1_96' title="bbox 2125 4032 3695 4109">
    <p class='ocr_par' dir='ltr' id='par_1_96' title="bbox 2125 4032 3695 4109">
     <span class='ocr_line' id='line_1_96' title="bbox 2125 4032 3695 4109; baseline -0.006 -17"><span class='ocrx_word' id='word_1_733' title='bbox 2125 4038 2476 4109; x_wconf 82' lang='grc' dir='ltr'>κατορθοῦσιν</span> <span class='ocrx_word' id='word_1_734' title='bbox 2503 4039 2839 4107; x_wconf 81' lang='grc' dir='ltr'>ὑπισχνεῖται</span> <span class='ocrx_word' id='word_1_735' title='bbox 2864 4036 2961 4106; x_wconf 76' lang='grc' dir='ltr'><strong>τὴν</strong></span> <span class='ocrx_word' id='word_1_736' title='bbox 2990 4035 3100 4088; x_wconf 87' lang='grc' dir='ltr'><strong>τῶν</strong></span> <span class='ocrx_word' id='word_1_737' title='bbox 3127 4034 3371 4104; x_wconf 82' lang='grc' dir='ltr'>οὐρανῶν</span> <span class='ocrx_word' id='word_1_738' title='bbox 3398 4032 3695 4103; x_wconf 71' lang='grc' dir='ltr'>βασιλείαν.</span> 
     </span>
    </p>
   </div>
   <div class='ocr_carea' id='block_1_97' title="bbox 2127 4123 3702 4200">
    <p class='ocr_par' dir='ltr' id='par_1_97' title="bbox 2127 4123 3702 4200">
     <span class='ocr_line' id='line_1_97' title="bbox 2127 4123 3702 4200; baseline -0.004 -18"><span class='ocrx_word' id='word_1_739' title='bbox 2127 4130 2404 4200; x_wconf 78' lang='grc' dir='ltr'>Προῦργου</span> <span class='ocrx_word' id='word_1_740' title='bbox 2438 4129 2492 4181; x_wconf 77' lang='grc' dir='ltr'>δὲ</span> <span class='ocrx_word' id='word_1_741' title='bbox 2519 4125 2670 4197; x_wconf 81' lang='grc' dir='ltr'>οἶμαι</span> <span class='ocrx_word' id='word_1_742' title='bbox 2704 4129 2797 4180; x_wconf 74' lang='grc' dir='ltr'><strong>καὶ</strong></span> <span class='ocrx_word' id='word_1_743' title='bbox 2821 4128 3016 4189; x_wconf 76' lang='grc' dir='ltr'>αὐτοὺς</span> <span class='ocrx_word' id='word_1_744' title='bbox 3039 4127 3165 4196; x_wconf 88' lang='grc' dir='ltr'>ὑμῖν</span> <span class='ocrx_word' id='word_1_745' title='bbox 3189 4125 3314 4187; x_wconf 70' lang='grc' dir='ltr'>τοὺς</span> <span class='ocrx_word' id='word_1_746' title='bbox 3343 4125 3399 4175; x_wconf 83' lang='grc' dir='ltr'>ὲν</span> <span class='ocrx_word' id='word_1_747' title='bbox 3421 4123 3702 4191; x_wconf 70' lang='grc' dir='ltr'>εὐφημίας</span> 
     </span>
    </p>
   </div>
   <div class='ocr_carea' id='block_1_98' title="bbox 2128 4214 3702 4290">
    <p class='ocr_par' dir='ltr' id='par_1_98' title="bbox 2128 4214 3702 4290">
     <span class='ocr_line' id='line_1_98' title="bbox 2128 4214 3702 4290; baseline -0.006 -17"><span class='ocrx_word' id='word_1_748' title='bbox 2128 4221 2254 4274; x_wconf 80' lang='grc' dir='ltr'>εἴδει</span> <span class='ocrx_word' id='word_1_749' title='bbox 2311 4219 2617 4290; x_wconf 79' lang='grc' dir='ltr'>γραφέντας</span> <span class='ocrx_word' id='word_1_750' title='bbox 2671 4219 2975 4286; x_wconf 83' lang='grc' dir='ltr'>ἀναγνῶναι</span> <span class='ocrx_word' id='word_1_751' title='bbox 3028 4218 3244 4285; x_wconf 78' lang='grc' dir='ltr'>νόμους·</span> <span class='ocrx_word' id='word_1_752' title='bbox 3290 4233 3306 4265; x_wconf 85' lang='grc' dir='ltr'><strong>ι</strong></span> <span class='ocrx_word' id='word_1_753' title='bbox 3340 4214 3615 4282; x_wconf 77' lang='grc' dir='ltr'>Μακάριοι</span> <span class='ocrx_word' id='word_1_754' title='bbox 3651 4214 3702 4264; x_wconf 76' lang='grc' dir='ltr'>οἱ</span> 
     </span>
    </p>
   </div>
   <div class='ocr_carea' id='block_1_99' title="bbox 2129 4304 3703 4381">
    <p class='ocr_par' dir='ltr' id='par_1_99' title="bbox 2129 4304 3703 4381">
     <span class='ocr_line' id='line_1_99' title="bbox 2129 4304 3703 4381; baseline -0.008 -15"><span class='ocrx_word' id='word_1_755' title='bbox 2129 4313 2332 4381; x_wconf 72' lang='grc' dir='ltr'>πτωχοὶ</span> <span class='ocrx_word' id='word_1_756' title='bbox 2364 4311 2440 4381; x_wconf 83' lang='grc' dir='ltr'>τῷ</span> <span class='ocrx_word' id='word_1_757' title='bbox 2462 4312 2747 4378; x_wconf 80' lang='grc' dir='ltr'>πνεύματι,</span> <span class='ocrx_word' id='word_1_758' title='bbox 2776 4311 2856 4362; x_wconf 86' lang='grc' dir='ltr'><strong>ὃτι</strong></span> <span class='ocrx_word' id='word_1_759' title='bbox 2887 4308 3066 4361; x_wconf 77' lang='grc' dir='ltr'>αὐτῶν</span> <span class='ocrx_word' id='word_1_760' title='bbox 3095 4307 3294 4374; x_wconf 71' lang='grc' dir='ltr'>ἐστινὴ</span> <span class='ocrx_word' id='word_1_761' title='bbox 3325 4305 3566 4374; x_wconf 79' lang='grc' dir='ltr'>βασιλεία</span> <span class='ocrx_word' id='word_1_762' title='bbox 3589 4304 3703 4354; x_wconf 84' lang='grc' dir='ltr'><strong>τῶν</strong></span> 
     </span>
    </p>
   </div>
   <div class='ocr_carea' id='block_1_100' title="bbox 2129 4394 3707 4470">
    <p class='ocr_par' dir='ltr' id='par_1_100' title="bbox 2129 4394 3707 4470">
     <span class='ocr_line' id='line_1_100' title="bbox 2129 4394 3707 4470; baseline -0.006 -17"><span class='ocrx_word' id='word_1_763' title='bbox 2129 4398 2389 4470; x_wconf 83' lang='grc' dir='ltr'>οὐρανῶν.</span> <span class='ocrx_word' id='word_1_764' title='bbox 2424 4397 2770 4465; x_wconf 85' lang='grc' dir='ltr'>Μακάριοιοὶ</span> <span class='ocrx_word' id='word_1_765' title='bbox 2802 4399 3015 4466; x_wconf 84' lang='grc' dir='ltr'>πραεῖς,</span> <span class='ocrx_word' id='word_1_766' title='bbox 3051 4397 3133 4448; x_wconf 83' lang='grc' dir='ltr'><strong>ὅτι</strong></span> <span class='ocrx_word' id='word_1_767' title='bbox 3169 4395 3320 4448; x_wconf 66' lang='grc' dir='ltr'>αὐτοὶ</span> <span class='ocrx_word' id='word_1_768' title='bbox 3362 4394 3707 4463; x_wconf 74' lang='grc' dir='ltr'>κληρονομή-</span> 
     </span>
    </p>
   </div>
   <div class='ocr_carea' id='block_1_101' title="bbox 2134 4482 3706 4556">
    <p class='ocr_par' dir='ltr' id='par_1_101' title="bbox 2134 4482 3706 4556">
     <span class='ocr_line' id='line_1_101' title="bbox 2134 4482 3706 4556; baseline -0.005 -16"><span class='ocrx_word' id='word_1_769' title='bbox 2134 4505 2286 4540; x_wconf 81' lang='grc' dir='ltr'>σουσι</span> <span class='ocrx_word' id='word_1_770' title='bbox 2323 4487 2421 4556; x_wconf 79' lang='grc' dir='ltr'>τὴν</span> <span class='ocrx_word' id='word_1_771' title='bbox 2453 4487 2576 4555; x_wconf 80' lang='grc' dir='ltr'>γῆν.</span> <span class='ocrx_word' id='word_1_772' title='bbox 2607 4487 2953 4556; x_wconf 83' lang='grc' dir='ltr'>Μακάριοιοὶ</span> <span class='ocrx_word' id='word_1_773' title='bbox 2988 4485 3277 4547; x_wconf 80' lang='grc' dir='ltr'>πεινῶντες</span> <span class='ocrx_word' id='word_1_774' title='bbox 3319 4485 3409 4535; x_wconf 79' lang='grc' dir='ltr'><strong>καὶ</strong></span> <span class='ocrx_word' id='word_1_775' title='bbox 3441 4482 3706 4550; x_wconf 68' lang='grc' dir='ltr'>διψῶντες</span> 
     </span>
    </p>
   </div>
   <div class='ocr_carea' id='block_1_102' title="bbox 2134 4574 3706 4650">
    <p class='ocr_par' dir='ltr' id='par_1_102' title="bbox 2134 4574 3706 4650">
     <span class='ocr_line' id='line_1_102' title="bbox 2134 4574 3706 4650; baseline -0.006 -16"><span class='ocrx_word' id='word_1_776' title='bbox 2134 4582 2232 4650; x_wconf 79' lang='grc' dir='ltr'>τὴν</span> <span class='ocrx_word' id='word_1_777' title='bbox 2254 4579 2616 4649; x_wconf 80' lang='grc' dir='ltr'>δικαιοσύνην,</span> <span class='ocrx_word' id='word_1_778' title='bbox 2644 4581 2724 4632; x_wconf 79' lang='grc' dir='ltr'><strong>ὅτι</strong></span> <span class='ocrx_word' id='word_1_779' title='bbox 2745 4581 2898 4632; x_wconf 75' lang='grc' dir='ltr'>αὐτοὶ</span> <span class='ocrx_word' id='word_1_780' title='bbox 2928 4579 3388 4648; x_wconf 75' lang='grc' dir='ltr'>χορτασθήσονται</span> <span class='ocrx_word' id='word_1_781' title='bbox 3418 4575 3480 4627; x_wconf 62' lang='grc'><strong>⁸³.</strong></span> <span class='ocrx_word' id='word_1_782' title='bbox 3516 4574 3706 4626; x_wconf 72' lang='grc' dir='ltr'>Μακά-</span> 
     </span>
    </p>
   </div>
   <div class='ocr_carea' id='block_1_103' title="bbox 2137 4668 3700 4744">
    <p class='ocr_par' dir='ltr' id='par_1_103' title="bbox 2137 4668 3700 4744">
     <span class='ocr_line' id='line_1_103' title="bbox 2137 4668 3700 4744; baseline -0.006 -18"><span class='ocrx_word' id='word_1_783' title='bbox 2137 4690 2241 4744; x_wconf 90' lang='grc' dir='ltr'>ριοι</span> <span class='ocrx_word' id='word_1_784' title='bbox 2273 4673 2322 4724; x_wconf 82' lang='grc' dir='ltr'>οἰ</span> <span class='ocrx_word' id='word_1_785' title='bbox 2344 4670 2695 4740; x_wconf 69' lang='grc' dir='ltr'>εἰρηνοποιοὶ,</span> <span class='ocrx_word' id='word_1_786' title='bbox 2729 4671 2812 4723; x_wconf 84' lang='grc' dir='ltr'>ὅτι</span> <span class='ocrx_word' id='word_1_787' title='bbox 2837 4671 2989 4723; x_wconf 79' lang='grc' dir='ltr'>αὐτοὶ</span> <span class='ocrx_word' id='word_1_788' title='bbox 3014 4670 3121 4723; x_wconf 72' lang='grc' dir='ltr'>υἱοὶ</span> <span class='ocrx_word' id='word_1_789' title='bbox 3151 4668 3284 4722; x_wconf 88' lang='grc' dir='ltr'>Θεοῦ</span> <span class='ocrx_word' id='word_1_790' title='bbox 3316 4668 3700 4736; x_wconf 74' lang='grc' dir='ltr'>κληθήσονται.</span> 
     </span>
    </p>
   </div>
   <div class='ocr_carea' id='block_1_104' title="bbox 2137 4759 3704 4832">
    <p class='ocr_par' dir='ltr' id='par_1_104' title="bbox 2137 4759 3704 4832">
     <span class='ocr_line' id='line_1_104' title="bbox 2137 4759 3704 4832; baseline -0.004 -16"><span class='ocrx_word' id='word_1_791' title='bbox 2137 4763 2410 4832; x_wconf 80' lang='grc' dir='ltr'>Μακάριοι</span> <span class='ocrx_word' id='word_1_792' title='bbox 2443 4764 2489 4816; x_wconf 87' lang='grc' dir='ltr'>οἱ</span> <span class='ocrx_word' id='word_1_793' title='bbox 2519 4761 2863 4831; x_wconf 81' lang='grc' dir='ltr'>δεδιωγμένοι</span> <span class='ocrx_word' id='word_1_794' title='bbox 2885 4761 3070 4814; x_wconf 73' lang='grc' dir='ltr'>ἕνεκεν</span> <span class='ocrx_word' id='word_1_795' title='bbox 3091 4759 3454 4830; x_wconf 80' lang='grc' dir='ltr'>δικαιοσύνης,</span> <span class='ocrx_word' id='word_1_796' title='bbox 3484 4760 3567 4810; x_wconf 80' lang='grc' dir='ltr'>ὅτι</span> <span class='ocrx_word' id='word_1_797' title='bbox 3602 4759 3704 4810; x_wconf 70' lang='lat' dir='ltr'><strong>c6-</strong></span> 
     </span>
    </p>
   </div>
   <div class='ocr_carea' id='block_1_105' title="bbox 2137 4850 3706 4923">
    <p class='ocr_par' dir='ltr' id='par_1_105' title="bbox 2137 4850 3706 4923">
     <span class='ocr_line' id='line_1_105' title="bbox 2137 4850 3706 4923; baseline -0.002 -20"><span class='ocrx_word' id='word_1_798' title='bbox 2137 4853 2244 4905; x_wconf 88' lang='grc' dir='ltr'><strong>τῶν</strong></span> <span class='ocrx_word' id='word_1_799' title='bbox 2300 4855 2444 4906; x_wconf 74' lang='grc' dir='ltr'>ἐστιν</span> <span class='ocrx_word' id='word_1_800' title='bbox 2494 4853 2526 4920; x_wconf 86' lang='grc' dir='ltr'><strong>ἠ</strong></span> <span class='ocrx_word' id='word_1_801' title='bbox 2587 4851 2830 4920; x_wconf 81' lang='grc' dir='ltr'>βασιλεία</span> <span class='ocrx_word' id='word_1_802' title='bbox 2871 4853 2978 4905; x_wconf 82' lang='grc' dir='ltr'><strong>τῶν</strong></span> <span class='ocrx_word' id='word_1_803' title='bbox 3018 4853 3278 4923; x_wconf 83' lang='grc' dir='ltr'>οὐρανῶν.</span> <span class='ocrx_word' id='word_1_804' title='bbox 3331 4852 3605 4919; x_wconf 78' lang='grc' dir='ltr'>Μακάριοι</span> <span class='ocrx_word' id='word_1_805' title='bbox 3657 4850 3706 4900; x_wconf 82' lang='grc' dir='ltr'>οἱ</span> 
     </span>
    </p>
   </div>
   <div class='ocr_carea' id='block_1_106' title="bbox 2137 4942 3709 5013">
    <p class='ocr_par' dir='ltr' id='par_1_106' title="bbox 2137 4942 3709 5013">
     <span class='ocr_line' id='line_1_106' title="bbox 2137 4942 3709 5013; baseline -0.001 -21"><span class='ocrx_word' id='word_1_806' title='bbox 2137 4942 2442 5012; x_wconf 79' lang='grc' dir='ltr'>ἐλεήμονες,</span> <span class='ocrx_word' id='word_1_807' title='bbox 2488 4943 2567 4995; x_wconf 84' lang='grc' dir='ltr'>ὅτι</span> <span class='ocrx_word' id='word_1_808' title='bbox 2601 4942 2753 4995; x_wconf 73' lang='grc' dir='ltr'>αὐτοὶ</span> <span class='ocrx_word' id='word_1_809' title='bbox 2788 4943 3188 5013; x_wconf 72' lang='grc' dir='ltr'>ἐλεηθήσονται.</span> <span class='ocrx_word' id='word_1_810' title='bbox 3217 4942 3492 5010; x_wconf 76' lang='grc' dir='ltr'>Μακάριοι</span> <span class='ocrx_word' id='word_1_811' title='bbox 3525 4943 3575 4992; x_wconf 82' lang='grc' dir='ltr'>οἱ</span> <span class='ocrx_word' id='word_1_812' title='bbox 3607 4958 3709 4992; x_wconf 63' lang='grc' dir='ltr'>και</span> 
     </span>
    </p>
   </div>
   <div class='ocr_carea' id='block_1_107' title="bbox 2139 5029 3709 5101">
    <p class='ocr_par' dir='ltr' id='par_1_107' title="bbox 2139 5029 3709 5101">
     <span class='ocr_line' id='line_1_107' title="bbox 2139 5029 3709 5101; baseline -0.003 -18"><span class='ocrx_word' id='word_1_813' title='bbox 2139 5032 2294 5101; x_wconf 72' lang='grc' dir='ltr'>Οαροὶ</span> <span class='ocrx_word' id='word_1_814' title='bbox 2325 5035 2390 5101; x_wconf 81' lang='grc' dir='ltr'>τῇ</span> <span class='ocrx_word' id='word_1_815' title='bbox 2422 5031 2636 5101; x_wconf 68' lang='grc' dir='ltr'>καρδία,</span> <span class='ocrx_word' id='word_1_816' title='bbox 2677 5033 2757 5084; x_wconf 83' lang='grc' dir='ltr'>ὃτι</span> <span class='ocrx_word' id='word_1_817' title='bbox 2789 5032 2942 5084; x_wconf 81' lang='grc' dir='ltr'>αὐτοὶ</span> <span class='ocrx_word' id='word_1_818' title='bbox 2967 5031 3056 5084; x_wconf 82' lang='grc' dir='ltr'><strong>τὸν</strong></span> <span class='ocrx_word' id='word_1_819' title='bbox 3087 5031 3218 5083; x_wconf 80' lang='grc' dir='ltr'>Θεὸν</span> <span class='ocrx_word' id='word_1_820' title='bbox 3259 5030 3497 5098; x_wconf 68' lang='grc' dir='ltr'>ὄψονται.</span> <span class='ocrx_word' id='word_1_821' title='bbox 3541 5047 3558 5078; x_wconf 77' lang='grc' dir='ltr'><strong>ι</strong></span> <span class='ocrx_word' id='word_1_822' title='bbox 3600 5029 3709 5078; x_wconf 67' lang='grc' dir='ltr'><strong>Καὶ</strong></span> 
     </span>
    </p>
   </div>
   <div class='ocr_carea' id='block_1_108' title="bbox 2141 5116 3707 5192">
    <p class='ocr_par' dir='ltr' id='par_1_108' title="bbox 2141 5116 3707 5192">
     <span class='ocr_line' id='line_1_108' title="bbox 2141 5116 3707 5192; baseline -0.004 -17"><span class='ocrx_word' id='word_1_823' title='bbox 2141 5123 2208 5176; x_wconf 78' lang='grc' dir='ltr'><strong>τά</strong></span> <span class='ocrx_word' id='word_1_824' title='bbox 2243 5122 2375 5176; x_wconf 79' lang='grc' dir='ltr'>ἄλλα</span> <span class='ocrx_word' id='word_1_825' title='bbox 2399 5122 2477 5186; x_wconf 81' lang='grc' dir='ltr'>δὲ,</span> <span class='ocrx_word' id='word_1_826' title='bbox 2500 5116 2544 5173; x_wconf 79' lang='grc' dir='ltr'>ὦ</span> <span class='ocrx_word' id='word_1_827' title='bbox 2565 5122 2774 5192; x_wconf 81' lang='grc' dir='ltr'>ἄνδρες,</span> <span class='ocrx_word' id='word_1_828' title='bbox 2806 5121 2901 5192; x_wconf 80' lang='grc' dir='ltr'>τὴν</span> <span class='ocrx_word' id='word_1_829' title='bbox 2927 5123 3094 5192; x_wconf 78' lang='grc' dir='ltr'>αὐτὴν</span> <span class='ocrx_word' id='word_1_830' title='bbox 3129 5122 3238 5191; x_wconf 75' lang='grc' dir='ltr'>ἔχει</span> <span class='ocrx_word' id='word_1_831' title='bbox 3271 5121 3526 5173; x_wconf 80' lang='grc' dir='ltr'>διάνοιαν.</span> <span class='ocrx_word' id='word_1_832' title='bbox 3569 5118 3707 5170; x_wconf 79' lang='grc' dir='ltr'>Ἀλλ’</span> 
     </span>
    </p>
   </div>
   <div class='ocr_carea' id='block_1_109' title="bbox 2212 5231 3708 5301">
    <p class='ocr_par' dir='ltr' id='par_1_109' title="bbox 2212 5231 3708 5301">
     <span class='ocr_line' id='line_1_109' title="bbox 2212 5231 3708 5301; baseline 0.002 -22"><span class='ocrx_word' id='word_1_833' title='bbox 2212 5244 2224 5279; x_wconf 75' lang='grc' dir='ltr'><strong>ι</strong></span> <span class='ocrx_word' id='word_1_834' title='bbox 2273 5231 2462 5285; x_wconf 82' lang='lat' dir='ltr'><strong>Matth.</strong></span> <span class='ocrx_word' id='word_1_835' title='bbox 2497 5249 2548 5298; x_wconf 85' lang='lat' dir='ltr'><strong>v,</strong></span> <span class='ocrx_word' id='word_1_836' title='bbox 2610 5232 2744 5286; x_wconf 79' lang='grc'><strong>5-10</strong></span> <span class='ocrx_word' id='word_1_837' title='bbox 2810 5231 2924 5301; x_wconf 92' lang='lat' dir='ltr'><strong>(sed</strong></span> <span class='ocrx_word' id='word_1_838' title='bbox 2981 5240 3189 5285; x_wconf 88' lang='lat' dir='ltr'><strong>mutato</strong></span> <span class='ocrx_word' id='word_1_839' title='bbox 3241 5239 3574 5285; x_wconf 84' lang='lat' dir='ltr'><strong>commatqu</strong></span> <span class='ocrx_word' id='word_1_840' title='bbox 3613 5243 3708 5283; x_wconf 84' lang='lat' dir='ltr'><strong>or-</strong></span> 
     </span>
    </p>
   </div>
   <div class='ocr_carea' id='block_1_110' title="bbox 1735 5363 2424 5423">
    <p class='ocr_par' dir='ltr' id='par_1_110' title="bbox 1735 5363 2424 5423">
     <span class='ocr_line' id='line_1_110' title="bbox 1735 5363 2424 5423; baseline 0.004 -4"><span class='ocrx_word' id='word_1_841' title='bbox 1735 5364 1972 5421; x_wconf 65' lang='lat' dir='ltr'><strong>VAlliA&#39;l</strong></span> <span class='ocrx_word' id='word_1_842' title='bbox 2017 5363 2424 5423; x_wconf 77' lang='lat' dir='ltr'><strong>LECTIONES.</strong></span> 
     </span>
    </p>
   </div>
   <div class='ocr_carea' id='block_1_111' title="bbox 545 5506 2976 5581">
    <p class='ocr_par' dir='ltr' id='par_1_111' title="bbox 545 5506 2976 5581">
     <span class='ocr_line' id='line_1_111' title="bbox 545 5506 2976 5581; baseline -0 -20"><span class='ocrx_word' id='word_1_843' title='bbox 545 5506 588 5581; x_wconf 53' lang='grc' dir='ltr'><strong>τῗ</strong></span> <span class='ocrx_word' id='word_1_844' title='bbox 619 5508 948 5581; x_wconf 41' lang='grc' dir='ltr'>Ἠ-ρακλὲωνι</span> <span class='ocrx_word' id='word_1_845' title='bbox 1000 5511 1356 5581; x_wconf 78' lang='grc' dir='ltr'>διηγουμένῳ.</span> <span class='ocrx_word' id='word_1_846' title='bbox 1422 5510 1827 5581; x_wconf 14' lang='grc' dir='ltr'>Ἦρακλεωνίδῃν</span> <span class='ocrx_word' id='word_1_847' title='bbox 1870 5511 2179 5581; x_wconf 50' lang='grc' dir='ltr'>ἡγουμένῳ</span> <span class='ocrx_word' id='word_1_848' title='bbox 2205 5507 2709 5581; x_wconf 39' lang='grc' dir='ltr'>0,---Ὶιρ-ακλεονίδι</span> <span class='ocrx_word' id='word_1_849' title='bbox 2750 5508 2976 5581; x_wconf 31' lang='grc' dir='ltr'>ἠγκγα.</span> 
     </span>
    </p>
   </div>
   <div class='ocr_carea' id='block_1_112' title="bbox 3059 5505 3709 5574">
    <p class='ocr_par' dir='ltr' id='par_1_112' title="bbox 3059 5505 3709 5574">
     <span class='ocr_line' id='line_1_112' title="bbox 3059 5505 3709 5574; baseline -0.008 -15"><span class='ocrx_word' id='word_1_850' title='bbox 3059 5509 3100 5538; x_wconf 82' lang='grc'><strong>⁷⁸</strong></span> <span class='ocrx_word' id='word_1_851' title='bbox 3117 5507 3175 5559; x_wconf 71' lang='grc' dir='ltr'>οὗ</span> <span class='ocrx_word' id='word_1_852' title='bbox 3201 5506 3396 5574; x_wconf 80' lang='grc' dir='ltr'>βιαίου.</span> <span class='ocrx_word' id='word_1_853' title='bbox 3423 5506 3484 5558; x_wconf 69' lang='grc' dir='ltr'>οὐ</span> <span class='ocrx_word' id='word_1_854' title='bbox 3514 5505 3709 5574; x_wconf 67' lang='grc' dir='ltr'>μικρὲν</span> 
     </span>
    </p>
   </div>
   <div class='ocr_carea' id='block_1_113' title="bbox 477 5574 3704 5675">
    <p class='ocr_par' dir='ltr' id='par_1_113' title="bbox 477 5574 3704 5675">
     <span class='ocr_line' id='line_1_113' title="bbox 477 5574 3704 5675; baseline -0 -47"><span class='ocrx_word' id='word_1_855' title='bbox 477 5574 650 5675; x_wconf 44' lang='lat' dir='ltr'><strong>attito»</strong></span> <span class='ocrx_word' id='word_1_856' title='bbox 760 5578 922 5675; x_wconf 44' lang='lat' dir='ltr'><strong>Sirmi</strong></span> <span class='ocrx_word' id='word_1_857' title='bbox 955 5574 1390 5675; x_wconf 57' lang='grc' dir='ltr'><strong>Μοι’ἕ¹τξραςέίξι</strong></span> <span class='ocrx_word' id='word_1_858' title='bbox 1431 5574 1533 5632; x_wconf 74' lang='lat' dir='ltr'><strong>Vb.</strong></span> <span class='ocrx_word' id='word_1_859' title='bbox 1571 5574 2378 5675; x_wconf 36' lang='lat' dir='ltr'><strong>793.9525319;s§c,_ga‘ge60ap&#39;\’b.</strong></span> <span class='ocrx_word' id='word_1_860' title='bbox 2405 5574 2489 5675; x_wconf 45' lang='lat' dir='ltr'><strong>;D;</strong></span> <span class='ocrx_word' id='word_1_861' title='bbox 2508 5578 2728 5675; x_wconf 49' lang='lat' dir='ltr'><strong>hiox‘ﬁh</strong></span> <span class='ocrx_word' id='word_1_862' title='bbox 2849 5578 3032 5675; x_wconf 64' lang='lat' dir='ltr'><strong>Yb._8°</strong></span> <span class='ocrx_word' id='word_1_863' title='bbox 3067 5577 3199 5629; x_wconf 71' lang='grc' dir='ltr'>ἀλλὰ</span> <span class='ocrx_word' id='word_1_864' title='bbox 3227 5579 3464 5668; x_wconf 34' lang='grc' dir='ltr'>καὶζκρςι</span> <span class='ocrx_word' id='word_1_865' title='bbox 3497 5591 3608 5628; x_wconf 89' lang='lat' dir='ltr'><strong>om.</strong></span> 
     </span>
    </p>
   </div>
   <div class='ocr_carea' id='block_1_114' title="bbox 507 5643 3702 5720">
    <p class='ocr_par' dir='ltr' id='par_1_114' title="bbox 507 5643 3702 5720">
     <span class='ocr_line' id='line_1_114' title="bbox 507 5643 3702 5720; baseline -0.001 -25"><span class='ocrx_word' id='word_1_866' title='bbox 507 5645 858 5720; x_wconf 63' lang='grc' dir='ltr'>ιᾲγαγόντας.</span> <span class='ocrx_word' id='word_1_867' title='bbox 892 5650 1119 5714; x_wconf 73' lang='grc' dir='ltr'>ἄγοντας</span> <span class='ocrx_word' id='word_1_868' title='bbox 1141 5643 1203 5720; x_wconf 57' lang='grc' dir='ltr'>Β,</span> <span class='ocrx_word' id='word_1_869' title='bbox 1228 5643 1288 5703; x_wconf 73' lang='grc' dir='ltr'>Π.</span> <span class='ocrx_word' id='word_1_870' title='bbox 1319 5649 1436 5702; x_wconf 77' lang='lat' dir='ltr'><strong>Mox</strong></span> <span class='ocrx_word' id='word_1_871' title='bbox 1471 5643 1808 5720; x_wconf 67' lang='grc' dir='ltr'>πεμφθέντες</span> <span class='ocrx_word' id='word_1_872' title='bbox 1833 5649 1891 5702; x_wconf 71' lang='lat'><strong>(2.</strong></span> <span class='ocrx_word' id='word_1_873' title='bbox 1929 5651 1980 5720; x_wconf 15' lang='grc' dir='ltr'><strong>⁸³ᾃ</strong></span> <span class='ocrx_word' id='word_1_874' title='bbox 2006 5643 2366 5720; x_wconf 21' lang='grc' dir='ltr'>Εὺίαγγελίῳν.</span> <span class='ocrx_word' id='word_1_875' title='bbox 2397 5643 2733 5720; x_wconf 45' lang='grc' dir='ltr'>ἀνδρῶνλτι).</span> <span class='ocrx_word' id='word_1_876' title='bbox 2778 5649 2822 5680; x_wconf 80' lang='grc'><strong>⁸³</strong></span> <span class='ocrx_word' id='word_1_877' title='bbox 2851 5647 3137 5720; x_wconf 58' lang='grc' dir='ltr'>διψῶντας.</span> <span class='ocrx_word' id='word_1_878' title='bbox 3177 5649 3302 5708; x_wconf 71' lang='grc' dir='ltr'>τοὺς</span> <span class='ocrx_word' id='word_1_879' title='bbox 3337 5645 3604 5720; x_wconf 43' lang='grc' dir='ltr'>διψῶντας</span> <span class='ocrx_word' id='word_1_880' title='bbox 3637 5643 3702 5708; x_wconf 68' lang='lat' dir='ltr'><strong>it,</strong></span> 
     </span>
    </p>
   </div>
   <div class='ocr_carea' id='block_1_115' title="bbox 477 5712 3622 5787">
    <p class='ocr_par' dir='ltr' id='par_1_115' title="bbox 477 5712 3622 5787">
     <span class='ocr_line' id='line_1_115' title="bbox 477 5712 3622 5787; baseline 0 -22"><span class='ocrx_word' id='word_1_881' title='bbox 477 5712 570 5782; x_wconf 87' lang='lat' dir='ltr'><strong>qui</strong></span> <span class='ocrx_word' id='word_1_882' title='bbox 605 5712 743 5765; x_wconf 81' lang='lat' dir='ltr'><strong>infra</strong></span> <span class='ocrx_word' id='word_1_883' title='bbox 771 5712 962 5781; x_wconf 70' lang='grc' dir='ltr'>νόμους</span> <span class='ocrx_word' id='word_1_884' title='bbox 989 5719 1307 5782; x_wconf 76' lang='grc' dir='ltr'>ἀναγνῶναι.</span> <span class='ocrx_word' id='word_1_885' title='bbox 1389 5719 1428 5746; x_wconf 61' lang='grc'><strong>⁸³</strong></span> <span class='ocrx_word' id='word_1_886' title='bbox 1463 5712 1934 5787; x_wconf 63' lang='grc' dir='ltr'>χορτασθήσονται.</span> <span class='ocrx_word' id='word_1_887' title='bbox 1963 5718 2086 5771; x_wconf 81' lang='lat' dir='ltr'><strong>Post</strong></span> <span class='ocrx_word' id='word_1_888' title='bbox 2122 5712 2174 5770; x_wconf 82' lang='lat' dir='ltr'><strong>h.</strong></span> <span class='ocrx_word' id='word_1_889' title='bbox 2209 5734 2260 5772; x_wconf 78' lang='grc' dir='ltr'>γ.</span> <span class='ocrx_word' id='word_1_890' title='bbox 2297 5712 2554 5771; x_wconf 22' lang='lat' dir='ltr'><strong>inserit—0</strong></span> <span class='ocrx_word' id='word_1_891' title='bbox 2579 5719 2848 5787; x_wconf 81' lang='grc' dir='ltr'>Μακάριοι</span> <span class='ocrx_word' id='word_1_892' title='bbox 2879 5712 2926 5769; x_wconf 77' lang='grc' dir='ltr'>οἱ</span> <span class='ocrx_word' id='word_1_893' title='bbox 2972 5717 3258 5785; x_wconf 71' lang='grc' dir='ltr'>ἐλεήμονες</span> <span class='ocrx_word' id='word_1_894' title='bbox 3281 5745 3349 5754; x_wconf 85' lang='lat'><strong>-—</strong></span> <span class='ocrx_word' id='word_1_895' title='bbox 3379 5715 3622 5785; x_wconf 58' lang='grc' dir='ltr'>ὀψονται.</span> 
     </span>
    </p>
   </div>
  </div>
