3974 6196
345 262 481 332 1113

867 268 1297 332 GR/ECARUM
1336 273 1635 335 AFFECT.
1674 272 2207 340 CURATIO.—XI.
2249 280 2345 342 DE
2384 280 2562 340 FINE
2600 279 2693 337 ET
2730 276 3045 337 JUDICIO.

3437 270 3574 338 1114

344 380 508 450 ἀρκεῖ
536 381 629 434 καὶ
664 379 832 436 ταῦτα
861 381 1099 452 δηλῶσαι
1123 384 1214 437 τὸν
1237 385 1329 437 τοῦ
1355 384 1642 456 νομοθέτου
1681 384 1900 449 σκοπὸν,

2009 390 2384 461 ηοεέρεοιιιιε
2422 390 2585 445 ﬁnem
2616 387 2922 444 edocuerit.
2952 386 3141 453 Neque
3164 382 3318 439 enim
3346 382 3571 439 divitias

345 470 440 522 καὶ
469 470 604 541 πρὸς
631 472 779 523 ποῖον
801 472 947 542 ἡμᾶς
972 474 1179 546 ἁφορᾷν
1206 475 1406 540 ἐδίδαξε
1429 476 1599 539 τέλος.
1634 474 1770 528 Οῦτε
1798 476 1906 546 γὰρ

347 561 576 614 πλοῦτον
610 563 933 631 καραδοκεῖν
965 565 1268 629 ἐκέλευσεν,
1314 565 1435 619 οὔτε
1466 566 1715 637 σώματος
1755 566 1903 637 ὥραν

346 653 441 706 καὶ
487 654 691 720 ὑγείαν,
741 654 875 708 ἀλλὰ
922 657 1047 719 τοὺς
1086 658 1182 727 τῆς
1212 657 1413 728 ἀρετῆς
1445 659 1490 690 ⁸⁸
1520 658 1770 728 ἱδρῶτας,
1812 656 1906 710 καὶ

345 743 469 804 τοὺς
500 744 640 815 ὑπὲρ
678 744 878 815 ταύτης
910 746 1204 811 κινδύνους,
1241 747 1333 800 καὶ
1367 748 1435 801 τὰ
1479 747 1710 817 μέγιστα
1738 748 1906 818 αὐτῆς

345 824 480 882 ἆθλα
515 833 607 884 καὶ
630 833 862 904 ἄρρητα.
888 834 979 898 Τίς
1002 835 1109 906 γὰρ
1146 836 1326 899 ἱκανὸς
1352 836 1508 904 λόγος
1532 835 1905 905 τεκμηριῶσαι

346 919 624 988 βασιλείαν
664 924 909 993 οὐρανῶν
953 925 1256 995 ἀνώλεθρόν
1297 945 1355 980 τε
1399 928 1493 980 καὶ
1534 928 1778 1000 ἄπειρον,
1810 926 1907 979 καὶ

348 1009 459 1079 βίον
487 1012 707 1084 ἀγήρων
743 1014 788 1046 ⁸⁸
821 1014 915 1068 καὶ
950 1013 1172 1082 ἄλυπον,
1217 1016 1310 1070 καὶ
1362 1017 1656 1088 φροντίδων
1702 1016 1909 1070 ἐλεύθε-

347 1115 474 1168 Pov;
520 1103 655 1171 Περὶ
704 1102 906 1156 τούτων
953 1105 980 1156 ό
1032 1103 1315 1169 θεσπέσιος
1370 1104 1573 1170 Παῦλος
1626 1104 1742 1176 βοῷ
1785 1124 1802 1156 ⁸
1841 1104 1908 1156 Ἃ

344 1188 618 1261 ὀφθαλμὸς
645 1194 746 1245 οὐκ
777 1189 904 1259 εἶδε,
941 1195 1033 1249 καὶ
1063 1192 1155 1259 οὖς
1202 1196 1302 1248 οὐκ
1343 1195 1565 1266 ἤκουσε,
1611 1198 1703 1249 καὶ
1740 1198 1832 1249 ἐπὶ
1860 1196 1907 1229 ⁸⁷

345 1279 571 1348 καρδίαν
622 1280 905 1350 ἀνθρώπου
940 1283 1039 1337 οὐκ
1069 1283 1256 1354 ἀνέϐη,
1296 1283 1332 1338 ἃ
1378 1284 1669 1356 ἡτοίμασεν
1712 1288 1740 1339 ό
1776 1285 1904 1349 Θεὸς

344 1371 456 1432 τοῖς
499 1371 781 1438 ἀγαπῶσιν
826 1374 1007 1428 αὐτόν.
1039 1394 1057 1424 ι
1095 1376 1157 1427 Ei
1196 1375 1323 1429 δὲό
1355 1375 1559 1429 τούτων
1597 1377 1836 1448 ἐπόπτης
1861 1377 1907 1409 ⁸⁸

345 1460 442 1512 οὐκ
473 1460 685 1531 ἴσχυσεν
709 1466 884 1517 εἰπεῖν
912 1465 1053 1534 ειπερ
1079 1466 1204 1518 ἰδεῖν
1236 1465 1281 1498 ⁸⁸
1312 1466 1539 1537 ἠξιώθη,
1571 1468 1729 1538 σχολῇ
1765 1468 1815 1535 γ’
1841 1468 1908 1521 ἂν

345 1551 501 1614 ἄλλος
554 1554 659 1606 τῶν
707 1555 999 1626 ἁφράστων
1041 1555 1529 1627 κατατολμήσοιθο.
1567 1558 1689 1611 Ὀτι
1732 1558 1909 1611 δὲκαὶ

344 1644 503 1706 αὐτὸς
532 1644 686 1708 τέλος
715 1646 950 1716 ὡρίσατο
974 1649 1083 1700 τῶν
1104 1647 1323 1715 ἀγαθῶν
1349 1648 1448 1718 τὴν
1475 1647 1617 1719 ζωὴν
1650 1650 1748 1718 τὴν
1778 1648 1908 1700 αἰώ-

344 1750 480 1795 νιον,
517 1735 783 1789 ἀκούσατε
838 1737 1003 1790 αὐτοῦ
1065 1735 1356 1808 Ῥωμαίοις
1383 1737 1703 1808 γράφοντος·
1735 1758 1754 1789 ι
1778 1739 1905 1792 Ὅτε

344 1821 453 1889 γὰρ
482 1818 577 1891 ἦτε
606 1823 777 1877 δοῦλοι
813 1825 912 1894 τῆς
954 1826 1248 1895 ἁμαρτίας,
1276 1826 1547 1897 ἐλεύθεροι
1594 1823 1692 1898 ἦτε
1726 1830 1793 1899 τῇ
1831 1828 1909 1881 δι-

343 1914 623 1983 καιοσύνῃ.
649 1912 914 1969 Τίναόὗν
954 1917 1164 1986 καρπὸν
1197 1916 1369 1988 εἴχετε
1420 1916 1540 1969 τότε
1580 1917 1666 1987 ἐφ’
1695 1911 1775 1980 οἷς
1813 1917 1908 1973 νῦν

341 2004 770 2075 ἐπαισχύνεσοες
823 2007 895 2060 Τὸ
933 2008 1031 2077 μὲν
1061 2007 1169 2079 γὰρ
1209 2008 1360 2069 τέλος
1404 2008 1627 2062 ἐκείνων
1650 2010 1716 2075 ⁹¹,
1748 2004 1911 2064 θάναὲ

340 2110 451 2157 τος·
487 2098 603 2148 νυνὶ
625 2097 702 2157 δὲ,
733 2096 1185 2166 ἐλευθερωθέντες
1221 2095 1383 2168 [ἆμα]
1413 2098 1458 2129 ⁹⁹
1483 2097 1590 2150 ἀπὸ
1619 2099 1720 2169 τῆς
1741 2099 1911 2169 ἁμαρ-

339 2184 480 2250 τίας,
529 2186 885 2250 δουλωθέντες
934 2188 990 2240 δὲ
1036 2188 1111 2257 τῷ
1157 2187 1294 2259 Θεῷ,
1348 2188 1499 2259 ἔχετε
1557 2189 1647 2242 τὸν
1694 2190 1910 2261 καρπὸν

341 2277 492 2346 ὑμῶν
521 2279 600 2340 εἰς
630 2279 898 2347 ἁγιασμὸν
926 2281 994 2345 θ’,
1019 2280 1080 2331 τὸ
1106 2280 1163 2332 δὲ
1188 2280 1360 2343 τέλος,
1393 2280 1536 2355 ζωὴν
1565 2281 1801 2336 αἰώνιον.
1829 2282 1911 2335 Τὰ

338 2366 446 2436 γὰρ
483 2366 686 2435 ὀψώνια
728 2367 828 2437 τῆς
859 2369 1151 2440 ἁμαρτίας,
1191 2369 1440 2433 θάνατος·
1479 2372 1540 2423 τὸ
1580 2371 1637 2423 δὲ
1664 2372 1909 2441 χάρισμα

337 2456 431 2508 τοῦ
464 2456 621 2522 Θεοῦ,
655 2457 766 2528 ζωὴ
802 2456 1018 2528 αἰώνιος
1062 2461 1119 2512 ὲν
1145 2458 1363 2531 Χριστῷ
1398 2458 1569 2530 Ἰησοῦ
1612 2460 1690 2532 τῷ
1722 2461 1910 2531 Κυρίῳ

339 2547 519 2615 ἡμῶν.
558 2567 574 2598 ι
622 2550 809 2618 Ἀρκεῖ
826 2550 952 2619 μὲν,
992 2551 1144 2620 φησὶ,
1176 2548 1329 2620 [161⁷1
1359 2551 1453 2604 καὶ
1477 2550 1615 2621 αὐτὴ
1656 2548 1776 2604 καθ’
1812 2552 1910 2605 αὑ-

338 2637 439 2705 τὴν
492 2639 521 2706 ἡ
558 2638 656 2707 τῆς
693 2639 1004 2710 ἐλευθερίας
1054 2640 1233 2710 δωρεὰ
1282 2641 1372 2695 τὸν
1416 2641 1516 2710 τῆς
1559 2639 1910 2705 εὐσεϐείας⁹⁴

341 2727 470 2796 ὑμῖν
498 2729 542 2759 ’⁵
568 2728 828 2791 ἐπιδεῖξαι
858 2728 1088 2799 καρπὸν,
1141 2732 1204 2782 ἐκ
1236 2730 1543 2799 φιλοτιμίας
1585 2731 1643 2784 δὲ
1690 2733 1841 2803 ὅμως
1881 2734 1909 2786 ὁ

344 2816 641 2888 φιλόδωρος
678 2819 771 2870 καὶ
800 2817 1171 2890 μεγαλόδωρος
1203 2819 1409 2890 Κύριος
1442 2820 1534 2874 καὶ
1566 2821 1663 2891 τὴν
1697 2821 1912 2877 αἰώνιον

274 2936 279 2943 -
346 2908 478 2977 ὑμῖν
519 2908 771 2976 δωρεῖται
805 2908 950 2980 ζωὴν
975 2911 1041 2974 ⁸⁸,
1072 2911 1158 2962 ἴνα
1198 2910 1467 2981 ἁμαρτίας
1501 2911 1594 2965 καὶ
1638 2911 1910 2966 δικαιοσύ-

2006 488 2324 548 exspectare
2354 495 2456 535 nos
2488 479 2672 549 jussit,
2712 492 2817 532 nec
2856 472 3324 545 pulchritudinem
3362 472 3567 526 sanita-

2006 578 2226 638 temque
2250 569 2519 640 corporis,
2542 568 2639 623 sed
2661 568 2882 622 virtutis
2907 566 3159 629 sudores,
3182 572 3240 617 et
3263 560 3568 629 suscipien-

2006 659 2073 715 da
2104 660 2176 714 ob
2215 661 2361 714 illam
2404 660 2746 723 discrimina,
2791 657 3137 723 maximaque
3182 665 3237 708 et
3268 650 3567 720 inexplica-

2005 751 2139 805 bilia
2161 752 2311 805 illius
2340 752 2580 820 praemia.
2607 751 2740 816 Quae
2760 749 2911 805 enim
2943 746 3162 815 assequi
3190 744 3365 814 possit
3393 741 3570 796 oratio

2006 840 2312 894 immortale
2340 840 2470 894 illud
2496 839 2880 906 inﬁnitumque
2907 850 3135 905 regnum
3160 832 3446 893 cmlorum,
3482 830 3569 884 vi-

2008 940 2225 1001 tamque
2248 932 2423 995 senio,
2450 931 2599 985 curis
2636 938 2691 983 et
2720 929 3002 983 doloribus
3022 924 3342 982 carentem?
3381 924 3456 976 De
3484 922 3572 977 his

2007 1021 2166 1076 divus
2186 1021 2386 1075 Paulus
2403 1022 2671 1076 exclamat
2698 1036 2710 1072 :
2741 1038 2759 1070 ι
2784 1018 2919 1085 Quae
2939 1018 3131 1072 oculus
3151 1031 3259 1069 non
3287 1013 3445 1077 vidit,
3470 1027 3573 1069 nec

2006 1109 2158 1164 auris
2186 1109 2414 1174 audivit,
2442 1124 2546 1164 nec
2573 1109 2627 1162 in
2653 1123 2749 1162 cor
2780 1105 3020 1161 hominis
3042 1102 3425 1167 ascenderunt,
3450 1116 3574 1170 qua:

2005 1205 2217 1273 paravit
2238 1202 2384 1257 Deus
2410 1201 2766 1272 diligentibus
2797 1212 2924 1253 eum
2973 1197 3019 1249 κ.
3062 1214 3080 1245 ι
3121 1194 3276 1261 Quod
3321 1194 3366 1247 si
3402 1194 3448 1247 is
3476 1192 3570 1262 qui

2007 1300 2282 1363 spectator
2320 1291 2443 1357 fuit,
2495 1307 2719 1345 narrare
2774 1290 2869 1344 illa
2915 1301 3026 1342 non
3077 1286 3278 1356 potuit,
3337 1298 3572 1353 quorum

2007 1383 2320 1453 spectaculo
2338 1382 2536 1451 dignus
2557 1390 2642 1436 est
2665 1381 2860 1445 factus,
2883 1393 3027 1449 aegre
3050 1377 3192 1431 alius
3244 1391 3308 1430 ea
3341 1375 3575 1430 tentabit

2007 1490 2128 1544 qua:
2169 1474 2431 1543 explicari
2472 1488 2583 1527 non
2621 1472 2831 1541 1002
2867 1477 3117 1539 possunt.
3160 1467 3316 1533 Quod
3357 1483 3485 1521 vero
3517 1474 3575 1521 et

2008 1568 2124 1638 ipse
2154 1567 2317 1623 ﬁnem
2349 1567 2627 1621 bonorum
2663 1565 2830 1619 vitam
2860 1573 3119 1617 aeternam
3143 1575 3264 1614 esse
3297 1559 3570 1621 statuerit,

2008 1659 2195 1714 audite
2227 1658 2294 1713 ad
2331 1658 2607 1711 Romanos
2638 1656 2754 1709 haec
2786 1653 3120 1708 scribentem
3154 1668 3166 1703 :
3210 1670 3226 1700 ι
3259 1649 3393 1705 Cum
3425 1648 3574 1703 enim

2008 1746 2149 1802 servi
2173 1746 2369 1801 essetis
2386 1745 2619 1814 peccati,
2636 1742 2797 1797 liberi
2818 1742 3000 1796 fuistis
3018 1740 3120 1809 ipsi
3137 1739 3381 1811 iustitiae.
3401 1736 3572 1804 Quem

2008 1853 2136 1908 ergo
2162 1836 2402 1890 fructum
2438 1835 2709 1889 habuistis
2736 1844 2866 1888 tunc
2896 1833 2953 1886 in
2980 1832 3109 1895 illis,
3150 1845 3387 1899 quorum
3414 1844 3574 1883 causa

2007 1942 2155 1981 nunc
2187 1924 2553 1981 erubescitis?
2579 1940 2703 1977 nam
2729 1922 2856 1977 ﬁnis
2874 1923 3093 1976 illorum
3117 1936 3264 1975 mors
3291 1928 3395 1974 est.
3417 1918 3576 1973 Nunc

2008 2027 2193 2073 autem
2240 2016 2461 2072 liberati
2496 2031 2526 2069 a
2560 2023 2804 2085 peccato,
2855 2012 2999 2067 servi
3042 2022 3224 2065 autem
3275 2009 3402 2064 facti
3439 2009 3572 2073 Deo,

2008 2107 2224 2162 habetis
2256 2106 2495 2162 fructum
2518 2114 2764 2160 vestrum
2802 2105 2857 2158 in
2873 2102 3383 2166 sanctiﬁcationem,
3411 2099 3575 2155 ﬁnem

2007 2214 2141 2255 vero
2192 2198 2359 2253 vitam
2410 2206 2692 2253 aeternam.
2742 2194 3025 2265 Stipendia
3070 2193 3215 2248 enim
3281 2192 3511 2263 peccati,
3555 2193 3575 2213 ⁶

2008 2305 2157 2345 mors
2182 2307 2194 2343 :
2221 2290 2393 2360 gratia
2414 2296 2598 2344 autem
2619 2288 2736 2351 Dei,
2764 2287 2875 2341 vita
2897 2295 3102 2341 aeterna
3127 2287 3184 2340 in
3203 2284 3424 2340 Christo
3444 2284 3573 2339 Jesu

2008 2379 2240 2434 Domino
2270 2388 2463 2435 nostro
2498 2378 2542 2434 ι.
2575 2398 2593 2431 ι
2626 2378 2769 2433 Satis
2795 2384 2900 2442 est,
2938 2376 3140 2446 inquit,
3175 2376 3355 2443 ipsum
3387 2389 3485 2443 per
3515 2388 3575 2428 se

2008 2468 2280 2524 libertatis
2294 2471 2522 2534 donum,
2542 2478 2604 2523 ut
2618 2468 2856 2523 fructum
2874 2467 3031 2522 vobis
3050 2466 3271 2536 pietatis
3288 2463 3572 2519 ostendat:

2008 2565 2193 2613 tamen
2218 2574 2287 2614 ex
2327 2574 2426 2613 sua
2451 2559 2783 2613 liberalitate
2826 2556 3122 2612 muniﬁcus
3156 2562 3214 2609 et
3256 2555 3577 2625 magniﬁcus

2007 2650 2273 2705 Dominus
2326 2660 2586 2705 aaternam
2632 2649 2792 2703 vobis
2848 2647 3219 2718 superingerit
3273 2647 3463 2710 vitam,
3517 2654 3580 2701 ut

2008 2740 2217 2811 peccati
2240 2756 2305 2795 ac
2320 2740 2549 2811 justitia:
2570 2739 2934 2795 diﬁ‘erentiam
2962 2739 3305 2808 cognoscatis
3331 2755 3345 2791 :
3376 2752 3577 2807 pecca-

2010 2840 2127 2885 tum
2148 2831 2294 2885 enim
2318 2830 2480 2884 ﬁnem
2511 2830 2703 2884 habuit
2726 2836 2989 2893 mortem;
3009 2828 3218 2898 justitia
3242 2835 3392 2891 vero,
3410 2827 3577 2881 vitam

2009 2930 2290 2978 aeternam.
2326 2921 2534 2975 Deinde
2568 2927 2693 2990 post
2723 2919 2828 2973 alia
2858 2918 3115 2988 plurima,
3145 2918 3442 2972 maximum
3476 2917 3577 2971 do-

339 3016 435 3068 νης
465 2998 525 3050 τδ
553 2999 805 3069 διάφορον
832 2999 1198 3070 καταμάθητε.
1244 3000 1306 3053 Ἡ
1341 3001 1441 3071 μὲν
1474 3002 1580 3071 γὰρ
1611 3003 1761 3067 τέλος
1784 3003 1908 3075 ἔσχε

2012 3031 2208 3070 norum
2231 3014 2476 3069 ostendit
2509 3032 2521 3066 :
2564 3032 2581 3064 ι
2599 3010 2923 3081 Quicunque
2949 3012 3119 3075 enim,
3145 3010 3346 3080 inquit,
3371 3009 3578 3079 Spiritu

338 3088 431 3142 τὸν
465 3088 714 3155 θάνατον,
751 3092 783 3160 ἠ
811 3089 889 3154 δὲ,
923 3090 1021 3159 τὴν
1045 3089 1189 3161 ζωὴν
1211 3089 1310 3161 τὴν
1339 3092 1574 3145 αἰώνιον.
1608 3088 1743 3146 Εἶτα
1769 3094 1906 3164 μετὰ

338 3180 567 3233 πλεῖστα
618 3182 709 3234 καὶ
754 3181 813 3234 τὸ
864 3181 1117 3251 μέγιστον
1145 3182 1475 3235 ἐπιδείκνυσι
1524 3182 1629 3235 τῶν
1674 3183 1909 3253 δωρεῶν.

345 3288 365 3322 ι
396 3270 547 3323 Ὅσοι
570 3271 695 3340 γὰρ,
730 3272 887 3340 φησὶ,
917 3271 1192 3341 Πνεῦματι
1223 3273 1356 3326 Θεοῦ
1381 3272 1624 3341 ἄγονται,
1652 3268 1799 3328 οὗτοι
1832 3277 1911 3328 εί-

341 3379 425 3416 σιν
449 3363 550 3415 υἱοὶ
572 3362 725 3414 Θεοῦ·
750 3363 809 3414 οὐ
850 3362 957 3432 γὰρ
980 3363 1199 3415 ἐλάὸετε
1237 3363 1452 3433 πνεῦμα
1480 3364 1721 3429 δουλείας
1753 3368 1912 3423 πάλιν

339 3455 419 3527 εἰς
450 3452 634 3521 φόϐον,
661 3453 773 3505 ἀλλ’
807 3453 1027 3506 ἐλάϐετε
1055 3455 1271 3524 Πνεῦμα
1306 3456 1599 3521 υἱοθεσίας,
1631 3458 1688 3510 ἐν
1711 3451 1755 3526 ᾧ
1781 3459 1915 3529 κρά-

340 3543 524 3614 ζομεν·
561 3543 748 3605 Ἀϐΰᾶ,
773 3546 801 3596 ό
826 3544 1032 3615 Πατήρ·
1057 3546 1185 3598 αὐτὸ
1201 3546 1259 3599 τὸ
1283 3545 1506 3617 Πνεῦμα
1531 3551 1914 3620 συμμαρτυρεῖ

339 3634 419 3703 τῷ
453 3632 723 3703 πνεύματι
763 3634 937 3703 ἡμῶν,
966 3636 1046 3688 ὅτι
1080 3637 1242 3707 ἐσμὲν
1274 3637 1439 3691 τέκνα
1465 3638 1621 3692 Θεοῦ.
1653 3639 1713 3692 Εἰ
1741 3639 1797 3692 δὲ
1824 3639 1910 3694 τέ·

340 3740 444 3776 κνα
469 3723 538 3787 ’⁷,
565 3724 657 3776 καὶ
685 3723 1031 3795 κληρονόμοι·
1077 3725 1398 3797 κληρονόμοι
1449 3727 1548 3797 μὲν
1593 3728 1750 3793 Θεοῦ,
1778 3746 1911 3798 συγ-

343 3812 666 3884 κληρονόμοι
692 3813 748 3865 δέ
774 3813 1031 3883 Χριστοῦ·
1066 3816 1223 3886 εἴπερ
1250 3818 1664 3888 συμπάσχομεν,
1705 3819 1791 3873 ἵνα
1818 3821 1911 3876 καὶ

344 3904 807 3975 συνδοξασθῶμεν.
847 3924 866 3956 ι
906 3907 1016 3958 Καὶ
1062 3908 1330 3973 Γαλάταις
1371 3910 1427 3963 δὲ
1473 3913 1799 3967 ἐπιστέλλων
1841 3914 1911 3968 τὰ

343 3995 699 4066 παραπλήσια
726 3996 850 4067 ἔφη·
888 4015 905 4048 ι
933 3997 1096 4051 Ὥστε
1120 4000 1299 4053 οὐκέτι
1323 3996 1373 4053 εἴ
1398 4000 1601 4067 δοῦλος,
1634 4003 1747 4056 ἀλλ’
1772 4005 1906 4069 υἱός·

342 4089 390 4140 εί
420 4088 477 4140 δὲ
511 4088 642 4150 υίὸς,
685 4089 776 4141 καὶ
799 4088 1130 4160 κληρονόμος
1164 4090 1298 4143 Θεοῦ
1328 4092 1415 4145 διὰ
1437 4092 1669 4165 [Ἰησοῦ]
1702 4095 1747 4127 ³⁸
1774 4097 1909 4166 Χρι-

341 4179 455 4232 τοῦ.
485 4179 595 4233 Καὶ
634 4180 883 4251 Τιμοθέῳ
923 4181 980 4234 δὲ
1021 4181 1120 4252 τὴν
1166 4184 1332 4254 αὐτὴν
1374 4185 1610 4239 διάνοιαν
1641 4188 1905 4258 γέγραφε·

222 4334 237 4343 ο
349 4291 367 4323 ι
396 4272 592 4336 Πιστὸς
612 4275 639 4325 ὁ
662 4272 836 4340 λόγος·
869 4275 918 4325 εἰ
947 4274 1053 4344 γὰρ
1085 4273 1222 4347 [καὶ]
1253 4277 1299 4308 ’⁵
1324 4279 1784 4349 συναπεθάνομεν,
1814 4282 1908 4334 καλ⁵

2011 3104 2110 3159 Dei
2143 3111 2401 3173 aguntur,
2423 3103 2481 3156 hi
2515 3108 2643 3154 sunt
2678 3098 2775 3153 ﬁlii
2809 3099 2927 3154 Dei.
2963 3099 3083 3153 Non
3115 3097 3261 3153 enim
3293 3098 3582 3168 accepistis

2014 3194 2267 3263 spiritum
2299 3190 2581 3248 servitutis
2615 3191 2813 3244 iterum
2845 3190 2900 3243 in
2929 3190 3201 3254 timorem,
3235 3190 3330 3245 sed
3365 3190 3581 3261 accepi-

2012 3283 2113 3337 stis
2137 3282 2399 3351 Spiritum
2416 3279 2732 3348 adOptionis
2757 3278 2995 3332 ﬁliorum
3021 3279 3140 3343 Dei,
3174 3280 3228 3333 in
3253 3297 3364 3350 quo
3383 3280 3584 3335 clama-

2011 3388 2156 3437 mus,
2190 3371 2364 3436 Abba,
2398 3371 2577 3425 Pater.
2605 3369 2727 3439 Ipse
2758 3369 2904 3422 enim
2941 3368 3181 3438 Spiritus
3210 3370 3582 3424 testimonium

2012 3463 2194 3519 reddit
2230 3478 2355 3517 cum
2381 3460 2582 3531 spiritu
2613 3466 2824 3522 nostro,
2852 3460 2997 3527 quod
3033 3459 3206 3511 simus
3248 3460 3342 3512 lilii
3368 3459 3463 3513 Dei
3495 3477 3508 3512 :
3534 3458 3581 3512 si

2012 3563 2195 3609 autem
2219 3552 2335 3616 ﬁlii,
2361 3562 2417 3605 et
2444 3550 2710 3613 lueredes,
2748 3548 2992 3602 haeredes
3013 3547 3233 3617 quidem
3261 3549 3379 3611 Dei,
3401 3548 3583 3601 cohaz-
3648 3546 3649 3549 “

2012 3645 2172 3700 redes
2205 3652 2389 3698 autem
2420 3640 2649 3703 Christi,
2679 3637 2724 3692 si
2749 3653 2855 3691 una
2876 3638 3136 3707 patimur,
3169 3646 3311 3691 utet
3337 3653 3441 3691 una
3466 3637 3584 3707 glo-

2011 3733 2292 3788 riﬁeemur
2322 3743 2383 3786 ω.
2420 3751 2438 3782 ι
2473 3728 2555 3784 Ad
2582 3727 2800 3783 Galatas
2829 3742 3049 3796 quoque
3078 3726 3352 3791 scribens,
3385 3726 3472 3781 his
3504 3727 3581 3781 si-

2010 3825 2161 3880 milia
2186 3824 2319 3879 dicit
2353 3841 2365 3876 :
2401 3842 2420 3874 ι
2456 3822 2644 3890 Itaque
2663 3820 2776 3891 jam
2804 3835 2914 3873 non
2935 3834 2995 3873 es
3016 3833 3232 3883 servus,
3268 3819 3362 3873 sed
3390 3818 3535 3875 ﬁlius
3562 3838 3576 3886 ;

2010 3918 2056 3973 si
2101 3916 2310 3986 1003
2351 3921 2534 3968 autem
2588 3910 2754 3975 ﬁlius,
2803 3917 2859 3965 et
2904 3910 3080 3964 haeres
3123 3909 3218 3964 Dei
3264 3925 3362 3980 per
3395 3909 3581 3965 Jesum

2009 4008 2289 4065 Christum
2327 4015 2373 4058 η.
2401 4024 2418 4055 ι
2458 4004 2518 4057 ln
2542 4002 2789 4057 eamdem
2822 4015 3041 4070 quoque
3068 4000 3396 4054 sententiam
3427 4009 3482 4055 et
3513 4001 3583 4056 ad

2010 4096 2359 4151 Timotheum
2385 4091 2579 4147 scribit
2618 4107 2631 4142 :
2672 4108 2690 4140 ι
2726 4089 2860 4143 Fide
2895 4089 3093 4157 dignus
3117 4103 3318 4154 sermo,
3355 4090 3398 4144 si
3434 4090 3582 4144 enim

2009 4203 2119 4242 una
2143 4183 2347 4240 mortui
2377 4196 2589 4244 sumus,
2617 4194 2725 4234 una
2767 4194 2984 4247 quoque
3011 4178 3260 4233 vivemus
3290 4197 3303 4231 :
3336 4180 3383 4233 si
3408 4181 3578 4234 susti-

2007 4293 2224 4340 nemus,
2247 4289 2355 4329 uua
2385 4273 2552 4328 etiam
2585 4270 2940 4341 regnabimus
2970 4277 3019 4321 °.
3053 4288 3071 4318 ι
3105 4268 3210 4323 Sed
3239 4276 3295 4323 et
3323 4270 3483 4323 aliam
3513 4269 3580 4324 ad

345 4363 669 4434 συζήσεμεν·
703 4366 750 4417 εί
781 4365 1142 4435 ὑπομένομεν,
1180 4367 1273 4420 καὶ
1316 4367 1841 4441 συμϐασιλεύσομεν.
1883 4391 1901 4424 ι

2011 4385 2139 4425 eum
2165 4367 2414 4421 scribens
2436 4362 2760 4434 Epistolam,
2781 4361 2898 4416 haec
2926 4375 3146 4430 quoque
3178 4358 3233 4413 in
3258 4376 3321 4414 ea
3352 4360 3535 4429 posuit
3565 4378 3578 4415 :

343 4455 453 4508 Kal.
481 4456 645 4525 ἄλλην
689 4457 746 4510 δὲ
786 4458 1003 4528 γράψας
1051 4458 1198 4529 αὑτῷ
1234 4459 1251 4489 ¹
1284 4461 1570 4531 ἐπιστολὴν
1605 4462 1701 4515 καὶ
1737 4462 1908 4516 ταῦτα

344 4543 645 4600 ἐντέθεικεν
668 4546 688 4578 ⁹
712 4563 725 4577 ·
764 4566 781 4596 ι
818 4544 959 4615 Ἐγὼ
984 4548 1090 4618 γὰρ
1121 4550 1220 4620 ἤδη
1250 4550 1574 4621 σπένδομαι·
1606 4554 1700 4606 καὶ
1737 4556 1764 4606 ὁ
1790 4573 1908 4607 και-

348 4631 437 4702 ρὸς
461 4632 558 4701 τῆς
583 4634 720 4704 ἐμῆς
742 4634 1049 4699 ἀναλύσεως
1067 4637 1088 4667 ⁸
1110 4637 1399 4704 ἐφέστηκε.
1418 4637 1520 4692 Τὸν
1542 4641 1704 4693 καλὸν
1724 4642 1910 4709 ἀγῶνα

342 4721 671 4794 ἠγώνισμαι,
703 4725 790 4777 τὸν
811 4725 1006 4797 δρόμον
1034 4726 1311 4790 τετέλεκα,
1342 4729 1439 4799 τὴν
1469 4729 1650 4783 πίστιν
1678 4733 1911 4803 τετήρη-

339 4831 432 4867 κα·
455 4814 639 4867 λοιπὸν
667 4814 953 4870 ἀπόκειταί
981 4835 1077 4887 μοι
1094 4819 1121 4871 ὁ
1139 4819 1237 4887 τῆς
1259 4813 1604 4891 δικαιοσύνης
1630 4822 1909 4891 στέφανος·

338 4904 397 4957 δν
430 4905 697 4959 ἀποδώσει
727 4923 817 4976 μοι
846 4906 917 4979 [ό]
946 4907 1150 4978 Κύριος
1181 4908 1239 4962 ἐν
1261 4908 1443 4980 ἐκείνῃ
1468 4913 1535 4982 τῇ
1568 4911 1767 4982 ἡμέρᾳ,
1793 4912 1915 4966 ὁδί-

410 5056 436 5129 ιι
467 5059 486 5112 l
516 5059 643 5115 Cor.
675 5078 747 5127 ιι,
788 5061 842 5117 9.
920 5061 941 5101 ι
971 5063 1129 5118 Rom.
1184 5079 1273 5129 τι,
1320 5062 1506 5119 20-25.

345 5135 371 5175 ι)
396 5128 436 5181 ll
481 5130 820 5195 Timoth.1v,
860 5131 972 5186 6-8.

1618 5076 1659 5105 ιο
1690 5067 1852 5121 Rom.
1895 5083 2024 5135 vni,
2074 5066 2263 5122 14-17.

2022 4481 2039 4513 ι
2073 4462 2186 4531 Ego
2211 4459 2357 4513 enim
2387 4457 2499 4528 jam
2532 4454 2697 4519 libor,
2733 4461 2790 4508 et
2826 4461 3040 4523 tempus
3071 4467 3203 4506 mete
3234 4450 3585 4506 resolutionis

2015 4552 2201 4605 instat.
2241 4549 2450 4603 Bonum
2490 4553 2766 4601 certamen
2795 4543 3022 4606 certavi,
3057 4557 3279 4598 cursum
3325 4556 3571 4611 consum-

2015 4642 2182 4706 mavi,
2215 4640 2376 4695 ﬁdem
2410 4637 2620 4693 servavi
2656 4654 2669 4689 :
2699 4635 2845 4706 quod
2878 4636 3153 4705 reliquum
3187 4640 3303 4697 est,
3341 4634 3585 4703 reposita

2016 4741 2101 4787 est
2115 4730 2251 4785 mihi
2272 4744 2473 4783 corona
2494 4726 2741 4797 justitize,
2762 4740 2923 4794 quam
2948 4724 3142 4778 reddet
3162 4724 3296 4777 mihi
3320 4724 3585 4778 Dominus

2019 4823 2075 4876 in
2104 4820 2198 4873 illo
2224 4818 2312 4871 die
2329 4818 2510 4886 justus
2529 4814 2695 4885 judex
2720 4854 2735 4878 ,
2761 4827 2867 4865 non
2893 4811 3070 4882 solum
3096 4820 3279 4866 autem
3303 4812 3460 4878 mihi,
3486 4812 3583 4867 sed

2018 4921 2076 4967 et
2098 4908 2361 4966 omnibus
2399 4906 2468 4960 iis
2504 4905 2599 4975 qui
2647 4902 2962 4957 dilexerunt
2994 4901 3289 4955 adventum
3328 4903 3447 4974 ejus
3474 4910 3522 4956 r.
3556 4919 3575 4953 ι

2372 5060 2599 5118 nonat.
2644 5074 2734 5123 tv,
2785 5056 2840 5111 7.
2954 5063 2980 5093 ο
3008 5056 3054 5111 ιι
3098 5057 3336 5114 Timotb.
3378 5073 3451 5127 ιι,
3492 5023 3582 5115 is.

1610 5219 1846 5276 νΑιιιιΕ
1886 5220 2289 5278 LECTIONES.

412 5358 458 5389 ⁸⁸
484 5357 610 5432 τοὲς
631 5357 725 5432 τῇς
743 5357 1103 5432 Δῥιρέτῆςρῄτῗὶς
1128 5359 1327 5432 ᾲρετῆς
1352 5359 1476 5432 τοὺς
1501 5359 1564 5415 Ι).
1626 5362 1672 5432 δέ
1696 5362 1935 5432 ἀγήρων.
1973 5361 2164 5432 ἀγήρω
2193 5361 2257 5432 D.
2316 5358 2361 5391 ³⁷
2386 5359 2482 5432 καὶ
2505 5360 2616 5432 ἐπί,
2649 5361 2770 5432 οὐδέ
2794 5362 2884 5414 ἐπὶ
2916 5360 2980 5414 D.
3038 5361 3085 5432 εξ
3112 5359 3373 5428 ἐπόπτης,
3433 5358 3565 5432 αξτ-

342 5430 513 5502 όπτῃς
662 5427 705 5458 3"
742 5427 1009 5502 ἰδεῖν.“δῂ
1058 5427 1183 5502 {Beia
1233 5427 1294 5481 D.
1356 5429 1421 5502 _’°
1454 5427 1874 5502 κατατολμήσοι.
1921 5427 2353 5502 κατατολμήσαιρ
2386 5429 2448 5502 D.
2532 5430 2825 5502 °_‘__éxs_£vwv
2868 5431 3018 5493 τέλος
3052 5430 3117 5493 D,
3172 5438 3227 5485 et
3293 5427 3567 5502 moxviv.

344 5502 391 5570 ’ξ’
423 5495 581 5568 [ἅμα]
604 5512 712 5570 om.
748 5495 811 5570 (ξ.
840 5496 939 5570 D.__
962 5495 1110 5570 “ﬁl;
1132 5497 1527 5570 ἁγιασμόν.είς
1550 5514 1662 5554 οιη.
1694 5495 1765 5555 ΒΣ
1815 5500 1859 5532 ³³
1880 5495 2179 5570 εὐσεϐείαςζ
2207 5495 2518 5570 ἐλευθερίας
2550 5498 2653 5570 Vb,
2686 5500 2749 5570 D.
2810 5502 2855 5533 ’⁵
2886 5502 3032 5570 ὑμῖν.
3059 5502 3288 5570 ήμῖννῐ).
3351 5500 3397 5570 ’ἐ
3427 5499 3573 5570 ζωῂν

342 5565 592 5649 δωρεῖται
617 5569 746 5649 ἡμῖν
894 5565 1143 5649 ’τ’τέκνα.
1183 5566 1285 5649 υἱοὶ
1314 5566 1397 5649 D.‘
1434 5567 1479 5599 ³⁸
1508 5567 1744 5649 [Ἰησοῦ]
1770 5585 1888 5649 om.
2035 5568 2103 5649 ᾖξ’
2126 5567 2267 5638 [καὶ]
2297 5565 2407 5649 om:
2541 5569 2587 5649 ,⁸
2615 5568 2833 5649 γράψ-ας
2855 5565 3043 5649 Εὗτῷ.
3077 5565 3225 5641 ἐνῗύτῷ
3257 5569 3472 5643 γράψας
3505 5565 3569 5632 D,

346 5633 495 5707 αὐτῷ
522 5633 752 5693 οωζνῖι.
802 5637 821 5666 ³
845 5635 1164 5690 ἐντέθεικεν.
1193 5635 1250 5687 ἐν
1272 5633 1549 5690 σύνθειιιὲν
1578 5633 1639 5692 D.
1716 5633 1744 5673 ³’
1767 5642 1904 5709 ἐμῆς
1931 5633 2266 5700 ἀναλύσεωςξ
2287 5634 2595 5701 ἀναλύσεώς
2626 5633 2815 5709 μουΪ),
2854 5633 3017 5695 δίτιιί.
