3974 6196
425 289 559 354 1115

1404 301 1890 363 THEODORETI
1923 305 2261 367 EPISCOPI
2301 308 2664 371 CYRENSIS

3218 266 3249 283 κ

3535 314 3678 381 1116

421 402 546 455 Pari
574 401 737 457 modo
759 410 816 458 et
840 405 908 461 de
932 409 1340 465 resurrectione
1370 427 1686 483 corporum,
1723 426 1777 471 et
1802 416 1997 473 Corin-

2099 436 2253 484 καιος
2289 424 2500 493 κριτής
2550 424 2611 476 οὐ
2650 423 2811 494 μόνον
2840 424 2897 477 δέ
2924 425 3068 495 ἐμοὶ,
3108 427 3244 484 ἀλλὰ
3277 433 3370 485 καὶ
3399 434 3535 489 πᾶσι
3560 440 3675 500 τοῖς

424 491 576 557 thiis,
621 501 678 548 et
702 495 1311 567 Thessalonicensibus,
1344 514 1401 559 et
1430 506 1898 578 Philippensibus,
1939 518 1996 565 et

424 583 612 638 multis
646 584 769 639 aliis
810 587 1048 656 scripsit.
1084 589 1151 642 Et
1192 606 1338 646 nunc
1378 593 1600 662 quidem
1637 614 1649 649 :
1694 618 1711 647 ι
1748 597 1996 652 Semina-

423 683 531 739 tur,
599 677 801 745 inquit,
854 678 909 731 in
963 683 1341 751 corruptione,
1399 697 1648 757 resurget
1705 689 1761 743 in
1810 691 1994 745 incor-

424 768 681 835 ruptione
715 785 727 821 :
758 770 1065 825 seminatur
1098 774 1153 827 in
1185 774 1547 844 ignobilitate,
1581 790 1768 850 surget
1799 785 1853 835 in
1877 784 1995 852 glo-

424 855 501 909 ria
535 874 546 909 :
581 859 885 913 seminatur
932 862 986 915 in
1024 864 1363 930 inﬁrmitate,
1404 877 1593 938 surget
1635 872 1689 924 in
1742 872 1945 926 virtute
1979 891 1991 926 :

424 950 729 1004 seminatur
751 967 953 1021 corpus
975 956 1235 1020 animale,
1269 968 1456 1030 surget
1478 963 1766 1030 spirituale
1789 974 1836 1016 ίι.
1874 984 1890 1014 ι
1930 966 1997 1019 Ει

422 1055 659 1095 rursus:
700 1061 716 1092 ι
751 1042 923 1099 Canet
968 1048 1114 1101 enim
1156 1050 1318 1115 tuba,
1360 1060 1415 1106 et
1461 1053 1665 1107 mortui
1707 1066 1997 1124 resurgent

422 1131 768 1203 incorrupti,
808 1147 864 1191 et
926 1155 1024 1192 nos
1082 1139 1517 1198 immutabimur.
1568 1144 1795 1214 Oportet
1846 1148 1992 1201 enim

420 1225 782 1294 corruptibile
818 1227 923 1282 hoc
962 1230 1190 1286 induere
1228 1233 1730 1303 incorruptionem,
1763 1245 1818 1290 et
1850 1252 1998 1291 mor-

422 1313 529 1367 tale
572 1315 677 1369 hoc
713 1316 945 1374 induere
991 1321 1458 1380 immortalitatem
1496 1336 1537 1379 τ.
1569 1345 1586 1377 ι
1636 1327 1704 1381 Ει
1745 1328 1990 1382 iterum:

427 1419 447 1450 ι
488 1401 685 1458 Nostra
718 1416 900 1462 autem
935 1414 1283 1468 conversatio
1326 1414 1379 1468 in
1422 1416 1577 1471 caelis
1620 1427 1723 1481 est,
1758 1419 1903 1473 unde
1941 1428 1998 1474 et

421 1490 757 1550 Salvatorem
782 1511 1164 1569 exspectamus
1190 1506 1205 1525 ‘
1230 1505 1520 1560 Dominum
1547 1508 1757 1574 Jesum,
1786 1510 1880 1579 qui
1907 1527 1996 1565 re-

422 1582 679 1640 l‘ormabit
713 1605 915 1658 corpus
946 1592 1157 1665 ιοοά,
1187 1604 1435 1649 nostrum
1462 1598 1689 1663 humile,
1731 1611 1789 1654 ut
1818 1601 1997 1657 simile

424 1676 690 1732 reddatur
729 1684 948 1751 corpori
984 1686 1171 1755 gloriae
1196 1689 1314 1759 ejus
1340 1701 1384 1742 ³.
1418 1710 1436 1741 ι
1478 1690 1596 1760 lpse
1633 1709 1852 1763 quoque
1894 1696 1998 1749 Do-

2100 510 2411 581 ὴγαπηκόσι
2441 514 2538 583 τὴν
2563 515 2884 582 ἐπιφάνειαν
2911 517 3096 571 αὐτοῦ.
3129 539 3146 570 ι
3187 520 3375 587 υύτως
3413 525 3508 578 καὶ
3545 527 3676 599 περὶ

2097 600 2197 668 τῆς
2238 600 2346 654 τῶν
2390 603 2656 672 σωμάτων
2697 605 3043 671 ἀναστάσεως
3098 610 3191 662 καὶ
3226 612 3534 683 Κορινθίοις
3577 620 3676 669 καὶ

2097 690 2548 747 Θεσσαλονικεῢσι
2576 696 2666 749 καὶ
2687 696 2925 767 Φιλιππη
2936 698 3067 761 σίοις
3086 698 3106 730 ⁸
3131 700 3226 753 καὶ
3254 703 3468 766 πολλοῖς
3491 706 3675 769 ἄλλοις

2099 782 2376 836 ἐπέστειλε
2400 785 2419 815 ⁸
2442 801 2454 814 ·
2485 786 2596 837 Καὶ
2624 787 2717 840 νῦν
2745 789 2865 857 μὲν,
2902 791 3055 861 φησὶ,
3100 811 3118 842 ι
3142 793 3427 866 σπείρεται
3451 798 3510 849 ἐν
3543 796 3675 863 φθο-

2099 878 2188 944 ρᾷ,
2234 877 2504 946 ἐγείρεται
2557 879 2613 929 ἐν
2660 879 2959 952 ἀφθαρσίᾳσ
3015 885 3294 953 σπείρεται
3340 889 3398 940 ἐν
3454 889 3671 959 ἀτιμίᾳ,

2099 965 2368 1033 ἐγείρεται
2400 967 2455 1017 ἐν
2481 966 2627 1038 δόξῃ·
2672 969 2952 1040 σπείρεται
2988 973 3046 1025 ἐν
3074 973 3348 1046 ἀσθενείᾳ,
3399 978 3674 1047 ἐγείρεται

2097 1055 2152 1104 ἐν
2178 1054 2425 1125 δυνάμει·
2458 1058 2737 1128 σπείρεται
2765 1060 2920 1130 σῶμα
2944 1062 3192 1132 ψυχικὸν,
3214 1066 3482 1137 ἐγείρεται
3512 1068 3674 1137 σῶμα

2098 1148 2486 1216 πνευματικόν.
2532 1169 2549 1201 ι
2591 1150 2699 1203 Kal
2726 1146 2881 1214 αὖθις
2908 1153 2959 1184 ⁸⁸
2998 1174 3015 1203 ι
3045 1155 3302 1208 Σαλπίσει
3339 1157 3468 1227 γὰρ,
3507 1159 3600 1210 καί
3625 1158 3673 1209 οί

2098 1238 2287 1307 νεκροὶ
2312 1238 2702 1309 ἐγερθήσονται
2733 1241 3021 1312 ἄφθαρτοι,
3058 1246 3151 1298 καὶ
3188 1249 3347 1317 ἡμεῖς
3370 1248 3677 1318 ἀλλαγησό-

2102 1328 2259 1400 μεθα·
2288 1331 2370 1383 δεῖ
2396 1331 2505 1402 γὰρ
2543 1331 2604 1384 τὸ
2637 1331 2876 1403 φθαρτὸν
2902 1335 3064 1390 τοῦτο
3096 1338 3420 1393 ἐνδύσασθαι
3457 1340 3679 1412 ἀφθαρο

2101 1419 2240 1483 σίαν,
2277 1419 2371 1473 καὶ
2400 1419 2459 1472 τὸ
2490 1420 2682 1491 θνητὸν
2731 1421 2890 1476 τοῦτο
2926 1424 3248 1480 ἐνδύσασθαι
3298 1427 3617 1482 ἀθανασίαν.
3651 1448 3673 1481 ι

2100 1510 2208 1563 Καὶ
2234 1509 2416 1563 πάλιν·
2448 1528 2467 1561 ι
2507 1510 2697 1582 Ἦμῶν
2725 1512 2781 1565 δέ
2809 1512 2870 1565 τὸ
2898 1494 3197 1584 πολίτευκμα
3228 1516 3285 1567 ἐν
3309 1517 3680 1584 οὐρανοῖςιέητ-

2098 1601 2275 1672 άρχει·
2315 1603 2372 1669 ἐξ
2398 1595 2460 1655 οὗ
2493 1602 2586 1656 καὶ
2621 1604 2850 1674 Σωτῆρα
2878 1606 3292 1676 ἀπεκδεχόμεθα
3330 1609 3531 1679 Κύριον
3569 1611 3682 1678 ’1η-

2101 1694 2247 1757 σοῦν,
2288 1694 2350 1758 ὃς
2381 1696 2848 1765 μετασχηματίσει
2880 1697 2940 1749 τὸ
2978 1697 3135 1769 σῶμα
3164 1700 3263 1769 τῆς
3294 1701 3680 1765 ταπεινώσεως

422 1766 603 1820 minus
623 1768 840 1825 .ludmos
862 1772 1149 1843 alloquens
1180 1794 1191 1828 :
1227 1777 1389 1844 «Quia
1422 1780 1591 1836 Filius
1624 1783 1861 1837 hominis
1890 1793 1994 1849 est,

2099 1785 2257 1855 ἡμῶν
2308 1788 2388 1850 εἰς
2425 1786 2483 1839 τὸ
2511 1786 2768 1854 γενέσθαι
2812 1788 2939 1840 αὐτὸ
2979 1766 3299 1861 σύμμορφον
3339 1791 3415 1861 τῷ
3458 1792 3678 1861 σώματι

421 1856 593 1911 nolite
629 1862 817 1914 mirari
854 1864 958 1918 hoc
991 1881 1002 1917 :
1030 1867 1157 1935 quia
1186 1870 1339 1923 venit
1378 1871 1535 1937 hora,
1574 1873 1628 1927 in
1665 1890 1771 1942 qua
1806 1890 1999 1929 omnes

420 1946 513 2015 qui
561 1948 615 2002 in
664 1956 1039 2009 monumentis
1082 1967 1231 2024 sunt,
1276 1962 1505 2017 audient
1538 1980 1724 2019 vocem
1765 1968 1905 2036 ejus,
1942 1976 1999 2021 et

419 2039 742 2105 procedent,
785 2044 876 2112 qui
925 2045 1068 2100 bona
1109 2048 1384 2119 fecerunt;
1432 2052 1488 2105 in
1532 2058 1995 2111 resurrectionem

418 2130 564 2193 Viue,
592 2132 683 2201 qui
714 2151 845 2189 vero
879 2139 1016 2191 mala
1049 2153 1301 2211 egerunt,
1334 2144 1388 2198 in
1422 2146 1884 2202 resurrectionem
1910 2150 1997 2218 ju-

418 2221 549 2277 dicii
580 2226 623 2277 ι.
661 2244 677 2276 ›
714 2227 1056 2300 Rursusque,
1100 2249 1225 2289 cum
1264 2236 1331 2291 de
1365 2239 1642 2293 communi
1678 2239 1783 2293 ﬁne
1816 2241 1993 2296 disse-

418 2322 584 2377 reret,
606 2315 721 2370 haec
743 2320 906 2373 etiam
935 2322 1148 2377 addidit
1183 2343 1195 2378 :
1228 2344 1245 2376 ι
1278 2325 1473 2381 Statim
1500 2344 1633 2384 vero
1663 2340 1786 2401 post
1816 2331 1995 2384 tribu-

416 2404 675 2459 lationem
712 2409 927 2464 diermn
955 2413 1197 2481 illorum,
1229 2420 1310 2473 sol
1339 2419 1750 2486 obscurabitur,
1783 2432 1838 2477 et
1865 2424 1990 2477 luna

414 2511 525 2549 non
562 2497 714 2552 dabit
740 2501 921 2557 lumen
951 2521 1135 2571 suum,
1159 2518 1213 2561 et
1234 2511 1406 2564 stella:
1428 2512 1626 2566 cadent
1657 2515 1724 2566 de
1748 2515 1907 2575 cmlo,
1940 2525 1995 2569 et

413 2586 648 2641 virtutes
695 2593 958 2647 caelorum
1002 2600 1516 2665 commovebuntur,
1560 2611 1616 2657 et
1659 2611 1787 2659 tunc
1822 2616 1992 2677 appa-

416 2678 561 2733 rebit
601 2681 813 2751 signum
862 2686 982 2740 Filii
1032 2687 1273 2744 hominis
1318 2692 1373 2744 in
1427 2694 1585 2758 caalo,
1632 2706 1688 2749 et
1736 2697 1994 2769 plangent

414 2788 608 2827 omnes
642 2776 818 2850 tribus
849 2788 1009 2836 terra:
1038 2793 1084 2835 υ.
1124 2802 1142 2833 ι
1181 2783 1276 2838 llis
1307 2793 1492 2841 autem
1527 2789 1713 2843 verbis
1752 2794 1993 2847 ostendit

413 2863 620 2919 luctum
655 2883 847 2923 eorum
884 2872 976 2940 qui
1001 2888 1110 2926 non
1138 2874 1497 2931 crediderint.
1527 2879 1663 2933 Tum
1696 2882 1857 2936 allata
1892 2900 1991 2953 pa-

334 2958 344 2965 ’
414 2954 598 3011 rabola
621 2959 687 3012 de
712 2960 1019 3031 virginibus
1042 2973 1088 3029 ν,
1112 2981 1347 3034 quarum
1369 2968 1487 3024 alim
1505 2986 1629 3024 cum
1646 2972 1991 3043 lampadibus

414 3052 676 3122 ingressa:
719 3065 846 3109 sunt
890 3056 1213 3125 thalamum,
1243 3060 1405 3116 fatuae
1443 3079 1575 3117 vero
1617 3074 1772 3119 extra
1815 3067 1988 3122 thala-

414 3157 563 3195 mum
589 3156 990 3213 remanscrunt,
1010 3149 1156 3218 quod
1180 3164 1370 3207 earum
1401 3154 1682 3224 lampades
1704 3159 1988 3215 exstincta:

414 3233 555 3300 sint;
579 3243 779 3291 etcum
805 3241 1135 3296 talentorum
1165 3245 1482 3313 parabolam
1516 3247 1839 3315 addidisset,
1870 3266 1988 3305 ser-

413 3341 718 3396 vorumque
740 3329 1159 3396 industriorum,
1184 3349 1248 3388 ac
1268 3334 1462 3391 inertis
1480 3338 1626 3392 illius
1667 3339 1760 3408 qui
1785 3341 1991 3395 talento

413 3419 685 3474 occultato
731 3422 931 3477 missus
975 3433 1058 3478 est
1094 3425 1148 3479 in
1201 3428 1454 3483 tenebras
1492 3432 1817 3497 exteriores,
1856 3434 1988 3488 sub-

405 3509 633 3577 junxit:
676 3512 859 3567 «Cum
912 3524 1096 3570 autem
1163 3519 1378 3573 venerit
1425 3521 1597 3577 Filius
1643 3523 1884 3581 hominis
1933 3527 1989 3580 in

412 3602 695 3671 majestate
726 3621 844 3670 sua,
882 3617 939 3661 et
973 3624 1166 3665 omnes
1197 3612 1369 3665 sancti
1399 3614 1575 3682 angeli
1606 3615 1725 3685 ejus
1747 3632 1873 3671 cum
1899 3633 1986 3683 eo,

412 3702 544 3749 tunc
577 3696 791 3752 sedebit
826 3714 993 3768 super
1024 3700 1209 3755 sedem
1251 3704 1555 3773 majestatis
1593 3721 1725 3771 suae,
1764 3717 1819 3761 et
1860 3724 1991 3762 con-

411 3786 786 3855 gregabuntur
838 3790 1047 3859 1005
1100 3801 1226 3845 ante
1275 3809 1400 3847 eum
1445 3810 1638 3850 omnes
1669 3806 1901 3867 gentes:
1934 3809 1989 3854 et

411 3878 684 3944 separabit
706 3895 801 3934 eos
821 3881 890 3935 ab
920 3881 1175 3947 invicem,
1206 3884 1349 3938 sicut
1379 3895 1566 3954 pastor
1587 3900 1837 3960 segregat
1859 3908 1989 3946 oves

410 3965 482 4019 ab
520 3966 691 4022 haedis
729 3987 740 4022 :
788 3979 843 4026 et
877 3980 1082 4028 statuet
1119 3991 1251 4031 oves
1286 3977 1509 4046 quidem
1547 3996 1577 4034 a
1607 3981 1816 4037 dextris
1848 3985 1983 4048 suis,

412 4057 596 4112 haedos
645 4071 826 4115 autem
860 4078 892 4117 a
926 4065 1186 4122 sinistris.
1218 4068 1373 4123 Tunc
1413 4070 1560 4125 dicet
1586 4073 1699 4125 Rex
1734 4074 1800 4128 iis
1830 4076 1923 4144 qui
1954 4094 1983 4131 a

409 4148 620 4204 dextris
661 4152 778 4220 ejus
816 4164 981 4209 erunt
1020 4175 1032 4209 :
1076 4159 1287 4225 Venite,
1326 4160 1601 4215 benedicti
1646 4164 1822 4218 Patris
1854 4166 1983 4230 mei,

408 4239 676 4308 pereipite
722 4257 969 4313 regnum,
1015 4248 1161 4315 quod
1193 4260 1443 4316 paratum
1483 4258 1566 4305 est
1592 4252 1750 4307 vobis
1783 4269 1811 4307 a
1848 4270 1983 4309 con-

408 4331 692 4388 stitutione
737 4337 948 4391 mundi.
996 4339 1213 4393 Esurivi
1262 4341 1432 4407 enim,
1478 4351 1533 4396 et
1573 4343 1804 4401 dedistis
1846 4348 1982 4402 mihi

2096 1878 2195 1947 τῆς
2225 1877 2381 1948 δόξης
2407 1879 2594 1932 αὐτοῦ.
2630 1898 2647 1930 ι
2692 1881 2799 1933 Καὶ
2827 1880 2990 1941 αὐτὸς
3023 1882 3079 1933 δὲ
3106 1884 3133 1934 6
3160 1883 3359 1951 Κύριος
3389 1883 3523 1953 πρὸς
3545 1885 3678 1948 τοὺς

2110 1969 2395 2033 Ἰουδαίους
2418 1970 2541 2040 ἔφη·
2582 1990 2600 2022 ι
2628 1970 2747 2023 Ὀτι
2777 1970 2870 2042 [εἰ]
2905 1972 2924 2001 ⁷
2956 1971 3080 2035 Υἱὸς
3111 1972 3395 2045 ἀνθρώπου
3428 1975 3563 2038 ἐστὶ,
3600 1974 3678 2045 μὴ

2098 2060 2406 2131 θαυμάζετε
2435 2061 2615 2114 τοῦτο’
2650 2062 2727 2114 ότι
2754 2061 3113 2134 ἐρχεταιῶρα
3151 2065 3206 2116 ἐν
3308 2066 3506 2129 πάντες
3531 2067 3579 2118 οἱ
3618 2068 3678 2120 ἐν

2097 2155 2209 2215 τοῖς
2247 2153 2534 2223 μνημείοις
2565 2154 2886 2208 ἀκούσονται
2919 2157 3017 2226 τῆς
3042 2158 3222 2226 φωνῆς
3243 2158 3428 2222 αὐτοῦ,
3465 2161 3557 2212 καὶ
3581 2161 3681 2212 ἐκο

2098 2243 2455 2317 πορεύσονται
2495 2246 2543 2298 οἱ
2583 2245 2651 2298 τὰ
2688 2246 2869 2315 ἀγαθά
2908 2249 3231 2318 ποιήσαντες
3263 2252 3342 2313 είς
3374 2251 3681 2306 ἀνάστασιν

2096 2333 2261 2402 ζωῆς*
2294 2336 2343 2387 οἱ
2375 2334 2430 2386 δὲ
2459 2335 2525 2388 τὰ
2555 2335 2733 2403 φαῦλα
2769 2336 3091 2406 πράξαντες,
3116 2337 3195 2400 είς
3225 2338 3518 2392 ἀνάστασιν
3553 2341 3677 2410 κρί-

2099 2438 2254 2484 σεως.
2297 2442 2313 2473 ι
2347 2422 2456 2475 Καὶ
2483 2423 2663 2488 πάλιν,
2697 2425 2764 2477 τὰ
2812 2424 2940 2495 περὶ
2971 2423 3066 2478 τοῦ
3102 2426 3280 2479 κοινοῦ
3315 2427 3675 2498 διηγούμενος

2094 2512 2301 2575 τέλους,
2336 2513 2428 2565 καὶ
2467 2512 2641 2567 ταῦτα
2685 2514 3092 2585 προστέθεικενο
3133 2535 3152 2567 ι
3190 2515 3406 2580 Εὐθέως
3433 2518 3488 2571 δὲ
3531 2519 3677 2588 μετά

2093 2602 2193 2673 τὴν
2226 2603 2403 2673 θλῖψιν
2433 2604 2542 2657 τῶν
2572 2604 2800 2675 ἡμερῶν
2828 2605 3051 2659 ἐκείνων
3078 2609 3107 2660 6
3139 2607 3289 2678 ἥλιος
3321 2609 3675 2679 σκοτισθήσε-

2096 2712 2186 2748 ται
2212 2696 2361 2766 καὶή
2409 2695 2606 2767 σελήνη
2647 2696 2706 2750 οὐ
2748 2695 2909 2750 δώσει
2935 2696 2997 2750 τὸ
3024 2697 3225 2767 φέγγος
3279 2698 3467 2769 αὐτῆς,
3496 2699 3590 2753 καὶ
3611 2701 3669 2753 οἱ

2094 2787 2321 2858 ἀστέρες
2346 2788 2635 2841 πεσοῦνται
2662 2788 2769 2841 ἀπὸ
2785 2788 2876 2842 τοῦ
2896 2790 2917 2822 ³
2937 2788 3187 2861 οὐρανοῦ,
3208 2792 3301 2844 καὶ
3329 2794 3383 2845 al
3410 2791 3675 2861 δυνάμεις

2094 2880 2202 2934 τῶν
2237 2880 2485 2951 οὐρανῶν
2519 2880 2967 2952 σαλευθήσονται·
3000 2883 3095 2935 καὶ
3120 2883 3241 2937 τότε
3287 2885 3581 2954 φανήσεται
3608 2884 3674 2936 τὸ

2097 2974 2321 3041 σημεῖον
2366 2970 2459 3024 τοῦ
2493 2970 2608 3024 υἱοῦ
2657 2971 2751 3024 τοῦ
2786 2971 3073 3043 ἀνθρώπου
3112 2973 3170 3025 ἐν
3202 2972 3278 3043 τῷ
3304 2974 3536 3043 οὐρανίξγ
3572 2975 3675 3027 καὶ

2093 3062 2213 3115 τότε
2270 3062 2520 3132 κόψονται
2572 3062 2792 3135 [πᾶσαι]
2844 3066 2899 3117 αί
2938 3064 3104 3135 φυλαὶ
3133 3065 3235 3135 τῆς
3263 3067 3387 3135 γῆς.
3420 3086 3437 3116 ι
3469 3068 3567 3120 Διά
3610 3067 3672 3120 δὲ

2094 3150 2296 3204 τούτων
2349 3152 2499 3221 δηλοῖ
2541 3154 2647 3205 τῶν
2688 3154 2836 3226 [162]
2869 3156 3251 3225 ἠπιστηκότων
3304 3157 3395 3210 τὸν
3444 3157 3670 3228 θρῆνον.

2094 3242 2224 3297 Εἶτα
2265 3244 2361 3315 τὴν
2395 3246 2521 3311 περὶ
2551 3245 2656 3298 τῶν
2694 3245 2974 3317 παρθένων
3003 3247 3315 3319 παραϐολὴν
3350 3247 3537 3311 εἰπὼν,
3572 3254 3672 3301 καὶ

2091 3335 2165 3397 ὡς
2208 3337 2263 3389 αἱ
2299 3336 2395 3407 μὲν
2439 3337 2687 3405 εἰσῆλθον
2733 3340 2810 3400 εἰς
2855 3338 2946 3390 τὶν
2976 3339 3243 3408 νυμφῶνα
3276 3340 3533 3409 φέρουσαι
3568 3340 3673 3403 τὰς

2092 3427 2404 3498 λαμπάδας,
2442 3430 2493 3481 αἱ
2532 3429 2589 3482 δὲ
2631 3430 2808 3499 μωραὶ
2839 3430 2938 3499 τῆς
2972 3430 3242 3493 παστάδος
3283 3432 3670 3500 ἀπεστερήθη-

2095 3536 2215 3583 σαν,
2250 3519 2548 3589 ἐπειδήπερ
2590 3520 2645 3573 al
2683 3518 2965 3590 λαμπάδες
3012 3519 3368 3590 ἐσϐέσθησαν·
3409 3522 3671 3591 προσθεὶς

2092 3613 2147 3666 δὲ
2178 3612 2269 3664 καὶ
2295 3612 2361 3664 τὰ
2389 3610 2496 3663 τῶν
2522 3610 2796 3664 ταλάντων
2840 3611 2935 3664 καὶ
2970 3610 3079 3663 τῶν
3105 3610 3326 3664 οἰκετῶν
3358 3611 3464 3664 τῶν
3496 3630 3672 3664 σπου-

2090 3706 2254 3759 δαίων
2276 3700 2483 3757 καὶτοῦ
2513 3701 2685 3773 ἀργοῦ
2711 3700 2805 3755 τοῦ
2838 3700 2900 3754 τὸ
2929 3701 3191 3754 τάλαντον
3214 3702 3672 3772 κατακρύψαντας

2091 3798 2185 3850 καὶ
2217 3795 2295 3861 τῷ
2334 3793 2587 3864 ἐξωτάτῳ
2627 3792 2809 3845 σκότει
2856 3780 3354 3864 παραπεμφθέντος
3377 3794 3419 3856 ⁸,
3457 3794 3671 3861 ἐπήγα-

2087 3905 2204 3956 γεν·
2244 3907 2261 3938 ι
2293 3887 2459 3941 Ὅταν
2491 3885 2547 3938 δέ
2575 3885 2703 3957 ἔλθῃ
2732 3886 2760 3938 6
2784 3884 2908 3948 Υἱὸς
2936 3883 3028 3937 τοῦ
3056 3883 3347 3955 ἀνθρώπου
3369 3886 3425 3938 ἐν
3453 3888 3518 3955 τῇ
3538 3886 3671 3956 δόξῃ

2089 3979 2275 4041 αὐτοῦ,
2313 3979 2406 4032 καὶ
2436 3977 2637 4041 πάντες
2677 3978 2725 4029 οἱ
2766 3976 2910 4044 ἆγιοι
2952 3976 3171 4045 ἄγγελοι
3214 3975 3426 4048 [αὐτοῦ]
3458 3980 3500 4008 ¹⁰
3545 3977 3670 4047 μετ’

2088 4070 2275 4134 αὐτοῦ,
2309 4070 2429 4124 τότε
2461 4067 2763 4138 καθήσεται
2802 4068 2895 4120 ἐπὶ
2943 4066 3317 4141 θρόνουρόξης
3354 4068 3541 4132 αὐτοῦ,
3568 4068 3668 4122 καὶ

2089 4162 2510 4233 συναχθήσονται
2563 4163 2605 4193 ¹¹
2654 4160 2959 4232 ἔμπροσθεν
3008 4159 3174 4213 αὐτοῦ
3208 4160 3383 4214 πάντα
3416 4161 3484 4213 τὰ
3509 4160 3663 4231 ἔθνη·

2087 4255 2181 4309 καὶ
2210 4254 2464 4324 ἀφορίσει
2495 4254 2691 4315 αὐτοὺς
2730 4252 2825 4305 ἀπ’
2853 4250 3115 4323 ἀλλήλων,
3162 4252 3350 4321 ὥσπερ
3399 4253 3428 4303 6
3462 4251 3667 4321 ποιμὴν

2084 4347 2333 4417 ἀφορίζει
2358 4328 2707 4415 τάπρόὸατα
2733 4343 2842 4397 ἀπὸ
2870 4344 2976 4395 τῶν
3000 4344 3224 4414 ἐρίφων·
3254 4343 3347 4396 καὶ
3384 4344 3571 4413 στήσει
3594 4344 3669 4397 τὲ

406 4422 555 4489 quod
607 4425 1027 4494 manducarem;
1083 4430 1253 4495 sitivi,
1299 4440 1354 4484 et
1405 4433 1705 4489 bibendum
1752 4437 1982 4495 dedistis

2093 4437 2190 4507 μὲν
2226 4435 2468 4507 πρόϐατα
2508 4437 2570 4487 ἐκ
2590 4433 2779 4497 δεξιῶν
2827 4433 3014 4499 αὑτοῦ,
3057 4433 3125 4486 τὰ
3167 4433 3224 4487 δὲ
3271 4432 3455 4503 ἐρίφια
3480 4433 3540 4497 ἐξ
3570 4434 3668 4484 εὐ-

407 4512 577 4579 mihi;
610 4515 809 4585 hospes
839 4534 1011 4583 eram,
1054 4530 1109 4573 et
1160 4524 1481 4592 suscepistis
1522 4542 1642 4591 me;
1686 4529 1887 4594 nudus,
1924 4541 1981 4585 et

406 4606 772 4673 cooperuistis
826 4625 944 4675 me;
1006 4611 1279 4677 inﬁrmus,
1331 4624 1387 4668 et
1437 4617 1702 4674 visitastis
1751 4636 1875 4687 me;
1922 4623 1975 4676 in

404 4711 626 4751 carcere
645 4716 816 4763 eram,
841 4709 897 4754 et
932 4703 1163 4757 venistis
1189 4705 1257 4758 ad
1289 4722 1374 4761 me
1399 4717 1446 4761 ι.
1472 4728 1487 4757 ι
1520 4709 1584 4762 Et
1610 4710 1717 4765 illis
1742 4712 1977 4767 dicenti-

403 4785 527 4853 bus,
561 4804 617 4843 se
644 4790 781 4843 nihil
804 4791 1001 4845 horum
1034 4810 1273 4865 unquam
1308 4799 1629 4867 prmstitisse
1666 4802 1974 4873 (proprium

400 4888 487 4934 est
522 4882 668 4935 enim
710 4883 931 4939 virtutis
970 4887 1302 4942 athletarum
1335 4899 1394 4943 ut
1436 4892 1712 4947 modestos
1740 4910 1796 4949 se
1832 4913 1971 4971 pra:-

400 4970 587 5033 heant,
621 4987 857 5041 suasque
882 4991 1016 5044 opes
1049 4978 1378 5047 occultent),
1411 4982 1493 5035 eis
1520 4983 1632 5037 [lex
1660 4996 1851 5040 contra
1882 4970 1969 5041 re-

400 5060 696 5131 spondebit
720 5080 732 5116 :
769 5083 787 5113 ‹
816 5066 988 5120 Amen
1007 5067 1132 5121 dico
1155 5069 1331 5134 vobis,
1378 5072 1523 5140 quod
1549 5073 1754 5129 fecistis
1779 5077 1869 5130 uni
1905 5093 1972 5132 ex

465 5243 529 5297 ql
560 5242 685 5297 Cor.
720 5258 806 5307 xv,
844 5241 1031 5297 42-116.

405 5320 426 5347 ν
459 5312 650 5367 Matth.
688 5329 811 5378 xxv,
848 5313 869 5366 1
906 5328 1058 5383 seqq.

1111 5254 1131 5281 "
1166 5246 1303 5300 ibid.
1334 5247 1421 5307 Si,
1456 5248 1546 5303 55.

1138 5324 1161 5351 ι
1197 5317 1330 5371 ibid.
1366 5319 1553 5373 51—56.

1624 5262 1644 5287 ³
1679 5251 1912 5322 Philipp.
1950 5267 2028 5317 ιιι,
2060 5252 2148 5318 90,
2181 5254 2269 5307 21.

2089 4528 2342 4597 ωνύμων.
2377 4526 2509 4578 Τότε
2537 4527 2652 4596 ἐρεῖ
2679 4529 2706 4579 6
2741 4525 2991 4596 βασιλεὺς
3024 4528 3136 4588 τοῖς
3163 4526 3226 4578 ἐκ
3255 4524 3444 4588 δεξιῶν
3469 4525 3663 4577 αὐτοῦ·

2087 4619 2331 4683 Δεῦτε,οἱ
2366 4617 2719 4688 εὐλογημένοι
2742 4618 2834 4671 τοῦ
2860 4616 3069 4687 Πατρός
3096 4633 3218 4686 μου,
3247 4615 3667 4686 κληρονομήσα-

2084 4729 2142 4764 τε
2176 4710 2273 4781 τὴν
2305 4709 2711 4781 ἡτοιμασμένην
2747 4709 2875 4779 ὑμῖν
2926 4708 3199 4773 βασιλείαν
3228 4707 3332 4760 ἀπὸ
3356 4705 3665 4773 καταϐολῆς

2083 4802 2311 4871 κόσμου·
2355 4800 2614 4852 ἐπείνασα
2668 4800 2797 4869 γὰρ,
2853 4799 2947 4852 καὶ
2999 4796 3241 4852 ἐδώκατέ
3298 4814 3385 4867 μοι
3441 4798 3661 4864 φαγεῖν·

2081 4894 2330 4965 ἐδίψησα,
2358 4893 2451 4946 καὶ
2479 4892 2764 4945 ἐποτίσατέ
2791 4907 2875 4961 με·
2911 4889 3057 4954 ξένος
3087 4890 3254 4959 ήμην,
3296 4889 3388 4941 καὶ
3424 4887 3665 4956 συνηγά-

2080 4988 2205 5056 γετέ
2257 5004 2325 5057 με
2348 5003 2359 5015 ο
2394 4986 2617 5055 γυμνὸς,
2646 4983 2739 5038 καὶ
2770 4982 3119 5053 περιεϐάλετέ
3151 4999 3215 5050 με
3236 4997 3248 5010 ·
3278 4980 3531 5050 ἀσθενὴς,
3563 4980 3661 5031 xal

2080 5078 2457 5147 ἐπεσκέψασθέ
2487 5093 2575 5148 με·
2599 5077 2656 5128 ἐν
2703 5075 2915 5145 φυλακῇ
2943 5074 3112 5143 ήμην,
3155 5072 3248 5125 καὶ
3277 5070 3468 5142 ήλθετε
3518 5070 3657 5140 πρός

2359 5256 2370 5290 ι
2406 5252 2563 5306 Joan.
2596 5267 2647 5316 v,
2678 5248 2769 5315 ‘28,
2800 5248 2887 5304 29.
2964 5257 2989 5284 υ
3022 5245 3212 5302 Matth.
3264 5261 3405 5309 ulv,
3435 5245 3529 5301 29.
3561 5243 3655 5300 50.

1740 5432 1972 5487 VARle
2014 5432 2419 5488 LElZ'l'lONES.

470 5568 835 5637 ΪΦιλιππίοις.
870 5573 1248 5637 Φιλιππησίοις
1278 5574 1337 5624 πὶ.
1432 5574 1450 5603 ⁵
1476 5575 1772 5626 ἐπέστειλε.

408 5638 439 5709 ⁷7
484 5634 576 5709 [εἰ]
612 5654 722 5709 om.
761 5643 823 5693 Ι).
858 5644 878 5673 ⁸
905 5643 1010 5695 ἀπὸ
1034 5634 1145 5693 τοῦ.
1171 5649 1234 5694 ἐκ
1255 5644 1347 5695 tr)
1375 5645 1467 5696 Va.

1810 5573 2095 5627 ἐπέστελλε
2124 5573 2221 5635 Va,
2252 5574 2361 5631 τοῖς
2390 5586 2489 5639 pro
2512 5570 2724 5633 πολλοῖς
2748 5571 2847 5624 \‘b.

1550 5647 1570 5673 9
1611 5644 2122 5712 παραπεμφθέντος.
2159 5641 2548 5711 παραδοθέντος
2576 5651 2631 5695 et
2657 5658 2781 5696 mox
2818 5641 2957 5694 ἔλθοι
2991 5641 3051 5694 1).

2931 5573 2949 5599 ⁶
2979 5571 3068 5621 καὶ
3099 5567 3271 5631 αὖθις.
3313 5568 3467 5632 αὖθις
3496 5570 3553 5621 δέ
3589 5570 3653 5623 1).

3139 5643 3184 5672 ¹⁰
3212 5639 3426 5711 [aQ-.051
3450 5655 3561 5695 om.
3586 5638 3655 5696 Ο.

408 5708 447 5740 ⁸⁸
488 5707 931 5777 συναχθήσονται.
975 5711 1362 5779 συναχθήσεται
1390 5714 1452 5775 Ι),
1479 5716 1569 5781 qui
1593 5707 1714 5767 mos
1756 5707 1864 5768 om.
1891 5714 1996 5766 ἀπὸ
2024 5712 2128 5766 τῶν
2159 5707 2586 5781 ἐφζ--πρ-όϐατα.
