3974 6196
311 272 446 339 ΜΠ

833 273 1268 336 GRJECARUM
1303 276 1606 338 AFFECT.
1646 275 2180 339 CURATIO.—XI.
2219 275 2319 337 DE
2352 271 2534 336 FINE
2572 273 2668 333 ET
2700 269 3020 333 JUDICIO.

3421 270 3555 331 1118

310 405 404 458 με.
433 404 453 439 ι
504 383 753 438 Ἑκείνων
785 381 842 435 δέ
887 380 1103 450 φάντων
1138 380 1302 451 μηδὲν
1334 382 1543 436 τούτων
1581 382 1804 437 πώποτε
1831 385 1874 416 ⁸⁸

1988 382 2069 438 his
2093 382 2339 437 minimis
2372 382 2643 437 fratribus
2664 378 2823 445 meis,
2857 377 2953 450 qui
2982 377 3038 434 in
3062 390 3151 431 me
3173 374 3551 437 crediderunt.

308 473 622 546 δεδρακέναι
649 472 798 542 (ίδιον
822 469 933 541 γὰρ
968 469 1029 522 τδ
1058 468 1371 540 μετριάζειν
1400 468 1510 522 τῶν
1551 469 1651 539 τῆς
1675 470 1877 540 ἀρετῆς

306 564 557 636 ἀθλητῶν
576 566 640 628 ¹³,
672 563 764 616 καὶ
798 561 1205 632 κατακρύπτειν
1249 560 1339 616 τὸν
1387 560 1615 614 πλοῦτον
1646 560 1734 631 “),
1762 563 1879 632 ἐρεῖ

306 656 505 720 τοίνυν,
529 653 712 723 φησὶν,
746 652 883 724 πρὸς
902 652 1100 714 αὐτοὺς
1125 654 1153 705 6
1174 650 1456 714 Βασιλεύς·
1488 671 1507 703 ι
1529 652 1701 722 Ἀμὴν
1733 652 1877 721 λέγω

310 746 458 814 ὑμῖν,
495 743 580 813 ἐφ’
610 745 733 797 ὅσον
779 744 1067 814 ἐποιήσατε
1115 743 1197 795 ἐνὶ
1240 742 1446 797 τούτων
1483 742 1594 796 τῶν
1635 743 1877 812 ἀδελφῶν

310 855 411 907 μου
476 837 584 890 τῶν
634 837 930 906 ἐλαχίστων
988 835 1098 889 τῶν
1148 836 1511 889 πιστευόντων
1556 836 1599 868 ’⁸
1647 838 1725 898 εἰς
1756 836 1877 907 ἐμὲ,

305 928 423 996 ἐμοὶ
477 928 793 996 ἐποιήσατε.
831 945 849 978 ι
907 925 1062 979 Οὕτω
1095 925 1318 989 τούτους
1370 926 1743 996 ἀνακηρύξας,
1786 926 1879 981 καὶ

302 1017 551 1082 δεδωκὼς
595 1018 665 1072 τὰ
694 1018 833 1090 γέρα
866 1016 975 1073 τῶν
1009 1017 1209 1080 πόνων.
1262 1018 1396 1088 ἐρεῖ,
1440 1018 1596 1088 φησὶ,
1632 1018 1728 1071 καὶ
1767 1019 1881 1081 τοῖς

304 1108 366 1176 ἐξ
414 1108 731 1180 εὐωνύμων·
783 1126 803 1160 ι
849 1107 1148 1181 Πορεύεσθε
1182 1107 1277 1161 ἀπ’
1302 1104 1461 1178 ἐμοῦ,
1487 1108 1535 1160 οί
1566 1107 1884 1178 κατηραμέο

303 1218 407 1264 νοι.
437 1202 518 1264 είς
550 1200 611 1254 τὸ
640 1198 751 1272 πῦρ
777 1199 837 1253 τὸ
869 1197 1106 1262 αίώνιον,
1130 1198 1193 1251 τὸ
1224 1197 1627 1269 ἡτοιμασμένον
1661 1198 1738 1268 τῷ
1774 1199 1886 1254 δια-

305 1291 448 1363 ϐόλῳ
476 1292 701 1355 καὶτοῖς
721 1290 976 1359 ἀγγέλοις
1002 1287 1189 1343 αὐτοῦ.
1224 1307 1243 1340 ι
1277 1288 1452 1360 Δήλας
1478 1288 1533 1342 δὲ
1559 1288 1653 1343 καὶ
1674 1289 1886 1355 τούτοις

313 1383 424 1436 τῶν
460 1381 740 1452 τιμωριῶν
768 1381 866 1444 τὰς
903 1379 1082 1443 αἰτίας
1113 1379 1293 1432 ποιεῖ·
1327 1378 1503 1442 οὐδεὶς
1524 1379 1634 1449 γάρ
1662 1377 1886 1451 ἔδρασεν

1982 474 2119 527 mihi
2143 473 2351 528 fecistis
2381 482 2430 527 γ.
2464 493 2482 524 ι
2526 473 2594 527 Et
2626 481 2917 543 postquam
2951 470 3055 524 hos
3091 466 3244 523 vocis
3274 481 3386 522 suae
3416 482 3558 536 prae-

1982 564 2147 620 conio
2181 564 2543 633 laborumque
2581 563 2826 632 praemiis
2863 559 3188 622 honestarit,
3225 557 3375 613 dicet
3403 565 3460 612 et
3488 557 3558 611 iis

1983 654 2079 724 qui
2105 654 2332 708 stabunt
2350 669 2380 707 a
2410 652 2687 707 sinistris:
2725 671 2743 703 ι
2772 649 3045 705 Discedite
3069 663 3099 701 a
3122 660 3229 710 me,
3255 642 3554 707 maledicti,

1985 747 2042 800 in
2071 748 2089 766 '
2118 746 2298 816 ignem
2322 754 2613 807 aeternum,
2645 743 2740 813 qui
2768 750 2992 812 paratus
3020 746 3105 812 est
3130 737 3351 791 diabolo
3376 742 3433 789 et
3455 749 3555 787 an-

1985 835 2121 905 gelis
2141 836 2261 905 ejus
2286 844 2331 888 ι.
2363 853 2381 885 ι
2406 834 2653 903 Explicat
2681 839 2865 885 autem
2895 831 2982 885 his
3008 841 3226 898 quoque
3255 822 3555 894 supplicio-

1985 939 2108 979 rum
2135 938 2328 979 causas
2353 941 2365 976 :
2392 923 2539 992 quod
2578 921 2762 975 nullus
2790 935 2982 975 eorum
3006 933 3069 972 ea
3090 912 3413 986 praestiterit
3434 927 3555 981 quae

1980 1016 2255 1086 justorum
2285 1014 2490 1068 chorus
2520 1010 2796 1082 praestitit,
2820 1024 2999 1079 neque
3039 1021 3308 1062 summam
3334 1003 3555 1057 illorum

1982 1105 2310 1161 modestiam
2339 1105 2536 1161 imitati
2569 1103 2798 1159 fuerint.
2826 1100 2906 1157 illi
2928 1100 3075 1156 enim
3098 1097 3265 1154 etiam
3289 1095 3430 1150 bona
3455 1109 3556 1150 ne-

1983 1196 2186 1267 gabant
2220 1211 2280 1251 se
2310 1194 2505 1252 fecisse
2534 1209 2656 1265 qua:
2688 1193 2935 1248 fecerant
2971 1206 2984 1243 :
3021 1189 3080 1243 bi
3104 1202 3260 1251 vero,
3291 1199 3413 1255 qua:
3445 1198 3555 1237 non

1983 1290 2257 1357 fecerunt,
2295 1306 2355 1345 se
2382 1289 2581 1345 fecisse
2611 1286 2978 1371 mentiuntur.
3016 1282 3149 1338 lure
3185 1294 3317 1371 ergo
3346 1275 3559 1347 1006

1987 1382 2412 1444 convincentur,
2433 1388 2491 1434 et
2515 1369 2694 1448 pcenis
2720 1373 3117 1446 suppliciisque
3142 1369 3452 1426 tradentur.

306 1471 528 1527 ἐκείνων
551 1471 587 1525 ἀ
617 1471 724 1525 τῶν
756 1470 979 1524 δικαίων
1021 1469 1337 1523 ἐπετέλεσεν
1359 1470 1389 1523 6
1429 1469 1618 1541 χορὸς,
1654 1470 1749 1522 καὶ
1777 1470 1902 1524 ούδέ
1941 1472 2041 1545 τὴν
2075 1472 2310 1543 ἐσχάτην
2351 1469 2576 1523 ἐκείνων
2609 1469 2654 1500 ⁸⁸
2684 1465 2938 1538 ζηλοῦσιν
2978 1461 3282 1516 causam.
3330 1457 3558 1545 Ἐκεῖνοι

308 1563 409 1632 μὲν
430 1563 557 1635 γὰρ,
589 1563 767 1617 πάντα
793 1563 978 1615 ἐκεῖνα
1004 1560 1383 1631 πεποιηκότες,
1419 1561 1755 1632 ἡρνὴθησαψ
1786 1555 1932 1617 οὗτοι
1951 1563 2030 1628 δέ,
2060 1566 2156 1618 καὶ⁹
2181 1562 2257 1635 μὴ
2278 1564 2322 1595 ¹⁷
2344 1562 2683 1633 δεδρακότες,
2710 1555 3068 1629 πεποιηκέναι
3094 1552 3275 1624 φασιν
3301 1547 3436 1604 ἀλλὰ
3461 1544 3558 1601 καὶ

304 1653 397 1708 τὸν
429 1655 653 1725 ἔλεγχον
677 1653 939 1719 δέξονται,
961 1652 1057 1707 καὶ
1084 1655 1151 1724 τῇ
1177 1652 1417 1724 τιμωρίᾳ
1439 1652 1924 1725 παραδοθήσονται.

375 1744 582 1809 Ταῦτα,
617 1736 662 1795 ὦ
689 1738 900 1813 ἄνδρες,
940 1741 1289 1813 παραδάλετε
1319 1744 1431 1805 τοῖς
1465 1744 1876 1813 ἐπαινουμένοις

2054 1746 2182 1802 Haec
2207 1761 2325 1810 vos,
2351 1761 2385 1801 ο
2416 1744 2549 1809 viri,
2574 1742 2823 1799 conferte
2857 1755 2981 1796 cum
3012 1737 3255 1794 Platonis
3285 1732 3556 1789 sermoni-

304 1835 402 1890 τοῦ
435 1835 724 1898 Πλάτωνος
770 1834 970 1902 λόγοις.
1008 1834 1065 1888 Ὀ
1090 1833 1221 1911 γάρ⁸
1247 1850 1329 1887 τοι
1380 1832 1541 1897 ἄλλος
1586 1832 1752 1905 λῆρος
1789 1835 1884 1889 καὶ

303 1927 456 1983 τοῦδε
488 1927 583 1980 καὶ¹
606 1926 713 1979 τῶν
748 1925 925 1980 ἄλλων
955 1923 1047 1979 τοῦ
1100 1924 1327 1988 σκότους
1373 1922 1583 1978 ἐκείνου
1612 1941 1675 1993 γε
1705 1924 1887 1992 ἀξιού-

307 2018 418 2072 σθω
440 2018 483 2051 ¹⁸
500 2036 513 2048 ·
535 2017 572 2071 ἃ
598 2016 653 2071 δέ
681 2033 744 2085 γε
774 2016 868 2070 καὶ
889 2018 1053 2087 ἡμεῖς
1092 2015 1444 2087 ἐπῃνέσαμεν
1464 2014 1576 2086 ἔχει
1599 2016 1722 2069 τινὰ
1750 2017 1887 2087 πρὸς

303 2109 478 2165 ταῦτα
525 2109 864 2178 ξυγγένειαν.
911 2109 1024 2171 Τὰς
1078 2108 1187 2178 γάρ
1225 2124 1309 2160 τοι
1339 2107 1615 2171 κολάσεις,
1648 2109 1761 2160 καὶο
1785 2107 1887 2171 τὰς

306 2200 416 2254 τῶν
438 2198 658 2267 ἀγαθῶν
683 2198 1005 2264 ἀντιδόσεις,
1022 2199 1272 2260 κάκεῖνος
1292 2192 1432 2251 εἶναι
1448 2196 1883 2267 ξυνωμολόγησε,

306 2292 401 2346 καὶ
421 2292 489 2346 τὰ
518 2291 638 2346 θεῖα
669 2289 913 2354 ἐπέδειξε
946 2291 989 2322 ⁸⁸
1007 2289 1198 2357 Λόγια,
1242 2288 1335 2342 καὶ
1375 2289 1442 2342 τὰ
1476 2288 1638 2342 καινὰ
1687 2288 1782 2342 καὶ
1818 2288 1887 2342 τά

305 2384 538 2438 παλαιά·
565 2382 824 2445 δικαστὰς
864 2381 923 2436 δὲ
968 2382 1175 2444 ἐκεῖνος
1220 2380 1318 2450 μὲν
1344 2380 1444 2433 καὶ
1506 2380 1729 2450 ἐτέρους
1774 2382 1887 2433 εἰσ-

307 2476 507 2546 ἡγαγε,
558 2474 650 2527 τὸν
696 2472 919 2539 Αἰακὸν,
964 2472 1060 2526 καὶ
1089 2471 1180 2525 τὸν
1217 2470 1393 2534 Μίνω,
1438 2470 1532 2523 καὶ
1559 2469 1650 2523 τὸν
1696 2469 1887 2523 Ῥαδά-

311 2565 540 2635 μανθυν,
563 2566 760 2634 ἄνδρας
785 2564 909 2618 οὐδὲ
937 2563 1006 2616 τὰ
1036 2563 1214 2615 πάντα
1232 2561 1280 2593 ¹⁰
1310 2559 1756 2630 ἐπαινουμένους,
1783 2559 1880 2613 τοῦ

319 2653 379 2706 δὲ
409 2653 565 2706 Μίνω
595 2655 692 2706 καὶ
731 2652 902 2705 πολλὰ
933 2651 1068 2704 ἀττα
1107 2649 1470 2721 κατηγοροῦσί
1506 2666 1650 2713 τινες
1669 2666 1682 2679 ³
1725 2651 1887 2721 ἡμεῖς

312 2743 372 2797 δέ
398 2741 782 2814 προσμένομεν
812 2740 1077 2810 δικαστὴν
1100 2739 1193 2792 τδν
1214 2740 1481 2810 ἡμέτερον
1516 2739 1767 2810 ποιητὴν,
1797 2741 1887 2793 τὸν

309 2832 409 2886 καὶ
447 2832 546 2901 τὴν
614 2831 777 2902 φύσιν
824 2833 891 2903 ἢν
939 2829 1177 2884 ἔπλασεν
1221 2830 1465 2901 ἀκριϐῶς
1501 2829 1886 2902 ἐπιστάμενον,

312 2926 410 2978 καὶ
436 2923 642 2994 ταύτης
701 2924 762 2978 ού
795 2924 956 2994 μόνον
986 2922 1085 2986 τὰς
1129 2921 1357 2993 πράξεις
1406 2922 1500 2976 καὶ
1532 2923 1661 2985 τοὺς
1698 2921 1888 2990 λόγους

311 3014 672 3082 γινώσκοντα,
705 3014 840 3068 ἀλλά
891 3014 985 3067 καὶ
1037 3012 1176 3066 αὐτὰ
1219 3011 1287 3066 τὰ
1321 3011 1472 3084 [165]
1516 3010 1618 3082 τῆς
1675 3011 1888 3075 ἐννοίας

1987 1837 2113 1903 bus,
2130 1838 2226 1908 qui
2246 1837 2481 1892 maxime
2498 1836 2814 1891 laudantur.
2835 1833 3059 1889 Caetera:
3072 1831 3217 1886 enim
3235 1840 3351 1882 tum
3370 1827 3556 1897 hujus,

1988 1938 2104 1984 tum
2136 1929 2369 1983 aliorum
2395 1944 2575 2000 nugae,
2617 1926 2861 1982 tenebris
2891 1924 3000 1980 illis
3038 1922 3217 1994 dignae
3254 1925 3403 1975 sunt.
3428 1917 3560 1984 Qute

1985 2035 2118 2076 vero
2151 2034 2253 2074 nos
2280 2020 2645 2083 laudavimus,
2674 2019 2884 2074 habent
2915 2017 3151 2087 aliquam
3179 2027 3304 2068 cum
3331 2010 3420 2065 his
3447 2008 3560 2064 am-

1984 2111 2236 2166 nitatem.
2266 2109 2545 2181 Supplicia
2567 2110 2716 2165 enim
2760 2123 2825 2163 ac
2844 2107 3117 2162 bonorum
3162 2099 3561 2158 retributiones

1986 2211 2043 2258 et
2071 2201 2161 2256 ille
2184 2200 2469 2256 confessus
2496 2206 2602 2265 est,
2630 2208 2687 2255 et
2719 2213 2875 2253 saera
2895 2196 3057 2251 nobis
3079 2204 3193 2250 tum
3222 2199 3413 2247 vetera
3441 2197 3556 2243 tum

1986 2307 2127 2347 nova
2141 2291 2371 2361 Eloquia
2387 2289 2705 2346 ostendunt.
2726 2288 2950 2345 Iudices
2968 2301 3100 2341 vero
3122 2285 3213 2340 ille
3235 2282 3372 2338 alios
3392 2282 3556 2337 etiam

1987 2383 2223 2448 induxit,
2257 2382 2483 2439 )Eacum
2505 2424 2519 2448 ,
2545 2392 2601 2438 et
2632 2382 2868 2436 Minoem
2892 2421 2908 2445 ,
2947 2387 3005 2435 et
3040 2375 3519 2433 Rhadamanthum
3541 2413 3555 2435 ,

1985 2474 2239 2529 homines
2288 2490 2401 2529 non
2439 2488 2833 2544 usquequaque
2881 2469 3229 2533 laudandos;
3270 2467 3328 2520 in
3378 2464 3558 2519 Minoe

1987 2570 2169 2617 autem
2203 2570 2333 2618 sunt
2367 2570 2425 2617 et
2469 2561 2565 2631 qui
2609 2560 2781 2615 multa
2817 2558 3200 2614 criminentur.
3225 2555 3337 2610 Nos
3373 2559 3556 2608 autem

1984 2654 2229 2726 judicem
2261 2662 2646 2724 exspectamus
2674 2667 2801 2707 eum
2826 2651 2921 2721 qui
2953 2665 3054 2706 nos
3074 2649 3224 2712 fecit,
3252 2646 3347 2718 qui
3378 2655 3435 2701 et
3458 2658 3558 2700 na-

1989 2751 2167 2800 turam
2202 2745 2409 2815 optime
2447 2744 2603 2800 novit
2637 2759 2803 2815 quam
2842 2741 2959 2813 ipse
2993 2741 3169 2805 ﬁnxit,
3225 2753 3404 2809 neque
3440 2737 3562 2807 ejus

1987 2834 2132 2890 facta
2174 2835 2351 2890 solum
2379 2834 2636 2905 dictaque
2679 2835 2861 2899 callet,
2904 2832 3001 2889 sed
3036 2833 3187 2903 ipsos
3223 2844 3442 2901 quoque
3473 2829 3560 2883 in-

1990 2937 2159 2985 ternae
2186 2927 2539 3000 cogitationis
2562 2936 2766 2984 motus.
2788 2927 3069 2983 Judicahit
3092 2934 3277 2982 autem
3307 2939 3429 2989 nos,
3452 2924 3558 2978 hu-

1988 3020 2269 3075 manitatis
2283 3029 2483 3076 nostra:
2504 3029 2714 3076 vestem
2742 3020 2970 3075 indutus
2994 3037 3007 3073 :
3030 3017 3336 3074 divinitatis
3357 3016 3560 3087 quippe

314 3107 614 3178 κινήματα.
649 3106 873 3159 Δικάσει
920 3104 1000 3170 δὲ,
1033 3102 1131 3174 τὴν
1188 3104 1287 3174 τῆς
1343 3102 1621 3174 ἡμετέρας
1671 3101 1886 3171 φύσεως

1991 3118 2185 3165 natura
2237 3111 2412 3166 oculis
2460 3112 2611 3168 cerni
2666 3128 2775 3166 non
2821 3118 3022 3181 potest.
3052 3109 3192 3165 Hinc
3224 3117 3280 3165 ct
3317 3108 3558 3179 seipsum

316 3197 512 3267 στολὴν
562 3196 947 3267 περικείμενος
967 3211 981 3226 ·
1023 3194 1256 3265 ἀόρατος
1284 3194 1395 3264 γὰρ
1424 3195 1457 3263 ἡ
1489 3195 1590 3263 τῆς
1635 3192 1885 3263 θεότητος

309 3285 500 3356 φύσις.
530 3285 620 3356 Τῷ
652 3301 736 3339 τοι
780 3285 876 3338 καὶ
905 3283 1036 3337 Υίδν
1068 3281 1356 3353 ἀνθρώπου
1388 3282 1579 3335 ἐαυτὸν
1617 3280 1889 3352 προσηγόο

311 3392 507 3447 ρευσεν
528 3392 543 3406 ο
575 3375 762 3447 ἐπειδὴ
793 3374 999 3445 ταύτην
1030 3374 1081 3426 oi
1125 3372 1442 3444 κρινόμενοι
1486 3371 1752 3443 θεωροῦσι
1790 3373 1888 3444 τὴν

310 3466 494 3535 φύσιν.
512 3466 604 3520 Διὸ
627 3466 694 3537 δὴ
717 3467 811 3520 καὶ
837 3465 866 3516 ὁ
889 3464 1030 3528 θεῖος
1068 3462 1390 3527 ’Λπόστολος
1416 3465 1474 3516 ἐν
1514 3464 1819 3535 Ἀθηναίοις
1841 3466 1885 3497 ²¹

307 3554 637 3627 δημηγορῶν
667 3553 844 3617 οὕτως
880 3553 982 3623 ἔφη
1014 3570 1028 3584 ·
1062 3572 1081 3604 ι
1115 3553 1254 3614 Τοὺς
1282 3553 1381 3622 μὲν
1413 3548 1507 3607 οὖν
1538 3553 1765 3624 χρόνους
1788 3554 1890 3625 τῆς

309 3646 534 3716 ἀγνοίας
582 3641 860 3716 ὑπεριδὼν
900 3644 929 3697 6
971 3641 1104 3704 Θεὸς
1131 3640 1296 3694 τανῦν
1331 3640 1699 3711 παραγγέλλει
1755 3642 1889 3695 πᾶσι

313 3731 590 3803 πανταχοῦ
650 3733 952 3802 μετανοεῖν,
998 3729 1188 3783 καθότι
1222 3727 1449 3800 ἔστησεν
1499 3729 1713 3801 ἡμέραν
1757 3730 1816 3782 ἐν

313 3822 497 3893 μέλλει
543 3822 747 3894 κρίνειν
793 3819 893 3891 τὴν
945 3819 1289 3890 οίκουμένην,
1346 3821 1405 3873 ἐν
1433 3818 1793 3890 δικαιοσύνῃ,
1830 3819 1888 3871 ἐν

310 3913 467 3983 ἀνδρὶ
497 3905 541 3981 ᾧ
565 3911 757 3981 ῶρισε,
785 3910 967 3963 πίστιν
991 3908 1288 3981 παρασχὼν
1311 3908 1522 3982 [πᾶσιν]
1553 3911 1624 3977 “,
1651 3910 1889 3982 ἀναστὴ-

313 4020 413 4067 σας
444 4002 604 4058 αὐτὸν
635 4003 700 4055 ἐκ
730 3999 961 4072 νεκρῶν.
990 4018 1008 4052 ι

384 4095 450 4148 El
472 4093 529 4146 δέ
560 4109 642 4157 τις
668 4094 889 4146 ἀπιστεῖ
921 4093 1033 4155 τοῖς
1061 4090 1394 4163 λεγομένοις,
1419 4092 1515 4145 καὶ
1547 4091 1712 4164 λῆρον
1740 4093 1889 4163 ἡγεῖ-

315 4204 407 4241 ται
451 4185 560 4240 τῶν
617 4184 931 4239 ἀποστόλων
971 4184 1041 4237 τὰ
1079 4186 1321 4256 ῥήματα,
1354 4184 1480 4255 τῇδε
1531 4183 1750 4254 μαθέτω
1791 4182 1889 4255 τὴν

314 4277 518 4332 τούτων
551 4275 831 4347 ἀλήθειαν.
864 4274 1043 4328 Πολλὰ
1073 4276 1121 4307 ’³
1166 4276 1296 4346 περὶ
1328 4266 1433 4327 τοῦ
1460 4274 1746 4344 μέλλοντος
1774 4273 1888 4344 βίου

317 4371 412 4425 καὶ
449 4371 478 4423 6
504 4369 782 4438 Δεσπότης
826 4366 1060 4439 Χριστὸς
1091 4367 1187 4419 καὶ
1228 4365 1278 4418 οί
1316 4364 1508 4418 τούτου
1540 4380 1605 4433 γε
1650 4366 1891 4435 κήρυκες

315 4464 764 4534 προηγόρευσαν·
799 4459 1092 4514 ἐθέσπισαν
1124 4458 1182 4512 δὲ
1234 4459 1328 4511 καὶ
1376 4457 1511 4512 ἀλλα
1563 4456 1719 4524 ἄττα,
1743 4458 1886 4510 ἐκεί·
1916 4438 1964 4495 D

314 4573 392 4626 νῳ
423 4555 521 4625 μὲν
558 4552 828 4624 οὐδαμῶς,
867 4550 946 4621 τῷ
996 4549 1053 4602 δὲ
1098 4549 1198 4620 βίῳ
1248 4547 1421 4619 τούτῳ
1440 4546 1486 4579 ⁸⁵
1513 4549 1880 4617 προσήκοντα.

328 4641 649 4708 Ἐξετάσατε
678 4641 883 4703 τοίνυν,
913 4634 959 4694 ὧ
996 4637 1213 4710 ἄνδρες,
1250 4637 1347 4701 τὰς
1389 4636 1544 4690 τοῦδε
1576 4636 1702 4707 πέρι
1736 4652 1889 4707 γεγε-

315 4733 558 4806 νημένας
590 4732 922 4803 προρρήσεις
944 4746 959 4761 ο
994 4730 1097 4785 κᾶν
1139 4728 1336 4802 εὕρητε
1373 4727 1616 4799 ἀληθεῖς.
1655 4729 1749 4783 καὶ
1777 4731 1886 4791 τοῖς

312 4825 634 4897 πράγμασιν
681 4822 929 4894 ἐναργῶς
976 4819 1400 4893 ξυμϐαινούσας,
1431 4818 1660 4885 δέξασθε
1699 4817 1889 4890 ἀδηρί-

313 4933 420 4982 τως
447 4918 631 4972 ἐκεῖνα
649 4916 703 4948 ³⁸
730 4914 796 4969 τὰ
825 4914 954 4986 περὶ
978 4912 1088 4967 τῶν
1123 4910 1426 4983 μελλόντων
1458 4907 1884 4979 τεθεσπισμένα.

316 5006 485 5061 Τοῦτο
517 5007 576 5061 δὲ
617 5000 721 5063 ὧδέ
758 5022 834 5078 πη
869 5002 1227 5059 διασκεπτέον
1255 5018 1271 5035 σ
1298 5002 1412 5073 Τὴν
1446 4999 1556 5053 τῶν
1588 4994 1888 5070 Ἰεροσολύ-

389 5128 419 5170 1
446 5121 634 5175 Matth.
664 5137 791 5188 xxv,
823 5119 912 5175 40.
990 5129 1014 5158 ³
1046 5118 1184 5174 ibid.
1215 5118 1305 5174 M.
1382 5129 1408 5159 ι
1438 5114 1559 5171 Act.
1590 5129 1721 5179 xvu,
1752 5112 1843 5179 50,
1874 5112 1963 5167 51.

1986 3200 2209 3253 hominis
2244 3198 2433 3253 Filium
2475 3202 2744 3270 appellat,
2780 3202 2911 3270 quia
2945 3202 3087 3257 hanc
3134 3200 3395 3256 videlicet
3463 3197 3559 3269 qui

1982 3288 2379 3360 judicabuntur
2438 3299 2695 3344 naturam
2770 3291 3055 3347 videbunt.
3111 3292 3267 3348 Unde
3338 3290 3563 3345 divinus

1988 3380 2304 3450 Apostolus,
2323 3395 2448 3435 cum
2472 3381 2615 3451 apud
2627 3380 2991 3437 Athenienses
3012 3382 3455 3445 concionaretur,
3481 3380 3561 3435 sic

1988 3472 2068 3526 ait
2100 3488 2113 3524 :
2153 3489 2171 3522 ι
2199 3470 2469 3540 Tempora
2500 3471 2664 3542 hujus
2695 3471 3014 3542 ignorantia:
3055 3471 3368 3540 despiciens
3393 3471 3557 3533 Deus,

1988 3572 2138 3612 nunc
2162 3557 2454 3612 annuntiat
2483 3558 2740 3612 omnibus
2763 3558 2968 3627 ubique
2995 3557 3331 3622 hominibus,
3358 3565 3419 3611 ut
3442 3570 3560 3625 pm-

1988 3647 2275 3703 nitentiam
2301 3656 2466 3718 agant
2495 3665 2507 3701 :
2532 3663 2601 3702 eo
2631 3647 2778 3719 quod
2804 3649 2999 3704 statuit
3028 3648 3197 3712 diem,
3218 3662 3328 3718 quo
3342 3646 3560 3718 judica-

1989 3745 2149 3792 turus
2172 3745 2258 3793 est
2286 3737 2477 3793 orbem
2502 3737 2557 3791 in
2583 3736 2863 3808 aequitate,
2900 3753 3002 3808 per
3024 3737 3205 3791 virum
3239 3736 3294 3791 in
3317 3750 3428 3806 quo
3453 3742 3563 3790 sta-

1991 3830 2118 3894 tuit,
2143 3828 2304 3885 fidem
2327 3830 2576 3900 praebens
2597 3830 2876 3897 omnibus,
2899 3830 3171 3886 suscitans
3198 3828 3407 3900 1007
3432 3842 3559 3884 eum

1990 3935 2022 3974 a
2045 3920 2283 3975 mortuis
2310 3932 2359 3973 ι.
2400 3940 2418 3971 ι

2061 4096 2118 4152 Si
2145 4098 2271 4169 quis
2293 4108 2479 4154 autem
2508 4098 2596 4154 his
2625 4098 2851 4154 minime
2878 4098 3077 4162 credit,
3100 4104 3364 4168 putatque
3388 4109 3561 4165 nugas

1990 4204 2111 4244 esse
2141 4189 2519 4259 apostolorum
2551 4188 2741 4255 verba,
2780 4190 2999 4244 illorum
3023 4189 3311 4244 veritatem
3344 4188 3447 4242 hac
3475 4202 3561 4241 ra-

1990 4277 2141 4331 tione
2190 4277 2491 4348 perdiscat.
2520 4278 2687 4334 Multa
2727 4279 2796 4335 de
2837 4279 3041 4334 futurae
3076 4277 3202 4333 vitae
3231 4286 3399 4341 statu,
3441 4284 3560 4330 tum

1989 4368 2243 4424 Christus
2268 4370 2554 4433 Dominus,
2581 4380 2695 4426 tum
2714 4371 2833 4442 ejus
2861 4368 3118 4440 discipuli
3149 4368 3556 4438 praedixerunt:

1990 4459 2164 4513 multa
2185 4466 2243 4514 et
2275 4459 2381 4513 alia
2412 4459 2878 4530 praenuntiatum,
2903 4476 3026 4530 quae
3053 4459 3191 4515 nihil
3214 4457 3283 4513 ad
3308 4457 3452 4512 illam
3477 4455 3556 4510 fu-

1990 4558 2172 4606 turam
2217 4552 2407 4617 vitam,
2456 4552 2553 4608 sed
2591 4552 2660 4607 ad
2708 4553 2853 4608 hanc
2892 4552 3156 4608 duntaxat
3198 4550 3561 4622 pertinerent.

1990 4641 2298 4712 Expendite
2331 4643 2520 4715 igitur,
2552 4659 2588 4699 o
2615 4644 2742 4709 viri,
2783 4653 3095 4715 spectantes
3123 4643 3191 4699 ad
3215 4640 3360 4698 hanc
3392 4641 3560 4695 vitam

1991 4732 2375 4802 pmdictiones
2409 4750 2423 4786 :
2450 4737 2466 4752 ’
2488 4740 2545 4787 et
2575 4733 2622 4788 si
2643 4733 2813 4789 fuisse
2841 4749 3004 4789 veras
3035 4732 3329 4789 invenietis
3377 4746 3442 4786 ac
3470 4746 3561 4786 re-

1989 4838 2117 4877 rum
2148 4831 2350 4878 eventu
2381 4825 2781 4895 comprobatus,
2805 4840 2870 4881 ea
2895 4840 3016 4894 quae
3044 4825 3114 4881 de
3157 4824 3360 4880 futuris
3394 4823 3564 4879 rebus

1992 4911 2251 4982 pradicta
2282 4923 2430 4979 sunt,
2464 4913 2585 4969 sine
2617 4913 3016 4985 disceptatione
3045 4914 3300 4985 accipite.
3338 4913 3398 4970 id
3429 4927 3561 4967 vero

1992 5001 2095 5058 hac
2111 5001 2345 5059 maxime
2363 5003 2575 5061 ratione
2590 5003 3031 5078 perspiciendum
3041 5012 3155 5062 est:
3172 5004 3563 5077 Hierosolyma:

1550 5249 1786 5305 VARIE
1822 5251 2227 5307 LECTIONES.

380 5370 424 5401 ¹²
454 5366 657 5422 τούτων
692 5368 930 5424 πώποτε.
954 5370 1168 5423 πώποτε
1201 5368 1402 5423 τούτων
1435 5366 1497 5421 Ι).
1551 5366 1596 5398 ¹³
1619 5362 2082 5435 τῶν-ἀθλητῶν,
2117 5365 2244 5435 τοὺς
2262 5393 2332 5402 —-—
2355 5361 2593 5431 ἀθλητὰς
2620 5362 2683 5435 (ἶ,
2703 5363 2803 5433 τῆς
2831 5364 3031 5435 ἀρετῆς
3076 5362 3185 5435 τῶν
3225 5361 3472 5433 ἀθλητῶν
3493 5363 3557 5419 D.

326 5440 371 5473 ίδ
390 5440 483 5492 τὸν
516 5438 763 5492 πλοῦτον.
810 5439 871 5491 τὸ
909 5440 1158 5493 πλουτεῖν
1209 5439 1274 5498 D.
1310 5446 1365 5492 et
1413 5452 1522 5490 out.
1574 5434 1775 5488 τοίνυν.
1868 5434 1910 5466 ¹⁸
1933 5433 2315 5485 πιστευόντων.
2351 5434 2793 5487 πεπιστευκότων
2826 5433 2925 5499 va,
2954 5433 3316 5487 πιστευόντων
3338 5449 3455 5487 ειηθ
3480 5436 3559 5497 είς

325 5510 425 5565 ἐμὲ
454 5510 556 5565 Vb.

328 5574 373 5613 ¹⁶
402 5580 523 5633 οὐδὲ
561 5577 629 5632 τὰ
659 5577 857 5632 πάντα.
904 5580 1023 5648 οὐχ),
1049 5574 1252 5648 πάντας
1266 5576 1385 5648 _Yb.
1424 5574 1601 5648 supra
1640 5574 1745 5648 καὶ,Δ
1764 5574 1963 5648 ἀνδρας

636 5510 679 5541 ιθ
709 5507 949 5562 ἐκείνων.
977 5509 1189 5578 ἐκείνην
1216 5509 1341 5578 Va.”
1387 5507 1547 5578 “_xal.
1578 5507 1671 5577 μή.
1710 5504 1877 5578 μηδὲν
1909 5503 2027 5578 Vb;
2103 5501 2463 5578 "ﬁgamus
2498 5501 2644 5578 ἄξιος

2817 5505 2859 5535 ¹⁹
2896 5502 3157 5568 ἐπέδειξε.
3201 5502 3451 5567 ἀπέδειξε
3491 5503 3553 5557 D.

2141 5572 2543 5645 "fAqugiotc.
2578 5572 2847 5645 -ίᾼθὴναις
2881 5575 2942 5628 D.
3032 5573 3077 5603 “
3103 5569 3283 5645 [πᾶσι]
3317 5585 3426 5628 om.
3456 5572 3551 5628 Va.

327 5650 377 5683 ⁸³
414 5648 602 5704 πολλὰ.
642 5647 809 5703 πολλά
853 5636 1090 5720 γὰρὛὶ).
1184 5636 1357 5718 ’δ’βίῳ
1397 5636 1588 5717 τούτῳ.
1615 5644 1692 5717 τῷ
1723 5643 1819 5717 βίῳ
1842 5636 1957 5699 τάξ
2004 5644 2075 5714 ι²⁵
2104 5644 2302 5697 ἐκεῖνα.
2330 5636 2553 5697 κάκεῖνα
2578 5642 2678 5697 Vb.
