3974 6196
439 268 574 336 1119

1423 275 1905 334 THEODORETI
1946 275 2280 336 EPISCOPI
2317 278 2677 338 CYRENSIS

3548 282 3702 349 1120

437 383 593 438 urbis
612 379 958 435 obsidionem
980 380 1234 436 Christus
1254 383 1525 451 prwdixit,
1552 387 1924 457 templumque
1947 388 2006 440 il-

2113 403 2228 454 μων
2253 390 2282 441 ὁ
2322 391 2600 460 Δεσπότης
2637 387 2867 459 Χριστὸς
2914 392 3141 459 προεῖπε
3193 392 3539 462 πολιορκίαν,
3591 400 3702 455 καὶ

433 475 529 530 Iud
581 474 1006 528 celeberrimum
1059 473 1309 529 funditus
1357 477 1740 542 evertendum,
1791 481 2008 535 Judzeos

434 567 624 630 etiam,
667 566 761 635 qui
808 566 986 634 ipsum
1036 566 1352 620 cruciﬁxuri
1395 579 1574 634 erant,
1602 580 1848 626 extorres
1894 583 2008 628 toto

435 659 570 712 orbe
596 656 1012 726 dispergendos.
1041 657 1336 712 Videamus
1366 659 1531 729 igitur
1564 676 1632 714 an
1667 662 1785 716 haec
1805 664 2007 732 pradi-

435 748 544 802 ctio
581 747 649 800 ad
675 756 936 800 eventum
975 748 1308 815 pervenerit.
1337 749 1416 804 Ac
1451 750 1518 804 de
1541 751 1747 806 Judaais
1783 754 2006 822 quidem

435 857 534 894 vos
565 841 920 895 dubitaturos
960 858 1069 896 non
1113 853 1247 912 puto
1283 862 1295 897 :
1330 846 1398 899 ab
1429 846 1519 900 illa
1557 849 1704 923 enim
1745 850 1880 902 urbe
1907 865 2004 903 ex-

437 933 578 1002 pulsi
635 942 783 997 sunt,
834 943 890 987 et
937 944 1207 989 terrarum
1267 939 1514 992 omnium
1559 939 1687 992 facti
1728 940 2004 1009 inquilini.

436 1025 648 1094 Templi
679 1042 808 1079 vero
835 1026 1208 1091 solitudinem,
1231 1037 1285 1082 et
1309 1044 1338 1081 a
1370 1029 1739 1083 fundamentis
1761 1032 2006 1085 eversio-

435 1131 582 1178 nem,
632 1115 726 1184 qui
775 1116 878 1184 ipsi
913 1118 1148 1181 vidistis,
1198 1120 1535 1174 confitemini
1575 1138 1587 1172 :
1627 1122 1826 1190 reliqui
1875 1137 2007 1176 vero

435 1207 787 1260 narrantibus
808 1207 1034 1262 credite.
1062 1210 1174 1279 Ego
1195 1211 1340 1264 enim
1367 1213 1517 1267 hisce
1539 1214 1713 1268 oculis
1734 1214 1846 1268 vidi
1873 1216 1973 1269 soli
1989 1245 2006 1258 ο

437 1293 682 1348 tudinem
738 1295 885 1348 illam
929 1306 983 1350 et
1019 1299 1453 1367 praedictionem,
1495 1320 1659 1372 quam
1691 1304 1882 1358 auditu
1911 1322 2006 1360 ac-

435 1401 712 1453 ceperant,
765 1387 942 1440 oculis
983 1405 1102 1441 sum
1143 1391 1397 1454 intuitus,
1437 1395 1839 1464 veritatemque
1883 1396 2006 1450 lau-

437 1476 559 1530 davi
603 1486 766 1546 atque
811 1479 1056 1533 adoravi.
1113 1482 1409 1537 Veritatem
1453 1501 1586 1555 ergo
1633 1487 2007 1554 praedictionis

438 1566 600 1636 hujus
643 1585 731 1622 res
771 1570 899 1638 ipsa:
944 1571 1246 1626 clarissima
1287 1591 1421 1630 voce
1470 1585 1760 1631 testantur.
1804 1578 1909 1633 Sed
1951 1588 2008 1634 et

436 1659 739 1728 prophetiae
795 1662 1022 1717 alterius
1072 1666 1280 1718 exitum
1332 1669 1693 1738 inquiramus.
1751 1671 2007 1726 Pnedixit

441 1750 654 1820 1008
701 1755 962 1820 apostolis
1004 1756 1260 1813 Christus
1300 1761 1565 1815 Dominus
1610 1764 1908 1818 certamina
1951 1775 2008 1819 et

437 1841 682 1908 pericula
713 1859 833 1911 qua:
862 1845 1098 1900 subituri
1129 1859 1308 1914 erant,
1349 1868 1478 1905 cum
1508 1852 1712 1907 Iudaeis
1742 1862 1797 1908 et
1828 1855 2006 1924 genti-

437 1929 540 1985 bus
564 1933 870 1988 ductrinam
897 1937 1156 1994 afferrent
1183 1959 1195 1993 :
1229 1961 1247 1991 ‹
1278 1942 1416 1996 Ecce
1447 1945 1615 2009 enim,
1644 1946 1721 1999 ait
1747 1947 1875 2010 illis,
1904 1964 2008 2016 ego

437 2022 594 2077 mitto
645 2040 744 2078 vos
793 2027 933 2081 sicut
973 2045 1103 2084 oves
1149 2031 1201 2085 in
1243 2034 1426 2087 medio
1473 2035 1726 2104 luporum
1763 2037 1812 2090 ιι.
1860 2057 1877 2088 ι
1939 2039 2008 2091 Et

439 2113 679 2169 iterum:
725 2138 741 2166 ‹
779 2117 1021 2174 Tradent
1065 2138 1162 2177 vos
1205 2127 1476 2190 conciliis,
1522 2137 1579 2181 et
1625 2128 1680 2181 in
1719 2131 2008 2200 synagogis

437 2205 554 2258 suis
594 2205 949 2274 ﬂagellahunt
983 2225 1101 2271 vos,
1138 2221 1196 2266 et
1234 2215 1301 2267 ad
1346 2215 1606 2283 praesides
1645 2226 1701 2272 et
1743 2217 1809 2272 ad
1849 2235 2008 2289 reges

435 2293 710 2351 ducemini
740 2310 964 2368 propter
992 2318 1100 2366 me,
1136 2304 1189 2357 in
1217 2307 1588 2361 testimonium
1615 2309 1724 2362 illis
1749 2319 1803 2363 et
1826 2311 2006 2380 genti-

435 2387 539 2441 bus
582 2398 627 2440 ο.
674 2407 692 2440 ι
746 2390 1023 2460 Pauloque
1074 2402 1198 2462 post
1240 2413 1253 2448 :
1298 2415 1314 2446 ‹
1359 2396 1562 2452 Tradet
1603 2409 1785 2452 autem
1842 2399 2007 2453 frater

435 2479 657 2534 fratrem
684 2482 749 2535 ad
781 2493 1040 2552 mortem,
1061 2497 1115 2540 et
1143 2496 1297 2556 pater
1329 2489 1490 2552 filios,
1518 2499 1574 2543 et
1599 2500 1886 2560 assurgent
1909 2491 2003 2545 filii

435 2579 625 2626 contra
665 2583 942 2642 parentes,
982 2585 1038 2630 et
1079 2587 1256 2632 morte
1290 2595 1386 2633 eos
1424 2580 1660 2634 aflicient
1699 2599 1710 2633 :
1748 2590 1806 2634 et
1848 2582 2006 2635 eritis

435 2660 564 2716 odio
609 2663 865 2718 omnibus
912 2666 1229 2722 hominibus
1270 2681 1496 2739 prepter
1543 2687 1743 2725 nomen
1797 2687 2001 2724 meum.

435 2751 538 2819 Qui
562 2763 744 2809 autem
783 2759 1220 2825 perseveraverit
1255 2777 1428 2829 usque
1467 2761 1520 2814 in
1557 2761 1742 2825 ﬁnem,
1783 2762 1872 2816 hic
1897 2763 2004 2817 sal-

435 2859 540 2898 vus
574 2848 680 2900 erit
713 2847 763 2900 ἀ.
805 2866 822 2898 ι
876 2848 1162 2919 Itemque:
1198 2870 1215 2900 ι
1255 2850 1312 2906 Si
1355 2851 1568 2906 Patrem
1591 2852 1824 2907 familias
1849 2854 2005 2908 Beel-

437 2935 613 2989 zebub
630 2947 983 3000 vocaverunt,
1003 2949 1209 3000 quanto
1228 2941 1401 3010 magis
1418 2941 1751 2997 domesticos
1762 2945 1882 3013 ejus
1899 2944 1961 2996 ’ἲ
1979 2962 1998 2994 ι

435 3028 682 3096 Itemque
715 3047 727 3081 :
759 3049 776 3079 ‹
807 3031 984 3083 Nolite
1022 3032 1278 3085 arbitrari
1303 3049 1388 3086 me
1422 3031 1636 3088 venisse
1653 3045 1713 3089 ut
1731 3035 2004 3091 mitterem

435 3133 623 3187 pacem
651 3121 705 3173 in
737 3129 957 3174 terram.
985 3122 1102 3176 Non
1131 3124 1256 3177 veni
1287 3125 1504 3180 mittere
1531 3143 1742 3196 pacem,
1768 3130 1864 3184 sed
1889 3131 2005 3200 gla-

435 3205 609 3260 dium.
655 3209 788 3263 V’eni
828 3211 975 3264 enim
1020 3220 1080 3264 ut
1120 3214 1390 3268 concitem
1428 3216 1705 3270 hominem
1742 3218 2007 3274 adversus

434 3305 648 3367 patrem
681 3315 863 3363 suum,
898 3310 954 3356 et
990 3287 1446 3360 filiam'adversus
1474 3318 1704 3362 matrem
1735 3325 1912 3374 suam,
1950 3320 2008 3366 et

435 3404 638 3443 nurum
683 3392 948 3448 adversus
987 3410 1206 3449 socrum
1245 3411 1421 3460 suam,
1445 3407 1502 3451 ct
1533 3399 1741 3453 inimici
1768 3401 2008 3458 hominis

435 3478 722 3536 domestici
759 3483 879 3552 ejus
923 3483 965 3538 τ.
1005 3504 1023 3536 ι
1074 3485 1200 3540 llaec
1246 3495 1431 3542 autem
1470 3488 1705 3559 singula,
1749 3507 1782 3545 ο
1819 3493 2006 3558 amici,

437 3570 614 3639 reipsa
635 3573 915 3628 cernimus
939 3576 1210 3630 evenisse.
1232 3576 1369 3630 Cum
1393 3577 1480 3631 his
1501 3578 1649 3632 enim
1671 3581 1933 3648 periculis
1953 3590 2009 3636 et

434 3664 667 3731 apostoli
698 3663 877 3719 lucem
908 3667 1030 3720 orbi
1059 3677 1331 3722 terrarum
1357 3671 1682 3736 attulerunt,
1707 3681 1764 3726 et
1789 3673 2005 3727 illorum

436 3767 783 3810 successores
831 3758 1148 3827 religionem
1205 3761 1273 3813 ab
1316 3760 1399 3814 eis
1452 3772 1728 3831 acceptam
1781 3779 2007 3818 conser-

433 3856 654 3900 varunt.
671 3846 838 3918 Cujus
861 3849 936 3902 rei
958 3851 1119 3904 fidem
1139 3851 1347 3906 faciunt
1369 3855 1384 3871 ‘
1408 3855 1656 3922 sepulcra
1679 3866 2005 3926 martyrum,

435 3953 556 4006 quae
574 3939 778 4008 ubique
800 3952 943 3995 terra
961 3943 1206 4012 marique
1227 3945 2009 4016 resplendent,veritatemque

436 4027 738 4096 praadicant
783 4031 1094 4086 divinarum
1139 4035 1579 4104 prmdictionum.
1627 4037 1814 4106 Neque
1859 4039 2006 4092 enim

437 4119 546 4172 illis
575 4120 689 4173 sola
733 4123 944 4193 1009
974 4125 1314 4191 discrimina,
1347 4128 1443 4182 sed
1477 4129 1760 4183 victoriam
1789 4146 2008 4200 quoque

436 4210 710 4278 praedixit.
753 4231 771 4261 ‹
803 4212 980 4282 Super
1007 4215 1148 4270 hanc
1180 4217 1350 4281 enim,
1387 4217 1586 4286 inquit,
1609 4227 1816 4286 petram
1839 4220 2010 4274 aedifi-

435 4299 573 4354 cabo
589 4302 888 4358 Ecclesiam
923 4322 1120 4370 meam,
1151 4317 1206 4362 et
1227 4317 1397 4376 porte
1423 4310 1582 4364 inferi
1610 4327 1718 4364 non
1747 4314 2008 4382 prawale-

2107 475 2182 537 ὡς
2212 476 2239 525 ὁ
2270 476 2401 538 νεὼς
2427 479 2632 538 ἐκεῖνος
2655 477 2685 528 ὁ
2737 475 3062 547 περιϐόητος
3093 477 3263 548 ἄρδην
3307 481 3702 550 καταλυθήσε-

2104 581 2214 626 ται,
2244 569 2336 620 καὶ
2388 569 2465 631 ὡς
2524 569 2604 631 εἰς
2655 569 2873 622 ἃπασαν
2927 569 3027 638 τὴν
3078 569 3405 639 οἰκουμένην
3456 570 3518 623 τὺ
3575 572 3703 624 τῶν

2106 659 2530 728 ἐσταυρωκότων
2607 658 2771 711 αὐτὸν
2846 661 3335 728 κατασπαρήσεται
3396 661 3444 691 ³⁵
3497 661 3695 727 γένος.

2110 750 2338 817 ἰδωμεν
2368 750 2544 801 τοίνυν
2575 751 2621 801 εἰ
2663 751 2735 819 μὴ
2771 747 2832 801 τὸ
2868 750 3038 820 πέρας
3067 751 3095 800 ό
3124 750 3280 816 λόγος
3315 750 3555 814 ἐδέξατο.
3575 753 3701 804 Καὶ

2106 840 2235 908 περί⁵
2265 840 2361 908 μὲν
2396 839 2665 892 Ἰουδαίων
2699 841 2798 892 οὐκ
2835 836 2988 908 οἶμαι
3018 841 3163 908 ὑμᾶς
3203 841 3652 910 ἀμφισϐητήσειν
3675 860 3693 872 ο

2106 934 2323 1002 ἐκείνης
2374 948 2431 984 τε
2482 933 2590 1003 γὰρ
2637 934 2737 1002 τῆς
2767 932 2970 994 πόλεως
3017 929 3391 1002 ἐξελήλανται,
3441 935 3536 986 καὶ
3582 936 3699 1003 τῆς

2105 1024 2431 1092 οἰκουμένης
2467 1026 2781 1095 γεγένηνται
2821 1025 3060 1094 μέτοικοι
3079 1042 3091 1055 ⁸
3129 1024 3222 1078 τοῦ
3249 1025 3354 1077 νεὼ
3378 1027 3436 1078 δὲ
3461 1027 3557 1079 καὶ
3581 1027 3699 1098 τὴν

2105 1113 2341 1183 ἐρημίαν
2367 1114 2462 1165 καὶ
2487 1116 2586 1182 την
2615 1115 2679 1166 ἐκ
2705 1113 2921 1184 βάθρων
2952 1115 3249 1168 κατάλυσιν
3273 1117 3321 1167 οἰ
3363 1115 3462 1184 μὲν
3486 1117 3694 1170 τεθεα-

2109 1205 2262 1274 μένοι
2299 1204 2605 1275 φιλαλήθως
2643 1204 3036 1276 όμολογησατε,
3061 1207 3112 1257 οἱ
3144 1206 3200 1258 δὲ
3233 1206 3407 1258 λοιποὶ
3450 1211 3564 1269 τοῖς
3601 1209 3697 1260 δι-

2106 1294 2429 1366 ηγουμένοις
2479 1295 2836 1348 πιστεύσατεο
2883 1295 3159 1365 αὐτόπτης
3209 1296 3319 1366 γάρ
3375 1315 3476 1349 που
3522 1299 3695 1366 κάγὼ

2107 1383 2204 1452 τῆς
2244 1384 2480 1455 ἐρημίας
2517 1384 2734 1453 ἐκείνης
2775 1384 3098 1454 γεγένημαι,
3151 1387 3245 1438 καὶ
3277 1387 3372 1456 τὴν
3426 1390 3692 1457 πρόρῤηο

2107 1493 2190 1528 σιν
2216 1477 2262 1506 "
2294 1478 2358 1548 ἣν
2396 1480 2517 1540 ταῖς
2549 1478 2740 1541 ἀκοαῖς
2786 1478 3076 1547 ἐδεξάμην,
3122 1478 3436 1548 ἐθεασάμην
3476 1481 3523 1512 ’⁸
3564 1483 3694 1542 τοῖς

2106 1563 2427 1634 ὀφθαλμοῖς,
2458 1565 2554 1617 καὶ
2591 1566 2691 1635 τὴν
2729 1566 2985 1637 ἀληθειαν
3019 1565 3239 1636 ὕμνησά
3269 1583 3328 1620 τε
3361 1570 3456 1620 καὶ
3502 1585 3689 1640 προσ-

2104 1654 2370 1724 εκύνησα.
2397 1657 2521 1708 Ὀτι
2554 1657 2651 1725 μὲν
2679 1652 2772 1710 οὖν
2796 1658 3035 1726 ἀψευδὴς
3073 1653 3226 1722 οὗτος
3263 1660 3292 1710 ὀ
3325 1659 3499 1728 λόγος,
3535 1658 3688 1730 [καὶ]

2109 1745 2178 1798 τὰ
2205 1746 2504 1814 πράγματα
2545 1745 2665 1816 βοᾷ,
2727 1747 2960 1818 μεγίστῃ
3007 1749 3326 1818 ηχρημένα
3373 1753 3439 1818 τῇ
3491 1754 3682 1820 φωνῇ·

2111 1835 2531 1907 ἐπιζητὴσωμεν
2563 1837 2621 1890 δὲ
2667 1838 2969 1912 καὶάλλης
3011 1841 3347 1910 προφητείας
3386 1842 3447 1894 τὸ
3479 1843 3681 1911 πέρας.

2110 1929 2344 1998 Προεῖπε
2387 1934 2500 1994 τοῖς
2529 1930 2850 1994 ἀποστόλοις
2896 1932 2925 1984 ό
2966 1932 3245 1998 Δεσπότης
3286 1934 3520 2002 Χριστὸς
3551 1936 3684 1997 τοὺς

2107 2019 2324 2087 ἀγῶνας
2355 2021 2448 2073 καὶ
2495 2022 2620 2085 τοὺς
2652 2021 2952 2087 κινδύνους,
2982 2023 3075 2086 οὒς
3112 2024 3333 2094 ἔμελλον
3372 2025 3678 2089 πείσεσθαι,

2108 2114 2204 2165 καὶ
2236 2115 2345 2175 τοῖς
2379 2113 2555 2166 ἔθνεσι
2583 2115 2678 2167 καὶ
2720 2115 2992 2178 Ἰουδαίοις
3017 2116 3115 2186 τὴν
3137 2117 3486 2169 διδασκαλίαν
3508 2135 3684 2187 προσ-

2109 2204 2386 2274 φέροντες.
2426 2225 2444 2254 ι
2484 2205 2613 2258 Ἰδοὺ
2644 2206 2774 2275 γὰρ,
2807 2205 2909 2276 ἔφη
2940 2207 3076 2277 πρὸς
3115 2208 3332 2272 αὐτοὺς,
3361 2209 3682 2262 ἀποστέλλω

2109 2296 2250 2365 ὑμᾶς
2301 2295 2378 2358 ὼς
2423 2297 2672 2366 πρόϐατα
2721 2300 2779 2350 ἐν
2827 2299 2976 2368 μέσῳ
3016 2299 3214 2353 λύκων.
3253 2318 3271 2350 ι
3321 2300 3432 2353 Καὶ
3472 2301 3679 2352 πάλιν*

2113 2408 2130 2437 ι
2167 2387 2582 2458 Παραδώσουσιν
2615 2389 2762 2458 ὑμᾶς
2781 2391 2862 2452 εἰς
2890 2389 3162 2461 συνέδρια,
3190 2392 3284 2444 καὶ
3312 2392 3370 2442 ἐν
3397 2395 3515 2454 ταῖς
3552 2407 3678 2444 συν-ν

2106 2480 2350 2547 αγωγαῖς
2391 2480 2570 2532 αὐτῶν
2615 2480 3050 2550 μαστιγώσουσιν
3086 2484 3252 2552 ὑμᾶς,
3289 2483 3382 2534 καὶ
3415 2484 3508 2534 ἐπὶ
3547 2485 3673 2551 ηγεο

2109 2569 2276 2639 μόνας
2305 2572 2398 2623 καὶ
2423 2569 2659 2639 βασιλεῖς
2691 2571 2994 2642 ἀχθήσεσθε
3031 2574 3219 2626 ἕνεκεν
3251 2571 3385 2642 ἐμοῦ
3423 2575 3504 2634 εἰς
3536 2591 3680 2642 μαρο

2105 2661 2287 2731 τύριον
2335 2661 2515 2724 αὐτοῖς
2561 2662 2656 2714 καὶ
2700 2665 2812 2724 τοῖς
2855 2661 3086 2715 ἔθνεσιν.
3118 2680 3139 2714 ι
3174 2663 3283 2715 Καὶ
3320 2664 3436 2732 μετ’
3485 2662 3678 2729 ὀλίγαι

2113 2772 2130 2804 ι
2161 2751 2479 2823 Παραδώσει
2516 2753 2571 2806 δὲ
2610 2752 2836 2822 ἀδελφὸς
2885 2753 3109 2822 ἀδελφὸν
3160 2756 3240 2816 εἰς
3284 2753 3531 2816 θάνατον,
3583 2757 3678 2808 καὶ

2107 2846 2289 2915 πατὴρ
2309 2843 2506 2898 τέκναο
2535 2844 2627 2897 καὶ
2673 2846 3106 2915 ἐπαναστήσεται
3135 2844 3301 2898 τέκνα
3344 2846 3434 2897 ἐπὶ
3477 2850 3676 2912 γονεῖς.

2107 2938 2199 2991 καὶ
2243 2936 2646 2988 θανατώσουσιν
2689 2937 2923 2999 αὐτούς·
2982 2939 3077 2990 καὶ
3126 2935 3313 3008 ἔσεσθε
3364 2935 3682 3006 μισούμενοι

2109 3027 2214 3080 ὑπὸ
2245 3029 2460 3081 πάντων
2489 3027 2576 3080 διὰ
2607 3027 2667 3080 τὸ
2704 3028 2876 3098 ὄνομά
2919 3044 3044 3098 μου.
3087 3029 3146 3080 ὐ
3174 3028 3228 3080 δὲ
3266 3027 3560 3097 ὑπομείνας
3597 3031 3677 3085 εἰς

2107 3119 2280 3184 τέλος,
2305 3115 2460 3184 οὗτος
2484 3118 2810 3188 σωθήσεται.
2855 3139 2872 3170 ι
2903 3120 3012 3172 Καὶ
3045 3115 3200 3181 αὖθις
3223 3133 3236 3146 °
3274 3138 3292 3169 ι
3317 3119 3378 3171 Εἰ
3409 3117 3497 3169 τὸν
3533 3119 3677 3168 οἱκοο

2106 3210 2369 3278 δεσπότην
2397 3209 2724 3272 Βεελζεϐοὺλ
2745 3209 3101 3272 ἐπεκάλεσαν,
3131 3209 3281 3278 πόσῳ
3302 3207 3447 3278 [16η
3479 3205 3676 3276 μᾶλλον

2107 3304 2231 3367 τοὺς
2255 3303 2530 3365 οἰκιακοὺς
2558 3303 2604 3332 ²⁹
2634 3299 2818 3354 αὐτοῦ.
2850 3319 2867 3352 ι
2898 3302 3006 3353 Καὶ
3034 3300 3224 3353 πάλινο
3258 3320 3275 3350 ι
3307 3299 3398 3368 Μὴ
3419 3297 3677 3366 νομίσητε

2108 3395 2189 3448 ὅτι
2224 3391 2387 3462 ἦλθον
2436 3391 2622 3462 βαλεῖν
2667 3393 2890 3462 εἰρήνην
2934 3394 3025 3444 ἐπὶ
3060 3392 3160 3462 τὴν
3190 3391 3313 3460 γῆν.
3365 3391 3475 3444 Οὐκ
3513 3386 3679 3460 ἦλθον

2109 3485 2294 3555 βαλεῖν
2341 3486 2585 3555 εἰρήνην,
2629 3483 2767 3536 ἀλλά
2815 3483 3112 3553 μάχαιραν.
3144 3478 3347 3534 Ἦλθον
3377 3482 3483 3550 γὰρ
3527 3481 3679 3550 διχά-

2110 3593 2198 3628 σαι
2225 3577 2270 3607 ³⁰
2303 3575 2589 3644 ἄνθρωπον
2625 3576 2768 3627 κατά
2788 3575 2882 3627 τοῦ
2908 3576 3113 3646 πατρὸς
3147 3574 3336 3636 αὐτοῦ,
3376 3575 3468 3625 καὶ
3509 3573 3675 3640 θυγα-

2107 3668 2239 3738 τέρα
2272 3667 2413 3720 κατὰ
2445 3667 2542 3735 τῆς
2586 3666 2788 3736 μητρὸς
2823 3667 3011 3735 αὐτῆς,
3045 3667 3138 3719 καὶ
3173 3666 3388 3737 νύμφην
3420 3665 3556 3718 κατά
3581 3666 3680 3733 τῆς

2109 3761 2378 3830 πενθερᾶς
2408 3761 2578 3830 αὐτῆς
2600 3775 2614 3789 ·
2647 3759 2742 3812 καὶ
2766 3759 2947 3830 ἐχθροὶ
2982 3758 3076 3812 τοῦ
3106 3758 3394 3830 ἀνθρώπου
3418 3759 3466 3808 oi
3503 3759 3679 3810 οἰκιαο

2109 3853 2194 3907 κοί
2219 3851 2405 3905 αὑτοῦ.
2438 3870 2456 3903 ι
2493 3849 2709 3903 Τούτων
2742 3851 2992 3913 ἕκαστον,
3031 3845 3076 3902 ὦ
3123 3849 3365 3920 φιλότης,
3403 3849 3547 3919 ἔργῳ
3588 3865 3682 3900 πε-

2108 3940 2467 4010 πληρωμένον
2508 3939 2655 3990 ἔστιν
2697 3939 2843 3991 ίδεῖν.
2877 3937 3031 3990 Μετά
3061 3937 3168 4008 γὰρ
3216 3937 3378 3990 τῶνδε
3427 3937 3534 3988 τῶν
3564 3954 3682 3988 κιν-

2107 4033 2278 4085 δύνων
2305 4032 2399 4084 καὶ
2443 4032 2492 4083 οἱ
2527 4029 2815 4083 ἀπόστολοι
2867 4030 2964 4100 τὴν
3012 4031 3336 4100 οἰκουμένην
3388 4027 3677 4095 ἐφώτισαν,

2111 4123 2205 4178 καὶ
2231 4123 2280 4174 οἱ
2319 4123 2436 4192 μετ’
2467 4121 2729 4182 ἐκείνους,
2763 4121 2829 4190 ἣν
2877 4121 3208 4190 παρέλαϐον,
3244 4119 3565 4187 διεφύλαξαν
3597 4119 3682 4170 πί-

2111 4233 2258 4268 στιν·
2287 4213 2380 4266 xui.
2410 4212 2743 4283 μαρτυροῦσι
2765 4211 2874 4262 τῶν
2907 4211 3198 4282 μαρτύρων
3235 4211 3290 4262 αἱ
3331 4210 3514 4278 θῆκαι,
3547 4227 3685 4260 παν-

2107 4303 2274 4375 ταχοῦ
2295 4305 2396 4374 γῆς
2418 4305 2512 4356 καὶ
2537 4303 2808 4371 θαλάττης
2832 4302 3258 4372 ἀστράπτουσαι,
3282 4301 3374 4352 καὶ
3394 4299 3499 4350 τῶν
3523 4298 3685 4350 Θείων

436 4392 576 4448 hunt
598 4395 860 4452 adversus
883 4415 1002 4452 eam
1040 4402 1084 4452 8.
1122 4420 1138 4450 ι
1165 4401 1281 4455 Jam
1309 4402 1472 4455 etiam
1504 4403 1688 4458 videre
1721 4412 1825 4468 est,
1860 4405 2006 4475 quod

2113 4397 2470 4469 προρρήσεων
2516 4393 2883 4465 κηρύττουσαι
2927 4394 3026 4463 τὴν
3055 4391 3331 4463 ἀλήθειαν.
3373 4393 3446 4443 Οὐ
3476 4391 3582 4462 γὰρ
3619 4391 3684 4459 δὴ

436 4483 553 4539 fore
572 4481 845 4555 prmdiiiit,
873 4488 1066 4543 domos
1091 4489 1437 4560 familiasque
1471 4493 1695 4547 divisas.
1721 4494 1829 4548 Aut
1861 4496 2006 4549 enim

2113 4491 2271 4561 μόνον
2313 4490 2438 4551 τοὺς
2471 4486 2771 4550 κινδύνους,
2817 4487 2953 4540 ἀλλὰ
3009 4487 3106 4538 καί⁵
3154 4485 3252 4554 τὴν
3307 4483 3464 4553 νίκην
3503 4484 3686 4546 αὐτοῖς

435 4574 566 4637 viri,
595 4578 721 4632 tidei
753 4595 950 4648 sagcna
979 4580 1144 4649 capti,
1171 4596 1296 4635 cum
1331 4582 1592 4637 uxoribus
1627 4583 1807 4637 adhuc
1834 4584 2006 4640 incre-

2109 4583 2538 4656 προηγόρευσεν.
2573 4601 2589 4634 ι
2614 4581 2740 4633 Ἐπὶ
2773 4580 2948 4654 ταύτῃ
2974 4581 3084 4649 γὰρ
3113 4578 3217 4646 ἔφη
3244 4582 3308 4648 τῇ
3332 4578 3506 4648 πέτρα
3539 4579 3679 4629 οἰκος

437 4666 585 4721 dulis
611 4663 926 4739 depugnant
953 4689 964 4723 :
991 4679 1085 4723 aut
1109 4685 1327 4735 uxores,
1355 4681 1579 4742 accepto
1609 4673 1830 4742 pietatis
1859 4675 2009 4744 jugo,

439 4757 586 4813 viros
617 4760 798 4814 adhuc
822 4771 1071 4817 errantes
1109 4762 1327 4817 irretire
1361 4765 1721 4828 contendunt,
1755 4780 2006 4819 necessa-

446 4849 632 4920 riaque
661 4851 726 4905 ad
762 4853 992 4907 salutem
1020 4854 1290 4910 dissensio
1330 4856 1660 4911 laudabilem
1694 4857 1839 4926 parit
1870 4873 2005 4911 con-

439 4941 797 4996 °'unctionem.
863 4945 1040 5015 Atque
1097 4957 1158 5000 ut
1211 4949 1598 5017 praedictiones
1635 4950 1767 5003 alias
1816 4951 2010 5004 missas

438 5031 658 5096 faciam,
687 5035 882 5089 mulier
911 5038 1159 5106 quaedam
1196 5040 1262 5093 ad
1305 5049 1524 5094 sanctos
1555 5041 1672 5109 ejus
1709 5041 1876 5110 pedes
1911 5059 2010 5095 un-

441 5131 704 5194 guentum
748 5128 929 5182 attulit
965 5146 976 5181 :
1011 5129 1168 5198 cujus
1200 5128 1358 5183 fidem
1401 5131 1740 5200 suscipiens,
1779 5133 2009 5187 astanti-

443 5213 547 5269 bus
571 5215 860 5285 discipulis
881 5218 1053 5273 dixit:
1088 5239 1105 5269 (
1140 5219 1312 5273 Amen
1335 5220 1461 5274 dico
1488 5222 1666 5285 vobis,
1695 5223 2010 5293 ubicunque

517 5371 542 5411 ι’
572 5371 760 5429 Matth.
794 5392 848 5440 χ,
885 5376 966 5432 16.
1047 5387 1069 5415 ε
1106 5376 1239 5432 ibid.
1282 5379 1361 5442 17,
1397 5380 1481 5434 18.
1558 5381 1583 5420 ά
1618 5379 1753 5434 ibid.
1785 5379 1875 5442 21,
1908 5378 1994 5432 2:2.

2078 5391 2101 5418 ο
2136 5379 2270 5432 ibid.
2301 5379 2392 5432 '25.

2109 4677 2328 4747 δομήσω
2353 4692 2454 4744 μου
2479 4672 2577 4743 τὴν
2616 4671 2964 4741 Ἐκκλησίαν,
2995 4671 3088 4723 καὶ
3125 4670 3287 4723 πύλαι
3323 4669 3448 4740 ᾅδου
3474 4670 3535 4721 οὐ
3557 4687 3688 4721 κατ-

2114 4764 2426 4836 ισχύσουσιν
2480 4763 2671 4832 αὐτῆς.
2713 4782 2731 4814 i
2776 4764 2930 4814 Ἐστι
2972 4762 3027 4814 δὲ
3079 4761 3205 4814 ἰδεῖν
3245 4761 3342 4814 καὶ
3391 4760 3531 4813 κατά
3589 4761 3689 4830 τὴν

2108 4857 2416 4928 πρόρρησιν
2465 4856 2873 4924 μεμερισμένας
2928 4853 3071 4926 [τὰς]
3119 4852 3330 4916 οἰκίας·
3375 4853 3407 4921 ἢ
3467 4852 3578 4921 γὰρ
3637 4854 3686 4902 οξ

2111 4947 2450 5020 ἄνδρεςίύπὸ
2498 4948 2599 5012 τῆς
2644 4946 2877 5009 πίστεως
2909 4945 3286 5016 ζωγρηθέντες
3330 4943 3688 5005 ἁπιστούσαις

2115 5040 2195 5093 ἔτι
2224 5041 2343 5102 ταῖς
2371 5037 2586 5107 γυναιξὶ
2623 5037 3003 5108 διαμάχονται,
3029 5036 3060 5107 ἢ
3091 5037 3146 5089 αἰ
3189 5037 3442 5102 γυναῖκες
3473 5033 3564 5086 τδν
3589 5035 3689 5103 τῆς

2116 5134 2395 5195 εὐσεϐείας
2439 5131 2729 5200 δεξάμεναι
2763 5128 2925 5196 ζυγὸν
2971 5127 3286 5197 ἀλωμένους
3324 5125 3404 5177 ἑτι
3436 5125 3564 5186 τοὺς
3591 5123 3686 5176 ἀν-

2116 5224 2248 5294 δρας
2277 5219 2599 5292 σαγηνεύειν
2633 5218 3013 5281 σπουδάζουσι.
3059 5217 3169 5269 Καὶ
3197 5218 3230 5284 ἡ
3256 5215 3528 5282 ἀναγκαία
3559 5214 3686 5266 διαί-

2477 5379 2493 5415 ΐ
2531 5377 2666 5431 ibid.
2701 5375 2890 5433 οιοοδ.
2929 5372 2933 5376 ’
2975 5378 2998 5415 ε
3030 5375 3219 5430 Matth.
3251 5390 3358 5438 xvi,
3393 5373 3482 5426 18.

1694 5513 1924 5569 ΥΑΠΙᾹΞ
1967 5511 2364 5568 LECTIONES.

526 5611 570 5711 ’ς
601 5622 1100 5690 κατασπαρήσεται.
1122 5623 1554 5711 διασπαρησεται
1589 5627 1687 5681 Vh.
1728 5628 1771 5656 ’τ
1797 5628 1997 5695 καίτήν
2026 5643 2082 5677 τε
2109 5643 2167 5678 π.
2203 5627 2325 5687 παῖς
2358 5624 2411 5677 ἀ.
2437 5626 2480 5675 ὲ.
2512 5623 2603 5677 καὶ
2641 5624 2720 5678 ἐθ.
2749 5623 2850 5678 Vb.
2912 5625 2955 5653 "
2987 5622 3317 5691 ἐθεασάμην.
3354 5620 3445 5672 καὶ
3493 5619 3552 5673 ὲθ
3590 5619 3685 5672 Vh.

526 5699 545 5711 ρ.
575 5687 795 5711 ιιι-..-3-
843 5692 1096 5711 ‘:-__,,,,,_‘
1133 5709 1142 5711 _
1172 5694 1208 5711 Π
1320 5698 1362 5711 an
1486 5697 1496 5710 ο
1651 5698 1674 5711 κ
1873 5700 1896 5711 -ο
2021 5696 2057 5711 ιι

454 5683 499 5714 ’⁸
520 5683 813 5750 οἰκιακούς.
840 5683 1144 5754 οἰκειακους
1171 5694 1231 5748 C.

1319 5698 1362 5727 ³ο
1385 5696 1618 5764 διχάσαι.
1647 5698 1995 5767 διχοτομῆσαι
2019 5696 2080 5747 1).
