3974 6196
302 276 435 365 112}
837 273 1272 337 GIUECARUM
1307 270 1606 330 AFFECT.
1643 268 1871 330 CURA']

1975 265 2176 325 r-Xl.
2215 265 2312 325 DE
2350 265 2528 325 FINE
2568 265 2662 324 ET
2700 263 3021 325 JUDlCIO.
3410 251 3556 314 “2'2

302 404 456 460 ρεσις
506 386 696 440 ἕνωσιν
746 383 1061 449 ἀξιέπαινον
1115 381 1588 454 πραγματεύεται.
1633 378 1741 430 Καὶ
1789 378 1871 430 ἵνα

1978 374 2337 443 praedicatum
2377 374 2548 428 fuerit
2570 373 2928 444 Evangelium
2955 373 3059 427 hoc
3092 372 3265 441 regni,
3292 372 3554 441 praedica-

300 479 401 543 τάς
434 479 599 543 ἄλλας
639 476 925 531 καταλίπω
960 477 1003 507 ³¹
1048 474 1404 546 προρρήσεις,
1443 471 1579 543 γυνή
1622 486 1708 532 τις
1738 468 1870 522 ἀλά-

1976 465 2129 520 bitur
2159 474 2215 519 et
2238 465 2385 534 quod
2421 466 2620 533 fecerit
2652 466 2788 524 haac.
2810 466 2863 519 in
2891 464 3265 519 testimonium
3299 464 3420 532 ejus
3441 465 3493 517 ιι.
3525 483 3544 516 ι

302 569 536 641 ϐαστρον
561 568 729 639 μύρου
769 569 883 629 τοῖς
915 567 1089 635 ἁγίοις
1124 563 1288 618 αὑτοῦ
1317 563 1449 615 ποσὶ
1486 559 1868 631 προσενήνοχε.

1978 557 2131 612 Hanc
2157 571 2288 610 vero
2309 556 2721 626 prtedictionem
2744 556 2855 626 jam
2890 571 3036 610 nunc
3063 556 3338 624 impletam
3364 554 3553 609 videre

302 659 518 731 Ταύτης
549 660 645 731 τὴν
697 660 878 712 πίστιν
922 657 1319 727 ἀποδεχόμενος
1364 655 1407 686 ³²
1453 653 1590 724 πρὸς
1635 651 1726 704 τὸν
1762 650 1871 703 τῶν

1975 656 2078 702 est.
2108 648 2322 717 Ubique
2345 648 2492 702 enim
2519 656 2668 703 terra
2704 649 2952 718 marique
2980 656 3037 702 et
3063 662 3280 703 sacrum
3308 646 3551 714 Evange-

305 749 560 821 μαθητῶν
599 750 701 821 ἔφη
740 750 931 820 χορόν·
967 768 984 799 ι
1025 747 1194 819 Ἀμὴν
1230 746 1371 814 λέγω
1418 745 1567 814 ὑμῖν,
1601 744 1683 795 ὅτι
1734 742 1870 795 ὅπου

1976 742 2116 795 lium
2147 740 2369 811 legitur,
2392 749 2451 795 et
2476 742 2727 795 mulieris
2755 742 2919 813 hujus
2943 741 3078 796 fides
3105 740 3458 811 przcdicatur.

301 843 367 895 ἂν
393 839 640 911 κηρυχθῇ
673 840 733 892 τὸ
768 840 1097 908 Εὑαγγέλιον
1128 837 1285 891 τοῦτο
1315 836 1417 906 τῆς
1452 834 1749 906 βασιλείας,
1781 832 2189 903 κηρυχθήσεται
2225 832 2319 884 καὶ
2350 831 2403 895 ,ὃ
2446 833 2703 903 εποίησεν
2769 835 2804 903 ἡ
2852 834 2989 902 γυνὴ
3028 832 3164 902 αὓτη
3191 834 3236 864 ⁸³
3262 834 3341 895 είς
3409 848 3550 902 μαρ-

298 930 479 1000 τύριον
521 931 712 1001 αὑτῆς.
753 950 771 983 ι
799 931 1014 1001 Ταύτην
1054 929 1110 982 δὲ
1153 928 1250 999 τὴν
1298 928 1602 999 πρόρρησιν
1666 925 1761 978 καὶ
1812 923 1907 977 νῦν
1945 923 2058 975 ἔστι
2112 923 2526 992 περατουμένην
2603 923 2751 976 ίδεῖν.
2805 922 3086 992 Πανταχοῦ
3133 923 3242 994 γάρ
3306 923 3410 993 γῆς
3460 921 3553 974 καὶ

298 1021 570 1093 θαλάττης
596 1023 770 1075 καὶτὸ
790 1021 1125 1090 Εὑαγγέλιον
1153 1021 1214 1073 τὸ
1246 1019 1390 1073 θεῖον
1417 1016 1870 1086 ἀναγινώσκεται,
1904 1014 1999 1067 καὶ
2026 1014 2126 1082 τῆς
2155 1015 2416 1082 γυναικὸς
2442 1016 2474 1084 ἡ
2509 1014 2694 1076 πίστις
2724 1014 3177 1084 ἀνακηρύττεται.

378 1113 599 1184 Ἐπειδὴ
632 1113 810 1165 τοίνυν
860 1114 952 1166 καὶ
980 1112 1155 1165 ταῦτα
1200 1114 1458 1182 προεῖπεν
1499 1113 1527 1163 ό
1572 1108 1872 1176 Δεσπότης,

298 1204 392 1258 καὶ
418 1202 530 1275 [τά]
569 1207 626 1257 ὲν
675 1188 868 1273 ἐκείνῳ
901 1221 964 1271 γε
1015 1203 1092 1273 τῷ
1153 1202 1252 1271 βίῳ
1284 1201 1327 1234 ³⁵
1362 1200 1700 1269 γενησόμενα
1742 1213 1879 1267 προ-

301 1296 844 1366 ηγόρευσεν,όρῶμεν
867 1295 921 1347 δὲ
938 1294 1237 1363 ἀναφανδὸν
1252 1294 1349 1365 τὴν
1370 1292 1574 1345 τούτων
1597 1289 1872 1360 ἀλήθειαν,

298 1386 798 1457 ἀναμφισϐητήτως
834 1388 1063 1439 κάκεῖνα
1087 1386 1131 1418 ³³
1155 1384 1458 1454 δεξώμεθα,
1491 1382 1599 1435 ἀπὸ
1636 1381 1744 1434 τῶν
1771 1379 1871 1449 ἤδη

299 1478 683 1547 γεγενημένων
716 1476 1113 1547 ποδηγούμενοι
1154 1476 1289 1546 πρὸς
1329 1476 1512 1528 ἐκεῖνα
1546 1474 1638 1526 καὶ
1669 1487 1870 1541 κεχρη-

303 1569 451 1638 μένοι
496 1568 707 1631 τούτοις
747 1569 1069 1641 τεκμηρίοις
1121 1567 1363 1621 ἐκείνων.
1412 1566 1615 1619 Τούτου
1655 1563 1764 1633 γάρ
1806 1561 1870 1633 δὴ

300 1660 484 1713 εἵνεκα
512 1659 608 1713 καὶ
645 1661 821 1713 ταῦτα
860 1661 1088 1712 κάκεῖνα
1119 1659 1473 1730 προείρηκεν,
1509 1659 1596 1709 ἵνα
1627 1656 1717 1709 διὰ
1748 1654 1871 1709 τοὺ-

297 1765 406 1804 των
426 1752 718 1821 ὲμπεδὼσῃ
745 1752 992 1803 κάκεῖνα.
1027 1750 1137 1803 Καὶ
1172 1749 1337 1819 τιμάς
1375 1747 1441 1811 ἃς
1476 1748 1574 1817 οὑχ
1605 1748 1874 1815 ὑπέσχετο
1905 1784 1948 1839 Β

298 1845 409 1905 τοῖς
436 1844 515 1903 εἰς
546 1842 709 1894 αὑτὸν
747 1840 1137 1893 πεπιστευκόσι
1195 1839 1493 1909 φιλοτίμως
1536 1839 1868 1907 ἀπένειμεν·

298 1933 395 1985 καὶ
422 1933 482 1985 οὑ
515 1933 673 2002 μόνον
695 1933 739 1964 ⁸⁸
774 1934 884 1996 τοῖς
910 1930 1044 1994 ζῶσι
1089 1931 1415 2002 παμπόλλην
1446 1930 1613 1983 ἔδωκε
1646 1928 1875 1999 περιφά-

299 2039 470 2087 νειαν,
510 2022 649 2076 ἀλλὰ
677 2024 771 2075 καὶ
799 2026 911 2085 τοῖς
943 2024 1141 2094 ἄριστα
1167 2021 1579 2091 τετελευτηκόσι
1625 2021 1874 2074 πλεῖστον

302 2114 677 2185 ξυνεκλήρωσε
710 2114 753 2147 ³⁷
786 2115 973 2178 σέϐας,
1011 2115 1096 2167 ἵνα
1122 2114 1187 2167 δι’
1218 2108 1293 2167 ὧν
1322 2115 1419 2184 οὑχ
1455 2113 1722 2182 ὑπέσχετο
1751 2111 1872 2181 μὲν,

301 2205 470 2258 ἔδωκε
490 2206 567 2268 δὲ,
606 2207 990 2277 πιστεύσωμεν
1030 2200 1113 2269 οἷς
1144 2205 1187 2238 ³⁸
1224 2204 1510 2274 ὑπέσχετο.
1558 2204 1616 2256 '0
1652 2203 1759 2274 γάρ
1791 2218 1873 2255 τοι

297 2297 367 2350 τὰ
392 2300 511 2360 ταῖς
553 2297 846 2367 συνθήκαις
894 2298 993 2350 οὑκ
1030 2297 1320 2366 ὲγκείμενα
1345 2295 1754 2365 δωρησάμενος,
1780 2295 1875 2349 καὶ

300 2386 582 2458 φιλοτιμίᾳ
614 2387 713 2451 τὰς
746 2387 1066 2457 ὑποσχέσεις
1096 2384 1441 2456 ὑπερϐαλὼν,
1482 2387 1642 2439 δώσει
1670 2387 1715 2419 ⁸⁹
1740 2386 1874 2440 πάν-

299 2492 405 2539 τως
440 2476 582 2547 ᾇπερ
610 2477 899 2546 ὑπέσχετο,
927 2476 1046 2549 [καὶ
1082 2476 1117 2531 ἀ
1148 2480 1261 2539 τοῖς
1295 2475 1719 2546 ἀγωνιζομένοις
1780 2478 1874 2529 έπ-

301 2565 502 2629 έδειξεν
550 2564 1012 2638 ἆθλα].Σχέτλιον
1045 2569 1153 2641 γὰρ
1209 2569 1335 2632 τοὺς
1384 2570 1482 2639 μὲν
1533 2569 1875 2639 γυμνασιάρ-

302 2671 432 2725 χους
468 2656 515 2688 ⁸⁸
543 2658 804 2727 παρέχειν
839 2661 952 2721 τοῖς
987 2658 1246 2729 ἀθληταῖς
1279 2659 1371 2712 τὸν
1417 2660 1798 2729 ὑπεσχημένον
1826 2658 1870 2692 δι

306 2745 518 2813 μισθὸν,
561 2748 655 2798 καὶ
695 2747 820 2809 τοὺς
858 2748 949 2799 ὲπί
985 2764 1063 2817 τῳ
1112 2748 1263 2809 τινὰς
1304 2746 1695 2818 μισθουμένους
1738 2750 1875 2819 μετὰ

301 2834 395 2888 τὸν
431 2839 590 2889 πόνον
630 2837 873 2907 πληροῦν
902 2839 970 2889 τὰ
1004 2835 1353 2906 ξυγκείμενα·
1390 2839 1479 2891 τὸν
1507 2840 1564 2892 δὲ
1600 2840 1709 2893 τῶν
1739 2840 1875 2894 ὅλων

300 2926 662 2995 Δημιουργὺν,
692 2926 751 2988 ὃς
776 2926 851 2979 δι’
900 2926 1049 2998 [165]
1083 2926 1392 2998 ἀγαθότητα
1421 2930 1589 3000 μόνην
1619 2931 1712 2984 καὶ
1761 2933 1874 2994 τοῖς

309 3014 385 3084 μὴ
420 3010 537 3067 οὖσι
577 3015 638 3066 τὸ
672 3011 809 3068 εἶναι
855 3016 1091 3085 παρέσχε
1116 3016 1184 3081 δ’,
1216 3017 1308 3070 καὶ
1342 3017 1400 3070 τὸ
1438 3020 1535 3090 τῆς
1565 3020 1873 3089 οίκονομίας

2046 1105 2276 1172 Quando
2314 1105 2479 1175 igitur
2508 1114 2563 1159 et
2599 1105 2714 1161 haec
2746 1108 3010 1161 Dominus
3039 1106 3307 1176 praadixit,
3341 1116 3396 1160 et
3430 1123 3553 1177 quae

1978 1195 2033 1251 in
2053 1198 2147 1252 illo
2161 1199 2362 1252 saeculo
2379 1197 2561 1251 futura
2581 1206 2760 1261 erant,
2777 1198 3183 1268 praenuntiavit,
3206 1213 3329 1252 cum
3354 1199 3552 1253 horum

1976 1291 2322 1360 perspicuam
2358 1290 2645 1344 videamus
2688 1290 2999 1353 veritatem,
3044 1289 3134 1343 illa
3178 1303 3399 1359 quoque
3433 1290 3550 1344 sine

1978 1383 2354 1436 controversia
2386 1382 2737 1452 recipiamus,
2764 1383 2832 1436 ah
2854 1382 2921 1435 iis
2948 1398 3069 1450 qua:
3089 1383 3200 1451 jam
3232 1382 3373 1435 facta
3401 1390 3550 1446 sunt,

1975 1475 2204 1545 gradum
2244 1476 2310 1528 ad
2355 1475 2445 1528 illa
2489 1475 2772 1538 facientes,
2810 1485 2865 1529 et
2897 1476 2986 1541 his
3020 1483 3280 1544 tanquam
3332 1475 3551 1529 illorum

1973 1567 2313 1637 argumentis
2348 1576 2582 1621 utentes.
2608 1566 2718 1621 Hac
2744 1568 2890 1621 enim
2916 1583 3079 1622 causa
3118 1568 3328 1637 1010
3345 1577 3401 1623 et
3431 1569 3553 1624 haec

1973 1666 2031 1713 et
2063 1660 2152 1713 illa
2182 1658 2433 1714 Christus
2456 1659 2730 1728 prmdixit,
2766 1668 2824 1712 ut
2846 1674 2942 1729 per
2969 1660 3085 1714 haec
3121 1661 3210 1713 illa
3237 1660 3509 1713 stabiliret
3534 1678 3549 1714 :

1975 1760 2031 1805 et
2062 1751 2324 1814 honores,
2355 1766 2493 1819 quos
2523 1751 2578 1804 in
2612 1762 2670 1804 se
2699 1750 3056 1804 credentibus
3085 1766 3195 1803 non
3223 1760 3308 1805 est
3334 1751 3550 1821 pollici-

1976 1849 2101 1905 tus,
2151 1840 2459 1895 liberaliter
2488 1851 2670 1895 tamen
2716 1840 2888 1894 dedit.
2941 1842 3131 1910 Neque
3174 1841 3315 1896 vivis
3370 1844 3549 1897 solum

1976 1932 2291 2002 splendoris
2331 1933 2563 1986 multum
2611 1932 2826 1997 tribuit,
2870 1933 2965 1986 sed
3015 1932 3221 2002 optime
3261 1932 3549 1989 defunctos

1974 2023 2217 2093 plurimo
2243 2022 2451 2078 honore
2478 2022 2683 2087 affecit,
2746 2033 2807 2078 ut
2840 2040 2904 2078 ex
2941 2024 3009 2078 iis
3035 2040 3155 2093 quae
3182 2040 3292 2078 non
3336 2026 3550 2095 pollici-

1975 2123 2064 2169 tus
2082 2114 2252 2176 dedit,
2274 2125 2539 2170 eventura
2555 2114 2841 2169 credamus
2856 2130 2977 2184 quze
2994 2123 3075 2169 est
3093 2115 3391 2185 pollicitus.
3412 2117 3548 2171 Nam

1977 2204 2071 2273 qui
2099 2220 2162 2258 ea
2188 2205 2414 2259 donavit
2436 2220 2558 2275 quze
2583 2222 2648 2260 ex
2670 2206 3132 2260 conventionihus
3160 2223 3268 2261 non
3292 2206 3547 2274 debebat,

1974 2303 2029 2349 et
2058 2294 2391 2350 liberalitate
2419 2312 2516 2350 sua
2540 2297 2934 2365 promissioncs
2953 2298 3207 2361 excessit,
3234 2298 3386 2352 dabit
3418 2316 3549 2370 pro-

1975 2381 2064 2434 cul
2113 2381 2282 2437 dubio
2333 2399 2455 2453 quas
2512 2385 2798 2453 promisit,
2853 2402 3081 2455 quaeque
3134 2387 3546 2445 decertantibus

1974 2472 2200 2540 praemia
2217 2472 2478 2526 ostendit.
2494 2472 2677 2542 Turpe
2701 2474 2847 2527 enim
2871 2474 2941 2527 sit
2979 2475 3380 2545 gymnasiorum
3407 2493 3550 2546 prae-

1973 2558 2148 2614 fectos
2195 2560 2419 2615 athletis
2459 2563 2787 2631 promissam
2827 2564 3135 2619 mercedem
3175 2567 3452 2635 praebere,
3494 2578 3552 2623 et

1974 2651 2065 2720 qui
2095 2652 2378 2721 operarios
2414 2668 2772 2724 quoscunque
2810 2656 3198 2722 conduxerint,
3235 2674 3397 2729 opera
3426 2674 3554 2730 pcr-

1974 2739 2177 2794 functis
2203 2741 2468 2795 exhibere
2502 2758 2623 2811 qum
2662 2744 2804 2812 pacti
2841 2755 2972 2798 sunt
3004 2763 3017 2797 :
3048 2746 3239 2800 mundi
3290 2763 3422 2802 vero
3459 2758 3546 2802 to—

1977 2830 2088 2885 tius
2124 2832 2407 2902 Opificem,
2434 2849 2465 2887 a
2496 2850 2605 2903 quo
2638 2850 2737 2903 per
2762 2836 2932 2889 solam
2960 2836 3261 2892 bonitatem
3286 2839 3450 2894 etiam
3485 2855 3551 2894 ea

1977 2938 2097 2993 quas
2120 2938 2233 2977 non
2255 2933 2413 2978 erant
2448 2933 2633 2979 creata
2665 2936 2815 2990 sunt,
2840 2928 3046 2997 quique
3068 2928 3367 2985 salutifera:
3395 2933 3408 2949 °
3437 2932 3551 2987 dis-

1974 3016 2311 3085 pensationis
2376 3018 2697 3088 mysterium
2752 3022 3196 3087 consummavit,
3258 3031 3315 3076 et
3368 3024 3547 3079 lucem

306 3105 600 3175 μυστήριον
639 3105 943 3169 ἐπετέλεσε,
980 3105 1210 3168 καὶτοῖς
1250 3107 1348 3177 οὑχ
1387 3107 1554 3177 ὁρῶσι
1585 3108 1643 3161 τδ
1686 3109 1801 3176 φῶς
1829 3108 1871 3142 ιι

1978 3120 2087 3159 non
2121 3105 2477 3162 cernentibus
2510 3108 2708 3165 divina:
2741 3110 3075 3181 cognitionis
3100 3114 3289 3170 lumen
3324 3114 3547 3184 infudit,

300 3190 363 3245 τὸ
393 3191 488 3262 τῆς
510 3192 840 3261 θεογνωσίας
878 3192 1171 3263 ἐχαρίσατο
1200 3193 1336 3263 φῶς,
1365 3196 1554 3247 τοῦτον
1582 3198 1747 3265 φάναι
1774 3197 1873 3261 τάς

298 3284 507 3347 οίκείας
554 3282 629 3355 μὴ
676 3283 989 3355 πληρώσειν
1028 3285 1383 3352 ἐπαγγελίας.
1436 3286 1498 3337 Ei
1545 3286 1600 3340 δὲ
1647 3287 1871 3357 ἀληθὴς,

298 3374 490 3446 ὥσπερ
519 3372 611 3429 οὖν
641 3376 844 3446 ἀληθὴς
886 3374 1028 3434 (θεία
1054 3376 1214 3446 γὰρὴ
1252 3376 1592 3445 ὑπόσχεσις),
1622 3378 1723 3429 οὐκ
1748 3379 1871 3431 ἀνό-

301 3484 463 3538 νητα,
486 3462 531 3522 ὧ
572 3468 717 3537 φίλοι
742 3468 953 3537 ἄνδρες,
991 3467 1057 3518 τὰ
1086 3467 1184 3536 τῆς
1219 3466 1368 3529 θείας
1391 3466 1739 3530 διδασκαλίας
1772 3486 1875 3538 μα-

303 3559 544 3632 θήματα.
572 3559 831 3631 Οὑρανῶν
855 3560 963 3629 γὰρ
993 3558 1290 3628 βασιλείαν,
1330 3559 1423 3612 καὶ
1456 3558 1599 3629 ζωὴν
1629 3561 1783 3623 τέλος
1807 3558 1869 3613 οὑ

301 3650 618 3720 δεχομένην,
672 3653 765 3703 καὶ
800 3649 915 3718 φῶς
963 3650 1148 3717 νοερὸν
1174 3647 1247 3711 δ”,
1276 3650 1371 3702 καὶ
1430 3650 1529 3709 τὴν
1589 3650 1726 3719 μετά
1762 3649 1871 3704 τῶν

303 3744 612 3813 ἀσωμάτων
673 3740 927 3811 χορείαν,
991 3743 1104 3803 τοῖς
1164 3739 1510 3810 πειθομένοις
1561 3741 1868 3812 ὑπέσχετο,

301 3833 491 3904 ὥσπερ
520 3828 586 3884 αὗ
621 3833 843 3885 κόλασιν
891 3830 1106 3885 αίώνιον
1145 3834 1259 3894 τοῖς
1291 3831 1609 3885 ἀπιστοῦσιν
1637 3832 1870 3903 ἠπείλη-

303 3942 422 3978 σεν·
457 3925 615 3978 τοῦτο
655 3923 764 3994 γὰρ
790 3923 854 3993 δή
888 3923 981 3976 καὶ
1008 3926 1073 3994 τῇ
1125 3924 1407 3993 παραῦολῇ
1456 3921 1567 3976 τῶν
1616 3923 1869 3989 ζιζανίων

298 4014 587 4085 δεδήλωκε.
622 4014 839 4083 Ταύτην
867 4014 975 4083 γάρ
1010 4012 1353 4082 ἑρμηνεύσας
1379 4014 1685 4085 ἐπήγαγεν·
1713 4032 1731 4065 ι
1758 4014 1866 4068 Οὑο

301 4122 405 4169 τως
434 4105 585 4157 ἔσται
624 4107 683 4157 ὲν
710 4107 776 4175 τῇ
810 4104 1088 4174 συντελείᾳ
1123 4102 1217 4155 τοῦ
1252 4102 1446 4165 αἰῶνος
1479 4103 1700 4156 τούτου·
1734 4104 1870 4157 ἀπο-

299 4198 479 4250 στελεῖ
518 4199 546 4251 ό
575 4197 700 4258 Υἱός
739 4195 835 4248 τοῦ
880 4194 1168 4266 ἀνθρώπου
1211 4196 1336 4258 τοὺς
1377 4193 1640 4264 ἀγγέλους
1678 4193 1866 4262 αὑτοῦ,

296 4288 394 4341 καὶ
420 4288 738 4352 συνάξουσιν
784 4288 848 4339 ὲκ
892 4287 992 4356 τῆς
1033 4286 1309 4357 βασιλείας
1355 4285 1522 4339 αὑτοῦ
1575 4286 1754 4340 πάντα
1800 4285 1869 4340 τὰ

300 4377 573 4431 σκάνδαλα
602 4377 697 4431 καὶ
731 4377 860 4440 τοὺς
900 4376 1184 4441 ποιοῦντας
1209 4377 1308 4445 τὴν
1350 4375 1600 4444 ἀνομίαν,
1631 4376 1726 4429 καὶ
1767 4376 1862 4445 βαι

1976 3194 2123 3248 hunc
2164 3194 2412 3252 dicamus
2462 3214 2526 3252 ea
2576 3216 2700 3269 qua:
2743 3202 2996 3271 promisit
3043 3221 3155 3260 non
3197 3206 3547 3265 elleeturum.

1973 3282 2130 3348 Quod
2150 3284 2194 3337 si
2222 3299 2350 3338 vera
2374 3294 2476 3349 est,
2509 3288 2671 3341 sicuti
2705 3305 2832 3344 vera
2858 3300 2942 3346 est
2971 3294 3087 3364 (Dei
3115 3299 3263 3351 enim
3292 3310 3377 3355 cst
3418 3318 3548 3371 pro-

1973 3372 2208 3444 missio),
2235 3390 2343 3428 non
2370 3376 2582 3432 inutilis
2602 3387 2706 3439 est.
2735 3381 2839 3435 viri
2870 3383 3203 3449 charissimi,
3235 3389 3435 3445 divina:
3467 3391 3550 3446 in-

1973 3464 2279 3521 stitutionis
2299 3466 2609 3538 disciplina.
2625 3468 2993 3528 Credentibus
3024 3477 3171 3530 enim
3198 3494 3422 3550 regnum
3441 3498 3552 3537 cm-

1972 3558 2174 3624 lorum,
2194 3558 2475 3631 vitamque
2498 3562 2709 3616 nullum
2735 3563 2896 3618 finem
2918 3565 3251 3633 habituram,
3278 3579 3333 3624 et
3359 3572 3547 3627 lumen

1973 3646 2366 3714 intellectualc,
2386 3660 2442 3705 et
2468 3652 2715 3721 corporis
2738 3656 3046 3724 expertium
3074 3659 3393 3715 societatem
3423 3661 3548 3731 pol-

1971 3739 2191 3807 licetur,
2236 3740 2400 3797 sicuti
2435 3758 2466 3799 e
2509 3746 2788 3800 contrario
2826 3746 3128 3804 incredulis
3162 3759 3366 3805 zeterna
3415 3768 3545 3822 sup-

1971 3832 2137 3901 plicia
2185 3835 2573 3890 comminatur.
2613 3835 2727 3892 lloc
2772 3838 2919 3893 enim
2974 3839 3153 3909 ipsum
3189 3842 3244 3896 in
3284 3843 3546 3913 parabola

1971 3920 2306 3977 zizaniorum
2355 3926 2617 3980 ostendit.
2673 3925 2845 3994 Quam
2893 3945 3018 3984 cum
3060 3930 3544 4002 interpretaretur,

1969 4014 2177 4070 addidit
2208 4032 2221 4070 :
2253 4033 2271 4066 ι
2304 4016 2393 4073 Sic
2415 4019 2521 4073 erit
2550 4019 2602 4073 in
2634 4020 2840 4090 ιοιι
2865 4024 3336 4080 consummatione
3358 4027 3544 4082 sarculi

1968 4104 2151 4179 hujus.
2178 4109 2355 4165 Mittct
2373 4111 2796 4167 Filiushominis
2812 4115 3033 4185 angelos
3050 4130 3197 4180 suos,
3222 4118 3545 4188 etcolligent

1968 4200 2036 4255 de
2055 4216 2223 4273 regno
2244 4204 2364 4274 ejus
2396 4207 2579 4259 omnia
2598 4205 2873 4269 scandala,
2895 4216 2950 4261 et
2975 4223 3069 4261 eos
3097 4210 3189 4278 qui
3212 4208 3419 4263 faciunt
3445 4206 3547 4261 ini-

1968 4291 2258 4360 quitatem,
2282 4299 2337 4346 et
2367 4292 2701 4350 mittenteos
2730 4296 2784 4349 in
2816 4297 3091 4351 caminum
3121 4297 3262 4368 ignis
3287 4316 3299 4352 :
3330 4298 3401 4353 ibi
3435 4297 3546 4353 erit

1970 4381 2131 4438 ﬂetus
2153 4393 2207 4437 et
2230 4383 2433 4439 stridor
2458 4386 2727 4440 dentium.
2763 4386 3063 4458 Tuncjusti
3088 4386 3377 4459 fulgebunt
3402 4386 3545 4442 sicut

297 4466 479 4522 λοῦσιν
509 4470 705 4532 αὑτοὺς
738 4471 816 4532 εἰς
843 4467 944 4539 τήν
967 4468 1195 4537 κάμινον
1220 4466 1314 4520 τοῦ
1336 4467 1506 4538 πυρός
1527 4484 1542 4497 ·
1570 4468 1690 4521 ἐκεῖ
1713 4467 1865 4521 ἔσται

1975 4473 2050 4527 sol
2096 4473 2150 4528 in
2188 4488 2355 4544 regno
2392 4476 2572 4530 Patris
2622 4490 2836 4530 corum.
2877 4497 2896 4528 ι
2932 4449 3199 4544 inibusv
3234 4476 3397 4529 dictis
3451 4474 3545 4529 ad-

295 4556 325 4611 ὁ
360 4558 633 4628 κλαυθμὸς
667 4559 760 4612 καὶ
795 4562 821 4612 ό
857 4557 1099 4630 βρυγμὸς
1123 4556 1231 4611 τῶν
1259 4557 1503 4613 ὀδόντων.
1535 4557 1669 4611 Τότε
1703 4560 1753 4611 οί
1788 4558 1864 4612 δί-

1964 4561 2099 4632 jecit
2125 4580 2139 4616 :
2172 4580 2190 4613 ι
2219 4562 2502 4629 Quihabet
2523 4576 2685 4620 aures
2707 4567 2989 4631 audiendi,
3010 4567 3196 4621 audiat
3224 4568 3266 4619 ι.
3295 4586 3312 4617 ›
3342 4565 3543 4619 Eadem

295 4665 441 4703 καιοι
474 4650 841 4719 ἐκλάμψουσιν
882 4651 957 4713 ὡς
1002 4651 1032 4703 ό
1076 4649 1227 4720 ἥλιος
1262 4652 1319 4703 ὲν
1348 4652 1412 4720 τῇ
1473 4648 1719 4721 βασιλείᾳ
1770 4651 1863 4704 τοῦ

1975 4661 2028 4708 et
2046 4655 2225 4720 vobis,
2254 4670 2286 4709 ο
2308 4655 2492 4721 amici,
2518 4656 2874 4714 adhortantes
2900 4659 3155 4717 dicimus.
3179 4659 3366 4727 Neque
3394 4657 3544 4711 enim
3578 4726 3584 4735 ι

297 4741 509 4811 Πατρός
577 4742 776 4797 αὑτῶν.
826 4762 844 4794 ι
906 4743 1089 4798 Ταῦτα
1149 4743 1319 4796 εἰπὼν
1368 4743 1681 4814 ἐπήγαγεν·
1734 4762 1752 4795 ι
1805 4745 1864 4797 '0

1975 4744 2176 4800 invitos
2209 4747 2456 4816 cogimus
2486 4747 2671 4802 divina
2698 4748 2843 4805 dona
2872 4751 3179 4820 percipere,
3218 4749 3313 4805 sed
3346 4747 3546 4807 adhor-
3580 4754 3583 4757 '

296 4831 436 4901 ἔχων
480 4826 594 4884 ὦτα
645 4832 883 4900 ἀκούειν,
944 4835 1208 4888 ἀκουέτω.
1243 4853 1261 4885 ι
1306 4832 1490 4887 Ταῦτα
1548 4835 1640 4887 καὶ
1706 4834 1867 4904 ἡμεῖς

1975 4840 2173 4898 tantes,
2220 4843 2277 4890 et
2309 4835 2685 4904 obsecrantes,
2726 4838 3039 4909 horumque
3074 4839 3231 4893 vobis
3276 4837 3547 4908 magnitue

298 4924 446 4994 ὑμῖν,
480 4920 526 4978 ὦ
567 4924 707 4994 φίλοι
740 4925 950 4996 ἄνδρες,
993 4925 1386 4998 παραινοῦντές
1426 4943 1623 4997 φαμεν.
1653 4928 1728 4980 Οὑ
1758 4927 1867 4998 γὰρ

1976 4928 2161 4985 dinem
2186 4929 2649 4991 demonstrantes.
2694 4932 2883 5004 Itaque
2912 4948 3035 4995 cum
3072 4933 3178 4988 hoc
3202 4930 3419 4987 Domini
3444 4926 3542 4994 Del

368 5062 396 5102 ιι
426 5062 615 5117 Matth.
646 5078 792 5129 xxvr,
825 5063 913 5117 15.
998 5065 1011 5102 ί
1048 5063 1238 5119 Matth.
1272 5080 1385 5131 xm,
1418 5064 1609 5124 40-45.

1574 5185 1810 5245 VARUE
1852 5185 2262 5246 LECTlONES.

366 5358 741 5432 “_xqra)._t}rw.
767 5357 1082 5432 καταλείπω
1113 5358 1202 5432 D._
1265 5357 1309 5432 ’ξ
1338 5354 1755 5432 ἀποδεχόμενος.
1795 5353 2324 5432 ἀποδεξάμενος-νς).
2417 5357 2472 5432 _”_
2498 5357 2861 5432 αὑτῆς-αὑτὴΔ
3047 5360 3305 5432 “galati
3345 5360 3542 5432 ἐκείνῳ

294 5446 356 5483 τε
376 5427 581 5499 τῷῌβίῳ
605 5429 700 5484 Va.
735 5498 741 5499 γ
779 5428 823 5460 ³⁵
855 5429 1102 5499 κάκεῖνα.
1143 5427 1368 5499 κάκεῖνο
1386 5426 1493 5479 Υὺδ
1517 5425 1597 5499 _"
1630 5426 1809 5499 μόνονἶ
1835 5424 2002 5495 μόνην
2026 5424 2126 5499 Xa:
2255 5424 2650 5499 ξυνεκλήρωσε.
2682 5424 3067 5499 ξυνεπλήρωσε
3092 5430 3196 5497 Vb,
3222 5429 3283 5486 D.
3359 5430 3404 5464 ⁸³
3436 5424 3536 5497 οἷς,

296 5500 390 5553 καὶ
419 5493 500 5572 οἷς
526 5493 629 5561 Vb,
653 5498 747 5572 qui
776 5512 942 5572 supra
962 5497 1181 5572 δέδωκε.
1210 5494 1323 5549 lloc
1356 5495 1485 5572 item
1517 5495 1580 5548 D.
1634 5493 1724 5572 '_”
1749 5493 1928 5572 agam.
1959 5493 2136 5572 πολλῷ
2167 5493 2339 5572 δήπου
2388 5493 2586 5572 μᾶλλον
2614 5497 2798 5572 δηγι),
2869 5493 2932 5572 δέ’
2948 5516 3015 5567 γυ
3025 5493 3409 5572 μνασιάρχους.

296 5570 637 5670 ἃνασιάρχας
669 5563 767 5624 Va.
821 5563 865 5598 δι
896 5567 988 5621 τὸν
1017 5566 1286 5634 ὑπεσχ.-
1311 5565 1450 5634 μετὰ
1482 5579 1594 5621 om.
1634 5564 1697 5620 D.
1783 5563 1829 5596 ι’
1863 5563 2128 5635 παρέσχεέ
2162 5563 2467 5635 παρέσχετο
2503 5565 2596 5620 Va.
2673 5566 2720 5600 ⁸³
2754 5567 2814 5622 τὸ
2849 5563 2983 5639 φῶς.
3014 5563 3133 5624 τόδε
3176 5563 3241 5625 τό
3265 5563 3392 5641 ’ᾢῶς
3430 5563 3533 5630 Ἦ).

380 5640 581 5692 νοερόν.
607 5637 795 5692 νοητὸν
824 5637 922 5692 Va.

380 5640 581 5710 νοερόν.
607 5640 795 5709 νοητὸν
824 5640 922 5692 Va.
