1987 3098
228 137 301 169 1123

719 141 962 172 THEODORETI
982 140 1150 170 EPISCOPI
1168 141 1351 171 CYRENSIS

1793 138 1862 170 ιιέι

226 192 314 220 nostri
335 192 409 220 dicto
430 193 642 221 concludimus:
660 203 668 220 ι
683 194 734 227 Qui
757 196 841 224 habet
860 203 942 223 aures
964 203 1013 222 au—

1071 194 1101 228 δὴ
1122 194 1237 226 ἄκοντας
1252 195 1301 226 τὰς
1320 195 1396 227 θείας
1419 195 1511 222 λαϐεῖν
1526 193 1719 229 ἀναγκάζομεν
1740 195 1860 230 δωρεας,

225 238 330 270 diendi,
343 239 447 265 audiat.
464 248 473 264 ι

1071 239 1139 266 ἀλλὰ
1156 240 1379 275 παρακαλοῦντες
1396 241 1442 267 καὶ
1465 240 1675 276 παραινοῦντες,
1693 242 1740 268 καὶ
1761 242 1794 268 τὸ
1811 242 1863 276 μέ-

224 284 306 317 γεθος
326 283 427 310 τούτων
442 284 654 316 ἐπιδεικνύντες.
671 285 720 312 Διά
743 295 784 313 τοι
799 286 879 313 τοῦτο
902 286 950 313 καὶ
983 285 1032 320 τὴν
1052 285 1221 321 Δεσποτικὴν
1235 286 1338 321 ταύτην
1361 286 1408 313 καὶ
1442 286 1597 321 θαυμασίαν
1623 286 1789 322 ἒπιλέγομεν
1811 287 1861 322 ῥῆ-

226 336 270 355 σιν
280 336 287 344 ·
306 337 316 354 ι
336 329 366 355 '0
378 328 447 363 ἔχων
460 326 516 355 ὦτα
529 329 648 362 ἀκούειν,
662 331 793 358 ἀκουέτω.
816 341 824 357 ι

526 384 640 412 SERMO
656 385 713 412 XII.

490 440 529 467 De
543 442 640 468 virtute
650 442 748 469 activa.

261 497 383 525 Arbores
400 496 511 532 quidem
525 497 616 525 ferunt
629 498 762 534 aluntque
779 499 897 530 radices.
916 503 1016 526 ornant

226 550 292 571 vero
305 542 374 569 rami
387 547 415 569 et
427 542 502 574 folia,
517 547 545 570 et
559 543 605 578 qui
621 544 693 571 inter
706 544 764 571 haec
779 545 880 579 pendet
898 544 1013 572 fructus.

227 588 255 616 Si
273 587 335 622 quis
352 588 427 614 enim
444 596 535 615 ramos
553 589 672 621 excidat,
693 598 855 625 comamque
873 590 1014 625 decerpat,

227 633 297 660 ﬁunt
312 633 434 665 inutiles,
454 638 482 660 et
497 634 597 661 decore
612 635 775 669 spoliantur,
795 644 826 663 ac
843 636 1015 671 superﬂuum

227 686 340 714 prorsus
352 679 460 706 videtur
476 679 599 706 radicum
616 680 837 708 fundamentum.
855 682 895 708 lta
911 686 938 709 et
954 690 1017 708 cor-

228 732 281 759 pus
306 724 409 759 indigct
428 725 539 758 quidem
566 726 664 758 oculis,
695 727 742 761 qui
762 727 874 754 videant
898 731 926 754 et
950 727 1019 754 alios

228 778 327 798 sensus
355 775 450 806 regant
463 780 469 797 :
482 771 586 805 indiget
611 779 676 798 vero
700 776 728 798 et
746 772 875 806 pedibus,
892 772 939 807 qui
959 780 1017 799 am—

228 816 324 843 bulent
339 821 367 843 et
385 824 486 851 corpus
500 816 600 848 ferant,
617 821 645 844 et
662 818 799 850 manibus,
819 826 881 853 qum
894 826 963 853 opus
979 818 1018 845 fa-

227 860 300 887 ciant
343 860 528 895 membrisque
558 861 687 888 omnibus
714 862 806 889 cibum
845 870 877 889 ac
911 868 1017 897 potum,

229 913 328 940 resque
356 906 423 932 alias
457 907 628 934 necessarias
659 907 881 934 subministrent.
915 908 1019 942 1012

229 950 288 978 Jam
311 958 378 977 vero
398 955 426 977 et
450 951 567 982 tunicas,
589 955 617 978 ct
637 951 730 983 lzenas,
746 956 774 978 et
798 952 901 987 sagula,
926 956 1018 987 alque,

231 1000 261 1023 ut
283 997 368 1024 verbo
389 996 497 1029 dicam,
520 997 685 1024 vestimenta
714 997 822 1030 omnia,
849 1001 857 1008 '
884 1007 939 1025 non
963 1003 1019 1025 sta-

230 1042 305 1068 mina
322 1042 380 1068 sola
398 1041 548 1068 conficiunt
565 1050 571 1068 :
588 1046 630 1068 est
651 1042 725 1069 enim
745 1050 815 1077 opus
835 1043 1019 1078 subtegmine,

229 1087 304 1122 quod
335 1086 500 1114 staminibus
534 1087 672 1114 intexatur
699 1092 726 1114 et
755 1088 899 1115 cohaereat.
933 1088 1021 1121 Quor-

228 1140 290 1159 sum
315 1140 381 1159 vero
406 1132 464 1159 haec
490 1132 564 1160 dixi?
595 1133 653 1160 Non
680 1133 760 1165 ideo,
783 1134 856 1166 viri,
876 1134 949 1169 quod
978 1135 1019 1161 lo-

228 1185 329 1213 quaces
344 1186 432 1213 nugas
451 1186 551 1210 amem,
575 1178 623 1205 sed
637 1184 668 1206 ut
684 1187 733 1214 per
756 1179 806 1206 has
822 1179 1020 1207 similitudines

228 1224 408 1250 exactissime
421 1224 603 1258 philosophiae
614 1225 755 1251 materiam
767 1225 921 1252 ostendam.
933 1226 1019 1252 Maxi-

229 1277 303 1296 mum
321 1269 394 1296 enim
409 1277 607 1304 usquequaque
621 1270 724 1296 bonum
742 1274 784 1297 est
799 1270 955 1297 divinarum
975 1279 1019 1297 re-

230 1322 291 1342 rum
311 1315 441 1350 cognitio.
462 1314 516 1341 Sed
536 1315 603 1341 satis
619 1315 680 1341 haec
698 1323 752 1342 non
768 1319 824 1347 est,
842 1319 872 1342 ut
890 1323 1019 1343 consum—

231 1364 336 1387 matum
353 1359 493 1386 hominem
511 1367 574 1386 eum
594 1360 691 1386 reddat
708 1360 755 1395 qui
769 1368 801 1387 ea
815 1361 851 1387 sit
863 1361 994 1396 praeditus
1011 1370 1018 1388 :

231 1408 342 1439 oportet
352 1404 426 1431 enim
443 1404 530 1430 bonas
543 1404 626 1430 etiam
642 1405 765 1431 actiones
781 1405 815 1431 ad
834 1406 1019 1440 cognitionem

231 1450 355 1485 adjungi.
371 1449 448 1483 Quod
460 1450 532 1476 enim
547 1450 624 1476 radix
637 1454 679 1477 est
688 1450 790 1482 arbori,
804 1455 832 1477 et
845 1451 942 1479 oculus
955 1459 1018 1478 cor-

1369 386 1478 412 ΛΟΓΟΣ
1506 385 1556 412 lB'.

1270 440 1339 474 Περὶ
1354 440 1520 474 πρακτικῆς
1532 439 1650 474 ἀρετῆς.

1106 496 1147 523 Τὰ
1165 496 1261 532 δένδρα
1281 496 1394 532 φέρουσι
1420 496 1471 531 μὲν
1495 497 1523 523 at
1540 496 1616 532 ῥίζαι
1649 497 1696 523 καὶ
1706 497 1859 533 ,τρέφουσα

1066 542 1201 577 κοσμοῦσι
1220 542 1248 569 δὲ
1265 543 1289 568 οἱ
1306 542 1399 569 κλάδοι
1412 542 1458 568 καὶ
1481 542 1515 568 τὰ
1535 542 1632 576 φύλλα,
1649 543 1696 569 καὶ
1714 544 1729 569 ὁ
1754 544 1859 578 μεταξὺ

1066 586 1170 613 τούτων
1188 585 1383 621 ᾒωριςμένοςδ⁵
1400 586 1516 620 καρπός.
1543 585 1574 612 El
1595 586 1649 621 γὰρ
1659 586 1690 622 δή
1714 595 1756 618 τις
1781 588 1860 614 ἐκτέ-

1068 640 1128 667 μνοι
1140 632 1162 647 ⁸⁸
1174 632 1237 663 τοὺς
1247 631 1360 662 κλάδους
1370 631 1416 657 καὶ
1427 630 1541 665 ψιλώσοι
1552 632 1601 666 τὴν
1615 631 1713 667 κόμην,
1728 632 1857 667 ἄχρηστα

1067 679 1173 712 γίνεται
1193 678 1240 704 καὶ
1251 677 1402 712 γυμνοῦται
1417 679 1465 712 τῆς
1481 677 1658 712 εὐπρεπείας,
1679 679 1727 704 καὶ
1744 681 1861 713 περιττὴ

1069 724 1209 755 παντεὶῶς
1230 723 1310 758 ἡτῶν
1335 722 1417 758 ριζῶν
1441 723 1621 757 ἀποφαίνεται
1646 723 1732 758 βάσις.
1752 725 1807 750 Καὶ
1831 725 1862 750 τὸ

1070 771 1149 804 σῶμα
1168 770 1196 796 δὲ
1224 768 1355 800 ὡσαύτως
1377 768 1462 795 δεῖται
1479 768 1529 803 μὲν
1547 769 1695 804 ὀφθαλμῶν
1719 770 1859 805 ἐρώντων,

1035 836 1054 863 Β
1071 817 1117 844 καὶ
1134 817 1182 848 τὰς
1196 816 1278 847 ἄλλας
1293 815 1482 850 ποδηγούντων
1501 815 1654 850 αἰσθήσεις,
1666 816 1750 842 δεῖται
1765 816 1795 842 δὲ
1813 817 1861 842 καὶ

1070 862 1157 888 ποδῶν
1175 862 1401 897 μεταϐαινόντων,
1424 862 1472 887 καὶ
1497 861 1526 887 τὸ
1550 862 1628 896 σῶμα
1651 862 1798 897 φερόντων,
1812 864 1861 888 καὶ

1070 907 1170 942 χειρῶν
1187 905 1389 940 ἐργαζομένων,
1418 906 1464 931 καὶ
1491 907 1548 936 τοῖς
1568 906 1672 940 μορίοις
1700 906 1785 932 ἅπασι
1811 907 1860 933 καὶ

1070 952 1174 987 τροφὴν
1187 952 1233 978 καὶ
1251 952 1331 978 πόσιν
1347 951 1394 978 καὶ
1407 950 1455 985 τὴν
1466 951 1548 985 ἄλλην
1566 951 1661 986 χρείαν
1675 952 1857 987 ποριζουσῶν,

1070 998 1125 1024 Καὶ
1138 997 1229 1032 μέντοι
1242 997 1289 1023 καὶ
1303 996 1419 1032 χιτῶνας
1435 997 1481 1023 καὶ
1498 996 1611 1031 χλαίνας
1624 997 1671 1024 καὶ
1686 997 1857 1033 ἐφεστρίδας,

1070 1043 1118 1069 καὶ
1131 1042 1278 1078 ξυλλήῦδην
1298 1043 1386 1068 εἰπεῖν
1402 1042 1508 1069 ἅπαντα
1519 1042 1553 1068 τὰ
1566 1042 1716 1078 ἐσθήματα,
1730 1043 1760 1069 οὐ
1778 1043 1859 1077 μόνον

1071 1088 1194 1115 ποιοῦσιν
1216 1088 1240 1114 οἱ
1262 1088 1411 1123 στήμονες·
1440 1088 1517 1122 χρεία
1531 1088 1586 1123 γάρ
1610 1096 1661 1115 που
1685 1089 1731 1115 καὶ
1755 1089 1858 1124 κρόκης

1070 1132 1285 1166 ἐνυφαινομένης
1302 1132 1348 1158 καὶ
1362 1131 1602 1167 ξυναρμοζομὲνης
1617 1134 1672 1164 τοῖς
1686 1133 1813 1167 στήμοσι.
1824 1133 1858 1159 Τί

1070 1179 1170 1213 δήποτε
1265 1178 1286 1192 ⁸⁷
1310 1177 1396 1204 ταῦτα
1420 1177 1575 1211 διεξῆλθον;
1591 1178 1621 1203 οὐ
1648 1178 1694 1204 τὸν
1718 1178 1816 1211 ὕθλον,
1835 1175 1859 1204 ὧ

1071 1223 1180 1258 ἄνδρες,
1194 1223 1327 1258 στέργων,
1345 1222 1413 1249 ἀλλὰ
1435 1222 1479 1249 διὰ
1501 1222 1585 1248 τῶνδε
1608 1222 1662 1249 τῶν
1680 1224 1791 1249 εἰκόνων
1809 1224 1858 1256 τῆς

1069 1268 1240 1303 τελεωτάτης
1264 1268 1424 1303 φιλοσοφίας
1450 1269 1499 1300 τὰς
1520 1268 1586 1300 ὖλας
1607 1268 1772 1300 ἐπιδεικνύς.
1798 1270 1857 1296 Μέ-

1070 1322 1164 1348 γιστον
1178 1313 1228 1348 μὲν
1242 1314 1297 1348 γὰρ
1313 1313 1421 1348 ἀληθῶς
1433 1314 1479 1340 καὶ
1494 1314 1672 1348 παμμέγεθες
1690 1314 1792 1348 ἀγαθὸν
1805 1316 1857 1341 τῶν

1071 1360 1149 1387 θείων
1164 1361 1179 1395 ἡ
1197 1359 1314 1394 γνῶσις·
1334 1360 1391 1386 ἀλλ’
1408 1360 1458 1386 ούκ
1475 1360 1582 1395 ἀπόχρη
1601 1360 1702 1386 τέλειον
1717 1361 1858 1396 ἀποφῆναι

1070 1405 1118 1432 τὸν
1134 1405 1236 1439 ταύτης
1252 1404 1424 1439 ἀξιούμενον.
1437 1406 1484 1430 Δεῖ
1494 1405 1549 1440 γάρ
1562 1413 1612 1431 που
1629 1406 1676 1432 καὶ
1691 1405 1740 1441 τὴν
1754 1407 1858 1441 ἀγαθῆν

1073 1450 1171 1485 πρᾶξιν
1189 1451 1211 1466 ⁸⁸
1233 1451 1401 1485 ξυναφθῆναι
1428 1452 1461 1485 τῇ
1489 1450 1598 1484 γνώσει.
1616 1451 1705 1486 Ὅπερ
1721 1451 1775 1486 γάρ
1802 1453 1858 1478 ἐστι

230 1494 302 1530 pori,
321 1495 450 1530 quodque
476 1494 594 1521 texturis
615 1498 679 1521 sunt
696 1495 824 1525 stamina,
847 1495 899 1522 hoc
920 1496 1019 1523 animis

1071 1496 1171 1531 δένδρῳ
1188 1495 1261 1530 ρίςα,
1273 1496 1320 1521 καὶ
1333 1495 1473 1530 ὀφθαλμὸς
1489 1495 1604 1529 σώματι,
1622 1496 1670 1521 καὶ
1686 1496 1711 1522 οἱ
1727 1497 1860 1530 στήμονες

231 1540 355 1567 veritatis
379 1539 516 1574 cognitio,
546 1539 707 1574 stabilisque
732 1544 774 1566 est
799 1540 876 1567 ﬁdes.
904 1540 1019 1575 Oportet

231 1589 325 1612 autem
337 1592 391 1611 non
406 1585 494 1611 solum
508 1585 580 1612 seire
592 1585 658 1620 quid
671 1585 704 1612 de
716 1586 772 1612 Deo
784 1586 959 1613 sentiendum
973 1587 1018 1619 sit,

231 1638 328 1657 verum
341 1630 423 1657 etiam
442 1630 476 1657 ad
491 1630 565 1658 illius
584 1631 658 1666 leges
678 1630 761 1658 vitam
777 1639 924 1666 moresque
939 1632 1019 1659 insti-

231 1681 321 1703 tuere.
335 1676 412 1703 Sicut
431 1675 504 1703 enim
521 1676 568 1711 qui
583 1677 731 1711 picturam,
752 1681 800 1704 aut
817 1679 960 1710 sutoriam,
977 1678 1019 1704 vel

231 1722 358 1758 quamvis
377 1722 457 1749 aliam
470 1728 556 1749 artem
577 1723 722 1755 docentur,
742 1731 797 1751 non
813 1725 902 1751 solum
923 1728 954 1751 ut
973 1732 1020 1751 eas

232 1768 331 1800 sciant,
343 1767 396 1795 illis
406 1768 472 1795 dant
483 1776 606 1803 operam,
627 1769 674 1796 sed
688 1769 769 1796 etiam
783 1774 814 1797 ut
827 1778 888 1796 man
895 1777 925 1797 us
938 1778 1018 1797 exer-

232 1819 323 1846 ceant,
340 1822 424 1849 seque
446 1815 641 1849 magistrorum
668 1816 821 1843 imitatores
848 1816 932 1843 rebus
953 1816 1020 1850 ipsis

232 1859 382 1887 ostendant
396 1869 403 1886 :
419 1860 456 1886 ita
470 1860 549 1887 decet
567 1861 710 1895 operarios
726 1861 846 1895 pietatis,
860 1869 914 1888 non
931 1862 1020 1888 solum

234 1906 397 1941 theologiam
428 1910 591 1940 uaturzeque
633 1906 769 1934 rationem
807 1907 934 1939 edoceri,
972 1907 1020 1934 sed

234 1950 362 1985 practicae
383 1958 494 1985 quoque
516 1951 627 1977 virtutis
652 1951 727 1986 leges
740 1951 907 1986 perdiscere,
927 1956 955 1978 et
972 1952 1021 1979 has

234 2003 284 2030 pro
300 1996 405 2022 viribus
424 2003 545 2027 servare,
569 1996 602 2022 ad
615 2003 716 2030 easque
733 1996 828 2023 conari
843 1996 941 2023 anima:
958 2004 1020 2030 spe-

234 2040 306 2068 ciem
318 2049 483 2076 componere
497 2050 528 2068 ac
540 2041 677 2077 cllingcrc.
696 2042 747 2074 Qui
764 2042 838 2068 enim
852 2042 891 2069 sic
901 2042 1020 2069 animam

234 2086 374 2121 componit
399 2091 481 2121 atque
505 2087 642 2119 informat,
673 2095 728 2114 non
751 2088 839 2114 solum
865 2088 1021 2115 divinarum

234 2131 328 2167 legum
356 2133 488 2167 exprimit
511 2133 702 2166 characteres,
735 2133 840 2168 1013
865 2133 913 2161 sed
935 2133 1021 2168 ipsius

234 2185 343 2213 quoque
353 2178 517 2214 legislatoris
528 2178 589 2206 viva
602 2178 725 2213 quaedam
739 2178 829 2214 imago
839 2183 868 2206 et
880 2179 1021 2207 rationalis

233 2223 360 2252 eﬂieitur.
374 2224 432 2251 Hoc
447 2227 475 2251 et
492 2232 606 2259 magnus
620 2224 666 2252 ille
679 2224 805 2251 veritatis
816 2232 905 2259 prteco
919 2224 1021 2252 docens

234 2270 370 2298 exclamat
387 2279 394 2297 :
412 2279 421 2295 ι
436 2270 530 2297 Estote
543 2270 698 2297 imitatores
708 2270 756 2297 Dei
771 2269 793 2298 ι,
810 2280 818 2296 ι
835 2271 900 2306 Ejus
911 2278 1021 2306 quoque

236 2316 369 2344 Dominus
380 2316 506 2343 hortatur
518 2316 612 2344 dicens
624 2324 630 2343 :
646 2326 655 2342 ι
669 2317 762 2344 Estote
772 2317 925 2344 imitatores
934 2316 1023 2344 Patris

236 2362 320 2389 vestri
338 2362 386 2396 qui
406 2361 433 2388 in
455 2361 532 2390 caelis
550 2366 592 2390 est
603 2360 627 2390 *.
644 2372 653 2389 ι
677 2362 712 2390 Et
737 2363 838 2390 iterum
865 2372 872 2390 :
897 2372 905 2389 ι
930 2363 1024 2390 Estotc

236 2405 362 2442 perfecti,
372 2407 445 2434 sicut
458 2407 539 2434 Pater
549 2411 641 2435 vester
652 2407 773 2435 caelestis
779 2407 917 2442 perfectus
925 2406 998 2435 estl.
1012 2417 1021 2433 ι

237 2450 361 2479 Imitatur
373 2456 476 2483 autem,
491 2456 623 2487 quantum
637 2452 712 2484 licet,
725 2453 916 2480 universorum
931 2452 1019 2480 Deum

236 2495 261 2524 is
278 2495 323 2530 qui
341 2503 373 2523 ea
388 2496 486 2531 diligit,
500 2496 619 2531 odioque
636 2496 740 2530 pariter
755 2496 944 2531 prosequitur,
962 2504 1024 2530 quin

275 2573 282 2598 i
302 2573 404 2609 Ephes.
419 2581 445 2607 v,
463 2574 495 2608 l;
512 2573 630 2608 Philipp.
647 2581 686 2606 ιιι,
704 2574 747 2600 l7.
788 2574 800 2593 ¹ί
818 2574 914 2602 Matth.
930 2582 956 2606 ν,
973 2574 1016 2601 45.

1072 1543 1125 1573 τοῖς
1143 1542 1298 1576 ὑφάσμασι,
1318 1541 1397 1567 τοῦτο
1418 1542 1464 1567 καὶ
1479 1541 1501 1557 δ’
1518 1542 1581 1572 ταῖς
1605 1541 1706 1575 ψυχαῖς
1725 1542 1773 1575 τῆς
1791 1541 1860 1575 ἁλη-

1071 1588 1144 1620 θείας
1157 1590 1173 1623 ἡ
1190 1588 1290 1622 γνῶσις
1307 1588 1354 1615 καὶ
1367 1588 1444 1624 [166]
1458 1589 1474 1622 ἡ
1491 1588 1589 1622 βεϐαία
1611 1588 1735 1621 γίγνεται
1756 1588 1861 1620 πίστις.

1071 1635 1131 1670 Χρὴ
1147 1635 1176 1661 δὲ
1194 1634 1224 1660 οὑ
1242 1634 1321 1669 μόνον
1337 1633 1437 1660 είδὲναι
1457 1633 1482 1659 τί
1498 1633 1632 1669 προσήκει
1645 1633 1708 1668 περὶ
1724 1632 1772 1659 τοῦ
1787 1633 1861 1660 θείου

1071 1681 1203 1713 δοξάζειν.
1219 1680 1287 1707 ἀλλὰ
1303 1680 1349 1706 καὶ
1369 1680 1440 1706 κατὰ.
1465 1680 1528 1711 τοὺς
1547 1679 1651 1705 ἐκείνου
1671 1679 1865 1705 πολιτεύεσθαι

1071 1726 1180 1760 νόμους.
1191 1725 1297 1760 Ὥσπερ
1307 1725 1361 1759 γὰρ
1376 1725 1400 1751 οἱ
1415 1723 1603 1759 ζωγραφικὴν,
1616 1724 1632 1758 ἢ
1650 1724 1861 1759 σκυτοτομικὴν,

1070 1770 1087 1805 ἢ
1105 1769 1186 1804 ἄλλην
1205 1769 1266 1795 τινὰ
1283 1769 1470 1803 παιδευόμενοι
1490 1769 1599 1803 τέχνην,
1616 1769 1665 1803 οὐχ
1683 1769 1757 1799 ὅπως
1777 1769 1863 1803 μόνον

1072 1815 1233 1841 ὲπιστῶνται
1252 1813 1361 1850 [ταῦτα]
1379 1814 1524 1849 μανθάνειν
1541 1814 1736 1846 σπουδάζουσιν
1749 1814 1783 1843 ⁵³,
1803 1814 1863 1839 ἀλλ’

1072 1860 1115 1886 ἵνα
1130 1860 1177 1886 καὶ
1195 1859 1386 1894 χειρουργῶσι,
1403 1859 1449 1885 καὶ
1473 1858 1595 1893 μιμητὰς
1614 1859 1683 1892 σφᾶς
1696 1859 1716 1873 ⁸¹
1736 1858 1863 1893 [αὑτοῡςῖ

1071 1906 1124 1931 τῶν
1135 1905 1302 1931 διδασκάλων
1323 1906 1378 1936 τοῖς
1405 1904 1497 1938 ἔργοις
1521 1903 1701 1930 δεικνύωσιν·
1727 1903 1800 1929 οὕτω
1824 1904 1865 1929 δεῖ

1072 1952 1119 1978 καὶ
1136 1952 1185 1986 τῆς
1200 1950 1339 1981 εὐσεϐείας
1354 1950 1416 1981 τοὺς
1431 1949 1548 1984 ἐραστὰς
1566 1949 1603 1984 μὴ
1620 1950 1698 1983 μόνον
1720 1948 1864 1982 θεολογίαν

1072 1997 1119 2023 καὶ
1139 1996 1315 2030 φυσιολογίαν
1333 1996 1356 2011 ⁸¹
1375 1995 1561 2028 παιδεύεσθαι,
1577 1995 1644 2022 ἀλλὰ
1665 1995 1711 2021 καὶ
1728 1996 1791 2025 τοὺς
1812 1996 1863 2030 τῆς

1073 2042 1229 2078 πρακτικῆς
1248 2042 1348 2076 ἀρετῆς
1367 2041 1579 2068 ἐκπαιδεύεσθαι
1602 2041 1712 2075 νόμους,
1731 2041 1779 2066 καὶ
1802 2041 1863 2066 τού-

1072 2096 1135 2117 τους
1149 2087 1293 2121 φυλάττειν
1310 2087 1349 2117 εἰς
1369 2086 1494 2121 δύναμιν,
1512 2086 1560 2112 καὶ
1583 2085 1651 2121 πρὸς
1672 2085 1784 2117 τούτους
1802 2094 1863 2112 πει-

1076 2132 1177 2168 ρᾶσθαι
1200 2132 1250 2167 τῆς
1274 2132 1363 2167 ψυχῆς
1394 2131 1530 2158 ὲκτυποῦν
1549 2131 1597 2157 καὶ
1625 2131 1767 2163 σκευάζειν
1786 2131 1810 2147 ⁵⁸
1832 2131 1864 2157 τὸ

1038 2170 1059 2197 Ῑ)
1075 2176 1153 2209 εἶδος.
1175 2178 1205 2203 Ὀ
1225 2177 1279 2212 γὰρ
1299 2177 1331 2212 δὴ
1347 2176 1419 2203 οὕτω
1433 2176 1571 2212 ῥυθμίζων
1585 2184 1616 2202 τε
1638 2177 1685 2203 καὶ
1699 2176 1860 2211 διαμορσῶν

1074 2224 1123 2259 τὴν
1139 2222 1228 2258 ψυχὴν
1247 2222 1276 2248 οὑ
1298 2222 1379 2257 μόνον
1404 2222 1457 2248 τῶν
1483 2221 1563 2248 θείων
1581 2221 1671 2256 νόμων
1693 2221 1755 2253 τοὺς
1775 2230 1862 2256 χαρι-

1077 2269 1179 2303 κτῆρας
1200 2267 1377 2302 ἐκμάττεται,
1400 2267 1468 2294 ἀλλὰ
1492 2267 1539 2293 καὶ
1555 2267 1686 2305 αὑτοῦχε
1707 2267 1755 2293 τοῦ
1781 2276 1863 2302 νομο-

1079 2315 1158 2341 θέτου
1170 2313 1246 2346 ζῶσά.
1255 2322 1297 2345 τις
1311 2312 1393 2339 είκὼν
1406 2314 1453 2339 καὶ
1464 2313 1560 2349 λογικὴ
1572 2312 1707 2346 γίγνεται.
1720 2312 1808 2339 Τοῦτὸ
1821 2321 1862 2338 τοι

1075 2360 1208 2387 διδάσκων
1224 2360 1269 2386 καὶ
1282 2361 1296 2386 ὸ
1312 2359 1399 2394 μέγας
1412 2358 1498 2394 κήρυξ
1509 2359 1559 2394 τῆς
1572 2358 1701 2393 ἀληθείας
1713 2358 1763 2393 βοᾷ
1773 2366 1780 2373 ·
1798 2368 1807 2383 ι
1821 2359 1862 2384 Γί-

1075 2405 1153 2432 νεσθε
1174 2403 1220 2432 οὖν
1247 2405 1365 2440 μιμηταὶ
1389 2405 1437 2431 τοῦ
1459 2403 1538 2431 Θεοῦ.
1559 2414 1569 2430 ι
1587 2404 1643 2431 Καὶ
1661 2405 1753 2440 μέντοι
1776 2405 1825 2431 καὶ
1848 2405 1863 2430 ό

1074 2451 1170 2478 τούτου
1183 2450 1321 2485 Δεσπότης
1336 2451 1464 2485 παραινεῖ
1475 2449 1561 2483 λέγων
1572 2458 1579 2465 ο
1594 2459 1603 2475 ε
1617 2449 1726 2476 Γίνεσθε
1743 2450 1863 2484 μιμηταὶ

1074 2497 1122 2524 τοῦ
1139 2497 1246 2531 Πατρὸς
1262 2496 1339 2531 ὑμῶν
1359 2495 1406 2523 τοῦ
1430 2498 1458 2522 ἐν
1474 2496 1598 2531 οὐρανοῖς
1609 2496 1642 2523 ³⁸.
1658 2504 1666 2521 ι
1691 2496 1746 2523 Καὶ
1762 2495 1841 2522 πάλιν
1855 2504 1860 2508 ·

1060 2574 1067 2593 1
1086 2574 1153 2602 ibid.
1171 2575 1216 2602 48.

871 2652 912 2679 V.\
919 2652 987 2679 ΒΙᾹΞ
1008 2652 1208 2681 LECTIONES.

272 2711 295 2727 "
307 2710 478 2745 ὴωρημένος.
502 2711 669 2745 ὴωρισμένος
694 2710 780 2745 [ἴσως]
796 2710 846 2737 Vb.
865 2719 880 2744 η
903 2710 1035 2745 ὼριμένος
1050 2711 1099 2738 Va.

1141 2711 1163 2726 “
1182 2712 1308 2745 ἐκτέμνοι
1325 2726 1360 2731 —-
1376 2711 1498 2745 ψιλώσοι.
1517 2712 1641 2747 ἐκτέμνει
1653 2726 1687 2732 -—
1702 2711 1817 2745 ψιλώσει
1829 2711 1860 2738 D.

237 2744 263 2786 "A
274 2744 328 2780 [δὴι
347 2744 402 2772 om.
467 2784 470 2786 _
487 2745 509 2760 ⁵⁸
521 2747 629 2786 ’ἀγαθὴν
650 2745 823 2786 τρᾰξινξὴν
835 2745 941 2786 ῥιγαθὴν
960 2744 1121 2786 σξρᾶξιν-(ῆ,
1138 2746 1301 2786 ‘qlzzsupra
1316 2744 1387 2786 τμη,
1405 2749 1440 2780 ιν)
1454 2748 1485 2779 D,
1503 2744 1628 2786 quitum
1649 2747 1682 2781 τῆ
1700 2744 1862 2786 γνέῦσειλην

238 2783 267 2806 et
283 2788 306 2804 ιν
317 2786 399 2816 supra
413 2780 431 2814 ἦ
447 2784 474 2807 et
492 2782 549 2816 ms
576 2781 598 2795 δν
615 2780 683 2816 [καὶὶ
695 2789 748 2806 oin.
765 2780 794 2806 (Σ.
834 2780 856 2795 ⁵ο

240 2821 350 2838 στανται
369 2814 446 2846 μόνον
471 2814 664 2847 σπουδάζουσιν
681 2816 710 2843 (2.
724 2816 882 2841 ἐπίστανται
897 2815 961 2841 item
976 2815 1007 2841 D.

875 2782 954 2814 μόνον
974 2780 1138 2816 έπιστῶνται
1160 2780 1270 2816 [totum]

1055 2817 1075 2831 ¹¹
1097 2815 1168 2848 apii
1182 2823 1237 2842 om.
1266 2815 1313 2843 Va.

1294 2781 1441 2815 μανθάνειν
1467 2782 1673 2813 σπουδάζουσιν.
1691 2781 1778 2807 ταῦτα
1801 2781 1862 2807 ἐπί-

1367 2817 1389 2832 "
1417 2816 1600 2850 φυσιολογίαν.
1634 2816 1795 2850 φιλοσοφίαν
1828 2815 1859 2843 ι).

236 2846 259 2861 ⁸³
273 2847 424 2877 σκευάζειν.
443 2849 629 2881 διασκευάζειν
647 2851 673 2876 D.
717 2850 738 2864 “
755 2850 888 2884 οὐρανοῖς.
901 2851 955 2881 τοῖς
968 2846 1265 2886 (ειψΓοςικγοὺρινοῒς,
1280 2855 1306 2877 et
1320 2849 1366 2877 οἷν
1379 2846 1441 2878 add.
1466 2846 1600 2886 post'yive
1607 2846 1650 2878 σθέ
1666 2851 1696 2878 D.
