3974 6196
324 290 466 353 1125

850 288 1285 349 ῦΗιΕΟΑΒΗΜ
1316 286 1615 346 AFFECT.
1651 283 2217 347 CURATIO.-XII.
2255 283 2353 343 DE
2387 281 2721 345 V'IRTUTE
2760 279 3045 340 ACTIVA.

3421 276 3555 339 11:26

334 423 355 457 ι
376 402 597 457 Γίνεσθε
618 400 830 462 τέλειοι.
864 399 1045 463 καθὼς
1077 396 1219 452 καὶό
1261 395 1447 467 Πατὴρ
1474 395 1627 466 ὑμῶν
1660 397 1688 448 ὀ
1724 394 1888 464 οὐρά·

1992 393 2257 447 Dominus
2289 393 2404 462 ipse
2445 391 2624 462 diligit
2656 400 2711 447 et
2748 389 2877 444 odio
2920 386 3104 441 habet.
3138 384 3267 452 Quae
3304 403 3437 442 vero
3474 387 3555 442 illi

329 508 440 555 νιος
463 489 663 551 τέλειός
694 490 830 542 ἐστι.
857 506 875 539 ι
905 489 1169 558 Μιμεῖται
1207 487 1283 546 δὲ,
1320 487 1395 550 ὡς
1426 485 1623 550 ἔνεστι,
1657 483 1749 537 τὸν
1777 481 1886 535 τῶν

333 581 470 633 ὂλων
500 580 630 632 Θεὸν
675 580 703 631 ὀ
741 577 919 631 ποθῶν
953 579 1135 631 ἐκεῖνα
1187 576 1282 630 καὶ
1321 574 1620 646 ἐχθραίνων
1664 572 1884 642 ὁμοίως,

329 670 471 742 άπερ
506 670 598 722 καὶ
640 668 802 732 αὐτὸς
831 670 859 722 ὀ
897 667 1174 736 Δεσπότης
1204 666 1477 737 ἐχθραίνει
1503 665 1547 697 ⁸⁸
1574 681 1632 717 τε
1664 663 1758 717 καὶ
1790 679 1888 733 ,φιο

327 762 427 816 λετ.
452 760 586 816 Τίνα
634 760 691 815 δὲ
724 761 872 833 αὐτῷ
916 761 1175 832 δυσμενῆ.
1207 761 1298 814 καὶ
1342 760 1462 815 τίνα
1490 755 1556 813 αὖ
1589 758 1884 829 προσφιλῆ,

326 850 467 924 [καὶ]
493 851 864 924 ³⁶.διαρῤήδην
886 853 935 906 οί
965 851 1098 905 θεῖοι
1123 852 1433 906 διδάσκουσι
1458 852 1632 921 νόμοι.
1650 848 1888 903 ’Δκούω-

326 959 429 1012 μεν
470 941 580 1013 γὰρ
607 944 701 995 τοῦ
754 941 1040 996 θεσπεσίου
1073 941 1302 1011 βοῶντος
1331 941 1527 995 Δαϐίδ’
1566 962 1584 994 ι
1614 941 1739 993 Ὀτι
1766 939 1888 1010 οὐχὶ

321 1031 453 1097 Θεὸς
482 1033 648 1087 θέλων
675 1033 904 1103 ἀνομίαν
927 1033 974 1066 ³⁷
1004 1033 1069 1086 σὺ
1099 1029 1149 1086 εἶ
1172 1050 1186 1065 ο
1211 1033 1272 1086 ού
1307 1033 1633 1103 παροικήσει
1671 1048 1754 1084 σοι
1786 1048 1885 1084 πο-

322 1124 721 1196 νηρευόμενος·
776 1123 897 1176 οὐδὲ
943 1123 988 1155 ⁵⁸
1035 1121 1346 1194 διαμενοῦσι
1403 1123 1709 1193 παράνομοι
1759 1137 1885 1174 κατ-

323 1213 502 1268 έναντι
528 1214 638 1267 τῶν
678 1213 970 1285 ὀφθαλμῶν
997 1231 1089 1266 σου
1114 1230 1126 1246 ·
1159 1212 1427 1283 ἐμίσησας
1458 1214 1663 1275 πάντας
1685 1213 1730 1244 ⁵⁸
1760 1214 1886 1276 τοὺς

321 1303 722 1375 ἐργαζομένους
767 1302 863 1372 τὴν
907 1302 1176 1372 ἀνομίαν·
1216 1301 1437 1364 ἀπολεῖς
1498 1300 1704 1364 πάντας
1759 1301 1886 1365 τοὺς

320 1392 615 1455 λαλοῦντας
668 1392 727 1445 τὸ
765 1392 981 1461 ψεῦδος.
1030 1392 1233 1463 Ἀνδρα
1282 1392 1532 1462 αἱμάτων
1562 1392 1655 1445 καὶ
1713 1391 1884 1445 δόλιον

323 1482 675 1553 βδελύσσεται
722 1482 928 1555 Κύριος
955 1482 1024 1536 ⁸⁸.
1056 1500 1075 1533 ι
1124 1483 1215 1535 Ἐν
1251 1481 1461 1546 τούτοις
1501 1482 1556 1535 δὲ
1589 1484 1719 1553 ἡμῖν
1764 1484 1885 1535 ἐπι-

318 1574 494 1640 δείξας
513 1576 605 1643 την
634 1573 729 1628 τοῦ
759 1574 1047 1644 νομοθέτου
1073 1573 1332 1638 διάθεσιν,
1367 1574 1423 1626 ἐν
1454 1571 1618 1644 ἑτέρα
1650 1571 1886 1643 μελῳδίᾳ

320 1665 612 1736 πρόσωπον
667 1665 929 1735 εἰσήγαγε
981 1664 1204 1728 τούτους
1244 1665 1287 1696 ⁶¹
1339 1664 1465 1728 τοὺς
1530 1665 1886 1736 χαρακτῆρας

317 1754 563 1827 ἀκριϐῶς
603 1755 1004 1826 ἐκμαξὰμενον,
1037 1756 1129 1809 καὶ
1159 1755 1238 1825 τῷ
1287 1753 1552 1826 νομοθέτῃ
1586 1753 1884 1824 προσευχόσ

322 1861 483 1915 μενον
518 1845 612 1898 καὶ
650 1845 909 1913 λέγονταο
947 1864 966 1896 ι
992 1844 1393 1915 Διεπορευόμην
1432 1844 1491 1895 ἐν
1530 1843 1738 1914 ἀκακία
1784 1842 1886 1910 τῆς

318 1934 545 2007 καρδίας
566 1936 609 1968 υ
645 1952 746 2005 μου
782 1937 840 1989 ἐν
877 1936 1025 2006 μέσῳ
1057 1934 1151 1987 τοῦ
1199 1934 1349 1987 οίκου
1382 1950 1475 1986 σου
1497 1950 1511 1963 ·
1554 1934 1615 1987 οὐ
1665 1948 1885 2003 προετι-

319 2022 377 2078 θέ
385 2041 491 2095 μην
511 2025 616 2093 πρὸ
638 2025 931 2096 ὀφθαλμῶν
949 2042 1051 2095 μου
1070 2026 1303 2096 πρᾶγμα
1323 2020 1886 2094 παράνομον.Ποιοῦν-

315 2132 415 2179 τας
459 2115 799 2187 παραϐάσεις
858 2115 1116 2187 ἐμίσησα.
1155 2117 1268 2169 Οὐκ
1316 2115 1580 2187 ἐκολλήθη
1628 2131 1716 2185 μοι
1751 2129 1885 2183 καρ-

314 2206 403 2261 δία
437 2207 656 2280 σκαμόή
681 2223 695 2238 ·
744 2207 1081 2271 ἐκκλίνοντος
1119 2208 1166 2240 ⁸³
1194 2209 1290 2261 ἀπ’
1340 2206 1477 2277 ἐμοῦ
1516 2206 1610 2259 τοῦ
1645 2201 1883 2275 πονηροῦ

314 2298 416 2351 οὐκ
447 2298 764 2366 ἐγίνωσκον.
812 2298 917 2351 Τὸν
947 2296 1351 2352 καταλαλοῦντα
1391 2297 1569 2367 λάθρα
1610 2296 1701 2349 τὸν
1750 2296 1886 2366 πλη-

318 2388 432 2442 σίον
457 2387 503 2421 ⁸⁵
526 2388 714 2453 αὐτοῦ,
740 2389 929 2443 τοῦτον
951 2388 1233 2452 ἐξεδίωκον
1255 2402 1269 2417 ⁸
1310 2386 1645 2457 ὑπερηφάνῳ
1684 2386 1885 2455 ὀφθαλ-

319 2478 428 2550 μῷ,
466 2481 560 2534 καὶ
591 2479 856 2551 ἀπλήστῳ
900 2478 1117 2549 καρδίᾳ,
1145 2476 1355 2539 τούτοις
1387 2477 1432 2507 ⁸⁵
1470 2476 1531 2526 οὺ
1573 2475 1880 2546 συνήσθιον.

318 2570 380 2623 Ol
408 2569 672 2639 ὀφθαλμοί
723 2586 826 2639 μου
877 2570 969 2622 ἐπὶ
1014 2570 1140 2632 τοὺς
1176 2569 1373 2636 πραεῖς
1400 2568 1445 2599 ⁸⁸
1480 2565 1577 2636 τῆς
1628 2566 1751 2634 γῆς,
1786 2563 1881 2617 τοῦ

321 2659 696 2727 ωγκαθῆσθαι
722 2659 917 2722 αὐτοὺς
952 2659 1069 2729 μετ’
1098 2657 1232 2730 ἐμοῦ
1254 2676 1269 2690 ·
1311 2658 1669 2729 πορευόμενος
1695 2659 1753 2711 ἐν
1778 2654 1883 2726 ὀδῷ

317 2745 556 2816 ἀμώμῳ,
588 2741 740 2811 οὗτός
774 2764 865 2817 μοι
899 2747 1252 2817 ἐλειτούργει’
1274 2747 1335 2799 οὑ
1372 2745 1606 2815 κατῴκει
1640 2747 1697 2798 ἐν
1733 2745 1882 2816 μέσῳ

317 2834 418 2901 τῆς
443 2833 621 2897 οἰκίας
646 2851 747 2902 μευ
776 2834 946 2887 ποιῶν
971 2833 1369 2904 ὑπερηφανίαν.
1411 2833 1602 2887 Λαλῶν
1629 2833 1788 2887 ἄδικα
1817 2834 1880 2886 ού

317 2923 649 2980 κατεύθυνεν
694 2922 925 2978 ἐνώπιον
963 2923 1069 2977 τῶν
1116 2923 1408 2994 ὀφθαλμῶν
1452 2940 1578 2994 μου.
1623 2942 1642 2975 ι
1689 2923 1789 2976 Διά
1819 2921 1876 2976 δὲ

315 3014 524 3068 τούτων
552 3015 610 3067 οὐ
653 3013 811 3083 μόνον
838 3015 984 3083 ἡμᾶς
1020 3012 1257 3079 ἐδίδαξεν
1303 3014 1383 3067 ὄτι
1414 3004 1755 3085 μιμήσασθαι
1785 3013 1877 3067 δυ-

315 3104 477 3159 νατὸν
502 3104 592 3157 τὸν
628 3103 875 3174 παναλκῆ
907 3104 1000 3157 καὶ
1039 3103 1311 3172 πάνσοφον
1340 3102 1567 3173 Κύριον,
1608 3102 1745 3156 ἀλλά
1789 3102 1881 3155 καὶ

315 3195 478 3250 αὐτὸν
508 3196 639 3266 ἡμῖν
687 3194 932 3260 ὑπέδειξε
962 3194 1055 3248 τὸν
1083 3195 1180 3265 τῆς
1226 3195 1511 3265 μιμήσεως
1551 3194 1774 3265 τρόπον.
1802 3194 1879 3245 Οὐ

314 3287 426 3358 γάρ
455 3303 536 3340 τοι
564 3284 791 3357 οὐρανὸν
820 3286 968 3356 ἡμᾶς
1012 3285 1109 3338 καὶ
1139 3286 1245 3354 γῆν
1274 3284 1369 3337 καὶ
1412 3284 1565 3353 ἥλιον
1597 3283 1693 3336 καὶ
1724 3282 1881 3352 σελή-

313 3395 413 3449 νην
442 3377 537 3430 καὶ
564 3376 632 3430 τά
664 3375 799 3431 ἄλλα
825 3374 1177 3447 δημιουργεῖν
1205 3374 1513 3440 ἐκέλευσεν,
1545 3373 1664 3428 οὐδὲ
1703 3374 1881 3443 ἁπλῆν

312 3469 456 3540 ἔχειν
480 3469 573 3522 καὶ
598 3467 976 3539 ἀπερίγραφον
1005 3466 1165 3535 φύσιν
1191 3465 1266 3530 ⁸⁷,
1299 3464 1434 3519 ἀλλά
1465 3464 1622 3533 μόνον
1658 3463 1878 3535 ἐχθραί-

311 3577 424 3614 νειν
443 3560 586 3631 άπερ
618 3561 823 3622 ἐκεῖνος
847 3558 1138 3628 μεμίσηκε,
1163 3556 1258 3609 καὶ
1291 3555 1463 3624 φιλεῖν
1498 3554 1641 3625 ἅπερ
1673 3555 1877 3618 ἐκεῖνος

310 3652 374 3724 δὴ
413 3652 558 3723 μάλα
600 3649 886 3719 πεφίληκε.
920 3647 1071 3720 [167]
1116 3646 1330 3718 Ταύτην
1375 3643 1727 3715 κατορθώσας
1779 3644 1877 3714 τὴν

312 3741 513 3814 ἀρετὴν
546 3742 575 3794 ὁ
622 3738 909 3810 προφήτης
942 3736 1077 3807 πρὸς
1106 3735 1197 3789 τὸν
1238 3734 1514 3805 Δεσπότην
1544 3734 1641 3801 ξὺν
1665 3736 1878 3806 παρρη-

313 3830 406 3901 σίᾳ
435 3828 560 3899 βοᾷ·
597 3846 614 3878 ι
657 3825 812 3896 Ἐμοὶ
849 3825 905 3879 δὲ
935 3824 1053 3877 λίαν
1102 3822 1439 3894 ἐτιμήθησαν
1481 3824 1528 3876 oi
1573 3822 1717 3892 φίλοι
1757 3839 1872 3885 σου,

309 3924 338 3976 ὀ
367 3920 498 3984 Θεός
517 3936 531 3949 ο
560 3919 680 3973 λίαν
709 3914 1156 3988 ἐκραταιιῖώησαν
1193 3917 1249 3969 αἱ
1278 3915 1444 3986 ἀρχαὶ
1473 3914 1671 3968 αὐτῶν.
1710 3933 1728 3965 ι
1771 3914 1876 3967 Καὶ

312 4011 431 4085 μετ’
462 4009 619 4078 ὀλίγα
638 4026 652 4039 ο
701 4027 719 4060 ι
753 4008 888 4078 Οὐχ)⁵
919 4008 1044 4070 τοὺς
1089 4005 1383 4076 μισοῦντας
1414 4022 1493 4070 σε,
1524 4005 1719 4075 Κύριε,
1752 4004 1874 4075 ἐμί-

310 4118 473 4173 σησα,
500 4102 595 4155 καὶ
623 4099 714 4153 ἐπὶ
746 4102 860 4162 τοῖς
894 4098 1106 4170 ἐχθροῖς
1136 4115 1229 4152 σου
1266 4095 1635 4167 ἐξετηκόμην;
1670 4095 1876 4150 τέλειον

314 4197 474 4264 μίσος
507 4191 731 4264 ἐμίσουν
773 4188 969 4252 αὐτούς
992 4205 1008 4220 ·
1048 4189 1127 4252 είς
1151 4186 1379 4259 ἐχθροὺς
1423 4185 1671 4254 ἐγένοντό
1703 4202 1812 4256 μοι.
1850 4204 1869 4238 ι

310 4286 421 4341 Καὶ
445 4283 605 4338 πάλιν
625 4300 638 4312 ·
664 4281 920 4353 ι”Ανδρες
950 4280 1217 4352 αἱμάτων,
1245 4277 1525 4333 ὲκκλίνατε
1553 4278 1647 4331 ἀπ’
1677 4276 1868 4348 ἐμοῦ.»

1992 484 2191 548 invisa,
2232 499 2422 553 quaeve
2459 491 2611 553 grata
2655 482 2786 546 sint,
2835 479 3035 534 divina:
3071 477 3219 548 leges
3267 478 3555 534 manifeste

1989 573 2207 628 docent.
2244 572 2582 627 Clamantem
2612 572 2759 626 enim
2784 570 3040 625 audimus
3068 568 3316 623 divinum
3346 569 3513 623 David
3540 587 3553 624 :

1996 683 2015 715 ι
2054 661 2325 728 Quoniam
2375 678 2487 717 non
2534 664 2679 718 Deus
2720 663 2910 717 volens
2964 660 3312 730 iniquitatem
3369 668 3425 714 tu
3473 675 3553 714 es.

1987 755 2177 825 Neque
2201 755 2471 810 habitabit
2488 756 2642 825 juxta
2664 764 2718 809 te
2742 752 3034 823 malignus,
3064 767 3246 820 neque
3268 766 3559 821 permane-

1988 847 2130 902 bunt
2176 845 2365 916 injusti
2405 854 2532 900 ante
2576 845 2766 900 oculos
2812 852 2956 899 tuos.
2986 841 3162 899 Odisti
3193 856 3387 896 omnes
3422 856 3558 911 ope-

1989 947 2176 993 rantes
2214 936 2585 1006 iniquitatem,
2630 937 2830 1007 perdes
2870 952 3063 991 omnes
3109 936 3204 1006 qui
3254 935 3559 1004 loquuntur

1991 1029 2363 1084 mendacium.
2394 1028 2589 1084 Virum
2620 1028 2949 1098 sanguinum
2983 1036 3040 1082 et
3068 1027 3319 1081 dolosam
3347 1024 3561 1079 abomi—

1989 1121 2213 1176 nabitur
2234 1120 2500 1175 Dominus
2528 1129 2618 1173 ¹¹¹.›
2656 1119 2904 1188 Cumque
2936 1117 3290 1189 Legislatoris
3317 1118 3333 1136 ⁶
3365 1115 3557 1185 dispo-

1990 1212 2245 1267 sitionem
2267 1220 2433 1281 atque
2458 1210 2713 1265 affectum
2738 1209 2794 1263 in
2819 1209 2908 1264 his
2933 1209 3118 1264 verbis
3140 1209 3412 1273 ostendat,
3446 1208 3557 1264 alio

1990 1302 2043 1357 in
2079 1302 2288 1372 psalmo
2320 1315 2610 1370 personam
2640 1301 2761 1370 ejus
2791 1299 3003 1355 inducit
3034 1300 3127 1369 qui
3158 1300 3258 1354 has
3286 1308 3446 1354 notas
3474 1298 3557 1354 di-

1987 1393 2220 1463 ligenter
2244 1392 2598 1460 expresserit,
2626 1392 2917 1445 Dominum
2946 1392 2999 1446 in
3022 1393 3138 1447 haec
3162 1392 3330 1447 verba
3356 1390 3555 1460 depre-

1988 1483 2166 1539 cantis
2203 1500 2215 1535 :
2251 1501 2267 1528 ι
2296 1482 2749 1536 Perambulabam
2780 1482 2832 1535 in
2867 1483 3179 1537 innocentia
3203 1481 3387 1536 cordis
3422 1480 3553 1545 mei,

1990 1573 2045 1626 in
2085 1571 2268 1627 medio
2320 1571 2517 1625 domus
2553 1581 2678 1626 tum.
2724 1573 2842 1627 Non
2890 1573 3162 1642 ponebam
3202 1581 3327 1626 ante
3364 1571 3555 1625 oculos

1989 1678 2142 1718 meos
2155 1677 2267 1716 rem
2288 1662 2541 1732 injustam
2567 1678 2580 1713 :
2606 1660 2871 1716 facientes
2888 1662 3364 1731 praevaricationes
3382 1660 3551 1715 odivi.

1985 1753 2106 1808 Non
2128 1752 2358 1807 adhaesit
2399 1753 2531 1806 mihi
2563 1767 2659 1806 cor
2696 1769 2923 1823 pravum
2953 1770 2966 1806 :
3000 1752 3368 1808 declinantem
3406 1766 3436 1804 a
3466 1766 3555 1807 me

1987 1843 2285 1914 malignum
2316 1859 2424 1897 non
2463 1843 2883 1912 cognoscebam.
2915 1844 3303 1897 Detrahentem
3340 1848 3554 1896 secreto

1985 1936 2237 2006 proximo
2274 1949 2395 1998 suo,
2438 1934 2652 2005 1014
2677 1934 2827 1989 hunc
2860 1933 3250 2005 persequebar.
3289 1931 3427 1987 Cum
3456 1946 3553 1986 su-

1985 2024 2159 2094 perbo
2185 2023 2349 2078 oculo
2376 2031 2433 2078 et
2462 2023 2758 2078 insatiabili
2791 2023 2978 2088 corde,
3007 2038 3133 2078 cum
3163 2023 3268 2077 hoc
3289 2037 3401 2075 non
3426 2020 3556 2076 ede-

1986 2114 2134 2170 bam.
2157 2112 2311 2169 Oculi
2332 2114 2439 2168 mel
2459 2113 2528 2167 ad
2552 2122 2870 2168 mansuetos
2898 2121 3078 2177 terrae,
3102 2120 3163 2166 ut
3182 2111 3409 2166 sedeant
3435 2125 3552 2164 me-

1985 2221 2146 2271 cum;
2211 2204 2501 2259 ambulans
2560 2204 2614 2258 in
2673 2204 2759 2258 via
2819 2205 3190 2268 immaculata,
3260 2203 3352 2257 hic
3415 2202 3548 2258 mihi

1985 2296 2353 2352 ministrabat.
2394 2296 2515 2351 Non
2562 2295 2847 2350 habitabat
2885 2296 2940 2349 in
2973 2295 3156 2350 medio
3181 2294 3380 2349 domus
3417 2307 3555 2348 meas

1984 2386 2191 2442 faciens
2227 2386 2540 2457 superbiam
2577 2403 2591 2440 :
2627 2386 2722 2456 qui
2752 2386 2998 2457 loquitur
3020 2388 3242 2457 injusta,
3281 2400 3389 2439 non
3419 2396 3551 2454 pro-

1984 2476 2310 2544 sperabatur
2330 2476 2383 2529 in
2407 2483 2705 2544 conspectu
2722 2477 3005 2531 oculorum
3030 2491 3277 2531 meorum
3296 2484 3345 2528 ιι.
3379 2495 3396 2526 ι
3421 2473 3553 2541 Qni-

1985 2562 2088 2617 bus
2123 2578 2253 2618 sane
2292 2564 2478 2618 verbis
2508 2578 2617 2617 non
2652 2565 2829 2618 solum
2862 2581 2962 2620 nos
3001 2565 3205 2629 docuit,
3249 2580 3409 2635 posse
3449 2577 3552 2619 nos

1984 2652 2184 2707 imitari
2229 2653 2674 2721 potentissimum
2728 2669 2792 2708 ac
2833 2655 3297 2725 sapientissimum
3353 2654 3547 2717 Deum,

1983 2744 2079 2801 sed
2107 2745 2286 2815 ipsum
2310 2746 2475 2802 etiam
2503 2747 2827 2802 imitationis
2850 2746 3072 2802 modum
3097 2746 3261 2801 nobis
3283 2745 3545 2801 ostendit.

1982 2834 2169 2905 Neque
2199 2837 2347 2891 enim
2377 2838 2543 2907 jussit
2567 2853 2669 2893 nos
2704 2838 2924 2900 coelum,
2952 2846 3007 2892 et
3037 2838 3230 2902 solem,
3258 2844 3314 2892 et
3340 2837 3547 2899 lunam,

1982 2932 2039 2979 et
2074 2941 2164 2981 res
2192 2927 2327 2982 alias
2351 2942 2540 2983 creare
2576 2946 2590 2981 :
2621 2943 2797 2998 neque
2823 2937 2886 2983 ut
2920 2927 3155 2997 simplici
3189 2942 3437 2982 essemus
3466 2927 3550 2981 in-

1983 3016 2508 3087 circumscriptaque
2532 3025 2731 3073 natura
2764 3034 2778 3071 :
2812 3018 2905 3073 sed
2940 3016 3056 3073 haec
3082 3018 3256 3073 solum
3293 3016 3420 3072 odio
3454 3016 3551 3071 ba-

1983 3106 2152 3173 bere,
2189 3124 2311 3179 qua:
2350 3109 2429 3163 illi
2472 3125 2637 3165 exosa
2678 3109 2924 3173 fuerunt,
2961 3116 3018 3165 et
3052 3125 3237 3164 amare
3269 3124 3391 3179 qua:
3453 3108 3551 3164 ad-

1983 3198 2214 3251 amavit.
2262 3198 2344 3252 Ad
2391 3199 2556 3269 hujus
2581 3199 2804 3254 virtutis
2827 3201 3037 3270 apicem
3077 3209 3373 3270 provectus
3410 3200 3548 3256 Pro-

1981 3287 2148 3356 pheta
2194 3288 2264 3342 ad
2305 3289 2596 3344 Dominum
2657 3292 3000 3348 conﬁdenter
3043 3295 3243 3349 clamat
3288 3313 3301 3349 :
3352 3313 3371 3346 ‹
3414 3293 3548 3350 Mihi

1987 3389 2172 3434 autem
2195 3380 2354 3435 valde
2379 3381 2633 3437 honorati
2670 3392 2802 3437 sunt
2848 3384 3009 3438 amici
3041 3386 3142 3450 tui,
3181 3386 3326 3440 Deus
3352 3404 3364 3438 :
3388 3386 3548 3443 valde

1980 3468 2324 3525 confortatus
2353 3480 2438 3526 est
2464 3471 2810 3541 principatus
2832 3489 3025 3527 eorum
3053 3481 3098 3526 ο.
3136 3492 3154 3524 ι
3197 3474 3265 3529 Et
3298 3475 3496 3529 iterum
3528 3493 3544 3531 :

1988 3577 2007 3610 ι
2035 3559 2228 3615 Nonne
2257 3560 2350 3630 qui
2382 3562 2621 3616 oderunt
2656 3571 2729 3627 te,
2759 3564 3006 3627 Domine,
3032 3564 3275 3627 oderam,
3295 3572 3351 3617 et
3381 3579 3548 3633 super

1980 3645 2233 3700 inimicos
2274 3655 2399 3701 tuos
2434 3648 2821 3703 tabescebam?
2867 3651 3116 3706 Perfecto
3156 3652 3284 3706 odio
3320 3651 3544 3706 oderam

1980 3736 2125 3806 illqs,
2147 3746 2204 3791 et
2222 3736 2410 3792 hostes
2435 3738 2563 3793 facti
2585 3748 2715 3795 sunt
2735 3740 2866 3794 mihi
2902 3752 2949 3795 P.
2985 3762 3003 3791 ι
3030 3743 3098 3797 Et
3120 3758 3309 3798 rursus
3335 3760 3348 3797 :
3382 3762 3399 3793 ι
3429 3742 3544 3798 Viri

1979 3828 2330 3898 sanguinum,
2366 3829 2636 3885 declinate
2668 3847 2698 3886 a
2733 3848 2819 3888 me
2842 3843 2890 3888 ει.
2927 3852 2945 3885 ι
2987 3835 3055 3889 Ει
3087 3853 3099 3888 :
3139 3855 3157 3887 ι
3192 3836 3472 3891 Declinate
3509 3850 3543 3891 a

1978 3934 2087 3985 me,
2113 3919 2355 3990 maligni,
2380 3928 2437 3976 et
2464 3922 2754 3976 scrutabor
2785 3923 3041 3979 mandata
3070 3924 3167 3979 Dei
3199 3924 3305 3979 mei
3335 3934 3378 3979 τ.
3418 3944 3435 3976 ι
3476 3924 3545 3981 Ει

1978 4009 2180 4065 iterum
2215 4028 2229 4064 :
2265 4030 2283 4061 ι
2317 4011 2542 4082 iniquos
2586 4012 2714 4067 odio
2754 4013 2944 4078 habui,
2978 4024 3035 4068 et
3072 4015 3246 4084 legem
3278 4022 3426 4070 tuam
3456 4013 3544 4069 di-

1976 4099 2143 4154 lein.
2172 4119 2190 4152 ι
2212 4101 2277 4156 Et
2306 4119 2319 4155 :
2354 4121 2373 4154 ι
2404 4101 2688 4169 Quomodo
2706 4102 2871 4161 dilexi
2890 4105 3064 4174 legem
3087 4113 3258 4172 tuam,
3277 4105 3536 4161 Domine!

1978 4199 2089 4247 tota
2130 4192 2220 4248 die
2249 4193 2534 4249 meditatio
2557 4209 2678 4249 mea
2707 4204 2790 4250 est
2823 4197 2864 4248 ί.
2904 4216 2923 4247 ι
2956 4180 3025 4251 Et
3052 4214 3065 4249 :
3103 4214 3121 4246 ‹
3156 4196 3329 4262 Quam
3358 4196 3540 4253 dulcia

1975 4280 2231 4336 faucibus
2259 4284 2397 4340 meis
2429 4282 2646 4353 eloquia
2678 4285 2808 4338 tua!
2837 4300 3005 4355 super
3036 4285 3143 4339 mel
3171 4286 3254 4340 ori
3281 4301 3404 4340 meo
3427 4298 3475 4340 ιι.
3511 4305 3531 4338 ι

311 4376 421 4430 Καὶ
450 4371 609 4440 αὖθις
629 4391 642 4405 ο
672 4394 689 4426 ι
711 4371 1027 4428 Ἑκκλίνατε
1060 4372 1154 4425 ἀπ’
1184 4369 1320 4442 ἐμοῦ
1348 4370 1394 4402 ⁸⁸
1424 4369 1871 4441 πονηρευόμενοι,

1984 4372 2098 4428 Alia
2142 4372 2229 4428 his
2269 4373 2444 4433 multo
2488 4374 2646 4444 plura
2688 4375 2744 4431 in
2797 4376 2989 4431 eodem
3043 4376 3251 4447 psalmo
3292 4376 3538 4447 reperire

310 4467 408 4521 καὶ
439 4465 775 4537 ἐξερευνήσω
802 4464 898 4528 τὰς
934 4461 1157 4526 ἐντολὰς
1204 4460 1297 4516 τοῦ
1354 4460 1490 4516 Θεοῦ
1542 4477 1667 4532 μου.
1703 4479 1721 4512 ι
1764 4460 1874 4514 Καὶ

1974 4470 2059 4518 est
2087 4479 2101 4516 :
2126 4462 2286 4532 plena
2325 4471 2409 4518 est
2447 4464 2593 4519 enim
2631 4465 2919 4535 prophetia
2959 4465 3167 4537 1015
3201 4466 3306 4520 hoc
3339 4480 3538 4537 genere

311 4557 476 4613 πάλιν
499 4559 544 4591 ⁸⁸
568 4575 584 4590 ο
613 4576 632 4610 ι
658 4555 1015 4628 Παρανόμους
1061 4553 1320 4624 ἐμίσησα,
1348 4552 1439 4606 τὸν
1469 4550 1527 4605 δέ
1573 4552 1737 4623 νόμον
1778 4566 1871 4605 σου

1984 4553 2253 4610 ioctrina.
2284 4553 2461 4610 Moses
2487 4570 2707 4627 quoque
2725 4556 3008 4628 legislator
3030 4556 3086 4611 in
3112 4557 3326 4628 legibus
3347 4565 3536 4612 osten-

306 4650 590 4722 ἠγάπησα.
623 4669 643 4703 ι
690 4650 798 4703 Καὶ
827 4649 1020 4702 πάλιν·
1060 4666 1079 4700 ι
1130 4645 1218 4711 Ὠς
1263 4645 1529 4718 ἠγάπησα
1573 4646 1668 4699 τὸν
1707 4644 1871 4715 νόμον

1984 4646 2050 4702 iit
2091 4646 2226 4717 quid
2251 4646 2364 4702 Deo
2393 4647 2777 4703 universorum
2808 4649 3042 4719 placeat,
3079 4657 3137 4704 et
3172 4647 3305 4719 quid
3344 4661 3538 4703 rursus

310 4759 430 4805 σου,
462 4739 668 4810 Κύριει
707 4739 836 4811 ὅλην
880 4738 982 4810 τὴν
1034 4736 1247 4810 ἡμέραν
1279 4734 1479 4808 μελέτη
1523 4752 1627 4807 μου
1672 4734 1810 4789 ἐστί.
1843 4751 1863 4784 ι

1984 4736 2094 4792 )ι1ἰο
2117 4737 2341 4793 habeat.
2359 4736 2441 4792 Ad
2461 4737 2579 4793 haec
2599 4737 2787 4804 Isaias,
2803 4747 2859 4794 et
2872 4738 3159 4803 Jeremias,
3180 4747 3237 4793 et
3251 4736 3534 4802 Ezechiel,

306 4834 450 4888 Καί·
479 4831 607 4895 «Ὧς
654 4829 860 4899 γλυκέα
898 4830 976 4901 τῷ
1015 4828 1250 4901 λάρυγγί
1295 4844 1399 4899 μου
1437 4828 1505 4880 τὰ
1544 4827 1701 4895 λόγιά
1735 4824 1864 4880 σουι

1984 4837 2023 4883 ει
2050 4828 2260 4891 Daniel,
2291 4839 2348 4883 et
2370 4827 2549 4882 omnis
2576 4830 2967 4900 prophetarum
2999 4831 3201 4885 chorus
3223 4830 3327 4886 hoc
3348 4844 3531 4886 rerum

369 5009 409 5038 "
444 5009 586 5064 Psal.
617 5023 671 5075 ν,
703 5008 814 5063 5—7.
891 5015 918 5044 ¹³
946 5009 1089 5063 Psal.
1120 5024 1169 5073 c,
1201 5007 1316 5062 2-7.

303 5078 326 5107 '
355 5077 488 5133 ibid.
522 5080 645 5135 115.
731 5082 747 5115 ι
787 5076 922 5133 ibid.
952 5078 1041 5133 97.
1126 5087 1152 5114 ιι
1184 5078 1318 5133 ibid.
1356 5078 1472 5133 105.

1394 5018 1415 5038 °
1444 5007 1585 5064 Psal.
1618 5024 1872 5077 cxxxvm,
1905 5009 1992 5064 17.
2071 5019 2097 5058 l‘
2126 5008 2260 5065 ibid.
2291 5009 2502 5075 2|,2ﬁ.
2577 5019 2604 5059 (ι
2637 5008 2769 5065 ibid.
2805 5008 2891 5064 19.

2974 5019 2994 5047 τ
3024 5009 3165 5066 Psal.
3198 5024 3379 5075 cm",
3407 5008 3509 5064 115

1611 5213 1843 5272 "Ale
1883 5212 2281 5271 LECTIONES.

409 5352 455 5386 "
488 5346 1006 5421 ιχβραίγξιε,ῥμοῐως

1119 5348 1205 5416 θρ.
1232 5350 1294 5404 D.
1336 5417 1343 5418 ί
1379 5349 1425 5381 ⁸⁸
1465 5344 1607 5418 [καὶ]
1622 5362 1741 5418 om.
1771 5348 1836 5403 D.
1912 5349 1958 5380 ⁸⁷
1986 5349 2234 5418 ἀνομίαν.
2265 5347 2478 5418 ἀδικίαν
2499 5346 2574 5418 _D.
2652 5348 2697 5381 ⁸⁸
2717 5348 2799 5402 ού.
2838 5347 2958 5401 οὐδὲ
2982 5348 3063 5418 _D.
3130 5348 3175 5381 "
3203 5347 3430 5418 πάντας.
3463 5366 3527 5405 κε

409 5352 455 5386 ⁵³
488 5348 779 5421 ἐχθραίνει.
808 5348 1006 5417 ὁμοίως
1053 5348 1078 5401 ἐ
1119 5348 1205 5416 θρ.
1232 5350 1294 5404 D.
1379 5349 1425 5381 "
1490 5348 1607 5418 καὶ]
1630 5362 1741 5403 om.
1771 5348 1836 5403 D.
1912 5349 1958 5380 "
1986 5349 2234 5418 ἀνομίαν.
2265 5348 2478 5402 ἀδικίαν
2510 5348 2574 5403 D.
2652 5348 2697 5381 ⁸⁸
2717 5348 2799 5402 ού.
2838 5348 2958 5401 οὐδὲ
2989 5348 3053 5402 D.
3130 5348 3175 5381 "
3203 5348 3430 5413 πάντας.
3463 5366 3527 5405 κε

303 5424 506 5486 πάντας
546 5420 627 5491 1)Ἀ
685 5418 731 5491 ‘_°
757 5417 983 5491 Ιςύριος.
1014 5366 1231 5491 θᾲξίι-Ι)
1256 5417 1367 5488 ἐγὼ
1382 5348 1536 5491 ᾲδέ[ὲν
1563 5417 1641 5491 τῷ
1682 5419 2021 5491 πλήθειῌτοῦ
2047 5418 2227 5491 ἐλέους
2262 5416 2681 5491 σουᾼέλεύ-σομαι
2728 5419 2806 5491 είς
2830 5412 3100 5491 τὸνυοῖκόν
3136 5434 3248 5491 σου.
3286 5487 3297 5491 Α
3334 5417 3376 5451 ⁸⁸
3407 5419 3529 5491 τού-

302 5509 447 5556 τους.
480 5488 666 5543 τούσδε
695 5488 761 5547 Ι).
787 5487 951 5542 Sirm.

301 5560 527 5617 πλησίον
565 5558 629 5614 D.

1060 5486 1105 5519 “
1138 5488 1238 5559 τῆς
1267 5486 1511 5559 καρδίας.
1552 5486 1649 5558 τῆς
1669 5486 1789 5544 om;
1812 5488 1928 5543 D.“
1955 5487 2309 5559 ἐκκλίνοντος.
2370 5486 2710 5559 ἐκκλίνοντας
2746 5487 2808 5541 D.

739 5556 1047 5631 Deﬁgere.
1070 5556 1251 5631 τοιζτῳ
1281 5556 1538 5631 Ῑ),“8ἱι·ηι.
1606 5556 1907 5631 “apud;
1943 5557 2253 5631 marobcAD.

2918 5485 2982 5559 “_
2991 5487 3082 5541 τὸν
3133 5487 3376 5559 πλησίον.
3418 5488 3529 5541 τῶν

2364 5557 2409 5589 s1
2444 5556 2624 5628 φύσιν,
2649 5548 2746 5628 τῆν
2770 5557 2928 5626 φύσιν
2961 5557 3025 5621 ι),
3055 5548 3238 5628 quiv:
3268 5572 3386 5628 seq.
3411 5571 3523 5628 om.

301 5625 529 5701 ἐκεῖνος.
601 5627 647 5701 ff
675 5627 771 5682 ἀπ’
799 5625 1135 5701 ἐμοῦ.ᾼιιὰἰι
1156 5625 1200 5681 D
1224 5625 1421 5692 πάντες
1454 5630 1503 5683 οί
1528 5625 1879 5701 ἐργαζόμενοι
1905 5629 2002 5701 τὴν
2026 5629 2273 5699 ἀνομίαν.
2300 5628 2391 5681 καὶ
2419 5625 2596 5682 πάλιν·
2626 5625 2904 5682 ἐκκλίνατε
2940 5627 3036 5681 ἀπ’
3059 5625 3213 5698 ἐμοῦ.
3290 5625 3526 5683 ⁸”ϊεεὶλιν

301 5715 413 5787 gn).
441 5700 487 5756 D
519 5707 577 5756 et
599 5698 726 5770 ὅλην
756 5727 827 5737 -
846 5712 945 5769 μου
979 5698 1116 5751 ἐστι.
