3974 6196
421 234 444 296 1
457 233 559 296 19.7

1413 233 1896 292 TIIEODORETI
1937 233 2269 293 EPISCOPI
2308 232 2669 291 CYRENSIS

3512 234 3671 296 1128

415 335 712 394 discrimen
742 354 844 394 nos
887 339 1094 394 docuit.
1141 339 1265 408 Ipse
1296 339 1464 391 etiam
1495 339 1714 391 illorum
1752 341 1896 393 Deus
1923 338 1977 392 in

2094 339 2222 408 ὅπερ
2267 338 2387 408 μέλι
2419 337 2462 368 "°
2493 337 2570 406 τῷ
2613 336 2840 405 στόματί
2869 353 2989 406 μου.
3031 356 3048 386 ι
3088 335 3198 388 Καὶ
3248 337 3409 407 ἕτερα
3441 339 3498 392 δὲ
3542 358 3665 393 των

415 430 727 500 Evangeliis
759 431 835 485 ait
868 449 880 483 :
914 451 931 481 ι
965 432 1081 484 Non
1107 430 1287 483 omnis
1315 430 1406 498 qui
1431 429 1666 483 dixerit‘
1696 430 1852 495 mihi,
1879 433 1984 486 Do-

417 520 589 584 mine,
646 519 897 578 Domine.
949 519 1177 574 intrabit
1221 520 1277 573 in
1325 535 1551 590 regnum
1582 521 1698 583 Dei,
1746 522 1841 575 sed
1889 522 1984 591 qui

417 610 613 664 fecerit
651 612 985 664 voluntatem
1013 612 1190 665 Patris
1222 610 1328 665 mei
1372 611 1465 680 qui
1495 611 1550 664 in
1579 612 1731 666 caalis
1759 621 1844 667 est
1869 623 1916 670 ν.
1957 633 1975 666 ι

416 700 485 753 Ει
517 719 529 752 :
570 720 588 751 ι
629 700 730 766 Qui
768 701 959 754 fecerit
991 710 1048 754 et
1077 701 1346 763 docuerit,
1391 701 1480 755 hic
1511 717 1737 772 magnus
1764 704 1986 758 vocabi-

420 799 508 843 tur
543 790 598 843 in
640 805 808 860 regno
850 791 1115 844 caalorum
1154 800 1200 843 ι.
1234 808 1251 840 ι
1314 791 1382 844 Ει
1414 807 1426 843 :
1465 809 1483 840 ι
1517 789 1619 856 Qui
1657 790 1835 861 diligit
1872 809 1981 859 me,

417 882 672 935 mandata
704 897 822 934 mea
859 881 1099 936 servabit
1122 891 1170 934 γ.
1207 901 1222 932 ι
1253 883 1311 936 In
1342 884 1598 951 parabola
1620 885 1783 937 etiam
1811 886 1984 939 talen-

419 977 597 1023 torum
633 977 860 1024 testatus
888 977 970 1023 est
1004 980 1048 1031 ι,
1085 987 1142 1025 se
1173 988 1280 1025 non
1314 974 1488 1026 solum
1522 972 1748 1026 totidem
1777 973 1984 1041 repeti-

417 1070 602 1114 turum
646 1061 792 1130 quod
839 1061 1013 1124 dedit,
1075 1063 1169 1116 sed
1215 1064 1372 1117 fenus
1409 1065 1574 1117 etiam
1616 1073 1982 1118 exacturum:

414 1152 558 1219 quod
596 1152 688 1220 qui
722 1152 948 1206 reddere
985 1169 1093 1206 non
1128 1154 1590 1226 potuerit,vhune
1629 1155 1794 1208 sortis
1840 1155 1987 1208 dono

415 1245 688 1312 privatum
712 1243 1066 1311 vinctumque
1087 1244 1141 1296 in
1166 1245 1420 1298 tenebras
1441 1245 1987 1311 demissurum.Quin

416 1345 470 1387 et
513 1335 754 1403 virgines
791 1335 910 1388 illas
941 1351 1060 1403 qua:
1101 1335 1376 1389 suflicicns
1423 1339 1604 1388 oleum
1633 1351 1744 1389 non
1783 1337 1984 1390 attule-

417 1432 558 1484 rant,
596 1431 748 1477 extra
781 1425 1077 1477 thalamum
1107 1425 1349 1492 reliquit,
1392 1424 1554 1493 idque
1585 1441 1709 1479 cum
1744 1427 1986 1497 virgines

415 1528 509 1567 eas
535 1524 759 1567 vocaret
784 1526 830 1566 ιι.
863 1515 1019 1566 Illum
1048 1515 1212 1567 etiam
1242 1515 1336 1584 qui
1368 1515 1593 1569 indutus
1627 1525 1746 1570 erat
1775 1526 1984 1570 vestem

417 1605 624 1673 nuptiis
659 1605 881 1658 minime
911 1613 1326 1674 congruentem,
1351 1606 1560 1674 nuptiis
1582 1608 1817 1661 exclusit
1850 1623 1984 1661 con-

2085 429 2386 498 είρημένων
2411 427 2786 480 πολλαπλάσια
2809 427 2959 496 εῦροι
2989 445 3073 489 τις
3097 426 3161 480 ἂν
3190 429 3247 478 ἐν
3264 429 3390 496 τῇδε
3413 431 3476 498 τῇ
3518 431 3661 498 μελ-

2083 521 2248 591 ῳδίᾳο
2282 521 2532 590 ἔμπλεως
2594 520 2702 590 γὰρ
2735 521 2766 589 ή
2812 519 3117 588 προφητεία
3148 521 3249 588 τῆς
3282 522 3539 590 τοιαύτης
3569 523 3662 574 δι-

2083 611 2397 674 δασκαλίας.
2421 610 2531 662 Καὶ
2570 610 2810 679 Μωῦσῆς
2832 609 2887 661 δὲ
2909 610 2935 660 ὁ
2969 608 3262 679 νομοθέτης
3290 610 3559 664 δείκνυσιν
3592 615 3659 664 ἐν

2082 705 2195 764 τοῖς
2239 704 2425 772 νόμοις
2467 701 2520 752 τί
2570 701 2666 771 μὲν
2716 700 2943 770 ἀρέσκει
2997 701 3074 768 τῷ
3107 700 3212 752 τῶν
3260 701 3395 752 ὅλων
3427 701 3566 770 Θεῷ,
3600 702 3663 754 τί

2083 792 2127 845 δ’
2160 788 2226 845 αὖ
2276 792 2438 846 πάλιν
2489 791 2763 861 ἐχθραίνει
2790 791 2858 845 τ’.
2888 792 2997 844 Καὶ
3042 789 3223 860 μέντοι
3271 792 3363 844 καὶ
3405 792 3660 857 Ἡσαΐας,

2085 884 2180 936 καὶ
2215 884 2509 953 Ἱερεμίας,
2539 883 2631 934 καὶ
2669 880 2952 950 Ἰεζεκιὴλ,
2983 881 3076 934 καὶ
3107 881 3325 951 Δανιὴλ,
3358 884 3451 935 καὶ
3489 887 3599 946 πᾶς
3627 888 3660 937 ὁ

2085 974 2196 1027 τῶν
2231 973 2525 1043 προφητῶν
2558 973 2716 1042 χορὸς
2748 974 2952 1042 ταύτην
2977 975 3126 1042 ἡμᾶς
3151 974 3248 1041 τὴν
3277 973 3539 1044 διαφορὰν
3569 976 3662 1038 ἐξ-

2086 1066 2396 1118 επαίδευσε.
2455 1065 2564 1118 Καὶ
2604 1064 2765 1126 αὐτὸς
2819 1063 2873 1116 δὲ
2903 1065 2930 1115 ὁ
2958 1063 3162 1115 τούτων
3197 1063 3328 1127 Θεὸς
3364 1066 3406 1095 ⁷³
3440 1067 3495 1116 ὲν
3540 1069 3660 1128 τοῖς

2086 1154 2441 1222 Εὑαγγελίοις
2475 1153 2576 1223 ἔφη
2603 1170 2618 1184 ·
2673 1171 2690 1202 ι
2731 1154 2803 1204 υύ
2839 1155 2946 1216 πᾶς
2992 1155 3019 1205 ό
3064 1153 3240 1221 λέγων
3287 1171 3396 1223 μοι,
3455 1154 3664 1224 Κύριε,

2084 1246 2289 1318 Κύριε,
2336 1244 2702 1298 εἰσελεύσεται
2742 1246 2821 1307 είς
2866 1244 2964 1313 τὴν
3011 1243 3286 1312 βασιλείαν
3321 1243 3451 1312 [τοῦ
3491 1247 3657 1312 Θεοῦ,

2083 1339 2198 1390 ἀλλ’
2232 1340 2259 1391 ό
2282 1337 2448 1390 ποιῶν
2471 1336 2530 1388 τὸ
2552 1335 2766 1406 θέλημα
2793 1334 2886 1387 τοῦ
2916 1336 3125 1404 Πατρός
3154 1352 3252 1403 μου
3282 1335 3376 1387 τοῦ
3408 1337 3466 1387 ὲν
3490 1337 3663 1406 οὖρα-

2085 1431 2214 1491 νοῖς.
2245 1447 2262 1478 ι
2301 1429 2407 1480 Καὶ
2443 1427 2635 1480 πάλιν·
2682 1446 2698 1476 ι
2751 1427 2808 1478 Ὀ
2840 1428 3069 1495 ποιήσας
3101 1427 3193 1476 καὶ
3213 1425 3447 1488 διδάξας,
3480 1429 3664 1496 μέγας

2085 1519 2418 1589 κληθήσεται
2469 1520 2526 1570 ὲν
2578 1519 2644 1588 τῇ
2703 1515 2990 1586 βασιλεία]
3029 1516 3135 1568 τῶν
3180 1517 3443 1586 οὐρανῶν.
3478 1536 3495 1566 ι
3547 1519 3665 1571 Καὶ

2087 1611 2250 1664 πάλιν
2271 1628 2284 1640 ’
2306 1630 2322 1660 ι
2346 1609 2403 1662 '0
2431 1609 2660 1676 ἀγαπῶν
2692 1625 2756 1677 με
2779 1607 2880 1669 τὰς
2911 1607 3131 1669 ἐντολάς
3159 1623 3257 1676 μου
3291 1608 3516 1677 τηρήσει
3539 1608 3604 1659 ’³.
3630 1626 3653 1657 ι

416 1697 674 1766 vivioque
701 1696 883 1765 abegit
911 1697 971 1761 b;
1005 1707 1060 1751 et
1097 1706 1274 1751 tamen
1318 1698 1408 1752 ille
1444 1714 1550 1752 non
1583 1709 1776 1767 sponte
1803 1715 1862 1753 se
1898 1699 1984 1753 in-

2094 1701 2195 1752 Καὶ
2228 1699 2408 1768 μέντοι
2434 1701 2536 1751 κάν
2559 1700 2624 1767 τῇ
2666 1696 2949 1768 παραϐολῇ
2986 1695 3096 1747 τῶν
3128 1695 3403 1748 ταλάντων
3432 1695 3658 1760 ἔδειξεν,

416 1803 631 1857 gerens,
659 1787 750 1840 sed
777 1796 1002 1841 vocatus
1028 1788 1306 1857 ingressus
1330 1796 1416 1841 est
1452 1805 1465 1841 :
1495 1790 1590 1843 sed
1615 1791 1741 1858 quia
1774 1805 1840 1843 ex
1872 1791 1986 1844 sola

418 1879 604 1948 sponsi
642 1879 974 1933 liberalitate
1009 1880 1310 1934 accersitus
1343 1889 1551 1935 vestem
1591 1896 1699 1934 non
1735 1881 1985 1944 mutavit,

420 1971 624 2025 idcirco
648 1987 711 2024 ea
737 1986 1028 2040 perpessus
1049 1979 1133 2025 est
1176 1987 1297 2039 qua:
1319 1986 1612 2040 perpessus
1635 1980 1738 2024 est.
1765 1971 1904 2024 llinc
1933 1979 1989 2024 et

419 2060 718 2129 Apostolus
750 2077 761 2112 :
795 2079 810 2110 ι
842 2060 1180 2124 Voluntarie,
1227 2060 1426 2130 inquit,
1454 2058 1810 2129 peccantibus
1828 2059 1990 2116 nobis

419 2160 543 2221 post
569 2160 846 2220 acceptam
881 2152 1138 2206 notitiam
1167 2153 1295 2208 doni
1323 2151 1517 2215 divini,
1549 2152 1659 2222 jam
1686 2167 1794 2206 non
1825 2152 1989 2205 relin—

419 2244 610 2312 quitur
657 2258 756 2311 pro
802 2251 1027 2311 peccato
1074 2242 1401 2297 sacrificium
1440 2261 1453 2294 :
1489 2243 1750 2299 terribilis
1805 2254 1988 2298 autem

418 2332 666 2401 quadam
705 2333 917 2402 1016
949 2330 1523 2402 exspectatiojudicii,
1549 2339 1604 2384 et
1627 2330 1766 2400 ignis
1785 2332 1987 2395 fervor,

419 2422 512 2490 qui
577 2432 1004 2491 consumpturus
1049 2432 1133 2476 est
1181 2422 1528 2475 adversarios
1569 2431 1614 2472 ο.
1661 2439 1677 2470 ι
1731 2421 1868 2472 Tum
1920 2421 1989 2473 ab

419 2511 672 2580 exemplo
693 2512 858 2565 verba
893 2512 1224 2564 confirmans
1259 2527 1271 2561 :
1317 2529 1333 2559 ι
1373 2509 1609 2572 Irritam,
1632 2509 1728 2571 ait,
1752 2508 1878 2575 quis
1908 2507 1988 2560 fa-

422 2601 574 2654 ciens
593 2601 768 2668 legem
795 2601 976 2665 Mosis,
1001 2601 1120 2654 sine
1144 2600 1521 2654 misericordia
1547 2601 1764 2653 duobus
1789 2600 1872 2653 vel
1899 2599 1992 2652 tri-

427 2689 532 2742 bus
560 2688 793 2743 testibus
843 2689 1076 2742 moritur
1111 2706 1122 2740 :
1155 2697 1360 2757 quanto
1391 2689 1564 2758 magis
1603 2689 1810 2757 putatis
1835 2688 1989 2742 dete-

424 2778 570 2831 riora
589 2778 786 2832 mereri
812 2779 1100 2848 supplicia,
1122 2779 1214 2847 qui
1238 2780 1332 2832 Dei
1353 2780 1546 2833 Filium
1564 2779 1988 2843 conculcaverit,

422 2877 479 2921 ιι
512 2869 606 2936 qui
636 2869 954 2938 sanguinem
981 2869 1317 2924 Testamenti
1361 2870 1627 2940 pollutum
1659 2869 1898 2933 duxerit,
1935 2870 1991 2922 in

421 2975 531 3027 quo
554 2959 926 3012 sanctiﬁcatus
947 2965 1050 3022 est,
1069 2968 1124 3014 et
1148 2959 1374 3028 Spiritui
1400 2959 1585 3029 gratia:
1606 2960 1989 3013 contumeliam

423 3051 652 3104 fecerit?
675 3050 888 3104 Scimus
917 3051 1062 3104 enim
1094 3052 1185 3120 qui
1220 3052 1358 3105 dixit
1386 3069 1399 3103 :
1436 3052 1565 3105 Mihi
1596 3051 1859 3116 vindicta,
1895 3066 1994 3121 ego

426 3141 762 3203 retribuam,
813 3139 947 3193 dicit
997 3140 1291 3204 Dominus;
1343 3148 1398 3193 et
1448 3140 1690 3194 iterum:
1724 3139 2000 3194 Judicabit

431 3232 698 3284 Dominus
730 3233 990 3302 populum
1023 3246 1182 3285 suum
1212 3232 1260 3287 (1.
1295 3252 1312 3282 ι
1360 3231 1498 3286 Tum
1533 3240 1590 3286 et
1621 3232 1830 3286 otiosos
1855 3232 2003 3284 iner-

430 3333 620 3400 tesque
647 3331 939 3394 perterrct,
965 3323 1154 3376 dicens
1180 3339 1192 3374 :
1227 3342 1244 3372 ι
1275 3322 1622 3376 Horrendum
1644 3332 1728 3376 est
1758 3321 2001 3376 incidere

425 3414 482 3471 in
539 3429 734 3466 manus
785 3413 881 3466 Dei
931 3414 1170 3467 viventis
1215 3425 1259 3465 ο.
1313 3433 1330 3463 ι
1384 3413 1452 3466 Ει
1516 3427 1712 3466 rursus
1759 3413 1999 3466 clamat:

433 3526 450 3556 ι
483 3505 684 3560 Omnes
711 3507 971 3560 sistemur
1010 3513 1156 3560 ante
1178 3506 1417 3559 tribunal
1447 3504 1673 3568 Christi,
1705 3511 1765 3556 ut
1791 3503 1994 3558 referat

425 3618 802 3686 unusquisque
826 3616 1046 3685 propria
1073 3617 1328 3686 corporis
1352 3623 1515 3684 prout
1543 3614 1731 3684 gessit,
1755 3615 1868 3668 sive
1893 3614 1992 3667 bo-

425 3725 579 3768 num,
614 3708 729 3762 sive
762 3709 963 3761 malum
1003 3708 1045 3761 τ.
1079 3726 1096 3758 ι

2088 1791 2161 1851 ὡς
2184 1791 2244 1841 ού
2288 1790 2446 1859 μόνον
2499 1782 2573 1840 ὧν
2629 1788 2859 1840 δέδωκεν
2917 1787 3208 1856 ἀπαιτήσει
3244 1786 3332 1837 τὸν
3392 1786 3656 1856 ἀριθμὸν,

2090 1880 2226 1934 ἀλλὰ
2255 1881 2349 1933 καὶ
2374 1881 2472 1950 τὴν
2515 1878 2776 1950 ἐργασίαν
2801 1878 2843 1908 ⁷⁵⁵
2873 1875 3224 1948 εἰσπράξεται
3248 1892 3260 1906 ·
3293 1876 3387 1929 καὶ
3413 1877 3505 1928 τὸν
3529 1877 3662 1927 ταύ-

2089 1993 2187 2046 την
2236 1977 2334 2029 οὐκ
2383 1975 2596 2044 ἔχοντα,
2624 1972 2919 2043 γυμνώσας
2967 1975 3065 2042 τῆς
3113 1974 3355 2041 χάριτος,
3400 1973 3474 2042 τῷ
3506 1973 3660 2040 ζόφῳ

2091 2070 2403 2142 παραδώσει
2437 2069 2830 2138 πεπεδημένον.
2868 2067 2978 2120 Καὶ
3014 2069 3111 2130 τὰς
3143 2068 3443 2137 παρθένους
3475 2068 3529 2119 δὲ
3560 2068 3659 2128 τὰς

2091 2162 2296 2234 ἀρκοῦν
2327 2163 2424 2214 οὐκ
2454 2160 2746 2230 ἐσχηκυίας
2787 2160 2847 2212 τὸ
2886 2159 3065 2211 ἔλαιον
3099 2158 3203 2223 ἔξω
3247 2157 3341 2210 τοῦ
3371 2158 3661 2226 νυμφῶνος

2091 2256 2350 2309 κατέλιπε
2377 2255 2445 2318 ⁷⁸,
2482 2255 2578 2306 καὶ
2624 2252 2795 2305 ταῦτα
2836 2250 3136 2321 παρθένους
3178 2248 3378 2302 καλῶν.
3412 2251 3520 2302 Καὶ
3568 2249 3660 2300 τὸν

2091 2346 2293 2415 ἐσθῆτα
2318 2344 2784 2414 περιϐεϐλημένον
2819 2343 2914 2410 ούχ
2949 2341 3322 2411 ἁρμόττουσαν
3353 2341 3515 2409 γάμῳ
3550 2339 3659 2391 τῶν

2090 2435 2426 2505 δαιτυμόνων
2451 2433 2704 2504 ἐχώρισε,
2740 2435 2834 2487 καὶ
2862 2435 2958 2504 τῆς
2987 2433 3218 2502 εὐωχίας
3246 2431 3473 2502 ἐξήλασε
3493 2449 3506 2461 ·
3541 2431 3660 2484 καί-

2090 2540 2173 2575 τοι
2205 2521 2426 2593 κληθεὶς
2456 2522 2498 2554 ⁷⁸
2540 2523 2904 2591 εἰσελήλυθεν,
2941 2521 3055 2574 ἀλλ’
3088 2522 3188 2572 οὐκ
3216 2522 3518 2590 αὐτόματος
3549 2522 3659 2572 είσ-

2092 2615 2398 2685 επήδησεν⁸
2436 2612 2551 2667 ἀλλ’
2595 2615 2780 2685 ἐπειδὴ
2809 2614 2897 2666 διὰ
2937 2614 3102 2683 μόνην
3131 2613 3225 2683 τὴν
3271 2613 3361 2664 τοῦ
3416 2613 3647 2682 νυμφίου

2093 2705 2402 2774 φιλοτιμίαν
2430 2703 2746 2765 ἀπολαύσας
2781 2706 2878 2773 τῆς
2909 2703 3152 2774 κλήσεως
3182 2704 3280 2755 οὐκ
3325 2703 3523 2772 ἦμειψε
3556 2704 3653 2772 τὴν

2095 2797 2306 2866 στολὴν,
2342 2797 2542 2849 ἔπαθεν
2591 2797 2734 2866 ἅπερ
2769 2796 2960 2850 ἔπαθε.
3011 2795 3109 2847 Διὰ
3138 2795 3292 2848 τοῦτο
3320 2796 3413 2846 καὶ
3463 2797 3490 2846 ό
3519 2795 3657 2858 θεῖος

2105 2888 2423 2948 Ἀπόστολος
2453 2887 2693 2957 κέκραγε
2727 2887 2900 2954 λέγων
2921 2901 2933 2914 ·
2968 2904 2985 2936 ι
3007 2886 3308 2948 Ἑκουσίως
3337 2887 3444 2955 γὰρ
3483 2887 3659 2955 ἁμαρο

2096 2976 2360 3028 τανόντων
2393 2979 2424 3045 ἡ
2437 2975 2550 3045 μῶν
2585 2976 2721 3045 μετά
2758 2975 2818 3028 τὸ
2867 2975 3052 3029 λαϐεῖν
3085 2976 3182 3045 τὴν
3232 2975 3523 3043 ἐπίγνωσιν
3561 2977 3658 3044 τῆς

2099 3065 2247 3128 θείας
2276 3067 2480 3136 δωρεᾶς
2503 3067 2568 3132 ⁷⁷,
2608 3067 2790 3122 οὐκέτι
2823 3068 2951 3136 περὶ
3000 3067 3270 3136 ἁμαρτίας
3307 3066 3658 3118 ἀπολείπεται

2097 3155 2275 3220 θυσία,
2313 3156 2521 3228 φούερὰ
2576 3156 2632 3208 δέ
2687 3174 2770 3219 τις
2813 3156 3005 3226 ἐκδοχὴ
3055 3157 3306 3224 κρίσεως,
3352 3157 3445 3208 καὶ
3496 3155 3660 3225 πυρὸς

2097 3247 2256 3317 ζῆλος
2293 3248 2489 3300 ἐσθίειν
2531 3247 2739 3317 μέλλων
2778 3248 2822 3280 ’⁷⁸
2861 3249 2988 3309 τοὺς
3042 3247 3417 3309 ὑπεναντίους.
3466 3267 3483 3298 ι
3533 3245 3660 3298 Εἶτα

2098 3338 2162 3390 ἐκ
2192 3334 2632 3407 παραδείγματος
2657 3334 2804 3387 τόνδε
2841 3332 3096 3403 κρατύνει
3129 3333 3221 3386 τὸν
3251 3331 3406 3400 λόγον
3425 3348 3439 3362 ο
3471 3352 3487 3382 ι
3513 3331 3662 3383 Ἀθε-

2098 3430 2271 3498 τήσας
2317 3447 2400 3491 τις
2453 3428 2615 3497 νόμον
2675 3426 2956 3488 Μωῦσέως
3010 3425 3178 3494 χωρὶς
3222 3425 3519 3493 οἰκτιρμῶν
3573 3423 3664 3474 ἐπὶ

2099 3522 2250 3574 δυσὶν
2283 3520 2314 3589 ἦ
2348 3520 2496 3588 τρισὶ
2550 3519 2814 3591 μάρτυσιν
2862 3518 3216 3589 ἀποθνήσκει.
3269 3517 3426 3585 Πόσῳ
3460 3516 3665 3567 δοκεῖτε

2100 3610 2342 3681 χείρονος
2371 3608 2734 3678 ἀξιωθήσεται
2760 3608 3028 3679 τιμωρίας
3058 3611 3085 3661 ὁ
3115 3607 3203 3661 τὸν
3249 3607 3374 3659 Υἱὸν
3401 3605 3495 3658 τοῦ
3531 3603 3666 3657 Θεοῦ

2101 3702 2512 3768 καταπατήσας,
2544 3700 2638 3751 καὶ
2665 3700 2724 3750 τδ
2753 3693 2890 3767 αἷμα
2915 3699 3012 3769 τῆς
3041 3698 3303 3767 διαθήκης
3325 3696 3501 3749 κοινὸν
3526 3696 3668 3764 ἡγη-

430 3803 688 3869 σάμενος,
715 3805 772 3856 ὲν
796 3797 838 3871 ᾧ
864 3800 1122 3870 ἡγιάσθη,
1161 3800 1253 3854 καὶ
1289 3799 1347 3852 τὸ
1393 3797 1616 3868 Πνεῦμα
1643 3799 1740 3866 τῆς
1769 3797 1990 3868 χάριτος
2029 3795 2347 3866 ἐνυϐρίσαςς
2413 3793 2649 3862 Οἴδαμεν
2684 3791 2792 3862 γὰρ
2858 3792 2946 3844 τὸν
2983 3792 3233 3844 εἰπόντα·
3272 3791 3423 3860 Ἐμοὶ
3454 3789 3671 3857 ἐκδίκη-

431 3910 533 3955 σις,
609 3891 718 3960 ἐγὼ
777 3889 1173 3953 ἀνταποδώσω,
1213 3890 1360 3956 λέγει
1411 3889 1634 3960 Κύριος.
1661 3909 1679 3942 ι
1705 3888 1817 3941 Καὶ
1853 3886 2047 3940 πάλιν’
2095 3884 2197 3956 [ὅτι
2221 3883 2313 3955 79],
2348 3903 2366 3934 ι
2403 3884 2594 3952 Κρινεῖ
2615 3882 2815 3954 Κύριος
2835 3883 2925 3937 τὸν
2947 3883 3071 3938 λαὸν
3109 3883 3292 3936 αὑτοῦ.
3339 3901 3354 3932 ι
3383 3877 3517 3934 Εἶτα
3543 3881 3671 3942 τοὺς

433 3982 680 4052 ῥᾳστώνη
705 3981 974 4044 ξνζῶντας
996 3979 1366 4037 δεδίττεταί,τε
1396 3979 1486 4032 καί
1518 3995 1682 4048 φησι·
1747 3975 2019 4044 «Φοϐερὺν
2056 3973 2117 4026 τὸ
2157 3974 2415 4042 ἐμπεσεῖν
2464 3974 2542 4033 είς
2600 3974 2787 4042 χεῖρας
2837 3970 2970 4023 Θεοῦ
3045 3969 3193 4041 [168]
3235 3970 3455 4033 ζῶντος.
3493 3989 3511 4020 ι
3558 3969 3673 4020 Καὶ

431 4073 656 4143 ἑτέρωθι
711 4072 836 4142 βοᾷ*
883 4089 901 4122 ι
940 4069 1349 4142 Πάντες.[γὰρ1
1410 4068 1878 4140 παραστησόμεθα
1919 4065 1998 4136 τῷ
2038 4067 2241 4136 βήματι
2269 4062 2365 4115 τοῦ
2413 4062 2670 4134 Χριστοῦ,
2705 4063 2790 4115 ἵνα
2855 4061 3148 4131 κομίσηται
3204 4060 3434 4122 ἕκαστος
3470 4059 3541 4112 τὰ
3579 4059 3670 4113 διὰ

430 4167 523 4223 τοῦ
578 4167 830 4236 σώματος
897 4167 1032 4237 πρὸς
1083 4166 1117 4219 ἃ
1169 4165 1429 4235 ἔπραξεν,
1476 4165 1587 4216 εἴτε
1636 4162 1874 4231 ἀγαθὸν,
1921 4163 2031 4214 εἴτε
2070 4159 2260 4214 κακόν.
2295 4178 2313 4211 ι

501 4258 752 4327 lndigere
791 4256 973 4325 itaque
1006 4257 1288 4310 scientiam
1318 4255 1557 4324 practica
1591 4254 1818 4318 virtute,
1861 4253 1996 4310 satis

433 4350 570 4414 lucc,
595 4349 808 4418 Opinor,
832 4355 1063 4417 possunt
1084 4345 1397 4403 ostendere.
1413 4344 1519 4398 Sed
1541 4345 1827 4399 videamus
1849 4343 2001 4414 quid

2179 4251 2296 4303 Ὀτι
2327 4249 2424 4318 μὲν
2452 4243 2543 4302 οῦν
2575 4249 2742 4301 δεῖται
2775 4250 2807 4318 ἡ
2839 4247 3040 4315 γνῶσις
3066 4247 3163 4318 τῆς
3195 4246 3502 4319 πρακτικῆς
3541 4248 3676 4316 ἀρε-ο

2108 4343 2206 4412 τῆς
2228 4340 2386 4393 ἱκανὰ
2413 4341 2507 4392 καὶ
2551 4339 2726 4393 ταῦτα
2750 4339 2795 4370 ⁸⁰
2836 4339 3071 4410 δηλῶσαι
3095 4354 3109 4368 ο
3153 4338 3354 4408 ἴδωμεν
3384 4337 3440 4390 δὲ
3473 4338 3593 4390 τίνα
3625 4335 3674 4370 ⁸⁸

435 4442 503 4496 de
557 4442 641 4496 his
677 4455 894 4510 quoque
934 4438 1101 4492 rebus
1147 4437 1420 4492 senserint
1464 4436 1775 4492 Griecorum
1821 4434 1990 4504 philo-

2111 4431 2202 4483 καὶ
2231 4429 2394 4484 τῶνδε
2439 4428 2567 4500 πέρι
2604 4432 2718 4492 τοῖς
2768 4428 2921 4501 [τῶν]
2968 4427 3239 4498 Ἑλλήνων
3284 4427 3425 4490 ἔδοξε
3461 4427 3678 4495 φιλοσό-

435 4534 615 4603 sophi.
659 4531 1006 4586 Inveniemus
1049 4530 1194 4585 enim
1230 4530 1532 4591 Platonem,
1579 4528 1825 4594 aliosque
1867 4540 2005 4578 non-

433 4627 635 4689 nullos,
663 4625 752 4694 qui
784 4625 902 4693 ejus
927 4622 1329 4691 philosophiam
1354 4621 1547 4675 sectati
1571 4619 1856 4682 sunt,huic
1881 4632 2003 4671 ser-

435 4716 583 4774 moni
607 4713 1032 4769 consentientes.
1055 4711 1104 4766 Is
1137 4711 1283 4766 enim
1319 4711 1374 4764 in
1399 4709 1620 4780 Legibus
1647 4709 1726 4762 sic
1758 4707 2003 4776 loquitur

438 4806 513 4876 (p.
543 4804 644 4859 716
667 4803 728 4874 C)
762 4822 773 4857 :
813 4820 830 4852 ι
870 4801 982 4854 Deo
1017 4801 1200 4871 itaque
1228 4810 1441 4873 gratum
1475 4801 1824 4866 amicumque
1856 4799 1874 4816 ‘
1900 4796 2002 4849 ho-

504 4966 533 4995 ν
563 4958 752 5012 Matth.
784 4973 886 5022 vn,
916 4957 1005 5009 21.

438 5028 467 5076 1)
499 5026 633 5088 ibid.
665 5043 754 5094 xx,
806 5027 866 5081 Η
903 5042 1055 5096 seqq.

1117 4964 1142 4993 κ
1174 4955 1362 5008 Matth.
1394 4970 1461 5018 ν,
1495 4953 1580 5008 19.

1151 5037 1171 5063 υ
1207 5024 1371 5077 Hebr.
1405 5039 1459 5084 x,
1490 5023 1578 5074 Ἦ.

1692 4959 1716 4998 .v
1751 4950 1905 5003 Joan.
1964 4963 2088 5012 xw,
2124 4945 2306 5000 15-25.

1671 5019 1696 5057 ἀ
1733 5019 1865 5071 ibid.
1897 5018 2082 5071 28-50.

2107 4538 2244 4590 φοις.
2297 4520 2568 4590 Ὀψόμεθα
2611 4521 2718 4590 γάρ
2751 4537 2831 4572 τοι
2865 4520 2955 4572 τὸν
2985 4519 3246 4572 Πλάτωνα
3273 4517 3367 4570 καί
3397 4534 3548 4578 τινας
3582 4516 3678 4570 ἆλ-

2103 4613 2247 4674 λους,
2280 4611 2378 4681 τὴν
2426 4611 2616 4664 τούτου
2663 4611 2708 4642 ⁸’
2757 4609 3072 4678 φιλοσοφίαν
3124 4607 3484 4677 ἐζηλωκότας,
3539 4605 3678 4674 τῷδε

2108 4703 2526 4774 ξυμφωνοῦντας
2566 4700 2643 4771 τῷ
2671 4701 2841 4771 λόγιιν
2877 4703 2968 4753 καὶ
3025 4700 3133 4769 γὰρ
3185 4701 3242 4751 ἐν
3295 4701 3405 4760 τοῖς
3460 4698 3680 4765 Νόμοις

2105 4793 2246 4847 οὓτω
2277 4794 2324 4825 ⁸³
2355 4794 2522 4861 φησί·
2557 4811 2576 4841 ι
2619 4791 2720 4843 Τὸν
2758 4787 2850 4843 οὖν
2881 4791 2958 4860 τῷ
2999 4789 3116 4860 Θεῷ
3151 4789 3419 4858 προσφιλῆ
3454 4786 3682 4855 γενόμε-

2421 4954 2442 4980 1
2477 4943 2665 4997 Matth.
2701 4959 2803 4996 xxv
2826 4983 2840 5006 ,
2874 4944 2941 4997 14
2969 4957 3120 5011 seqq.
3225 4953 3250 4980 ι
3283 4941 3419 4994 ibid.
3448 4939 3486 5011 ι
3509 4953 3667 5008 seqq.

2193 5027 2215 5053 ε
2247 5013 2382 5068 ibid.
2413 5013 2502 5067 21.
2618 5012 2633 5052 ῐ
2668 5013 2711 5066 ιι
2741 5012 2866 5067 Cor.
2899 5030 2951 5078 ν,
2986 5009 3098 5078 1οξ
3117 5011 3242 5065 coll.
3279 5027 3394 5074 xlv,
3434 5009 3517 5062 1θ.

1796 5188 2025 5244 νΑιιιλΕ
2057 5187 2348 5243 LECTION
2357 5188 2456 5242 ES.

515 5348 561 5380 ’θ
600 5347 740 5416 μέλι.
772 5345 816 5399 Ι)
850 5342 1002 5416 addit
1035 5340 1147 5416 ΔκαὶΪ
1187 5338 1394 5416 κηρίον.

443 5416 720 5487 πληρώσει
739 5416 844 5487 Va.

446 5484 586 5542 λιπέ.
620 5486 902 5538 κατέλειπε
934 5484 994 5537 1).

448 5552 688 5623 δωρεᾶς..
725 5555 979 5623 ἀληθείας
1011 5551 1073 5623 Ι),

451 5621 640 5703 bicun‘a
650 5660 661 5671 .

450 5687 551 5746 ὦδε
580 5687 640 5741 D.

1597 5406 1607 5418 C

1185 5548 1228 5579 τε
1270 5548 1493 5617 μέλλων.

1471 5335 1510 5364 τι
1549 5331 1841 5403 ἐχθραίνει,
1890 5328 2265 5400 εἰσεχθραίνει.
2332 5324 2944 5403 ’τίτούτωνθεόςηθεὸς
2977 5325 3177 5378 τούτων
3207 5325 3268 5403 D.

770 5602 1160 5675 έδ.
1201 5602 1294 5671 καλ
1314 5633 1423 5671 om.
1455 5616 1515 5668 D.
1549 5602 1560 5612 ’
1593 5614 1634 5642 ⁸¹
1671 5602 1820 5664 τινα(
1843 5609 1933 5661 καί
1963 5602 2082 5659 τινα
2108 5602 2244 5668 Βίοι
2273 5618 2382 5656 om.
2417 5602 2592 5676 [τῶνο]

3361 5329 3403 5356 ⁷³
3431 5325 3685 5393 τηρήσει.

1451 5405 1549 5465 τὰς
1580 5386 1855 5472 ’ἐργασίας
1892 5386 2232 5481 D,q't‘1i"mox
2279 5386 2435 5474 addit
2472 5394 2568 5474 τῂν
2595 5386 2897 5481 ’ἐργασίανῖ
2922 5386 3046 5480 post
3089 5395 3407 5480 γυμνώσας.
3442 5386 3686 5481 ξξῆκατέ-

1107 5464 1415 5548 ⁷⁶’›ξληθεί;.
1445 5475 1487 5529 1)
1523 5464 1682 5528 αᾱάἶί
1723 5473 1816 5523 καὶ
1848 5473 1944 5548 09x
1977 5464 2298 5548 αύτόμξτος,
2329 5464 2547 5548 omissis
2593 5464 2732 5518 infra
2786 5464 3026 5548 duloﬁx
3055 5465 3180 5518 αὐτ.
3224 5467 3326 5548 εἰσἶ

1549 5544 1828 5612 μέλλοντος
1859 5539 1918 5593 [),
1997 5539 2038 5567 ⁷³
2068 5533 2193 5612 [63:]
2225 5549 2332 5586 om.
2374 5535 2436 5612 Dl,
2469 5541 2524 5612 et
2566 5550 2862 5612 mox__om._
2889 5533 3178 5612 δεδίττεται
3209 5535 3510 5612 -λζῶντιςξς
3548 5547 3681 5612 cum

3442 5463 3484 5492 ’⁷⁷
3512 5460 3684 5529 Θείας,

2700 5605 2744 5635 ⁸³
2777 5604 2984 5658 τούτου.
3020 5604 3222 5657 τούτων
3258 5604 3350 5659 Va.
3441 5603 3488 5634 ⁸³
3515 5601 3680 5659 οὕτω.
