3974 6196
385 210 520 280 119.9

909 211 1340 275 GRAECARUM
1377 212 1680 275 AFFECT.
1719 209 2280 272 CURATIO.—XII.
2317 212 2414 273 DE
2452 212 2787 296 VIBTUTE
2821 215 3110 279 ACTIVA.

3479 221 3617 292 1130

381 349 470 384 νον
488 330 561 398 ⁸⁵,
591 329 670 393 είς
699 328 925 398 δύναμιν
963 329 1044 382 ὅτι
1089 328 1327 397 μάλιστα
1353 328 1449 383 καὶ
1478 327 1668 381 ἑαυτὸν
1707 327 1933 381 τοιοῦτοι

2047 326 2274 395 minem,
2308 343 2535 384 necesse
2557 336 2641 384 est
2662 343 2828 400 quam
2854 336 3022 400 queat
3045 327 3279 385 maxime
3304 332 3469 389 talem
3491 349 3620 394 eva-

380 425 676 492 άναγκαϊον
701 419 977 488 γίγνεᾶθαι
997 437 1009 450 ·
1034 421 1130 472 καὶ
1158 421 1298 473 κατὰ
1325 419 1514 472 τοῦτον
1540 419 1630 472 τὸν
1658 418 1812 486 λόγον
1846 417 1892 449 ⁸⁸
1917 419 1945 471 ὁ

369 514 486 584 μὲν
511 511 737 583 σώφρων
767 510 944 580 ἡμῶν,
984 510 1102 581 Θεῷ
1123 511 1276 579 φίλος
1298 527 1311 541 °
1343 511 1526 582 ὅμοιος
1565 510 1670 580 γάρ
1694 526 1706 540 ’
1729 513 1759 563 ὀ
1782 509 1839 564 δὲ
1870 509 1945 581 μὴ

380 603 635 673 σώφρων,
669 600 924 668 ἀνόμοιός
953 617 1012 654 τε
1037 601 1131 654 καὶ
1153 601 1405 672 διάφορος
1433 601 1501 654 ⁸⁸.
1538 621 1556 653 ι
1589 599 1752 654 Οὐδὲν
1769 600 1946 655 τοίνυν

379 695 588 749 ἀλλοῖον
634 692 754 745 οὐδὲ
787 684 942 755 οὗτος
985 693 1206 764 εἴρηκεν
1231 732 1246 758 ,
1292 691 1428 746 ἀλλὰ
1463 691 1810 762 ξυνομολογεῖ
1850 691 1946 744 καὶ

378 784 561 847 αὐτὸς,
590 783 665 846 ώς
691 782 936 848 δυνατὸν,
975 784 1032 836 ὲν
1067 786 1188 846 ταῖς
1232 783 1360 856 περι⁵
1390 781 1632 852 τάγαθοῦ
1675 780 1945 837 διαθέσεσι

375 874 472 926 τὸν
500 873 835 942 πεποιηκότα
855 873 1137 943 μιμεῖσθαι
1157 872 1307 927 Θεόν.
1338 873 1602 929 Ἐνταῦθα
1632 875 1812 944 μέντοι
1827 873 1944 929 σώ-

375 979 572 1032 φρονα
596 963 656 1016 οὗ
680 962 787 1016 τῶν
806 963 850 996 ⁸⁷
881 962 1084 1033 ἡδονῶν
1111 964 1336 1019 ἐκάλεσε
1367 964 1670 1035 κρείττονα,
1698 964 1834 1018 άλλά
1857 965 1946 1017 τὸν

377 1056 515 1108 σῶον
549 1055 644 1108 καὶ
673 1054 858 1126 ἄρτιον
890 1054 949 1108 τὸ
987 1054 1202 1123 λογικὸν
1236 1053 1597 1109 διασώσαντα.
1646 1055 1944 1127 Παραπλή-

377 1161 468 1201 σια
495 1147 552 1200 δὲ
600 1147 704 1201 κάν
751 1145 831 1216 τῷ
881 1147 1175 1215 Θεαιτήτῳ
1205 1146 1584 1217 ξυγγέγραφεν
1604 1161 1616 1175 ·
1669 1145 1771 1217 ἔφη
1800 1147 1907 1219 γάρ
1927 1162 1940 1176 °

379 1255 400 1289 ι
437 1237 580 1291 Ἀλλ’
610 1236 734 1290 οὔτε
760 1235 1096 1290 ἀπόλλυσθαι
1125 1238 1194 1291 τὰ
1223 1238 1370 1291 κακὰ
1392 1237 1639 1302 δυνατὸν,
1661 1231 1706 1292 ὦ
1741 1237 1943 1292 Θεόδω-

375 1345 436 1400 ρε
455 1341 470 1357 '
498 1327 813 1381 ὑπεναντίον
841 1327 950 1397 γάρ
969 1343 1022 1380 τι
1040 1325 1118 1397 τῷ
1142 1327 1332 1398 άγαθῷ
1349 1327 1437 1382 ἀεὶ
1463 1327 1508 1362 ⁸⁸
1537 1324 1678 1382 εἶναι
1704 1328 1938 1398 ἀνάγκηο

371 1416 496 1471 οὔτε
533 1419 592 1469 ὲν
623 1416 766 1480 θεοῖς
796 1417 841 1449 ⁸⁸
864 1416 1004 1471 αὐτὰ
1037 1415 1305 1488 ίδρύσθαι,
1328 1417 1428 1488 τὴν
1458 1416 1517 1471 δὲ
1550 1416 1750 1489 θνητὴν
1779 1418 1941 1486 φύσιν

371 1510 466 1562 καὶ
489 1508 636 1562 τόνδε
675 1508 766 1562 τὸν
784 1507 950 1561 τόπον
974 1507 1258 1579 περιπολεῖ
1283 1508 1330 1541 ⁸ο
1356 1507 1417 1573 ἐξ
1439 1508 1686 1579 ἀνάγκης
1707 1525 1719 1537 ⁸
1745 1509 1824 1562 διδ
1848 1511 1942 1563 καὶ

373 1597 666 1670 πειρᾶσθαι
689 1598 795 1669 χρὴ
831 1596 1044 1651 ἐνθένδε
1095 1598 1274 1650 ἐκεῖσε
1326 1597 1553 1665 φεύγειν
1572 1598 1654 1651 ὅτι
1690 1595 1937 1666 τάχιστα.

369 1669 521 1758 Φυγὴ
555 1688 634 1753 δὲ,
663 1686 922 1756 ὁμοίωσις
954 1685 1075 1756 Θεῷ
1105 1685 1248 1740 κατὰ
1279 1686 1339 1738 τὸ
1369 1685 1618 1739 δυνατόν.
1654 1685 1940 1755 Ὀμοίωσις
1970 1669 2014 1728 Β

369 1777 449 1840 δὲ,
482 1777 688 1829 δίκαιον
719 1777 812 1828 καὶ
857 1777 1003 1830 ὅσιον
1057 1775 1196 1845 μετὰ
1242 1775 1554 1844 φρονήσεως
1599 1773 1872 1842 γενέσθαι.
1917 1793 1934 1826 ι

367 1868 533 1922 Μάλα
559 1867 615 1920 δὲ
637 1867 728 1920 καὶ
753 1867 935 1936 σαφῶς
961 1866 1006 1899 ’ί
1030 1865 1127 1919 καὶ
1167 1863 1345 1934 σοφῶς
1381 1867 1438 1918 ὲν
1480 1863 1689 1928 τούτοις
1727 1865 1818 1918 τὸν
1844 1865 1940 1936 τῆς

369 1958 658 2028 μιμήσεως
683 1957 1032 2022 ὲξεπαίδευσε
1054 1958 1274 2027 τρόπον.
1307 1956 1530 2028 Πρῶτον
1571 1956 1668 2027 μὲν
1697 1955 1804 2026 γὰρ
1843 1974 1940 2026 φυ-

367 2051 486 2116 γεῖν
515 2047 582 2100 τά
615 2048 743 2118 τῇδε
783 2048 1093 2111 ὲκέλεῦσεν,
1144 2049 1243 2102 οὐκ
1293 2047 1399 2112 ἔξω
1425 2049 1526 2118 τῆς
1549 2049 1651 2119 γῆς
1689 2048 1940 2119 γιγνόμε-

367 2153 456 2190 νον
481 2138 550 2202 ⁸³,
575 2138 709 2191 ἀλλὰ
731 2138 838 2191 τῶν
863 2138 1160 2209 περιγείων
1181 2138 1438 2193 ἁπάντων
1466 2140 1514 2171 ³³
1533 2138 1936 2209 ἀπαλλαττόμε-

366 2243 455 2280 νον
471 2244 484 2257 ·
511 2227 668 2280 τοῦτο
692 2229 802 2299 γάρ
828 2228 1128 2300 δεδήλωκεν
1158 2228 1264 2300 [ἐν]
1289 2223 1369 2292 οἷς
1393 2229 1661 2298 ἐπήγαγε.
1714 2247 1732 2280 ι
1759 2229 1938 2300 Φυγὴν

364 2320 472 2390 γὰρ
490 2356 506 2382 ,
547 2321 740 2390 φησιν,
782 2320 1013 2374 ἐκάλεσα
1041 2321 1140 2390 τὴν
1168 2319 1306 2389 πρὸς
1327 2318 1388 2370 τὸ
1412 2318 1567 2372 Θεῖον
1595 2318 1876 2390 ὁμοίωσιν.
1912 2340 1931 2372 ι

376 2408 714 2474 ’Δξιέπαινος
740 2409 795 2462 δὲ
813 2409 906 2464 καὶ
930 2411 962 2480 η
983 2409 1266 2484 προσθήκη
1293 2424 1306 2438 ·
1331 2408 1392 2462 οὐ
1416 2408 1524 2480 γὰρ
1547 2409 1732 2474 ἁπλῶς
1749 2412 1938 2482 ὀμοιω⁴

366 2499 524 2570 θῆναι
548 2500 988 2569 νενομοθέτηκεν,
1006 2501 1119 2553 ἀλλ’
1140 2501 1215 2563 ὼς
1231 2501 1538 2571 ἀνθρώποις
1555 2500 1672 2554 ἐστὶ
1687 2500 1932 2557 δυνατόν.

272 2579 278 2584 ’
366 2586 501 2643 Εἶτα
531 2591 593 2643 τὸ
619 2590 717 2659 τῆς
744 2590 1052 2660 ὁμοιώσεως
1081 2591 1352 2658 ἐπέδειξεν
1374 2586 1533 2655 εἶδος.
1575 2611 1605 2662 «ἡ
1643 2589 1936 2662 Ὀμοίωσιν

365 2680 501 2748 γάρ,
539 2679 709 2749 φησὶ,
760 2681 1198 2749 προσηγόρευσα,
1248 2681 1310 2734 τὸ
1337 2683 1482 2736 ὅσιον
1509 2685 1605 2737 καὶ
1653 2686 1857 2738 δίκαιον
1889 2685 1935 2719 θδ

363 2767 618 2835 γενέσθαι
649 2767 787 2837 μετὰ
815 2769 1146 2836 φρονήσεως.
1185 2787 1203 2819 ι
1232 2770 1342 2822 Καὶ
1369 2770 1506 2841 αὕτη
1531 2771 1588 2824 δὲ
1611 2771 1935 2840 άξιάγαστος

362 2861 397 2930 ἠ
429 2858 736 2929 προσθήκη.
761 2858 882 2911 Εἰσὶ
901 2857 1134 2931 γὰρ[δή]
1152 2876 1294 2924 τινες
1331 2860 1591 2933 πλείστην
1620 2863 1719 2932 μὲν
1751 2862 1844 2916 τοῦ
1861 2849 1936 2918 δι-

363 2948 520 3002 καίου
542 2947 798 3019 φροντίδα
825 2947 1151 3016 ποιούμενοι,
1183 2949 1460 3018 σκαιότητι
1491 2949 1550 3003 δὲ
1573 2951 1650 3020 τῷ
1678 2951 1771 3004 τοῦ
1805 2970 1934 3007 κατ-

361 3025 676 3108 ορθώματος
702 3036 1084 3106 λυμαινόμενοι
1101 3037 1301 3092 κάλλει.
1332 3038 1467 3092 Ἔπε
1477 3057 1561 3094 ιτα
1581 3040 1626 3072 ’⁸
1647 3040 1736 3094 διά
1753 3042 1932 3096 1:15:6-

357 3146 471 3181 νων
494 3129 551 3180 ἑν
581 3127 727 3197 αὐτῴ
755 3143 818 3194 γε
845 3125 922 3196 τῷ
946 3125 1188 3200 διαλόγῳ.
1220 3127 1319 3199 τὴν
1351 3129 1666 3202 τελειότητα
1691 3133 1931 3186 διδάσκει

361 3223 458 3290 τῆς
488 3219 706 3290 ἀρετῆς,
727 3212 828 3271 ὧδέ
861 3235 937 3287 πη
968 3219 1227 3290 γράφωντο
1263 3236 1282 3270 ι
1310 3219 1574 3289 Λέγωμεν
1589 3220 1654 3290 δὴ
1678 3223 1933 3291 περὶτῶν

362 3311 693 3380 κορυφαίων.
723 3309 786 3362 Τί
814 3309 923 3379 γὰρ
946 3310 1011 3362 ἄν
1039 3325 1118 3372 τις
1133 3310 1260 3373 τοὺς
1278 3309 1608 3382 παρανόμως
1632 3313 1689 3366 ὲν
1723 3311 1932 3382 φιλοσο-

361 3399 460 3468 φίᾳ
488 3398 855 3469 διατρίόοντας
880 3397 1060 3465 λέγοις
1092 3393 1319 3452 Οὗτοιδέ
1352 3416 1455 3454 που
1486 3397 1608 3454 οὕτε
1627 3403 1706 3465 εις
1725 3404 1931 3475 ἀγορὰν

360 3491 505 3544 ἴσασι
534 3491 630 3558 τὴν
646 3489 782 3554 ὁδὸν,
795 3488 918 3542 οὔτε
940 3491 1073 3542 ὅπου
1090 3487 1454 3562 δικαστήριον,
1470 3491 1502 3562 ἢ
1521 3489 1925 3567 βουλευτήριον,

357 3583 392 3652 ἡ
418 3597 472 3632 τι
496 3579 670 3634 κοινὸν
704 3580 832 3633 ἄλλο
853 3580 952 3649 τῆς
981 3579 1185 3642 πόλεως
1205 3579 1471 3653 ξυνέδριον
1489 3598 1504 3613 ·
1539 3583 1734 3654 νόμους
1757 3584 1812 3638 δὲ
1837 3586 1930 3640 καὶ

357 3670 682 3741 ψηφίσματα
705 3669 974 3740 λεγόμενα
997 3669 1029 3740 ἢ
1065 3671 1384 3742 γραφόμενα
1415 3671 1540 3728 οὔτε
1562 3675 1781 3746 ὁρῶσιν,
1803 3676 1927 3732 οὔτε

357 3761 647 3814 ἀκούουσιν
668 3774 682 3789 ·
711 3761 938 3814 σπουδαὶ
959 3761 1016 3815 δὲ
1035 3762 1317 3834 ἑταιρειῶν
1337 3765 1424 3818 ἐπ’
1452 3767 1649 3838 ἀρχάς,
1681 3770 1775 3823 καὶ
1804 3768 1926 3835 ξύν-

355 3851 482 3918 οδοι,
509 3851 606 3904 καὶ
635 3849 848 3915 δεῖπνα,
884 3849 983 3903 καὶ
1023 3851 1072 3902 οἱ
1107 3848 1150 3922 [ί
1165 3851 1255 3924 69]
1294 3851 1386 3916 ξὺν
1406 3854 1692 3926 αὐλητρίσι
1736 3855 1782 3890 ’⁸
1818 3857 1928 3911 κῶ-

359 3960 470 4012 μοι,
496 3941 616 3997 οὐδὲ
644 3942 774 4013 δναρ
808 3943 1070 4012 πράττειν
1098 3944 1451 4015 προσίσταται
1483 3947 1530 3979 ⁹⁷
1559 3947 1740 4012 αὐτοῖς
1763 3965 1776 3978 ο
1805 3949 1924 4005 οὐδὲ

356 4039 403 4088 ει
426 4034 667 4100 κακός.⁹⁸
700 4051 783 4099 τις
821 4035 1044 4103 γέγονεν
1082 4037 1142 4090 ἐν
1181 4037 1354 4102 πόλει,
1403 4039 1436 4109 ἦ
1467 4039 1520 4093 τί
1564 4057 1644 4111 τῳ
1678 4041 1722 4074 ⁸³
1755 4043 1924 4098 κακόν

353 4128 502 4179 ἐστιν
533 4127 597 4178 ὲκ
619 4126 898 4200 προγόνων
921 4126 1140 4196 γεγονὸς
1173 4128 1306 4200 πρὸς
1329 4129 1538 4203 ἀνδρῶν
1561 4133 1594 4204 ἢ
1623 4134 1918 4201 γυναικῶν,

356 4218 553 4285 μᾶλλον
568 4217 727 4272 αὑτὸν
742 4217 966 4289 λέληθεν
981 4219 1014 4291 ἢ
1035 4221 1083 4272 οἱ
1096 4221 1190 4290 τῆς
1208 4219 1472 4294 θαλάττης
1488 4222 1764 4294 λεγόμενοι
1775 4226 1916 4296 χόες.

2047 417 2180 474 dere
2212 419 2392 488 qualis
2421 419 2494 474 sit
2522 419 2669 476 Deus
2695 439 2711 498 _:
2741 421 2955 491 hacque
2992 420 3340 490 potissimum
3379 425 3614 493 ratione.

2047 508 2300 578 quisquis
2331 521 2580 566 nOStrum
2622 510 2763 582 frugi
2807 512 2974 568 homo
3032 519 3476 584 temperatusque
3509 523 3616 584 est,

2045 599 2158 654 Deo
2181 609 2267 655 est
2297 601 2497 658 charus
2525 619 2537 655 :
2563 603 2761 658 similis
2792 603 2939 658 enim
2971 602 3050 658 illi
3080 613 3182 660 est.
3218 601 3322 672 Qui
3348 619 3481 660 vero
3506 623 3617 662 non

2045 699 2130 744 est
2160 697 2518 759 temperatus,
2554 689 2823 747 absimilis
2866 703 2922 748 et
2952 693 3214 750 ditl'erens
3246 695 3406 764 plane
3443 704 3546 750 est.
3588 714 3608 750 ι

2049 779 2260 850 1017
2290 782 2436 836 Nihil
2458 799 2588 854 ergo
2638 784 2879 838 alienum
2923 785 3014 840 hic
3033 799 3251 855 quoque
3292 784 3472 838 dixit:
3507 785 3617 841 imo

2044 870 2248 926 fatetur
2266 879 2321 928 et
2343 873 2460 942 ipse
2504 888 2666 944 posse
2685 890 2788 929 nos
2808 875 2864 929 in
2883 873 3043 930 bonis
3063 874 3448 930 affectionibus
3463 888 3616 929 crea-

2043 968 2217 1016 torem
2252 961 2426 1016 Deum
2458 963 2682 1018 imitari.
2711 963 3077 1036 Temperatum
3103 972 3286 1018 autem
3320 963 3616 1034 appellavit

2044 1052 2150 1108 hoc
2174 1053 2316 1119 loco,
2347 1070 2458 1110 non
2485 1070 2611 1111 eum
2645 1056 2740 1126 qui
2771 1057 3151 1128 voluptatibus
3183 1056 3526 1127 superiorem
3552 1070 3613 1110 se

2041 1140 2304 1210 praebeat,
2337 1143 2433 1198 sed
2467 1145 2561 1214 qui
2586 1145 2912 1201 rationalem
2947 1148 3141 1202 animae
3168 1156 3382 1217 partem
3407 1145 3612 1201 salvam

2043 1238 2207 1302 atque
2252 1232 2522 1304 integram
2574 1247 2886 1292 conservet.
2939 1237 3154 1304 Quibus
3196 1232 3396 1293 similia
3443 1244 3501 1291 et
3555 1234 3612 1291 in

2044 1321 2297 1379 Theaeteto
2319 1327 2544 1396 scripsit
2574 1328 2650 1398 (p.
2680 1327 2824 1401 I76).
2861 1349 2879 1382 ι
2909 1328 3015 1385 Sed
3038 1329 3292 1396 interire,
3322 1327 3522 1399 inquit,
3549 1343 3612 1384 ac

2041 1415 2180 1480 tolli,
2217 1431 2250 1470 ο
2283 1416 2593 1483 Theodore,
2620 1419 2762 1473 mala
2800 1434 3026 1489 prorsus
3065 1434 3175 1474 non
3210 1427 3443 1489 possunt
3471 1436 3484 1472 :
3510 1434 3611 1474 ne-

2040 1521 2192 1562 cesse
2231 1516 2316 1562 est
2355 1508 2504 1564 enim
2531 1524 2747 1579 semper
2778 1525 2898 1565 esse
2930 1511 3076 1580 quod
3100 1510 3246 1566 bono
3269 1510 3610 1566 contrarium

2040 1596 2133 1652 sit.
2154 1595 2345 1668 Neque
2365 1606 2547 1654 tamen
2571 1599 2627 1654 in
2647 1599 2753 1654 diis
2775 1600 2956 1656 locum
2978 1602 3181 1657 habere
3200 1602 3318 1656 haac
3339 1610 3570 1672 possunt
3593 1619 3606 1655 :

2040 1687 2328 1742 mortalem
2344 1703 2477 1743 vero
2493 1701 2744 1744 naturam
2763 1699 2818 1745 et
2837 1687 3018 1748 locum
3035 1693 3182 1747 hunc
3203 1690 3500 1748 circumire
3520 1692 3612 1747 illa

2041 1792 2269 1834 necesse
2322 1789 2427 1835 est.
2457 1780 2800 1852 Quapropter
2837 1785 3160 1838 tentandum
3188 1794 3273 1840 est
3301 1787 3361 1838 ut
3390 1784 3519 1839 hinc
3544 1799 3611 1840 eo

2041 1885 2208 1940 quam
2252 1871 2505 1928 ocissime
2563 1873 2836 1945 fugiamus
2882 1895 2895 1930 :
2939 1876 3067 1947 fuga
3112 1885 3298 1932 autem
3347 1886 3466 1942 est,
3513 1878 3609 1932 Dei

2041 1967 2307 2030 quantum
2333 1961 2388 2016 in
2416 1961 2576 2018 nobis
2597 1973 2681 2018 est
2710 1965 3032 2022 similitudo.
3062 1966 3381 2023 Similitudo
3403 1976 3608 2034 autem,

2041 2056 2102 2104 ut
2134 2065 2257 2106 cum
2283 2051 2575 2121 prudentia
2605 2055 2779 2110 sancti
2804 2073 2868 2111 ac
2884 2057 3017 2128 justi
3048 2059 3238 2115 simus.
3275 2077 3292 2111 ›
3322 2059 3610 2130 Sapienter

2037 2153 2225 2201 autem
2267 2160 2333 2200 ac
2363 2147 2654 2204 manifeste
2696 2149 2782 2206 his
2807 2151 2993 2207 verbis
3025 2152 3349 2208 imitationis
3383 2154 3608 2208 modum

2038 2233 2284 2290 edocuit.
2310 2236 2559 2294 Primum
2584 2240 2734 2295 enim
2755 2243 3034 2325 mundana
3056 2243 3173 2300 hac
3195 2244 3386 2316 fugere
3401 2245 3565 2316 jussit
3591 2263 3606 2300 :

2038 2337 2148 2405 non
2184 2334 2243 2380 ut
2269 2323 2430 2384 extra
2452 2337 2659 2385 terram
2684 2323 2888 2404 migret
2906 2334 3201 2405 quispiam,
3225 2335 3322 2391 sed
3356 2346 3468 2390 uta
3500 2344 3610 2391 ter-

2037 2404 2309 2470 restribus
2339 2419 2488 2475 curis
2514 2421 2802 2477 liberetur.
2824 2404 2940 2480 Hoc
2964 2404 3110 2480 enim
3140 2441 3239 2496 per
3266 2441 3330 2481 ea
3355 2442 3475 2496 qua:
3508 2423 3608 2481 ad-

2037 2504 2195 2572 didit,
2220 2507 2536 2566 declaravit.
2583 2531 2601 2564 ‹
2628 2512 2834 2587 Fugam
2855 2517 3024 2584 enim,
3055 2519 3256 2588 inquit,
3283 2521 3476 2575 vocavi
3509 2521 3608 2577 hoe

2035 2597 2203 2654 minis
2223 2613 2348 2655 cum
2374 2601 2488 2658 Deo
2511 2603 2954 2663 similitudinem.
2983 2628 3002 2661 ι
3027 2609 3346 2667 Laudabilis
3369 2627 3502 2668 vero
3525 2621 3610 2669 est

2035 2684 2153 2742 hac
2191 2685 2420 2744 additio.
2463 2691 2652 2764 Neque
2675 2695 2825 2750 enim
2853 2700 3114 2769 praecepit
3154 2709 3212 2755 ut
3250 2701 3500 2758 absolute
3535 2704 3608 2760 si-

2036 2774 2195 2832 miles
2211 2775 2324 2833 Deo
2347 2778 2540 2848 simus,
2562 2785 2656 2839 sed
2673 2787 2854 2855 quoad
2875 2788 3162 2844 hominum
3184 2792 3334 2847 vires
3356 2802 3603 2863 possunt.

2038 2863 2178 2921 Tum
2221 2875 2280 2924 et
2313 2869 2692 2929 similitudinis
2721 2875 2952 2932 formam
2988 2879 3247 2934 ostendit.
3288 2899 3305 2932 ι
3340 2881 3608 2938 Similitu-

2038 2954 2245 3024 dinem,
2275 2957 2474 3030 inquit,
2513 2979 2671 3030 voco,
2711 2975 2958 3023 sanctum
2992 2984 3057 3024 ac
3077 2969 3284 3040 justum
3318 2987 3443 3026 cum
3476 2989 3609 3044 pru-

2035 3044 2220 3132 dentia
2271 3047 2389 3104 ﬁeri
2428 3069 2440 3103 :
2485 3070 2503 3102 ι
2552 3068 2674 3123 quae
2707 3065 2763 3110 et
2800 3056 2916 3128 ipsa
2951 3073 3170 3130 quoque
3211 3062 3448 3132 adjectio
3483 3064 3605 3120 lau-

2035 3131 2214 3189 danda
2239 3145 2342 3190 est.
2367 3137 2506 3192 Sunt
2529 3142 2697 3208 enim,
2722 3144 2815 3213 qui
2840 3159 3109 3202 summam
3137 3131 3360 3219 quidem
3377 3153 3606 3223 justitlm

2035 3225 2468 3316 curamhabent,
2497 3230 2594 3285 sed
2619 3233 2920 3290 stoliditate
2946 3237 3160 3309 1018
3181 3241 3348 3296 animi
3374 3244 3604 3316 egregia:

2033 3314 2264 3370 actionis
2287 3317 2754 3386 pulchritudinem
2777 3339 3160 3400 corrumpunt.
3187 3333 3318 3390 Post
3345 3314 3461 3392 haec
3481 3314 3603 3396 fuse

2032 3405 2090 3460 in
2137 3406 2330 3464 eodem
2372 3410 2586 3484 dialogo
2635 3415 3031 3484 perfectionem
3073 3421 3295 3478 virtutis
3336 3423 3597 3484 ostendit.

2039 3515 2058 3547 ι
2079 3495 2413 3567 Loquamur,
2432 3501 2610 3571 inquit
2627 3503 2702 3575 (p.
2726 3506 2871 3574 175),
2891 3505 2959 3563 de
2977 3511 3208 3566 summis
3221 3513 3565 3586 philosophis
3583 3538 3598 3586 ;

2030 3587 2156 3658 quis
2183 3587 2331 3644 enim
2358 3589 2426 3644 de
2453 3590 2521 3645 iis
2539 3592 2691 3662 loqui
2717 3603 2896 3662 curet,
2929 3599 3025 3668 qui
3048 3599 3308 3658 aberrant
3332 3619 3362 3659 a
3387 3605 3599 3677 legibus

2029 3678 2431 3750 philosophiae?
2466 3681 2533 3737 Ili
2556 3699 2708 3750 vero,
2732 3700 2913 3758 neque
2941 3689 3088 3746 viam
3121 3703 3328 3749 norunt
3369 3711 3490 3766 quae
3527 3699 3600 3754 ad

2026 3769 2212 3827 forum
2254 3770 2426 3840 ducit,
2478 3789 2660 3845 neque
2708 3777 2803 3833 ubi
2839 3776 3114 3850 judicium
3153 3793 3446 3846 senatusve
3501 3791 3595 3858 sit,

2025 3862 2234 3920 aliusve
2257 3864 2513 3934 publicus
2541 3868 2781 3926 civitatis
2805 3886 3116 3934 consessus.
3133 3875 3308 3950 Leges
3328 3891 3596 3951 praeterea

2025 3962 2080 4008 et
2114 3954 2356 4022 decreta,
2395 3970 2494 4014 seu
2543 3959 2728 4017 verbis
2763 3960 3035 4033 ferantur,
3079 3983 3177 4026 seu
3215 3971 3420 4043 scripta
3454 3975 3588 4043 sint,

2025 4058 2202 4114 neque
2236 4045 2490 4114 audiunt,
2516 4063 2696 4120 neque
2718 4051 3052 4123 inspiciunt:
3077 4057 3259 4116 studia
3280 4078 3411 4118 vero
3433 4059 3594 4121 soda-

2022 4133 2267 4190 Iitiorum
2287 4137 2356 4192 ad
2379 4139 2395 4158 ⁶
2415 4141 2682 4198 creandos
2704 4143 3075 4215 magistratus,
3101 4157 3157 4204 et
3182 4165 3508 4220 conventus,
3534 4163 3592 4212 et

2023 4227 2294 4294 convivia,
2335 4238 2392 4284 et
2439 4245 2568 4288 cum
2611 4233 2856 4292 tibicinis
2892 4242 3343 4309 comessationes,
3386 4261 3456 4301 ne
3492 4263 3590 4316 per

352 4310 463 4362 Καὶ
487 4308 663 4364 ταῦτα
691 4310 868 4363 πάντα
911 4311 1018 4364 οὐδ’
1053 4311 1134 4364 ὅτι
1167 4312 1268 4365 οὐκ
1308 4308 1494 4386 [οἶδεν]
1523 4308 1664 4368 οἶδεν
1703 4317 1719 4346 ¹
1744 4332 1757 4345 ·
1795 4317 1917 4370 οὐδὲ

2034 4318 2296 4373 somnium
2327 4321 2548 4391 quidem
2572 4324 2680 4380 illis
2703 4326 3092 4385 obversantur.
3121 4331 3269 4390 Bene
3305 4344 3490 4390 autem
3517 4353 3587 4393 an

352 4399 461 4467 γὰρ
484 4399 661 4452 αὐτῶν
686 4401 948 4469 ἀπέχεται
991 4401 1082 4454 τοῦ
1122 4401 1426 4473 εὐδοκιμεῖν
1467 4403 1648 4475 χάριν.
1681 4405 1768 4477 Τῷ
1804 4407 1918 4461 δντι

349 4487 407 4540 δὲ
435 4487 497 4540 τὸ
529 4489 686 4560 σῶμα
713 4491 872 4560 μόνον
901 4492 920 4521 ¹
946 4495 1003 4544 ἐν
1025 4494 1089 4561 τῇ
1116 4493 1264 4546 πόλει
1295 4495 1468 4547 κεῖται
1499 4493 1662 4548 αὐτοῦ
1684 4497 1777 4552 καὶ
1800 4496 1916 4551 ἑπι-

349 4577 533 4647 δημεῖ,
562 4581 593 4648 η
615 4579 670 4632 δὲ
687 4580 914 4648 διάνοια,
942 4583 1112 4634 ταῦτα
1135 4582 1310 4635 πάντα
1334 4585 1656 4655 ἡγησαμένη
1683 4587 1912 4658 σμικρὰ,

349 4665 490 4741 [καὶ]
529 4670 602 4733 ὡς
635 4672 784 4724 οὐδὲν
805 4673 1140 4743 ἀτιμάσασα,
1175 4675 1424 4745 πανταχῆ
1448 4675 1674 4731 πέταται
1703 4677 1744 4744 ³,
1766 4678 1910 4732 κατά

347 4759 636 4830 Πίνδαρον,
667 4762 735 4814 τά
762 4778 820 4814 τε
865 4767 967 4835 γῆς
1018 4765 1313 4836 ὑπένερθεν
1345 4764 1387 4832 ⁸,
1435 4767 1529 4821 καὶ
1564 4767 1633 4821 τά
1678 4771 1910 4825 ἐπίπεδα

345 4848 754 4920 γεωμετροῦσα,
804 4852 1064 4924 οὐρανούς
1101 4873 1161 4909 τε
1201 4857 1783 4929 ὑπεραστρονομοῦσα,
1817 4862 1910 4915 καὶ

345 4943 526 4996 πᾶσαν
555 4944 732 5015 πάντη
769 4943 928 5013 φύσιν
960 4946 1373 5019 διερευνωμένη.
1411 4969 1430 5001 ι
1485 4947 1572 5002 Ἐν
1610 4950 1667 5003 δὲ
1700 4951 1908 5017 τούτοις

2022 4409 2163 4465 male
2195 4411 2406 4482 aliquid
2442 4413 2649 4471 factum
2681 4417 2754 4472 sit
2791 4419 2848 4473 in
2875 4420 3122 4489 civitate,
3160 4432 3254 4479 aut
3285 4425 3420 4494 quid
3455 4428 3582 4482 mali

2021 4500 2264 4569 cuipiam
2291 4502 2584 4576 contigerit
2608 4521 2638 4561 a
2664 4509 2992 4579 majoribus,
3028 4511 3144 4568 sive
3168 4528 3198 4567 a
3225 4514 3382 4579 viris,
3411 4515 3526 4571 sive
3554 4533 3586 4572 a

2016 4589 2260 4658 feminis,
2288 4595 2460 4665 magis
2479 4595 2662 4666 ipsum
2682 4599 2838 4665 latet,
2866 4616 3031 4671 quam
3051 4613 3190 4673 quot
3218 4605 3329 4660 sint
3350 4622 3504 4676 aqua:
3531 4607 3585 4662 in

2017 4683 2156 4737 mari
2178 4700 2471 4741 mensurae.
2507 4687 2687 4760 Atque
2720 4691 2835 4746 haec
2868 4693 3036 4748 etiam
3070 4697 3253 4750 omnia
3279 4696 3493 4752 nescire
3525 4713 3584 4752 se

2018 4777 2214 4831 nescit.
2249 4777 2368 4832 Non
2402 4780 2552 4836 enim
2583 4797 2652 4836 eo
2685 4783 2918 4838 consilio
2947 4785 3034 4839 his
3067 4786 3325 4853 abstinet,
3374 4797 3434 4843 ut
3460 4789 3583 4844 Iau-

2017 4866 2143 4922 dem
2164 4875 2367 4939 captet.
2395 4869 2502 4926 Sed
2529 4888 2724 4930 revera
2750 4874 2929 4945 ipsius
2961 4883 3171 4933 tantum
3193 4892 3394 4948 corpus
3418 4880 3474 4934 in
3507 4879 3584 4935 eL

2017 4958 2190 5015 vitate
2229 4970 2524 5018 versatur:
2556 4980 2713 5020 mens
2753 4973 2938 5023 autem
2983 4965 3102 5022 haec
3144 4984 3313 5040 parva
3351 4969 3582 5040 ducens,

1638 5067 1874 5124 VARM'I
1913 5067 2311 5132 LECTIONES.

410 5177 456 5209 ⁸⁵
481 5176 785 5299 γενόμενον.
813 5177 1089 5278 γινόμενον
1117 5177 1176 5233 C.
1207 5179 1298 5262 ,”
1322 5179 1496 5249 λόγδν.
1524 5183 1725 5254 τρόπον
1771 5181 1834 5248 C,
1884 5183 1949 5238 D.
2027 5186 2073 5219 “
2104 5187 2376 5260 διάφορος.
2427 5190 2473 5245 D
2518 5193 2575 5247 ni
2628 5192 2788 5249 fallor
2828 5194 3136 5265 ἀδιάφορος.
3207 5194 3256 5228 ⁸¹¹
3305 5196 3437 5249 τῶν.
3489 5194 3581 5266 sev

479 5247 606 5299 ⁶⁶άε
652 5261 761 5299 om.
787 5247 850 5299 D.
949 5247 969 5278 ⁹
993 5248 1150 5299 θεοῖς.
1176 5266 1255 5299 0::
1275 5250 1335 5299 C.
1412 5251 1458 5283 ’°
1477 5253 2125 5299 πεοιπολεῖν.πεοιπο1ςῖ
2150 5259 2206 5299 ﬂ,
2243 5261 2287 5299 n
2337 5261 2455 5299 Μητ
2495 5263 2738 5299 Mittam...-
2767 5264 2848 5299 ειν
2879 5263 2946 5299 ,Α
3005 5264 3133 5299 cum
3174 5265 3255 5299 se?
3282 5279 3370 5299 nm
3416 5264 3458 5299 Π
3515 5266 3558 5299 n

342 5247 406 5302 D.
479 5247 524 5280 ⁸⁸
544 5247 632 5299 ἀεὶ
652 5261 761 5301 om.
787 5247 850 5300 D.

417 5317 511 5392 καὶ
541 5317 726 5392 σαφῶς
755 5315 981 5392 om.“C._
1040 5317 1456 5392 “App/dueum.
1494 5315 1784 5392 γενόμενον
1808 5323 1871 5378 D.

1980 5323 2027 5400 ξ³
2057 5329 2330 5400 άπάντων.
2364 5323 2706 5400 πραγμάτων
2718 5323 2798 5388 ἶ).

949 5247 969 5278 ⁹
993 5248 1152 5336 θεοῖς.
1176 5243 1335 5336 οἷςὈ.
1393 5243 1458 5283 ’³ο
1477 5243 2125 5336 περιςπολεῖνέιπεριπρλεί
2241 5243 2319 5314 Ii.
2334 5243 2458 5317 ilo;
3174 5265 3255 5318 δεῖ

2891 5333 2961 5380 ρ⁹δ
2984 5333 3190 5388 δίκαιον
3217 5336 3308 5388 καὶ
3339 5336 3484 5388 ὅσιον
3512 5335 3576 5389 D.

289 5419 300 5422 -
341 5386 386 5420 ”
413 5385 631 5474 ἔπειτα.
654 5387 841 5474 ἔπειτα
858 5385 920 5474 δὲ
1052 5456 1066 5474 ι
1087 5385 1436 5474 ’δαιϋληίερὶσμ
1465 5385 1771 5474 αὖλιστρίσι
1799 5393 1858 5448 C.
1899 5394 2225 5474 Vidagasti-i
2255 5385 2462 5474 gannit.
2491 5385 2766 5474 ’ξαιώοςί
2787 5385 2855 5473 Vp.
2885 5385 3575 5474 ηεξἯκίτᾮπρόόιάτάἒρέοῇῤ

341 5455 781 5544 προσίσταταξὶςζ
858 5456 1118 5544 ξζκαΐκὸς.
1135 5455 1337 5544 ⁴,κακῶς
1359 5461 1420 5514 C.
1451 5457 1641 5544 καξῷε
1660 5455 1744 5535 ’(ος
1765 5477 1931 5544 ειη)γὲ
1952 5465 2048 5544 ως)
2071 5468 2134 5522 D.
2160 5463 2233 5544 ᾧ.
2250 5455 2363 5544 δξ
2393 5455 2579 5544 κακῶς
2605 5455 2656 5523 τι
2685 5455 2904 5544 “Sirmi;
2927 5455 2980 5505 δί
3001 5491 3096 5544 τῳ.
3124 5455 3277 5536 tot.
3447 5455 3465 5504 ί
3499 5455 3576 5526 ob;

339 5525 447 5607 etv.
479 5527 634 5607 ριξδὲγ
667 5526 722 5578 δὲ
727 5525 800 5607 ρ,
825 5525 1058 5607 οῇδένρ.
1122 5527 1343 5607 ἐμένον
1379 5525 1851 5607 οιρκεξζρέείιρτᾱ
1874 5533 1946 5607 δὴ
1982 5525 2149 5607 D’pro
2179 5538 2256 5591 δέ.
2290 5525 2410 5594 Méx
2447 5525 2623 5594 πάντα
2655 5525 2823 5595 recte
2859 5543 2924 5598 ι).
3014 5525 3334 5598 augeas;
3348 5525 3575 5600 ποτᾶται

342 5597 404 5652 I).
476 5597 499 5629 ’⁵
525 5595 833 5664 ὑπένερθεν.
866 5595 1096 5666 ὕπερθεν
1118 5592 1326 5650 ϐίΜοκ
1360 5598 1452 5649 καὶ
1485 5592 1843 5684 υπὶρἯστρον
1874 5604 1932 5659 D.

616 5694 882 5754 ΡΑἰίιυι.
926 5693 1041 5754 Gn.
1090 5693 1396 5754 LXXXIII.
1477 5683 1508 5693 λ’

3142 5703 3216 5766 36
