3974 6196
434 285 564 355 1131

1417 277 1898 338 THEODORETI
1938 275 2273 336 EPISCOPI
2311 276 2667 337 CYRENSIS

3539 274 3681 341 1139»

434 413 496 454 ac
525 392 684 449 nihili
716 391 901 461 potius
936 388 1235 449 aestimans,
1268 374 1461 439 omnes
1489 385 1544 438 in
1580 393 1767 453 partes
1798 383 2000 445 evolat,

2120 385 2134 434 5
2164 382 2385 433 Πλάτων
2412 383 2511 447 τὴν
2536 382 2643 433 τῶν
2666 381 2949 451 ἡμετέρων
2979 379 3287 448 φιλοσόφων
3316 380 3691 454 ἐζωγράξξησε

435 498 494 544 ut
520 486 767 555 loquitur
788 480 1081 541 Pindarus,
1106 477 1320 547 1019
1343 485 1397 530 et
1419 492 1540 546 quae
1562 477 1664 529 sub
1684 486 1829 529 terra
1852 481 2002 535 sunt,

432 590 487 637 et
530 593 651 649 qua:
688 590 857 644 super
899 582 1106 626 terram
1158 570 1475 632 dimetiens,
1511 578 1902 635 astrorumque
1946 565 2005 620 in

433 676 573 731 cmlo
616 671 862 726 rationes
908 666 1210 736 explicans,
1248 672 1304 718 et
1342 679 1531 724 rerum
1565 662 1811 715 omnium
1844 666 2007 712 natu-

433 777 551 816 ram
575 756 977 829 pervestigans.
1005 772 1022 804 ι
1048 754 1146 807 liis
1171 762 1354 807 autem
1376 752 1559 805 verbis
1581 751 1732 805 Plato
1757 748 2005 818 philoso-

432 851 668 919 phorum
722 853 1043 899 nostrorum
1098 843 1267 895 vitam
1322 839 1535 893 eﬂinxit
1572 857 1585 890 :
1621 852 1804 906 neque
1853 837 2006 890 enim

433 938 579 1009 apud
627 936 751 989 illos
799 932 923 988 talis
970 933 1117 986 ullus
1156 931 1389 986 exstitit.
1428 929 1685 984 Socrates
1728 928 1877 983 enim
1915 928 2007 981 ille

432 1028 891 1101 philosophorum
946 1024 1288 1093 coryphazus,
1330 1030 1386 1076 et
1422 1022 1477 1075 in
1516 1020 1834 1091 gymnasiis,
1862 1029 1919 1074 et
1951 1020 2008 1073 in

434 1119 710 1175 artiﬁcum
733 1116 989 1179 oﬂicinis,
1012 1115 1236 1169 assidue
1257 1114 1604 1183 disputabat;
1630 1112 1794 1167 modo
1820 1121 2007 1166 autem

433 1222 489 1269 et
520 1213 576 1267 in
600 1212 825 1266 civitate
849 1224 1063 1265 moram
1090 1207 1364 1269 trahebat,
1397 1206 1562 1259 modo
1592 1214 1649 1259 et
1677 1206 1745 1259 ad
1771 1204 2009 1258 Firmum

435 1301 778 1357 descendens
810 1315 1042 1370 pompas
1071 1296 1386 1368 spectabat;
1416 1296 1643 1349 armatis
1672 1295 1839 1348 etiam
1862 1292 2012 1346 mili-

436 1396 583 1449 tibus
633 1393 926 1463 ascriptus,
971 1398 1029 1444 et
1074 1390 1131 1442 in
1155 1388 1422 1450 Potidzea,
1473 1397 1528 1441 et
1568 1386 1627 1440 in
1660 1385 1794 1440 Delo
1832 1385 2011 1439 insula

436 1487 715 1540 militavit.
742 1484 885 1551 Quin
912 1491 969 1539 et
988 1480 1240 1536 convivia
1265 1479 1647 1548 frequentans,
1690 1476 2011 1545 AriStopha—

433 1577 525 1632 nis
558 1576 767 1631 comica
807 1572 1047 1627 ludibria
1077 1571 1405 1635 sustinebat,
1438 1579 1495 1625 et
1520 1568 1824 1623 Alcibiadis
1856 1574 2014 1635 petu-

436 1669 660 1723 lantiam
708 1683 723 1719 :
763 1666 875 1720 hoc
917 1664 1065 1718 enim
1120 1662 1280 1717 docet
1334 1661 1581 1717 Platonis
1638 1659 2008 1730 Symposium.

436 1759 741 1814 Theatrum
787 1756 952 1811 etiam
995 1753 1376 1809 conscendens
1425 1751 1588 1806 ludos
1627 1765 1755 1806 cum
1803 1748 2011 1819 populo

437 1852 736 1923 spectabat.
750 1849 968 1929 Minime
983 1848 1149 1917 igitur
1160 1845 1371 1901 Socrati
1384 1844 1717 1898 conveniunt
1731 1856 1851 1911 qum
1866 1841 2013 1895 dicta

440 1952 568 1995 sunt
592 1959 622 1995 a
645 1927 891 1995 Platone.
931 1936 1086 2003 Quod
1110 1936 1154 1989 si
1183 1935 1313 1988 huic
1337 1950 1449 2012 non
1484 1932 1836 1995 conveniant,
1871 1927 2013 2000 aegre

443 2035 538 2090 ulli
566 2033 725 2087 alteri
755 2030 1105 2084 convenient.
1140 2027 1207 2081 At
1240 2026 1335 2096 qui
1360 2025 1733 2095 evangelieam
1765 2022 2012 2092 philoso-

440 2125 626 2196 phiam
652 2122 1001 2181 adamarunt,
1032 2117 1227 2189 procul
1256 2131 1314 2170 se
1337 2116 1405 2169 ab
1425 2116 1576 2168 omni
1605 2113 1845 2167 civitatis
1871 2121 2012 2166 stre-

441 2216 556 2285 pitu
604 2219 957 2281 receperunt,
1002 2208 1389 2274 montiumque
1431 2204 1715 2274 occupatis
1758 2202 2011 2272 fastigiis,

442 2315 536 2359 aut
554 2303 819 2359 solitariis
840 2302 894 2355 in
908 2300 1046 2354 locis
1064 2299 1401 2361 habitantes,
1416 2312 1602 2351 rerum
1626 2312 1683 2351 se
1701 2295 2014 2350 divinarum

443 2393 913 2462 contemplationi,
952 2406 1017 2445 ac
1053 2390 1179 2445 vitae
1206 2404 1327 2459 quae
1365 2388 1510 2442 hanc
1549 2387 1742 2441 deceat
1786 2384 2015 2439 addixe-

446 2495 593 2549 runt,
628 2486 780 2539 nulla
811 2498 1065 2547 uxorum,
1106 2489 1162 2535 et
1198 2481 1461 2543 ﬁliorum,
1494 2479 1839 2531 honorumve
1882 2488 2017 2526 cura

446 2576 720 2640 distracti,
744 2573 840 2628 sed
874 2572 1089 2625 animas
1119 2570 1187 2623 ad
1218 2569 1534 2622 divinarum
1563 2568 1745 2635 legum
1770 2562 2016 2632 regulam

445 2668 768 2737 dirigentes,
796 2671 853 2718 ct
878 2670 1136 2731 tanquam
1173 2659 1414 2728 pictores
1449 2656 1664 2726 Optimi,
1699 2654 1765 2707 ad
1796 2654 2018 2708 virtutis

444 2760 744 2829 archetypa
779 2752 1101 2823 spirituales
1132 2749 1399 2819 imagines
1428 2762 1557 2802 suas
1585 2744 1798 2815 1020
1830 2745 2016 2814 expri-

448 2860 683 2908 mentes.
732 2844 891 2913 Quod
926 2844 1075 2899 enim
1115 2843 1204 2897 his
1245 2855 1474 2911 prorsus
1521 2838 1852 2893 conveniant
1897 2852 2020 2906 qua:

448 2944 593 2998 dicta
616 2946 746 2994 sunt
765 2954 794 2992 a
821 2937 1069 2999 Platone,
1093 2934 1325 3003 ipsemet
1347 2937 1599 2993 testatur,
1622 2937 1747 2997 post
1766 2928 1872 2980 alia
1892 2927 2017 2996 plu-

2108 474 2381 527 πολιτείαν
2404 488 2418 502 ·
2453 474 2513 525 οὐ
2541 474 2649 543 γὰρ
2676 474 2739 543 δή
2771 489 2856 535 τις
2883 475 3014 543 παρ’
3040 473 3272 535 ἐκείνοις
3296 473 3547 534 τοιοῦτος
3568 478 3699 544 ἐγέ-

2106 581 2247 617 νετο.
2282 564 2342 617 Ὀ
2376 564 2473 633 μὲν
2502 563 2607 634 γὰρ
2634 564 2949 633 Σωκράτης,
2983 562 3095 614 τῶν
3130 563 3439 632 φιλοσόφων
3467 566 3499 617 ὁ
3518 581 3699 634 κορυ-

2108 659 2285 723 φαῖος,
2340 656 2444 708 κάν
2480 658 2592 717 τοῖς
2635 656 2962 725 γυμνασίοις
2994 656 3097 709 κάν
3136 658 3249 717 τοῖς
3296 657 3701 726 ἐργαστηρίοις

2106 745 2485 816 διαλεγόμενος
2508 747 2768 800 διετέλει·
2793 747 2888 801 καὶ
2910 747 3042 798 ποτὲ
3083 746 3181 815 μὲν
3209 747 3268 798 ὲν
3304 747 3462 798 ἀστει
3482 746 3705 817 διέτρι-

2108 836 2195 900 σε,
2225 838 2355 890 ποτὲ
2387 838 2444 891 δὲ
2469 840 2549 901 εἰς
2568 840 2800 910 Πειραιᾶ
2822 838 3028 892 κατιὼν
3048 838 3147 900 τὰς
3178 837 3402 906 πομπάς
3438 838 3703 908 ἐθεώρειο

2108 928 2203 979 καὶ
2228 930 2339 991 τοῖς
2365 928 2609 992 ὁπλίταις
2636 930 2694 983 δὲ
2723 930 3168 999 ξυνταττόμενος,
3190 927 3331 1000 [καὶ]
3350 931 3407 981 ἐν
3428 929 3704 998 Ποτιδαίᾳ

2110 1022 2202 1071 καὶ
2235 1020 2293 1071 ὲν
2324 1022 2477 1091 Δήλῳ
2507 1022 2894 1090 παρετάττετο.
2927 1022 3039 1073 Καὶ
3081 1022 3265 1091 μέντοι
3315 1022 3410 1073 καὶ
3450 1022 3534 1083 εἰς
3565 1020 3703 1084 ξυσ-

2112 1107 2259 1160 σίτια
2288 1109 2466 1162 ἀπιὼν
2486 1111 2734 1179 ἠνείχετο
2762 1112 2858 1164 καὶ
2907 1111 3328 1180 Ἀριστοφάνους
3362 1111 3706 1181 κωμῳδοῦν-

2110 1215 2222 1261 τος,
2257 1199 2354 1252 καὶ
2398 1200 2739 1253 Ἀλκιϐιάδου
2782 1201 3163 1271 κωμάζοντος*
3207 1202 3370 1255 τοῦτο
3406 1204 3429 1235 ⁸
3468 1201 3594 1271 γάρ
3626 1203 3706 1255 δι-

2110 1289 2296 1342 δάσκει
2323 1289 2419 1343 τοῦ
2441 1291 2726 1352 Πλάτωνος
2742 1292 2802 1344 τὸ
2831 1294 3180 1359 Συμπόσιον
3197 1308 3210 1320 ·
3236 1293 3331 1345 καὶ
3363 1295 3446 1355 τις
3460 1293 3707 1364 θέατρον

2111 1379 2417 1433 ἀναϐαίνων
2445 1380 2732 1445 ξυνεθεᾶτο
2762 1382 2838 1451 τῷ
2865 1382 3039 1451 δήμῳ.
3064 1383 3302 1435 Ἥκιστα
3334 1384 3519 1436 τοίνυν
3551 1384 3707 1453 αὐτῷ

2114 1471 2377 1541 προσήκει
2406 1470 2477 1527 τά
2503 1472 2652 1541 παρά
2678 1472 2963 1533 Πλάτωνος
2988 1472 3275 1542 εἰρημένα.
3302 1473 3439 1526 Είδὲ
3471 1474 3495 1506 ⁸
3520 1474 3710 1543 τούτῳ

2112 1562 2174 1614 οὐ
2197 1561 2467 1632 προσῆκε,
2515 1562 2677 1632 σχολῇ
2712 1564 2765 1630 γ’
2803 1563 2870 1615 ἂν
2895 1563 3039 1632 ἄλλῳ
3086 1580 3165 1633 τῳ
3197 1565 3510 1634 ἀρμόσειεν.
3545 1567 3625 1618 Οἱ
3654 1567 3711 1618 δὲ

2113 1653 2217 1721 τῆς
2238 1654 2602 1725 εὐαηελικῆς
2624 1658 2948 1726 ἐρασθέντες
2975 1658 3294 1727 φιλοσοφίας
3323 1662 3517 1731 ςτόρρω
3550 1663 3577 1691 '
3605 1666 3709 1732 μὲν

2040 1728 2084 1782 Β
2109 1744 2219 1796 τῶν
2240 1745 2533 1799 πολιτικῶν
2554 1745 2801 1818 θορύῦων
2818 1751 3143 1819 γεγένηνται
3170 1768 3184 1783 ’
3209 1752 3311 1814 τὰς
3335 1728 3407 1805 δὲ-
3417 1728 3530 1805 τῶν
3558 1728 3708 1823 ὀρῶν

2114 1834 2458 1905 ἀκρωνυχίας
2479 1839 2894 1910 κατειληφότες,
2928 1842 2961 1911 ἦ
2990 1841 3084 1894 τὸν
3109 1844 3166 1894 ὲν
3208 1843 3439 1912 ἐρήμοις
3476 1846 3711 1914 χωρίοις

2114 1925 2501 1997 ἀγαπήσαντες
2528 1929 2660 1999 βίον,
2685 1935 2752 2001 τῇ
2782 1933 2987 2003 θεωρία
3013 1934 3123 1986 τῶν
3148 1934 3307 1987 θείων
3332 1935 3428 1988 καὶ
3460 1936 3546 2006 τῷ
3576 1940 3709 1989 ταὺ-

2114 2035 2181 2088 τῃ
2214 2018 2237 2051 ι
2260 2017 2689 2101 ξυνηρμοσμένῳ
2727 2024 2866 2091 σφᾶς
2899 2024 3100 2086 αὐτοὺς
3120 2025 3529 2096 ἀπεκλήρωσαν
3572 2029 3705 2098 βίῳ·

2114 2110 2175 2163 οὐ
2206 2112 2484 2179 γυναικῶν
2514 2115 2610 2168 καὶ⁵
2636 2116 2844 2169 παίδων
2875 2114 2969 2168 καὶ
3004 2116 3299 2185 κτημάτων
3332 2120 3711 2189 ὲπιμελούμεο

2115 2218 2216 2266 νοι,
2248 2200 2383 2255 ἀλλά
2414 2201 2515 2266 τὰς
2541 2202 2717 2271 ψυχὰς
2755 2206 2899 2257 κατά
2925 2219 2991 2271 γε
3036 2206 3129 2257 τὸν
3169 2207 3369 2259 κανόνα
3394 2207 3509 2259 τῶν
3544 2209 3711 2262 θείων

2114 2291 2482 2355 διευθύνοντες
2517 2293 2723 2363 νόμων,
2752 2294 2849 2347 καὶ
2873 2291 2985 2348 οἷόν
3011 2313 3157 2359 τινες
3172 2297 3381 2368 ἄριστοι
3417 2298 3710 2369 ζωγράφοι

2118 2380 2258 2453 πρὸς
2302 2380 2370 2433 τὰ
2408 2379 2693 2453 ἀρχέτυπα
2728 2382 2829 2451 τῆς
2870 2383 3076 2452 ἀρετῆς
3128 2383 3229 2447 τὰς
3271 2384 3470 2454 νοεράς
3522 2388 3710 2438 αὐτῶν

2118 2469 2536 2540 ζωγραφοῦντες
2556 2470 2789 2533 εἰκόνας.
2819 2471 2941 2525 Ὅτι
2970 2473 3080 2543 γὰρ
3108 2473 3172 2544 δὴ
3196 2474 3406 2549 τούτοις
3434 2476 3711 2545 ἁρμόττει

2117 2560 2185 2614 τὰ
2236 2560 2388 2631 παρὰ
2436 2561 2725 2626 Πλάτωνος
2755 2563 3044 2634 εῑῃμένα,
3085 2566 3293 2637 μάρτυς
3343 2568 3513 2628 αὐτὸς
3570 2572 3712 2640 μετὰ

2119 2650 2343 2703 πλεῖστα
2374 2651 2544 2704 εἰπών
2568 2668 2585 2684 θ
2620 2670 2639 2703 ι
2667 2652 2960 2724 ’Δγροικον
3007 2653 3064 2706 δὲ
3111 2656 3207 2709 καὶ
3254 2658 3591 2713 ἀπαίδευτον
3618 2662 3710 2713 ὑπ’

2119 2741 2376 2811 ἀσχολίας
2396 2744 2549 2797 οὐδὲν
2570 2738 2734 2816 ἦττον
2762 2744 2871 2799 τῶν
2899 2746 3109 2816 νομέων
3138 2749 3231 2801 τὸν
3255 2749 3502 2805 τοιοῦτον
3532 2753 3712 2819 ἀναξνο

2120 2835 2275 2886 καῖον
2300 2833 2605 2901 γίγνεσθαι,
2633 2836 2799 2904 σηκὸν
2836 2839 2895 2890 ὲν
2931 2837 3047 2908 δρει
3086 2839 3147 2891 τὺ
3193 2842 3370 2910 τεῖχος
3390 2842 3412 2873 ⁹
3439 2842 3711 2912 περιδώ-

2119 2923 2365 2993 λόμενον.
2398 2924 2514 2993 Γῆς
2534 2925 2590 2978 δὲ
2622 2926 2751 2981 ὅταν
2787 2928 2959 2999 μυρία
2995 2930 3203 3001 πλέθρα
3235 2933 3350 3003 ἢεί
3370 2934 3415 2963 ¹⁶
3450 2951 3502 2985 τι
3540 2935 3713 2987 πλέον

449 3031 589 3087 rima
608 3031 725 3083 haac
745 3026 956 3081 addens
971 3024 1045 3093 (p.
1065 3023 1188 3089 17$)
1210 3038 1224 3073 :
1248 3020 1493 3073 «Rudem
1510 3030 1643 3071 vero
1663 3024 1719 3069 et
1738 3015 2018 3069 indoctum

2124 3015 2331 3086 ἀκούσῃ
2359 3015 2434 3079 ὥς
2467 3034 2551 3080 τις
2579 3017 2686 3088 ἀρα
2713 3022 3050 3091 κεκτημένος
3075 3022 3362 3094 θαυμαστά
3396 3025 3587 3096 πλήθη
3620 3029 3713 3080 κέ·

449 3136 562 3192 pra:
590 3119 676 3172 sui
707 3114 911 3185 negotii
948 3110 1278 3174 attentione,
1312 3110 1473 3162 talem
1506 3106 1627 3162 ﬁeri
1666 3114 1890 3161 necesse
1914 3113 2018 3168 est,

451 3225 562 3264 non
598 3221 759 3263 secus
787 3219 851 3259 ac
872 3211 1146 3274 pastores,
1170 3203 1188 3221 ‘
1213 3207 1406 3269 utpote
1439 3199 1533 3268 qui
1560 3198 1793 3268 perinde
1826 3195 2025 3251 ηιωηί-

448 3300 555 3355 bus
578 3304 639 3353 ut
660 3296 734 3352 illi
770 3295 941 3360 caulae
970 3301 1126 3363 septo
1152 3292 1208 3345 in
1238 3297 1427 3345 monte
1456 3288 1849 3344 circumdetur.
1885 3287 2025 3342 Cum

448 3404 585 3445 vero
609 3388 802 3442 decem
835 3384 1009 3439 millia
1038 3384 1293 3453 iugerum
1317 3390 1413 3435 aut
1438 3382 1599 3451 plura
1626 3378 1899 3435 nominari
1924 3394 2025 3431 au-

453 3482 558 3545 dit,
588 3493 827 3549 eumque
850 3477 945 3547 qui
969 3476 1061 3530 illa
1078 3474 1359 3545 possideat
1374 3473 1865 3543 locupletissimum
1886 3487 2027 3541 pra:-

454 3570 647 3635 dicari,
670 3568 827 3622 valde
849 3566 1046 3635 exigua
1067 3563 1175 3619 sibi
1198 3564 1392 3619 audire
1412 3563 1656 3628 videtur,
1682 3563 1778 3633 qui
1804 3562 2027 3617 univer-

454 3676 575 3718 sum
600 3668 762 3712 terra:
784 3658 1245 3725 orbem,spectare
1273 3655 1344 3709 sit
1363 3655 1577 3709 solitus.
1610 3673 1627 3704 ι
1660 3651 1816 3719 Quod
1841 3660 2027 3707 autem

451 3747 639 3802 nullus
686 3743 1005 3800 Graecorum
1045 3742 1501 3813 phiIOSOphorum
1550 3750 1874 3797 montanum
1920 3751 2029 3797 stas

453 3839 649 3894 bulum
679 3834 963 3897 habitarit,
990 3834 1126 3886 satis
1158 3841 1409 3887 veterum
1444 3841 1801 3887 monumenta
1836 3840 2028 3886 osten—

458 3929 614 3984 dunt.
662 3927 815 3981 Idem
851 3940 987 3979 vero
1021 3932 1076 3979 et
1113 3940 1213 3978 vos
1267 3924 1565 3987 testamini,
1614 3925 1708 3993 qui
1755 3925 1861 3977 hoc
1903 3923 2028 3978 vita:

458 4034 632 4091 genus
675 4017 1008 4072 docentibus
1051 4015 1292 4085 graviter
1342 4016 1701 4081 succensctis,
1744 4030 1871 4070 cum
1921 4015 2029 4069 hoc

458 4117 641 4162 tamen
670 4108 824 4162 Plato
852 4107 1011 4162 valde
1032 4105 1367 4160 laudandum
1392 4106 1611 4160 dixerit.
1644 4104 2029 4161 Consentanea

457 4214 592 4254 vero
614 4208 672 4253 et
686 4198 742 4251 in
770 4198 1011 4252 secundo
1030 4196 1346 4267 Reipublicw
1362 4196 1507 4250 libro
1526 4196 1716 4249 scribit
1731 4194 1805 4265 (p.
1824 4196 1920 4249 '56I
1940 4194 2026 4266 Β).

467 4311 485 4341 ι
514 4290 629 4344 Tali
654 4290 877 4344 homine
901 4288 1069 4344 semel
1096 4304 1125 4341 a
1158 4288 1318 4341 nobis
1344 4287 1544 4356 posito,
1578 4287 1775 4356 inquit,
1815 4287 2025 4357 justum

2126 3123 2342 3177 κτηται,
2376 3108 2517 3160 πάνυ
2541 3111 2753 3180 σμικρά
2780 3112 2929 3165 δοκεῖ
2965 3114 3204 3180 ἀκούειν,
3226 3118 3305 3178 είς
3336 3118 3563 3171 ἅπασαν
3586 3121 3713 3171 εἰω-

2125 3195 2234 3260 θὼς
2261 3197 2358 3266 τὴν
2396 3198 2501 3273 γῆν
2538 3198 2775 3267 βλέπειν.
2814 3220 2833 3253 ι
2878 3203 3001 3257 Ὀτι
3049 3204 3105 3257 δὲ
3152 3199 3260 3258 τῶν
3299 3208 3428 3277 παρ’
3481 3209 3712 3281 Ἕλλησι

2128 3288 2643 3360 πεφιλοσοφηκότων
2684 3294 2861 3359 οὐδεὶς
2900 3296 2959 3347 ἐν
2989 3297 3105 3369 ὄρει
3162 3299 3328 3369 σηκὸν
3374 3300 3715 3371 δειμάμενος

2125 3378 2360 3452 ᾤκησεν,
2399 3382 2555 3437 ἱκανά
2584 3386 2681 3453 μὲν
2705 3384 2800 3437 καὶ
2824 3386 2893 3439 τὰ
2921 3386 3126 3440 παλαιὰ
3149 3388 3384 3458 δηλῶσαι
3414 3391 3716 3462 ξυγγράμ-

2130 3490 2295 3543 ματα,
2331 3479 2655 3547 μαρτυρεῖτε
2694 3476 2752 3528 δὲ
2776 3477 2869 3529 καὶ
2899 3478 3079 3549 ὑμεῖς,
3109 3482 3222 3543 τοῖς
3247 3479 3438 3533 τοῦτον
3470 3483 3513 3512 “
3576 3500 3715 3551 μετ-

2126 3563 2269 3616 ιοῦσι
2293 3565 2627 3634 νεμεσῶντες
2678 3566 2770 3618 τὸν
2824 3564 2959 3637 βίον.
3028 3568 3213 3623 Ἀλλί5
3247 3570 3473 3623 Πλάτων
3518 3572 3715 3626 τοῦτον

2125 3656 2347 3725 εἴρηκεν
2380 3654 2839 3725 ἀξιαγαστὸτατον
2897 3658 3049 3731 [170]
3105 3655 3261 3714 εἶναι.
3312 3661 3602 3731 Ξύμςωνα
3658 3666 3714 3717 δὲ

2125 3744 2325 3815 κάντῷ
2361 3745 2598 3818 δευτέρῳ
2626 3749 2722 3818 τῆς
2739 3751 3052 3816 Πολιτείας
3073 3750 3197 3822 ἔφη’
3221 3770 3241 3801 ι
3271 3753 3375 3805 Τὸν
3402 3752 3514 3822 γάρ
3542 3754 3717 3806 τοιοῦ-

2124 3852 2240 3903 τον,
2267 3838 2420 3906 φησὶ,
2453 3837 2655 3899 θέντες,
2677 3839 2769 3891 τὸν
2797 3840 3005 3893 δίκαιον
3030 3837 3095 3895 αὖ
3121 3842 3252 3911 παρ’
3274 3843 3437 3895 αὐτὸν
3471 3845 3716 3915 ἱστῶμεν

2127 3926 2204 3996 τῷ
2223 3926 2389 3997 λόγῳ,
2417 3928 2587 3999 ἄνδρα
2619 3929 2824 3984 ἀπλοῦν
2857 3930 2949 3984 καὶ
2974 3935 3237 4000 γενναῖον,
3274 3935 3393 3986 κατ’
3415 3936 3712 4005 Αἰσχύλον,

2127 4017 2190 4070 οὐ
2220 4017 2397 4071 δοκεῖν
2451 4020 2566 4072 ἀλλ’
2596 4015 2734 4075 εἷναι
2783 4023 2985 4092 ἀγαθὸν
3030 4026 3305 4081 ἐθέλοντα.
3358 4028 3715 4099 Ἀφαιρετέον

2128 4106 2185 4159 δὲ
2215 4107 2283 4159 τὸ
2314 4106 2536 4161 δοκεῖν.
2570 4108 2632 4161 Εἰ
2659 4112 2767 4181 γὰρ
2795 4110 2936 4175 δόξει
2965 4113 3009 4144 ¹¹
3037 4114 3243 4177 δίκαιος
3288 4112 3450 4181 εἶναι,
3497 4119 3713 4172 ἔσονται

2129 4195 2278 4264 αὐτῷ
2298 4197 2453 4265 τιμαὶ
2480 4198 2571 4249 καὶ
2594 4199 2811 4268 δωρεαὶ,
2833 4201 3073 4255 δοκοῦντι
3096 4205 3323 4274 τοιούτῳ
3350 4201 3512 4258 εἶναι.
3542 4209 3712 4276 Ἀδη-

2129 4286 2219 4338 λον
2252 4283 2363 4349 οὖν,
2397 4289 2505 4341 εἴτε
2535 4290 2629 4343 τοῦ
2650 4292 2883 4358 δικαίου,
2905 4293 3012 4345 εἴτε
3038 4294 3147 4346 τῶν
3165 4295 3384 4365 δωρεῶν
3410 4298 3505 4351 καὶ
3532 4315 3587 4349 τι
3596 4299 3712 4367 puis

460 4395 653 4435 rursus
682 4382 833 4450 juxta
863 4379 1009 4432 hunc
1049 4385 1376 4441 statuamus,
1407 4376 1588 4429 virum
1628 4376 1935 4445 simplicem
1972 4387 2018 4431 el

2131 4378 2315 4431 ἕνεκεν
2343 4380 2580 4443 τοιοῦτος
2620 4385 2729 4451 εῐη.
2758 4384 2797 4434 Γ
2802 4384 3075 4452 υμνωτέος
3103 4385 3165 4455 δὴ
3213 4388 3429 4439 πάντων
3458 4388 3607 4459 πλὴν
3640 4390 3715 4440 δι-

458 4486 809 4541 generosum,
847 4469 964 4538 qui,
996 4477 1058 4521 ut
1094 4468 1171 4519 ait
1210 4466 1523 4537 Alschylus,
1554 4482 1663 4520 non
1697 4466 1895 4531 videri,
1931 4466 2029 4521 sed

456 4578 575 4617 esse
598 4562 775 4615 bonus
795 4567 1031 4628 appetat.
1057 4558 1193 4611 lllud
1216 4558 1361 4611 enim
1388 4557 1549 4610 videri
1566 4573 1796 4626 prorsus
1827 4558 2024 4611 tollen-

457 4653 588 4707 dum
634 4664 853 4705 censeo.
902 4648 1035 4703 Nam
1085 4649 1131 4702 si
1166 4650 1347 4718 justus
1385 4648 1705 4702 hominibus
1746 4649 2023 4713 videatur,

458 4744 697 4796 honores
716 4742 868 4794 illum
895 4750 950 4794 et
974 4755 1204 4793 munera
1230 4740 1613 4810 insequentur,
1636 4740 1731 4808 qui
1754 4741 1881 4795 talis
1903 4756 2025 4795 esse

455 4835 729 4890 videatur.
748 4833 1023 4888 incertum
1047 4834 1232 4903 itaque
1256 4833 1385 4897 erit,
1403 4840 1590 4886 utrum
1617 4831 1926 4902 isjustitiae,
1955 4848 2025 4885 an

457 4927 806 4995 praemiorum
838 4940 901 4979 ac
922 4923 1250 4996 dignitatum
1272 4939 1436 4978 causa
1462 4924 1531 4978 sit
1555 4924 1699 4978 talis.
1726 4922 2029 4978 Nudandus

457 5016 621 5086 plane
664 5027 750 5073 est
779 5018 947 5072 rebus
976 5017 1259 5081 omnibus,
1295 5013 1797 5086 excepta'justitia,
1844 5024 1901 5069 et
1928 5014 2030 5068 fin-

459 5109 672 5181 gendus
706 5110 983 5165 contrario
1010 5110 1177 5164 modo
1213 5108 1447 5163 aﬂ‘ectus
1476 5124 1644 5178 quam
1681 5108 1856 5178 prior.
1890 5108 2031 5163 Cum

458 5201 644 5272 itaque
667 5201 805 5256 nihil
823 5202 1024 5258 habeat
1045 5198 1398 5274 (iniustitia),
1429 5207 1611 5254 tamen
1632 5200 2029 5271 injustissimus

2132 4469 2447 4541 καιοσύνης,
2479 4472 2573 4524 καὶ
2600 4474 2850 4541 ποιητέος
2876 4475 3134 4537 ἐναντίως
3181 4476 3528 4546 διακείμενος
3560 4480 3612 4511 ³³
3642 4479 3714 4548 τῷ

2133 4562 2403 4632 προτέρῳ.
2424 4562 2605 4631 Μηδὲν
2629 4563 2737 4634 γάρ
2759 4563 2897 4634 ἔχων
2924 4562 3079 4630 δόξαν
3109 4566 3277 4637 ἐχέτω
3303 4570 3571 4639 μεγίστην
3604 4572 3715 4623 ἀδιο

2132 4654 2277 4719 κίας,
2300 4653 2385 4706 ἵνα
2414 4652 2924 4728 βεϐασανισμένοςῇ
2960 4659 3037 4721 εἰς
3060 4659 3426 4731 δικαιοσύνην,
3457 4661 3538 4731 τῷ
3571 4664 3650 4731 μὴ
3674 4662 3711 4691 ιδ

2133 4746 2377 4799 τίθεσθαι
2398 4746 2501 4799 ὑπὸ
2528 4747 2572 4778 ¹⁵
2611 4748 2948 4814 κακοδοξίας,
2984 4751 3078 4804 καὶ
3107 4751 3217 4805 τῶν
3265 4753 3363 4805 ἀπ’
3394 4754 3575 4824 αὐτῆς
3637 4770 3713 4822 γι-

2133 4836 2445 4907 γνομένων·
2488 4836 2605 4889 ἀλλ’
2640 4838 2781 4891 ἔστω
2818 4839 3197 4909 ἀμετάστατος
3235 4842 3398 4913 μέχρι
3451 4844 3712 4907 θανάτου,

2135 4926 2308 4980 δοκῶν
2334 4922 2472 4980 εἶναι
2511 4927 2691 4991 ἄδικος
2721 4928 2809 4981 διὰ
2843 4930 2978 4999 βίου.
3022 4949 3041 4981 ι
3082 4933 3193 4985 Καὶ
3225 4933 3399 4986 ταῦτα
3441 4934 3503 4988 δὲ
3533 4935 3717 4989 ὡσαύ-

2134 5034 2242 5080 τως
2264 5020 2377 5081 τοϊς
2405 5019 2693 5089 ἡμετέροις
2732 5021 2993 5091 ἁρμόττει
3027 5024 3127 5094 τῆς
3173 5024 3378 5096 ἀρετῆς
3421 5026 3715 5098 ἀθληταῖς.

2134 5109 2211 5162 Οὐ
2249 5108 2358 5179 γάρ
2398 5109 2748 5175 Ἀντισθένει,
2779 5111 2874 5164 καὶ
2894 5113 3157 5181 Διογένει,
3190 5115 3284 5167 καὶ
3318 5116 3579 5187 Κράτητι
3619 5134 3719 5168 πα-

2134 5200 2450 5274 ραπλησίως
2488 5202 2651 5273 κενῆς
2680 5202 2841 5256 ἕνεκα
2869 5203 3049 5274 δόξης,
3074 5205 3191 5258 ἀλλ’
3218 5206 3385 5259 αὑτοῦ
3426 5223 3498 5276 γε
3529 5210 3719 5262 εἵνεκα

1770 5331 1999 5388 VARI/5
2039 5332 2442 5390 LECTIONES.

461 5543 558 5595 ταύ

463 5605 523 5677 C.
551 5605 689 5665 Tum
722 5605 1171 5675 ἀκουσίως-πλέον
1194 5632 1275 5677 τις

528 5474 824 5557 ξτοῦτοσ-
847 5474 1144 5545 συμπόσιον
1173 5491 1283 5531 om.
1310 5476 1374 5529 D.
1450 5476 1471 5507 ⁸
1501 5478 1548 5529 εί
1574 5476 1652 5530 δέ.
1676 5545 1688 5559 ο
1719 5476 1837 5529 οὐδὲ
1888 5478 1987 5532 Va.
2042 5478 2165 5533 Mox
2202 5479 2364 5549 σχολῇ
2424 5480 2469 5533 δ’
2504 5478 2569 5533 D.
2646 5480 2667 5510 "
2710 5480 2919 5552 πόρρω.
2980 5482 3260 5553 πόρρωθεν
3309 5483 3374 5538 D.
3450 5482 3476 5515 ⁸
3519 5481 3715 5555 ταύτῃ,

531 5559 658 5600 wn:
686 5545 784 5599 Va.
816 5544 956 5598 Tum
990 5543 1448 5600 Ευνηοιιοσαιιένω
1483 5546 1547 5600 D.
1586 5556 1642 5600 ct
1674 5546 1813 5600 infra
1850 5549 2142 5600 κτημάτων
2168 5549 2260 5600 καὶ
2296 5549 2523 5600 παίδων.
2598 5549 2619 5580 ⁸
2649 5552 2708 5600 τὸ
2734 5553 2930 5600 τεῖνος.
2954 5568 3013 5600 τε
3036 5555 3212 5600 τεῖνος
3238 5552 3298 5600 C-
3382 5554 3425 5583 ι’
3458 5553 3492 5600 ἢ
3528 5554 3602 5600 εἰ.
3634 5560 3715 5600 ιιι

562 5559 658 5613 της
686 5546 784 5599 Va.
816 5546 956 5598 Tum
990 5546 1081 5608 ξυν
1125 5563 1300 5616 ρμοσα
1347 5547 1448 5616 ένῳ
1483 5546 1547 5609 D,
1567 5556 1642 5626 ~et
1674 5546 1813 5600 infra
1850 5549 2142 5626 κτημάτων
2168 5546 2267 5600 καῖ
2296 5546 2523 5603 παίδων.
2598 5549 2619 5580 ⁹
2649 5552 2708 5604 τὸ
2734 5546 2930 5619 τεῖχος.
2954 5568 3013 5604 τε
3036 5546 3212 5622 τεῖχος
3238 5552 3299 5607 C.
3382 5554 3425 5583 ¹⁹
3458 5553 3495 5623 ἢ
3528 5554 3602 5604 εἰ.
3634 5546 3722 5623 εἴη

562 5564 1170 5691 Γυιη.ἀκο¹υσίως-πλὲον
1194 5563 1354 5691 sugg.
1422 5616 1474 5691 1‘
1502 5633 1707 5691 τουτονὶ
1739 5618 2091 5691 τοιουτονιῇ
2168 5616 2583 5691 ίξ-δοξαιηδοξει
2614 5620 2678 5689 Ι),
2722 5628 2776 5675 et
2838 5636 2965 5676 mox
3005 5621 3188 5677 ἕνεκα.
3267 5623 3311 5655 ⁸³
3339 5622 3720 5691 διακείμενος.

464 5676 784 5750 διακειμένῳ
810 5681 872 5746 C,
898 5683 962 5736 D.
994 5683 1112 5737 Mox
1142 5676 1397 5754 μεγίστης
1422 5684 1486 5738 Ι).
1565 5686 1608 5716 ¹⁸
1640 5685 1716 5754 τῷ
1742 5687 1837 5755 μή.
1859 5686 1919 5737 τὸ
1950 5686 2022 5755 μὴ
2050 5685 2109 5739 C.
2191 5686 2234 5717 "
2262 5676 2384 5739 ὑπότ
2406 5676 2517 5740 ἁπδ
2544 5688 2602 5743 C.
