3974 6196
368 235 506 306 1133

891 233 1325 296 GRzECARUM
1362 232 1661 293 AFFECT.
1702 227 2268 293 CURATIO.-XII.
2309 226 2407 287 DE
2444 224 2779 287 VIRTUTE
2817 222 3105 287 ACTIVA.

3466 220 3605 290 313%

366 352 461 407 τοῦ
486 348 652 406 καλοῦ
676 348 872 421 δρῶσιν
893 346 929 401 ἀ
954 345 1152 419 δρῶσιν
1175 346 1240 399 ¹⁶.
1266 345 1357 399 Διὸ
1379 344 1444 416 δὴ
1479 343 1573 398 καὶ
1603 340 1809 397 πόλεων
1838 341 1934 395 καὶ

2050 357 2158 398 esse
2179 340 2481 398 credatur:
2515 338 2704 395 uthoc
2721 335 2975 394 examine
3000 331 3208 404 102],
3241 333 3507 402 probetur
3535 334 3606 391 ad

366 443 572 514 κωμῶν
596 443 781 512 πόῤῥω
800 439 1069 508 διάγουσι,
1092 438 1191 511 τὴν
1216 437 1414 509 ἀρετὴν
1438 433 1933 507 κατακρύπτοντες,

370 537 466 591 καὶ
491 535 633 606 μόνῳ
662 550 724 601 γε
752 530 831 603 τῷ
866 530 1072 602 ταύτης
1102 528 1417 601 ἀγωνοθέτῃ
1443 525 1771 595 δεικνύντες.
1796 524 1937 578 Ἀλλ’

238 610 251 620 ⁸
369 628 530 697 ὑμεῖς
551 623 679 686 τοὺς
712 620 812 693 μὲν
839 619 1014 684 οὕτως
1065 617 1502 690 ἀγωνιζομένους
1543 613 1667 671 οὔτε
1716 615 1938 685 θεωρεῖν

365 715 491 769 οὔτε
530 712 835 783 θαυμάζειν
886 709 1119 765 ἐθέλετε.
1166 709 1231 763 Et
1259 708 1317 762 δέ
1342 722 1494 771 τινας
1538 704 1697 761 ἴδοιτε
1744 703 1806 758 τὺ
1841 703 1938 774 μὲν

370 803 665 876 πρόσχημα
695 801 852 856 τοῦτο
878 798 1314 872 περικειμένους,
1337 798 1398 853 οὐ
1422 798 1604 853 πάντα
1621 797 1681 852 δέ
1710 812 1939 867 συνομο-

368 893 627 962 λογοῦντα
655 891 734 965 τῷ
765 892 1007 963 σχήματι
1047 889 1159 961 βίον
1198 888 1637 959 ἀσπαζομένους,
1668 886 1830 952 εὐθὺς
1859 876 1939 951 είς

369 982 634 1055 λοιδορίαν
665 981 866 1035 κινεῖτε
896 978 996 1051 τὴν
1032 977 1301 1048 γλῶτταν.
1341 977 1454 1031 Καὶ
1482 978 1533 1030 εί
1569 976 1668 1048 μὲν
1698 975 1939 1039 ἐκείνους

364 1075 627 1130 team:
657 1074 875 1145 μόνους,
901 1068 1045 1142 εἶχεν
1072 1069 1138 1126 ἄν
1174 1085 1296 1124 τινα
1319 1067 1381 1123 τὸ
1406 1066 1728 1139 γιγνόμενον
1760 1065 1938 1134 λόγον·

371 1163 647 1236 ἐπειδὴδὲ
678 1165 794 1235 μετ’
841 1163 1065 1218 ἐκείνων
1092 1162 1188 1215 καὶ
1232 1162 1359 1226 τοὺς
1398 1160 1657 1233 ἄντικρυς
1687 1159 1942 1224 ἐναντίως

369 1254 744 1326 διακειμένους
772 1253 1022 1318 ἐκείνοις,
1067 1253 1159 1324 καὶ
1209 1250 1428 1324 ἀληθῶς
1474 1250 1899 1322 φιλοσοφοῦντας
1923 1289 1939 1314 ,

370 1347 651 1419 κωμῳδεῖν
689 1346 952 1419 πειρᾶσθε
1001 1347 1098 1400 ml.
1146 1344 1447 1418 διασύρειν,
1474 1345 1564 1400 τὸν
1610 1344 1944 1401 ἀδικώτατον

371 1439 524 1510 ὑμῶν
554 1438 710 1511 δῆλον
741 1441 944 1493 ποιεῖτε
996 1436 1201 1492 σκοπόν
1219 1453 1234 1466 ⁸
1271 1438 1332 1491 οὐ
1378 1438 1489 1507 γάρ
1534 1438 1647 1501 τοῖς
1691 1437 1945 1508 πονηροῖς

371 1528 767 1601 ἀπεχθάνεσθε,
802 1528 941 1583 ἀλλά
965 1528 1057 1582 τὸν
1096 1528 1407 1593 ἀξιέπαινον
1445 1526 1757 1581 διαδάλλετε
1793 1525 1906 1596 βίον
1927 1540 1941 1556 ο

370 1619 556 1691 ὅμοιον
581 1618 861 1682 ποιοῦντες
881 1617 1072 1689 ὥσπερ
1106 1616 1172 1670 ἂν
1203 1615 1256 1669 εί
1292 1633 1379 1681 τις
1424 1616 1657 1688 πίθηκον
1694 1615 1820 1670 ίδὼν
1853 1630 1946 1686 μι-

2032 433 2325 507 justitiam,
2357 432 2404 488 si
2438 446 2541 487 nec
2572 429 2818 496 infamia,
2849 441 2952 484 nec
2968 426 3136 481 rebus
3162 423 3230 478 iis
3255 438 3376 494 quae
3400 440 3610 507 prove-

2035 524 2198 581 niunt
2235 523 2303 577 ab
2340 520 2588 586 infamia,
2635 524 2941 583 moveatur,
2983 513 3081 571 sed
3133 512 3494 568 immutabilis
3540 515 3610 569 ad

2036 624 2273 672 mortem
2302 628 2478 683 usque
2506 611 2787 683 persistat,
2812 607 3028 664 tametsi
3058 620 3158 678 per
3186 619 3408 664 omnem
3436 604 3607 659 vitam

2037 703 2299 760 credatur
2320 716 2442 758 esse
2474 702 2734 772 injustus.
2774 718 2793 751 ι
2824 696 2951 753 Haec
2977 702 3161 751 autem
3187 693 3391 749 nostris
3418 692 3612 749 simili-

2038 805 2122 852 ter
2146 793 2372 852 virtutis
2395 792 2618 849 athletis
2655 796 2989 862 congruunt.
3027 788 3220 858 Neque
3255 785 3426 851 enim,
3466 783 3613 841 sicut

2038 886 2416 951 Antisthenes,
2467 884 2761 957 Diogenes,
2826 886 2883 935 et
2925 878 3139 946 Crates,
3196 877 3379 935 inanis
3423 876 3613 948 gloriae

2041 995 2225 1045 causa,
2258 978 2356 1035 sed
2390 984 2616 1047 pr0pter
2647 975 2824 1044 ipsam
2865 972 3211 1027 honestatem
3239 967 3453 1023 faciunt
3491 981 3615 1038 qua

2040 1068 2268 1125 faciunt.
2292 1065 2536 1135 Eamque
2554 1062 2625 1118 ob
2643 1077 2761 1116 rem
2779 1059 2978 1116 semoti
2994 1074 3026 1114 a
3041 1057 3359 1114 civitatibus
3380 1064 3437 1110 et
3462 1055 3615 1127 pagis

2040 1156 2209 1213 vitam
2228 1161 2417 1225 agunt,
2440 1150 2703 1205 virtutem
2730 1148 3091 1212 occultantes,
3114 1159 3172 1202 et
3197 1145 3299 1201 soli
3329 1145 3496 1216 hujus
3521 1159 3614 1199 re-

2041 1247 2379 1304 muneratori
2393 1258 2513 1300 eam
2533 1239 2907 1298 ostendentes.
2922 1237 3032 1294 Vos
3046 1253 3179 1295 vero
3193 1237 3273 1293 sic
3286 1235 3410 1291 illos
3426 1235 3618 1291 deder.

2042 1348 2221 1396 tantes
2250 1352 2354 1392 nec
2386 1343 2635 1407 spectare
2663 1332 2834 1388 vultis
2853 1372 2868 1398 ,
2897 1345 3002 1386 nec
3032 1328 3291 1385 laudibus
3328 1326 3613 1398 prosequi.

2042 1426 2197 1495 Quod
2220 1425 2266 1481 si
2296 1439 2436 1495 quos
2463 1422 2607 1478 forte
2637 1420 2895 1484 videatis,
2920 1416 3162 1473 nominis
3186 1416 3351 1487 hujus
3377 1415 3617 1486 speciem

2044 1532 2158 1588 pra:
2180 1531 2239 1572 se
2271 1515 2538 1577 ferentes,
2573 1526 2754 1581 neque
2780 1516 3213 1566 consentaneam
3244 1505 3417 1561 cultui
3446 1506 3618 1560 vitam

2044 1609 2314 1673 viventes,
2348 1604 2498 1660 illico
2528 1603 2587 1658 in
2622 1601 2915 1657 maledicta
2952 1600 3197 1671 linguam
3234 1596 3615 1652 commovetis.

377 1680 645 1781 μούμενον
679 1680 995 1781 ἄνθρωπον,
1018 1680 1087 1760 δι’
1118 1706 1331 1778 ἐκείνην
1350 1706 1450 1777 τὴν
1473 1680 1702 1778 μίμησιν
1729 1680 1946 1760 καὶτῶν

2050 1699 2125 1755 Ac
2143 1697 2367 1770 quidem
2398 1695 2546 1752 solos
2576 1693 2699 1749 illos
2729 1693 2777 1748 si
2797 1687 3251 1763 proscinderetis,
3281 1688 3495 1743 ratione
3520 1686 3623 1742 ali-

374 1799 676 1869 ἀνθρώπων
708 1800 927 1871 μισήσοι
966 1781 1142 1870 ίττὴν
1176 1797 1358 1867 φύσιν.
1383 1796 1599 1868 Ταύτης
1640 1796 1700 1851 δέ
1737 1813 1820 1850 τοι
1851 1796 1947 1866 τῆς

375 1890 621 1961 γνώμης,
645 1890 745 1942 οὐκ
768 1887 1084 1959 ὲγὼμόνος,
1110 1886 1246 1940 ἀλλὰ
1267 1886 1361 1939 καὶ
1382 1885 1607 1940 Πλάτων
1630 1886 1945 1957 κατηγορεῖ.

387 1978 479 2034 Ἐν
503 1981 614 2050 γάρ
643 1978 770 2052 [τοι]
816 1977 894 2049 τῷ
936 1976 1232 2046 Θεαιτήτῳ
1273 1977 1437 2048 φησί’
1475 1995 1494 2029 ι
1532 1975 1867 2047 Σκεψώμεθα
1893 1975 1950 2029 δέ

376 2087 456 2141 πη
481 2071 632 2143 τῇδε·
665 2071 827 2144 Φέρε,
863 2071 917 2124 εῐ
939 2088 1024 2135 τις
1059 2069 1102 2102 ⁸⁸
1135 2067 1307 2137 αίγῶν
1328 2066 1566 2139 τροφὴν,
1609 2068 1704 2121 καὶ
1725 2067 1785 2121 τὸ
1812 2066 1950 2130 ζῶον

376 2164 531 2228 αὐτὸ,
554 2163 740 2234 κτῆμα
766 2162 840 2228 ὡς
863 2162 1026 2216 καλόν
1051 2163 1222 2226 ἐστιν,
1253 2161 1466 2214 ἐπαινοῖ
1493 2159 1558 2224 η,
1581 2158 1739 2223 ἄλλος
1769 2158 1828 2212 δέ
1846 2175 1949 2223 τις,

377 2254 641 2326 ἑωρακὼς
666 2253 828 2323 αἶγας
853 2254 1023 2325 χωρὶς
1046 2253 1355 2323 νεμομένας
1397 2250 1621 2306 αἰπόλου
1647 2250 1705 2304 ἐν
1730 2248 1953 2321 ἐργασί-

382 2362 501 2415 μοις
534 2344 755 2416 χωρίοις
778 2344 993 2416 δρώσας
1020 2341 1185 2408 κακά,
1216 2341 1486 2410 διαψέγοι,
1521 2339 1617 2394 καὶ¹
1639 2340 1748 2393 πᾶν
1781 2338 1952 2410 θρέμο

383 2453 460 2507 μα
490 2437 724 2509 ἄναρχον
755 2434 788 2507 ἢ
813 2433 952 2506 μετά
981 2432 1171 2488 κακῶν
1198 2432 1474 2504 ἀρχόντων
1510 2431 1630 2484 ἰδὼν
1652 2430 1794 2484 οὕτω
1813 2429 1954 2501 μέμ-

381 2541 557 2594 φοιτο,
588 2526 679 2579 τδν
727 2524 967 2579 τοιοῦτον
1005 2522 1173 2593 ψόγον
1207 2521 1488 2595 ἡγούμεθα
1533 2520 1684 2589 ὑγιὲς
1710 2520 1774 2575 άν
1823 2536 1952 2573 ποτε

381 2615 561 2685 ψέξαι,
592 2615 688 2668 καὶ
715 2614 924 2679 eum;
957 2615 1053 2667 καὶ
1089 2610 1273 2677 ὅπωςς
1322 2632 1341 2664 ι
1372 2608 1561 2665 Ταῦτα
1590 2607 1686 2662 τοῦ
1723 2608 1946 2662 Πλάτω-

384 2722 496 2768 νος,
524 2699 569 2757 ὧ
596 2705 808 2774 ἄνδρες,
829 2705 927 2757 οὐκ
956 2704 1064 2774 ἐμὰ
1107 2703 1191 2755 τάν
1221 2704 1461 2773 ῥήματα.
1524 2701 1759 2767 Ἐδίδαξε
1787 2701 1845 2754 δὲ
1878 2701 1953 2774 μὴ

385 2796 604 2851 ἅπαντα
628 2796 675 2825 ⁸⁸⁸
711 2793 984 2847 σκώπτειν
1007 2794 1077 2848 τὰ
1107 2793 1397 2865 θρέμματα
1422 2791 1512 2845 διά
1538 2790 1606 2844 τὰ
1638 2791 1822 2855 κακῶς
1852 2791 1957 2843 ὑπὸ

385 2886 573 2940 κακῶν
624 2885 901 2955 ἀρχόντων
933 2882 1214 2954 ἀρχόμενα
1241 2882 1313 2947 ¹¹,
1351 2881 1384 2954 ἦ
1416 2882 1674 2954 ἄρχοντος
1723 2882 1956 2952 πάμπαν

2048 1804 2159 1863 qua
2187 1788 2392 1843 factum
2417 1800 2531 1840 non
2565 1791 2784 1863 careret
2812 1798 2827 1835 :
2855 1781 2986 1852 quia
3024 1792 3159 1835 vero
3198 1793 3309 1834 una
3346 1792 3472 1833 cum
3511 1776 3623 1833 illis

2049 1858 2217 1937 etiam
2249 1892 2347 1934 eos
2370 1876 2464 1947 qui
2496 1858 2719 1930 illorum
2752 1873 2913 1942 longe
2938 1879 3070 1926 sunt
3091 1867 3411 1932 dissimiles,
3436 1882 3501 1923 ac
3530 1881 3622 1923 re-

2050 1985 2181 2028 vera
2199 1968 2683 2041 philosophantur,
2702 1963 2940 2020 irridere
2963 1976 3028 2018 ac
3049 1962 3339 2018 traducere
3365 1958 3620 2025 studetis,

2051 2059 2254 2117 mentis
2301 2064 2495 2112 vestra:-
2536 2053 2946 2126 iniquissimum
2988 2051 3284 2108 consilium
3316 2051 3335 2073 ‘
3364 2048 3620 2120 proditis.

2050 2151 2240 2222 Neque
2260 2149 2407 2204 enim
2421 2147 2579 2202 malis
2595 2144 2795 2200 infensi
2808 2144 2964 2210 estis,
2991 2140 3088 2200 sed
3104 2140 3440 2198 laudabilem
3454 2140 3623 2195 vitam
3658 2196 3674 2207 ,

2053 2237 2328 2296 damnatis
2359 2255 2372 2291 :
2401 2251 2515 2291 non
2553 2249 2715 2290 secus
2741 2233 3029 2298 facientes,
3072 2245 3137 2286 ac
3171 2231 3216 2286 si
3246 2231 3376 2302 quis
3405 2230 3624 2286 simiam

2053 2331 2403 2401 conspicatus
2429 2326 2671 2383 hominis
2699 2333 2885 2396 gestus
2904 2324 3119 2394 aliquos
3149 2320 3375 2391 imitari,
3404 2321 3476 2376 ob
3501 2333 3625 2376 eam

2054 2421 2417 2477 imitationem
2452 2433 2624 2489 genus
2645 2416 2813 2471 etiam
2842 2414 3129 2470 hominum
3163 2412 3294 2468 odio
3320 2425 3625 2481 prosequa—

2053 2521 2166 2568 tur.
2194 2511 2310 2565 Hoc
2328 2524 2458 2565 vero
2484 2509 2737 2578 iniquum
2764 2505 3035 2578 judicium
3061 2519 3171 2559 non
3204 2517 3306 2574 ego
3326 2503 3511 2566 solus,-
3527 2501 3627 2557 sed

2054 2602 2209 2657 Plato
2255 2613 2478 2670 quoque
2520 2605 2776 2661 accusat,
2811 2597 2872 2650 in
2908 2594 3165 2650 Theaeteto
3204 2594 3398 2650 dicens
3441 2594 3623 2667 (Legg.

2054 2707 2110 2762 p.
2149 2688 2253 2745 630
2272 2707 2286 2757 ;
2321 2686 2527 2743 Euseb.
2553 2700 2609 2756 p.
2640 2683 2745 2738 609
2773 2681 2838 2754 C)
2872 2701 2885 2736 :
2927 2698 2946 2733 ι
2981 2680 3279 2736 Videamus
3311 2688 3496 2736 autem
3524 2680 3629 2735 hac

2056 2781 2229 2836 ferme
2259 2776 2496 2833 ratione.
2523 2776 2657 2845 Age,
2689 2772 2735 2827 si
2760 2771 2886 2842 quis
2918 2785 3209 2842 caprarum
3242 2769 3626 2833 nutritionem,

2056 2880 2112 2927 et
2135 2871 2313 2940 ipsum
2347 2865 2560 2936 1022
2591 2863 2813 2928 animal,
2852 2862 3009 2932 quasi
3045 2862 3191 2917 bella
3223 2860 3295 2915 sit
3327 2858 3627 2932 possessio,
3702 2858 3709 2863 ⁷

384 2950 748 3047 ἐστερημένοι.
784 2977 894 3029 Καὶ
933 2950 1165 3047 ἀλλαχοῦ
1194 2976 1251 3029 δέ
1282 2950 1769 3048 πάλιν-διαρρήδην
1809 2950 1951 3031 διδά-

2057 2961 2247 3018 laudat
2273 2977 2288 3012 :
2313 2958 2455 3012 alius
2490 2969 2624 3011 vero
2666 2952 2939 3024 quiSpiam
2978 2966 3172 3023 capras
3214 2951 3335 3007 sine
3376 2950 3628 3022 caprario

2268 3057 2278 3064 .
2400 3045 2654 3064 ,,,I.!A..--_
2683 3044 2818 3064 ι--ε-
2857 3042 3043 3064 ΑΙΑμΑ..-
3077 3041 3375 3064 Ξ-ΩΑ-Αμι--
3408 3041 3594 3064 -Α---..2

385 3085 506 3121 σκει
531 3110 547 3134 ,
607 3068 683 3132 ὡς
728 3068 1032 3136 φιλοσόφων
1095 3066 1299 3138 πλῆθος
1354 3066 1617 3123 ἀδύνατον
1678 3067 1950 3137 γενέσθαι.

388 3175 408 3209 ι
449 3157 863 3228 Ναροηκοφόροι
888 3158 985 3227 μὲν
1013 3157 1120 3228 γὰρ
1153 3156 1358 3224 πολλοὶ,
1390 3158 1554 3229 φησὶν
1579 3157 1649 3222 ’⁸,
1684 3157 1877 3228 βάκχοι
1898 3157 1956 3210 δέ

382 3264 443 3301 τε
468 3247 687 3319 παῦροι.
722 3268 742 3300 ι
770 3245 941 3303 Τοῦτο
963 3246 1020 3302 δὲ
1043 3248 1139 3300 καὶ
1165 3247 1194 3298 ὀ
1220 3247 1495 3317 Δεσπότης
1521 3243 1671 3318 [171]
1695 3245 1799 3315 ἔφη
1826 3246 1959 3314 Χρι-

385 3338 512 3403 στός
535 3339 582 3371 ’³
607 3357 622 3372 σ
659 3358 678 3391 ι
723 3339 915 3394 Πολλοὶ
947 3338 1077 3408 γὰρ,
1106 3333 1251 3401 εἷπε,
1287 3337 1498 3408 κλητοὶ,
1523 3336 1693 3405 ὀλίγοι
1722 3335 1780 3388 δέ
1802 3334 1958 3388 ἐκλε-

383 3428 525 3485 κτοί.
567 3447 585 3481 ι
621 3429 842 3503 Συνερδά
871 3428 974 3502 [δὲ]
995 3428 1206 3493 τούτοις
1235 3429 1265 3481 ό
1294 3426 1523 3483 Πλάτων
1554 3426 1658 3481 κάν
1685 3428 1753 3498 τῇ
1794 3426 1957 3480 Ἐπι-

383 3519 582 3590 νομίδι
607 3520 773 3591 φησίν
797 3536 812 3550 ·
852 3539 870 3571 ι
907 3516 982 3573 Ού
1024 3535 1166 3589 φημι
1194 3513 1335 3572 εἶναι
1380 3516 1688 3589 ἀνθρώποις
1737 3514 1959 3571 δυνατὸν

389 3612 681 3683 μακαρίοις
704 3609 809 3685 [τε]
828 3613 921 3664 καὶ
946 3609 1225 3681 εὐδαίμοσι
1258 3607 1532 3678 γενέσθαι,
1571 3607 1710 3680 πλὴν
1738 3607 1954 3676 ὀλίγων.

384 3701 565 3772 Μέχρι
598 3718 705 3772 περ
729 3701 796 3754 ἂν
820 3699 1027 3771 ζῶμεν,
1058 3698 1214 3752 τοῦτο
1236 3698 1562 3770 διορίζομαι.
1592 3697 1749 3769 Καλὴ
1777 3697 1835 3750 δὲ
1869 3695 1960 3751 ἐλ-

386 3791 483 3855 πὶς
508 3792 893 3863 τελευτήσαντι
928 3791 1111 3860 τυχεῖν
1135 3789 1410 3846 ἁπάντων.
1454 3807 1475 3843 ι
1518 3788 1585 3842 Τί
1623 3787 1821 3860 δήποτε
1849 3787 1959 3841 τοί-

386 3897 483 3936 νυν
518 3879 875 3951 χαλεπαίνετε
908 3878 1041 3950 παρ’
1079 3879 1213 3950 ἡμῖν
1244 3876 1291 3909 ⁸*
1311 3877 1547 3950 ὁρῶντές
1573 3893 1729 3940 τινας
1770 3876 1960 3945 ψευδο-

391 3971 587 4043 μένους
635 3969 695 4023 δν
745 3968 1175 4039 ἐπαγγέλλονται
1211 3967 1359 4039 βίον;
1419 3968 1562 4022 Ἀνθ⁹
1594 3967 1715 4022 ὅτου
1768 3968 1825 4021 δὲ
1883 3968 1958 4040 μὴ

388 4058 702 4130 θαυμάζετε
738 4058 867 4122 τοὺς
902 4055 993 4110 τὸν
1027 4056 1282 4127 ὑπερφυᾶ
1310 4054 1425 4125 βίον
1449 4054 1834 4125 ἠγαπηκότας,
1864 4053 1961 4108 καὶ

388 4153 449 4206 ἐν
482 4150 696 4223 σώματι
725 4149 822 4221 μὲν
848 4145 1298 4218 ἀγωνιζομένους,
1328 4144 1426 4218 τὴν
1452 4143 1741 4216 ἀσώματον
1766 4142 1825 4197 δέ
1856 4159 1959 4196 πο-

388 4244 595 4299 λιτείαν
618 4240 995 4314 ἐζηλωκότας;
1017 4238 1132 4291 Πᾶν
1157 4237 1266 4308 γάρ
1292 4236 1599 4290 τούναντίον
1628 4235 1734 4289 ἔδει
1762 4239 1956 4290 ποιεῖν·

2058 3057 2368 3125 pascentes,
2389 3045 2661 3116 cultisque
2683 3044 2822 3100 locis
2850 3042 3051 3098 damna
3077 3041 3377 3098 inferentes
3403 3041 3628 3112 conspi-
3712 3044 3717 3049 '

2056 3151 2214 3199 catus
2237 3142 2537 3210 vituperet,
2568 3145 2625 3192 et
2644 3150 2807 3192 omne
2833 3149 3023 3205 pecus,
3061 3133 3209 3204 quod
3240 3133 3358 3189 sine
3387 3141 3627 3197 rectore,

2059 3242 2154 3289 aut
2177 3246 2303 3286 cum
2336 3228 2495 3283 malis
2522 3227 2836 3283 rectoribus
2855 3225 3094 3291 viderit,
3131 3225 3208 3280 ita
3236 3223 3626 3296 reprehendat,

2058 3322 2331 3398 ejusmodi
2353 3317 2814 3390 vituperationem
2839 3331 2971 3372 sana
2984 3325 3170 3372 mente
3189 3316 3513 3387 vituperare
3529 3315 3631 3371 du-

2059 3414 2256 3477 cimus,
2279 3422 2334 3468 et
2356 3410 2726 3485 quodcunque
2746 3408 2771 3461 ?
2791 3415 2847 3462 et
2880 3404 3195 3477 quemodo?
3218 3425 3237 3458 ι
3267 3407 3394 3463 Haec
3420 3406 3627 3475 omnia,

2059 3523 2093 3562 ο
2122 3504 2251 3570 viri,
2288 3501 2535 3559 Platonis
2565 3498 2737 3555 verba
2772 3504 2926 3563 sunt,
2959 3510 3073 3553 non
3098 3511 3222 3551 mea
3252 3514 3267 3549 :
3298 3497 3502 3567 quibus
3524 3509 3632 3552 nos

2059 3595 2339 3657 admonet,
2378 3599 2490 3646 non
2524 3587 2731 3644 debere
2760 3598 2961 3656 pecora
2991 3585 3176 3639 omnia
3216 3586 3274 3639 in
3307 3585 3630 3639 universum

2024 3718 2031 3724 ~
2060 3686 2332 3751 damnari,
2376 3682 2448 3739 ob
2485 3694 2550 3737 ea
2583 3687 2709 3749 qua;
2743 3690 2774 3731 a
2807 3675 2971 3732 malis
3007 3675 3327 3748 pastoribus
3367 3681 3627 3747 aguntur,

2060 3778 2148 3834 vel
2209 3790 2332 3847 qua:
2385 3767 2706 3844 pastoribus
2757 3780 2989 3838 prorsus
3040 3774 3251 3821 carent.
3306 3764 3632 3835 Rursusque

2063 3866 2269 3945 (Phaed.
2302 3881 2359 3936 p.
2388 3863 2456 3919 69
2487 3861 2550 3931 ϐ)
2593 3859 2727 3917 alibi
2759 3859 3052 3916 manifeste
3094 3858 3257 3916 docet
3321 3871 3432 3915 non
3466 3866 3631 3927 posse
3668 3900 3671 3901 ν

2060 3958 2472 4018 multitudinem
2503 3968 2624 4011 esse
2655 3951 3134 4024 philosophorum.
3168 3969 3189 4003 ι
3226 3949 3383 4006 Multi
3401 3948 3628 4020 quidem

2058 4052 2265 4109 ferulas
2305 4053 2539 4121 gestant,
2578 4044 2780 4115 inquit,
2814 4042 2978 4114 pauci
3022 4052 3157 4098 vero
3196 4047 3327 4097 sunt
3350 4038 3570 4097 bacchi.
3598 4058 3618 4092 ι

2052 4144 2212 4201 Idem
2236 4136 2649 4197 dixihChristus
2681 4133 2946 4190 Dominus
2974 4151 2989 4189 :
3022 4151 3042 4185 ι
3075 4131 3232 4188 Multi
3260 4140 3390 4189 sunt
3420 4129 3623 4197 vocati,

2058 4233 2224 4308 pauci
2260 4242 2396 4287 vero
2435 4225 2598 4283 electi
2640 4224 2687 4278 ε.
2721 4240 2741 4276 ι
2803 4222 3016 4290 Quibus
3052 4221 3222 4278 etiam
3258 4228 3627 4278 consentanea

389 4338 516 4400 τοὺς
551 4334 651 4406 μὲν
689 4309 874 4405 ίάγαν]
907 4328 1209 4399 θαυμάζειν
1251 4326 1371 4400 [ὡς]
1408 4327 1880 4398 ύπεραλλομένους
1908 4327 1951 4361 ’⁸

2061 4333 2213 4386 sunt.
2262 4335 2385 4392 qua:
2431 4318 2588 4374 Plato
2638 4313 2717 4406 ait
2769 4313 2827 4368 in
2869 4312 3197 4384 Epinomide
3252 4312 3328 4384 (p.
3366 4312 3472 4367 975
3513 4309 3578 4381 C)
3609 4326 3629 4365 :

388 4427 461 4483 τὰ
484 4427 583 4497 τῆς
614 4424 828 4494 φύσεως
861 4425 1178 4493 σκάμματα,
1206 4422 1319 4483 τοῖς
1351 4420 1407 4473 δὲ
1446 4412 1633 4491 νέμειν
1665 4420 1788 4472 τινά
1829 4417 1958 4486 ξυγ-

390 4516 635 4587 γνώμην,
661 4513 780 4587 [ώς]
818 4512 922 4567 ὑπὸ
946 4510 1053 4564 τῶν
1083 4508 1338 4581 ἐμφύτων
1368 4509 1828 4581 κατασυρομένοις
1851 4524 1957 4564 πα-

394 4608 523 4662 θὼν.
558 4606 680 4659 Ὅτι
712 4604 820 4677 γὰρ
866 4601 981 4677 [δὴῖ
1010 4603 1057 4635 ’⁸
1085 4601 1267 4656 ταῦτα.
1313 4600 1664 4672 παγχάλεπα,
1699 4599 1813 4654 ἴστε
1863 4601 1960 4654 καὶ

397 4698 584 4767 ὑμεῖς’
624 4715 642 4747 ι
679 4695 753 4748 Οὐ
787 4694 895 4766 γὰρ
935 4693 999 4747 ἐκ
1042 4690 1202 4763 δρυὸς
1228 4732 1244 4759 ,
1281 4709 1302 4743 ι
1350 4690 1492 4744 κατά
1543 4691 1634 4744 τὸν
1679 4690 1962 4762 ποιητικὸν

395 4790 574 4859 λόγον,
612 4804 631 4839 ι
663 4786 696 4858 ἢ
724 4787 833 4840 ἀπὸ
881 4787 1089 4858 πέτρης
1115 4782 1163 4816 ’⁷
1189 4781 1509 4853 γεγένησθε.
1549 4799 1568 4833 ι
1601 4782 1881 4853 Δεδήλωκε
1905 4781 1961 4836 δὲ

396 4876 553 4943 τοῦτο
593 4876 688 4931 καὶ
723 4878 752 4929 ό
786 4874 1009 4929 Πλάτων
1058 4876 1116 4928 ἐν
1152 4870 1230 4944 τῷ
1262 4871 1360 4943 τῆς
1409 4871 1722 4938 Πολιτείας
1762 4870 1963 4945 πρώτῳ

396 4968 649 5038 διαλόγῳ,
674 4965 767 5020 τὸν
794 4966 1043 5036 Κέφαλον
1072 4963 1381 5035 εἰσαγαγὼν
1425 4946 1503 5034 τῷ
1531 4961 1811 5034 Σωκράτει
1849 4964 1964 5019 δια-

400 5059 713 5130 λεγόμενον,
740 5058 835 5112 καὶ
880 5057 1139 5126 λέγοντα·
1184 5077 1203 5112 ι
1237 5051 1312 5111 Εὖ
1358 5054 1467 5110 ίσθι
1501 5056 1583 5109 ὅτι
1614 5054 1800 5127 ἔμοιγε
1840 5057 1964 5110 ὅσον

471 5191 499 5230 ⁸
524 5185 715 5245 Matth.
744 5204 836 5257 ιχ,
868 5187 969 5256 16;
998 5204 1130 5255 un,
1163 5173 1253 5248 id.

2069 4438 2089 4472 ι
2123 4416 2483 4486 Nequaquam
2536 4404 2769 4464 dixerim
2822 4419 2984 4477 posse
3026 4404 3284 4461 homines
3326 4403 3517 4459 felices
3565 4416 3630 4458 ac

2061 4512 2253 4567 beatos
2298 4503 2448 4568 fieri,
2498 4509 2862 4571 praeterquam
2915 4497 2972 4552 in
3011 4495 3224 4567 paucis.
3279 4494 3421 4551 Dum
3457 4488 3629 4547 vitam

2062 4604 2205 4658 hanc
2239 4597 2509 4659 vivimus,
2546 4593 2624 4648 ita
2655 4590 2896 4647 decerno
2930 4605 2944 4643 :
2979 4588 3188 4660 optima
3218 4600 3354 4643 vero
3383 4591 3470 4641 est
3501 4598 3629 4653 spes

2056 4690 2357 4751 morienti,
2403 4686 2588 4743 omnia
2629 4683 2918 4755 consequi.
2960 4701 2980 4735 ι
3030 4681 3174 4750 Quid
3218 4680 3388 4753 igitur
3437 4677 3628 4748 iniquo

2060 4784 2245 4840 animo
2264 4781 2441 4845 fertis,
2470 4776 2619 4849 quod
2648 4775 2794 4848 apud
2820 4790 2923 4831 nos
2941 4773 3208 4845 quosdam
3234 4771 3437 4828 videtis
3466 4769 3629 4824 aliam

2060 4889 2225 4947 quam
2279 4869 2613 4941 profitentur
2666 4866 2840 4921 vitam
2897 4864 3150 4920 moribus
3220 4856 3632 4933 erprimentesi

2062 4966 2244 5035 Quare
2274 4964 2465 5018 contra
2495 4973 2594 5016 eos
2622 4972 2734 5014 non
2765 4953 3111 5012 admiramini
3132 4994 3147 5021 ,
3171 4952 3268 5025 qui
3299 4961 3498 5009 natura
3532 4964 3630 5005 su-

2061 5055 2339 5131 periorem
2357 5052 2528 5109 vitam
2556 5057 2689 5108 sunt
2706 5047 2965 5121 amplexi,
2982 5060 3050 5103 ac
3073 5046 3132 5102 in
3157 5057 3387 5118 corpore
3405 5041 3630 5115 quidem

1663 5292 1898 5349 VARUS
1940 5288 2326 5349 LECTIONES
2344 5325 2361 5346 .

470 5396 517 5471 ’ξ
546 5397 584 5453 ἃ
606 5396 939 5471 δρῶσινῄοω.
964 5395 1039 5471 p.
1102 5354 1103 5359 γ
1136 5394 1185 5471 ff
1217 5392 1457 5471 μισησοι.
1507 5385 1691 5471 μισοίη
1730 5385 1898 5471 Sir‘m.

400 5466 449 5501 ³⁸
480 5457 715 5551 milia.
746 5466 922 5522 πάντα
964 5466 1027 5520 D.
1136 5465 1181 5498 ’ί
1206 5457 1775 5582 ἀρχόὲμεναζργόμενα
1802 5457 1866 5511 D.

401 5551 496 5582 mn
528 5554 649 5582 mn:
676 5534 773 5582 ἦτε
800 5550 900 5582 nm
928 5532 1067 5582 εἶπε.
1178 5531 1221 5563 ³⁸
1256 5534 1335 5582 im
1390 5570 1403 5582 .
1430 5531 1584 5582 ἡμων
1606 5526 1670 5582 C.
1711 5528 1773 5582 Ι).

401 5540 498 5641 πεί
528 5554 653 5594 mox
676 5534 773 5608 ἦτε
800 5550 900 5606 pro
928 5532 1067 5588 εἷπε.
1178 5531 1221 5563 ’⁸
1248 5526 1403 5598 ημῖν.
1430 5528 1584 5598 ἡμῶν
1606 5526 1670 5608 0.,
1711 5528 1773 5582 Ι).

476 5608 681 5641 πέρθαι»
727 5609 930 5641 ...έηηηρ
961 5605 1005 5641 n
1031 5606 1103 5641 (ιι
1128 5602 1208 5641 lin
1239 5597 1526 5641 infami-bal
1551 5611 1754 5641 omnem

2020 5384 2066 5418 ¹⁸
2101 5384 2236 5454 φέρι
2280 5380 2333 5439 ιί
2360 5396 2464 5454 τις.

1979 5455 2025 5487 ’⁸
2056 5449 2259 5523 πολλοὶ,
2294 5449 2896 5523 φησίνηφησίνπολλοὶ
2923 5449 2988 5505 Ι).
3026 5519 3055 5523 _
3098 5449 3147 5523 ξ³

1890 5527 1934 5557 ’⁸
1963 5517 2451 5595 ὑπεραλλομένὼς.
2475 5517 2982 5590 ὑπερϐαλλομένους
3025 5517 3109 5574 D."

476 5593 930 5681 πάτρηςίπέτρας
961 5605 1005 5661 D
1031 5606 1106 5678 (et
1128 5602 1208 5659 sic
1238 5593 1526 5670 interpres)
1551 5597 1754 5653 omisso
1787 5611 1911 5652 mox
1934 5593 2110 5649 τοῦτο.

2964 5376 3007 5412 ⁸⁵
3035 5379 3264 5434 ἐπαινοῖ.
3293 5374 3540 5447 ἐπαινοίη
3566 5375 3630 5447 ρ.

3204 5442 3542 5591 assa?

3274 5754 3375 5773 ,ιι-ι’·

2496 5377 2651 5451 φέρει
2678 5394 2764 5444 τις
2784 5378 2851 5451 ς.
