3974 6196
358 212 492 284 Ῑέῖὶ5
592 271 619 300 ί,
1338 212 1825 279 THEODORETI
1867 215 2201 277 EPISCOPI
2240 217 2601 278 CYRENSIS
3468 210 3624 281 1135

354 333 661 395 decertant,
702 328 799 384 sed
849 330 1230 399 incorpoream
1269 328 1354 399 (ac
1391 329 1757 401 spiritualem)
1803 330 1927 384 vita:

2045 330 2085 378 ιξ
2120 327 2276 382 ἄλλαι
2310 329 2365 381 αἱ
2399 326 2538 380 κατά
2568 328 2628 380 τὸ
2664 324 2822 395 σῶμα
2877 326 3063 394 ἡδοναὶ
3119 327 3629 398 ἀπομαραίνονται,

357 427 625 481 rationem
669 421 1041 477 temulantur?
1080 420 1284 475 Contra
1325 421 1471 475 enim
1511 437 1573 475 ac
1615 422 1797 476 facitis
1829 438 1928 476 vos

2045 419 2278 473 εοσοῦτον
2308 418 2562 482 αὔξονται
2588 419 2645 470 al
2676 417 2805 487 περὶ
2841 418 2968 479 τοὺς
2995 417 3185 486 λόγους
3234 420 3519 488 ἐπιθυμίαι
3548 437 3630 471 τε

358 516 538 569 facere
565 519 870 583 oporteret,
918 518 979 563 ut
1007 519 1064 564 et
1092 509 1215 563 illos
1243 509 1563 575 laudaretis,
1600 512 1804 581 quippe
1834 511 1927 581 qui

359 614 568 658 natura:
606 602 741 654 (mes
775 598 1105 663 transiliant,
1146 605 1203 653 et
1235 597 1322 653 his
1346 600 1561 653 veniam
1592 596 1801 669 1023
1830 599 1930 653 ali—

360 710 524 762 quam
554 690 894 754 lribueretis,
930 701 992 743 ut
1025 688 1118 759 qui
1149 705 1179 743 a
1204 698 1403 743 natura
1431 689 1610 743 insitis
1638 689 1927 758 perturba-

365 784 605 837 tionibus
639 781 1003 850 abripiantur.
1037 778 1210 845 Quam
1236 780 1345 834 sint
1382 780 1530 833 enim
1557 779 1641 833 ba:
1670 778 1733 833 ad
1764 795 1928 848 supe-

364 871 593 925 randum
631 868 911 933 dilliciles,
942 867 1046 937 ipsi
1076 882 1187 921 non
1222 867 1487 937 ignoratis
1523 883 1536 918 :
1570 880 1749 935 neque
1781 864 1931 918 enim

360 980 388 1017 e
420 978 650 1032 quercu,
679 971 739 1014 ut
772 969 945 1029 poetae
990 958 1178 1013 verbis
1220 966 1364 1022 utar,
1407 956 1493 1011 vel
1528 972 1557 1010 e
1600 957 1733 1025 pinu
1760 954 1931 1025 geniti

363 1055 667 1128 prodiistis.
703 1053 819 1107 lloc
855 1069 986 1107 vero
1014 1061 1069 1107 et
1096 1053 1251 1107 Plato
1283 1051 1574 1106 manifeste
1608 1049 1848 1104 ostendit
1876 1050 1932 1102 in

360 1149 540 1219 primo
566 1146 881 1217 Reipublica:
908 1146 1071 1211 libro,
1098 1145 1401 1215 Cephalum
1422 1160 1546 1198 cum
1570 1142 1792 1198 Socrate
1819 1142 1931 1197 dis-

363 1249 641 1296 serentem
678 1238 966 1303 inducens,
1006 1237 1356 1301 etdicentem
1394 1234 1469 1306 (p.
1500 1234 1604 1289 5‘28
1633 1234 1696 1303 D)
1734 1252 1745 1287 :
1792 1254 1808 1285 ι
1850 1233 1931 1287 Tu

364 1332 443 1387 sic
466 1331 667 1385 habeto
691 1349 703 1382 ε
734 1331 947 1395 Quanto
971 1331 987 1348 ‘
1022 1331 1195 1397 magis
1223 1327 1358 1380 mihi
1384 1328 1501 1380 alia:
1533 1342 1809 1395 corporea:
1835 1342 1933 1380 vo-

364 1423 603 1491 luptates
619 1427 997 1474 cmarccscunt
1018 1419 1073 1471 in
1097 1418 1235 1481 dies,
1259 1417 1538 1487 magisque
1552 1416 1933 1480 debilitantur,

367 1521 518 1566 tanto
558 1512 729 1581 magis
767 1510 1011 1580 augescit
1038 1508 1373 1562 desiderium
1422 1506 1793 1575 colloquendi,
1824 1522 1939 1561 ser-

368 1604 653 1672 monisque
700 1602 976 1671 voluptas.
1017 1621 1035 1652 ι
1092 1601 1232 1654 Tum
1265 1598 1487 1655 Socrate
1537 1600 1934 1670 interrogante,

2031 511 2124 563 καὶ
2148 510 2351 578 ἡδοναί.
2386 530 2403 562 ι
2434 505 2568 562 Εἶτα
2602 507 2907 577 πυθομένου
2942 508 3037 559 τοῦ
3085 509 3405 577 Σωκράτους
3444 514 3493 562 εἰ
3528 512 3632 562 ἔτι

2029 602 2091 653 τὸ
2112 601 2218 653 τῶν
2246 602 2444 671 ἡδονῶν
2478 601 2835 653 ἐπανίσταται
2883 599 3053 663 πάθος
3080 641 3095 664 ,
3131 600 3417 654 ὑπολαϐὼν
3468 603 3585 671 ἔφη
3610 620 3628 632 ο

2036 712 2053 742 ι
2078 693 2350 761 Εὐφήμει,
2374 692 2626 762 ἄνθρωπε
2648 708 2661 720 ⁸
2685 691 3060 761 ἀσμενέστατα
3093 692 3193 759 μὲν
3220 692 3287 742 τά
3320 692 3547 745 τοιαῦτα
3569 692 3633 725 ⁸⁸

2031 782 2332 849 ἀπέφυγον,
2355 780 2541 853 ῶσπερ
2568 782 2614 812 ²⁹
2636 780 2916 835 λυττῶντά
2944 798 3065 834 τινα
3084 784 3175 835 καὶ⁹
3208 782 3398 852 ἄγριον
3421 785 3635 835 δεσπό-

2031 890 2131 942 την
2154 873 2471 941 ἀποφυγών.
2512 894 2529 925 ι
2579 873 2838 927 Ἐνταῦθα
2865 875 2961 943 μὲν
2983 870 3075 927 οὖν
3099 876 3225 944 περὶ
3252 879 3351 945 τῆς
3378 878 3632 946 αἰσχρᾶς

2032 965 2225 1035 ἡδονῆς
2246 956 2469 1018 τοιαῧτα
2495 960 2804 1036 διελήλυθεν
2840 965 2884 996 ³ο
2913 984 2925 997 ο
2952 968 3008 1019 ἐν
3039 966 3094 1018 δὲ
3128 967 3206 1036 τῷ
3230 968 3451 1035 Γοργίᾳ
3485 985 3547 1019 πε
3561 969 3634 1036 pl

2034 1057 2375 1127 δικαιοσύνης
2407 1058 2502 1112 καὶ
2541 1058 2754 1122 ἀδικίας
2800 1051 2902 1111 ὧδέ
2956 1070 3120 1127 φησιο
3160 1076 3177 1108 ι
3213 1058 3462 1111 Χαλεπὸν
3513 1057 3634 1127 μὲν

2034 1149 2163 1219 γὰρ,
2196 1143 2241 1200 ῶ
2267 1148 2608 1213 Καλλίκλεις,
2635 1150 2730 1203 καὶ
2753 1147 2947 1201 πολλοῦ
2976 1148 3195 1200 ἐπαίνου
3226 1147 3395 1211 ἄξιον,
3430 1150 3487 1201 ἐν
3516 1164 3633 1217 με-

2036 1240 2176 1310 γάλῃ
2201 1240 2416 1310 ἐξουσίᾳ
2441 1240 2730 1309 γενόμενον
2755 1239 2847 1293 τοῦ
2883 1241 3108 1304 ἀδικεῖν,
3134 1240 3358 1302 δικαίως
3388 1241 3638 1293 διαϐιῶ-

2043 1349 2147 1401 ναι.
2191 1331 2388 1399 ὐλίγοι
2413 1332 2469 1384 δὲ
2497 1330 2737 1399 γίνονται
2766 1332 2814 1383 οἱ
2840 1331 3087 1385 τοιοῦτοι.
3132 1331 3286 1383 Ἐπεὶ
3317 1332 3407 1384 καὶ
3428 1330 3633 1384 ἐνθάδε

2038 1423 2132 1474 καὶ
2183 1420 2365 1475 ἄλλοθι
2419 1421 2708 1489 γεγόνασιν
2736 1464 2750 1487 ,
2796 1415 2949 1490 οἶμαι
2989 1421 3046 1474 δὲ
3094 1421 3307 1473 ἔσονται
3344 1421 3493 1473 καλοὶ
3520 1425 3635 1475 καί

2038 1508 2233 1577 ἀγαθοὶ
2261 1509 2463 1580 ταύτην
2494 1509 2592 1580 τὴν
2628 1510 2851 1580 ἀρετὴν,
2885 1511 2950 1579 ήν
2980 1527 3064 1562 τοι
3104 1509 3325 1573 δικαίως
3353 1508 3635 1579 διαχειρί-

2040 1600 2204 1665 ζωσιν
2227 1601 2268 1632 ⁸¹
2300 1600 2335 1654 ἀ
2358 1602 2421 1654 ἄν
2454 1618 2538 1663 τις
2569 1601 2860 1672 ἐπιτρέπῃ.
2902 1620 2921 1652 ›
2958 1602 3067 1653 Kal
3100 1597 3165 1655 αὖ
3208 1601 3368 1655 πάλιν
3388 1618 3399 1631 ·
3429 1620 3447 1653 ι
3473 1602 3629 1653 Ἀλλ’

365 1711 434 1749 an
459 1703 514 1749 et
538 1669 880 1764 voluptatum
904 1693 1133 1747 aﬂ‘ectus
1159 1692 1337 1746 adhuc
1361 1690 1744 1761 insurgerent?
1765 1669 1797 1741 ί(
1828 1690 1937 1745 Me-

2045 1693 2096 1747 ἐν
2124 1692 2394 1755 τοσούτοις
2426 1692 2602 1759 λόγοις
2643 1669 2852 1746 πολλῶν
2876 1692 3247 1762 ἐλεγχομένων
3280 1694 3435 1763 μόνος
3460 1686 3627 1755 οὗτος

366 1787 525 1851 liora,
560 1785 759 1854 inquit,
801 1785 1047 1853 loquere.
1097 1784 1210 1853 Ego
1248 1784 1395 1836 enim
1434 1782 1800 1836 libentissime
1839 1782 1937 1835 bas

368 1879 711 1945 voluptatum
763 1873 1211 1945 perturbationes
1252 1873 1419 1944 effugi
1460 1891 1471 1926 :
1515 1889 1623 1927 non
1673 1888 1832 1928 secus
1876 1888 1939 1927 ac

371 1966 745 2020 truculentum
800 1963 1093 2033 quemdam
1141 1964 1612 2032 saevissimumque
1654 1963 1937 2017 dominum

371 2057 681 2127 cﬂ'ugerim.
721 2074 739 2105 ι
776 2055 855 2109 Eo
880 2063 1063 2108 autem
1089 2054 1212 2108 loco
1245 2054 1311 2107 de
1344 2054 1489 2122 turpi
1519 2054 1794 2121 voluptate
1824 2053 1940 2107 lucc

372 2148 528 2201 dixit.
557 2148 616 2199 ιιι
638 2145 831 2214 Gorgia
861 2159 1014 2208 vero,
1041 2143 1108 2197 de
1130 2142 1343 2213 justitia
1372 2151 1428 2195 et
1456 2142 1725 2211 iniustitia
1752 2142 1831 2195 sic
1858 2141 1939 2194 lo-

372 2238 558 2305 quitur
587 2239 662 2305 (p.
697 2235 800 2289 526
827 2232 891 2303 D)
936 2251 949 2286 :
985 2254 1001 2285 ι
1030 2232 1278 2297 Dillicilc,
1317 2249 1349 2286 o
1374 2232 1645 2296 Callicles,
1675 2247 1738 2285 ac
1779 2230 1941 2285 laude

374 2328 528 2381 valde
575 2326 801 2395 dignum
842 2334 946 2389 est,
992 2324 1273 2378 hominem
1317 2325 1463 2393 juste
1495 2324 1702 2387 vivere,
1746 2322 1841 2391 qui
1886 2321 1944 2374 in

374 2426 641 2489 potestate
672 2434 864 2488 magna
890 2417 1245 2479 constitutus,
1274 2416 1497 2483 impune
1528 2423 1692 2483 queat
1718 2430 1838 2468 esse
1862 2414 1942 2467 in-

370 2515 569 2581 justus.
600 2509 771 2563 Pauci
796 2509 942 2562 enim
984 2509 1121 2563 tales
1158 2506 1515 2560 inveniuntur
1546 2505 1671 2557 viri.
1717 2504 1853 2557 Nam
1887 2513 1943 2559 et

377 2602 464 2657 hic
501 2609 556 2655 et
598 2600 727 2654 alibi
769 2599 939 2653 fuisse
984 2614 1093 2651 non
1128 2614 1289 2666 nego,
1338 2604 1580 2665 putoque
1606 2595 1771 2647 etiam
1802 2594 1939 2657 fore,

378 2694 578 2747 virtute
603 2692 706 2745 hac
736 2690 997 2743 honestos
1019 2688 1303 2755 bonosque
1336 2686 1609 2750 homines,
1645 2686 1689 2739 si
1718 2685 1943 2754 eajuste

376 2785 694 2853 dispensent
732 2797 853 2851 qua:
892 2780 997 2833 sibi
1038 2778 1327 2833 commissa
1365 2776 1493 2831 sint.
1537 2798 1553 2827 ι
1606 2777 1672 2829 Ει
1714 2791 1941 2829 rursus:

386 2896 403 2925 ι
434 2875 538 2929 Sed
577 2873 747 2938 enim,
795 2886 919 2925 cum
946 2885 1014 2923 ex
1043 2876 1122 2921 tot
1154 2868 1503 2921 sermonibus
1526 2866 1638 2935 jam
1663 2864 1819 2917 multi
1856 2880 1944 2918 re-

2040 1784 2239 1854 ήρεμεῖ
2273 1786 2299 1835 ὁ
2327 1783 2503 1851 λόγος,
2537 1782 2609 1846 ὡς
2644 1782 2970 1853 εὐλαϐητέον
3007 1784 3125 1835 ἐστὶ
3153 1786 3213 1836 τὸ
3240 1784 3439 1837 ἀδικεῖν
3476 1784 3625 1854 μᾶλ-

2041 1874 2151 1938 λον,
2178 1875 2211 1944 ἢ
2251 1875 2311 1927 τὸ
2336 1873 2663 1938 ἀδικεῖσθαι,
2696 1875 2791 1927 καὶ
2823 1875 3022 1937 παντὸς
3054 1876 3251 1944 μᾶλλον
3278 1876 3429 1945 ἀνδρὶ
3456 1877 3627 1945 μελε-

2041 1963 2229 2034 τητέον
2281 1965 2340 2016 ού
2390 1963 2451 2015 τὸ
2486 1964 2661 2016 δοκεῖν
2704 1960 2845 2016 εἶναι
2877 1963 3099 2031 ἀγαθὸν,
3137 1964 3272 2017 ἀλλά
3323 1966 3385 2017 τὸ
3416 1966 3627 2032 ἀγαθὸν

2042 2050 2203 2118 εἶναι,
2228 2054 2321 2108 καὶ
2356 2054 2461 2125 ἰδία
2486 2054 2578 2107 καὶ
2600 2054 2851 2126 δημοσίᾳ.
2882 2074 2899 2106 ι
2930 2056 3039 2108 Kal
3062 2057 3281 2120 τούτους
3307 2057 3363 2110 δὲ
3390 2058 3545 2110 πάλιν
3570 2057 3630 2091 ³⁸

2042 2148 2167 2208 τοὺς
2196 2146 2384 2213 λόγους
2431 2148 2457 2198 δ
2506 2146 2801 2216 Σωκράτης
2831 2144 2906 2215 τῷ
2944 2147 3184 2215 Κρίτωνι
3228 2149 3625 2217 προσενήνοχε.

2044 2240 2197 2292 Μετά
2226 2240 2333 2309 γάρ
2382 2237 2606 2301 πολλοὺς
2654 2239 2869 2308 ἐτέρους
2922 2238 3015 2291 καὶ
3046 2237 3167 2292 τάδε
3202 2238 3582 2310 προστέθεικεν
3607 2256 3624 2270 δ

2049 2348 2066 2380 ι
2106 2327 2370 2397 Οὐδαμῶς
2400 2326 2506 2397 ἄρα
2550 2327 2629 2379 δεῖ
2662 2327 2886 2380 ἀδικεῖν.
2941 2325 3078 2381 Ούδὲ
3114 2326 3461 2397 ἀδικούμενον
3510 2330 3627 2397 ἄρα

2046 2419 2371 2482 ἀνταδικεῖν,
2397 2417 2471 2480 ὼς
2496 2418 2543 2469 οἱ
2579 2416 2765 2470 πολλοὶ
2793 2417 3019 2469 οἷονται’
3044 2417 3339 2487 ἐπειδήπερ
3364 2418 3622 2486 οὐδαμῶς

2046 2511 2125 2564 δεῖ
2151 2511 2376 2562 ἀδικεῖν.
2407 2510 2472 2561 Τί
2500 2508 2554 2561 δὲ
2592 2509 2654 2578 δή
2689 2510 2769 2572 ³³;
2806 2510 3133 2579 κακουργεῖν
3158 2508 3256 2571 δεῖ,
3290 2503 3333 2562 ὦ
3374 2510 3623 2578 Κρίτων,

2047 2602 2079 2673 ἢ
2108 2602 2167 2654 ού
2194 2619 2208 2666 ;
2245 2603 2318 2655 υύ
2350 2598 2470 2671 [δεῖ]
2498 2600 2667 2667 δήπου
2698 2599 2763 2662 5",
2791 2592 2835 2652 ῶ
2859 2599 3165 2669 Σώκρατες.
3209 2598 3273 2651 Τί
3315 2599 3371 2652 δέ
3408 2601 3485 2665 al’;
3526 2602 3629 2653 ἀνο

2043 2692 2425 2761 τικακουργεῖν
2454 2690 2638 2752 κακῶς
2678 2690 2976 2759 πάσχοντα,
3015 2689 3089 2751 ὡς
3143 2690 3190 2741 οἱ
3232 2690 3415 2741 πολλοὶ
3452 2708 3619 2759 φασι,

2046 2784 2270 2848 δίκαιον,
2296 2783 2327 2853 ἢ
2358 2783 2418 2834 ού
2461 2782 2701 2847 δίκαιον;
2735 2780 3018 2849 Οὐδαμῶς.
3057 2780 3129 2831 Τὸ
3166 2780 3271 2849 γάρ
3310 2797 3410 2832 που
3450 2781 3627 2833 κακὸν

2048 2880 2219 2929 ποιεῖν
2245 2873 2573 2943 ἀνθρώποις,
2597 2873 2691 2925 τοῦ
2715 2873 2917 2929 ἀδικεῖν
2952 2872 3109 2924 οὐδὲν
3130 2872 3393 2941 διαφέρει.
3426 2872 3629 2935 Καλῶς

380 2964 594 3033 darguti
619 2963 842 3024 fuerint,
870 2960 1020 3013 solus
1042 2959 1133 3010 hic
1163 2973 1344 3011 sermo
1374 2956 1533 3010 nobis
1562 2955 1943 3010 honestissime

2049 2965 2243 3034 λέγεις.
2272 2964 2408 3018 Ούτε
2443 2959 2533 3016 οὖν
2560 2964 2666 3033 ἄρα
2696 2964 3000 3017 ἀνταδικείν
3026 2963 3085 2997 -³⁶
3123 2963 3237 3027 δεῖ,
3278 2961 3398 3016 οὔτε
3435 2963 3627 3026 κακῶς

379 3052 749 3120 conquiescit,
804 3064 913 3116 quo
972 3047 1325 3100 decernimus
1373 3046 1676 3100 cavendum
1733 3044 1946 3116 1024

379 3141 550 3210 magis
574 3155 693 3193 esse
714 3155 781 3192 ne
814 3138 1001 3207 injurii
1034 3138 1155 3191 aliis
1185 3137 1289 3206 ipsi
1325 3138 1515 3201 simus,
1538 3153 1701 3206 quam
1724 3152 1792 3189 ne
1814 3136 1947 3205 quid

380 3234 449 3287 ab
480 3231 604 3285 aliis
642 3230 855 3301 injuriae
883 3229 1155 3298 patiamur
1196 3246 1208 3282 :
1250 3244 1467 3299 praaque
1497 3228 1663 3283 rebus
1691 3227 1949 3281 omnibus

379 3325 431 3379 ci
455 3324 549 3393 qui
582 3338 708 3377 vere
736 3321 807 3376 sit
827 3322 930 3387 vir,
963 3322 1066 3375 hoc
1088 3320 1397 3375 curandum
1429 3335 1570 3383 esse,
1605 3334 1715 3372 non
1745 3328 1805 3372 ut
1827 3333 1947 3373 esse
1976 3386 1985 3389 _

381 3416 655 3479 videatur,
684 3413 780 3468 sed
806 3424 863 3467 ut
892 3412 1068 3481 reipsa
1096 3412 1166 3466 sit
1195 3412 1392 3475 bonus,
1418 3419 1473 3463 et
1503 3410 1720 3478 publice
1748 3418 1804 3463 et
1830 3409 1946 3477 pri-

383 3508 568 3563 vatim.
602 3527 620 3558 ›
654 3506 889 3560 Eosdem
920 3520 1113 3559 rursus
1134 3517 1418 3558 sermones
1446 3517 1571 3555 cum
1597 3500 1819 3557 Critone
1845 3497 1947 3555 So—

382 3608 562 3657 crates
602 3598 814 3653 habuit.
871 3598 1002 3652 Post
1046 3596 1217 3650 multa
1258 3595 1404 3649 enim
1450 3594 1555 3647 alia
1599 3593 1715 3647 haec
1750 3591 1951 3662 adjecit

383 3696 459 3763 (p.
478 3692 545 3747 49
569 3693 629 3763 Β)
657 3711 670 3745 :
699 3712 716 3742 ι
738 3691 901 3745 Nullo
926 3689 1090 3759 igitur
1112 3697 1272 3758 pacto
1293 3695 1511 3757 oportet
1539 3687 1741 3757 injuria
1761 3699 1953 3755 quem-

381 3802 545 3856 quam
574 3783 811 3847 allicere,
836 3797 1015 3850 neque
1039 3782 1085 3835 si
1112 3780 1213 3833 tibi
1239 3778 1530 3841 inferatur,
1552 3794 1675 3833 eam
1702 3776 1949 3831 vicissim

382 3876 608 3939 referre,
638 3873 799 3927 sicuti
824 3873 1026 3928 multos
1046 3872 1249 3926 sentire
1275 3870 1436 3924 video
1461 3887 1474 3921 :
1502 3869 1653 3923 nullo
1675 3868 1949 3938 siquidem

384 3976 543 4037 pacto
576 3966 734 4021 decet
761 3982 881 4020 esse
908 3966 1193 4037 iniurium.
1227 3962 1370 4028 Quid
1395 3971 1601 4026 autem,
1628 3960 1803 4024 Crito,
1832 3976 1951 4013 ma-

386 4059 509 4111 lone
557 4070 884 4125 quemquam
911 4058 1040 4110 licet
1064 4054 1300 4117 adicere,
1349 4069 1418 4106 an
1449 4068 1559 4107 non
1592 4051 1758 4106 licet?
1788 4050 1952 4105 Nullo

385 4146 715 4212 modolicct,
749 4162 780 4199 o
809 4147 1079 4201 Socrates.
1106 4146 1305 4199 Malum
1328 4158 1458 4196 vero
1486 4143 1541 4195 in
1560 4156 1686 4195 eum
1718 4140 1947 4207 referre,

384 4256 417 4294 a
447 4254 556 4309 quo
593 4238 744 4307 prior
780 4254 972 4307 passus
1009 4236 1197 4299 fueris,
1244 4234 1397 4289 fasne
1427 4244 1532 4298 est,
1571 4241 1630 4287 ut
1665 4234 1823 4288 multi
1870 4234 1951 4288 di-

2050 3057 2221 3107 ποιεῖν
2256 3053 2443 3107 οὐδένα
2476 3052 2799 3123 ἀνθρώπων,
2855 3054 2961 3106 οὐδ’
2994 3054 3058 3107 ἂν
3099 3054 3277 3107 ὁτιοῦν
3326 3056 3508 3126 πάσχῃ
3535 3073 3629 3118 τις

2051 3146 2142 3198 ὑπ’
2174 3144 2373 3197 αὐτῶν.
2414 3163 2433 3196 ι
2469 3143 2736 3213 Τοιαύτην
2792 3144 2889 3213 μὲν
2927 3142 3080 3215 [I72]
3112 3140 3203 3197 οὖν
3237 3145 3449 3207 ἀδικίας
3489 3144 3625 3213 πέρι

2051 3238 2146 3289 xal
2177 3234 2521 3306 δικαιοσύνης
2557 3234 2854 3306 Σωκράτης
2888 3236 2981 3288 καὶ
3015 3235 3238 3289 Πλάτων
3278 3236 3627 3290 διδασκαλίαν

2050 3324 2402 3399 ἐποιησάτην.
2438 3326 2751 3393 ἀξιέπαινον
2783 3326 2996 3396 ἀληθῶς
3030 3328 3124 3379 καὶ
3168 3327 3386 3398 λογικὴν
3429 3329 3523 3381 καὶ
3556 3331 3625 3400 τῇ

2052 3418 2211 3489 φύσει
2240 3421 2305 3488 τῇ
2351 3416 2665 3488 ἀνθρωπίνῃ
2712 3416 3138 3487 ξ·.›μ6αἰνουσαν’
3191 3418 3259 3471 τὰ
3313 3418 3420 3489 γάρ
3456 3418 3625 3487 ἠθικὰ

2055 3508 2353 3580 μαθήματα
2393 3509 2600 3571 πάντας
2652 3508 2972 3579 ἀνθρώπους
3021 3510 3052 3579 ή
3111 3508 3271 3578 φύσις
3312 3509 3621 3563 ἐπαίδευσε.

2052 3602 2362 3663 Διαπλάσας
2392 3600 2498 3671 γάρ
2530 3618 2611 3653 τοι
2637 3599 2742 3652 τῶν
2773 3599 3080 3671 ἀνθρώπων.
3101 3600 3161 3652 τὸ
3190 3600 3345 3667 γένος
3374 3602 3402 3653 δ
3453 3600 3626 3669 Ποιη-

2051 3692 2169 3763 τής,
2211 3692 2476 3745 ἐντέθεικε
2499 3694 2565 3763 τῇ
2594 3691 2750 3760 φύσει
2776 3690 2871 3761 τὴν
2891 3692 2999 3744 τῶν
3018 3691 3238 3758 ἀγαθῶν
3272 3692 3362 3744 καὶ
3394 3692 3492 3761 τὴν
3516 3691 3627 3744 τῶν

2054 3785 2309 3840 ἐναντίων
2360 3785 2648 3851 διάγνωσιν
2705 3783 2769 3834 ³⁷.
2812 3782 2975 3836 Ὅθεν
3026 3784 3086 3835 οὐ
3123 3783 3282 3852 μόνον
3328 3783 3628 3854 Σωκράτης

2052 3878 2144 3930 καὶ
2170 3872 2392 3931 Πλάτων
2423 3877 2517 3927 καὶ
2560 3874 2892 3946 Ἀριστείδης
2925 3876 2952 3926 ὁ
2980 3874 3295 3943 Λυσιμάχου
3331 3874 3424 3925 καὶ
3473 3874 3624 3928 ἄλλοι

2050 3967 2191 4029 τινὲς
2244 3966 2351 4019 τῶν
2404 3965 2671 4035 Ἑλλήνων
2705 3964 2794 4018 τὸν
2847 3962 3027 4017 ἄδικον
3082 3964 3431 4029 ἐδδελύξαντο
3488 3965 3623 4034 βίον,

2052 4058 2187 4112 ἀλλά
2209 4058 2303 4112 καὶ⁸
2337 4056 2445 4109 τῶν
2473 4056 2762 4126 βαρϐάρων
2794 4056 2997 4109 πολλοί.
3033 4056 3142 4109 Kal
3167 4056 3273 4127 γὰρ
3315 4056 3623 4120 Ἑλλάνικος

2052 4153 2111 4204 ἐν
2144 4152 2264 4212 ταῖς
2292 4148 2551 4219 ἱστορίαις
2588 4147 2689 4218 ἔφη
2716 4164 2729 4179 ⁸
2768 4168 2797 4200 «ν
2827 4149 2965 4211 Τοὺς
3015 4148 3412 4218 ’Υπερδορέους
3453 4150 3622 4202 οἰκεῖν

2058 4241 2153 4310 μὲν
2180 4238 2317 4307 ὑπὲρ
2338 4236 2405 4289 τὰ
2446 4236 2666 4289 Ῥίπαια
2686 4237 2808 4307 ὅρη,
2844 4238 3033 4289 ἀσκεῖν
3061 4236 3115 4289 δὲ
3148 4237 3515 4307 δικαιοσύνην,
3550 4239 3625 4309 μὴ

384 4340 536 4396 cunt,
576 4347 646 4384 an
674 4328 863 4383 nefas?
898 4328 1059 4382 Nullo
1088 4325 1309 4395 quidem
1346 4325 1509 4379 modo
1553 4324 1634 4379 fas
1677 4334 1779 4380 est.
1812 4325 1943 4381 Male

2058 4326 2475 4399 κρηφαγοῦντας
2507 4326 2573 4391 ³⁸,
2608 4325 2723 4380 ἀλλ’
2749 4327 3071 4397 ἀκροδρύοις
3100 4329 3436 4398 χρωμένους.
3472 4348 3491 4380 ι
3518 4332 3627 4383 Καὶ

383 4423 531 4477 enim
569 4438 899 4492 quemquam
934 4419 1161 4482 adicias,
1194 4434 1263 4470 an
1298 4418 1376 4471 sis
1407 4418 1485 4471 illi
1522 4418 1779 4488 injurius,
1811 4417 1954 4473 nihil

385 4517 592 4571 differt.
626 4516 793 4569 Recte
827 4512 984 4567 dicis.
1021 4510 1209 4579 Neque
1239 4509 1405 4579 igitur
1434 4510 1694 4579 injuriam
1722 4510 1950 4576 referre,

387 4622 561 4675 Leque
594 4605 798 4659 malum
826 4602 1028 4656 inferre
1070 4600 1357 4655 hominum
1398 4601 1657 4669 cuiquam
1698 4601 1849 4666 licet,
1880 4618 1951 4657 ne

386 4697 609 4765 quidem
639 4697 683 4751 si
713 4696 780 4750 ab
822 4695 903 4749 eis
935 4676 1227 4764 quisquam
1255 4695 1407 4764 prior
1442 4694 1705 4763 patiatur.
1737 4714 1755 4746 ι
1802 4694 1956 4749 Hanc

386 4789 553 4857 igitur
605 4787 673 4842 de
711 4786 925 4857 justilia
972 4794 1029 4839 et
1076 4784 1346 4855 injustitia
1387 4783 1644 4838 Socrates
1699 4798 1762 4837 ac
1802 4784 1955 4837 Plato

386 4876 693 4929 doctrinam
728 4874 1095 4937 tradiderunt,
1150 4871 1481 4925 laudabilem
1525 4870 1673 4923 illam
1702 4886 1953 4938 prorsus,

391 4966 697 5035 rationique
726 4975 1177 5027 consentaneam,
1203 4971 1258 5015 et
1282 4963 1545 5043 humanae
1576 4970 1783 5015 natura:
1819 4977 1953 5033 con:

386 5064 691 5131 gruentem.
732 5056 991 5111 Moralem
1016 5053 1289 5123 siquidem
1323 5052 1668 5120 disciplinam
1698 5053 1959 5106 mortales

2056 4421 2181 4482 τοὺς
2208 4419 2537 4489 Βραχμᾶνας
2567 4416 2868 4489 ἱστοροῦσιν
2899 4418 3074 4489 ἕτεροι
3102 4421 3158 4471 ἐν
3208 4421 3327 4481 ταῖς
3359 4419 3513 4482 ὕλαις
3542 4419 3624 4473 δι-

2058 4511 2231 4579 ἀγειν,
2261 4508 2479 4577 φύλλοις
2511 4510 2572 4561 τὸ
2606 4509 2764 4578 σῶμα
2790 4508 3177 4571 καλύπτοντας.
3222 4510 3329 4562 Καὶ
3359 4510 3627 4581 Ἀνάχαρο

2059 4622 2141 4656 σιν
2162 4602 2220 4655 δὲ
2248 4600 2337 4654 τὸν
2367 4600 2579 4671 Σκύθην
2620 4601 2903 4670 φιλόσοφον
2941 4600 3272 4671 γεγενῆσθαί
3307 4620 3490 4670 φασιν.
3520 4603 3627 4657 Οὖ-

2055 4712 2163 4757 τως
2198 4693 2253 4745 δέ
2284 4693 2443 4747 αὑτὸν
2464 4696 2490 4745 ὁ
2510 4693 2606 4760 τῆς
2642 4692 2957 4761 φιλοσοφίας
2991 4692 3368 4764 ἐπυρπόλησεν
3392 4695 3437 4726 ³⁹
3463 4694 3625 4765 ἔρως,

2053 4786 2126 4847 ὡς
2152 4784 2577 4854 ὀνομαστότατον
2602 4782 2854 4851 γενέσθαι
2882 4785 2971 4837 καὶ
3002 4788 3153 4855 παρά
3176 4787 3339 4837 πᾶσιν
3360 4786 3624 4855 ἀοίδιμον.

2056 4875 2129 4926 Ού
2166 4876 2273 4943 γάρ
2307 4874 2464 4943 μόνον
2495 4872 2810 4944 ἐγρηγορὼς
2853 4873 2988 4943 πρὸς
3022 4874 3087 4926 τά
3115 4873 3215 4943 τῆς
3252 4874 3431 4944 ψυχῆς
3476 4876 3626 4943 ὴγω-

2040 4962 2231 5027 ,νίζετο
2274 4963 2440 5033 πάθη,
2473 4962 2606 5016 ἀλλὰ
2645 4962 2739 5016 καὶ
2776 4963 3137 5017 καθεύδωντά
3172 4966 3269 5033 τῆς
3296 4965 3623 5034 ἐγκρατείας

2059 5044 2359 5124 παρεδήλου
2389 5057 2589 5125 σημεῖα
2612 5070 2623 5082 ·
2652 5054 2829 5106 εἰώθει
2848 5054 2956 5125 γὰρ
2981 5056 3044 5124 τῇ
3079 5055 3178 5125 μὲν
3206 5055 3332 5125 λαιᾷ
3361 5055 3429 5107 τά
3453 5056 3625 5109 αἰδοῖα

1692 5192 1924 5248 ΥΑΒΙᾸΞ
1958 5193 2359 5250 LECTIONES.

457 5334 501 5366 “
533 5332 630 5404 μέν
656 5350 738 5386 τοι
758 5328 923 5404 αὐτά.
960 5347 1028 5404 τε.
1052 5322 1275 5404 τοιαῦτα
1303 5330 1369 5404 C_,_
1404 5329 1478 5404 τά
1502 5328 1722 5404 τοιαῦτα
1747 5330 1807 5383 D.
1885 5332 1943 5404 ’ἦν
1964 5330 2173 5404 ῶσπερ.
2444 5332 2503 5404 “’_
2519 5331 2849 5402 διελήλυθεν.
2875 5333 3239 5404 διεξελήλυθεν
3274 5334 3337 5387 Ι).

389 5400 1287 5481 χεγιερίζιε›ἶνται..διαχρειρίςουσιμ(Σζ
1310 5400 1410 5481 Ψ),
1457 5400 1865 5481 διαχωρίςουσιν
1885 5403 1983 5463 Va,
2016 5401 2441 5481 διαχειρίζωσιν
2476 5400 3146 5481 Βηριζηιοιλέπιτρέποι.

1498 5470 1539 5501 ’λ
1575 5472 1635 5553 ού
1664 5468 1784 5553 [δεῖ]
1805 5472 1995 5553 δήπου.
2016 5470 2090 5522 ὀὐ
2123 5468 2294 5538 δήπου
2318 5470 2379 5539 δὴ
2402 5472 2463 5523 D.
2504 5541 2515 5553 ἱ
2544 5473 2590 5553 ‘1
2612 5472 2662 5523 τί
2802 5473 2879 5524 δεῖ
2913 5468 3048 5553 δὲ’(Σ2
3084 5475 3145 5527 Ι).
3224 5474 3268 5505 ³⁵
3297 5474 3618 5553 ἀνταδικεξν.

390 5471 549 5543 πάλιν
576 5473 638 5525 Ι),
714 5541 727 5543 _
750 5473 794 5503 ⁸³
820 5472 870 5522 τί
902 5471 1069 5543 agar}.
1088 5471 1229 5543 -τῇδε

3445 5334 3488 5365 ιι
3513 5334 3626 5387 δια,

3240 5404 3284 5435 ⁸²
3336 5404 3515 5457 πάλιν.
3558 5400 3622 5459 αὖ

389 5538 675 5620 ἀντιδικεῖν
700 5541 847 5620 ρηθι
872 5542 1008 5620 sic?
1030 5529 1110 5608 pr.
1142 5529 1164 5543 ”
1188 5529 1569 5620 ‘16::c'zvaatv“.
1595 5529 1864 5620 διάκρῖσιν
1884 5543 2099 5620 (γνῶσιν
2132 5529 2294 5620 supra
2322 5529 2519 5611 κρισιν)
2554 5543 2615 5595 D.
2695 5544 2738 5574 ³⁸
2770 5529 3206 5612 κρηφαγοῦντας.
3245 5542 3623 5614 κρεωφαγοῦνο

390 5612 487 5664 τις
533 5607 594 5658 D.

700 5612 741 5641 ”
773 5610 1166 5679 ἐπυρπόλησεν.
1210 5610 1501 5673 ἐξέκαυσεν
1533 5611 1594 5676 Ι),
1633 5612 1725 5678 qui
1774 5628 1897 5665 mox
1948 5612 2104 5680 μόνον
2148 5614 2272 5679 γάρ.
