3974 6196
350 347 482 414 1137

864 341 1301 406 GRJECARUM
1337 337 1636 400 AFFECT.
1678 338 2242 402 CURATIO.--XII.
2285 342 2382 402 DE
2421 344 2753 405 VIRTUTE
2793 343 3080 404 ACTIVA.

3450 339 3586 406 1138

348 453 619 524 κατέχειν,
653 450 717 523 τῇ
764 449 909 520 δεξιᾷ
934 449 1081 504 δὲτὰ
1118 449 1273 520 χείλη
1313 447 1557 518 συνέχειν
1580 463 1592 477 ’
1625 445 1799 517 ταύτῃ
1834 463 1908 515 πη

2028 461 2204 502 mines
2254 457 2451 503 natura
2490 450 2608 520 ipsa
2645 450 2955 520 perdocuit.
2991 449 3220 504 Creator
3244 445 3391 499 enim
3417 447 3586 515 Deus,

297 579 304 586 -
348 545 541 616 δηλῶν,
577 545 649 606 ὠς
679 541 856 612 πολλῷ
885 543 1086 613 μείζων
1113 541 1259 595 ἐστὶν
1287 543 1319 611 ἡ
1370 539 1578 608 ἀγωνία
1606 539 1706 610 τῆς
1735 537 1912 608 γλώτ-

347 654 464 706 της,
499 635 587 688 καὶ
627 633 869 703 μείζονος
906 633 1225 704 ἐπικουρίας
1260 636 1340 696 είς
1382 632 1680 702 ἀσφάλειαν
1721 631 1913 685 δεῖται.

349 727 457 779 Καὶ
487 724 733 795 Χείρωνα
763 724 818 778 δὲ
849 723 940 777 τὸν
985 723 1296 794 Κένταυρον
1329 723 1645 793 Ἕρμιππός
1689 739 1853 792 φησιν
1888 721 1916 773 ὁ

349 816 606 887 Βηρύτιος
631 815 979 885 δικαιοσύνης
997 815 1252 884 γενέσθαι
1275 814 1612 880 διδάσκαλον,
1629 815 1723 868 καὶ
1737 815 1914 885 Ὅμη-

353 922 442 974 ρος
468 907 522 958 δὲ
551 907 715 960 αὑτὸν
753 926 772 958 ι
813 907 1151 961 δικαιότατον
1182 907 1292 961 τῶν
1326 906 1653 979 Κενταύρων
1675 927 1692 960 ι
1729 907 1916 961 ἐκάλε-

346 1012 455 1050 σεν.
489 997 562 1050 υύ
593 997 772 1050 τοίνυν
803 997 945 1067 μάλα
968 999 1234 1067 προσήκει
1255 996 1556 1068 θαυμάζειν
1577 997 1700 1050 οὔτε
1736 996 1916 1050 Ἠσίο-

341 1073 452 1152 δον,
477 1091 734 1159 τραχεῖαν
766 1089 993 1157 λέγοντα
1014 1090 1112 1160 τῆς
1141 1090 1344 1160 ἀρετῆς
1365 1089 1462 1160 τὴν
1483 1089 1598 1142 ὁδὸν
1622 1091 1716 1144 κοιλ⁹
1747 1107 1918 1161 προσ-

343 1176 476 1248 άντη
525 1180 620 1231 καὶ¹
651 1180 934 1243 δύσϐατον,
989 1177 1109 1260 οὗτε
1165 1180 1466 1250 Σιμωνίδην
1525 1173 1683 1251 ’[Τὰν
1703 1180 1919 1249 ἀρετὰν

342 1268 601 1338 εἰρηκότα
622 1271 814 1323 ναίειν
836 1269 881 1301 ⁵⁸
917 1269 1237 1335 δυσϐάτοις
1269 1269 1370 1323 ἐπὶ
1397 1268 1684 1341 πέτραις]
1723 1271 1790 1322 “A
1811 1273 1918 1343 γὰρ

339 1357 405 1428 δὴ
436 1359 513 1429 τῷ
550 1359 783 1431 Χείρωνι
813 1360 906 1414 καὶ
934 1362 1044 1423 τοῖς
1097 1359 1486 1430 Ἱππημολγοῖς
1531 1362 1918 1432 προσεμαρτύ-

343 1466 510 1519 ρησεν
535 1451 803 1522 Ὅμηρος,
832 1452 925 1506 καὶ
953 1453 1095 1524 ἆπερ
1135 1452 1461 1524 Ἀνάχαρσις
1482 1453 1509 1504 ὁ
1533 1453 1744 1522 Σκύθης
1773 1453 1920 1525 ἔργῳ

345 1539 603 1609 μετῆλθε,
643 1541 814 1594 ταῦτα
867 1541 1012 1611 λόγῳ
1064 1542 1379 1613 παρῄνεσαν
1432 1544 1481 1597 οί
1539 1543 1919 1615 ἐπαινούμενοι

343 1630 590 1698 ποιηταί.
634 1632 746 1684 Καὶ
800 1631 1144 1701 Ἀντισθένης
1180 1633 1237 1685 δὲ
1273 1636 1300 1687 ὁ
1345 1633 1579 1695 Κυνικὸς
1623 1634 1920 1706 (Σωκρατι-

343 1717 440 1779 κὸς
462 1718 506 1748 ⁸⁸
541 1719 597 1771 δέ
635 1721 726 1773 καὶ
756 1716 929 1790 οὗτος)
960 1722 1052 1774 τοῦ
1081 1723 1305 1792 ἣδεσθαι
1339 1723 1398 1775 τὸ
1428 1723 1709 1792 μαίνεσθαι
1741 1727 1920 1794 κρεῖτ-

342 1824 438 1860 τον
460 1808 679 1880 εἴρηκεν
707 1807 842 1864 εἶναι
864 1828 877 1841 ·
902 1811 982 1864 διδ
1012 1813 1103 1865 καὶ
1138 1812 1373 1883 παρῄνει
1397 1812 1445 1843 ³³
1479 1816 1590 1876 τοῖς
1623 1815 1919 1884 γνωρίμοις
1949 1795 1996 1854 Β

350 1897 489 1968 μηδὲ
515 1899 775 1954 δάκτυλον
806 1902 1042 1955 ἐκτεῖναί
1068 1919 1195 1956 ποτε
1223 1903 1407 1958 εἵνεκα
1429 1903 1638 1974 ἡδονῆς.
1664 1905 1776 1975 Τῆς
1801 1905 1921 1958 τού-

346 2005 442 2042 του
464 1991 811 2058 διδασκαλίας
838 1994 1105 2066 τετύχηκε
1132 1997 1384 2066 Διογένης
1411 1999 1438 2048 ὁ
1465 1997 1762 2059 Σινωπεὺς,
1780 1996 1920 2067 λόγῳ

351 2083 454 2153 μὲν
497 2085 593 2136 καὶ
636 2087 798 2150 αὐτὸς
832 2087 929 2157 τὴν
964 2088 1280 2156 φιλοσοφίαν
1319 2086 1590 2157 ζηλώσας,
1625 2087 1818 2158 ἡδονῆς
1865 2087 1921 2139 δὲ

347 2171 540 2236 δοῦλος
569 2176 882 2245 γενόμενος,
912 2180 1005 2231 καὶ
1042 2177 1274 2249 δημοσίᾳ
1297 2179 1419 2240 ταῖς
1460 2177 1700 2248 ἑταίραις
1732 2177 1924 2247 μιγνύ-

351 2279 539 2332 μενος,
577 2265 672 2317 καὶ
701 2266 961 2319 κάκιστον
991 2271 1101 2331 τοῖς
1130 2267 1422 2338 θεωμένοις
1467 2268 1790 2338 προσφέρων
1823 2287 1926 2321 πα-

353 2349 644 2421 ράδειγμα.
673 2354 808 2407 Φασὶ
852 2356 907 2408 δὲ
940 2355 1100 2410 αὑτὸν
1127 2395 1142 2420 ,
1177 2356 1534 2426 μεμψαμένου
1566 2357 1709 2420 τινὸς
1752 2361 1812 2411 τὸ
1845 2376 1919 2427 γι-

348 2441 637 2512 γνόμενον,
673 2446 765 2498 καὶ
789 2446 1093 2517 εἰρηκότος,
1137 2465 1154 2498 ι
1192 2447 1257 2498 Τί
1306 2451 1499 2513 ποιεῖς,
1530 2441 1574 2500 ὦ
1596 2449 1872 2515 Διόγενες;
1901 2467 1919 2499 ι

2016 553 2142 596 cum
2176 539 2460 595 hominem
2491 541 2805 607 formasset,
2832 550 3048 596 natura:
3081 539 3283 594 indidit
3314 539 3587 595 bonorum

2017 630 2398 700 malorumque
2423 632 2837 689 discretionem.
2873 633 2992 700 Quo
3021 633 3244 696 factum,
3274 639 3333 685 ut
3358 645 3469 686 non
3501 636 3605 687 σοι’

2016 721 2132 775 lum
2183 721 2464 788 Socrates,
2517 734 2574 778 et
2619 724 2810 790 Plato,
2859 730 2917 778 et
2959 722 3236 777 Aristides
3277 720 3588 792 Lysimachi

2017 813 2183 878 filius,
2231 823 2289 869 et
2328 815 2420 868 alii
2449 815 2675 884 quidam
2696 819 2712 836 '
2734 815 3073 880 Grecorum,
3101 813 3426 884 injustitiam
3454 813 3591 868 abo-

2017 902 2210 956 minati
2239 902 2378 970 (sint,
2422 903 2518 958 sed
2555 904 2917 959 barbarorum
2931 905 3097 960 etiam
3116 903 3362 973 plurimi.
3386 904 3591 959 Auctor

2018 996 2164 1051 enim
2186 1001 2270 1051 est
2298 996 2354 1050 in
2389 997 2600 1067 1025
2625 998 2872 1053 historiis
2891 999 3008 1054 suis
3027 997 3363 1061 Hellanicus,
3380 995 3590 1067 Hyper-

2019 1084 2237 1149 boreos,
2261 1084 2355 1154 qui
2383 1085 2526 1139 ultra
2549 1095 2763 1141 montes
2785 1087 3004 1156 Ripaaos
3027 1086 3297 1152 habitant,
3321 1085 3591 1156 justitiam

2019 1177 2223 1242 colere,
2273 1192 2378 1232 nec
2420 1176 2678 1232 carnibus
2719 1177 2890 1242 vesci,
2935 1177 3032 1232 sed
3080 1175 3329 1231 arboreis
3378 1183 3590 1230 tanturn

2018 1267 2308 1323 fructibus.
2353 1267 2422 1320 Et
2451 1267 2821 1323 Brachmanas
2861 1267 2955 1322 alii
2987 1276 3214 1322 narrant
3236 1267 3293 1319 in
3321 1266 3474 1320 silvis
3500 1265 3593 1319 dc-

2019 1375 2166 1431 gere,
2194 1370 2397 1429 corpus
2418 1359 2710 1415 frondibus
2729 1360 3046 1416 vestientes.
3074 1356 3434 1414 Anacharsim
3457 1372 3595 1426 quo-

2020 1466 2127 1520 que
2147 1449 2402 1520 Scytham
2419 1449 2808 1518 phiIOSOphum
2833 1449 2989 1503 aiunt
3004 1448 3172 1503 fuisse
3198 1466 3212 1500 :
3237 1455 3388 1503 tanto
3410 1454 3592 1501 autem

2022 1543 2176 1596 illum
2202 1541 2562 1611 phi1050phi2e
2589 1557 2774 1597 amore
2805 1541 3084 1605 inarsisse,
3119 1547 3184 1593 ut
3204 1538 3595 1594 celeberrimus

2021 1635 2277 1700 evaserit,
2317 1643 2372 1688 et
2403 1634 2544 1703 apud
2577 1648 2768 1688 omnes
2801 1625 3051 1687 illustris.
3081 1631 3202 1686 Non
3227 1630 3406 1684 solum
3444 1628 3592 1682 enim

2021 1726 2287 1780 adversus
2322 1725 2487 1778 animi
2523 1725 2968 1794 perturbationes
2997 1719 3275 1792 vigilando
3295 1718 3592 1790 pugnabat,

2027 1830 2218 1870 verum
2255 1815 2420 1869 etiam
2463 1814 2746 1878 dormiens
2797 1812 3152 1868 continentia:
3193 1811 3346 1880 signa
3388 1809 3592 1868 dabat:

1997 1914 2389 1984 .consueverat
2411 1906 2558 1960 enim
2589 1906 2812 1961 sinistra
2836 1905 3059 1976 quidem
3081 1903 3265 1958 virilia
3288 1901 3594 1966 continere,

2027 1997 2219 2050 dextra
2278 2010 2410 2050 vero
2459 1995 2612 2050 labra
2668 1994 3034 2064 comprimere
3085 2010 3099 2046 :
3151 1992 3231 2048 sic
3302 1990 3600 2046 ostendens

2029 2086 2253 2156 majoris
2287 2100 2408 2140 esse
2450 2085 2657 2156 negotii
2694 2085 2935 2154 linguam
2975 2097 3254 2148 coercere,
3294 2081 3599 2152 majorique

2027 2175 2230 2231 auxilio
2265 2191 2387 2231 esse
2414 2191 2574 2246 Opus,
2601 2184 2663 2230 ut
2691 2174 2760 2230 ab
2781 2191 2845 2230 ea
2873 2174 2976 2229 tuti
2999 2189 3120 2229 esse
3145 2172 3440 2243 possimus.
3465 2170 3598 2226 Chi-

2027 2282 2221 2322 ronem
2244 2282 2462 2336 quoque
2497 2265 2836 2321 Centaurum
2878 2264 3208 2334 Hermippus
3241 2262 3498 2334 Berytius
3524 2260 3602 2316 ait

2023 2358 2254 2428 justitire
2317 2357 2642 2429 magistrum
2721 2355 2948 2411 fuisse:
2996 2354 3262 2422 illumque
3329 2351 3600 2406 Homerus

2041 2467 2058 2500 ι
2085 2448 2484 2504 Centaurorum
2512 2446 2880 2517 justissimum
2911 2464 2928 2497 ι
2960 2445 3216 2514 appellat.
3253 2442 3410 2497 Haud
3433 2442 3602 2510 igitur

352 2531 524 2599 φάναι
557 2537 783 2600 ἐκεῖνον,
817 2539 882 2606 τῇ
919 2537 1138 2609 συνήθει
1165 2537 1405 2608 λοιδορίᾳ
1427 2539 1800 2610 χρησάμενον·
1826 2534 1924 2590 «Ὦ

2033 2537 2222 2593 mirari
2244 2537 2404 2593 valde
2435 2537 2713 2602 convenit,
2747 2533 2837 2591 vel
2869 2535 3191 2600 Hesiodum,
3223 2534 3320 2604 qui
3351 2549 3602 2603 asperam

353 2620 638 2689 κάθαρμα,
673 2627 720 2674 εί
745 2625 1054 2694 ἐπιτύχοιμι
1085 2627 1152 2691 ⁸³,
1184 2625 1488 2696 ἄνθρωπον.
1536 2646 1553 2678 ι
1595 2627 1777 2692 Οὕτως
1805 2627 1924 2680 ὁ.νέ-

2031 2627 2253 2682 virtutis
2282 2628 2425 2680 viam
2455 2642 2576 2682 esse
2598 2627 2754 2692 dicit,
2797 2634 2852 2680 et
2884 2624 3134 2689 arduam,
3162 2631 3330 2692 atque
3357 2623 3602 2677 inacces-

353 2705 453 2775 δην
501 2709 776 2777 ἐλὰγνευε,
829 2714 1030 2765 Τούτου
1080 2716 1303 2784 Κράτης
1350 2718 1377 2768 ὁ
1419 2715 1650 2785 Θηϐαῖος
1691 2717 1780 2769 τὸν
1813 2717 1924 2786 βίον

2033 2737 2148 2775 sam
2180 2739 2192 2772 :
2222 2720 2304 2774 vel
2339 2719 2698 2782 Simonidem,
2737 2717 2831 2788 qui
2859 2717 3120 2789 (habitare
3148 2716 3395 2770 virtutem
3431 2713 3511 2767 ait
3547 2714 3605 2767 in

355 2797 634 2867 ἐζήλωσε,
686 2803 777 2854 καὶ
818 2804 1040 2877 πολλαῖς
1093 2806 1189 2875 μὲν
1238 2805 1534 2877 εὐφημίαις
1582 2807 1678 2877 την
1727 2809 1924 2880 ἀρετὴν

2035 2813 2192 2884 petris
2235 2811 2385 2864 inviis
2420 2827 2481 2864 ac
2518 2807 2856 2879 difﬁcilibus.)
2895 2808 3027 2875 Quae
3057 2807 3206 2862 enim
3245 2806 3314 2860 de
3354 2804 3598 2860 Chirone

356 2889 736 2959 ἐστεφάνωσεν
757 2912 769 2925 ·
796 2896 960 2948 αὐτοῦ
985 2897 1093 2966 γὰρ
1111 2897 1172 2967 δὴ
1207 2898 1290 2950 ὅδε
1313 2901 1340 2950 ὁ
1367 2897 1412 2928 ³⁵
1433 2898 1614 2968 λόγος·

2034 2901 2333 2965 Centauro,
2360 2900 2539 2969 deque
2558 2899 2936 2970 Hippomolgis
2952 2899 3224 2953 Homerus
3245 2905 3478 2952 testatus
3499 2903 3604 2960 est,

358 2994 592 3050 qumque
660 2985 994 3042 Anacharsis
1032 2987 1229 3058 Scytha
1275 2990 1450 3059 reipsa
1490 2990 1762 3059 przestitit,
1801 2992 1867 3047 ad
1930 3008 1993 3048 ea
2032 2993 2148 3048 suis
2201 2992 2542 3047 carminibus
2591 2991 2796 3045 hortati
2838 2999 2965 3045 sunt
3014 2988 3362 3044 celeberrimi
3404 2994 3599 3058 poetze.

355 3070 716 3131 Antisthenes
750 3093 883 3132 vero
949 3077 1184 3150 Cynicus
1249 3079 1440 3150 (Clem.
1483 3082 1637 3138 Alex.
1684 3081 1882 3138 Strom.
1923 3101 1983 3147 ll,
2026 3101 2080 3154 p.
2119 3083 2266 3154 492),
2309 3084 2402 3152 qui
2440 3092 2494 3136 ct
2525 3083 2840 3138 Socraticus
2885 3080 3026 3145 fuit,
3054 3088 3313 3150 praestare
3352 3078 3490 3133 dixit
3523 3077 3607 3130 in-

358 3166 566 3229 sanire,
601 3181 762 3236 quam
788 3167 1072 3222 obiectari.
1110 3169 1318 3224 idcirco
1344 3181 1400 3225 et
1434 3171 1643 3226 amicos
1695 3172 2044 3236 hortabatur,
2073 3180 2134 3225 ut
2192 3187 2261 3225 ne
2327 3171 2560 3241 digitum
2597 3171 2820 3241 quidem
2857 3170 3156 3239 voluptatis
3191 3185 3358 3224 causa
3414 3175 3606 3223 exten~

357 3254 576 3310 derent.
637 3258 806 3328 Hujus
871 3259 1126 3314 doctrina
1194 3261 1441 3316 imbutus
1493 3263 1596 3315 fuit
1657 3262 1927 3332 Diogenes
1967 3261 2310 3330 Sinopensis,
2350 3261 2563 3330 1026
2601 3260 2696 3328 qui
2734 3259 2905 3314 verbo
2966 3259 3190 3328 quidem
3257 3269 3312 3314 et
3344 3259 3460 3328 ipse
3489 3256 3612 3328 phi-

354 3349 666 3418 losorihiam
703 3360 786 3404 est
844 3359 1226 3417 consectatus,
1271 3352 1367 3406 sed
1408 3368 1600 3407 servus
1639 3351 1820 3406 factus
1863 3351 2180 3420 voluptatis,
2209 3351 2428 3421 publice
2485 3365 2608 3403 cum
2671 3349 3061 3404 meretricibus
3125 3349 3607 3421 congrediebatur,

354 3446 772 3516 pessimumque
819 3449 1128 3518 exemplum
1182 3450 1588 3518 spectatoribus
1628 3450 1930 3520 praebebat.
1969 3449 2140 3504 Aiunt
2182 3455 2364 3502 autem
2405 3445 2579 3511 illum,
2627 3460 2754 3499 cum
2818 3445 2938 3515 ejus
2982 3445 3184 3500 factum
3255 3445 3477 3515 quidam
3524 3461 3610 3500 re-

353 3539 711 3609 prehendens
757 3541 969 3597 diceret
997 3561 1011 3594 :
1054 3563 1072 3593 ‹
1105 3543 1245 3609 Quid
1311 3543 1447 3598 facis
1469 3584 1484 3608 ,
1554 3560 1587 3599 ο
1629 3545 1940 3616 Diogenes?
1974 3565 1992 3597 ι
2037 3541 2387 3614 respondisse
2409 3557 2534 3596 cum
2554 3540 2714 3595 solita
2738 3540 3109 3595 contumelia:
3145 3559 3164 3591 ι
3192 3538 3237 3595 0
3262 3540 3470 3595 scelus!
3496 3537 3607 3593 Ho-

352 3631 591 3696 minem,
635 3632 681 3686 si
710 3647 954 3701 possum.
1003 3653 1021 3684 ι
1067 3634 1217 3690 Adeo
1256 3635 1603 3706 impudenter
1639 3638 1930 3692 libidinem
1969 3634 2281 3692 exercebat.
2325 3633 2500 3704 Hujus
2532 3632 2700 3687 vitam
2738 3631 2985 3687 imitatus
3044 3631 3234 3687 Crates
3291 3628 3610 3696 Thebanus,

355 3721 553 3777 multis
585 3722 750 3777 etiam
793 3723 1052 3780 laudibus
1085 3727 1342 3782 virtutem
1411 3729 1642 3782 ornavit.
1681 3727 1966 3799 Siquidem
2003 3728 2124 3799 ejus
2179 3733 2264 3780 est
2295 3724 2410 3780 haec
2434 3722 2708 3780 sententia
2738 3740 2753 3777 :

367 3839 596 3914 ξΗδονῇ
627 3841 1079 3914 ἀνδραποδὼδει
1095 3842 1423 3897 ἀδούλωτοι
1452 3845 1550 3897 καὶ
1566 3843 1859 3914 ἂκαμπτοι

369 3910 693 3964 Ἀθάνατοι·
707 3913 1034 3975 ,βασιλείαν
1056 3912 1404 3982 ἐλευθερίαν
1426 3914 1472 3968 τ’
1494 3910 1825 3984 ἀγαπῶσιν.

361 4016 535 4082 Οὗτος
570 4022 750 4077 εἰώθει
774 4024 972 4092 λέγειν,
1019 4025 1118 4095 τῆς
1168 4027 1246 4088 είς
1293 4025 1364 4078 τὰ
1423 4027 1710 4096 ἀφροδίσια
1757 4029 1934 4100 ὁρμῆς

363 4115 523 4190 [1751
563 4115 894 4189 κατάπαυμα
941 4115 988 4149 ⁸⁸
1013 4117 1174 4188 λιμὸν
1200 4115 1341 4170 εἶναι
1363 4133 1376 4148 ·
1408 4120 1458 4172 εί
1494 4118 1558 4189 δὴ
1589 4117 1682 4190 μὴ,
1718 4117 1929 4190 βρόχον.

2036 3844 2082 3898 Α
2113 3841 2288 3896 servili
2314 3841 2596 3910 voluptatis
2623 3841 2844 3911 imperio
2875 3840 3024 3895 liberi
3044 3848 3094 3894 et
3120 3841 3322 3911 inﬂexi,

2038 3911 2347 3968 Immortale
2376 3908 2597 3982 regnum
2629 3908 3021 3982 libertatemque
3049 3908 3252 3966 amant.

2037 4024 2139 4081 Hic
2175 4025 2360 4080 dicere
2376 4024 2588 4079 solebat
2605 4024 2829 4079 venerei
2851 4025 3132 4094 appetitus
3155 4023 3463 4079 remedium
3486 4038 3609 4079 esse

2037 4116 2258 4183 famem,
2275 4117 2361 4172 sin
2383 4115 2585 4181 minus,
2606 4115 2884 4186 laqueum.
2899 4114 3190 4183 Caeterum,
3209 4116 3256 4171 is
3273 4117 3503 4171 libidine
3529 4115 3613 4169 in-

378 4205 539 4258 Ἀλλὰ
597 4206 691 4260 τοῦ
741 4208 946 4271 πάθους
998 4210 1420 4274 ἐπαναστάντος,
1457 4212 1782 4283 ἰππαρχίαν
1835 4212 1924 4284 τὴν

2040 4218 2319 4280 surgente,
2337 4208 2724 4279 Hipparchiam
2748 4208 3127 4264 Maronitidem
3149 4210 3430 4278 propalam
3453 4206 3611 4262 duxit

367 4297 710 4366 Μαρωνεῖτιν
747 4295 795 4330 ⁸⁸
825 4298 1072 4369 ’δημοσίᾳ
1098 4300 1293 4370 ἔγημε,
1328 4301 1512 4354 καὶτὰ
1545 4303 1848 4373 κυνογάμια
1877 4305 1924 4358 ἐι

2042 4314 2287 4365 uxorem,
2335 4308 2393 4354 et
2435 4299 2654 4370 cynicas
2679 4299 2902 4369 nuptias
2932 4299 2991 4352 in
3029 4299 3183 4354 varia
3218 4299 3436 4368 porticu
3467 4297 3613 4352 cele-

368 4388 436 4455 τῇ
490 4388 712 4458 Ποικίλῃ
766 4389 1032 4455 ἐτέλεσεν,
1090 4391 1366 4460 ἐρρῶσθαι
1417 4392 1588 4446 πολλὰ
1622 4394 1836 4463 φράσας
1866 4397 1934 4465 τῇ

372 4475 647 4548 ὕψηγορίᾳ
688 4478 794 4531 τῶν
845 4480 1037 4547 λόγων.
1069 4482 1180 4534 Καὶ
1228 4482 1580 4554 Ἀρίστιππος
1606 4484 1660 4537 δὲ
1689 4485 1718 4538 δ
1751 4485 1938 4558 Κυρη-

371 4566 577 4630 ναῑκὸς,
620 4567 1006 4637 ὀνειδιζόμενος
1048 4571 1128 4623 ὅτι
1169 4571 1232 4641 δὴ
1269 4570 1316 4602 ⁸⁷
1349 4571 1500 4641 θαμὰ
1535 4573 1840 4642 ξυνεγίνετο
1868 4577 1936 4646 τῇ

372 4656 565 4726 ἑταίρᾳ
621 4660 685 4727 τῇ
744 4659 1042 4729 Κορινθίᾳ,
1093 4679 1112 4710 ε
1152 4661 1321 4728 Ἕχω,
1371 4659 1546 4728 ἔλεγε,
1593 4662 1787 4728 Λαΐδα,
1843 4663 1939 4718 καὶ⁵

373 4747 474 4800 οὐκ
525 4745 718 4814 ἔχομαι
777 4749 868 4800 ὑπ’
908 4735 1098 4819 αύτῆς.
1141 4770 1159 4801 ι
1194 4751 1304 4804 Καὶ
1335 4752 1382 4803 οἱ
1426 4752 1852 4823 Περιπατητικοὶ
1883 4754 1940 4808 δὲ

373 4837 517 4909 λόγῳ
551 4837 648 4908 μὲν
681 4838 957 4909 εὐφήμουν
1005 4840 1104 4911 τὴν
1140 4841 1360 4914 ἀρετὴν,
1395 4842 1671 4896 ἐκύδαινον
1703 4843 1758 4897 δέ
1795 4843 1942 4915 ἔργῳ

374 4926 473 4997 τὴν
505 4929 696 4999 ἡδονήν
720 4945 734 4959 ο
778 4930 870 4981 καὶ
915 4929 1086 4983 ταῦτα
1137 4931 1315 4984 αὐτῶν
1363 4932 1464 4984 οὐκ
1511 4931 1660 4986 ἄλλοι
1707 4951 1944 5005 κατηγο-

379 5011 582 5082 ροῦσιν,
627 5015 742 5067 ἀλλ’
786 5015 940 5068 αὐτοὶ
983 5019 1111 5089 περὶ
1146 5018 1241 5072 τοῦ
1281 5018 1428 5088 σφῶν
1461 5019 1782 5078 διδασκάλου
1812 5023 1941 5090 ξυγ-

375 5101 698 5170 γράφουσιν.
746 5102 1098 5175 Ἀριστοκλῆς
1128 5106 1238 5176 γάρ
1284 5123 1388 5161 που
1428 5109 1457 5161 ὁ
1504 5110 1941 5180 Περιπατητικὸς

373 5189 608 5245 Λύκωνα
639 5192 742 5263 ἐφη
790 5194 884 5248 τὸν
928 5196 1296 5267 Πυθαγόρειον
1343 5200 1469 5270 περὶ
1539 5200 1941 5271 Ἀριστοτέλους

376 5281 564 5346 φάναι,
596 5283 677 5335 ὅτι
699 5285 756 5336 ἐν
782 5285 943 5356 ἐλαίῳ
975 5286 1161 5357 θερμῷ
1191 5287 1475 5359 λουόμενος
1507 5290 1683 5356 τοῦτο,
1715 5291 1940 5364 ὕστερον

2040 4389 2242 4455 bravit,
2267 4390 2571 4461 magniﬁcis
2603 4391 2714 4445 illis
2744 4390 2860 4444 suis
2882 4389 3046 4444 dictis
3080 4389 3396 4445 valedicens
3418 4387 3608 4460 (Clem.

2041 4481 2194 4536 Alex.
2215 4480 2410 4537 Strom.
2432 4498 2505 4547 tv,
2524 4498 2578 4552 p.
2599 4481 2744 4552 619).
2771 4481 3084 4552 Aristippus
3100 4496 3234 4537 vero
3253 4477 3610 4552 Cyrenaicus,

2042 4588 2169 4629 cum
2210 4574 2263 4628 ei
2298 4573 2505 4643 probro
2541 4573 2786 4640 daretur,
2827 4573 2975 4643 quod
3005 4573 3239 4629 amicam
3261 4568 3612 4626 Corinthiam

2040 4662 2304 4734 frequens
2327 4663 2504 4718 adiret
2539 4681 2553 4716 :
2590 4682 2610 4715 ι
2641 4664 2848 4729 Habeo,
2871 4664 3067 4734 inquit,
3093 4662 3341 4726 Laidem,
3370 4674 3457 4714 me
3481 4672 3614 4713 vero

2043 4755 2170 4810 Lais
2198 4771 2310 4809 non
2338 4755 2505 4809 habet
2532 4754 2723 4824 (Clem.
2757 4754 2910 4809 Alex.
2936 4770 2992 4824 p.
3015 4754 3160 4825 490).
3203 4771 3220 4804 ι
3264 4751 3404 4818 Quin
3427 4759 3484 4806 et
3509 4749 3613 4819 ipsi

2043 4845 2421 4916 Peripatetici,
2452 4846 2642 4901 verbis
2661 4845 2882 4916 quidem
2911 4846 3173 4901 virtutem
3205 4843 3524 4906 laudabant,
3553 4855 3614 4893 re

2044 4944 2228 4992 autem
2263 4937 2380 5006 ipsa
2411 4936 2679 5006 voluptati
2724 4937 3021 4992 studebant
3055 4954 3068 4991 :
3098 4950 3278 5006 neque
3311 4934 3414 4988 hac
3456 4933 3513 4986 in
3553 4944 3615 4984 re

2047 5025 2116 5080 ab
2147 5025 2270 5080 aliis
2299 5032 2650 5092 accusantur,
2678 5026 2776 5083 sed
2800 5026 3020 5097 ipsimet
3045 5025 3112 5080 de
3153 5032 3489 5096 praeceptore
3513 5034 3614 5075 suo

2047 5116 2314 5172 scribunt.
2357 5117 2655 5175 Aristocles
2708 5119 2857 5173 enim
2907 5117 3305 5188 Peripateticus
3340 5115 3616 5186 Lyconem

2046 5209 2447 5280 Pythagoreum
2469 5209 2537 5266 de
2559 5211 2852 5266 Aristotele
2880 5209 3069 5264 testari
3095 5209 3177 5263 ait
3204 5207 3428 5279 (Euseb.
3453 5205 3517 5258 P.
3544 5202 3612 5257 E.

2046 5316 2103 5370 p.
2126 5300 2274 5370 792),
2303 5314 2514 5354 morem
2552 5300 2630 5355 illi
2670 5301 2860 5365 fuisse,
2885 5308 2947 5354 ut
2973 5301 3156 5355 oleum
3181 5298 3468 5360 venderet,
3495 5309 3613 5364 quo

1590 5442 1827 5500 νΑιιιΑι
1861 5444 2266 5506 LECTIONES.

377 5576 427 5660 ιζ
454 5575 844 5660 ναίειν.’ναίειιγ
864 5577 932 5660 κδὶέ
1055 5648 1069 5660 _
1095 5577 1138 5610 δι
1173 5578 1538 5660 Σωέρατικός.
1575 5583 1867 5660 Σωκράτης
1904 5584 1991 5660 Ι).Δ
2039 5585 2085 5660 ξ’
2115 5588 2365 5660 παρῄνει.
2406 5589 2658 5660 παραίνει
2685 5589 2752 5642 D.

377 5646 439 5699 τδ
470 5649 617 5729 ναῖον
646 5647 710 5701 Ι).
731 5645 833 5729 ﬂ“
861 5647 1015 5729 ὅδε-ὁ.
1047 5648 1074 5701 ὁ
1106 5662 1216 5703 om.
1246 5645 1310 5702 D.
1328 5718 1337 5729 l
1385 5647 1431 5681 ⁵⁸
1466 5645 2348 5729 ζατάτιαυμαί’κατάπλασμαἻαυ
2377 5645 2538 5729 supra
2561 5659 2664 5711 λασ
2689 5657 2916 5728 scripto)
2953 5659 3013 5712 ἰ).

380 5718 705 5789 κυνογάμια.
730 5719 1037 5789 Μαρωνῖτιν
1057 5718 1450 5790 -κοινογάμια
1480 5721 1542 5775 D.
1615 5722 1657 5754 ⁸⁷
1689 5718 1751 5791 δὴ
1774 5739 1881 5777 om.
1909 5725 1970 5778 Ι).

2863 5588 2910 5620 ⁵³
2937 5588 3243 5656 ἐπιτύχοιμι
3263 5618 3282 5628 -
3314 5618 3333 5627 -
3353 5584 3485 5655 βίον.
3521 5579 3612 5634 ἐπὶ

3139 5659 3159 5690 ⁸
3187 5656 3528 5725 Μαρωνεῖτιν
3541 5681 3611 5691 -
