3974 6196
383 371 526 442 1139

381 500 442 542 se
487 483 645 555 prius
685 482 865 538 calido
902 483 1249 554 perunxisset
1286 502 1297 538 :
1343 501 1581 559 cumque
1620 489 1666 543 is
1702 488 1756 542 in
1801 488 1959 545 Chal-
1986 492 2036 551 Α

382 577 563 633 cidem
604 574 817 646 1027
854 575 1063 641 abiret,
1108 577 1461 647 publicanos,
1517 582 1801 651 explorato
1839 583 1959 652 ejus

382 668 627 741 navigio,
676 666 952 723 invenisse
990 667 1219 738 patellas
1256 685 1425 726 aereas
1474 674 1592 743 ejus
1631 684 1869 744 quatuor
1895 691 1959 729 ac

385 761 773 831 septuaginta:
806 768 1064 815 auctores
1097 772 1282 816 autem
1326 764 1592 833 quosdam
1633 767 1771 821 alios
1814 782 1957 832 esse,

386 852 620 923 patellas
650 852 808 907 illum
844 851 1106 908 habuisse
1131 860 1426 910 trecentas.
1460 857 1597 911 Puta
1625 868 1805 913 autem
1837 859 1962 913 illos

387 944 535 999 haud
579 959 812 1014 prorsus
853 945 1100 1000 mentiri.
1142 946 1202 1001 lu
1255 948 1573 1020 hujusmodi
1607 951 1755 1006 enim
1795 951 1962 1007 rebus

387 1036 709 1093 felicitatem
749 1036 841 1093 ille
868 1038 1145 1095 statuebat
1180 1058 1192 1093 :
1231 1040 1436 1111 quippe
1469 1041 1563 1111 qui
1594 1044 1792 1111 solitus
1816 1052 1962 1100 esset

387 1110 595 1194 dicere,
628 1144 743 1185 non
785 1129 947 1185 aliter
986 1145 1147 1202 posse
1190 1110 1521 1202 quemquam
1562 1133 1679 1188 fieri
1715 1134 1958 1203 beatum,

388 1233 552 1291 quam
586 1233 655 1275 ex
691 1219 937 1291 jucundo
986 1222 1235 1293 corporis
1280 1232 1460 1289 statu,
1500 1233 1963 1297 externarumque

387 1322 576 1365 rerum
621 1309 923 1376 aﬂluentia,
972 1311 1089 1366 sine
1133 1314 1336 1382 quibus
1376 1314 1515 1369 nihil
1551 1300 1742 1386 juvare
1782 1316 1966 1371 aiebat

389 1401 676 1456 virtutem.
707 1399 891 1471 Atque
925 1402 1041 1458 haec
1069 1402 1283 1459 Atticus
1306 1405 1621 1461 Platonicus
1654 1406 1709 1460 in
1752 1407 1822 1461 iis
1845 1421 1967 1477 quae

390 1498 583 1546 contra
651 1488 1005 1547 Aristotelem
1074 1492 1302 1558 scribit,
1371 1496 1657 1550 manifeste
1726 1495 1969 1551 ostendit

394 1585 469 1655 (ν.
504 1580 708 1638 Euseb.
741 1598 834 1647 xv,
870 1583 946 1654 4).
984 1582 1116 1650 Quae
1130 1584 1331 1656 itaque
1359 1595 1549 1641 contra
1583 1585 1739 1641 illum
1769 1587 1968 1643 dicun-

393 1684 523 1740 tur,
567 1674 871 1731 multorum
916 1690 1176 1731 semone
1229 1678 1642 1733 confirmantur.
1700 1680 1769 1733 At
1816 1679 1970 1735 Plato

1390 376 1841 434 THEODORET
1850 376 1871 434 Ι
1913 376 2246 437 EPISCOPI
2285 375 2647 435 CYRENSIS

3497 377 3631 444 1140

2063 490 2342 545 ἀπεδίδοτο
2384 490 2429 522 ⁸⁸
2458 506 2469 518 ο
2525 489 2616 541 καὶ
2646 488 2808 558 ἡνίκα
2836 488 2891 542 δέ
2923 489 3000 553 εἰς
3027 488 3267 544 Χαλκίδα
3294 488 3482 561 ἀπῄει,
3509 490 3636 554 τοὺς

2057 581 2290 645 τελώνας
2317 580 2417 651 ἔφη
2442 581 2900 651 διερευνωμένους
2952 580 3011 633 τὸ
3068 580 3249 635 πλοῖον
3291 582 3473 651 εὑρεῖν
3529 580 3663 649 (ἐν)
3703 568 3711 573 ’

2058 672 2206 743 αὐτῷ
2232 672 2456 727 λοπάδια
2493 672 2667 743 χαλκᾶ
2692 672 2927 741 τέτταρα
2968 672 3060 726 καὶ
3096 672 3466 743 ἐϐδομήκοντα
3490 689 3504 705 ’
3542 673 3637 727 άλ-

2057 764 2182 826 λους
2215 762 2270 816 δέ
2314 780 2464 825 τινας
2505 762 2807 834 εἰρηκέναι,
2846 762 3165 833 τριακοσίας
3194 761 3241 794 ⁸⁸
3278 761 3443 815 αὐτὸν
3471 763 3520 794 ⁸⁸
3549 764 3638 814 ἐσ-

2060 854 2286 925 χηκέναι
2312 853 2569 917 λοπάδας.
2619 855 2732 907 Καὶ
2771 849 2925 924 οἶμαι
2964 854 3161 917 αὐτοὺς
3208 853 3283 925 μὴ
3324 854 3637 907 παντάπασι
3683 840 3688 850 Δ

2059 947 2369 1016 ψεύδεσθαι.
2431 946 2519 998 Ἐν
2554 945 2761 1009 τούτοις
2791 944 2901 1017 γὰρ
2926 944 2990 1015 δὴ
3025 944 3229 1007 ἐκεῖνος
3256 945 3357 1015 τὴν
3387 944 3638 1013 εὐδαιμο-

2061 1039 2180 1096 νίαν
2222 1039 2466 1109 ὡρίζετο.
2504 1037 2699 1092 Είὼθει
2741 1038 2850 1108 ,γὰρ
2891 1037 3093 1107 λέγειν,
3130 1037 3230 1091 οὐκ
3255 1036 3431 1100 ἄλλως
3461 1037 3639 1090 εὐδαί-

2067 1131 2208 1202 μονά
2237 1147 2359 1186 τινα
2387 1130 2693 1199 γίγνεσθαι,
2725 1130 2758 1199 ἢ
2802 1128 2889 1183 διά
2923 1128 3021 1199 τῆς
3048 1127 3143 1183 τοῦ
3185 1129 3436 1199 σώματος
3467 1128 3640 1181 εὐπα-

2064 1223 2237 1289 θείας,
2260 1224 2350 1277 καὶ
2381 1223 2479 1293 τῆς
2511 1222 2619 1276 τῶν
2646 1222 2800 1285 ἐκτὸς
2833 1221 3151 1295 περιουσίας
3184 1239 3198 1251 ·
3221 1216 3293 1275 ὧν
3315 1222 3440 1276 ἄνευ
3471 1221 3640 1291 μηδὲν

2062 1317 2164 1384 τὴν
2188 1314 2384 1386 ἀρετὴν
2414 1314 2665 1382 ὠφελεῖν.
2700 1313 2810 1367 Καὶ
2838 1313 2997 1367 τοῦτο
3022 1311 3134 1385 [δὴ]
3170 1312 3359 1382 σαφῶς
3402 1312 3641 1373 ⁹Δττικὸς

2064 1409 2092 1460 ὁ
2117 1404 2461 1468 Πλατωνικὸς
2488 1406 2546 1457 ἐν
2576 1399 2657 1468 οἷς
2692 1403 2829 1475 πρὸς
2880 1403 3261 1475 Ἀριστοτέλην
3298 1402 3500 1473 γράφει
3548 1402 3639 1455 δε-

2066 1499 2294 1569 δήλωκε.
2347 1496 2429 1550 Td
2476 1496 2654 1549 τοίνυν
2676 1480 2815 1550 κατ’
2843 1493 3008 1549 αὑτοῦ
3042 1494 3309 1564 λεγόμενα
3334 1492 3645 1563 βεδαιοῦσιν

2069 1592 2117 1644 oi
2155 1589 2337 1657 λόγον
2370 1589 2398 1642 ὁ
2441 1587 2498 1641 δέ
2524 1587 2750 1641 Πλάτων
2802 1586 3062 1657 ἄντικρυς
3117 1584 3335 1639 ἐναντία
3383 1584 3641 1638 διδάσκει.

2081 1679 2170 1735 Ἐν
2201 1680 2310 1751 γάρ
2338 1678 2418 1749 τῷ
2449 1679 2617 1750 τρίτῳ
2646 1678 2743 1748 τῆς
2780 1677 3091 1742 Πολιτείας
3138 1674 3511 1745 ἐπιμελεῖσθαι
3549 1691 3646 1728 κε-

394 1765 675 1823 contraria
700 1780 932 1836 prorsus
969 1766 1149 1824 docet.
1185 1769 1244 1823 ln
1273 1769 1437 1824 tertio
1471 1770 1619 1831 enim
1654 1770 1971 1841 Reipublicae

2077 1772 2217 1825 λεύει
2257 1772 2350 1825 τοῦ
2396 1768 2670 1841 σώματος,
2722 1768 2903 1839 ψυχῆς
2948 1768 3133 1820 εἵνεκα
3161 1766 3449 1836 ἁρμονίας,
3484 1766 3550 1818 δι’
3578 1757 3645 1818 οὖ

396 1856 593 1927 (Clem.
616 1823 771 1912 Alex.
797 1873 872 1923 ιν,
905 1874 960 1928 p.
978 1823 1136 1928 371).
1162 1868 1387 1930 propter
1408 1823 1969 1916 animat

2242 1823 2287 1914 si
2318 1823 2455 1924 ἐστι,
2480 1823 2582 1914 ικαὶ
2602 1823 2777 1930 epod;
2801 1823 2995 1927 "ﬂioﬁv,
3045 1823 3508 1926 καταγγέλλοντας
3544 1860 3648 1925 τῆς

398 1948 646 2018 corporis
686 1950 956 2006 rationem
1001 1952 1206 2007 habere
1237 1954 1416 2023 jubet,
1459 1970 1557 2025 per
1596 1955 1742 2025 quod
1786 1954 1970 2012 vivere

396 2047 483 2096 est
505 2038 842 2109 hominibus,
880 2057 944 2098 ac
970 2052 1143 2109 recte,
1170 2044 1238 2100 iis
1260 2045 1353 2115 qui
1385 2061 1505 2101 sese
1540 2046 1596 2101 in
1622 2048 1971 2117 praedicanda

396 2132 632 2188 veritate
663 2142 977 2189 exerceant.
1011 2134 1093 2190 Ad
1116 2135 1232 2190 haec
1268 2147 1453 2192 autem
1486 2148 1541 2192 et
1573 2138 1796 2193 divinus
1823 2139 1971 2210 Apo-

400 2223 575 2278 stolus
616 2224 892 2291 hortatur,
939 2240 1065 2279 cum
1113 2226 1191 2281 ait
1232 2244 1245 2280 :
1297 2246 1315 2278 ι
1348 2227 1465 2282 Nox
1508 2230 1797 2300 processit,
1853 2230 1974 2286 dies

399 2322 583 2369 autem
620 2315 1105 2387 apprbpinquavit.
1144 2316 1484 2389 Abjiciamus
1518 2336 1651 2392 ergo
1690 2337 1859 2391 opera
1897 2329 1976 2377 te-

400 2402 721 2469 nebrarum,
766 2412 822 2460 et
870 2405 1164 2463 induamus
1192 2423 1344 2463 arma
1381 2402 1538 2466 lucis.
1572 2411 1727 2466 Sicut
1764 2413 1819 2468 in
1861 2414 1972 2480 die,

401 2491 633 2547 honeste
670 2491 1018 2550 ambulemus
1060 2511 1221 2552 rnon
1274 2498 1331 2551 in
1378 2502 1872 2558 comessationibus
1920 2514 1976 2560 et

402 2582 788 2649 ebrietatibus,
828 2585 1019 2640 nonin
1047 2588 1325 2644 cubilibus
1361 2599 1417 2645 et
1453 2591 1833 2661 impudicitiis,
1863 2612 1975 2651 non

400 2669 464 2728 in
488 2673 847 2726 contentione
882 2682 939 2727 et
977 2675 1328 2732 aamulatione
1361 2695 1374 2731 :
1404 2679 1499 2732 sed
1537 2679 1833 2735 induimini
1865 2684 1974 2743 D02

402 2757 615 2817 miuum
660 2761 848 2819 Iesum
874 2763 1177 2833 Christum,
1215 2775 1273 2823 et
1308 2768 1490 2824 carnis
1521 2786 1710 2825 curam
1742 2788 1810 2826 ne
1832 2773 1977 2830 fece-

403 2850 528 2907 ritis
568 2850 628 2907 in
666 2853 960 2912 desideriis
987 2859 1036 2913 h.
1080 2876 1098 2910 ι
1135 2859 1326 2929 Neque
1347 2860 1494 2915 enim
1527 2863 1604 2917 sic
1636 2862 1851 2936 1028
1882 2882 1977 2922 cu-

404 2941 640 2997 randum
661 2951 745 3022 est
768 2959 990 3015 corpus,
1020 2955 1081 3002 ut
1106 2956 1297 3003 contra
1324 2950 1341 2968 ’
1361 2950 1597 3004 animam
1623 2954 1858 3019 exsiliat,
1879 2956 1975 3011 sed

404 3040 467 3087 ut
507 3032 817 3089 subserviat
844 3043 900 3089 et
944 3036 1186 3106 adjuvet,
1233 3039 1462 3108 ejusque
1502 3042 1730 3097 nutibus
1767 3046 1977 3099 obtem-

404 3127 583 3189 peret.
627 3120 846 3214 Nostris
891 3136 1023 3191 ergo
1062 3123 1166 3178 hac
1200 3124 1258 3180 in
1291 3134 1444 3194 parte
1486 3131 1761 3185 consentit
1798 3134 1968 3199 Plato,
2002 3155 2045 3214 α

403 3208 777 3265 necessariam
825 3213 1078 3283 corporis
1123 3229 1313 3269 curam
1369 3216 1679 3274 habendam
1724 3237 1972 3279 monens.

402 3297 749 3355 Adhortatur
775 3301 924 3357 enim
967 3318 1068 3358 nos
1111 3313 1171 3359 ut
1204 3309 1573 3371 necessariam
1604 3313 1847 3381 corporis
1879 3330 1978 3369 cu-

405 3403 524 3445 ram
544 3389 865 3447 habeamus.
888 3392 1142 3451 Ostendit
1162 3406 1348 3453 autem
1366 3408 1421 3454 et
1443 3416 1553 3469 quo
1574 3412 1733 3470 pacto
1756 3403 1980 3474 incipiat

404 3491 782 3551 augeaturque
801 3480 1054 3539 libidinis
1074 3487 1371 3556 appetitus.
1401 3508 1419 3539 ι
1446 3490 1557 3546 Nos
1578 3492 1749 3583 enim,
1777 3496 1977 3566 inquit,

296 3640 307 3643 τ
406 3571 595 3628 dicere
626 3571 862 3629 fortasse
888 3574 1037 3630 haud
1061 3575 1301 3633 absurde
1323 3571 1621 3649 possimus;
1649 3584 1827 3639 visum
1857 3601 1979 3641 esse

405 3664 614 3721 amoris
649 3665 1008 3736 principium,
1048 3683 1145 3738 spe
1176 3684 1310 3725 vero
1339 3671 1495 3726 illum
1529 3676 1739 3745 augeri,
1776 3673 1979 3733 nutriri

404 3755 693 3821 memoria,
724 3771 828 3812 usu
849 3759 1287 3815 eVassuetudine
1307 3765 1672 3818 conservari.»
1709 3766 1824 3822 Hoc
1849 3784 1982 3824 vero

408 3844 588 3915 ipsum
633 3846 802 3901 etiam
852 3846 921 3903 de
966 3847 1174 3903 virtute
1212 3848 1352 3903 dixit
1390 3851 1570 3922 (Legg.
1614 3869 1667 3922 p.
1723 3854 1826 3909 765
1870 3854 1977 3925 E):

414 3952 434 3985 ι
472 3932 664 3989 Omnis
702 3935 874 4001 enim,
920 3936 1120 4006 inquit,
1172 3938 1371 4007 plantae
1413 3941 1587 4009 prima
1629 3943 1978 4012 germinatio,

406 4023 550 4080 bane
572 4025 643 4080 ad
663 4026 929 4082 virtutem
956 4027 1189 4094 directa,
1218 4036 1429 4085 natura:
1456 4046 1569 4087 suae
1592 4043 1853 4104 tanquam
1879 4051 1980 4105 po-

406 4111 718 4169 tentissima
734 4113 957 4170 domina
971 4122 1077 4182 est,
1092 4116 1503 4189 plurimumque
1522 4121 1667 4176 valet
1688 4123 1755 4177 ad
1777 4139 1981 4193 oppor-

408 4202 621 4256 tunum
650 4200 819 4258 finem
860 4205 1336 4275 consequendum.
1382 4226 1402 4259 ο
1460 4208 1714 4267 Socrates
1760 4228 1980 4286 quoque

410 4290 687 4363 (Xenoph.
728 4293 884 4351 Hem.
921 4311 962 4361 1,
994 4296 1050 4367 3)
1089 4310 1284 4352 cavere
1315 4299 1474 4370 jubet
1512 4301 1826 4369 illecebras,
1857 4322 1979 4376 quae

408 4384 663 4453 suadent,
711 4395 772 4443 ut
822 4403 935 4443 non
991 4389 1301 4446 esurientes
1346 4393 1721 4461 comedamus,
1763 4407 1820 4453 et
1869 4414 1982 4455 non

2072 1953 2326 2024 ἀληθείας
2361 1952 2424 2005 τὸ
2452 1953 2732 2022 κήρυγμα.
2765 1950 2935 2003 Τοῦτο
2958 1949 3012 2002 δὲ
3035 1950 3127 2003 καὶ
3153 1950 3181 2001 ὁ
3201 1949 3344 2013 θεῖος
3388 1948 3646 2001 ’Δπὸστο-

2072 2046 2161 2109 λος
2178 2045 2434 2115 παραινεῖ
2466 2042 2660 2110 λέγων’
2694 2061 2711 2092 ι
2758 2042 2823 2097 Ἦ
2851 2038 2949 2104 νὺξ
2968 2039 3288 2110 προέκοψεν,
3320 2042 3353 2109 ἠ
3380 2039 3434 2092 δὲ
3460 2039 3650 2110 ἡμέρα

2074 2138 2319 2207 ἤγγικεν.
2367 2131 2726 2202 Ἀποθώμεθα
2757 2127 2851 2185 οὖν
2877 2130 2945 2183 τά
2974 2130 3111 2202 ἔργα
3137 2129 3230 2182 τοῦ
3266 2128 3512 2193 σκότους,
3551 2128 3651 2180 καὶ

2074 2225 2421 2295 ἐνδυσώμεθα
2440 2224 2509 2278 τά
2531 2224 2668 2278 ὃιτλα
2694 2223 2789 2278 τοῦ
2816 2222 2992 2292 φωτός
3009 2237 3025 2254 ο
3056 2220 3132 2286 ὼς
3168 2223 3224 2275 ἐν
3244 2222 3427 2292 ἡμέρᾳ
3452 2221 3653 2289 εὐσχη-

2078 2318 2252 2390 μόνως
2303 2317 2783 2387 περιπατήσωμεν,
2821 2314 2895 2385 μὴ
2938 2310 3146 2383 κώμοις
3192 2312 3287 2365 καὶ
3323 2311 3535 2381 μέθαις,
3560 2308 3655 2380 μὴ

2078 2408 2286 2471 κοίταις
2322 2408 2417 2461 καὶ
2440 2405 2768 2475 ἀσελγείαις,
2805 2404 2881 2475 μὴ
2908 2402 3045 2473 ἔριδι
3075 2402 3170 2456 καὶ
3205 2402 3352 2474 ζήλῳ
3372 2419 3386 2432 ·
3418 2399 3535 2454 ἀλλ’
3559 2403 3652 2453 ἐν-

2076 2498 2312 2554 δύσασθε
2345 2498 2436 2551 τὸν
2483 2495 2686 2565 Κύριον
2738 2493 2943 2565 Ἰησοῦν
2968 2491 3221 2563 Χριστὸν,
3262 2490 3356 2544 καὶ
3386 2489 3486 2559 τῆς
3520 2507 3655 2560 σαρ-

2078 2591 2171 2654 κὸς
2226 2591 2486 2661 πρόνοιαν
2517 2588 2592 2661 μὴ
2626 2585 2863 2640 ποιεῖσθε
2902 2585 2982 2648 είς
3026 2580 3340 2652 ἐπιθυμίας.
3379 2600 3397 2633 ι
3435 2579 3512 2635 Οὐ
3542 2579 3657 2651 γὰρ

2075 2678 2339 2747 τοσαύτην
2363 2676 2512 2747 αύτῷ
2541 2676 2862 2745 προσφέρειν
2888 2675 2935 2706 ἰ
2954 2671 3033 2727 δεῖ
3051 2671 3364 2743 θεραπείαν,
3392 2669 3529 2724 ὥστε
3555 2687 3660 2723 καο

2074 2772 2372 2840 τασκιρτᾷν
2396 2768 2495 2837 τῆς
2523 2768 2723 2838 ψυχῆς
2742 2767 2858 2822 ἀλλ’
2877 2766 2962 2820 ἵνα
2982 2766 3252 2836 ὑπουργῇ,
3282 2764 3372 2817 καὶ
3392 2765 3657 2833 συνεργῇ,

2078 2864 2169 2917 καὶ
2198 2865 2310 2925 τοῖς
2340 2852 2551 2931 ἐκείνης
2600 2860 2797 2930 ἕπηται
2828 2858 3079 2929 νεύμασι.
3106 2854 3517 2926 Ξυμπεφώνηκε
3543 2853 3661 2906 τοί-

2078 2971 2171 3007 νυν
2212 2952 2291 3024 [ἐν
2308 2950 2537 3022 τούτοις]
2568 2952 2613 2982 δ’
2641 2951 2668 3002 ὁ
2690 2950 2914 3004 Πλάτων
2937 2949 3046 3011 τοῖς
3068 2947 3377 3018 ἡμετέροις,
3406 2945 3504 3011 τὴν
3526 2944 3661 2995 ἀνα-

2077 3043 2275 3113 γκαίαν
2297 3040 2609 3111 ἐπιμέλειαν
2635 3039 2904 3093 ποιεῖσθαι
2932 3037 3323 3110 παρεγγυήσας
3344 3033 3435 3087 τοῦ
3463 3034 3660 3103 σώμα-

2076 3150 2186 3196 τος.
2229 3130 2499 3196 Ἐπέδειξε
2530 3132 2587 3184 δέ
2639 3132 2732 3184 καὶ
2759 3131 2905 3193 ὅπως
2926 3129 3150 3200 ἄρχεταί
3167 3145 3226 3180 τε
3251 3126 3346 3180 καὶ
3364 3128 3411 3159 ⁸⁸
3432 3124 3661 3189 αὔξεται

2079 3223 2177 3291 τῆς
2228 3220 2522 3292 ἐπιθυμίας
2547 3221 2608 3274 τὸ
2635 3221 2827 3284 πάθος.
2877 3239 2896 3271 ι
2941 3220 3131 3290 Ἡμεῖς
3158 3218 3285 3291 γὰρ,
3314 3217 3436 3288 ἔφη,
3473 3216 3661 3280 λέξαι-

2085 3330 2183 3382 μεν
2213 3311 2278 3365 ἂν
2306 3310 2433 3375 ἴσως
2460 3311 2557 3365 οὐκ
2586 3310 2820 3375 ἀτόπως,
2849 3312 2930 3363 ὅτι
2961 3308 3118 3379 ἄρχει
3147 3309 3244 3379 μὲν
3282 3307 3483 3379 ἔρωτος
3528 3306 3665 3374 ὅρα-

2085 3419 2192 3465 σις,
2229 3400 2379 3465 αὔξει
2402 3402 2459 3455 δὲ
2481 3402 2542 3454 τὸ
2563 3400 2734 3463 πάθος
2762 3401 2938 3463 ἐλπὶς,
2963 3399 3152 3471 τρέφει
3171 3398 3229 3451 δὲ
3258 3398 3470 3467 μνήμη,
3500 3397 3670 3465 τηρεῖ

2081 3494 2135 3546 δὲ
2175 3494 2453 3564 συνήθεια.
2484 3512 2503 3543 ι
2558 3492 2730 3545 Τοῦτο
2775 3492 2832 3545 δὲ
2868 3491 2997 3543 αὐτὸ
3026 3491 3122 3543 καὶ
3163 3489 3291 3559 περὶ
3322 3488 3423 3556 τῆς
3455 3488 3670 3558 ἀρετῆς

2082 3585 2291 3657 εἴρηκε.
2353 3603 2371 3635 ι
2401 3583 2608 3647 Παντὸς
2644 3582 2775 3653 γὰρ,
2812 3581 2936 3652 ἔφη,
2962 3578 3130 3649 φυτοῦ
3154 3580 3187 3648 ἡ
3210 3577 3397 3650 πρώτη
3427 3577 3665 3648 βλάστη.

2082 3675 2263 3738 καλῶς
2310 3674 2617 3745 ὀρθωθεῖσα
2660 3672 2795 3742 πρὸς
2835 3671 3059 3742 ἀρετὴν,
3089 3671 3189 3740 τῆς
3216 3669 3410 3723 ἐαυτοῦ
3442 3665 3671 3737 φύσεως

2083 3766 2394 3835 κυριωτάτη
2431 3764 2581 3825 τέλος
2611 3762 2878 3815 ἐπιθεῖναι
2930 3762 2990 3812 τὸ
3032 3760 3358 3832 πρόσφορον.
3394 3777 3413 3809 ι
3464 3757 3578 3810 Καὶ
3638 3756 3674 3808 δ

2084 3854 2379 3923 Σωκράτης
2409 3852 2466 3905 δὲ
2490 3850 2853 3921 φυλάττεσθαι
2884 3848 2931 3920 [1
2945 3848 3032 3919 ’14]
3068 3848 3321 3902 ἐκέλευσε
3351 3845 3398 3879 ⁸³
3429 3844 3500 3900 τὰ
3523 3846 3672 3899 ἀνα-

2084 3943 2338 3998 πείθοντα
2387 3941 2464 4013 μὴ
2510 3939 2815 4002 πεινῶντας
2870 3938 3089 4013 ἐσθίειν,
3141 3936 3235 3991 καὶ
3282 3934 3357 4006 μὴ
3388 3934 3672 4004 διψῶντας

2083 4034 2261 4086 πίνειν
2286 4050 2299 4063 ·
2352 4032 2446 4085 καὶ
2491 4029 2559 4082 τά
2613 4028 2901 4099 βλέμματα
2934 4029 3029 4080 καὶ
3060 4026 3129 4080 τὰ
3168 4027 3214 4059 ⁵⁵
3243 4025 3528 4095 φιλήματα
3552 4021 3675 4076 τῶν

2085 4124 2286 4188 καλῶν,
2346 4124 2420 4185 ὡς
2476 4119 2855 4193 χαλεπώτερον
2888 4117 3163 4189 σκορπίων
3214 4117 3309 4171 καὶ
3342 4114 3675 4185 φαλαγγίων

2088 4217 2164 4271 ίὸν
2200 4215 2402 4269 ἐνιέναι
2448 4212 2785 4281 πεφυκότα.ἶ
2814 4210 2978 4265 Ἀλλά
3008 4207 3181 4262 ταῦτα
3217 4206 3330 4279 [τὰ]
3363 4208 3410 4240 ⁸⁸
3440 4207 3674 4278 ῥήματα

2084 4302 2174 4377 ἦν,
2201 4304 2376 4367 ἄλλως
2406 4304 2583 4375 ἔργων
2607 4300 3031 4373 γεγυμνωμένα.
3064 4299 3158 4361 El;
3197 4298 3306 4369 γὰρ
3334 4297 3401 4369 δὴ
3438 4296 3511 4349 τὰ
3564 4312 3678 4363 γυ.

2087 4395 2287 4465 μνάσια
2306 4393 2415 4445 τῶν
2434 4393 2570 4446 νέων
2600 4391 2784 4444 εἵνεκα
2803 4390 2898 4443 καὶ
2922 4387 3103 4442 καλῶν
3130 4386 3310 4442 εἰώθει
3336 4388 3549 4458 (por-civ,
3570 4386 3682 4441 καὶ

408 4478 661 4536 sitientes
678 4480 966 4537 bibamus:
988 4489 1046 4537 et
1070 4482 1431 4553 pulchrorum
1452 4486 1681 4544 obtutus
1696 4498 1751 4544 et
1772 4492 1976 4557 oscula,

2087 4488 2212 4549 τοὺς
2241 4484 2551 4555 ὀφθαλμοὺς
2584 4482 2760 4536 εἱστία
2787 4483 2853 4551 τῇ
2892 4482 3037 4550 κακῇ
3085 4478 3307 4549 θεωρίᾳ.
3356 4477 3469 4531 Καὶ
3523 4492 3681 4546 p.19-

409 4581 472 4629 ut
497 4589 618 4644 qua:
653 4575 811 4645 pejus
839 4574 1054 4630 soleant
1082 4583 1139 4630 et
1170 4576 1558 4646 scorpionibus
1586 4587 1645 4635 et
1679 4580 1988 4654 phalangiis

408 4679 683 4721 venenum
708 4664 1023 4722 infundere.
1052 4664 1161 4722 Sed
1188 4683 1340 4723 mera
1366 4670 1536 4725 verba
1562 4671 1679 4727 hac
1701 4682 1878 4737 erant,
1902 4690 1989 4729 re-

408 4754 519 4813 bus
549 4757 819 4828 factisque
860 4758 1126 4814 carentia.
1173 4757 1397 4816 Solebat
1436 4761 1585 4816 enim
1623 4762 1982 4831 pulchrorum

410 4839 849 4906 adolescentium
871 4865 1036 4907 causa
1052 4851 1334 4924 gymnasia
1353 4852 1729 4923 frequentare,
1752 4854 1988 4927 ﬂagitio-

410 4951 583 5009 soque
609 4942 927 5010 spectaculo
946 4943 1207 5012 pascebat
1222 4944 1433 4999 oculos.
1454 4944 1756 5014 Testesque
1781 4954 1910 5000 sunt
1928 4954 1986 5001 et

409 5025 681 5096 Philebus,
724 5040 781 5089 et
804 5031 1079 5097 Phaedrus,
1117 5042 1173 5088 et
1196 5032 1429 5099 Rivales,
1463 5043 1520 5088 et
1560 5034 1889 5101 Charmides,
1928 5045 1987 5090 et

411 5117 505 5177 alii
525 5118 771 5178 Platonis
791 5122 993 5193 dialogi
1015 5123 1353 5192 complures,
1382 5124 1547 5195 hujus
1568 5125 1789 5195 generis
1815 5126 1988 5182 multa

414 5220 721 5273 narrantes.
747 5212 881 5283 Quae
903 5230 1038 5273 vero
1062 5214 1377 5275 Alcibiades
1402 5217 1460 5275 in
1491 5214 1766 5294 Symposio
1794 5218 1864 5275 de
1884 5218 1988 5275 So-

487 5372 513 5410 h
546 5372 704 5428 Rom.
739 5389 855 5436 xm,
889 5373 1074 5432 12-14.

2085 4580 2240 4649 τυρεῖ
2277 4577 2558 4643 Φίληϐος,
2605 4575 2699 4628 καί⁸
2753 4571 3033 4640 Φαῖδρος,
3096 4569 3193 4623 καὶ
3266 4568 3681 4635 Ἀντερασταὶ,

2089 4671 2183 4725 καὶ
2218 4667 2540 4738 Χαρμίδης,
2592 4665 2689 4720 καὶ
2719 4663 2867 4719 ἄλλοι
2906 4661 3089 4715 πολλοὶ
3131 4660 3390 4728 διάλογοι,
3439 4655 3685 4711 τοιαῦτα

2089 4762 2303 4833 ἔχοντες
2324 4761 2659 4831 διηγήματα.
2705 4758 2775 4809 Ἀ
2811 4755 2868 4809 δὲ
2922 4752 3264 4821 Ἀλκιϐιάδης
3302 4751 3362 4803 ἐν
3392 4747 3473 4817 τῷ
3516 4750 3689 4815 Συμ-

2090 4853 2287 4918 ποσίῳ
2326 4851 2454 4922 περὶ
2480 4848 2805 4920 Σωκράτους
2842 4846 2978 4915 ἔφη,
3002 4842 3229 4897 Πλάτων
3273 4840 3371 4910 μὲν
3404 4838 3686 4908 ἔγραψεν,

2093 4942 2204 5012 ἐγὼ
2228 4943 2285 4997 δέ
2316 4938 2602 5012 φειδοῖτοῦ
2630 4936 2955 5008 Σωκράτους
3006 4936 3179 4987 εἰπεῖν
3231 4932 3331 4985 οὐκ
3380 4928 3687 4997 ἀνέξομαι.

2096 5033 2379 5103 Τοσαύτην
2425 5031 2641 5100 ἔχουσιν
2672 5029 2898 5081 ἀτοπίαν
2928 5026 3024 5079 καὶ
3051 5021 3336 5093 παροινίαν
3358 5019 3404 5051 ⁸⁷
3436 5017 3691 5088 Σωκρά-

2093 5143 2223 5190 τους
2278 5125 2375 5178 καὶ
2428 5121 2606 5191 λώῦην
2647 5122 2756 5183 τοῖς
2780 5116 3100 5188 ὀξυρρόποις
3127 5114 3256 5183 περὶ
3282 5111 3343 5163 τὸ
3367 5110 3593 5163 πταίειν
3635 5110 3694 5160 οἱ

2096 5220 2244 5291 λόγοι
2278 5219 2474 5271 ἐκεῖνοι
2505 5215 2563 5267 ἐν
2607 5211 2800 5281 ἐκείνῳ
2844 5208 2921 5279 τῷ
2947 5206 3199 5276 διαλόγῳ.
3236 5202 3345 5257 Καὶ
3377 5200 3695 5269 ἐσπερξσαι

1730 5459 1968 5518 VARUS
2009 5458 2417 5518 LECTIONES.

487 5573 857 5647 “ﬁm6l50‘co.
910 5579 1207 5633 ἀπεδίδοντο
1262 5578 1327 5632 D.
1402 5575 1449 5647 θ’
1502 5578 1842 5647 τριακοσίας.
1874 5578 1956 5633 Ab
2002 5579 2059 5633 h.
2123 5576 2163 5633 l.
2220 5592 2395 5646 usque
2465 5576 2535 5647 ad
2566 5577 2737 5647 ἐφῆκε
2800 5590 2855 5647 p.
2903 5569 3105 5647 124,5,
3150 5568 3351 5647 lacuna
3404 5563 3582 5617 estin

495 5645 653 5720 αύτρν
683 5662 804 5720 om._
827 5649 897 5720 D_._
967 5649 1010 5679 δι
1032 5647 1376 5720 -προσφὲρειν
1413 5646 1512 5720 δεῖ.
1541 5641 1650 5720 ’.δεῖ
1676 5641 2005 5720 προσφέρειν
2041 5648 2115 5720 _D.
2194 5647 2239 5678 δ’

418 5710 465 5793 ft
492 5712 764 5793 ἐκέλευσε.
790 5716 1005 5793 ἐκέλευε
1154 5784 1166 5793 _
1186 5710 1234 5747 ⁸⁷⁸
1263 5710 1363 5767 ’καὶ
1396 5715 1483 5769 τά.
1508 5716 1576 5769 τὰ
1605 5710 1802 5772 οῐῐι.Ἰ).
1830 5710 1844 5719 ’
1891 5710 1940 5749 3°
1974 5718 2085 5793 [τὰ]
2125 5732 2235 5772 om.

420 5778 486 5839 D.
522 5780 616 5837 ubi
647 5795 772 5837 mox
802 5783 997 5835 ἐκεῖνοι
1028 5784 1079 5835 οι
1108 5784 1281 5853 λόγοι,

2301 5631 2619 5717 meum]
2657 5631 2874 5717 'om.'D.
2936 5631 3100 5717 “re:
3130 5638 3249 5717 καίἶ
3308 5652 3367 5688 τε
3426 5648 3543 5717 orn.
3618 5631 3713 5688 D.

2264 5647 2359 5773 1[δέν
2388 5647 2619 5720 τούτοις]
2663 5661 2774 5700 om.
2812 5647 2874 5699 D.
2951 5647 2998 5673 ⁵³
3036 5656 3096 5692 τε
3130 5647 3245 5692 και.
3308 5652 3367 5688 τε
3426 5648 3543 5717 orn.
3622 5647 3708 5688 υ,

2314 5759 2327 5784 ,
2365 5719 2459 5788 qui
2511 5733 2638 5772 mox
2677 5716 2857 5769 ἕνεκα.
2934 5711 2979 5745 ⁵⁷
3033 5707 3335 5779 παροινίαν.
3368 5718 3708 5773 παράνοιαν
