3974 6196
369 234 507 301 1141

870 297 883 309 .
908 248 1342 313 GRECARUM
1379 231 1678 320 AFFECT.
1718 261 2286 325 CURATIO.-XII.
2323 262 2422 323 DE
2453 260 2786 324 VIRTUTE
2825 259 3111 322 ACTIV'A.

3483 258 3628 325 1142'

365 353 542 407 αὐτὸν
585 371 684 409 και
731 359 1173 431 διανυκτερεῦσαι
1223 365 1444 422 πίνοντα
1475 368 1521 400 ⁸⁸
1559 369 1685 441 ἔφη,
1719 371 1810 426 καί
1843 373 1949 427 τῶν

2063 383 2202 430 crate
2247 373 2408 439 dixit,
2453 373 2605 428 Plato
2650 371 2875 442 quidem
2917 369 3140 438 scriptis
3177 369 3478 436 mandavit.
3517 387 3620 442 ego

369 441 554 499 ἄλλων
584 445 630 477 ³³
659 447 1041 520 ἀπειρηκότων
1062 453 1182 524 ήδη,
1219 457 1311 508 καὶ
1342 457 1432 510 τὸν
1482 456 1650 513 ὕπνον
1697 463 1951 516 dorcada-

299 534 308 540 ’
379 533 584 602 μένων,
603 538 951 612 ἐγρηγορότα
980 545 1159 613 μεῖναι
1186 546 1406 601 πίνοντα
1433 550 1524 602 καὶ
1548 552 1747 621 μεταξὺ
1781 553 1949 606 διαλεο

371 622 630 714 γόμενον,
667 628 993 703 ὀνησιφόρον
1031 635 1128 705 μὲν
1159 636 1332 703 οὐδὲν,
1365 637 1400 691 ἃ.
1430 639 1486 692 δὲ
1528 640 1836 714 Ἀλκιϐιάδῃ
1862 644 1955 696 καὶ

387 713 780 786 Ἀριστοφάνει
836 724 930 775 καὶ
982 727 1092 788 τοῖς
1139 725 1318 790 ἄλλοις
1380 729 1619 800 ἥρμοττε
1679 733 1724 764 ⁶⁰
1769 713 1954 804 κωμα-

373 806 551 897 σταῖς.
589 809 706 864 Καὶ
742 814 770 866 ὁ
800 803 1104 887 Πορφύριος
1137 819 1214 883 δὲ,
1263 819 1360 891 τὴν
1410 822 1692 892 φιλόσοφον
1716 803 1955 897 ἱστορίαν

371 894 729 970 ξυγγράψας,
785 906 997 976 πρῶτον
1054 909 1150 978 μὲν
1174 910 1335 964 αὐτὸν
1363 912 1654 982 ἀκρόχολον
1684 914 1776 968 καὶ
1803 894 1957 986 εύόρ-

371 1003 546 1059 γειτον
582 992 777 1066 εἴρηκε
810 999 1154 1070 γεγενῆσθαι,
1209 1002 1562 1076 Ἀριστοξένῳ
1600 1006 1832 1078 μάρτυρι
1867 1023 1956 1060 κε-

369 1081 681 1169 χρημένος,
712 1086 803 1140 τὸν
851 1089 1170 1161 Σωκράτους
1224 1090 1338 1162 βίον
1361 1093 1782 1166 ξυγγεγραφότι.
1813 1097 1955 1169 Ἔφη

369 1168 488 1241 γὰρ
517 1173 718 1261 μηδενὶ
751 1176 920 1249 ἑτέρῳ
949 1181 1367 1252 ἐντετυχηκέναι
1417 1187 1770 1261 πιθανωτέρῳ
1818 1168 1958 1243 ὲκείέ

371 1277 492 1350 νου.
530 1260 806 1350 Τοιαύτην
846 1265 984 1323 εἶναι
1026 1273 1125 1341 τήν
1157 1291 1216 1327 τε
1268 1275 1472 1347 φωνὴν,
1520 1279 1612 1330 καὶ
1646 1260 1705 1332 τδ
1761 1280 1955 1350 στόμα,

373 1349 474 1401 καὶ
507 1349 571 1404 τὸ
606 1352 1025 1428 ἐπιφαινόμενον
1069 1355 1219 1432 ἦθος,
1257 1364 1350 1418 καὶ⁵
1389 1365 1523 1438 πρὸς
1555 1367 1724 1422 ἅπασι
1756 1367 1811 1422 δὲ
1845 1349 1958 1434 τοῖς

370 1439 700 1529 εἰρημένοις
747 1447 846 1517 τήν
875 1449 968 1504 τοῦ
998 1451 1172 1518 εἴδους
1216 1455 1259 1486 ⁶¹
1294 1455 1550 1528 ἰδιότητα.
1588 1459 1873 1529 Γίγνεσθαι
1901 1461 1958 1516 δὲ

371 1527 562 1622 τού-το,
604 1533 694 1587 ὅτε
743 1537 818 1608 μὴ
867 1539 1173 1611 ὀργίζοιτο·
1215 1545 1302 1598 ὅτε
1338 1546 1393 1600 δὲ
1434 1527 1671 1622 ληφθείη.
1713 1552 1816 1605 ὑπὸ
1864 1548 1958 1605 τοῦ

373 1619 596 1686 πάθους
644 1625 854 1692 τούτου,
897 1629 1074 1702 δεινὴν
1121 1629 1258 1690 εἶναι
1285 1638 1387 1708 τὴν
1414 1640 1800 1712 ἀσχημοσύνην
1821 1660 1834 1673 ·
1867 1645 1960 1696 ού-

2054 474 2261 530 autem,
2306 472 2366 519 ut
2392 464 2604 521 Socrati
2638 477 2874 534 paream,
2911 476 3023 514 non
3058 459 3400 524 committam
3436 469 3499 515 ut
3532 478 3621 517 ιιι-

2053 557 2218 611 citem
2253 574 2266 610 :
2311 565 2515 610 tantam
2548 554 2760 625 1029
2795 551 3038 608 Socratis
3078 550 3340 620 ineptia
3372 565 3437 605 ac
3464 561 3618 620 petu‘

2052 647 2282 702 lantiam
2338 647 2655 712 continent,
2705 653 3029 714 tantumque
3078 643 3263 698 damni
3304 642 3620 718 huiusmodi

2054 751 2337 794 sermones
2357 738 2412 792 in
2427 737 2643 808 dialogo
2667 736 2762 790 illo
2785 736 3026 791 aﬂ‘erunt
3047 733 3274 789 lubricis
3293 733 3362 789 ad
3386 748 3590 803 peccati
3605 761 3622 774 ο

2055 827 2186 883 dum
2229 827 2571 882 hominibus.
2614 825 2784 881 Aiunt
2816 826 2966 880 enim
3008 825 3292 882 Socratem
3327 842 3359 882 a
3395 841 3622 895 vespera

2057 927 2199 974 totas
2226 927 2418 973 noctes
2451 918 2597 972 inter
2620 916 2757 972 meri
2792 916 2990 985 pocula
3012 918 3373 986 protraxisse,
3391 916 3626 985 aliisque

2051 1011 2164 1081 jam
2225 1009 2475 1075 defessis,
2541 1023 2904 1077 somnumque
2973 1008 3381 1078 appetentibus,
3443 1007 3625 1076 ipsum

2057 1111 2242 1158 tamen
2292 1102 2603 1158 insomnem
2650 1099 2718 1155 ad
2764 1100 2989 1171 cyathos
3032 1100 3361 1169 perstitisse,
3407 1099 3627 1168 garrula

2057 1192 2202 1248 inter
2223 1193 2526 1264 potandum
2557 1191 2888 1263 loquacitate
2927 1191 3191 1246 diffusum
3224 1206 3238 1244 :
3272 1189 3412 1244 nihil
3441 1197 3625 1243 tamen

2057 1284 2284 1340 eﬂ‘atum
2315 1283 2463 1353 quod
2488 1283 2630 1354 frugi
2653 1291 2820 1348 esset,
2852 1283 2946 1337 sed
2971 1298 3094 1352 quae
3123 1281 3394 1335 Alcibiadi
3423 1288 3479 1334 et
3502 1279 3625 1334 Ari-

2059 1374 2338 1445 stophani,
2361 1375 2590 1444 aliisque
2613 1374 2937 1444 procacibus
2967 1372 3214 1427 convivis
3242 1369 3625 1426 convenirent.

2058 1465 2399 1537 Porphyrius
2421 1467 2576 1529 item,
2608 1465 2702 1535 qui
2727 1463 3170 1534 pbilosophicam
3205 1461 3426 1530 scripsit
3456 1461 3630 1516 histo-

2061 1558 2199 1612 riam
2231 1557 2442 1629 (Cyrill.
2477 1556 2600 1610 adv.
2630 1556 2836 1610 Julian.
2880 1571 2934 1626 p.
2965 1554 3110 1626 185),
3144 1553 3387 1625 primum
3414 1551 3481 1606 ad
3521 1550 3630 1605 ira-

2062 1648 2322 1706 cundiam
2355 1647 2976 1718 excandescentiamque
3018 1647 3317 1716 proclivem
3359 1644 3514 1702 illum
3551 1640 3628 1695 ait

377 1709 539 1775 δενδς
585 1714 632 1745 ⁸¹
674 1717 781 1787 γάρ
815 1717 937 1773 οὔτε
972 1721 1233 1792 ὀνόματος
1275 1709 1595 1798 ἀπέχεσθαι,
1627 1709 1961 1804 οὔτε-πράγ-

2063 1736 2252 1801 fuisse,
2286 1737 2673 1792 Aristoxenum
2700 1743 2895 1791 testem
2909 1735 3224 1805 proferens,
3265 1733 3362 1804 qui
3384 1728 3629 1787 Socratis

383 1818 584 1870 ματος.
614 1807 724 1859 Καὶ
747 1808 881 1862 ἄλλα
908 1810 963 1863 δὲ
998 1815 1220 1867 τοιαῦτα
1249 1816 1530 1882 διεξελθὼν
1562 1822 1830 1876 δείκνυσιν
1861 1827 1959 1879 αύ-

379 1894 475 1948 τόν
507 1896 606 1947 καὶ
652 1901 771 1962 ταῖς
817 1901 1166 1970 ἡδυπαθείαις
1219 1907 1631 1979 δεδουλωμένον.
1691 1913 1855 1983 Λέγει
1903 1917 1958 1969 δὲ

377 1983 596 2051 οὕτως·
634 2008 652 2040 ι
693 1990 836 2060 Πρὸς
863 1991 919 2044 δὲ
945 1993 1040 2065 τὴν
1075 1995 1182 2048 τῶν
1215 1997 1543 2069 ἀφροδισίων
1588 2001 1783 2073 χρῆσιν
1825 2022 1959 2074 σφο-

375 2076 641 2169 δρότερον
701 2082 802 2152 μὲν
857 2079 1016 2150 εἶναι,
1069 2087 1276 2142 ἀδικίαν
1329 2089 1386 2143 δὲ
1430 2092 1506 2162 μὴ
1562 2095 1870 2165 προσεῖναιο
1925 2097 1959 2169 ἢ

333 2180 342 2187 ·
375 2167 496 2239 γάρ
521 2171 646 2233 ταῖς
674 2177 962 2242 γαμεταῖς,
1006 2177 1039 2248 ἢ
1077 2179 1194 2242 ταῖς
1230 2182 1438 2244 κοιναῖς
1485 2181 1721 2253 χρῆσθαι
1749 2167 1956 2255 μόναιςξ

378 2258 489 2310 Δύο
518 2259 578 2312 δὲ
613 2259 758 2331 ἔχειν
795 2269 1061 2332 γυναῖκας
1087 2267 1236 2338 ἅμα,
1267 2269 1592 2343 Ξανθίππην
1641 2273 1758 2343 μὲν,
1808 2275 1956 2328 πολίω

379 2364 486 2418 την
511 2349 580 2412 ⁸³,
609 2353 702 2404 καὶ
733 2355 1046 2426 κοινοτέραν
1084 2373 1201 2418 πως
1221 2397 1235 2421 ,
1271 2359 1475 2430 Μυρτὼ
1495 2360 1574 2428 δὲ,
1610 2363 1957 2433 Ἀριστείδου,

380 2439 718 2512 θυγατριδῆν
763 2442 858 2495 τοῦ
897 2445 1235 2517 Λυσιμάχου.
1285 2449 1396 2501 Καὶ
1445 2448 1541 2517 τήν
1581 2451 1680 2520 μὲν
1729 2451 1962 2506 Ξανθίπ-

381 2546 498 2596 πην
538 2533 981 2602 προσπλακεῖσαν
1023 2535 1208 2591 λαϐεῖν
1250 2538 1322 2570 ⁸⁵⁸
1354 2538 1412 2606 ἐξ
1447 2535 1514 2614 ἧς
1535 2541 1564 2592 ὁ
1589 2541 1960 2613 Λαμπροκλῆς

383 2618 622 2686 ἐγένετο.
656 2623 766 2693 Τὴν
803 2625 858 2677 δὲ
886 2626 1114 2696 Μυρτὼ,
1151 2629 1525 2700 γαμηθεῖσαν,
1564 2630 1622 2696 ἐξ
1659 2627 1728 2703 ἦς
1757 2634 1963 2705 Σοφροσ-

385 2707 578 2772 νίσκος
610 2710 704 2762 καὶ
731 2713 1048 2777 Μενέξενος.
1083 2712 1248 2770 Abrae.
1274 2718 1332 2769 δὲ
1374 2720 1742 2774 συνάπτουσαι
1784 2723 1963 2797 μάχην

387 2797 530 2868 πρὸς
558 2800 814 2868 ἀλλήλας,
859 2804 1079 2858 ἐπειδὰν
1102 2806 1422 2873 παύσαιντο,
1448 2809 1541 2862 ἐπὶ
1575 2809 1666 2863 τὸν
1697 2812 1963 2884 Σωκράτη

389 2890 596 2962 ὥρμων
620 2895 689 2958 ⁸⁵,
719 2895 807 2948 διὰ
836 2896 898 2949 τὸ
932 2897 1200 2967 μηδέποτε
1239 2900 1410 2964 αὑτὰς
1434 2900 1748 2973 μαχομένας
1768 2905 1964 2961 διακω-

387 2981 558 3048 λύειν,
581 2983 745 3055 γελᾷν
773 2985 850 3052 δὲ,
873 2987 967 3040 καὶ
995 2987 1249 3058 ἀλλήλαις
1281 2991 1325 3022 ⁸⁸
1349 2996 1442 3045 καὶ
1475 2993 1625 3065 αὐτῷ
1647 2996 1962 3067 μαχομένας

386 3073 622 3144 ὁρῶντα.
655 3071 807 3129 Εἶναι
834 3077 889 3129 δέ
913 3095 1076 3148 φησιν
1104 3080 1265 3135 αὐτὸν
1300 3083 1358 3137 ἐν
1386 3086 1508 3146 ταῖς
1531 3085 1769 3154 ὁμιλίαις
1799 3089 1963 3154 αίνῶς

386 3181 449 3217 τε
481 3165 526 3196 ⁸⁷
558 3167 1004 3240 φιλαπεχθήμονα
1035 3173 1131 3225 καὶ
1167 3172 1404 3246 λοίδορον
1444 3178 1538 3229 καὶ
1570 3177 1904 3249 ὑϐριστικόν.
1937 3199 1957 3233 ι

385 3257 498 3308 Καὶ
521 3255 692 3311 ταῦτα
706 3258 761 3310 δὲ
787 3256 936 3331 [175]
963 3261 1200 3330 περὶτοῦ
1229 3262 1344 3331 βίου
1371 3265 1692 3333 Σωκράτους
1709 3268 1737 3319 ὁ
1752 3267 1966 3339 Πορφύ-

388 3362 506 3415 ριος
525 3347 649 3418 ἔφη’
675 3368 692 3400 ι
715 3349 963 3418 Ἐλέγετο
979 3351 1033 3403 δὲ
1058 3369 1118 3404 πε
1129 3353 1180 3421 pl.
1204 3353 1389 3418 αὑτοῦ,
1409 3354 1484 3417 ὡς
1499 3354 1606 3426 ἄρα
1622 3359 1752 3420 παῖς
1774 3355 1849 3410 ὢν
1867 3360 1966 3412 οὐκ

381 3430 448 3488 εὖ
482 3435 749 3505 βιώσειεν,
785 3439 907 3492 οὐδὲ
940 3441 1238 3503 εὐτάκτως.
1271 3441 1491 3512 Πρῶτον
1524 3445 1622 3514 μὲν
1663 3445 1770 3517 γάρ
1795 3464 1966 3514 φασιν

377 3527 554 3580 αὐτὸν
596 3527 675 3599 τῷ
710 3530 880 3601 πατρὶ
922 3530 1227 3585 διατελέσαι
1267 3533 1629 3590 ἀπειθοῦνταο
1674 3537 1768 3590 καὶ
1803 3539 1966 3592 ὁπότε

375 3617 700 3673 κελεύσειεν
725 3621 770 3652 ⁸⁸
799 3622 978 3687 αὑτὸν,
1007 3623 1239 3677 λαϐόντα
1269 3624 1336 3678 τά
1359 3625 1570 3696 ὄργανα
1596 3627 1663 3680 τὰ
1694 3631 1823 3700 περὶ
1861 3631 1962 3702 τὴν

377 3711 585 3781 τέχνην
637 3713 880 3784 ἀπαντᾷν
928 3715 972 3746 ⁶⁹
1017 3715 1376 3787 ὁπουδήποτε,
1430 3718 1838 3792 ὁλιγωρήσαντα
1872 3721 1966 3777 τοῦ

381 3804 818 3872 προστάγματος
851 3808 1196 3878 περιτρέχειν
1227 3809 1390 3862 αὐτὸν
1427 3812 1762 3882 ὁπουδήποτε
1801 3814 1845 3846 ¹¹⁰
1884 3814 1969 3869 δό-

387 3893 555 3960 ξειεν.
585 3896 723 3966 Ἤδη
765 3897 820 3950 δὲ
861 3899 988 3970 περὶ
1022 3899 1088 3952 τὰ
1110 3900 1480 3954 ἑπτακαίδεκα
1511 3899 1604 3972 ἔτη
1650 3904 1968 3975 προσελθεῖν

389 3985 543 4055 αύτῷ
606 3987 897 4057 Ἀρχέλαον
965 3989 1055 4042 τὸν
1122 3989 1482 4062 Ἀναξαγόρου
1539 3993 1812 4066 μαθητὴν,
1873 3995 1970 4066 φά-

395 4093 596 4130 σκοντα
650 4080 886 4150 ἐραστὴν
947 4079 1118 4136 εἶναι’
1158 4083 1250 4136 τὸν
1295 4084 1351 4136 δὲ
1393 4085 1686 4158 Σωκράτην
1725 4088 1823 4142 οὐκ
1864 4089 1970 4143 άπ-

393 4164 634 4220 ώσασθαι
662 4168 762 4239 τήν
810 4168 1044 4234 ἔντευξίν
1089 4187 1147 4223 τε
1194 4170 1287 4224 καὶ
1331 4171 1544 4240 ὁμιλίαν
1573 4174 1672 4245 τὴν
1718 4175 1852 4246 πρὸς
1879 4175 1970 4229 τὸν

406 4258 713 4328 Ἀρχέλαον,
743 4260 879 4314 ἀλλὰ
893 4259 1143 4329 γενέσθαι
1175 4265 1304 4334 παρ’
1338 4263 1486 4335 αύτῷ
1517 4265 1610 4337 ἐτη
1639 4268 1808 4338 συχνά
1828 4285 1841 4298 ·
1875 4268 1970 4322 καὶ

2060 1830 2240 1885 Vitam
2262 1827 2610 1897 conscripsit.
2643 1827 2734 1879 Ait
2757 1826 2924 1890 enim,
2963 1840 3087 1879 cum
3111 1824 3263 1878 nullo
3295 1838 3353 1877 se
3385 1835 3629 1891 unquam

2062 1918 2287 1972 homine
2310 1926 2613 1980 versatum,
2635 1917 2730 1986 qui
2752 1916 2844 1971 illo
2867 1915 2936 1969 ad
2957 1913 3399 1984 persuadendum
3421 1916 3438 1931 ‘
3458 1912 3632 1980 magis

2060 2017 2208 2064 esset
2245 1995 2500 2064 idoneus.
2532 2008 2721 2062 Talem
2763 2007 2843 2062 illi
2875 2022 3068 2062 vocem
3105 2005 3327 2074 orisque
3353 2003 3626 2067 habitum,

2063 2099 2224 2154 talem
2241 2105 2524 2153 externam
2545 2097 2783 2153 indolem
2808 2097 2998 2164 fuisse,
3011 2112 3075 2152 ac
3089 2103 3287 2167 praeter
3306 2094 3422 2148 haec
3443 2082 3630 2146 omnia
3741 2136 3743 2138 .

2062 2192 2340 2261 propriam
2374 2189 2558 2244 vultus
2600 2203 2663 2243 ac
2707 2187 2896 2244 formae
2921 2189 3052 2243 vim.
3095 2187 3220 2241 Haec
3254 2194 3437 2240 autem
3475 2183 3534 2238 in
3562 2196 3624 2237 ec

2063 2289 2194 2335 tunc
2219 2279 2478 2350 viguisse,
2512 2295 2638 2334 cum
2664 2279 2819 2334 nulla
2851 2277 3138 2334 iracundia
3163 2283 3468 2332 tentaretur
3498 2291 3512 2327 :
3538 2275 3629 2328 cui

2062 2371 2107 2426 si
2135 2370 2357 2440 quando
2389 2370 2794 2436 succumberet,
2832 2385 3047 2427 summa
3073 2376 3194 2424 erat
3229 2365 3549 2422 deformitas
3573 2371 3631 2418 et

2065 2461 2348 2530 turpitudo
2380 2479 2393 2515 :
2423 2470 2485 2517 ut
2515 2461 2610 2532 qui
2641 2477 2744 2518 nec
2782 2463 2954 2518 verbo
2995 2462 3112 2518 ullo
3150 2476 3253 2516 nec
3283 2459 3428 2515 facto
3456 2459 3629 2513 absti-

2061 2557 2239 2603 neret.
2277 2549 2344 2603 Et
2363 2549 2470 2604 alia
2489 2549 2804 2621 huiusmodi
2828 2550 2896 2606 de
2913 2550 3006 2606 illo
3029 2556 3371 2620 persecutus,
3391 2546 3634 2604 ostendit

2061 2633 2220 2688 illum
2260 2636 2642 2707 voluptatibus
2686 2653 2907 2710 quoque
2964 2637 3264 2694 obnoxium
3309 2637 3502 2692 fuisse.
3543 2637 3633 2692 Ait

2062 2727 2210 2782 enim
2240 2727 2386 2800 (ibid.
2409 2744 2464 2798 p.
2490 2727 2611 2798 186)
2645 2747 2664 2781 ι
2698 2729 2767 2784 ad
2788 2730 3055 2785 Venerem
3085 2728 3309 2800 quidem
3333 2730 3630 2786 vehemen-

2065 2817 2340 2871 tissimum
2381 2816 2575 2884 fuisse,
2612 2818 2694 2874 sic
2721 2827 2903 2875 tamen
2930 2829 2991 2874 ut
3022 2820 3162 2875 nulli
3192 2828 3339 2875 esset
3375 2820 3631 2891 injurias,

2065 2908 2194 2979 quia
2220 2907 2352 2963 solis
2379 2909 2465 2966 vel
2491 2909 2705 2981 1030
2734 2911 2996 2966 uxoribus
3025 2912 3112 2967 vel
3142 2912 3305 2982 vulgo
3333 2912 3632 2981 prostanti-

2065 2997 2170 3053 bus
2193 2998 2472 3054 utebatur.
2517 3001 2661 3055 Duas
2690 3009 2871 3056 autem
2918 3000 3082 3054 simul
3113 3000 3371 3056 habuisse
3410 3016 3631 3065 uxores,

2065 3088 2419 3161 Xanthippen
2481 3089 2742 3147 videlicet
2807 3092 3018 3156 civem,
3089 3093 3635 3162 communioremque

2067 3179 2492 3248 quodammodo,
2535 3189 2590 3235 et
2621 3180 2918 3252 Myrtonem
2969 3181 3136 3238 tiliam
3172 3183 3448 3248 Aristide),
3477 3182 3635 3256 Lysi-

2067 3268 2358 3338 machique
2391 3279 2614 3339 neptem
2649 3286 2717 3325 ex
2754 3271 2885 3326 lilia.
2919 3273 2988 3325 Et
3020 3273 3370 3345 Xanthipan
3411 3272 3636 3345 quidem

2069 3367 2230 3414 antea
2263 3359 2369 3413 sibi
2412 3359 2736 3430 implicitam
2771 3361 3157 3431 assumpsisse,
3203 3379 3270 3418 ex
3321 3379 3430 3434 qua
3472 3363 3637 3419 Lam-

2069 3449 2286 3520 procles
2334 3446 2481 3503 ﬁlius
2516 3455 2682 3502 natus
2729 3449 2818 3503 sit.
2867 3449 3170 3520 Myrtonem
3208 3466 3340 3512 vero
3379 3448 3640 3520 legitimis

2069 3539 2278 3607 nuptiis
2326 3553 2554 3592 uxorem
2607 3536 2864 3601 duxisse,
2929 3555 2996 3593 ex
3044 3554 3152 3607 qua
3206 3537 3639 3608 Sophroniscum

2069 3628 2543 3697 Menexenumque
2571 3629 2896 3695 susceperit.
2923 3628 3016 3682 Ha:
3035 3643 3184 3692 vero,
3220 3643 3342 3682 cum
3377 3645 3407 3682 a
3433 3628 3642 3684 mutuis

2070 3714 2216 3770 inter
2245 3731 2303 3770 se
2343 3713 2794 3770 contentionibus
2826 3726 3126 3781 cessarent,
3163 3717 3218 3771 in
3247 3716 3530 3772 Socratem
3562 3717 3642 3770 ir-

2070 3801 2332 3866 ruebant,
2369 3816 2436 3856 eo
2463 3799 2609 3870 quod
2646 3800 3021 3871 disceptantes
3054 3820 3335 3875 nunquam
3381 3805 3641 3861 cohibere

2073 3894 2144 3949 sit
2170 3893 2390 3957 solitus,
2427 3891 2521 3946 sed
2561 3907 2685 3946 cum
2724 3892 2838 3947 risu
2877 3905 3146 3963 spectare,
3187 3905 3243 3950 et
3271 3905 3463 3951 mutuo
3498 3897 3644 3952 inter

2073 3999 2154 4048 se,
2190 3992 2246 4039 et
2277 3989 2470 4037 contra
2525 3982 2707 4052 ipsum
2754 3983 3172 4040 contendentes.
3233 3987 3424 4043 Fuisse
3459 3996 3641 4044 autem

2071 4075 2226 4130 illum
2258 4075 2314 4129 in
2340 4073 2720 4130 conversando
2746 4076 3176 4141 eontentiosum,
3203 4094 3545 4151 pronumque
3573 4081 3641 4137 ad

2072 4166 2322 4223 convicia
2360 4176 2417 4222 et
2446 4167 2862 4222 contumelias.»
2894 4166 3019 4222 Haec
3045 4167 3285 4239 denique
3300 4171 3641 4244 Porphyrius

2073 4256 2141 4314 de
2171 4256 2412 4312 Socratis
2437 4258 2548 4311 vita
2579 4256 2824 4328 prodidit
2856 4275 2868 4310 :
2909 4275 2927 4309 ι
2959 4257 3214 4329 Vulgaris
3249 4277 3470 4332 quoque
3501 4262 3642 4316 fama

395 4345 566 4413 οὓτως
611 4349 714 4402 ὑπὸ
747 4349 840 4403 τοῦ
877 4351 918 4382 τι
961 4351 1252 4423 Ἀρχελάου
1290 4357 1671 4428 προτραπῆναι
1701 4359 1795 4411 ἐπὶ
1824 4358 1894 4413 τὰ
1923 4359 1961 4392 τ’

2070 4349 2390 4419 percrebuit
2422 4364 2653 4418 puerum
2681 4347 2962 4404 Socratem
2996 4364 3100 4406 nec
3127 4349 3364 4406 oﬂiciose
3385 4367 3487 4407 nec
3522 4368 3640 4407 mo-

397 4435 679 4506 φιλόσοφα.
717 4456 736 4489 ›
774 4434 906 4492 Εἶτα
937 4441 1052 4510 μετ’
1079 4441 1232 4510 ὀλίγα
1252 4459 1264 4471 ο
1315 4462 1334 4494 ι
1361 4439 1470 4497 ἾΙν
1491 4445 1547 4497 δὲ
1581 4445 1674 4498 καὶ
1698 4445 1808 4498 τῶν
1845 4447 1966 4500 ἐπι-

396 4528 717 4596 τιμωμένων
769 4529 870 4599 καὶ⁵
903 4531 1026 4584 τάδε
1066 4531 1366 4602 Σωκράτει,
1411 4535 1490 4588 ὅτι
1518 4536 1597 4598 είς
1625 4537 1750 4599 τοὺς
1780 4535 1968 4608 ὄχλους

2072 4439 2225 4494 deste
2269 4440 2492 4496 vixisse.
2528 4441 2773 4496 Primum
2813 4441 2959 4496 enim
3005 4442 3161 4498 aiunt
3211 4458 3336 4499 eum
3377 4453 3644 4515 perpetuo

2073 4541 2456 4586 contumacem
2499 4539 2691 4586 contra
2735 4541 2945 4604 patrem
2995 4533 3186 4589 fuisse.
3225 4535 3453 4602 Quoties
3497 4537 3644 4590 enim

399 4615 692 4682 εἶσωθεῖτο,
748 4621 842 4674 καὶ
883 4621 980 4685 τὰς
1026 4621 1306 4692 διατριϐὰς
1359 4624 1405 4655 ⁷³
1438 4627 1671 4678 ἐποιεῖτο
1695 4627 1828 4697 πρὸς
1853 4631 1961 4692 ταῖς

2072 4637 2290 4692 cunque
2349 4639 2378 4677 a
2435 4633 2589 4693 patre
2632 4624 2922 4695 iuberetur
2979 4627 3117 4682 artis
3169 4629 3536 4683 instrumenta
3589 4629 3645 4683 in

397 4705 698 4774 τραπέζαις
733 4708 800 4774 ⁷⁵,
839 4710 934 4763 καὶ
962 4711 1098 4781 πρὸς
1127 4713 1239 4774 τοῖς
1279 4710 1526 4782 Ἑρμαῖς.
1561 4730 1579 4762 ι
1623 4711 1809 4766 Ταῦτα
1842 4715 1961 4784 περλ

2073 4730 2270 4769 manus
2297 4731 2537 4778 sumere,
2565 4716 2843 4771 adversari
2876 4719 3101 4773 solitum
3120 4735 3264 4784 esse,
3297 4727 3644 4790 contempto-

401 4794 722 4866 Σωκράτους
745 4799 772 4850 ὀ
797 4800 1104 4871 Πορφύριος
1130 4799 1256 4872 ἔφη,
1292 4802 1385 4855 καὶ
1405 4802 1541 4855 ἄλλα
1574 4803 1730 4867 άττα,
1762 4803 1797 4858 ἃ
1829 4805 1961 4857 ἑκὼν

2075 4821 2180 4874 quc
2203 4805 2376 4874 patris
2392 4805 2573 4874 jussu,
2599 4803 2833 4863 licenter
2855 4821 3188 4879 quocunque
3205 4808 3456 4863 libuisset
3489 4807 3647 4863 aber-

1741 4939 1973 5000 VAllle
2013 4942 2418 5004 LECTIONES.

504 5077 549 5110 ⁵⁸
575 5076 1129 5158 πίνρνταηπεινῷντα
1147 5083 1212 5158 1)f
1323 5084 1378 5158 δῖ
1397 5083 1488 5137 καὶ
1511 5081 1616 5135 τῶν
1643 5082 1835 5158 ἄλλων.
1863 5084 1936 5158 τὰ
1977 5085 2114 5158 μετὰ
2136 5084 2307 5138 ταῦτα
2365 5087 2421 5158 εν
2460 5088 2573 5150 τοῖς
2601 5087 2698 5158 τῆς
2750 5087 3058 5158 Βατικάνης
3111 5085 3460 5158 βιϐλιοθήκης
3494 5088 3643 5142 div-ct-

504 5105 548 5110 η
575 5105 817 5130 πινυνιια.
853 5105 1120 5135 πεινωντα
1149 5105 1212 5139 υ.
1323 5105 1368 5116 ν’
1397 5105 1488 5137 και
1511 5105 1616 5135 των
1643 5105 1835 5137 αΑΑων.
1869 5105 1936 5137 τα
1977 5105 2114 5155 μετα
2136 5105 2307 5138 ταυτα
2365 5105 2421 5138 εν
2460 5105 2573 5150 τοις
2601 5105 2698 5158 της
2752 5105 2987 5140 βατικαν
3029 5107 3058 5151 ς
3112 5105 3460 5157 μιοΛιουηκης
3494 5105 3643 5142 αντι-

401 5146 1166 5238 γράξρρξξᾼέκλπιτπόγτα-ὲιρεξῇς
1194 5155 1257 5206 ὲκ
1289 5153 1382 5238 τεῦ
1419 5153 2160 5238 προξιρημένουρρχετύπου
2195 5156 2964 5238 μεταγέγραπται..μ]ιιβιςιυε.
2987 5105 3270 5238 arrodnam
3307 5158 3645 5238 archetypon

402 5215 494 5271 hic
519 5215 723 5271 indicet
743 5215 1157 5282 Ursinus,'mih'i
1179 5239 1288 5277 non
1316 5215 1508 5292 liquet.
1536 5215 1724 5292 Neque
1754 5215 2246 5288 enim'Carneriu's.
2279 5215 2374 5294 qui
2412 5215 2642 5280 schedas
2683 5215 3032 5283 Ursinianasw
3069 5227 3122 5280 in
3184 5228 3362 5281 lucem
3393 5215 3644 5297 protulit,

402 5286 703 5346 quidquam
736 5286 804 5340 de
837 5303 902 5341 eo
933 5304 1160 5346 munere
1192 5293 1446 5346 dignatus
1467 5301 1569 5346 est.
1663 5294 1708 5324 °°
1741 5294 2002 5346 ἥρμοττε.
2024 5295 2232 5346 ἥρμοζε
2268 5295 2331 5346 Ι).
2407 5296 2447 5326 ⁶¹
2478 5296 2673 5346 εἴδους.
2702 5295 2864 5346 ἤθους
2915 5296 2979 5346 D.
3058 5297 3101 5326 θ’
3146 5297 3380 5346 οὐθενός.
3432 5296 3644 5346 οὐδενὸς

402 5286 703 5368 quidquam
736 5286 804 5340 de
831 5303 902 5367 eo
933 5304 1173 5370 munere_
1192 5286 1446 5363 dignatus
1467 5301 1569 5346 est.
1635 5286 1708 5324 ’⁸ο
1741 5294 2002 5363 ἥρμοττε.
2024 5286 2239 5363 ἥρμοζε
2268 5286 2331 5348 Ιὶ.
2407 5296 2447 5326 ⁶¹
2478 5296 2673 5358 εἴδους.
2702 5295 2864 5415 ηθους
2915 5296 2979 5376 D:
3058 5297 3101 5326 θ’
3146 5286 3407 5358 οὐθενός.’
3432 5286 3646 5380 οὐδενδς

402 5357 468 5434 Ι),
494 5357 586 5410 ubi
609 5370 736 5434 E10}
764 5373 858 5409 του
892 5357 985 5434 ὁνζ
997 5367 1052 5413 et
1083 5363 1416 5434 του-πρᾶγμ.
1437 5432 1474 5434 ἡ
1511 5363 1571 5434 ξ’
1599 5361 1697 5432 μὲν
1725 5364 2036 5434 πολίτηνέ-
2051 5363 2369 5434 Ξανθίππην
2397 5379 2505 5418 om.
2540 5365 2603 5426 D,
2651 5383 2719 5418 πο
2755 5368 2858 5416 ἶτιν
2919 5364 3080 5419 Sirm.
3161 5365 3204 5398 ⁶·’⁶
3231 5366 3433 5418 λαϐεῖν.
3467 5365 3646 5418 λαθειν

403 5396 468 5418 υ,
497 5396 586 5410 νυ,
613 5396 736 5409 ιιιυοι
775 5396 858 5409 'vv
893 5396 970 5410 vlo
997 5396 1052 5413 νυ
1094 5396 1176 5412 Iuv
1208 5396 1414 5432 ιιμαςμο
1599 5396 1696 5432 μεν
1727 5396 2368 5434 ηυηιιιιιν--υιινυιηηην
2397 5396 2505 5418 υΙΙΙ,
2540 5396 2603 5426 υ,
2652 5396 2857 5418 Ἰὶυηὶυιν
2920 5396 3080 5419 011111.
3167 5396 3174 5398 “
3232 5396 3433 5418 Λαυςιν.
3468 5396 3642 5418 ’.αυιιν

402 5426 563 5502 _C_yr._
607 5426 652 5502 °_'
687 5428 1154 5502 mppopv.¢bppwy
1322 5432 1366 5502 δέ
1396 5430 1673 5501 ἀλλήλαις.
1729 5432 1865 5502 πρὸς
1917 5433 2152 5502 ἀλλήλας
2195 5434 2258 5488 Ι).
2321 5441 2376 5487 et
2428 5450 2538 5487 om.
2598 5434 2828 5501 ὁρῶντα.
2942 5435 2986 5466 ³⁷
3049 5435 3214 5498 αἰνῶς
3246 5452 3323 5488 τε.
3379 5435 3547 5488 ἐνίοτε
3579 5435 3642 5488 Ι).

404 5495 462 5528 ⁶⁸’
483 5495 748 5574 κελεύσοι.
777 5495 1262 5574 κελεύσειεν-βηι).
1340 5501 1382 5574 '_’
1409 5495 1940 5574 ἀπαντᾷθηάπαντα
1969 5495 2116 5574 CXI"
2177 5503 2540 5574 ὁπουδήποτε.
2601 5495 2733 5556 ὅπου
2761 5503 2888 5574 ποτὲ
2917 5504 2978 5558 C.
3010 5495 3206 5574 Supra'
3241 5505 3571 5574 πράγματος
3601 5503 3643 5558 ν

405 5581 505 5636 pro
527 5566 965 5644 πρρστάγματος.
1077 5567 1119 5644 "_‘
1151 5567 1325 5644 οὕτως
1354 5571 1455 5623 ὑπὸ
1481 5566 1609 5644 τοῦ.’
1634 5571 1751 5644 πῶς
1771 5573 1874 5644 ὑπὸ
1905 5574 1967 5627 D.
2051 5571 2095 5603 "
2122 5573 2212 5644 τά.
2245 5566 2433 5644 entia
2465 5574 2527 5626 Ι).
2633 5574 2802 5644 ’ἔτας
2825 5573 2998 5644 διατρ.
3031 5566 3128 5638 τέἰς
3157 5589 3266 5629 om.
3287 5566 3298 5572 ’
3318 5566 3413 5630 ΒΓ
3456 5574 3497 5606 ⁷⁸
3547 5566 3644 5637 τὰς

406 5635 685 5707 τραπέζας
716 5636 812 5689 καὶ
853 5637 987 5710 πρὸς
1021 5639 1154 5702 τοῖς.
1184 5641 1302 5703 ταῖς
1331 5640 1629 5712 τραπέζαις
1660 5643 1750 5696 κοιλ⁵
1783 5643 1920 5715 πρὸς
1949 5645 2066 5708 ταῖς
2105 5642 2147 5700 C
2177 5644 2241 5707 D,
2265 5643 2360 5700 sed
2385 5643 2448 5697 D.
2481 5658 2573 5696 om
2602 5643 2734 5719 πρὸς
2764 5635 2874 5701 sec.
