3924 6192
299 228 451 297 1143

1286 238 1771 301 THEODORETI
1810 240 2148 307 EPISCOPI
2185 244 2548 309 CYRENSIS

3407 242 3556 310 Ii“

295 357 439 407 lare.
483 342 768 399 Decimum
809 360 943 401 vero
980 360 1043 401 ac
1091 347 1387 416 septimum
1435 351 1617 420 agenti
1661 365 1865 404 annum

1982 348 2110 407 εἶναι
2148 355 2467 424 παρέλιπον.
2515 354 2605 420 ἘΞ
2642 347 2717 411 ὧν
2758 351 3193 423 καταμανθάνειν
3222 350 3432 419 ἔξεστιν
3476 356 3554 420 ⁷⁸,

297 435 599 492 accessisse
635 436 964 492 Archelaum
1002 438 1339 510 Anaxagorae
1383 440 1738 510 discipulum,
1773 442 1869 512 qui

294 541 357 584 se
402 528 615 584 diceret
650 541 837 595 amore
855 529 992 599 eius
1027 538 1343 600 correptum
1374 530 1692 587 :Socratem
1736 548 1868 587 vero

303 619 511 690 1031
552 618 815 673 amatoris
838 608 1139 674 accursum
1184 636 1249 675 ac
1286 621 1717 678 familiaritatem
1762 625 1867 677 mi-

296 710 449 764 nime
468 717 809 775 aversatum,
827 710 1032 766 multos
1054 710 1129 765 illi
1152 726 1327 767 annos
1342 714 1669 778 convixisse,
1693 731 1869 785 eoque

301 808 461 870 pacto
477 798 911 859 abArcbelaoa‘d
927 801 1332 872 philosophiam
1353 802 1665 860 traductum
1690 822 1825 861 esse.
1846 827 1863 858 ι

304 890 507 946 Deinde
536 898 661 960 post
693 890 931 963 paucae?
947 913 965 945 ι
998 881 1152 950 inter
1181 905 1378 952 caatera
1412 908 1594 954 autem
1616 941 1630 963 ,
1670 900 1872 970 quibus

302 982 559 1038 Socrates
586 982 971 1050 accusabatur:
996 987 1112 1042 haec
1135 997 1315 1052 erant,
1344 990 1492 1059 quod
1534 991 1590 1043 in
1625 990 1873 1045 conferta

300 1075 491 1145 populi
543 1076 707 1131 turba
751 1064 1182 1145 conﬂictaretur,
1231 1081 1488 1151 quodque
1530 1082 1599 1137 ad
1652 1097 1874 1137 mensas

301 1169 559 1238 ipsosque
580 1168 813 1225 Hermas
837 1169 893 1225 in
914 1157 1530 1228 triviis‘dissertationes
1550 1188 1873 1245 moramque

300 1258 671 1327 protraheret.
705 1278 724 1312 ι
755 1262 773 1281 ·
798 1260 924 1316 Ηιεο
953 1252 1022 1316 de
1048 1261 1275 1320 Socrate
1304 1265 1639 1337 Porphyrius
1664 1274 1871 1331 narrat,

300 1354 357 1401 et
387 1347 494 1402 alia
520 1348 793 1419 quaedam,
822 1365 944 1421 quae
972 1352 1153 1407 sciens
1192 1354 1492 1425 volensque
1527 1357 1870 1428 praetermisi.

301 1439 383 1495 Ex
422 1439 492 1502 iis
534 1450 720 1497 autem
756 1458 880 1514 quae
922 1430 1065 1511 dixi,
1107 1446 1463 1519 intelligitur,
1520 1450 1646 1506 illos
1690 1451 1876 1506 verbis

300 1533 524 1604 quidem
551 1533 807 1591 laudasse
833 1535 1117 1603 virtutem,
1145 1554 1206 1593 re
1248 1549 1433 1595 autem
1473 1540 1590 1611 ipsa
1626 1542 1877 1613 volupta-

302 1633 412 1679 tem
438 1630 678 1681 sectatos
702 1640 845 1691 esse,
869 1627 1346 1700 cupiditatumque
1374 1631 1698 1687 servitutem
1728 1633 1877 1688 ultro

300 1730 613 1785 perpessos.
654 1716 792 1772 Nam
830 1718 899 1784 si,
926 1694 988 1772 ut
1023 1694 1363 1792 Porphyrius
1391 1723 1487 1788 ait,
1516 1724 1574 1778 in
1604 1724 1876 1780 Venerem
1909 1694 1950 1750 Β

300 1806 631 1877 propensius
653 1806 956 1875 ferebatur,
988 1825 1168 1881 neque
1194 1811 1428 1867 duarum
1453 1814 1616 1869 simul
1643 1830 1878 1870 uxorum

302 1898 669 1955 contubernio
696 1901 1022 1963 satiabatur,
1052 1902 1149 1957 sed
1187 1904 1427 1973 publicis
1460 1906 1627 1961 etiam
1655 1906 1880 1962 feminis

305 1987 659 2059 impudenter
684 1989 968 2057 utebatur,
996 1991 1386 2065 nudorumque
1419 1996 1474 2049 in
1508 1998 1761 2067 palaestra
1786 1999 1877 2068 ju-

302 2093 503 2134 venum
524 2092 773 2151 aspectu,
798 2082 1026 2139 Platone
1051 2093 1209 2151 teste,
1240 2085 1619 2143 delectabatur
1644 2106 1657 2142 :
1685 2089 1731 2144 si
1754 2104 1881 2159 pro-

300 2170 429 2225 nior
481 2181 601 2228 erat
652 2173 722 2227 ad
778 2174 1143 2241 iracundiam,
1188 2184 1245 2232 et
1302 2177 1685 2250 insurgentem
1744 2181 1880 2235 iram

302 2260 668 2337 eo'mprimere
702 2265 793 2322 vix
825 2275 1062 2339 poterat,
1104 2269 1151 2325 si
1184 2269 1391 2326 dicacis
1424 2282 1546 2327 erat
1585 2274 1784 2345 linguae
1819 2289 1883 2328 ac

303 2354 555 2420 infrenis,
592 2358 869 2426 quodnam
894 2360 941 2414 is
968 2359 1188 2415 tandem
1207 2361 1571 2432 philosophiae
1591 2379 1763 2434 genus
1787 2380 1881 2418 ex-

303 2448 512 2503 coluit?
532 2448 690 2515 Quod
715 2466 849 2506 vero
871 2451 1159 2508 Platonem
1195 2469 1418 2525 quoque
1451 2466 1715 2512 accusent
1740 2458 1882 2511 anti-

303 2553 543 2609 quorum
564 2542 841 2606 nonnulli,
868 2551 930 2596 ut
964 2545 1057 2613 qui
1083 2545 1256 2599 multa
1288 2545 1486 2601 fecerit
1509 2562 1630 2616 quae
1660 2546 1881 2616 indigna

303 2630 416 2685 sint
445 2629 824 2700 philosophia,
860 2632 1287 2703 Xenophontem
1324 2636 1513 2690 audite
1544 2637 1601 2690 in
1636 2636 1883 2706 Epistola

301 2718 371 2773 ad
388 2717 707 2775 Eschinem
727 2719 807 2776 sic
826 2721 1142 2792 loquentem
1164 2723 1388 2796 (Euseb.
1414 2726 1477 2779 P.
1493 2725 1561 2780 E.
1586 2741 1642 2797 p.
1659 2727 1762 2782 745
1780 2727 1842 2796 D)
1867 2744 1880 2779 ι

310 2828 329 2862 ι
358 2808 651 2881 Δῖεγριιιω
681 2812 836 2867 enim
869 2813 1215 2881 adamarunt,
1255 2817 1465 2888 1032
1492 2826 1887 2872 monstrosaru-

301 2918 411 2974 que
447 2903 770 2975 Pythagorae
812 2906 1244 2977 philosophiam.
1291 2907 1539 2974 Quorum
1582 2910 1880 2973 luxuriam,

1972 446 2045 509 ὡς
2077 446 2254 516 λόγοις
2283 449 2515 519 ἐπῄνουν
2542 450 2739 500 ἐκεῖνοι
2762 447 2860 519 τὴν
2889 446 3111 518 ἀρετὴν,
3151 446 3462 516 ἠσπάζοντο
3491 447 3557 499 δὲ

1970 538 2071 610 τὴν
2123 541 2336 612 ἡδονὴν,
2367 541 2463 595 καὶ
2491 542 2604 604 τοῖς
2626 540 2822 596 πάθεσι
2849 539 3123 594 δουλεύειν
3147 539 3449 609 ἠνείχοντο.
3482 540 3557 591 Εἰ

1972 631 2080 703 γάρ
2108 631 2171 703 δὴ
2194 632 2333 687 κατὰ
2358 633 2448 685 τὸν
2484 633 2792 704 Πορφύριον
2842 632 2935 685 καὶ
2974 632 3103 703 περὶ
3159 632 3227 685 τά
3260 631 3558 703 ἀφροδίσια

1973 725 2286 795 ὁρμητικῶς
2346 720 2480 794 εἶχε,
2536 725 2630 777 καὶ
2675 723 2768 777 δύο
2824 724 3040 792 γυναιξὶ
3076 722 3219 778 κατά
3262 722 3456 776 ταυτὸν
3507 722 3559 753 ⁷⁸

1975 816 2176 886 ὁμιλῶν
2226 817 2325 868 οὐκ
2371 815 2643 885 ἐλάμϐανε
2689 815 2869 888 κόρον,
2901 815 3035 870 ἀλλὰ
3060 815 3157 868 καὶ
3190 815 3309 876 ταῖς
3343 816 3562 875 κοιναῖς

1975 906 2167 977 ἀνέδην
2193 906 2408 976 ἐχρῆτο,
2431 908 2523 960 καὶ
2549 907 2658 960 τῶν
2686 908 2743 961 έν
2770 909 2888 970 ταῖς
2919 905 3282 977 παλαίστραις
3321 921 3564 973 γυμνουο

1978 998 2155 1069 μένων
2181 998 2315 1052 νέων
2332 1039 2345 1063 ,
2380 998 2517 1051 κατά
2544 998 2633 1051 τὸν
2660 996 2941 1062 Πλάτωνα,
2977 996 3075 1068 τὴν
3099 996 3227 1049 θέαν
3252 994 3561 1065 ἠσπάζετο,

1975 1090 2071 1144 καὶ
2107 1090 2438 1161 δυσόργητος
2465 1090 2509 1119 ⁷⁷
2545 1085 2633 1160 ῆν,
2679 1090 2770 1143 καὶ
2822 1090 2980 1159 μόγις
3026 1089 3256 1160 ᾇττοντα
3301 1086 3563 1156 κατέχειν

1975 1178 2206 1249 ἠδύνατο
2245 1179 2335 1233 τὸν
2371 1180 2563 1250 θυμὸν,
2599 1181 2693 1233 καί⁵
2724 1181 2960 1251 λοίδορον
3005 1176 3118 1250 εἶχε
3164 1179 3262 1250 τὴν
3307 1179 3564 1247 γλῶτταν

1976 1271 2073 1324 καὶ
2111 1270 2464 1340 ἀχαλίνωτον,
2504 1274 2654 1325 ποῖον
2684 1272 2788 1341 ἄρα
2816 1266 2952 1335 εἶδος
2986 1270 3302 1339 φιλοσοφίας
3330 1270 3563 1341 μετῄεις

1981 1363 2101 1416 Ὅτι
2130 1361 2186 1414 δὲ
2222 1363 2315 1414 καλ⁹
2351 1362 2394 1393 ⁷⁸
2426 1362 2709 1425 Πλάτωνος
2755 1360 3119 1432 κατηγοροῦσι
3160 1360 3269 1414 τῶν
3308 1360 3565 1414 παλαιῶν

1977 1470 2140 1517 τινες,
2176 1453 2251 1515 ὡς
2300 1451 2471 1505 πολλά
2532 1452 2896 1522 πεποιηκότος
2959 1452 3276 1521 φιλοσοφίας
3336 1451 3565 1516 ἀνάξια,

1977 1545 2244 1599 ἀκούσατε
2273 1542 2613 1611 Ξενοφῶντος
2642 1544 2889 1612 λέγοντος
2917 1545 2974 1596 ὲν
2996 1546 3060 1614 τῇ
3109 1543 3247 1613 πρὸς
3294 1545 3564 1613 Αἰσχίνην

1980 1636 2236 1706 ἐπιστολῇ
2258 1653 2269 1665 ·
2314 1656 2331 1686 ι
2364 1635 2641 1703 Αἰγύπτου
2674 1634 2785 1706 γάρ
2836 1634 3155 1704 ἠράσθησαν
3187 1635 3282 1688 καὶ
3311 1636 3407 1704 τῆς
3436 1636 3562 1687 Πυ-

1980 1725 2213 1797 θαγόρου
2231 1724 2566 1796 τερατὼδους
2611 1724 2823 1792 σοφίας.
2857 1719 2958 1776 Ὧν
2983 1724 3045 1776 τὸ
3076 1723 3327 1795 περιττὸν
3352 1725 3446 1776 καὶ
3476 1724 3561 1793 μὴ

1983 1818 2209 1890 μόνιμον
2258 1818 2352 1870 ἐπὶ
2387 1816 2667 1889 Σωκράτει
2695 1816 2977 1887 διήλεγχεν
3002 1815 3045 1848 ⁷⁸
3077 1816 3216 1886 ἔρως
3246 1815 3565 1887 τυραννίδος

1980 1912 2073 1963 καὶ
2093 1910 2212 1963 ἀντὶ
2237 1908 2447 1976 διαίτης
2470 1908 2622 1977 λιτῆς
2643 1906 2953 1971 Σικελιῶτις
2981 1906 3217 1976 γαστρὸς
3237 1907 3479 1977 ἀμέτρου
3508 1905 3561 1938 ⁸³

1978 2000 2246 2073 τράπεζα.
2282 2019 2300 2052 ι
2341 1999 2642 2053 Δίνίττεται
2691 1999 2746 2050 δὲ
2775 1999 2861 2052 διά
2902 1997 3108 2051 τούτων
3135 1997 3232 2068 τὴν
3268 1998 3403 2068 μετά
3433 2000 3562 2052 Διο-

1981 2095 2167 2147 νυσίου
2197 2092 2291 2146 τοῦ
2325 2092 2589 2162 τυράννου
2622 2094 2679 2155 ὲν
2708 2089 2928 2161 Σικελίᾳ
2964 2089 3269 2161 διατριϐήν.
3311 2090 3422 2153 Τὰς
3447 2090 3564 2159 γὰρ

1993 2184 2224 2256 Ἀθήνας
2254 2182 2567 2238 καταλιπὼν
2598 2183 2789 2253 ἐκείνῳ
2812 2182 2993 2252 ξυνῆν,
3026 2181 3394 2251 Συρακουσίας
3416 2182 3561 2233 dno-

1981 2276 2160 2329 λαύων
2188 2275 2403 2347 χλιδῆςο
2437 2278 2530 2329 καὶ
2566 2275 2706 2345 μετά
2748 2276 2849 2345 τὴν
2898 2274 3107 2326 ἐκείνου
3158 2273 3435 2342 τελευτὴν,
3477 2271 3565 2340 τῷ

1983 2368 2191 2422 ἐκείνου
2224 2368 2392 2421 παιδί.
2430 2367 2695 2421 Τοσοῦτον
2745 2366 2801 2418 δὲ
2843 2364 3123 2434 παραινῶν
3163 2364 3254 2417 τὸν
3297 2362 3564 2432 τύραννον

1983 2456 2212 2526 ὤνησεν,
2238 2456 2311 2520 ὠς
2353 2455 2448 2509 καὶ
2497 2456 2717 2526 δεθῆναι
2752 2456 2852 2509 κάν
2906 2456 3027 2516 ταῖς
3078 2453 3412 2523 λιθοτομίαις
3445 2454 3566 2522 εἱρ-

1984 2549 2199 2618 χθῆναι,
2254 2546 2480 2617 ὕστερον
2540 2546 2596 2598 δὲ
2646 2547 2688 2578 ⁸¹
2741 2545 2937 2607 καὶῶς
2977 2545 3306 2616 ἀνδράποδον
3331 2545 3568 2598 ἀπέδοτο

1986 2639 2275 2711 βάρϐαρον.
2307 2639 2415 2691 Καὶ
2446 2642 2473 2692 ὁ
2498 2640 2842 2709 Πλούταρχος
2887 2638 2944 2691 δέ
2985 2656 3148 2714 φησιν
3182 2639 3360 2693 ἔλαιον
3397 2640 3566 2693 αὐτὸν

1984 2733 2065 2794 είς
2088 2731 2183 2801 τὴν
2216 2731 2491 2799 Αἴγυπτον
2517 2731 2788 2801 ἐμπορίας
2810 2731 2969 2801 χάριν
3005 2732 3384 2802 μετακομίσαι.
3419 2731 3564 2783 Ἀλλ’

1983 2821 2131 2889 ὅμως
2162 2819 2259 2872 καὶ
2300 2817 2406 2871 τῶν
2453 2818 2708 2872 τοιούτων
2751 2818 2933 2887 ψόγων
2968 2818 3255 2881 ἀκούοντες
3288 2815 3568 2887 θαυμάξοο

1989 2926 2089 2979 μεν
2146 2908 2310 2962 αὐτοῦ
2357 2908 2426 2961 τά
2474 2908 2653 2972 καλῶς
2687 2908 2974 2980 εἰρημένα,
3012 2909 3107 2961 καὶ
3136 2909 3235 2978 τὴν
3265 2908 3330 2960 ὲκ
3357 2905 3566 2960 τούτων

302 2996 819 3067 inconstantemque
872 2998 1119 3052 animum
1172 2999 1317 3069 apud
1356 3000 1638 3055 Socratem
1675 3001 1879 3071 perdu-

1987 2999 2257 3068 ὠφέλειαν
2301 3000 2395 3052 καὶ
2441 2999 2585 3067 ὑμᾶς
2624 2997 2882 3068 ἀξιοῦμεν
2917 2996 3206 3064 ξυλλέγειν.
3235 2996 3345 3048 Καὶ
3365 2994 3467 3066 γὰρ
3493 2994 3568 3065 δὴ

302 3087 485 3153 randi,
515 3088 760 3143 ostendit
788 3103 944 3143 amor
971 3088 1063 3144 ille
1103 3105 1213 3159 quo
1248 3098 1542 3163 tyrannum
1577 3107 1877 3163 proseque-

302 3177 490 3243 batur,
526 3192 740 3250 proque
779 3177 926 3251 frugi
971 3196 1036 3235 ac
1069 3196 1237 3252 parco
1265 3182 1416 3237 victu
1466 3182 1648 3238 Sicula
1689 3200 1879 3240 mensa

300 3267 445 3339 gula
476 3278 641 3343 atque
671 3268 965 3325 edacitatis
992 3272 1302 3328 immodicae
1338 3275 1602 3343 appetita.
1643 3295 1662 3327 ι
1696 3277 1881 3331 lnnuit

304 3368 490 3415 autem
524 3361 614 3415 his
645 3362 832 3416 verbis
872 3377 999 3421 cum
1020 3363 1285 3434 Dionysio
1322 3374 1557 3436 tyranno
1597 3366 1652 3421 in
1692 3367 1882 3423 Sicilia

304 3452 785 3508 consuetudinem.
824 3453 1060 3509 Athenis
1098 3456 1248 3510 enim
1284 3457 1515 3521 relictis,
1551 3458 1698 3527 apud
1726 3458 1881 3511 illum

304 3541 539 3615 degebat
576 3541 937 3614 Syracusanis
976 3543 1168 3599 fruens
1206 3544 1445 3610 deliciis,
1478 3554 1534 3600 et
1575 3554 1700 3617 post
1736 3547 1884 3602 illius

305 3643 563 3699 mortem,
601 3633 749 3705 apud
779 3634 900 3705 ejus
933 3633 1132 3691 ﬁlium.
1170 3634 1407 3691 Tantum
1437 3653 1573 3692 vero
1599 3639 1715 3694 suis
1738 3638 1883 3709 apud

306 3733 604 3798 tyrannum
626 3726 1113 3784 adhortationibus
1136 3730 1392 3799 profecit,
1421 3740 1483 3786 ut
1515 3731 1736 3787 vinctus
1769 3732 1888 3787 fuc—

305 3818 401 3883 rit,
424 3833 488 3873 ac
502 3818 818 3890 lapicidinis
835 3818 1091 3876 addictus
1116 3838 1129 3873 :
1152 3821 1375 3877 tandem
1391 3838 1544 3888 vero,
1565 3838 1666 3878 ceu
1692 3823 1889 3889 barba-

308 3923 434 3963 rum
459 3909 819 3981 mancipium,
848 3910 917 3965 ad
939 3912 1266 3969 servitutem
1290 3923 1376 3970 est
1399 3916 1772 3973 venundatus.
1799 3920 1889 3974 Ait

308 4012 477 4072 porro
552 4000 883 4057 Plutarchus
960 4003 1115 4059 illum
1187 4006 1513 4060 venalitium
1568 4008 1751 4063 oleum
1819 4009 1888 4064 ad

308 4089 596 4162 Egyptios
620 4091 905 4148 detulisse.
929 4092 1179 4165 Cumque
1205 4097 1324 4152 haec
1351 4098 1419 4151 de
1443 4099 1537 4152 illo
1556 4100 1760 4168 probra
1789 4117 1890 4156 au-

311 4187 551 4253 diamus,
594 4201 659 4242 ea
693 4194 876 4243 tamen
900 4204 1024 4259 quae
1044 4198 1193 4244 recte
1232 4191 1301 4245 ab
1331 4206 1398 4247 eo
1434 4190 1580 4246 dicta
1610 4199 1740 4246 sunt
1776 4192 1894 4247 lau-

315 4280 531 4344 damus,
562 4293 627 4336 ac
664 4291 724 4335 ut
760 4297 858 4337 vos
883 4282 1052 4337 etiam
1087 4296 1155 4337 ex
1178 4282 1267 4337 his
1302 4282 1599 4337 utilitatem
1639 4283 1889 4353 capiatis,

1990 3092 2083 3146 καὶ
2114 3091 2376 3159 γυναῖκας
2404 3090 2729 3160 γεγενῆσθαι
2762 3091 2890 3160 παρ’
2922 3089 3180 3158 Ἕλλησιν
3218 3085 3569 3152 ἀξιεπαίνους

1981 3182 2271 3255 ἀκούομεν.
2298 3181 2558 3252 Λυσιδίκη
2588 3182 2685 3252 μὲν
2714 3182 2843 3253 γὰρ,
2867 3180 2941 3247 ὥς
2968 3197 3154 3249 φασιν,
3178 3177 3394 3232 ἐλούετο
3420 3178 3494 3247 μὴ
3510 3174 3566 3208 ⁸¹

1981 3274 2072 3327 τὸν
2103 3272 2423 3344 χιτωνίσκον
2454 3272 2774 3342 ὲκδυομένη,
2808 3270 2957 3342 [176]
2985 3270 3074 3323 διὰ
3119 3270 3218 3339 τὴν
3261 3266 3570 3338 ὑπερϐολὴν

1985 3366 2084 3436 τῆς
2131 3364 2333 3428 αίδοῢς.
2377 3364 2440 3415 Ἦ
2468 3364 2522 3416 δὲ
2549 3364 2823 3431 Φιλωτέρα
2841 3362 2885 3394 ⁸³
2910 3360 3169 3416 κατιοῦσα
3195 3361 3275 3423 είς
3304 3359 3401 3429 τὴν
3431 3357 3571 3409 πύε-

1984 3459 2074 3510 λον
2102 3456 2147 3489 “
2196 3456 2337 3509 κατὰ
2365 3455 2536 3526 βραχῦ
2580 3454 2640 3507 τὸ
2671 3455 2748 3524 τῷ
2771 3454 2922 3508 ὕδατι
2979 3452 3383 3521 καλυπτόμενον
3435 3448 3571 3517 ἐγύ-

1990 3566 2123 3620 μνου
2144 3548 2189 3580 ⁸⁵
2214 3546 2307 3600 τοῦ
2334 3545 2606 3617 σώματος,
2627 3545 3028 3598 ἀναστέλλουσα
3044 3542 3164 3597 κατ’
3182 3542 3360 3610 ὀλίγον
3376 3539 3465 3592 τὸν
3488 3557 3577 3609 χι-

1987 3640 2151 3694 τῶνασ
2169 3642 2262 3693 καὶ
2278 3634 2344 3692 αὖ
2360 3640 2521 3693 πάλιν
2537 3637 2762 3693 ἀνιοῦσα
2776 3634 3332 3708 παραπλησίωςὴμπέ
3341 3632 3572 3703 σχετοκ.

1988 3729 2174 3785 Θεανὼ
2196 3731 2250 3783 δὲ
2266 3733 2298 3801 ῆ
2314 3730 2532 3793 Πυθαγο
2538 3748 2568 3800 ρ
2580 3728 2688 3799 ικὴ,
2708 3728 3110 3799 ἀποϐλέψαντός
3130 3745 3272 3789 τινος
3289 3728 3365 3789 είς
3377 3723 3574 3793 αὐτὴν,

1990 3824 2083 3876 καὶ
2108 3823 2369 3886 εἰπόντος,
2390 3821 2586 3887 Καλὸς
2603 3825 2633 3875 ὀ
2648 3820 2870 3890 πῆχυς,
2890 3853 2958 3859 -
2982 3820 3137 3873 Ἀλλ’
3160 3820 3229 3871 οὺ
3256 3816 3543 3885 δημόσιος
3558 3856 3573 3878 ,

1990 3910 2346 3982 ἀπεκρίνατο.
2388 3909 2753 3981 Ἐρωτηθεῖσα
2806 3910 2862 3971 δὲ
2908 3909 3090 3972 πάλιν,
3143 3905 3378 3959 ποσταία
3432 3904 3578 3973 γυνὴ

1993 4002 2101 4056 ἀπὸ
2122 4001 2313 4073 ἀνδρὸς
2343 4002 2423 4064 εἰς
2455 4002 2513 4053 τὸ
2541 4002 2910 4072 Θεσμοφόρων
2937 4002 3180 4053 κάτεισιν
3202 4041 3215 4064 ,
3249 4018 3266 4049 ι
3312 3996 3445 4049 Ἀπὸ
3473 3995 3577 4065 μὲν

1992 4093 2086 4148 τοῦ
2129 4093 2259 4147 ίδίου
2308 4093 2669 4163 παραχρῆμα,
2715 4092 2851 4162 ἔφη’
2891 4091 2997 4144 ἀπὸ
3040 4091 3095 4171 δὲ
3137 4089 3229 4141 τοῦ
3264 4085 3574 4156 ἀλλοτρίου,

1993 4185 2263 4240 οὐδέποτε.
2300 4203 2318 4236 ι
2370 4183 2576 4249 Ταῦτα,
2612 4183 2705 4237 καὶ
2763 4184 2863 4235 ὅσα
2900 4181 3144 4243 τοιαῦτα,
3180 4178 3276 4232 καὶ
3316 4174 3578 4231 ἐπαινοῦ-

1999 4294 2118 4349 μεν,
2147 4277 2239 4330 καὶ
2260 4274 2576 4343 φιλοσοφίας
2602 4270 2740 4327 εἶναι
2768 4273 2894 4339 ἄξιά
2926 4289 3126 4342 φαμεν.
3172 4271 3282 4323 Καὶ
3314 4266 3581 4338 ἀποδεχόο

315 4379 592 4441 optamus.
638 4369 776 4423 Nam
823 4378 879 4425 et
919 4369 1180 4427 mulieres
1223 4384 1442 4440 quoque
1487 4368 1632 4439 apud
1674 4368 1879 4424 Graeco:

2001 4369 2140 4442 μεΘα
2157 4369 2247 4422 τὸν
2264 4367 2524 4422 Πλάτωνα
2538 4368 2649 4430 τοῖς
2670 4366 2896 4434 ἀγαθοῖς
2914 4365 3001 4417 τὸν
3030 4364 3203 4433 γάμον
3220 4360 3579 4427 ξυντάξαντα,

315 4462 476 4521 laude
503 4461 697 4534 dignas
715 4461 989 4517 exstitisse
1017 4462 1351 4533 accepimus.
1387 4460 1638 4532 Lysidice
1668 4461 1879 4531 quippe.

2001 4462 2093 4515 καὶ
2121 4459 2419 4522 ἀθανασίας
2455 4456 2696 4511 ἐπίνοιαν
2723 4457 2817 4509 καὶ
2846 4454 3101 4525 διαμονὴν
3133 4455 3225 4507 τοῦ
3259 4454 3449 4522 γένους
3473 4468 3580 4506 κα·-

318 4560 377 4605 ιιι
403 4551 609 4619 ferunt,
636 4552 708 4608 ob
734 4552 995 4607 eximium
1026 4552 1314 4623 pudorem,
1338 4553 1577 4609 tunicam
1599 4568 1722 4608 cum
1748 4553 1879 4608 lava-

1998 4550 2247 4603 λέσαντα.
2286 4546 2610 4617 Δημοκρίτῳ
2637 4545 2691 4597 δὲ
2722 4545 2815 4597 καὶ
2858 4542 3169 4612 Ἐπικούρῳ
3214 4542 3333 4593 λίαν
3367 4541 3585 4610 μεμφό-

317 4652 472 4701 retur
494 4661 605 4700 non
633 4645 890 4701 exuebat.
915 4645 1196 4701 Philotera
1222 4652 1426 4711 autem,
1452 4661 1575 4702 cum
1600 4645 1656 4700 in
1679 4645 1879 4699 Iabrurr

2004 4642 2164 4713 μεθα,
2194 4635 2574 4709 παραιτεῖσθαι
2609 4634 2816 4688 καὶτὸν
2851 4634 3030 4703 γάμον
3056 4634 3148 4685 καὶ
3185 4630 3283 4701 τὴν
3316 4630 3585 4695 παιδογο-

316 4737 574 4793 balneare
602 4736 983 4803 descenderet,
1012 4748 1227 4810 partem
1250 4738 1400 4795 illam
1433 4737 1702 4809 corporis,
1729 4750 1879 4807 quau

2001 4734 2121 4788 νίαν
2140 4730 2185 4761 ⁸⁷
2232 4728 2534 4784 κελεύουσι.
2585 4726 2696 4797 Τὴν
2747 4724 2855 4795 γάρ
2902 4740 2984 4775 τοι
3032 4720 3223 4794 ἡδονὴν
3264 4720 3587 4791 ὁρισάμενοι

317 4844 461 4898 aqua
511 4836 742 4900 tegeret,
792 4830 995 4884 sensim
1035 4830 1302 4897 nudabat,
1347 4829 1591 4885 tunicam
1631 4828 1879 4899 paulatin

2000 4826 2173 4888 τέλος,
2200 4822 2269 4876 τὰ
2307 4817 2593 4892 φροντίδας
2620 4816 2809 4887 ἔχοντα
2845 4814 2938 4867 καί
2970 4830 3122 4876 τινας
3159 4811 3348 4880 ἀηδίας
3381 4826 3585 4900 παντες

320 4920 595 4976 reducens
622 4939 634 4974 :
660 4929 717 4976 et
742 4937 935 4977 rursus
955 4922 1146 4977 exiens
1169 4922 1336 4977 simili
1356 4921 1522 4976 modo
1538 4921 1874 4976 induebatur

2003 4916 2110 4979 λῶς
2136 4910 2512 4983 ἀπεκήρυξαν.
2539 4907 2679 4968 otes
2698 4907 2795 4976 τῆς
2821 4905 3079 4972 Ποικίλης
3115 4903 3286 4973 μέσην
3310 4900 3433 5004 τινά
3464 4898 3589 5004 eam

320 5012 682 5086 Pythagorica
727 5014 746 5034 ‘
794 5029 1014 5084 quoque
1048 5013 1295 5078 Theano,
1332 5029 1459 5068 cum
1507 5027 1627 5067 eam
1673 5011 1879 5081 quidan

2003 5006 2244 5062 ὥδευσαν
2270 5022 2284 5036 ο
2323 5005 2436 5066 τοῖς
2476 5000 2584 5071 γὰρ
2626 4998 2943 5068 ἀδιαφόροις
2986 4995 3075 5047 τὸν
3116 4994 3294 5099 γάμον
3345 4992 3442 5099 καὶ
3485 4992 3592 5099 τῆν

320 5081 558 5160 intuitus
596 5081 839 5160 diceret:
872 5081 1159 5160 Pulchrum
1210 5105 1503 5168 brachium,
1547 5101 1879 5173 reSpondism

2009 5097 2355 5167 παιδογονίαν
2392 5090 2733 5159 ξυνέξευξαν.
2790 5090 2851 5142 Oi
2900 5087 2956 5140 δὲ
2990 5086 3122 5139 θεῖοι
3164 5083 3313 5192 λόγοι
3332 5081 3446 5182 ’τὴν
3487 5081 3592 5192 μὶὲν

320 5195 520 5264 fertur,
553 5196 621 5253 At
662 5198 870 5270 1033
906 5214 1009 5251 non
1040 5196 1325 5268 publicum.
1371 5197 1439 5252 Et
1468 5203 1657 5268 rogata
1684 5210 1877 5249 rursus

2007 5193 2097 5246 διὰ
2129 5186 2445 5261 φιλοσοφίαν
2488 5180 2881 5251 ὲπινοουμὲνην
2923 5178 3143 5247 ἁγνείαν
3189 5175 3474 5244 ὑμνοῦσιν,
3508 5175 3591 5237 ὡς

1618 5342 1855 5399 νΑΒΙΑἳ.
1911 5336 2313 5395 LECTIONES.

773 5474 783 5489 ι
1490 5471 1509 5483 υ
1642 5482 1663 5495 ρ
1974 5461 2074 5494 τερ
2528 5493 2539 5504 ,
2642 5448 2686 5478 "
2718 5445 2845 5499 δυσό
2926 5442 3057 5499 ,εὺό
3135 5437 3351 5494 .Sirm.
3467 5434 3595 5487 ⁷⁸δδ

399 5472 442 5565 1'
468 5466 1786 5565 ξεῖαέιξνθενειν,ἱξξςξξϊι..ξιξταειιιέπεξῖέῖῆισειν
1815 5462 1924 5564 θιο
1966 5451 2546 5565 ι..έὲὶέ,ῖῗν·ηῖ.ῗ9ἓῗ⁵,ξζ,
2658 5519 2700 5549 ει
2736 5461 2962 5565 δστξᾶν,
3021 5458 3175 5565 si?»
3208 5506 3361 5563 adat
3398 5506 3593 5558 αὐτόν.

2658 5519 2700 5549 ει
2736 5506 2962 5558 ἦστέηόν
3021 5506 3175 5558 δέξῐ)
3208 5506 3361 5558 addit
3398 5506 3593 5558 αὐτόν.

331 5541 445 5594 καί.
471 5506 1782 5610 ’ζςέἱῗῖἓῗυόἶωτῖ”ἓῖἧᾶἷεγχέἷῖ
1816 5506 1924 5564 Iw“
1965 5506 2462 5607 auﬁp'rjd'omnq,
2484 5522 2546 5574 D.
2658 5519 2700 5549 ‘“
2736 5506 2962 5598 ὖστέρον
3021 5506 3175 5565 BLD
3208 5506 3361 5563 addit
3381 5506 3590 5607 ταύτόν.

330 5609 377 5680 ξ’
414 5611 508 5679 μή.
539 5614 674 5680 μήτε
697 5615 758 5667 D.
837 5612 884 5645 ⁸³
913 5610 1193 5680 Φιλοτέρα.
1218 5608 1495 5680 Φιλιυτέρα
1515 5609 1578 5661 D.
1620 5677 1627 5680 _
1673 5605 1860 5680 “sint
1900 5600 2113 5655 πύελον.
2181 5596 2273 5680 τδγ
2326 5606 2519 5680 ’ζευὲλον
2546 5590 2608 5653 C.
2648 5589 2711 5643 D-
2789 5587 2832 5618 ⁸³
2869 5588 3124 5655 ἐγυμνου·
3172 5581 3477 5654 ἐγυμνοδτο
3525 5574 3590 5629 D'

334 5679 378 5713 ⁸⁸
414 5663 741 5750 ἦᾴπέσῇεείτξ.
776 5663 1081 5749 ἠμπίσχετο
1106 5663 1170 5733 Ϊ).
1282 5679 1325 5709 ⁸⁷
1358 5663 1696 5729 παίδοποιὲιχν
1724 5663 1929 5744 (γονίαν
1953 5685 2116 5739 supra
2155 5664 2355 5734 ποιίαν)
2390 5663 2452 5716 Ι).
