3924 6192
335 313 474 381 1145

863 309 1300 373 GRECARUM
1335 311 1637 372 AFFECT.
1676 311 1912 372 CURA']

2019 337 2106 374 .·--
2121 313 2259 375 XII.
2301 312 2399 374 DE
2437 313 2770 375 VIRTUTE
2807 314 3074 376 ACTIVA

3455 308 3592 374 1146

335 438 452 506 βίον
511 428 877 504 προξενοῦσαν
923 424 1216 494 φροντίδων
1269 423 1548 494 ἐλεύθερον
1570 424 1616 456 ⁸⁸
1645 441 1660 458 ο
1707 424 1807 479 τὸν
1859 425 1912 479 δέ

2019 436 2188 497 quoto
2228 427 2319 482 die
2365 443 2396 482 a
2435 425 2542 480 viri
2573 441 2874 496 congressu
2907 424 3104 478 mulier
3141 421 3590 492 Thesmophoriis

337 529 592 598 σώφρονα
615 523 791 590 γάμον
819 516 1220 588 νομοθετοῦσιν,
1253 517 1328 581 ὡς
1353 518 1446 570 καὶ
1472 517 1532 570 τὸ
1561 517 1716 584 γένος
1743 517 1910 583 aug-5a-

332 635 497 672 νοντα
515 617 582 678 ⁸⁸,
629 612 727 666 καὶ
766 609 1020 678 λαγνείας
1060 611 1186 670 τοὺς
1228 611 1524 680 σωφρονεῖν
1559 609 1912 680 βουλομένους

332 704 724 776 ἐλευθεροῦντα
751 718 765 732 °
798 701 1052 772 πορνείας
1077 701 1134 753 δὲ
1165 699 1258 753 καὶ
1285 703 1384 770 τῆς
1422 698 1588 770 ἄλλης
1620 699 1911 764 ἀκολασίας

331 800 410 862 ὡς
449 795 689 858 συώδους
735 793 1117 863 κατηγοροῦσι.
1154 810 1173 844 ε
1202 792 1392 861 Τίμιος
1422 795 1530 864 γὰρ
1578 795 1606 846 6
1647 794 1824 861 γάμος
1856 794 1914 846 ἐν

329 891 491 952 πᾶσι,
521 887 618 940 καὶ
649 888 682 956 ή
723 885 878 954 κοίτη
904 885 1184 953 ἀμίαντος,
1215 885 1379 954 φησὶν
1410 886 1438 936 ὁ
1470 883 1610 945 θεῖος
1653 884 1912 937 Ἀπόστο-

325 986 474 1046 ⁸λιος·
517 978 752 1048 πόρνους
787 977 843 1029 δὲ
888 976 982 1029 καὶ⁹
1028 976 1248 1044 μοιχοὺς
1279 977 1452 1044 κρινεῖ
1489 975 1517 1027 6
1555 975 1711 1038 θεός.
1755 993 1773 1026 ι
1806 975 1914 1027 Καὶ

325 1071 528 1124 πάλινο
576 1087 596 1118 ε
623 1068 781 1135 Λέγω
815 1067 871 1119 δὲ
900 1069 1010 1128 τοῖς
1037 1067 1082 1098 ⁹⁰
1125 1066 1360 1135 ἀγάμοις
1411 1065 1504 1118 καὶ
1540 1068 1657 1129 ταῖς
1690 1068 1910 1136 χήραις·

326 1160 514 1214 Καλὸν
545 1159 733 1221 αὐτοῖς
761 1159 910 1210 ἐστιν
939 1157 1033 1210 ἐὰν
1063 1155 1314 1225 μείνωσιν
1341 1156 1415 1218 ὡς
1448 1155 1602 1224 κάγώ
1625 1174 1639 1185 ο
1666 1157 1786 1209 εἰδὲ
1815 1157 1915 1211 οὐκ

324 1250 762 1324 ἐγκρατεύονται
792 1288 807 1312 ,
887 1246 1312 1316 γαμησάτωσαν.
1359 1265 1377 1298 ι
1441 1247 1550 1299 Καὶ
1625 1246 1850 1318 ἑτέρωθι
1895 1263 1909 1276 °

331 1361 352 1394 ε
385 1341 629 1413 Πορνεία
669 1340 725 1392 δὲ
772 1339 865 1393 καὶ
910 1338 1224 1408 ἀκαθαρσία
1280 1337 1353 1408 μὴ
1376 1338 1419 1369 ’ί
1477 1337 1825 1408 ὀνομαζέσθω
1857 1341 1913 1392 ὲν

324 1430 479 1501 ὑμῖν,
528 1427 718 1492 καθὼς
766 1426 965 1498 πρέπει
1010 1428 1207 1496 ἁγίοις.
1240 1445 1258 1476 ι
1305 1427 1415 1480 Καὶ
1455 1421 1724 1497 anapa-
1770 1448 1789 1480 ι
1821 1429 1912 1499 Μή

321 1535 410 1582 τις
437 1518 643 1590 πόρνος
678 1517 772 1570 καὶ
803 1515 1110 1585 βέϐηλοῴπ
1161 1514 1236 1578 ὡς
1286 1514 1480 1568 Ἦσαῦ.
1513 1534 1530 1567 ι
1579 1515 1644 1570 Οἱ
1691 1517 1788 1586 μὲν
1820 1512 1914 1570 οὖν

323 1609 592 1680 ἡμέτεροι
627 1608 938 1662 διδάσκαλοι
966 1606 1057 1660 τὸν
1085 1606 1321 1681 λογικοῖς
1342 1608 1619 1678 πρέποντα
1633 1609 1914 1680 διεθεσμο-

325 1700 572 1770 θέτησαν
610 1701 724 1772 βίον
757 1716 771 1730 ⁸
803 1701 854 1752 οἱ
883 1699 941 1750 δὲ
972 1697 1077 1751 τῶν
1108 1698 1412 1768 φιλοσόφων
1447 1699 1658 1769 ἄριστοι
1688 1701 1782 1754 καὶ
1811 1702 1913 1754 αύ-

2020 518 2236 573 intersit
2270 536 2283 571 :
2321 537 2339 569 ‹
2369 517 2414 572 Α
2437 518 2668 588 proprii,
2691 517 2888 587 inquit,
2913 515 3118 577 statim,
3143 513 3210 568 ab
3234 513 3418 574 alieni,
3442 529 3588 574 nun-

2018 624 2202 679 quam.
2239 629 2257 660 ι
2292 609 2418 664 Haec
2441 618 2496 664 et
2521 626 2642 678 qua:
2675 616 2805 663 sunt
2839 609 2924 662 his
2955 607 3154 661 similia
3189 604 3495 668 laudamus,
3530 614 3591 659 et

2019 699 2367 770 phiIOSOphia
2395 701 2560 770 digna
2581 715 2894 762 censemus,
2925 699 3320 766 Platonemque
3349 695 3591 749 admitti-

2019 805 2142 844 mus
2177 792 2398 860 nuptias
2438 792 2581 846 inter
2611 791 2755 845 bona
2794 792 3176 853 collocantem,
3212 787 3590 842 immortalita-

2020 881 2198 950 tisque
2237 881 2489 951 paranda:
2529 883 2839 947 inventum,
2876 890 2931 936 et
2979 881 3335 936 stabilitatem
3373 878 3591 948 generis

2020 973 2384 1042 appellantem
2407 991 2421 1038 ;
2454 973 2828 1028 Democritum
2853 989 2988 1027 vero
3016 981 3072 1028 et
3093 972 3390 1042 Epicurum
3425 969 3592 1023 velte-

2021 1071 2234 1116 menter
2280 1062 2624 1128 damnamus,
2673 1064 2766 1132 qui
2817 1072 2872 1118 et
2909 1063 3152 1132 nuptias,
3187 1069 3243 1117 et
3290 1061 3591 1114 liberorum

2021 1149 2459 1219 procreationem
2497 1151 2661 1205 vitari
2694 1151 2910 1222 jubent.
2959 1151 3065 1216 Qui
3100 1150 3248 1204 enim
3292 1150 3594 1203 humanam

2019 1242 2336 1296 felicitatem
2353 1244 2632 1311 voluptate
2649 1243 3036 1306 metiebantur,
3055 1241 3324 1311 quidquid
3338 1255 3592 1294 curarum

2020 1333 2226 1403 aliquid
2251 1335 2333 1388 vel
2374 1334 2574 1389 fastidii
2616 1335 2814 1389 afferre
2842 1343 3079 1404 poterat,
3098 1334 3323 1389 omnino
3340 1332 3596 1402 repudia-

2022 1433 2169 1478 runt.
2195 1425 2264 1477 At
2287 1424 2456 1479 Stoici
2481 1425 2658 1478 media
2685 1426 2921 1494 quadam
2946 1426 3033 1490 via
3061 1425 3426 1479 incesserunt.
3453 1423 3598 1478 Cou-

2015 1511 2168 1580 jugia
2204 1510 2376 1575 enim,
2412 1525 2477 1566 ac
2515 1512 2818 1567 liberorum
2856 1515 3281 1583 susceptionem,
3321 1515 3466 1568 inter
3507 1515 3593 1568 in-

2020 1601 2331 1657 differentia
2400 1616 2818 1674 recensuerunt.
2883 1603 3063 1659 Sacra:
3121 1615 3306 1659 autem
3375 1605 3595 1658 Litterae

2021 1691 2402 1746 castimoniam
2457 1693 2679 1762 quidem
2721 1695 2946 1749 laudant
3000 1696 3361 1765 pbi1050phiae
3411 1695 3596 1748 studio

297 1782 412 1844 ’τοὶ
438 1793 561 1854 ταῖς
605 1791 819 1861 ἡδοναῖς
865 1787 1258 1858 ἐδουλώθησαν,
1293 1789 1386 1841 καὶ
1422 1789 1618 1860 νόμους
1664 1790 1910 1860 ἔγραψαν

2019 1793 2346 1852 susceptam,
2380 1792 2439 1838 ut
2469 1800 2589 1854 quae
2620 1785 2787 1839 vitam
2811 1786 3050 1856 praebeat
3079 1801 3109 1840 a
3136 1787 3286 1840 curis
3312 1786 3542 1839 liberam
3578 1806 3592 1838 :

325 1880 632 1934 ἀκολασίαν
669 1880 1016 1943 διδάσκοντας
1047 1894 1060 1908 ο
1097 1878 1327 1932 τοιοῦτοι
1349 1879 1535 1949 γὰρ-οε
1569 1882 1696 1950 περὶ
1721 1882 1915 1952 γάμων

326 1970 427 2024 καὶ
463 1971 858 2044 παιδεραστίας
905 1969 998 2023 τοῦ
1039 1968 1326 2032 Πλάτωνος
1363 1970 1538 2039 νόμοι.
1587 1971 1696 2024 Καὶ
1733 1971 1913 2041 μέντοι

327 2064 426 2116 καὶ
459 2065 590 2136 περὶ
615 2064 795 2133 φιλίας
836 2062 1166 2131 Ἱππόδαμος
1191 2062 1220 2115 6
1251 2061 1620 2131 Πυθαγόρειος
1650 2062 1792 2116 οὕτω
1819 2063 1914 2131 γέ-

326 2169 550 2224 γραφεν
587 2171 600 2184 ·
650 2172 670 2206 ε
709 2154 769 2208 Ἀ
804 2153 926 2223 μὲν,
956 2152 1016 2216 ἐξ
1049 2151 1357 2221 ἐπιστάμας
1381 2151 1427 2183 ⁹⁸
1465 2150 1601 2205 θεῶν
1627 2167 1641 2182 °
1684 2152 1720 2205 ἁ
1749 2151 1824 2216 δὲ,
1851 2153 1917 2205 ἐκ

328 2247 584 2315 παροχᾶς
621 2244 922 2316 ἀνθρώπων
942 2260 956 2274 ο
999 2244 1036 2296 ἀ
1068 2242 1145 2304 δὲ,
1176 2242 1234 2308 ἐξ
1270 2241 1460 2304 ἁδονᾶς
1492 2241 1666 2304 ζώων.
1697 2260 1716 2292 ι
1771 2240 1830 2296 Ὀ
1859 2242 1915 2295 δὲ

329 2337 614 2408 Δεσπότης
631 2335 865 2407 Χριστὸς
897 2336 956 2387 ἐν
989 2335 1104 2396 τοῖς
1145 2335 1310 2402 ἱεροῖς
1348 2333 1702 2401 Εὑαγγελίοις
1732 2333 1865 2402 φησί
1897 2349 1910 2362 ·

335 2443 356 2476 ε
381 2427 622 2492 Μείζονα
646 2426 848 2496 ταύτης
879 2423 1099 2492 ἀγάπην
1127 2422 1300 2484 οὐδεὶς
1342 2423 1566 2476 δύναται
1595 2423 1785 2486 δεῖξαι,
1830 2424 1917 2476 ἱνα

330 2533 418 2580 τις
448 2519 516 2590 θῇ
544 2520 642 2590 τὴν
669 2517 846 2588 ψυχὴν
875 2515 1040 2570 αὐτοῦ
1067 2514 1206 2584 ὑπὲρ
1233 2512 1341 2567 τῶν
1369 2513 1538 2582 φίλων
1560 2513 1746 2567 αὑτοῦ.
1782 2533 1802 2566 ι
1833 2513 1915 2566 Τά

333 2610 644 2664 τελεώτατα
671 2609 1007 2663 ἐκπαιδεύων
1029 2609 1073 2640 ⁸⁵
1097 2609 1189 2660 καὶ
1214 2608 1339 2670 τοὺς
1372 2606 1598 2676 ἐχθροὺς
1629 2604 1915 2660 ἐκέλευσεν

338 2698 591 2769 ἀγαπᾷν·
625 2702 653 2751 6
680 2701 736 2751 δὲ
763 2701 862 2768 τὴν
894 2699 1260 2768 Πυθαγόρειον
1303 2697 1682 2760 ἐκπαιδευθεὶς
1720 2715 1917 2768 τετρατ

337 2790 477 2842 κτὺν
497 2790 595 2859 τὴν
625 2778 774 2860 [17η
806 2788 1154 2858 ἀνθρωπίνην
1179 2787 1364 2855 φιλίαν
1397 2789 1461 2840 ὲκ
1494 2788 1742 2857 παροχῆς
1775 2789 1914 2858 ὼρίε-

341 2895 476 2932 σατο
504 2877 981 2946 κατορθούσθαι⁹⁸.
1013 2879 1087 2931 Οὐ
1123 2877 1282 2946 μόνον
1309 2876 1366 2930 δὲ
1396 2878 1622 2947 ἀπᾴδων
1653 2877 1736 2930 ὅδε
1772 2877 1802 2929 6
1832 2878 1918 2930 λό-

336 2985 456 3036 γος,
488 2970 622 3024 ἀλλὰ
661 2969 756 3023 καὶ
814 2968 1046 3038 πάμπαν
1067 2969 1112 3000 ’⁸
1150 2968 1474 3029 ἀσύστατος.
1523 2967 1757 3030 Πολλοὺς
1808 2969 1917 3039 γὰρ

340 3061 553 3133 ἐχθρῶν
569 3061 859 3130 εὐεργέτας
879 3059 1275 3128 γεγενημένους
1299 3057 1624 3128 εὑρίσκομεν
1648 3075 1662 3090 ο
1688 3059 1916 3123 πολλοὺς

336 3123 404 3205 at
440 3123 498 3206 εὖ
539 3153 638 3222 μὲν
664 3123 838 3217 ’παρά
881 3123 1040 3202 τινων
1064 3123 1438 3212 πεπονθότας,
1485 3123 1812 3218 ἀχαρίστους
1853 3151 1912 3203 δὲ
1946 3123 1989 3182 C

343 3244 489 3312 μάλα
520 3245 647 3314 περὶ
678 3244 804 3305 τοὺς
843 3240 1134 3310 εὐεργέτας
1161 3237 1584 3308 γεγενημένους.
1627 3240 1702 3290 υύ
1732 3241 1913 3293 τοίνυν

338 3336 588 3406 παροχῆς
631 3333 850 3402 ἔκγονος
893 3332 1152 3403 ήοφιλία,
1202 3331 1340 3384 ἀλλὰ
1388 3333 1595 3399 καρπὸς
1651 3333 1834 3401 φιλίας
1879 3333 1913 3402 ἡ

335 3444 417 3480 πα
423 3428 554 3497 ροχή
567 3467 580 3480 .

2017 1885 2198 1930 castas
2237 1891 2368 1930 vero
2420 1877 2642 1945 nuptias
2683 1879 2799 1948 lege
2841 1878 3117 1942 sanciunt,
3163 1888 3224 1933 ut
3266 1894 3389 1948 qua:
3424 1893 3597 1947 genus

2018 1978 2278 2038 augeant,
2312 1976 2368 2023 et
2391 1984 2421 2022 a
2448 1969 2677 2024 libidine
2696 1971 2933 2026 liberent
2954 1986 3050 2026 eos
3072 1972 3166 2041 qui
3193 1971 3331 2026 casti
3358 1986 3479 2026 esse
3500 1987 3596 2025 vo-

2016 2058 2159 2113 lunt.
2190 2059 2632 2116 Fornicationem
2673 2078 2824 2127 vero,
2862 2072 2919 2117 et
2949 2063 3110 2116 aliam
3143 2078 3364 2116 omnem
3405 2063 3596 2117 incon-

2019 2147 2305 2203 tinentiam
2348 2150 2632 2216 damnant,
2666 2161 2726 2206 ut
2749 2153 2944 2207 suibus
2968 2162 3386 2224 congruentem.
3434 2172 3451 2203 (
3480 2152 3594 2207 Ho-

2018 2242 2265 2297 norabile
2319 2244 2467 2298 enim
2519 2246 2858 2300 connubium
2899 2245 2958 2300 in
3001 2247 3282 2309 omnibus,
3332 2254 3389 2301 et
3442 2254 3597 2302 torus

2019 2334 2432 2401 immaculatus,
2476 2339 2551 2391 ait
2597 2338 2816 2394 divinus
2863 2339 3188 2408 Apostolus;
3239 2340 3598 2394 fornicatores

2018 2435 2204 2480 autem
2230 2437 2284 2481 et
2308 2429 2589 2484 adulteros
2611 2431 2883 2498 judicabit
2920 2431 3066 2485 Deus
3101 2433 3144 2484 ί.
3179 2449 3196 2484 ›
3232 2431 3591 2500 Rursusque:

2027 2535 2044 2567 ε
2066 2517 2199 2570 Dico
2233 2525 2418 2573 autem
2453 2535 2562 2573 non
2599 2522 2782 2590 nuptis
2813 2532 2870 2576 et
2891 2521 3074 2575 viduis
3099 2539 3112 2574 :
3133 2522 3343 2575 Bonum
3371 2529 3456 2575 est
3488 2520 3598 2576 illis
3687 2573 3689 2582 ,

2023 2608 2235 2680 1035.
2256 2610 2300 2663 si
2329 2610 2407 2664 sic
2430 2614 2849 2679 permanserint,
2876 2615 3088 2668 sicutet
3115 2630 3218 2684 ego
3245 2631 3258 2666 :
3287 2613 3434 2683 quod
3465 2613 3510 2667 si
3536 2627 3596 2668 se

2017 2715 2129 2754 non
2157 2701 2463 2766 continent,
2500 2703 2713 2758 nubant
2754 2703 2800 2758 i.
2840 2724 2858 2757 ι
2909 2706 2976 2759 Et
3012 2706 3143 2760 alibi
3181 2724 3192 2758 :
3232 2724 3250 2756 ι
3282 2705 3594 2760 Fornicatio

2019 2799 2226 2856 autem,
2244 2803 2300 2848 et
2326 2795 2696 2860 immunditia,
2716 2813 2817 2852 nec
2841 2798 3155 2852 nominetur
3176 2798 3230 2852 in
3252 2797 3429 2860 vobis,
3452 2797 3597 2853 sicut

2020 2883 2180 2938 decet
2227 2895 2444 2941 sanctos
2480 2888 2527 2939 ιι.
2565 2907 2583 2937 δ
2639 2888 2706 2942 Et
2735 2889 2867 2942 alibi
2903 2907 2916 2941 :
2957 2909 2975 2940 ι
3021 2889 3100 2944 Ne
3129 2892 3252 2959 quis
3290 2889 3594 2944 fornicator

2020 2983 2114 3028 aut
2140 2975 2402 3044 profanus
2428 2978 2572 3033 sicut
2592 2979 2735 3033 Esau
2768 2978 2807 3033 1.
2849 3001 2873 3032 ι·
2900 2982 3163 3036 Doctores
3195 2983 3381 3052 itaque
3413 2983 3591 3039 nostri

2021 3065 2234 3121 ratione
2271 3068 2520 3137 praeditis
2553 3071 2973 3126 convenientem
3012 3073 3180 3127 vitam
3225 3073 3340 3127 suis
3381 3074 3595 3142 legibus

2021 3155 2400 3212 instituerunt.
2443 3161 2511 3214 At
2553 3162 3007 3232 philosophorum
3040 3165 3496 3234 praestantissimi,
3538 3173 3596 3220 et

2021 3246 2126 3314 ipsi
2163 3247 2539 3318 voluptatibus
2572 3252 2905 3317 servierunt,
2944 3266 2999 3308 et
3037 3256 3184 3325 leges
3229 3257 3588 3326 scripserunt,

2022 3350 2145 3404 quae
2175 3335 2627 3392 ineontinentiam
2673 3340 2890 3396 docent.
2940 3343 3098 3398 Tales
3141 3346 3288 3400 enim
3329 3356 3477 3410 sunt,
3525 3345 3595 3401 de

2021 3429 2313 3498 coniugiis,
2360 3438 2416 3484 et
2453 3429 2520 3484 de
2557 3447 2854 3500 puerorum
2900 3449 3106 3498 amore,
3138 3436 3382 3491 Platonis
3423 3438 3590 3506 leges.

329 3516 481 3585 Quin
522 3527 578 3572 et
618 3517 687 3572 de
741 3517 984 3573 amicitia
1028 3519 1402 3590 Hippodamus
1434 3520 1808 3591 Pythagoreus
1855 3519 1910 3572 in
1950 3519 2100 3574 hunc
2130 3521 2353 3576 modum
2383 3522 2624 3591 scripsit.
2665 3543 2683 3575 ‹
2721 3525 2842 3578 Alia
2905 3526 3127 3594 quidem
3198 3527 3494 3596 gignuntur
3524 3543 3593 3581 ex

328 3610 569 3666 deorum
601 3612 859 3676 scientia;
905 3613 1009 3666 alia
1052 3629 1204 3676 vero,
1231 3629 1299 3667 ex
1338 3614 1624 3666 hominum
1660 3616 1676 3633 '
1706 3613 2068 3682 pmbitione;
2116 3613 2222 3667 alia
2253 3622 2351 3668 'ex
2412 3615 2728 3668 animalium
2759 3617 3063 3686 voluptate.
3099 3635 3116 3667 ι
3181 3616 3434 3670 Christus
3456 3631 3592 3669 vero

328 3699 604 3756 Dominus
641 3702 696 3756 in
724 3703 894 3757 sacris
923 3703 1233 3774 Evangeliis
1263 3705 1396 3759 dicit
1427 3723 1440 3757 :
1481 3724 1499 3755 ε
1535 3705 1791 3774 Maiorem
1829 3705 1929 3758 hac
1967 3705 2291 3760 charitatem
2320 3721 2486 3760 nemo
2513 3714 2693 3775 potest
2725 3707 3037 3770 ostendere,
3079 3717 3139 3761 ut
3177 3707 3416 3760 animam
3436 3720 3588 3758 suam

328 3801 505 3862 ponat
533 3793 659 3862 quis
689 3809 788 3863 pro
812 3793 1004 3849 amicis
1030 3795 1146 3848 suis
1169 3803 1229 3847 ω.
1263 3813 1281 3845 ι
1315 3795 1383 3847 Ει
1410 3793 1475 3847 ad
1510 3793 1906 3862 perfectissima
1946 3793 2227 3860 erudiens,
2261 3795 2427 3848 etiam
2452 3793 2707 3847 inimicos
2745 3793 2978 3864 diligere
3012 3793 3177 3865 jussit
3204 3804 3251 3846 υ.
3277 3794 3373 3848 Ille
3407 3804 3588 3848 autem

328 3882 430 3952 qui
496 3882 920 3953 Pythagoricum
989 3884 1406 3953 quaternarium
1451 3883 1740 3949 didicerat,
1817 3885 2111 3939 humanam
2191 3884 2490 3939 amicitiam
2542 3884 2816 3953 proﬁcisci
2874 3885 2951 3938 ait
3000 3899 3031 3938 a
3073 3884 3415 3954 praebitione.
3462 3884 3591 3950 Quae

329 3975 515 4029 oratio
543 3991 653 4031 non
679 3977 844 4031 modo
869 3987 953 4032 est
983 3978 1212 4041 absona,
1246 3979 1342 4032 sed
1370 3979 1533 4032 etiam
1566 3979 1719 4032 nullo
1743 3979 1910 4033 modo
1949 3981 2252 4035 consistere
2318 3989 2520 4049 potest.
2581 3979 2786 4035 Multos
2807 3981 2956 4034 enim
2996 3980 3250 4035 inimicos
3279 3979 3591 4038 invenimus

332 4065 604 4122 beneficia
633 4069 931 4123 contulisse
965 4087 976 4121 :
1013 4069 1216 4123 multos
1241 4086 1456 4134 rursus,
1487 4073 1580 4139 qui
1603 4070 1788 4125 allecti
1841 4070 2147 4137 beneﬁciis,
2185 4072 2386 4142 ingrati
2438 4086 2666 4141 prorsus
2697 4086 2824 4141 erga
2891 4071 3282 4126 beneficiorum
3339 4080 3590 4128 auctores

333 4161 584 4216 fuerunt.
632 4161 841 4232 1035
873 4163 994 4216 Non
1040 4162 1206 4233 igitur
1235 4161 1576 4234 praebitionis
1607 4170 1798 4234 partus
1826 4172 1912 4218 est
1949 4165 2211 4226 amicitia,
2236 4164 2331 4218 sed
2367 4165 2622 4220 amicitiae
2650 4165 2862 4220 fructus
2894 4165 3163 4234 prabitio.

405 4255 591 4310 Ταῦτα
616 4255 797 4319 πάλιν,
816 4249 860 4308 ὧ
888 4256 1101 4327 ἄνδρες,
1132 4257 1617 4326 παρεξετάσαντες,
1643 4257 1736 4309 καὶ
1759 4258 1914 4324 γνόν-

334 4367 426 4412 τες
458 4349 581 4401 ὅσον
613 4347 770 4399 θείων
801 4348 896 4400 καὶ
927 4347 1282 4419 ἀνθρωπίνων
1313 4348 1375 4400 τὸ
1416 4349 1598 4418 μέσον,
1644 4350 1710 4402 δι’
1760 4350 1909 4401 ἐκεί-

2091 4257 2216 4311 Ηαξο
2264 4256 2487 4321 iterum,
2544 4272 2578 4310 ο
2628 4257 2752 4322 viri,
2803 4257 3038 4310 invicem
3083 4265 3483 4326 comparantes,
3532 4263 3590 4313 et

2015 4359 2281 4420 quantum
2338 4349 2482 4404 inter
2519 4349 2708 4403 divina
2757 4357 2814 4404 et
2858 4348 3104 4402 humana
3164 4348 3236 4403 sit
3283 4348 3586 4404 discrimen

335 4456 464 4503 νων,
497 4434 607 4492 οἷόν
651 4454 814 4490 τινων
860 4438 1158 4507 στοιχείων,
1187 4437 1282 4490 ἐπὶ
1324 4438 1424 4507 τὴν
1457 4439 1662 4492 τούτων
1689 4439 1909 4492 ὁδεύσα-

2019 4445 2392 4508 agnoscentes,
2430 4455 2529 4508 per
2561 4439 2674 4503 illa,
2702 4441 2854 4494 velut
2887 4455 2986 4509 per
3015 4439 3289 4494 elementa
3313 4437 3584 4506 quadam,

329 4530 451 4583 τε’⁷
473 4529 804 4599 τελειότητα,
833 4529 926 4581 καὶ
968 4546 987 4580 ι
1016 4527 1106 4596 Μὴ
1141 4527 1551 4598 προφασίζεσθε
1605 4527 1908 4597 προφάσεις

335 4622 396 4672 ἐν
445 4621 759 4690 ἀμαρτίαις,
793 4639 811 4672 ι
860 4621 1022 4690 φησὶν
1061 4621 1094 4689 ἡ
1149 4619 1380 4688 μελῳδία
1419 4617 1513 4670 τοῦ
1567 4620 1906 4689 Πνεύματος.

337 4710 508 4763 Ὅταν
544 4709 651 4780 γὰρ
692 4712 818 4773 τοὺς
863 4710 1251 4778 εὐαγγελικοὺς
1311 4709 1670 4778 ἐπιδείξωμεν
1709 4710 1909 4780 νόμους

335 4799 517 4869 πολλῷ
531 4798 630 4869 τῆς
661 4799 978 4870 Ἑλληνικῆς
995 4800 1313 4869 φιλοσοφίας
1338 4799 1496 4862 ὄντας
1521 4799 1904 4870 ὑψηλοτέρους,

334 4888 634 4960 τηνικαῦτα
659 4891 814 4960 ὑμεῖς
845 4893 969 4955 τοὺς
1006 4893 1102 4960 μὲν
1131 4892 1328 4961 νόμους
1359 4892 1651 4954 ἐπαινεῖτε,
1686 4893 1815 4954 τοὺς
1849 4891 1905 4944 δὲ

333 4981 557 5044 τούτους
592 4981 1024 5052 παραϐαίνοντας
1047 4981 1218 5045 ἀδεῶς
1249 4983 1328 5044 είς
1356 4982 1518 5050 μέσον
1543 4982 1901 5052 προσφέρετε,

337 5073 431 5126 καὶ
455 5073 520 5126 δι’
548 5073 592 5106 ⁸⁸
620 5073 846 5126 ἐκείνων
876 5073 1137 5143 πειρᾶσθε
1173 5072 1481 5126 διαϐάλλειν
1511 5072 1640 5135 τοὺς
1682 5073 1900 5142 νόμους.

2013 4527 2080 4581 ad
2107 4528 2302 4583 horum
2321 4528 2714 4598 perfectionem
2738 4531 3090 4586 contendite:
3117 4550 3134 4582 ι
3159 4543 3358 4598 neque,
3385 4537 3446 4582 ut
3462 4527 3587 4597 Spi-

2012 4617 2151 4673 ritus
2173 4621 2346 4674 sancti
2369 4621 2606 4675 melodia
2634 4630 2821 4676 monet
2842 4629 2895 4686 ο,
2925 4620 3311 4676 excusationes
3331 4626 3588 4672 excusate

2011 4709 2065 4763 in
2084 4711 2342 4780 peccatis.
2371 4730 2389 4762 ι
2411 4711 2640 4777 Quando
2659 4713 2805 4766 enim
2821 4712 2979 4767 vobis
2996 4710 3337 4766 ostendimus
3357 4724 3589 4780 evange-

2012 4799 2148 4854 licas
2177 4800 2326 4870 leges
2347 4816 2468 4856 esse
2494 4801 2808 4856 Graecanica
2835 4801 3182 4872 philosophia
3209 4800 3384 4854 multo
3409 4797 3585 4852 subli-

2015 4889 2237 4952 miores,
2270 4904 2365 4945 eas
2392 4890 2615 4960 quidem
2644 4891 2903 4956 laudatis,
2932 4891 3028 4946 sed
3063 4905 3253 4945 earum
3278 4899 3582 4960 transgres-

2012 4997 2166 5037 sores
2202 4983 2552 5054 impudenter
2583 4984 2844 5056 objicitis,
2876 4984 3206 5052 illorumque
3244 4997 3406 5036 causa
3436 4981 3582 5048 leges

2010 5074 2333 5130 calumniari
2361 5077 2659 5134 conamini.
2687 5075 2894 5132 Contra
2925 5083 3134 5140 autem,
3177 5071 3582 5144 reprehendere

419 5217 432 5254 ί
471 5215 634 5269 llebr.
666 5231 754 5279 xv,
787 5215 839 5268 4.
920 5217 933 5266 l
972 5215 995 5270 Ι
1022 5214 1148 5271 Cor.
1185 5231 1273 5281 vn,
1307 5215 1358 5282 8,
1391 5215 1444 5269 9.
1523 5215 1548 5254 ιι
1580 5214 1782 5284 Ephes.
1814 5229 1868 5280 v,
1899 5216 1912 5269 ε

2040 5214 2056 5254 1
2090 5216 2258 5272 llcbr.
2290 5233 2384 5283 xu,
2419 5216 2504 5270 l6.
2580 5227 2620 5254 ω
2649 5217 2804 5272 Joan.
2837 5232 2926 5280 xv,
2962 5215 3048 5270 l3.
3124 5222 3150 5251 ¹¹
3183 5212 3372 5268 Matth.
3404 5228 3458 5284 v,
3491 5209 3577 5264 Η.

337 5294 360 5317 ⁸
390 5285 532 5340 Psal.
562 5301 679 5350 οτι,
712 5285 764 5338 6.

1611 5373 1846 5428 VARIA‘Z
1886 5371 2290 5429 LECTlONES.

407 5509 1117 5586 3i:pJoorazidulv_sltsdflepov._
1149 5513 1432 5586 ἐλεύθερον
1451 5513 1742 5586 φροντίδων
1780 5515 1842 5568 D.

1943 5513 1988 5545 ”
2014 5513 2328 5580 αὐξάνοντα.
2384 5512 2613 5576 αὔξοντα
2667 5513 2731 5566 D.
2807 5512 2851 5542 ⁹⁰
2901 5513 3031 5574 τοῖς.
3096 5510 3218 5580 ταῖς
3251 5508 3314 5564 D.

3393 5505 3436 5536 "
3476 5504 3573 5574 μή·

342 5580 476 5666 μηδὲ
503 5580 592 5666 ΒᾸ.
641 5581 684 5612 ⁹¹
718 5581 826 5666 καὶ..
846 5578 1000 5651 βέ6.ἥ
1280 5578 1677 5666 ’δ’ἐπιστήμας.
1712 5586 2022 5666 ἐπιστέψας
2043 5578 2108 5646 ν,
2140 5592 2194 5638 et
2226 5599 2352 5666 mox
2381 5583 2571 5666 ἀδοχᾶς
2604 5597 2744 5666 cum.
2902 5580 2944 5612 ”
2969 5578 3324 5666 ἐξιζιιαοιδεύωνζ
3358 5591 3571 5666 "centra:

337 5643 506 5725 ξερων
525 5650 704 5725 _Sirm.
734 5723 760 5725 _
783 5652 827 5683 ⁹⁸
846 5643 1262 5723 κατορθοῦσθαι.
1299 5643 1708 5725 κατωρθοῢσθαι
1743 5654 1806 5709 D.
1881 5643 1927 5686 ’δ
1954 5643 2204 5724 παμπειν.
2228 5653 2448 5723 σύμπαν
2475 5653 2533 5706 D.
2553 5643 2565 5646 ’
2610 5651 2655 5683 ⁸⁷
2686 5649 2957 5706 ὁδεύσατε.
2986 5648 3254 5703 ὡδεύσατε
3283 5647 3344 5702 Ι).
3409 5643 3455 5678 ’⁸
3482 5646 3575 5698 καί

337 5717 427 5776 δι’.
454 5721 546 5774 καὶ
580 5737 690 5775 om.
722 5723 787 5778 C.
