  <div class='ocr_page' id='page_1' title='image "/cluster/home/n/w/nwhite01/storage/ocr_20150623/83/hvd.32044073502072/579.png"; bbox 0 0 3924 6192; ppageno 0'>
   <div class='ocr_carea' id='block_1_1' title="bbox 304 293 437 359">
    <p class='ocr_par' dir='ltr' id='par_1_1' title="bbox 304 293 437 359">
     <span class='ocr_line' id='line_1_1' title="bbox 304 293 437 359; baseline 0 0"><span class='ocrx_word' id='word_1_1' title='bbox 304 293 437 359; x_wconf 76' lang='grc'><strong>1147</strong></span> 
     </span>
    </p>
   </div>
   <div class='ocr_carea' id='block_1_2' title="bbox 1280 296 2548 365">
    <p class='ocr_par' dir='ltr' id='par_1_2' title="bbox 1280 296 2548 365">
     <span class='ocr_line' id='line_1_2' title="bbox 1280 296 2548 365; baseline 0.004 -8"><span class='ocrx_word' id='word_1_2' title='bbox 1280 296 1768 361; x_wconf 76' lang='lat' dir='ltr'><strong>THEODORETI</strong></span> <span class='ocrx_word' id='word_1_3' title='bbox 1805 299 2146 365; x_wconf 81' lang='lat' dir='ltr'><strong>EPISOOPI</strong></span> <span class='ocrx_word' id='word_1_4' title='bbox 2183 299 2548 363; x_wconf 78' lang='lat' dir='ltr'><strong>CY&#39;RENSIS</strong></span> 
     </span>
    </p>
   </div>
   <div class='ocr_carea' id='block_1_3' title="bbox 3397 302 3541 371">
    <p class='ocr_par' dir='ltr' id='par_1_3' title="bbox 3397 302 3541 371">
     <span class='ocr_line' id='line_1_3' title="bbox 3397 302 3541 371; baseline 0.028 -4"><span class='ocrx_word' id='word_1_5' title='bbox 3397 302 3541 371; x_wconf 72' lang='grc'><strong>1148</strong></span> 
     </span>
    </p>
   </div>
   <div class='ocr_carea' id='block_1_4' title="bbox 299 402 1873 485">
    <p class='ocr_par' dir='ltr' id='par_1_4' title="bbox 299 402 1857 485">
     <span class='ocr_line' id='line_1_4' title="bbox 299 402 1857 485; baseline 0.006 -27"><span class='ocrx_word' id='word_1_6' title='bbox 299 403 519 476; x_wconf 83' lang='lat' dir='ltr'><strong>quidem</strong></span> <span class='ocrx_word' id='word_1_7' title='bbox 544 402 664 485; x_wconf 85' lang='lat' dir='ltr'><strong>illos</strong></span> <span class='ocrx_word' id='word_1_8' title='bbox 688 403 994 473; x_wconf 78' lang='lat' dir='ltr'><strong>oportebat,</strong></span> <span class='ocrx_word' id='word_1_9' title='bbox 1038 404 1186 476; x_wconf 80' lang='lat' dir='ltr'><strong>leges</strong></span> <span class='ocrx_word' id='word_1_10' title='bbox 1220 415 1403 463; x_wconf 91' lang='lat' dir='ltr'><strong>autem</strong></span> <span class='ocrx_word' id='word_1_11' title='bbox 1435 409 1666 466; x_wconf 88' lang='lat' dir='ltr'><strong>minime</strong></span> <span class='ocrx_word' id='word_1_12' title='bbox 1695 425 1857 467; x_wconf 85' lang='lat' dir='ltr'><strong>accu-</strong></span> 
     </span>
    </p>
   </div>
   <div class='ocr_carea' id='block_1_5' title="bbox 1977 402 3535 485">
    <p class='ocr_par' dir='ltr' id='par_1_5' title="bbox 1977 404 3535 485">
     <span class='ocr_line' id='line_1_5' title="bbox 1977 404 3535 485; baseline 0.001 -18"><span class='ocrx_word' id='word_1_13' title='bbox 1977 412 2113 468; x_wconf 82' lang='grc' dir='ltr'>Ἐδει</span> <span class='ocrx_word' id='word_1_14' title='bbox 2143 412 2199 467; x_wconf 82' lang='grc' dir='ltr'>δὲ</span> <span class='ocrx_word' id='word_1_15' title='bbox 2228 413 2415 485; x_wconf 79' lang='grc' dir='ltr'><strong>ψέγειν</strong></span> <span class='ocrx_word' id='word_1_16' title='bbox 2449 411 2550 483; x_wconf 80' lang='grc' dir='ltr'>μὲν</span> <span class='ocrx_word' id='word_1_17' title='bbox 2580 409 2843 476; x_wconf 64' lang='grc' dir='ltr'>ἐκείνους,</span> <span class='ocrx_word' id='word_1_18' title='bbox 2876 408 3013 464; x_wconf 86' lang='grc' dir='ltr'><strong>ἀλλά</strong></span> <span class='ocrx_word' id='word_1_19' title='bbox 3042 404 3116 482; x_wconf 72' lang='grc' dir='ltr'><strong>μὴ</strong></span> <span class='ocrx_word' id='word_1_20' title='bbox 3145 409 3252 463; x_wconf 92' lang='grc' dir='ltr'><strong>τῶν</strong></span> <span class='ocrx_word' id='word_1_21' title='bbox 3271 409 3316 443; x_wconf 74' lang='grc'><strong>’⁸</strong></span> <span class='ocrx_word' id='word_1_22' title='bbox 3346 412 3535 484; x_wconf 86' lang='grc' dir='ltr'>νόμων</span> 
     </span>
    </p>
   </div>
   <div class='ocr_carea' id='block_1_6' title="bbox 300 482 1863 564">
    <p class='ocr_par' dir='ltr' id='par_1_6' title="bbox 300 482 1863 564">
     <span class='ocr_line' id='line_1_6' title="bbox 300 482 1863 564; baseline 0.003 -12"><span class='ocrx_word' id='word_1_23' title='bbox 300 511 445 552; x_wconf 86' lang='lat' dir='ltr'><strong>sare.</strong></span> <span class='ocrx_word' id='word_1_24' title='bbox 464 482 649 563; x_wconf 74' lang='lat' dir='ltr'><strong>Neque</strong></span> <span class='ocrx_word' id='word_1_25' title='bbox 671 495 819 549; x_wconf 91' lang='lat' dir='ltr'><strong>enim</strong></span> <span class='ocrx_word' id='word_1_26' title='bbox 842 504 1063 564; x_wconf 88' lang='lat' dir='ltr'><strong>propter</strong></span> <span class='ocrx_word' id='word_1_27' title='bbox 1082 496 1251 551; x_wconf 90' lang='lat' dir='ltr'><strong>malas</strong></span> <span class='ocrx_word' id='word_1_28' title='bbox 1271 497 1412 554; x_wconf 92' lang='lat' dir='ltr'><strong>vites</strong></span> <span class='ocrx_word' id='word_1_29' title='bbox 1428 514 1460 553; x_wconf 90' lang='lat' dir='ltr'><strong>a</strong></span> <span class='ocrx_word' id='word_1_30' title='bbox 1480 499 1641 555; x_wconf 87' lang='lat' dir='ltr'><strong>bonis</strong></span> <span class='ocrx_word' id='word_1_31' title='bbox 1662 501 1863 556; x_wconf 85' lang='lat' dir='ltr'><strong>abhor—</strong></span> 
     </span>
    </p>
   </div>
   <div class='ocr_carea' id='block_1_7' title="bbox 302 585 1866 659">
    <p class='ocr_par' dir='ltr' id='par_1_7' title="bbox 302 585 1866 659">
     <span class='ocr_line' id='line_1_7' title="bbox 302 585 1866 659; baseline 0.004 -18"><span class='ocrx_word' id='word_1_32' title='bbox 302 602 487 643; x_wconf 90' lang='lat' dir='ltr'><strong>remus</strong></span> <span class='ocrx_word' id='word_1_33' title='bbox 519 605 531 640; x_wconf 90' lang='lat'><strong>:</strong></span> <span class='ocrx_word' id='word_1_34' title='bbox 564 600 744 656; x_wconf 92' lang='lat' dir='ltr'><strong>neque</strong></span> <span class='ocrx_word' id='word_1_35' title='bbox 772 585 843 641; x_wconf 91' lang='lat' dir='ltr'><strong>ob</strong></span> <span class='ocrx_word' id='word_1_36' title='bbox 888 602 1103 642; x_wconf 87' lang='lat' dir='ltr'><strong>amaras</strong></span> <span class='ocrx_word' id='word_1_37' title='bbox 1133 588 1443 659; x_wconf 86' lang='lat' dir='ltr'><strong>amygdalas</strong></span> <span class='ocrx_word' id='word_1_38' title='bbox 1472 590 1639 645; x_wconf 88' lang='lat' dir='ltr'><strong>etiam</strong></span> <span class='ocrx_word' id='word_1_39' title='bbox 1676 591 1866 648; x_wconf 83' lang='lat' dir='ltr'><strong>dulces</strong></span> 
     </span>
    </p>
   </div>
   <div class='ocr_carea' id='block_1_8' title="bbox 301 676 1865 752">
    <p class='ocr_par' dir='ltr' id='par_1_8' title="bbox 301 676 1865 752">
     <span class='ocr_line' id='line_1_8' title="bbox 301 676 1865 752; baseline 0.006 -23"><span class='ocrx_word' id='word_1_40' title='bbox 301 690 616 730; x_wconf 90' lang='lat' dir='ltr'><strong>aversamur</strong></span> <span class='ocrx_word' id='word_1_41' title='bbox 648 693 662 729; x_wconf 93' lang='lat'><strong>:</strong></span> <span class='ocrx_word' id='word_1_42' title='bbox 697 690 877 746; x_wconf 89' lang='lat' dir='ltr'><strong>neque</strong></span> <span class='ocrx_word' id='word_1_43' title='bbox 910 676 983 732; x_wconf 93' lang='lat' dir='ltr'><strong>ob</strong></span> <span class='ocrx_word' id='word_1_44' title='bbox 1015 692 1211 732; x_wconf 89' lang='lat' dir='ltr'><strong>aurum</strong></span> <span class='ocrx_word' id='word_1_45' title='bbox 1241 678 1596 746; x_wconf 84' lang='lat' dir='ltr'><strong>subaeratum,</strong></span> <span class='ocrx_word' id='word_1_46' title='bbox 1633 681 1689 736; x_wconf 91' lang='lat' dir='ltr'><strong>id</strong></span> <span class='ocrx_word' id='word_1_47' title='bbox 1718 680 1865 752; x_wconf 92' lang='lat' dir='ltr'><strong>quod</strong></span> 
     </span>
    </p>
   </div>
   <div class='ocr_carea' id='block_1_9' title="bbox 300 764 1865 841">
    <p class='ocr_par' dir='ltr' id='par_1_9' title="bbox 300 764 1865 841">
     <span class='ocr_line' id='line_1_9' title="bbox 300 764 1865 841; baseline 0.005 -22"><span class='ocrx_word' id='word_1_48' title='bbox 300 780 502 834; x_wconf 84' lang='lat' dir='ltr'><strong>purum</strong></span> <span class='ocrx_word' id='word_1_49' title='bbox 529 773 613 820; x_wconf 89' lang='lat' dir='ltr'><strong>est</strong></span> <span class='ocrx_word' id='word_1_50' title='bbox 642 764 967 821; x_wconf 85' lang='lat' dir='ltr'><strong>damnamus</strong></span> <span class='ocrx_word' id='word_1_51' title='bbox 1003 785 1016 819; x_wconf 93' lang='lat'>:</span> <span class='ocrx_word' id='word_1_52' title='bbox 1049 782 1230 838; x_wconf 90' lang='lat' dir='ltr'><strong>neque</strong></span> <span class='ocrx_word' id='word_1_53' title='bbox 1277 768 1349 823; x_wconf 92' lang='lat' dir='ltr'><strong>ob</strong></span> <span class='ocrx_word' id='word_1_54' title='bbox 1377 769 1694 826; x_wconf 87' lang='lat' dir='ltr'><strong>emcntitam</strong></span> <span class='ocrx_word' id='word_1_55' title='bbox 1729 788 1865 841; x_wconf 88' lang='lat' dir='ltr'><strong>pur-</strong></span> 
     </span>
    </p>
   </div>
   <div class='ocr_carea' id='block_1_10' title="bbox 300 857 1868 934">
    <p class='ocr_par' dir='ltr' id='par_1_10' title="bbox 300 857 1868 934">
     <span class='ocr_line' id='line_1_10' title="bbox 300 857 1868 934; baseline 0.005 -23"><span class='ocrx_word' id='word_1_56' title='bbox 300 871 494 927; x_wconf 84' lang='lat' dir='ltr'><strong>puram</strong></span> <span class='ocrx_word' id='word_1_57' title='bbox 516 857 681 912; x_wconf 87' lang='lat' dir='ltr'><strong>etiam</strong></span> <span class='ocrx_word' id='word_1_58' title='bbox 703 874 888 913; x_wconf 87' lang='lat' dir='ltr'><strong>veram</strong></span> <span class='ocrx_word' id='word_1_59' title='bbox 910 860 1303 929; x_wconf 83' lang='lat' dir='ltr'><strong>vituperamus.</strong></span> <span class='ocrx_word' id='word_1_60' title='bbox 1326 861 1516 931; x_wconf 84' lang='lat' dir='ltr'><strong>Neque</strong></span> <span class='ocrx_word' id='word_1_61' title='bbox 1537 872 1762 934; x_wconf 87' lang='lat' dir='ltr'><strong>pr0pter</strong></span> <span class='ocrx_word' id='word_1_62' title='bbox 1785 865 1868 919; x_wconf 87' lang='lat' dir='ltr'><strong>in-</strong></span> 
     </span>
    </p>
   </div>
   <div class='ocr_carea' id='block_1_11' title="bbox 301 946 1866 1023">
    <p class='ocr_par' dir='ltr' id='par_1_11' title="bbox 301 946 1866 1023">
     <span class='ocr_line' id='line_1_11' title="bbox 301 946 1866 1023; baseline 0.004 -22"><span class='ocrx_word' id='word_1_63' title='bbox 301 955 458 1019; x_wconf 86' lang='lat' dir='ltr'><strong>eptos</strong></span> <span class='ocrx_word' id='word_1_64' title='bbox 479 946 737 1016; x_wconf 84' lang='lat' dir='ltr'><strong>pictores,</strong></span> <span class='ocrx_word' id='word_1_65' title='bbox 768 948 932 1003; x_wconf 89' lang='lat' dir='ltr'><strong>etiam</strong></span> <span class='ocrx_word' id='word_1_66' title='bbox 957 949 1166 1018; x_wconf 89' lang='lat' dir='ltr'><strong>peritos</strong></span> <span class='ocrx_word' id='word_1_67' title='bbox 1195 965 1517 1006; x_wconf 86' lang='lat' dir='ltr'><strong>accusamus</strong></span> <span class='ocrx_word' id='word_1_68' title='bbox 1549 969 1561 1005; x_wconf 92' lang='lat'><strong>:</strong></span> <span class='ocrx_word' id='word_1_69' title='bbox 1591 967 1770 1023; x_wconf 87' lang='lat' dir='ltr'><strong>neque</strong></span> <span class='ocrx_word' id='word_1_70' title='bbox 1795 953 1866 1008; x_wconf 91' lang='lat' dir='ltr'><strong>ob</strong></span> 
     </span>
    </p>
   </div>
   <div class='ocr_carea' id='block_1_12' title="bbox 302 1041 1863 1111">
    <p class='ocr_par' dir='ltr' id='par_1_12' title="bbox 302 1041 1863 1111">
     <span class='ocr_line' id='line_1_12' title="bbox 302 1041 1863 1111; baseline 0.003 -16"><span class='ocrx_word' id='word_1_71' title='bbox 302 1041 581 1111; x_wconf 91' lang='lat' dir='ltr'><strong>improbos</strong></span> <span class='ocrx_word' id='word_1_72' title='bbox 628 1042 898 1108; x_wconf 85' lang='lat' dir='ltr'><strong>homines,</strong></span> <span class='ocrx_word' id='word_1_73' title='bbox 955 1045 1121 1099; x_wconf 88' lang='lat' dir='ltr'><strong>etiam</strong></span> <span class='ocrx_word' id='word_1_74' title='bbox 1172 1044 1348 1101; x_wconf 89' lang='lat' dir='ltr'><strong>bonos</strong></span> <span class='ocrx_word' id='word_1_75' title='bbox 1399 1045 1528 1101; x_wconf 91' lang='lat' dir='ltr'><strong>odio</strong></span> <span class='ocrx_word' id='word_1_76' title='bbox 1577 1048 1863 1103; x_wconf 89' lang='lat' dir='ltr'><strong>habemus.</strong></span> 
     </span>
    </p>
   </div>
   <div class='ocr_carea' id='block_1_13' title="bbox 301 1132 1865 1206">
    <p class='ocr_par' dir='ltr' id='par_1_13' title="bbox 301 1132 1865 1206">
     <span class='ocr_line' id='line_1_13' title="bbox 301 1132 1865 1206; baseline 0.004 -19"><span class='ocrx_word' id='word_1_77' title='bbox 301 1132 491 1203; x_wconf 83' lang='lat' dir='ltr'><strong>Neque</strong></span> <span class='ocrx_word' id='word_1_78' title='bbox 517 1134 562 1187; x_wconf 93' lang='lat' dir='ltr'><strong>si</strong></span> <span class='ocrx_word' id='word_1_79' title='bbox 594 1133 844 1203; x_wconf 87' lang='lat' dir='ltr'><strong>ignarum</strong></span> <span class='ocrx_word' id='word_1_80' title='bbox 873 1135 1151 1190; x_wconf 90' lang='lat' dir='ltr'><strong>medicum</strong></span> <span class='ocrx_word' id='word_1_81' title='bbox 1178 1136 1489 1206; x_wconf 86' lang='lat' dir='ltr'><strong>quempiam</strong></span> <span class='ocrx_word' id='word_1_82' title='bbox 1522 1139 1668 1193; x_wconf 88' lang='lat' dir='ltr'><strong>nacti</strong></span> <span class='ocrx_word' id='word_1_83' title='bbox 1693 1138 1865 1193; x_wconf 80' lang='lat' dir='ltr'><strong>fueri—</strong></span> 
     </span>
    </p>
   </div>
   <div class='ocr_carea' id='block_1_14' title="bbox 303 1225 1868 1299">
    <p class='ocr_par' dir='ltr' id='par_1_14' title="bbox 303 1225 1868 1299">
     <span class='ocr_line' id='line_1_14' title="bbox 303 1225 1868 1299; baseline 0.004 -20"><span class='ocrx_word' id='word_1_84' title='bbox 303 1240 445 1289; x_wconf 89' lang='lat' dir='ltr'><strong>mus,</strong></span> <span class='ocrx_word' id='word_1_85' title='bbox 487 1225 743 1280; x_wconf 77' lang='lat' dir='ltr'><strong>medendi</strong></span> <span class='ocrx_word' id='word_1_86' title='bbox 782 1234 956 1281; x_wconf 80' lang='lat' dir='ltr'><strong>artem</strong></span> <span class='ocrx_word' id='word_1_87' title='bbox 998 1228 1146 1284; x_wconf 87' lang='lat' dir='ltr'><strong>illico</strong></span> <span class='ocrx_word' id='word_1_88' title='bbox 1184 1229 1563 1299; x_wconf 82' lang='lat' dir='ltr'><strong>repudiamus.</strong></span> <span class='ocrx_word' id='word_1_89' title='bbox 1596 1231 1798 1286; x_wconf 80' lang='lat' dir='ltr'><strong>Verum</strong></span> <span class='ocrx_word' id='word_1_90' title='bbox 1836 1246 1868 1286; x_wconf 90' lang='lat' dir='ltr'><strong>e</strong></span> 
     </span>
    </p>
   </div>
   <div class='ocr_carea' id='block_1_15' title="bbox 301 1315 1871 1386">
    <p class='ocr_par' dir='ltr' id='par_1_15' title="bbox 301 1315 1871 1386">
     <span class='ocr_line' id='line_1_15' title="bbox 301 1315 1871 1386; baseline 0.004 -16"><span class='ocrx_word' id='word_1_91' title='bbox 301 1315 624 1385; x_wconf 87' lang='lat' dir='ltr'><strong>pictoribus,</strong></span> <span class='ocrx_word' id='word_1_92' title='bbox 656 1324 713 1371; x_wconf 86' lang='lat' dir='ltr'><strong>et</strong></span> <span class='ocrx_word' id='word_1_93' title='bbox 745 1316 993 1384; x_wconf 90' lang='lat' dir='ltr'><strong>medicis,</strong></span> <span class='ocrx_word' id='word_1_94' title='bbox 1031 1326 1088 1372; x_wconf 91' lang='lat' dir='ltr'><strong>et</strong></span> <span class='ocrx_word' id='word_1_95' title='bbox 1109 1321 1412 1386; x_wconf 73' lang='lat' dir='ltr'><strong>sutoribus,</strong></span> <span class='ocrx_word' id='word_1_96' title='bbox 1445 1328 1503 1374; x_wconf 91' lang='lat' dir='ltr'><strong>et</strong></span> <span class='ocrx_word' id='word_1_97' title='bbox 1541 1320 1711 1375; x_wconf 82' lang='lat' dir='ltr'><strong>fabris</strong></span> <span class='ocrx_word' id='word_1_98' title='bbox 1737 1336 1871 1376; x_wconf 68' lang='lat' dir='ltr'><strong>aera-</strong></span> 
     </span>
    </p>
   </div>
   <div class='ocr_carea' id='block_1_16' title="bbox 304 1407 1869 1483">
    <p class='ocr_par' dir='ltr' id='par_1_16' title="bbox 304 1407 1869 1483">
     <span class='ocr_line' id='line_1_16' title="bbox 304 1407 1869 1483; baseline 0.004 -23"><span class='ocrx_word' id='word_1_99' title='bbox 304 1407 421 1473; x_wconf 88' lang='lat' dir='ltr'><strong>riis,</strong></span> <span class='ocrx_word' id='word_1_100' title='bbox 456 1408 817 1478; x_wconf 87' lang='lat' dir='ltr'><strong>aurariisque,</strong></span> <span class='ocrx_word' id='word_1_101' title='bbox 849 1424 945 1463; x_wconf 90' lang='lat' dir='ltr'><strong>eos</strong></span> <span class='ocrx_word' id='word_1_102' title='bbox 971 1410 1065 1479; x_wconf 91' lang='lat' dir='ltr'><strong>qui</strong></span> <span class='ocrx_word' id='word_1_103' title='bbox 1092 1418 1220 1464; x_wconf 93' lang='lat' dir='ltr'><strong>sunt</strong></span> <span class='ocrx_word' id='word_1_104' title='bbox 1244 1411 1456 1482; x_wconf 75' lang='lat'><strong>1036</strong></span> <span class='ocrx_word' id='word_1_105' title='bbox 1487 1412 1714 1483; x_wconf 75' lang='lat' dir='ltr'><strong>egregii,</strong></span> <span class='ocrx_word' id='word_1_106' title='bbox 1749 1412 1869 1466; x_wconf 91' lang='lat' dir='ltr'><strong>lau-</strong></span> 
     </span>
    </p>
   </div>
   <div class='ocr_carea' id='block_1_17' title="bbox 304 1496 1871 1573">
    <p class='ocr_par' dir='ltr' id='par_1_17' title="bbox 304 1496 1871 1573">
     <span class='ocr_line' id='line_1_17' title="bbox 304 1496 1871 1573; baseline 0.005 -22"><span class='ocrx_word' id='word_1_107' title='bbox 304 1496 494 1553; x_wconf 90' lang='lat' dir='ltr'><strong>damus</strong></span> <span class='ocrx_word' id='word_1_108' title='bbox 520 1506 683 1568; x_wconf 87' lang='lat' dir='ltr'><strong>atque</strong></span> <span class='ocrx_word' id='word_1_109' title='bbox 709 1499 1060 1569; x_wconf 88' lang='lat' dir='ltr'><strong>suspicimus,</strong></span> <span class='ocrx_word' id='word_1_110' title='bbox 1081 1501 1365 1571; x_wconf 87' lang='lat' dir='ltr'><strong>imperitos</strong></span> <span class='ocrx_word' id='word_1_111' title='bbox 1390 1518 1525 1557; x_wconf 88' lang='lat' dir='ltr'><strong>vero</strong></span> <span class='ocrx_word' id='word_1_112' title='bbox 1545 1518 1656 1557; x_wconf 71' lang='lat' dir='ltr'><strong>sua:</strong></span> <span class='ocrx_word' id='word_1_113' title='bbox 1676 1519 1871 1573; x_wconf 90' lang='lat' dir='ltr'><strong>quem-</strong></span> 
     </span>
    </p>
   </div>
   <div class='ocr_carea' id='block_1_18' title="bbox 302 1590 1873 1663">
    <p class='ocr_par' dir='ltr' id='par_1_18' title="bbox 302 1590 1873 1663">
     <span class='ocr_line' id='line_1_18' title="bbox 302 1590 1873 1663; baseline 0.006 -21"><span class='ocrx_word' id='word_1_114' title='bbox 302 1604 412 1657; x_wconf 90' lang='lat' dir='ltr'><strong>que</strong></span> <span class='ocrx_word' id='word_1_115' title='bbox 434 1590 570 1644; x_wconf 89' lang='lat' dir='ltr'><strong>artis</strong></span> <span class='ocrx_word' id='word_1_116' title='bbox 606 1606 835 1661; x_wconf 85' lang='lat' dir='ltr'><strong>carpere</strong></span> <span class='ocrx_word' id='word_1_117' title='bbox 864 1592 1275 1647; x_wconf 88' lang='lat' dir='ltr'><strong>consuevimus.</strong></span> <span class='ocrx_word' id='word_1_118' title='bbox 1302 1593 1491 1663; x_wconf 89' lang='lat' dir='ltr'><strong>Neque</strong></span> <span class='ocrx_word' id='word_1_119' title='bbox 1516 1601 1697 1650; x_wconf 91' lang='lat' dir='ltr'><strong>tamen</strong></span> <span class='ocrx_word' id='word_1_120' title='bbox 1724 1604 1873 1652; x_wconf 81' lang='lat' dir='ltr'><strong>artes</strong></span> 
     </span>
    </p>
   </div>
   <div class='ocr_carea' id='block_1_19' title="bbox 306 1683 1868 1758">
    <p class='ocr_par' dir='ltr' id='par_1_19' title="bbox 306 1683 1868 1758">
     <span class='ocr_line' id='line_1_19' title="bbox 306 1683 1868 1758; baseline 0.008 -23"><span class='ocrx_word' id='word_1_121' title='bbox 306 1683 471 1751; x_wconf 87' lang='lat' dir='ltr'><strong>ipsas,</strong></span> <span class='ocrx_word' id='word_1_122' title='bbox 522 1684 737 1739; x_wconf 76' lang='lat' dir='ltr'><strong>tametsi</strong></span> <span class='ocrx_word' id='word_1_123' title='bbox 774 1685 985 1739; x_wconf 92' lang='lat' dir='ltr'><strong>nullum</strong></span> <span class='ocrx_word' id='word_1_124' title='bbox 1020 1687 1115 1755; x_wconf 87' lang='lat' dir='ltr'><strong>qui</strong></span> <span class='ocrx_word' id='word_1_125' title='bbox 1149 1701 1245 1741; x_wconf 90' lang='lat' dir='ltr'><strong>eas</strong></span> <span class='ocrx_word' id='word_1_126' title='bbox 1288 1696 1473 1743; x_wconf 88' lang='lat' dir='ltr'><strong>teneat</strong></span> <span class='ocrx_word' id='word_1_127' title='bbox 1498 1691 1643 1745; x_wconf 87' lang='lat' dir='ltr'><strong>nacti</strong></span> <span class='ocrx_word' id='word_1_128' title='bbox 1677 1690 1868 1758; x_wconf 89' lang='lat' dir='ltr'><strong>simus,</strong></span> 
     </span>
    </p>
   </div>
   <div class='ocr_carea' id='block_1_20' title="bbox 307 1771 1948 1851">
    <p class='ocr_par' dir='ltr' id='par_1_20' title="bbox 307 1771 1948 1851">
     <span class='ocr_line' id='line_1_20' title="bbox 307 1771 1948 1851; baseline 0.008 -27"><span class='ocrx_word' id='word_1_129' title='bbox 307 1772 418 1826; x_wconf 90' lang='lat' dir='ltr'><strong>ullo</strong></span> <span class='ocrx_word' id='word_1_130' title='bbox 438 1780 595 1841; x_wconf 86' lang='lat' dir='ltr'><strong>pacto</strong></span> <span class='ocrx_word' id='word_1_131' title='bbox 625 1774 963 1829; x_wconf 89' lang='lat' dir='ltr'><strong>accusandas</strong></span> <span class='ocrx_word' id='word_1_132' title='bbox 985 1783 1264 1845; x_wconf 86' lang='lat' dir='ltr'><strong>putamus.</strong></span> <span class='ocrx_word' id='word_1_133' title='bbox 1294 1776 1376 1832; x_wconf 88' lang='lat' dir='ltr'><strong>Sit</strong></span> <span class='ocrx_word' id='word_1_134' title='bbox 1407 1778 1555 1833; x_wconf 90' lang='lat' dir='ltr'><strong>enim</strong></span> <span class='ocrx_word' id='word_1_135' title='bbox 1583 1780 1687 1836; x_wconf 89' lang='lat' dir='ltr'><strong>hoc</strong></span> <span class='ocrx_word' id='word_1_136' title='bbox 1707 1785 1721 1801; x_wconf 83' lang='lat'>&#39;</span> <span class='ocrx_word' id='word_1_137' title='bbox 1743 1797 1873 1851; x_wconf 74' lang='lat' dir='ltr'><strong>pro~</strong></span> <span class='ocrx_word' id='word_1_138' title='bbox 1905 1771 1948 1826; x_wconf 86' lang='grc' dir='ltr'><strong>Β</strong></span> 
     </span>
    </p>
   </div>
   <div class='ocr_carea' id='block_1_21' title="bbox 304 1860 1876 1936">
    <p class='ocr_par' dir='ltr' id='par_1_21' title="bbox 304 1860 1876 1936">
     <span class='ocr_line' id='line_1_21' title="bbox 304 1860 1876 1936; baseline 0.006 -20"><span class='ocrx_word' id='word_1_139' title='bbox 304 1860 448 1917; x_wconf 76' lang='lat' dir='ltr'><strong>lecto</strong></span> <span class='ocrx_word' id='word_1_140' title='bbox 475 1864 922 1931; x_wconf 86' lang='lat' dir='ltr'><strong>insulsissimum,</strong></span> <span class='ocrx_word' id='word_1_141' title='bbox 951 1865 1022 1920; x_wconf 90' lang='lat' dir='ltr'><strong>ob</strong></span> <span class='ocrx_word' id='word_1_142' title='bbox 1055 1866 1267 1936; x_wconf 88' lang='lat' dir='ltr'><strong>aliquos</strong></span> <span class='ocrx_word' id='word_1_143' title='bbox 1287 1868 1658 1934; x_wconf 59' lang='lat' dir='ltr'><strong>mentientes,</strong></span> <span class='ocrx_word' id='word_1_144' title='bbox 1687 1871 1876 1925; x_wconf 90' lang='lat' dir='ltr'><strong>oculos</strong></span> 
     </span>
    </p>
   </div>
   <div class='ocr_carea' id='block_1_22' title="bbox 306 1956 1877 2029">
    <p class='ocr_par' dir='ltr' id='par_1_22' title="bbox 306 1956 1877 2029">
     <span class='ocr_line' id='line_1_22' title="bbox 306 1956 1877 2029; baseline 0.004 -21"><span class='ocrx_word' id='word_1_145' title='bbox 306 1962 468 2023; x_wconf 86' lang='lat' dir='ltr'><strong>atque</strong></span> <span class='ocrx_word' id='word_1_146' title='bbox 495 1956 673 2024; x_wconf 89' lang='lat' dir='ltr'><strong>ipsum</strong></span> <span class='ocrx_word' id='word_1_147' title='bbox 696 1956 918 2012; x_wconf 88' lang='lat' dir='ltr'><strong>videndi</strong></span> <span class='ocrx_word' id='word_1_148' title='bbox 957 1973 1178 2013; x_wconf 89' lang='lat' dir='ltr'><strong>sensum</strong></span> <span class='ocrx_word' id='word_1_149' title='bbox 1220 1967 1479 2029; x_wconf 86' lang='lat' dir='ltr'><strong>tanquam</strong></span> <span class='ocrx_word' id='word_1_150' title='bbox 1513 1960 1766 2015; x_wconf 87' lang='lat' dir='ltr'><strong>inutilem</strong></span> <span class='ocrx_word' id='word_1_151' title='bbox 1796 1962 1877 2015; x_wconf 90' lang='lat' dir='ltr'><strong>vi—</strong></span> 
     </span>
    </p>
   </div>
   <div class='ocr_carea' id='block_1_23' title="bbox 309 2047 1874 2122">
    <p class='ocr_par' dir='ltr' id='par_1_23' title="bbox 309 2047 1874 2122">
     <span class='ocr_line' id='line_1_23' title="bbox 309 2047 1874 2122; baseline 0.005 -24"><span class='ocrx_word' id='word_1_152' title='bbox 309 2054 561 2114; x_wconf 89' lang='lat' dir='ltr'><strong>tuperare</strong></span> <span class='ocrx_word' id='word_1_153' title='bbox 600 2064 613 2099; x_wconf 88' lang='lat'><strong>:</strong></span> <span class='ocrx_word' id='word_1_154' title='bbox 644 2047 728 2102; x_wconf 85' lang='lat' dir='ltr'><strong>vel</strong></span> <span class='ocrx_word' id='word_1_155' title='bbox 772 2056 1001 2118; x_wconf 90' lang='lat' dir='ltr'><strong>propter</strong></span> <span class='ocrx_word' id='word_1_156' title='bbox 1038 2064 1135 2104; x_wconf 90' lang='lat' dir='ltr'><strong>eos</strong></span> <span class='ocrx_word' id='word_1_157' title='bbox 1170 2052 1265 2120; x_wconf 87' lang='lat' dir='ltr'><strong>qui</strong></span> <span class='ocrx_word' id='word_1_158' title='bbox 1309 2050 1473 2106; x_wconf 70' lang='lat' dir='ltr'><strong>blaasa</strong></span> <span class='ocrx_word' id='word_1_159' title='bbox 1513 2060 1642 2107; x_wconf 90' lang='lat' dir='ltr'><strong>sunt</strong></span> <span class='ocrx_word' id='word_1_160' title='bbox 1667 2053 1874 2122; x_wconf 80' lang='lat' dir='ltr'><strong>lingua,</strong></span> 
     </span>
    </p>
   </div>
   <div class='ocr_carea' id='block_1_24' title="bbox 306 2134 1874 2205">
    <p class='ocr_par' dir='ltr' id='par_1_24' title="bbox 306 2134 1874 2205">
     <span class='ocr_line' id='line_1_24' title="bbox 306 2134 1874 2205; baseline 0.003 -16"><span class='ocrx_word' id='word_1_161' title='bbox 306 2134 455 2189; x_wconf 84' lang='lat' dir='ltr'><strong>vocis</strong></span> <span class='ocrx_word' id='word_1_162' title='bbox 478 2149 678 2205; x_wconf 86' lang='lat' dir='ltr'><strong>organa</strong></span> <span class='ocrx_word' id='word_1_163' title='bbox 702 2144 961 2205; x_wconf 91' lang='lat' dir='ltr'><strong>tanquam</strong></span> <span class='ocrx_word' id='word_1_164' title='bbox 985 2137 1210 2192; x_wconf 89' lang='lat' dir='ltr'><strong>minime</strong></span> <span class='ocrx_word' id='word_1_165' title='bbox 1235 2139 1547 2193; x_wconf 89' lang='lat' dir='ltr'><strong>necessaria</strong></span> <span class='ocrx_word' id='word_1_166' title='bbox 1571 2139 1832 2194; x_wconf 89' lang='lat' dir='ltr'><strong>damnare</strong></span> <span class='ocrx_word' id='word_1_167' title='bbox 1860 2158 1874 2194; x_wconf 89' lang='lat'><strong>:</strong></span> 
     </span>
    </p>
   </div>
   <div class='ocr_carea' id='block_1_25' title="bbox 305 2228 1881 2297">
    <p class='ocr_par' dir='ltr' id='par_1_25' title="bbox 305 2228 1881 2297">
     <span class='ocr_line' id='line_1_25' title="bbox 305 2228 1881 2297; baseline 0.003 -16"><span class='ocrx_word' id='word_1_168' title='bbox 305 2236 361 2282; x_wconf 89' lang='lat' dir='ltr'><strong>et</strong></span> <span class='ocrx_word' id='word_1_169' title='bbox 390 2234 613 2297; x_wconf 88' lang='lat' dir='ltr'><strong>propter</strong></span> <span class='ocrx_word' id='word_1_170' title='bbox 646 2228 956 2283; x_wconf 89' lang='lat' dir='ltr'><strong>obstructas</strong></span> <span class='ocrx_word' id='word_1_171' title='bbox 996 2242 1178 2294; x_wconf 88' lang='lat' dir='ltr'><strong>aures,</strong></span> <span class='ocrx_word' id='word_1_172' title='bbox 1220 2229 1482 2284; x_wconf 88' lang='lat' dir='ltr'><strong>audiendi</strong></span> <span class='ocrx_word' id='word_1_173' title='bbox 1533 2245 1755 2286; x_wconf 87' lang='lat' dir='ltr'><strong>sensum</strong></span> <span class='ocrx_word' id='word_1_174' title='bbox 1787 2246 1881 2285; x_wconf 88' lang='lat' dir='ltr'><strong>su-</strong></span> 
     </span>
    </p>
   </div>
   <div class='ocr_carea' id='block_1_26' title="bbox 307 2317 1877 2390">
    <p class='ocr_par' dir='ltr' id='par_1_26' title="bbox 307 2317 1877 2390">
     <span class='ocr_line' id='line_1_26' title="bbox 307 2317 1877 2390; baseline 0.004 -19"><span class='ocrx_word' id='word_1_175' title='bbox 307 2332 706 2385; x_wconf 85' lang='lat' dir='ltr'><strong>pervacaneum</strong></span> <span class='ocrx_word' id='word_1_176' title='bbox 724 2317 928 2373; x_wconf 89' lang='lat' dir='ltr'><strong>dicere.</strong></span> <span class='ocrx_word' id='word_1_177' title='bbox 955 2319 1079 2373; x_wconf 85' lang='lat' dir='ltr'><strong>Pari</strong></span> <span class='ocrx_word' id='word_1_178' title='bbox 1094 2334 1225 2390; x_wconf 88' lang='lat' dir='ltr'><strong>ergo</strong></span> <span class='ocrx_word' id='word_1_179' title='bbox 1248 2319 1432 2387; x_wconf 89' lang='lat' dir='ltr'><strong>modo,</strong></span> <span class='ocrx_word' id='word_1_180' title='bbox 1456 2320 1721 2377; x_wconf 88' lang='lat' dir='ltr'><strong>miserum</strong></span> <span class='ocrx_word' id='word_1_181' title='bbox 1744 2336 1877 2377; x_wconf 89' lang='lat' dir='ltr'><strong>sane</strong></span> 
     </span>
    </p>
   </div>
   <div class='ocr_carea' id='block_1_27' title="bbox 308 2410 1878 2483">
    <p class='ocr_par' dir='ltr' id='par_1_27' title="bbox 308 2410 1878 2483">
     <span class='ocr_line' id='line_1_27' title="bbox 308 2410 1878 2483; baseline 0.003 -21"><span class='ocrx_word' id='word_1_182' title='bbox 308 2416 473 2478; x_wconf 88' lang='lat' dir='ltr'><strong>atque</strong></span> <span class='ocrx_word' id='word_1_183' title='bbox 513 2410 761 2479; x_wconf 87' lang='lat' dir='ltr'><strong>iniquum</strong></span> <span class='ocrx_word' id='word_1_184' title='bbox 801 2412 893 2477; x_wconf 88' lang='lat' dir='ltr'><strong>sit,</strong></span> <span class='ocrx_word' id='word_1_185' title='bbox 926 2411 997 2466; x_wconf 90' lang='lat' dir='ltr'><strong>ob</strong></span> <span class='ocrx_word' id='word_1_186' title='bbox 1027 2427 1123 2466; x_wconf 89' lang='lat' dir='ltr'><strong>eos</strong></span> <span class='ocrx_word' id='word_1_187' title='bbox 1155 2412 1249 2480; x_wconf 88' lang='lat' dir='ltr'><strong>qui</strong></span> <span class='ocrx_word' id='word_1_188' title='bbox 1280 2412 1429 2483; x_wconf 79' lang='lat' dir='ltr'><strong>leges</strong></span> <span class='ocrx_word' id='word_1_189' title='bbox 1465 2413 1878 2483; x_wconf 85' lang='lat' dir='ltr'><strong>transgrediun-</strong></span> 
     </span>
    </p>
   </div>
   <div class='ocr_carea' id='block_1_28' title="bbox 307 2499 1875 2571">
    <p class='ocr_par' dir='ltr' id='par_1_28' title="bbox 307 2499 1875 2571">
     <span class='ocr_line' id='line_1_28' title="bbox 307 2499 1875 2571; baseline 0.004 -19"><span class='ocrx_word' id='word_1_190' title='bbox 307 2507 417 2564; x_wconf 88' lang='lat' dir='ltr'><strong>tur,</strong></span> <span class='ocrx_word' id='word_1_191' title='bbox 448 2499 594 2568; x_wconf 89' lang='lat' dir='ltr'><strong>ipsas</strong></span> <span class='ocrx_word' id='word_1_192' title='bbox 618 2516 877 2555; x_wconf 86' lang='lat' dir='ltr'><strong>accusare</strong></span> <span class='ocrx_word' id='word_1_193' title='bbox 909 2501 1079 2570; x_wconf 85' lang='lat' dir='ltr'><strong>leges,</strong></span> <span class='ocrx_word' id='word_1_194' title='bbox 1102 2518 1225 2556; x_wconf 92' lang='lat' dir='ltr'><strong>cum</strong></span> <span class='ocrx_word' id='word_1_195' title='bbox 1249 2503 1316 2557; x_wconf 89' lang='lat' dir='ltr'><strong>iis</strong></span> <span class='ocrx_word' id='word_1_196' title='bbox 1340 2504 1434 2571; x_wconf 89' lang='lat' dir='ltr'><strong>qui</strong></span> <span class='ocrx_word' id='word_1_197' title='bbox 1464 2517 1558 2557; x_wconf 84' lang='lat' dir='ltr'><strong>eas</strong></span> <span class='ocrx_word' id='word_1_198' title='bbox 1582 2504 1875 2559; x_wconf 87' lang='lat' dir='ltr'><strong>observare</strong></span> 
     </span>
    </p>
   </div>
   <div class='ocr_carea' id='block_1_29' title="bbox 304 2590 1879 2663">
    <p class='ocr_par' dir='ltr' id='par_1_29' title="bbox 304 2590 1879 2663">
     <span class='ocr_line' id='line_1_29' title="bbox 304 2590 1879 2663; baseline 0.001 -18"><span class='ocrx_word' id='word_1_199' title='bbox 304 2590 552 2645; x_wconf 84' lang='lat' dir='ltr'><strong>student.</strong></span> <span class='ocrx_word' id='word_1_200' title='bbox 594 2591 781 2659; x_wconf 87' lang='lat' dir='ltr'><strong>Neque</strong></span> <span class='ocrx_word' id='word_1_201' title='bbox 813 2591 984 2656; x_wconf 90' lang='lat' dir='ltr'><strong>enim,</strong></span> <span class='ocrx_word' id='word_1_202' title='bbox 1019 2593 1066 2646; x_wconf 89' lang='lat' dir='ltr'><strong>si</strong></span> <span class='ocrx_word' id='word_1_203' title='bbox 1109 2592 1263 2645; x_wconf 77' lang='lat' dir='ltr'><strong>faber</strong></span> <span class='ocrx_word' id='word_1_204' title='bbox 1303 2593 1576 2661; x_wconf 88' lang='lat' dir='ltr'><strong>quispiam</strong></span> <span class='ocrx_word' id='word_1_205' title='bbox 1613 2592 1879 2663; x_wconf 80' lang='lat' dir='ltr'><strong>lignarius</strong></span> 
     </span>
    </p>
   </div>
   <div class='ocr_carea' id='block_1_30' title="bbox 306 2682 1879 2751">
    <p class='ocr_par' dir='ltr' id='par_1_30' title="bbox 306 2682 1879 2751">
     <span class='ocr_line' id='line_1_30' title="bbox 306 2682 1879 2751; baseline 0 -15"><span class='ocrx_word' id='word_1_206' title='bbox 306 2682 503 2736; x_wconf 89' lang='lat' dir='ltr'><strong>lineam</strong></span> <span class='ocrx_word' id='word_1_207' title='bbox 554 2682 776 2751; x_wconf 90' lang='lat' dir='ltr'><strong>quidem</strong></span> <span class='ocrx_word' id='word_1_208' title='bbox 825 2692 975 2737; x_wconf 89' lang='lat' dir='ltr'><strong>recte</strong></span> <span class='ocrx_word' id='word_1_209' title='bbox 1019 2683 1272 2747; x_wconf 83' lang='lat' dir='ltr'><strong>duxerit,</strong></span> <span class='ocrx_word' id='word_1_210' title='bbox 1312 2683 1453 2736; x_wconf 89' lang='lat' dir='ltr'><strong>male</strong></span> <span class='ocrx_word' id='word_1_211' title='bbox 1498 2692 1681 2737; x_wconf 88' lang='lat' dir='ltr'><strong>autem</strong></span> <span class='ocrx_word' id='word_1_212' title='bbox 1726 2683 1879 2737; x_wconf 88' lang='lat' dir='ltr'><strong>ascia</strong></span> 
     </span>
    </p>
   </div>
   <div class='ocr_carea' id='block_1_31' title="bbox 307 2774 1878 2844">
    <p class='ocr_par' dir='ltr' id='par_1_31' title="bbox 307 2774 1878 2844">
     <span class='ocr_line' id='line_1_31' title="bbox 307 2774 1878 2844; baseline 0.003 -20"><span class='ocrx_word' id='word_1_213' title='bbox 307 2781 490 2837; x_wconf 89' lang='lat' dir='ltr'><strong>utens,</strong></span> <span class='ocrx_word' id='word_1_214' title='bbox 528 2774 817 2828; x_wconf 86' lang='lat' dir='ltr'><strong>atramenti</strong></span> <span class='ocrx_word' id='word_1_215' title='bbox 844 2774 997 2844; x_wconf 84' lang='lat' dir='ltr'><strong>signa</strong></span> <span class='ocrx_word' id='word_1_216' title='bbox 1031 2782 1363 2843; x_wconf 78' lang='lat' dir='ltr'><strong>corrumpat,</strong></span> <span class='ocrx_word' id='word_1_217' title='bbox 1396 2774 1481 2829; x_wconf 88' lang='lat' dir='ltr'><strong>vel</strong></span> <span class='ocrx_word' id='word_1_218' title='bbox 1506 2774 1647 2829; x_wconf 89' lang='lat' dir='ltr'><strong>ultra</strong></span> <span class='ocrx_word' id='word_1_219' title='bbox 1668 2774 1878 2828; x_wconf 75' lang='lat' dir='ltr'><strong>lineam</strong></span> 
     </span>
    </p>
   </div>
   <div class='ocr_carea' id='block_1_32' title="bbox 307 2863 1877 2936">
    <p class='ocr_par' dir='ltr' id='par_1_32' title="bbox 307 2863 1877 2936">
     <span class='ocr_line' id='line_1_32' title="bbox 307 2863 1877 2936; baseline 0.002 -17"><span class='ocrx_word' id='word_1_220' title='bbox 307 2864 515 2933; x_wconf 86' lang='lat' dir='ltr'><strong>aliquid</strong></span> <span class='ocrx_word' id='word_1_221' title='bbox 546 2863 614 2919; x_wconf 91' lang='lat' dir='ltr'><strong>de</strong></span> <span class='ocrx_word' id='word_1_222' title='bbox 639 2865 995 2921; x_wconf 88' lang='lat' dir='ltr'><strong>interioribus</strong></span> <span class='ocrx_word' id='word_1_223' title='bbox 1016 2865 1264 2929; x_wconf 86' lang='lat' dir='ltr'><strong>demens,</strong></span> <span class='ocrx_word' id='word_1_224' title='bbox 1290 2866 1376 2920; x_wconf 89' lang='lat' dir='ltr'><strong>vel</strong></span> <span class='ocrx_word' id='word_1_225' title='bbox 1410 2867 1548 2920; x_wconf 83' lang='lat' dir='ltr'><strong>citra</strong></span> <span class='ocrx_word' id='word_1_226' title='bbox 1578 2866 1728 2920; x_wconf 90' lang='lat' dir='ltr'><strong>illam</strong></span> <span class='ocrx_word' id='word_1_227' title='bbox 1752 2881 1877 2936; x_wconf 64' lang='lat' dir='ltr'><strong>qua</strong></span> 
     </span>
    </p>
   </div>
   <div class='ocr_carea' id='block_1_33' title="bbox 305 2956 1878 3027">
    <p class='ocr_par' dir='ltr' id='par_1_33' title="bbox 305 2956 1878 3027">
     <span class='ocr_line' id='line_1_33' title="bbox 305 2956 1878 3027; baseline 0.001 -18"><span class='ocrx_word' id='word_1_228' title='bbox 305 2970 646 3025; x_wconf 88' lang='lat' dir='ltr'><strong>supervacua</strong></span> <span class='ocrx_word' id='word_1_229' title='bbox 674 2964 802 3011; x_wconf 89' lang='lat' dir='ltr'><strong>sunt</strong></span> <span class='ocrx_word' id='word_1_230' title='bbox 825 2958 1162 3027; x_wconf 85' lang='lat' dir='ltr'><strong>relinquens,</strong></span> <span class='ocrx_word' id='word_1_231' title='bbox 1194 2956 1403 3011; x_wconf 88' lang='lat' dir='ltr'><strong>idcirco</strong></span> <span class='ocrx_word' id='word_1_232' title='bbox 1430 2956 1573 3012; x_wconf 89' lang='lat' dir='ltr'><strong>linea</strong></span> <span class='ocrx_word' id='word_1_233' title='bbox 1606 2957 1878 3027; x_wconf 89' lang='lat' dir='ltr'><strong>culpanda</strong></span> 
     </span>
    </p>
   </div>
   <div class='ocr_carea' id='block_1_34' title="bbox 305 3045 1877 3118">
    <p class='ocr_par' dir='ltr' id='par_1_34' title="bbox 305 3045 1877 3118">
     <span class='ocr_line' id='line_1_34' title="bbox 305 3045 1877 3118; baseline 0.001 -17"><span class='ocrx_word' id='word_1_234' title='bbox 305 3058 410 3111; x_wconf 90' lang='lat' dir='ltr'><strong>est,</strong></span> <span class='ocrx_word' id='word_1_235' title='bbox 455 3063 577 3117; x_wconf 80' lang='lat' dir='ltr'><strong>quae</strong></span> <span class='ocrx_word' id='word_1_236' title='bbox 618 3059 827 3103; x_wconf 90' lang='lat' dir='ltr'><strong>rectum</strong></span> <span class='ocrx_word' id='word_1_237' title='bbox 875 3048 1155 3102; x_wconf 89' lang='lat' dir='ltr'><strong>ostendit:</strong></span> <span class='ocrx_word' id='word_1_238' title='bbox 1184 3048 1326 3101; x_wconf 81' lang='lat' dir='ltr'><strong>fabri</strong></span> <span class='ocrx_word' id='word_1_239' title='bbox 1366 3048 1516 3102; x_wconf 89' lang='lat' dir='ltr'><strong>enim</strong></span> <span class='ocrx_word' id='word_1_240' title='bbox 1570 3045 1877 3118; x_wconf 68' lang='lat' dir='ltr'><strong>ignorantia</strong></span> 
     </span>
    </p>
   </div>
   <div class='ocr_carea' id='block_1_35' title="bbox 307 3136 1875 3207">
    <p class='ocr_par' dir='ltr' id='par_1_35' title="bbox 307 3136 1875 3207">
     <span class='ocr_line' id='line_1_35' title="bbox 307 3136 1875 3207; baseline 0.002 -18"><span class='ocrx_word' id='word_1_241' title='bbox 307 3147 594 3204; x_wconf 85' lang='lat' dir='ltr'><strong>peccatum</strong></span> <span class='ocrx_word' id='word_1_242' title='bbox 627 3146 730 3191; x_wconf 91' lang='lat' dir='ltr'><strong>est.</strong></span> <span class='ocrx_word' id='word_1_243' title='bbox 757 3139 930 3207; x_wconf 82' lang='lat' dir='ltr'><strong>Leges</strong></span> <span class='ocrx_word' id='word_1_244' title='bbox 954 3138 1137 3207; x_wconf 90' lang='lat' dir='ltr'><strong>itaque</strong></span> <span class='ocrx_word' id='word_1_245' title='bbox 1171 3137 1330 3192; x_wconf 71' lang='lat' dir='ltr'><strong>lineae</strong></span> <span class='ocrx_word' id='word_1_246' title='bbox 1363 3136 1671 3207; x_wconf 87' lang='lat' dir='ltr'><strong>cujusdam,</strong></span> <span class='ocrx_word' id='word_1_247' title='bbox 1704 3144 1761 3192; x_wconf 90' lang='lat' dir='ltr'><strong>et</strong></span> <span class='ocrx_word' id='word_1_248' title='bbox 1784 3153 1875 3193; x_wconf 88' lang='lat' dir='ltr'><strong>re-</strong></span> 
     </span>
    </p>
   </div>
   <div class='ocr_carea' id='block_1_36' title="bbox 305 3224 1879 3296">
    <p class='ocr_par' dir='ltr' id='par_1_36' title="bbox 305 3224 1879 3296">
     <span class='ocr_line' id='line_1_36' title="bbox 305 3224 1879 3296; baseline 0.002 -18"><span class='ocrx_word' id='word_1_249' title='bbox 305 3224 465 3293; x_wconf 70' lang='lat' dir='ltr'><strong>gulae,</strong></span> <span class='ocrx_word' id='word_1_250' title='bbox 499 3234 553 3280; x_wconf 92' lang='lat' dir='ltr'><strong>ct</strong></span> <span class='ocrx_word' id='word_1_251' title='bbox 588 3226 787 3281; x_wconf 86' lang='lat' dir='ltr'><strong>indicis</strong></span> <span class='ocrx_word' id='word_1_252' title='bbox 818 3228 999 3281; x_wconf 89' lang='lat' dir='ltr'><strong>locum</strong></span> <span class='ocrx_word' id='word_1_253' title='bbox 1050 3227 1324 3282; x_wconf 90' lang='lat' dir='ltr'><strong>obtinent.</strong></span> <span class='ocrx_word' id='word_1_254' title='bbox 1360 3227 1566 3281; x_wconf 87' lang='lat' dir='ltr'><strong>Eorum</strong></span> <span class='ocrx_word' id='word_1_255' title='bbox 1604 3240 1738 3281; x_wconf 90' lang='lat' dir='ltr'><strong>vero</strong></span> <span class='ocrx_word' id='word_1_256' title='bbox 1782 3225 1879 3296; x_wconf 84' lang='lat' dir='ltr'><strong>qui</strong></span> 
     </span>
    </p>
   </div>
   <div class='ocr_carea' id='block_1_37' title="bbox 306 3316 1876 3388">
    <p class='ocr_par' dir='ltr' id='par_1_37' title="bbox 306 3316 1876 3388">
     <span class='ocr_line' id='line_1_37' title="bbox 306 3316 1876 3388; baseline 0.001 -18"><span class='ocrx_word' id='word_1_257' title='bbox 306 3317 519 3386; x_wconf 85' lang='lat' dir='ltr'><strong>legibus</strong></span> <span class='ocrx_word' id='word_1_258' title='bbox 552 3327 807 3386; x_wconf 90' lang='lat' dir='ltr'><strong>utuntur,</strong></span> <span class='ocrx_word' id='word_1_259' title='bbox 832 3320 924 3373; x_wconf 84' lang='lat' dir='ltr'><strong>alii</strong></span> <span class='ocrx_word' id='word_1_260' title='bbox 951 3319 1154 3388; x_wconf 90' lang='lat' dir='ltr'><strong>optime</strong></span> <span class='ocrx_word' id='word_1_261' title='bbox 1177 3318 1349 3372; x_wconf 88' lang='lat' dir='ltr'><strong>vitam</strong></span> <span class='ocrx_word' id='word_1_262' title='bbox 1378 3332 1534 3372; x_wconf 85' lang='lat' dir='ltr'><strong>suam</strong></span> <span class='ocrx_word' id='word_1_263' title='bbox 1556 3316 1876 3382; x_wconf 88' lang='lat' dir='ltr'><strong>instituunt,</strong></span> 
     </span>
    </p>
   </div>
   <div class='ocr_carea' id='block_1_38' title="bbox 305 3411 1879 3482">
    <p class='ocr_par' dir='ltr' id='par_1_38' title="bbox 305 3411 1879 3482">
     <span class='ocr_line' id='line_1_38' title="bbox 305 3411 1879 3482; baseline -0.002 -17"><span class='ocrx_word' id='word_1_264' title='bbox 305 3411 399 3465; x_wconf 85' lang='lat' dir='ltr'><strong>alii</strong></span> <span class='ocrx_word' id='word_1_265' title='bbox 423 3411 664 3482; x_wconf 87' lang='lat' dir='ltr'><strong>jucunda</strong></span> <span class='ocrx_word' id='word_1_266' title='bbox 691 3412 900 3482; x_wconf 81' lang='lat'><strong>1037</strong></span> <span class='ocrx_word' id='word_1_267' title='bbox 923 3411 1243 3466; x_wconf 88' lang='lat' dir='ltr'><strong>melioribus</strong></span> <span class='ocrx_word' id='word_1_268' title='bbox 1274 3416 1698 3479; x_wconf 86' lang='lat' dir='ltr'><strong>anteponentes,</strong></span> <span class='ocrx_word' id='word_1_269' title='bbox 1722 3415 1879 3465; x_wconf 83' lang='lat' dir='ltr'><strong>extra</strong></span> 
     </span>
    </p>
   </div>
   <div class='ocr_carea' id='block_1_39' title="bbox 307 3501 1880 3572">
    <p class='ocr_par' dir='ltr' id='par_1_39' title="bbox 307 3501 1880 3572">
     <span class='ocr_line' id='line_1_39' title="bbox 307 3501 1880 3572; baseline 0 -17"><span class='ocrx_word' id='word_1_270' title='bbox 307 3510 513 3557; x_wconf 88' lang='lat' dir='ltr'><strong>rectam</strong></span> <span class='ocrx_word' id='word_1_271' title='bbox 543 3503 739 3557; x_wconf 88' lang='lat' dir='ltr'><strong>harum</strong></span> <span class='ocrx_word' id='word_1_272' title='bbox 773 3504 973 3557; x_wconf 89' lang='lat' dir='ltr'><strong>lineam</strong></span> <span class='ocrx_word' id='word_1_273' title='bbox 1002 3504 1278 3558; x_wconf 83' lang='lat' dir='ltr'><strong>feruntur.</strong></span> <span class='ocrx_word' id='word_1_274' title='bbox 1309 3501 1374 3556; x_wconf 83' lang='lat' dir='ltr'><strong>Hi</strong></span> <span class='ocrx_word' id='word_1_275' title='bbox 1400 3516 1530 3572; x_wconf 89' lang='lat' dir='ltr'><strong>ergo</strong></span> <span class='ocrx_word' id='word_1_276' title='bbox 1560 3508 1691 3556; x_wconf 83' lang='lat' dir='ltr'><strong>sunt</strong></span> <span class='ocrx_word' id='word_1_277' title='bbox 1717 3514 1880 3555; x_wconf 86' lang='lat' dir='ltr'><strong>accu-</strong></span> 
     </span>
    </p>
   </div>
   <div class='ocr_carea' id='block_1_40' title="bbox 308 3592 1882 3663">
    <p class='ocr_par' dir='ltr' id='par_1_40' title="bbox 308 3592 1882 3663">
     <span class='ocr_line' id='line_1_40' title="bbox 308 3592 1882 3663; baseline 0.003 -17"><span class='ocrx_word' id='word_1_278' title='bbox 308 3592 486 3659; x_wconf 89' lang='lat' dir='ltr'><strong>sandi,</strong></span> <span class='ocrx_word' id='word_1_279' title='bbox 515 3593 662 3663; x_wconf 85' lang='lat' dir='ltr'><strong>leges</strong></span> <span class='ocrx_word' id='word_1_280' title='bbox 694 3609 828 3648; x_wconf 89' lang='lat' dir='ltr'><strong>vero</strong></span> <span class='ocrx_word' id='word_1_281' title='bbox 854 3593 1158 3648; x_wconf 74' lang='lat' dir='ltr'><strong>laudandae.</strong></span> <span class='ocrx_word' id='word_1_282' title='bbox 1187 3594 1374 3662; x_wconf 86' lang='lat' dir='ltr'><strong>Neque</strong></span> <span class='ocrx_word' id='word_1_283' title='bbox 1396 3592 1566 3661; x_wconf 87' lang='lat' dir='ltr'><strong>enim,</strong></span> <span class='ocrx_word' id='word_1_284' title='bbox 1596 3593 1640 3649; x_wconf 89' lang='lat' dir='ltr'><strong>si</strong></span> <span class='ocrx_word' id='word_1_285' title='bbox 1666 3593 1882 3663; x_wconf 86' lang='lat' dir='ltr'><strong>peritus</strong></span> 
     </span>
    </p>
   </div>
   <div class='ocr_carea' id='block_1_41' title="bbox 309 3683 1879 3757">
    <p class='ocr_par' dir='ltr' id='par_1_41' title="bbox 309 3683 1879 3757">
     <span class='ocr_line' id='line_1_41' title="bbox 309 3683 1879 3757; baseline 0.002 -20"><span class='ocrx_word' id='word_1_286' title='bbox 309 3684 556 3739; x_wconf 89' lang='lat' dir='ltr'><strong>medicus</strong></span> <span class='ocrx_word' id='word_1_287' title='bbox 576 3685 860 3754; x_wconf 64' lang='lat' dir='ltr'><strong>aegrotanti</strong></span> <span class='ocrx_word' id='word_1_288' title='bbox 882 3685 1180 3757; x_wconf 84' lang='lat' dir='ltr'><strong>praecipiat,</strong></span> <span class='ocrx_word' id='word_1_289' title='bbox 1207 3684 1330 3739; x_wconf 88' lang='lat' dir='ltr'><strong>aliis</strong></span> <span class='ocrx_word' id='word_1_290' title='bbox 1351 3683 1574 3754; x_wconf 87' lang='lat' dir='ltr'><strong>quidem</strong></span> <span class='ocrx_word' id='word_1_291' title='bbox 1610 3683 1779 3750; x_wconf 86' lang='lat' dir='ltr'><strong>vesci,</strong></span> <span class='ocrx_word' id='word_1_292' title='bbox 1811 3685 1879 3740; x_wconf 88' lang='lat' dir='ltr'><strong>ab</strong></span> 
     </span>
    </p>
   </div>
   <div class='ocr_carea' id='block_1_42' title="bbox 309 3772 1880 3845">
    <p class='ocr_par' dir='ltr' id='par_1_42' title="bbox 309 3772 1880 3845">
     <span class='ocr_line' id='line_1_42' title="bbox 309 3772 1880 3845; baseline 0.001 -18"><span class='ocrx_word' id='word_1_293' title='bbox 309 3774 433 3828; x_wconf 90' lang='lat' dir='ltr'><strong>aliis</strong></span> <span class='ocrx_word' id='word_1_294' title='bbox 464 3783 649 3829; x_wconf 91' lang='lat' dir='ltr'><strong>autem</strong></span> <span class='ocrx_word' id='word_1_295' title='bbox 678 3775 901 3845; x_wconf 90' lang='lat' dir='ltr'><strong>penitus</strong></span> <span class='ocrx_word' id='word_1_296' title='bbox 924 3774 1225 3837; x_wconf 88' lang='lat' dir='ltr'><strong>abstinere,</strong></span> <span class='ocrx_word' id='word_1_297' title='bbox 1261 3773 1351 3827; x_wconf 91' lang='lat' dir='ltr'><strong>ille</strong></span> <span class='ocrx_word' id='word_1_298' title='bbox 1380 3788 1512 3827; x_wconf 90' lang='lat' dir='ltr'><strong>vero</strong></span> <span class='ocrx_word' id='word_1_299' title='bbox 1547 3772 1880 3842; x_wconf 87' lang='lat' dir='ltr'><strong>contemptis</strong></span> 
     </span>
    </p>
   </div>
   <div class='ocr_carea' id='block_1_43' title="bbox 310 3864 1876 3936">
    <p class='ocr_par' dir='ltr' id='par_1_43' title="bbox 310 3864 1876 3936">
     <span class='ocr_line' id='line_1_43' title="bbox 310 3864 1876 3936; baseline -0.002 -16"><span class='ocrx_word' id='word_1_300' title='bbox 310 3865 595 3921; x_wconf 70' lang='lat' dir='ltr'><strong>medicinae</strong></span> <span class='ocrx_word' id='word_1_301' title='bbox 615 3867 921 3936; x_wconf 79' lang='lat' dir='ltr'><strong>praeceptis,</strong></span> <span class='ocrx_word' id='word_1_302' title='bbox 950 3864 1221 3921; x_wconf 89' lang='lat' dir='ltr'><strong>curationi</strong></span> <span class='ocrx_word' id='word_1_303' title='bbox 1247 3865 1583 3933; x_wconf 89' lang='lat' dir='ltr'><strong>voluptatem</strong></span> <span class='ocrx_word' id='word_1_304' title='bbox 1602 3864 1876 3934; x_wconf 59' lang='lat' dir='ltr'><strong>praeferat,</strong></span> 
     </span>
    </p>
   </div>
   <div class='ocr_carea' id='block_1_44' title="bbox 302 3954 1882 4024">
    <p class='ocr_par' dir='ltr' id='par_1_44' title="bbox 302 3954 1882 4024">
     <span class='ocr_line' id='line_1_44' title="bbox 302 3954 1882 4024; baseline -0.001 -13"><span class='ocrx_word' id='word_1_305' title='bbox 302 3967 367 4011; x_wconf 81' lang='lat' dir='ltr'><strong>et</strong></span> <span class='ocrx_word' id='word_1_306' title='bbox 389 3957 559 4012; x_wconf 91' lang='lat' dir='ltr'><strong>vetita</strong></span> <span class='ocrx_word' id='word_1_307' title='bbox 601 3956 773 4013; x_wconf 89' lang='lat' dir='ltr'><strong>edens</strong></span> <span class='ocrx_word' id='word_1_308' title='bbox 799 3973 861 4013; x_wconf 87' lang='lat' dir='ltr'><strong>ac</strong></span> <span class='ocrx_word' id='word_1_309' title='bbox 894 3957 1110 4022; x_wconf 91' lang='lat' dir='ltr'><strong>bibens,</strong></span> <span class='ocrx_word' id='word_1_310' title='bbox 1141 3955 1394 4010; x_wconf 83' lang='lat' dir='ltr'><strong>morbum</strong></span> <span class='ocrx_word' id='word_1_311' title='bbox 1433 3954 1634 4009; x_wconf 78' lang='lat' dir='ltr'><strong>eﬂiciat</strong></span> <span class='ocrx_word' id='word_1_312' title='bbox 1666 3954 1882 4024; x_wconf 86' lang='lat' dir='ltr'><strong>gravio-</strong></span> 
     </span>
    </p>
   </div>
   <div class='ocr_carea' id='block_1_45' title="bbox 288 4043 1881 4115">
    <p class='ocr_par' dir='ltr' id='par_1_45' title="bbox 288 4043 1881 4115">
     <span class='ocr_line' id='line_1_45' title="bbox 288 4043 1881 4115; baseline -0.001 -16"><span class='ocrx_word' id='word_1_313' title='bbox 288 4060 448 4110; x_wconf 68' lang='lat' dir='ltr'><strong>rem,</strong></span> <span class='ocrx_word' id='word_1_314' title='bbox 486 4054 777 4115; x_wconf 90' lang='lat' dir='ltr'><strong>propterea</strong></span> <span class='ocrx_word' id='word_1_315' title='bbox 802 4046 1081 4101; x_wconf 90' lang='lat' dir='ltr'><strong>medicum</strong></span> <span class='ocrx_word' id='word_1_316' title='bbox 1112 4060 1215 4100; x_wconf 89' lang='lat' dir='ltr'><strong>ceu</strong></span> <span class='ocrx_word' id='word_1_317' title='bbox 1248 4043 1629 4098; x_wconf 86' lang='lat' dir='ltr'><strong>insidiatorem</strong></span> <span class='ocrx_word' id='word_1_318' title='bbox 1656 4058 1881 4098; x_wconf 87' lang='lat' dir='ltr'><strong>accusa-</strong></span> 
     </span>
    </p>
   </div>
   <div class='ocr_carea' id='block_1_46' title="bbox 309 4134 1876 4207">
    <p class='ocr_par' dir='ltr' id='par_1_46' title="bbox 309 4134 1876 4207">
     <span class='ocr_line' id='line_1_46' title="bbox 309 4134 1876 4207; baseline 0 -18"><span class='ocrx_word' id='word_1_319' title='bbox 309 4151 434 4191; x_wconf 87' lang='lat' dir='ltr'><strong>mus</strong></span> <span class='ocrx_word' id='word_1_320' title='bbox 467 4154 479 4188; x_wconf 96' lang='lat'>:</span> <span class='ocrx_word' id='word_1_321' title='bbox 509 4136 954 4207; x_wconf 88' lang='lat' dir='ltr'><strong>quandoquidem</strong></span> <span class='ocrx_word' id='word_1_322' title='bbox 988 4152 1058 4191; x_wconf 76' lang='lat' dir='ltr'><strong>ex</strong></span> <span class='ocrx_word' id='word_1_323' title='bbox 1090 4134 1394 4190; x_wconf 88' lang='lat' dir='ltr'><strong>laborantis</strong></span> <span class='ocrx_word' id='word_1_324' title='bbox 1431 4134 1876 4203; x_wconf 89' lang='lat' dir='ltr'><strong>intemperantia,</strong></span> 
     </span>
    </p>
   </div>
   <div class='ocr_carea' id='block_1_47' title="bbox 308 4221 1806 4295">
    <p class='ocr_par' dir='ltr' id='par_1_47' title="bbox 308 4221 1806 4295">
     <span class='ocr_line' id='line_1_47' title="bbox 308 4221 1806 4295; baseline -0.005 -12"><span class='ocrx_word' id='word_1_325' title='bbox 308 4236 420 4283; x_wconf 76' lang='lat' dir='ltr'><strong>non</strong></span> <span class='ocrx_word' id='word_1_326' title='bbox 442 4237 509 4278; x_wconf 82' lang='lat' dir='ltr'><strong>ex</strong></span> <span class='ocrx_word' id='word_1_327' title='bbox 531 4225 870 4281; x_wconf 87' lang='lat' dir='ltr'><strong>consulentis</strong></span> <span class='ocrx_word' id='word_1_328' title='bbox 894 4223 1239 4295; x_wconf 90' lang='lat' dir='ltr'><strong>providentia</strong></span> <span class='ocrx_word' id='word_1_329' title='bbox 1265 4222 1497 4277; x_wconf 83' lang='lat' dir='ltr'><strong>invaluit</strong></span> <span class='ocrx_word' id='word_1_330' title='bbox 1518 4221 1806 4292; x_wconf 77' lang='lat' dir='ltr'><strong>aegritudo.</strong></span> 
     </span>
    </p>
   </div>
   <div class='ocr_carea' id='block_1_48' title="bbox 1969 501 3536 576">
    <p class='ocr_par' dir='ltr' id='par_1_48' title="bbox 1969 501 3536 576">
     <span class='ocr_line' id='line_1_48' title="bbox 1969 501 3536 576; baseline -0.003 -16"><span class='ocrx_word' id='word_1_331' title='bbox 1969 508 2311 576; x_wconf 81' lang='grc' dir='ltr'><strong>κατηγορεῖν.</strong></span> <span class='ocrx_word' id='word_1_332' title='bbox 2334 505 2469 558; x_wconf 81' lang='grc' dir='ltr'><strong>Οὐδὲ</strong></span> <span class='ocrx_word' id='word_1_333' title='bbox 2499 503 2603 576; x_wconf 80' lang='lat'><strong>7&amp;9</strong></span> <span class='ocrx_word' id='word_1_334' title='bbox 2626 502 2714 557; x_wconf 85' lang='grc' dir='ltr'><strong>διὰ</strong></span> <span class='ocrx_word' id='word_1_335' title='bbox 2734 502 2832 567; x_wconf 84' lang='grc' dir='ltr'>τὰς</span> <span class='ocrx_word' id='word_1_336' title='bbox 2859 501 3068 573; x_wconf 80' lang='grc' dir='ltr'><strong>φαύλας</strong></span> <span class='ocrx_word' id='word_1_337' title='bbox 3090 502 3369 573; x_wconf 78' lang='grc' dir='ltr'><strong>ἀμπέλους</strong></span> <span class='ocrx_word' id='word_1_338' title='bbox 3397 503 3502 572; x_wconf 86' lang='grc' dir='ltr'><strong>φεύ</strong></span> <span class='ocrx_word' id='word_1_339' title='bbox 3520 534 3536 546; x_wconf 89' lang='lat'><strong>-</strong></span> 
     </span>
    </p>
   </div>
   <div class='ocr_carea' id='block_1_49' title="bbox 1969 594 3543 669">
    <p class='ocr_par' dir='ltr' id='par_1_49' title="bbox 1969 594 3543 669">
     <span class='ocr_line' id='line_1_49' title="bbox 1969 594 3543 669; baseline -0.002 -17"><span class='ocrx_word' id='word_1_340' title='bbox 1969 615 2139 669; x_wconf 86' lang='grc' dir='ltr'>γομεν</span> <span class='ocrx_word' id='word_1_341' title='bbox 2156 596 2255 661; x_wconf 86' lang='grc' dir='ltr'><strong>τάς</strong></span> <span class='ocrx_word' id='word_1_342' title='bbox 2287 598 2566 669; x_wconf 88' lang='grc' dir='ltr'>ἀρίστους,</span> <span class='ocrx_word' id='word_1_343' title='bbox 2594 596 2715 652; x_wconf 79' lang='grc' dir='ltr'>οὐδὲ</span> <span class='ocrx_word' id='word_1_344' title='bbox 2741 595 2827 649; x_wconf 88' lang='grc' dir='ltr'><strong>διά</strong></span> <span class='ocrx_word' id='word_1_345' title='bbox 2857 595 2954 659; x_wconf 88' lang='grc' dir='ltr'><strong>τάς</strong></span> <span class='ocrx_word' id='word_1_346' title='bbox 2987 594 3191 664; x_wconf 80' lang='grc' dir='ltr'>πικρὰς</span> <span class='ocrx_word' id='word_1_347' title='bbox 3216 596 3543 665; x_wconf 80' lang='grc' dir='ltr'>ἀμυγδάλας</span> 
     </span>
    </p>
   </div>
   <div class='ocr_carea' id='block_1_50' title="bbox 1969 687 3533 761">
    <p class='ocr_par' dir='ltr' id='par_1_50' title="bbox 1969 687 3533 761">
     <span class='ocr_line' id='line_1_50' title="bbox 1969 687 3533 761; baseline -0.002 -18"><span class='ocrx_word' id='word_1_348' title='bbox 1969 691 2064 743; x_wconf 72' lang='grc' dir='ltr'>καὶ</span> <span class='ocrx_word' id='word_1_349' title='bbox 2089 689 2187 754; x_wconf 85' lang='grc' dir='ltr'><strong>τάς</strong></span> <span class='ocrx_word' id='word_1_350' title='bbox 2218 688 2477 759; x_wconf 82' lang='grc' dir='ltr'>γλυκείας</span> <span class='ocrx_word' id='word_1_351' title='bbox 2505 687 2978 761; x_wconf 75' lang='grc' dir='ltr'><strong>ἀποστρεφόμεθα,</strong></span> <span class='ocrx_word' id='word_1_352' title='bbox 3008 688 3127 741; x_wconf 79' lang='grc' dir='ltr'>οὐδὲ</span> <span class='ocrx_word' id='word_1_353' title='bbox 3151 687 3239 741; x_wconf 82' lang='grc' dir='ltr'>διὰ</span> <span class='ocrx_word' id='word_1_354' title='bbox 3278 687 3371 742; x_wconf 84' lang='grc' dir='ltr'>τὸν</span> <span class='ocrx_word' id='word_1_355' title='bbox 3396 688 3533 742; x_wconf 79' lang='grc' dir='ltr'>ὑπό-</span> 
     </span>
    </p>
   </div>
   <div class='ocr_carea' id='block_1_51' title="bbox 1970 777 3541 853">
    <p class='ocr_par' dir='ltr' id='par_1_51' title="bbox 1970 777 3541 853">
     <span class='ocr_line' id='line_1_51' title="bbox 1970 777 3541 853; baseline -0.003 -19"><span class='ocrx_word' id='word_1_356' title='bbox 1970 782 2166 851; x_wconf 90' lang='grc' dir='ltr'>χαλκον</span> <span class='ocrx_word' id='word_1_357' title='bbox 2190 782 2392 853; x_wconf 81' lang='grc' dir='ltr'>χρυσὸν</span> <span class='ocrx_word' id='word_1_358' title='bbox 2426 781 2519 835; x_wconf 66' lang='grc' dir='ltr'><strong>καλ⁸</strong></span> <span class='ocrx_word' id='word_1_359' title='bbox 2556 780 2645 836; x_wconf 85' lang='grc' dir='ltr'>τὸν</span> <span class='ocrx_word' id='word_1_360' title='bbox 2682 779 2971 849; x_wconf 83' lang='grc' dir='ltr'>ἀκίϐδηλον</span> <span class='ocrx_word' id='word_1_361' title='bbox 3003 777 3381 849; x_wconf 83' lang='grc' dir='ltr'>διαϐάλλομεν,</span> <span class='ocrx_word' id='word_1_362' title='bbox 3412 778 3541 831; x_wconf 66' lang='grc' dir='ltr'>οὐδὲ</span> 
     </span>
    </p>
   </div>
   <div class='ocr_carea' id='block_1_52' title="bbox 1969 865 3539 943">
    <p class='ocr_par' dir='ltr' id='par_1_52' title="bbox 1969 865 3539 943">
     <span class='ocr_line' id='line_1_52' title="bbox 1969 865 3539 943; baseline -0.005 -18"><span class='ocrx_word' id='word_1_363' title='bbox 1969 872 2057 926; x_wconf 83' lang='grc' dir='ltr'>διὰ</span> <span class='ocrx_word' id='word_1_364' title='bbox 2111 872 2210 943; x_wconf 77' lang='grc' dir='ltr'>τὴν</span> <span class='ocrx_word' id='word_1_365' title='bbox 2262 871 2601 941; x_wconf 69' lang='grc' dir='ltr'>ἐψευσμένην</span> <span class='ocrx_word' id='word_1_366' title='bbox 2657 867 2943 941; x_wconf 83' lang='grc' dir='ltr'>πορφύραν</span> <span class='ocrx_word' id='word_1_367' title='bbox 2986 866 3083 921; x_wconf 75' lang='grc' dir='ltr'>καὶ</span> <span class='ocrx_word' id='word_1_368' title='bbox 3124 866 3224 936; x_wconf 79' lang='grc' dir='ltr'>τὴν</span> <span class='ocrx_word' id='word_1_369' title='bbox 3275 865 3539 936; x_wconf 67' lang='grc' dir='ltr'>ἀληθινὴν</span> 
     </span>
    </p>
   </div>
   <div class='ocr_carea' id='block_1_53' title="bbox 1974 959 3545 1037">
    <p class='ocr_par' dir='ltr' id='par_1_53' title="bbox 1974 959 3545 1037">
     <span class='ocr_line' id='line_1_53' title="bbox 1974 959 3545 1037; baseline -0.005 -17"><span class='ocrx_word' id='word_1_370' title='bbox 1974 965 2296 1037; x_wconf 86' lang='grc' dir='ltr'>σκώπτομεν</span> <span class='ocrx_word' id='word_1_371' title='bbox 2317 1006 2329 1027; x_wconf 87' lang='grc'><strong>.</strong></span> <span class='ocrx_word' id='word_1_372' title='bbox 2363 965 2484 1018; x_wconf 78' lang='grc' dir='ltr'>οὐδὲ</span> <span class='ocrx_word' id='word_1_373' title='bbox 2520 963 2626 1019; x_wconf 90' lang='grc' dir='ltr'><strong>τῶν</strong></span> <span class='ocrx_word' id='word_1_374' title='bbox 2654 962 2880 1034; x_wconf 81' lang='grc' dir='ltr'><strong>ἀμαθῶν</strong></span> <span class='ocrx_word' id='word_1_375' title='bbox 2908 962 3068 1015; x_wconf 76' lang='grc' dir='ltr'>ἕνεκα</span> <span class='ocrx_word' id='word_1_376' title='bbox 3105 959 3410 1031; x_wconf 81' lang='grc' dir='ltr'><strong>ζωγράφων</strong></span> <span class='ocrx_word' id='word_1_377' title='bbox 3444 961 3545 1014; x_wconf 74' lang='grc' dir='ltr'>καὶ</span> 
     </span>
    </p>
   </div>
   <div class='ocr_carea' id='block_1_54' title="bbox 1970 1051 3539 1127">
    <p class='ocr_par' dir='ltr' id='par_1_54' title="bbox 1970 1051 3539 1127">
     <span class='ocr_line' id='line_1_54' title="bbox 1970 1051 3539 1127; baseline -0.005 -16"><span class='ocrx_word' id='word_1_378' title='bbox 1970 1057 2079 1113; x_wconf 92' lang='grc' dir='ltr'><strong>τῶν</strong></span> <span class='ocrx_word' id='word_1_379' title='bbox 2106 1058 2367 1127; x_wconf 76' lang='grc' dir='ltr'><strong>ἐντέχνων</strong></span> <span class='ocrx_word' id='word_1_380' title='bbox 2387 1054 2817 1127; x_wconf 81' lang='grc' dir='ltr'>κατηγοροῦμεν,</span> <span class='ocrx_word' id='word_1_381' title='bbox 2844 1053 2966 1107; x_wconf 80' lang='grc' dir='ltr'>οὐδὲ</span> <span class='ocrx_word' id='word_1_382' title='bbox 2995 1052 3084 1106; x_wconf 90' lang='grc' dir='ltr'><strong>διά</strong></span> <span class='ocrx_word' id='word_1_383' title='bbox 3109 1053 3237 1114; x_wconf 78' lang='grc' dir='ltr'>τοὺς</span> <span class='ocrx_word' id='word_1_384' title='bbox 3261 1051 3539 1122; x_wconf 79' lang='grc' dir='ltr'>πονηροὺς</span> 
     </span>
    </p>
   </div>
   <div class='ocr_carea' id='block_1_55' title="bbox 1972 1141 3544 1219">
    <p class='ocr_par' dir='ltr' id='par_1_55' title="bbox 1972 1141 3544 1219">
     <span class='ocr_line' id='line_1_55' title="bbox 1972 1141 3544 1219; baseline -0.006 -17"><span class='ocrx_word' id='word_1_385' title='bbox 1972 1146 2288 1219; x_wconf 84' lang='grc' dir='ltr'>ἀνθρώπους</span> <span class='ocrx_word' id='word_1_386' title='bbox 2336 1144 2430 1201; x_wconf 77' lang='grc' dir='ltr'>καὶ</span> <span class='ocrx_word' id='word_1_387' title='bbox 2456 1148 2583 1210; x_wconf 80' lang='grc' dir='ltr'>τοὺς</span> <span class='ocrx_word' id='word_1_388' title='bbox 2611 1143 2927 1207; x_wconf 82' lang='grc' dir='ltr'>σπουδαίους</span> <span class='ocrx_word' id='word_1_389' title='bbox 2958 1142 3249 1215; x_wconf 81' lang='grc' dir='ltr'>μισοῦμεν,</span> <span class='ocrx_word' id='word_1_390' title='bbox 3292 1141 3415 1195; x_wconf 77' lang='grc' dir='ltr'>οὐδὲ</span> <span class='ocrx_word' id='word_1_391' title='bbox 3443 1141 3544 1195; x_wconf 77' lang='grc' dir='ltr'>ὲάν</span> 
     </span>
    </p>
   </div>
   <div class='ocr_carea' id='block_1_56' title="bbox 1973 1234 3545 1313">
    <p class='ocr_par' dir='ltr' id='par_1_56' title="bbox 1973 1234 3545 1313">
     <span class='ocr_line' id='line_1_56' title="bbox 1973 1234 3545 1313; baseline -0.006 -17"><span class='ocrx_word' id='word_1_392' title='bbox 1973 1260 2093 1297; x_wconf 88' lang='grc' dir='ltr'>τινα</span> <span class='ocrx_word' id='word_1_393' title='bbox 2116 1241 2364 1313; x_wconf 79' lang='grc' dir='ltr'>εὕρωμεν</span> <span class='ocrx_word' id='word_1_394' title='bbox 2393 1240 2801 1312; x_wconf 80' lang='grc' dir='ltr'>ἀνεπιστήμονα</span> <span class='ocrx_word' id='word_1_395' title='bbox 2834 1237 3015 1308; x_wconf 82' lang='grc' dir='ltr'>ίατρδν</span> <span class='ocrx_word' id='word_1_396' title='bbox 3049 1236 3149 1308; x_wconf 72' lang='grc' dir='ltr'>ήδη</span> <span class='ocrx_word' id='word_1_397' title='bbox 3194 1235 3291 1289; x_wconf 76' lang='grc' dir='ltr'>καὶ</span> <span class='ocrx_word' id='word_1_398' title='bbox 3316 1234 3417 1305; x_wconf 83' lang='grc' dir='ltr'>τὴν</span> <span class='ocrx_word' id='word_1_399' title='bbox 3457 1235 3545 1287; x_wconf 66' lang='grc' dir='ltr'>ίαν</span> 
     </span>
    </p>
   </div>
   <div class='ocr_carea' id='block_1_57' title="bbox 1973 1325 3547 1405">
    <p class='ocr_par' dir='ltr' id='par_1_57' title="bbox 1973 1325 3547 1405">
     <span class='ocr_line' id='line_1_57' title="bbox 1973 1325 3547 1405; baseline -0.006 -18"><span class='ocrx_word' id='word_1_400' title='bbox 1973 1334 2166 1405; x_wconf 85' lang='grc' dir='ltr'>τρικὴν</span> <span class='ocrx_word' id='word_1_401' title='bbox 2194 1331 2610 1403; x_wconf 72' lang='grc' dir='ltr'>ἀπαγορεύωμεν</span> <span class='ocrx_word' id='word_1_402' title='bbox 2637 1330 2854 1402; x_wconf 88' lang='grc' dir='ltr'>τέχνην,</span> <span class='ocrx_word' id='word_1_403' title='bbox 2882 1326 3020 1384; x_wconf 86' lang='grc' dir='ltr'><strong>ἀλλά</strong></span> <span class='ocrx_word' id='word_1_404' title='bbox 3066 1328 3161 1381; x_wconf 74' lang='grc' dir='ltr'>καὶ</span> <span class='ocrx_word' id='word_1_405' title='bbox 3185 1326 3295 1380; x_wconf 87' lang='grc' dir='ltr'><strong>τῶν</strong></span> <span class='ocrx_word' id='word_1_406' title='bbox 3323 1325 3547 1396; x_wconf 77' lang='grc' dir='ltr'>ζωγρά-</span> 
     </span>
    </p>
   </div>
   <div class='ocr_carea' id='block_1_58' title="bbox 1977 1412 3551 1491">
    <p class='ocr_par' dir='ltr' id='par_1_58' title="bbox 1977 1412 3551 1491">
     <span class='ocr_line' id='line_1_58' title="bbox 1977 1412 3551 1491; baseline -0.007 -16"><span class='ocrx_word' id='word_1_407' title='bbox 1977 1438 2111 1491; x_wconf 86' lang='grc' dir='ltr'>φων,</span> <span class='ocrx_word' id='word_1_408' title='bbox 2143 1421 2235 1474; x_wconf 71' lang='grc' dir='ltr'>καὶ</span> <span class='ocrx_word' id='word_1_409' title='bbox 2272 1420 2379 1473; x_wconf 91' lang='grc' dir='ltr'><strong>τῶν</strong></span> <span class='ocrx_word' id='word_1_410' title='bbox 2423 1418 2640 1490; x_wconf 87' lang='grc' dir='ltr'>ίατρῶν,</span> <span class='ocrx_word' id='word_1_411' title='bbox 2688 1417 2783 1472; x_wconf 76' lang='grc' dir='ltr'>καὶ</span> <span class='ocrx_word' id='word_1_412' title='bbox 2815 1418 2998 1488; x_wconf 81' lang='grc' dir='ltr'>μέντοι</span> <span class='ocrx_word' id='word_1_413' title='bbox 3026 1414 3120 1469; x_wconf 72' lang='grc' dir='ltr'>καὶ</span> <span class='ocrx_word' id='word_1_414' title='bbox 3151 1414 3260 1467; x_wconf 87' lang='grc' dir='ltr'><strong>τῶν</strong></span> <span class='ocrx_word' id='word_1_415' title='bbox 3289 1412 3551 1466; x_wconf 85' lang='grc' dir='ltr'>σκυτοτό-</span> 
     </span>
    </p>
   </div>
   <div class='ocr_carea' id='block_1_59' title="bbox 1980 1503 3543 1582">
    <p class='ocr_par' dir='ltr' id='par_1_59' title="bbox 1980 1503 3543 1582">
     <span class='ocr_line' id='line_1_59' title="bbox 1980 1503 3543 1582; baseline -0.008 -16"><span class='ocrx_word' id='word_1_416' title='bbox 1980 1530 2113 1582; x_wconf 75' lang='grc' dir='ltr'>μων,</span> <span class='ocrx_word' id='word_1_417' title='bbox 2153 1512 2245 1565; x_wconf 74' lang='grc' dir='ltr'>καὶ</span> <span class='ocrx_word' id='word_1_418' title='bbox 2267 1510 2375 1565; x_wconf 87' lang='grc' dir='ltr'><strong>τῶν</strong></span> <span class='ocrx_word' id='word_1_419' title='bbox 2400 1508 2777 1581; x_wconf 78' lang='grc' dir='ltr'>χαλκοτύπων,</span> <span class='ocrx_word' id='word_1_420' title='bbox 2814 1507 2909 1560; x_wconf 77' lang='grc' dir='ltr'>καὶ</span> <span class='ocrx_word' id='word_1_421' title='bbox 2932 1505 3041 1560; x_wconf 91' lang='grc' dir='ltr'><strong>τῶν</strong></span> <span class='ocrx_word' id='word_1_422' title='bbox 3071 1503 3383 1576; x_wconf 84' lang='grc' dir='ltr'>χρυσοχόων</span> <span class='ocrx_word' id='word_1_423' title='bbox 3408 1504 3543 1564; x_wconf 83' lang='grc' dir='ltr'>τοὺς</span> 
     </span>
    </p>
   </div>
   <div class='ocr_carea' id='block_1_60' title="bbox 1980 1584 3551 1677">
    <p class='ocr_par' dir='ltr' id='par_1_60' title="bbox 1980 1584 3551 1677">
     <span class='ocr_line' id='line_1_60' title="bbox 1980 1584 3551 1677; baseline -0.006 -19"><span class='ocrx_word' id='word_1_424' title='bbox 1980 1605 2078 1677; x_wconf 82' lang='grc' dir='ltr'>μὲν</span> <span class='ocrx_word' id='word_1_425' title='bbox 2108 1604 2361 1675; x_wconf 84' lang='grc' dir='ltr'>ἀρίστους</span> <span class='ocrx_word' id='word_1_426' title='bbox 2394 1602 2768 1673; x_wconf 79' lang='grc' dir='ltr'>θαυμάζομεν,</span> <span class='ocrx_word' id='word_1_427' title='bbox 2817 1599 2945 1663; x_wconf 77' lang='grc' dir='ltr'>τοὺς</span> <span class='ocrx_word' id='word_1_428' title='bbox 2980 1599 3039 1653; x_wconf 81' lang='grc' dir='ltr'>δὲ</span> <span class='ocrx_word' id='word_1_429' title='bbox 3070 1584 3189 1669; x_wconf 60' lang='grc' dir='ltr'>τῆν’</span> <span class='ocrx_word' id='word_1_430' title='bbox 3208 1596 3406 1667; x_wconf 84' lang='grc' dir='ltr'>τέχνην</span> <span class='ocrx_word' id='word_1_431' title='bbox 3439 1595 3551 1648; x_wconf 83' lang='grc' dir='ltr'>οὐκ</span> 
     </span>
    </p>
   </div>
   <div class='ocr_carea' id='block_1_61' title="bbox 1979 1688 3554 1768">
    <p class='ocr_par' dir='ltr' id='par_1_61' title="bbox 1979 1688 3554 1768">
     <span class='ocr_line' id='line_1_61' title="bbox 1979 1688 3554 1768; baseline -0.007 -18"><span class='ocrx_word' id='word_1_432' title='bbox 1979 1694 2338 1768; x_wconf 78' lang='grc' dir='ltr'>ἀκριϐοῦντας</span> <span class='ocrx_word' id='word_1_433' title='bbox 2359 1696 2376 1725; x_wconf 90' lang='grc'>¹</span> <span class='ocrx_word' id='word_1_434' title='bbox 2403 1693 2673 1747; x_wconf 83' lang='grc' dir='ltr'>σκώπτειν</span> <span class='ocrx_word' id='word_1_435' title='bbox 2699 1690 2967 1761; x_wconf 70' lang='grc' dir='ltr'>εἰώθαμεν</span> <span class='ocrx_word' id='word_1_436' title='bbox 2983 1706 2999 1723; x_wconf 77' lang='grc'><strong><em>“</em></strong></span> <span class='ocrx_word' id='word_1_437' title='bbox 3028 1689 3125 1753; x_wconf 77' lang='grc' dir='ltr'>τὰς</span> <span class='ocrx_word' id='word_1_438' title='bbox 3147 1688 3206 1741; x_wconf 86' lang='grc' dir='ltr'><strong>δέ</strong></span> <span class='ocrx_word' id='word_1_439' title='bbox 3229 1704 3294 1756; x_wconf 83' lang='grc' dir='ltr'><strong>γε</strong></span> <span class='ocrx_word' id='word_1_440' title='bbox 3319 1688 3554 1758; x_wconf 74' lang='grc' dir='ltr'>τέχνας,</span> 
     </span>
    </p>
   </div>
   <div class='ocr_carea' id='block_1_62' title="bbox 1974 1779 3549 1856">
    <p class='ocr_par' dir='ltr' id='par_1_62' title="bbox 1974 1779 3549 1856">
     <span class='ocr_line' id='line_1_62' title="bbox 1974 1779 3549 1856; baseline -0.005 -17"><span class='ocrx_word' id='word_1_441' title='bbox 1974 1786 2074 1840; x_wconf 84' lang='grc' dir='ltr'>κᾶν</span> <span class='ocrx_word' id='word_1_442' title='bbox 2139 1785 2342 1856; x_wconf 79' lang='grc' dir='ltr'>μηδένα</span> <span class='ocrx_word' id='word_1_443' title='bbox 2379 1784 2716 1854; x_wconf 77' lang='grc' dir='ltr'>ἐπιστήμονα</span> <span class='ocrx_word' id='word_1_444' title='bbox 2755 1782 3036 1853; x_wconf 69' lang='grc' dir='ltr'>εὕρωμεν,</span> <span class='ocrx_word' id='word_1_445' title='bbox 3085 1779 3392 1833; x_wconf 88' lang='grc' dir='ltr'>διαϐάλλειν</span> <span class='ocrx_word' id='word_1_446' title='bbox 3439 1779 3549 1831; x_wconf 82' lang='grc' dir='ltr'>οὐκ</span> 
     </span>
    </p>
   </div>
   <div class='ocr_carea' id='block_1_63' title="bbox 1976 1865 3549 1944">
    <p class='ocr_par' dir='ltr' id='par_1_63' title="bbox 1976 1865 3549 1944">
     <span class='ocr_line' id='line_1_63' title="bbox 1976 1865 3549 1944; baseline -0.007 -16"><span class='ocrx_word' id='word_1_447' title='bbox 1976 1874 2277 1944; x_wconf 85' lang='grc' dir='ltr'>ἀνεχόμεθα</span> <span class='ocrx_word' id='word_1_448' title='bbox 2298 1876 2339 1926; x_wconf 77' lang='grc'>⁸.</span> <span class='ocrx_word' id='word_1_449' title='bbox 2363 1872 2483 1926; x_wconf 85' lang='grc' dir='ltr'>Τῶν</span> <span class='ocrx_word' id='word_1_450' title='bbox 2504 1871 2614 1942; x_wconf 81' lang='grc' dir='ltr'><strong>γὰρ</strong></span> <span class='ocrx_word' id='word_1_451' title='bbox 2641 1870 3003 1923; x_wconf 81' lang='grc' dir='ltr'>ἀτοπωτάτων</span> <span class='ocrx_word' id='word_1_452' title='bbox 3029 1866 3116 1920; x_wconf 87' lang='grc' dir='ltr'><strong>διά</strong></span> <span class='ocrx_word' id='word_1_453' title='bbox 3143 1866 3268 1929; x_wconf 75' lang='grc' dir='ltr'>τοὺς</span> <span class='ocrx_word' id='word_1_454' title='bbox 3297 1865 3549 1934; x_wconf 83' lang='grc' dir='ltr'>τυφλώτ-</span> 
     </span>
    </p>
   </div>
   <div class='ocr_carea' id='block_1_64' title="bbox 1975 1955 3551 2032">
    <p class='ocr_par' dir='ltr' id='par_1_64' title="bbox 1975 1955 3551 2032">
     <span class='ocr_line' id='line_1_64' title="bbox 1975 1955 3551 2032; baseline -0.007 -14"><span class='ocrx_word' id='word_1_455' title='bbox 1975 1980 2164 2029; x_wconf 85' lang='grc' dir='ltr'>τοντας</span> <span class='ocrx_word' id='word_1_456' title='bbox 2187 1965 2313 2026; x_wconf 78' lang='grc' dir='ltr'>τοὺς</span> <span class='ocrx_word' id='word_1_457' title='bbox 2334 1962 2645 2032; x_wconf 81' lang='grc' dir='ltr'>ὀφθαλμοὺς</span> <span class='ocrx_word' id='word_1_458' title='bbox 2672 1960 2765 2013; x_wconf 75' lang='grc' dir='ltr'>καὶ</span> <span class='ocrx_word' id='word_1_459' title='bbox 2789 1958 2957 2029; x_wconf 82' lang='grc' dir='ltr'>αὐτὴν</span> <span class='ocrx_word' id='word_1_460' title='bbox 2984 1958 3102 2029; x_wconf 75' lang='grc' dir='ltr'>,τὴν</span> <span class='ocrx_word' id='word_1_461' title='bbox 3136 1955 3367 2025; x_wconf 74' lang='grc' dir='ltr'>ὸπτικὴν</span> <span class='ocrx_word' id='word_1_462' title='bbox 3388 1957 3409 1987; x_wconf 85' lang='grc'>⁸</span> <span class='ocrx_word' id='word_1_463' title='bbox 3461 1956 3551 2008; x_wconf 79' lang='grc' dir='ltr'>αῖ-</span> 
     </span>
    </p>
   </div>
   <div class='ocr_carea' id='block_1_65' title="bbox 1977 2047 3549 2125">
    <p class='ocr_par' dir='ltr' id='par_1_65' title="bbox 1977 2047 3549 2125">
     <span class='ocr_line' id='line_1_65' title="bbox 1977 2047 3549 2125; baseline -0.006 -17"><span class='ocrx_word' id='word_1_464' title='bbox 1977 2056 2168 2125; x_wconf 81' lang='grc' dir='ltr'>σθησιν</span> <span class='ocrx_word' id='word_1_465' title='bbox 2204 2054 2478 2125; x_wconf 75' lang='grc' dir='ltr'>διαψέγειν</span> <span class='ocrx_word' id='word_1_466' title='bbox 2514 2052 2589 2115; x_wconf 86' lang='grc' dir='ltr'>ὼς</span> <span class='ocrx_word' id='word_1_467' title='bbox 2609 2049 2999 2121; x_wconf 73' lang='grc' dir='ltr'>ἄχρηστον,καὶ</span> <span class='ocrx_word' id='word_1_468' title='bbox 3016 2048 3104 2102; x_wconf 85' lang='grc' dir='ltr'>διὰ</span> <span class='ocrx_word' id='word_1_469' title='bbox 3119 2049 3245 2111; x_wconf 79' lang='grc' dir='ltr'>τοὺς</span> <span class='ocrx_word' id='word_1_470' title='bbox 3261 2048 3358 2118; x_wconf 84' lang='grc' dir='ltr'>τὴν</span> <span class='ocrx_word' id='word_1_471' title='bbox 3372 2047 3549 2115; x_wconf 81' lang='grc' dir='ltr'>γλῶτ-</span> 
     </span>
    </p>
   </div>
   <div class='ocr_carea' id='block_1_66' title="bbox 1974 2122 3537 2211">
    <p class='ocr_par' dir='ltr' id='par_1_66' title="bbox 1974 2122 3537 2211">
     <span class='ocr_line' id='line_1_66' title="bbox 1974 2122 3537 2211; baseline -0.004 -17"><span class='ocrx_word' id='word_1_472' title='bbox 1974 2122 2077 2194; x_wconf 30' lang='grc' dir='ltr'>ταν.</span> <span class='ocrx_word' id='word_1_473' title='bbox 2113 2141 2318 2210; x_wconf 87' lang='grc' dir='ltr'>πεπεδη</span> <span class='ocrx_word' id='word_1_474' title='bbox 2329 2122 2523 2211; x_wconf 66' lang='grc' dir='ltr'>μένους</span> <span class='ocrx_word' id='word_1_475' title='bbox 2548 2139 2656 2192; x_wconf 91' lang='grc' dir='ltr'><strong>τῶν</strong></span> <span class='ocrx_word' id='word_1_476' title='bbox 2687 2139 2786 2208; x_wconf 82' lang='grc' dir='ltr'>τῆς</span> <span class='ocrx_word' id='word_1_477' title='bbox 2816 2136 2999 2208; x_wconf 79' lang='grc' dir='ltr'>φωνῆς</span> <span class='ocrx_word' id='word_1_478' title='bbox 3029 2136 3276 2209; x_wconf 83' lang='grc' dir='ltr'>ὀργάνων</span> <span class='ocrx_word' id='word_1_479' title='bbox 3318 2136 3395 2199; x_wconf 85' lang='grc' dir='ltr'><strong>ὡς</strong></span> <span class='ocrx_word' id='word_1_480' title='bbox 3434 2138 3537 2188; x_wconf 74' lang='grc' dir='ltr'>οὐκ</span> 
     </span>
    </p>
   </div>
   <div class='ocr_carea' id='block_1_67' title="bbox 1976 2223 3548 2303">
    <p class='ocr_par' dir='ltr' id='par_1_67' title="bbox 1976 2223 3548 2303">
     <span class='ocr_line' id='line_1_67' title="bbox 1976 2223 3548 2303; baseline -0.003 -18"><span class='ocrx_word' id='word_1_481' title='bbox 1976 2231 2289 2300; x_wconf 85' lang='grc' dir='ltr'>ἀναγκαίων</span> <span class='ocrx_word' id='word_1_482' title='bbox 2328 2233 2677 2303; x_wconf 81' lang='grc' dir='ltr'>κατηγορεῖν,</span> <span class='ocrx_word' id='word_1_483' title='bbox 2716 2229 2811 2283; x_wconf 73' lang='grc' dir='ltr'>καὶ</span> <span class='ocrx_word' id='word_1_484' title='bbox 2846 2229 2934 2282; x_wconf 84' lang='grc' dir='ltr'>διὰ</span> <span class='ocrx_word' id='word_1_485' title='bbox 2974 2228 3044 2282; x_wconf 89' lang='grc' dir='ltr'><strong>τά</strong></span> <span class='ocrx_word' id='word_1_486' title='bbox 3087 2228 3393 2299; x_wconf 81' lang='grc' dir='ltr'>βεϐυσμένα</span> <span class='ocrx_word' id='word_1_487' title='bbox 3432 2223 3548 2281; x_wconf 78' lang='grc' dir='ltr'>ὦτα</span> 
     </span>
    </p>
   </div>
   <div class='ocr_carea' id='block_1_68' title="bbox 1975 2318 3555 2395">
    <p class='ocr_par' dir='ltr' id='par_1_68' title="bbox 1975 2318 3555 2395">
     <span class='ocr_line' id='line_1_68' title="bbox 1975 2318 3555 2395; baseline -0.003 -20"><span class='ocrx_word' id='word_1_488' title='bbox 1975 2323 2074 2395; x_wconf 81' lang='grc' dir='ltr'>τὴν</span> <span class='ocrx_word' id='word_1_489' title='bbox 2099 2323 2428 2392; x_wconf 78' lang='grc' dir='ltr'>ἀκουστικὴν</span> <span class='ocrx_word' id='word_1_490' title='bbox 2455 2323 2708 2393; x_wconf 72' lang='grc' dir='ltr'>αἴσθησιν</span> <span class='ocrx_word' id='word_1_491' title='bbox 2747 2322 3005 2391; x_wconf 78' lang='grc' dir='ltr'>περιττὴν</span> <span class='ocrx_word' id='word_1_492' title='bbox 3046 2318 3355 2390; x_wconf 73' lang='grc' dir='ltr'>ὀνομάζειν.</span> <span class='ocrx_word' id='word_1_493' title='bbox 3387 2320 3555 2372; x_wconf 67' lang='lat' dir='ltr'><strong>051w-</strong></span> 
     </span>
    </p>
   </div>
   <div class='ocr_carea' id='block_1_69' title="bbox 1974 2409 3545 2482">
    <p class='ocr_par' dir='ltr' id='par_1_69' title="bbox 1974 2409 3545 2482">
     <span class='ocr_line' id='line_1_69' title="bbox 1974 2409 3545 2482; baseline -0.002 -18"><span class='ocrx_word' id='word_1_494' title='bbox 1974 2411 2153 2465; x_wconf 85' lang='grc' dir='ltr'>τοίνυν</span> <span class='ocrx_word' id='word_1_495' title='bbox 2187 2410 2404 2480; x_wconf 87' lang='grc' dir='ltr'>ἀληθῶς</span> <span class='ocrx_word' id='word_1_496' title='bbox 2444 2410 2686 2482; x_wconf 87' lang='grc' dir='ltr'>σχέτλιόν</span> <span class='ocrx_word' id='word_1_497' title='bbox 2725 2427 2785 2463; x_wconf 87' lang='grc' dir='ltr'><strong>τε</strong></span> <span class='ocrx_word' id='word_1_498' title='bbox 2824 2410 2917 2464; x_wconf 76' lang='grc' dir='ltr'>καὶ</span> <span class='ocrx_word' id='word_1_499' title='bbox 2956 2409 3142 2464; x_wconf 85' lang='grc' dir='ltr'>άδικον</span> <span class='ocrx_word' id='word_1_500' title='bbox 3168 2410 3277 2464; x_wconf 91' lang='grc' dir='ltr'><strong>τῶν</strong></span> <span class='ocrx_word' id='word_1_501' title='bbox 3301 2411 3426 2471; x_wconf 84' lang='grc' dir='ltr'>τοὺς</span> <span class='ocrx_word' id='word_1_502' title='bbox 3454 2409 3545 2461; x_wconf 74' lang='grc' dir='ltr'>νό-</span> 
     </span>
    </p>
   </div>
   <div class='ocr_carea' id='block_1_70' title="bbox 1978 2500 3547 2573">
    <p class='ocr_par' dir='ltr' id='par_1_70' title="bbox 1978 2500 3547 2573">
     <span class='ocr_line' id='line_1_70' title="bbox 1978 2500 3547 2573; baseline -0.002 -18"><span class='ocrx_word' id='word_1_503' title='bbox 1978 2517 2113 2573; x_wconf 89' lang='grc' dir='ltr'>μους</span> <span class='ocrx_word' id='word_1_504' title='bbox 2158 2500 2605 2567; x_wconf 85' lang='grc' dir='ltr'>παραϐαινόντων</span> <span class='ocrx_word' id='word_1_505' title='bbox 2652 2500 2818 2556; x_wconf 78' lang='grc' dir='ltr'>ἓνεκα</span> <span class='ocrx_word' id='word_1_506' title='bbox 2856 2501 2949 2554; x_wconf 76' lang='grc' dir='ltr'>καὶ</span> <span class='ocrx_word' id='word_1_507' title='bbox 2988 2500 3167 2554; x_wconf 80' lang='grc' dir='ltr'>αὐτῶν</span> <span class='ocrx_word' id='word_1_508' title='bbox 3209 2500 3317 2554; x_wconf 88' lang='grc' dir='ltr'><strong>τῶν</strong></span> <span class='ocrx_word' id='word_1_509' title='bbox 3365 2500 3547 2571; x_wconf 85' lang='grc' dir='ltr'>νόμων</span> 
     </span>
    </p>
   </div>
   <div class='ocr_carea' id='block_1_71' title="bbox 1976 2591 3547 2663">
    <p class='ocr_par' dir='ltr' id='par_1_71' title="bbox 1976 2591 3547 2663">
     <span class='ocr_line' id='line_1_71' title="bbox 1976 2591 3547 2663; baseline 0 -18"><span class='ocrx_word' id='word_1_510' title='bbox 1976 2593 2317 2662; x_wconf 79' lang='grc' dir='ltr'>κατηγορεῖν,</span> <span class='ocrx_word' id='word_1_511' title='bbox 2366 2591 2459 2646; x_wconf 79' lang='grc' dir='ltr'>καὶ</span> <span class='ocrx_word' id='word_1_512' title='bbox 2488 2592 2595 2645; x_wconf 90' lang='grc' dir='ltr'><strong>τῶν</strong></span> <span class='ocrx_word' id='word_1_513' title='bbox 2627 2594 2851 2658; x_wconf 88' lang='grc' dir='ltr'>τούτους</span> <span class='ocrx_word' id='word_1_514' title='bbox 2876 2594 3166 2663; x_wconf 82' lang='grc' dir='ltr'>φυλάττειν</span> <span class='ocrx_word' id='word_1_515' title='bbox 3211 2593 3547 2647; x_wconf 72' lang='grc' dir='ltr'>ἐσπουδακό-</span> 
     </span>
    </p>
   </div>
   <div class='ocr_carea' id='block_1_72' title="bbox 1974 2681 3553 2755">
    <p class='ocr_par' dir='ltr' id='par_1_72' title="bbox 1974 2681 3553 2755">
     <span class='ocr_line' id='line_1_72' title="bbox 1974 2681 3553 2755; baseline -0.001 -17"><span class='ocrx_word' id='word_1_516' title='bbox 1974 2700 2100 2738; x_wconf 94' lang='grc' dir='ltr'>των.</span> <span class='ocrx_word' id='word_1_517' title='bbox 2128 2683 2263 2737; x_wconf 77' lang='grc' dir='ltr'><strong>οὐδὲ</strong></span> <span class='ocrx_word' id='word_1_518' title='bbox 2289 2682 2399 2754; x_wconf 83' lang='grc' dir='ltr'><strong>γὰρ</strong></span> <span class='ocrx_word' id='word_1_519' title='bbox 2436 2681 2593 2747; x_wconf 81' lang='grc' dir='ltr'>εἴτις</span> <span class='ocrx_word' id='word_1_520' title='bbox 2616 2683 2824 2738; x_wconf 85' lang='grc' dir='ltr'>τέκτων</span> <span class='ocrx_word' id='word_1_521' title='bbox 2852 2685 2913 2738; x_wconf 86' lang='grc' dir='ltr'><strong>ού</strong></span> <span class='ocrx_word' id='word_1_522' title='bbox 2957 2684 3131 2739; x_wconf 65' lang='grc' dir='ltr'>κατάδ</span> <span class='ocrx_word' id='word_1_523' title='bbox 3154 2684 3311 2752; x_wconf 83' lang='grc' dir='ltr'>λόγον</span> <span class='ocrx_word' id='word_1_524' title='bbox 3337 2685 3434 2755; x_wconf 79' lang='grc' dir='ltr'>μὲν</span> <span class='ocrx_word' id='word_1_525' title='bbox 3457 2685 3553 2737; x_wconf 78' lang='grc' dir='ltr'>εύ-</span> 
     </span>
    </p>
   </div>
   <div class='ocr_carea' id='block_1_73' title="bbox 1976 2772 3551 2845">
    <p class='ocr_par' dir='ltr' id='par_1_73' title="bbox 1976 2772 3551 2845">
     <span class='ocr_line' id='line_1_73' title="bbox 1976 2772 3551 2845; baseline -0.001 -18"><span class='ocrx_word' id='word_1_526' title='bbox 1976 2773 2124 2827; x_wconf 89' lang='grc' dir='ltr'>θύνοι</span> <span class='ocrx_word' id='word_1_527' title='bbox 2170 2772 2269 2845; x_wconf 78' lang='grc' dir='ltr'>τὴν</span> <span class='ocrx_word' id='word_1_528' title='bbox 2307 2773 2577 2844; x_wconf 67' lang='grc' dir='ltr'>στάθμην,</span> <span class='ocrx_word' id='word_1_529' title='bbox 2628 2775 2990 2845; x_wconf 84' lang='grc' dir='ltr'>παραλόγως⁶</span> <span class='ocrx_word' id='word_1_530' title='bbox 3036 2775 3093 2828; x_wconf 77' lang='grc' dir='ltr'>δὲ</span> <span class='ocrx_word' id='word_1_531' title='bbox 3130 2773 3209 2845; x_wconf 81' lang='grc' dir='ltr'>τῷ</span> <span class='ocrx_word' id='word_1_532' title='bbox 3255 2775 3551 2845; x_wconf 81' lang='grc' dir='ltr'>σκεπάρνῳ</span> 
     </span>
    </p>
   </div>
   <div class='ocr_carea' id='block_1_74' title="bbox 1975 2862 3543 2935">
    <p class='ocr_par' dir='ltr' id='par_1_74' title="bbox 1975 2862 3543 2935">
     <span class='ocr_line' id='line_1_74' title="bbox 1975 2862 3543 2935; baseline 0.003 -21"><span class='ocrx_word' id='word_1_533' title='bbox 1975 2862 2255 2934; x_wconf 82' lang='grc' dir='ltr'>χρώμενος</span> <span class='ocrx_word' id='word_1_534' title='bbox 2309 2862 2610 2935; x_wconf 82' lang='grc' dir='ltr'>διαφθείροι</span> <span class='ocrx_word' id='word_1_535' title='bbox 2665 2863 2734 2916; x_wconf 86' lang='grc' dir='ltr'><strong>τά</strong></span> <span class='ocrx_word' id='word_1_536' title='bbox 2795 2867 2997 2935; x_wconf 88' lang='grc' dir='ltr'>σημεῖα</span> <span class='ocrx_word' id='word_1_537' title='bbox 3049 2864 3144 2918; x_wconf 83' lang='grc' dir='ltr'>τοῦ</span> <span class='ocrx_word' id='word_1_538' title='bbox 3198 2864 3457 2934; x_wconf 85' lang='grc' dir='ltr'>μέλανος,</span> <span class='ocrx_word' id='word_1_539' title='bbox 3508 2864 3543 2933; x_wconf 71' lang='grc' dir='ltr'><strong>ἢ</strong></span> 
     </span>
    </p>
   </div>
   <div class='ocr_carea' id='block_1_75' title="bbox 1977 2952 3542 3026">
    <p class='ocr_par' dir='ltr' id='par_1_75' title="bbox 1977 2952 3542 3026">
     <span class='ocr_line' id='line_1_75' title="bbox 1977 2952 3542 3026; baseline 0.003 -20"><span class='ocrx_word' id='word_1_540' title='bbox 1977 2956 2287 3025; x_wconf 79' lang='grc' dir='ltr'>περαιτέρω</span> <span class='ocrx_word' id='word_1_541' title='bbox 2354 2952 2554 3024; x_wconf 88' lang='grc' dir='ltr'>ταύτης</span> <span class='ocrx_word' id='word_1_542' title='bbox 2628 2955 2773 3008; x_wconf 69' lang='grc' dir='ltr'><strong>τῶν⁸</strong></span> <span class='ocrx_word' id='word_1_543' title='bbox 2823 2955 2969 3011; x_wconf 75' lang='grc' dir='ltr'>ἔνδον</span> <span class='ocrx_word' id='word_1_544' title='bbox 3033 2956 3449 3026; x_wconf 86' lang='grc' dir='ltr'>ἀφαιρούμενος,</span> <span class='ocrx_word' id='word_1_545' title='bbox 3508 2954 3542 3025; x_wconf 71' lang='grc' dir='ltr'>ἢ</span> 
     </span>
    </p>
   </div>
   <div class='ocr_carea' id='block_1_76' title="bbox 1977 3040 3545 3115">
    <p class='ocr_par' dir='ltr' id='par_1_76' title="bbox 1977 3040 3545 3115">
     <span class='ocr_line' id='line_1_76' title="bbox 1977 3040 3545 3115; baseline 0.001 -20"><span class='ocrx_word' id='word_1_546' title='bbox 1977 3040 2208 3112; x_wconf 87' lang='grc' dir='ltr'>περιττά</span> <span class='ocrx_word' id='word_1_547' title='bbox 2237 3042 2307 3096; x_wconf 89' lang='grc' dir='ltr'><strong>τά</strong></span> <span class='ocrx_word' id='word_1_548' title='bbox 2351 3041 2549 3107; x_wconf 65' lang='grc' dir='ltr'>ἔξωθεν</span> <span class='ocrx_word' id='word_1_549' title='bbox 2578 3043 2913 3106; x_wconf 85' lang='grc' dir='ltr'>καταλιπὼν,</span> <span class='ocrx_word' id='word_1_550' title='bbox 2960 3045 3057 3114; x_wconf 81' lang='grc' dir='ltr'>τὴν</span> <span class='ocrx_word' id='word_1_551' title='bbox 3096 3046 3341 3115; x_wconf 87' lang='grc' dir='ltr'>στάθμην</span> <span class='ocrx_word' id='word_1_552' title='bbox 3370 3047 3545 3097; x_wconf 83' lang='grc' dir='ltr'>αίτια-</span> 
     </span>
    </p>
   </div>
   <div class='ocr_carea' id='block_1_77' title="bbox 1978 3128 3542 3207">
    <p class='ocr_par' dir='ltr' id='par_1_77' title="bbox 1978 3128 3542 3207">
     <span class='ocr_line' id='line_1_77' title="bbox 1978 3128 3542 3207; baseline 0.001 -20"><span class='ocrx_word' id='word_1_553' title='bbox 1978 3131 2120 3201; x_wconf 78' lang='grc' dir='ltr'>τέον,</span> <span class='ocrx_word' id='word_1_554' title='bbox 2147 3133 2182 3203; x_wconf 77' lang='grc' dir='ltr'><strong>ἢ</strong></span> <span class='ocrx_word' id='word_1_555' title='bbox 2219 3128 2281 3186; x_wconf 71' lang='grc' dir='ltr'>τὸ</span> <span class='ocrx_word' id='word_1_556' title='bbox 2308 3132 2462 3198; x_wconf 85' lang='grc' dir='ltr'>εύθὲς</span> <span class='ocrx_word' id='word_1_557' title='bbox 2495 3134 2823 3189; x_wconf 72' lang='grc' dir='ltr'>ἐπιδείκνυσι</span> <span class='ocrx_word' id='word_1_558' title='bbox 2845 3152 2858 3167; x_wconf 89' lang='grc'><strong>·</strong></span> <span class='ocrx_word' id='word_1_559' title='bbox 2893 3134 3045 3207; x_wconf 85' lang='grc'>[178]</span> <span class='ocrx_word' id='word_1_560' title='bbox 3074 3136 3171 3207; x_wconf 80' lang='grc' dir='ltr'><strong>τῆς</strong></span> <span class='ocrx_word' id='word_1_561' title='bbox 3202 3136 3310 3207; x_wconf 89' lang='grc' dir='ltr'><strong>γάρ</strong></span> <span class='ocrx_word' id='word_1_562' title='bbox 3338 3153 3420 3189; x_wconf 85' lang='grc' dir='ltr'><strong>τοι</strong></span> <span class='ocrx_word' id='word_1_563' title='bbox 3445 3135 3542 3188; x_wconf 79' lang='grc' dir='ltr'><strong>τοῦ</strong></span> 
     </span>
    </p>
   </div>
   <div class='ocr_carea' id='block_1_78' title="bbox 1978 3223 3545 3297">
    <p class='ocr_par' dir='ltr' id='par_1_78' title="bbox 1978 3223 3545 3297">
     <span class='ocr_line' id='line_1_78' title="bbox 1978 3223 3545 3297; baseline 0.002 -20"><span class='ocrx_word' id='word_1_564' title='bbox 1978 3224 2230 3289; x_wconf 85' lang='grc' dir='ltr'>τέκτονος</span> <span class='ocrx_word' id='word_1_565' title='bbox 2256 3223 2493 3295; x_wconf 83' lang='grc' dir='ltr'>ἀμαθίας</span> <span class='ocrx_word' id='word_1_566' title='bbox 2516 3228 2549 3295; x_wconf 85' lang='grc' dir='ltr'><strong>ή</strong></span> <span class='ocrx_word' id='word_1_567' title='bbox 2571 3226 2812 3297; x_wconf 74' lang='grc' dir='ltr'>ἁμαρτία</span> <span class='ocrx_word' id='word_1_568' title='bbox 2832 3227 2872 3283; x_wconf 72' lang='grc'>⁷.</span> <span class='ocrx_word' id='word_1_569' title='bbox 2898 3226 3106 3282; x_wconf 80' lang='grc' dir='ltr'>Οὐκοῦν</span> <span class='ocrx_word' id='word_1_570' title='bbox 3143 3229 3194 3279; x_wconf 85' lang='lat' dir='ltr'><strong>ot</strong></span> <span class='ocrx_word' id='word_1_571' title='bbox 3235 3229 3385 3297; x_wconf 86' lang='grc' dir='ltr'>νόμοι</span> <span class='ocrx_word' id='word_1_572' title='bbox 3420 3226 3545 3280; x_wconf 79' lang='grc' dir='ltr'>στά-</span> 
     </span>
    </p>
   </div>
   <div class='ocr_carea' id='block_1_79' title="bbox 1981 3314 3539 3389">
    <p class='ocr_par' dir='ltr' id='par_1_79' title="bbox 1981 3314 3539 3389">
     <span class='ocr_line' id='line_1_79' title="bbox 1981 3314 3539 3389; baseline 0.002 -20"><span class='ocrx_word' id='word_1_573' title='bbox 1981 3314 2127 3386; x_wconf 91' lang='grc' dir='ltr'>θμης</span> <span class='ocrx_word' id='word_1_574' title='bbox 2140 3314 2282 3379; x_wconf 73' lang='grc' dir='ltr'>τινος</span> <span class='ocrx_word' id='word_1_575' title='bbox 2305 3318 2399 3369; x_wconf 72' lang='grc' dir='ltr'><strong>καὶ</strong></span> <span class='ocrx_word' id='word_1_576' title='bbox 2416 3317 2637 3381; x_wconf 88' lang='grc' dir='ltr'>κανόνος</span> <span class='ocrx_word' id='word_1_577' title='bbox 2660 3318 2753 3372; x_wconf 75' lang='grc' dir='ltr'>καὶ</span> <span class='ocrx_word' id='word_1_578' title='bbox 2761 3318 3036 3389; x_wconf 85' lang='grc' dir='ltr'>γνώμονος</span> <span class='ocrx_word' id='word_1_579' title='bbox 3050 3320 3071 3351; x_wconf 80' lang='grc'>⁸</span> <span class='ocrx_word' id='word_1_580' title='bbox 3094 3318 3349 3389; x_wconf 74' lang='grc' dir='ltr'>ἐπέχουσι</span> <span class='ocrx_word' id='word_1_581' title='bbox 3371 3318 3539 3383; x_wconf 81' lang='grc' dir='ltr'>τάξιν·</span> 
     </span>
    </p>
   </div>
   <div class='ocr_carea' id='block_1_80' title="bbox 1980 3404 3545 3479">
    <p class='ocr_par' dir='ltr' id='par_1_80' title="bbox 1980 3404 3545 3479">
     <span class='ocr_line' id='line_1_80' title="bbox 1980 3404 3545 3479; baseline 0.003 -22"><span class='ocrx_word' id='word_1_582' title='bbox 1980 3404 2088 3458; x_wconf 90' lang='grc' dir='ltr'><strong>τῶν</strong></span> <span class='ocrx_word' id='word_1_583' title='bbox 2116 3404 2173 3458; x_wconf 75' lang='grc' dir='ltr'>δὲ</span> <span class='ocrx_word' id='word_1_584' title='bbox 2192 3404 2404 3468; x_wconf 87' lang='grc' dir='ltr'>τούτοις</span> <span class='ocrx_word' id='word_1_585' title='bbox 2427 3408 2725 3476; x_wconf 87' lang='grc' dir='ltr'>χρωμένων</span> <span class='ocrx_word' id='word_1_586' title='bbox 2764 3408 2813 3461; x_wconf 81' lang='grc' dir='ltr'>οἱ</span> <span class='ocrx_word' id='word_1_587' title='bbox 2844 3409 2942 3478; x_wconf 85' lang='grc' dir='ltr'>μὲν</span> <span class='ocrx_word' id='word_1_588' title='bbox 2978 3408 3175 3479; x_wconf 84' lang='grc' dir='ltr'>ἄριστα</span> <span class='ocrx_word' id='word_1_589' title='bbox 3210 3409 3304 3462; x_wconf 82' lang='grc' dir='ltr'>τὸν</span> <span class='ocrx_word' id='word_1_590' title='bbox 3348 3411 3545 3463; x_wconf 77' lang='grc' dir='ltr'>οἰκεῖον</span> 
     </span>
    </p>
   </div>
   <div class='ocr_carea' id='block_1_81' title="bbox 1979 3493 3546 3569">
    <p class='ocr_par' dir='ltr' id='par_1_81' title="bbox 1979 3493 3546 3569">
     <span class='ocr_line' id='line_1_81' title="bbox 1979 3493 3546 3569; baseline 0.003 -21"><span class='ocrx_word' id='word_1_591' title='bbox 1979 3493 2312 3549; x_wconf 88' lang='grc' dir='ltr'>διευθύνουσι</span> <span class='ocrx_word' id='word_1_592' title='bbox 2347 3495 2481 3564; x_wconf 86' lang='grc' dir='ltr'>βίον,</span> <span class='ocrx_word' id='word_1_593' title='bbox 2510 3499 2558 3550; x_wconf 79' lang='grc' dir='ltr'>οἱ</span> <span class='ocrx_word' id='word_1_594' title='bbox 2591 3497 2648 3550; x_wconf 80' lang='grc' dir='ltr'>δὲ</span> <span class='ocrx_word' id='word_1_595' title='bbox 2677 3496 2748 3551; x_wconf 89' lang='grc' dir='ltr'><strong>τά</strong></span> <span class='ocrx_word' id='word_1_596' title='bbox 2778 3500 2951 3569; x_wconf 78' lang='grc' dir='ltr'>ῥᾷστα</span> <span class='ocrx_word' id='word_1_597' title='bbox 2983 3499 3103 3553; x_wconf 80' lang='grc' dir='ltr'>ἀντὶ</span> <span class='ocrx_word' id='word_1_598' title='bbox 3123 3499 3230 3553; x_wconf 90' lang='grc' dir='ltr'><strong>τῶν</strong></span> <span class='ocrx_word' id='word_1_599' title='bbox 3258 3498 3546 3569; x_wconf 86' lang='grc' dir='ltr'>βελτίστων</span> 
     </span>
    </p>
   </div>
   <div class='ocr_carea' id='block_1_82' title="bbox 1980 3584 3545 3661">
    <p class='ocr_par' dir='ltr' id='par_1_82' title="bbox 1980 3584 3545 3661">
     <span class='ocr_line' id='line_1_82' title="bbox 1980 3584 3545 3661; baseline 0.006 -23"><span class='ocrx_word' id='word_1_600' title='bbox 1980 3584 2402 3657; x_wconf 80' lang='grc' dir='ltr'>προαιρούμενοι</span> <span class='ocrx_word' id='word_1_601' title='bbox 2427 3586 2534 3654; x_wconf 79' lang='grc' dir='ltr'><strong>ἔξω</strong></span> <span class='ocrx_word' id='word_1_602' title='bbox 2570 3587 2671 3658; x_wconf 84' lang='grc' dir='ltr'>τῆς</span> <span class='ocrx_word' id='word_1_603' title='bbox 2711 3588 2912 3643; x_wconf 90' lang='grc' dir='ltr'>τούτων</span> <span class='ocrx_word' id='word_1_604' title='bbox 2950 3590 3244 3661; x_wconf 76' lang='grc' dir='ltr'>εὐθύτητος</span> <span class='ocrx_word' id='word_1_605' title='bbox 3284 3592 3545 3660; x_wconf 84' lang='grc' dir='ltr'>βαίνουσι.</span> 
     </span>
    </p>
   </div>
   <div class='ocr_carea' id='block_1_83' title="bbox 1982 3676 3550 3753">
    <p class='ocr_par' dir='ltr' id='par_1_83' title="bbox 1982 3676 3550 3753">
     <span class='ocr_line' id='line_1_83' title="bbox 1982 3676 3550 3753; baseline 0.005 -23"><span class='ocrx_word' id='word_1_606' title='bbox 1982 3676 2271 3749; x_wconf 85' lang='grc' dir='ltr'>Τοιγάρτοι</span> <span class='ocrx_word' id='word_1_607' title='bbox 2318 3678 2561 3732; x_wconf 69' lang='grc' dir='ltr'>τούτων’</span> <span class='ocrx_word' id='word_1_608' title='bbox 2594 3679 2692 3750; x_wconf 82' lang='grc' dir='ltr'>μὲν</span> <span class='ocrx_word' id='word_1_609' title='bbox 2739 3681 3161 3753; x_wconf 82' lang='grc' dir='ltr'>κατηγορητέον,</span> <span class='ocrx_word' id='word_1_610' title='bbox 3207 3684 3334 3747; x_wconf 81' lang='grc' dir='ltr'>τοὺς</span> <span class='ocrx_word' id='word_1_611' title='bbox 3364 3684 3420 3738; x_wconf 83' lang='grc' dir='ltr'>δὲ</span> <span class='ocrx_word' id='word_1_612' title='bbox 3461 3683 3550 3737; x_wconf 85' lang='grc' dir='ltr'>νό-</span> 
     </span>
    </p>
   </div>
   <div class='ocr_carea' id='block_1_84' title="bbox 1984 3769 3551 3845">
    <p class='ocr_par' dir='ltr' id='par_1_84' title="bbox 1984 3769 3551 3845">
     <span class='ocr_line' id='line_1_84' title="bbox 1984 3769 3551 3845; baseline 0.004 -23"><span class='ocrx_word' id='word_1_613' title='bbox 1984 3786 2117 3839; x_wconf 90' lang='grc' dir='ltr'>μους</span> <span class='ocrx_word' id='word_1_614' title='bbox 2154 3770 2486 3825; x_wconf 74' lang='grc' dir='ltr'>ἐπαινετέον.</span> <span class='ocrx_word' id='word_1_615' title='bbox 2538 3769 2675 3826; x_wconf 60' lang='lat' dir='ltr'><strong>osse</strong></span> <span class='ocrx_word' id='word_1_616' title='bbox 2720 3772 2827 3843; x_wconf 93' lang='lat'><strong>7&amp;9</strong></span> <span class='ocrx_word' id='word_1_617' title='bbox 2871 3772 2925 3826; x_wconf 79' lang='lat' dir='ltr'><strong>el</strong></span> <span class='ocrx_word' id='word_1_618' title='bbox 2962 3790 3046 3837; x_wconf 90' lang='grc' dir='ltr'><strong>τις</strong></span> <span class='ocrx_word' id='word_1_619' title='bbox 3093 3774 3313 3843; x_wconf 81' lang='grc' dir='ltr'>ἀριστος</span> <span class='ocrx_word' id='word_1_620' title='bbox 3366 3775 3551 3845; x_wconf 78' lang='grc' dir='ltr'>ἰατρὸς</span> 
     </span>
    </p>
   </div>
   <div class='ocr_carea' id='block_1_85' title="bbox 1980 3858 3557 3934">
    <p class='ocr_par' dir='ltr' id='par_1_85' title="bbox 1980 3858 3557 3934">
     <span class='ocr_line' id='line_1_85' title="bbox 1980 3858 3557 3934; baseline 0.003 -22"><span class='ocrx_word' id='word_1_621' title='bbox 1980 3858 2226 3925; x_wconf 79' lang='grc' dir='ltr'>ἐπιτάξοι</span> <span class='ocrx_word' id='word_1_622' title='bbox 2264 3859 2345 3930; x_wconf 85' lang='grc' dir='ltr'>τῷ</span> <span class='ocrx_word' id='word_1_623' title='bbox 2376 3858 2638 3930; x_wconf 81' lang='grc' dir='ltr'>κάμνοντι</span> <span class='ocrx_word' id='word_1_624' title='bbox 2680 3862 2790 3915; x_wconf 90' lang='grc' dir='ltr'><strong>τῶν</strong></span> <span class='ocrx_word' id='word_1_625' title='bbox 2835 3862 2934 3933; x_wconf 84' lang='grc' dir='ltr'>μὲν</span> <span class='ocrx_word' id='word_1_626' title='bbox 2980 3863 3316 3934; x_wconf 87' lang='grc' dir='ltr'>μεταλαϐεῖν,</span> <span class='ocrx_word' id='word_1_627' title='bbox 3352 3865 3460 3918; x_wconf 90' lang='grc' dir='ltr'><strong>τῶν</strong></span> <span class='ocrx_word' id='word_1_628' title='bbox 3490 3864 3557 3917; x_wconf 71' lang='grc' dir='ltr'><strong>δι</strong></span> 
     </span>
    </p>
   </div>
   <div class='ocr_carea' id='block_1_86' title="bbox 1984 3947 3548 4026">
    <p class='ocr_par' dir='ltr' id='par_1_86' title="bbox 1984 3947 3548 4026">
     <span class='ocr_line' id='line_1_86' title="bbox 1984 3947 3548 4026; baseline -0.001 -21"><span class='ocrx_word' id='word_1_629' title='bbox 1984 3951 2058 4022; x_wconf 80' lang='grc' dir='ltr'>μὴ</span> <span class='ocrx_word' id='word_1_630' title='bbox 2105 3953 2393 4023; x_wconf 78' lang='grc' dir='ltr'>μετασχεῖν</span> <span class='ocrx_word' id='word_1_631' title='bbox 2432 3952 2731 4020; x_wconf 81' lang='grc' dir='ltr'>παντελῶς,</span> <span class='ocrx_word' id='word_1_632' title='bbox 2768 3947 2888 4007; x_wconf 75' lang='grc' dir='ltr'>εἷτα</span> <span class='ocrx_word' id='word_1_633' title='bbox 2930 3955 3156 4019; x_wconf 71' lang='grc' dir='ltr'>ἐκεῖνος,</span> <span class='ocrx_word' id='word_1_634' title='bbox 3184 3949 3344 4026; x_wconf 81' lang='grc' dir='ltr'>ἦττον</span> <span class='ocrx_word' id='word_1_635' title='bbox 3363 3955 3407 3987; x_wconf 67' lang='grc'><strong>’⁸</strong></span> <span class='ocrx_word' id='word_1_636' title='bbox 3440 3954 3548 4007; x_wconf 87' lang='grc' dir='ltr'><strong>τῶν</strong></span> 
     </span>
    </p>
   </div>
   <div class='ocr_carea' id='block_1_87' title="bbox 1983 4042 3547 4117">
    <p class='ocr_par' dir='ltr' id='par_1_87' title="bbox 1983 4042 3547 4117">
     <span class='ocr_line' id='line_1_87' title="bbox 1983 4042 3547 4117; baseline 0.003 -22"><span class='ocrx_word' id='word_1_637' title='bbox 1983 4042 2241 4114; x_wconf 76' lang='grc' dir='ltr'>ἰατρικῶν</span> <span class='ocrx_word' id='word_1_638' title='bbox 2262 4044 2554 4115; x_wconf 80' lang='grc' dir='ltr'>ὑποθηκῶν</span> <span class='ocrx_word' id='word_1_639' title='bbox 2575 4044 2885 4117; x_wconf 84' lang='grc' dir='ltr'>φροντίσας,</span> <span class='ocrx_word' id='word_1_640' title='bbox 2912 4045 3012 4115; x_wconf 81' lang='grc' dir='ltr'>τῆς</span> <span class='ocrx_word' id='word_1_641' title='bbox 3040 4045 3337 4115; x_wconf 83' lang='grc' dir='ltr'>θεραπείας</span> <span class='ocrx_word' id='word_1_642' title='bbox 3361 4062 3547 4116; x_wconf 84' lang='grc' dir='ltr'>προτι-</span> 
     </span>
    </p>
   </div>
   <div class='ocr_carea' id='block_1_88' title="bbox 1984 4135 3553 4208">
    <p class='ocr_par' dir='ltr' id='par_1_88' title="bbox 1984 4135 3553 4208">
     <span class='ocr_line' id='line_1_88' title="bbox 1984 4135 3553 4208; baseline 0.003 -21"><span class='ocrx_word' id='word_1_643' title='bbox 1984 4136 2146 4206; x_wconf 86' lang='grc' dir='ltr'>μήσοι</span> <span class='ocrx_word' id='word_1_644' title='bbox 2181 4135 2279 4206; x_wconf 81' lang='grc' dir='ltr'>τὴν</span> <span class='ocrx_word' id='word_1_645' title='bbox 2300 4135 2510 4207; x_wconf 76' lang='grc' dir='ltr'>ἡδονὴν,</span> <span class='ocrx_word' id='word_1_646' title='bbox 2537 4138 2631 4190; x_wconf 79' lang='grc' dir='ltr'>καὶ</span> <span class='ocrx_word' id='word_1_647' title='bbox 2660 4136 2730 4192; x_wconf 84' lang='grc' dir='ltr'>τὰ</span> <span class='ocrx_word' id='word_1_648' title='bbox 2752 4137 3101 4208; x_wconf 88' lang='grc' dir='ltr'>ἀπειρημένα</span> <span class='ocrx_word' id='word_1_649' title='bbox 3126 4136 3318 4206; x_wconf 86' lang='grc' dir='ltr'>φαγὼν</span> <span class='ocrx_word' id='word_1_650' title='bbox 3346 4138 3381 4207; x_wconf 77' lang='grc' dir='ltr'>ἢ</span> <span class='ocrx_word' id='word_1_651' title='bbox 3410 4136 3553 4191; x_wconf 78' lang='grc' dir='ltr'>πιὼν</span> 
     </span>
    </p>
   </div>
   <div class='ocr_carea' id='block_1_89' title="bbox 1981 4221 3553 4296">
    <p class='ocr_par' dir='ltr' id='par_1_89' title="bbox 1981 4221 3553 4296">
     <span class='ocr_line' id='line_1_89' title="bbox 1981 4221 3553 4296; baseline 0.001 -20"><span class='ocrx_word' id='word_1_652' title='bbox 1981 4221 2205 4293; x_wconf 79' lang='grc' dir='ltr'>αύξήσοι</span> <span class='ocrx_word' id='word_1_653' title='bbox 2236 4222 2335 4294; x_wconf 76' lang='grc' dir='ltr'>τὴν</span> <span class='ocrx_word' id='word_1_654' title='bbox 2367 4222 2540 4289; x_wconf 88' lang='grc' dir='ltr'>νόσον,</span> <span class='ocrx_word' id='word_1_655' title='bbox 2576 4224 2667 4277; x_wconf 83' lang='grc' dir='ltr'>τὸν</span> <span class='ocrx_word' id='word_1_656' title='bbox 2716 4224 2899 4296; x_wconf 73' lang='grc' dir='ltr'>ἰατρὸν</span> <span class='ocrx_word' id='word_1_657' title='bbox 2939 4225 3016 4287; x_wconf 85' lang='grc' dir='ltr'>ὡς</span> <span class='ocrx_word' id='word_1_658' title='bbox 3049 4224 3333 4278; x_wconf 73' lang='grc' dir='ltr'>ἐπίϐουλον</span> <span class='ocrx_word' id='word_1_659' title='bbox 3367 4224 3553 4278; x_wconf 79' lang='grc' dir='ltr'>αἰτιώ-</span> 
     </span>
    </p>
   </div>
   <div class='ocr_carea' id='block_1_90' title="bbox 310 4316 3553 4391">
    <p class='ocr_par' dir='ltr' id='par_1_90' title="bbox 310 4316 3553 4391">
     <span class='ocr_line' id='line_1_90' title="bbox 310 4316 3553 4391; baseline 0 -21"><span class='ocrx_word' id='word_1_660' title='bbox 310 4317 472 4387; x_wconf 88' lang='grc' dir='ltr'>μεθα.</span> <span class='ocrx_word' id='word_1_661' title='bbox 515 4316 611 4372; x_wconf 85' lang='grc' dir='ltr'>Ἐκ</span> <span class='ocrx_word' id='word_1_662' title='bbox 639 4320 748 4390; x_wconf 74' lang='grc' dir='ltr'><strong>γὰρ</strong></span> <span class='ocrx_word' id='word_1_663' title='bbox 776 4320 841 4391; x_wconf 82' lang='grc' dir='ltr'>δὴ</span> <span class='ocrx_word' id='word_1_664' title='bbox 873 4321 975 4389; x_wconf 79' lang='grc' dir='ltr'>τῆς</span> <span class='ocrx_word' id='word_1_665' title='bbox 1027 4318 1120 4371; x_wconf 84' lang='grc' dir='ltr'><strong>τοῦ</strong></span> <span class='ocrx_word' id='word_1_666' title='bbox 1162 4319 1460 4387; x_wconf 87' lang='grc' dir='ltr'>κάμνοντος</span> <span class='ocrx_word' id='word_1_667' title='bbox 1524 4316 1813 4386; x_wconf 87' lang='grc' dir='ltr'>ἀκρασίας,</span> <span class='ocrx_word' id='word_1_668' title='bbox 1836 4317 1937 4370; x_wconf 80' lang='grc' dir='ltr'>οὐκ</span> <span class='ocrx_word' id='word_1_669' title='bbox 1976 4318 2041 4370; x_wconf 81' lang='grc' dir='ltr'>ὲκ</span> <span class='ocrx_word' id='word_1_670' title='bbox 2084 4319 2184 4389; x_wconf 79' lang='grc' dir='ltr'>τῆς</span> <span class='ocrx_word' id='word_1_671' title='bbox 2228 4316 2323 4370; x_wconf 81' lang='grc' dir='ltr'><strong>τοῦ</strong></span> <span class='ocrx_word' id='word_1_672' title='bbox 2364 4316 2866 4387; x_wconf 85' lang='grc' dir='ltr'>συμϐουλεύσαντος</span> <span class='ocrx_word' id='word_1_673' title='bbox 2913 4316 3276 4389; x_wconf 88' lang='grc' dir='ltr'>προμηθείας,</span> <span class='ocrx_word' id='word_1_674' title='bbox 3309 4319 3343 4388; x_wconf 81' lang='grc' dir='ltr'><strong>ἡ</strong></span> <span class='ocrx_word' id='word_1_675' title='bbox 3393 4317 3553 4383; x_wconf 85' lang='grc' dir='ltr'>νόσος</span> 
     </span>
    </p>
   </div>
   <div class='ocr_carea' id='block_1_91' title="bbox 304 4408 546 4481">
    <p class='ocr_par' dir='ltr' id='par_1_91' title="bbox 304 4408 546 4481">
     <span class='ocr_line' id='line_1_91' title="bbox 304 4408 546 4481; baseline 0 -1"><span class='ocrx_word' id='word_1_676' title='bbox 304 4408 546 4481; x_wconf 75' lang='grc' dir='ltr'>ηὐξήθη-</span> 
     </span>
    </p>
   </div>
   <div class='ocr_carea' id='block_1_92' title="bbox 377 4500 1873 4572">
    <p class='ocr_par' dir='ltr' id='par_1_92' title="bbox 377 4501 1873 4572">
     <span class='ocr_line' id='line_1_92' title="bbox 377 4501 1873 4572; baseline -0.001 -16"><span class='ocrx_word' id='word_1_677' title='bbox 377 4502 504 4557; x_wconf 72' lang='lat' dir='ltr'><strong>Haec</strong></span> <span class='ocrx_word' id='word_1_678' title='bbox 541 4501 729 4572; x_wconf 89' lang='lat' dir='ltr'><strong>igitur,</strong></span> <span class='ocrx_word' id='word_1_679' title='bbox 762 4517 990 4571; x_wconf 73' lang='lat' dir='ltr'><strong>quaeque</strong></span> <span class='ocrx_word' id='word_1_680' title='bbox 1034 4511 1163 4557; x_wconf 84' lang='lat' dir='ltr'><strong>sunt</strong></span> <span class='ocrx_word' id='word_1_681' title='bbox 1195 4503 1281 4558; x_wconf 84' lang='lat' dir='ltr'><strong>his</strong></span> <span class='ocrx_word' id='word_1_682' title='bbox 1312 4503 1532 4568; x_wconf 88' lang='lat' dir='ltr'><strong>similia,</strong></span> <span class='ocrx_word' id='word_1_683' title='bbox 1578 4501 1873 4556; x_wconf 85' lang='lat' dir='ltr'><strong>ratiocina-</strong></span> 
     </span>
    </p>
   </div>
   <div class='ocr_carea' id='block_1_93' title="bbox 1977 4500 3553 4572">
    <p class='ocr_par' dir='ltr' id='par_1_93' title="bbox 2056 4500 3553 4572">
     <span class='ocr_line' id='line_1_93' title="bbox 2056 4500 3553 4572; baseline 0 -17"><span class='ocrx_word' id='word_1_684' title='bbox 2056 4500 2239 4555; x_wconf 80' lang='grc' dir='ltr'>Ταῦτα</span> <span class='ocrx_word' id='word_1_685' title='bbox 2307 4501 2487 4555; x_wconf 91' lang='grc' dir='ltr'>τοίνυν</span> <span class='ocrx_word' id='word_1_686' title='bbox 2544 4500 3010 4572; x_wconf 87' lang='grc' dir='ltr'>συλλογισάμενοι,</span> <span class='ocrx_word' id='word_1_687' title='bbox 3051 4501 3145 4555; x_wconf 67' lang='grc' dir='ltr'><strong>κα)⁵</strong></span> <span class='ocrx_word' id='word_1_688' title='bbox 3199 4500 3299 4554; x_wconf 83' lang='grc' dir='ltr'>ὃσα</span> <span class='ocrx_word' id='word_1_689' title='bbox 3341 4500 3553 4566; x_wconf 86' lang='grc' dir='ltr'>τούτοις</span> 
     </span>
    </p>
   </div>
   <div class='ocr_carea' id='block_1_94' title="bbox 308 4587 1880 4662">
    <p class='ocr_par' dir='ltr' id='par_1_94' title="bbox 308 4587 1880 4662">
     <span class='ocr_line' id='line_1_94' title="bbox 308 4587 1880 4662; baseline -0.001 -17"><span class='ocrx_word' id='word_1_690' title='bbox 308 4591 458 4646; x_wconf 88' lang='lat' dir='ltr'><strong>tione</strong></span> <span class='ocrx_word' id='word_1_691' title='bbox 477 4591 814 4662; x_wconf 86' lang='lat' dir='ltr'><strong>colligentes,</strong></span> <span class='ocrx_word' id='word_1_692' title='bbox 828 4591 1149 4645; x_wconf 86' lang='lat' dir='ltr'><strong>salutarium</strong></span> <span class='ocrx_word' id='word_1_693' title='bbox 1171 4591 1350 4662; x_wconf 91' lang='lat' dir='ltr'><strong>legum</strong></span> <span class='ocrx_word' id='word_1_694' title='bbox 1369 4591 1601 4645; x_wconf 88' lang='lat' dir='ltr'><strong>latorem</strong></span> <span class='ocrx_word' id='word_1_695' title='bbox 1622 4587 1880 4644; x_wconf 88' lang='lat' dir='ltr'><strong>laudibus</strong></span> 
     </span>
    </p>
   </div>
   <div class='ocr_carea' id='block_1_95' title="bbox 306 4681 1879 4754">
    <p class='ocr_par' dir='ltr' id='par_1_95' title="bbox 306 4681 1879 4754">
     <span class='ocr_line' id='line_1_95' title="bbox 306 4681 1879 4754; baseline -0.003 -16"><span class='ocrx_word' id='word_1_696' title='bbox 306 4683 601 4750; x_wconf 89' lang='lat' dir='ltr'><strong>celebrate,</strong></span> <span class='ocrx_word' id='word_1_697' title='bbox 631 4684 923 4754; x_wconf 88' lang='lat' dir='ltr'><strong>legumque</strong></span> <span class='ocrx_word' id='word_1_698' title='bbox 958 4681 1202 4753; x_wconf 87' lang='lat' dir='ltr'><strong>ipsarum</strong></span> <span class='ocrx_word' id='word_1_699' title='bbox 1244 4682 1589 4738; x_wconf 89' lang='lat' dir='ltr'><strong>commodam</strong></span> <span class='ocrx_word' id='word_1_700' title='bbox 1622 4681 1879 4735; x_wconf 64' lang='lat' dir='ltr'><strong>humanm</strong></span> 
     </span>
    </p>
   </div>
   <div class='ocr_carea' id='block_1_96' title="bbox 308 4770 1879 4844">
    <p class='ocr_par' dir='ltr' id='par_1_96' title="bbox 308 4770 1879 4844">
     <span class='ocr_line' id='line_1_96' title="bbox 308 4770 1879 4844; baseline -0.001 -17"><span class='ocrx_word' id='word_1_701' title='bbox 308 4773 434 4829; x_wconf 72' lang='lat' dir='ltr'><strong>vitae</strong></span> <span class='ocrx_word' id='word_1_702' title='bbox 462 4774 758 4828; x_wconf 91' lang='lat' dir='ltr'><strong>utilitatem</strong></span> <span class='ocrx_word' id='word_1_703' title='bbox 784 4773 1065 4844; x_wconf 86' lang='lat' dir='ltr'><strong>suspicite.</strong></span> <span class='ocrx_word' id='word_1_704' title='bbox 1102 4776 1178 4830; x_wconf 83' lang='lat' dir='ltr'><strong>Ac</strong></span> <span class='ocrx_word' id='word_1_705' title='bbox 1201 4774 1369 4829; x_wconf 91' lang='lat' dir='ltr'><strong>veluti</strong></span> <span class='ocrx_word' id='word_1_706' title='bbox 1397 4778 1735 4843; x_wconf 85' lang='lat' dir='ltr'><strong>spectatores</strong></span> <span class='ocrx_word' id='word_1_707' title='bbox 1758 4770 1879 4840; x_wconf 88' lang='lat' dir='ltr'><strong>qui-</strong></span> 
     </span>
    </p>
   </div>
   <div class='ocr_carea' id='block_1_97' title="bbox 308 4862 1877 4933">
    <p class='ocr_par' dir='ltr' id='par_1_97' title="bbox 308 4862 1877 4933">
     <span class='ocr_line' id='line_1_97' title="bbox 308 4862 1877 4933; baseline -0.003 -13"><span class='ocrx_word' id='word_1_708' title='bbox 308 4864 435 4920; x_wconf 90' lang='lat' dir='ltr'><strong>dam</strong></span> <span class='ocrx_word' id='word_1_709' title='bbox 481 4864 841 4920; x_wconf 87' lang='lat' dir='ltr'><strong>laudabilium</strong></span> <span class='ocrx_word' id='word_1_710' title='bbox 885 4866 1247 4921; x_wconf 85' lang='lat' dir='ltr'><strong>certaminum</strong></span> <span class='ocrx_word' id='word_1_711' title='bbox 1296 4865 1603 4931; x_wconf 89' lang='lat' dir='ltr'><strong>constituti,</strong></span> <span class='ocrx_word' id='word_1_712' title='bbox 1645 4873 1742 4920; x_wconf 89' lang='lat' dir='ltr'><strong>eos</strong></span> <span class='ocrx_word' id='word_1_713' title='bbox 1782 4862 1877 4933; x_wconf 89' lang='lat' dir='ltr'><strong>qui</strong></span> 
     </span>
    </p>
   </div>
   <div class='ocr_carea' id='block_1_98' title="bbox 306 4955 1877 5026">
    <p class='ocr_par' dir='ltr' id='par_1_98' title="bbox 306 4955 1877 5026">
     <span class='ocr_line' id='line_1_98' title="bbox 306 4955 1877 5026; baseline -0.003 -17"><span class='ocrx_word' id='word_1_714' title='bbox 306 4955 455 5024; x_wconf 89' lang='lat' dir='ltr'><strong>leges</strong></span> <span class='ocrx_word' id='word_1_715' title='bbox 481 4963 705 5009; x_wconf 88' lang='lat' dir='ltr'><strong>servant</strong></span> <span class='ocrx_word' id='word_1_716' title='bbox 726 4956 1022 5011; x_wconf 89' lang='lat' dir='ltr'><strong>celebrate.</strong></span> <span class='ocrx_word' id='word_1_717' title='bbox 1057 4955 1515 5026; x_wconf 85' lang='lat' dir='ltr'><strong>Transgressores</strong></span> <span class='ocrx_word' id='word_1_718' title='bbox 1544 4963 1731 5010; x_wconf 90' lang='lat' dir='ltr'><strong>autem</strong></span> <span class='ocrx_word' id='word_1_719' title='bbox 1763 4966 1877 5006; x_wconf 89' lang='lat' dir='ltr'><strong>non</strong></span> 
     </span>
    </p>
   </div>
   <div class='ocr_carea' id='block_1_99' title="bbox 306 5042 1875 5114">
    <p class='ocr_par' dir='ltr' id='par_1_99' title="bbox 306 5042 1875 5114">
     <span class='ocr_line' id='line_1_99' title="bbox 306 5042 1875 5114; baseline -0.001 -16"><span class='ocrx_word' id='word_1_720' title='bbox 306 5044 504 5114; x_wconf 59' lang='lat' dir='ltr'><strong>aequali</strong></span> <span class='ocrx_word' id='word_1_721' title='bbox 542 5060 735 5102; x_wconf 90' lang='lat' dir='ltr'><strong>omnes</strong></span> <span class='ocrx_word' id='word_1_722' title='bbox 757 5046 967 5101; x_wconf 84' lang='lat' dir='ltr'><strong>calculo</strong></span> <span class='ocrx_word' id='word_1_723' title='bbox 989 5046 1353 5101; x_wconf 83' lang='lat' dir='ltr'><strong>condemnate</strong></span> <span class='ocrx_word' id='word_1_724' title='bbox 1386 5062 1399 5099; x_wconf 90' lang='lat'><strong>:</strong></span> <span class='ocrx_word' id='word_1_725' title='bbox 1430 5042 1875 5114; x_wconf 87' lang='lat' dir='ltr'><strong>quandoquidem</strong></span> 
     </span>
    </p>
   </div>
   <div class='ocr_carea' id='block_1_100' title="bbox 308 5132 1871 5207">
    <p class='ocr_par' dir='ltr' id='par_1_100' title="bbox 308 5132 1871 5207">
     <span class='ocr_line' id='line_1_100' title="bbox 308 5132 1871 5207; baseline -0.001 -16"><span class='ocrx_word' id='word_1_726' title='bbox 308 5150 420 5193; x_wconf 89' lang='lat' dir='ltr'><strong>non</strong></span> <span class='ocrx_word' id='word_1_727' title='bbox 444 5137 642 5207; x_wconf 68' lang='lat' dir='ltr'><strong>aequali</strong></span> <span class='ocrx_word' id='word_1_728' title='bbox 680 5152 874 5193; x_wconf 91' lang='lat' dir='ltr'><strong>omnes</strong></span> <span class='ocrx_word' id='word_1_729' title='bbox 905 5136 1134 5192; x_wconf 87' lang='lat' dir='ltr'><strong>consilio</strong></span> <span class='ocrx_word' id='word_1_730' title='bbox 1162 5136 1666 5206; x_wconf 85' lang='lat' dir='ltr'><strong>transgrediuntur.</strong></span> <span class='ocrx_word' id='word_1_731' title='bbox 1702 5132 1871 5190; x_wconf 84' lang='lat' dir='ltr'><strong>Multa</strong></span> 
     </span>
    </p>
   </div>
   <div class='ocr_carea' id='block_1_101' title="bbox 1981 4591 3552 4663">
    <p class='ocr_par' dir='ltr' id='par_1_101' title="bbox 1981 4591 3552 4663">
     <span class='ocr_line' id='line_1_101' title="bbox 1981 4591 3552 4663; baseline 0 -18"><span class='ocrx_word' id='word_1_732' title='bbox 1981 4591 2302 4663; x_wconf 85' lang='grc' dir='ltr'>προσόμοια,</span> <span class='ocrx_word' id='word_1_733' title='bbox 2339 4592 2434 4645; x_wconf 82' lang='grc' dir='ltr'>τὸν</span> <span class='ocrx_word' id='word_1_734' title='bbox 2471 4592 2570 4662; x_wconf 78' lang='grc' dir='ltr'>μὲν</span> <span class='ocrx_word' id='word_1_735' title='bbox 2618 4592 2727 4646; x_wconf 88' lang='grc' dir='ltr'><strong>τῶν</strong></span> <span class='ocrx_word' id='word_1_736' title='bbox 2779 4591 3063 4662; x_wconf 87' lang='grc' dir='ltr'>σωτηρίων</span> <span class='ocrx_word' id='word_1_737' title='bbox 3100 4591 3281 4663; x_wconf 88' lang='grc' dir='ltr'>νόμων</span> <span class='ocrx_word' id='word_1_738' title='bbox 3323 4593 3552 4663; x_wconf 83' lang='grc' dir='ltr'>νομοθέ-</span> 
     </span>
    </p>
   </div>
   <div class='ocr_carea' id='block_1_102' title="bbox 1977 4678 3552 4751">
    <p class='ocr_par' dir='ltr' id='par_1_102' title="bbox 1977 4678 3552 4751">
     <span class='ocr_line' id='line_1_102' title="bbox 1977 4678 3552 4751; baseline -0.001 -17"><span class='ocrx_word' id='word_1_739' title='bbox 1977 4696 2078 4750; x_wconf 88' lang='grc' dir='ltr'><strong>την</strong></span> <span class='ocrx_word' id='word_1_740' title='bbox 2104 4681 2145 4712; x_wconf 81' lang='grc'>¹¹</span> <span class='ocrx_word' id='word_1_741' title='bbox 2199 4680 2498 4751; x_wconf 78' lang='grc' dir='ltr'>ὑμνήσατε,</span> <span class='ocrx_word' id='word_1_742' title='bbox 2534 4679 2712 4734; x_wconf 77' lang='grc' dir='ltr'>αὐτῶν</span> <span class='ocrx_word' id='word_1_743' title='bbox 2749 4680 2804 4734; x_wconf 79' lang='grc' dir='ltr'>δὲ</span> <span class='ocrx_word' id='word_1_744' title='bbox 2854 4678 2962 4734; x_wconf 90' lang='grc' dir='ltr'><strong>τῶν</strong></span> <span class='ocrx_word' id='word_1_745' title='bbox 3002 4680 3183 4751; x_wconf 88' lang='grc' dir='ltr'>νόμων</span> <span class='ocrx_word' id='word_1_746' title='bbox 3234 4680 3552 4751; x_wconf 83' lang='grc' dir='ltr'>θαυμάσατε</span> 
     </span>
    </p>
   </div>
   <div class='ocr_carea' id='block_1_103' title="bbox 1980 4766 3554 4842">
    <p class='ocr_par' dir='ltr' id='par_1_103' title="bbox 1980 4766 3554 4842">
     <span class='ocr_line' id='line_1_103' title="bbox 1980 4766 3554 4842; baseline -0.001 -16"><span class='ocrx_word' id='word_1_747' title='bbox 1980 4773 2040 4826; x_wconf 86' lang='grc' dir='ltr'>τὸ</span> <span class='ocrx_word' id='word_1_748' title='bbox 2067 4771 2327 4841; x_wconf 78' lang='grc' dir='ltr'>βιωφελὲς</span> <span class='ocrx_word' id='word_1_749' title='bbox 2344 4772 2438 4825; x_wconf 69' lang='grc' dir='ltr'>καὶ</span> <span class='ocrx_word' id='word_1_750' title='bbox 2462 4772 2723 4842; x_wconf 84' lang='grc' dir='ltr'>ὀνήσιμον</span> <span class='ocrx_word' id='word_1_751' title='bbox 2751 4789 2764 4801; x_wconf 88' lang='grc'><strong>·</strong></span> <span class='ocrx_word' id='word_1_752' title='bbox 2791 4772 2886 4825; x_wconf 78' lang='grc' dir='ltr'>καὶ</span> <span class='ocrx_word' id='word_1_753' title='bbox 2908 4766 3021 4824; x_wconf 77' lang='grc' dir='ltr'>οἷον</span> <span class='ocrx_word' id='word_1_754' title='bbox 3050 4770 3244 4842; x_wconf 81' lang='grc' dir='ltr'>θεωροί</span> <span class='ocrx_word' id='word_1_755' title='bbox 3276 4789 3416 4837; x_wconf 81' lang='grc' dir='ltr'>τινες</span> <span class='ocrx_word' id='word_1_756' title='bbox 3441 4772 3554 4824; x_wconf 83' lang='grc' dir='ltr'><strong>τῶν</strong></span> 
     </span>
    </p>
   </div>
   <div class='ocr_carea' id='block_1_104' title="bbox 1982 4854 3553 4934">
    <p class='ocr_par' dir='ltr' id='par_1_104' title="bbox 1982 4854 3553 4934">
     <span class='ocr_line' id='line_1_104' title="bbox 1982 4854 3553 4934; baseline 0 -18"><span class='ocrx_word' id='word_1_757' title='bbox 1982 4862 2309 4928; x_wconf 80' lang='grc' dir='ltr'>ἀξιεπαίνων</span> <span class='ocrx_word' id='word_1_758' title='bbox 2328 4862 2552 4931; x_wconf 85' lang='grc' dir='ltr'>ἀγώνων</span> <span class='ocrx_word' id='word_1_759' title='bbox 2572 4863 2902 4934; x_wconf 88' lang='grc' dir='ltr'>γιγνόμενοι,</span> <span class='ocrx_word' id='word_1_760' title='bbox 2928 4864 3054 4926; x_wconf 82' lang='grc' dir='ltr'>τοὺς</span> <span class='ocrx_word' id='word_1_761' title='bbox 3080 4863 3176 4933; x_wconf 85' lang='grc' dir='ltr'>μὲν</span> <span class='ocrx_word' id='word_1_762' title='bbox 3197 4854 3395 4925; x_wconf 77' lang='grc' dir='ltr'>τούτων</span> <span class='ocrx_word' id='word_1_763' title='bbox 3414 4864 3553 4917; x_wconf 83' lang='grc' dir='ltr'>ἀνα-</span> 
     </span>
    </p>
   </div>
   <div class='ocr_carea' id='block_1_105' title="bbox 1984 4950 3556 5023">
    <p class='ocr_par' dir='ltr' id='par_1_105' title="bbox 1984 4950 3556 5023">
     <span class='ocr_line' id='line_1_105' title="bbox 1984 4950 3556 5023; baseline 0.001 -20"><span class='ocrx_word' id='word_1_764' title='bbox 1984 4950 2256 5022; x_wconf 79' lang='grc' dir='ltr'>κηρύξατε</span> <span class='ocrx_word' id='word_1_765' title='bbox 2284 4951 2550 5020; x_wconf 86' lang='grc' dir='ltr'>φύλακας,</span> <span class='ocrx_word' id='word_1_766' title='bbox 2584 4950 2726 5004; x_wconf 89' lang='grc' dir='ltr'><strong>κατά</strong></span> <span class='ocrx_word' id='word_1_767' title='bbox 2752 4950 2810 5003; x_wconf 66' lang='grc' dir='ltr'>δὲ</span> <span class='ocrx_word' id='word_1_768' title='bbox 2838 4950 2946 5004; x_wconf 89' lang='grc' dir='ltr'><strong>τῶν</strong></span> <span class='ocrx_word' id='word_1_769' title='bbox 2976 4951 3442 5023; x_wconf 87' lang='grc' dir='ltr'>παραϐεϐηκότων</span> <span class='ocrx_word' id='word_1_770' title='bbox 3474 4950 3556 5021; x_wconf 77' lang='grc' dir='ltr'><strong>μὴ</strong></span> 
     </span>
    </p>
   </div>
   <div class='ocr_carea' id='block_1_106' title="bbox 1981 5030 3557 5113">
    <p class='ocr_par' dir='ltr' id='par_1_106' title="bbox 1981 5030 3557 5113">
     <span class='ocr_line' id='line_1_106' title="bbox 1981 5030 3557 5113; baseline -0.001 -17"><span class='ocrx_word' id='word_1_771' title='bbox 1981 5030 2081 5113; x_wconf 73' lang='grc' dir='ltr'>τὴν</span> <span class='ocrx_word' id='word_1_772' title='bbox 2109 5042 2231 5113; x_wconf 84' lang='grc' dir='ltr'>ῐσην</span> <span class='ocrx_word' id='word_1_773' title='bbox 2262 5042 2583 5113; x_wconf 72' lang='grc' dir='ltr'>ἐξενέγκητε</span> <span class='ocrx_word' id='word_1_774' title='bbox 2604 5042 2648 5073; x_wconf 78' lang='grc'>³³</span> <span class='ocrx_word' id='word_1_775' title='bbox 2674 5041 2874 5112; x_wconf 78' lang='grc' dir='ltr'>ψῆφον.</span> <span class='ocrx_word' id='word_1_776' title='bbox 2904 5042 2978 5095; x_wconf 66' lang='lat' dir='ltr'><strong>Od</strong></span> <span class='ocrx_word' id='word_1_777' title='bbox 3001 5042 3110 5113; x_wconf 90' lang='lat'><strong>7&amp;9</strong></span> <span class='ocrx_word' id='word_1_778' title='bbox 3133 5043 3237 5113; x_wconf 84' lang='grc' dir='ltr'><strong>ίσῳ</strong></span> <span class='ocrx_word' id='word_1_779' title='bbox 3271 5060 3333 5110; x_wconf 87' lang='grc' dir='ltr'><strong>γε</strong></span> <span class='ocrx_word' id='word_1_780' title='bbox 3364 5043 3557 5110; x_wconf 78' lang='grc' dir='ltr'>σκοπῷ</span> 
     </span>
    </p>
   </div>
   <div class='ocr_carea' id='block_1_107' title="bbox 1982 5133 3553 5206">
    <p class='ocr_par' dir='ltr' id='par_1_107' title="bbox 1982 5133 3553 5206">
     <span class='ocr_line' id='line_1_107' title="bbox 1982 5133 3553 5206; baseline -0.001 -19"><span class='ocrx_word' id='word_1_781' title='bbox 1982 5133 2410 5205; x_wconf 87' lang='grc' dir='ltr'>παραϐαίνουσιν</span> <span class='ocrx_word' id='word_1_782' title='bbox 2451 5134 2708 5198; x_wconf 72' lang='grc' dir='ltr'>ἅπαντες.</span> <span class='ocrx_word' id='word_1_783' title='bbox 2754 5133 2931 5187; x_wconf 89' lang='grc' dir='ltr'>Πολλά</span> <span class='ocrx_word' id='word_1_784' title='bbox 2982 5134 3089 5206; x_wconf 84' lang='grc' dir='ltr'>γὰρ</span> <span class='ocrx_word' id='word_1_785' title='bbox 3138 5134 3202 5205; x_wconf 84' lang='grc' dir='ltr'>δὴ</span> <span class='ocrx_word' id='word_1_786' title='bbox 3252 5135 3347 5189; x_wconf 77' lang='grc' dir='ltr'>καὶ</span> <span class='ocrx_word' id='word_1_787' title='bbox 3401 5136 3553 5203; x_wconf 82' lang='grc' dir='ltr'><strong>παρά</strong></span> 
     </span>
    </p>
   </div>
   <div class='ocr_carea' id='block_1_108' title="bbox 1585 5288 2269 5347">
    <p class='ocr_par' dir='ltr' id='par_1_108' title="bbox 1585 5288 2269 5347">
     <span class='ocr_line' id='line_1_108' title="bbox 1585 5288 2269 5347; baseline -0.003 0"><span class='ocrx_word' id='word_1_788' title='bbox 1585 5288 1826 5347; x_wconf 64' lang='lat' dir='ltr'><strong>VARUS</strong></span> <span class='ocrx_word' id='word_1_789' title='bbox 1866 5288 2269 5346; x_wconf 82' lang='lat' dir='ltr'><strong>LECTIONES.</strong></span> 
     </span>
    </p>
   </div>
   <div class='ocr_carea' id='block_1_109' title="bbox 375 5404 3554 5490">
    <p class='ocr_par' dir='ltr' id='par_1_109' title="bbox 375 5404 3554 5490">
     <span class='ocr_line' id='line_1_109' title="bbox 375 5404 3554 5490; baseline -0.001 -29"><span class='ocrx_word' id='word_1_790' title='bbox 375 5406 535 5490; x_wconf 42' lang='lat'><strong>&quot;&quot;5137</strong></span> <span class='ocrx_word' id='word_1_791' title='bbox 556 5407 687 5490; x_wconf 73' lang='grc' dir='ltr'>τῶν.</span> <span class='ocrx_word' id='word_1_792' title='bbox 731 5406 817 5490; x_wconf 50' lang='grc' dir='ltr'><strong>,μῂ</strong></span> <span class='ocrx_word' id='word_1_793' title='bbox 874 5422 985 5490; x_wconf 83' lang='lat' dir='ltr'><strong>om.</strong></span> <span class='ocrx_word' id='word_1_794' title='bbox 1011 5404 1093 5490; x_wconf 44' lang='lat' dir='ltr'><strong>AC.</strong></span> <span class='ocrx_word' id='word_1_795' title='bbox 1169 5406 1597 5490; x_wconf 50' lang='grc' dir='ltr'>ξάκρίϐοξντςς.</span> <span class='ocrx_word' id='word_1_796' title='bbox 1651 5405 1943 5490; x_wconf 65' lang='grc' dir='ltr'>ἀκριϐότας</span> <span class='ocrx_word' id='word_1_797' title='bbox 1984 5404 2054 5468; x_wconf 74' lang='grc' dir='ltr'>γ,</span> <span class='ocrx_word' id='word_1_798' title='bbox 2091 5418 2233 5490; x_wconf 47' lang='lat' dir='ltr'><strong>cum.</strong></span> <span class='ocrx_word' id='word_1_799' title='bbox 2279 5404 2655 5490; x_wconf 41' lang='lat' dir='ltr'><strong>ﬂXprtﬁuitvtét‘g;</strong></span> <span class='ocrx_word' id='word_1_800' title='bbox 2707 5421 2808 5490; x_wconf 70' lang='lat' dir='ltr'><strong>pro</strong></span> <span class='ocrx_word' id='word_1_801' title='bbox 2839 5408 2989 5490; x_wconf 42' lang='lat' dir='ltr'><strong>.conj.</strong></span> <span class='ocrx_word' id='word_1_802' title='bbox 3028 5407 3100 5490; x_wconf 48' lang='lat' dir='ltr'><strong>&#39;in</strong></span> <span class='ocrx_word' id='word_1_803' title='bbox 3148 5422 3322 5490; x_wconf 73' lang='lat' dir='ltr'><strong>marg.</strong></span> <span class='ocrx_word' id='word_1_804' title='bbox 3362 5405 3554 5490; x_wconf 52' lang='lat' dir='ltr'><strong>poscit)</strong></span> 
     </span>
    </p>
   </div>
   <div class='ocr_carea' id='block_1_110' title="bbox 310 5475 1586 5548">
    <p class='ocr_par' dir='ltr' id='par_1_110' title="bbox 310 5475 1586 5548">
     <span class='ocr_line' id='line_1_110' title="bbox 310 5475 1586 5548; baseline 0.002 -17"><span class='ocrx_word' id='word_1_805' title='bbox 310 5487 381 5548; x_wconf 62' lang='lat' dir='ltr'><strong>{in</strong></span> <span class='ocrx_word' id='word_1_806' title='bbox 413 5475 622 5548; x_wconf 78' lang='lat' dir='ltr'><strong>Ursini.</strong></span> <span class='ocrx_word' id='word_1_807' title='bbox 731 5476 752 5507; x_wconf 82' lang='lat'>&#39;</span> <span class='ocrx_word' id='word_1_808' title='bbox 776 5475 1113 5548; x_wconf 58' lang='lat' dir='ltr'><strong>dvexoueOaj</strong></span> <span class='ocrx_word' id='word_1_809' title='bbox 1172 5475 1494 5547; x_wconf 86' lang='grc' dir='ltr'>ἀνεχώμεθα</span> <span class='ocrx_word' id='word_1_810' title='bbox 1522 5476 1586 5533; x_wconf 88' lang='lat' dir='ltr'><strong>D.</strong></span> 
     </span>
    </p>
   </div>
   <div class='ocr_carea' id='block_1_111' title="bbox 1700 5477 1997 5544">
    <p class='ocr_par' dir='ltr' id='par_1_111' title="bbox 1700 5477 1997 5544">
     <span class='ocr_line' id='line_1_111' title="bbox 1700 5477 1997 5544; baseline 0 -16"><span class='ocrx_word' id='word_1_811' title='bbox 1700 5477 1721 5508; x_wconf 86' lang='grc'><strong><em>³</em></strong></span> <span class='ocrx_word' id='word_1_812' title='bbox 1748 5477 1997 5544; x_wconf 83' lang='grc' dir='ltr'>ὀπτικήν.</span> 
     </span>
    </p>
   </div>
   <div class='ocr_carea' id='block_1_112' title="bbox 2056 5473 3549 5543">
    <p class='ocr_par' dir='ltr' id='par_1_112' title="bbox 2056 5473 3549 5543">
     <span class='ocr_line' id='line_1_112' title="bbox 2056 5473 3549 5543; baseline 0 -16"><span class='ocrx_word' id='word_1_813' title='bbox 2056 5474 2154 5543; x_wconf 79' lang='grc' dir='ltr'>τὴν</span> <span class='ocrx_word' id='word_1_814' title='bbox 2210 5473 2436 5543; x_wconf 50' lang='grc' dir='ltr'>ὀπτρϐ.</span> <span class='ocrx_word' id='word_1_815' title='bbox 2474 5475 2539 5539; x_wconf 84' lang='lat' dir='ltr'><strong>V,</strong></span> <span class='ocrx_word' id='word_1_816' title='bbox 2578 5475 2641 5529; x_wconf 90' lang='lat' dir='ltr'><strong>D.</strong></span> <span class='ocrx_word' id='word_1_817' title='bbox 2710 5473 2724 5475; x_wconf 59' lang='grc'>⁷</span> <span class='ocrx_word' id='word_1_818' title='bbox 2753 5475 2860 5529; x_wconf 73' lang='grc' dir='ltr'>δού</span> <span class='ocrx_word' id='word_1_819' title='bbox 2908 5473 3068 5529; x_wconf 78' lang='grc' dir='ltr'>κατά.</span> <span class='ocrx_word' id='word_1_820' title='bbox 3114 5477 3175 5528; x_wconf 80' lang='grc' dir='ltr'><strong>ού</strong></span> <span class='ocrx_word' id='word_1_821' title='bbox 3206 5473 3316 5531; x_wconf 76' lang='lat' dir='ltr'><strong>oui.</strong></span> <span class='ocrx_word' id='word_1_822' title='bbox 3365 5475 3428 5534; x_wconf 88' lang='lat' dir='ltr'><strong>C.</strong></span> <span class='ocrx_word' id='word_1_823' title='bbox 3485 5475 3549 5528; x_wconf 89' lang='lat' dir='ltr'><strong>D.</strong></span> 
     </span>
    </p>
   </div>
   <div class='ocr_carea' id='block_1_113' title="bbox 310 5541 3552 5618">
    <p class='ocr_par' dir='ltr' id='par_1_113' title="bbox 310 5541 3552 5618">
     <span class='ocr_line' id='line_1_113' title="bbox 310 5541 3552 5618; baseline -0.001 -17"><span class='ocrx_word' id='word_1_824' title='bbox 310 5541 337 5618; x_wconf 67' lang='grc' dir='ltr'><strong>ξ</strong></span> <span class='ocrx_word' id='word_1_825' title='bbox 362 5546 705 5618; x_wconf 66' lang='grc' dir='ltr'>παραλόγως.</span> <span class='ocrx_word' id='word_1_826' title='bbox 731 5541 1058 5618; x_wconf 71' lang='grc' dir='ltr'>παραλογων</span> <span class='ocrx_word' id='word_1_827' title='bbox 1094 5546 1184 5618; x_wconf 58' lang='grc' dir='ltr'>(ον</span> <span class='ocrx_word' id='word_1_828' title='bbox 1199 5541 1304 5610; x_wconf 69' lang='grc' dir='ltr'><strong>εις</strong></span> <span class='ocrx_word' id='word_1_829' title='bbox 1325 5541 1601 5618; x_wconf 78' lang='lat' dir='ltr'><strong>suprascr.</strong></span> <span class='ocrx_word' id='word_1_830' title='bbox 1631 5554 1691 5601; x_wconf 92' lang='lat' dir='ltr'><strong>ut</strong></span> <span class='ocrx_word' id='word_1_831' title='bbox 1734 5545 1864 5600; x_wconf 83' lang='lat' dir='ltr'><strong>ﬁant</strong></span> <span class='ocrx_word' id='word_1_832' title='bbox 1884 5541 2314 5618; x_wconf 39' lang='lat' dir='ltr'><strong>magilojovgg)</strong></span> <span class='ocrx_word' id='word_1_833' title='bbox 2345 5544 2407 5597; x_wconf 93' lang='lat' dir='ltr'><strong>D.</strong></span> <span class='ocrx_word' id='word_1_834' title='bbox 2445 5612 2456 5618; x_wconf 85' lang='lat'><em>_</em></span> <span class='ocrx_word' id='word_1_835' title='bbox 2472 5544 2500 5618; x_wconf 62' lang='grc' dir='ltr'><strong>ξ</strong></span> <span class='ocrx_word' id='word_1_836' title='bbox 2535 5545 2652 5618; x_wconf 76' lang='grc' dir='ltr'>τήν.</span> <span class='ocrx_word' id='word_1_837' title='bbox 2678 5545 2790 5618; x_wconf 19' lang='grc' dir='ltr'>*τῶν</span> <span class='ocrx_word' id='word_1_838' title='bbox 2823 5545 2970 5618; x_wconf 47' lang='lat' dir='ltr'><strong>Silb.</strong></span> <span class='ocrx_word' id='word_1_839' title='bbox 2996 5546 3117 5618; x_wconf 77' lang='lat' dir='ltr'><strong>Mox</strong></span> <span class='ocrx_word' id='word_1_840' title='bbox 3149 5545 3215 5618; x_wconf 76' lang='grc' dir='ltr'><strong>τά</strong></span> <span class='ocrx_word' id='word_1_841' title='bbox 3248 5560 3356 5599; x_wconf 92' lang='lat' dir='ltr'><strong>om.</strong></span> <span class='ocrx_word' id='word_1_842' title='bbox 3384 5545 3552 5618; x_wconf 78' lang='lat' dir='ltr'><strong>Sirm.</strong></span> 
     </span>
    </p>
   </div>
   <div class='ocr_carea' id='block_1_114' title="bbox 313 5608 1218 5737">
    <p class='ocr_par' dir='ltr' id='par_1_114' title="bbox 313 5608 1218 5737">
     <span class='ocr_line' id='line_1_114' title="bbox 313 5608 1218 5737; baseline 0 0"><span class='ocrx_word' id='word_1_843' title='bbox 313 5608 415 5737; x_wconf 63' lang='grc' dir='ltr'><strong>ιι</strong></span> <span class='ocrx_word' id='word_1_844' title='bbox 430 5612 1131 5737; x_wconf 35' lang='lat' dir='ltr'><strong>assesasses;</strong></span> <span class='ocrx_word' id='word_1_845' title='bbox 1155 5614 1218 5737; x_wconf 71' lang='lat'><strong>3:</strong></span> 
     </span>
    </p>
   </div>
   <div class='ocr_carea' id='block_1_115' title="bbox 314 5678 926 5754">
    <p class='ocr_par' dir='ltr' id='par_1_115' title="bbox 314 5678 926 5754">
     <span class='ocr_line' id='line_1_115' title="bbox 314 5678 926 5754; baseline 0.007 -22"><span class='ocrx_word' id='word_1_846' title='bbox 314 5678 415 5751; x_wconf 76' lang='grc' dir='ltr'>μὲν</span> <span class='ocrx_word' id='word_1_847' title='bbox 442 5678 502 5745; x_wconf 87' lang='lat' dir='ltr'><strong>C,</strong></span> <span class='ocrx_word' id='word_1_848' title='bbox 534 5678 596 5735; x_wconf 77' lang='grc' dir='ltr'>Β.</span> <span class='ocrx_word' id='word_1_849' title='bbox 686 5684 730 5716; x_wconf 77' lang='grc' dir='ltr'><strong>⁸ο</strong></span> <span class='ocrx_word' id='word_1_850' title='bbox 752 5678 926 5754; x_wconf 78' lang='grc' dir='ltr'>ἧττον.</span> 
     </span>
    </p>
   </div>
   <div class='ocr_carea' id='block_1_116' title="bbox 1330 5611 2937 5686">
    <p class='ocr_par' dir='ltr' id='par_1_116' title="bbox 1330 5611 2937 5686">
     <span class='ocr_line' id='line_1_116' title="bbox 1330 5611 2937 5686; baseline -0.001 -18"><span class='ocrx_word' id='word_1_851' title='bbox 1330 5615 1353 5648; x_wconf 79' lang='grc'>⁸</span> <span class='ocrx_word' id='word_1_852' title='bbox 1388 5611 1685 5686; x_wconf 67' lang='grc' dir='ltr'>γνώμονος.</span> <span class='ocrx_word' id='word_1_853' title='bbox 1723 5611 2067 5686; x_wconf 69' lang='grc' dir='ltr'>ἡγεμόνοςν</span> <span class='ocrx_word' id='word_1_854' title='bbox 2214 5611 2549 5686; x_wconf 30' lang='grc' dir='ltr'>Τυηιμτάξιν</span> <span class='ocrx_word' id='word_1_855' title='bbox 2588 5611 2937 5686; x_wconf 50' lang='grc' dir='ltr'>’ἐπέχουσιίῐλ</span> 
     </span>
    </p>
   </div>
   <div class='ocr_carea' id='block_1_117' title="bbox 1038 5682 3344 5756">
    <p class='ocr_par' dir='ltr' id='par_1_117' title="bbox 1038 5682 3344 5756">
     <span class='ocr_line' id='line_1_117' title="bbox 1038 5682 3344 5756; baseline 0.001 -20"><span class='ocrx_word' id='word_1_856' title='bbox 1038 5682 1131 5751; x_wconf 83' lang='grc' dir='ltr'><strong>γον</strong></span> <span class='ocrx_word' id='word_1_857' title='bbox 1156 5685 1218 5740; x_wconf 87' lang='lat' dir='ltr'><strong>D.</strong></span> <span class='ocrx_word' id='word_1_858' title='bbox 1296 5686 1337 5715; x_wconf 85' lang='lat'>“</span> <span class='ocrx_word' id='word_1_859' title='bbox 1366 5682 1658 5756; x_wconf 81' lang='grc' dir='ltr'>νομοθέτην</span> <span class='ocrx_word' id='word_1_860' title='bbox 1680 5682 1940 5756; x_wconf 64' lang='grc' dir='ltr'>-ἔνόμων</span> <span class='ocrx_word' id='word_1_861' title='bbox 1971 5696 2080 5737; x_wconf 90' lang='lat' dir='ltr'><strong>om.</strong></span> <span class='ocrx_word' id='word_1_862' title='bbox 2105 5682 2165 5739; x_wconf 90' lang='lat' dir='ltr'><strong>C.</strong></span> <span class='ocrx_word' id='word_1_863' title='bbox 2244 5683 2297 5752; x_wconf 11' lang='lat'><strong>7&quot;</strong></span> <span class='ocrx_word' id='word_1_864' title='bbox 2324 5683 2642 5753; x_wconf 83' lang='grc' dir='ltr'>ἐξενέγκητε</span> <span class='ocrx_word' id='word_1_865' title='bbox 2664 5682 3057 5749; x_wconf 73' lang='grc' dir='ltr'>σ’ἐξενέγκατε.</span> <span class='ocrx_word' id='word_1_866' title='bbox 3090 5683 3154 5746; x_wconf 87' lang='lat' dir='ltr'><strong>C.</strong></span> <span class='ocrx_word' id='word_1_867' title='bbox 3181 5684 3243 5740; x_wconf 85' lang='lat' dir='ltr'><strong>V.</strong></span> <span class='ocrx_word' id='word_1_868' title='bbox 3279 5683 3344 5739; x_wconf 89' lang='lat' dir='ltr'><strong>D.</strong></span> 
     </span>
    </p>
   </div>
   <div class='ocr_carea' id='block_1_118' title="bbox 3049 5613 3554 5669">
    <p class='ocr_par' dir='ltr' id='par_1_118' title="bbox 3049 5613 3554 5669">
     <span class='ocr_line' id='line_1_118' title="bbox 3049 5613 3554 5669; baseline -0.006 -2"><span class='ocrx_word' id='word_1_869' title='bbox 3049 5616 3069 5646; x_wconf 86' lang='lat'><strong>’</strong></span> <span class='ocrx_word' id='word_1_870' title='bbox 3099 5615 3323 5669; x_wconf 87' lang='grc' dir='ltr'>τούτων.</span> <span class='ocrx_word' id='word_1_871' title='bbox 3348 5613 3554 5666; x_wconf 85' lang='grc' dir='ltr'>τούτων</span> 
     </span>
    </p>
   </div>
  </div>
