3924 6192
345 360 489 432 1149

890 363 1328 426 ῧΒιΈΟΑΒΠΜ
1363 359 1666 421 AFFECT.
1707 353 2276 419 CURATIO.—XII.
2317 351 2416 413 DE
2455 343 2788 409 VIRTUTE
2823 336 3109 399 ACTIVA.

3466 321 3602 386 1150

344 481 577 552 γνώμην
615 477 1040 552 πλημμελοῦμεν
1072 479 1120 530 οί
1151 475 1427 546 ἄνθρωποι
1449 488 1463 503 ’
1500 473 1593 527 καὶ
1631 471 1806 525 ταῦτα
1831 468 1924 521 καὶ

2054 467 2172 522 ςηίω
2198 473 2398 536 praeter
2421 459 2590 517 animi
2617 464 2838 527 quoque
2861 444 3190 506 sententiam
3217 437 3476 495 mortales
3499 447 3604 490 nos

2617 550 2629 552 -
2777 545 2789 552 .
2975 539 2987 550 .
3143 530 3408 552 ____,,‘_.
3451 527 3576 552 ,__m

347 527 507 626 όιὺτόί
534 527 606 640 ⁸γε
650 527 910 640 οίπὲμοι
943 527 1205 622 ⁶κοιλούνσιν
1229 527 1498 620 ἑκούσια.
1552 562 1813 647 Καληγὰρ
1859 559 1925 629 δὴ

2054 527 2326 613 ieccaintts
2359 573 2372 608 :
2405 562 2570 621 atque
2617 550 2735 602 haec
2777 545 2926 612 leges
2973 539 3106 607 ipsa:
3138 530 3416 602 appellant
3451 527 3606 581 invo.

345 663 491 717 κατὰ
525 619 692 725 κυνός
717 619 827 726 ne:
875 662 908 733 ἢ
938 662 1095 716 ἄλλου
1121 679 1213 715 του
1231 663 1278 694 ¹³
1301 661 1447 715 λίθον
1489 619 1799 722 auom-leae;
1833 619 1926 707 τού

2056 647 2293 702 untaria.
2328 643 2542 699 Etenim
2593 641 2649 693 in
2685 649 2876 691 canem
2915 628 3188 700 quispiam
3222 625 3237 642 '
3268 629 3364 676 aut
3397 619 3454 672 in
3487 630 3604 672 rem

2896 724 2910 733 -
3099 719 3132 733 ο-
3173 732 3178 733 γ
3220 727 3376 733 __-_-
3435 718 3484 733 Α.
3508 708 3580 733 ι.Α

349 753 452 822 μὲν
473 752 802 822 διήμαρτεν,
830 752 1115 824 ἄνθρωπον
1133 753 1186 806 δὲ
1211 752 1523 805 κατέκτεινε
1544 768 1558 782 ο
1576 749 1800 802 τοιαῦτα
1820 747 1930 816 γὰρ

342 841 410 910 δὴ
444 841 601 911 πάθη
638 844 736 896 καὶ
771 843 1053 912 Ἡρόδοτος
1080 841 1213 913 ᾄδει.
1257 841 1523 903 Πολλάκις
1555 839 1612 892 δέ
1639 855 1723 900 τις
1768 837 1930 890 πέλε-

345 949 449 984 κυν
474 931 520 963 ίδ
549 931 694 1002 ἔχων
729 935 824 987 καὶ
853 932 984 998 ξύλα
1022 932 1236 1003 τέμνων
1273 933 1415 986 κατὰ
1462 948 1606 994 τινος
1644 928 1931 1000 παριόντος

343 1020 501 1076 ἄκων
527 1023 784 1093 ἠκόντισε
825 1023 886 1076 τὸ
927 1023 1184 1094 σιδήριον.
1226 1023 1452 1084 Τούτοις
1482 1023 1577 1075 καὶ
1612 1023 1724 1083 τοῖς
1761 1017 1934 1073 τοιού-

341 1131 488 1178 τοις,
518 1115 600 1178 ὡς
618 1114 914 1181 ἀκουσίοις,
940 1113 1270 1185 ξυγγνώμην
1293 1117 1342 1167 οί
1358 1113 1512 1184 νόμοι
1543 1112 1930 1184 προσνέμουσι.

345 1206 463 1259 Καὶ
486 1206 559 1259 τὰ
594 1206 813 1260 ἑκούσια
832 1206 887 1260 δὲ
915 1206 974 1259 οὐ
1003 1207 1240 1278 σμικρὰν
1271 1207 1314 1239 ³³
1342 1205 1462 1276 ἔχει
1490 1205 1771 1274 διαφοράν.
1797 1201 1933 1256 Οὑδέ

345 1296 461 1365 γὰρ
493 1295 613 1349 ἴσον
637 1295 740 1349 ὑπό
769 1313 912 1359 τινος
935 1295 1105 1366 ὀργῆς
1142 1296 1234 1348 καὶ
1259 1294 1432 1365 Θυμοῦ
1473 1311 1595 1347 τινα
1634 1292 1936 1366 παροξυνόοο

351 1402 524 1455 μενον
552 1386 792 1452 πατάξαι
817 1387 908 1440 τὸν
938 1387 1107 1449 πέλας
1151 1387 1246 1441 καὶ
1276 1384 1643 1456 παραπέμψαι
1667 1383 1744 1454 τῷ
1773 1382 1935 1436 θανά-

347 1491 430 1545 τῳ
451 1514 467 1539 ,
497 1477 564 1530 οὑ
594 1475 752 1530 τοῦτο
787 1476 1327 1549 προϐουλευσάμενον
1345 1516 1360 1542 ,
1389 1475 1514 1530 οὐδέ
1549 1476 1642 1529 ἐπὶ
1668 1475 1840 1546 τούτῳ
1872 1489 1937 1543 γε

351 1567 659 1633 παίσαντα,
691 1569 785 1622 καὶ
813 1568 874 1622 τὸ
919 1567 978 1633 ἐξ
1010 1568 1302 1638 ἐπιϐουλῆς
1331 1567 1428 1621 καὶ
1463 1567 1620 1637 λόχου
1669 1567 1762 1621 καὶ
1803 1582 1937 1636 προ-

352 1656 506 1720 νοίας
531 1656 794 1728 τυρεύσαι
815 1657 906 1711 τὸν
939 1656 1165 1712 Θάνατον
1188 1674 1203 1688 ο
1239 1656 1298 1711 τὸ
1332 1657 1432 1728 μὲν
1449 1657 1558 1726 γὰρ
1575 1652 1643 1726 ἦν
1668 1654 1939 1726 ἀκρασίας

357 1746 566 1819 Θυμοῦ,
617 1749 680 1802 τὸ
723 1748 810 1814 δέ,
851 1748 1116 1818 πονηρίας
1153 1748 1424 1818 ἐσχάτης·
1467 1746 1560 1801 καὶ
1601 1746 1661 1798 τὸ
1707 1746 1804 1817 μὲν
1842 1744 1940 1813 οὐχ

2035 741 2199 796 aliam
2221 736 2457 806 lapidem
2486 734 2834 798 intorquens,
2862 719 3140 779 aberravit
3161 732 3190 770 a
3215 727 3404 783 scopo,
3431 718 3489 763 et
3508 708 3606 762 ho-

2036 829 2238 883 minem
2267 801 2488 879 occidit.
2533 815 2856 889 Huiusmodi
2886 812 3033 868 enim
3067 822 3226 864 casus
3263 801 3505 858 celebrat
3553 807 3610 852 et

2037 919 2369 976 Herodotus.
2416 914 2570 983 Saepe
2615 917 2800 964 autem
2848 902 3087 961 securim
3130 897 3255 968 quis
3295 903 3507 958 tenens,
3555 897 3614 946 et

2037 1013 2183 1082 ligna
2237 1021 2450 1070 secans,
2495 1005 2551 1058 in
2607 1001 2984 1055 transeuntem
3034 989 3349 1062 quempiam
3397 983 3611 1038 ferrum

2038 1101 2361 1174 eiaculatur.
2396 1097 2494 1152 His
2521 1103 2576 1149 et
2601 1090 2895 1153 similibus,
2918 1096 3179 1154 tanquam
3201 1073 3610 1138 involuntariis,

2044 1165 2258 1266 i038
2285 1193 2434 1262 leges
2476 1188 2609 1242 dant
2638 1183 2876 1239 veniam.
2923 1177 3028 1232 Sed
3061 1184 3120 1230 et
3147 1187 3269 1243 qua;
3302 1165 3614 1225 voluntaria

2041 1257 2576 1352 Vnon‘parum
2616 1277 2760 1330 inter
2799 1288 2860 1328 se
2901 1269 3189 1325 differunt.
3237 1262 3427 1330 Neque
3465 1257 3614 1312 enim

2041 1395 2142 1452 par
2168 1351 2254 1434 est
2284 1351 2591 1444 peccatum,
2631 1369 2678 1424 si
2719 1367 2845 1436 quis
2882 1364 2964 1418 ira
3009 1359 3272 1415 incitatus
3302 1351 3615 1424 proximum

2041 1439 2399 1541 percusserit,
2437 1476 2502 1515 ac
2550 1458 2674 1513 neci
2721 1454 2958 1518 dederit,
2999 1451 3092 1520 qui
3140 1447 3193 1502 id
3232 1455 3358 1500 ante
3397 1458 3507 1498 non
3543 1439 3618 1494 sit

2043 1559 2375 1622 meditatus,
2425 1569 2529 1609 nec
2559 1567 2627 1606 eo
2665 1549 2848 1603 animo
2882 1539 3216 1614 percusserit
3248 1547 3270 1591 ‘:
3311 1544 3368 1591 et
3404 1535 3448 1599 si
3492 1531 3619 1601 quis

2045 1639 2364 1724 praeparatis
2407 1643 2645 1709 insidiis,
2674 1647 2934 1706 certoque
2981 1631 3211 1689 consilio
3243 1642 3434 1682 necem
3468 1625 3617 1684 intu-

2048 1718 2195 1799 lerit.
2231 1738 2369 1794 lllud
2396 1737 2542 1792 enim
2572 1729 2878 1804 praecipitis
2905 1726 3010 1781 fuit
3039 1721 3364 1796 iracundiae,
3396 1718 3500 1770 hoc
3523 1729 3620 1766 au-

357 1813 508 1902 ὃλον,
563 1838 626 1892 τὸ
662 1838 718 1891 δὲ
745 1839 866 1892 ὅλον
909 1813 1011 1908 τῆς
1042 1813 1285 1909 γνώμης.
1343 1813 1500 1891 δύτω
1544 1837 1640 1891 καὶ
1681 1813 1800 1899 ταῖς
1843 1835 1941 1904 τῆς

2054 1845 2155 1890 lem
2171 1845 2444 1902 suprema:
2467 1824 2752 1897 cujusdam
2775 1819 3028 1882 malitiae;
3055 1813 3258 1870 etillud
3281 1824 3392 1864 non
3420 1814 3616 1869 totum,

359 1928 700 1999 ἡδυπαθείας
720 1930 764 1962 ⁸⁸
793 1929 891 2001 οὐχ
920 1929 1156 1992 ἅπαντας
1178 1930 1380 2000 ὁμοίως
1403 1932 1452 1982 οί
1484 1927 1764 2000 ἄνθρωποι
1792 1944 1945 1997 περι·

359 2022 661 2075 πίπτουσιν
696 2022 1020 2092 ἁμαρτίαις·
1055 2022 1169 2077 ἀλλ’
1203 2024 1252 2076 οί
1289 2020 1386 2093 μὲν
1417 2022 1616 2091 ἥκιστα
1649 2035 1948 2091 περιεργα-

360 2112 590 2184 ζόμενοι
619 2113 688 2166 τὰ
715 2114 968 2185 εὐπρεπῆ
996 2114 1106 2169 τῶν
1139 2113 1407 2185 σωμάτων
1437 2112 1853 2184 περιπείρονται
1878 2111 1946 2175 ³⁷,

361 2203 480 2257 ἐσθ’
517 2205 623 2274 ὅπη
657 2204 712 2256 δὲ
743 2204 839 2257 καὶ
863 2204 1061 2275 ὁρῶσιν
1090 2202 1350 2274 ἐξαπίνης
1373 2204 1468 2256 καὶ
1491 2201 1947 2256 καταδουλοῦνται

362 2294 446 2365 τῷ
470 2294 654 2358 πάθει,
682 2293 776 2347 τοῦ
809 2294 1074 2364 λογισμοῦ
1105 2295 1204 2360 τῆς
1227 2293 1523 2364 ἡγεμονίας
1553 2292 1908 2363 ἐξισταμένου
1929 2311 1944 2325 ·

363 2385 415 2436 οἱ
449 2384 508 2438 δὲ
540 2384 652 2454 βίον
673 2384 856 2455 ἔχουσι
889 2385 970 2456 τῷ
993 2387 1063 2456 τῇ
1092 2386 1135 2417 ⁸⁸
1157 2386 1336 2455 τοιᾷδε
1363 2385 1564 2457 θεωρίᾳ
1590 2387 1715 2449 τοὺς
1743 2385 1948 2454 ὀφθαλ-

372 2474 512 2541 μοὺς
556 2475 763 2546 ἐστιᾷν.
809 2475 918 2529 Καὶ
951 2477 1002 2529 oi
1053 2476 1152 2546 μὲν
1183 2474 1308 2528 οὐδὲ
1373 2475 1558 2529 σιτίων
1600 2475 1722 2530 οὐδέ
1771 2475 1951 2530 ποτῶν

370 2563 737 2618 ἀπολαύουσιν
759 2567 803 2598 ¹⁹
853 2565 1045 2629 ἀδεῶς,
1097 2566 1372 2636 ἡττῶνται
1400 2565 1457 2619 δὲ
1495 2566 1645 2636 ὅμως
1691 2565 1950 2619 παλαίονο

375 2671 491 2719 τες,
517 2655 704 2726 ἐπειδὴ
745 2657 995 2710 παλαίειν
1025 2657 1405 2727 ἐπιστημόνως
1447 2657 1508 2710 οὐ
1551 2656 1829 2726 βούλονται
1853 2673 1866 2689 '
1902 2658 1952 2710 οί

375 2744 436 2796 δὲ
466 2745 822 2814 ὑπερμαζῶσι
850 2747 947 2799 καὶ
973 2747 1240 2818 τρυφῶσι,
1272 2747 1366 2799 καὶ
1395 2749 1503 2799 πᾶν
1531 2744 1669 2810 εἶδος
1703 2747 1952 2800 ἐπινοοῦ-

380 2851 435 2886 σι
462 2832 609 2906 [179]
639 2834 848 2906 χλιδῆς,
873 2837 968 2890 καὶ
1004 2836 1104 2899 τὰς
1135 2837 1302 2900 ἄλλας
1355 2837 1562 2907 ὀρέξεις
1600 2837 1953 2907 διερεθίζουσι

379 2926 753 2990 παντοδαπαῖς
786 2927 1072 2994 ἐπινοίαις,
1105 2929 1200 2981 καὶ
1235 2929 1418 2996 μέντοι
1450 2929 1545 2981 καὶ
1575 2927 1954 2997 σϐεννυμένων

381 3016 762 3085 ἀσχάλλουσιν.
809 3018 1026 3088 Ἐπειδὴ
1067 3018 1246 3072 τοίνυν
1293 3018 1528 3088 τοσαύτη
1581 3018 1690 3072 τῶν
1718 3034 1957 3089 παρανο-

385 3107 626 3176 μούντων
687 3109 940 3180 διαφορὰ,
993 3110 1054 3161 ού
1120 3109 1297 3180 χρεὼν
1360 3109 1534 3165 ἅπασι
1604 3111 1953 3180 χαλεπαίνειν

315 3219 329 3229 ί
381 3163 598 3265 δμοίως,
629 3196 765 3251 ἀλλὰ
791 3163 938 3262 ’τόὺςν
975 3199 1072 3269 μὲν
1101 3163 1404 3270 προδήλως·
1423 3163 1515 3253 τδν
1564 3163 1746 3271 σύώδη
1760 3201 1807 3231 '°
1837 3199 1952 3269 βίον
1981 3163 2023 3219 C

380 3289 792 3358 ἀσπαζομένους
822 3289 1209 3360 μυσάττεσθαι,
1241 3292 1355 3352 τοῖς
1384 3289 1440 3342 δὲ
1478 3290 1660 3352 ἄλλοις
1690 3289 1786 3343 καὶ
1821 3291 1955 3359 ξυμ-

381 3380 656 3435 ϐουλεύειν
702 3383 796 3436 καὶ
831 3383 1152 3453 παραινεῖν,
1193 3381 1291 3435 καὶ
1319 3383 1478 3452 χεῖρα
1521 3380 1756 3451 ὀρέγειν,
1795 3383 1890 3434 καὶ
1909 3383 1952 3413 ’⁸

379 3473 706 3544 θεραπεύειν
735 3473 1030 3543 ἐπιμελῶς,
1058 3473 1150 3526 καὶ
1173 3473 1502 3543 προσφέρειν
1531 3473 1630 3542 τῆς
1653 3473 1862 3540 ὑγιείας
1888 3475 1956 3528 τὰ

382 3565 650 3636 φάρμακα
674 3581 689 3596 ⁸
729 3565 970 3628 ἐκείνους
1001 3564 1078 3627 δὲ,
1129 3564 1195 3634 ἦν
1237 3581 1291 3616 τι
1339 3563 1642 3634 ἐπιμένωσι
1677 3564 1957 3634 Θηριωδῶς

384 3653 738 3724 βιοτεύοντες,
766 3655 861 3709 καὶ
892 3654 1180 3725 περιόντας
1217 3653 1600 3724 Θρηνήσωμεν,
1630 3653 1722 3706 καὶ
1751 3653 1958 3709 ἀποθα-

382 3745 532 3800 νοῦσι
572 3747 633 3799 τὸ
654 3747 700 3778 ²¹
740 3746 1157 3817 Σαρδαναπάλου
1203 3747 1533 3818 ἐπίγραμμα
1577 3747 1955 3818 προσενέγκω-

389 3854 508 3909 μεν.
535 3837 628 3908 Τῷ
664 3838 773 3910 γὰρ
802 3839 867 3909 δὴ
902 3838 1111 3893 ἐκείνου
1143 3837 1546 3910 ἐπιγέγραπται
1581 3839 1740 3910 τάφῳ
1764 3854 1780 3871 '

389 4019 573 4078 Tda'o"
604 4020 722 4091 ἔχω
775 4021 913 4076 ὅσσ’
953 4021 1180 4092 ἔφαγον
1204 4021 1304 4076 καί
1337 4021 1654 4094 ἐφύϐριεα,
1693 4022 1792 4076 καί
1831 4023 1960 4094 μετ’

393 4160 599 4231 Τέρπν’
627 4159 854 4216 ἔπαθον
867 4160 915 4194 ⁸³
947 4178 960 4192 ο
986 4160 1058 4215 τὰ
1096 4159 1166 4214 δὲ
1194 4159 1396 4215 πολλά
1421 4161 1520 4216 καί
1537 4089 1963 4302 ἕνὲὀῖίῖιοςπάντα

408 4301 431 4302 κν
484 4298 495 4302 ,
581 4300 590 4302 _
685 4299 695 4302 _
751 4297 763 4302 _
962 4298 978 4302 Α
1012 4299 1020 4302 Α
1673 4243 1888 4286 suum.

1673 4243 1888 4286 ειπται.

388 4298 500 4355 Kal
527 4300 642 4371 γὰρ
671 4297 786 4370 ἐγὼ
825 4298 1054 4367 σποδός
1086 4303 1223 4371 ειμι,
1269 4301 1456 4356 Νίνου
1480 4297 1749 4442 μῗέἀεέης
1783 4301 1964 4366 ,βασι-

1677 4386 1814 4438 σας.

1677 4386 1814 4438 σας.

390 4502 563 4597 ςΑλλὰ
844 4502 1002 4555 τοῦτο
1026 4485 1337 4597 -ψευδῶςοί-
1359 4504 1703 4574 γεγραφότες
1733 4504 1966 4576 ἐπέγρα-
2001 4543 2042 4597 ο

390 4593 517 4662 ψαν,
540 4595 613 4647 Οὐ
638 4595 746 4664 γὰρ
779 4593 888 4664 ἔχει
915 4598 942 4648 ὁ
964 4595 1293 4665 τελευτήσας
1313 4595 1456 4666 ἅπερ
1477 4596 1646 4665 ἔφαγε
1669 4598 1762 4650 καὶ
1791 4596 1964 4664 ἔπιεν,

393 4684 509 4738 ἀλλ’
539 4686 617 4748 εἰς
643 4685 742 4755 τὴν
771 4684 979 4755 δυσώδη
1012 4684 1219 4757 φθορὰν
1248 4686 1434 4738 ἐκεῖνα
1461 4683 1783 4755 κεχώρηκεν
1812 4703 1826 4716 ·
1854 4687 1967 4757 ἔχει

2047 1927 2155 1982 hoc
2179 1898 2311 1980 vero
2337 1931 2513 1977 totum
2543 1918 2651 1973 fuit
2680 1912 2999 1970 voluntatis.
3027 1909 3118 1964 Sic
3153 1916 3211 1962 et
3241 1906 3297 1960 in
3319 1898 3621 1970 voluptatis

2048 2023 2269 2089 peccata
2315 2028 2427 2067 non
2469 2025 2581 2064 uno
2620 2006 2784 2061 modo
2811 2003 3066 2058 homines
3104 2012 3295 2053 omnes
3323 1997 3620 2064 proruunt,

2047 2109 2143 2165 sed
2171 2107 2264 2162 alii
2303 2106 2448 2162 circa
2487 2106 2749 2158 venustas
2788 2097 2957 2152 facies
2993 2091 3220 2148 minime
3259 2085 3463 2144 curiosi
3485 2097 3620 2138 eon-

2048 2199 2292 2270 figuntur
2326 2212 2340 2248 :
2377 2191 2659 2248 interdum
2703 2197 2760 2243 et
2799 2193 3027 2256 repente
3061 2181 3276 2242 vident,
3313 2185 3369 2231 et
3400 2181 3622 2244 pertur-

2049 2286 2256 2344 bationi
2274 2282 2660 2345 succumbunt,
2684 2277 2898 2333 ratione
2915 2275 2986 2329 ab
3001 2269 3236 2341 imperio
3250 2281 3352 2322 suo
3369 2263 3618 2319 decussa.

2049 2383 2156 2438 Alii
2181 2381 2236 2434 in
2255 2395 2324 2434 eo
2346 2379 2516 2433 vitam
2544 2378 2900 2436 consumunt,
2927 2376 2988 2422 ut
3021 2365 3210 2421 oculos
3228 2365 3454 2432 pascant
3473 2355 3626 2425 ejus-

2049 2470 2200 2526 modi
2228 2467 2565 2538 spectaeulo.
2598 2464 2738 2518 Sunt
2760 2461 2854 2532 qui
2884 2473 2996 2513 non
3033 2456 3154 2511 sine
3179 2461 3328 2507 metu
3358 2448 3484 2502 cibo
3524 2458 3622 2514 po-

2049 2571 2221 2629 tuque
2257 2533 2493 2612 utuntur
2527 2571 2540 2608 :
2576 2562 2759 2607 tamen
2796 2555 3107 2620 pugnantes
3132 2543 3453 2601 vincuntur,
3497 2533 3628 2604 quia

2049 2664 2294 2722 pugnare
2329 2663 2397 2702 ex
2431 2656 2551 2701 arte
2584 2644 2802 2716 nolunt.
2837 2639 2944 2695 Alii
2983 2635 3140 2692 luxui
3181 2633 3431 2704 gulaaque
3459 2639 3629 2696 supra

2051 2741 2274 2797 modum
2317 2738 2626 2808 indulgent,
2661 2742 2718 2790 et
2745 2747 2909 2788 omne
2949 2744 3124 2801 genus
3173 2723 3497 2780 deliciarum
3530 2730 3626 2772 ex-

2053 2833 2313 2902 cogitant,
2340 2839 2504 2898 atque
2526 2829 2664 2882 alios
2683 2839 2904 2896 quoque
2927 2820 3203 2893 appetitus
3218 2814 3367 2872 omni
3395 2808 3630 2867 artiﬁcio

2053 2901 2297 2988 irritant,
2325 2931 2381 2975 et
2411 2935 2537 2975 cum
2565 2917 3007 2987 restinguuntur,
3035 2910 3275 2981 "graviter
3303 2920 3368 2960 ac
3395 2901 3631 2957 moleste

2054 3015 2258 3072 ferunt.
2293 3012 2524 3080 Quando
2556 3009 2742 3080 igitur-
2764 3015 2917 3062 tanta
2961 3011 3045 3060 est
3089 2997 3436 3072 peccantium
3467 2991 3629 3047 ditle-

2056 3107 2256 3170 rentia,
2302 3118 2492 3174 parem
2525 3114 2653 3171 erga
2707 3111 2900 3153 omnes
2943 3089 3376 3162 indignationem
3415 3078 3631 3148 concipi

2057 3215 2168 3253 non
2201 3196 2360 3250 decet
2393 3213 2406 3248 :
2439 3193 2536 3248 sed
2564 3205 2662 3246 eos
2684 3188 2908 3259 quidem
2930 3180 3258 3245 abominari,
3293 3176 3388 3248 qui
3413 3188 3482 3229 ex
3503 3185 3635 3242 pro-

2059 3287 2204 3342 fesso
2245 3297 2540 3354 porcorum
2567 3283 2736 3336 vitam
2761 3286 3060 3341 sectantur,
3103 3274 3240 3328 alios
3257 3282 3390 3325 vero
3419 3274 3475 3322 et
3498 3276 3634 3319 con-

2062 3379 2316 3442 sulendo,
2358 3384 2416 3430 et
2457 3373 2753 3437 hortando,
2798 3380 2854 3426 et
2883 3383 3108 3424 manum
3138 3358 3494 3435 porrigenda,
3534 3367 3634 3410 cu-

2063 3487 2186 3525 rare
2209 3469 2520 3539 diligenter,
2543 3469 2733 3537 eisque
2757 3461 3018 3519 salutaria
3039 3459 3333 3529 pharmaea
3351 3449 3633 3507 exhibere.

2061 3564 2190 3618 Illos
2254 3576 2444 3632 porro,
2503 3561 2551 3615 si
2606 3564 2835 3630 pergant
2883 3550 3096 3622 1039
3131 3549 3425 3604 brutorum
3483 3551 3638 3593 more

2063 3656 2271 3719 vivere,
2329 3661 2386 3709 et
2435 3652 2591 3706 vivos
2640 3648 2862 3719 quidem
2909 3646 3062 3699 luctu
3099 3647 3530 3716 prosequemur,
3581 3633 3639 3682 et

2067 3718 2302 3800 mortuis
2323 3741 2514 3798 eadem
2535 3718 2666 3810 quae
2677 3735 3050 3806 Sardanapalo
3070 3728 3457 3787 inscribemus.
3483 3718 3638 3780 Illius

2067 3836 2336 3906 siquidem
2365 3833 2577 3888 tumulo
2598 3829 2924 3901 inscriptum
2949 3825 3055 3881 fuit
3091 3843 3104 3880 :

2067 4013 2192 4070 Hac
2221 4013 2383 4068 habeo
2412 4026 2528 4083 qua:
2559 4009 2662 4075 edi,
2685 4023 2904 4080 qquue
2935 4011 3246 4059 exsaturata
3275 3999 3431 4054 libido

2069 4155 2282 4220 Hausit,
2311 4151 2484 4206 multa
2510 4149 2720 4222 quidem
2751 4155 2798 4202 et
2823 4145 2999 4217 felicia
3028 4152 3217 4198 cuncta
3249 4139 3458 4210 reliqui.

2068 4296 2206 4420 ﬁam
2237 4292 2367 4415 cinvis
2389 4305 2501 4374 ecce
2532 4305 2624 4361 ego
2641 4304 2780 4355 sum,
2813 4284 2994 4356 magni
3026 4283 3118 4354 qui
3135 4279 3272 4335 celsa
3301 4277 3539 4333 tenebam

2121 4381 2252 4420 eam:
2282 4379 2301 4416 ι
2334 4379 2429 4417 ιηι.

2121 4381 2252 4434 egna
2282 4379 2429 4417 mm.

2073 4499 2180 4555 Sed
2203 4497 2350 4552 enim
2381 4495 2488 4548 hoc
2507 4493 2674 4547 etiam
2704 4489 2923 4546 mentiti
2946 4497 3076 4544 sunt
3107 4485 3200 4556 qui
3231 4485 3310 4539 sic
3343 4479 3644 4547 inscripse-

2071 4599 2220 4646 runt.
2254 4588 2447 4656 Neque
2477 4584 2624 4640 enim
2667 4582 2903 4652 amplius
2928 4580 3116 4644 habet,
3155 4577 3251 4647 qui
3284 4574 3394 4630 vita
3426 4571 3648 4625 functus

2068 4691 2172 4747 est,
2206 4696 2270 4736 ea
2291 4693 2414 4749 quae
2436 4675 2677 4732 comedit
2699 4691 2763 4729 ac
2793 4673 2956 4737 bibit,
2980 4671 3073 4726 sed
3102 4671 3155 4724 in
3181 4677 3394 4738 putrem
3417 4664 3509 4718 illa
3531 4676 3650 4716 cor-

394 4774 478 4828 es
502 4775 660 4845 μόνον
689 4751 781 4827 τοῦ
812 4751 1131 4846 παρανόμού
1163 4774 1280 4844 βίου
1311 4773 1412 4846 τὴν
1451 4751 1772 4847 δυσοσμίαν,
1810 4778 1844 4848 ἥ

2072 4771 2386 4840 ruptionem
2416 4766 2676 4820 abierunt
2703 4782 2716 4817 :
2749 4763 2918 4817 habet
2951 4769 3133 4815 autem
3173 4757 3349 4812 solum
3385 4751 3650 4822 improbas

394 4866 607 4936 ηνεκῶς
635 4869 732 4935 τήν
759 4865 932 4935 ψυχὴν
954 4864 1173 4933 ἀλγύνει
1210 4866 1304 4919 καὶ
1337 4865 1482 4936 ἀνιᾷ,
1526 4865 1823 4931 ξυνειδυίαν
1845 4867 1972 4919 ἐαυ-

394 4961 462 5028 τῇ
487 4958 554 5011 τὰ
585 4956 842 5023 κάκιστα,
876 4959 969 5010 καὶ
1005 4957 1359 5030 μεμνημένην
1391 4950 1467 5012 ὧν
1496 4958 1826 5029 παρανόμως
1847 4960 1971 5031 sip-

397 5051 627 5118 γάσατο.

469 5139 686 5209 Ταύτην
737 5138 884 5207 ὑμῖν,
933 5131 979 5190 ὦ
1029 5138 1242 5210 ἄνδρες,
1293 5137 1550 5208 δευτέραν
1595 5137 1691 5190 καὶ
1735 5136 1972 5209 δεκάτην

2072 4863 2200 4917 vitae
2227 4876 2338 4915 suae
2372 4859 2623 4921 fetorem,
2666 4857 2760 4924 qui
2795 4857 3034 4906 animam
3078 4851 3347 4905 scelerum
3383 4843 3488 4900 sibi
3517 4857 3649 4898 con-

2075 4951 2276 5012 sciam,
2323 4956 2379 5003 et
2416 4961 2538 5016 quae
2583 4944 2790 4999 nefarie
2833 4943 2945 5013 egit
2990 4939 3252 4994 memoria
3294 4936 3648 4994 retinentem,

2078 5043 2340 5105 continuo
2375 5039 2525 5109 angit
2547 5045 2604 5092 et
2624 5035 2941 5091 discruciat.

2148 5134 2257 5190 llas
2299 5148 2400 5204 ego
2441 5130 2632 5194 vobis,
2674 5143 2707 5183 ο
2750 5128 2876 5192 viri,
2919 5124 3210 5180 duodecim
3254 5115 3652 5190 disputationes

400 5229 635 5294 διάλεξιν
675 5231 1060 5300 προσενήνοχα,
1101 5230 1196 5284 καὶ
1249 5227 1498 5294 ἐπέδειξα
1541 5228 1662 5283 τίνα
1706 5229 1806 5299 μὲν
1845 5244 1949 5299 περ

2080 5223 2405 5295 conscripsi,
2435 5229 2492 5276 et
2519 5218 2738 5276 ostendi
2771 5232 3020 5288 quaenam
3058 5215 3125 5269 de
3157 5214 3290 5277 Deo,
3323 5210 3502 5277 deque
3533 5218 3650 5258 ma-

1545 5369 1576 5414 ’κ

1692 5402 1776 5457 VA
1786 5399 1926 5456 ΜΕ
1981 5395 2279 5455 LECTION
2289 5396 2394 5450 ES.

478 5539 524 5572 "
554 5555 643 5592 του
662 5552 770 5590 om.
791 5535 855 5599 C,
877 5535 1070 5602 ἀλόγου
1085 5534 1149 5588 D.
1193 5532 1236 5563 “
1255 5533 1474 5588 πέλεκα.
1494 5533 1727 5587 πέλεκυν
1754 5532 1816 5594 C,
1836 5533 1900 5594 V.
1922 5532 1987 5585 D.
2014 5530 2136 5584 Mox
2158 5527 2248 5602 τρν
2266 5525 2482 5602 σίδη-ρον
2506 5526 2576 5602 1)ἐ
2596 5526 2641 5558 ¹⁸
2674 5524 2736 5602 οὐ
2767 5525 3031 5602 εἱμξειιράνἶ
3042 5523 3130 5602 *ὡς
3155 5521 3354 5602 μικρᾲν
3375 5519 3437 5576 C.
3496 5521 3538 5602 ίξ
3551 5519 3653 5590 τῆς

399 5608 762 5680 ἡδυπαθείαςΣ
784 5597 1026 5680 τῆςᾼᾳηῆμ.
1053 5604 1115 5659 C.
1183 5603 1250 5680 ,ξ’
1289 5603 1718 5680 περιπείρονται.
1750 5602 2143 5680 περιπῄρονται
2169 5597 2236 5680 lC.

402 5672 689 5734 λαύσουσιν
718 5674 781 5730 γ.
840 5672 849 5675 ⁷
894 5675 939 5706 ¹⁰
973 5676 1063 5728 τὸν
1096 5672 1294 5742 συώδη.
1336 5673 1429 5726 τὸν
1454 5687 1564 5726 om.
1599 5673 1662 5728 C.

1912 5664 2057 5739 ἐγειν
2087 5669 2213 5739 καί,
2244 5665 2592 5739 llic_desin_it

2356 5591 2606 5694 "item.
2642 5593 2723 5665 τῷ
2746 5591 2815 5694 τῇ
2843 5591 2917 5648 (ἓξ
3019 5594 3062 5626 ¹⁹
3093 5591 3476 5649 ἀπολαύουσιν.
3513 5591 3650 5644 ἀπο-

2428 5668 2587 5694 n...“
2617 5664 2656 5694 ρ
2819 5664 2839 5694 ι
2868 5664 2933 5694 ...Α
3066 5661 3518 5694 ι...υ..,..-....ι..-
3586 5656 3650 5694 αλ

2868 5633 2938 5718 ἔά
2964 5695 3035 5735 _——
3065 5633 3650 5735 ὲὲἱῖἒῖῥᾶεἱᾘέὗαῗῖἱδ

1771 5673 1814 5703 αι

403 5671 689 5802 λαύὲσορσιν
718 5674 781 5730 γ.
839 5671 850 5675 ⁷
894 5675 939 5706 ¹⁰
973 5676 1063 5728 τὸν
1096 5672 1294 5755 σρώδη.
1336 5671 1429 5726 τὸν
1454 5671 1564 5726 om.
1599 5673 1662 5728 C.
1771 5671 2057 5772 ἰορέγειν
2087 5671 2202 5721 καί.
2240 5671 2351 5752 Ἠὶε
2389 5671 2592 5748 desiuit
2617 5671 2678 5720 (Σ.
2793 5671 2839 5694 ²¹
2868 5671 2938 5718 τὰ
2964 5695 3035 5704 —-
3065 5671 3100 5717 ἐι

403 5779 474 5799 ρ-
525 5761 822 5819 π.γραμμα
853 5745 916 5810 D,
951 5745 1015 5811 V,
1050 5760 1143 5815 qun
1177 5758 1301 5798 mox
1333 5742 1731 5821 ἐπεγέγραπτο,
1843 5742 1862 5771 ¹
1899 5739 2143 5802 νεπαθον,
2168 5737 2328 5816 ἐδαην
2357 5737 2422 5802 Ι),
2457 5753 2552 5807 qui
2588 5738 2740 5789 κεῖνα
2764 5749 2866 5806 pro
2905 5732 3100 5789 πάντα.
