3924 6192
300 297 429 366 1151
1281 301 1771 364 THEODORETI‘
1804 302 2140 364 EPISCOPI
2178 304 2539 366 CYRENSIS
3411 295 3561 366 1152

294 414 459 472 teria.
485 421 542 469 et
575 412 765 468 mundi
799 412 1022 479 fabrica,
1058 420 1115 469 et
1141 413 1209 469 de
1241 414 1443 469 virtute
1479 430 1543 468 ac
1575 414 1710 469 vitio
1742 431 1854 470 sen-

1970 413 2103 467 Θεοῦ
2140 416 2231 468 καὶ
2258 415 2388 484 ὕλης
2410 414 2503 468 καὶ
2529 411 2754 475 κτίσεως
2780 413 2873 464 καὶ
2900 409 3081 480 μέντοι
3106 407 3199 462 καὶ
3222 407 3423 481 ἀρετῆς
3449 411 3556 465 καὶ

293 505 651 560 εει-ἰπὶ(ιῖηωί
679 504 1013 573 philosophi,
1040 512 1096 557 et
1122 518 1367 572 quaenam
1394 502 1587 559 iisdem
1606 504 1673 559 de
1702 505 1854 559 rebus

1968 506 2165 568 κακίας
2191 510 2302 569 τοῖς
2334 506 2441 558 τῶν
2475 504 2744 563 Ἑλλήνων
2770 501 2914 567 ἔδοξε
2937 489 3267 569 φιλοσόῼοις,
3302 504 3395 554 καὶ
3419 504 3553 556 τίνα

291 611 459 650 sacra:
484 611 582 649 nos
616 595 838 647 Littera:
871 594 1192 657 docuerint;
1230 603 1287 647 et
1315 609 1424 663 quo
1452 603 1611 663 pacto
1644 596 1854 649 illorum

1966 597 2112 666 ἡμᾶς
2132 597 2182 648 οἱ
2212 584 2344 649 θεῖοι
2372 596 2756 662 ὲξεπαίδευσαν
2778 592 2824 623 ⁸⁵
2854 593 2999 659 λόγοι
3022 609 3034 621 ·
3061 592 3154 644 καὶ
3185 591 3260 654 ὠς
3291 591 3555 647 ἔσϐεσται

292 686 515 755 quidem
549 688 657 755 jam
686 685 957 738 exstincta
985 685 1095 737 sint
1124 686 1327 748 omnia,
1368 693 1424 740 et
1450 687 1740 742 oblivionis
1769 703 1854 743 ca-

1970 691 2073 755 μὲν
2122 688 2191 740 τὰ
2238 689 2461 741 ἐκείνων
2500 684 2719 741 ἅπαντα
2760 686 2855 739 καὶ
2889 685 3251 752 παραδέδοται
3284 685 3361 755 τῷ
3390 686 3553 757 ζόφῳ

290 778 458 845 ligine
482 777 743 841 involuta,
768 786 953 830 nostra
984 792 1116 831 vero
1146 777 1262 831 haec
1282 772 1512 831 ﬂoreant
1531 793 1595 831 ac
1620 779 1854 846 vigeant,

1964 779 2061 846 τῆς
2095 778 2290 848 λήθης,
2334 779 2486 830 ἀνθεί
2516 778 2571 831 δὲ
2607 776 2775 830 ταῦτα
2815 777 2911 829 καὶ
2951 776 3164 843 τέθηλε,
3210 778 3302 830 καὶ
3344 778 3554 839 πολλὰς

292 868 705 936 innumerisque
752 882 850 936 per
892 867 1135 937 singulas
1166 868 1420 922 civitates
1462 874 1519 920 et
1554 868 1854 936 provincias

1964 866 2075 936 ἔχει
2121 867 2241 921 καθ’
2267 868 2505 937 ἑκάστην
2554 869 2651 920 καὶ
2700 867 2852 919 πόλιν
2887 866 2981 919 καὶ
3022 865 3206 937 χώραν
3255 869 3551 937 ἀκροατῶν

291 958 637 1012 auditoribus
673 958 1112 1026 frequententur,
1150 973 1214 1011 ac
1248 958 1541 1026 magistris,
1580 960 1854 1013 Platonica

1966 960 2235 1029 μυριάδας
2264 960 2359 1013 καὶ
2398 960 2767 1023 διδασκάλους,
2798 958 2894 1029 τὴν
2929 959 3025 1028 μὲν
3058 958 3413 1030 Πλατωνικὴν
3447 960 3549 1013 εὑ·-

290 1050 509 1118 quidem
543 1049 860 1103 carentibus
880 1049 1214 1117 eloquentia,
1237 1048 1331 1103 sed
1356 1050 1600 1103 veritatis
1632 1050 1854 1105 medici-

1964 1051 2121 1102 επίαν
2160 1052 2260 1103 οὐκ
2307 1050 2549 1122 ἔχοντας,
2601 1050 2701 1119 τὴν
2747 1050 2805 1102 δὲ
2840 1050 2937 1119 τῆς
2984 1048 3245 1117 ἀληθείας
3296 1051 3548 1120 ἰατρείαν

289 1157 413 1195 nam
456 1140 824 1210 praebentibus
862 1159 887 1192 7:
931 1150 985 1194 et
1034 1140 1295 1195 falsorum
1356 1142 1579 1210 quidem
1630 1142 1854 1196 deorum

1964 1142 2398 1213 προσφέροντας·
2445 1142 2538 1195 καὶ
2581 1141 2691 1194 τῶν
2738 1142 2838 1210 μὲν
2863 1140 3235 1210 ψευδωνύμων
3270 1141 3404 1195 θεῶν
3449 1144 3547 1195 τὸν

289 1230 576 1299 depulsum
597 1245 863 1294 errorem,
881 1230 1191 1285 Servatoris
1210 1240 1393 1285 autem
1414 1233 1586 1286 nostri
1608 1232 1854 1301 dogmata

1964 1233 2161 1289 πλάνον
2202 1233 2535 1303 ἐληλαμένον
2559 1233 2627 1297 ⁸⁸,
2677 1231 2771 1285 τοῦ
2802 1231 2857 1283 δὲ
2888 1231 3157 1303 ἡμετέρου
3191 1231 3440 1302 Σωτῆρος
3469 1232 3551 1286 τὰ.

288 1324 651 1391 promulgata.
684 1323 798 1376 Hoc
828 1323 973 1377 enim
1007 1332 1063 1377 et
1108 1323 1321 1394 1040
1360 1324 1693 1394 Porphyrius
1720 1326 1854 1394 ipse,

1964 1325 2206 1392 δόγματα
2251 1324 2632 1394 κηρυττόμενα
2660 1337 2673 1350 ·
2703 1322 2859 1376 τοῦτο
2889 1322 3000 1392 γὰρ
3034 1323 3101 1394 δὴ
3136 1323 3229 1376 καὶ
3256 1326 3283 1377 ὁ
3321 1325 3551 1394 Πορφύ-

290 1412 343 1465 in
384 1414 450 1467 iis
476 1430 595 1482 quae
622 1421 812 1468 contra
840 1430 940 1468 nos
981 1416 1218 1484 scripsit,
1252 1423 1481 1469 testatus
1507 1423 1608 1469 est.
1651 1436 1669 1464 σ
1704 1416 1854 1471 Nunc

1964 1434 2073 1488 ριος
2095 1419 2150 1470 ὲν
2174 1411 2253 1480 οἷς
2282 1416 2402 1469 καθ’
2432 1416 2587 1487 ἡμῶν
2621 1415 2953 1484 ξυνέγραψεν
2979 1417 3194 1486 είρηκε.
3248 1433 3268 1467 ι
3298 1416 3434 1469 Νυνὶ
3454 1416 3543 1483 δὲ,

290 1514 491 1568 autem,
528 1504 724 1573 inquit,
758 1506 1026 1558 mirantur
1060 1521 1157 1574 per
1196 1514 1274 1559 tot
1304 1506 1415 1574 jam
1457 1521 1630 1560 annos
1667 1506 1854 1561 civita-

1964 1509 2111 1577 φησὶ,
2145 1507 2520 1578 θαυμάζουσιν
2551 1509 2600 1561 εἰ
2642 1490 2909 1561 τοσούτων
2940 1506 3081 1561 ὲτῶν
3129 1508 3420 1578 κατείληφε
3447 1511 3548 1564 νό-

291 1606 398 1650 tem
443 1596 635 1648 morbo
676 1588 997 1665 correptam
1033 1599 1228 1663 teneri,
1274 1614 1397 1651 cum
1442 1613 1619 1667 neque
1660 1597 1854 1653 {Escu-

1964 1616 2052 1662 σος
2080 1600 2177 1669 τὴν
2218 1600 2390 1664 πόλιν,
2450 1599 2777 1671 Ἀσκληπιοῦ
2813 1600 2911 1669 μὲν
2950 1600 3252 1670 ,ἐπιδημίας
3298 1603 3389 1654 καὶ¹
3426 1601 3545 1656 τῶν

288 1687 440 1755 lapii,
475 1702 653 1756 neque
682 1689 913 1741 aliorum
954 1689 1116 1742 deum
1147 1690 1218 1743 sit
1254 1690 1488 1758 amplius
1524 1690 1579 1743 in
1616 1703 1737 1744 eam
1763 1705 1854 1744 ac-

1964 1690 2135 1745 ἄλλων
2166 1691 2302 1745 θεῶν
2350 1692 2451 1744 οὐκ
2492 1691 2570 1744 ἔτι
2602 1690 2789 1762 οὔσης.
2833 1691 3008 1762 Ἰησοῦ
3052 1691 3161 1763 γὰρ
3200 1692 3542 1763 τιμωμένου,

286 1794 496 1832 cessus.
527 1780 606 1832 Ex
639 1794 748 1848 quo
788 1779 935 1833 enim
965 1780 1125 1835 Jesus
1148 1781 1253 1835 coli
1296 1790 1510 1850 ereptus
1529 1789 1632 1846 est,
1674 1782 1854 1837 nullus

1964 1781 2082 1834 οὐδὲ
2131 1783 2257 1851 μιᾶς
2313 1782 2575 1853 δημοσίας
2622 1801 2705 1847 τις
2752 1782 2889 1837 θεῶν
2937 1783 3205 1851 ὠφελείας
3255 1784 3466 1854 ᾔσθετο.
3510 1804 3534 1835 ι

288 1868 559 1937 publicam
593 1870 820 1923 deorum
855 1870 1145 1924 utilitatem
1181 1870 1472 1939 persensit.
1505 1889 1524 1921 ι
1561 1871 1685 1925 Haec
1718 1872 1854 1925 Por-

290 1960 515 2029 phyrius
550 1961 795 2015 omnium
835 1962 994 2016 nobis
1037 1961 1439 2016 infensissimus
1476 1962 1650 2027 dixit,
1690 1978 1854 2032 aper-

290 2061 451 2119 teque
497 2051 779 2105 confessus
824 2058 907 2106 est
943 2052 1150 2117 Jesum,
1187 2067 1255 2106 ex
1293 2068 1402 2121 quo
1444 2052 1501 2106 in
1543 2067 1670 2106 eum
1703 2051 1856 2107 credi

287 2151 527 2211 emptum
544 2153 647 2205 est,
669 2143 800 2197 deos
816 2152 1084 2212 potestate
1102 2160 1287 2199 cassos
1314 2144 1639 2200 reddidisse.
1662 2145 1683 2199 l
1692 2155 1853 2214 taque

288 2244 409 2302 post
432 2250 652 2289 crucem
684 2243 739 2288 et
769 2235 1065 2290 salutarem
1098 2235 1428 2304 passionem,
1464 2250 1575 2289 non
1618 2236 1855 2305 amplius

288 2324 519 2393 imponit
552 2326 867 2380 hominibus
892 2325 1256 2395 {Esculapius,
1283 2341 1385 2380 nec
1406 2326 1547 2381 alius
1568 2327 1854 2395 quisquam

288 2430 476 2469 eorum
510 2416 603 2483 qui
642 2416 717 2469 dii
754 2424 1163 2484 nuncupantun
1193 2415 1423 2469 Omnem
1457 2417 1605 2470 enim
1634 2417 1855 2470 illorum

289 2512 511 2568 emtum,
529 2520 638 2557 non
663 2520 820 2559 secus
844 2521 910 2558 ac
931 2516 1159 2559 noctuas
1180 2506 1441 2573 quasdam
1468 2506 1560 2559 lux
1580 2506 1852 2571 exoriens,

291 2596 346 2651 in
379 2595 633 2649 tenebras
666 2596 949 2664 compulit.
977 2594 1150 2663 Hujus
1181 2595 1321 2649 lucis
1350 2604 1406 2649 et
1433 2612 1529 2649 vos
1561 2595 1856 2664 participes

293 2686 410 2741 fieri
464 2701 677 2755 precor.
742 2687 948 2740 ldcirco
998 2686 1144 2739 enim
1189 2693 1244 2739 et
1284 2686 1559 2740 scribendi
1614 2686 1856 2742 laborem

294 2775 440 2831 hunc
470 2777 704 2846 suscepi,
736 2784 792 2831 et
819 2784 1075 2845 tanquam
1105 2775 1293 2829 herbis
1324 2776 1655 2845 quibusdam
1684 2776 1857 2832 unde-

292 2883 505 2937 cunque
529 2869 794 2935 collectis,
819 2868 1054 2925 salutare
1081 2867 1238 2922 vobis
1258 2867 1613 2937 pliarmacum
1646 2870 1855 2938 paravi.

1964 1870 2149 1925 Ταῦτα
2181 1875 2209 1925 ὁ
2250 1873 2465 1927 πάντων
2512 1876 2643 1944 ἡμῖν
2692 1874 2936 1944 ἔχθιστος
2970 1875 3280 1946 Πορφύριος
3323 1878 3540 1945 εἴρηκε,

1962 1964 2057 2016 καὶ
2089 1965 2391 2034 ἀναφανδὸν
2428 1966 2800 2038 ὡμολόγησεν,
2860 1968 2936 2031 ὡς
2984 1969 3370 2038 πιστευόμενος
3431 1968 3543 2040 ’1η-

1964 2054 2089 2118 σοῦς
2134 2056 2398 2126 φρούδως
2443 2057 2691 2128 ἀπέφηνε
2739 2061 2866 2123 τοὺς
2908 2059 3084 2123 θεοὺς,
3137 2060 3232 2113 καὶ
3281 2060 3414 2129 μετὰ
3442 2060 3543 2113 τὸν

1964 2147 2200 2218 σταυρὸν
2230 2148 2339 2201 καὶ
2369 2147 2429 2203 τὸ
2458 2151 2719 2220 σωτήριον
2746 2150 2915 2214 πάθος
2943 2152 3042 2205 οὐκ
3074 2151 3155 2204 ἔτι
3194 2151 3543 2220 φενακίζει¹⁶

1965 2238 2090 2299 τοὺς
2123 2237 2455 2331 ἀνθρώπους
2484 2242 2511 2293 ὀ
2555 2241 2913 2331 Ἀσκληπιὸς,
2954 2244 3074 2297 οὐδὲ
3113 2243 3271 2307 ἄλλος
3316 2262 3398 2306 τις
3427 2244 3545 2297 τῶν

1964 2329 2313 2399 καλουμένων
2363 2330 2520 2385 θεῶν.
2571 2329 2820 2385 Ἀπαντα
2866 2334 2976 2405 γὰρ
3027 2334 3205 2386 αὐτῶν
3254 2334 3397 2405 [180]
3442 2335 3541 2386 τὴν

1963 2419 2223 2490 ὁρμαθὸν,
2252 2414 2361 2472 οἷόν
2394 2438 2544 2483 τινας
2572 2423 2908 2493 νυκτερίδας,
2942 2423 3018 2494 τῷ
3042 2425 3219 2495 σκότῳ
3244 2426 3537 2495 παρέπεμ-

1963 2511 2063 2578 ψεν
2097 2512 2383 2565 ἁνατεῖλαν
2411 2513 2472 2565 τὸ
2499 2513 2635 2581 φῶς.
2662 2514 2877 2584 Ταύτης
2900 2515 2990 2567 καὶ
3023 2516 3168 2585 ὑμᾶς
3191 2516 3291 2585 τῆς
3315 2516 3543 2577 ἀκτῖνος

1969 2601 2293 2671 μεταλαχεῐν
2348 2602 2503 2668 ἀξιῶ.
2548 2604 2714 2656 Τοῦδε
2744 2604 2852 2675 γὰρ
2898 2605 3058 2676 χάριν
3096 2597 3193 2659 διαὶ
3235 2604 3325 2657 τὸν
3373 2604 3543 2666 πόνον

1965 2691 2321 2763 ἀνεδεξάμην,
2357 2693 2450 2746 καὶ
2473 2689 2583 2746 οἷόν
2610 2712 2765 2758 τινας
2797 2696 3023 2765 βοτάνας
3050 2696 3382 2765 πανταχόθεν
3414 2695 3547 2749 cu).-

1965 2781 2145 2849 λέξας,
2167 2784 2228 2837 τὸ
2245 2784 2564 2851 ἀλεξίκακον
2592 2786 2717 2858 ὑμῖν
2748 2788 3124 2842 κατεσκεύασα
3147 2788 3452 2859 φάρμακον.

1596 3024 1827 3078 VABUE
1867 3023 2270 3082 LECTIONES.

352 3139 399 3169 ’δ
426 3136 807 3202 ὲξεπαίδεσανυ
837 3154 946 3192 om.
988 3140 1051 3197 D.
1093 3154 1217 3194 cum
1240 3140 1453 3193 lacuna.

294 3206 341 3240 “
370 3208 692 3275 φαινακίζει.
730 3207 1007 3277 φενακίζει
1042 3210 1103 3275 D,
1138 3216 1194 3264 et
1219 3224 1346 3263 mox
1369 3224 1483 3263 om.
1516 3208 1563 3261 ὁ.

298 3399 1729 3431 W

1564 3139 1610 3172 "
1646 3139 1995 3211 ἐληλαμένον.
2039 3140 2405 3211 ἐληλασμένον
2436 3139 2501 3201 D.
2534 3142 2627 3212 qui
2663 3157 2791 3198 mox
2828 3142 3070 3213 σωτῆρος
3111 3143 3206 3197 τοῦ
3242 3141 3547 3215 ήμετὲρου..

2014 3399 3505 3435 ww

1294 3548 1499 3631 1041
1537 3546 1958 3612 ADMONITIO
1988 3550 2084 3610 AD
2115 3540 2537 3611 LECTOREM.

366 3918 446 3975 Ex
480 3916 790 3986 Appendice
824 3924 973 3971 tomo
999 3921 1195 3985 quarto
1222 3913 1479 3969 editionis
1504 3913 1782 3968 Sirmondi
1810 3913 2051 3984 subjecta
2079 3926 2193 3967 non
2224 3910 2331 3966 nisi
2362 3910 2517 3966 Liber
2573 3920 2757 3967 contra
2808 3911 3128 3980 Nestorium,
3158 3928 3255 3970 seu
3291 3915 3538 3987 Epistula

299 4011 370 4064 ad
395 4008 725 4078 Sporacium,
754 4016 809 4063 et
829 4008 1105 4062 Librorum
1134 4022 1277 4061 xxvn
1304 4006 1547 4059 adversus
1575 4004 1925 4076 Eutychianos
1956 4009 2267 4075 argumenta
2296 4001 2363 4057 ad
2398 4000 2547 4057 hunc
2570 4002 2831 4059 editionis
2862 4019 3017 4060 nova:
3048 4013 3255 4062 tomum
3278 4020 3536 4077 quartum

300 4104 586 4159 accedunt.
623 4103 804 4159 Oratio
829 4104 894 4157 de
932 4105 1109 4159 divina
1140 4110 1188 4157 et
1213 4111 1397 4157 sancta
1421 4102 1677 4156 charitate
1708 4102 1891 4156 locum
1927 4100 1984 4154 in
2023 4098 2267 4154 editione
2295 4105 2483 4154 nostra
2514 4107 2672 4154 nacta
2706 4107 2791 4155 est
2824 4109 2973 4156 tomo
3002 4102 3091 4166 IIl,
3130 4119 3185 4171 p.
3230 4104 3386 4170 l296,
3414 4114 3540 4175 post

300 4197 596 4253 Historiam
629 4198 956 4268 religiosam.
990 4197 1239 4268 Episton
1270 4197 1326 4250 in
1356 4195 1668 4267 Appendice
1714 4194 2109 4251 Sirmondiana‘.
2153 4192 2412 4248 editionis
2452 4193 2629 4249 obviae
2660 4211 2760 4251 suo
2797 4196 2918 4253 loco
2949 4198 3262 4255 inserentur
3291 4202 3543 4272 epistolis

303 4288 546 4357 reliquis.
580 4288 923 4360 Reprehensio
951 4288 1186 4359 denique
1221 4288 1791 4343 Anathematismorum
1821 4287 2008 4361 Cyrilli
2037 4287 2275 4359 primum
2317 4284 2527 4341 tenebit
2556 4287 2738 4343 locum
2776 4289 2833 4345 in
2860 4299 3007 4350 tomo
3040 4293 3234 4366 quinto
3257 4302 3313 4350 et
3342 4295 3540 4349 ultimo

301 4381 465 4455 hujus
495 4385 773 4455 editionis,
803 4402 874 4444 ne
899 4387 1071 4443 moles
1097 4385 1261 4459 hujus
1289 4385 1422 4441 tomi
1450 4386 1681 4443 nimium
1707 4394 1989 4460 augeatur.
