3924 6192
344 246 485 320 1153

348 467 655 486 ——-—

1378 238 1745 302 ΗΒΕῘῴυὸ
1779 234 2077 299 CONTRA
2112 232 2583 296 NESTORIUM.

3441 226 3581 297 1154

1325 532 2483 749 ΘΕΟΔΩΡΗΤΟΥ
2543 592 2625 675 (ι)

1642 861 2043 919 ΕΠΙΣΚΟΠΟΥ
2070 858 2306 912 ΚΥΡΟΥ

1170 1053 1646 1173 ΚΑΤΑ

1770 1042 2788 1162 ΝΕΣΤΟΡΙΟΥ

1433 1293 1725 1386 ΠΡΟΣ
1823 1290 2497 1381 ΣΠΟΡΑΚΙΟΝ.

1326 1646 2580 1802 ΤΗΕΟΒΟΒΕΤΙ

1684 1917 2022 1977 EPISCOPI
2077 1917 2253 1976 CYRI

1194 2098 1776 2220 CONTRA
1881 2096 2760 2243 NESTORIUM,

1483 2337 1636 2426 AD
1730 2333 2449 2427 SPORACIUM.

436 2661 654 2734 Ἐπειδὴ
688 2661 746 2716 δὲ
785 2659 1138 2731 τοῦ,κόσμου
1178 2657 1253 2729 (2)
1288 2657 1487 2721 παντὸς
1536 2657 1678 2711 κατά
1733 2657 1927 2730 μικρὸν

2099 2657 2393 2728 Postquam
2440 2656 2647 2713 mundo
2677 2657 2938 2727 paulatim
2978 2655 3219 2720 labente,
3260 2658 3317 2710 et
3347 2653 3415 2710 ad
3448 2654 3615 2729 huius

355 2754 734 2827 ὑπορρέοντος,
752 2752 848 2806 καὶ
877 2751 1012 2822 πρὸς
1050 2751 1147 2819 τὴν
1174 2748 1328 2802 τοῦδε
1350 2749 1444 2801 τοῦ
1481 2747 1681 2811 παντὸς
1710 2750 1929 2819 ἐπειγο-

357 2847 520 2920 μένου
552 2843 707 2898 λύσιν
732 2881 748 2906 ,
798 2844 906 2905 πᾶς
954 2858 1037 2904 τις
1071 2841 1264 2893 ἑαυτὸν
1317 2839 1613 2910 ἀξιόχρεων
1660 2835 1799 2893 εἶναι
1836 2841 1933 2910 τῆς

356 2936 643 2999 εὐσεϐείας
672 2932 989 2987 διδάσκαλον
1018 2930 1173 3002 ᾤετο,
1192 2930 1281 2983 διὰ
1300 2930 1389 2983 τὸν
1408 2928 1467 2994 ἐξ
1505 2930 1741 2999 ἀμαθίας
1767 2931 1932 3000 τῦφον

354 3026 571 3089 οὐδενὸς
605 3024 899 3096 μανθάνειν
927 3020 1288 3092 ἀνεχομένου,
1324 3019 1508 3073 οὐκέτι
1549 3019 1733 3074 λοιπὸν
1774 3023 1803 3075 ὁ
1837 3021 1929 3075 ἀνο

354 3114 729 3190 θρωποκτόνος
762 3112 990 3184 δαίμων,
1021 3113 1050 3164 ὁ
1096 3112 1190 3165 τοῦ
1229 3111 1459 3180 ψεύδους
1502 3112 1687 3185 πατὴρ
1714 3153 1729 3176 ,
1760 3113 1789 3166 ὁ
1817 3112 1927 3167 τῶν

352 3206 607 3274 ζιζανίων
641 3207 896 3277 σπορεῦς,
932 3205 1044 3265 τοῖς
1081 3202 1283 3269 ἔξωθεν
1311 3202 1405 3254 καὶ
1442 3206 1696 3273 φανεροῖς
1724 3203 1800 3273 ('5)
1832 3220 1928 3256 πο-

349 3297 557 3369 λεμίοις
592 3296 730 3349 κατά
760 3295 862 3365 τῆς
906 3292 1233 3363 Ἐκκλησίας
1266 3290 1536 3355 ὡπλίζετο
1559 3309 1572 3323 ο
1603 3292 1720 3346 ἀλλ’
1755 3291 1930 3362 εὑρὼν

348 3388 605 3461 δργανον,
636 3390 817 3448 πᾶσαν
848 3387 923 3449 ὡς
945 3386 1120 3437 εἰπεῖν
1158 3382 1370 3453 ἀθρόως
1403 3381 1568 3435 αὐτοῦ
1609 3383 1709 3454 τὴν
1737 3383 1931 3454 τέχνην

349 3478 773 3549 ὑποδεχόμενον,
805 3477 862 3529 ἐν
890 3473 968 3546 τῷ
995 3474 1095 3544 τῆς
1121 3473 1429 3545 ὀρθοδοξίας
1458 3476 1806 3545 προσχήματι
1831 3475 1933 3543 τὴν

348 3571 577 3643 ἄρνησιν
596 3572 697 3641 τῆς
716 3568 964 3640 θεότητος
990 3569 1124 3638 ὁμοῦ
1147 3566 1243 3620 καὶ
1268 3565 1678 3637 φιλανθρωπίας
1703 3565 1798 3619 τοῦ
1816 3568 1931 3621 Μο-

349 3661 603 3733 νογενοῦς
629 3662 974 3732 παρεισάγει,
1016 3659 1078 3715 τὸ
1119 3656 1324 3713 ἁπλοῦν
1368 3660 1463 3713 καὶ
1510 3658 1931 3731 ἀτεχνολόγητον

352 3754 451 3825 τῆς
482 3753 718 3815 πίστεως
762 3749 922 3823 ἡμῶν
978 3749 1310 3821 Ἑλληνικοῖς
1360 3750 1741 3821 συνταράττων
1781 3746 1957 3815 accpi?

355 3863 541 3918 σμασι.
567 3843 862 3913 Νεστόριόν
891 3859 993 3896 που
1017 3843 1234 3905 πάντως
1262 3840 1486 3896 ἀκούετε
1507 3857 1522 3873 ·
1547 3840 1641 3896 καὶ
1672 3841 1780 3910 γὰρ
1810 3840 1931 3893 ἐπί-

353 3952 527 4008 σημος
548 3918 587 3989 ’ὁ
618 3935 776 4005 ἀνήρ.
808 3926 973 3997 Οὗτος
1012 3933 1076 3986 ὲκ
1111 3932 1210 4003 τῆς
1250 3930 1645 4003 Τερμανικέων
1675 3929 1930 4001 πολίχνης

2032 2750 2275 2805 universi
2326 2749 2743 2804 dissolutionem
2786 2748 3100 2814 festinante,
3142 2746 3517 2817 unusquisque
3554 2761 3614 2802 se

2034 2840 2290 2896 idoneum
2309 2841 2528 2910 pietatis
2550 2840 2870 2911 magistrum
2890 2840 3097 2911 1042
3113 2840 3462 2901 existimavit,
3489 2854 3615 2893 cum

2033 2941 2259 3001 propter
2284 2931 2603 3003 ignorantia:
2631 2930 2830 2984 fastum
2859 2946 3020 2985 nemo
3053 2930 3265 2985 discere
3293 2930 3613 2996 sustineret,

2033 3023 2306 3078 homicida
2334 3023 2569 3089 daemon,
2595 3022 2866 3077 mendacii
2891 3033 3066 3094 pater,
3088 3023 3421 3077 zizaniorum
3447 3020 3615 3075 semi-

2033 3124 2213 3180 nator,
2234 3132 2344 3170 non
2366 3116 2601 3186 amplius
2623 3131 2719 3185 per
2733 3124 2990 3170 externos
3012 3124 3069 3170 et
3090 3113 3408 3169 manifestos
3428 3113 3618 3168 hostes

2033 3209 2296 3263 adversus
2322 3208 2620 3262 Ecclesiam
2650 3224 2801 3263 arma
2829 3210 2999 3263 movit
3024 3227 3035 3262 :
3063 3209 3158 3264 sed
3190 3211 3615 3264 instrumentum

2032 3307 2246 3361 nactus,
2264 3298 2411 3367 quod
2426 3314 2665 3363 onmem,
2682 3309 2744 3353 ut
2768 3299 2841 3352 ita
2866 3292 3263 3365 dica'm,suhito
3289 3304 3407 3373 ejus
3438 3312 3613 3357 artem

2033 3389 2356 3458 susciperet,
2402 3390 2504 3443 sub
2552 3400 2715 3444 recta:
2753 3390 3028 3460 opinionis
3074 3391 3276 3460 specie,
3312 3392 3619 3447 divinitatis

2034 3480 2198 3536 simul
2221 3490 2276 3535 et
2301 3480 2661 3537 humanitatis
2690 3480 2968 3551 Unigeniti
2998 3484 3348 3553 negationem
3382 3484 3614 3550 inducit,

2034 3571 2337 3642 simplicem
2364 3579 2419 3625 et
2440 3571 2673 3625 artiﬁcio
2698 3582 2977 3627 carentem
3011 3564 3174 3626 ﬁdem
3205 3582 3445 3627 nostram
3474 3573 3620 3627 Grae—

2033 3662 2240 3717 canicis
2286 3662 2623 3716 conturbatis
2671 3663 2919 3732 argutiis.
2969 3664 3047 3718 De
3091 3663 3345 3718 Nestorio
3393 3678 3619 3732 prorsus

2034 3751 2338 3807 audivistis.
2382 3751 2480 3808 Vir
2518 3751 2666 3806 enim
2709 3760 2793 3806 est
2818 3751 3063 3808 illustris.
3100 3752 3201 3807 Hic
3236 3768 3301 3807 ex
3334 3751 3619 3807 Germani-

2033 3844 2282 3899 censium
2311 3852 2467 3899 ortus
2493 3842 2774 3914 oppidulo,
2806 3845 2994 3899 nescio
3024 3845 3330 3916 cuiusmodi
3361 3844 3429 3899 ab
3459 3845 3619 3901 initio

2032 3934 2231 3989 studiis
2268 3933 2555 3997 educatus,
2593 3934 2753 3988 aliam
2786 3948 2855 3987 ex
2892 3933 2997 3988 alia
3043 3933 3320 4004 regionem
3361 3949 3613 3989 commu-

353 4027 691 4100 ὁρμώμενος,
717 4026 818 4079 οὐκ
840 4018 956 4077 οἴδα
981 4023 1240 4085 ποδαποῖς
1266 4022 1327 4076 τὸ
1350 4021 1410 4087 ἐξ
1437 4023 1610 4093 ἀρχῆς
1631 4021 1931 4093 ἐντεθραμ-

2036 4033 2175 4090 tans,
2200 4032 2259 4078 ut
2283 4021 2554 4095 ﬂagellum
2573 4023 2844 4094 quoddam
2864 4023 3265 4096 Egyptiacum,
3283 4026 3337 4080 in
3361 4041 3613 4096 magnam

357 4114 516 4184 μένος
550 4111 995 4184 ἐπιτηδεύμασιν,
1035 4110 1202 4181 ἀλλην
1239 4110 1297 4177 ἒξ
1338 4110 1503 4181 ἄλλης
1541 4110 1783 4181 ἀμείϐων
1817 4111 1929 4183 χώ-

358 4221 477 4278 ραν,
512 4203 764 4273 καθάπερ
790 4202 1137 4273 Αἰγυπτιακὴ
1174 4202 1408 4272 μάστιξ,
1453 4204 1521 4274 τῇ
1575 4202 1785 4276 μεγάλῃ
1823 4204 1929 4259 τῶν

368 4294 687 4366 Ἀντιοχέων
719 4292 985 4364 ἐνέσκηψε
1008 4292 1182 4348 πόλει.
1234 4293 1322 4347 Ἐν
1361 4294 1532 4364 ταύτῃ
1568 4293 1741 4362 λόγων
1775 4294 1927 4347 ἐλευ-

354 4385 550 4457 θερίων
575 4386 810 4456 μετρίως
837 4383 1208 4457 μετεσχηκὼς,
1244 4386 1427 4456 φωνήν
1454 4402 1512 4438 τε
1534 4386 1613 4439 ὅτι
1637 4385 1929 4458 καλλίστην

354 4476 450 4532 καὶ
475 4478 737 4548 μεγίστην
759 4478 1027 4548 ἀσκήσας,
1046 4479 1111 4548 τῇ
1147 4477 1443 4546 Ἐκκλησία
1471 4477 1566 4530 τοῦ
1592 4477 1727 4531 Θεοῦ
1755 4494 1926 4548 προσ-

355 4568 448 4621 ιὼν
488 4567 562 4638 (ι)
613 4568 932 4639 εἰσεφθάρη,
963 4568 1057 4621 καὶ
1082 4567 1162 4638 τῷ
1193 4566 1476 4637 καταλόγῳ
1496 4567 1605 4619 τῶν
1632 4567 1928 4638 πρεσϐυτέ-

354 4675 464 4729 ρων
495 4660 806 4730 ἐναρίθμιος
841 4661 1102 4729 γεγονὼς,
1135 4659 1225 4712 τόν
1245 4676 1303 4712 τε
1338 4658 1430 4712 τοῦ
1464 4657 1599 4712 Θεοῦ
1628 4658 1754 4713 λαὸν
1778 4659 1926 4712 διδά-

354 4767 506 4804 σκειν
534 4749 609 4821 (5)
630 4753 1078 4824 πεπιστευμένος,
1111 4750 1309 4816 ἔδειξεν
1340 4750 1500 4816 εὐθὺς
1523 4752 1582 4804 ὲν
1598 4752 1924 4823 προοιμίοις,

352 4835 462 4904 οἷος
495 4840 644 4912 παρὰ
683 4842 859 4897 πάντα
914 4845 1005 4899 τὸν
1060 4844 1172 4915 βίον
1211 4836 1518 4915 γενήσεταιζ
1573 4843 1648 4896 Οὐ
1691 4842 1799 4915 γὰρ
1834 4842 1926 4895 τὸν

352 4932 546 5003 εὐγενῆ
597 4933 690 4986 καὶ
734 4933 992 5005 γόνιμον,
1048 4935 1139 4992 καὶ
1186 4932 1500 5006 γεωργῆσαι
1522 4933 1699 5005 ψυχὰς
1725 4930 1943 5004 ἀνθρώ--Δ

354 5040 471 5076 πων
521 5024 856 5095 δυνάμενον,
892 5023 1133 5096 ἐζήλωσε
1192 5016 1514 5097 χαρακτῆρα
1570 5025 1679 5079 τῶν
1719 5026 1923 5094 λόγωνο

352 5112 486 5166 ἀλλά
530 5114 665 5184 πρὸς
709 5114 773 5169 τὸ
824 5116 1160 5189 δημοτερπὲς
1212 5116 1509 5179 ἀποκλίνας
1532 5157 1546 5184 ,
1581 5117 1679 5170 καὶ
1715 5117 1822 5171 τῶν
1846 5118 1927 5178 είς

352 5204 489 5276 ἀέρα
534 5205 810 5277 λυομένων
856 5208 1067 5277 κρότων
1103 5207 1394 5279 θηρευτὴς,
1428 5209 1477 5261 εἰ
1505 5208 1600 5261 καί
1627 5225 1711 5272 τις
1744 5207 1921 5274 ἀλλος,

425 5356 502 5428 (l)
535 5355 825 5435 Masimam
866 5358 1249 5435 ιιιῄιιε-ΙίικξηίΔ
1272 5371 1488 5435 partem
1527 5358 1776 5435 ejusdem
1804 5375 1926 5416 esse
1954 5366 1996 5425 c

350 5429 658 5550 argumenti
680 5442 805 5483 cum
829 5429 1006 5512 capite
1022 5429 1491 5512 duodecimolibri
1516 5429 1697 5501 quarti
1725 5431 1925 5485 Ha'ret.

353 5496 409 5550 [α
445 5497 679 5550 uiarum.
706 5507 764 5550 et
800 5498 971 5550 fuisse
999 5514 1095 5550 mn
1142 5499 1291 5550 hunc
1334 5500 1535 5550 librum
1577 5500 1925 5550 Thendoreto

352 5496 679 5570 fabularum,
706 5507 764 5555 et
800 5496 971 5556 fuisse
999 5499 1095 5570 qui
1142 5499 1291 5553 hunc
1334 5496 1548 5570 lihrnm‘
1577 5500 1928 5556 Theodoreto

351 5568 694 5642 suppositum
721 5568 1085 5642 essetemere
1128 5569 1566 5636 pronuntiarent,
1612 5586 1776 5642 supra
1812 5571 1926 5641 jam

352 5638 688 5700 monuimus.
715 5653 768 5708 p.
802 5637 926 5696 568.

2028 4116 2494 4172 Antiochenorum
2525 4116 2804 4171 civitatem
2842 4116 3061 4187 irrupit.
3092 4117 3152 4172 In
3189 4106 3293 4173 hac
3318 4132 3444 4172 cum
3479 4102 3616 4173 lihe-

2031 4206 2241 4262 ralihus
2278 4207 2586 4277 disciplinis
2631 4207 2985 4263 mediocriter
3024 4217 3171 4263 esset
3217 4207 3482 4272 imbutus,
3510 4225 3611 4264 vo.

2028 4313 2257 4369 cemque
2291 4297 2717 4368 pulcherrimam
2751 4306 2807 4353 et
2838 4299 3127 4354 maximam
3163 4301 3520 4366 exercuisset,
3551 4301 3609 4354 in

2026 4388 2328 4443 Ecclesiam
2357 4388 2451 4443 Dei
2495 4404 2552 4443 se
2584 4389 2832 4461 ingessit,
2862 4399 2916 4446 et
2948 4391 3002 4444 in
3050 4406 3341 4445 numerum
3383 4391 3610 4463 presby-

2027 4489 2271 4535 terorum
2323 4482 2528 4535 relatus
2571 4491 2688 4549 est,
2740 4482 3085 4553 docendique
3137 4481 3325 4553 pepuli
3380 4496 3608 4537 munere

2028 4568 2305 4639 imposito,
2348 4570 2531 4624 statim
2580 4570 2634 4624 in
2678 4570 2907 4625 exordio
2946 4571 3126 4643 qualis
3165 4579 3276 4626 tota
3312 4571 3423 4624 vita
3461 4578 3609 4626 esset

2024 4659 2246 4715 futurus
2288 4660 2547 4716 ostendit.
2578 4661 2766 4731 Neque
2808 4663 2954 4716 enim
2990 4676 3317 4734 generosum
3361 4670 3415 4716 et
3451 4662 3603 4731 geni-

2026 4752 2212 4815 talem,
2254 4751 2456 4820 quique
2502 4750 2789 4806 hominum
2840 4753 3049 4806 animas
3100 4753 3350 4807 excolere
3399 4759 3603 4821 posset,

2026 4842 2245 4897 dicendi
2279 4842 2653 4897 characterem
2697 4850 2923 4897 secutus
2951 4851 3054 4897 est.
3091 4842 3198 4897 Sed
3233 4858 3356 4897 cum
3402 4842 3469 4895 ad
3506 4858 3604 4910 po-

2025 4935 2141 5005 puli
2192 4934 2610 4989 delectationem
2652 4934 2954 4990 orationem
3003 4950 3155 4990 suam
3205 4934 3507 4998 conferret,
3550 4944 3607 4987 ct

2026 5027 2221 5082 inanes
2249 5027 2477 5099 plausus
2503 5035 2563 5081 ut
2591 5028 2685 5098 qui
2716 5029 2949 5084 maxime
2974 5037 3362 5098 aucuparetur,
3397 5026 3604 5097 1043

2027 5119 2408 5173 turbulentum
2438 5128 2494 5174 et
2520 5116 2775 5174 instabile
2800 5119 2997 5189 vulgus
3041 5118 3108 5173 ad
3144 5118 3227 5173 sui
3268 5117 3605 5173 desiderium

2025 5209 2306 5276 excitavit,
2331 5210 2483 5266 fusca
2507 5218 2659 5266 veste
2685 5210 2934 5278 indutus,
2961 5210 3134 5267 tristis
3163 5211 3442 5276 incedens,
3467 5217 3605 5265 stre-

2214 5361 2432 5434 παντός.
2464 5363 2591 5434 Des.
2617 5370 2803 5434 Supra,
2842 5365 2879 5418 1.
2922 5380 2972 5420 c.

2126 5432 2180 5500 5)
2214 5433 2353 5487 Ibid.
2390 5449 2520 5500 φανε
2530 5433 2656 5500 ρῶς.

2126 5450 2159 5484 o
2214 5450 2353 5487 lDltl.
2390 5450 2520 5500 φανε
2561 5450 2656 5496 ως.

2215 5501 2407 5580 ξθρτθν
2435 5517 2491 5573 Ρ·
2522 5450 2644 5580 ἕβθ·
2674 5502 2898 5580 προῖξῦνε

2029 5639 2046 5694 1
2103 5570 2179 5694 ἓδ)
2214 5570 2505 5626 διδάσκειν.
2539 5570 2852 5645 Supplenda
2877 5573 2979 5629 fuit
3008 5591 3112 5630 vox
3138 5575 3264 5639 ista,
3288 5591 3407 5646 quae
3425 5580 3602 5633 exstat

2054 5655 2150 5695 .C.
