3924 6192
387 160 523 226 1155

1369 161 1851 222 THEODORETI
1894 163 2233 224 EPISCOPI
2269 166 2634 228 CYRENSIS

380 272 529 343 pitus
570 272 816 328 forenses
862 274 1174 338 declinans,
1225 274 1432 344 pallore
1486 276 1737 345 corporis
1779 278 1958 332 conti-

2100 280 2370 350 ενδμενος,
2419 282 2481 335 τὸ
2527 279 2870 352 συρφετῶδες
2901 281 2995 335 καὶ
3043 278 3565 347 ἀστάθμητον
3650 280 3694 313 τ·

381 379 519 421 nens
549 364 725 420 videri
760 365 1040 430 affectans,
1070 366 1226 419 libris
1267 365 1413 419 domi
1445 376 1506 420 ut
1533 367 1832 435 plurimum
1872 368 1957 421 in—

382 457 668 521 cumbens,
698 473 761 512 ac
801 458 857 511 in
884 457 998 511 otio
1027 467 1083 511 et
1110 456 1292 525 quiete
1323 472 1506 511 secum
1543 457 1814 511 habitans.
1847 458 1961 512 lloc

383 549 571 604 habitu
601 560 655 605 et
691 550 793 603 hac
822 549 1169 603 simulatione
1204 549 1466 618 populum
1502 548 1773 613 inescans,
1807 565 1959 619 mag-

382 655 521 693 nam
561 639 737 693 aetatis
785 646 996 707 partem
1045 639 1339 708 transegit,
1389 638 1735 693 Christianus
1783 640 1959 693 videri

384 730 571 798 potius
600 745 764 798 quam
797 742 917 783 esse
949 728 1195 791 studens,
1223 738 1280 783 et
1314 729 1518 794 Christi
1547 732 1561 749 ‘
1592 730 1776 800 gloria:
1805 746 1959 784 suam

383 821 698 889 prmferens.
748 820 1017 886 Quoniam
1064 830 1267 882 autem,
1310 829 1370 875 ut
1414 836 1445 873 a
1489 822 1721 875 Domino
1750 821 1959 876 dictum

383 920 486 975 est,
537 930 554 962 ι
586 912 733 965 Nihil
774 919 859 967 est
892 912 1165 966 occultum
1214 912 1358 981 quod
1388 928 1495 966 non
1529 913 1753 978 sciatur,
1781 928 1960 983 neque

383 1013 636 1074 opertum
671 1005 818 1074 quod
844 1005 899 1059 in
925 1006 1105 1059 lucem
1142 1020 1253 1059 non
1280 1005 1466 1060 veniat
1498 1005 1544 1070 ¹;
1581 1024 1599 1057 ι
1629 1014 1684 1062 et
1711 1023 1723 1059 :
1763 1026 1780 1057 ‹
1813 1006 1960 1061 Bona

383 1114 550 1167 opera
594 1097 884 1152 manifesta
924 1106 1073 1161 sunt,
1108 1106 1164 1151 et
1188 1113 1308 1166 qua:
1334 1098 1493 1151 aliter
1528 1113 1587 1152 se
1629 1098 1835 1151 habent
1866 1112 1959 1152 ce-

384 1190 486 1243 lari
533 1204 639 1243 non
690 1190 993 1258 possunt’,
1041 1207 1058 1238 ι
1112 1203 1211 1257 per
1260 1188 1814 1258 impervestigabilem
1862 1188 1960 1243 Dei

380 1283 713 1354 iudiciorum
748 1282 1025 1353 abyssum,
1063 1280 1352 1335 Nestorius
1384 1284 1575 1334 eurum
1605 1281 1695 1349 qui
1729 1281 1783 1335 in
1811 1282 1962 1351 pala-

386 1376 464 1429 tio
491 1374 821 1442 sedibusque
848 1373 1253 1442 pontiﬁcalibus
1286 1373 1668 1437 versabantur,
1700 1380 1757 1426 et
1789 1373 1961 1442 ipsius

385 1465 482 1534 qui
509 1464 662 1519 orbis
692 1472 962 1517 terrarum
999 1474 1213 1532 sceptra
1242 1470 1373 1517 tunc
1398 1462 1641 1532 regebat,
1677 1461 1958 1529 suﬁ‘ragio,

387 1556 669 1610 catholicae
722 1554 1150 1609 orthodoxorum
1195 1553 1812 1623 Constantinopolitanae
1854 1553 1959 1606 Ec-

387 1646 585 1710 clesiae,
618 1645 877 1714 orbisque
917 1643 1055 1699 adeo
1095 1644 1335 1698 universi
1374 1644 1741 1714 principatum
1783 1642 1962 1713 adipi—

388 1738 578 1792 scitur.
619 1735 699 1789 lbi
743 1736 1003 1803 deinceps
1039 1742 1157 1788 aeta
1193 1743 1320 1788 sunt
1364 1736 1474 1798 illa,
1507 1750 1628 1803 quae
1667 1744 1865 1788 terram
1907 1744 1963 1788 et

390 1842 538 1880 mare
570 1826 969 1895 propemodum
999 1823 1386 1894 impleverunt.
1407 1825 1476 1880 Ut
1500 1826 1645 1879 enim
1671 1825 1962 1879 maximam

390 1919 534 1973 illam
585 1918 770 1971 sedem
816 1917 1046 1987 accepit,
1090 1927 1147 1970 et
1188 1916 1540 1985 pontiﬁcatus
1586 1915 1961 1985 praefecturam

388 2011 539 2064 velut
584 2009 926 2081 tyrannidem
975 2006 1266 2076 quamdam
1310 2005 1562 2074 arripuit,
1601 2005 1960 2074 impietatem,

394 2100 608 2173 1044
646 2116 809 2171 quam
848 2100 1211 2169 parturiebat,
1259 2098 1494 2166 amplius
1541 2098 1823 2151 continere
1856 2114 1965 2150 non

390 2196 568 2264 potuit
598 2212 609 2247 :
640 2192 735 2247 sed
780 2208 846 2247 ex
896 2198 1164 2261 potestate
1203 2205 1369 2259 quam
1413 2190 1671 2251 habebat,
1714 2190 1966 2243 stolidam

390 2300 676 2339 assumens
707 2284 1008 2346 licentiam,
1044 2281 1253 2351 profert
1295 2278 1352 2333 in
1396 2280 1660 2344 medium,
1686 2281 1968 2333 omnibus-

390 2393 497 2445 que
527 2375 771 2445 exponit,
805 2390 969 2443 quam
999 2374 1110 2442 jam
1142 2373 1271 2425 olim
1313 2371 1576 2425 adversus
1619 2371 1967 2440 Unigenitum

390 2473 717 2533 conceperat
768 2462 1197 2531 blasphemiam,
1246 2463 1559 2529 bellumque
1605 2470 1796 2515 contra
1838 2461 1968 2530 dog-

391 2566 537 2611 mata
560 2555 859 2625 apostolica
887 2554 1064 2623 palam
1087 2553 1227 2622 gerit
1258 2570 1270 2604 ε
1299 2560 1354 2607 et
1377 2565 1689 2606 sanctorum
1719 2553 1965 2615 Patrum,

391 2640 486 2709 qui
536 2654 601 2693 ex
648 2653 759 2707 quo
807 2636 1191 2691 annuntiatnm
1239 2648 1323 2691 est
1370 2636 1745 2705 Evangelium,
1785 2635 1970 2689 ortho-

392 2732 661 2786 doxorum
696 2728 820 2783 ﬁdei
850 2725 1205 2798 praefuerant,
1232 2727 1379 2781 dicta
1414 2727 1639 2797 rejicere
1666 2727 1967 2791 contendit,

396 2822 557 2893 regia:
612 2821 765 2877 urbis
813 2819 1049 2899 turbans
1094 2819 1418 2883 Ecclesiam,
1459 2819 1762 2888 orbemque
1808 2820 1969 2873 simul

396 2915 625 2971 turbans
653 2914 1004 2973 universum;
1038 2911 1285 2963 divinum
1310 2912 1537 2963 Paulum
1562 2910 1718 2962 nihili
1744 2909 1967 2973 faciens,

396 3013 491 3079 qui
533 3011 731 3063 clamat
777 3026 789 3060 :
832 3028 849 3058 ι
890 3005 991 3070 Qui
1034 3011 1216 3056 autem
1256 3004 1549 3058 conturbat
1582 3017 1697 3067 vos,
1734 3003 1976 3071 portabit

391 3099 682 3168 judicium,
713 3096 1030 3165 quicunque
1066 3090 1137 3146 sit
1162 3092 1251 3147 ille
1275 3093 1316 3145 ³.
1344 3111 1361 3141 ι
1398 3092 1505 3146 Sed
1533 3107 1698 3161 super
1720 3092 1977 3148 candela-

397 3192 558 3244 brum
608 3187 782 3240 divini
827 3186 1151 3257 pontiﬁcum
1195 3192 1502 3255 suggestus,
1535 3199 1648 3238 non
1696 3185 1975 3239 lucernam

397 3278 664 3341 veritatis,
695 3279 789 3333 sed
817 3279 1071 3333 tenebras
1094 3278 1250 3348 ponit
1280 3276 1597 3346 impietatis.
1637 3274 1855 3329 Primus
1882 3291 1979 3329 au-

400 3379 511 3425 tem
542 3370 693 3423 initae
724 3369 985 3424 novitatis
1014 3368 1216 3438 gradus
1248 3367 1371 3432 fuit,
1412 3382 1521 3420 non
1562 3374 1817 3436 oportere
1848 3382 1977 3419 san-

400 3469 542 3515 ctam
581 3461 873 3531 virginem,
904 3476 1024 3529 qua:
1068 3460 1163 3513 Dei
1198 3458 1439 3513 Verbum
1476 3458 1709 3528 peperit,
1737 3456 1883 3527 quod
1910 3473 1977 3512 ex

401 3568 464 3607 ea
488 3566 709 3606 carnem
734 3551 995 3620 suscepit,
1020 3548 1307 3617 Deiparam
1336 3546 1606 3613 conﬁteri,
1633 3546 1728 3601 sed
1750 3546 1981 3601 Christi-

401 3630 589 3714 para’m
630 3643 893 3697 duntaxat
936 3658 949 3694 :
993 3655 1115 3694 cum
1160 3648 1343 3693 tamen
1380 3639 1749 3708 antiquissimi
1786 3640 1980 3694 ortho-

403 3732 557 3787 doxaa
594 3731 720 3785 ﬁdei
750 3730 1158 3801 praedicatores,
1185 3729 1339 3799 juxta
1379 3727 1729 3783 traditionem
1764 3738 1981 3798 aposto-

408 3824 602 3888 licam,
647 3822 937 3891 Deiparam
988 3818 1278 3874 docuerint
1326 3817 1606 3871 nominare
1651 3825 1707 3871 et
1753 3818 1980 3872 credere

407 3915 626 3970 Domini
665 3924 916 3969 matrem.
956 3911 1067 3983 Age
1103 3925 1251 3965 nunc
1279 3924 1413 3963 vero
1447 3909 1825 3980 blasphemnm
1854 3909 1984 3964 arti-

408 4006 593 4061 ﬁcium
630 4014 686 4060 et
729 4004 1168 4060 observationem
1205 4000 1342 4054 nulli
1391 4008 1550 4054 antea
1601 4001 1875 4071 cognitam
1925 4000 1981 4055 in

405 4096 650 4151 medium
677 4097 1067 4166 producamus.

2064 373 2198 443 πρδς
2222 374 2312 426 τὸν
2343 375 2539 428 οἰκεῖον
2568 372 2922 437 ἐξεκαλέσατο
2964 372 3129 425 πόθον
3154 412 3168 435 ,
3228 387 3329 440 (ραν.
3348 363 3535 417 ιὸν
3604 372 3700 405 πὶ

2062 464 2326 535 ϐλημένος
2368 466 2601 536 ἱμάτιον,
2648 463 2995 532 ὲστυγνακὼς
3041 463 3313 532 βαδίζων,

2067 556 2249 626 ραίους
2276 557 2539 612 ἐκκλίνων
2576 556 2860 626 θορύϐους,
2893 555 3165 626 ὠχρότητι
3191 552 3651 620 σῶμ-ατῡς
3708 556 3722 567 ·

2062 648 2179 699 κεῖν
2238 648 2510 717 ἐγκρατὴς
2550 642 2691 699 εἶναι
2752 646 3109 716 θηρώμενος,
3164 644 3325 695 οἶκοι
3434 636 3589 689 τὰ

2063 736 2285 807 βιϐλίοις
2312 736 2682 806 προσανὲχων,
2716 737 2812 789 καὶ
2835 735 2955 788 καθ’
2987 735 3222 806 ἡσυχίαν
3255 726 3617 795 ἑαυτῷ
3674 740 3746 775 5-.

2062 829 2303 897 νόμενος.
2355 828 2629 890 Τοιούτοις
2680 827 2923 898 σχήμασί
2956 844 3014 879 τε
3059 827 3153 879 καὶ
3190 824 3703 890 πλάσματα

2063 915 2289 978 πολλοὺς
2332 914 2617 980 δελεάζων,
2673 915 2837 989 μέχρι
2885 915 3074 987 πόρρω
3119 912 3455 985 προῆλθε
3538 909 3729 974 τῆς

2063 1003 2209 1067 κίας,
2241 1006 2302 1057 τὸ
2329 1004 2505 1058 δοκεῖν
2534 995 2859 1077 Χριστιανὸς
2891 1002 3029 1059 εἶναι
3065 1004 3172 1076 πρὸ
3213 1003 3330 1056 τοῦ
3402 995 3703 1053 εἶναι
3764 998 3777 1049 ἑ

2062 1110 2193 1152 κων,
2227 1095 2319 1147 καὶ
2354 1098 2453 1164 τῆς
2480 1093 2574 1147 τοῦ
2618 1094 2855 1164 Χριστοῦ
2880 1094 3039 1163 δόξης
3077 1092 3178 1162 τὴν
3215 1088 3565 1145 ἑαυτοῦ
3664 1105 3777 1152 1-,;

2066 1186 2202 1255 μῶν.
2271 1186 2424 1240 Ἐπεὶ
2476 1186 2567 1246 δὲ,
2625 1186 2765 1239 κατὰ
2798 1186 2860 1240 τὸ
2910 1186 3200 1256 εἰρημένον
3263 1182 3369 1253 τῷ
3490 1184 3795 1233 Δξσπε

2069 1294 2087 1327 ι
2122 1276 2287 1329 Ούδὲν
2323 1278 2583 1345 κρυπτὸν,
2609 1278 2636 1329 ὂ
2664 1278 2723 1330 ού
2758 1276 3151 1347 γνωσθήσεται,
3170 1276 3303 1329 οὐδὲ
3332 1274 3635 1328 ἁπᾷκ
3648 1291 3801 1342 pa;

2061 1367 2090 1420 ὃ
2109 1368 2169 1420 ού
2205 1366 2279 1439 μὴ
2304 1370 2383 1431 είς
2404 1368 2636 1438 φανερὸν
2652 1368 2812 1441 ἔλθῃσ
2846 1387 2863 1419 ι
2890 1368 3007 1432 καὶ,
3034 1387 3052 1420 ι
3086 1367 3167 1420 Τὰ
3185 1366 3349 1420 καλὰ
3404 1364 3695 1435 ἔργα

2061 1465 2198 1536 δηλά
2230 1466 2363 1527 ἐστι,
2394 1465 2487 1517 καὶ
2517 1465 2584 1517 τὰ
2627 1464 2799 1528 ἄλλως
2836 1464 3027 1534 ἔχοντα
3077 1462 3379 1533 κρυϐῆναι
3474 1460 3605 1513 οὐ
3686 1460 3803 1510 ειη

2063 1572 2185 1610 ται*
2228 1574 2245 1606 ›
2272 1555 2411 1609 κατὰ
2449 1555 2547 1625 τὴν
2574 1554 2979 1624 ἀνεξιχνίαστον
3006 1554 3082 1624 (6)
3104 1554 3217 1606 τῶν
3250 1553 3365 1606 τοῦ
3416 1552 3691 1606 Θεςῦ
3725 1569 3804 1620 χοι

2075 1647 2259 1716 μάτων
2288 1645 2548 1711 ἄϐυσσον,
2581 1645 2675 1698 καὶ
2715 1644 3028 1714 Νεστόριος,
3071 1645 3243 1713 ψήφῳ
3288 1642 3463 1694 τῶν

3588 452 3609 463 δ

3532 1642 3804 1710 tate-3.4

2072 1738 2321 1809 βασίλεια
2351 1742 2443 1791 καὶ
2482 1737 2609 1800 τοὺς
2632 1736 2878 1807 θρόνους,
2910 1737 3005 1789 καὶ
3038 1734 3203 1789 αὐτοῦ
3229 1735 3338 1787 τοῦ
3378 1752 3583 1802 την
3598 1734 3804 1785 ικαὶ

2069 1831 2168 1900 τῆς
2200 1830 2525 1898 οἰκουμένης
2558 1830 2624 1882 τὰ
2658 1830 2914 1898 σκῆπτρα
2948 1827 3255 1887 διέποντος,
3276 1827 3400 1895 τὴν
3468 1828 3615 1895 (7)
3670 1843 3803 1877 xx:

2070 1919 2478 1972 Κωνσταντινού
2489 1917 2638 1969 πολιν
2660 1917 2765 1970 τῶν
2791 1916 3085 1987 δρθοδόξων
3108 1915 3475 1984 καθολικῆς
3504 1914 3795 1978 Ἐκκὶτ

2074 2008 2196 2072 σίας
2226 2009 2326 2079 τὴν
2362 2007 2651 2078 προεδρίαν
2685 2008 3034 2071 πιστεύεται,
3082 2007 3239 2059 οὐδὲν
3275 2006 3336 2060 δὲ
3388 2002 3668 2078 ἧττον
3710 2023 3799 2057 1.2:

2071 2101 2171 2168 τῆς
2205 2097 2529 2167 οἰκουμένης
2554 2096 2793 2166 ἀπάσης.
2837 2095 3105 2150 Ἐνταῦθά
3132 2114 3221 2164 μοι
3252 2095 3518 2149 λοιπὸν
3560 2098 3703 2148 καὶ
3744 2112 3803 2144 t:

2073 2190 2344 2260 δράματα,
2367 2182 2440 2241 ὧν
2468 2189 2664 2260 μικροῦ
2687 2188 2902 2259 πλήρης
2924 2189 3069 2241 πᾶσα
3095 2188 3164 2257 γῆ
3186 2204 3247 2240 τε
3284 2188 3394 2239 καὶ
3422 2187 3773 2241 Θάλαςπ.

2084 2280 2170 2342 Ὠς
2194 2280 2303 2348 γάρ
2326 2279 2416 2333 τὸν
2440 2279 2693 2347 μέγιστον
2717 2280 2924 2331 ἐκεῖνον
2956 2276 3221 2329 κατέλαϐε
3243 2276 3537 2344 Θρόνον,
3592 2280 3775 2331 3:19;?

2077 2385 2179 2438 περ
2208 2368 2329 2419 τινὰ
2358 2368 2649 2436 τυραννίδα
2675 2367 2773 2435 τῆς
2827 2365 3239 2437 ἀρχιερωσύνης
3291 2368 3408 2437 τὴν
3480 2385 3752 2439 πρεπτ-

2078 2459 2198 2511 σίαν
2231 2458 2500 2527 ἀρπάσας,
2524 2458 2707 2510 οὐκετι
2747 2458 2997 2527 κατέχειν
3041 2459 3097 2511 ὲν
3134 2458 3323 2529 ἐαυτῷ
3370 2459 3519 2530 τὴν
3582 2460 3753 2512 ὠδῖνα

2075 2550 2172 2618 τῆς
2197 2548 2450 2611 ἀσεϐείας
2476 2543 2590 2612 οἷός
2617 2566 2677 2601 τε
2698 2545 2787 2619 ἦν,
2816 2549 2932 2602 ἀλλ’
2961 2550 3069 2604 ἀπὸ
3089 2551 3187 2620 τῆς
3215 2550 3537 2615 ἐξουσίας
3572 2568 3741 2622 raw:-

2076 2638 2257 2692 λαϐὼν
2287 2639 2475 2711 ἀμαθῆ
2507 2640 2842 2712 παρρησίαν,
2880 2642 2960 2705 είς
2992 2641 3156 2712 μέσον
3188 2641 3323 2709 ἄγει
3357 2644 3479 2697 καὶ
3528 2645 3737 2715 etpri-
3774 2674 3777 2715 λ

2079 2730 2237 2802 θηέιν
2270 2733 2493 2798 ἅπασιν,
2523 2732 2589 2802 ἢν
2612 2733 2778 2785 πάλαι
2808 2733 3069 2787 συνέλαϐε
3094 2734 3171 2804 (8)
3196 2735 3359 2789 κατὰ
3391 2736 3519 2789 τοῦ

2078 2824 2269 2890 γενοῦς
2302 2823 2681 2894 βλασφημίαν⁸
2708 2824 2803 2876 καὶ
2834 2824 3069 2895 πόλεμον
3098 2824 3377 2894 ἄντικρυς
3413 2826 3601 2879 κατά
3630 2826 3723 2875 τέλη

2078 2913 2459 2967 ἀποστολικῶν
2484 2916 2718 2986 αἱρεῖται
2744 2916 3051 2985 δογμάτων,
3086 2917 3178 2969 καὶ
3204 2916 3322 2969 τῶν
3364 2919 3581 2985 ἁγίων
3628 2933 3725 2967 ττι-

2085 3006 2141 3058 τέ
2153 3022 2282 3077 ρων,
2316 3006 2424 3059 τῶν
2452 3006 2543 3075 ἀφ’
2567 3000 2627 3060 οὗ
2652 3007 2966 3078 κατηγγέλη
3010 3005 3084 3079 (9)
3118 3007 3178 3059 τὸ
3207 3008 3595 3076 Εὗαγγέλιον

2086 3096 2193 3150 τῶν
2239 3097 2533 3167 ὀρθοδόξων
2583 3096 3058 3168 καθηγησαμένων
3108 3100 3378 3165 πίστεως,
3438 3098 3711 3152 ὲκῧαλεξς

2086 3188 2343 3257 πειρᾶται
2365 3189 2491 3250 τοὺς
2520 3187 2712 3255 λόγους
2737 3202 2751 3217 ·
2786 3188 3069 3258 ταράττων
3111 3188 3209 3259 μὲν
3245 3190 3354 3260 τῆς
3416 3189 3695 3259 βασιλίδας

2087 3276 2293 3340 πόλεως
2318 3278 2417 3348 τὴν
2462 3276 2811 3347 Ἐκκλησίαν,
2836 3277 3121 3348 ταράττων
3150 3277 3207 3330 δὲ
3247 3278 3348 3330 καὶ
3384 3279 3493 3349 τὴν
3516 3279 3688 3347 pimu-

2087 3369 2257 3439 μένην
2293 3370 2541 3435 ἅπασαν,
2584 3368 2737 3425 οὐδὲν
2770 3367 2866 3422 τοῦ
2894 3368 3180 3422 θεσπεσίου
3215 3368 3451 3423 Παύλου
3488 3382 3684 3436 κεκρα-
3756 3367 3763 3429 ί

2087 3462 2245 3527 γότος
2287 3461 2784 3532 ἐπιστρεφόμενος·
2822 3479 2840 3511 ι
2882 3460 2941 3513 '0
2969 3460 3025 3513 δὲ
3063 3460 3357 3530 ταράσσων
3412 3461 3570 3530 ὑμᾶς
3598 3457 3684 3526 βτ-

2084 3536 2354 3605 στάσειτὸ
2383 3554 2574 3623 κρῖμα,
2605 3554 2755 3616 ὅστις
2780 3552 2846 3607 ἂν
2976 3572 2994 3603 ι
3024 3552 3164 3604 Ἀλλ’
3189 3552 3285 3604 ἐπὶ
3317 3551 3427 3621 τὴν
3464 3550 3674 3619 λυχνίαν

2081 3642 2177 3696 τοῦ
2214 3643 2357 3696 θείου
2384 3643 2491 3695 τῶν
2520 3642 2821 3715 ἀρχιερέων
2854 3640 3120 3712 βήματος,
3153 3641 3215 3693 ού
3242 3643 3341 3694 τὸν
3362 3640 3574 3712 λύχνον
3592 3638 3675 3703 τῆς

2087 3741 2363 3813 ἀληθείας,
2404 3740 2539 3794 ἀλλά
2582 3740 2673 3793 τὸν
2720 3739 2882 3808 ζόφον
2912 3737 3095 3809 τίθησι
3120 3739 3221 3809 τῆς
3248 3737 3520 3801 ἀσεϐείας
3548 3733 3665 3805 (10).

2087 3831 2300 3884 Γίνεται
2324 3828 2379 3881 δὲ
2411 3827 2557 3898 αὐτῷ
2590 3827 2805 3899 πρῶτον
2834 3826 2935 3895 τῆς
2964 3826 3323 3897 καινοτομίας
3341 3826 3665 3897 ἐγχείρημα.

2086 3920 2147 3973 τὸ
2188 3919 2264 3990 μὴ
2290 3919 2399 3971 δεῖν
2437 3918 2536 3989 τὴν
2569 3918 2733 3987 ἁγίαν
2782 3918 3079 3990 Παρθένον,
3110 3919 3210 3989 τὴν
3254 3917 3354 3971 τοῦ
3395 3916 3537 3970 Θεοῦ
3568 3911 3666 3983 (Η)

2088 4009 2262 4079 Λόγου
2290 4008 2432 4064 κατὰ
2457 4010 2636 4081 σάρκα
2667 4011 2898 4083 μητέρα,
2925 4009 3186 4064 Θεοτόκον
3206 4009 3521 4080 ὁμολογεῖν,
3537 4006 3658 4076 Χρι-

2089 4101 2339 4154 στοτόκον
2371 4101 2429 4153 δὲ
2461 4102 2644 4171 μόνον,
2677 4101 2786 4155 τῶν
2818 4100 2985 4157 πάλαι
3010 4102 3103 4155 καὶ
3146 4102 3434 4171 πρόπαλαι
3460 4100 3559 4169 τῆς
3580 4096 3659 4164 ὀρ-

409 4187 623 4254 θοδόξου
674 4187 909 4251 πίστεως
964 4182 1222 4255 κηρύκων
1275 4180 1417 4235 κατὰ
1444 4179 1552 4250 τὴν
1606 4180 1971 4257 ἀποστολικὴν
2011 4189 2312 4259 παράδοσιν
2359 4189 2619 4244 Θεοτόκον
2648 4190 2971 4254 διδαξάντων
3008 4189 3298 4259 ὀνομάζειν
3342 4206 3402 4241 τε
3446 4185 3656 4257 (12):.1':

408 4278 686 4332 πιστεύειν
717 4278 814 4349 τὴν
848 4275 943 4329 τοῦ
1010 4272 1215 4344 Κυρίου
1260 4271 1492 4343 μητέρα.
1525 4271 1661 4340 Φέρε
1698 4271 1762 4343 δὴ
1826 4271 1919 4330 οῦν
1961 4295 2053 4347 μοι
2090 4278 2276 4332 λοιπόν
2303 4279 2403 4350 τὴν
2435 4279 2755 4352 βλάσφημον
2792 4278 3137 4350 τεχνολογίαν
3162 4319 3177 4345 ,
3214 4279 3312 4332 καὶ
3347 4278 3658 4349 παρατήρηι

412 4387 495 4421 σιν
525 4371 698 4423 οὐδενὶ
731 4371 993 4440 πρότερον
1026 4366 1396 4437 ἐγνωσμένην,
1421 4367 1500 4426 είς
1526 4365 1689 4433 μέσον
1718 4367 1829 4435 (15)
1850 4370 2173 4441 ἀγάγωμεν.

486 4459 696 4529 1045
747 4457 950 4513 Christi
1002 4454 1328 4526 appellatio,
1383 4456 1590 4525 inquit,
1642 4456 1778 4511 duas
1824 4468 1986 4514 natu-
2022 4465 2065 4519 D

410 4559 500 4598 ras
536 4544 840 4613 signiﬁcat,
879 4543 1221 4599 divinitatem
1258 4542 1571 4614 Unigeniti,
1620 4553 1678 4599 et
1726 4546 1984 4603 humani-

412 4640 579 4687 tatem
610 4650 623 4685 :
650 4633 746 4687 Dei
780 4641 959 4688 autem
996 4650 1101 4688 vox
1128 4635 1378 4690 absolute
1416 4636 1646 4704 prolata,
1677 4638 1984 4707 simplicem

410 4729 469 4777 et
532 4722 911 4791 incorpoream
971 4725 1065 4779 Dei
1123 4724 1288 4780 Verbi
1358 4726 1721 4781 substantiam
1782 4745 1986 4800 περι-εε-

412 4822 592 4870 sentat
632 4833 645 4868 :
683 4816 920 4870 hominis
975 4832 1141 4883 vero,
1210 4818 1379 4873 solam
1438 4818 1733 4875 humanam
1772 4824 1789 4839 '
1828 4833 1988 4878 natu—

411 4922 531 4963 ram
596 4908 854 4963 ostendit.
910 4909 1208 4978 Propterea
1279 4909 1713 4980 Christiparam,
1775 4914 1985 4984 inquit,

408 5008 469 5054 et
500 5014 611 5053 non
652 4998 939 5069 Deiparam
986 4998 1264 5069 Virginem
1314 4997 1473 5053 fateri
1507 5016 1732 5056 necesse
1769 5014 1873 5069 est,
1917 5023 1987 5062 ne

486 5135 501 5165 ί
536 5135 702 5189 Marc.
737 5151 810 5202 IV,
835 5134 927 5189 22.
1002 5138 1023 5168 ¹
1052 5136 1074 5190 Ι
1105 5135 1246 5190 Tim.
1281 5151 1337 5201 ν,
1364 5135 1455 5191 25.
1532 5137 1553 5168 ³
1581 5137 1754 5194 Galat.
1785 5157 1841 5206 ν,
1867 5142 1960 5197 10.

490 5245 563 5316 (6)
597 5246 770 5327 Sp'pra
795 5262 919 5327 pag.
956 5247 1092 5327 εἷο,
1112 5248 1218 5327 leg.
1265 5250 1625 5321 ἀνιχνίαστον.
1670 5251 1777 5309 Alii
1811 5254 1992 5322 ἀνεξί-

416 5331 605 5368 κακον.
635 5316 831 5379 VideJ.
861 5316 908 5372 ὁ.
944 5319 1118 5373 schol.
1146 5316 1234 5375 9'5.

511 5384 563 5455 ῑ)
597 5385 733 5439 lbid.
769 5389 891 5455 τῆς.

512 5451 564 5534 gl
596 5451 943 5534 σςδνξληῐὴίᾶ.
984 5469 1105 5527 post
1132 5459 1389 5534 meimei
1420 5464 1619 5532 Μονογ.
1650 5465 1891 5534 ponitur.

512 5520 734 5601 inibid.
898 5544 958 5601 ου
987 5520 1355 5601 κατηγγέλθη.

520 5586 603 5657 ιο)
637 5592 725 5643 άσ.
757 5586 885 5660 Alii,
917 5586 1200 5665 ἀσαφειείςὶ
1225 5586 1347 5655 Vid'.
1378 5618 1496 5673 pag.
1534 5603 1657 5668 371,
1687 5604 1856 5658 schol.
1890 5602 1977 5657 97.

2177 4461 2242 4516 Ἠ
2259 4461 2354 4517 τοῦ
2381 4464 2618 4535 Χριστοῦ
2646 4463 3191 4537 προσηγορίαξφησὶ,
3214 4464 3325 4518 τῶν
3342 4463 3436 4516 δύο
3456 4460 3655 4530 nptiae-.41?

2091 4551 2208 4605 ἐστι
2248 4552 2579 4624 σημαντικὴ,
2627 4555 2727 4623 τῆς
2765 4571 2823 4607 τε
2873 4554 3125 4627 θεότητος
3161 4553 3257 4607 τοῦ
3305 4552 3649 4622 Μονογενοῦξ,

2089 4644 2306 4715 καὶτῆς
2332 4644 2747 4716 ἀνθρωπότητος
2770 4661 2786 4676 ο
2816 4647 2849 4716 ἡ
2879 4645 2936 4698 δὲ
2966 4646 3058 4699 τοῦ
3088 4646 3223 4699 Θεοῦ
3259 4646 3553 4709 ἀπολύτως
3581 4646 3650 4696 lt:-

2088 4735 2292 4807 γομένη
2309 4737 2459 4807 φωνὴ
2479 4736 2611 4806 (14),
2638 4736 2736 4807 τὴν
2768 4736 2946 4807 ἁπλῆν
2977 4738 3069 4790 και
3099 4736 3394 4807 ἀσώματον
3417 4735 3516 4789 τοῦ
3541 4732 3647 4789 Θεοῦ

2088 4826 2263 4895 Λόγου
2286 4827 2614 4899 παρίστησιν
2648 4828 2834 4881 ούσίαν
2854 4842 2867 4856 ·
2901 4830 2935 4899 ἡ
2960 4828 3017 4881 δὲ
3046 4827 3141 4881 τοῦ
3161 4829 3481 4901 ἀνθρώπου,
3506 4828 3650 4898 μόνην

2089 4918 2186 4989 τὴν
2215 4918 2560 4989 ἀνθρωπείαν
2600 4919 2946 4974 ὑποδείκνυσι
2986 4920 3178 4990 φύσινο
3216 4921 3304 4974 διὰ
3339 4922 3503 4975 τοῦτο
3538 4921 3647 4991 Χρι.

2092 5010 2342 5065 στοτόκον
2376 5011 2563 5081 φησιν,
2601 5011 2715 5067 ἀλλ’
2744 5013 2807 5066 ού
2827 5012 3087 5068 Θεοτόκον
3113 5014 3210 5086 τὴν
3237 5012 3519 5084 Παρθένον
3542 5015 3648 5083 ὁμο·

2168 5260 2276 5333 (υ)
2321 5260 2459 5333 Ibid.
2508 5260 2745 5333 frigurbv
2782 5262 2875 5333 τοῦ
2918 5264 3054 5318 Θεοῦ
3100 5265 3271 5332 Λόγον
3306 5266 3577 5321 τεκοῦσαν
3603 5259 3646 5324 ἔξ

2301 5332 2476 5405 σάρκα
2506 5330 2762 5396 λαϐόντα,
2782 5332 3050 5405 ᾲΘεοτόκον
3078 5330 3383 5405 ὁμολογεῖν.

2164 5398 2275 5473 (l2)
2302 5398 2384 5473 re.
2415 5403 2540 5457 Des.
2570 5419 2755 5473 supra,
2782 5403 2819 5456 ι.
2846 5420 2895 5458 c.

2164 5471 2275 5543 (l5)
2304 5472 2485 5539 μέσον.
2516 5471 2654 5527 Ibid.
2687 5490 2875 5543 prtem.
2904 5475 2983 5527 τό.

2316 5545 2487 5613 φωνή.
2521 5541 2813 5599 Inserenda
2850 5543 2951 5598 fuit
3001 5545 3116 5601 hzee
3150 5560 3275 5613 vox,
3325 5562 3446 5616 quae
3493 5548 3638 5601 exstat

2178 5628 2210 5664 ο
2282 5647 2293 5660 .

2088 5622 2141 5675 p.
2178 5622 2293 5664 an.
