3924 6192
408 187 549 254 1ὶ57

1469 190 1843 252 LIBELLUS
1875 187 2176 249 CONTRA
2212 184 2685 248 NESTOBIUM.

3536 186 3673 254 1158

408 305 593 380 λογεῐν
624 301 935 371 ἀναγκαῖον,
971 303 1181 372 μήποτε
1215 302 1470 373 λάθωμεν
1502 302 1678 375 ἀρχὴν
1716 302 1813 357 τοῦ
1842 298 1969 356 εἶναι

2089 298 2470 369 imprudentes
2521 297 2775 354 dicamus
2820 297 2994 353 Deum
3048 296 3291 354 Verbum
3342 300 3563 359 initium
3602 320 3672 361 ex

406 394 660 462 λέγοντες
684 392 774 446 τὸν
795 391 927 445 Θεὸν
951 394 1125 463 Λόγον
1161 396 1225 446 ἐκ
1246 394 1347 465 τῆς
1369 393 1532 462 ἀγίας
1553 392 1831 465 εἰληφέναι
1871 392 1982 464 (l5)

406 481 709 553 Παρθένου,
737 481 830 535 καὶ
866 479 1011 535 οὕτω
1036 482 1469 554 προγενεστέραν
1503 482 1601 552 τὴν
1640 481 1851 552 μητέρα
1886 479 1982 534 τοῦ

409 574 758 645 γεννηθέντος
786 574 845 642 ἐξ
890 576 1061 645 αὐτῆς
1093 575 1235 629 κατά
1275 575 1338 628 τὸ
1381 574 1670 628 ἀκόλουθον
1699 574 1985 644 ὁμολογεῖν

409 665 739 737 βιασθῶμεν.
775 666 892 721 ἰνα
918 667 975 722 δὲ
1012 667 1085 739 μὴ
1110 667 1245 733 δόξω
1269 666 1559 738 λοιδορίαις
1594 667 1778 726 κεναῖς
1808 664 1983 719 ταῦτα

405 756 498 811 τοῦ
529 757 722 830 ἀνδρὸς
760 760 1109 830 κατηγορεῖν,
1157 758 1320 812 αὑτὸν
1358 758 1566 811 ἐκεῖνον
1605 750 1689 820 οἷς
1727 752 1849 809 εἰπε
1878 755 1983 826 τῆς

404 846 610 911 οίκείας
637 846 893 910 ἀσεϐείας
918 848 1214 919 ποιήσομαι
1246 846 1517 918 μάρτυρα.
1549 845 1670 899 Τῶν
1701 845 1810 915 γὰρ
1842 845 1980 898 ἀπο-

406 939 669 994 στολικῶν
700 939 1068 1017 διδαγμάτων,
1093 939 1188 994 καὶ
1215 939 1419 1001 παντὸς
1452 937 1608 1006 ἁγίου
1638 938 1857 1008 μνήμην
1880 937 1980 1007 τῆς

405 1030 602 1085 ἑαυτοῦ
645 1031 886 1096 διανοίας
936 1032 1292 1103 ὑπερορίσας,
1336 1032 1397 1084 ὲν
1426 1032 1493 1102 τῇ
1537 1029 1649 1085 τῶν
1686 1027 1979 1099 ὀρθοδόξων

308 1189 312 1192 ς
419 1122 712 1195 Ἐκκλησία
744 1122 945 1188 πολλὰς
995 1122 1255 1186 τοιαύτας
1295 1120 1552 1192 ἐξεϐόησε
1591 1117 1809 1189 φωνάς·
1864 1118 1979 1172 Οὐκ

400 1205 588 1266 ἔτεκεν
621 1213 733 1284 (16)
754 1256 773 1285 ι
804 1208 849 1268 ὦ
879 1214 1124 1285 βέλτιστε
1150 1252 1165 1278 ,
1199 1213 1392 1285 Μαρία
1438 1212 1595 1274 Θεὸν,
1631 1211 1747 1266 ἀλλ’
1794 1210 1977 1264 ἔτεκεν

399 1256 1398 1377 sane?g.;.;;.;';;;.;;;i'i;
1417 1256 1976 1373 έξῖέὲρξέξάἒὶὲἑζρ

400 1393 699 1465 φληνάφοις
714 1412 729 1428 σ
767 1396 1125 1467 ’Δνέγκλητος
1146 1395 1368 1466 Ἕλλην,
1399 1393 1612 1466 μητέρα
1628 1393 1775 1457 θεοῖς
1799 1392 1980 1446 ἐπεισ-

2086 400 2276 447 sancta
2296 391 2523 462 Virgine
2545 390 2865 461 sumpsisse,
2884 400 3048 461 atque
3067 389 3144 446 ita
3162 391 3525 462 antiquiorem
3552 410 3639 452 ma
3657 428 3671 438 -

2087 490 2235 538 trem
2267 483 2454 553 ecqui
2481 500 2551 540 ex
2589 498 2654 539 ea
2688 491 2853 540 natus
2890 491 2996 548 est,
3033 497 3103 538 ex
3140 472 3501 554 consequenti
3541 502 3673 541 con-

2085 569 2230 626 ﬁteri
2260 585 2541 641 cogamur.
2571 572 2650 627 Ne
2679 572 2868 628 videar
2901 580 3085 629 autem
3125 572 3383 629 inanibus
3401 575 3672 633 conviciis

2083 662 2203 719 haec
2247 662 2304 719 in
2349 663 2502 719 illum
2530 665 2760 735 jactare,
2792 664 2945 718 illum
2981 663 3161 733 ipsum
3202 664 3321 719 suis
3358 650 3551 720 'vcrbis
3586 677 3669 722 tc-

2082 759 2224 809 stem
2259 752 2596 831 producam.
2626 752 3070 822 Apostolicorum
3116 753 3265 809 enim
3309 753 3670 811 doeumento~

2082 859 2227 909 rum,
2265 852 2324 899 et
2366 852 2684 900 sanctorum
2727 859 3185 914 quorumcunque
3227 844 3548 899 memoriam
3602 861 3669 902 ex

2080 931 2413 1003 cogitatione
2446 947 2548 987 sua
2578 932 2977 997 exterminans,
3004 932 3057 988 in
3097 933 3535 989 orthodoxorum
3561 935 3668 991 Ec-

2078 1022 2247 1078 clesia
2275 1023 2476 1079 multas
2509 1023 2823 1081 istiusmodi
2861 1039 3026 1080 voces
3054 1024 3229 1080 edidit
3272 1043 3286 1079 :
3332 1026 3455 1081 Non
3495 1042 3665 1096 pepe-

2076 1114 2173 1182 rit,
2196 1117 2394 1187 optimi
2423 1117 2553 1181 viri,
2576 1115 2748 1171 Maria
2780 1117 2974 1181 Deum,
3016 1117 3113 1172 sed
3145 1117 3426 1174 hominem
3451 1120 3667 1193 peperit

2076 1207 2388 1265 divinitatis
2415 1209 2868 1265 instrumentum.
2902 1209 2971 1263 Et
2999 1208 3057 1263 in
3080 1209 3204 1265 aliis
3234 1214 3427 1267 rursus
3454 1212 3663 1283 magis:

2076 1300 2436 1371 Culpa‘vacat
2464 1301 2705 1372 gentilis,
2734 1300 2831 1371 qui
2861 1299 2969 1358 diis
3004 1309 3238 1356 matrem
3270 1301 3504 1358 inducit.
3539 1304 3666 1359 Haec

2076 1407 2107 1447 a
2130 1408 2217 1447 me
2248 1407 2421 1462 pauca
2456 1393 2524 1448 de
2550 1393 2741 1448 multis
2763 1392 2910 1446 dicta
2953 1391 3085 1457 sint,
3123 1391 3252 1447 dum
3284 1392 3351 1448 ad
3379 1394 3664 1464 sequentia

310 2736 315 2741 ι
394 2681 521 2735 μεν.

395 1485 568 1554 άγων.
596 1484 783 1542 Ταῦτα
807 1487 908 1559 μὲν
935 1486 1011 1552 ὡς
1035 1488 1144 1542 ἀπὸ
1168 1486 1379 1541 πολλῶν
1402 1486 1560 1556 ὀλίγα
1589 1500 1680 1555 μοι
1706 1483 1814 1538 τῶν
1830 1482 1969 1536 ὲκεί-

2074 1482 2300 1540 l‘estinat
2322 1484 2520 1540 oratio.
2545 1483 2703 1540 Unde
2730 1483 2992 1553 quoniam
3016 1483 3291 1539 horrenda
3328 1494 3505 1540 morte
3541 1502 3665 1555 per-

396 1590 490 1629 νου
536 1575 677 1640 τέως
730 1578 988 1649 εἰρήσθω,
1036 1577 1176 1649 πρὸς
1207 1577 1274 1630 τὰ
1304 1574 1433 1647 ἑξῆς
1478 1574 1836 1644 ἐπειγομένου
1879 1571 1969 1626 mi

2076 1575 2239 1632 ibunt
2268 1577 2448 1647 impii,
2485 1575 2809 1647 pontiﬁcatu
2833 1590 2933 1645 per
2958 1584 3178 1631 sanctos
3206 1575 3407 1645 Ephesi
3432 1591 3662 1647 congre-

396 1663 578 1734 λόγου.
608 1665 772 1721 Ὅθεν
786 1641 991 1738 ’ἐπειδη
1023 1641 1240 1738 θανάτῳ
1261 1641 1481 1737 ἐξαισίῳ
1509 1641 1836 1720 ἀπολοῦνται
1868 1681 1969 1717 πα-

2079 1677 2232 1739 gates
2258 1641 2472 1739 1m
2486 1641 2690 1722 vdivino
2730 1641 2993 1739 sulfragio
3017 1641 3269 1736 dejectus
3296 1675 3402 1732 est,
3429 1675 3485 1721 et
3503 1641 3661 1738 jussu

396 1755 645 1827 ράνομοι,
661 1757 761 1827 τῆς
790 1773 852 1811 τε
890 1757 1298 1830 ἀρχιερωσύνης
1320 1758 1409 1811 διά
1431 1757 1543 1810 τῶν
1563 1759 1620 1810 ὲν
1631 1755 1844 1826 Ἐφέσῳ
1861 1756 1969 1827 (l7)

2080 1759 2432 1828 imperatoris
2467 1757 2650 1815 Oasim
2690 1758 2940 1813 habitare
2985 1758 3195 1827 jussus,
3239 1757 3412 1812 futuri
3458 1758 3663 1829 impio-

400 1847 897 1920 συναθροισθέντων
926 1851 1098 1919 ἁγίων
1124 1849 1351 1920 ὑπὸίτῆς
1382 1848 1536 1912 θείας
1564 1847 1852 1914 ὲξεϐάλετο
1869 1848 1969 1919 ψή-

2079 1866 2201 1904 rum
2245 1849 2503 1920 supplicii
2537 1850 2690 1905 illinc
2723 1848 2959 1919 sumpsit
2985 1848 3296 1914 exordium,
3339 1865 3450 1905 suae
3488 1850 3663 1920 ipsius

397 1953 521 2006 φου,
555 1936 648 1991 καί⁵
674 1937 937 2008 βασιλικῷ
963 1938 1194 2010 νεύματι
1218 1939 1318 2011 τὴν
1339 1940 1532 1992 Ὄασιν
1556 1937 1969 2001 καταδικασθεὶς

2078 1943 2335 1999 amentia
2374 1943 2550 1999 factus
2586 1942 2913 2006 ludibrium,
2944 1951 3002 1998 et
3050 1943 3107 1997 in
3159 1958 3219 1998 se
3266 1941 3473 1997 dictum
3522 1942 3659 1998 illud

394 2030 587 2097 οἰκεῖν,
612 2029 711 2099 τῆς
731 2028 1030 2101 μελλούσης
1059 2032 1170 2084 τῶν
1190 2031 1404 2085 ἀσεϐῶν
1423 2031 1700 2094 κολάσεως
1721 2028 1969 2085 ἐντεῦθεν

2078 2034 2363 2103 complens
2394 2033 2639 2102 Apostoli
2681 2050 2694 2085 :
2739 2051 2758 2085 ‹
2797 2032 3173 2098 Quorumdam
3213 2031 3498 2090 hominum
3529 2049 3658 2104 pec-

393 2119 612 2184 ὲδὲξατο
629 2121 699 2175 τὰ
731 2121 1016 2193 προοίμια,
1059 2123 1441 2194 παρανάλωμα
1473 2122 1574 2194 τῆς
1605 2122 1812 2184 οἰκείας
1840 2137 1969 2191 φρε-

2076 2131 2198 2178 cata
2229 2121 2518 2177 manifesta
2548 2129 2697 2186 sunt,
2731 2121 3100 2192 praecedentia
3143 2121 3212 2177 ad
3250 2121 3520 2192 judicium
3551 2122 3591 2176 ⁴.
3630 2140 3650 2172 ι

394 2209 714 2278 νοϐλαϐείας
755 2215 1067 2285 γενόμενος,
1098 2215 1193 2268 καί
1235 2216 1321 2284 ἐφ’
1352 2213 1531 2284 ἑαυτῷ
1570 2211 1866 2283 πληρώσας
1910 2211 1969 2263 τὸ

2076 2211 2185 2269 Sed
2211 2212 2328 2267 haec
2359 2212 2605 2281 quidem,
2637 2218 2697 2265 ut
2722 2226 2845 2280 quae.
2872 2210 2942 2264 ab
2968 2209 3093 2264 aliis
3126 2210 3318 2267 multis
3349 2211 3656 2265 examinata

391 2301 752 2359 ἀποστολικδν
806 2306 983 2359 ἐκεῖνο
1037 2305 1240 2374 λόγιον,
1282 2306 1363 2358 ὄτι
1401 2302 1625 2357 «Τινῶν
1671 2299 1969 2372 ἀνθρώπων

2076 2310 2231 2366 sunt,
2259 2304 2541 2372 praeterire
2586 2309 3021 2356 consentaneum
3061 2308 3167 2356 est.
3216 2302 3514 2374 Pergamus
3558 2302 3657 2372 igi-

394 2394 450 2448 αἰ
489 2395 752 2467 ἁμαρτίαι
789 2374 1231 2471 πρόθηλοίέίσιν,
1256 2398 1597 2467 προάγουσαι
1624 2396 1704 2456 είς
1733 2392 1966 2462 κρίσιν.»

2076 2401 2169 2446 tur
2204 2392 2271 2447 ad
2312 2392 2620 2461 sequentia,
2655 2399 2713 2447 et
2743 2389 2812 2446 ad
2844 2398 3164 2447 sanctorum
3190 2390 3413 2445 Patrum
3445 2390 3644 2446 confes

408 2483 568 2538 Ἀλλά
595 2487 767 2541 ταῦτα
793 2488 913 2557 μὲν,
934 2488 1009 2551 ὡς
1038 2488 1133 2541 καὶ
1162 2486 1344 2550 ἄλλοις
1371 2485 1586 2547 πολλοῖς
1609 2482 1969 2558 ἐξητασμένα,

2073 2482 2286 2536 sionem
2319 2483 2627 2537 veniamus.

397 2578 778 2655 παραδραμεῖν
808 2583 1125 2651 ἀναγκαῖον.
1164 2581 1290 2638 Ἑπὶ
1319 2582 1431 2656 (18)
1467 2581 1525 2636 δὲ
1552 2580 1624 2634 τά
1658 2577 1783 2648 ἑξῆς
1806 2579 1996 2647 ἴωμεν,
2035 2579 2130 2631 καὶ
2155 2581 2233 2643 εἰς
2261 2580 2362 2649 τὴν
2398 2578 2507 2632 τῶν
2556 2578 2729 2647 ἁγίων
2756 2579 3021 2650 Πατὲρων
3050 2579 3341 2649 ὁμολογίαν
3380 2576 3653 2649 μετέλθω-

477 2760 671 2832 Ἦμεῖς
703 2762 817 2826 τοῖς
852 2746 1225 2833 εὐαγγελικοῖς
1262 2764 1358 2818 καὶ
1402 2765 1784 2828 ἀποστολικοῖς
1832 2779 1969 2815 παν-

2148 2758 2283 2820 Nos,
2309 2756 2640 2826 evangelicis
2674 2764 2734 2812 et
2781 2755 3097 2827 apostolicis
3140 2756 3344 2828 ubique
3389 2759 3653 2831 dogmati.

393 2850 562 2925 ταχοῦ
591 2853 904 2924 πειθόμενοι
928 2851 1182 2923 δόγμασι,
1215 2856 1357 2909 κατὰ
1390 2856 1487 2927 τὴν
1512 2857 1815 2928 παράδοσιν
1858 2853 1969 2908 τῶν

2082 2850 2187 2904 bus
2213 2848 2603 2917 obsequentes,
2621 2848 2776 2918 juxta
2799 2854 3115 2903 sanctorum
3146 2848 3371 2905 Patrum
3402 2852 3653 2909 traditio-

390 2943 569 3014 ἁγίων
603 2944 886 3015 Πατέρων,
915 2945 1006 2998 τὸν
1032 2945 1161 2998 Θεὸν
1181 2946 1372 3013 Λόγον,
1403 2926 1494 3000 τον
1519 2926 1674 3001 τοῦδε
1709 2948 1804 3002 τοῦ
1833 2967 1969 3003 παν-

2075 2952 2224 3001 nem,
2248 2937 2422 2993 Deum
2444 2936 2708 3001 Verbum,
2734 2936 2973 2992 universi
3006 2937 3171 3019 hujus
3209 2938 3559 2998 Conditorem
3586 2960 3652 3001 ac

393 3033 487 3097 τὸς
535 3035 878 3107 Δημιουργοόν
910 3053 970 3089 τε
1013 3036 1106 3090 καὶ
1150 3036 1387 3109 Κύριον,
1434 3038 1524 3092 τὸν
1574 3041 1833 3112 μονογενῆ
1874 3042 1969 3096 τοῦ

2077 3026 2391 3094 Dominum,
2426 3027 2771 3099 unigenitum
2800 3027 2980 3084 Patris
3011 3028 3231 3097 Filium,
3260 3033 3475 3087 saeculis
3499 3044 3652 3092 aute-

392 3125 610 3195 Πιτρὸς
632 3125 780 3190 Υίδν,
801 3125 893 3178 τὸν
916 3126 1262 3197 πρωιὼνιον,
1285 3128 1377 3182 τὸν
1403 3131 1575 3201 ἀμιγῆ
1606 3131 1856 3201 σώματος
1876 3137 1969 3189 καὶ

2077 3124 2303 3185 riorem,
2342 3121 2590 3190 corporis
2633 3130 2691 3176 et
2738 3123 2984 3179 omnium
3032 3139 3155 3194 quae
3203 3134 3333 3180 sunt
3376 3130 3647 3199 corporis,

394 3216 612 3270 πάντων
666 3217 767 3270 ὅσα
810 3215 1084 3288 σώματος,
1135 3219 1226 3272 τὸν
1262 3219 1444 3273 πάντα
1476 3220 1605 3274 ὄντα
1655 3224 1759 3276 ὅσα
1809 3228 1905 3277 καὶ
1940 3227 1969 3278 ὁ

2074 3220 2377 3282 expertem,
2402 3212 2458 3267 in
2483 3228 2594 3281 quo
2615 3220 2745 3267 sunt
2772 3213 2956 3268 omnia
2982 3229 3106 3283 quae
3142 3216 3200 3270 in
3223 3218 3403 3284 Patre,
3426 3229 3649 3290 praeter-

391 3305 603 3381 Πατὴρ,
638 3304 774 3376 πλὴν
805 3304 922 3369 ἑνὸς
955 3306 1117 3376 μόνου
1150 3306 1243 3361 τοῦ
1276 3303 1417 3362 εἶναι
1449 3306 1638 3381 Πατὴρ
1659 3352 1674 3374 ,
1720 3312 1969 3367 πιστεύο-

2073 3315 2238 3369 quam
2262 3315 2387 3357 esse
2414 3301 2652 3366 Patrem,
2682 3300 2959 3356 credimus
2992 3303 3053 3359 in
3084 3306 3399 3363 novissimis
3428 3310 3644 3376 diebus,

390 3413 495 3466 μεν
522 3397 610 3451 ἐπ’
642 3399 889 3468 ἐσχάτων
918 3397 1028 3451 τῶν
1048 3398 1303 3470 ἡμερῶν,
1341 3399 1447 3453 ὑπὸ
1483 3400 1586 3469 τῆς
1621 3403 1783 3456 αὑτοῦ
1818 3423 1969 3477 κινη-

392 3486 556 3543 θέντα
584 3486 1013 3558 φιλανθρωπίας,
1039 3488 1255 3561 εὐδοκία
1302 3488 1398 3543 τοῦ
1421 3490 1556 3544 Θεοῦ
1600 3493 1695 3546 καὶ
1727 3494 1965 3565 Πατρδς,

390 3580 458 3632 ὲκ
480 3577 580 3648 τῆς
598 3579 761 3647 ἁγίας
786 3578 1086 3650 Παρθένου,
1110 3579 1394 3650 ὁμοούσιον
1413 3584 1478 3654 τῇ
1500 3582 1758 3655 τικτούσῃ
1788 3586 1966 3655 σάρκα

390 3669 624 3725 λαϐόντα
654 3670 752 3726 καὶ
782 3670 1075 3741 γενόμενον
1123 3670 1431 3744 ἄνθρωπον,
1469 3671 1795 3745 γεννηθῆναι
1832 3675 1965 3745 Θεὸν

393 3759 534 3830 μετά
557 3761 651 3814 τοῦ
690 3760 1153 3832 προσλήμματος,
1204 3762 1302 3833 οὐχ
1341 3763 1478 3835 ὅπερ
1506 3759 1580 3836 ἦν
1622 3744 1964 3821 ἀποϐαλόντα

393 3848 623 3921 (τροπῆς
646 3848 757 3922 γὰρ
789 3848 968 3925 πάσης
992 3849 1052 3903 τὸ
1069 3849 1211 3903 θεῖον
1242 3851 1564 3924 ἐλεύθερον),
1585 3853 1722 3907 ἀλλά
1740 3870 1963 3927 προσει-

390 3938 600 4012 ληφότα
621 3940 682 3993 τὸ
713 3940 967 4010 γενέσθαι
1002 3942 1095 3995 καί
1116 3942 1425 4014 ἄνθρωπον.
1455 3945 1676 4011 Τοῦτον,
1709 3947 1850 4001 κατά
1871 3948 1963 4003 τὸν

2068 3405 2172 3445 sua
2222 3391 2397 3460 ipsius
2440 3389 2778 3460 benignitate
2833 3400 3166 3461 permotum,
3212 3396 3418 3467 Deique
3468 3400 3647 3458 Patris

2072 3480 2219 3535 bona
2257 3480 2558 3543 voluntate,
2589 3494 2657 3532 ex
2702 3489 2889 3535 sancta
2927 3478 3153 3551 Virgine
3190 3486 3644 3544 consubstantiali

2069 3584 2233 3627 carne
2261 3579 2477 3639 sumpta
2505 3570 2795 3641 hominem
2814 3569 3040 3636 factum,
3079 3572 3253 3628 Deum
3283 3590 3392 3631 una
3419 3591 3544 3637 cum
3579 3596 3645 3634 eo

2069 3661 2218 3731 quod
2246 3660 2555 3731 .assunipsit
2597 3669 2787 3715 natum
2827 3675 2968 3728 esse,
3002 3678 3113 3721 non
3146 3679 3212 3719 eo
3249 3665 3463 3737 abjecto
3497 3672 3643 3739 quod

2067 3760 2192 3807 erat
2235 3752 2402 3825 (Deus
2446 3751 2651 3822 quippe
2693 3751 2764 3815 ab
2807 3752 2956 3807 omni
3001 3755 3303 3815 mutatione
3337 3758 3478 3814 liber
3513 3762 3641 3832 est),

2067 3843 2168 3900 sed
2214 3844 2319 3900 hoc
2375 3843 2656 3914 adjuncto,
2693 3841 2843 3912 quod
2894 3842 3061 3899 homo
3117 3844 3281 3900 etiam
3323 3847 3502 3905 factus
3548 3852 3638 3908 sit.

2067 3935 2261 3999 Hunc,
2315 3935 2461 3990 sicut
2524 3934 2602 3990 ait
2652 3934 2952 4004 Apostolus
3000 3934 3057 4001 ⁸,
3115 3936 3371 3994 humanis
3423 3956 3642 4013 quoque

389 4026 744 4081 ὀποστολικδν
774 4027 954 4097 λόγον,
982 4030 1311 4101 πειραθῆναι
1337 4032 1430 4085 καὶ
1466 4032 1575 4086 τῶν
1605 4034 1962 4106 ἀνθρωπίνων

2073 4025 2283 4098 1047
2326 4024 2715 4096 aﬂ‘ectionibus
2765 4030 3032 4079 tentatum
3082 4026 3253 4085 fuisse
3297 4045 3397 4101 per
3436 4034 3639 4100 omnia,

389 4116 579 4187 παθῶν
615 4119 758 4174 κατά
790 4122 971 4174 πάντα
991 4161 1008 4187 ,
1043 4121 1168 4176 καθ’
1197 4122 1489 4195 ὁμοιότητα
1530 4125 1639 4179 καὶΔ
1664 4128 1839 4199 νόμον
1868 4129 1960 4185 τὸν

2073 4134 2169 4189 pro
2196 4118 2559 4175 similitudine
2583 4119 2598 4137 ⁶
2622 4125 2679 4171 et
2706 4116 2825 4187 lege
2858 4116 3120 4183 humana,
3151 4120 3362 4193 absque
3392 4135 3638 4193 peccato.

386 4208 746 4282 ἀνθρώπειον,
774 4212 944 4283 χωρὶς
967 4213 1242 4285 ἁμαρτίας
1261 4228 1274 4247 ⁸
1311 4215 1373 4270 τὸ
1415 4215 1527 4289 γὰρ
1555 4218 1830 4290 πεινῆσαι,
1866 4221 1959 4274 καὶ

2073 4212 2341 4268 Esuriisse
2370 4211 2542 4275 enim,
2575 4218 2634 4265 et
2665 4208 2949 4281 fatigatum
2996 4226 3061 4267 ac
3100 4211 3458 4284 lacrymatum
3493 4232 3636 4284 esse,

388 4301 668 4367 κοπιάσαι,
719 4301 814 4355 καὶ
845 4300 1136 4374 δακρῦσαι,
1169 4306 1266 4359 καὶ
1305 4305 1408 4360 ὅσα
1437 4306 1686 4373 τοιαῦτα,
1736 4309 1837 4380 τῆς
1863 4311 1961 4365 ἀν-

2073 4311 2119 4359 st
2161 4302 2270 4358 alia
2319 4273 2611 4371 ejusmodi,
2658 4273 2913 4361 humanae
2956 4308 3169 4358 natum
3218 4273 3504 4361 ireritatem
3544 4273 3640 4363 de;

388 4390 663 4460 θρωπείας
691 4391 906 4462 φύσεως
926 4393 1225 4465 παρίστησι
1250 4396 1351 4468 τὴν
1379 4396 1639 4468 ἀλήθειαν
1657 4415 1672 4430 ⁸
1707 4416 1956 4471 σταυρω-

2073 4400 2371 4449 monstrant
2399 4410 2413 4446 :
2449 4392 2886 4462 criminumque
2911 4408 3031 4450 esse
3065 4393 3171 4448 sub
3214 4393 3409 4449 Pontio
3439 4396 3633 4464 Pilato,

386 4474 545 4546 θῆναί
568 4494 628 4531 τε
657 4479 750 4532 ἐπὶ
777 4478 1006 4532 Ποντίου
1032 4478 1267 4535 Πιλάτου
1282 4501 1305 4551 ·,
1354 4484 1450 4538 καὶ
1502 4484 1793 4542 ἀποθανεῖν
1815 4527 1830 4554 ,
1861 4490 1957 4542 καὶ

2073 4492 2118 4540 et
2150 4493 2431 4539 mortuum
2463 4499 2528 4538 ac
2565 4485 2842 4555 sepultum
2880 4499 3021 4549 esse,
3059 4492 3116 4539 et
3144 4485 3305 4539 tertio
3329 4485 3417 4540 die
3448 4502 3634 4542 resur-

385 4569 642 4637 ταφῆναι,
674 4571 768 4623 καὶ
800 4571 1092 4642 ἀναστῆναι
1126 4574 1192 4643 τῇ
1217 4573 1374 4645 τρίτῃ
1397 4574 1600 4649 ἡμέρᾳ,
1632 4579 1731 4631 καὶ
1756 4581 1954 4652 ἀναλη-

2073 4578 2290 4642 rexisse,
2324 4587 2487 4648 atque
2518 4577 2573 4631 in
2600 4578 2769 4633 caelos
2791 4585 3133 4647 assumptum
3152 4592 3295 4642 esse,
3323 4593 3446 4632 cum
3473 4578 3633 4635 Patre

386 4659 586 4730 φθῆναι
605 4661 684 4724 εἰς
710 4664 834 4726 τοὺς
852 4665 1114 4736 οὐρανοὺς
1137 4705 1153 4728 ,
1179 4666 1259 4737 τῷ
1284 4667 1472 4739 οἰκείῳ
1497 4670 1672 4742 Πατρὶ
1700 4686 1953 4744 συμπρο-

2073 4669 2224 4725 simul
2258 4668 2543 4725 adoratum
2581 4678 2639 4724 et
2672 4669 3035 4740 gloriﬁcatum
3068 4669 3137 4725 ab
3179 4669 3435 4725 universa
3468 4671 3631 4727 intel-

387 4752 581 4806 σκυνού
590 4771 769 4831 μενον,
784 4756 877 4809 καὶ
903 4756 1355 4829 συνδοξαζόμενον
1381 4759 1531 4831 παρὰ
1551 4762 1730 4833 πάσης
1761 4764 1956 4836 νοητῆς

2076 4767 2202 4815 ectu
2242 4774 2517 4829 sensuque
2562 4758 2792 4829 praedita
2836 4767 3029 4814 natura
3068 4776 3082 4812 :
3121 4766 3178 4814 et
3220 4758 3399 4829 ipsum
3441 4776 3631 4819 rursus

383 4858 443 4895 τε
470 4842 565 4896 καὶ
597 4843 862 4917 αἰσθητῆς
882 4847 1099 4915 φύσεως
1115 4864 1128 4878 ’
1158 4849 1251 4902 καί
1270 4849 1432 4903 αὐτὸν
1454 4850 1619 4905 πάλιν
1636 4853 1953 4908 ἐλεύσεσθαι

2073 4858 2348 4906 venturum
2394 4850 2463 4905 ad
2488 4849 2814 4921 iudicandos
2844 4849 3001 4904 vivos
3046 4856 3104 4905 et
3154 4861 3430 4916 mortuos,
3477 4851 3658 4907 nullo.

382 4934 563 5003 κρῖναι
588 4934 798 5001 ζῶντας
824 4939 919 4991 καὶ
944 4940 1194 5011 νεκροὺς,
1218 4940 1370 4995 οὐδὲν
1401 4942 1504 4997 ὑπὸ
1520 4943 1620 5015 τῆς
1643 4943 1737 4998 τοῦ
1762 4944 1951 4999 δούλου

2073 4949 2214 4997 tacto
2245 4956 2313 4996 ex
2345 4941 2492 5003 servi
2507 4941 2697 5012 forma
2724 4941 3078 4997 imminutum
3107 4958 3138 4999 a
3170 4942 3355 4997 divina
3383 4950 3576 4997 natura
3607 4959 3622 4997 ε

384 5023 600 5095 μορφῆς
635 5026 716 5090 είς
753 5026 851 5099 τὴν
876 5026 1029 5083 θείαν
1061 5028 1430 5087 ἑλαττωθέντα
1467 5033 1663 5103 φύσιν*
1703 5035 1819 5088 ἀλλ’
1853 5037 1950 5090 ἕνα

380 5111 513 5169 Θεὸν
542 5117 805 5202 μονογενῆ
858 5120 952 5173 καί
1004 5121 1208 5193 Κύριον
1258 5121 1353 5177 τοῦ
1401 5123 1638 5191 παντὸς,
1673 5126 1813 5196 μετά
1845 5126 1950 5197 τῆς

452 5271 475 5302 ⁸
500 5272 523 5327 Ι
554 5273 697 5329 Tim.
726 5292 783 5343 γ,
811 5275 904 5331 24.
979 5277 1001 5309 ⁵
1031 5277 1199 5334 Hebr.
1223 5295 1298 5346 Iv,
1322 5280 1413 5337 ‘15.

475 5425 565 5504 εξ)
595 5426 796 5504 _Sup_ra.
822 5429 861 5484 ι.
896 5430 1079 5504 c.__leg.
1096 5431 1389 5504 εἰληφότα.

474 5496 561 5562 16)
594 5496 867 5573 Er.'S_irm.
890 5496 1062 5557 editio
1093 5496 1227 5573 b._l.'
1241 5496 1296 5556 et
1317 5510 1441 5573 post
1472 5517 1642 5573 pauca
1661 5503 1789 5560 hab.
1824 5502 1945 5558 ετο-

378 5582 496 5635 κεν,
534 5579 633 5638 pro
679 5569 917 5637 τέτοκεν,
968 5579 1029 5625 ut
1075 5569 1653 5645 videturC‘Maluimus
1699 5574 1945 5630 scribere

2050 5037 2149 5094 sed
2176 5054 2345 5094 unum
2377 5038 2549 5095 Deum
2577 5037 2922 5110 unigenitum
2952 5046 3010 5094 et
3037 5037 3327 5093 Dominum
3359 5036 3622 5103 universi,

2050 5143 2177 5184 cum
2218 5131 2444 5202 propria
2493 5145 2689 5198 carne,
2734 5144 2899 5201 quem
2951 5144 3146 5187 omnes
3193 5128 3523 5187 conﬁtentur
3566 5134 3624 5183 et

2047 5433 2254 5500 ἔτεκεν,
2278 5443 2341 5489 ut
2360 5450 2547 5559 sulpra,
2573 5452 2629 5507 p.
2657 5437 2782 5503 572,
2804 5437 3034 5511 legitur.
3084 5481 3097 5495 .

2119 5503 2229 5559 (l7)
2270 5505 2388 5559 Ἕω.
2461 5522 2560 5559 oco
2592 5506 2686 5559 cit.
2717 5523 2905 5559 nrznm.
2932 5512 3018 5559 τῆ.

2144 5506 2208 5558 l7
2270 5505 2388 5574 ‘Ecp.
2418 5503 2686 5561 Loco—cit.
2756 5503 2905 5563 raem'.
2932 5512 3018 5577 τῇ.

2116 5503 2229 5647 iw;
2263 5576 2357 5627 ἐπὶ
2379 5574 2654 5647 -ίωμεν.
2682 5523 2808 5635 λειω
2839 5554 3100 5635 ευηιίιίιί

2141 5573 2227 5647 l8)
2263 5573 2357 5627 ἐπὶ
2379 5574 2654 5647 -ίωμεν.
2682 5573 2808 5635 Haec
2839 5573 3213 5645 sunfultima,
3244 5593 3298 5650 p.
3332 5574 3456 5634 372.
