3924 6192
294 184 477 293 ’1159

1321 228 1803 292 THEODORETI
1842 226 2180 293 EPISCOPI
2217 233 2578 296 CYBENSIS

3442 233 3582 303 1160

340 355 559 410 semper
603 338 851 395 adorant.
896 338 1007 395 lIac
1049 339 1116 394 de
1158 352 1320 394 causa
1347 339 1600 409 Deipara,
1629 338 1714 393 vir
1746 338 1907 402 bone,

2016 338 2149 403 ιδίας
2179 343 2377 413 σαρκὸς
2407 341 2834 414 ὁμολογούμενόν
2877 342 2949 407 τεῖ
2980 342 3074 396 καὶ
3099 343 3178 405 είς
3226 342 3313 396 ἀεὶ
3338 359 3581 416 προσκυ-

340 434 411 487 ab
438 433 506 487 iis
539 433 631 501 qui
662 430 939 485 Christum
976 438 1235 500 tanquam
1264 432 1435 486 Deum
1460 432 1710 495 adorant,
1747 431 1911 500 Virgo

342 527 672 596 praedicatur
714 543 725 577 :
774 540 882 577 non
936 524 1093 592 quasi
1148 523 1333 577 divina
1390 533 1584 578 natura
1634 522 1909 593 Unigeniti

342 620 595 672 essentiae
644 632 754 670 suae.
798 614 1127 684 principium
1167 630 1234 669 ex
1278 630 1343 669 ea
1392 614 1717 684 sumpserit;
1766 614 1911 667 Deus

342 708 487 761 enim
522 717 577 759 et
617 721 761 759 nunc
785 713 886 767 est,
913 716 969 759 et
1004 705 1127 767 erit,
1160 714 1214 759 et
1250 714 1368 760 erat
1400 706 1454 759 in
1488 704 1778 775 principio,
1807 719 1909 759 ne-

342 813 449 867 que
483 797 551 850 ab
581 798 693 850 ullo
730 810 968 865 unquam
1007 805 1067 849 ut
1099 805 1242 850 esset
1268 797 1597 866 principium
1622 796 1856 865 sumpsit
1892 813 1906 849 :

342 888 437 941 sed
476 903 600 939 eum
639 888 747 956 jam
791 888 1081 940 exsisteret
1114 888 1258 941 Deus
1278 888 1537 952 Verbum,
1575 888 1907 942 incarnatio-

342 976 448 1037 nis,
485 976 1016 1045 dispensationisque
1059 994 1186 1047 erga
1230 994 1330 1032 nos
1376 994 1491 1033 sua:
1530 979 1748 1032 initium
1781 978 1910 1034 fecit

342 1067 573 1136 virginei
615 1077 670 1121 et
708 1068 1037 1121 immaculati
1084 1068 1227 1122 uteri
1275 1070 1686 1124 habitationem.
1732 1070 1908 1141 Atque

343 1159 507 1227 hujus
530 1158 610 1211 rei
639 1158 793 1211 testis
812 1168 895 1212 est
918 1159 1197 1228 apostolus
1218 1160 1437 1225 Paulus,
1465 1161 1619 1214 testis
1637 1168 1721 1215 est
1743 1161 1907 1216 etiam

342 1250 563 1304 divinus
600 1251 930 1319 evangelista
962 1251 1215 1304 Joannes.
1248 1252 1478 1307 Sanctus
1506 1253 1727 1322 quidem
1770 1253 1910 1309 Pau-

340 1340 429 1393 lus
454 1340 531 1393 sic
555 1340 865 1393 exclamans
897 1356 910 1391 :
951 1358 967 1389 ί
990 1341 1135 1395 Misit
1155 1342 1297 1396 Deus
1330 1343 1523 1396 Filium
1549 1358 1731 1407 suum,
1766 1363 1784 1395 ι
1812 1343 1907 1413 qui

340 1441 464 1484 erat
501 1431 757 1484 videlicet
794 1430 991 1501 (neque
1036 1432 1181 1485 enim
1223 1434 1460 1486 mittitur
1482 1434 1626 1503 quod
1655 1449 1765 1488 non
1802 1444 1905 1499 est,

347 1522 560 1592 1048
575 1522 668 1575 sed
685 1520 786 1592 ﬁt),
814 1540 831 1572 ι
852 1523 1051 1577 factum
1072 1539 1137 1578 ex
1156 1525 1406 1589 muliere,
1425 1526 1527 1595 legi
1546 1526 1901 1596 subjectuma

340 1611 445 1677 Qui
492 1622 674 1665 autem
728 1613 873 1667 illius
918 1615 1142 1679 tonitru,
1177 1625 1401 1686 propter
1434 1616 1760 1687 grandisona
1794 1633 1907 1673 caa-

340 1703 608 1772 lestiaque
648 1703 921 1773 dogmata,
958 1721 988 1759 a
1032 1707 1264 1761 Domino
1305 1709 1611 1778 appellatus
1636 1717 1721 1764 est
1742 1707 1909 1764 Joan-

340 1811 460 1860 nes,
486 1812 609 1849 cum
637 1797 929 1862 dixisset",
965 1799 1136 1853 Deum
1164 1815 1284 1855 esse
1308 1802 1568 1865 Verbum,
1595 1810 1651 1857 et
1679 1802 1732 1856 in
1759 1804 1911 1871 prin-

341 1889 522 1957 cipio,
573 1896 626 1942 et
671 1890 815 1959 apud
857 1890 1027 1944 Deum
1073 1890 1264 1956 fuisse,
1315 1900 1371 1947 et
1424 1909 1639 1964 semper
1673 1909 1815 1959 esse,
1855 1903 1911 1950 et

342 1982 524 2035 omnia
566 1997 664 2051 per
722 1984 898 2051 ipsum
958 1981 1099 2037 facta
1158 1999 1299 2049 esse,
1352 1994 1410 2039 et
1454 1987 1742 2040 Dominum
1789 2002 1909 2042 esse

274 2098 277 2099 ν
342 2074 588 2126 omnium
624 2091 636 2127 :
668 2084 723 2127 et
751 2089 875 2128 cum
910 2076 1261 2141 ostendisset,
1289 2078 1405 2132 sine
1434 2079 1706 2149 principio
1738 2080 1911 2149 ipsius

342 2167 634 2219 essentiam
663 2180 804 2230 esse,
831 2173 886 2219 et
914 2168 1429 2223 consubstantialem
1461 2170 1627 2235 Patri,
1653 2180 1908 2240 tanquam

344 2255 622 2325 Unigeniti
668 2274 680 2308 :
730 2265 844 2313 tum
892 2258 956 2312 ad
1014 2274 1243 2314 arcanos
1295 2261 1457 2313 etiam
1523 2262 1911 2316 incarnationis

344 2362 625 2401 sermones
649 2348 1010 2414 descendens,
1044 2351 1119 2405 ait
1158 2368 1170 2403 :
1217 2370 1235 2401 ‹
1268 2351 1337 2405 Et
1369 2352 1608 2407 Verbum
1642 2367 1771 2407 caro
1793 2352 1909 2407 fac-

343 2445 458 2490 tum
517 2446 619 2499 est.
647 2444 702 2491 et
736 2438 1000 2491 habitavit
1049 2439 1105 2493 in
1137 2440 1357 2494 nobis“.
1396 2460 1414 2491 ›
1454 2441 1736 2507 Quomodo
1778 2456 1910 2513 ergo

345 2541 454 2580 non
489 2527 739 2596 Deipara,
774 2543 807 2581 ο
844 2527 1154 2581 mortalium
1193 2529 1458 2595 omnium,
1508 2537 1569 2582 ut
1611 2537 1791 2599 putas,
1825 2546 1910 2586 sa—

346 2618 703 2688 pientissime,
730 2634 849 2687 qua:
885 2620 1054 2673 Deum
1086 2620 1345 2684 Verbum,
1369 2629 1424 2675 et
1457 2621 1513 2675 in
1551 2630 1705 2676 utero
1734 2631 1909 2692 gesta-

345 2710 425 2762 vit
472 2709 749 2762 hominem
802 2708 1038 2773 factum,
1084 2718 1140 2763 et
1173 2710 1414 2778 peperit,
1470 2720 1526 2765 et
1571 2720 1745 2766 mater
1790 2713 1909 2782 ejus

340 2815 501 2868 quem
550 2784 792 2869 peperit,
848 2800 1160 2854 necessario
1210 2801 1487 2854 creditur?
1530 2800 1636 2856 Sed
1681 2811 1737 2857 et
1777 2817 1904 2872 pro-

336 2892 513 2961 pheta:
544 2908 734 2947 omnes
771 2893 885 2946 haec
915 2892 1230 2963 praedicant.
1258 2892 1339 2946 An
1373 2893 1564 2947 Isaiam
1599 2894 1905 2949 vociferan—

2013 431 2271 500 νούμενον
2290 448 2303 463 ·
2328 433 2417 487 διὰ
2441 435 2599 488 τοῦτο
2630 434 2911 498 Θεοτόκος,
2933 428 2980 489 ὧ
3012 433 3277 503 βέλτιστε,
3299 437 3450 507 παρὰ
3471 438 3587 493 τῶν

2012 522 2100 574 τὸν
2149 522 2381 593 Χριστὸν
2441 523 2518 585 ὡς
2558 522 2689 575 Θεὸν
2736 522 3185 594 προσκυνούντων
3226 527 3259 596 ή
3302 526 3588 596 Παρθένος

2011 612 2369 683 κηρύττεται·
2402 614 2499 683 οὐχ
2528 613 2603 677 ὡς
2640 614 2742 683 τῆς
2779 615 2928 677 θείας
2969 616 3185 684 φύσεως
3220 618 3313 671 τοῦ
3344 621 3592 689 Μονογεο

2011 703 2135 765 νοῦς
2158 705 2333 774 ἀρχὴν
2364 703 2457 757 τοῦ
2487 700 2624 765 εἶναι
2646 705 2913 776 λαϐούσης
2955 705 3014 770 ἐξ
3051 707 3223 777 αὐτῆς
3244 724 3257 737 ⁶
3303 708 3435 772 Θεὸς
3470 710 3587 780 γὰρ

2010 794 2129 847 ἔστι
2153 812 2212 847 τε
2239 797 2333 848 καὶ
2360 796 2623 849 έεῖταικαλ⁵
2642 792 2709 865 ἦν
2745 798 2803 850 ὲν
2841 799 3005 870 ἀρχῇ,
3052 798 3308 852 οὐδέποτε
3332 803 3462 871 παρ’
3488 805 3590 857 οὐ-

2009 886 2158 949 δενὸς
2183 886 2357 957 ἀρχὴν
2383 888 2477 940 τοῦ
2504 883 2641 941 εἶναι
2674 887 2852 943 λαὸὡν
2869 905 2883 919 ⁸
2913 889 3027 942 ἀλλ’
3051 888 3126 944 ὢν
3148 891 3269 961 ήδη,
3296 892 3397 962 τῆς
3424 895 3585 949 ἐναν-

2010 976 2343 1047 θρωπήσεως
2372 978 2464 1032 καὶ
2488 978 2589 1047 τῆς
2609 980 2898 1051 περὶήμᾶς
2925 980 3239 1049 οἰκονομίας
3266 982 3403 1035 ότοῦ
3441 985 3585 1038 Θεοῦ

2010 1064 2183 1133 Λόγος
2206 1065 2378 1136 ἀρχὴν
2405 1069 2696 1139 ἐποιήσατο
2716 1068 2814 1139 τῆς
2833 1069 3167 1139 παρθενικῆς
3190 1072 3280 1123 καὶ
3306 1071 3583 1142 ἀχράντου

2010 1157 2200 1226 νηδύος
2228 1157 2324 1227 τὴν
2362 1157 2594 1231 οἴκησιν.
2640 1160 2747 1213 Καὶ
2778 1160 2966 1213 τούτου
2999 1161 3212 1231 μάρτυς
3251 1161 3350 1231 μὲν
3388 1164 3418 1216 ό
3445 1164 3587 1217 ἁπό-

2012 1249 2194 1311 στολος
2225 1250 2461 1313 Παῦλος.
2491 1253 2701 1321 μάρτυς
2724 1249 2782 1304 δὲ
2810 1252 3154 1317 δ’,θεσπέσιος
3187 1232 3595 1325 εὐαγγελιστὴςχ

2022 1339 2291 1410 Ἰωάννης.
2339 1341 2396 1394 '0
2441 1341 2537 1411 μὲν
2585 1342 2737 1410 ἅγιος
2768 1340 2981 1405 Παῦλος
3024 1344 3227 1397 οὑτωσὶ
3248 1346 3576 1415 κεκραγώςο

2016 1450 2037 1483 ι
2088 1430 2495 1496 Ἐξαπέστειλεν
2534 1434 2563 1487 6
2597 1432 2730 1496 Θεὸς
2752 1433 2844 1485 τὸν
2876 1433 3001 1486 Υίὸν
3026 1433 3187 1487 αὑτοῦ
3210 1451 3224 1466 ·
3256 1454 3275 1487 ι
3317 1437 3405 1489 τὸν
3445 1435 3585 1487 ὄντα

2009 1521 2248 1591 δηλονότι
2273 1537 2285 1549 ·
2315 1522 2376 1575 οὑ
2418 1521 2525 1592 γὰρ
2552 1521 2941 1576 ἀποστέλλεται
2969 1524 3029 1575 rb
3056 1523 3130 1593 μὴ
3157 1522 3237 1587 ὃν,
3265 1523 3397 1577 ἀλλὰ
3428 1524 3584 1592 γίνεο

2010 1631 2099 1668 ται
2121 1632 2135 1645 δ
2172 1633 2191 1665 ι
2228 1615 2516 1685 γενόμενον
2560 1614 2674 1683 (19)
2712 1616 2777 1668 ἐκ
2805 1614 3098 1683 γυναικὸς,
3144 1614 3430 1685 γενόμενον
3468 1617 3585 1669 ὑπὸ

1940 1667 1982 1723 Β
2009 1706 2189 1775 νόμον,
2223 1667 2251 1755 ι’
2275 1667 2374 1759 ei
2396 1667 2474 1759 τε.
2497 1667 2670 1773 ea?
2688 1706 2746 1759 '0
2767 1667 2828 1758 ei
2859 1667 3098 1776 βρονέςξέ
3126 1667 3240 1769 υίὸς
3269 1667 3354 1759 ita
3380 1667 3443 1758 ε
3476 1667 3586 1777 με-

2010 1798 2317 1865 γαλόφωνον
2339 1796 2433 1850 καὶ
2464 1797 2710 1864 οὐράνιον
2730 1797 2837 1849 τῶν
2857 1796 3139 1866 δογμάτων
3172 1798 3321 1867 παρὰ
3352 1797 3448 1850 τοῦ
3474 1802 3584 1849 Δε-

2011 1889 2207 1942 σπότου
2249 1889 2467 1958 κληθεὶς
2508 1889 2781 1957 Ἰωάννης,
2809 1887 3071 1957 πρότερον
3100 1888 3289 1951 εἰπὼν,
3323 1888 3404 1941 ὅτι
3440 1888 3584 1951 Θεὸς

2007 1974 2076 2049 ἦν
2095 1982 2122 2033 6
2146 1980 2338 2047 Λόγος,
2367 1980 2458 2033 καὶ
2482 1980 2541 2032 ὲν
2571 1980 2738 2051 ἀρχῇ,
2777 1978 2872 2032 καὶ
2901 1976 3037 2050 πρὸς
3063 1978 3154 2032 τὸν
3189 1978 3320 2031 Θεδν
3349 1972 3414 2049 ἦν
3436 2018 3451 2043 ,
3478 1980 3584 2031 καὶ

2008 2073 2095 2124 ἀεὶ
2120 2067 2209 2143 ἦν,
2233 2072 2328 2125 καὶ
2353 2073 2435 2124 δτι
2458 2071 2635 2125 πάντα
2662 2071 2729 2123 δι’
2759 2069 2924 2123 αὐτοῦ
2956 2072 3192 2138 ἐγένετο,
3220 2073 3313 2127 καὶ
3341 2073 3422 2124 ὅτι
3448 2072 3587 2123 mis-

2007 2180 2114 2217 των
2142 2164 2259 2215 ἐστὶ
2282 2162 2485 2233 Κύριος
2517 2161 2701 2224 αὐτὸς,
2733 2162 2827 2213 καὶ
2855 2160 3033 2225 δείξας
3059 2162 3293 2233 ἄναρχον
3324 2162 3489 2215 αὑτοῦ
3518 2162 3587 2214 τὸ

2009 2249 2149 2305 εἶναι
2182 2252 2277 2306 καὶ
2299 2253 2583 2323 όμοούσιον
2610 2252 2689 2323 τῷ
2710 2252 2907 2323 Πατρὶ,
2939 2253 3185 2324 καθάπερ
3214 2254 3580 2321 Μονογενοῦς·

2008 2344 2129 2397 τότε
2152 2346 2246 2397 καὶ
2286 2345 2423 2413 πρὸς
2460 2344 2583 2408 τοὺς
2609 2344 2956 2415 ἀπορρήτους
2992 2346 3091 2414 τῆς
3126 2344 3436 2414 οἰκονομίας
3473 2362 3583 2396 κα·-

2008 2436 2278 2489 ταδαίνων
2327 2436 2518 2504 λόγους
2542 2475 2556 2500 ,
2590 2435 2785 2504 φησιν·
2827 2453 2844 2485 ‹
2878 2435 2987 2487 Kal
3015 2437 3043 2487 6
3071 2435 3241 2497 Λόγος
3278 2435 3411 2506 σὲρξ
3448 2434 3581 2501 ὲγέ-

2008 2543 2150 2592 νετο,
2188 2528 2283 2579 καὶ
2305 2527 2619 2596 ἐσκήνωσεν
2648 2526 2706 2579 ὲν
2742 2526 2891 2595 ἡμῖν.
2934 2542 2953 2575 ι
3005 2524 3129 2588 Πῶς
3165 2521 3257 2579 οὖν
3292 2526 3351 2577 οὐ
3384 2524 3582 2579 Θεοτό-

2008 2635 2121 2683 κος,
2151 2610 2196 2671 ὦ
2224 2618 2442 2672 πάντων
2472 2617 2795 2689 ἀνθρώπων,
2836 2619 2910 2681 ὡς
2939 2619 3059 2680 οίει,
3091 2617 3391 2686 σοφώτατε,
3414 2620 3448 2686 ὴ
3480 2617 3581 2671 τὸν

2006 2707 2139 2761 Θεὸν
2186 2709 2355 2776 Λόγον
2400 2709 2791 2779 κυοφορήσασά
2834 2725 2894 2761 τε
2928 2709 3218 2778 γενόμενον
3266 2707 3578 2778 ἄνθρωπον,

2008 2801 2103 2853 καὶ
2156 2799 2464 2870 γεννήσασα
2491 2839 2505 2862 ,
2542 2801 2635 2852 καὶ
2671 2801 2853 2870 μήτηρ
2900 2792 3037 2852 εἶναι
3082 2798 3176 2850 τοῦ
3224 2799 3577 2867 γεννηθέντος

2007 2890 2318 2957 ἀναγκαίως
2358 2889 2756 2960 πιστευομένηξ
2806 2891 2915 2943 Kal
2954 2890 3156 2953 πάντες
3205 2890 3255 2942 οἱ
3298 2891 3579 2959 προφῆται

339 2991 445 3034 tem
487 2999 593 3037 non
622 2984 823 3037 audisti
854 3000 866 3035 :
912 3003 930 3034 ι
966 2984 1107 3037 Ecce
1129 2982 1282 3053 virgo
1307 2984 1597 3053 concipiet,
1637 2994 1691 3038 et
1729 2986 1903 3052 pariet

2008 2980 2176 3034 ταῦτα
2204 2978 2581 3050 κηρύττουσιν.
2611 2982 2681 3033 Ἢ
2702 2981 2801 3033 οὐκ
2832 2982 3070 3052 ἤκουσας
3090 2981 3181 3034 τοῦ
3219 2983 3315 3051 μὲν
3352 2981 3575 3033 Ἡσαΐου

337 3074 533 3135 ﬁlium,
559 3082 614 3126 et
639 3075 927 3127 vocabitur
952 3088 1152 3127 nomen
1177 3074 1295 3143 ejus
1324 3074 1700 3129 Emmanuel’.
1737 3094 1755 3128 ι
1785 3076 1903 3131 Non

330 3163 483 3233 juxta
532 3172 603 3225 te,
640 3172 696 3216 et
730 3163 934 3218 deliras
976 3171 1099 3217 tuas
1135 3179 1328 3234 nugas,
1372 3179 1634 3233 organum
1679 3165 1907 3220 Deitatis

340 3253 581 3324 (pariet),
618 3254 712 3308 sed
745 3255 915 3308 Deum
941 3258 957 3276 '
989 3255 1296 3321 nobiscum,
1320 3257 1595 3311 hominem
1630 3257 1776 3311 sicut
1804 3272 1906 3311 nos

339 3344 561 3398 factum.
598 3346 665 3399 Et
689 3346 1000 3408 Jeremiam,
1032 3348 1123 3416 qui
1151 3357 1207 3402 et
1238 3348 1353 3418 ipse
1390 3347 1626 3404 Verbum
1658 3348 1907 3404 incarna-

339 3441 454 3488 tum
477 3436 647 3489 Deum
672 3452 791 3491 esse
812 3436 1099 3506 proﬁtetur
1118 3438 1203 3492 his
1238 3440 1459 3494 verbis:
1488 3458 1505 3491 ι
1535 3440 1634 3494 Hic
1657 3449 1741 3495 est
1761 3440 1905 3495 Deus

336 3534 545 3590 noster,
561 3536 618 3580 et
638 3544 748 3582 non
772 3528 1132 3582 :estimabitur
1149 3530 1287 3584 alius
1315 3530 1382 3584 ad
1403 3546 1527 3585 eum
1554 3546 1567 3583 :
1588 3530 1678 3585 hic
1698 3531 1905 3585 invenit

334 3634 554 3673 omnem
577 3620 719 3672 viam
743 3619 1045 3689 disciplinae
1066 3620 1127 3673 '°.
1159 3639 1177 3671 ι
1209 3621 1419 3691 1049
1449 3622 1517 3676 Et
1545 3631 1667 3691 post
1690 3636 1861 3691 pauca
1886 3638 1900 3676 :

344 3728 364 3762 ι
397 3712 525 3765 Post
569 3711 685 3764 haec
728 3710 784 3764 in
816 3711 981 3765 terris
1012 3711 1164 3765 visus
1194 3721 1296 3775 est,
1334 3721 1389 3766 et
1431 3726 1555 3766 cum
1588 3713 1905 3768 hominibus

336 3810 690 3855 conversatus
733 3807 819 3854 est
860 3801 921 3852 ¹¹.
962 3819 980 3850 ι
1026 3799 1095 3853 Et
1138 3800 1497 3854 Praecursoris
1544 3808 1772 3854 matrem
1832 3799 1901 3853 ab

334 3889 613 3943 adorando
660 3888 867 3957 Spiritu
924 3888 1242 3958 prophetice
1287 3889 1585 3954 incitatam,
1625 3897 1683 3943 et
1719 3890 1901 3944 excla-

334 3989 574 4034 mantem
604 3996 617 4032 :
653 3999 671 4030 ‹
710 3980 865 4035 Unde
906 3980 1009 4034 hoc
1053 3980 1209 4044 mihi,
1253 3988 1315 4033 ut
1356 3981 1541 4034 veniat
1579 3990 1754 4035 mater
1790 3981 1899 4034 Do-

334 4071 471 4123 mini
510 4070 617 4123 mei
656 4069 723 4123 ad
767 4085 852 4124 me
883 4071 959 4123 "l
998 4090 1014 4121 ι
1068 4071 1192 4125 Παῖς
1228 4074 1349 4140 quat
1380 4086 1410 4124 a
1441 4071 1629 4124 multis
1668 4072 1900 4125 antehac

2008 3064 2238 3135 βοῶντος
2257 3081 2270 3095 ο
2316 3085 2334 3116 ι
2382 3066 2512 3119 Ἰδοὺ
2543 3068 2576 3137 ή
2605 3067 2871 3138 παρθένος
2892 3070 2948 3120 ὲν
2980 3069 3177 3138 γαστρὶ
3206 3068 3453 3139 λήψεται,
3476 3070 3577 3121 καὶ

2005 3155 2217 3220 τέξεται
2251 3155 2385 3219 υἱὸν,
2414 3158 2506 3210 καὶ
2541 3155 2826 3208 καλέσουσι
2857 3156 2916 3208 τὸ
2949 3156 3119 3225 ὄνομα
3152 3156 3315 3208 αὑτοῦ
3361 3156 3574 3226 Ἐμμα-

2007 3248 2204 3316 νουήλ;
2244 3268 2263 3300 ι
2297 3248 2379 3313 οὐ,
2415 3246 2555 3301 κατὰ
2584 3248 2661 3312 σὲ,
2699 3248 2793 3300 καὶ
2830 3247 2970 3299 κατὰ
3009 3246 3106 3309 τὰς
3150 3247 3245 3310 σὰς
3280 3246 3569 3315 ληρῳδίας,

2006 3338 2258 3408 θεότητος
2280 3338 2509 3409 ὄργανον
2532 3378 2547 3403 ,
2588 3337 2723 3390 ἀλλὰ
2748 3336 2878 3389 Θεὸν
2914 3336 3030 3407 μεθ’
3060 3340 3093 3407 ή
3104 3337 3237 3406 μῶν,
3271 3336 3388 3389 καθ’
3422 3332 3573 3405 ἡμᾶς

2004 3427 2295 3498 γενόμενον
2328 3428 2630 3497 ἄνθρωπον.
2672 3426 2774 3479 Τὸῢ
2806 3427 2863 3479 δὲ
2924 3426 3186 3497 Ἰερεμίου
3210 3466 3224 3490 ,
3281 3426 3372 3479 καὶ
3403 3426 3573 3480 αὐτοῦ

2006 3517 2380 3587 θεολογοῦντος
2403 3518 2495 3570 τὸν
2515 3516 3011 3587 ὲνανθρωπήσαντα
3051 3517 3242 3583 Λόγον,
3269 3516 3327 3567 ἐν
3355 3508 3433 3576 οἷς
3462 3531 3579 3583 (m-

2005 3626 2088 3662 σιν
2109 3625 2123 3639 ο
2164 3628 2182 3661 ι
2214 3601 2383 3671 Οὗτος
2424 3610 2452 3661 6
2480 3608 2611 3672 Θεὸς
2644 3606 2823 3677 ἡμῶν,
2854 3608 2914 3660 οὐ
2960 3607 3337 3678 λογισθήσεται
3382 3606 3576 3674 ἔτερος

2005 3699 2141 3771 πρὸς
2176 3699 2370 3752 αὐτόν·
2407 3698 2595 3770 ἐξεῦρε
2646 3698 2826 3751 πᾶσαν
2870 3698 2985 3752 ὁδὸν
3023 3699 3352 3767 ἐπιστήμης.
3394 3714 3411 3746 ι
3457 3696 3575 3749 Καὶ

2003 3790 2122 3861 μετ’
2150 3790 2305 3859 ὀλίγα
2328 3808 2340 3821 ·
2383 3810 2402 3843 ι
2436 3789 2589 3844 Μετὰ
2632 3789 2803 3843 ταῦτα
2849 3789 2941 3843 ἐπὶ
2982 3789 3082 3859 τῆς
3116 3792 3218 3860 γῆς
3263 3788 3440 3857 ὤφθη,
3476 3790 3575 3840 καὶ

2000 3886 2114 3946 τοῖς
2154 3883 2461 3954 ἀνθρώποις
2510 3884 2943 3953 συνανεστράφη.
2974 3901 2992 3934 ι
3025 3881 3138 3934 Kal
3170 3882 3267 3950 τῆς
3300 3878 3392 3933 τοῦ
3433 3896 3574 3950 προ.

1998 3979 2200 4050 δρόμου
2239 3979 2296 4033 δὲ
2332 3978 2533 4050 μητρὸς
2564 3976 2667 4031 ὑπὸ
2697 3977 2791 4030 τοῦ
2842 3973 3218 4047 προσκυνητοῦ
3255 3973 3573 4041 Πνεῦματος

2002 4068 2357 4142 προφητικῶς
2391 4070 2719 4140 κινουμένης
2749 4085 2810 4120 τε
2833 4069 2925 4121 καὶ
2956 4065 3164 4136 βοώσης
3183 4081 3197 4094 ’
3235 4083 3253 4116 ι
3286 4064 3456 4118 Πόθεν
3479 4080 3571 4133 μοι

335 4157 479 4211 dicta
526 4166 671 4221 sunt,
721 4164 777 4211 et
813 4174 960 4213 nunc
1002 4159 1188 4213 itidem
1226 4158 1504 4222 dicuntur,
1550 4159 1900 4229 praetergredi

2008 4162 2176 4227 τοῦτο,
2203 4162 2290 4215 ἵνα
2313 4161 2442 4234 ἔλθῃ
2472 4163 2505 4231 ἡ
2541 4163 2723 4232 μήτηρ
2752 4159 2848 4213 τοῦ
2880 4159 3084 4230 Κυρίου
3113 4175 3213 4227 μου
3242 4158 3375 4227 πρός
3400 4174 3466 4226 με
3490 4174 3505 4220 ;
3543 4173 3570 4208 ι

333 4260 559 4300 necesse
597 4255 698 4301 est.
750 4247 905 4313 Quod
943 4263 1072 4317 ergo
1118 4247 1346 4316 Deipara
1383 4249 1453 4301 sit
1489 4256 1675 4302 sancta
1713 4249 1895 4318 Virgo,

2001 4255 2186 4308 Ταῦτα
2213 4253 2425 4316 πολλοῖς
2457 4254 2718 4324 πρότερον
2755 4250 3040 4322 εἰρημένα,
3083 4250 3179 4302 καὶ
3217 4246 3311 4300 νῦν
3336 4248 3393 4300 δὲ
3417 4245 3575 4299 οὐδὲν

332 4337 482 4392 sanis
510 4338 783 4393 mentibus
810 4338 1085 4392 sufficiunt
1112 4354 1230 4407 qua:
1258 4339 1494 4394 diximus
1523 4357 1535 4392 :
1560 4340 1655 4394 sed
1686 4340 1897 4395 doctam

2008 4342 2162 4419 ἧττον
2206 4345 2473 4415 λεγόμενα
2497 4384 2512 4407 ,
2547 4343 2923 4416 παραδραμεῖν
2969 4342 3284 4408 ἀναγκαῖον.
3317 4340 3438 4391 Ὅτι
3473 4338 3574 4407 μὲν

332 4426 451 4495 ejus
479 4427 1001 4497 argumentationem
1036 4427 1223 4495 paucis
1251 4437 1498 4483 evertere
1532 4430 1788 4484 conabor.

403 4714 570 4768 Paulo
617 4714 801 4784 itaque
850 4714 1122 4785 superius,
1160 4714 1370 4781 Christi,
1413 4716 1611 4781 aiebat,
1653 4717 1896 4787 appella-

334 4805 412 4861 tio
446 4806 579 4859 duas
613 4814 835 4859 naturas
874 4804 1140 4875 designat,
1174 4804 1314 4858 Deus
1342 4821 1471 4860 vero
1500 4805 1804 4874 simplicem
1843 4813 1899 4859 et

333 4895 768 4964 incompositam,
816 4894 983 4949 Homo
1029 4905 1210 4951 autem
1254 4895 1546 4949 humanam
1595 4910 1895 4965 repraesen-

335 4996 413 5041 tat
438 4997 707 5041 naturam.
730 4986 868 5052 Quid
894 4988 1011 5041 ais?
1040 4987 1183 5057 Ergo
1209 5003 1331 5041 cum
1356 4988 1621 5041 Dominus
1644 4988 1699 5041 in
1724 4988 1899 5041 Evan-

333 5076 487 5150 geliis
521 5076 810 5135 diviniora,
852 5084 927 5140 et,
967 5085 1028 5129 ut
1067 5077 1182 5145 ipse
1219 5077 1485 5145 loquitur,
1514 5078 1757 5132 ccelestia
1796 5078 1897 5132 do-

332 5183 480 5232 cens,
517 5165 813 5220 Nicodemo
846 5166 1055 5221 diceret
1088 5166 1369 5235 (tanquam
1405 5167 1552 5221 enim
1591 5184 1715 5223 cum
1753 5168 1897 5222 divi-

330 5273 526 5315 narum
576 5257 904 5313 Litterarum
956 5258 1137 5329 perito
1182 5266 1363 5313 tecum
1409 5261 1627 5332 agam):
1669 5280 1687 5312 ι
1728 5262 1898 5317 Nemo

2002 4434 2094 4493 οὖν
2119 4438 2375 4501 Θεοτόκος
2405 4439 2439 4506 ή
2465 4435 2595 4504 ἁγία
2628 4435 2918 4505 Παρθένος,
2945 4431 3103 4486 ἱκανὰ
3126 4433 3233 4493 τοῖς
3262 4427 3577 4497 εὐγνώμοσι

2000 4531 2072 4584 τὰ
2094 4529 2379 4602 εἰρημένα.
2424 4529 2535 4601 Τὴν
2585 4528 2641 4581 δὲ
2667 4529 2836 4597 σοφὴν
2883 4524 3048 4579 αὐτοῦ
3102 4521 3443 4593 τεχνολογίαν
3483 4519 3574 4573 διὰ

2003 4622 2249 4693 βραχέων
2285 4621 2586 4692 ἀνατρέψαι
2615 4620 2968 4689 πειράσομαι.

2074 4713 2283 4782 Μικρὸν
2320 4712 2376 4765 δὲ
2414 4711 2639 4776 ἄνωθεν,
2665 4713 2699 4782 ἡ
2736 4709 3007 4779 Χριστὸς,
3044 4706 3197 4779 φησὶ,
3230 4702 3575 4777 προσηγορία

2002 4804 2111 4856 τῶν
2148 4803 2243 4856 δύο
2280 4802 2495 4871 φύσεών
2544 4804 2658 4855 ἐστι
2707 4800 3045 4871 σημαντικὴ⁹
3094 4799 3128 4868 ἡ
3168 4796 3225 4849 δὲ
3260 4796 3434 4859 Θεὸς,
3475 4794 3576 4862 τῆς

2004 4896 2179 4967 ἁπλῆς
2208 4896 2302 4949 καὶ
2338 4894 2626 4948 ἀσυνθέτου
2648 4908 2661 4922 °
2692 4894 2724 4961 ή
2764 4891 2821 4945 δὲ
2862 4890 3189 4958 ἄνθρωπος,
3227 4887 3325 4956 τὴν
3360 4884 3577 4953 ἀνθρωο

2004 4988 2162 5040 πείαν
2193 4986 2488 5056 παρίστησι
2514 4983 2693 5052 φύσιν.
2730 4981 2795 5036 Τί
2824 4981 3035 5049 λέγεις;
3074 4979 3242 5031 Ὅταν
3268 4974 3362 5030 οὖν
3399 4979 3427 5028 ὁ
3460 4975 3579 5028 Κύ-

2007 5096 2119 5149 ριος
2149 5080 2207 5131 ἐν
2241 5080 2354 5140 τοῖς
2382 5075 2737 5143 Εὐαγγελίοις
2767 5071 2835 5125 τὰ
2865 5072 3111 5139 θειότερα
3134 5109 3149 5133 ,
3182 5068 3277 5122 καὶ
3308 5067 3383 5129 ὡς
3409 5066 3577 5129 αὐτὸς

2003 5167 2156 5224 εἶπεν
2206 5169 2506 5239 ἐπουράνια
2563 5166 2864 5227 διδάσκων,
2917 5164 3052 5233 πρὸς
3110 5161 3201 5214 τὸν
3258 5159 3577 5226 Νικόδημον

2002 5264 2137 5335 λέγῃ
2178 5263 2271 5335 (ὡς
2304 5262 2412 5332 γὰρ
2433 5259 2593 5313 εἰδότι
2634 5274 2716 5312 σοι
2754 5256 2852 5320 τὰς
2881 5255 3029 5319 θείας
3064 5251 3379 5321 διαλέξομαι
3425 5248 3577 5319 Γρα-

402 5415 621 5485 ἒϐιιιοι.
652 5414 799 5480 ιν,4.
880 5414 1072 5470 ’Joan.
1110 5431 1147 5482 ι,
1180 5416 1299 5471 1-5.
1378 5415 1549 5471 ‘ibid.
1610 5417 1697 5471 14.
1773 5418 1903 5473 'lsa

2016 5418 2163 5485 ,υς
2220 5416 2346 5473 coll.
2392 5414 2756 5482 Mattb.,l,23.
2834 5413 2879 5445 “
2907 5410 3140 5467 Baruch.
3207 5424 3287 5472 ιιι,
3322 5405 3413 5471 56,
3482 5405 3573 5461 51.

337 5482 375 5511 "
408 5484 539 5537 ibid.
579 5485 666 5539 58.
745 5485 938 5540 “Luc.
972 5501 1008 5552 ι,
1040 5486 1128 5539 45.

406 5635 512 5701 (l9)
546 5638 729 5706 γενόμ.
763 5646 799 5689 ι.
850 5639 939 5693 lll.
971 5655 1090 5709 pag.
1120 5639 1244 5705 582,
1274 5641 1379 5710 leg.
1428 5642 1780 5709 γεννὼειιενον.
1818 5650 2019 5694 nauli".
