3924 6192
345 283 480 349 1165

1282 284 1678 350 anvunsus
1710 284 1983 345 muas
2018 248 2634 361 PROPOSITIONES.

3444 311 3581 377 1166

342 402 621 473 ἀπαρχὴν,
653 402 743 456 καὶ
772 399 1181 471 προσάπτοντας
1204 400 1274 455 τά
1307 401 1455 472 πάθη
1483 404 1550 472 τῇ
1577 400 1812 472 θεότητι.
1852 400 1908 453 Ὀ

2027 405 2304 479 )rimitias,
2355 422 2413 469 et
2456 417 2553 487 qui
2604 418 2889 488 passiones
2933 419 3247 476 attribuunt
3283 422 3580 482 divinitati.

242 520 253 531 -
341 493 399 547 δὲ
422 494 704 561 Δεύτερος
742 491 878 561 πρὸς
906 494 1033 555 τοὺς
1067 492 1266 556 αὐτοὺς
1308 492 1727 563 γραφικώτερον
1771 510 1910 562 συμ-

343 585 695 655 πλεκόμενος.
734 584 844 639 Kal
880 587 909 638 ὁ
964 584 1163 652 Τρίτος
1196 584 1328 655 περὶ
1364 585 1462 655 τῆς
1502 584 1674 654 αὐτῆς
1716 583 1911 637 ὑποθέ-

346 694 497 740 σεως.
546 677 603 729 '0
630 676 687 730 δὲ
724 676 1005 745 Τέταρτος
1033 675 1378 740 διδασκαλίας
1400 676 1509 729 τῶν
1532 676 1703 744 ἁγίων
1732 674 1934 728 Πατὲο.

348 786 456 837 ρων
480 768 726 838 περιέχει
758 748 889 839 περὶ
921 768 1023 837 τῆς
1060 767 1275 832 ἐνδόξου
1321 767 1633 840 οἰκονομίας
1682 766 1777 819 τοῦ
1811 768 1912 818 Δε-

346 858 554 911 σπότου
589 859 746 929 ἡμῶν
775 858 1144 929 Χριστοῦ,τοῦ
1170 858 1299 911 Υἰοῦ
1330 858 1427 912 τοῦ
1461 858 1615 913 Θεοῦ.
1640 859 1700 912 '0
1728 858 1913 929 μέντοι

344 950 617 1019 Πέμπτος
643 951 937 1021 αἱρετικῶν
965 948 1121 1015 δόξας
1151 950 1411 1021 ἀθροίζει,
1428 950 1525 1003 καὶ
1550 949 1915 1021 παρατίθησιν

294 1076 301 1083 ρ
344 1040 513 1105 αὐτάς
540 1045 607 1112 τῇ
652 1043 777 1114 δόξῃ
810 1042 921 1095 τῶν
954 1044 1028 1113 μὴ
1081 1042 1493 1113 ὁμολογούντων
1531 1043 1624 1097 ἐπὶ
1674 1040 1914 1113 Χριστοῦ

341 1131 438 1185 δύο
465 1131 656 1202 φύσεις
680 1148 693 1161 ο
725 1135 817 1186 καὶ
844 1134 1085 1187 δείκνυσι
1112 1134 1315 1204 πολλὴν
1341 1133 1479 1204 πρὸς
1500 1133 1764 1202 ἀλλήλους
1797 1132 1915 1185 δια-

347 1221 621 1287 σώζοντας
652 1223 751 1294 τὴν
787 1223 1121 1291 συγγένειαν.
1163 1225 1219 1278 '0
1241 1225 1299 1277 δὲ
1327 1225 1539 1289 Ἕκτος
1564 1222 1916 1293 διαλαμϐάνει

344 1315 426 1367 ὅτι
458 1310 537 1378 εἷς
568 1313 693 1377 Υἱὸς
726 1316 754 1367 ὁ
783 1315 986 1385 Κύριος
1016 1316 1172 1386 ήμῶν
1211 1314 1416 1386 Ἰησοῦς
1446 1315 1679 1385 Χριστός
1710 1315 1808 1386 (4).
1858 1315 1917 1368 '0

344 1406 638 1485 Ἕβδομος
661 1406 954 1476 ἐπιστολῆς
985 1408 1172 1476 ἐπέχει
1197 1408 1258 1460 τό
1269 1424 1361 1460 πον
1385 1424 1399 1439 ·
1425 1409 1484 1459 ἐν
1504 1402 1585 1470 οἷς
1611 1407 1671 1460 τὸ
1702 1406 1918 1477 πρῶτον

345 1496 791 1568 συμπληροῦται⁷
818 1496 1044 1566 βιϐλίον.
1106 1498 1164 1550 '0
1205 1497 1262 1551 δέ
1304 1514 1367 1565 γε
1418 1497 1494 1568 (5)
1549 1498 1791 1567 Ὄγδοος
1823 1497 1917 1549 καὶ

345 1588 481 1658 πρὸς
516 1592 642 1652 τοὺς
670 1588 867 1659 πλήθει
899 1589 1047 1659 μόνῳ
1076 1590 1363 1657 κρίνοντας
1396 1589 1495 1659 τὴν
1537 1588 1817 1658 ἀλήθειαν.
1859 1589 1918 1641 '0

349 1681 643 1745 Ἐννατος
676 1681 813 1751 πρὸς
860 1681 987 1742 τοὺς
1035 1680 1329 1747 λέγοντας,
1484 1680 1594 1733 δεῖν
1649 1680 1758 1733 ἀπὸ
1806 1678 1916 1733 τῶν

345 1774 577 1843 Γραφῶν
608 1772 791 1843 ζητεῖν
835 1774 869 1844 ἢ
911 1773 1126 1837 λαλεῖν,
1169 1772 1283 1826 ἀλλ’
1338 1772 1627 1844 ἀρκεῖσθαι
1675 1774 1742 1842 τῇ
1779 1770 1909 1838 παρ’

347 1867 562 1926 ἑαυτοῖς
594 1865 794 1917 πίστεις
843 1864 903 1915 '0
941 1862 1196 1927 Δέκατος
1242 1861 1377 1933 πρὸς
1414 1862 1540 1923 τοὺς
1583 1860 1912 1930 προϐάλλον-

345 1971 445 2017 τας
484 1953 773 2023 κακοήθως
820 1954 915 2019 τὸ,
959 1972 978 2004 ι
1029 1954 1087 2007 '0
1114 1954 1284 2020 Λόγος
1321 1953 1456 2024 σὰρξ
1510 1953 1743 2020 ἐγένετο.
1787 1971 1805 2003 ι
1852 1951 1912 2004 '0

364 2044 716 2108 Ἑνδέκατος
766 2042 902 2114 πρὸς
933 2043 1062 2105 τοὺς
1109 2042 1419 2105 κωλύοντας
1452 2041 1545 2095 δύο
1585 2040 1776 2110 φύσεις
1820 2040 1913 2093 ἐπὶ

348 2136 445 2204 τῆς
496 2134 962 2204 ἐνανθρωπήσεως
1010 2133 1396 2202 ἐκλαμϐάνειν.
1456 2134 1516 2186 '0
1578 2131 1915 2196 Δωδέκιιτος

350 2225 489 2295 πρὸς
515 2227 641 2288 τοὺς
672 2225 928 2293 λέγοντας
949 2266 964 2290 ,
996 2226 1077 2278 ὅτι
1106 2227 1133 2278 ὁ
1162 2224 1336 2292 λέγων
1383 2224 1509 2278 ἄλλο
1545 2224 1645 2294 μὲν
1676 2222 1766 2275 τδν
1814 2222 1917 2276 Δό-

350 2335 465 2385 γρν,
490 2318 617 2371 ἄλλο
638 2318 810 2384 δὲτὴν
839 2319 1042 2390 σάρκα,
1063 2318 1155 2371 δύο
1179 2320 1329 2382 υἱοὺς
1360 2318 1525 2385 λέγει.
1568 2319 1625 2373 Ὀ
1653 2323 1917 2386 Τρισκαι-

348 2406 598 2473 δέκατος
629 2408 763 2478 πρὸς
803 2409 928 2471 τοὺς
954 2408 1215 2475 λέγοντας
1238 2448 1253 2473 ,
1290 2410 1371 2461 ὃτι
1409 2410 1469 2461 τὸ
1500 2411 1592 2461 καὶ
1633 2408 1917 2479 ἄνθρωπον

348 2499 640 2567 γινώσκειν
681 2499 772 2551 τὸν
800 2499 1055 2568 Χριστὸν,
1089 2498 1285 2551 ταυτόν
1324 2499 1439 2551 ἐστι
1466 2498 1543 2568 τῷ
1582 2503 1673 2551 καί
1708 2500 1785 2561 είς
1821 2498 1919 2551 ἀν-

350 2590 568 2664 θρωπον
606 2591 750 2662 ἔχειν
776 2591 874 2654 τάς
909 2591 1224 2654 ἐλπίδας.⁹0
1263 2589 1921 2659 Τεσσαρεσκαιδέκατος

353 2683 491 2753 πρὸς
530 2684 657 2745 τοὺς
689 2683 967 2749 λέγοντας,
1002 2681 1244 2735 Ἔπαθεν
1308 2681 1552 2744 ἀπαθῶς.
1606 2681 1663 2733 '0
1707 2683 1919 2733 Πεντε-

356 2771 708 2836 καιδέκατος
733 2771 868 2839 πρὸς
891 2772 1017 2833 τοὺς
1048 2770 1327 2837 λέγοντας,
1364 2769 1602 2822 Ἐπαθεν
1634 2767 1709 2830 ὼς
1725 2766 1923 2837 ἠθέλη-

361 2878 472 2915 σεν.
514 2863 573 2914 '0
611 2859 1066 2924 Ἐκκαιδέκατος
1096 2858 1230 2929 πρὸς
1250 2860 1377 2921 τοὺς
1408 2858 1688 2927 λέγοντας,
1711 2858 1792 2911 δτι
1817 2855 1924 2927 χρὴ

360 2951 613 3023 δέχεσθαι
640 2951 737 3013 τὰς
766 2950 983 3020 φωνὰς,
1027 2949 1121 3003 καὶ
1159 2949 1234 3019 μὴ
1271 2952 1495 3003 σκοπεῖν
1536 2950 1604 3003 τὰ
1641 2951 1708 3003 δι’
1742 2951 1923 3003 αὐτῶν

364 3042 744 3114 σημαινόμενα
767 3081 781 3106 ,
815 3041 889 3104 ὡς
919 3041 1128 3103 πάντας
1170 3039 1587 3109 ὑπερϐαίνοντα.
1634 3041 1692 3094 '0
1728 3041 1928 3094 Ἐπτα-

360 3133 711 3197 καιδέκατος
739 3130 874 3202 πρὸς
911 3131 1036 3193 τοὺς
1070 3130 1348 3197 λέγοντας,
1380 3129 1623 3183 Ἔπαθεν
1646 3130 1817 3197 Λόγος
1850 3131 1925 3201 ((i)

363 3223 545 3296 σαρκί.
590 3223 647 3276 '0
703 3219 1237 3285 Ὀκτωκαιδέκατος
1263 3259 1278 3283 ,
1312 3220 1450 3291 πρὸς
1481 3221 1608 3281 τοὺς
1632 3220 1892 3288 λέγοντας
1911 3262 1925 3284 ,

366 3315 530 3368 Ποίαν
561 3312 819 3367 δώσουσιν
840 3312 891 3364 οἱ
924 3311 1166 3364 Ἰουδαῖοι
1194 3311 1370 3380 δίκην,
1404 3311 1453 3362 εί
1479 3310 1552 3380 μὴ
1575 3310 1708 3362 Θεὸν
1734 3311 1929 3363 ἐσταύ-

365 3419 584 3474 ρωσαν;
620 3403 677 3456 Ὁ
714 3400 1299 3466 Ἐννεακαιδέκατος,
1331 3400 1470 3471 πρὸς
1500 3400 1625 3462 τοὺς
1649 3400 1928 3468 λέγοντας,

375 3494 624 3557 Ἰουδαῖός
664 3495 810 3547 ἐστιν
853 3494 881 3546 ὁ
933 3492 1007 3563 μὴ
1046 3491 1180 3545 Θεδν
1227 3490 1607 3563 ἐσταυρῶσθαι
1639 3490 1846 3559 λέγων.
1872 3495 1931 3545 '0

368 3583 663 3647 Εἱκοστός
696 3583 833 3653 πρὸς
877 3585 1003 3646 τοὺς
1034 3582 1324 3650 λέγοντας,
1364 3583 1444 3635 ὃτι
1476 3583 1571 3636 καὶ
1597 3583 1818 3651 ἄγγελοι
1841 3583 1932 3636 ἐπὶ

363 3676 458 3730 τοῦ
506 3675 761 3746 Ἀϐραὰμ
806 3674 1078 3737 ἒσθίοντες
1104 3714 1119 3738 ,
1157 3675 1221 3727 οὐ
1273 3674 1491 3738 πάντως
1536 3676 1739 3747 σαρκὸς
1773 3675 1932 3745 φύσιν

365 3765 717 3836 ἐπεφέροντο.
766 3763 823 3817 '0
866 3762 1161 3828 Εἰκοστδς
1186 3761 1450 3832 πρῶτος,
1482 3764 1617 3834 πρὸς
1647 3765 1771 3828 τοὺς
1816 3782 1935 3835 σμι-

367 3854 665 3925 κρύνοντας
698 3856 928 3907 ἕκαστον
961 3852 1145 3925 θαῦμα
1168 3854 1245 3924 τῷ
1276 3855 1557 3925 ἀρνεῖσθαι
1599 3856 1696 3927 τὴν
1730 3856 1926 3927 σάρκα.

378 3947 436 4000 '0
460 3946 751 4011 Είκοστὸς
782 3945 1081 4014 δεύτερος,
1114 3946 1251 4018 πρὸς
1272 3946 1399 4009 τοὺς
1427 3945 1759 4017 ζημιοῦντας
1777 3948 1935 4018 ἡμῶν

365 4038 429 4093 τὸ
453 4037 632 4106 γένος.
671 4035 749 4106 τῷ
787 4035 863 4106 μὴ
890 4034 1088 4104 λέγειν,
1123 4038 1189 4089 ὲκ
1217 4038 1316 4107 τῆς
1344 4036 1559 4105 φύσεως
1593 4036 1752 4108 ἡμῶν
1782 4038 1932 4107 εἰλῆ-

368 4128 500 4199 φθαι
548 4128 647 4197 τὴν
687 4126 959 4196 ἀπαρχήν.
1014 4124 1071 4178 '0
1100 4125 1393 4191 Είκοστὸς
1421 4126 1615 4195 τρίτος
1646 4125 1781 4198 πρὸς
1810 4129 1935 4191 τοὺς

366 4219 644 4289 λέγοντας,
679 4216 962 4271 Πιστεύειν
994 4217 1179 4280 ἁπλῶς
1222 4211 1302 4281 οἷς
1340 4217 1415 4287 (7)
1447 4218 1688 4286 λέγουσι,
1723 4219 1819 4273 καὶ⁵
1861 4218 1937 4291 μὴ

370 4314 654 4367 κατανοεῖν
688 4312 749 4365 τὸ
789 4311 865 4381 (8)
909 4308 1183 4381 πρέπονῆ
1235 4310 1503 4380 ἀπρεπές.
1546 4310 1606 4361 '0
1640 4311 1937 4378 Eixoctdc

2011 496 2282 556 Secundus
2316 519 2443 559 cum
2471 507 2678 563 eisdem
2712 526 2779 564 ex
2833 509 3117 583 Scriptura
3165 514 3408 582 pressius
3454 531 3587 570 con-

2011 588 2278 657 greditur.
2339 592 2540 649 Tertius
2594 596 2662 651 de
2712 598 2902 653 eadem
2951 617 3009 654 re
3053 600 3317 671 disputat.
3340 601 3584 677 Quartus

2012 688 2326 736 sanctorum
2366 684 2589 740 Patrum
2624 687 2932 745 doctrinam
2979 692 3226 747 continet
3256 692 3324 747 de
3350 694 3588 763 gloriosa

2013 766 2391 828 incarnatione
2433 774 2650 829 Domini
2700 778 2875 832 nostri
2912 779 3039 834 Jesu
3066 780 3273 836 Christi
3311 782 3609 847 FiliiDeih

2015 858 2242 925 Quintus
2266 863 2652 921 haereticorum
2679 871 2923 941 congerit
2947 872 3256 942 Opiniones,
3277 891 3416 945 quas
3434 891 3588 931 com-

2014 947 2170 1015 ponit
2223 964 2348 1003 cum
2402 952 2661 1021 opinione
2721 972 2912 1013 eorum
2961 962 3055 1030 qui
3096 962 3233 1017 duas
3281 965 3338 1017 in
3366 964 3588 1019 Christo

2013 1046 2242 1094 naturas
2297 1057 2407 1096 non
2443 1057 2764 1115 agnoscunt,
2802 1058 2857 1103 et
2907 1053 3150 1108 ostendit
3197 1069 3445 1125 magnam
3494 1071 3590 1111 eos

2017 1127 2162 1184 inter
2203 1146 2261 1187 se
2296 1133 2610 1190 aﬂinitatem
2640 1138 2864 1197 habere.
2906 1143 3116 1213 1055
3160 1142 3350 1199 Sextus
3384 1145 3592 1217 colligit

2017 1235 2187 1275 unum
2238 1238 2359 1279 esse
2423 1226 2621 1281 Filium
2680 1232 2974 1288 Dominum
3029 1239 3044 1255 '
3099 1245 3349 1291 nostrum
3400 1239 3589 1294 Iesum

2016 1311 2314 1369 Christum.
2344 1314 2608 1387 Septimus
2645 1321 2891 1391 epistola:
2930 1324 3112 1380 locum
3152 1335 3341 1381 tenet:
3387 1330 3592 1399 quibus

2017 1403 2275 1458 volumen
2317 1407 2556 1474 primum
2608 1411 2931 1467 absolvitur.
2987 1414 3208 1470 Octavus
3250 1427 3439 1473 contra
3496 1435 3594 1474 eos

2019 1497 2116 1563 qui
2183 1497 2535 1555 multitudine
2594 1502 2857 1558 duntaxat
2912 1506 3201 1562 veritatem
3264 1508 3589 1578 dijudicant.

2019 1586 2202 1640 Nonus
2240 1588 2294 1641 in
2324 1604 2420 1644 eos
2452 1590 2545 1660 qui
2577 1592 2731 1647 aiunt
2759 1610 2870 1648 non
2896 1605 3153 1665 oportere
3193 1614 3260 1654 ex
3286 1598 3599 1668 Scripturis

2022 1691 2267 1745 quaerere
2326 1686 2420 1732 aut
2464 1680 2637 1749 loqui,
2678 1683 2772 1738 sed
2798 1699 2956 1738 suam
2996 1685 3101 1739 sibi
3126 1686 3287 1745 (idem
3316 1686 3587 1742 suﬂicere.

2021 1765 2260 1822 Decimus
2297 1768 2352 1822 in
2376 1770 2517 1825 male
2546 1771 2869 1842 objicientes
2908 1774 3081 1830 illud:
3132 1795 3150 1828 ι
3189 1777 3426 1832 Verbum
3460 1793 3591 1832 caro

2018 1853 2222 1909 factum
2271 1864 2353 1910 est
2400 1857 2439 1910 ¹.
2473 1876 2491 1909 ι
2558 1858 2868 1915 Undecimus
2920 1863 3183 1921 adversus
3233 1865 3593 1935 prohibentes
3664 1854 3673 1859 ’

2019 1944 2157 1999 duas
2199 1960 2397 2016 capere
2442 1947 2497 2002 in
2551 1948 2931 2008 incarnatione
2964 1962 3208 2010 naturas.
3241 1955 3591 2012 Duodecimus

2021 2039 2077 2094 in
2146 2056 2243 2095 eos
2280 2042 2375 2110 qui
2430 2039 2623 2096 dicunt
2673 2057 2799 2096 eum
2852 2043 2946 2113 qui
2979 2042 3210 2098 afﬁrmat
3266 2046 3415 2101 aliud
3471 2063 3594 2104 esse

2020 2130 2284 2197 Verbum,
2334 2131 2482 2186 aliud
2528 2148 2661 2187 vero
2715 2148 2956 2198 carnem,
2992 2133 3130 2189 duos
3160 2136 3301 2190 ﬁlios
3325 2136 3591 2206 proﬁteri.

1980 2284 1985 2289 ,
2021 2222 2265 2277 Decimus
2300 2226 2482 2279 tertius
2516 2224 2567 2279 in
2619 2241 2714 2280 eos
2764 2225 2858 2298 qui
2888 2225 3078 2281 dicunt
3118 2226 3261 2281 idem
3290 2243 3410 2283 esse
3431 2228 3594 2285 Chri-

2022 2320 2167 2366 stum
2188 2313 2352 2368 etiam
2387 2315 2662 2369 hominem
2686 2331 3001 2387 agnoscere,
3027 2333 3090 2373 ac
3118 2317 3173 2372 in
3193 2317 3412 2375 homine
3431 2320 3593 2376 etiam

2024 2419 2176 2474 spem
2208 2405 2497 2462 collocare.
2538 2406 2781 2461 Decimus
2802 2415 3020 2477 quartus
3045 2408 3100 2462 in
3121 2425 3216 2464 eos
3238 2410 3332 2479 qui
3358 2409 3548 2466 dicunt
3580 2431 3591 2464 :

2024 2492 2225 2548 Passus
2282 2504 2366 2549 est
2417 2496 2535 2550 sine
2564 2497 2837 2565 passione.
2897 2497 3137 2553 Decimus
3167 2500 3379 2578 quintus
3404 2500 3597 2555 adver-

2025 2599 2121 2638 sus
2179 2600 2275 2639 eos
2314 2588 2409 2654 qui
2442 2585 2668 2641 dicunt:
2722 2588 2920 2643 Passus
2941 2597 3026 2644 est
3049 2591 3191 2645 sicut
3222 2591 3415 2644 voluit.
3448 2591 3599 2646 Deci-

2026 2691 2142 2728 mus
2193 2683 2369 2729 sextus
2409 2675 2465 2731 in
2494 2691 2589 2730 eos
2627 2677 2721 2746 qui
2749 2677 2941 2733 dicunt
2967 2686 3222 2749 oportere
3267 2695 3430 2735 voces
3456 2682 3602 2736 acci-

2027 2776 2180 2830 pere,
2231 2778 2340 2816 non
2391 2771 2574 2817 autem
2626 2780 2819 2819 earum
2868 2766 3194 2838 signiﬁcata,
3226 2776 3288 2824 ut
3334 2785 3455 2840 quas
3481 2785 3602 2825 om-

2030 2851 2182 2905 nium
2260 2864 2479 2923 captum
2544 2855 2851 2921 excedant,
2920 2858 3289 2914 considerare.
3354 2860 3601 2917 Decimus

2030 2946 2276 3015 septimus
2320 2946 2582 3001 adversus
2635 2947 2879 3003 dicentes
2917 2966 2930 3002 :
2968 2950 3205 3005 Verbum
3248 2967 3349 3021 per
3377 2968 3600 3008 carnem

2032 3051 2251 3105 passum
2297 3046 2400 3092 est.
2436 3037 2680 3093 Decimus
2726 3049 2938 3095 octavus
2995 3050 3186 3097 contra
3241 3058 3335 3098 eos
3372 3044 3466 3114 qui
3518 3043 3602 3099 di-

2030 3132 2162 3179 cunt
2192 3143 2205 3178 :
2239 3126 2385 3192 Quas
2418 3144 2610 3198 pcenas
2640 3128 2849 3184 dabunt
2865 3130 3059 3193 Judaei,
3079 3132 3122 3186 si
3144 3133 3315 3188 Deum
3334 3149 3443 3188 non
3468 3150 3601 3205 cru-

2029 3218 2358 3273 cilixerunt?
2382 3218 2625 3274 Decimus
2661 3237 2826 3275 nonus
2859 3222 2913 3277 in
2942 3239 3037 3278 eos
3081 3225 3177 3296 qui
3226 3225 3458 3281 dicunt:
3500 3228 3602 3286 Ju-

2031 3308 2183 3363 dmus
2228 3308 2273 3362 is
2318 3317 2401 3362 est
2431 3310 2525 3380 qui
2548 3312 2720 3365 Deum
2756 3313 2980 3368 minime
3002 3316 3322 3371 cruciﬁxum
3347 3317 3600 3373 allirmat.

2034 3398 2313 3452 Vicesimus
2356 3399 2412 3453 in
2483 3416 2580 3454 eos
2622 3402 2716 3471 qui
2761 3403 2952 3458 dicunt
3004 3406 3225 3475 angelos
3271 3407 3457 3473 etiam,
3506 3409 3602 3478 qui

2032 3492 2177 3560 apud
2197 3491 2568 3547 Abrahamum
2596 3494 2781 3548 cibum
2804 3505 3176 3565 sumpserunt,
3201 3514 3313 3553 non
3342 3499 3603 3554 continuo

2033 3582 2239 3659 carnis‘
2266 3592 2517 3638 naturam
2564 3585 2830 3639 attulisse.
2871 3585 3146 3641 Vicesimus
3178 3593 3375 3658 primus
3425 3588 3482 3642 in
3509 3605 3606 3645 eos

2033 3671 2126 3740 qui
2172 3672 2384 3743 singula
2422 3674 2684 3729 miracula
2733 3687 3053 3741 extenuant,
3099 3678 3229 3732 dum
3261 3694 3481 3735 carnem
3502 3696 3605 3736 ne-

2032 3770 2181 3832 gant.
2235 3761 2512 3817 Vicesimus
2551 3763 2805 3819 secundus
2840 3766 3105 3821 adversus
3131 3781 3227 3822 eos
3266 3768 3479 3839 1056
3508 3771 3605 3839 qui

2035 3851 2295 3906 damnum
2342 3853 2588 3923 irrogant
2638 3855 2825 3925 generi
2879 3866 3090 3922 nostro,
3127 3856 3257 3912 dum
3299 3859 3606 3917 concedere
3666 3862 3681 3875 '

2034 3944 2252 4006 nolunt,
2300 3959 2368 4000 ex
2421 3955 2608 4001 nostra
2658 3957 2852 4003 natura
2884 3957 3129 4019 sumptas
3165 3965 3287 4007 esse
3313 3952 3606 4022 primitias.

2037 4034 2316 4092 Vicesimus
2361 4039 2546 4093 tertius
2613 4039 2666 4093 in
2710 4055 2808 4095 eos
2850 4041 2947 4111 qui
2980 4042 3190 4109 dicunt,
3226 4044 3451 4100 credere
3472 4045 3607 4100 sim-

2034 4127 2254 4197 pliciter
2275 4129 2342 4183 iis
2360 4145 2482 4199 qua:
2501 4130 2712 4194 dicunt,
2739 4142 2794 4187 et
2811 4148 2922 4187 non
2945 4134 3227 4190 attendere
3249 4136 3381 4206 quid
3404 4136 3609 4193 decens

2038 4217 2110 4272 sit
2167 4219 2249 4274 vel
2305 4219 2590 4276 indecens.
2649 4220 2932 4276 Vicesimus
2974 4231 3196 4293 quartus
3229 4225 3489 4279 adversus
3510 4240 3609 4280 eos

2038 4307 2132 4377 qui
2168 4315 2291 4378 post
2325 4310 2634 4379 passionem
2662 4318 2720 4365 et
2747 4311 3125 4368 ascensionem
3156 4321 3476 4367 naturarum
3502 4314 3607 4369 tol-
3677 4302 3687 4325 ‘

371 4404 647 4472 τέταρτος
674 4442 688 4466 .
720 4403 859 4473 πρὸς
888 4403 1013 4465 τοὺς
1047 4400 1402 4472 ἀναιροῦντας
1445 4403 1544 4472 τὴν
1573 4402 1683 4456 τῶν
1716 4402 1924 4473 φύσεων

2039 4398 2160 4452 lunt
2201 4398 2587 4455 diderentiam.
2624 4400 2903 4456 Vicesimus
2923 4403 3135 4473 quintus
3180 4403 3493 4457 summatim
3544 4418 3610 4457 ea

369 4496 631 4567 διαφορὰν
664 4494 802 4566 μετὰ
826 4495 887 4548 τὺ
910 4494 1079 4558 πάθος
1105 4494 1199 4546 κει.)⁸
1224 4493 1320 4564 τὴν
1342 4494 1628 4563 ἀνάληψιν.
1679 4493 1737 4548 '0
1761 4495 1930 4547 Είκο-

370 4588 519 4655 στός
566 4587 835 4657 πέμπτος
861 4627 877 4652 ,
918 4583 1397 4653 ἀνακεφαλαίωσις
1432 4583 1542 4639 τῶν
1585 4584 1728 4638 κατά
1770 4583 1936 4656 μέρος

373 4677 671 4749 ῥηθέντων.
718 4677 776 4731 '0
824 4676 1115 4741 Εἱκοστὸς
1165 4674 1337 4740 ἕκτος
1361 4715 1376 4740 ,
1407 4676 1535 4746 περὶ
1574 4676 1677 4745 τῆς
1710 4675 1935 4745 ὕστερον

375 4768 705 4839 μηνυθείσης
739 4767 1037 4830 συνθέσεως
1065 4766 1185 4836 ἦτοι
1217 4765 1642 4830 συνουσιὼσεως.
1684 4766 1746 4821 '0
1774 4767 1939 4820 Εἰκο-

370 4859 518 4926 στὸς
540 4858 787 4928 ἕϐδομος
813 4897 828 4922 ,
857 4860 985 4929 περὶ
1018 4859 1112 4912 τοῦ
1150 4858 1290 4912 κατά
1320 4858 1409 4910 τὸν
1437 4857 1614 4911 κοινὸν
1648 4857 1934 4929 ἄνθρωπον

371 4950 791 5019 ὑποδείγματος.
839 4948 1009 5020 Δῆλον
1052 4949 1112 5001 δὲ
1142 4949 1235 5003 καὶ
1284 4949 1349 5001 ἐκ
1403 4947 1572 5017 μόνης
1608 4947 1787 5000 αὐτῶν
1836 4949 1935 5019 τῆς

372 5038 717 5104 ὑποθέσεως,
752 5040 893 5093 ποῖοι
920 5038 1031 5090 τῶν
1065 5036 1369 5109 εἰρημένων
1415 5037 1590 5103 λόγων
1626 5036 1687 5090 τὸ
1717 5037 1935 5109 ὀρθόδο-

345 5129 462 5195 ,ξον
495 5130 818 5203 κρατύνουσι
848 5130 1122 5199 φρόνημα,
1171 5130 1263 5183 καὶ
1288 5129 1434 5192 τίνες
1463 5127 1800 5182 ἐκκλίνουσιν
1836 5128 1932 5198 (9).

445 5294 464 5328 ¹
488 5294 646 5351 Joan.
676 5308 716 5357 ι,
751 5291 834 5345 li.

466 5452 521 5520 4)
550 5450 802 5520 Χριστός.
816 5447 962 5520 Ibid.

468 5517 522 5588 5)
555 5517 614 5576 δέ
638 5536 722 5588 γε.
749 5519 887 5573 lbid.
911 5517 987 5570 δέ.

466 5455 499 5509 4
550 5451 802 5520 Χριστός.
824 5451 962 5503 Ibid.
998 5463 1130 5518 prter

468 5526 501 5578 5
555 5523 611 5576 δέ
638 5519 887 5588 γε.1ὶ)ἰι1.
911 5517 987 5570 δέ.

444 5451 522 5675 ίέί
552 5588 844 5675 1567;.13’3‘1'
870 5603 1058 5675 Ρνεεῐη-
1076 5587 1130 5675 ξ’

445 5650 523 5735 (7)
550 5650 803 5725 οἷςξιὺὶά.
839 5650 952 5722 οῦς,
987 5658 1041 5711 in
1075 5671 1243 5727 marg.
1276 5650 1374 5719 οἷς.

998 5463 1184 5518 praem.
1222 5451 1268 5503 ὁ.

502 5452 522 5661 ξ

2040 4490 2239 4560 repetit
2271 4507 2393 4563 quae
2419 4507 2518 4561 per
2540 4500 2722 4562 partes
2752 4491 2898 4547 dicta
2928 4501 3076 4547 sunt.
3122 4492 3398 4547 Vicesimus
3431 4501 3609 4548 sextus

2041 4580 2110 4636 de
2155 4580 2596 4651 compositione,
2657 4597 2753 4637 seu
2803 4585 3364 4641 consubstantiatione
3420 4595 3608 4655 postea

2041 4671 2406 4726 manifestata.
2433 4670 2712 4727 Vicesimus
2752 4675 3002 4745 septimus
3033 4675 3102 4731 de
3133 4690 3202 4730 eo
3233 4676 3381 4746 quod
3407 4692 3607 4731 secun-

2043 4762 2175 4816 dum
2218 4777 2567 4817 communem
2610 4764 2887 4819 hominem
2942 4773 3028 4821 est
3069 4769 3337 4837 exemplo.
3387 4767 3608 4823 Clarum

2044 4870 2196 4918 vero,
2218 4854 2305 4909 vel
2329 4871 2397 4909 ex
2425 4856 2544 4909 solo
2565 4864 2909 4926 argumento,
2937 4857 3161 4926 quinam
3182 4874 3251 4913 ex
3280 4858 3613 4928 supradictis

2044 4947 2202 5003 libris
2244 4946 2606 5002 orthodoxam
2658 4947 3017 5003 corroborent
3044 4948 3370 5014 doctrinam,
3404 4948 3610 5018 quique

2046 5039 2114 5093 ab
2135 5054 2198 5094 ea
2225 5037 2529 5093 discedant.

2664 5515 2871 5588 scilicet
2903 5516 2996 5585 qui
3023 5515 3300 5587 oppositas
3328 5529 3549 5572 recense
3563 5526 3624 5572 nt

2048 5589 2363 5654 sententias,
2398 5596 2452 5642 ut
2485 5587 2623 5642 liber
2656 5587 2900 5658 quintus.
