3924 6192
1422 253 1908 314 THEUDORETI
1947 250 2284 310 EPISCOPI
2323 245 2687 307 CYRENSIS

3536 235 3650 303 HCS

1468 427 3638 469 ψ

710 438 2248 481 W

1926 586 2177 642 INCIPIT

1357 768 1774 884 BEATI
1843 762 2763 877 THEODORETI

1542 1007 1687 1093 DE
1761 998 2423 1090 TRINITATE
2464 977 2574 1057 (ί)-

506 1342 666 1396 Salus
723 1346 907 1391 autem
931 1339 1015 1387 est
1058 1327 1289 1385 scientia
1325 1323 1663 1387 e’xsistentis,
1698 1321 2011 1376 exsistenlis
2041 1326 2084 1382 Α
2115 1320 2323 1384 omnia,
2382 1329 2436 1374 et
2466 1334 2555 1375 res
2588 1336 2715 1375 vere
2748 1319 3056 1375 subsistens
3086 1320 3327 1391 Spiritus
3359 1334 3595 1389 sanctus,
3628 1328 3673 1379 in

434 1450 568 1489 vero
602 1431 828 1487 scientia
848 1426 938 1499 (2)
959 1432 1041 1478 est
1063 1423 1226 1481 Deus,
1258 1419 1402 1471 Deus
1433 1424 1613 1470 autem
1644 1422 1727 1467 est
1747 1413 2008 1479 Trinitas,

438 1527 595 1596 cujus
642 1522 893 1576 notitiam
945 1514 1210 1576 Verbum,
1258 1509 1560 1564 secundum
1592 1504 2011 1561 similitudinem

437 1629 681 1673 nostram
727 1621 925 1683 praeter
970 1613 1257 1679 peccatum
1299 1602 1571 1665 factum‘,
1628 1598 1781 1652 dedit
1823 1597 2013 1650 dicens

440 1706 727 1777 discipulis
756 1724 768 1757 :
805 1723 822 1754 ι
847 1703 1072 1761 Euntes,
1096 1697 1288 1751 docete
1308 1708 1498 1747 omnes
1511 1698 1721 1762 gentes.
1739 1687 2017 1757 baptizan-

442 1810 525 1853 tes
567 1812 662 1852 eos
708 1796 764 1848 in
802 1792 1024 1846 nomine
1060 1785 1234 1841 Patris
1286 1792 1342 1837 et
1371 1782 1494 1835 Filii
1540 1790 1595 1834 et
1622 1778 1859 1847 Spiritus
1888 1791 2014 1829 san-

438 1889 578 1941 eti'.
610 1905 627 1937 ι
688 1884 822 1937 Tres
866 1876 1252 1934 subsistentias
1302 1872 1417 1926 sive
1457 1884 1720 1940 personas
1750 1865 2012 1929 ostendit,

440 1981 636 2035 dicens
665 1978 717 2031 in
749 1977 962 2030 Patrem
994 1980 1048 2025 et
1076 1971 1130 2023 in
1154 1968 1352 2023 Filium
1375 1974 1429 2019 et
1454 1971 1702 2017 sanctum
1727 1960 2012 2029 Spiritum.

444 2073 742 2140 Pmpterca
768 2066 916 2119 enim
950 2065 1113 2117 Pater
1134 2069 1239 2123 est,
1278 2067 1333 2111 et
1360 2072 1470 2110 non
1498 2053 1670 2106 Filius
1699 2067 1873 2120 neque
1897 2050 2018 2119 Spi-

446 2167 616 2228 ritus;
654 2169 709 2216 et
740 2159 909 2213 Filius
938 2165 1041 2220 est,
1079 2162 1135 2209 et
1160 2166 1338 2220 neque
1366 2148 1527 2202 Pater
1551 2160 1727 2213 neque
1749 2143 2014 2213 Spiritus;

446 2271 503 2311 et
556 2252 795 2324 Spiritus
836 2256 1058 2303 sanctus
1099 2253 1201 2308 est,
1238 2250 1293 2295 et
1323 2255 1501 2310 neque
1528 2239 1689 2292 Pater
1721 2249 1897 2304 neque
1927 2232 2018 2285 Fi-

446 2349 573 2403 lius.
627 2340 994 2399 Manilestavit
1024 2345 1205 2391 autent
1232 2349 1289 2387 se
1324 2342 1511 2387 sancta
1542 2328 1781 2383 Trinitas
1812 2328 1865 2379 in
1894 2325 2018 2379 Jor-

449 2440 613 2500 dane,
666 2435 827 2488 Patre
870 2437 1129 2492 testante,
1169 2426 1308 2479 Filio
1342 2422 1637 2492 baptizato,
1674 2426 1863 2472 sancto
1895 2416 2021 2485 Spi—

449 2532 558 2586 ritu
594 2528 647 2582 in
679 2522 945 2580 columba:
976 2517 1157 2588 specie
1188 2514 1577 2570 descendente.
1629 2512 1696 2565 Et
1722 2510 1883 2563 Pater
1911 2523 2021 2560 non

450 2630 570 2677 erat
604 2619 697 2691 qui
728 2614 1130 2686 baptizabamr,
1168 2608 1262 2663 sed
1288 2606 1481 2661 Filius.
1542 2602 1646 2668 Qui
1672 2616 1801 2655 vero
1826 2599 2021 2653 desur-

452 2728 575 2768 sum
626 2690 952 2768 testabatur,
977 2718 1086 2757 non
1112 2707 1228 2755 erat
1254 2698 1445 2760 Filius,
1478 2695 1573 2749 sed
1616 2694 1795 2748 Pater.
1835 2692 1901 2745 Et
1930 2690 2023 2759 qui

453 2808 510 2859 in
560 2802 742 2874 specie
791 2795 1060 2854 columbae
1088 2790 1410 2852 descendit,
1457 2803 1567 2841 non
1594 2792 1711 2839 erat
1736 2783 1906 2837 Filius
1931 2781 2024 2849 qui

454 2895 856 2966 baptizabatur,
887 2903 1064 2958 neque
1087 2886 1245 2939 i’atcr
1272 2880 1365 2951 qui
1390 2880 1457 2934 de
1479 2877 1710 2933 excelsis
1734 2874 2023 2934 clamabat,

454 2965 549 3043 sed
572 2986 811 3056 Spiritus
835 2989 1076 3035 sanctus.
1114 2976 1275 3031 Pater
1300 2974 1447 3026 enim
1479 2970 1546 3023 ab
1572 2965 1805 3021 excelsis
1828 2965 2026 3016 elauta-

454 3081 549 3132 hat
601 3054 629 3129 ε-
670 3095 687 3125 ι
718 3075 818 3127 llic
847 3079 930 3125 est
974 3068 1147 3121 Filius
1173 3079 1330 3117 meus
1359 3062 1595 3116 dilectus
1615 3099 1627 3120 ,
1669 3057 1721 3110 in
1751 3071 1859 3125 quo
1888 3054 2029 3107 bene

452 3164 761 3235 complacni
781 3162 821 3227 ⁸,
852 3182 867 3211 ι
890 3160 1068 3212 latens
1092 3153 1332 3209 Verbum
1349 3159 1573 3223 propter
1597 3149 2029 3204 incarnationem

456 3252 773 3309 ostendens.
838 3249 1008 3303 Filius
1039 3254 1222 3299 autem
1276 3252 1360 3297 est
1392 3243 1735 3295 incarnatum
1765 3241 2027 3302 Verbum,

455 3346 515 3400 ut
559 3361 588 3397 a
628 3342 834 3397 Joanne
880 3337 1207 3407 baptizatus.
1259 3334 1325 3389 Et
1360 3333 1598 3403 Spiritus
1630 3340 1873 3393 sanctus,
1898 3346 2029 3399 pro-

459 3434 632 3504 priam
657 3430 866 3484 habens
883 3426 1317 3486 subsistentiam,
1341 3420 1686 3476 descendens
1706 3418 2033 3472 ostendeba-

457 3536 549 3578 tur
581 3525 635 3579 in
663 3520 845 3592 specie
868 3518 1134 3572 columba:
1158 3525 1214 3570 et
1240 3527 1569 3585 permanens
1591 3526 1755 3581 super
1779 3525 1926 3564 eum.

581 3632 778 3695 Contra
809 3631 1119 3693 Sabellium,
1157 3627 1389 3699 ejusdem
1417 3626 1553 3679 beati
1580 3624 1907 3679 Theodoreti.

529 3749 794 3819 Arguitur
842 3746 1026 3813 itaque
1060 3742 1375 3796 insensatus
1407 3736 1707 3799 Sabellius,
1747 3734 1842 3804 qui
1868 3749 2033 3789 sensu

455 3845 688 3903 Judaieo
710 3840 906 3896 asserit
929 3835 1328 3899 monarehiam,
1362 3831 1716 3902 intelligendo
1741 3839 1797 3886 et
1822 3831 2036 3900 sapien-

463 3939 535 3991 do
570 3938 786 3991 Patrem
831 3948 944 3986 non
972 3944 1104 3985 vere
1130 3928 1379 3989 Patrem,
1439 3931 1495 3979 et
1520 3924 1719 3977 Filium
1764 3939 1876 3977 non
1901 3936 2031 3978 vere

2115 1429 2217 1483 quo
2256 1414 2455 1466 omnia.
2514 1413 2745 1481 Propter
2792 1422 2905 1465 tres
2942 1411 3279 1466 substantias
3337 1421 3450 1467 tres
3486 1432 3592 1481 res,
3628 1428 3675 1470 ct

2113 1512 2337 1574 prOpter
2364 1519 2525 1557 unam
2561 1503 2923 1572 eamdemque
2957 1512 3208 1556 naturam
3246 1519 3359 1557 una
3393 1505 3674 1575 eademque

2115 1613 2222 1653 res.
2279 1596 2473 1652 Omnia
2509 1613 2638 1667 ergo
2686 1612 3027 1665 quaecunque
3072 1595 3213 1648 facta
3254 1603 3411 1659 sunt,
3455 1607 3671 1651 asancta

2117 1690 2387 1744 Trinitate
2436 1688 2641 1742 habent
2684 1688 2981 1741 essentiam
3005 1727 3020 1751 ,
3081 1696 3137 1741 et
3177 1688 3231 1740 in
3268 1703 3336 1741 ea
3367 1686 3671 1740 consistunt.

2122 1801 2140 1833 ε
2168 1781 2350 1836 Verbo
2378 1780 2526 1834 enim
2570 1780 2787 1834 Domini
2820 1780 2957 1851 (hoc
2980 1787 3064 1833 est
3085 1778 3300 1850 Patris)
3350 1779 3473 1833 caeli
3500 1779 3672 1834 ﬁrmati

2118 1883 2275 1938 sunt,
2334 1883 2390 1929 et
2436 1874 2644 1943 Spiritu
2678 1873 2791 1927 oris
2816 1875 2934 1943 ejus
2987 1873 3165 1927 omnis
3188 1873 3372 1927 virtus
3398 1888 3581 1927 eorum
3601 1875 3669 1925 ³.»

2118 1965 2381 2019 Dominus
2405 1974 2587 2018 autem
2617 1965 2799 2028 Pater,
2830 1964 3096 2019 Dominus
3121 1971 3311 2017 autem
3340 1972 3394 2017 et
3420 1965 3599 2025 Filius,
3628 1974 3673 2017 et

2118 2058 2382 2112 Dominus
2406 2073 2536 2112 vero
2567 2066 2622 2111 et
2652 2056 2892 2127 Spiritus
2921 2067 3163 2125 sanctus.
3211 2057 3519 2112 Commune
3540 2072 3674 2109 nam-

2119 2167 2225 2220 que
2261 2151 2424 2205 trium
2452 2166 2815 2221 personarum
2839 2160 2923 2204 est
2948 2151 3211 2203 Dominus
3237 2158 3299 2203 et
3326 2150 3488 2204 Deus.
3521 2150 3675 2203 «Deus

2120 2242 2266 2294 enim
2298 2235 2440 2294 Deus
2472 2249 2598 2294 tuus
2628 2240 2891 2295 Dominus
2917 2255 3058 2293 unus
3080 2241 3259 2293 est‘.»
3297 2238 3528 2293 Attende
3550 2238 3673 2308 quod

2122 2331 2369 2385 dicitur:
2414 2331 2567 2385 Unus
2612 2333 2757 2386 Deus
2806 2331 3110 2384 substantia
3148 2339 3318 2400 atque
3348 2342 3554 2395 natura,
3583 2308 3674 2384 tres

2122 2436 2253 2473 vero
2278 2436 2545 2490 persona.
2604 2421 2722 2475 Non
2756 2421 2983 2474 alterius
3008 2430 3219 2475 natura:
3248 2422 3436 2486 Pater,
3486 2432 3537 2474 et
3558 2422 3673 2473 alte-

2124 2512 2238 2565 rius
2260 2512 2446 2577 Filius,
2468 2519 2522 2565 et
2546 2511 2774 2565 alterius
2796 2512 3033 2582 Spiritus
3060 2521 3321 2577 sanctus;
3364 2512 3456 2566 sed
3483 2528 3577 2565 una
3599 2526 3676 2564 na-

2129 2609 2250 2656 tura
2270 2612 2433 2672 atque
2452 2603 2779 2657 substantia.
2801 2605 2933 2658 Nam
2956 2613 3008 2657 et
3031 2604 3291 2657 animalia
3310 2603 3579 2657 rationalia
3597 2618 3671 2656 sex

2132 2696 2242 2748 alas
2286 2695 2564 2761 habentia,
2589 2696 2822 2749 dicendo
2864 2698 3155 2758 «Sanctus,
3194 2707 3439 2760 sanctus,
3477 2705 3667 2749 sanctus

2133 2785 2471 2851 Dominus",
2504 2804 2521 2835 ι
2588 2786 2644 2839 in
2699 2786 2943 2840 trinitate
2989 2802 3357 2856 personarum
3417 2787 3671 2855 przedicant

2134 2879 2424 2932 unitatem.
2490 2877 2684 2931 Unitas
2718 2879 2864 2932 enim
2921 2877 2976 2930 in
3027 2877 3271 2933 trinitate
3320 2876 3669 2949 cognoscitur;

2136 2972 2189 3026 in
2233 2974 2443 3027 unitate
2478 2972 2695 3027 trinitas
2722 2987 2850 3037 una,
2922 2971 3099 3027 deilas
3126 2989 3252 3037 una,
3306 2982 3361 3026 et
3386 2972 3546 3025 virtus
3566 2958 3666 3033 tina,

2134 3068 2189 3113 et
2236 3076 2463 3129 regnum
2496 3077 2688 3115 unum.
2751 3061 2905 3127 Quod
2935 3062 3053 3114 vult
3076 3062 3260 3124 Pater,
3299 3062 3414 3114 vult
3441 3060 3666 3121 etFilius,

2135 3152 2252 3206 vult
2279 3162 2335 3206 et
2365 3152 2603 3222 Spiritus
2633 3161 2873 3207 sanctus.
2919 3152 3163 3206 Trinitas
3191 3163 3376 3206 autem
3398 3193 3412 3215 ,
3447 3150 3559 3220 quia
3587 3151 3666 3203 I’a-

2139 3257 2221 3301 ter
2254 3246 2375 3299 Filii
2403 3245 2751 3300 subsistentis
2772 3246 2930 3299 Pater
2952 3254 3055 3307 est,
3075 3253 3131 3298 et
3158 3245 3335 3298 Filius
3367 3242 3669 3299 subsistentis

2137 3336 2313 3392 Patris
2360 3345 2416 3390 et
2464 3336 2653 3399 Filius,
2698 3347 2754 3389 et
2787 3334 3025 3403 Spiritus
3048 3342 3273 3387 sanctus
3310 3334 3587 3387 subsistens
3604 3340 3668 3385 est

2136 3443 2204 3482 ex
2230 3428 2388 3481 Patre
2418 3426 2720 3496 procedens
2748 3435 2803 3480 et
2833 3442 2929 3495 per
2956 3425 3153 3479 Filium
3180 3425 3365 3480 datus.

2427 3540 2655 3609 1056'
2688 3539 2948 3592 Adversus
2983 3538 3169 3592 Arium
3206 3539 3444 3607 impium.

2211 3653 2317 3708 Sed
2341 3651 2707 3707 necessarium
2736 3651 2956 3720 quidem
2982 3659 3064 3703 est
3088 3659 3170 3713 ut,
3199 3660 3317 3705 tres
3338 3648 3666 3705 subsistentias

2140 3744 2488 3807 conﬁtendo,
2535 3744 2730 3797 malam
2761 3755 2965 3797 sectam
2992 3743 3105 3796 Arii
3152 3744 3441 3814 fugiamus.
3479 3742 3665 3797 Contra-

2140 3835 2222 3889 ria
2261 3834 2336 3906 (5)
2385 3832 2531 3889 enim
2582 3834 2823 3888 Sabellio
2864 3833 3173 3888 Judaizanti
3208 3850 3440 3905 pergens
3465 3835 3601 3893 viam,
3626 3840 3665 3883 et

2141 3928 2355 3999 fugiens
2382 3928 2778 3993 monarchiam,
2823 3929 2878 3982 in
2910 3930 3211 3983 multorum
3237 3932 3463 3986 deorum
3490 3929 3663 3999 pagani-

464 4026 696 4087 Filium,
758 4031 816 4077 et
862 4020 1127 4090 Spiritum
1163 4022 1417 4071 sanctum
1470 4029 1580 4067 non
1608 4029 1739 4067 vere
1767 4012 2036 4083 Spiritum
2065 4009 2107 4067 C
2141 4034 2259 4073 cam
2288 4017 2451 4072 irruit
2477 4018 2814 4087 opinionem,
2847 4018 3230 4075 subsistentias
3259 4032 3456 4076 sancta:
3480 4020 3665 4073 Trinita-

462 4125 750 4180 saactum;
785 4114 883 4167 sed
911 4112 1132 4166 nomina
1161 4106 1506 4164 solummodo
1538 4105 1657 4159 sine
1684 4105 2032 4170 substantiis,

467 4209 572 4263 tria
627 4208 684 4261 in
727 4220 832 4259 una
882 4220 1117 4275 persona
1156 4200 1476 4270 conjiciens.
1542 4198 1613 4253 Ut
1660 4207 1844 4252 autem
1892 4199 2037 4253 clare

458 4299 822 4369 intelligatur,
881 4295 1133 4364 exemplo
1159 4292 1397 4362 quodam
1430 4300 1552 4345 tene
1582 4288 1657 4362 (5)
1692 4290 1856 4345 istius
1880 4300 2034 4360 pate-

464 4391 729 4447 faciamus
772 4401 1016 4442 sensum.
1078 4384 1168 4438 Ait
1197 4384 1346 4437 enim
1393 4377 1719 4434 Trinitatem
1767 4396 1877 4434 non
1908 4396 2036 4436 vere

467 4480 769 4535 trinitatem
813 4487 1171 4547 personarum
1219 4470 1638 4527 subsistentium
1670 4485 1791 4527 esse
1836 4486 2036 4525 nomen

466 4571 663 4626 Petrus
682 4568 779 4640 (4),
800 4569 855 4621 in
882 4566 1210 4636 baptismate
1237 4577 1369 4617 vero
1396 4562 1662 4627 Andreas,
1684 4570 1741 4617 et
1763 4562 1818 4616 in
1844 4562 2040 4616 militia

469 4662 707 4715 Thomas
733 4677 747 4712 :
775 4658 870 4713 sed
894 4672 1004 4712 non
1028 4672 1159 4711 vere
1186 4654 1317 4709 trini
1343 4653 1657 4726 huiusmodi
1685 4655 1906 4708 trinitas
1924 4661 2040 4717 est;

469 4753 754 4805 nominum
796 4764 925 4804 vere
972 4746 1318 4803 solummodo
1350 4746 1599 4810 trinitas,
1636 4754 1692 4799 et
1719 4760 1830 4799 non
1856 4759 2040 4799 rerum

465 4853 572 4899 est.
624 4843 733 4896 Res
761 4853 943 4896 autem
994 4858 1124 4896 vere
1154 4840 1460 4895 subsistens
1512 4847 1596 4893 est
1628 4839 1809 4901 Pater,
1849 4854 1911 4892 ex
1940 4855 2043 4908 quo

469 4933 647 4989 omnia
667 4932 709 4995 ⁸,
762 4940 819 4987 et
863 4950 954 4989 res
1002 4948 1131 4987 vere
1175 4931 1483 4986 subsistens
1509 4930 1711 4993 Filius,
1770 4947 1863 4999 per
1892 4946 2044 4999 quem

544 5089 560 5120 ¹
591 5086 756 5142 Hebr.
784 5103 855 5148 iv,
893 5088 980 5138 15.
1057 5088 1076 5116 ²
1108 5082 1296 5137 Matth.
1326 5096 1511 5141 xxvtu,
1550 5080 1635 5133 19.

467 5160 491 5189 ⁸
525 5158 684 5213 Deut.
715 5173 787 5221 vr,
822 5158 884 5218 4;
923 5156 1086 5209 Marc.
1114 5170 1208 5216 xu,
1231 5153 1320 5206 29.
1417 5152 1434 5179 "
1475 5151 1578 5204 Isa.
1605 5167 1677 5213 γι,
1710 5152 1763 5203 3.

540 5313 616 5384 (I)
652 5308 973 5384 Ex_M_isccll.
1004 5308 1218 5384 Dalii}...
1247 5314 1377 5359 tom.
1397 5305 1486 5367 IV,
1510 5320 1666 5384 pagg.
1696 5302 2034 5384 I-§.‘[I}ecu-

470 5373 1345 5455 sum:in_Gaﬂand‘ii_Bibliotfteea,
1365 5384 1509 5455 χωρ.
1533 5374 1629 5455 υς,
1664 5390 1715 5455 p.
1747 5373 1895 5454 diu]

545 5450 746 5521 (2)_Est
790 5448 946 5519 Deus]
981 5446 1227 5521 Est_Dei,
1274 5446 1406 5521 legit
1446 5442 1753 5521 Gotelerius
1797 5443 1852 5497 in
1881 5442 2037 5497 ‘Eecl.

469 5512 566 5575 Gr;
595 5512 850 5579 Monum.,
885 5512 1123 5581 t6m.III,
1155 5531 1276 5584 pag.
1297 5512 1409 5584 560
1451 5512 1513 5567 C.

546 5587 619 5655 (5)
654 5576 906 5656 Exemplo
928 5576 1315 5656 quadamtene]
1350 5583 1603 5652 Exemplo
1624 5576 1852 5652 quodam
1877 5582 2041 5645 tenui,

472 5658 559 5712 vel
592 5655 767 5728 (tene).
806 5655 878 5707 ιυ.
910 5655 1041 5709 ibid.

1714 5081 1732 5110 ³
1757 5081 1947 5135 Matth.
1978 5098 2055 5147 tu,
2096 5084 2180 5137 I7.

2142 4110 2214 4165 tis
2263 4112 2317 4164 in
2370 4127 2535 4165 unam
2594 4112 2813 4167 deitatis
2858 4115 3215 4168 substantiam
3265 4131 3376 4168 non
3408 4112 3660 4169 intendens,

2142 4203 2238 4257 sed
2262 4212 2487 4257 naturas
2512 4219 2567 4258 et
2588 4205 2922 4259 substantias
2947 4215 3233 4260 extraneas
3260 4208 3523 4276 subjectas
3544 4202 3663 4255 alter-

2144 4298 2322 4361 utris,
2381 4298 2553 4351 Deum
2593 4314 2849 4368 magnum
2898 4299 3198 4363 deﬁniens,
3281 4309 3337 4354 et
3382 4313 3552 4368 parum
3589 4290 3659 4359 (ϐ)

2142 4396 2198 4442 et
2228 4388 2534 4442 minimum.
2592 4386 2737 4459 Fuge
2762 4390 3261 4444 insensibilitatem.
3313 4390 3531 4459 Fugiens
3552 4382 3660 4437 enim

2140 4491 2259 4543 rem
2314 4476 2711 4547 incongruam,
2765 4474 3225 4548 ineongrucntius
3274 4477 3502 4532 advenit.
3529 4474 3662 4527 Intro-

2141 4568 2299 4623 duxit
2322 4569 2468 4623 enim
2488 4570 2606 4625 sine
2626 4566 2830 4625 findere
2842 4570 3091 4640 proelium
3112 4580 3312 4625 saneta:
3331 4567 3576 4625 Ecclesiae,
3590 4560 3659 4615 Dei

2144 4658 2342 4713 Filium
2374 4659 2718 4715 minorando.
2756 4661 2990 4731 Respice
3015 4661 3198 4730 itaque
3228 4656 3494 4730 quomodo
3517 4650 3660 4708 Sabel-

2144 4750 2253 4803 lius
2279 4752 2499 4819 quidem
2534 4752 2749 4822 fugiens
2776 4753 2965 4807 Arium
2996 4751 3217 4807 Iudaeus
3244 4760 3326 4806 est
3351 4752 3528 4808 factus,
3556 4757 3658 4812 quo-

2145 4840 2309 4894 modo
2336 4851 2517 4896 autem
2544 4843 2708 4897 Arius
2742 4844 3041 4899 Sabellium
3074 4843 3285 4912 fugiens
3317 4853 3540 4911 paganus
3559 4833 3658 4888 etle-

2147 4941 2271 4985 ctus
2312 4941 2413 4986 est.
2474 4932 2568 4987 Ille
2617 4933 2888 5002 siquidem
2936 4931 3386 5002 uniprincipium,
3442 4929 3523 4981 hic
3564 4936 3659 4975 vero

2266 5085 2286 5115 ⁸
2322 5085 2480 5138 Rom‘.
2519 5102 2591 5149 ιι,
2625 5086 2723 5152 56;
2760 5087 2781 5140 1
2815 5086 2944 5141 Cor.
2970 5103 3081 5151 vm,
3114 5088 3167 5141 6.
3226 5089 3245 5117 ⁵
3281 5086 3419 5141 Psal.
3445 5096 3587 5143 mut,
3621 5074 3656 5129 6.

2218 5304 2292 5373 (:5)
2332 5306 2420 5358 Ait
2450 5308 2608 5379 enim,
2644 5307 2787 5379 etc.]
2823 5308 2953 5378 Leg.
2984 5310 3071 5363 Ait
3108 5313 3245 5363 enim
3278 5312 3547 5379 trinitatem
3575 5316 3660 5378 ρας-

2144 5391 2401 5427 sonarum
2427 5375 2823 5429 subsistentiunt
2855 5375 2985 5432 esse.
3019 5379 3222 5432 Nomen
3243 5380 3443 5443 Petrus,
3468 5380 3513 5429 in
3533 5375 3661 5443 ὑβρίξ-

2146 5454 2317 5497 smale
2346 5461 2466 5497 vero
2507 5446 2767 5511 Andreas,
2805 5456 2853 5499 et
2883 5450 2936 5500 in
2970 5450 3160 5501 militia
3194 5437 3441 5503 Thomas;
3475 5447 3537 5500 In.
3558 5437 3655 5511 ibid.

2221 5512 2296 5652 Eii)
2324 5513 2631 5585 Contraria]
2658 5510 3147 5585 Leg.contrariam.
3176 5519 3391 5573 Io.ibid.
3412 5510 3657 5587 pag.5613.

2246 5584 2298 5651 (ἱ)
2339 5583 2565 5652 Parum]
2598 5585 2726 5652 Leg.
2760 5604 3004 5652 parvum.
3042 5589 3117 5643 ID.
3149 5589 3279 5643 ib'id.

2246 5584 2298 5651 (ἱ)
2339 5583 2565 5655 Parum]
2598 5583 3004 5656 Leg.'parvnm.
3042 5589 3117 5643 ID.
3149 5589 3279 5643 ib'id.
