3924 6192
301 684 447 739 enim
477 703 490 737 :
527 707 544 737 t
564 689 685 745 Non
710 692 1015 752 declinabis
1044 700 1112 754 ad
1142 702 1424 761 dexteram
1455 718 1551 765 aut
1574 712 1875 771 sinistram.

301 774 398 829 Via
427 780 591 848 regali
617 797 784 855 perge
801 787 874 840 ⁸.»
910 789 1130 861 Regalis
1156 805 1339 850 autent
1366 799 1455 855 via
1475 809 1580 865 est,
1612 813 1671 861 ut
1696 821 1878 877 neque

298 864 522 923 Sabellii
548 875 891 933 continuatio
923 883 1075 936 velut
1103 886 1355 944 confusio
1381 893 1738 967 suscipiatur,
1774 914 1875 954 ne-

296 971 405 1025 que
420 960 536 1015 Arii
558 963 758 1020 divisio
779 985 792 1021 :
812 969 908 1026 sed
933 972 1233 1050 credantur
1256 987 1368 1033 tres
1386 960 1608 1050 quidem
1624 986 1877 1043 substan—

297 1048 386 1104 tiae
433 1052 548 1107 sive
587 1071 857 1125 persona.
906 1037 1017 1116 neu
1054 1075 1238 1121 autem
1279 1084 1385 1126 una
1418 1071 1703 1131 Trinitatis
1740 1079 1873 1133 sub~

294 1139 569 1210 sistentia,
615 1152 921 1208 secundum
951 1155 1247 1214 Sabellium
1271 1201 1286 1227 ,
1340 1172 1397 1218 et
1428 1180 1536 1220 una
1564 1169 1872 1229 substantia

291 1246 391 1289 seu
416 1245 612 1292 natura
640 1241 1023 1314 confiteantur,
1059 1259 1117 1304 et
1141 1266 1253 1306 non
1284 1259 1396 1309 tres
1424 1265 1638 1314 naturae
1669 1276 1870 1318 secun-

288 1320 421 1378 dum
464 1327 675 1384 Arium.
716 1331 854 1398 Quia
880 1351 1010 1392 vero
1060 1339 1269 1397 incerta
1318 1354 1448 1401 sunt
1486 1347 1870 1417 ignorantibus

288 1425 412 1480 quae
452 1414 738 1484 dicuntur,
791 1423 938 1491 quod
988 1435 1074 1481 est
1115 1437 1314 1486 natura
1347 1442 1404 1488 et
1428 1414 1736 1495 substantia
1769 1456 1869 1497 seu

285 1515 519 1569 persona
567 1509 653 1563 vel
699 1511 1092 1584 subsistentia;
1145 1523 1519 1579 necessarium
1546 1537 1631 1583 est
1683 1529 1751 1585 de
1780 1532 1869 1588 bis

286 1590 531 1651 breviter
554 1601 871 1671 explanare.
913 1606 1192 1666 lnerudite
1214 1628 1450 1685 namque
1482 1620 1641 1674 multi
1674 1636 1731 1676 se
1765 1624 1864 1677 ha-

214 1754 232 1767 μ
285 1681 482 1741 bentes
505 1687 837 1761 delinquunt
855 1695 1004 1752 circa
1023 1708 1268 1756 sanctam
1290 1681 1618 1764 Trinitatem
1645 1720 1703 1766 et
1718 1713 1865 1770 circa

280 2047 356 2103 tia
399 2049 458 2106 in
484 2054 635 2110 nullo
659 2057 1150 2128 significativorum
1174 2066 1442 2124 diﬂ'erunt
1476 2071 1582 2127 nisi
1610 2075 1853 2134 nomine.

274 2138 479 2201 Natura
524 2148 673 2200 enim
715 2151 1020 2209 substantia
1057 2163 1165 2211 est.
1220 2158 1539 2218 Substantia
1571 2172 1629 2219 et
1656 2176 1853 2224 natura

274 2230 332 2287 in
385 2236 538 2291 nullo
588 2238 1077 2310 significativorum
1126 2248 1390 2306 ditl'erunt
1444 2256 1551 2310 nisi
1605 2260 1849 2319 nomine.

273 2323 588 2385 Substantia
624 2332 769 2388 enim
804 2347 889 2391 est
926 2353 1179 2407 persona.
1238 2340 1344 2397 Sed
1390 2353 1586 2402 natura
1626 2351 1844 2419 quidem

266 2422 325 2468 et
372 2418 676 2476 substantia
732 2423 837 2480 hoc
881 2427 1029 2497 quod
1060 2440 1146 2485 est
1175 2446 1465 2490 commune
1515 2418 1847 2507 significant.

264 2504 502 2563 Persona
525 2526 658 2566 vero
686 2523 742 2568 et
766 2516 1076 2575 substantia
1097 2520 1171 2592 (8)
1200 2524 1348 2591 quod
1371 2504 1659 2597 proprium
1678 2533 1848 2603 signi,

264 2596 445 2653 ﬁcant.
483 2601 647 2657 Velut
686 2621 796 2660 una
842 2618 899 2664 et
937 2614 1248 2669 communis
1275 2617 1523 2673 omnium
1556 2621 1843 2682 hominum

262 2697 458 2743 natura
502 2699 588 2746 est
641 2702 805 2765 atque
846 2699 1185 2769 substantia;
1224 2705 1583 2767 subsistentia
1611 2729 1746 2770 vero
1785 2726 1845 2773 et

260 2794 496 2847 persona
516 2823 531 2846 ,
586 2786 998 2859 uniuscujusvis
1026 2793 1266 2853 hominis
1297 2803 1602 2871 proprium.
1639 2807 1707 2861 Et
1730 2823 1842 2864 non

260 2872 521 2940 quoniam
572 2876 1010 2938 innumerabiles
1059 2892 1311 2956 persona)
1363 2903 1419 2950 et
1469 2897 1841 2958 subsistentia;

258 2968 389 3014 sunt
424 2962 730 3035 hominum,
765 2983 1059 3043 propterea
1088 2978 1520 3040 innumerabiles
1547 2996 1603 3041 et
1629 2998 1839 3046 natura:

257 3051 374 3106 sive
402 3055 741 3115 substantia.
797 3063 912 3118 Una
945 3081 1180 3138 namque
1226 3084 1282 3126 et
1312 3075 1504 3130 eadem
1528 3079 1834 3139 substantia

256 3151 421 3213 atque
466 3156 664 3202 natura
717 3152 861 3220 apud
910 3154 1198 3223 homines,
1260 3171 1317 3216 et
1362 3180 1475 3223 non
1518 3168 1691 3224 altera
1727 3181 1831 3227 est.

256 3234 323 3289 Et
350 3252 540 3292 rursus
571 3246 680 3296 nun
706 3246 964 3312 quoniam
994 3265 1104 3304 una
1130 3261 1188 3307 et
1216 3254 1409 3311 eadem
1440 3270 1634 3315 natura
1662 3274 1831 3333 atque

186 3340 189 3345 λ
253 3326 558 3384 substantia
587 3334 832 3389 omnium
865 3337 1149 3395 hominum
1170 3353 1273 3409 est,
1302 3358 1592 3418 prepterea
1616 3368 1723 3407 una
1747 3366 1833 3411 est

249 3417 365 3472 sola
412 3434 644 3488 persona
698 3440 797 3481 seu
832 3426 1189 3486 subsistentia
1240 3437 1488 3492 omnium
1521 3439 1826 3501 hominum.

248 3508 465 3566 Scimus
505 3514 655 3569 enim
708 3516 956 3575 diversas
988 3537 1254 3592 personas
1285 3527 1592 3598 hominum,
1627 3542 1685 3590 et
1716 3552 1828 3593 non

246 3612 432 3653 unam.
498 3601 695 3659 Petrus
723 3605 871 3661 enim
926 3617 983 3664 et
1008 3611 1247 3670 Jacobus
1294 3626 1349 3671 et
1381 3619 1621 3680 Joannes
1657 3640 1827 3683 unum

245 3691 468 3757 quidem
516 3703 711 3752 natura
743 3706 800 3754 et
831 3701 1169 3771 substantia,
1207 3711 1513 3767 secundum
1539 3717 1687 3785 quod
1722 3718 1825 3789 ho-

244 3782 422 3838 mines
475 3796 636 3853 sunt;
700 3805 813 3844 non
865 3802 1051 3849 autem
1102 3813 1272 3854 unum
1335 3803 1691 3864 subsistentia
1737 3811 1824 3866 vel

243 3889 499 3943 persona.
542 3878 831 3950 Proprium
859 3885 1007 3939 enim
1033 3898 1163 3944 sunt
1191 3891 1413 3964 singuli.
1451 3896 1649 3955 Petrus
1672 3901 1822 3957 enim

242 3980 353 4019 non
378 3976 464 4022 est
486 3968 723 4027 Jacobus
746 3983 841 4029 aut
861 3976 1121 4037 Joannes.
1153 3981 1418 4041 Similiter
1440 3999 1623 4047 autem
1645 4002 1703 4048 et
1723 3994 1823 4049 ho.

239 4071 366 4111 rum
396 4058 595 4131 singuli
644 4078 754 4121 non
782 4075 912 4122 sunt
936 4070 1082 4138 quod
1107 4072 1265 4128 alius.
1320 4076 1546 4148 Propria
1567 4083 1713 4137 enim
1737 4094 1821 4141 est

240 4148 647 4223 uniuscujusvis
676 4170 909 4224 persona
961 4175 1057 4216 seu
1106 4164 1487 4225 subsistentia.
1542 4173 1693 4231 Idem
1717 4192 1817 4231 au-

240 4244 351 4292 tem
393 4238 840 4302 immutabilitate
883 4257 1095 4310 natura:
1125 4254 1245 4310 sive
1268 4257 1608 4325 substantia.
1660 4265 1817 4333 Quod

237 4327 386 4382 enim
419 4339 504 4385 est
528 4332 725 4388 Petrus
750 4344 968 4405 natura,
1001 4340 1105 4398 hoc
1133 4353 1191 4399 et
1214 4346 1453 4404 Jacobus
1480 4360 1536 4406 et
1555 4327 1813 4417 Joannes.

238 4416 393 4481 Quod
419 4430 601 4477 autem
631 4434 715 4480 est
743 4426 939 4487 Petrus
964 4431 1341 4500 subsistentia,
1375 4456 1555 4513 neque
1578 4444 1815 4504 Jacobus

236 4520 417 4577 neque
448 4513 690 4573 Joannes
715 4529 818 4577 est.
861 4524 1015 4579 Alter
1041 4527 1191 4581 enim
1223 4538 1309 4584 est
1338 4532 1552 4600 Petrus,
1588 4546 1642 4592 et
1672 4539 1812 4600 alter

232 4595 510 4668 Iacobus,
567 4607 813 4680 alterque
862 4614 1123 4671 Joannes.
1191 4619 1488 4677 Probatum
1517 4634 1603 4680 est
1643 4628 1811 4699 igitur

233 4693 492 4758 quoniam
516 4712 622 4753 non
647 4700 790 4758 idem
812 4714 899 4760 est
920 4715 1119 4765 natura
1142 4719 1198 4764 et
1220 4712 1599 4783 subsistentia,
1627 4735 1807 4791 neque

232 4780 376 4837 idem
404 4786 711 4848 substantia
739 4804 902 4865 atque
929 4814 1183 4873 persona.
1221 4802 1370 4858 Idem
1398 4816 1582 4885 autem
1609 4820 1803 4875 natura

229 4879 286 4925 et
306 4876 611 4936 substantia
631 4885 778 4953 quod
797 4902 1087 4946 commune
1107 4900 1164 4947 et
1181 4909 1292 4948 non
1322 4879 1604 4969 proprium
1632 4902 1804 4973 signi-

229 4964 374 5032 ﬁcat,
402 4980 458 5025 et
480 4972 625 5028 idem
648 4991 880 5046 persona
900 4991 956 5037 et
969 4964 1498 5058 subsistentia'quvod
1521 4995 1804 5065 proprium

227 5066 283 5111 et
309 5075 420 5117 non
439 5078 730 5124 commune
756 5070 1016 5130 declarat.
1059 5077 1289 5134 Educati
1312 5080 1587 5151 siquidem
1615 5094 1672 5140 et
1694 5088 1805 5145 sie-

226 5148 308 5203 uti
334 5151 526 5211 dicunt
552 5161 865 5232 exemplum
890 5168 1193 5226 secundum
1219 5170 1501 5230 hominem
1524 5189 1804 5237 sumentes

301 5334 324 5366 ⁸
336 5336 503 5396 Num.
538 5357 648 5411 xxx,
680 5345 771 5405 22.
847 5352 868 5384 ’
890 5353 1034 5411 Psal.
1065 5373 1286 5428 xxxviii,
1318 5364 1371 5417 7.

292 5467 371 5605 ἒξ)
404 5470 839 5563 Λιιῑρμυίιῃεε.
866 5483 1136 5556 allegavit.
1178 5489 1253 5545 lo.
1284 5493 1418 5577 ibid.
1472 5568 1483 5580 .

350 5538 368 5605 )
403 5539 788 5605 Submtmhal
853 5553 932 5605 ita
969 5556 1139 5605 codex
1168 5559 1483 5605 Ωηνιιριρηα.

350 5538 368 5606 )
396 5538 932 5629 Subsistgn'tiarjta
969 5538 1141 5629 ὅόρὲέ
1168 5538 1535 5624 ὀῖίνὶἱὲῖἑὲιείε.
1607 5572 1788 5629 neno-

219 5610 578 5713 xafecngskte‘t
591 5610 883 5713 “hiﬁ‘ejt
904 5610 1162 5683 omnibus
1193 5610 1363 5689 ferme
1388 5610 1526 5695 162i;
1550 5610 1787 5713 sequen-

219 5675 367 5732 tibus
398 5680 563 5737 habet
587 5675 904 5747 substantia.

291 5747 719 5831 (IS-izjafulatur]
751 5759 879 5831 Leg.
905 5763 1201 5821 Jaculetur.
1245 5768 1316 5825 In.
1351 5773 1482 5831 ibid.
1520 5779 1565 5831 b-

292 5756 369 5815 (9)
402 5756 686 5810 Jaculatur
751 5759 879 5831 Leg.
905 5763 1201 5821 Jaculetur.
1245 5768 1316 5825 In.
1351 5773 1482 5831 ibid.
1520 5779 1565 5831 b-

292 5817 406 5891 (10)
448 5756 720 5901 Perpessi}
776 5831 956 5898 Forte,
1003 5852 1276 5908 perpetrate.
1338 5844 1403 5901 Et
1453 5850 1613 5911 paulo
1642 5863 1791 5921 ante,

1980 634 2168 694 uitatis
2193 645 2450 703 universa
2482 654 2860 714 transilientis.
2891 662 3037 720 Nihil
3062 668 3210 724 enim
3231 681 3554 731 naturarum

1977 728 2288 795 aequabitur
2312 734 2592 809 Creatori,
2653 747 2784 804 licet
2812 752 3033 823 aliquod
3066 772 3256 814 eorum
3283 778 3406 832 quae
3427 776 3555 827 sunt

1977 813 2119 872 facta
2166 836 2414 880 sumatur
2443 837 2754 905 exemplum
2815 855 3038 915 propter
3089 849 3412 909 brevitatem
3447 872 3551 919 no-

1976 915 2151 964 stram
2180 911 2239 975 in
2278 924 2421 975 terra
2442 923 2743 991 jacentium
2785 911 2843 989 et
2871 911 3243 996 erudientium
3275 945 3427 1001 velut
3454 964 3554 1016 per

1975 998 2238 1065 quasdam
2264 1003 2547 1081 imagines.
2586 1015 2678 1069 Ait
2703 1018 2850 1073 enim
2874 1021 3234 1097 Cantiloquus
3267 1048 3280 1085 :
3323 1051 3342 1083 α
3372 998 3551 1095 Etiam

1974 1084 2030 1139 in
2060 1086 2296 1162 imagine
2321 1099 2565 1159 ambulet
2584 1104 2753 1162 homo
2770 1110 2842 1176 9,»
2873 1128 2983 1168 non
3008 1125 3069 1172 ut
3090 1122 3353 1183 consistat
3374 1142 3549 1198 usque

1972 1176 2030 1275 in
2068 1179 2194 1247 hoc,
2249 1187 2346 1242 sed
2390 1192 2668 1260 jaculatur
2695 1198 2770 1269 (9)
2805 1213 2988 1261 mente
3029 1223 3059 1262 a
3091 1176 3548 1275 sensibilibu‘s‘mvl

1972 1266 2361 1343 intelligibilia.
2419 1281 2632 1342 Sancta:
2660 1266 2828 1360 igitur
2856 1294 3144 1356 Trinitatis
3189 1266 3547 1376 uagatis“;

1968 1371 2056 1417 est
2105 1375 2301 1424 natura
2355 1381 2519 1444 atque
2564 1379 2890 1443 substantia.
2953 1389 3256 1452 Commune
3284 1410 3369 1456 est
3394 1405 3546 1462 enim

1970 1451 2136 1508 trium
2182 1459 2511 1531 substantia,
2572 1486 2684 1527 non
2730 1484 2912 1533 autem
2964 1498 3071 1538 una
3103 1488 3406 1548 substantia
3444 1513 3547 1553 seu

1953 2182 2035 2238 lii.
2066 2186 2230 2243 Arius
2253 2192 2424 2259 enim,
2454 2204 2566 2253 tres
2585 2202 2974 2265 subsistentias
2996 2212 3208 2283 dicens,
3232 2229 3345 2279 tres
3362 2226 3531 2282 etiam

1953 2273 2090 2330 dicit
2139 2288 2385 2340 naturas.
2466 2288 2740 2351 Sabellius
2788 2310 3002 2369 autem,
3060 2273 3224 2365 unam
3276 2325 3530 2381 naturam

1952 2362 2164 2434 dicens,
2220 2387 2384 2432 unam
2433 2377 2582 2436 dicet
2631 2392 2688 2440 et
2727 2390 3164 2455 subsistentiam.
3219 2404 3367 2461 Idem
3396 2425 3531 2481 ergo

1952 2452 2071 2481 ,1....ι
2098 2457 2295 2481 ιμμ---
2316 2479 2326 2481 _
2470 2476 2480 2481 -
2744 2478 2753 2481 Α

1949 2452 2073 2509 dua:
2098 2457 2334 2518 haereses
2358 2476 2487 2521 sunt
2510 2478 2758 2543 perpessi
2784 2481 2925 2555 (10),
2973 2492 3233 2557 quoniam
3272 2452 3529 2567 naturalia

1947 2551 2004 2598 et
2028 2547 2439 2610 subsistentiam
2464 2559 2611 2616 idem
2632 2580 2753 2622 esse
2778 2547 3131 2645 putaverunt,
3158 2582 3288 2639 licet
3309 2560 3539 2648 contra;

1946 2631 2041 2691 rite
2095 2637 2379 2698 alterutris
2424 2631 2927 2720 dogmatibus-esse
2961 2667 3269 2727 videantur.
3327 2676 3539 2743 Sancta.

1942 2739 2074 2780 vero
2095 2728 2358 2800 Ecclesia,
2395 2740 2602 2809 optime
2627 2746 2881 2819 dogmata
2915 2770 2945 2808 a
2973 2758 3246 2832 principio
3270 2781 3519 2840 servans,

2712 2817 2721 2819 ἡ
2973 2817 2989 2827 _
3154 2817 3170 2832 ι
3224 2817 3234 2819 ἡ
3272 2817 3519 2840 ,--._....,

1943 2817 2249 2875 certissime
2291 2828 2446 2883 novit
2491 2847 2687 2892 causas
2727 2840 3042 2904 discernere
3066 2892 3081 2917 ,
3141 2868 3304 2911 unam
3332 2860 3523 2918 dicens

1942 2917 2147 2966 sanctae
2188 2913 2477 2977 Trinitatis
2528 2940 2651 2982 esse
2690 2942 2979 3005 naturam,
3046 2958 3159 2998 non
3195 2963 3357 3003 unam
3386 2955 3550 3010 sub-.

1940 2998 2247 3061 sistentiam
2280 3008 2444 3068 sicuti
2474 3015 2783 3091 Sabellius;
2820 3030 2914 3082 sed
2942 2998 3055 3088 tres
3078 3037 3302 3106 quidem
3330 3042 3552 3111 dicens,

1936 3091 2343 3166 subsistentias,
2396 3120 2508 3161 non
2561 3120 2676 3167 tres
2716 3126 2959 3188 naturas,
3015 3125 3161 3184 sicut
3204 3134 3387 3190 Arius.
3450 3139 3519 3193 Et

1938 3197 2102 3240 unam
2124 3199 2377 3248 naturam
2403 3201 2576 3267 novit,
2604 3207 2750 3273 quod
2777 3224 3067 3273 commune
3087 3230 3190 3288 est,
3215 3225 3520 3285 subsistens

1936 3273 2067 3328 tiam
2088 3291 2221 3333 vero
2252 3298 2362 3338 non
2389 3303 2575 3356 unam,
2600 3299 2744 3364 quod
2774 3308 3077 3374 proprium.
3105 3313 3347 3374 Dicendo
3367 3323 3515 3377 enim

1935 3380 2097 3421 unam
2127 3380 2402 3442 naturam,
2447 3379 2946 3449 indivisibilitatem
2980 3403 3242 3470 prmdicat
3271 3409 3513 3470 Trinita-

1935 3454 2003 3509 tis
2037 3474 2049 3510 :
2082 3458 2316 3517 dicendo
2343 3477 2525 3525 autem
2559 3480 2670 3530 tres
2700 3480 3109 3556 subsistentias,
3140 3493 3531 3556 inconfusibis

1930 3544 2142 3603 litatem
2192 3552 2482 3615 Trinitatis
2513 3570 2779 3634 agnoscit.
2843 3574 2997 3632 Multi
3037 3544 3223 3638 autem
3251 3586 3526 3659 Ecclesiae

1931 3632 2183 3659 (212----..)
2204 3657 2225 3659 ς
2348 3654 2358 3659 λ
2705 3658 2709 3659 ⁷

1929 3632 2188 3707 filiorum,
2202 3654 2427 3715 propter
2444 3658 2805 3715 reverentiam
2821 3678 2915 3719 seu
2934 3666 3281 3729 formidinem
3296 3677 3508 3735 discere

1926 3723 2289 3802 declinantes,
2317 3754 2383 3795 ex
2412 3740 2717 3817 ignorantia
2742 3767 2972 3821 peccant
3000 3761 3146 3819 circa
3178 3766 3505 3827 Trinitatem

1924 3826 1979 3873 et
2025 3820 2170 3880 circa
2223 3827 2562 3891 incarnatam
2597 3839 3084 3912 dispensationem.
3141 3857 3506 3920 Christianis-

1923 3908 2095 3968 simus
2137 3915 2155 3989 (
2178 3918 2285 3987 Η)
2330 3933 2513 3981 autem
2559 3946 2688 3988 vere
2731 3946 2815 3993 est
2851 3941 3081 4001 scientia
3122 3949 3505 4011 inenarrabilis

1921 4012 2123 4060 sanctae
2153 4007 2439 4071 Trinitatis
2495 4036 2507 4071 :
2557 4036 2656 4092 per
2684 4024 2826 4083 hanc
2850 4042 3091 4091 sanctam
3118 4039 3403 4099 scientiam
3432 4048 3503 4102 ab

1922 4090 2228 4161 ignorantia
2281 4090 2719 4186 liberaturﬁ(12).
2778 4090 2961 4179 Homo
3005 4090 3495 4197 gratiaﬂlil-itutsul);

1919 4197 2165 4256 vocatur,
2206 4193 2503 4269 detergens
2532 4209 2778 4267 maculas
2804 4193 3159 4282 peccatorum
3210 4242 3309 4296 per
3330 4246 3499 4300 opera

1919 4274 2055 4300 ,m“
2113 4297 2159 4300 η
2276 4287 2309 4300 ..
2574 4298 2583 4300 ς

1918 4274 2081 4393 bona,
2102 4297 2170 4338 ex
2195 4287 2400 4356 quibus
2422 4298 2698 4369 praecipue
2723 4316 2950 4373 purgata
2974 4326 3130 4370 mens
3152 4274 3497 4393 ﬁtrsuscepti-

1960 4367 2046 4393 ειε-
2079 4387 2166 4393 -Αμ
2186 4384 2225 4393 λλ
2312 4379 2353 4393 ¹¹¹¹
2390 4381 2402 4393 ⁸
2451 4384 2463 4393 ⁸
2553 4387 2565 4393 ⁸

1918 4365 2047 4427 bilis
2076 4384 2278 4432 sancta:
2312 4365 2608 4443 Trinitatis
2627 4398 2684 4444 et
2711 4365 2961 4463 unitatis,
2997 4401 3318 4463 Trinitatem
3342 4365 3497 4466 nam—

1916 4470 2022 4525 quc
2069 4475 2426 4530 personarum
2472 4476 2891 4545 subsistentium
2964 4488 3280 4562 hujusmodi
3314 4513 3491 4569 mens,

1916 4543 1969 4569 ελ
2007 4561 2083 4569 Α--
2179 4562 2190 4569 -
2225 4555 2237 4567 ⁸
2298 4558 2336 4569 ⁹“
2594 4568 2601 4569 ’

1843 4568 1886 4624 ο
1916 4543 1972 4600 id
2000 4561 2087 4605 est
2140 4562 2196 4609 et
2222 4555 2278 4611 in
2298 4558 2458 4636 Patre
2486 4576 2567 4648 _et
2588 4568 2727 4637 Filio
2774 4585 2831 4631 et
2854 4543 3059 4648 Spiritti
3083 4596 3274 4643 sancto
3300 4545 3492 4647 susce:

1915 4638 1998 4708 pit
2032 4658 2045 4694 :
2088 4663 2107 4693 t
2135 4645 2434 4708 Veniemus
2455 4640 2625 4725 enim,
2663 4661 2843 4734 inquit
2867 4668 3130 4740 Trinitas,
3162 4685 3220 4731 et
3249 4681 3489 4737 mansio-

1913 4747 2039 4788 nem
2067 4736 2335 4798 faciemus
2377 4750 2521 4819 apud
2557 4767 2682 4810 eum
2705 4758 2768 4818 ὀ,
2800 4779 2817 4810 ι
2878 4763 2980 4820 Ubi
3006 4768 3154 4823 enim
3184 4771 3375 4840 Filius,
3410 4776 3487 4837 ibi
3546 4759 3554 4773 ’

1910 4832 1966 4877 et
2010 4826 2171 4882 Pater
2217 4840 2273 4886 et
2317 4835 2556 4911 Spiritus
2597 4859 2839 4912 sanctus.
2904 4852 2986 4911 Sit
3019 4866 3203 4915 autem
3233 4826 3397 4920 nobis
3429 4868 3485 4925 in

1906 4919 2159 4991 exemplo
2195 4922 2361 4980 homo
2415 4930 2481 4985 ad
2526 4931 2816 5007 imaginem
2844 4942 2940 4999 Dei
2983 4956 3039 5002 et
3064 4950 3481 5013 similitudinem
3538 4960 3546 5006 ἱ

1905 5004 2102 5064 factus.
2159 5010 2356 5074 Servat
2378 5023 2524 5076 enim
2556 5025 2611 5080 in
2632 5004 2987 5104 semetipsum
3026 5048 3278 5112 tanquam
3303 5046 3481 5121 imago

2830 5097 2848 5104 -
3136 5097 3152 5112 ι
3233 5097 3237 5098 ⁷
3267 5097 3276 5099 “
3304 5097 3477 5121 ““”“’“ῠ“’

1902 5097 2025 5167 ejus
2050 5103 2209 5172 cujus
2228 5116 2312 5162 est
2340 5109 2520 5185 imago
2544 5117 2983 5208 similitudinem.
3017 5130 3120 5187 Sed
3148 5135 3375 5193 inferior
3396 5153 3482 5197 est

1904 5196 2164 5261 tanquam
2212 5194 2421 5263 factura
2473 5216 2530 5264 ct
2579 5221 2855 5275 creatura.
2890 5194 3022 5276 ’Νοιι
3062 5225 3275 5283 alienus
3297 5239 3499 5301 autem,

1451 5364 1496 5397 ¹⁰
1521 5367 1681 5429 Joan.
1714 5387 1823 5441 xw,
1848 5375 1937 5433 25.
1954 5402 1967 5409 -

1899 5526 2062 5567 amant
2092 5516 2238 5570 dicit.

1898 5650 1933 5688 Ἰ
1960 5581 2080 5688 .(IH)
2118 5584 2637 5669 Christianissimus]
2696 5600 2829 5671 ch.
2874 5605 3328 5671 Christianismus.
3391 5618 3477 5688 in,

1898 5651 1908 5662 _
1960 5652 1971 5663 ,
2061 5651 2066 5653 .
2619 5651 2637 5669 ,
2696 5651 2829 5671 --ην
2880 5651 3328 5671 .......................
3391 5651 3472 5688 ,με

1894 5651 2076 5805 una?)
2115 5725 2410 5809 Lilteratttr.
2452 5733 2618 5790 Homo
2677 5741 2965 5823 etc.j.l.cg.
3003 5748 3254 5809 liberatur
3281 5756 3472 5839 Iuvst

1900 5803 2090 5839 amna-
2129 5795 2268 5839 ﬁltm
2305 5801 2395 5839 ns;
2424 5816 2638 5839 ..ιιι-πρυ..
2700 5810 2751 5839 1..
2805 5814 2915 5839 .ι.ε,ι

1900 5795 2091 5859 gratia,
2126 5795 2268 5871 ﬁlius
2302 5801 2395 5856 Dei
2424 5816 2655 5862 voratur.
2700 5795 2937 5877 lo.Jiliidf
