3924 6192
434 430 562 494 ῙῙἸῙ

1404 428 1887 487 TIIEODORETI
1928 426 2263 486 EPISCOPI
2303 426 2663 485 CYRENSIS

3548 418 3707 485 1172

429 562 459 595 ιι
513 543 609 597 Dei
650 524 964 611 cognitione
994 552 1107 607 est,
1172 542 1303 596 licet
1335 557 1445 595 non
1467 542 1861 598 exsistentibus
1893 542 2004 613 (15)
2038 549 2082 604 Α
2113 548 2202 593 tur
2247 540 2619 595 subsistentiis
2642 582 2655 605 ,
2720 555 2849 594 vere
2893 538 3128 595 trinitas.
3185 538 3499 594 Secundum
3534 541 3703 608 quod

429 635 668 688 donante
696 635 979 689 Creatore.
1015 632 1330 687 intellectus
1350 641 1555 699 autem,
1589 644 1644 687 et
1674 635 1773 688 iste
1799 650 2001 689 secun-

428 727 559 779 dum
586 725 907 779 interiorem
936 726 1234 791 hominem,
1270 741 1383 779 non
1405 734 1560 779 extra
1586 726 1851 779 rationem
1875 742 2005 795 gen-

428 815 723 884 tibus(li).
763 815 1007 883 Namque
1029 824 1114 868 est
1142 816 1453 870 intellectus
1476 817 1728 870 rationis.
1768 817 1873 870 Sed
1902 833 2002 870 ne-

428 921 534 974 que
560 914 713 959 extra
736 907 1025 974 Spiritum.
1050 908 1147 961 Est
1167 909 1316 961 enim
1340 908 1650 962 intellectus
1671 909 1999 977 intelligens,

427 1007 483 1049 et
516 997 915 1061 ratiocinatrix,
971 1008 1026 1051 et
1051 1000 1278 1067 spiritus
1308 1000 1484 1069 palam
1510 1000 1734 1062 faciens,
1787 1008 1841 1052 et
1868 1015 1999 1051 con-

427 1087 721 1157 templatur
762 1088 908 1158 (15)
959 1098 1013 1143 et
1061 1091 1366 1145 substantia
1418 1092 1521 1145 tria
1545 1092 1995 1161 proprietatibus.

426 1176 577 1229 Mens
606 1177 752 1229 enim
784 1193 878 1231 seu
913 1179 1370 1251 intellectus(l6),
1405 1191 1562 1250 pater
1590 1182 1781 1245 verbi;
1835 1182 2000 1235 habet

425 1264 571 1316 enim
596 1266 824 1318 verbum
857 1268 1140 1336 proprium
1177 1269 1232 1321 in
1261 1269 1583 1324 abscondito
1610 1286 1715 1323 una
1737 1286 1861 1323 cum
1886 1270 1997 1339 spi-

426 1356 536 1408 ritu
586 1357 830 1424 proprio.
893 1358 1141 1411 Movetur
1178 1360 1326 1413 enim
1372 1368 1427 1413 et
1458 1360 1815 1413 ratiocinator
1844 1377 1999 1415 mens

426 1446 483 1498 in
522 1446 739 1514 spiritu.
795 1448 947 1501 Mens
968 1457 1149 1502 autem
1184 1450 1331 1503 aliud
1356 1460 1440 1504 est
1481 1458 1680 1519 praeter
1707 1452 1994 1505 rationem.

372 1566 373 1569 η
424 1536 495 1591 Et
519 1536 717 1590 iterum
764 1539 907 1591 ratio
938 1556 1046 1591 non
1080 1548 1163 1593 est
1188 1557 1362 1605 mens,
1406 1542 1705 1595 secundum
1731 1543 1877 1611 quod
1907 1559 1997 1597 ra-

426 1629 503 1681 tio
528 1638 630 1682 est.
671 1629 777 1683 Sed
802 1631 1013 1699 singula
1051 1634 1363 1701 singulatim
1385 1642 1809 1703 cognoscuntur.
1847 1636 1997 1689 Inse-

422 1718 693 1787 parabilia
719 1735 848 1773 vero
878 1730 1007 1774 Sunt
1038 1722 1233 1775 horum
1259 1723 1473 1792 singula
1500 1724 1845 1777 naturaliter.
1881 1725 1997 1779 Una

422 1810 569 1863 enim
598 1810 923 1864 substantia.
957 1810 1063 1865 Sed
1088 1828 1218 1876 non,
1250 1814 1509 1881 quoniam
1537 1829 1645 1867 una
1669 1814 1993 1879 substantia,

2104 650 2213 689 non
2243 642 2526 703 separatur
2557 633 2885 696 substantia,
2930 647 3060 686 vere
3090 632 3271 685 unitas
3296 640 3401 685 est.
3451 631 3551 696 Qui
3580 648 3701 685 au-

2106 735 2213 779 tem
2245 726 2408 795 hujus
2434 725 2539 777 favi
2566 724 2877 779 suavissimi
2908 732 3124 793 gustum
3153 740 3264 776 non
3288 722 3514 785 habent,
3543 723 3704 775 divi-

2104 832 2187 870 na:
2242 815 2679 869 ratiocinationis
2740 815 3050 883 inexpertes
3101 815 3471 877 exsistentes,
3532 814 3697 866 illusi

2102 908 2342 961 humano
2376 908 2595 975 spiritu,
2636 916 2891 975 tanquam
2921 906 3202 968 animales,
3236 921 3347 958 non
3375 905 3703 973 suscipiunt.

2102 992 2498 1069 qure'Spiritus
2540 998 2635 1052 Dei
2680 998 2888 1051 sunt“.
2928 997 3173 1051 Stultitia
3198 997 3346 1049 enim
3379 997 3460 1049 eis
3487 1006 3589 1058 est,
3628 1006 3701 1049 et

2102 1090 2242 1143 seire
2274 1104 2384 1141 non
2415 1096 2663 1157 possunt.
2718 1087 3054 1140 Aiuntenim
3092 1103 3104 1134 :
3143 1086 3197 1139 Si
3238 1087 3358 1149 tria,
3405 1086 3701 1154 quomodo

2102 1180 2307 1233 unum?
2358 1189 2414 1233 et
2458 1180 2502 1232 si
2547 1194 2742 1242 unum,
2779 1178 3056 1246 quomodo
3085 1177 3224 1230 tria?
3258 1178 3556 1245 incongrua
3588 1191 3697 1228 ra-

2102 1271 2250 1325 tione
2300 1286 2469 1323 unum
2521 1269 2896 1339 percipientes
2946 1276 3002 1322 et
3042 1268 3164 1321 tria.
3221 1267 3277 1321 Si
3311 1282 3479 1320 unum
3508 1267 3696 1322 enim.

2102 1362 2299 1430 inquit,
2336 1377 2443 1415 una
2468 1361 2578 1431 (19)
2622 1360 3002 1423 subsistentia,
3040 1369 3094 1414 et
3132 1375 3242 1413 non
3274 1368 3421 1424 tres;
3474 1360 3517 1412 si
3550 1374 3698 1412 vero

2102 1452 2203 1505 tria
2225 1493 2239 1514 ,
2294 1463 2407 1506 tres
2450 1450 2782 1505 omnimodis
2811 1451 3148 1514 substantia;
3183 1459 3237 1504 et
3262 1466 3369 1503 non
3400 1466 3526 1503 una.
3565 1449 3694 1501 Non

2080 1545 2245 1597 enim
2278 1545 2537 1613 possibile
2567 1551 2670 1608 est,
2726 1544 2923 1611 inquit,
2973 1558 3141 1595 unum
3178 1557 3300 1596 esse
3328 1542 3451 1607 tria,
3500 1557 3695 1609 neque

2101 1650 2316 1689 rursum
2370 1635 2470 1688 tria
2520 1650 2691 1687 untim
2747 1652 2760 1686 :
2812 1649 2920 1685 non
2967 1634 3402 1701 contemplantes
3432 1631 3693 1686 subtilis-

2100 1727 2252 1781 simis
2280 1726 2533 1779 sensibus
2556 1724 2663 1795 (20)
2695 1725 3132 1778 scelestissimam
3154 1724 3262 1794 (2|)
3292 1723 3535 1777 seientim
3556 1740 3697 1791 pro-

2099 1816 2448 1870 funditatem.
2502 1814 2813 1868 Secundum
2848 1815 2980 1883 quid
3008 1831 3175 1867 unum
3202 1814 3305 1867 tria
3333 1824 3389 1867 et
3413 1814 3543 1882 quid
3565 1815 3688 1884 ('22)

424 1916 531 1954 una
560 1916 778 1970 quoque
822 1905 1147 1971 proprietas.
1207 1905 1325 1959 Non
1366 1906 1532 1971 enim,
1582 1906 1842 1975 quoniam
1885 1914 1996 1961 tres
2031 1900 2068 1954 Β
2102 1907 2203 1960 tria
2242 1922 2444 1971 unum;
2506 1904 2807 1959 secundum
2859 1905 3004 1973 quod
3056 1904 3473 1959 immutabilitcr
3512 1904 3694 1958 habet

421 1992 818 2060 proprietates,
884 2001 993 2048 tres
1037 2010 1256 2063 quoque
1307 1997 1647 2051 substantiae.
1702 1997 1821 2050 Non
1845 1998 1991 2051 enim

419 2090 578 2136 erant
621 2083 721 2137 tria
764 2100 955 2147 unum,
1006 2086 1051 2139 si
1077 2095 1186 2140 tres
1209 2096 1393 2141 essent
1422 2088 1774 2154 substantia};
1813 2104 1992 2157 neque

422 2189 591 2227 unum
625 2174 746 2238 tria,
784 2174 829 2227 si
862 2191 968 2227 una
998 2176 1321 2244 proprietas.
1358 2177 1603 2231 Aseende
1630 2179 1739 2247 jam
1772 2193 1993 2231 sumens

418 2264 719 2319 scabellum
750 2273 999 2319 nostrum
1020 2268 1329 2337 exemplum
1357 2268 1424 2322 ad
1448 2269 1595 2322 illam
1617 2278 1854 2322 mentem
1872 2285 1994 2337 qua:

418 2356 562 2411 ultra
591 2357 774 2409 omnia
807 2366 914 2420 est,
938 2358 1032 2426 qui
1063 2374 1192 2413 vere
1224 2359 1383 2413 Pater
1410 2370 1494 2414 est
1519 2369 1572 2414 et
1595 2360 1833 2413 Verbum
1857 2359 1992 2431 (17).

416 2444 497 2498 lbi
538 2445 686 2498 enim
734 2461 862 2500 vere
888 2455 973 2501 est
1001 2449 1184 2507 unitas
1214 2450 1479 2503 trinitatis
1499 2490 1512 2513 ,
1569 2457 1623 2504 et
1654 2450 1869 2503 trinitas
1897 2465 1993 2503 ve-

416 2549 477 2589 re
501 2543 585 2590 est
612 2536 859 2591 unitatis.
893 2539 1186 2607 Propterea
1212 2541 1357 2593 enim
1384 2541 1563 2603 Pater,
1589 2541 1857 2593 exsistens
1883 2539 1992 2609 (l8)

417 2626 777 2681 subsistentia
805 2668 818 2689 ,
877 2628 1316 2697 inseparabiliter
1355 2630 1519 2683 habet
1556 2630 1752 2683 Filium
1782 2638 1837 2682 et
1869 2629 1994 2698 Spi-

416 2716 608 2768 ritum.
638 2716 705 2769 Et
727 2716 917 2781 Filius,
944 2717 1115 2771 Filius
1138 2718 1409 2772 exsistens
1433 2717 1810 2781 subsistentia,
1845 2718 1991 2771 inse—

414 2808 734 2875 parabiliter
766 2808 933 2862 habet
963 2809 1178 2863 Patrem
1219 2820 1275 2864 et
1300 2809 1587 2880 Spiritum.
1654 2810 1721 2863 Et
1753 2808 1993 2879 Spiritus

416 2908 658 2962 sanctus,
713 2898 953 2968 Spiritus
986 2900 1256 2955 exsistens
1284 2900 1660 2964 subsistentia,
1710 2900 1993 2969 insepara-

417 2988 603 3044 biliter
626 2990 793 3043 habet
820 2991 1035 3044 Patrem
1063 3002 1118 3044 et
1139 2992 1359 3043 Filium.
1396 2993 1464 3045 Et
1487 3000 1772 3059 separatur
1795 3005 1995 3043 unum-

416 3080 695 3148 quodque,
719 3090 773 3133 et
791 3094 901 3133 non
926 3090 1233 3149 scparatur.
1267 3081 1580 3136 Secundum
1603 3082 1751 3152 quod
1774 3097 1993 3152 separa-

488 3229 527 3259 "
563 3230 583 3283 Ι
615 3230 738 3286 Cor.
776 3247 833 3297 ιι,
870 3205 955 3287 14.
1034 3234 1075 3265 ¹²
1110 3233 1237 3304 Sap.
1270 3250 1343 3300 vi,
1379 3235 1462 3288 17.
1547 3234 1590 3266 ¹³
1619 3236 1745 3305 Sap.
1781 3251 1819 3303 ι,
1846 3236 1900 3290 2.

486 3383 597 3460 (l3)
635 3383 753 3440 Non
797 3388 1014 3459 εαξη]
1073 3388 1202 3460 Leg.
1252 3406 1315 3443 ea:
1345 3406 1449 3443 non
1479 3391 1862 3444 exsistentibus.
1914 3391 1988 3445 lo.
2020 3395 2065 3457 C

413 3454 549 3509 ibid.

637 3525 909 3648 gentibus]
941 3528 1069 3599 Leg.
1103 3530 1396 3600 agentibus.
1434 3529 1510 3583 In.
1543 3529 1679 3584 ibid.

690 3604 707 3647 t
740 3600 1127 3650 contemplatur
1156 3598 1288 3650 etc.l
1328 3599 1457 3650 Lee.
1490 3608 1539 3650 et
1567 3610 1679 3650 cont

740 3592 1289 3682 eoatemplatarvetc.]
1328 3599 1539 3682 Legaelt
1567 3599 1940 3682 contemplator
1968 3618 1987 3663 ;

411 3673 462 3717 et
490 3667 1012 3739 atratrrsubstantia,
1057 3671 1159 3739 tria
1192 3667 1616 3739 proprietatibus.
1658 3672 1734 3725 In.
1769 3667 1901 3725 ibid.
1934 3686 1982 3723 c.

415 3800 427 3813 .
485 3734 594 3813 (16)
624 3734 769 3813 Mens
784 3738 1083 3813 enimuete]
1116 3734 1250 3793 Vide
1273 3734 1985 3812 Theodoritum,qu:est.20

412 3802 470 3856 in
498 3802 770 3858 Genesim.
811 3806 883 3859 In.
918 3808 1052 3862 ibid.

483 3871 595 3943 (17)
637 3872 738 3939 Qui
766 3876 907 3949 vere]
935 3878 1064 3949 Leg.
1099 3881 1225 3948 quia
1254 3897 1389 3935 vere.
1432 3881 1507 3934 In.
1543 3881 1675 3936 ibid.

2101 1998 2167 2051 ad
2201 1996 2550 2065 semetipsam
2584 1994 2829 2051 Trinitas
2866 2011 2971 2048 una
3004 2005 3199 2048 natura
3225 1995 3513 2057 exsistens,
3548 2010 3691 2063 pro-

2100 2096 2221 2157 pter
2267 2088 2369 2140 hoc
2410 2102 2577 2139 unum
2621 2085 2879 2139 Trinitas.
2942 2087 3113 2139 Porro
3172 2086 3475 2139 secundum
3530 2088 3692 2155 quod

2101 2192 2210 2229 non
2236 2192 2342 2229 una
2370 2189 2603 2243 persona
2638 2174 2733 2227 sed
2763 2184 2872 2228 tres
2899 2174 3116 2227 trinitas
3141 2214 3154 2237 ,
3208 2190 3337 2228 vere
3362 2183 3445 2227 est
3468 2176 3690 2233 unitas.

2100 2266 2315 2320 trinitas
2340 2265 2589 2334 personis
2610 2281 2719 2318 non
2743 2265 3069 2330 substantia,
3088 2275 3143 2319 et
3164 2266 3348 2318 unitas
3369 2266 3693 2321 substantia

2090 2373 2201 2410 non
2253 2356 2519 2423 personis.
2584 2356 2900 2409 Secundum
2942 2356 3089 2409 aliud
3116 2371 3249 2410 vero
3275 2357 3526 2422 trinitas,
3570 2358 3688 2412 tri—

2092 2456 2235 2507 nitas
2260 2495 2273 2519 ,
2310 2461 2366 2506 et
2396 2452 2700 2505 secundum
2743 2450 2892 2504 aliud
2929 2452 3132 2514 unitas,
3167 2452 3352 2504 unitas
3373 2460 3477 2504 est.
3518 2451 3697 2505 Alius

2092 2543 2239 2597 enim
2293 2552 2349 2595 et
2392 2542 2531 2595 alius
2582 2551 2638 2596 et
2682 2520 2846 2595 alius:
2904 2541 3041 2595 Tres
3085 2542 3231 2595 enim
3284 2541 3692 2595 subsistentia).

2093 2632 2212 2687 Non
2234 2641 2416 2686 autem
2450 2633 2600 2686 aliud
2628 2640 2683 2686 et
2715 2633 2862 2685 aliud
2892 2642 2949 2685 et
2972 2631 3140 2685 aliud.
3170 2631 3288 2686 Una
3310 2632 3455 2684 enim
3479 2640 3696 2685 natura

2092 2731 2254 2792 atque
2297 2722 2603 2777 substantia
2642 2731 2745 2775 est.
2792 2741 2809 2771 ε
2833 2721 2991 2775 Clare
3036 2736 3168 2774 vero
3202 2720 3443 2773 ostendit
3472 2731 3696 2773 semet-

2091 2815 2265 2885 ipsam
2294 2815 2499 2869 veritas
2537 2814 2896 2868 credentibus
2918 2814 2979 2866 ι’.
3010 2812 3295 2866 Invenitur
3323 2812 3467 2865 enim
3495 2812 3570 2864 ab
3601 2814 3697 2867 eis

2092 2906 2187 2975 qui
2228 2922 2339 2959 non
2386 2914 2599 2959 tentant
2646 2921 2764 2960 eam
2790 2947 2803 2969 ,
2841 2912 2897 2959 et
2926 2911 3155 2974 apparet
3200 2918 3311 2956 non
3349 2902 3696 2956 discreden-

2093 2997 2241 3050 tibus
2262 2996 2366 3050 sibi
2388 2997 2445 3047 ”.
2464 3017 2479 3046 ι

2169 3391 2279 3472 (18)
2323 3389 2617 3472 Pppterea
2636 3392 2772 3445 enim
2787 3390 2951 3472 Pater
2972 3388 3248 3472 existens]
3273 3390 3401 3472 μεθ.
3429 3389 3689 3459 Promer-

2098 3475 2160 3515 ea
2178 3460 2329 3514 enim
2360 3460 2540 3523 Pater,
2574 3461 2735 3514 Pater
2764 3463 3031 3514 exsistens.
3074 3462 3146 3517 In.
3175 3460 3310 3514 ibid.

2174 3532 2285 3601 (19)
2331 3530 2469 3601 Una]
2500 3530 2684 3601 Codex
2715 3532 2986 3601 Bellovac.
3020 3531 3148 3583 dua.

2190 3602 2279 3671 20)
2320 3599 2774 3671 Scelestissimum]
2802 3601 3134 3671 Legendum,
3159 3599 3679 3671 excellentissimam.

2189 3668 2278 3741 2i)
2321 3668 2779 3741 Scelestissimum]
2814 3668 2941 3739 Le’g.
2974 3668 3503 3741 selectissima_m._lo.
3534 3668 3677 3721 ibid.

2188 3737 2278 3811 ‘22)
2320 3740 2391 3794 Et
2420 3739 2581 3811 quid]
2638 3737 2778 3810 Legf
2802 3750 2847 3792 et
2878 3737 3164 3793 secundum
3194 3739 3337 3807 quid.
3399 3737 3463 3811 Et
3496 3753 3621 3790 mox
3660 3754 3677 3811 ς

2095 3805 2309 3881 propter
2336 3805 2615 3863 hoc'unuin
2674 3827 2690 3863 :
2720 3805 2959 3881 'trinitas
2991 3826 3167 3879 porro,
3207 3805 3503 3881 secundum
3535 3805 3680 3876 quod

2096 3878 2203 3934 ima
2224 3898 2330 3935 una
2348 3893 2594 3951 persona,
2613 3880 2702 3934 sed
2718 3890 2843 3933 tres.
2859 3879 3087 3933 Trinitas
3106 3894 3221 3932 vere
3247 3888 3321 3931 est
3346 3878 3545 3942 unitas,
3563 3885 3675 3931 etc.

426 4076 2585 4107 Μ

939 4279 1595 4457 ΒΕΑΤΙ

1722 4282 3143 4462 THEODORETI

1761 4577 2098 4639 EPISCOPI
2136 4579 2313 4640 CYRI

1512 4815 1517 4819 ·
1605 4765 2468 4895 EPISTOLZE.

880 5121 1345 5200 1057—1059
1383 5121 1470 5181 DE
1520 5122 1777 5179 LATlNA
1822 5121 2164 5179 VERSIONE
2223 5120 2707 5177 EPISTOLARUM
2753 5119 3194 5176 TI'IEODORETI

1496 5265 1919 5326 ADMONITJO
1961 5267 1992 5327 J
1998 5268 2108 5325 AC.
2166 5262 2555 5325 SIRMONDI.

486 5389 758 5460 Epistolas
782 5388 1113 5442 Theodoreti
1145 5386 1406 5441 Vaticano
1444 5401 1507 5439 ex
1534 5385 1721 5439 codice
1768 5384 2120 5453 depromptas
2152 5383 2446 5437 Latinitate
2497 5382 2729 5435 donarat
2774 5381 3074 5435 Federicus
3128 5382 3342 5443 Metius,
3394 5382 3450 5433 in
3503 5395 3662 5434 usum

416 5491 473 5537 et
503 5485 730 5550 gratiam
763 5481 1058 5536 cardinalis
1092 5481 1332 5542 Baronii,
1367 5478 1460 5547 qui
1492 5478 1686 5531 harum
1730 5477 1940 5545 aliquot
1986 5476 2137 5545 juxta
2191 5474 2480 5529 Metianam
2528 5473 2673 5525 illam
2723 5472 3036 5526 versionem
3085 5472 3274 5526 retulit
3319 5471 3373 5524 in
3420 5470 3663 5524 Annales

417 5574 839 5629 ecclesiasticos.
868 5572 1011 5639 Quid
1043 5587 1107 5626 ea
1136 5573 1320 5626 Romze
1354 5578 1543 5640 postea
1582 5570 1785 5623 factum
1824 5569 1896 5622 sit
1946 5566 2242 5627 nescimus,
2300 5564 2407 5618 nisi
2462 5564 2606 5632 quod
2666 5564 2721 5617 in
2776 5564 2955 5617 lucem
3011 5572 3223 5618 constat
3273 5578 3381 5616 non
3437 5563 3659 5615 exiisse.

420 5658 685 5723 Quocirca
718 5678 840 5715 cum
869 5663 1117 5716 Grmcum
1152 5662 1429 5730 exemplar
1451 5661 1685 5713 alterum
1714 5658 1906 5712 eodem
1938 5673 2002 5709 ex
2029 5656 2177 5710 fonte
2200 5655 2465 5709 Vaticano
2487 5653 2843 5707 illustrissimi
2872 5653 3288 5723 doctissimique
3320 5652 3655 5707 Arelatensis

424 5747 822 5815 archiepiscopi
844 5748 1114 5803 beneﬁcio
1139 5752 1284 5803 nacti
1311 5766 1576 5812 essemus,
1615 5750 1758 5817 quod
1801 5750 1855 5803 in
1890 5750 1990 5802 hac
2045 5748 2285 5803 editione
2333 5752 2811 5815 reprzesentamus,
2846 5761 2913 5799 ne
2958 5744 3149 5800 Latina
3193 5745 3375 5800 versio
3424 5744 3659 5801 deesset.

432 5839 559 5902 quia
584 5835 813 5890 Metiana
846 5837 1187 5901 carebamns,
1229 5848 1464 5893 nostram
1503 5841 1902 5894 substituimus.
