3924 6192
265 363 398 429 H73
1661 364 2018 423 EPISTOLA
2057 367 2106 423 l.
3367 349 3506 415 ΠΜ

1264 622 1724 684 TESTIMONIA
1774 625 1871 686 DE
1914 591 2057 685 HIS‘
2086 623 2494 683 EPISTOLIS.

901 760 1220 832 Nicephorus
1247 761 1335 816 lib.
1363 780 1449 818 xxv
1476 765 1743 830 Historiae,
1769 782 1888 836 cap.
1923 767 2010 831 54,
2044 764 2349 818 Theodoreti
2384 779 2546 834 opera
2581 776 2862 816 recensens.

267 879 272 917 '.
339 875 451 928 Καὶ
477 875 784 940 ἐπιστολαῖς
821 877 878 930 δὲ
909 878 1096 930 τούτου
1140 879 1280 950 ὑπὲρ
1350 882 1707 946 πεντακοσίας
1748 883 1816 934 ὲν-

2011 886 2185 955 Hujus
2223 885 2389 938 etiam
2424 882 2481 935 in
2527 879 2796 950 Epistolas
2833 876 3001 932 incidi
3034 889 3202 946 supra
3238 870 3505 943 quingen-

273 967 484 1036 ἐτυγον,
522 968 758 1040 ἀρίστως
786 971 878 1022 καὶ
905 969 1046 1023 κατὰ
1079 971 1238 1039 λόγον
1273 972 1507 1044 Ἕλληνα
1539 977 1822 1042 συγκειμὲ·

1957 991 2044 1040 as,
2084 976 2290 1044 Optime
2323 981 2379 1028 et
2404 971 2473 1026 ad
2508 970 2681 1026 Graeci
2716 967 2985 1024 sermonis
3024 967 3258 1022 nitorem
3285 977 3506 1033 compo-

276 1074 412 1119 ναις.

2033 1081 2094 1118 IS.
3569 1120 3577 1130 .

3568 1129 3582 1152 ρ

806 1195 1035 1253 Collatia
1059 1197 1449 1253 Catholicorum
1481 1218 1598 1254 cum
1634 1200 1955 1266 Severianis,
1985 1198 2444 1270 ConstantinOpoli
2469 1198 2651 1252 habita
2686 1211 2826 1250 anno
2858 1193 2990 1248 552..
3565 1155 3580 1226 ἶ

350 1306 458 1362 Sed
511 1316 567 1362 et
613 1308 923 1364 invenimus
979 1310 1036 1363 in
1084 1309 1417 1365 Theodoreti
1465 1313 1689 1379 litteris,
1731 1330 1868 1384 quas
1922 1314 1988 1368 ad
2021 1315 2345 1368 Dioscorum
2389 1311 2541 1375 fecit,
2585 1309 2713 1379 quia
2745 1306 2965 1377 quando
2998 1311 3189 1359 contra
3232 1301 3510 1356 lulianum

284 1408 342 1452 et
390 1397 459 1452 de
507 1399 870 1469 Apopompaeo
903 1401 1321 1469 conscripsisset
1369 1403 1560 1469 libros,
1615 1406 1764 1475 ipsos
1795 1405 2091 1460 destinavit
2137 1404 2194 1457 in
2221 1403 2511 1457 Antiochia
2547 1401 2610 1455 Β.
2637 1399 2894 1471 Cyrillus,
2925 1405 2980 1450 et
3007 1394 3221 1465 rogavit
3246 1393 3307 1447 B.
3339 1392 3508 1447 Joan-

276 1507 403 1547 nem
436 1493 721 1549 ostendere
742 1495 864 1550 illos
884 1496 1246 1552 orientalibus
1291 1499 1571 1566 praeclaris
1628 1500 1969 1556 doctoribus.
2017 1501 2086 1554 Et
2137 1499 2265 1568 quia
2299 1497 2538 1552 ostensis
2575 1497 2656 1550 eis
2693 1493 2911 1563 scripsit
2938 1493 2988 1547 ei
3013 1489 3413 1553 Tlieodoretus,
3456 1496 3513 1541 et

171 1662 173 1664 η
279 1587 565 1656 rescripsit
586 1587 638 1641 ei
671 1588 729 1641 Β.
749 1587 1010 1657 Cyrillus,
1043 1598 1100 1645 et
1130 1589 1468 1660 diligentiam
1498 1601 1553 1646 et
1584 1593 1841 1648 all'ectum
1863 1594 1914 1648 ei
1941 1592 2259 1648 testiﬁcans.
2286 1590 2414 1655 ριιω
2433 1589 2588 1643 verba
2614 1595 2821 1642 exstant
2844 1587 2897 1638 in
2922 1585 3068 1654 epist.
3097 1582 3164 1636 85
3189 1579 3509 1634 Theodoreti.

1398 1728 1642 1800 Synodus
1671 1747 1702 1785 ν
1729 1731 1994 1802 generalis
2025 1731 2304 1786 collatione
2334 1746 2389 1784 v.
2501 1773 2510 1781 ,

353 1831 435 1884 Ea:
481 1836 702 1904 epistola
754 1837 1057 1893 Theodoreti
1105 1840 1175 1894 ad
1233 1841 1577 1894 Hierenatum
1639 1842 1931 1913 digamum.
1984 1845 2252 1910 Quoniam
2303 1857 2437 1896 vero
2488 1837 2783 1908 inculpatis
2827 1851 2936 1900 me,
2987 1833 3134 1903 quod
3179 1840 3428 1886 sanctum
3457 1836 3515 1882 et

280 1923 501 1977 beatum
554 1926 752 1996 reliqui
799 1929 1014 1984 Patrem
1061 1930 1412 1985 Theodorum
1467 1933 1523 1986 in
1567 1936 2056 1989 connumeratione
2110 1935 2421 1996 doctorum,
2469 1929 2842 1986 necessarium
2875 1922 3204 1987 existimavi,
3228 1928 3276 1974 et
3300 1927 3518 1982 caetera,

277 2032 398 2087 qua:
453 2018 508 2070 in
565 2020 659 2074 hoc
708 2028 845 2075 tomo
896 2030 1102 2077 exstant
1150 2025 1205 2078 in
1255 2023 1478 2095 epistola
1529 2026 1594 2080 16
1650 2027 1719 2080 ad
1763 2028 2028 2082 Irenaeum
2078 2028 2394 2098 episcopum,
2444 2024 2534 2094 qui
2581 2037 2856 2094 perperam
2914 2035 2971 2071 eo
3025 2015 3134 2070 loco
3204 2013 3518 2068 Hicrenatu

281 2109 605 2179 appellatur.

643 2493 987 2625 ΤΟΥ
1061 2492 1938 2627 ΜΑΚΑΡΙΟΥ
2025 2496 3177 2628 ΘΕΟΔΩΡΗΤΟΥ

1573 2749 1971 2803 ΕΠΙΣΚΟΠΟΥ
2002 2749 2237 2802 ΚΥΡΟΥ

1463 2932 2338 3052 ΕΠΙΣΤΟΛΑΙ.

949 3312 2498 3466 ΒΕΑΤΙΤΗΕΟΒΟΒ

1296 3312 2845 3466 ιΤΙΤΗΕΟΒΟΒΕΤΙ

1625 3565 1958 3643 EPISCOPI
2011 3583 2186 3643 cvm

1467 3769 2330 3897 EPISTOL/E.

776 4142 856 4193 A'.
897 4169 968 4180 -—-
1013 4139 1340 4210 Ἀνωνύμφ.
1884 4147 1929 4206 Β

1884 4147 1929 4206 Β
2407 4139 2619 4212 1060
2649 4138 2692 4195 Ι.
2711 4137 3083 4212 -—Anonymo.

363 4252 455 4322 Τῷ
517 4250 816 4322 θαυμαστῷ
847 4249 1135 4322 συμὸοΰλῳ
1173 4252 1266 4306 τὸν
1313 4253 1532 4308 συνετὸν
1580 4228 1854 4326 άκροατὴν

2027 4253 2173 4308 Cum
2189 4252 2500 4307 admirabili
2529 4229 2846 4307 consiliario
2870 4251 3196 4323 prudentem
3221 4254 3555 4309 auditorem.

289 4343 319 4394 ὁ
342 4343 676 4412 προφητικδς
717 4342 1000 4409 συνέζευξε
1030 4343 1200 4412 λόγος.
1246 4343 1386 4412 Ἐγὼ
1409 4345 1466 4398 δέ
1497 4362 1589 4398 σου
1610 4349 1677 4417 τῇ
1710 4347 1838 4399 ὁσιό-

1995 4343 2312 4415 ropheticus
2355 4359 2537 4399 sermo
2565 4343 2852 4415 conjunxit
2883 4346 2924 4398 ³.
2962 4345 3074 4414 Ego
3097 4360 3227 4398 vero
3253 4345 3543 4400 sanctitati

290 4450 416 4502 τητι
449 4434 545 4502 οὐχ
579 4434 652 4495 ὡς
703 4433 945 4503 ἀκροατῇ
983 4434 1187 4503 συνετῷ
1210 4474 1224 4496 ,
1255 4435 1369 4487 ἀλλ’
1397 4436 1473 4498 ὡς
1507 4440 1666 4508 κριτῇ
1705 4437 1839 4508 σοφιῖ

1984 4451 2086 4501 uae,
2138 4451 2248 4490 non
2311 4445 2372 4490 ut
2411 4435 2668 4505 prudenti
2723 4435 2984 4501 auditori,
3042 4437 3136 4491 sed
3199 4446 3263 4490 ut
3298 4436 3529 4505 sapienti

290 4525 454 4575 τεκαὶ
470 4523 676 4591 ἀληθεῖ,
705 4523 805 4593 τὴν
839 4524 920 4585 εἰς
949 4522 1042 4576 τὸν
1071 4523 1213 4576 θεῖον
1256 4525 1580 4580 Ἀπόστολον
1611 4546 1839 4600 συγγρα·

1982 4541 2196 4596 πει-οψιθ
2223 4525 2397 4596 judici
2424 4525 2624 4580 librum
2642 4525 2840 4590 obtuli,
2864 4541 3026 4595 quem
3049 4525 3103 4579 in
3124 4525 3369 4580 divinum
3387 4525 3531 4594 Apo-

293 4610 484 4679 φεϊσάν
515 4629 602 4680 μοι
627 4611 832 4665 δέδωκα
859 4611 1062 4681 βίϐλον.
1085 4614 1196 4665 Καὶ
1217 4613 1468 4686 καθάπερ
1491 4617 1540 4668 οἱ
1573 4619 1842 4689 χρυσοχόοι

1989 4618 2159 4672 tolum
2205 4617 2657 4696 conscripseram.
2699 4617 2766 4670 Et
2801 4617 3262 4686 quemadmodum
3283 4617 3535 4672 auriﬁces

289 4703 357 4771 τῇ
393 4699 608 4769 βασάνῳ
634 4701 1004 4771 προσφέρουσι
1030 4701 1120 4754 τὸν
1149 4703 1370 4773 χρυσὸν,
1413 4705 1539 4758 ἰδεῖν
1574 4707 1838 4773 ἐθέλοντες

1986 4707 2025 4762 id
2045 4708 2278 4778 lapidem
2303 4724 2497 4762 aurum
2520 4709 2834 4773 admovent,
2856 4725 2980 4764 cum
2998 4709 3231 4778 probare
3249 4709 3442 4763 volunt
3465 4723 3535 4761 an

290 4795 340 4846 ei
377 4791 664 4862 άκίὸδηλός
695 4809 752 4846 τε
774 4794 868 4846 καὶ
892 4793 1171 4863 ἄπεφθοςῇ
1219 4795 1394 4859 οὕτως
1418 4795 1528 4864 ἐγὼ
1551 4801 1616 4869 τῇ
1646 4802 1709 4870 σῇ
1741 4801 1839 4853 Θεοι

1984 4815 2160 4853 iurum
2208 4800 2281 4854 sit
2327 4807 2383 4854 et
2426 4806 2712 4854 excoctum
2738 4816 2752 4851 :
2787 4799 2868 4853 sic
2887 4814 2988 4869 ego
3013 4799 3081 4853 ad
3107 4799 3362 4868 pietatem
3385 4806 3533 4856 tuam

293 4882 479 4955 σεϐείᾳ
510 4883 570 4936 τὺ
603 4881 941 4955 σύγγραμμα
980 4887 1355 4956 προσενήνοχα
1378 4927 1393 4950 ,
1431 4887 1634 4955 γνῶναι
1664 4889 1842 4959 βουλό-

2046 4889 2417 4944 nmentarium
2444 4889 2591 4953 misi,
2623 4889 2767 4944 scire
2798 4904 2971 4944 avens
2993 4899 3210 4944 rectene
3232 4904 3290 4944 se
3312 4888 3532 4948 habeat.
3588 4885 3595 4920 ‘

295 4991 451 5045 μενος
478 5013 492 5036 ,
537 4974 645 5027 εἴτε
679 4968 737 5026 εὖ
779 4972 922 5041 ἔχει,
956 4976 1066 5028 εἴτε
1110 4976 1253 5040 τινὸς
1299 4977 1473 5031 δεῖται
1503 4979 1844 5050 καθάρσεως.

1984 4999 2034 5036 m
2075 4983 2258 5052 aliqua
2291 4990 2449 5052 egeat
2475 4969 2821 5052 purgatione.
2858 4982 2928 5034 At
2949 4990 3004 5036 tu
3033 4981 3101 5036 de
3139 4981 3254 5046 illo,
3281 4996 3406 5035 cum
3436 4980 3533 5034 abs

304 5068 465 5122 Ἀλλὰ
491 5069 586 5122 καὶ
615 5068 883 5136 ἀναγνοὺς
908 5071 1002 5124 καὶ
1033 5071 1277 5141 πέμψας,
1302 5072 1454 5126 οὐδὲν
1473 5075 1629 5144 ἡμῖν,
1658 5069 1702 5129 ὦ
1732 5078 1853 5148 φίλη

1986 5093 2019 5133 e
2045 5077 2246 5132 lectum
2270 5075 2599 5137 remitteres.
2634 5072 2774 5128 nihil
2794 5073 2991 5127 horum
3023 5072 3201 5137 nobis,
3229 5072 3426 5141 amice,
3457 5072 3535 5125 si~

293 5159 526 5230 κεφαλὴ,
555 5161 663 5215 τῶν
706 5163 1012 5234 εἰρημένων
1045 5169 1176 5239 περὶ
1200 5168 1389 5223 τούτου
1421 5169 1753 5241 δεδήλωκας.
1796 5154 1842 5225 'i

1991 5167 2252 5231 :niﬁcasli.
2302 5167 2455 5222 Facit
2499 5173 2682 5220 autem
2709 5165 2814 5219 hoc
2840 5164 3142 5229 silentium,
3165 5162 3540 5234 utrconjiciam

293 5251 350 5305 δὲ
379 5253 504 5322 σιγή
532 5270 598 5323 με
620 5257 1028 5324 παρασκευάζει
1053 5261 1332 5328 τοπάζειν,
1357 5262 1436 5326 ὡς
1456 5265 1714 5318 τάναντία
1737 5268 1842 5336 περ

1993 5260 2222 5324 udicem,
2259 5259 2386 5329 quia
2423 5258 2577 5312 illum
2603 5257 2815 5312 calculo
2836 5271 2936 5311 suo
2955 5255 3260 5320 damnarat,
3295 5254 3542 5309 noluisse

293 5340 498 5408 ταύτης
532 5341 915 5415 ψηφισάμενος
947 5350 975 5400 ὁ
1000 5351 1216 5421 κριτὴς,
1248 5354 1350 5407 οὐκ
1381 5353 1614 5425 ἠθέλησε
1649 5357 1738 5411 διὰ
1765 5358 1842 5411 τοί

1996 5368 2066 5408 ιοε
2113 5367 2228 5406 rem
2282 5349 2577 5404 indicando
2627 5363 2860 5403 maerore
2903 5347 3136 5403 allicere.
3173 5345 3545 5414 Dilueitaquc

298 5431 534 5504 μηνῦσαι
586 5434 845 5506 λυπῆσαι.
880 5438 1056 5493 Λῦσον
1102 5442 1280 5496 τοίνυν
1322 5445 1423 5514 τὴν
1459 5446 1715 5517 ὑποψίαν,
1766 5449 1847 5503 xui

2000 5442 2359 5519 uspicionem.
2381 5456 2444 5495 ac
2468 5439 2536 5495 de
2575 5438 2972 5496 commentario
3007 5437 3144 5494 mihi
3173 5435 3308 5508 quid
3335 5433 3547 5492 sentias

293 5520 394 5593 τὴν
430 5525 558 5593 περὶ
607 5525 701 5580 τοῦ
759 5529 1186 5601 συγγράμματος
1235 5533 1414 5604 ψῆφον
1461 5536 1697 5608 δηλῶσαί
1753 5556 1842 5608 μοι

1102 5549 1186 5596 τος
1235 5533 1414 5604 ψῆφον
1461 5536 1697 5608 δηλῶσαί
1753 5556 1855 5608 μου
1969 5537 2272 5609 exprimere
2304 5551 2373 5591 ne
2395 5535 2651 5606 graveris.

296 5613 651 5683 καταξίωσον.

375 5751 390 5781 ²
425 5767 528 5825 lsa.
564 5787 645 5839 ιιι,
685 5772 740 5828 2.
