3924 6192
479 301 606 370 1175

515 304 614 370 175
1477 318 1570 376 ΤΗ

951 424 1159 495 1031
1197 426 1343 478 n.—
1363 425 1570 480 Eidem.

545 537 664 592 Non
725 547 858 607 puto
911 554 1007 592 eos
1067 539 1162 608 qui
1217 540 1477 595 ardenter
1509 553 1695 597 amant
1727 543 1796 598 de
1828 544 2049 598 illorum

473 634 632 693 partu
681 627 776 694 qui
825 634 1082 680 amantur
1129 639 1280 683 recte
1323 630 1594 700 judicare.
1627 632 2049 704 Subripitenim

473 730 628 769 amor
675 714 963 784 justitiam.
1013 715 1148 770 Nam
1181 726 1238 772 et
1258 726 1442 787 patres
1467 718 1640 775 forma
1676 730 1936 791 praestare
1957 724 2051 777 de-

472 805 677 858 formes
730 804 872 859 ﬁlios
923 805 1258 870 existimant,
1312 817 1368 862 et
1414 808 1511 863 filii
1543 811 1798 866 similiter
1833 822 2051 882 patrum

471 893 872 949 deformitatem
931 911 1043 949 non
1097 895 1303 952 vident.
1354 898 1444 953 Sic
1496 909 1552 954 et
1601 900 1774 955 frater
1826 901 2051 956 fratrem

471 984 669 1048 cernit,
723 1000 832 1039 non
879 987 1098 1055 qualem
1155 998 1370 1053 natura,
1424 989 1519 1045 sed
1570 991 1789 1060 qualem
1821 991 2051 1046 affectus

471 1077 730 1131 ostendit.
784 1076 867 1131 Ad
918 1077 1066 1132 hunc
1105 1094 1208 1150 ego
1259 1080 1480 1136 modum
1537 1082 1606 1136 de
1657 1083 1878 1153 scriptis
1913 1084 2050 1137 meis

468 1163 744 1235 judicasse
805 1166 1148 1222 sanctitatem
1207 1175 1353 1222 tuam
1407 1171 1670 1236 arbitror,
1721 1172 2048 1226 sententiam

472 1257 713 1312 dictante
748 1258 1152 1314 benevolentia.
1198 1261 1428 1316 Maxima
1457 1263 1605 1317 enim
1634 1279 1826 1318 revera
1849 1264 1933 1318 vis
1965 1275 2051 1319 est

473 1347 779 1412 charitatis,
823 1349 1240 1420 amicorumque
1293 1351 1542 1406 defectus
1574 1367 1816 1423 persaepe
1842 1353 2050 1423 obtegit

473 1454 583 1492 non
614 1439 779 1494 leves.
818 1438 991 1510 Hujus
1022 1448 1079 1494 tu
1101 1441 1300 1512 Opibus
1322 1442 1572 1506 ailluens,
1613 1459 1646 1497 0
1674 1442 1868 1509 amice,
1908 1441 2048 1497 scri-

473 1540 565 1600 pta
604 1541 790 1585 nostra
825 1531 1079 1586 laudibus
1111 1531 1336 1587 ornasti.
1373 1533 1443 1587 At
1473 1530 1572 1604 ego
1600 1550 1630 1588 a
1665 1533 1926 1604 religione
1959 1541 2052 1586 tua

472 1629 620 1690 peto,
669 1622 875 1676 bonum
903 1630 966 1676 ut
998 1623 1291 1678 Dominum
1322 1640 1537 1689 exores,
1572 1642 1683 1695 quo
1715 1627 2050 1696 scriptorum

473 1711 691 1766 laudem
751 1719 922 1766 ratam
968 1711 1190 1778 habeat,
1226 1713 1617 1783 laudatumque
1641 1716 1803 1768 talem
1831 1713 2047 1777 reddat,

471 1801 689 1870 qualem
727 1802 1071 1857 laudantium
1096 1803 1264 1858 verba
1299 1803 1623 1876 depingunt.

925 2027 1011 2083 Ill.
1034 2060 1103 2068 —
1118 2029 1322 2084 Irenceo
1346 2031 1602 2102 episc0po.

543 2139 866 2212 Hujusmodi
919 2143 1357 2212 comparationes
1406 2143 1627 2198 divinus
1653 2142 1877 2213 quidem
1905 2141 2047 2210 Apo-

472 2234 646 2289 stolus
670 2235 968 2290 interdicit.
1001 2235 1264 2292 Scribens
1287 2241 1434 2293 enim
1459 2237 1524 2291 ad
1549 2237 1822 2290 Romanos
1845 2235 1925 2290 sic
1950 2234 2044 2288 ait:

479 2345 498 2377 ‹
537 2327 724 2396 Itaque
751 2327 920 2382 nolite
956 2337 1082 2383 ante
1113 2339 1330 2400 tempus
1353 2329 1624 2401 judicare,
1658 2327 1839 2398 quoad
1874 2341 2047 2395 usque

469 2416 656 2471 veniat
709 2417 994 2483 Dominus,
1028 2421 1122 2488 qui
1144 2429 1200 2474 et
1242 2419 1576 2474 illuminabit
1610 2418 1931 2472 abscondita
1965 2424 2046 2469 te-

400 2525 408 2532 ·
473 2508 790 2573 nebrarum,
815 2517 873 2564 et
896 2511 1269 2566 manifestabit
1292 2511 1520 2565 consilia
1546 2509 1818 2571 cordium,
1842 2517 1898 2561 et
1921 2516 2048 2560 tunc

469 2599 591 2654 laus
639 2601 746 2655 erit
793 2601 1089 2670 unicuique
1144 2617 1174 2654 a
1207 2603 1318 2655 Deo
1350 2605 1390 2655 '.
1425 2621 1442 2650 ›
1481 2601 1612 2656 Jure
1633 2610 1814 2654 autem
1845 2613 1908 2651 ac
1936 2612 2047 2650 me-

472 2693 580 2746 rito
642 2691 696 2746 id
742 2691 888 2747 facit.
953 2692 1065 2747 Nos
1114 2693 1384 2762 siquidem
1439 2707 1526 2746 res
1551 2692 1696 2746 solas
1719 2689 2043 2745 cernimus:

472 2784 855 2838 universorum
914 2799 1048 2838 vero
1097 2785 1245 2839 Deus
1301 2785 1481 2854 ipsum
1528 2783 1694 2839 etiam
1724 2798 1915 2837 eorum
1951 2780 2046 2851 qui

471 2889 562 2932 res
605 2886 804 2948 gerunt
850 2885 1200 2947 perspectum
1235 2877 1403 2932 habet
1445 2877 1756 2940 consilium,
1787 2885 1950 2944 atque
1980 2889 2048 2928 ex

468 2969 573 3025 hoc
623 2971 805 3040 potius
847 2985 1009 3040 quam
1054 2985 1122 3024 ex
1183 2970 1444 3038 operibus
1474 2969 1729 3040 judicans
1781 2967 1884 3021 fert
1924 2982 2048 3020 sen-

473 3061 721 3115 tentiam.
757 3062 835 3114 lta
875 3061 1121 3114 divinum
1168 3060 1490 3128 Apostolum
1514 3058 1804 3114 coronabit
1836 3057 2040 3112 factum

1477 318 1963 379 THEODORETI
2005 322 2342 385 EPISCOPI
2382 327 2745 388 CYRENSIS

3579 334 3690 402 1176

2087 446 2132 500 Α
2692 439 2767 491 Β’.
2800 467 2869 477 -
2907 438 2990 504 Τῷ
3023 439 3199 505 αὐτῷ.

2225 547 2338 599 Οὐκ
2365 541 2518 616 οἶμαι
2545 548 2670 610 τοῦς
2693 547 2912 618 Θερμῶς
2949 549 3278 617 ἀγαπῶντας
3304 554 3424 616 ταῖς
3451 554 3551 607 τῶν
3579 556 3695 625 ἀγα-

2154 637 2421 706 πωμένων
2449 638 2602 690 ὠδῖσι
2639 637 2845 709 κρίνειν
2870 639 3045 710 ὀρθῶς
3067 657 3079 669 ·
3117 641 3338 696 κλέπτει
3367 644 3472 714 γὰρ
3499 647 3526 696 ὁ
3547 647 3689 708 πόθος

2151 727 2213 781 τὸ
2238 728 2465 783 δίκαιον.
2487 730 2596 784 Καὶ
2627 729 2736 801 γὰρ
2764 733 2812 784 οἱ
2838 731 3074 802 πατέρες
3096 731 3214 804 ὥρᾳ
3237 734 3474 806 λάμπειν
3503 737 3566 790 τὰ
3589 739 3696 792 δυσ⁶

2153 822 2265 893 ειδῆ
2320 823 2510 877 παιδία
2565 824 2882 893 νομίζουσι’
2941 826 3038 880 καὶ
3098 827 3287 892 παῖδες
3347 828 3600 894 ὡσαύτως
3649 831 3700 886 τδ

2151 911 2259 964 τῶν
2300 912 2554 983 πατέρων
2585 913 2824 983 εἰδεχθὲς
2851 916 2949 985 οὐχ
2983 916 3216 988 ὁρῶσιν·
3266 917 3529 974 οὕτωκαὶ
3567 923 3699 977 ἀδελ-

2154 1001 2252 1072 φὸς
2279 1003 2507 1071 ἀδελφὸν
2537 1002 2745 1073 βλέπει,
2772 1007 2870 1076 οὐχ
2895 1005 2968 1070 ὡς
3004 1009 3036 1067 ἡ
3067 1007 3248 1076 φύσις,
3278 1009 3396 1061 ἀλλ’
3431 1010 3505 1074 ὡς
3544 1013 3575 1083 ἡ
3601 1013 3697 1066 διάη

2155 1093 2301 1157 θεσις
2331 1095 2622 1150 δείκνυσιν.
2665 1095 2821 1150 Οὕτω
2843 1098 2941 1169 τὴν
2977 1099 3074 1169 σὴν
3109 1099 3362 1170 Θειότητα
3397 1105 3572 1173 κρῖναι
3607 1106 3698 1170 τοῖς

2153 1186 2308 1256 ἐμοῖς
2350 1186 2624 1256 ὑπείληφα
2658 1187 2838 1256 λόγοις
2858 1230 2872 1253 ,
2904 1187 2996 1241 τοῦ
3026 1189 3250 1260 φίλτρου
3282 1190 3381 1260 τὴν
3413 1192 3584 1262 ψῆφον
3623 1195 3692 1262 ἐξ·

2153 1277 2485 1346 ἐνεγκόντος.
2502 1279 2748 1350 Μεγίστη
2771 1280 2880 1351 γὰρ
2899 1281 3114 1351 άληθῶς
3137 1283 3172 1352 ὴ
3192 1283 3292 1354 τῆς
3306 1283 3525 1354 ἀγάπης
3549 1288 3695 1357 ἰσχὺς,

2155 1371 2251 1423 καὶ
2281 1371 2566 1435 συσκιάζει
2609 1371 2876 1435 πολλάκις
2898 1371 3010 1426 τῶν
3034 1373 3203 1442 φίλων
3243 1375 3306 1428 οὐ
3336 1378 3508 1447 μικρά
3541 1379 3698 1449 πλημ-

2156 1461 2464 1532 μελήματα.
2505 1462 2725 1536 Ταύτης
2755 1463 2894 1534 ἔχων
2940 1465 3032 1518 τὸν
3077 1465 3328 1530 πλοῦτον,
3378 1462 3422 1520 ὦ
3461 1469 3580 1539 φίλη
3621 1489 3707 1525 κε-.

2155 1553 2321 1624 φαλὴ,
2357 1555 2655 1624 εὐφημίαις
2683 1555 2810 1619 τοὺς
2832 1556 3138 1628 ἡμετέρους
3159 1559 3477 1623 ὲταινίασας
3503 1561 3695 1628 λόγους·

2153 1643 2263 1712 ἐγὼ
2289 1645 2344 1698 δέ
2371 1662 2463 1698 σου
2490 1646 2588 1717 τὴν
2623 1645 2930 1701 θεοσέϐειαν
2967 1649 3297 1717 ἀπαγγέλλω
3331 1651 3407 1723 (ι)
3433 1653 3521 1705 τὸν
3581 1655 3695 1721 ἁγα-

2155 1732 2246 1786 θὸν
2283 1736 2632 1807 ἀντιϐολῆσαι
2680 1738 2979 1807 Δεσπότην,
3029 1739 3332 1809 βεϐαιῶσαι
3389 1747 3498 1806 τοῖς
3544 1744 3694 1813 λόγοις

2152 1827 2252 1895 τὴν
2279 1828 2577 1897 εὐφημίαν,
2629 1834 2723 1885 καὶ
2753 1829 2926 1896 δεῖξαι
2971 1831 3062 1884 τὸν
3099 1833 3512 1904 ἐπαινούμενον,
3541 1839 3692 1892 ὁποῖον

2151 1917 2260 1971 τῶν
2297 1920 2659 1974 ἐπαινούντων
2688 1921 3074 1994 ζωγραφοῦσιν
3096 1927 3144 1978 οἱ
3169 1927 3346 1994 λόγοι.

2085 1801 2128 1856 Β

2500 2032 2573 2085 Γ¹.
2607 2017 3000 2102 -Ἐίρηναίῳ
3019 2035 3358 2102 ἐπισκόπου.

2233 2143 2291 2195 '0
2324 2143 2421 2212 μὲν
2451 2141 2593 2207 θεῖος
2637 2145 2958 2208 Ἀπόστολος
2987 2145 3086 2210 τὰς
3109 2146 3365 2212 τοιαύτας
3400 2151 3692 2222 ἀπαγορεύει

2153 2235 2492 2305 συγκρίσεις.
2542 2236 2832 2306 Ῥωμαίοις
2865 2237 2973 2307 γὰρ
3004 2239 3342 2295 ἐπιστέλλων
3379 2241 3543 2306 οὕτως
3565 2244 3652 2316 ἔφη
3677 2262 3688 2276 ·

2157 2345 2174 2376 ι
2218 2327 2378 2378 Ὥστε
2421 2325 2497 2396 μὴ
2547 2327 2652 2396 πρὸ
2681 2328 2872 2397 καιροῦ
2911 2347 2960 2380 τι
2995 2331 3232 2400 κρίνετε,
3272 2332 3382 2395 ἕως
3427 2333 3490 2386 ἂν
3526 2334 3636 2403 ἔλθῃ
3673 2333 3694 2382 ό

2151 2417 2374 2487 Κύριος,
2419 2417 2476 2480 ὃς
2511 2419 2608 2470 καὶ¹
2638 2419 2860 2487 φωτίσει
2892 2420 2958 2472 τὰ
2990 2423 3207 2490 κρυπτὰ
3235 2423 3336 2475 τοῦ
3365 2425 3590 2488 σκότους,
3614 2426 3688 2478 καὶ

2151 2508 2456 2579 φανερώσει
2479 2509 2578 2571 τὰς
2613 2510 2809 2579 βουλὰς
2832 2511 2938 2564 τῶν
2961 2513 3218 2583 καρδιῶν,
3243 2516 3345 2568 καὶ
3373 2515 3488 2568 τότε
3509 2518 3534 2569 ὁ
3561 2516 3689 2568 ἐπαι-

2151 2619 2239 2665 νος
2276 2603 2563 2672 γενήσεται
2606 2603 2820 2674 ἑκάστῳ
2869 2605 2975 2657 ἀπὸ
3026 2603 3120 2658 τοῦ
3160 2606 3322 2661 Θεοῦ.
3387 2627 3403 2658 ι
3457 2609 3602 2662 Μάλα
3643 2609 3686 2660 δὲ

2150 2691 2375 2753 εἰκότως
2428 2691 2584 2744 τοῦτο
2632 2692 2953 2762 πεποίηκεν.
3021 2693 3210 2764 Ἡμεῖς
3265 2695 3369 2764 μὲν
3431 2697 3532 2769 γάρ
3579 2699 3686 2767 μόνα

2148 2783 2364 2854 ὁρῶμεν
2396 2781 2476 2834 τὰ·
2500 2783 2798 2852 πράγματα
2819 2799 2832 2812 ·
2869 2786 2897 2837 ό
2934 2785 2987 2836 δὲ
3022 2785 3130 2837 τῶν
3156 2786 3296 2840 ὅλων
3338 2788 3466 2852 Θεὸς
3493 2790 3575 2842 καὶ
3600 2789 3685 2842 τῶν

2148 2871 2321 2925 ταῦτα
2359 2870 2612 2942 δρώντων
2651 2872 2943 2925 ἐπίσταται
2988 2873 3083 2926 τὸν
3135 2875 3364 2942 σκοπὸν,
3414 2879 3505 2930 καὶ
3538 2877 3684 2947 τούτῳ

2153 2963 2354 3033 μᾶλλον
2391 2963 2422 3033 ἦ
2463 2964 2571 3024 τοῖς
2607 2961 2787 3033 ἔργοις
2827 2963 3065 3027 δικάζων
3103 2966 3337 3036 ἐκφέρει
3381 2968 3476 3037 τὴν
3514 2970 3678 3037 ψῆφον.

2153 3054 2310 3108 Οὕτω
2363 3053 2697 3121 στεφανώσει
2738 3053 2829 3107 τὸν
2881 3054 3024 3107 θεῖον
3071 3057 3396 3111 Ἀπόστολον
3437 3059 3684 3127 γενόμενον

468 3151 674 3206 Iudaeis
723 3151 935 3220 1062
994 3158 1251 3220 tanquam
1282 3149 1554 3215 Judaeum,
1581 3159 1636 3205 et
1670 3150 1736 3204 iis
1765 3149 1858 3219 qui
1886 3157 2044 3204 erant

2151 3148 2260 3208 τοῖς
2313 3144 2588 3207 Ἰουδαίοις
2629 3144 2704 3207 ὡς
2747 3145 3020 3209 Ἰουδαῖον,
3058 3147 3153 3199 καὶ
3200 3150 3320 3212 τοῖς
3375 3149 3509 3202 κατά
3548 3149 3681 3218 ιόμον

471 3239 575 3295 sub
623 3240 741 3310 lege
779 3241 936 3310 quasi
978 3241 1080 3295 sub
1127 3242 1265 3311 lege,
1304 3249 1361 3296 et
1398 3241 1468 3296 iis
1511 3242 1606 3311 qui
1633 3241 1752 3295 sine
1777 3241 1894 3312 lege
1921 3249 2043 3294 tan-

471 3345 634 3402 quam
669 3331 788 3386 sine
821 3331 939 3402 lege
974 3333 1014 3384 ³.
1045 3331 1230 3386 Multis
1273 3332 1421 3387 enim
1451 3340 1512 3386 ut
1555 3332 1843 3402 prodesset
1893 3330 2048 3385 ﬁctas

473 3435 739 3491 personas
779 3421 975 3485 induit,
1009 3438 1120 3476 non
1158 3423 1459 3478 adulatoris
1491 3423 1827 3492 amplectens
1855 3423 2044 3485 vitam,

471 3526 576 3566 nec
602 3511 927 3567 damnosum
958 3511 1064 3567 sibi
1088 3513 1305 3568 lucrum
1341 3522 1588 3584 captans,
1635 3514 1730 3568 sed
1758 3522 1818 3566 ut
1854 3527 2048 3566 eorum

471 3617 613 3670 quos
633 3603 864 3658 docebat
885 3603 1112 3658 utilitati
1136 3605 1468 3660 consuleret.
1488 3604 1716 3659 Divinus
1747 3619 1878 3674 ergo
1909 3603 2049 3658 Pau-

469 3692 577 3757 lus,
600 3703 662 3748 ut
671 3693 783 3764 jam
814 3693 948 3758 dixi,
975 3694 1222 3751 divinum
1236 3695 1507 3766 judicium
1537 3696 1842 3766 exspectari
1868 3695 2046 3767 jubet.

470 3787 858 3843 Verumtamen
913 3785 1008 3856 qui
1061 3787 1267 3854 majora
1307 3786 1592 3849 audemus,
1627 3794 1684 3842 et
1716 3786 2046 3856 theologiam

468 3877 853 3950 cogitationem
888 3893 952 3932 ac
986 3877 1154 3932 verba
1193 3877 1673 3933 transcendentem
1701 3877 2043 3947 attingimus,

469 3986 581 4024 non
607 3969 962 4038 blasphemia:
981 3977 1302 4039 argumenta
1331 3969 1626 4038 impiorum
1655 3969 2046 4023 haereticorum

468 4075 625 4114 more
655 4066 1014 4128 aucupantes,
1045 4060 1141 4115 sed
1164 4068 1225 4113 ut
1273 4059 1491 4112 illorum
1537 4059 1872 4129 impietatem
1911 4073 2047 4113 con-

467 4151 798 4213 vincamus“
830 4158 887 4204 et
932 4149 1180 4205 Creatori
1236 4149 1428 4204 laudes
1473 4165 1574 4219 pro
1635 4159 1800 4219 captu
1854 4159 2045 4204 nostro

468 4241 870 4313 persolvamus,
895 4241 1128 4297 absurdi
1155 4241 1293 4296 nihil
1315 4243 1490 4296 acturi
1515 4257 1725 4306 sumus,
1758 4242 1803 4296 si
1846 4241 1913 4294 ad
1959 4241 2045 4297 in-

471 4331 892 4403 terrogationem
929 4341 1166 4388 vestram
1207 4332 1657 4401 respondeamus.

608 4512 978 4585 Proposuistis
1023 4514 1272 4569 oratione
1298 4523 1482 4583 vestra
1522 4513 1750 4585 impium
1779 4515 2042 4586 judicem,

466 4606 560 4675 qui
590 4605 808 4661 duobus
849 4604 1072 4675 pietatis
1102 4603 1324 4670 athletis
1357 4604 1638 4675 optionem
1695 4605 1932 4670 dederit,
1985 4614 2047 4660 ut

465 4698 794 4752 alterutrum
826 4698 1090 4761 facerent,
1129 4706 1226 4751 aut
1271 4681 1645 4752 sacriﬁcarent
1677 4697 2040 4761 daemonibus.

464 4801 708 4848 aut.sese
733 4790 788 4845 in
819 4805 971 4845 mare
1000 4789 1197 4844 darent
1237 4789 1586 4860 praecipites:
1629 4800 1795 4861 atque
1844 4791 2041 4845 horum

468 4897 636 4936 unum
699 4883 924 4954 (intidem
968 4883 1245 4952 posterius
1296 4881 1616 4951 arripuisse,
1675 4882 2041 4953 alacriter-que

465 4976 522 5029 in
574 4973 911 5043 profundum
963 4974 1278 5029 desiliisse:
1319 4974 1555 5030 alterum
1599 4989 1732 5028 vero
1781 4983 2041 5028 neutrum

463 5065 730 5136 elegisse,
790 5065 887 5120 sed
949 5065 1223 5121 idolorum
1279 5063 1503 5132 quidem
1565 5064 1773 5116 cultum
1839 5061 2092 5142 prioris.

463 5157 716 5228 exemplo
770 5156 1069 5226 respuisse,
1111 5155 1352 5224 seipsum
1407 5161 1587 5208 tamen
1645 5152 1903 5207 ﬂuctibus
1931 5169 2042 5227 non

465 5250 756 5321 objecisse,
791 5248 888 5304 sed
917 5256 1261 5318 exspectasse
1291 5255 1352 5301 ut
1385 5261 1481 5316 per
1512 5246 1622 5300 vim
1655 5245 1724 5300 ab
1753 5245 1863 5300 alio
1892 5261 2038 5300 mero

466 5348 711 5408 geretur.
763 5338 860 5394 His
911 5339 986 5393 ita
1033 5337 1316 5408 expositis,
1369 5337 1600 5407 rogastis
1649 5344 1773 5391 uter
1823 5336 2040 5390 illorum

471 5435 674 5487 rectius
711 5432 908 5488 fecisse
933 5432 1204 5486 videatur.
1243 5432 1356 5502 Ego
1378 5447 1510 5486 vero
1539 5430 1696 5485 vobis
1717 5445 1937 5499 quoque
1961 5445 2048 5484 se-

473 5521 715 5577 cundum
759 5523 921 5578 laude
969 5523 1277 5594 digniorem
1325 5523 1502 5577 videri
1558 5522 1815 5578 arbitror.
1858 5521 2046 5590 Neque

541 5677 558 5706 '
593 5675 760 5730 lCor.
798 5691 869 5731 tv.
1032 5677 1050 5705 ³
1075 5675 1094 5726 Ι
1119 5675 1243 5728 Cur.
1281 5693 1352 5736 Ix,
1381 5676 1470 5738 9.0,
1498 5677 1584 5730 9|.

540 5793 582 5861 (1
605 5790 621 5861 )
660 5790 998 5857 ἐπαγγέλλω.
1029 5789 1435 5859 Neapolitanus.

2007 4450 2016 4537 ζ
2073 4481 2124 4537 n

2150 3236 2226 3299 ὡς
2257 3234 2362 3288 ὑπὸ
2388 3236 2574 3305 νόμου,
2615 3235 2710 3288 καὶ
2746 3237 2860 3298 τοῖς
2895 3238 3116 3305 ἀνόμοις
3142 3236 3216 3300 ὡς
3247 3237 3468 3309 ἄνομον.
3490 3239 3574 3291 Διὰ
3598 3239 3682 3308 γὰρ

2148 3323 2246 3397 τὴν
2267 3327 2375 3379 τῶν
2395 3325 2604 3379 πολλῶν
2626 3325 2894 3394 ὠφέλειαν
2922 3328 3034 3389 τοῖς
3063 3328 3163 3395 τῆς
3187 3328 3523 3399 ὑποκρίσεως
3549 3345 3682 3400 προσ-

2147 3417 2370 3480 ωπείοις
2417 3417 2688 3488 ἐχρήσατο
2712 3434 2726 3449 ·
2761 3417 2822 3469 οὐ
2879 3419 3113 3482 κόλακος
3155 3422 3532 3490 ἀσπαζόμενος
3572 3420 3680 3488 βίον,

2150 3510 2245 3562 καὶ
2275 3507 2472 3578 κέρδος.
2493 3507 2783 3579 ἐπιζήμιον
2812 3510 2990 3580 ἐαυτῷ
3020 3511 3420 3582 μηχανώμενος
3445 3529 3458 3542 ·
3494 3511 3593 3563 ἀλλ’
3619 3504 3682 3571 οἷς

2150 3598 2248 3668 τὴν
2286 3597 2632 3652 διδασκαλίαν
2666 3600 2975 3670 προσέφερε
3008 3602 3108 3671 τὴν
3144 3600 3421 3670 ὠφέλειαν
3456 3619 3681 3673 πραγμαο

2151 3691 2460 3762 τευόμενος.
2498 3690 2559 3746 Ὀ
2602 3692 2699 3762 μὲν
2743 3688 2836 3745 οῦν
2875 3692 3160 3753 Θεσπέσιος
3207 3694 3455 3758 Παῦλος,
3483 3693 3550 3755 ὡς
3575 3691 3682 3758 ἔφην

2149 3783 2274 3854 ἤδη,
2313 3783 2374 3836 τὸ
2411 3783 2553 3837 θεῖον
2581 3783 2874 3853 ἀναμένειν
2904 3784 3116 3837 κελεύει
3147 3785 3458 3856 κριτήριον.
3501 3781 3679 3847 Ἐπειδὴ

2150 3875 2207 3930 δὲ
2242 3875 2338 3928 καὶ
2380 3874 2488 3927 τῶν
2520 3873 2783 3944 μειζόνων
2817 3875 3275 3945 κατατολμῶμεν,
3314 3876 3407 3928 καὶ
3445 3871 3681 3939 θεολογίας

2149 3968 2248 4038 τῆς
2283 3967 2422 4037 ὑπὲρ
2450 3966 2576 4020 νοῦν
2618 3968 2712 4019 καὶ
2740 3965 2898 4034 λόγον
2938 3967 3246 4036 ἁπτόμεθα,
3284 3970 3348 4021 οὐ
3378 3963 3681 4038 βλασφημίας

2150 4057 2406 4134 ἀφορμὰς
2445 4057 2586 4112 κατά
2624 4060 2750 4121 τοὺς
2790 4057 3037 4122 ἀνοσίους
3082 4058 3472 4128 ἐπιζητοῦντες
3517 4058 3679 4127 αἱρετιο

2150 4149 2299 4212 κους,
2333 4147 2473 4224 ἀλλά
2501 4147 2597 4219 τὴν
2625 4148 2846 4202 ἐκείνων
2899 4147 3157 4202 ἀσέϐειαν
3189 4148 3586 4218 ἐξελέγχοντες,
3609 4142 3679 4196 καὶ

2148 4240 2226 4304 ὡς
2249 4240 2534 4311 χωροῦμεν
2563 4239 2652 4292 τὸν
2697 4239 2936 4310 Ποιητὴν
2961 4237 3356 4310 ἀνυμνοῦντες,
3393 4240 3533 4292 οὐδὲν
3555 4238 3679 4288 dits:-

2150 4329 2246 4392 κὸς
2287 4327 2542 4399 δρῴημεν
2579 4328 2645 4383 ἂν
2680 4330 2817 4399 πρὸς
2857 4329 2954 4400 τὴν
2995 4331 3266 4401 ὑμετέραν
3302 4328 3680 4400 ἀποκρινόμενοι

2157 4420 2370 4475 πεῦσιν.

2231 4511 2528 4566 ’Υπέθεσθε
2572 4512 2650 4582 τῷ
2695 4511 2839 4583 λόγῳ
2883 4512 3120 4582 δυσσεϐῆ
3164 4513 3452 4584 δικαστὴν,
3505 4508 3680 4579 αἵρεσιν

2149 4603 2417 4658 δεδωκότα
2446 4603 2540 4656 δύο
2579 4605 2719 4656 τισὶν
2754 4603 3014 4674 ἀθληταῖς
3055 4605 3368 4670 εὐσεϐείας,
3409 4604 3540 4656 ὥστε
3565 4598 3681 4652 δυοῖν

2146 4697 2595 4768 θάτερον-δρᾶσαι
2619 4735 2634 4760 ,
2681 4696 2714 4766 ἢ
2761 4695 2922 4749 θῦσαι
2959 4696 3230 4766 δαίμοσιν,
3282 4697 3316 4768 ἥ
3356 4697 3492 4765 σφᾶς
3531 4694 3598 4753 εἰς
3635 4685 3681 4738 τὸ

2148 4789 2383 4856 πέλαγος
2421 4788 2606 4859 ῥίψαιο
2659 4789 2755 4841 καὶ
2789 4788 2877 4842 τὸν
2911 4789 3009 4860 μὲν
3054 4789 3300 4860 ἁρπάσαι
3345 4789 3406 4841 τὸ
3447 4785 3678 4852 δεύτερον,

2145 4883 2242 4935 καὶ
2266 4880 2560 4953 προθύμως
2592 4881 2670 4942 είς
2696 4880 2785 4932 τὸν
2812 4880 2972 4950 βυθὸν
2997 4881 3322 4952 κυϐιστῆσαι
3340 4897 3354 4910 ·
3383 4881 3471 4933 τὸν
3492 4877 3544 4932 δὲ
3571 4871 3680 4944 μηδ-

2144 4973 2330 5044 έτερον
2379 4971 2631 5025 ἑλέσθαιο
2675 4972 2812 5024 ἀλλὰ
2874 4973 2974 5040 τὴν
3027 4972 3134 5026 τῶν
3188 4973 3421 5026 εἰδώλων
3462 4965 3680 5037 λατρείαν

2148 5065 2544 5137 παραπλησίως
2566 5065 2645 5135 τῷ
2669 5065 2919 5136 προτέρῳ
2951 5065 3324 5134 βδελύξασθαι,
3349 5065 3531 5119 ἑαυτὸν
3550 5059 3598 5112 δὲ
3621 5053 3677 5124 μὴ

2150 5157 2485 5228 παραδοῦναι
2521 5159 2633 5219 τοῖς
2663 5156 2926 5226 κύμασιν,
2954 5158 3070 5211 ἀλλ’
3106 5161 3392 5228 ἀναμεῖναι
3433 5155 3520 5226 βίᾳ
3553 5147 3680 5203 τοῦτο

2151 5248 2278 5319 παρ’
2307 5248 2493 5317 ἑτέρου
2529 5248 2742 5304 παθεῖν,
2777 5248 2935 5302 υῦτω
2962 5249 3136 5303 ταῦτα
3162 5251 3241 5320 τῷ
3265 5251 3406 5320 λόγῳ
3425 5239 3677 5301 διασκευά·

2155 5356 2345 5402 σαντες
2366 5378 2379 5403 ,
2414 5339 2613 5410 ἤρεσοε
2647 5340 2878 5410 πότερος
2921 5340 3105 5394 αὐτοῖν
3148 5341 3370 5411 ἄμεινον
3399 5333 3676 5407 δεδρακέναι

2152 5430 2316 5484 δοκεῖ.
2336 5429 2475 5496 Ἐγὼ
2503 5430 2560 5483 δέ
2587 5426 2738 5500 οἶμαι
2772 5431 2867 5483 καλ⁸
2891 5431 3021 5500 ὑμῖν
3055 5431 3323 5484 συνδοκεῖν
3353 5430 3444 5482 τὸν
3470 5425 3678 5492 δεύτερον

2156 5520 2612 5592 ἀξιαγαστότερον
2639 5516 2798 5577 εἶναι.
2831 5523 2966 5576 Οὐδὲ
2992 5522 3102 5593 γὰρ
3132 5523 3206 5596 μὴ
3236 5518 3664 5594 προσταττόμενον
