3924 6192
278 350 412 424 1177

1598 344 1963 407 EPISTULA
2000 346 2111 407 ΙΙΙ.

3393 348 3526 415 liTS

275 463 380 531 χρή
410 475 530 515 τινα
562 456 753 513 ἑαυτὸν
786 457 1105 527 ὑπεξάγειν,
1137 459 1275 513 ἀλλὰ
1320 465 1652 531 προσμένειν
1680 460 1714 531 ἢ
1745 459 1829 512 τὸν

1941 461 2091 514 enim
2121 460 2390 532 iniussum
2439 474 2772 531 quemquam
2805 466 3021 529 oportet
3046 457 3115 514 de
3142 459 3251 513 vita
3280 462 3523 531 seipsum

275 550 597 620 αὐτόματον,
630 548 664 618 ἢ
686 548 775 603 τὸν
796 548 968 618 βίαιον
995 547 1242 603 θάνατον.
1274 550 1383 603 Καὶ
1403 549 1560 603 τοῦτο
1581 549 1845 603 διδάσκων

272 644 302 694 ὁ
336 640 628 711 Δεσπότης,
657 642 782 704 τοὺς
805 642 863 693 ὲν
891 641 1019 711 τῇδε
1044 643 1110 712 τῇ
1136 641 1288 694 πόλει
1311 639 1680 710 διωκομένους
1705 639 1844 693 φεύ-

274 749 392 799 γειν
418 733 497 794 εἰς
532 732 725 800 ἐτέραν
750 733 1221 803 παρεκελεύσατο·
1253 733 1347 786 καὶ
1390 727 1543 795 αὖθις
1585 730 1844 800 κάκείνην

274 823 550 892 ἀμείϐειν,
598 825 694 878 καὶ
741 826 823 888 εἰς
870 825 1063 896 ἐτέραν
1098 827 1316 879 ἀπιέναι
1367 825 1520 878 πόλιν
1565 823 1841 877 ἐκέλευσε.

272 916 316 967 Τ
318 914 458 969 αὔτα
500 915 931 986 πεπαιδευμένος
960 920 989 970 6
1018 917 1158 981 θεῖος
1208 917 1551 982 Ἀπόστολος,
1576 918 1669 971 τοῦ
1725 918 1843 970 ἐθν-

271 1007 442 1077 άρχου
494 1007 595 1071 τὰς
639 1010 828 1078 χεῖρας
879 1009 1123 1079 διέφυγε,
1154 1010 1250 1063 καὶ
1279 1010 1399 1063 οὐδὲ
1429 1009 1527 1079 τῆς
1550 1010 1729 1079 φυγῆς
1752 1010 1843 1064 τὸν

269 1100 473 1170 τρόπον
533 1101 824 1170 ὲσίγησεν’
868 1101 981 1155 ἀλλ’
1018 1102 1266 1168 ὑπέδειξε
1302 1101 1399 1172 τὴν
1444 1104 1720 1173 σαργάνην
1765 1102 1843 1175 τῷ

269 1191 432 1262 λόγῳ,
466 1193 558 1247 καὶ
586 1195 646 1247 τὸ
676 1196 873 1264 τεῖχος,
897 1194 992 1248 καὶ
1015 1194 1115 1263 τὴν
1143 1193 1355 1265 θυρίδα,
1385 1194 1569 1263 αὐχῶν
1596 1193 1689 1246 ἐπὶ
1718 1192 1842 1248 τού-

268 1300 404 1347 τοις,
436 1285 532 1336 καὶ
569 1285 987 1355 σεμνυνόμενος.
1040 1284 1101 1338 Ὀ
1130 1283 1242 1354 γάρ
1272 1284 1412 1349 θεῖος
1452 1284 1619 1355 νόμος
1650 1285 1713 1338 τὸ
1749 1285 1839 1338 δο-

270 1374 399 1427 κοῦν
432 1376 655 1446 αἰσχρὸν
699 1377 844 1428 ποιεῖ
875 1376 1091 1446 σεμνόν.
1145 1375 1304 1430 Οὕτω
1354 1376 1485 1428 ποτὲ
1525 1375 1622 1446 μὲν
1672 1377 1840 1447 Φαρι-

272 1466 440 1528 σαῖον,
475 1468 605 1520 ποτὲ
650 1468 708 1519 δὲ
754 1468 1023 1537 Ῥωμαῖον
1059 1467 1251 1520 ἐαυτὸν
1300 1468 1740 1540 προσηγόρευεν·
1777 1468 1837 1521 οὐ

264 1556 359 1609 τὸν
390 1557 620 1612 θάνατον
650 1559 961 1629 δειμαίνων,
988 1560 1105 1612 ἀλλ’
1138 1560 1380 1630 ἐννόμως
1408 1560 1834 1629 ἀγωνιζόμενος.

268 1644 454 1711 Οὕτως
509 1647 882 1702 ἐπεκαλέσατο
931 1649 1209 1721 Καίσαρα,
1265 1650 1360 1712 τὰς
1394 1649 1501 1703 τῶν
1571 1649 1838 1702 Ἰουδαίων

266 1736 558 1799 ἐπιϐουλάς
595 1737 926 1808 προμαθών·
978 1738 1071 1791 καὶ
1116 1737 1207 1790 τὸν
1252 1737 1565 1805 ἀδελφιδοῦν
1615 1738 1671 1791 δὲ
1701 1738 1838 1807 πρὸς

265 1826 358 1878 τὸν
387 1826 663 1898 χιλίαρχον
684 1827 920 1897 έπεμψε,
943 1830 1034 1881 καὶ
1053 1828 1119 1881 τὰ
1143 1828 1470 1899 τυρευθέντα
1500 1830 1835 1899 μεμήνυκεν,

264 1917 327 1969 οὗ
358 1917 458 1985 τῆς
490 1918 771 1988 παρούσης
809 1919 992 1989 βιοτῆς
1024 1919 1335 1990 ἐφιέμενος,
1365 1918 1502 1972 ἀλλὰ
1538 1923 1651 1983 τοῖς
1672 1920 1838 1983 θείοις

216 2074 222 2080 ⁸
265 2006 449 2075 νόμοις
481 2007 764 2077 ἑπόμενος.
817 2009 890 2061 Οὐ
935 2009 1044 2080 γὰρ
1080 2009 1142 2079 δὴ
1183 2008 1427 2076 βούλεται
1467 2011 1613 2079 ἡμᾶς
1670 2011 1700 2062 ὁ
1749 2014 1839 2063 Δε⁶

266 2101 471 2173 σπότης
518 2103 596 2165 εἰς
627 2098 902 2173 προῦπτον
939 2104 1166 2173 ἑαυτοὺς
1197 2103 1505 2174 ἐμϐάλλειν.
1536 2105 1644 2156 Kal.
1681 2103 1838 2157 τοῦτο

263 2195 410 2261 ἡμᾶς
449 2193 508 2245 οὐ
543 2193 629 2247 διὰ
655 2194 830 2262 λόγων
865 2193 1048 2264 μόνον,
1085 2193 1222 2246 ἀλλὰ
1254 2194 1348 2246 καὶ
1375 2193 1463 2246 διὰ
1495 2196 1836 2266 πραγμάτων

262 2280 518 2350 ἐδίδαξεν.
546 2286 807 2349 Πολλάκις
828 2286 936 2356 γάρ
961 2286 1058 2348 τὰς
1078 2285 1393 2355 μιαιφόνους
1422 2285 1531 2339 τῶν
1565 2286 1836 2339 Ἰουδαίων

260 2376 497 2440 ἐξέκλινε
529 2381 737 2447 χεῖρας.
771 2377 881 2448 Kal.
920 2379 947 2429 6
980 2377 1150 2445 μέγας
1175 2376 1230 2428 δὲ
1274 2377 1485 2448 Πέτρος
1512 2418 1526 2440 ,
1571 2376 1679 2429 τῶν
1699 2378 1835 2430 ἀπο-

258 2464 459 2518 στόλων
494 2468 520 2519 ό
552 2466 794 2538 πρῶτος,
827 2466 1119 2529 ἀπολυθεὶς
1155 2465 1264 2518 τῶν
1310 2466 1546 2535 δεσμῶν,
1592 2467 1686 2519 καὶ
1734 2467 1834 2527 τὰς

268 2558 508 2627 Ἡρώδου
537 2560 721 2629 χεῖρας
736 2557 1036 2628 διαφυγὼν,
1067 2558 1291 2626 ἀφίκετο
1317 2557 1415 2626 μὲν
1440 2557 1521 2619 εἰς
1536 2556 1632 2627 τὴν
1653 2557 1832 2610 οἰκίαν

254 2649 353 2720 τὴν
399 2650 642 2703 Ἰωάννου
682 2650 775 2703 τοῦ
825 2651 1260 2719 ἐπικαλουμένου
1304 2650 1561 2721 Μάρκου,
1610 2651 1701 2702 καὶ
1730 2650 1831 2722 τὴν

257 2739 477 2792 ἐκείνων
525 2740 777 2810 φροντίδα
828 2740 994 2804 λύσας
1029 2743 1094 2812 τῇ
1148 2740 1427 2811 παρουσία
1460 2779 1476 2804 ,
1524 2742 1617 2793 καὶ
1672 2741 1831 2812 σιγὴν

256 2830 412 2898 ἄγειν
464 2829 726 2892 κελεύσας
748 2871 764 2895 ,
800 2831 878 2892 εἰς
924 2830 1098 2883 οἰκίαν
1129 2830 1321 2901 ἑτέραν
1359 2827 1592 2899 μετέστη
1616 2870 1630 2894 ,
1666 2830 1828 2884 πλέον
1854 2880 1869 2891 ,

256 2918 439 2973 λαθεῖν
464 2922 527 2991 τῇ
567 2918 864 2989 μεταϐάσει
896 2918 1253 2989 πειριῖιμενδς.
1290 2918 1462 2972 Τοῦτο
1488 2918 1586 2982 τῆς
1613 2919 1829 2987 φιλοσο-

258 3010 386 3077 φίας
420 3009 480 3062 τὸ
525 3007 663 3072 εἶδος
692 3009 995 3081 εὑρήσομεν
1028 3011 1130 3061 κάν
1172 3012 1241 3079 τῇ
1292 3009 1525 3081 Halani.
1569 3011 1678 3064 Καὶ
1720 3012 1829 3081 γὰρ

1946 552 2207 616 educere,
2235 553 2330 609 sed
2365 561 2598 609 mortem
2628 553 2714 609 vel
2737 563 3091 623 spontaneam
3118 552 3203 606 vel
3227 548 3521 610 violentam

1946 643 2273 712 pnestolari.
2319 642 2477 709 Quod
2535 645 2742 700 docens
2771 645 3056 709 Dominus,
3085 660 3181 698 eos
3212 644 3305 715 qui
3336 660 3525 713 perse-

1945 736 2225 790 cutionem
2278 736 2337 790 in
2387 753 2496 792 una
2548 737 2770 795 civitate
2826 737 3124 806 patiantur,
3176 737 3238 790 in
3291 737 3520 791 alteram

1943 826 2134 897 fugere
2167 827 2449 897 praecepit,
2485 836 2650 897 atque
2680 828 2881 882 iterum
2942 841 3009 882 ex
3062 827 3166 883 hac
3203 826 3369 881 etiam
3414 824 3521 879 mi-

1944 934 2125 988 grare,
2163 928 2220 973 et
2256 918 2313 973 in
2349 918 2509 973 aliam
2545 918 2699 972 abire
2732 918 2897 988 jussit
2941 917 2982 970 ⁵.
3027 917 3235 987 1063
3284 915 3399 982 Qua
3453 932 3521 971 ex

1943 1009 2234 1079 disciplina
2297 1010 2519 1065 divinus
2586 1009 2926 1079 Apostolus“
3017 1008 3290 1078 praepositi
3344 1009 3522 1079 gentis

1942 1115 2141 1155 manus
2170 1099 2383 1170 effugit,
2428 1099 2676 1169 fugmque
2712 1099 2933 1154 modum
2964 1115 3076 1153 non
3131 1098 3375 1161 reticuit,
3423 1099 3520 1155 sed

1941 1200 1998 1247 et
2055 1200 2295 1262 spartam
2333 1191 2804 1255 commemoravit,
2838 1200 2895 1245 et
2927 1206 3166 1254 murum,
3201 1199 3258 1245 et
3284 1198 3518 1259 portam,

1941 1299 2009 1338 eo
2038 1283 2261 1339 nomine
2288 1282 2533 1353 glorians
2564 1290 2621 1337 et
2665 1282 2967 1336 exsultans.
3022 1280 3134 1334 Lex
3182 1281 3388 1349 quippe
3432 1281 3519 1334 di-

1940 1375 2069 1429 vina
2090 1374 2383 1429 honestum
2422 1374 2479 1427 id
2507 1373 2774 1427 reddebat
2801 1372 2949 1442 quod
3001 1370 3321 1425 indecorum
3363 1370 3518 1426 vide-

1940 1466 2141 1520 batur.
2174 1464 2265 1519 Sic
2313 1473 2370 1519 et
2422 1464 2757 1518 Pharisaaum
2792 1479 2851 1517 se
2902 1462 3200 1525 interdum,
3240 1462 3518 1517 interdum

1941 1557 2246 1610 Romanum
2277 1556 2556 1625 professus
2583 1554 2687 1619 e'st,
2719 1570 2828 1608 non
2864 1562 3096 1607 mortem
3128 1552 3515 1616 reformidans,

1940 1645 2035 1700 sed
2082 1645 2323 1715 legitime
2370 1644 2662 1699 decertans
2694 1645 2734 1696 ⁵.
2770 1643 2861 1697 Sic
2891 1641 3160 1696 Caesarem
3201 1640 3515 1709 appellavit,

1940 1754 2064 1794 cum
2096 1738 2409 1793 Judmorum
2446 1735 2673 1790 insidias
2705 1733 3084 1804 praesensisset
3118 1733 3162 1796 ",
3202 1730 3519 1801 sororisque

1869 1798 1912 1853 Β
1941 1832 2114 1886 ﬁlium
2168 1830 2319 1885 misit
2355 1829 2422 1883 ad
2459 1798 2762 1888 tribunum,
2811 1832 2867 1879 et
2911 1823 3139 1878 insidias
3181 1798 3443 1891 patefecit
3472 1823 3514 1885 ⁸,

1938 1937 2049 1977 non
2085 1921 2252 1975 vitam
2283 1925 2609 1989 praesentem
2642 1924 2925 1984 expetens,
2960 1914 3053 1967 sed
3076 1913 3290 1983 legibus
3314 1912 3517 1968 divinis

1938 2012 2344 2080 obtemperans.
2377 2008 2564 2077 Neque
2598 2006 2743 2060 enim
2783 2005 2900 2059 vult
2939 2005 3226 2070 Dominus,
3269 2012 3329 2058 ut
3374 2018 3515 2073 pra:-

1937 2102 2133 2173 cipites
2183 2116 2286 2155 nos
2333 2100 2483 2169 ipsos
2536 2113 2780 2167 agamus,
2810 2104 2975 2167 atque
3003 2096 3107 2150 hoc
3133 2112 3236 2150 nos
3263 2096 3377 2165 ipse
3404 2112 3511 2151 non

1936 2196 2120 2252 verbis
2148 2194 2333 2258 modo,
2370 2192 2467 2248 sed
2500 2190 2658 2246 factis
2676 2190 2840 2244 etiam
2866 2189 3072 2243 docuit.
3109 2189 3320 2258 Saepius
3345 2189 3511 2242 etiam

1936 2294 2197 2341 cruentas
2222 2283 2539 2339 Iudaeorum
2569 2294 2764 2333 manus
2792 2277 3109 2332 declinavit.
3160 2278 3229 2331 Et
3280 2292 3513 2347 magnus

1933 2375 2149 2439 Petrus,
2184 2374 2559 2444 apostolorum
2590 2371 2825 2441 primus,
2860 2369 3098 2424 vinculis
3145 2370 3359 2423 solutus
3407 2368 3514 2422 lle-

1932 2469 2193 2538 rodisque
2240 2467 2498 2521 manibus
2546 2465 2786 2534 elapsus,
2819 2464 2973 2518 venit
2997 2463 3062 2516 ad
3093 2463 3315 2516 domum
3348 2461 3513 2515 Joan-

1930 2561 2038 2623 nis,
2089 2559 2186 2628 qui
2241 2557 2665 2628 cognominatus
2711 2563 2799 2611 est
2848 2555 3083 2617 Marcus,
3134 2561 3191 2608 et
3237 2568 3364 2607 eum
3400 2552 3512 2607 illis

1930 2649 2357 2708 sollicitudinem
2387 2649 2674 2719 praesentia
2715 2663 2814 2702 sua
2875 2646 3167 2701 exemisset
3205 2645 3512 2700 silentium-

1929 2759 2036 2815 que
2083 2743 2429 2813 imperasset,
2490 2740 2548 2794 in
2598 2741 2762 2795 aliam
2820 2739 3044 2794 domum
3104 2753 3163 2794 se
3206 2737 3507 2802 transtulit,

1929 2837 2037 2892 hoc
2057 2844 2310 2906 satagens
2332 2843 2394 2890 ut
2426 2832 2587 2889 sedes
2624 2831 2889 2887 mutando
2927 2830 3164 2901 amplius
3215 2830 3413 2884 lateret
3461 2830 3506 2883 ⁸.

1929 2927 2044 2981 lloc
2075 2925 2441 2997 philosophiae
2482 2939 2658 2995 genus
2705 2921 2761 2976 in
2790 2921 2965 2976 veteri
2994 2922 3161 2975 etiam
3201 2920 3318 2990 lege
3354 2934 3509 2989 repe-

1927 3016 2156 3071 riemus.
2191 3016 2326 3070 Nam
2356 3023 2413 3070 et
2436 3015 2613 3069 Moses
2644 3012 2734 3068 ille
2767 3011 3186 3076 celeberrimus,
3219 3026 3344 3065 cum
3394 3009 3510 3081 pri-

254 3101 497 3171 Μωῡσῆς
528 3102 731 3163 ἐκεῖνος
774 3103 801 3154 6
868 3100 1263 3172 πολυύμνητος,
1300 3101 1491 3174 ἀνδρίᾳ
1534 3106 1600 3174 τῇ
1631 3120 1824 3175 προτε-

1931 3107 2015 3162 die
2056 3107 2274 3162 fortiter
2308 3106 2511 3177 egisset
2551 3104 2610 3159 in
2640 3103 2977 3175 .IEgyptium,
3015 3118 3078 3157 ac
3116 3101 3510 3173 postridiecze-

258 3192 387 3261 ραία
434 3191 575 3244 κατά
622 3190 715 3244 τοῦ
754 3192 1052 3257 Αἰγυπτίου
1092 3197 1438 3262 χρησάμενος
1462 3233 1477 3257 ,
1507 3189 1627 3247 εἶτα
1662 3197 1824 3263 γνοὺς

253 3284 320 3351 τῇ
380 3282 641 3353 ὑστεραίᾳ
703 3281 1003 3352 κατάδηλον
1065 3282 1156 3335 τὸν
1213 3283 1372 3351 φόνον
1428 3286 1822 3355 γεγενημένον,

253 3372 496 3443 ἀπέδρα,
537 3373 631 3424 καὶ
658 3373 866 3424 πολλῶν
889 3372 1007 3430 ὁδον
1041 3371 1300 3443 ἐξήνυσεν
1328 3372 1570 3443 ἡμερῶν,
1604 3377 1700 3429 καὶ
1728 3376 1825 3446 τὴν

251 3461 572 3516 Μαδιανῖτιν
602 3460 870 3514 κατέλαϐε
913 3458 1118 3529 χώραν.
1155 3458 1342 3525 Οὕτως
1386 3462 1573 3525 Ἠλίας
1600 3464 1630 3515 ὁ
1683 3463 1823 3517 πάνυ

251 3555 351 3617 τὰς
382 3554 480 3623 τῆς
521 3551 760 3615 Ἰεζάϐελ
793 3550 1129 3621 μεμαθηκὼς
1157 3551 1388 3613 ἀπειλὰς
1408 3590 1424 3616 ,
1458 3557 1570 3615 τοῖς
1616 3555 1825 3608 ἀνελεῖν

254 3646 600 3716 βουλομένοις
635 3644 829 3697 ἑαυτὸν
861 3643 962 3696 οὐκ
997 3642 1289 3709 ἐξέδωκεν,
1325 3644 1463 3697 ἀλλά
1510 3643 1607 3713 τὴν
1641 3646 1825 3698 οίκου-

255 3736 424 3807 μένην
467 3734 806 3800 καταλιπὼν,
858 3734 1097 3806 ἔδραμεν
1131 3737 1210 3798 εἰς
1255 3736 1356 3806 τὴν
1403 3734 1630 3806 ἔρημον.
1670 3735 1823 3790 Εἰδέ

249 3827 312 3881 τὸ
339 3828 532 3897 φυγεῖν
555 3825 664 3879 τῶν
691 3825 1074 3897 πολεμούντων
1095 3826 1195 3890 τὰς
1223 3829 1410 3898 χεῖρας
1444 3828 1593 3881 ὅσιόν
1628 3845 1690 3881 τε
1724 3829 1821 3882 καὶ

248 3916 370 3988 Θεῴ
418 3917 753 3989 προσφιλὲς,
793 3916 975 3987 πολλῷ
1006 3916 1274 3986 δήπουθεν
1303 3916 1595 3991 ὁσιώτερον
1637 3918 1700 3973 τὸ
1746 3920 1822 3990 μὴ

249 4008 540 4079 πεισθῆναι
567 4008 647 4080 τῷ
670 4007 990 4062 κελεύσαντι
1014 4008 1176 4061 αὐτὸν
1220 4009 1414 4062 ἑαυτοῦ
1440 4009 1696 4079 γενέσθαι
1724 4027 1821 4079 φο-

249 4102 364 4156 νέα.
402 4102 535 4155 Οὐδὲ
561 4101 669 4172 γὰρ
697 4105 725 4154 6
749 4101 952 4172 Κύριος
979 4096 1122 4166 εἶξεν
1153 4101 1400 4172 εἰρηκότι
1440 4101 1519 4172 τῷ
1554 4102 1818 4174 διαϐόλῳο

253 4211 274 4245 ι
311 4192 449 4245 Βάλε
482 4191 708 4245 σεαυτὸν
745 4190 952 4246 ἄνωθεν
1001 4191 1170 4247 κάτω.
1227 4208 1245 4243 ι
1290 4192 1418 4245 Ὅτε
1447 4192 1504 4246 δὲ
1543 4193 1644 4257 τὰς
1693 4194 1821 4247 Ἰου-

246 4283 439 4347 δαῖκάς
469 4283 590 4336 κατ’
619 4281 784 4335 αὐτοῦ
823 4281 1134 4336 καθώπλισε
1167 4285 1374 4355 χεῖρας,
1410 4284 1498 4338 διὰ
1546 4284 1658 4338 τῶν
1710 4304 1819 4356 μα-

252 4375 473 4442 στίγων,
517 4373 611 4427 καὶ
638 4372 749 4426 τῶν
783 4373 1037 4428 ἀκανθῶν
1060 4416 1076 4441 ,
1124 4377 1219 4429 καὶ
1248 4376 1357 4429 τῶν
1397 4378 1562 4447 ἥλων,
1597 4379 1692 4432 καὶ
1720 4380 1818 4451 τῆς

1926 3199 2051 3253 dem
2088 3214 2210 3254 esse
2240 3197 2569 3267 patefactam
2624 3195 3006 3266 comperisset,
3061 3193 3242 3266 fugam
3295 3192 3440 3252 iniit.
3488 3193 3506 3212 ‘

1925 3289 2335 3356 multorumque
2400 3288 2617 3340 dierum
2676 3287 2782 3339 iter
2831 3302 3092 3341 emensus
3136 3285 3391 3355 pervenit
3448 3284 3507 3339 in

1925 3376 2334 3432 Madianitidem
2396 3376 2676 3447 regionem
2713 3376 2776 3428 ιο.
2812 3375 2879 3428 Et
2904 3390 3131 3444 magnus
3155 3375 3322 3438 Elias,
3347 3374 3507 3428 Ieza-

1925 3468 2063 3523 belis
2095 3469 2272 3523 minas
2294 3484 2419 3523 cum
2459 3467 2761 3529 didicisset,
2813 3466 2880 3520 iis
2913 3467 3008 3535 qui
3053 3466 3304 3520 occidere
3355 3467 3508 3520 vole-

1924 3560 2058 3615 bant
2107 3558 2319 3630 1064
2371 3558 2611 3628 seipsum
2652 3574 2762 3612 non
2806 3558 3051 3621 tradidit,
3091 3557 3186 3612 sed
3216 3557 3504 3610 habitabili

1924 3652 2133 3716 relicta,
2158 3650 2298 3721 fugit
2328 3651 2384 3705 in
2417 3650 2773 3706 solitudinem
2808 3651 2871 3705 ι’.
2897 3649 3054 3716 Quod
3086 3649 3133 3704 si
3165 3664 3504 3719 persequen-

1925 3745 2062 3799 tium
2119 3758 2317 3798 manus
2372 3742 2614 3814 eﬂ'ugcre
2661 3750 2913 3797 sanctum
2963 3744 3186 3813 Dcoque
3215 3749 3503 3811 acceptum

1908 3842 2028 3900 ,est,
2075 3834 2250 3890 multo
2285 3832 2477 3904 utique
2517 3834 2761 3890 sanctius
2780 3835 2832 3892 ei
2869 3835 2963 3907 qui
2994 3835 3081 3891 sui
3109 3834 3283 3905 ipsius
3316 3834 3502 3889 homi-

1923 3927 2099 3983 cidam
2127 3941 2251 3982 esse
2288 3925 2519 3981 suadeat
2548 3942 2660 3981 non
2698 3927 2952 3997 obsequi.
2992 3927 3180 3997 Neque
3203 3927 3353 3982 enim
3377 3941 3501 3981 ces-

1922 4018 1994 4073 sit
2014 4016 2280 4072 Dominus
2299 4015 2521 4071 diabolo
2537 4015 2743 4072 dicenti
2774 4032 2787 4070 :
2822 4034 2840 4067 (
2864 4015 3016 4071 Mitte
3039 4023 3091 4071 te
3112 4016 3368 4071 deorsum
3391 4017 3454 4069 η.
3473 4034 3492 4068 ι

1920 4109 1991 4164 Et
2014 4107 2238 4179 quando
2264 4106 2521 4163 Judaicas
2544 4106 2602 4161 in
2621 4121 2749 4161 eum
2772 4122 2968 4161 manus
2987 4106 3223 4161 armavit
3247 4105 3495 4178 ﬂagellis,

1919 4208 1977 4256 et
2005 4200 2200 4271 spinis,
2230 4207 2289 4255 et
2316 4199 2507 4264 clavis,
2537 4206 2870 4269 preperante
2897 4207 3155 4253 creatura
3181 4199 3365 4268 impiis
3388 4197 3499 4252 illis

1920 4292 2149 4348 exitium
2179 4290 2406 4355 inferre,
2437 4290 2555 4361 ipse
2582 4299 2839 4360 tanquam
2871 4290 3139 4345 Dominus
3187 4288 3493 4359 prohibuit,

1919 4384 2231 4455 passionem
2293 4397 2446 4436 suam
2497 4380 2681 4437 sciens
2730 4383 2940 4438 mundo
2997 4396 3119 4438 esse
3180 4374 3493 4436 salutarem.

248 4464 480 4528 κτίσεως
511 4464 875 4534 ἐπειγομένης
916 4469 1031 4527 τοῖς
1055 4465 1356 4538 ἁλιτηρίοις
1394 4470 1624 4532 ἐκείνοις
1674 4489 1814 4524 παν-

1931 4480 2213 4550 Pmpterea
2259 4476 2363 4531 sub
2419 4476 2591 4546 ipsam
2645 4476 2955 4545 passionem
3003 4473 3267 4545 apostolis
3307 4472 3491 4527 dixit:

242 4554 510 4626 ωλεθρίαν
543 4556 863 4624 ἐπαγαγεῖν,
897 4554 1058 4618 αὐτὸς
1090 4555 1164 4619 ὡς
1206 4558 1483 4627 Δεσπότης
1522 4558 1816 4627 ἐκώλυσεν,

249 4644 403 4708 εἰδὼς
436 4644 497 4697 τὸ
523 4646 693 4711 πάθος
738 4645 815 4716 τῷ
871 4645 1062 4717 κόσμῳ
1095 4648 1381 4718 σωτήριον.
1422 4646 1522 4701 Διά
1548 4667 1632 4704 τοι
1659 4652 1821 4707 τοῦτο

247 4739 344 4792 καὶ
366 4754 440 4790 πα
449 4737 517 4807 ρά
535 4737 595 4790 τὸ
614 4738 780 4802 πάθος
794 4742 908 4803 τοῖς
930 4739 1249 4802 ἀποστόλοις
1265 4739 1449 4808 ἔλεγεν
1472 4757 1486 4771 ’
1517 4758 1537 4792 ι
1574 4742 1816 4809 Εὔξασθε

250 4831 326 4902 μὴ
356 4829 616 4885 εἰσελθεῖν
642 4833 726 4895 εἰς
760 4833 1089 4903 πειρασμόν.
1128 4852 1148 4886 ι
1180 4833 1289 4887 Kal.
1319 4836 1466 4905 ἡμᾶς
1495 4835 1673 4905 λέγειν
1706 4838 1818 4899 ἐδί-

245 4922 402 4988 δαξεν
422 4940 435 4951 ·
473 4942 491 4976 ι
526 4924 635 4983 Καὶ
659 4923 734 4995 μὴ
765 4924 1082 4997 εἰσενέγκῃς
1105 4926 1252 4996 ἡμᾶς
1275 4928 1355 4991 εἰς
1389 4928 1712 5000 πειρασμόν.
1753 4949 1772 4982 ι

316 5016 899 5088 Μετασχηματίσωμεν
935 5018 990 5072 δὲ
1011 5056 1027 5081 ,
1052 5019 1102 5072 εί
1138 5018 1325 5085 δοκεῖ,
1359 5020 1534 5091 μικρὰ
1563 5038 1686 5075 τινα
1719 5021 1815 5077 τοῦ

247 5106 455 5177 προϐλή
465 5124 653 5177 ματος,
698 5109 791 5160 καὶ
819 5108 1149 5183 σαφέστερον
1180 5109 1535 5182 μαθησόμεθα
1557 5112 1655 5185 τὴν
1682 5114 1817 5182 ἀλή-

246 5197 429 5251 θειαν·
462 5199 555 5251 καὶ
583 5199 906 5269 ἀφελόμενοι
935 5200 1031 5255 τοῦ
1064 5201 1221 5270 λόγου
1247 5203 1348 5275 τὴν
1379 5203 1671 5271 θάλατταν,
1703 5206 1818 5276 φῶ-

249 5307 347 5358 μεν
389 5288 536 5359 ξίφος
585 5292 887 5362 ἐγχειρίσαι
936 5293 1029 5346 τὸν
1084 5294 1342 5368 δικαστὴν
1398 5297 1655 5369 ἐκατέρῳ
1704 5299 1814 5351 τῶν

244 5380 516 5451 ἀθλητῶν,
547 5383 642 5435 καὶ
667 5382 975 5453 προστάξαι
1002 5384 1095 5437 τὸν
1121 5386 1220 5440 οὐκ
1266 5388 1596 5458 ἀνεχόμενον
1626 5389 1808 5456 θῦσαι,

243 5470 342 5543 τὴν
372 5472 581 5526 οἰκείαν
609 5475 866 5544 ἐκτεμεῖν
894 5475 1138 5545 κεφαλήν
1157 5494 1171 5509 ·
1199 5478 1283 5543 τίς
1309 5475 1403 5535 οὖν
1428 5481 1536 5553 ἄρα
1578 5480 1638 5537 εὖ
1683 5501 1816 5554 φρο.

316 5608 336 5681 ξ
384 5607 600 5681 Μειιιιη
631 5625 685 5674 x,
741 5610 832 5666 25.
943 5612 964 5644 ⁵
1004 5612 1049 5667 ll
1088 5611 1215 5667 Cor.
1266 5631 1323 5681 ιι,
1365 5616 1454 5671 5'5.

241 5678 420 5751 ξᾼςι.
461 5695 555 5742 xu,
581 5679 648 5751 l2
682 5695 856 5751 seqq.
940 5684 983 5717 ιο
1008 5684 1177 5740 Exod,
1242 5678 1317 5751 ιη
1357 5688 1441 5742 ιε),

243 5689 431 5775 Lact;
461 5695 555 5775 xit,
581 5689 648 5775 1‘2
682 5695 856 5751 seqq.
940 5689 983 5717 ¹⁰
1008 5689 1177 5740 Exod.
1242 5701 1299 5751 ιι,
1357 5689 1441 5742 15.
1548 5689 1588 5721 ¹¹
1624 5690 1692 5745 Ill
1717 5691 1849 5763 Reg.

266 5750 287 5782 ‘
315 5749 452 5809 Luc.
490 5764 564 5816 xl,
594 5750 645 5805 4.

1558 5620 1579 5651 ⁸
1604 5620 1725 5675 Act.
1766 5638 1919 5688 nni,
1971 5621 2033 5688 6;
2067 5637 2197 5682 χχιι,
2229 5616 2318 5671 25.

1929 4588 1946 4623 ι
1983 4568 2148 4625 Orate
2170 4575 2230 4622 ut
2252 4581 2362 4622 non
2405 4566 2625 4621 intretis
2654 4566 2710 4620 in
2744 4567 3106 4621 tentationem
3134 4564 3198 4617 ¹³.
3235 4581 3255 4614 ι
3292 4563 3362 4617 Ει
3392 4577 3496 4616 nos

1921 4662 2108 4718 dicere
2143 4660 2333 4717 docuit
2375 4676 2390 4713 :
2428 4677 2445 4710 ι
2475 4659 2545 4713 Ει
2579 4673 2649 4714 ne
2693 4673 2797 4713 nos
2824 4658 3056 4714 inducas
3118 4656 3177 4711 in
3240 4654 3498 4710 tentatio-

1921 4767 2048 4808 nem
2083 4752 2147 4804 “.
2182 4769 2202 4802 ι

1991 5030 2406 5087 Commutemus
2431 5034 2639 5089 autem,
2677 5024 2725 5080 si
2769 5023 2971 5094 placet,
3024 5035 3196 5092 pauca
3242 5019 3494 5090 quaedam

1921 5121 1980 5176 in
2026 5117 2306 5192 proposita
2343 5118 2670 5188 quastione,
2705 5123 2763 5172 et
2803 5115 3094 5169 veritatem
3119 5121 3364 5184 apertius
3395 5126 3493 5166 co-

1922 5225 2298 5283 gnoscemus:
2354 5223 2440 5273 ac,
2464 5207 2635 5262 maris
2682 5204 2905 5261 nomine
2959 5203 3200 5269 sublato,
3245 5203 3494 5260 dicamus

1913 5302 2161 5373 judicem
2211 5298 2454 5370 gladium
2507 5298 2728 5368 utrique
2771 5296 2989 5352 athletae
3046 5297 3380 5367 porrexisse,
3429 5308 3495 5350 ac

1914 5393 2169 5467 iussisse,
2220 5399 2282 5445 ut
2312 5389 2407 5460 qui
2439 5388 2751 5444 sacrificare
2779 5388 2972 5454 nollet,
3006 5402 3167 5443 suum
3198 5386 3303 5442 sibi
3330 5393 3495 5456 caput

1921 5490 2232 5555 amputaret
2261 5499 2274 5536 :
2311 5480 2437 5551 quis
2462 5481 2574 5551 jam
2597 5480 2798 5535 mentis
2823 5495 3050 5550 compos
3071 5479 3338 5534 sustineat
3360 5492 3492 5548 pro.

2414 5615 2435 5647 ⁷
2485 5614 2607 5669 Act.
2644 5629 2768 5677 xxv,
2820 5612 2907 5668 10.
3004 5612 3027 5644 ⁸
3057 5611 3181 5666 Act.
3220 5625 3368 5675 xxm,
3400 5608 3487 5664 16.

1910 5678 2032 5756 im;
2091 5693 2112 5744 1
2159 5678 2311 5759 seqq.
2392 5686 2434 5718 “
2466 5684 2653 5743 Matth.
2687 5700 2759 5751 ιν,
2787 5684 2839 5740 6.
2919 5682 2962 5714 ¹⁸
2989 5682 3177 5736 Matth.
3208 5696 3350 5745 xxvi,
3394 5678 3485 5734 41.
