3924 6192
492 295 626 361 1179

1490 292 1956 354 THEODORETI
1996 287 2331 349 EPISCOPI
2370 286 2733 352 CYRENSIS

3577 284 3692 351 1180

486 409 611 477 prio
656 408 919 477 sanguine
974 414 1261 461 cruentare
1314 406 1617 472 dexteram,
1664 404 1859 474 suique
1892 401 2062 472 ipsius

2175 400 2269 454 νῶν
2297 400 2554 471 ἠνέσχετο
2590 403 2657 455 ἂν
2689 401 2881 471 αἵματι
2917 399 3105 471 οἰκείῳ
3145 398 3378 467 φοινίξαι
3398 396 3493 466 τὴν
3520 396 3689 462 δεξιὰν,

487 499 805 556 carniﬁcem
840 500 976 564 ﬁeri,
1014 509 1070 554 et
1106 500 1381 553 inimicam
1421 513 1644 552 manum
1686 496 1938 560 reddere,
1981 503 2061 547 at-

487 608 598 662 que
658 592 849 661 iniqua
895 591 1111 661 jubenti
1161 590 1332 662 judici
1386 590 1626 659 parere?
1670 588 1838 642 Multo
1898 586 2062 657 igitur

487 683 652 737 laude
704 682 922 751 dignior
969 690 1054 735 est
1115 681 1411 735 secundus.
1467 681 1710 735 Priorem
1756 678 1904 731 enim
1946 677 2061 731 sola

489 774 839 828 commendat
879 772 1051 826 animi
1103 773 1358 827 alacritas
1386 790 1399 825 :
1432 772 1668 825 alterum
1698 786 1831 825 vero
1863 777 2062 838 praeter

488 864 829 919 alacritatem
870 873 1031 918 ornat
1080 865 1295 919 consilii
1350 863 1643 919 rectitudo.
1694 862 1819 916 Haec
1838 876 1939 930 ego
1962 874 2061 929 pro

488 956 616 1009 data
648 956 783 1009 mihi
820 956 1065 1011 scientia:
1090 972 1347 1011 mensura
1381 954 1700 1027 dijudicavi.
1733 954 1783 1008 ls
1811 968 1943 1007 vero
1966 950 2061 1020 qui

487 1057 544 1101 et
566 1062 655 1102 res
682 1056 739 1103 et
767 1047 1125 1119 cogitationes
1158 1049 1304 1101 clare
1345 1048 1516 1110 novit,
1555 1046 1611 1100 in
1643 1046 1732 1099 die
1763 1043 2061 1116 apparitio-

489 1139 574 1193 nis
598 1138 851 1195 ostendet
881 1149 1004 1194 uter
1033 1140 1337 1194 consultius
1370 1136 1780 1193 deliberaverit.

874 1436 1081 1506 1065
1112 1437 1199 1491 IV.
1230 1466 1299 1475 —
1324 1435 1674 1490 Ileortastica.

560 1549 881 1604 Animarum
908 1565 1311 1619 corporumque
1334 1549 1598 1604 Conditor
1621 1550 1838 1619 utrique
1858 1557 2070 1605 natura

493 1640 779 1695 commoda
809 1641 1037 1709 largitus
1065 1650 1166 1702 est,
1217 1651 1379 1710 atque
1405 1657 1512 1694 una
1540 1656 1641 1695 nos
1666 1651 1721 1696 et
1747 1650 1984 1695 mentem
2013 1648 2068 1695 et

2163 493 2256 544 καὶ
2283 492 2475 562 δήμιος
2502 492 2693 545 ἑαυτοῦ
2723 490 2996 560 γενέσθαι,
3038 490 3129 543 καὶ
3161 488 3421 558 πολεμίαν
3454 487 3693 556 ἀποφῆναι

2161 583 2259 654 τήν
2301 587 2487 654 χεῖρα,
2536 586 2631 638 καὶ
2674 581 2814 650 εἶξαι
2851 583 2930 653 τῷ
2972 581 3271 653 παρανόμῳ
3302 580 3602 634 κελεύσαντι
3628 582 3693 634 δι-

2163 678 2335 745 καστῇ
2357 692 2371 736 ;
2396 674 2583 745 Πολλῷ
2619 673 2908 744 τοιγαροῦν
2934 676 2962 726 6
2985 672 3232 742 δεύτερος
3258 670 3692 740 ἀξιαγαστὸτερος.

2165 764 2254 834 Τῷ
2289 765 2538 836 προτέρῳ
2580 767 2678 834 μὲν
2718 764 2828 835 γὰρ
2870 766 2901 834 ή
2951 762 3229 833 προθυμία
3263 760 3401 831 μόνη
3432 761 3694 830 προσφέρει

2162 857 2262 926 τήν
2284 856 2578 925 εὐφημίαν,
2602 855 2694 908 τὸν
2720 856 2774 909 δὲ
2802 855 3050 925 δεύτερον
3084 851 3217 922 πρὸς
3238 854 3307 921 τῇ
3335 850 3599 921 προθυμίᾳ
3619 852 3691 902 καὶ

2164 950 2198 1017 ή
2236 946 2483 1000 εὐϐουλία
2507 944 2719 1017 κοσμεῖ.
2760 948 2944 999 Ταῦτα
2974 944 3085 1014 ἐγὼ
3130 943 3227 1015 μὲν
3261 942 3398 1013 πρὸς
3426 942 3485 993 τὸ
3512 940 3693 1010 δεδομέ-

2163 1056 2255 1092 νον
2281 1038 2383 1107 τῆς
2425 1038 2679 1107 γνώσεως
2709 1039 2902 1109 μέτρον
2923 1037 3164 1106 διέκρινα
3184 1051 3197 1064 ·
3222 1034 3251 1087 ὀ
3274 1034 3333 1087 δὲ
3348 1033 3443 1084 καὶ
3465 1031 3531 1083 τὰ
3551 1033 3691 1102 πράγ-

2168 1150 2314 1202 ματα
2348 1132 2442 1185 καὶ
2467 1132 2536 1184 τὰ
2573 1131 2935 1201 ἐνθυμήματα
2962 1130 3148 1197 σαφῶς
3175 1127 3555 1196 ἐπιστάμενος,
3578 1125 3689 1194 ὲντῇ

2164 1222 2261 1289 τῆς
2295 1221 2614 1289 ἐπιφανείας
2649 1219 2832 1291 ἡμέρᾳ
2862 1218 3028 1283 δείξει
3060 1219 3151 1271 τὸν
3195 1216 3418 1288 ἄμεινον
3447 1214 3691 1284 βουλευσάε

2170 1328 2353 1381 μενον.

2638 1430 2710 1481 Δ’.
2731 1456 2803 1466 -
2839 1421 3243 1493 Ἑορταστική.

2248 1544 2305 1598 '0
2330 1542 2515 1613 ψυχῶν
2545 1542 2639 1594 καί
2668 1540 2938 1611 σωμάτων
2982 1538 3327 1607 Δημιουργὸς
3365 1533 3584 1603 ἑκατέρᾳ
3615 1533 3693 1601 φύε

2172 1653 2252 1688 σει
2283 1635 2352 1687 τὰ
2381 1634 2665 1703 πρόσφορα
2694 1630 2915 1695 δέδωκε,
2951 1628 3046 1682 καὶ
3079 1629 3221 1679 κατά
3247 1625 3442 1678 ταυτὸν
3479 1626 3605 1693 ἡμᾶς
3624 1624 3693 1674 καί

495 1746 715 1785 sensum
747 1732 1099 1799 pascentibus
1124 1733 1281 1786 bonis
1305 1734 1624 1787 cumulavit.
1673 1733 1809 1787 Cum
1835 1734 2067 1788 sanctis-

2175 1731 2283 1790 τοῖς
2313 1729 2525 1796 νοητοῖς
2548 1722 2831 1793 αἰσθητοῖς
2857 1720 3153 1772 ἐπέκλυσεν
3185 1715 3430 1783 ἀγαθοῖς.
3454 1714 3591 1810 Μετὰ
3610 1714 3693 1782 γὰρ

493 1823 631 1877 simo
652 1823 798 1876 enim
820 1823 957 1876 festo
981 1823 1220 1891 pluviam
1241 1839 1458 1893 quoque
1477 1824 1874 1892 optatissimam
1891 1824 2062 1887 dedit,

494 1920 554 1963 ut
586 1912 822 1965 tristitia:
844 1927 1069 1965 vacuam
1099 1913 1354 1967 redderet
1377 1913 1915 1985 celebritatem.Nos
1937 1930 2066 1968 vero

496 2000 814 2056 muniﬁcum
868 2002 1156 2057 laudantes
1200 2004 1491 2057 Dominum
1515 2045 1528 2067 ,
1566 2005 1789 2060 festivas
1819 2006 1886 2060 de
1915 2021 2066 2060 more

493 2089 704 2144 litteras
756 2091 1079 2156 scribimus,
1142 2102 1399 2162 tuamque
1443 2095 1746 2149 salutantes
1785 2095 2062 2164 pietatem,

494 2181 807 2235 orationum
833 2184 1094 2238 auxilium
1129 2184 1499 2255 deposcimus.

1006 2405 1067 2459 V.
1105 2437 1173 2445 —
1204 2407 1556 2461 Hcortastica.

564 2517 668 2583 Qui
700 2532 800 2572 nos
829 2518 979 2573 curis
1006 2519 1409 2589 angoribusque
1443 2528 1569 2588 post
1595 2529 1879 2589 peccatum
1908 2519 2065 2573 addi-

499 2608 573 2663 xit
622 2609 876 2664 conditor
919 2609 1088 2673 Deus,
1142 2611 1531 2665 consolationis
1557 2611 1876 2665 occasiones
1908 2611 2068 2665 nobis

496 2701 868 2771 suppeditavit
915 2701 1127 2757 divinas
1160 2703 1516 2772 interponens
1558 2703 1901 2759 festivitates.
1957 2705 2065 2759 Ha-

499 2807 618 2844 rum
645 2792 793 2846 enim
819 2798 1139 2862 argumenta
1172 2800 1227 2845 et
1249 2807 1507 2847 concessa
1536 2793 1698 2847 nobis
1724 2810 1753 2847 a
1776 2795 1888 2849 Deo
1909 2794 2069 2849 bene-

500 2881 621 2935 licia
671 2882 727 2935 in
770 2891 1009 2937 mentem
1056 2892 1344 2950 revocant,
1403 2892 1458 2937 et
1499 2884 1798 2953 perfectam
1828 2885 2067 2939 tristium

497 2974 745 3026 omnium
796 2973 1178 3026 liberationem
1221 2972 1565 3026 denuntiant.
1626 2974 1723 3027 llis
1760 2974 1920 3027 bonis
1956 2975 2068 3043 jam

499 3077 648 3115 nunc
674 3062 940 3125 fruentes,
969 3062 1420 3133 abundantesque
1444 3064 1632 3118 lzctitia
1652 3106 1666 3130 ,
1714 3064 2069 3135 magniﬁcen-
2098 3102 2140 3161 ο

502 3151 633 3203 tiam
666 3158 814 3204 tuam
850 3152 1172 3217 salutamus,
1205 3162 1261 3207 et
1288 3154 1563 3219 amicitiae,
1601 3163 1661 3209 ut
1686 3155 1809 3211 festi
1831 3158 1917 3211 lex
1942 3172 2070 3225 pos-

503 3241 660 3306 tulat,
692 3240 871 3298 oﬂicio
893 3244 1294 3314 perfungimur.

998 3447 1082 3502 Vl.
1110 3479 1177 3487 —
1212 3448 1558 3505 Heertastica.

464 3592 485 3609 ι
569 3559 852 3614 Concessit
876 3560 1036 3615 nobis
1057 3561 1327 3633 benignus
1349 3564 1635 3630 Dominus,
1658 3579 1717 3621 ut
1733 3582 1858 3621 cum
1870 3566 2073 3624 Christi

501 3652 736 3705 amantis
762 3652 948 3720 populi
975 3652 1253 3709 alacritate
1275 3654 1515 3709 divinam
1537 3666 1593 3711 et
1613 3658 1907 3713 salutarem
1926 3659 2079 3713 festi-

503 3742 729 3796 vitatem
762 3758 1168 3813 perageremus,
1204 3746 1617 3817 spiritualisque
1645 3765 1714 3803 ex
1736 3764 1799 3803 ea
1824 3750 2076 3806 utilitatis

502 3833 717 3889 fruetus
743 3850 1082 3903 caperemus.
1136 3839 1314 3902 Quare
1344 3847 1448 3892 tuae
1477 3854 1606 3909 erga
1626 3856 1727 3895 nos
1749 3841 1970 3910 pietatis
1994 3842 2074 3895 af-

503 3925 707 3979 fectum
738 3942 1058 3995 agnoscens,
1110 3929 1213 3983 hac
1241 3928 1308 3983 de
1332 3946 1389 3985 re
1418 3942 1631 3985 certum
1661 3941 1712 3987 te
1744 3948 1842 4003 per
1866 3934 2075 3989 litteras

504 4016 667 4070 facio.
722 4017 997 4072 La:tantur
1036 4021 1184 4074 enim
1235 4021 1329 4092 qui
1356 4038 1484 4092 erga
1514 4023 1727 4093 aliquos
1773 4025 1913 4079 bene
1948 4034 2077 4079 sunt

505 4105 713 4175 aﬂ'ecti,
748 4124 871 4163 cum
903 4111 969 4165 de
997 4111 1108 4166 illis
1134 4112 1244 4167 laeti
1269 4113 1550 4182 quidpiam
1579 4115 1911 4170 audiverim.

892 4313 1104 4383 1066
1136 4313 1248 4369 VII.
1282 4343 1353 4353 -—-
1386 4313 1687 4369 Theonillw.

2172 1819 2236 1888 δὴ
2260 1821 2359 1888 τῆς
2400 1813 2677 1883 παναγοῦς
2710 1812 2900 1883 ἑορτῆς
2933 1810 3024 1863 καλ⁴
3049 1809 3138 1862 τὸν
3175 1806 3499 1877 τριπόθητον
3537 1805 3691 1857 ἔδωκεν

2174 1908 2347 1971 ὐετὸν,
2374 1906 2460 1957 ἵνα
2487 1902 2731 1974 καθαρὰν
2760 1901 2999 1971 ἀθυμίας
3016 1901 3113 1969 τὴν
3135 1900 3441 1968 πανήγυριν
3464 1897 3689 1963 ἀποφήνῃ.

2183 1998 2374 2066 Ἡμεῖς
2405 1995 2461 2048 δὲ
2511 1994 2601 2046 τὸν
2641 1990 3020 2062 μεγαλόδωρον
3066 1989 3410 2060 ὑμνήσαντες
3443 1984 3690 2051 Δεσπότην,

2174 2091 2288 2150 τοῖς
2348 2086 2723 2156 ὲορταστικοῖς
2768 2080 3013 2152 συνήθως
3065 2076 3387 2149 κεχρήμεθα
3429 2074 3689 2147 γράμμασι,

2174 2180 2268 2231 καὶ
2299 2176 2397 2247 τὴν
2444 2176 2542 2247 σὴν
2586 2173 2897 2227 θεοσέϐειαν
2941 2169 3469 2242 προσφθεγγόμενοι,
3502 2166 3585 2234 τὴν
3612 2164 3690 2217 ἀπὸ

2174 2271 2280 2323 τῶν
2308 2269 2624 2341 προσευχῶν
2648 2266 2906 2336 αἰτοῦμεν
2939 2262 3206 2335 βοήθειαν.

2648 2402 2723 2455 Ε’.
2752 2431 2821 2441 --
2861 2398 3242 2467 Ἑορταστική
3262 2441 3281 2457 ,

2243 2514 2523 2586 Φροντίσιν
2574 2515 2720 2585 ήμᾶς
2756 2513 2851 2566 καὶ
2899 2512 3096 2573 λύπαις
3142 2512 3285 2581 μετά
3328 2509 3422 2580 τὴν
3468 2506 3688 2577 ἁμαρτίαν

2177 2607 2437 2672 συζεύξας
2472 2607 2501 2659 6
2538 2606 2947 2676 δημιουργήσας
2980 2605 3132 2667 Θεὸς,
3168 2602 3443 2673 παρέσχεν
3465 2603 3578 2671 ήμῖν
3610 2617 3687 2651 παρ

2180 2700 2425 2771 ραψυχῆς
2453 2699 2706 2769 ἀφορμὰς
2739 2699 2837 2761 τὰς
2872 2698 3022 2761 θείας
3046 2699 3103 2750 ὲν
3137 2697 3297 2766 μέσῳ
3338 2693 3577 2755 τεθεικὼς
3596 2694 3685 2762 sop-
3782 2772 3783 2777 ‘

2175 2793 2291 2854 τάς.
2325 2793 2390 2843 At
2432 2790 2541 2859 γὰρ
2578 2790 2786 2841 τούτων
2822 2788 3109 2851 ὑποθέσεις
3153 2787 3251 2840 καὶ
3305 2787 3407 2838 τῶν
3453 2784 3685 2836 θεοσδότων

2177 2886 2323 2955 ἡμᾶς
2349 2883 2824 2955 ἀναμιμνήσκουσι
2854 2880 3093 2950 δωρεῶν,
3120 2880 3211 2932 καὶ
3241 2879 3344 2949 τὴν
3378 2877 3587 2945 παντελῆ
3608 2875 3685 2926 τῶν

2177 2975 2419 3046 ἀνιαρῶν
2459 2975 2837 3045 προμηνύουσι
2886 2973 3058 3025 λύσιν.
3113 2971 3335 3024 Τούτων
3393 2971 3489 3022 τῶν
3516 2968 3683 3035 ἀγαθῶν

2178 3068 2272 3121 καὶ
2297 3066 2393 3120 νῦν
2422 3065 2854 3129 ἀπολαύσαντες,
2878 3066 2969 3118 καὶ
2996 3064 3265 3134 θυμηδίας
3290 3061 3681 3130 ἀναπλησθέντες,

2177 3156 2274 3227 τὴν
2304 3156 2400 3228 σὴν
2451 3155 2929 3227 μεγαλοπρέπειαν
2970 3153 3483 3223 προσφθεγγόμεθα,
3511 3154 3589 3204 καὶ
3614 3149 3682 3215 τῆς

2177 3250 2363 3319 φιλίας
2398 3249 2460 3301 τὸ
2513 3248 2713 3319 μέτρον
2771 3248 3054 3316 ὲκτίνομεν
3106 3245 3250 3298 κατά
3305 3246 3392 3298 τὸν
3435 3244 3572 3312 νόμον
3614 3241 3681 3307 τῆς

2178 3342 2388 3415 ἑορτῆς.

2646 3455 2736 3519 ς’.
2770 3482 2837 3492 --
2878 3451 3293 3519 Ἐορταστική.

2251 3564 2533 3635 Παρέσχεν
2562 3564 2693 3634 ήμῖν
2716 3563 2744 3614 6
2775 3562 3158 3633 φιλάνθρωπος
3182 3560 3455 3629 Δεσπότης
3479 3556 3592 3628 μετά
3611 3554 3679 3621 τῆς

2176 3656 2270 3709 τοῦ
2299 3656 2641 3726 φιλοχρίστου
2668 3654 2800 3707 λαοῦ
2820 3652 3127 3725 προθυμίας
3153 3651 3554 3719 ὲπιτελέσαιτὴν
3574 3648 3677 3713 θείαν

2179 3748 2273 3799 καὶ
2323 3749 2589 3817 σωτήριον
2636 3747 2867 3816 ἑορτὴν,
2911 3745 3003 3798 καὶ
3044 3744 3172 3807 τοὺς
3227 3744 3332 3813 τῆς
3381 3737 3677 3810 πνευματικῆς

2178 3836 2443 3908 ὡφελείας
2501 3836 2560 3900 ἐξ
2610 3837 2780 3906 αὐτῆς
2821 3839 3093 3907 τρυγῆσαι
3137 3834 3405 3905 καρπούς.
3448 3832 3545 3897 Τὴν
3589 3826 3678 3895 περὶ

2177 3930 2324 3998 ἡμᾶς
2349 3928 2527 3980 τοίνυν
2560 3926 2797 3979 διάθεσιν
2823 3930 2921 3998 τῆς
2951 3927 3047 3995 σῆς
3072 3926 3361 3987 εὐλαϐείας
3391 3922 3543 3984 εἰδὼς,
3566 3919 3675 3985 δῆλον

2181 4021 2320 4089 αὐτῇ
2352 4018 2443 4072 διὰ
2484 4017 2831 4089 γραμμάτων
2879 4016 3040 4069 τοῦτο
3076 4016 3230 4069 ποιῶ.
3265 4016 3505 4069 ’Ἤδονται
3532 4011 3613 4079 γὰρ
3642 4006 3673 4057 οἱ

2179 4107 2237 4162 εὖ
2274 4110 2401 4178 περί
2447 4126 2598 4173 τινας
2638 4108 2987 4178 διακείμενοι,
3023 4110 3149 4162 ὅταν
3194 4126 3247 4160 τι
3292 4110 3416 4178 περὶ
3441 4105 3589 4160 αὐτῶν
3610 4101 3674 4152 θυ-

2183 4202 2353 4272 μῆρες
2384 4201 2717 4260 ἀκούσωσιν,

2702 4317 2774 4367 Ζ’.
2812 4344 2880 4353 -
2915 4315 3226 4381 Θεονίλλῃ.

576 4427 694 4482 Jam
739 4427 952 4496 pridem
1012 4429 1393 4499 scripsissem,
1456 4430 1501 4484 si
1544 4430 1757 4500 pridem
1796 4433 2071 4503 cognitum

2251 4427 2427 4482 Πάλαι
2456 4426 2523 4480 ἂν
2557 4426 2903 4494 ὲγεγράφειν,
2938 4426 2987 4477 εί
3032 4423 3201 4477 πάλαι
3241 4421 3490 4491 ἐγνώκειν
3514 4420 3592 4487 τὴν
3619 4431 3676 4467 τε·

507 4518 821 4574 habuissem
851 4518 1063 4572 obitum
1112 4519 1638 4590 magniﬁcentissimi
1673 4523 1920 4593 conjugis
1952 4540 2077 4593 gra-

504 4610 691 4664 vitatis
719 4619 843 4665 tuze.
875 4610 1033 4664 Nunc
1058 4626 1189 4665 vero
1216 4612 1420 4676 scribo,
1448 4628 1559 4667 non
1592 4620 1652 4666 ut
1675 4614 1910 4669 tristitiae
1930 4630 2081 4669 acer-

508 4701 735 4756 bitatem
768 4702 953 4756 verbis
977 4703 1359 4758 consolatoriis
1382 4704 1663 4759 deliniam.
1706 4705 1778 4759 lis
1802 4706 1948 4759 enim
1986 4707 2077 4775 qui

508 4793 885 4863 philosophari
932 4803 1172 4862 norunt,
1228 4796 1464 4865 vitaeque
1504 4797 1669 4866 hujus
1708 4797 2079 4852 conditionem

509 4884 844 4952 exploratam
888 4884 1128 4949 habent,
1183 4884 1380 4940 sufﬁcit
1429 4886 1497 4939 ad
1531 4886 1797 4940 sedandas
1826 4888 2080 4941 maeroris

510 4981 860 5042 tempestates
884 4974 999 5028 sola
1028 4974 1302 5045 cogitatio.
1333 4975 1488 5041 Quod
1511 4976 1557 5030 si
1588 4976 1905 5030 diuturnam
1931 4978 2076 5031 illam

511 5064 966 5119 consuetudinem
1004 5065 1343 5132 memineris,
1391 5067 1491 5120 ista
1522 5065 1736 5120 divinas
1760 5067 1906 5135 leges
1928 5083 2077 5122 eom-

511 5164 813 5219 memorat,
868 5156 1233 5228 lacrymisque
1270 5158 1417 5213 illius
1442 5158 1739 5230 (maeroris)
1767 5161 1991 5229 opponit
2025 5169 2081 5215 et

511 5255 719 5302 natura
743 5262 963 5301 cursum
986 5288 999 5310 ,
1058 5256 1111 5301 et
1137 5249 1231 5302 Dei
1256 5249 1539 5303 decretum
1562 5290 1576 5315 ,
1629 5259 1683 5304 et
1711 5260 1862 5320 spem
1892 5267 2079 5306 resur-

512 5338 791 5392 rectionis.
850 5337 1093 5404 Quorum
1122 5353 1223 5409 ego
1258 5356 1367 5393 non
1400 5340 1641 5410 ignarus,
1679 5342 1866 5396 multis
1899 5343 2081 5398 verbis

511 5442 649 5496 opus
676 5444 785 5481 non
812 5428 1009 5482 habeo.
1047 5428 1249 5483 Hortor
1270 5439 1483 5483 tantum
1518 5440 1575 5484 ut
1604 5432 1948 5502 phiIOSOphia
1979 5450 2077 5503 op-

514 5528 747 5587 portune
797 5521 1007 5585 utaris,
1068 5530 1123 5574 et
1166 5521 1410 5576 defuncti
1446 5532 1676 5577 mortem
1717 5524 1929 5594 longam
1959 5540 2078 5579 esse

511 5609 1007 5679 peregrinationem
1029 5620 1257 5677 statuas,
1276 5616 1483 5683 Deique
1504 5632 1566 5671 ac
1582 5617 1888 5671 Servatoris
1908 5619 2076 5672 nostri

513 5699 783 5768 promissa
819 5708 1117 5767 exspectes.
1158 5704 1366 5771 Expers
1387 5707 1532 5759 enim
1558 5716 1639 5759 est
1672 5708 1937 5761 mendacii
1983 5711 2077 5777 qui

2178 4518 2373 4586 λευτὴν
2404 4514 2497 4569 τοῦ
2546 4513 3140 4585 μεγαλοπρεπεστάτου
3177 4512 3279 4581 τῆς
3312 4516 3411 4581 σῆς
3440 4522 3674 4579 σεμνοπρε-

2179 4609 2339 4670 πείας
2368 4605 2659 4677 ὁμοζύγου.
2695 4605 2805 4658 Καὶ
2832 4604 2926 4658 νῦν
2948 4604 3005 4657 δὲ
3029 4604 3246 4673 γράφω,
3282 4604 3378 4672 οὐχ
3409 4602 3488 4654 ἵνα
3514 4598 3590 4668 τὴν
3610 4595 3674 4661 τῆς

2180 4698 2421 4769 ἀθυμίας
2464 4695 2771 4767 ὑπερϐολήν
2820 4694 3000 4761 λόγοις
3035 4694 3499 4765 παραμυθητικοῖς
3533 4702 3673 4741 κατευ-

2178 4792 2325 4845 νάσω
2346 4807 2361 4822 σ
2396 4792 2507 4852 τοῖς
2535 4788 2645 4859 γὰρ
2690 4787 3074 4856 ἐπισταμένοις
3105 4786 3431 4855 φιλοσοφεῖν,
3461 4784 3538 4836 καὶ
3568 4776 3673 4831 τοῦδε

2177 4882 2271 4936 τοῦ
2293 4882 2408 4953 βίου
2433 4881 2531 4951 τὴν
2557 4879 2718 4949 φύσιν
2751 4878 3207 4948 ὲπεσκεμμένοις,
3230 4878 3439 4948 ἀπόχρη
3464 4875 3544 4927 καὶ
3564 4871 3673 4940 μόνος

2178 4977 2206 5027 ὁ
2256 4971 2514 5041 λογισμὸς
2540 4969 2909 5024 ἀποσκεδάσαι
2939 4969 3037 5038 τῆς
3080 4967 3257 5039 λύπης
3293 4968 3390 5030 τάς
3425 4960 3671 5035 τρικυμίας·

2181 5063 2299 5117 Κᾶν
2337 5064 2436 5133 τῆς
2477 5063 2694 5133 μακρᾶς
2737 5060 2952 5128 ἐκείνης
3004 5058 3289 5129 συνηθείας
3327 5052 3670 5125 ἀναμιμνήσκῃ.

2180 5156 2343 5218 αὐτὸς
2384 5156 2507 5216 τοὺς
2568 5154 2746 5216 θείους
2792 5154 2992 5223 νόμους
3052 5150 3427 5219 ἀναγινώσκει,
3477 5145 3554 5198 καὶ
3596 5140 3674 5198 τοῖς

2178 5249 2394 5317 ἐκείνης
2435 5248 2701 5317 δάκρυσιν
2740 5244 3046 5297 ἁντιτάττει
3102 5245 3196 5296 καὶ
3249 5243 3344 5312 τῆς
3377 5239 3565 5308 φύσεως
3611 5230 3671 5282 τὸν

2178 5340 2397 5409 δρόμον,
2441 5338 2531 5390 καὶ
2569 5337 2663 5390 τοῦ
2699 5335 2833 5387 Θεοῦ
2865 5335 2955 5386 τὸν
2989 5336 3136 5404 ὅρον,
3174 5334 3266 5386 καὶ
3292 5332 3386 5401 τὴν
3418 5328 3580 5381 ἐλπίδα
3606 5323 3670 5389 τῆς

2181 5431 2548 5490 ἀναστάσεως.
2594 5426 2759 5480 Ταῦτ’
2789 5425 2945 5488 εἰδὼς
2973 5427 3032 5478 οὐ
3082 5425 3270 5495 δέομαι
3296 5423 3461 5489 λόγων
3497 5414 3668 5471 πολλῶν.

2183 5522 2295 5577 ἀλλ’
2330 5524 2409 5584 εἰς
2434 5521 2624 5591 καιρὸν
2655 5523 2721 5591 τῇ
2758 5518 3045 5588 φιλοσοφίᾳ
3072 5515 3366 5587 κεχρῆσθαι
3402 5502 3667 5581 παρακαλῶ”

2185 5610 2279 5663 καὶ
2306 5610 2521 5681 νομίσαι
2561 5608 2653 5661 τοῦ
2695 5607 3083 5678 κατοιχομένου
3126 5608 3223 5678 τὴν
3256 5602 3498 5671 τελευτὴν
3523 5593 3665 5657 ἀποδη-

2187 5708 2314 5778 μίαν
2364 5705 2611 5778 μακρὰν·
2665 5703 2758 5759 καὶ
2832 5703 3153 5774 προσμεῖναι
3200 5701 3291 5772 τὴν
3336 5698 3424 5750 τοῦ
3460 5690 3572 5746 Θεοῦ
3606 5696 3667 5737 και
