  <div class='ocr_page' id='page_1' title='image "/cluster/home/n/w/nwhite01/storage/ocr_20150623/83/hvd.32044073502072/596.png"; bbox 0 0 3924 6192; ppageno 0'>
   <div class='ocr_carea' id='block_1_1' title="bbox 272 374 401 442">
    <p class='ocr_par' dir='ltr' id='par_1_1' title="bbox 272 374 401 442">
     <span class='ocr_line' id='line_1_1' title="bbox 272 374 401 442; baseline 0 -3"><span class='ocrx_word' id='word_1_1' title='bbox 272 374 401 442; x_wconf 77' lang='lat'><strong>1181</strong></span> 
     </span>
    </p>
   </div>
   <div class='ocr_carea' id='block_1_2' title="bbox 1665 370 2140 434">
    <p class='ocr_par' dir='ltr' id='par_1_2' title="bbox 1665 370 2140 434">
     <span class='ocr_line' id='line_1_2' title="bbox 1665 370 2140 434; baseline -0.004 0"><span class='ocrx_word' id='word_1_2' title='bbox 1665 370 2030 434; x_wconf 77' lang='lat' dir='ltr'><strong>EPISTULA</strong></span> <span class='ocrx_word' id='word_1_3' title='bbox 2067 373 2140 432; x_wconf 82' lang='lat' dir='ltr'><strong>X.</strong></span> 
     </span>
    </p>
   </div>
   <div class='ocr_carea' id='block_1_3' title="bbox 3375 355 3510 425">
    <p class='ocr_par' dir='ltr' id='par_1_3' title="bbox 3375 355 3510 425">
     <span class='ocr_line' id='line_1_3' title="bbox 3375 355 3510 425; baseline 0 -1"><span class='ocrx_word' id='word_1_4' title='bbox 3375 355 3510 425; x_wconf 78' lang='lat'><strong>1182</strong></span> 
     </span>
    </p>
   </div>
   <div class='ocr_carea' id='block_1_4' title="bbox 266 477 1837 561">
    <p class='ocr_par' dir='ltr' id='par_1_4' title="bbox 266 484 1831 561">
     <span class='ocr_line' id='line_1_4' title="bbox 266 484 1831 561; baseline -0.003 -18"><span class='ocrx_word' id='word_1_5' title='bbox 266 488 520 561; x_wconf 80' lang='grc' dir='ltr'><strong>Σωτῆρος</strong></span> <span class='ocrx_word' id='word_1_6' title='bbox 577 484 732 559; x_wconf 78' lang='grc' dir='ltr'>ημῶν</span> <span class='ocrx_word' id='word_1_7' title='bbox 793 485 1106 557; x_wconf 85' lang='grc' dir='ltr'>ὑπόσχεσιν.</span> <span class='ocrx_word' id='word_1_8' title='bbox 1157 484 1422 558; x_wconf 81' lang='grc' dir='ltr'><strong>Ἀψευδὴς</strong></span> <span class='ocrx_word' id='word_1_9' title='bbox 1473 484 1584 558; x_wconf 84' lang='grc' dir='ltr'><strong>γὰρ</strong></span> <span class='ocrx_word' id='word_1_10' title='bbox 1638 487 1666 539; x_wconf 93' lang='lat'><strong>6</strong></span> <span class='ocrx_word' id='word_1_11' title='bbox 1731 485 1831 556; x_wconf 82' lang='grc' dir='ltr'>τὴν</span> 
     </span>
    </p>
   </div>
   <div class='ocr_carea' id='block_1_5' title="bbox 1943 477 3511 561">
    <p class='ocr_par' dir='ltr' id='par_1_5' title="bbox 1943 477 3511 556">
     <span class='ocr_line' id='line_1_5' title="bbox 1943 477 3511 556; baseline -0.004 -17"><span class='ocrx_word' id='word_1_12' title='bbox 1943 485 2402 541; x_wconf 78' lang='lat' dir='ltr'><strong>resurrectionem</strong></span> <span class='ocrx_word' id='word_1_13' title='bbox 2466 483 2753 556; x_wconf 75' lang='lat' dir='ltr'><strong>promisit,</strong></span> <span class='ocrx_word' id='word_1_14' title='bbox 2812 483 2923 536; x_wconf 92' lang='lat' dir='ltr'><strong>imo</strong></span> <span class='ocrx_word' id='word_1_15' title='bbox 2985 493 3114 535; x_wconf 85' lang='lat' dir='ltr'><strong>vero</strong></span> <span class='ocrx_word' id='word_1_16' title='bbox 3174 478 3299 534; x_wconf 84' lang='lat' dir='ltr'><strong>fons</strong></span> <span class='ocrx_word' id='word_1_17' title='bbox 3363 477 3511 533; x_wconf 86' lang='lat' dir='ltr'><strong>veri-</strong></span> 
     </span>
    </p>
   </div>
   <div class='ocr_carea' id='block_1_6' title="bbox 266 574 1834 649">
    <p class='ocr_par' dir='ltr' id='par_1_6' title="bbox 266 574 1834 649">
     <span class='ocr_line' id='line_1_6' title="bbox 266 574 1834 649; baseline -0.004 -14"><span class='ocrx_word' id='word_1_18' title='bbox 266 582 564 636; x_wconf 87' lang='grc' dir='ltr'>ἀνάστασιν</span> <span class='ocrx_word' id='word_1_19' title='bbox 622 578 1090 649; x_wconf 72' lang='grc' dir='ltr'><strong>ἐπαγγειλάμενος</strong></span> <span class='ocrx_word' id='word_1_20' title='bbox 1116 616 1132 643; x_wconf 89' lang='grc'><strong>,</strong></span> <span class='ocrx_word' id='word_1_21' title='bbox 1201 577 1401 648; x_wconf 78' lang='grc' dir='ltr'>μᾶλλον</span> <span class='ocrx_word' id='word_1_22' title='bbox 1455 577 1515 631; x_wconf 80' lang='grc' dir='ltr'><strong>δὲ</strong></span> <span class='ocrx_word' id='word_1_23' title='bbox 1576 574 1834 648; x_wconf 78' lang='grc' dir='ltr'><strong>ἀληθείας</strong></span> 
     </span>
    </p>
   </div>
   <div class='ocr_carea' id='block_1_7' title="bbox 268 674 691 746">
    <p class='ocr_par' dir='ltr' id='par_1_7' title="bbox 268 674 691 746">
     <span class='ocr_line' id='line_1_7' title="bbox 268 674 691 746; baseline 0 -2"><span class='ocrx_word' id='word_1_24' title='bbox 268 674 439 746; x_wconf 78' lang='grc' dir='ltr'>πηγή-</span> <span class='ocrx_word' id='word_1_25' title='bbox 688 733 691 736; x_wconf 86' lang='lat'><strong>.</strong></span> 
     </span>
    </p>
   </div>
   <div class='ocr_carea' id='block_1_8' title="bbox 788 765 1322 835">
    <p class='ocr_par' dir='ltr' id='par_1_8' title="bbox 788 765 1322 835">
     <span class='ocr_line' id='line_1_8' title="bbox 788 765 1322 835; baseline -0.006 -15"><span class='ocrx_word' id='word_1_26' title='bbox 788 765 871 820; x_wconf 65' lang='grc' dir='ltr'><strong>ΞΥ.</strong></span> <span class='ocrx_word' id='word_1_27' title='bbox 899 796 968 806; x_wconf 91' lang='grc'><strong><em>-</em></strong></span> <span class='ocrx_word' id='word_1_28' title='bbox 996 765 1322 835; x_wconf 70' lang='grc' dir='ltr'>Εὺγραερίᾳ.</span> 
     </span>
    </p>
   </div>
   <div class='ocr_carea' id='block_1_9' title="bbox 338 875 1839 950">
    <p class='ocr_par' dir='ltr' id='par_1_9' title="bbox 338 875 1839 950">
     <span class='ocr_line' id='line_1_9' title="bbox 338 875 1839 950; baseline -0.002 -19"><span class='ocrx_word' id='word_1_29' title='bbox 338 878 602 950; x_wconf 85' lang='grc' dir='ltr'>Περιττὸν</span> <span class='ocrx_word' id='word_1_30' title='bbox 645 881 749 950; x_wconf 76' lang='grc' dir='ltr'>μὲν</span> <span class='ocrx_word' id='word_1_31' title='bbox 798 875 952 950; x_wconf 80' lang='grc' dir='ltr'>οἶμαι</span> <span class='ocrx_word' id='word_1_32' title='bbox 1001 878 1062 931; x_wconf 79' lang='grc' dir='ltr'><strong>τὸ</strong></span> <span class='ocrx_word' id='word_1_33' title='bbox 1097 877 1259 932; x_wconf 88' lang='grc' dir='ltr'>πάλιν</span> <span class='ocrx_word' id='word_1_34' title='bbox 1308 877 1520 948; x_wconf 71' lang='grc' dir='ltr'>ἐπῳδρις</span> <span class='ocrx_word' id='word_1_35' title='bbox 1573 878 1640 949; x_wconf 79' lang='grc' dir='ltr'>τῇ</span> <span class='ocrx_word' id='word_1_36' title='bbox 1690 875 1839 949; x_wconf 75' lang='grc' dir='ltr'>λύπῃ</span> 
     </span>
    </p>
   </div>
   <div class='ocr_carea' id='block_1_10' title="bbox 266 965 1836 1041">
    <p class='ocr_par' dir='ltr' id='par_1_10' title="bbox 266 965 1836 1041">
     <span class='ocr_line' id='line_1_10' title="bbox 266 965 1836 1041; baseline -0.001 -21"><span class='ocrx_word' id='word_1_37' title='bbox 266 968 599 1040; x_wconf 79' lang='grc' dir='ltr'>προσφέρειν</span> <span class='ocrx_word' id='word_1_38' title='bbox 626 967 1027 1041; x_wconf 75' lang='grc' dir='ltr'>πνευματικὰς.</span> <span class='ocrx_word' id='word_1_39' title='bbox 1057 967 1298 1039; x_wconf 83' lang='grc' dir='ltr'>Ἀπόχρη</span> <span class='ocrx_word' id='word_1_40' title='bbox 1326 967 1433 1036; x_wconf 83' lang='grc' dir='ltr'>γὰρ</span> <span class='ocrx_word' id='word_1_41' title='bbox 1461 965 1535 1038; x_wconf 72' lang='lat'><strong>(2)</strong></span> <span class='ocrx_word' id='word_1_42' title='bbox 1568 966 1704 1036; x_wconf 88' lang='grc' dir='ltr'>μόνη</span> <span class='ocrx_word' id='word_1_43' title='bbox 1728 965 1836 1019; x_wconf 85' lang='grc' dir='ltr'><strong>τῶν</strong></span> 
     </span>
    </p>
   </div>
   <div class='ocr_carea' id='block_1_11' title="bbox 267 1055 1839 1132">
    <p class='ocr_par' dir='ltr' id='par_1_11' title="bbox 267 1055 1839 1132">
     <span class='ocr_line' id='line_1_11' title="bbox 267 1055 1839 1132; baseline -0.003 -17"><span class='ocrx_word' id='word_1_44' title='bbox 267 1062 551 1132; x_wconf 77' lang='grc' dir='ltr'><strong>σωτηρίων</strong></span> <span class='ocrx_word' id='word_1_45' title='bbox 574 1060 912 1131; x_wconf 78' lang='grc' dir='ltr'><strong>παθημάτων</strong></span> <span class='ocrx_word' id='word_1_46' title='bbox 936 1061 968 1130; x_wconf 83' lang='grc' dir='ltr'>ὴ</span> <span class='ocrx_word' id='word_1_47' title='bbox 997 1058 1185 1131; x_wconf 86' lang='grc' dir='ltr'>μνήμη</span> <span class='ocrx_word' id='word_1_48' title='bbox 1212 1059 1402 1113; x_wconf 77' lang='grc' dir='ltr'>σϐέσαι</span> <span class='ocrx_word' id='word_1_49' title='bbox 1425 1058 1516 1111; x_wconf 71' lang='grc' dir='ltr'><strong>καὶ</strong></span> <span class='ocrx_word' id='word_1_50' title='bbox 1544 1056 1641 1127; x_wconf 79' lang='grc' dir='ltr'>τὴν</span> <span class='ocrx_word' id='word_1_51' title='bbox 1665 1055 1839 1126; x_wconf 87' lang='grc' dir='ltr'>ἀκμά-</span> 
     </span>
    </p>
   </div>
   <div class='ocr_carea' id='block_1_12' title="bbox 264 1146 1832 1227">
    <p class='ocr_par' dir='ltr' id='par_1_12' title="bbox 264 1146 1832 1227">
     <span class='ocr_line' id='line_1_12' title="bbox 264 1146 1832 1227; baseline -0.004 -20"><span class='ocrx_word' id='word_1_52' title='bbox 264 1154 466 1217; x_wconf 79' lang='grc' dir='ltr'>ζουσαν</span> <span class='ocrx_word' id='word_1_53' title='bbox 495 1153 757 1224; x_wconf 87' lang='grc' dir='ltr'>ἀθυμίαν.</span> <span class='ocrx_word' id='word_1_54' title='bbox 787 1153 959 1224; x_wconf 79' lang='grc' dir='ltr'>’Υπὲρ</span> <span class='ocrx_word' id='word_1_55' title='bbox 987 1151 1094 1224; x_wconf 80' lang='grc' dir='ltr'><strong>γάρ</strong></span> <span class='ocrx_word' id='word_1_56' title='bbox 1121 1153 1218 1222; x_wconf 82' lang='grc' dir='ltr'>τῆς</span> <span class='ocrx_word' id='word_1_57' title='bbox 1246 1150 1353 1203; x_wconf 88' lang='grc' dir='ltr'><strong>τῶν</strong></span> <span class='ocrx_word' id='word_1_58' title='bbox 1381 1149 1679 1227; x_wconf 76' lang='grc' dir='ltr'>ἀνθρῴπων</span> <span class='ocrx_word' id='word_1_59' title='bbox 1701 1146 1832 1201; x_wconf 85' lang='grc' dir='ltr'><strong>ταῦ-</strong></span> 
     </span>
    </p>
   </div>
   <div class='ocr_carea' id='block_1_13' title="bbox 264 1237 1835 1313">
    <p class='ocr_par' dir='ltr' id='par_1_13' title="bbox 264 1237 1835 1313">
     <span class='ocr_line' id='line_1_13' title="bbox 264 1237 1835 1313; baseline -0.005 -16"><span class='ocrx_word' id='word_1_60' title='bbox 264 1262 335 1297; x_wconf 84' lang='grc' dir='ltr'><strong>τα</strong></span> <span class='ocrx_word' id='word_1_61' title='bbox 361 1243 652 1313; x_wconf 87' lang='grc' dir='ltr'>γεγένηται</span> <span class='ocrx_word' id='word_1_62' title='bbox 688 1240 922 1310; x_wconf 80' lang='grc' dir='ltr'>φύσεως.</span> <span class='ocrx_word' id='word_1_63' title='bbox 955 1241 1059 1294; x_wconf 84' lang='grc' dir='ltr'><strong>Τὸν</strong></span> <span class='ocrx_word' id='word_1_64' title='bbox 1089 1240 1199 1311; x_wconf 81' lang='grc' dir='ltr'>γὰρ</span> <span class='ocrx_word' id='word_1_65' title='bbox 1238 1239 1466 1292; x_wconf 85' lang='grc' dir='ltr'>θάνατον</span> <span class='ocrx_word' id='word_1_66' title='bbox 1495 1241 1522 1291; x_wconf 98' lang='lat'><strong>6</strong></span> <span class='ocrx_word' id='word_1_67' title='bbox 1560 1237 1835 1306; x_wconf 82' lang='grc' dir='ltr'><strong>Δεσπότης</strong></span> 
     </span>
    </p>
   </div>
   <div class='ocr_carea' id='block_1_14' title="bbox 264 1325 1838 1404">
    <p class='ocr_par' dir='ltr' id='par_1_14' title="bbox 264 1325 1838 1404">
     <span class='ocr_line' id='line_1_14' title="bbox 264 1325 1838 1404; baseline -0.004 -17"><span class='ocrx_word' id='word_1_68' title='bbox 264 1333 581 1398; x_wconf 80' lang='grc' dir='ltr'><strong>κατέλυσεν,</strong></span> <span class='ocrx_word' id='word_1_69' title='bbox 607 1334 706 1403; x_wconf 82' lang='grc' dir='ltr'><strong>οὐχ</strong></span> <span class='ocrx_word' id='word_1_70' title='bbox 734 1333 821 1386; x_wconf 79' lang='grc' dir='ltr'><strong>ἵνα</strong></span> <span class='ocrx_word' id='word_1_71' title='bbox 850 1332 907 1387; x_wconf 84' lang='grc' dir='ltr'>ἓν</span> <span class='ocrx_word' id='word_1_72' title='bbox 941 1331 1101 1404; x_wconf 88' lang='grc' dir='ltr'>σῶμα</span> <span class='ocrx_word' id='word_1_73' title='bbox 1120 1333 1363 1403; x_wconf 88' lang='grc' dir='ltr'>κρεῖττον</span> <span class='ocrx_word' id='word_1_74' title='bbox 1388 1330 1642 1400; x_wconf 79' lang='grc' dir='ltr'><strong>ἀποφήνῃ</strong></span> <span class='ocrx_word' id='word_1_75' title='bbox 1674 1325 1838 1388; x_wconf 81' lang='grc' dir='ltr'>θανά-</span> 
     </span>
    </p>
   </div>
   <div class='ocr_carea' id='block_1_15' title="bbox 265 1422 1835 1495">
    <p class='ocr_par' dir='ltr' id='par_1_15' title="bbox 265 1422 1835 1495">
     <span class='ocr_line' id='line_1_15' title="bbox 265 1422 1835 1495; baseline -0.006 -14"><span class='ocrx_word' id='word_1_76' title='bbox 265 1444 358 1481; x_wconf 88' lang='grc' dir='ltr'><strong>του</strong></span> <span class='ocrx_word' id='word_1_77' title='bbox 384 1443 398 1457; x_wconf 75' lang='grc' dir='ltr'><strong>ο</strong></span> <span class='ocrx_word' id='word_1_78' title='bbox 435 1426 549 1480; x_wconf 79' lang='grc' dir='ltr'>ἀλλ’</span> <span class='ocrx_word' id='word_1_79' title='bbox 581 1426 666 1479; x_wconf 83' lang='grc' dir='ltr'><strong>ἴνα</strong></span> <span class='ocrx_word' id='word_1_80' title='bbox 700 1425 767 1477; x_wconf 84' lang='grc' dir='ltr'>δι’</span> <span class='ocrx_word' id='word_1_81' title='bbox 790 1424 1000 1477; x_wconf 86' lang='grc' dir='ltr'>ἐκείνου</span> <span class='ocrx_word' id='word_1_82' title='bbox 1030 1422 1128 1495; x_wconf 83' lang='grc' dir='ltr'>τὴν</span> <span class='ocrx_word' id='word_1_83' title='bbox 1155 1424 1340 1495; x_wconf 77' lang='grc' dir='ltr'>κοινὴν</span> <span class='ocrx_word' id='word_1_84' title='bbox 1373 1422 1666 1476; x_wconf 83' lang='grc' dir='ltr'>ἀνάστασιν</span> <span class='ocrx_word' id='word_1_85' title='bbox 1690 1436 1835 1491; x_wconf 71' lang='grc' dir='ltr'>πραο</span> 
     </span>
    </p>
   </div>
   <div class='ocr_carea' id='block_1_16' title="bbox 264 1511 1837 1588">
    <p class='ocr_par' dir='ltr' id='par_1_16' title="bbox 264 1511 1837 1588">
     <span class='ocr_line' id='line_1_16' title="bbox 264 1511 1837 1588; baseline -0.004 -18"><span class='ocrx_word' id='word_1_86' title='bbox 264 1516 668 1588; x_wconf 83' lang='grc' dir='ltr'>γματεύσηται,</span> <span class='ocrx_word' id='word_1_87' title='bbox 705 1517 802 1569; x_wconf 71' lang='grc' dir='ltr'><strong>καὶ</strong></span> <span class='ocrx_word' id='word_1_88' title='bbox 844 1514 1053 1585; x_wconf 84' lang='grc' dir='ltr'>ταύτην</span> <span class='ocrx_word' id='word_1_89' title='bbox 1084 1515 1215 1584; x_wconf 79' lang='grc' dir='ltr'>ἡμῖν</span> <span class='ocrx_word' id='word_1_90' title='bbox 1244 1512 1344 1584; x_wconf 85' lang='grc' dir='ltr'>τὴν</span> <span class='ocrx_word' id='word_1_91' title='bbox 1388 1512 1577 1566; x_wconf 86' lang='grc' dir='ltr'>ἐλπίδα</span> <span class='ocrx_word' id='word_1_92' title='bbox 1615 1511 1837 1582; x_wconf 80' lang='grc' dir='ltr'>βεϐαίαν</span> 
     </span>
    </p>
   </div>
   <div class='ocr_carea' id='block_1_17' title="bbox 265 1601 1836 1680">
    <p class='ocr_par' dir='ltr' id='par_1_17' title="bbox 265 1601 1836 1680">
     <span class='ocr_line' id='line_1_17' title="bbox 265 1601 1836 1680; baseline -0.003 -20"><span class='ocrx_word' id='word_1_93' title='bbox 265 1608 651 1680; x_wconf 83' lang='grc' dir='ltr'>παράσχῃ.-Εί</span> <span class='ocrx_word' id='word_1_94' title='bbox 686 1608 743 1661; x_wconf 83' lang='grc' dir='ltr'>δὲ</span> <span class='ocrx_word' id='word_1_95' title='bbox 775 1606 870 1661; x_wconf 70' lang='grc' dir='ltr'>καὶ</span> <span class='ocrx_word' id='word_1_96' title='bbox 901 1605 1009 1658; x_wconf 85' lang='grc' dir='ltr'><strong>τῶν</strong></span> <span class='ocrx_word' id='word_1_97' title='bbox 1050 1605 1210 1658; x_wconf 83' lang='grc' dir='ltr'>θείων</span> <span class='ocrx_word' id='word_1_98' title='bbox 1239 1603 1445 1674; x_wconf 78' lang='grc' dir='ltr'>ἑορτῶν</span> <span class='ocrx_word' id='word_1_99' title='bbox 1484 1601 1836 1672; x_wconf 76' lang='grc' dir='ltr'>παντοδαπὴν</span> 
     </span>
    </p>
   </div>
   <div class='ocr_carea' id='block_1_18' title="bbox 263 1694 1838 1769">
    <p class='ocr_par' dir='ltr' id='par_1_18' title="bbox 263 1694 1838 1769">
     <span class='ocr_line' id='line_1_18' title="bbox 263 1694 1838 1769; baseline -0.003 -17"><span class='ocrx_word' id='word_1_100' title='bbox 263 1698 620 1769; x_wconf 77' lang='grc' dir='ltr'>ψυχαγωγίαν</span> <span class='ocrx_word' id='word_1_101' title='bbox 647 1695 1073 1769; x_wconf 82' lang='grc' dir='ltr'>προσφερουσῶν</span> <span class='ocrx_word' id='word_1_102' title='bbox 1111 1695 1172 1747; x_wconf 81' lang='grc' dir='ltr'><strong>οὐ</strong></span> <span class='ocrx_word' id='word_1_103' title='bbox 1205 1694 1550 1767; x_wconf 78' lang='grc' dir='ltr'>καταγωνίζῃ</span> <span class='ocrx_word' id='word_1_104' title='bbox 1575 1695 1675 1764; x_wconf 80' lang='grc' dir='ltr'>τῆς</span> <span class='ocrx_word' id='word_1_105' title='bbox 1705 1694 1838 1749; x_wconf 86' lang='grc' dir='ltr'>ἀθυ-</span> 
     </span>
    </p>
   </div>
   <div class='ocr_carea' id='block_1_19' title="bbox 265 1786 1910 1882">
    <p class='ocr_par' dir='ltr' id='par_1_19' title="bbox 265 1786 1910 1882">
     <span class='ocr_line' id='line_1_19' title="bbox 265 1786 1910 1882; baseline 0 -42"><span class='ocrx_word' id='word_1_106' title='bbox 265 1789 395 1882; x_wconf 73' lang='grc' dir='ltr'>μίας</span> <span class='ocrx_word' id='word_1_107' title='bbox 424 1789 486 1841; x_wconf 82' lang='grc' dir='ltr'>τὸ</span> <span class='ocrx_word' id='word_1_108' title='bbox 532 1788 723 1882; x_wconf 75' lang='grc' dir='ltr'>πάθος,</span> <span class='ocrx_word' id='word_1_109' title='bbox 766 1786 1070 1860; x_wconf 83' lang='grc' dir='ltr'>παρακαλῶ</span> <span class='ocrx_word' id='word_1_110' title='bbox 1108 1805 1200 1840; x_wconf 84' lang='grc' dir='ltr'><strong>σου</strong></span> <span class='ocrx_word' id='word_1_111' title='bbox 1227 1788 1325 1859; x_wconf 83' lang='grc' dir='ltr'>τὴν</span> <span class='ocrx_word' id='word_1_112' title='bbox 1364 1788 1828 1858; x_wconf 77' lang='grc' dir='ltr'>σεμνοπρέπειαν,</span> <span class='ocrx_word' id='word_1_113' title='bbox 1864 1823 1910 1882; x_wconf 73' lang='grc' dir='ltr'><strong>Β</strong></span> 
     </span>
    </p>
   </div>
   <div class='ocr_carea' id='block_1_20' title="bbox 261 1877 1837 1950">
    <p class='ocr_par' dir='ltr' id='par_1_20' title="bbox 261 1877 1837 1950">
     <span class='ocr_line' id='line_1_20' title="bbox 261 1877 1837 1950; baseline -0.001 -20"><span class='ocrx_word' id='word_1_114' title='bbox 261 1878 356 1931; x_wconf 79' lang='grc' dir='ltr'>τοῦ</span> <span class='ocrx_word' id='word_1_115' title='bbox 387 1877 663 1949; x_wconf 84' lang='grc' dir='ltr'>προικῴου</span> <span class='ocrx_word' id='word_1_116' title='bbox 698 1879 828 1947; x_wconf 81' lang='grc' dir='ltr'>γοῦν</span> <span class='ocrx_word' id='word_1_117' title='bbox 873 1878 1256 1949; x_wconf 85' lang='grc' dir='ltr'>γραμματείου</span> <span class='ocrx_word' id='word_1_118' title='bbox 1298 1879 1366 1932; x_wconf 86' lang='grc' dir='ltr'><strong>τά</strong></span> <span class='ocrx_word' id='word_1_119' title='bbox 1409 1879 1548 1950; x_wconf 85' lang='grc' dir='ltr'><strong>μετά</strong></span> <span class='ocrx_word' id='word_1_120' title='bbox 1580 1878 1677 1949; x_wconf 82' lang='grc' dir='ltr'>τὴν</span> <span class='ocrx_word' id='word_1_121' title='bbox 1716 1878 1837 1930; x_wconf 78' lang='grc' dir='ltr'>ἐπί-</span> 
     </span>
    </p>
   </div>
   <div class='ocr_carea' id='block_1_21' title="bbox 262 1969 1837 2040">
    <p class='ocr_par' dir='ltr' id='par_1_21' title="bbox 262 1969 1837 2040">
     <span class='ocr_line' id='line_1_21' title="bbox 262 1969 1837 2040; baseline 0.001 -17"><span class='ocrx_word' id='word_1_122' title='bbox 262 1969 410 2023; x_wconf 82' lang='grc' dir='ltr'>δοσιν</span> <span class='ocrx_word' id='word_1_123' title='bbox 467 1969 798 2038; x_wconf 85' lang='grc' dir='ltr'>ἀναγνῶναι,</span> <span class='ocrx_word' id='word_1_124' title='bbox 857 1972 951 2024; x_wconf 74' lang='grc' dir='ltr'><strong>καὶ</strong></span> <span class='ocrx_word' id='word_1_125' title='bbox 983 1970 1188 2039; x_wconf 87' lang='grc' dir='ltr'>γνῶναι</span> <span class='ocrx_word' id='word_1_126' title='bbox 1219 1969 1427 2039; x_wconf 80' lang='grc' dir='ltr'>σαφῶς,</span> <span class='ocrx_word' id='word_1_127' title='bbox 1479 1969 1555 2034; x_wconf 80' lang='grc' dir='ltr'>ὡς</span> <span class='ocrx_word' id='word_1_128' title='bbox 1592 1972 1837 2040; x_wconf 78' lang='grc' dir='ltr'>ἡγήσατο</span> 
     </span>
    </p>
   </div>
   <div class='ocr_carea' id='block_1_22' title="bbox 263 2060 1836 2136">
    <p class='ocr_par' dir='ltr' id='par_1_22' title="bbox 263 2060 1836 2136">
     <span class='ocr_line' id='line_1_22' title="bbox 263 2060 1836 2136; baseline 0.001 -21"><span class='ocrx_word' id='word_1_129' title='bbox 263 2060 358 2115; x_wconf 79' lang='grc' dir='ltr'>τοῦ</span> <span class='ocrx_word' id='word_1_130' title='bbox 390 2061 573 2131; x_wconf 82' lang='grc' dir='ltr'>γάμου</span> <span class='ocrx_word' id='word_1_131' title='bbox 607 2062 701 2116; x_wconf 83' lang='grc' dir='ltr'>τοῦ</span> <span class='ocrx_word' id='word_1_132' title='bbox 748 2062 981 2117; x_wconf 85' lang='grc' dir='ltr'>θανάτου</span> <span class='ocrx_word' id='word_1_133' title='bbox 1024 2064 1058 2132; x_wconf 84' lang='grc' dir='ltr'>ὴ</span> <span class='ocrx_word' id='word_1_134' title='bbox 1114 2063 1325 2133; x_wconf 82' lang='grc' dir='ltr'>μνήμη.</span> <span class='ocrx_word' id='word_1_135' title='bbox 1372 2063 1447 2115; x_wconf 85' lang='grc' dir='ltr'>Τδ</span> <span class='ocrx_word' id='word_1_136' title='bbox 1493 2061 1604 2136; x_wconf 84' lang='grc' dir='ltr'><strong>γὰρ</strong></span> <span class='ocrx_word' id='word_1_137' title='bbox 1643 2061 1836 2132; x_wconf 78' lang='grc' dir='ltr'>θνητὸν</span> 
     </span>
    </p>
   </div>
   <div class='ocr_carea' id='block_1_23' title="bbox 262 2154 1836 2226">
    <p class='ocr_par' dir='ltr' id='par_1_23' title="bbox 262 2154 1836 2226">
     <span class='ocr_line' id='line_1_23' title="bbox 262 2154 1836 2226; baseline 0 -19"><span class='ocrx_word' id='word_1_138' title='bbox 262 2155 362 2225; x_wconf 82' lang='grc' dir='ltr'>τῆς</span> <span class='ocrx_word' id='word_1_139' title='bbox 392 2155 606 2224; x_wconf 83' lang='grc' dir='ltr'>φύσεως</span> <span class='ocrx_word' id='word_1_140' title='bbox 660 2156 1039 2226; x_wconf 87' lang='grc' dir='ltr'>ἐπιστάμενοι,</span> <span class='ocrx_word' id='word_1_141' title='bbox 1095 2155 1189 2208; x_wconf 77' lang='grc' dir='ltr'><strong>καὶ</strong></span> <span class='ocrx_word' id='word_1_142' title='bbox 1234 2154 1681 2226; x_wconf 82' lang='grc' dir='ltr'>προμηθούμενοι</span> <span class='ocrx_word' id='word_1_143' title='bbox 1733 2154 1836 2226; x_wconf 83' lang='grc' dir='ltr'>τῆς</span> 
     </span>
    </p>
   </div>
   <div class='ocr_carea' id='block_1_24' title="bbox 259 2243 1836 2316">
    <p class='ocr_par' dir='ltr' id='par_1_24' title="bbox 259 2243 1836 2316">
     <span class='ocr_line' id='line_1_24' title="bbox 259 2243 1836 2316; baseline 0.001 -19"><span class='ocrx_word' id='word_1_144' title='bbox 259 2245 371 2297; x_wconf 85' lang='grc' dir='ltr'><strong>τῶν</strong></span> <span class='ocrx_word' id='word_1_145' title='bbox 407 2243 489 2297; x_wconf 80' lang='grc' dir='ltr'><strong>ἐτι</strong></span> <span class='ocrx_word' id='word_1_146' title='bbox 521 2244 740 2308; x_wconf 78' lang='grc' dir='ltr'>ζώντων</span> <span class='ocrx_word' id='word_1_147' title='bbox 778 2246 1023 2316; x_wconf 76' lang='grc' dir='ltr'>εἰρήνης,</span> <span class='ocrx_word' id='word_1_148' title='bbox 1068 2245 1166 2308; x_wconf 80' lang='grc' dir='ltr'><strong>τὰς</strong></span> <span class='ocrx_word' id='word_1_149' title='bbox 1208 2244 1551 2315; x_wconf 77' lang='grc' dir='ltr'>καλουμένας</span> <span class='ocrx_word' id='word_1_150' title='bbox 1594 2243 1836 2315; x_wconf 78' lang='grc' dir='ltr'>αἱρέσεις</span> 
     </span>
    </p>
   </div>
   <div class='ocr_carea' id='block_1_25' title="bbox 261 2336 1834 2407">
    <p class='ocr_par' dir='ltr' id='par_1_25' title="bbox 261 2336 1834 2407">
     <span class='ocr_line' id='line_1_25' title="bbox 261 2336 1834 2407; baseline 0.001 -19"><span class='ocrx_word' id='word_1_151' title='bbox 261 2336 667 2399; x_wconf 79' lang='grc' dir='ltr'>ἐπιτάττουσιν,</span> <span class='ocrx_word' id='word_1_152' title='bbox 701 2338 794 2389; x_wconf 76' lang='grc' dir='ltr'><strong>καὶ</strong></span> <span class='ocrx_word' id='word_1_153' title='bbox 839 2338 901 2390; x_wconf 86' lang='grc' dir='ltr'><strong>οὐ</strong></span> <span class='ocrx_word' id='word_1_154' title='bbox 936 2336 1351 2407; x_wconf 86' lang='grc' dir='ltr'>δυσχεραίνουσι</span> <span class='ocrx_word' id='word_1_155' title='bbox 1382 2336 1490 2406; x_wconf 83' lang='grc' dir='ltr'>πρὸ</span> <span class='ocrx_word' id='word_1_156' title='bbox 1532 2337 1631 2406; x_wconf 87' lang='grc' dir='ltr'>τῆς</span> <span class='ocrx_word' id='word_1_157' title='bbox 1665 2352 1834 2405; x_wconf 82' lang='grc' dir='ltr'>γαμι-</span> 
     </span>
    </p>
   </div>
   <div class='ocr_carea' id='block_1_26' title="bbox 261 2426 1835 2499">
    <p class='ocr_par' dir='ltr' id='par_1_26' title="bbox 261 2426 1835 2499">
     <span class='ocr_line' id='line_1_26' title="bbox 261 2426 1835 2499; baseline -0.001 -18"><span class='ocrx_word' id='word_1_158' title='bbox 261 2429 368 2499; x_wconf 84' lang='grc' dir='ltr'>κῆς</span> <span class='ocrx_word' id='word_1_159' title='bbox 397 2429 697 2495; x_wconf 83' lang='grc' dir='ltr'>συναφείας</span> <span class='ocrx_word' id='word_1_160' title='bbox 731 2429 1073 2498; x_wconf 84' lang='grc' dir='ltr'>μεμνημένοι</span> <span class='ocrx_word' id='word_1_161' title='bbox 1097 2428 1327 2482; x_wconf 86' lang='grc' dir='ltr'>θανάτου</span> <span class='ocrx_word' id='word_1_162' title='bbox 1345 2445 1358 2458; x_wconf 88' lang='grc'><strong>·</strong></span> <span class='ocrx_word' id='word_1_163' title='bbox 1382 2427 1518 2480; x_wconf 87' lang='grc' dir='ltr'><strong>ἀλλά</strong></span> <span class='ocrx_word' id='word_1_164' title='bbox 1541 2426 1835 2498; x_wconf 75' lang='grc' dir='ltr'>διαρρήδην</span> 
     </span>
    </p>
   </div>
   <div class='ocr_carea' id='block_1_27' title="bbox 263 2517 1835 2591">
    <p class='ocr_par' dir='ltr' id='par_1_27' title="bbox 263 2517 1835 2591">
     <span class='ocr_line' id='line_1_27' title="bbox 263 2517 1835 2591; baseline -0.001 -19"><span class='ocrx_word' id='word_1_165' title='bbox 263 2518 478 2589; x_wconf 86' lang='grc' dir='ltr'>βοῶσιν,</span> <span class='ocrx_word' id='word_1_166' title='bbox 506 2521 555 2573; x_wconf 88' lang='grc' dir='ltr'><strong>εί</strong></span> <span class='ocrx_word' id='word_1_167' title='bbox 589 2520 689 2589; x_wconf 81' lang='grc' dir='ltr'><strong>μὲν</strong></span> <span class='ocrx_word' id='word_1_168' title='bbox 720 2522 748 2574; x_wconf 91' lang='lat'><strong>6</strong></span> <span class='ocrx_word' id='word_1_169' title='bbox 779 2519 920 2591; x_wconf 81' lang='grc' dir='ltr'>ἀνὴρ</span> <span class='ocrx_word' id='word_1_170' title='bbox 957 2519 1401 2591; x_wconf 80' lang='grc' dir='ltr'>προτελευτήσοι,</span> <span class='ocrx_word' id='word_1_171' title='bbox 1436 2517 1680 2583; x_wconf 81' lang='grc' dir='ltr'>συνέδοξε</span> <span class='ocrx_word' id='word_1_172' title='bbox 1716 2520 1835 2572; x_wconf 87' lang='grc' dir='ltr'>τόδε</span> 
     </span>
    </p>
   </div>
   <div class='ocr_carea' id='block_1_28' title="bbox 262 2608 1832 2681">
    <p class='ocr_par' dir='ltr' id='par_1_28' title="bbox 262 2608 1832 2681">
     <span class='ocr_line' id='line_1_28' title="bbox 262 2608 1832 2681; baseline -0.001 -18"><span class='ocrx_word' id='word_1_173' title='bbox 262 2609 547 2678; x_wconf 79' lang='grc' dir='ltr'>γενέσθαι·</span> <span class='ocrx_word' id='word_1_174' title='bbox 591 2612 641 2663; x_wconf 85' lang='grc' dir='ltr'><strong>εί</strong></span> <span class='ocrx_word' id='word_1_175' title='bbox 695 2611 751 2666; x_wconf 83' lang='grc' dir='ltr'><strong>δέ</strong></span> <span class='ocrx_word' id='word_1_176' title='bbox 777 2613 811 2681; x_wconf 85' lang='grc' dir='ltr'>ἠ</span> <span class='ocrx_word' id='word_1_177' title='bbox 863 2609 1002 2681; x_wconf 81' lang='grc' dir='ltr'>γυνὴ</span> <span class='ocrx_word' id='word_1_178' title='bbox 1027 2610 1187 2663; x_wconf 80' lang='grc' dir='ltr'>τοῦτο</span> <span class='ocrx_word' id='word_1_179' title='bbox 1213 2610 1494 2680; x_wconf 81' lang='grc' dir='ltr'>ὑπομείνοι</span> <span class='ocrx_word' id='word_1_180' title='bbox 1535 2609 1598 2663; x_wconf 79' lang='grc' dir='ltr'>τὸ</span> <span class='ocrx_word' id='word_1_181' title='bbox 1640 2608 1832 2674; x_wconf 85' lang='grc' dir='ltr'>πάθος,</span> 
     </span>
    </p>
   </div>
   <div class='ocr_carea' id='block_1_29' title="bbox 261 2700 1836 2775">
    <p class='ocr_par' dir='ltr' id='par_1_29' title="bbox 261 2700 1836 2775">
     <span class='ocr_line' id='line_1_29' title="bbox 261 2700 1836 2775; baseline 0.001 -21"><span class='ocrx_word' id='word_1_182' title='bbox 261 2701 382 2754; x_wconf 83' lang='grc' dir='ltr'>τόδε</span> <span class='ocrx_word' id='word_1_183' title='bbox 418 2704 705 2773; x_wconf 83' lang='grc' dir='ltr'>συνήρεσε.</span> <span class='ocrx_word' id='word_1_184' title='bbox 738 2700 805 2755; x_wconf 86' lang='grc' dir='ltr'>Τί</span> <span class='ocrx_word' id='word_1_185' title='bbox 837 2701 1018 2756; x_wconf 89' lang='grc' dir='ltr'>τοίνυν</span> <span class='ocrx_word' id='word_1_186' title='bbox 1058 2701 1484 2773; x_wconf 81' lang='grc' dir='ltr'>δυσχεραίνομεν</span> <span class='ocrx_word' id='word_1_187' title='bbox 1531 2701 1701 2756; x_wconf 80' lang='grc' dir='ltr'>ταῦτα</span> <span class='ocrx_word' id='word_1_188' title='bbox 1729 2702 1836 2775; x_wconf 82' lang='grc' dir='ltr'><strong>πρὸ</strong></span> 
     </span>
    </p>
   </div>
   <div class='ocr_carea' id='block_1_30' title="bbox 262 2789 1835 2863">
    <p class='ocr_par' dir='ltr' id='par_1_30' title="bbox 262 2789 1835 2863">
     <span class='ocr_line' id='line_1_30' title="bbox 262 2789 1835 2863; baseline 0.002 -21"><span class='ocrx_word' id='word_1_189' title='bbox 262 2789 360 2843; x_wconf 81' lang='grc' dir='ltr'>τοῦ</span> <span class='ocrx_word' id='word_1_190' title='bbox 407 2791 589 2861; x_wconf 81' lang='grc' dir='ltr'>γάμου</span> <span class='ocrx_word' id='word_1_191' title='bbox 638 2791 1037 2861; x_wconf 82' lang='grc' dir='ltr'>μεμαθηκότες,</span> <span class='ocrx_word' id='word_1_192' title='bbox 1068 2791 1164 2844; x_wconf 76' lang='grc' dir='ltr'>καὶ</span> <span class='ocrx_word' id='word_1_193' title='bbox 1206 2790 1377 2844; x_wconf 80' lang='grc' dir='ltr'>ταῦτα</span> <span class='ocrx_word' id='word_1_194' title='bbox 1430 2791 1550 2846; x_wconf 80' lang='grc' dir='ltr'>καθ’</span> <span class='ocrx_word' id='word_1_195' title='bbox 1577 2792 1835 2863; x_wconf 76' lang='grc' dir='ltr'>ἑκάστην,</span> 
     </span>
    </p>
   </div>
   <div class='ocr_carea' id='block_1_31' title="bbox 264 2878 1837 2953">
    <p class='ocr_par' dir='ltr' id='par_1_31' title="bbox 264 2878 1837 2953">
     <span class='ocr_line' id='line_1_31' title="bbox 264 2878 1837 2953; baseline 0.003 -23"><span class='ocrx_word' id='word_1_196' title='bbox 264 2878 340 2942; x_wconf 84' lang='grc' dir='ltr'>ὡς</span> <span class='ocrx_word' id='word_1_197' title='bbox 368 2880 499 2943; x_wconf 81' lang='grc' dir='ltr'>ἐπος</span> <span class='ocrx_word' id='word_1_198' title='bbox 522 2881 720 2946; x_wconf 82' lang='grc' dir='ltr'>εἰπεῖν,</span> <span class='ocrx_word' id='word_1_199' title='bbox 752 2881 967 2952; x_wconf 80' lang='grc' dir='ltr'>ἡμέραν</span> <span class='ocrx_word' id='word_1_200' title='bbox 996 2880 1401 2952; x_wconf 81' lang='grc' dir='ltr'>προσμένοντες</span> <span class='ocrx_word' id='word_1_201' title='bbox 1421 2922 1437 2944; x_wconf 93' lang='grc'><strong>,</strong></span> <span class='ocrx_word' id='word_1_202' title='bbox 1465 2882 1701 2952; x_wconf 84' lang='grc' dir='ltr'>Ἀνάγκη</span> <span class='ocrx_word' id='word_1_203' title='bbox 1728 2882 1837 2953; x_wconf 82' lang='grc' dir='ltr'>γὰρ</span> 
     </span>
    </p>
   </div>
   <div class='ocr_carea' id='block_1_32' title="bbox 264 2970 1838 3044">
    <p class='ocr_par' dir='ltr' id='par_1_32' title="bbox 264 2970 1838 3044">
     <span class='ocr_line' id='line_1_32' title="bbox 264 2970 1838 3044; baseline 0.001 -21"><span class='ocrx_word' id='word_1_204' title='bbox 264 2972 416 3024; x_wconf 81' lang='grc' dir='ltr'>πᾶσα</span> <span class='ocrx_word' id='word_1_205' title='bbox 442 2971 760 3041; x_wconf 85' lang='grc' dir='ltr'>διαλυθῆναι</span> <span class='ocrx_word' id='word_1_206' title='bbox 789 2972 888 3042; x_wconf 84' lang='grc' dir='ltr'><strong>τὴν</strong></span> <span class='ocrx_word' id='word_1_207' title='bbox 917 2971 1200 3038; x_wconf 79' lang='grc' dir='ltr'>συζυγίαν,</span> <span class='ocrx_word' id='word_1_208' title='bbox 1228 2971 1260 3041; x_wconf 80' lang='grc' dir='ltr'><strong>ἢ</strong></span> <span class='ocrx_word' id='word_1_209' title='bbox 1289 2970 1385 3024; x_wconf 84' lang='grc' dir='ltr'>τοῦ</span> <span class='ocrx_word' id='word_1_210' title='bbox 1418 2972 1612 3042; x_wconf 78' lang='grc' dir='ltr'>ἀνδρὸς</span> <span class='ocrx_word' id='word_1_211' title='bbox 1640 2989 1838 3044; x_wconf 82' lang='grc' dir='ltr'>προτε-</span> 
     </span>
    </p>
   </div>
   <div class='ocr_carea' id='block_1_33' title="bbox 262 3060 1836 3134">
    <p class='ocr_par' dir='ltr' id='par_1_33' title="bbox 262 3060 1836 3134">
     <span class='ocr_line' id='line_1_33' title="bbox 262 3060 1836 3134; baseline 0.001 -20"><span class='ocrx_word' id='word_1_212' title='bbox 262 3060 581 3127; x_wconf 82' lang='grc' dir='ltr'>λευτῶντος,</span> <span class='ocrx_word' id='word_1_213' title='bbox 605 3063 638 3134; x_wconf 84' lang='grc' dir='ltr'>ἢ</span> <span class='ocrx_word' id='word_1_214' title='bbox 667 3062 769 3132; x_wconf 84' lang='grc' dir='ltr'>τῆς</span> <span class='ocrx_word' id='word_1_215' title='bbox 793 3062 1051 3131; x_wconf 78' lang='grc' dir='ltr'>γυναικὸς</span> <span class='ocrx_word' id='word_1_216' title='bbox 1086 3061 1482 3134; x_wconf 83' lang='grc' dir='ltr'>προαπιούσης.</span> <span class='ocrx_word' id='word_1_217' title='bbox 1501 3061 1701 3116; x_wconf 84' lang='grc' dir='ltr'>Τοῦτον</span> <span class='ocrx_word' id='word_1_218' title='bbox 1726 3062 1836 3134; x_wconf 86' lang='grc' dir='ltr'><strong>γάρ</strong></span> 
     </span>
    </p>
   </div>
   <div class='ocr_carea' id='block_1_34' title="bbox 1936 577 2084 632">
    <p class='ocr_par' dir='ltr' id='par_1_34' title="bbox 1936 577 2084 632">
     <span class='ocr_line' id='line_1_34' title="bbox 1936 577 2084 632; baseline 0 0"><span class='ocrx_word' id='word_1_219' title='bbox 1936 577 2084 632; x_wconf 90' lang='lat' dir='ltr'><strong>tatis.</strong></span> 
     </span>
    </p>
   </div>
   <div class='ocr_carea' id='block_1_35' title="bbox 2421 756 3021 828">
    <p class='ocr_par' dir='ltr' id='par_1_35' title="bbox 2421 756 3021 828">
     <span class='ocr_line' id='line_1_35' title="bbox 2421 756 3021 828; baseline -0.007 -15"><span class='ocrx_word' id='word_1_220' title='bbox 2421 757 2552 813; x_wconf 85' lang='lat' dir='ltr'><strong>VIII.</strong></span> <span class='ocrx_word' id='word_1_221' title='bbox 2584 788 2656 796; x_wconf 93' lang='lat'><strong>—</strong></span> <span class='ocrx_word' id='word_1_222' title='bbox 2686 756 3021 828; x_wconf 67' lang='lat' dir='ltr'><strong>Eugraphiw.</strong></span> 
     </span>
    </p>
   </div>
   <div class='ocr_carea' id='block_1_36' title="bbox 2020 865 3509 943">
    <p class='ocr_par' dir='ltr' id='par_1_36' title="bbox 2020 865 3509 943">
     <span class='ocr_line' id='line_1_36' title="bbox 2020 865 3509 943; baseline -0.004 -15"><span class='ocrx_word' id='word_1_223' title='bbox 2020 873 2499 943; x_wconf 86' lang='lat' dir='ltr'><strong>Supervacaneum</strong></span> <span class='ocrx_word' id='word_1_224' title='bbox 2530 871 2673 925; x_wconf 90' lang='lat' dir='ltr'><strong>duco</strong></span> <span class='ocrx_word' id='word_1_225' title='bbox 2705 868 3015 938; x_wconf 89' lang='lat' dir='ltr'><strong>spiritualia</strong></span> <span class='ocrx_word' id='word_1_226' title='bbox 3040 866 3239 921; x_wconf 88' lang='lat' dir='ltr'><strong>iterum</strong></span> <span class='ocrx_word' id='word_1_227' title='bbox 3268 865 3509 922; x_wconf 89' lang='lat' dir='ltr'><strong>remedia</strong></span> 
     </span>
    </p>
   </div>
   <div class='ocr_carea' id='block_1_37' title="bbox 1937 958 3512 1019">
    <p class='ocr_par' dir='ltr' id='par_1_37' title="bbox 1937 958 3512 1019">
     <span class='ocr_line' id='line_1_37' title="bbox 1937 958 3512 1019; baseline -0.004 0"><span class='ocrx_word' id='word_1_228' title='bbox 1937 963 2113 1019; x_wconf 91' lang='lat' dir='ltr'><strong>dolori</strong></span> <span class='ocrx_word' id='word_1_229' title='bbox 2139 963 2423 1018; x_wconf 89' lang='lat' dir='ltr'><strong>adhibere.</strong></span> <span class='ocrx_word' id='word_1_230' title='bbox 2452 960 2665 1016; x_wconf 84' lang='lat' dir='ltr'><strong>Suflieit</strong></span> <span class='ocrx_word' id='word_1_231' title='bbox 2682 964 2827 1014; x_wconf 90' lang='lat' dir='ltr'><strong>enim</strong></span> <span class='ocrx_word' id='word_1_232' title='bbox 2852 960 2938 1013; x_wconf 86' lang='lat' dir='ltr'><strong>vel</strong></span> <span class='ocrx_word' id='word_1_233' title='bbox 2962 958 3028 1012; x_wconf 90' lang='lat' dir='ltr'><strong>ad</strong></span> <span class='ocrx_word' id='word_1_234' title='bbox 3050 973 3316 1013; x_wconf 85' lang='lat' dir='ltr'><strong>summam</strong></span> <span class='ocrx_word' id='word_1_235' title='bbox 3341 959 3512 1012; x_wconf 85' lang='lat' dir='ltr'><strong>tristi-</strong></span> 
     </span>
    </p>
   </div>
   <div class='ocr_carea' id='block_1_38' title="bbox 1938 1050 3511 1125">
    <p class='ocr_par' dir='ltr' id='par_1_38' title="bbox 1938 1050 3511 1125">
     <span class='ocr_line' id='line_1_38' title="bbox 1938 1050 3511 1125; baseline -0.004 -14"><span class='ocrx_word' id='word_1_236' title='bbox 1938 1057 2070 1110; x_wconf 90' lang='lat' dir='ltr'><strong>tiam</strong></span> <span class='ocrx_word' id='word_1_237' title='bbox 2105 1054 2501 1125; x_wconf 83' lang='lat' dir='ltr'><strong>profligandam</strong></span> <span class='ocrx_word' id='word_1_238' title='bbox 2556 1052 2879 1106; x_wconf 75' lang='lat' dir='ltr'><strong>salutarium</strong></span> <span class='ocrx_word' id='word_1_239' title='bbox 2906 1051 3249 1105; x_wconf 89' lang='lat' dir='ltr'><strong>cruciatuum</strong></span> <span class='ocrx_word' id='word_1_240' title='bbox 3284 1050 3399 1102; x_wconf 90' lang='lat' dir='ltr'><strong>sola</strong></span> <span class='ocrx_word' id='word_1_241' title='bbox 3420 1065 3511 1104; x_wconf 89' lang='lat' dir='ltr'><strong>re-</strong></span> 
     </span>
    </p>
   </div>
   <div class='ocr_carea' id='block_1_39' title="bbox 1938 1139 3511 1212">
    <p class='ocr_par' dir='ltr' id='par_1_39' title="bbox 1938 1139 3511 1212">
     <span class='ocr_line' id='line_1_39' title="bbox 1938 1139 3511 1212; baseline -0.006 -9"><span class='ocrx_word' id='word_1_242' title='bbox 1938 1147 2206 1203; x_wconf 91' lang='lat' dir='ltr'><strong>cordatio.</strong></span> <span class='ocrx_word' id='word_1_243' title='bbox 2268 1147 2375 1200; x_wconf 89' lang='lat' dir='ltr'><strong>Pro</strong></span> <span class='ocrx_word' id='word_1_244' title='bbox 2406 1147 2423 1164; x_wconf 82' lang='grc'>¹</span> <span class='ocrx_word' id='word_1_245' title='bbox 2469 1154 2669 1199; x_wconf 88' lang='lat' dir='ltr'><strong>natura</strong></span> <span class='ocrx_word' id='word_1_246' title='bbox 2694 1142 2896 1212; x_wconf 88' lang='lat' dir='ltr'><strong>quippe</strong></span> <span class='ocrx_word' id='word_1_247' title='bbox 2921 1140 3158 1194; x_wconf 87' lang='lat' dir='ltr'><strong>humana</strong></span> <span class='ocrx_word' id='word_1_248' title='bbox 3186 1139 3245 1192; x_wconf 88' lang='lat' dir='ltr'><strong>hi</strong></span> <span class='ocrx_word' id='word_1_249' title='bbox 3271 1139 3511 1208; x_wconf 85' lang='lat' dir='ltr'><strong>suscepti</strong></span> 
     </span>
    </p>
   </div>
   <div class='ocr_carea' id='block_1_40' title="bbox 1918 1230 3510 1295">
    <p class='ocr_par' dir='ltr' id='par_1_40' title="bbox 1918 1230 3510 1295">
     <span class='ocr_line' id='line_1_40' title="bbox 1918 1230 3510 1295; baseline -0.008 0"><span class='ocrx_word' id='word_1_250' title='bbox 1918 1248 2086 1295; x_wconf 87' lang='lat' dir='ltr'><strong>&#39;sunt.</strong></span> <span class='ocrx_word' id='word_1_251' title='bbox 2129 1238 2357 1292; x_wconf 86' lang='lat' dir='ltr'><strong>Mortem</strong></span> <span class='ocrx_word' id='word_1_252' title='bbox 2378 1235 2525 1291; x_wconf 88' lang='lat' dir='ltr'><strong>enim</strong></span> <span class='ocrx_word' id='word_1_253' title='bbox 2556 1234 2823 1288; x_wconf 89' lang='lat' dir='ltr'><strong>Dominus</strong></span> <span class='ocrx_word' id='word_1_254' title='bbox 2843 1230 3133 1294; x_wconf 77' lang='lat' dir='ltr'><strong>destruxit,</strong></span> <span class='ocrx_word' id='word_1_255' title='bbox 3158 1244 3267 1284; x_wconf 91' lang='lat' dir='ltr'><strong>non</strong></span> <span class='ocrx_word' id='word_1_256' title='bbox 3300 1236 3359 1282; x_wconf 91' lang='lat' dir='ltr'><strong>ut</strong></span> <span class='ocrx_word' id='word_1_257' title='bbox 3384 1245 3510 1283; x_wconf 89' lang='lat' dir='ltr'><strong>cor-</strong></span> 
     </span>
    </p>
   </div>
   <div class='ocr_carea' id='block_1_41' title="bbox 1936 1321 3511 1403">
    <p class='ocr_par' dir='ltr' id='par_1_41' title="bbox 1936 1321 3511 1403">
     <span class='ocr_line' id='line_1_41' title="bbox 1936 1321 3511 1403; baseline -0.008 -16"><span class='ocrx_word' id='word_1_258' title='bbox 1936 1348 2042 1403; x_wconf 90' lang='lat' dir='ltr'><strong>pus</strong></span> <span class='ocrx_word' id='word_1_259' title='bbox 2083 1346 2253 1386; x_wconf 89' lang='lat' dir='ltr'><strong>unum</strong></span> <span class='ocrx_word' id='word_1_260' title='bbox 2307 1329 2374 1383; x_wconf 92' lang='lat' dir='ltr'><strong>de</strong></span> <span class='ocrx_word' id='word_1_261' title='bbox 2411 1335 2588 1382; x_wconf 86' lang='lat' dir='ltr'><strong>morte</strong></span> <span class='ocrx_word' id='word_1_262' title='bbox 2619 1325 2987 1394; x_wconf 87' lang='lat' dir='ltr'><strong>triumphasse</strong></span> <span class='ocrx_word' id='word_1_263' title='bbox 3011 1322 3357 1386; x_wconf 80' lang='lat' dir='ltr'><strong>ostenderet,</strong></span> <span class='ocrx_word' id='word_1_264' title='bbox 3415 1321 3511 1376; x_wconf 90' lang='lat' dir='ltr'><strong>sed</strong></span> 
     </span>
    </p>
   </div>
   <div class='ocr_carea' id='block_1_42' title="bbox 1940 1415 3509 1489">
    <p class='ocr_par' dir='ltr' id='par_1_42' title="bbox 1940 1415 3509 1489">
     <span class='ocr_line' id='line_1_42' title="bbox 1940 1415 3509 1489; baseline -0.009 -10"><span class='ocrx_word' id='word_1_265' title='bbox 1940 1432 1999 1478; x_wconf 91' lang='lat' dir='ltr'><strong>ut</strong></span> <span class='ocrx_word' id='word_1_266' title='bbox 2028 1435 2376 1478; x_wconf 88' lang='lat' dir='ltr'><strong>communem</strong></span> <span class='ocrx_word' id='word_1_267' title='bbox 2410 1433 2511 1489; x_wconf 90' lang='lat' dir='ltr'><strong>per</strong></span> <span class='ocrx_word' id='word_1_268' title='bbox 2538 1417 2673 1471; x_wconf 89' lang='lat' dir='ltr'><strong>illud</strong></span> <span class='ocrx_word' id='word_1_269' title='bbox 2717 1415 3179 1471; x_wconf 88' lang='lat' dir='ltr'><strong>resurrectionem</strong></span> <span class='ocrx_word' id='word_1_270' title='bbox 3205 1420 3509 1482; x_wconf 68' lang='lat' dir='ltr'><strong>praestaret,</strong></span> 
     </span>
    </p>
   </div>
   <div class='ocr_carea' id='block_1_43' title="bbox 1935 1498 3509 1582">
    <p class='ocr_par' dir='ltr' id='par_1_43' title="bbox 1935 1498 3509 1582">
     <span class='ocr_line' id='line_1_43' title="bbox 1935 1498 3509 1582; baseline -0.01 -15"><span class='ocrx_word' id='word_1_271' title='bbox 1935 1522 2098 1582; x_wconf 88' lang='lat' dir='ltr'><strong>atque</strong></span> <span class='ocrx_word' id='word_1_272' title='bbox 2144 1510 2286 1563; x_wconf 88' lang='lat' dir='ltr'><strong>hanc</strong></span> <span class='ocrx_word' id='word_1_273' title='bbox 2328 1507 2490 1562; x_wconf 87' lang='lat' dir='ltr'><strong>nobis</strong></span> <span class='ocrx_word' id='word_1_274' title='bbox 2518 1520 2669 1575; x_wconf 88' lang='lat' dir='ltr'><strong>spem</strong></span> <span class='ocrx_word' id='word_1_275' title='bbox 2701 1503 2912 1557; x_wconf 83' lang='lat' dir='ltr'><strong>firmam</strong></span> <span class='ocrx_word' id='word_1_276' title='bbox 2939 1501 3231 1570; x_wconf 64' lang='lat' dir='ltr'><strong>praeberet.</strong></span> <span class='ocrx_word' id='word_1_277' title='bbox 3263 1498 3419 1564; x_wconf 84' lang='lat' dir='ltr'><strong>Quod</strong></span> <span class='ocrx_word' id='word_1_278' title='bbox 3440 1498 3509 1562; x_wconf 88' lang='lat' dir='ltr'><strong>si,</strong></span> 
     </span>
    </p>
   </div>
   <div class='ocr_carea' id='block_1_44' title="bbox 1937 1589 3510 1657">
    <p class='ocr_par' dir='ltr' id='par_1_44' title="bbox 1937 1589 3510 1657">
     <span class='ocr_line' id='line_1_44' title="bbox 1937 1589 3510 1657; baseline -0.01 -1"><span class='ocrx_word' id='word_1_279' title='bbox 1937 1616 2062 1657; x_wconf 92' lang='lat' dir='ltr'><strong>cum</strong></span> <span class='ocrx_word' id='word_1_280' title='bbox 2096 1600 2296 1655; x_wconf 67' lang='lat' dir='ltr'><strong>divina:</strong></span> <span class='ocrx_word' id='word_1_281' title='bbox 2321 1595 2647 1652; x_wconf 85' lang='lat' dir='ltr'><strong>festivitates</strong></span> <span class='ocrx_word' id='word_1_282' title='bbox 2681 1592 3053 1648; x_wconf 89' lang='lat' dir='ltr'><strong>omnimodam</strong></span> <span class='ocrx_word' id='word_1_283' title='bbox 3078 1589 3510 1645; x_wconf 86' lang='lat' dir='ltr'><strong>consolationem</strong></span> 
     </span>
    </p>
   </div>
   <div class='ocr_carea' id='block_1_45' title="bbox 1937 1685 3508 1751">
    <p class='ocr_par' dir='ltr' id='par_1_45' title="bbox 1937 1685 3508 1751">
     <span class='ocr_line' id='line_1_45' title="bbox 1937 1685 3508 1751; baseline -0.01 -4"><span class='ocrx_word' id='word_1_284' title='bbox 1937 1692 2137 1747; x_wconf 85' lang='lat' dir='ltr'><strong>afferre</strong></span> <span class='ocrx_word' id='word_1_285' title='bbox 2181 1691 2431 1751; x_wconf 86' lang='lat' dir='ltr'><strong>soleant,</strong></span> <span class='ocrx_word' id='word_1_286' title='bbox 2488 1686 2726 1741; x_wconf 66' lang='lat' dir='ltr'><strong>tristitiae</strong></span> <span class='ocrx_word' id='word_1_287' title='bbox 2773 1685 3018 1738; x_wconf 88' lang='lat' dir='ltr'><strong>dolorem</strong></span> <span class='ocrx_word' id='word_1_288' title='bbox 3068 1697 3178 1735; x_wconf 91' lang='lat' dir='ltr'><strong>non</strong></span> <span class='ocrx_word' id='word_1_289' title='bbox 3209 1693 3508 1749; x_wconf 78' lang='lat' dir='ltr'><strong>expugnas,</strong></span> 
     </span>
    </p>
   </div>
   <div class='ocr_carea' id='block_1_46' title="bbox 1937 1769 3513 1851">
    <p class='ocr_par' dir='ltr' id='par_1_46' title="bbox 1937 1769 3513 1851">
     <span class='ocr_line' id='line_1_46' title="bbox 1937 1769 3513 1851; baseline -0.009 -13"><span class='ocrx_word' id='word_1_290' title='bbox 1937 1782 2142 1838; x_wconf 89' lang='lat' dir='ltr'><strong>suadeo</strong></span> <span class='ocrx_word' id='word_1_291' title='bbox 2169 1779 2421 1851; x_wconf 83' lang='lat' dir='ltr'><strong>gravitati</strong></span> <span class='ocrx_word' id='word_1_292' title='bbox 2442 1786 2569 1842; x_wconf 65' lang='lat' dir='ltr'><strong>tuae,</strong></span> <span class='ocrx_word' id='word_1_293' title='bbox 2596 1785 2659 1831; x_wconf 91' lang='lat' dir='ltr'><strong>ut</strong></span> <span class='ocrx_word' id='word_1_294' title='bbox 2675 1791 2739 1830; x_wconf 89' lang='lat' dir='ltr'><strong>ea</strong></span> <span class='ocrx_word' id='word_1_295' title='bbox 2760 1775 2970 1844; x_wconf 80' lang='lat' dir='ltr'><strong>relegas</strong></span> <span class='ocrx_word' id='word_1_296' title='bbox 2996 1771 3205 1843; x_wconf 78' lang='lat'><strong>1067</strong></span> <span class='ocrx_word' id='word_1_297' title='bbox 3227 1786 3347 1840; x_wconf 61' lang='lat' dir='ltr'><strong>quae</strong></span> <span class='ocrx_word' id='word_1_298' title='bbox 3367 1769 3513 1824; x_wconf 89' lang='lat' dir='ltr'><strong>dotis</strong></span> 
     </span>
    </p>
   </div>
   <div class='ocr_carea' id='block_1_47' title="bbox 1938 1862 3513 1932">
    <p class='ocr_par' dir='ltr' id='par_1_47' title="bbox 1938 1862 3513 1932">
     <span class='ocr_line' id='line_1_47' title="bbox 1938 1862 3513 1932; baseline -0.009 -5"><span class='ocrx_word' id='word_1_299' title='bbox 1938 1874 2281 1927; x_wconf 89' lang='lat' dir='ltr'><strong>incremento</strong></span> <span class='ocrx_word' id='word_1_300' title='bbox 2334 1869 2390 1922; x_wconf 91' lang='lat' dir='ltr'><strong>in</strong></span> <span class='ocrx_word' id='word_1_301' title='bbox 2436 1866 2714 1922; x_wconf 89' lang='lat' dir='ltr'><strong>dotalibus</strong></span> <span class='ocrx_word' id='word_1_302' title='bbox 2760 1864 2964 1920; x_wconf 88' lang='lat' dir='ltr'><strong>tabulis</strong></span> <span class='ocrx_word' id='word_1_303' title='bbox 3014 1862 3402 1932; x_wconf 89' lang='lat' dir='ltr'><strong>subjiciuntur,</strong></span> <span class='ocrx_word' id='word_1_304' title='bbox 3456 1868 3513 1914; x_wconf 86' lang='lat' dir='ltr'><strong>et</strong></span> 
     </span>
    </p>
   </div>
   <div class='ocr_carea' id='block_1_48' title="bbox 1937 1952 3509 2043">
    <p class='ocr_par' dir='ltr' id='par_1_48' title="bbox 1937 1952 3509 2043">
     <span class='ocr_line' id='line_1_48' title="bbox 1937 1952 3509 2043; baseline -0.01 -24"><span class='ocrx_word' id='word_1_305' title='bbox 1937 1971 2124 2035; x_wconf 88' lang='lat' dir='ltr'><strong>aperte</strong></span> <span class='ocrx_word' id='word_1_306' title='bbox 2167 1976 2465 2043; x_wconf 83' lang='lat' dir='ltr'><strong>cognoscas</strong></span> <span class='ocrx_word' id='word_1_307' title='bbox 2512 1957 2706 2013; x_wconf 84' lang='lat' dir='ltr'><strong>mortis</strong></span> <span class='ocrx_word' id='word_1_308' title='bbox 2744 1954 3067 2010; x_wconf 89' lang='lat' dir='ltr'><strong>memoriam</strong></span> <span class='ocrx_word' id='word_1_309' title='bbox 3119 1952 3340 2022; x_wconf 86' lang='lat' dir='ltr'><strong>nuptias</strong></span> <span class='ocrx_word' id='word_1_310' title='bbox 3368 1967 3509 2021; x_wconf 66' lang='lat' dir='ltr'><strong>prae-</strong></span> 
     </span>
    </p>
   </div>
   <div class='ocr_carea' id='block_1_49' title="bbox 1937 2041 3507 2111">
    <p class='ocr_par' dir='ltr' id='par_1_49' title="bbox 1937 2041 3507 2111">
     <span class='ocr_line' id='line_1_49' title="bbox 1937 2041 3507 2111; baseline -0.011 0"><span class='ocrx_word' id='word_1_311' title='bbox 1937 2055 2185 2111; x_wconf 89' lang='lat' dir='ltr'><strong>cessisse.</strong></span> <span class='ocrx_word' id='word_1_312' title='bbox 2221 2052 2381 2107; x_wconf 87' lang='lat' dir='ltr'><strong>Morti</strong></span> <span class='ocrx_word' id='word_1_313' title='bbox 2409 2050 2558 2106; x_wconf 91' lang='lat' dir='ltr'><strong>enim</strong></span> <span class='ocrx_word' id='word_1_314' title='bbox 2590 2048 2884 2104; x_wconf 84' lang='lat' dir='ltr'><strong>obnoxiam</strong></span> <span class='ocrx_word' id='word_1_315' title='bbox 2908 2060 3030 2100; x_wconf 90' lang='lat' dir='ltr'><strong>esse</strong></span> <span class='ocrx_word' id='word_1_316' title='bbox 3058 2052 3313 2097; x_wconf 89' lang='lat' dir='ltr'><strong>naturam</strong></span> <span class='ocrx_word' id='word_1_317' title='bbox 3342 2041 3507 2095; x_wconf 88' lang='lat' dir='ltr'><strong>intel-</strong></span> 
     </span>
    </p>
   </div>
   <div class='ocr_carea' id='block_1_50' title="bbox 1936 2134 3509 2219">
    <p class='ocr_par' dir='ltr' id='par_1_50' title="bbox 1936 2134 3509 2219">
     <span class='ocr_line' id='line_1_50' title="bbox 1936 2134 3509 2219; baseline -0.01 -17"><span class='ocrx_word' id='word_1_318' title='bbox 1936 2148 2165 2219; x_wconf 86' lang='lat' dir='ltr'><strong>ligentes</strong></span> <span class='ocrx_word' id='word_1_319' title='bbox 2217 2153 2273 2200; x_wconf 89' lang='lat' dir='ltr'><strong>et</strong></span> <span class='ocrx_word' id='word_1_320' title='bbox 2319 2144 2502 2199; x_wconf 88' lang='lat' dir='ltr'><strong>adhuc</strong></span> <span class='ocrx_word' id='word_1_321' title='bbox 2563 2140 2867 2195; x_wconf 84' lang='lat' dir='ltr'><strong>viventium</strong></span> <span class='ocrx_word' id='word_1_322' title='bbox 2921 2136 3043 2207; x_wconf 88' lang='lat' dir='ltr'><strong>paci</strong></span> <span class='ocrx_word' id='word_1_323' title='bbox 3090 2134 3509 2205; x_wconf 86' lang='lat' dir='ltr'><strong>prospicientes,</strong></span> 
     </span>
    </p>
   </div>
   <div class='ocr_carea' id='block_1_51' title="bbox 1937 2223 3511 2307">
    <p class='ocr_par' dir='ltr' id='par_1_51' title="bbox 1937 2223 3511 2307">
     <span class='ocr_line' id='line_1_51' title="bbox 1937 2223 3511 2307; baseline -0.011 -13"><span class='ocrx_word' id='word_1_324' title='bbox 1937 2238 2282 2294; x_wconf 89' lang='lat' dir='ltr'><strong>conditiones</strong></span> <span class='ocrx_word' id='word_1_325' title='bbox 2303 2250 2439 2307; x_wconf 89' lang='lat' dir='ltr'><strong>quas</strong></span> <span class='ocrx_word' id='word_1_326' title='bbox 2459 2241 2659 2289; x_wconf 90' lang='lat' dir='ltr'><strong>vocant</strong></span> <span class='ocrx_word' id='word_1_327' title='bbox 2684 2232 3007 2301; x_wconf 90' lang='lat' dir='ltr'><strong>imponunt,</strong></span> <span class='ocrx_word' id='word_1_328' title='bbox 3054 2236 3111 2282; x_wconf 91' lang='lat' dir='ltr'><strong>et</strong></span> <span class='ocrx_word' id='word_1_329' title='bbox 3135 2234 3261 2280; x_wconf 89' lang='lat' dir='ltr'><strong>ante</strong></span> <span class='ocrx_word' id='word_1_330' title='bbox 3289 2223 3511 2293; x_wconf 87' lang='lat' dir='ltr'><strong>nuptia-</strong></span> 
     </span>
    </p>
   </div>
   <div class='ocr_carea' id='block_1_52' title="bbox 1935 2315 3513 2399">
    <p class='ocr_par' dir='ltr' id='par_1_52' title="bbox 1935 2315 3513 2399">
     <span class='ocr_line' id='line_1_52' title="bbox 1935 2315 3513 2399; baseline -0.01 -15"><span class='ocrx_word' id='word_1_331' title='bbox 1935 2330 2043 2384; x_wconf 91' lang='lat' dir='ltr'><strong>lem</strong></span> <span class='ocrx_word' id='word_1_332' title='bbox 2090 2328 2341 2399; x_wconf 88' lang='lat' dir='ltr'><strong>copulam</strong></span> <span class='ocrx_word' id='word_1_333' title='bbox 2391 2326 2588 2382; x_wconf 89' lang='lat' dir='ltr'><strong>mortis</strong></span> <span class='ocrx_word' id='word_1_334' title='bbox 2616 2324 2934 2379; x_wconf 88' lang='lat' dir='ltr'><strong>meminisse</strong></span> <span class='ocrx_word' id='word_1_335' title='bbox 2966 2335 3079 2375; x_wconf 91' lang='lat' dir='ltr'><strong>non</strong></span> <span class='ocrx_word' id='word_1_336' title='bbox 3109 2318 3379 2379; x_wconf 89' lang='lat' dir='ltr'><strong>abnuunt,</strong></span> <span class='ocrx_word' id='word_1_337' title='bbox 3415 2315 3513 2370; x_wconf 90' lang='lat' dir='ltr'><strong>sed</strong></span> 
     </span>
    </p>
   </div>
   <div class='ocr_carea' id='block_1_53' title="bbox 1936 2405 3511 2490">
    <p class='ocr_par' dir='ltr' id='par_1_53' title="bbox 1936 2405 3511 2490">
     <span class='ocr_line' id='line_1_53' title="bbox 1936 2405 3511 2490; baseline -0.012 -13"><span class='ocrx_word' id='word_1_338' title='bbox 1936 2422 2141 2476; x_wconf 89' lang='lat' dir='ltr'><strong>diserte</strong></span> <span class='ocrx_word' id='word_1_339' title='bbox 2183 2419 2590 2490; x_wconf 75' lang='lat' dir='ltr'><strong>pronuntiant;</strong></span> <span class='ocrx_word' id='word_1_340' title='bbox 2629 2416 2686 2471; x_wconf 91' lang='lat' dir='ltr'><strong>Si</strong></span> <span class='ocrx_word' id='word_1_341' title='bbox 2730 2416 2815 2469; x_wconf 86' lang='lat' dir='ltr'><strong>vir</strong></span> <span class='ocrx_word' id='word_1_342' title='bbox 2855 2422 2982 2468; x_wconf 87' lang='lat' dir='ltr'><strong>ante</strong></span> <span class='ocrx_word' id='word_1_343' title='bbox 3034 2418 3285 2465; x_wconf 90' lang='lat' dir='ltr'><strong>mortuus</strong></span> <span class='ocrx_word' id='word_1_344' title='bbox 3322 2405 3511 2468; x_wconf 87' lang='lat' dir='ltr'><strong>fuerit,</strong></span> 
     </span>
    </p>
   </div>
   <div class='ocr_carea' id='block_1_54' title="bbox 1936 2497 3512 2569">
    <p class='ocr_par' dir='ltr' id='par_1_54' title="bbox 1936 2497 3512 2569">
     <span class='ocr_line' id='line_1_54' title="bbox 1936 2497 3512 2569; baseline -0.01 -5"><span class='ocrx_word' id='word_1_345' title='bbox 1936 2511 2043 2564; x_wconf 88' lang='lat' dir='ltr'><strong>hoc</strong></span> <span class='ocrx_word' id='word_1_346' title='bbox 2088 2510 2206 2563; x_wconf 85' lang='lat' dir='ltr'><strong>fieri</strong></span> <span class='ocrx_word' id='word_1_347' title='bbox 2250 2515 2583 2563; x_wconf 89' lang='lat' dir='ltr'><strong>conventum</strong></span> <span class='ocrx_word' id='word_1_348' title='bbox 2610 2514 2695 2560; x_wconf 91' lang='lat' dir='ltr'><strong>est</strong></span> <span class='ocrx_word' id='word_1_349' title='bbox 2723 2522 2737 2558; x_wconf 90' lang='lat'><strong>:</strong></span> <span class='ocrx_word' id='word_1_350' title='bbox 2763 2504 2849 2559; x_wconf 87' lang='lat' dir='ltr'><strong>sin</strong></span> <span class='ocrx_word' id='word_1_351' title='bbox 2882 2502 3042 2557; x_wconf 83' lang='lat' dir='ltr'><strong>uxori</strong></span> <span class='ocrx_word' id='word_1_352' title='bbox 3071 2500 3226 2569; x_wconf 88' lang='lat' dir='ltr'><strong>prius</strong></span> <span class='ocrx_word' id='word_1_353' title='bbox 3254 2497 3309 2551; x_wconf 91' lang='lat' dir='ltr'><strong>id</strong></span> <span class='ocrx_word' id='word_1_354' title='bbox 3331 2497 3512 2550; x_wconf 88' lang='lat' dir='ltr'><strong>conti-</strong></span> 
     </span>
    </p>
   </div>
   <div class='ocr_carea' id='block_1_55' title="bbox 1936 2586 3511 2669">
    <p class='ocr_par' dir='ltr' id='par_1_55' title="bbox 1936 2586 3511 2669">
     <span class='ocr_line' id='line_1_55' title="bbox 1936 2586 3511 2669; baseline -0.007 -17"><span class='ocrx_word' id='word_1_355' title='bbox 1936 2598 2108 2669; x_wconf 86' lang='lat' dir='ltr'><strong>gerit,</strong></span> <span class='ocrx_word' id='word_1_356' title='bbox 2140 2598 2249 2651; x_wconf 88' lang='lat' dir='ltr'><strong>hoc</strong></span> <span class='ocrx_word' id='word_1_357' title='bbox 2275 2597 2348 2651; x_wconf 89' lang='lat' dir='ltr'><strong>ita</strong></span> <span class='ocrx_word' id='word_1_358' title='bbox 2379 2594 2731 2665; x_wconf 83' lang='lat' dir='ltr'><strong>complacuit.</strong></span> <span class='ocrx_word' id='word_1_359' title='bbox 2769 2592 2911 2659; x_wconf 83' lang='lat' dir='ltr'><strong>Quid</strong></span> <span class='ocrx_word' id='word_1_360' title='bbox 2939 2605 3069 2660; x_wconf 91' lang='lat' dir='ltr'><strong>ergo</strong></span> <span class='ocrx_word' id='word_1_361' title='bbox 3091 2603 3233 2658; x_wconf 63' lang='lat' dir='ltr'><strong>aegre</strong></span> <span class='ocrx_word' id='word_1_362' title='bbox 3262 2586 3511 2650; x_wconf 88' lang='lat' dir='ltr'><strong>ferimus,</strong></span> 
     </span>
    </p>
   </div>
   <div class='ocr_carea' id='block_1_56' title="bbox 1935 2676 3511 2763">
    <p class='ocr_par' dir='ltr' id='par_1_56' title="bbox 1935 2676 3511 2763">
     <span class='ocr_line' id='line_1_56' title="bbox 1935 2676 3511 2763; baseline -0.011 -16"><span class='ocrx_word' id='word_1_363' title='bbox 1935 2691 2027 2763; x_wconf 88' lang='lat' dir='ltr'><strong>qui</strong></span> <span class='ocrx_word' id='word_1_364' title='bbox 2060 2691 2178 2745; x_wconf 72' lang='lat' dir='ltr'><strong>ham</strong></span> <span class='ocrx_word' id='word_1_365' title='bbox 2208 2696 2334 2743; x_wconf 89' lang='lat' dir='ltr'><strong>ante</strong></span> <span class='ocrx_word' id='word_1_366' title='bbox 2361 2687 2580 2758; x_wconf 85' lang='lat' dir='ltr'><strong>nuptias</strong></span> <span class='ocrx_word' id='word_1_367' title='bbox 2601 2684 2927 2746; x_wconf 88' lang='lat' dir='ltr'><strong>didicimus,</strong></span> <span class='ocrx_word' id='word_1_368' title='bbox 2959 2689 3123 2749; x_wconf 88' lang='lat' dir='ltr'><strong>atque</strong></span> <span class='ocrx_word' id='word_1_369' title='bbox 3147 2678 3264 2732; x_wconf 65' lang='lat' dir='ltr'><strong>haec</strong></span> <span class='ocrx_word' id='word_1_370' title='bbox 3291 2677 3347 2730; x_wconf 91' lang='lat' dir='ltr'><strong>in</strong></span> <span class='ocrx_word' id='word_1_371' title='bbox 3371 2676 3511 2740; x_wconf 89' lang='lat' dir='ltr'><strong>dies,</strong></span> 
     </span>
    </p>
   </div>
   <div class='ocr_carea' id='block_1_57' title="bbox 1938 2771 3515 2848">
    <p class='ocr_par' dir='ltr' id='par_1_57' title="bbox 1938 2771 3515 2848">
     <span class='ocr_line' id='line_1_57' title="bbox 1938 2771 3515 2848; baseline -0.011 -9"><span class='ocrx_word' id='word_1_372' title='bbox 1938 2792 1999 2840; x_wconf 87' lang='lat' dir='ltr'><strong>ut</strong></span> <span class='ocrx_word' id='word_1_373' title='bbox 2044 2782 2214 2839; x_wconf 89' lang='lat' dir='ltr'><strong>verbo</strong></span> <span class='ocrx_word' id='word_1_374' title='bbox 2256 2781 2473 2844; x_wconf 91' lang='lat' dir='ltr'><strong>dicam,</strong></span> <span class='ocrx_word' id='word_1_375' title='bbox 2527 2778 2773 2848; x_wconf 87' lang='lat' dir='ltr'><strong>singulos</strong></span> <span class='ocrx_word' id='word_1_376' title='bbox 2812 2771 3225 2844; x_wconf 79' lang='lat' dir='ltr'><strong>exspectamus?</strong></span> <span class='ocrx_word' id='word_1_377' title='bbox 3281 2771 3515 2825; x_wconf 88' lang='lat' dir='ltr'><strong>Prorsus</strong></span> 
     </span>
    </p>
   </div>
   <div class='ocr_carea' id='block_1_58' title="bbox 1936 2860 3516 2937">
    <p class='ocr_par' dir='ltr' id='par_1_58' title="bbox 1936 2860 3516 2937">
     <span class='ocr_line' id='line_1_58' title="bbox 1936 2860 3516 2937; baseline -0.012 -6"><span class='ocrx_word' id='word_1_378' title='bbox 1936 2876 2084 2932; x_wconf 89' lang='lat' dir='ltr'><strong>enim</strong></span> <span class='ocrx_word' id='word_1_379' title='bbox 2116 2888 2341 2929; x_wconf 90' lang='lat' dir='ltr'><strong>necesse</strong></span> <span class='ocrx_word' id='word_1_380' title='bbox 2366 2878 2453 2926; x_wconf 90' lang='lat' dir='ltr'><strong>est</strong></span> <span class='ocrx_word' id='word_1_381' title='bbox 2477 2868 2704 2926; x_wconf 91' lang='lat' dir='ltr'><strong>dissolvi</strong></span> <span class='ocrx_word' id='word_1_382' title='bbox 2730 2866 3068 2937; x_wconf 86' lang='lat' dir='ltr'><strong>conjugium,</strong></span> <span class='ocrx_word' id='word_1_383' title='bbox 3100 2872 3195 2917; x_wconf 89' lang='lat' dir='ltr'><strong>aut</strong></span> <span class='ocrx_word' id='word_1_384' title='bbox 3216 2862 3337 2916; x_wconf 85' lang='lat' dir='ltr'><strong>viro</strong></span> <span class='ocrx_word' id='word_1_385' title='bbox 3361 2860 3516 2930; x_wconf 92' lang='lat' dir='ltr'><strong>prius</strong></span> 
     </span>
    </p>
   </div>
   <div class='ocr_carea' id='block_1_59' title="bbox 1937 2954 3516 3032">
    <p class='ocr_par' dir='ltr' id='par_1_59' title="bbox 1937 2954 3516 3032">
     <span class='ocr_line' id='line_1_59' title="bbox 1937 2954 3516 3032; baseline -0.013 -9"><span class='ocrx_word' id='word_1_386' title='bbox 1937 2956 2196 3031; x_wconf 86' lang='lat' dir='ltr'><strong>obeunte,</strong></span> <span class='ocrx_word' id='word_1_387' title='bbox 2232 2973 2325 3019; x_wconf 87' lang='lat' dir='ltr'><strong>aut</strong></span> <span class='ocrx_word' id='word_1_388' title='bbox 2356 2978 2525 3017; x_wconf 77' lang='lat' dir='ltr'><strong>uxore</strong></span> <span class='ocrx_word' id='word_1_389' title='bbox 2548 2966 2849 3032; x_wconf 63' lang='lat' dir='ltr'><strong>praeeunte.</strong></span> <span class='ocrx_word' id='word_1_390' title='bbox 2885 2956 2987 3011; x_wconf 82' lang='lat' dir='ltr'><strong>Hic</strong></span> <span class='ocrx_word' id='word_1_391' title='bbox 3022 2954 3170 3008; x_wconf 88' lang='lat' dir='ltr'><strong>enim</strong></span> <span class='ocrx_word' id='word_1_392' title='bbox 3197 2966 3394 3007; x_wconf 87' lang='lat' dir='ltr'><strong>cursus</strong></span> <span class='ocrx_word' id='word_1_393' title='bbox 3429 2957 3516 3005; x_wconf 87' lang='lat' dir='ltr'><strong>est</strong></span> 
     </span>
    </p>
   </div>
   <div class='ocr_carea' id='block_1_60' title="bbox 1935 3040 3513 3124">
    <p class='ocr_par' dir='ltr' id='par_1_60' title="bbox 1935 3040 3513 3124">
     <span class='ocr_line' id='line_1_60' title="bbox 1935 3040 3513 3124; baseline -0.013 -10"><span class='ocrx_word' id='word_1_394' title='bbox 1935 3059 2079 3114; x_wconf 74' lang='lat' dir='ltr'><strong>vitae.</strong></span> <span class='ocrx_word' id='word_1_395' title='bbox 2113 3058 2181 3113; x_wconf 87' lang='lat' dir='ltr'><strong>Et</strong></span> <span class='ocrx_word' id='word_1_396' title='bbox 2205 3055 2393 3111; x_wconf 91' lang='lat' dir='ltr'><strong>divina</strong></span> <span class='ocrx_word' id='word_1_397' title='bbox 2415 3054 2584 3124; x_wconf 89' lang='lat' dir='ltr'><strong>igitur</strong></span> <span class='ocrx_word' id='word_1_398' title='bbox 2615 3059 2671 3107; x_wconf 91' lang='lat' dir='ltr'><strong>et</strong></span> <span class='ocrx_word' id='word_1_399' title='bbox 2699 3050 2938 3104; x_wconf 84' lang='lat' dir='ltr'><strong>humana</strong></span> <span class='ocrx_word' id='word_1_400' title='bbox 2965 3045 3170 3101; x_wconf 87' lang='lat' dir='ltr'><strong>callens</strong></span> <span class='ocrx_word' id='word_1_401' title='bbox 3199 3040 3513 3113; x_wconf 63' lang='lat' dir='ltr'><strong>praestantia</strong></span> 
     </span>
    </p>
   </div>
   <div class='ocr_carea' id='block_1_61' title="bbox 264 3135 1837 3224">
    <p class='ocr_par' dir='ltr' id='par_1_61' title="bbox 264 3152 1837 3224">
     <span class='ocr_line' id='line_1_61' title="bbox 264 3152 1837 3224; baseline 0.002 -20"><span class='ocrx_word' id='word_1_402' title='bbox 264 3152 380 3221; x_wconf 84' lang='grc' dir='ltr'>εχει</span> <span class='ocrx_word' id='word_1_403' title='bbox 408 3152 499 3206; x_wconf 82' lang='grc' dir='ltr'><strong>τὸν</strong></span> <span class='ocrx_word' id='word_1_404' title='bbox 524 3153 726 3224; x_wconf 84' lang='grc' dir='ltr'>δρόμον</span> <span class='ocrx_word' id='word_1_405' title='bbox 763 3155 792 3207; x_wconf 92' lang='lat'><strong>6</strong></span> <span class='ocrx_word' id='word_1_406' title='bbox 835 3152 969 3223; x_wconf 85' lang='grc' dir='ltr'>βίος.</span> <span class='ocrx_word' id='word_1_407' title='bbox 1006 3153 1116 3206; x_wconf 78' lang='lat' dir='ltr'><strong>Kal.</strong></span> <span class='ocrx_word' id='word_1_408' title='bbox 1148 3153 1215 3207; x_wconf 83' lang='grc' dir='ltr'><strong>τὰ</strong></span> <span class='ocrx_word' id='word_1_409' title='bbox 1258 3152 1377 3206; x_wconf 80' lang='grc' dir='ltr'>θεῖα</span> <span class='ocrx_word' id='word_1_410' title='bbox 1417 3152 1618 3217; x_wconf 87' lang='grc' dir='ltr'>τοίνυν,</span> <span class='ocrx_word' id='word_1_411' title='bbox 1647 3153 1744 3206; x_wconf 69' lang='grc' dir='ltr'><strong>καὶ</strong></span> <span class='ocrx_word' id='word_1_412' title='bbox 1766 3152 1837 3207; x_wconf 81' lang='grc' dir='ltr'><strong>τὰ</strong></span> 
     </span>
    </p>
   </div>
   <div class='ocr_carea' id='block_1_62' title="bbox 1943 3135 3513 3224">
    <p class='ocr_par' dir='ltr' id='par_1_62' title="bbox 1943 3135 3513 3206">
     <span class='ocr_line' id='line_1_62' title="bbox 1943 3135 3513 3206; baseline -0.013 -2"><span class='ocrx_word' id='word_1_413' title='bbox 1943 3158 2033 3204; x_wconf 89' lang='lat' dir='ltr'><strong>tua</strong></span> <span class='ocrx_word' id='word_1_414' title='bbox 2070 3147 2350 3204; x_wconf 88' lang='lat' dir='ltr'><strong>tristitiam</strong></span> <span class='ocrx_word' id='word_1_415' title='bbox 2371 3144 2633 3206; x_wconf 75' lang='lat' dir='ltr'><strong>excutiat,</strong></span> <span class='ocrx_word' id='word_1_416' title='bbox 2674 3149 2731 3196; x_wconf 90' lang='lat' dir='ltr'><strong>et</strong></span> <span class='ocrx_word' id='word_1_417' title='bbox 2752 3152 3099 3196; x_wconf 89' lang='lat' dir='ltr'><strong>communem</strong></span> <span class='ocrx_word' id='word_1_418' title='bbox 3122 3135 3340 3206; x_wconf 90' lang='lat' dir='ltr'><strong>piorum</strong></span> <span class='ocrx_word' id='word_1_419' title='bbox 3361 3146 3513 3201; x_wconf 88' lang='lat' dir='ltr'><strong>spem</strong></span> 
     </span>
    </p>
   </div>
   <div class='ocr_carea' id='block_1_63' title="bbox 262 3242 1834 3316">
    <p class='ocr_par' dir='ltr' id='par_1_63' title="bbox 262 3242 1834 3316">
     <span class='ocr_line' id='line_1_63' title="bbox 262 3242 1834 3316; baseline -0.001 -17"><span class='ocrx_word' id='word_1_420' title='bbox 262 3244 581 3316; x_wconf 82' lang='grc' dir='ltr'>ἀνθρώπινα</span> <span class='ocrx_word' id='word_1_421' title='bbox 614 3244 801 3315; x_wconf 75' lang='grc' dir='ltr'>σαφῶς</span> <span class='ocrx_word' id='word_1_422' title='bbox 827 3245 1002 3298; x_wconf 76' lang='grc' dir='ltr'>εἰδυῖά</span> <span class='ocrx_word' id='word_1_423' title='bbox 1028 3262 1121 3297; x_wconf 90' lang='grc' dir='ltr'><strong>σου</strong></span> <span class='ocrx_word' id='word_1_424' title='bbox 1152 3245 1186 3314; x_wconf 80' lang='grc' dir='ltr'><strong>ἡ</strong></span> <span class='ocrx_word' id='word_1_425' title='bbox 1215 3242 1607 3314; x_wconf 86' lang='grc' dir='ltr'>θαυμασιότης,</span> <span class='ocrx_word' id='word_1_426' title='bbox 1640 3244 1834 3297; x_wconf 86' lang='grc' dir='ltr'>σκεδα-</span> 
     </span>
    </p>
   </div>
   <div class='ocr_carea' id='block_1_64' title="bbox 263 3330 1836 3406">
    <p class='ocr_par' dir='ltr' id='par_1_64' title="bbox 263 3330 1836 3406">
     <span class='ocr_line' id='line_1_64' title="bbox 263 3330 1836 3406; baseline -0.002 -19"><span class='ocrx_word' id='word_1_427' title='bbox 263 3334 411 3388; x_wconf 86' lang='grc' dir='ltr'><strong>σάτω</strong></span> <span class='ocrx_word' id='word_1_428' title='bbox 433 3335 531 3406; x_wconf 78' lang='grc' dir='ltr'>τὴν</span> <span class='ocrx_word' id='word_1_429' title='bbox 562 3333 824 3405; x_wconf 86' lang='grc' dir='ltr'>ἀθυμίαν,</span> <span class='ocrx_word' id='word_1_430' title='bbox 853 3334 949 3387; x_wconf 78' lang='grc' dir='ltr'>καὶ</span> <span class='ocrx_word' id='word_1_431' title='bbox 984 3332 1084 3403; x_wconf 76' lang='grc' dir='ltr'><strong>τὴν</strong></span> <span class='ocrx_word' id='word_1_432' title='bbox 1108 3331 1294 3401; x_wconf 82' lang='grc' dir='ltr'>κοινὴν</span> <span class='ocrx_word' id='word_1_433' title='bbox 1319 3330 1513 3385; x_wconf 76' lang='grc' dir='ltr'>ἐλπίδα</span> <span class='ocrx_word' id='word_1_434' title='bbox 1539 3330 1647 3384; x_wconf 84' lang='grc' dir='ltr'><strong>τῶν</strong></span> <span class='ocrx_word' id='word_1_435' title='bbox 1680 3330 1836 3384; x_wconf 84' lang='grc' dir='ltr'>εὐσε-</span> 
     </span>
    </p>
   </div>
   <div class='ocr_carea' id='block_1_65' title="bbox 267 3425 815 3499">
    <p class='ocr_par' dir='ltr' id='par_1_65' title="bbox 267 3425 815 3499">
     <span class='ocr_line' id='line_1_65' title="bbox 267 3425 815 3499; baseline 0.002 -22"><span class='ocrx_word' id='word_1_436' title='bbox 267 3425 381 3480; x_wconf 75' lang='grc' dir='ltr'>ϐῶν</span> <span class='ocrx_word' id='word_1_437' title='bbox 411 3426 815 3499; x_wconf 80' lang='grc' dir='ltr'>προσμεινάτω.</span> 
     </span>
    </p>
   </div>
   <div class='ocr_carea' id='block_1_66' title="bbox 730 3538 1424 3611">
    <p class='ocr_par' dir='ltr' id='par_1_66' title="bbox 730 3538 1424 3611">
     <span class='ocr_line' id='line_1_66' title="bbox 730 3538 1424 3611; baseline -0.007 -19"><span class='ocrx_word' id='word_1_438' title='bbox 730 3539 808 3593; x_wconf 78' lang='lat'><strong>8&#39;.</strong></span> <span class='ocrx_word' id='word_1_439' title='bbox 835 3568 903 3579; x_wconf 93' lang='lat'>—</span> <span class='ocrx_word' id='word_1_440' title='bbox 939 3540 1245 3609; x_wconf 77' lang='grc' dir='ltr'><strong>Ἁνωνύμῳ</strong></span> <span class='ocrx_word' id='word_1_441' title='bbox 1269 3538 1368 3611; x_wconf 79' lang='lat'><strong>(5).</strong></span> <span class='ocrx_word' id='word_1_442' title='bbox 1411 3577 1424 3587; x_wconf 89' lang='lat'><strong>.</strong></span> 
     </span>
    </p>
   </div>
   <div class='ocr_carea' id='block_1_67' title="bbox 346 3650 1839 3723">
    <p class='ocr_par' dir='ltr' id='par_1_67' title="bbox 346 3650 1839 3723">
     <span class='ocr_line' id='line_1_67' title="bbox 346 3650 1839 3723; baseline 0.001 -18"><span class='ocrx_word' id='word_1_443' title='bbox 346 3650 411 3705; x_wconf 84' lang='grc' dir='ltr'><strong>Ἦ</strong></span> <span class='ocrx_word' id='word_1_444' title='bbox 440 3652 541 3723; x_wconf 77' lang='grc' dir='ltr'>μὲν</span> <span class='ocrx_word' id='word_1_445' title='bbox 580 3650 861 3705; x_wconf 76' lang='grc' dir='ltr'>θεοσέϐεια</span> <span class='ocrx_word' id='word_1_446' title='bbox 894 3651 1048 3722; x_wconf 81' lang='grc' dir='ltr'>ὑμῶν</span> <span class='ocrx_word' id='word_1_447' title='bbox 1092 3650 1436 3723; x_wconf 85' lang='grc' dir='ltr'>δυσχεραίνει</span> <span class='ocrx_word' id='word_1_448' title='bbox 1475 3652 1565 3705; x_wconf 80' lang='grc' dir='ltr'>καὶ</span> <span class='ocrx_word' id='word_1_449' title='bbox 1612 3650 1839 3723; x_wconf 76' lang='grc' dir='ltr'>ἄχθεται</span> 
     </span>
    </p>
   </div>
   <div class='ocr_carea' id='block_1_68' title="bbox 261 3743 1839 3816">
    <p class='ocr_par' dir='ltr' id='par_1_68' title="bbox 261 3743 1839 3816">
     <span class='ocr_line' id='line_1_68' title="bbox 261 3743 1839 3816; baseline -0.001 -17"><span class='ocrx_word' id='word_1_450' title='bbox 261 3743 363 3799; x_wconf 66' lang='grc' dir='ltr'>διάν</span> <span class='ocrx_word' id='word_1_451' title='bbox 380 3744 477 3815; x_wconf 77' lang='grc' dir='ltr'>τὴν</span> <span class='ocrx_word' id='word_1_452' title='bbox 508 3744 706 3807; x_wconf 83' lang='grc' dir='ltr'>ἀδίκως</span> <span class='ocrx_word' id='word_1_453' title='bbox 740 3745 875 3814; x_wconf 76' lang='grc' dir='ltr'>ἡμῖν</span> <span class='ocrx_word' id='word_1_454' title='bbox 913 3744 1006 3797; x_wconf 77' lang='grc' dir='ltr'>καὶ</span> <span class='ocrx_word' id='word_1_455' title='bbox 1037 3743 1158 3814; x_wconf 89' lang='grc' dir='ltr'>δίχα</span> <span class='ocrx_word' id='word_1_456' title='bbox 1191 3746 1425 3816; x_wconf 89' lang='grc' dir='ltr'>κρίσεως</span> <span class='ocrx_word' id='word_1_457' title='bbox 1457 3745 1839 3814; x_wconf 80' lang='grc' dir='ltr'>ἐπενεχθεῖσαν</span> 
     </span>
    </p>
   </div>
   <div class='ocr_carea' id='block_1_69' title="bbox 262 3833 1839 3910">
    <p class='ocr_par' dir='ltr' id='par_1_69' title="bbox 262 3833 1839 3910">
     <span class='ocr_line' id='line_1_69' title="bbox 262 3833 1839 3910; baseline 0.002 -23"><span class='ocrx_word' id='word_1_458' title='bbox 262 3834 477 3906; x_wconf 61' lang='grc' dir='ltr'><strong>ψῆφον·</strong></span> <span class='ocrx_word' id='word_1_459' title='bbox 513 3835 614 3905; x_wconf 79' lang='grc' dir='ltr'>ἐμὲ</span> <span class='ocrx_word' id='word_1_460' title='bbox 657 3833 715 3888; x_wconf 86' lang='grc' dir='ltr'><strong>δέ</strong></span> <span class='ocrx_word' id='word_1_461' title='bbox 754 3834 886 3888; x_wconf 79' lang='grc' dir='ltr'>αὐτὸ</span> <span class='ocrx_word' id='word_1_462' title='bbox 924 3835 1084 3888; x_wconf 79' lang='grc' dir='ltr'>τοῦτο</span> <span class='ocrx_word' id='word_1_463' title='bbox 1120 3835 1458 3907; x_wconf 81' lang='grc' dir='ltr'>ψυχαγωγεῖ.</span> <span class='ocrx_word' id='word_1_464' title='bbox 1500 3836 1565 3890; x_wconf 79' lang='lat' dir='ltr'><strong>Ei</strong></span> <span class='ocrx_word' id='word_1_465' title='bbox 1601 3837 1839 3910; x_wconf 78' lang='grc' dir='ltr'>μὲνγὰρ</span> 
     </span>
    </p>
   </div>
   <div class='ocr_carea' id='block_1_70' title="bbox 196 3925 1839 4000">
    <p class='ocr_par' dir='ltr' id='par_1_70' title="bbox 196 3925 1839 4000">
     <span class='ocr_line' id='line_1_70' title="bbox 196 3925 1839 4000; baseline 0.003 -21"><span class='ocrx_word' id='word_1_466' title='bbox 196 3930 201 3934; x_wconf 76' lang='grc'><em>’</em></span> <span class='ocrx_word' id='word_1_467' title='bbox 261 3925 491 3990; x_wconf 87' lang='grc' dir='ltr'>δικαίως</span> <span class='ocrx_word' id='word_1_468' title='bbox 554 3925 923 3998; x_wconf 87' lang='grc' dir='ltr'>κατεκρίθην,</span> <span class='ocrx_word' id='word_1_469' title='bbox 978 3927 1194 3997; x_wconf 76' lang='grc' dir='ltr'>ῆλγησα</span> <span class='ocrx_word' id='word_1_470' title='bbox 1263 3927 1349 3990; x_wconf 82' lang='grc' dir='ltr'><strong>ἂν,</strong></span> <span class='ocrx_word' id='word_1_471' title='bbox 1410 3928 1486 3992; x_wconf 81' lang='grc' dir='ltr'>ὡς</span> <span class='ocrx_word' id='word_1_472' title='bbox 1539 3929 1839 4000; x_wconf 85' lang='grc' dir='ltr'>παρασχὼν</span> 
     </span>
    </p>
   </div>
   <div class='ocr_carea' id='block_1_71' title="bbox 262 4016 1840 4091">
    <p class='ocr_par' dir='ltr' id='par_1_71' title="bbox 262 4016 1840 4091">
     <span class='ocr_line' id='line_1_71' title="bbox 262 4016 1840 4091; baseline 0.002 -20"><span class='ocrx_word' id='word_1_473' title='bbox 262 4016 519 4089; x_wconf 74' lang='grc' dir='ltr'>ἀφορμὰς</span> <span class='ocrx_word' id='word_1_474' title='bbox 560 4018 818 4087; x_wconf 83' lang='grc' dir='ltr'>εὐλόγους</span> <span class='ocrx_word' id='word_1_475' title='bbox 845 4020 960 4081; x_wconf 80' lang='grc' dir='ltr'>τοῖς</span> <span class='ocrx_word' id='word_1_476' title='bbox 989 4018 1405 4091; x_wconf 87' lang='grc' dir='ltr'>κατακρίνασιν.</span> <span class='ocrx_word' id='word_1_477' title='bbox 1450 4019 1666 4091; x_wconf 80' lang='grc' dir='ltr'>Ἐπειδὴ</span> <span class='ocrx_word' id='word_1_478' title='bbox 1695 4020 1751 4073; x_wconf 84' lang='grc' dir='ltr'>δὲ</span> <span class='ocrx_word' id='word_1_479' title='bbox 1783 4022 1840 4075; x_wconf 85' lang='grc' dir='ltr'><strong>ἐν</strong></span> 
     </span>
    </p>
   </div>
   <div class='ocr_carea' id='block_1_72' title="bbox 264 4108 1840 4182">
    <p class='ocr_par' dir='ltr' id='par_1_72' title="bbox 264 4108 1840 4182">
     <span class='ocr_line' id='line_1_72' title="bbox 264 4108 1840 4182; baseline 0.001 -19"><span class='ocrx_word' id='word_1_480' title='bbox 264 4108 441 4181; x_wconf 82' lang='grc' dir='ltr'>τούτῳ</span> <span class='ocrx_word' id='word_1_481' title='bbox 468 4108 547 4181; x_wconf 84' lang='grc' dir='ltr'>τῷ</span> <span class='ocrx_word' id='word_1_482' title='bbox 589 4109 744 4182; x_wconf 85' lang='grc' dir='ltr'>μέρει</span> <span class='ocrx_word' id='word_1_483' title='bbox 768 4109 1008 4180; x_wconf 87' lang='grc' dir='ltr'>καθαρόν</span> <span class='ocrx_word' id='word_1_484' title='bbox 1041 4127 1144 4180; x_wconf 92' lang='grc' dir='ltr'><strong>μου</strong></span> <span class='ocrx_word' id='word_1_485' title='bbox 1170 4109 1233 4164; x_wconf 77' lang='grc' dir='ltr'><strong>τὸ</strong></span> <span class='ocrx_word' id='word_1_486' title='bbox 1262 4108 1519 4174; x_wconf 75' lang='grc' dir='ltr'>συνειδὸς,</span> <span class='ocrx_word' id='word_1_487' title='bbox 1542 4111 1717 4181; x_wconf 89' lang='grc' dir='ltr'>χαίρω</span> <span class='ocrx_word' id='word_1_488' title='bbox 1745 4113 1840 4165; x_wconf 79' lang='grc' dir='ltr'><strong>καὶ</strong></span> 
     </span>
    </p>
   </div>
   <div class='ocr_carea' id='block_1_73' title="bbox 266 4201 1840 4275">
    <p class='ocr_par' dir='ltr' id='par_1_73' title="bbox 266 4201 1840 4275">
     <span class='ocr_line' id='line_1_73' title="bbox 266 4201 1840 4275; baseline 0 -18"><span class='ocrx_word' id='word_1_489' title='bbox 266 4204 560 4275; x_wconf 88' lang='grc' dir='ltr'>γάννυμαι,</span> <span class='ocrx_word' id='word_1_490' title='bbox 591 4204 686 4257; x_wconf 70' lang='grc' dir='ltr'><strong>καὶ</strong></span> <span class='ocrx_word' id='word_1_491' title='bbox 717 4202 1016 4274; x_wconf 87' lang='grc' dir='ltr'>προσμένω</span> <span class='ocrx_word' id='word_1_492' title='bbox 1046 4202 1152 4255; x_wconf 89' lang='grc' dir='ltr'><strong>τῶν</strong></span> <span class='ocrx_word' id='word_1_493' title='bbox 1186 4202 1363 4256; x_wconf 82' lang='grc' dir='ltr'>ἀλλων</span> <span class='ocrx_word' id='word_1_494' title='bbox 1391 4201 1545 4256; x_wconf 83' lang='grc' dir='ltr'>λύσιν</span> <span class='ocrx_word' id='word_1_495' title='bbox 1582 4204 1840 4275; x_wconf 86' lang='grc' dir='ltr'>ἁμαρτη-</span> 
     </span>
    </p>
   </div>
   <div class='ocr_carea' id='block_1_74' title="bbox 273 4292 1842 4365">
    <p class='ocr_par' dir='ltr' id='par_1_74' title="bbox 273 4292 1842 4365">
     <span class='ocr_line' id='line_1_74' title="bbox 273 4292 1842 4365; baseline 0.001 -16"><span class='ocrx_word' id='word_1_496' title='bbox 273 4295 460 4364; x_wconf 87' lang='grc' dir='ltr'>μάτων</span> <span class='ocrx_word' id='word_1_497' title='bbox 489 4294 576 4348; x_wconf 90' lang='grc' dir='ltr'><strong>διά</strong></span> <span class='ocrx_word' id='word_1_498' title='bbox 621 4294 780 4365; x_wconf 83' lang='grc' dir='ltr'>τήνδε</span> <span class='ocrx_word' id='word_1_499' title='bbox 822 4292 921 4364; x_wconf 74' lang='grc' dir='ltr'><strong>τὴν</strong></span> <span class='ocrx_word' id='word_1_500' title='bbox 954 4293 1189 4348; x_wconf 88' lang='grc' dir='ltr'>ἀδικίαν.</span> <span class='ocrx_word' id='word_1_501' title='bbox 1235 4293 1367 4347; x_wconf 76' lang='grc' dir='ltr'>Οὐδέ</span> <span class='ocrx_word' id='word_1_502' title='bbox 1396 4295 1551 4365; x_wconf 85' lang='grc' dir='ltr'>γάρό</span> <span class='ocrx_word' id='word_1_503' title='bbox 1594 4295 1842 4350; x_wconf 70' lang='grc' dir='ltr'>Ναὸουθὲ</span> 
     </span>
    </p>
   </div>
   <div class='ocr_carea' id='block_1_75' title="bbox 266 4380 1842 4458">
    <p class='ocr_par' dir='ltr' id='par_1_75' title="bbox 266 4380 1842 4458">
     <span class='ocr_line' id='line_1_75' title="bbox 266 4380 1842 4458; baseline 0.001 -19"><span class='ocrx_word' id='word_1_504' title='bbox 266 4386 334 4439; x_wconf 79' lang='grc' dir='ltr'>δι’</span> <span class='ocrx_word' id='word_1_505' title='bbox 362 4387 528 4457; x_wconf 81' lang='grc' dir='ltr'>ἀλλην</span> <span class='ocrx_word' id='word_1_506' title='bbox 553 4387 756 4458; x_wconf 84' lang='grc' dir='ltr'>ἀρετὴν</span> <span class='ocrx_word' id='word_1_507' title='bbox 793 4384 1249 4455; x_wconf 82' lang='grc' dir='ltr'>πολυθρύλλητος,</span> <span class='ocrx_word' id='word_1_508' title='bbox 1278 4384 1392 4438; x_wconf 81' lang='grc' dir='ltr'>ἀλλ’</span> <span class='ocrx_word' id='word_1_509' title='bbox 1418 4380 1499 4439; x_wconf 78' lang='grc' dir='ltr'>ὅτι</span> <span class='ocrx_word' id='word_1_510' title='bbox 1530 4385 1629 4457; x_wconf 84' lang='grc' dir='ltr'>τὴν</span> <span class='ocrx_word' id='word_1_511' title='bbox 1658 4387 1842 4441; x_wconf 79' lang='grc' dir='ltr'>ἄδικον</span> 
     </span>
    </p>
   </div>
   <div class='ocr_carea' id='block_1_76' title="bbox 1933 3236 2299 3308">
    <p class='ocr_par' dir='ltr' id='par_1_76' title="bbox 1933 3236 2299 3308">
     <span class='ocr_line' id='line_1_76' title="bbox 1933 3236 2299 3308; baseline -0.016 -13"><span class='ocrx_word' id='word_1_512' title='bbox 1933 3236 2299 3308; x_wconf 66' lang='grc' dir='ltr'>Ρτωειυιεῑυτ.</span> 
     </span>
    </p>
   </div>
   <div class='ocr_carea' id='block_1_77' title="bbox 2467 3526 2984 3597">
    <p class='ocr_par' dir='ltr' id='par_1_77' title="bbox 2467 3526 2984 3597">
     <span class='ocr_line' id='line_1_77' title="bbox 2467 3526 2984 3597; baseline -0.015 -12"><span class='ocrx_word' id='word_1_513' title='bbox 2467 3527 2563 3585; x_wconf 78' lang='lat' dir='ltr'><strong>IX.</strong></span> <span class='ocrx_word' id='word_1_514' title='bbox 2592 3558 2665 3570; x_wconf 93' lang='lat'><strong>—-</strong></span> <span class='ocrx_word' id='word_1_515' title='bbox 2689 3526 2984 3597; x_wconf 79' lang='lat' dir='ltr'><strong>Anonymo.</strong></span> 
     </span>
    </p>
   </div>
   <div class='ocr_carea' id='block_1_78' title="bbox 2006 3634 3514 3718">
    <p class='ocr_par' dir='ltr' id='par_1_78' title="bbox 2006 3634 3514 3718">
     <span class='ocr_line' id='line_1_78' title="bbox 2006 3634 3514 3718; baseline -0.011 -15"><span class='ocrx_word' id='word_1_516' title='bbox 2006 3647 2329 3718; x_wconf 85' lang='lat' dir='ltr'><strong>Indignatur</strong></span> <span class='ocrx_word' id='word_1_517' title='bbox 2350 3653 2406 3699; x_wconf 90' lang='lat' dir='ltr'><strong>et</strong></span> <span class='ocrx_word' id='word_1_518' title='bbox 2425 3658 2568 3713; x_wconf 65' lang='lat' dir='ltr'><strong>aegre</strong></span> <span class='ocrx_word' id='word_1_519' title='bbox 2594 3641 2700 3695; x_wconf 90' lang='lat' dir='ltr'><strong>fert</strong></span> <span class='ocrx_word' id='word_1_520' title='bbox 2718 3639 2895 3709; x_wconf 90' lang='lat' dir='ltr'><strong>pietas</strong></span> <span class='ocrx_word' id='word_1_521' title='bbox 2917 3649 3012 3693; x_wconf 88' lang='lat' dir='ltr'><strong>tua</strong></span> <span class='ocrx_word' id='word_1_522' title='bbox 3033 3636 3104 3690; x_wconf 90' lang='lat' dir='ltr'><strong>ob</strong></span> <span class='ocrx_word' id='word_1_523' title='bbox 3125 3635 3324 3707; x_wconf 84' lang='lat' dir='ltr'><strong>injuste</strong></span> <span class='ocrx_word' id='word_1_524' title='bbox 3344 3634 3398 3688; x_wconf 90' lang='lat' dir='ltr'><strong>in</strong></span> <span class='ocrx_word' id='word_1_525' title='bbox 3413 3648 3514 3688; x_wconf 83' lang='lat' dir='ltr'><strong>nos</strong></span> 
     </span>
    </p>
   </div>
   <div class='ocr_carea' id='block_1_79' title="bbox 1937 3725 3514 3809">
    <p class='ocr_par' dir='ltr' id='par_1_79' title="bbox 1937 3725 3514 3809">
     <span class='ocr_line' id='line_1_79' title="bbox 1937 3725 3514 3809; baseline -0.011 -13"><span class='ocrx_word' id='word_1_526' title='bbox 1937 3749 1994 3796; x_wconf 90' lang='lat' dir='ltr'><strong>et</strong></span> <span class='ocrx_word' id='word_1_527' title='bbox 2016 3740 2134 3795; x_wconf 92' lang='lat' dir='ltr'><strong>sine</strong></span> <span class='ocrx_word' id='word_1_528' title='bbox 2152 3736 2362 3809; x_wconf 91' lang='lat' dir='ltr'><strong>judicio</strong></span> <span class='ocrx_word' id='word_1_529' title='bbox 2388 3736 2555 3789; x_wconf 88' lang='lat' dir='ltr'><strong>latam</strong></span> <span class='ocrx_word' id='word_1_530' title='bbox 2580 3731 2907 3788; x_wconf 89' lang='lat' dir='ltr'><strong>sententiam</strong></span> <span class='ocrx_word' id='word_1_531' title='bbox 2932 3747 2946 3796; x_wconf 90' lang='lat'><strong>;</strong></span> <span class='ocrx_word' id='word_1_532' title='bbox 2994 3745 3080 3783; x_wconf 89' lang='lat' dir='ltr'><strong>me</strong></span> <span class='ocrx_word' id='word_1_533' title='bbox 3100 3742 3233 3783; x_wconf 86' lang='lat' dir='ltr'><strong>vero</strong></span> <span class='ocrx_word' id='word_1_534' title='bbox 3259 3726 3312 3781; x_wconf 93' lang='lat' dir='ltr'><strong>id</strong></span> <span class='ocrx_word' id='word_1_535' title='bbox 3338 3725 3514 3796; x_wconf 90' lang='lat' dir='ltr'><strong>ipsum</strong></span> 
     </span>
    </p>
   </div>
   <div class='ocr_carea' id='block_1_80' title="bbox 1939 3810 3519 3893">
    <p class='ocr_par' dir='ltr' id='par_1_80' title="bbox 1939 3810 3519 3893">
     <span class='ocr_line' id='line_1_80' title="bbox 1939 3810 3519 3893; baseline -0.011 -8"><span class='ocrx_word' id='word_1_536' title='bbox 1939 3810 2449 3886; x_wconf 46' lang='lat' dir='ltr'><strong>consolaturfNam</strong></span> <span class='ocrx_word' id='word_1_537' title='bbox 2477 3822 2523 3875; x_wconf 91' lang='lat' dir='ltr'><strong>si</strong></span> <span class='ocrx_word' id='word_1_538' title='bbox 2544 3823 2690 3893; x_wconf 87' lang='lat' dir='ltr'><strong>juste</strong></span> <span class='ocrx_word' id='word_1_539' title='bbox 2719 3819 3115 3874; x_wconf 87' lang='lat' dir='ltr'><strong>condemnatus</strong></span> <span class='ocrx_word' id='word_1_540' title='bbox 3140 3830 3340 3879; x_wconf 89' lang='lat' dir='ltr'><strong>essem,</strong></span> <span class='ocrx_word' id='word_1_541' title='bbox 3368 3813 3519 3868; x_wconf 88' lang='lat' dir='ltr'><strong>dole-</strong></span> 
     </span>
    </p>
   </div>
   <div class='ocr_carea' id='block_1_81' title="bbox 1939 3907 3516 3990">
    <p class='ocr_par' dir='ltr' id='par_1_81' title="bbox 1939 3907 3516 3990">
     <span class='ocr_line' id='line_1_81' title="bbox 1939 3907 3516 3990; baseline -0.011 -14"><span class='ocrx_word' id='word_1_542' title='bbox 1939 3937 2055 3976; x_wconf 92' lang='lat' dir='ltr'><strong>rem</strong></span> <span class='ocrx_word' id='word_1_543' title='bbox 2078 3907 2275 3990; x_wconf 84' lang='lat' dir='ltr'><strong>utique</strong></span> <span class='ocrx_word' id='word_1_544' title='bbox 2301 3959 2315 3982; x_wconf 95' lang='lat'><strong>,</strong></span> <span class='ocrx_word' id='word_1_545' title='bbox 2376 3915 2533 3988; x_wconf 89' lang='lat' dir='ltr'><strong>quasi</strong></span> <span class='ocrx_word' id='word_1_546' title='bbox 2561 3913 2833 3985; x_wconf 84' lang='lat' dir='ltr'><strong>legitimas</strong></span> <span class='ocrx_word' id='word_1_547' title='bbox 2854 3925 3046 3966; x_wconf 89' lang='lat' dir='ltr'><strong>causas</strong></span> <span class='ocrx_word' id='word_1_548' title='bbox 3070 3907 3351 3980; x_wconf 87' lang='lat' dir='ltr'><strong>judicibus</strong></span> <span class='ocrx_word' id='word_1_549' title='bbox 3374 3921 3516 3976; x_wconf 69' lang='lat' dir='ltr'><strong>pra:-</strong></span> 
     </span>
    </p>
   </div>
   <div class='ocr_carea' id='block_1_82' title="bbox 1940 4001 3516 4075">
    <p class='ocr_par' dir='ltr' id='par_1_82' title="bbox 1940 4001 3516 4075">
     <span class='ocr_line' id='line_1_82' title="bbox 1940 4001 3516 4075; baseline -0.013 -7"><span class='ocrx_word' id='word_1_550' title='bbox 1940 4012 2203 4068; x_wconf 86' lang='lat' dir='ltr'><strong>buissem.</strong></span> <span class='ocrx_word' id='word_1_551' title='bbox 2258 4009 2419 4065; x_wconf 88' lang='lat' dir='ltr'><strong>Nunc</strong></span> <span class='ocrx_word' id='word_1_552' title='bbox 2457 4021 2613 4071; x_wconf 87' lang='lat' dir='ltr'><strong>vero,</strong></span> <span class='ocrx_word' id='word_1_553' title='bbox 2665 4004 2794 4074; x_wconf 89' lang='lat' dir='ltr'><strong>quia</strong></span> <span class='ocrx_word' id='word_1_554' title='bbox 2820 4002 2955 4057; x_wconf 91' lang='lat' dir='ltr'><strong>mihi</strong></span> <span class='ocrx_word' id='word_1_555' title='bbox 2986 4001 3090 4056; x_wconf 89' lang='lat' dir='ltr'><strong>hac</strong></span> <span class='ocrx_word' id='word_1_556' title='bbox 3118 4001 3173 4055; x_wconf 89' lang='lat' dir='ltr'><strong>in</strong></span> <span class='ocrx_word' id='word_1_557' title='bbox 3199 4007 3354 4075; x_wconf 83' lang='lat' dir='ltr'><strong>parte</strong></span> <span class='ocrx_word' id='word_1_558' title='bbox 3380 4011 3516 4067; x_wconf 92' lang='lat' dir='ltr'><strong>pura</strong></span> 
     </span>
    </p>
   </div>
   <div class='ocr_carea' id='block_1_83' title="bbox 1940 4087 3518 4169">
    <p class='ocr_par' dir='ltr' id='par_1_83' title="bbox 1940 4087 3518 4169">
     <span class='ocr_line' id='line_1_83' title="bbox 1940 4087 3518 4169; baseline -0.012 -10"><span class='ocrx_word' id='word_1_559' title='bbox 1940 4112 2026 4159; x_wconf 88' lang='lat' dir='ltr'><strong>est</strong></span> <span class='ocrx_word' id='word_1_560' title='bbox 2053 4100 2413 4163; x_wconf 87' lang='lat' dir='ltr'><strong>conscientia,</strong></span> <span class='ocrx_word' id='word_1_561' title='bbox 2450 4096 2664 4169; x_wconf 88' lang='lat' dir='ltr'><strong>gaudeo</strong></span> <span class='ocrx_word' id='word_1_562' title='bbox 2692 4100 2749 4149; x_wconf 83' lang='lat' dir='ltr'><strong>et</strong></span> <span class='ocrx_word' id='word_1_563' title='bbox 2776 4093 3012 4156; x_wconf 79' lang='lat' dir='ltr'><strong>exsulto,</strong></span> <span class='ocrx_word' id='word_1_564' title='bbox 3047 4097 3104 4145; x_wconf 88' lang='lat' dir='ltr'><strong>et</strong></span> <span class='ocrx_word' id='word_1_565' title='bbox 3127 4098 3353 4160; x_wconf 83' lang='lat' dir='ltr'><strong>propter</strong></span> <span class='ocrx_word' id='word_1_566' title='bbox 3375 4087 3518 4141; x_wconf 86' lang='lat' dir='ltr'><strong>hanc</strong></span> 
     </span>
    </p>
   </div>
   <div class='ocr_carea' id='block_1_84' title="bbox 1943 4182 3517 4268">
    <p class='ocr_par' dir='ltr' id='par_1_84' title="bbox 1943 4182 3517 4268">
     <span class='ocr_line' id='line_1_84' title="bbox 1943 4182 3517 4268; baseline -0.011 -16"><span class='ocrx_word' id='word_1_567' title='bbox 1943 4196 2199 4268; x_wconf 80' lang='lat' dir='ltr'><strong>injuriam</strong></span> <span class='ocrx_word' id='word_1_568' title='bbox 2253 4193 2486 4249; x_wconf 89' lang='lat' dir='ltr'><strong>aliorum</strong></span> <span class='ocrx_word' id='word_1_569' title='bbox 2519 4189 2812 4246; x_wconf 90' lang='lat' dir='ltr'><strong>criminum</strong></span> <span class='ocrx_word' id='word_1_570' title='bbox 2862 4185 3079 4241; x_wconf 87' lang='lat' dir='ltr'><strong>veniam</strong></span> <span class='ocrx_word' id='word_1_571' title='bbox 3109 4199 3290 4255; x_wconf 82' lang='lat' dir='ltr'><strong>spero.</strong></span> <span class='ocrx_word' id='word_1_572' title='bbox 3328 4182 3517 4251; x_wconf 85' lang='lat' dir='ltr'><strong>Neque</strong></span> 
     </span>
    </p>
   </div>
   <div class='ocr_carea' id='block_1_85' title="bbox 1941 4276 3516 4343">
    <p class='ocr_par' dir='ltr' id='par_1_85' title="bbox 1941 4276 3516 4343">
     <span class='ocr_line' id='line_1_85' title="bbox 1941 4276 3516 4343; baseline -0.013 0"><span class='ocrx_word' id='word_1_573' title='bbox 1941 4288 2087 4343; x_wconf 91' lang='lat' dir='ltr'><strong>enim</strong></span> <span class='ocrx_word' id='word_1_574' title='bbox 2109 4285 2394 4340; x_wconf 87' lang='lat' dir='ltr'><strong>Nabuthes</strong></span> <span class='ocrx_word' id='word_1_575' title='bbox 2418 4284 2460 4316; x_wconf 81' lang='grc'>¹⁸</span> <span class='ocrx_word' id='word_1_576' title='bbox 2481 4282 2641 4336; x_wconf 88' lang='lat' dir='ltr'><strong>aliam</strong></span> <span class='ocrx_word' id='word_1_577' title='bbox 2676 4280 2748 4335; x_wconf 90' lang='lat' dir='ltr'><strong>ob</strong></span> <span class='ocrx_word' id='word_1_578' title='bbox 2774 4279 3046 4333; x_wconf 88' lang='lat' dir='ltr'><strong>virtutem</strong></span> <span class='ocrx_word' id='word_1_579' title='bbox 3072 4276 3125 4328; x_wconf 93' lang='lat' dir='ltr'><strong>in</strong></span> <span class='ocrx_word' id='word_1_580' title='bbox 3158 4290 3253 4329; x_wconf 91' lang='lat' dir='ltr'><strong>ore</strong></span> <span class='ocrx_word' id='word_1_581' title='bbox 3281 4281 3366 4326; x_wconf 90' lang='lat' dir='ltr'><strong>est</strong></span> <span class='ocrx_word' id='word_1_582' title='bbox 3396 4286 3516 4325; x_wconf 93' lang='lat' dir='ltr'><strong>om-</strong></span> 
     </span>
    </p>
   </div>
   <div class='ocr_carea' id='block_1_86' title="bbox 1893 4366 3514 4447">
    <p class='ocr_par' dir='ltr' id='par_1_86' title="bbox 1893 4366 3514 4447">
     <span class='ocr_line' id='line_1_86' title="bbox 1893 4366 3514 4447; baseline -0.011 -15"><span class='ocrx_word' id='word_1_583' title='bbox 1893 4416 1899 4425; x_wconf 63' lang='grc' dir='ltr'><strong>ι</strong></span> <span class='ocrx_word' id='word_1_584' title='bbox 1942 4379 2117 4442; x_wconf 89' lang='lat' dir='ltr'><strong>nium,</strong></span> <span class='ocrx_word' id='word_1_585' title='bbox 2140 4391 2302 4447; x_wconf 88' lang='lat' dir='ltr'><strong>quam</strong></span> <span class='ocrx_word' id='word_1_586' title='bbox 2323 4373 2470 4445; x_wconf 93' lang='lat' dir='ltr'><strong>quod</strong></span> <span class='ocrx_word' id='word_1_587' title='bbox 2499 4372 2759 4443; x_wconf 85' lang='lat' dir='ltr'><strong>injustam</strong></span> <span class='ocrx_word' id='word_1_588' title='bbox 2781 4370 2929 4424; x_wconf 90' lang='lat' dir='ltr'><strong>illam</strong></span> <span class='ocrx_word' id='word_1_589' title='bbox 2956 4366 3161 4423; x_wconf 64' lang='lat' dir='ltr'><strong>caedem</strong></span> <span class='ocrx_word' id='word_1_590' title='bbox 3191 4378 3386 4434; x_wconf 85' lang='lat' dir='ltr'><strong>passus</strong></span> <span class='ocrx_word' id='word_1_591' title='bbox 3410 4370 3514 4415; x_wconf 88' lang='lat' dir='ltr'><strong>est.</strong></span> 
     </span>
    </p>
   </div>
   <div class='ocr_carea' id='block_1_87' title="bbox 267 4455 1837 4550">
    <p class='ocr_par' dir='ltr' id='par_1_87' title="bbox 267 4455 1837 4550">
     <span class='ocr_line' id='line_1_87' title="bbox 267 4455 1837 4550; baseline 0.001 -20"><span class='ocrx_word' id='word_1_592' title='bbox 267 4455 495 4550; x_wconf 80' lang='grc' dir='ltr'>ἐκείνην</span> <span class='ocrx_word' id='word_1_593' title='bbox 520 4455 781 4549; x_wconf 76' lang='grc' dir='ltr'>ὑπέμεινε</span> <span class='ocrx_word' id='word_1_594' title='bbox 837 4478 1072 4548; x_wconf 79' lang='grc' dir='ltr'>σφαγήν.</span> <span class='ocrx_word' id='word_1_595' title='bbox 1124 4475 1398 4540; x_wconf 79' lang='grc' dir='ltr'>Εῠξασθαι</span> <span class='ocrx_word' id='word_1_596' title='bbox 1424 4476 1481 4530; x_wconf 83' lang='grc' dir='ltr'>δὲ</span> <span class='ocrx_word' id='word_1_597' title='bbox 1535 4455 1837 4550; x_wconf 84' lang='grc' dir='ltr'>παρακαλῶ</span> 
     </span>
    </p>
   </div>
   <div class='ocr_carea' id='block_1_88' title="bbox 1943 4455 3507 4550">
    <p class='ocr_par' dir='ltr' id='par_1_88' title="bbox 1943 4455 3507 4537">
     <span class='ocr_line' id='line_1_88' title="bbox 1943 4455 3507 4537; baseline -0.012 -13"><span class='ocrx_word' id='word_1_598' title='bbox 1943 4469 2120 4537; x_wconf 87' lang='lat' dir='ltr'><strong>Quare</strong></span> <span class='ocrx_word' id='word_1_599' title='bbox 2144 4483 2261 4532; x_wconf 90' lang='lat' dir='ltr'><strong>ora,</strong></span> <span class='ocrx_word' id='word_1_600' title='bbox 2292 4480 2496 4536; x_wconf 67' lang='lat' dir='ltr'><strong>quaeso,</strong></span> <span class='ocrx_word' id='word_1_601' title='bbox 2522 4470 2635 4518; x_wconf 88' lang='lat' dir='ltr'><strong>uta</strong></span> <span class='ocrx_word' id='word_1_602' title='bbox 2656 4463 2770 4517; x_wconf 89' lang='lat' dir='ltr'><strong>Deo</strong></span> <span class='ocrx_word' id='word_1_603' title='bbox 2791 4459 3007 4530; x_wconf 75' lang='lat'><strong>1068</strong></span> <span class='ocrx_word' id='word_1_604' title='bbox 3026 4472 3135 4512; x_wconf 92' lang='lat' dir='ltr'><strong>non</strong></span> <span class='ocrx_word' id='word_1_605' title='bbox 3162 4455 3507 4515; x_wconf 89' lang='lat' dir='ltr'><strong>deseramur,</strong></span> 
     </span>
    </p>
   </div>
   <div class='ocr_carea' id='block_1_89' title="bbox 268 4568 1840 4641">
    <p class='ocr_par' dir='ltr' id='par_1_89' title="bbox 268 4568 1840 4641">
     <span class='ocr_line' id='line_1_89' title="bbox 268 4568 1840 4641; baseline 0 -18"><span class='ocrx_word' id='word_1_606' title='bbox 268 4570 423 4641; x_wconf 79' lang='grc' dir='ltr'>παρὰ</span> <span class='ocrx_word' id='word_1_607' title='bbox 468 4570 563 4623; x_wconf 81' lang='grc' dir='ltr'>τοῦ</span> <span class='ocrx_word' id='word_1_608' title='bbox 613 4569 749 4623; x_wconf 84' lang='grc' dir='ltr'>Θεοῦ</span> <span class='ocrx_word' id='word_1_609' title='bbox 804 4569 878 4640; x_wconf 84' lang='grc' dir='ltr'>μὴ</span> <span class='ocrx_word' id='word_1_610' title='bbox 928 4568 1421 4638; x_wconf 67' lang='grc' dir='ltr'>ἐγκαταλειφθῆναι</span> <span class='ocrx_word' id='word_1_611' title='bbox 1459 4570 1630 4639; x_wconf 77' lang='grc' dir='ltr'>ἡμᾶς,</span> <span class='ocrx_word' id='word_1_612' title='bbox 1672 4571 1766 4624; x_wconf 79' lang='grc' dir='ltr'><strong>καὶ</strong></span> <span class='ocrx_word' id='word_1_613' title='bbox 1811 4572 1840 4623; x_wconf 94' lang='lat'><strong>6</strong></span> 
     </span>
    </p>
   </div>
   <div class='ocr_carea' id='block_1_90' title="bbox 269 4660 1840 4733">
    <p class='ocr_par' dir='ltr' id='par_1_90' title="bbox 269 4660 1840 4733">
     <span class='ocr_line' id='line_1_90' title="bbox 269 4660 1840 4733; baseline 0.001 -19"><span class='ocrx_word' id='word_1_614' title='bbox 269 4662 526 4733; x_wconf 90' lang='grc' dir='ltr'>πολεμῶν</span> <span class='ocrx_word' id='word_1_615' title='bbox 554 4662 877 4731; x_wconf 86' lang='grc' dir='ltr'>πολεμείτω.</span> <span class='ocrx_word' id='word_1_616' title='bbox 930 4661 1118 4733; x_wconf 78' lang='grc' dir='ltr'>Ἀρκεῖ</span> <span class='ocrx_word' id='word_1_617' title='bbox 1142 4660 1252 4730; x_wconf 88' lang='grc' dir='ltr'><strong>γάρ</strong></span> <span class='ocrx_word' id='word_1_618' title='bbox 1286 4676 1375 4730; x_wconf 90' lang='grc' dir='ltr'><strong>μοι</strong></span> <span class='ocrx_word' id='word_1_619' title='bbox 1422 4661 1501 4723; x_wconf 88' lang='grc' dir='ltr'><strong>είς</strong></span> <span class='ocrx_word' id='word_1_620' title='bbox 1537 4661 1714 4714; x_wconf 76' lang='grc' dir='ltr'>πᾶσαν</span> <span class='ocrx_word' id='word_1_621' title='bbox 1744 4662 1840 4716; x_wconf 87' lang='grc' dir='ltr'>θυ-</span> 
     </span>
    </p>
   </div>
   <div class='ocr_carea' id='block_1_91' title="bbox 272 4749 1841 4823">
    <p class='ocr_par' dir='ltr' id='par_1_91' title="bbox 272 4749 1841 4823">
     <span class='ocr_line' id='line_1_91' title="bbox 272 4749 1841 4823; baseline 0.001 -19"><span class='ocrx_word' id='word_1_622' title='bbox 272 4751 526 4822; x_wconf 83' lang='grc' dir='ltr'>μηδίανή</span> <span class='ocrx_word' id='word_1_623' title='bbox 566 4751 659 4804; x_wconf 79' lang='grc' dir='ltr'>τοῦ</span> <span class='ocrx_word' id='word_1_624' title='bbox 690 4752 826 4805; x_wconf 79' lang='grc' dir='ltr'>Θεοῦ</span> <span class='ocrx_word' id='word_1_625' title='bbox 873 4768 974 4821; x_wconf 92' lang='grc' dir='ltr'><strong>μου</strong></span> <span class='ocrx_word' id='word_1_626' title='bbox 1030 4749 1320 4820; x_wconf 77' lang='grc' dir='ltr'>εὐμένεια”</span> <span class='ocrx_word' id='word_1_627' title='bbox 1367 4749 1468 4804; x_wconf 79' lang='grc' dir='ltr'><strong>κᾶν</strong></span> <span class='ocrx_word' id='word_1_628' title='bbox 1513 4750 1675 4814; x_wconf 81' lang='grc' dir='ltr'>αὐτὸς</span> <span class='ocrx_word' id='word_1_629' title='bbox 1710 4752 1841 4823; x_wconf 78' lang='grc' dir='ltr'>ἡμῖν</span> 
     </span>
    </p>
   </div>
   <div class='ocr_carea' id='block_1_92' title="bbox 269 4840 1842 4916">
    <p class='ocr_par' dir='ltr' id='par_1_92' title="bbox 269 4840 1842 4916">
     <span class='ocr_line' id='line_1_92' title="bbox 269 4840 1842 4916; baseline 0.001 -19"><span class='ocrx_word' id='word_1_630' title='bbox 269 4846 444 4916; x_wconf 79' lang='grc' dir='ltr'>παρῇ,</span> <span class='ocrx_word' id='word_1_631' title='bbox 471 4843 580 4897; x_wconf 87' lang='grc' dir='ltr'><strong>τῶν</strong></span> <span class='ocrx_word' id='word_1_632' title='bbox 608 4843 871 4914; x_wconf 84' lang='grc' dir='ltr'>λυπηρῶν</span> <span class='ocrx_word' id='word_1_633' title='bbox 900 4842 1158 4897; x_wconf 79' lang='grc' dir='ltr'>ἁπάντων</span> <span class='ocrx_word' id='word_1_634' title='bbox 1184 4841 1260 4905; x_wconf 87' lang='grc' dir='ltr'>ὼς</span> <span class='ocrx_word' id='word_1_635' title='bbox 1298 4840 1631 4912; x_wconf 85' lang='grc' dir='ltr'>ἀθυρμάτων</span> <span class='ocrx_word' id='word_1_636' title='bbox 1674 4860 1842 4898; x_wconf 90' lang='grc' dir='ltr'>κατα-</span> 
     </span>
    </p>
   </div>
   <div class='ocr_carea' id='block_1_93' title="bbox 269 4934 597 5006">
    <p class='ocr_par' dir='ltr' id='par_1_93' title="bbox 269 4934 597 5006">
     <span class='ocr_line' id='line_1_93' title="bbox 269 4934 597 5006; baseline 0.003 -17"><span class='ocrx_word' id='word_1_637' title='bbox 269 4934 597 5006; x_wconf 75' lang='grc' dir='ltr'>φρονοῦμεν.</span> 
     </span>
    </p>
   </div>
   <div class='ocr_carea' id='block_1_94' title="bbox 661 5034 1450 5118">
    <p class='ocr_par' dir='ltr' id='par_1_94' title="bbox 661 5034 1450 5118">
     <span class='ocr_line' id='line_1_94' title="bbox 661 5034 1450 5118; baseline 0 -17"><span class='ocrx_word' id='word_1_638' title='bbox 661 5048 714 5101; x_wconf 84' lang='grc' dir='ltr'><strong>ῐ’.</strong></span> <span class='ocrx_word' id='word_1_639' title='bbox 738 5077 807 5089; x_wconf 83' lang='lat'><strong><em>-—</em></strong></span> <span class='ocrx_word' id='word_1_640' title='bbox 846 5047 1011 5115; x_wconf 79' lang='grc' dir='ltr'><strong>Ἠλίᾳ</strong></span> <span class='ocrx_word' id='word_1_641' title='bbox 1037 5034 1450 5118; x_wconf 73' lang='grc' dir='ltr'>σχολαστικῷ.</span> 
     </span>
    </p>
   </div>
   <div class='ocr_carea' id='block_1_95' title="bbox 341 5156 1843 5230">
    <p class='ocr_par' dir='ltr' id='par_1_95' title="bbox 341 5156 1843 5230">
     <span class='ocr_line' id='line_1_95' title="bbox 341 5156 1843 5230; baseline 0.002 -19"><span class='ocrx_word' id='word_1_642' title='bbox 341 5157 481 5220; x_wconf 77' lang='grc' dir='ltr'>Τοὺς</span> <span class='ocrx_word' id='word_1_643' title='bbox 509 5156 714 5226; x_wconf 84' lang='grc' dir='ltr'>νόμους</span> <span class='ocrx_word' id='word_1_644' title='bbox 760 5158 840 5220; x_wconf 85' lang='grc' dir='ltr'>εἰς</span> <span class='ocrx_word' id='word_1_645' title='bbox 873 5158 1192 5230; x_wconf 80' lang='grc' dir='ltr'>ἐπικουρίαν</span> <span class='ocrx_word' id='word_1_646' title='bbox 1242 5157 1350 5212; x_wconf 84' lang='grc' dir='ltr'><strong>τῶν</strong></span> <span class='ocrx_word' id='word_1_647' title='bbox 1391 5158 1760 5230; x_wconf 86' lang='grc' dir='ltr'>ἀδικουμένων</span> <span class='ocrx_word' id='word_1_648' title='bbox 1793 5162 1843 5214; x_wconf 89' lang='grc' dir='ltr'>οἱ</span> 
     </span>
    </p>
   </div>
   <div class='ocr_carea' id='block_1_96' title="bbox 272 5247 1843 5322">
    <p class='ocr_par' dir='ltr' id='par_1_96' title="bbox 272 5247 1843 5322">
     <span class='ocr_line' id='line_1_96' title="bbox 272 5247 1843 5322; baseline 0.003 -20"><span class='ocrx_word' id='word_1_649' title='bbox 272 5249 557 5321; x_wconf 84' lang='grc' dir='ltr'>νομοθέται</span> <span class='ocrx_word' id='word_1_650' title='bbox 601 5247 939 5317; x_wconf 76' lang='grc' dir='ltr'>γεγράφασι,</span> <span class='ocrx_word' id='word_1_651' title='bbox 974 5249 1069 5303; x_wconf 73' lang='grc' dir='ltr'>καὶ</span> <span class='ocrx_word' id='word_1_652' title='bbox 1119 5249 1219 5320; x_wconf 75' lang='grc' dir='ltr'><strong>τὴν</strong></span> <span class='ocrx_word' id='word_1_653' title='bbox 1273 5251 1569 5322; x_wconf 74' lang='grc' dir='ltr'>ῥητορικὴν</span> <span class='ocrx_word' id='word_1_654' title='bbox 1614 5253 1843 5307; x_wconf 79' lang='grc' dir='ltr'>ἀσκοῦσι</span> 
     </span>
    </p>
   </div>
   <div class='ocr_carea' id='block_1_97' title="bbox 271 5339 1844 5413">
    <p class='ocr_par' dir='ltr' id='par_1_97' title="bbox 271 5339 1844 5413">
     <span class='ocr_line' id='line_1_97' title="bbox 271 5339 1844 5413; baseline 0 -17"><span class='ocrx_word' id='word_1_655' title='bbox 271 5344 468 5413; x_wconf 78' lang='grc' dir='ltr'>τέχνην</span> <span class='ocrx_word' id='word_1_656' title='bbox 495 5343 546 5395; x_wconf 87' lang='grc' dir='ltr'><strong>οί</strong></span> <span class='ocrx_word' id='word_1_657' title='bbox 584 5340 677 5394; x_wconf 75' lang='grc' dir='ltr'>τὸν</span> <span class='ocrx_word' id='word_1_658' title='bbox 715 5339 988 5394; x_wconf 71' lang='grc' dir='ltr'>δικανικὸν</span> <span class='ocrx_word' id='word_1_659' title='bbox 1020 5340 1390 5412; x_wconf 72' lang='grc' dir='ltr'>ἀσπαζόμενοι</span> <span class='ocrx_word' id='word_1_660' title='bbox 1431 5342 1567 5412; x_wconf 84' lang='grc' dir='ltr'>βίον,</span> <span class='ocrx_word' id='word_1_661' title='bbox 1615 5343 1702 5398; x_wconf 83' lang='grc' dir='ltr'><strong>ἴνα</strong></span> <span class='ocrx_word' id='word_1_662' title='bbox 1731 5347 1844 5409; x_wconf 87' lang='grc' dir='ltr'>τοῖς</span> 
     </span>
    </p>
   </div>
   <div class='ocr_carea' id='block_1_98' title="bbox 272 5430 1843 5506">
    <p class='ocr_par' dir='ltr' id='par_1_98' title="bbox 272 5430 1843 5506">
     <span class='ocr_line' id='line_1_98' title="bbox 272 5430 1843 5506; baseline 0.001 -17"><span class='ocrx_word' id='word_1_663' title='bbox 272 5434 487 5498; x_wconf 85' lang='grc' dir='ltr'>δικαίας</span> <span class='ocrx_word' id='word_1_664' title='bbox 521 5432 799 5504; x_wconf 84' lang='grc' dir='ltr'>δεομένοις</span> <span class='ocrx_word' id='word_1_665' title='bbox 836 5430 1084 5501; x_wconf 82' lang='grc' dir='ltr'>βοηθείας</span> <span class='ocrx_word' id='word_1_666' title='bbox 1131 5435 1492 5506; x_wconf 77' lang='grc' dir='ltr'>συνηγορῶσι.</span> <span class='ocrx_word' id='word_1_667' title='bbox 1524 5436 1632 5489; x_wconf 78' lang='grc' dir='ltr'>Καὶ</span> <span class='ocrx_word' id='word_1_668' title='bbox 1670 5436 1843 5505; x_wconf 85' lang='grc' dir='ltr'>λόγων</span> 
     </span>
    </p>
   </div>
   <div class='ocr_carea' id='block_1_99' title="bbox 347 5589 1021 5661">
    <p class='ocr_par' dir='ltr' id='par_1_99' title="bbox 347 5589 1021 5661">
     <span class='ocr_line' id='line_1_99' title="bbox 347 5589 1021 5661; baseline -0.004 -15"><span class='ocrx_word' id='word_1_669' title='bbox 347 5592 393 5624; x_wconf 78' lang='grc'><strong>⁸³</strong></span> <span class='ocrx_word' id='word_1_670' title='bbox 420 5592 488 5646; x_wconf 91' lang='lat' dir='ltr'><strong>Ill</strong></span> <span class='ocrx_word' id='word_1_671' title='bbox 518 5589 648 5661; x_wconf 86' lang='lat' dir='ltr'><strong>Reg.</strong></span> <span class='ocrx_word' id='word_1_672' title='bbox 678 5606 785 5655; x_wconf 75' lang='lat' dir='ltr'><strong>xxi,</strong></span> <span class='ocrx_word' id='word_1_673' title='bbox 816 5590 836 5645; x_wconf 85' lang='grc' dir='ltr'><strong>Ι</strong></span> <span class='ocrx_word' id='word_1_674' title='bbox 872 5602 1021 5660; x_wconf 89' lang='lat' dir='ltr'><strong>seqq.</strong></span> 
     </span>
    </p>
   </div>
   <div class='ocr_carea' id='block_1_100' title="bbox 276 5725 928 5871">
    <p class='ocr_par' dir='ltr' id='par_1_100' title="bbox 276 5725 928 5871">
     <span class='ocr_line' id='line_1_100' title="bbox 276 5725 928 5871; baseline -0.002 -89"><span class='ocrx_word' id='word_1_675' title='bbox 276 5734 283 5743; x_wconf 93' lang='lat'><strong>&#39;</strong></span> <span class='ocrx_word' id='word_1_676' title='bbox 347 5725 425 5871; x_wconf 45' lang='lat'><strong>2‘2)</strong></span> <span class='ocrx_word' id='word_1_677' title='bbox 462 5727 555 5780; x_wconf 85' lang='grc' dir='ltr'><strong>καί</strong></span> <span class='ocrx_word' id='word_1_678' title='bbox 583 5727 733 5782; x_wconf 89' lang='lat' dir='ltr'><strong>addit</strong></span> <span class='ocrx_word' id='word_1_679' title='bbox 760 5726 928 5796; x_wconf 88' lang='lat' dir='ltr'><strong>Neap.</strong></span> 
     </span>
     <span class='ocr_line' id='line_1_101' title="bbox 372 5797 903 5869; baseline -0.008 -15"><span class='ocrx_word' id='word_1_680' title='bbox 372 5800 430 5869; x_wconf 80' lang='lat'><strong>5)</strong></span> <span class='ocrx_word' id='word_1_681' title='bbox 460 5797 537 5851; x_wconf 78' lang='lat' dir='ltr'><strong>Ad</strong></span> <span class='ocrx_word' id='word_1_682' title='bbox 588 5797 903 5869; x_wconf 57' lang='lat' dir='ltr'><strong>praefeclum</strong></span> 
     </span>
    </p>
   </div>
   <div class='ocr_carea' id='block_1_101' title="bbox 1946 4544 3518 4631">
    <p class='ocr_par' dir='ltr' id='par_1_101' title="bbox 1946 4544 3518 4631">
     <span class='ocr_line' id='line_1_102' title="bbox 1946 4544 3518 4631; baseline -0.012 -14"><span class='ocrx_word' id='word_1_683' title='bbox 1946 4572 2062 4617; x_wconf 91' lang='lat' dir='ltr'><strong>tum</strong></span> <span class='ocrx_word' id='word_1_684' title='bbox 2093 4561 2187 4631; x_wconf 91' lang='lat' dir='ltr'><strong>qui</strong></span> <span class='ocrx_word' id='word_1_685' title='bbox 2221 4563 2505 4629; x_wconf 85' lang='lat' dir='ltr'><strong>impugnat</strong></span> <span class='ocrx_word' id='word_1_686' title='bbox 2536 4557 2837 4625; x_wconf 82' lang='lat' dir='ltr'><strong>impugnet.</strong></span> <span class='ocrx_word' id='word_1_687' title='bbox 2861 4550 3072 4607; x_wconf 75' lang='lat' dir='ltr'><strong>Sufﬁcit</strong></span> <span class='ocrx_word' id='word_1_688' title='bbox 3100 4548 3250 4604; x_wconf 84' lang='lat' dir='ltr'><strong>enim</strong></span> <span class='ocrx_word' id='word_1_689' title='bbox 3282 4545 3416 4600; x_wconf 87' lang='lat' dir='ltr'><strong>mihi</strong></span> <span class='ocrx_word' id='word_1_690' title='bbox 3449 4544 3518 4599; x_wconf 90' lang='lat' dir='ltr'><strong>ad</strong></span> 
     </span>
    </p>
   </div>
   <div class='ocr_carea' id='block_1_102' title="bbox 1947 4634 3518 4708">
    <p class='ocr_par' dir='ltr' id='par_1_102' title="bbox 1947 4634 3518 4708">
     <span class='ocr_line' id='line_1_103' title="bbox 1947 4634 3518 4708; baseline -0.013 0"><span class='ocrx_word' id='word_1_691' title='bbox 1947 4668 2164 4708; x_wconf 89' lang='lat' dir='ltr'><strong>omnem</strong></span> <span class='ocrx_word' id='word_1_692' title='bbox 2218 4649 2389 4705; x_wconf 91' lang='lat' dir='ltr'><strong>animi</strong></span> <span class='ocrx_word' id='word_1_693' title='bbox 2430 4647 2676 4703; x_wconf 58' lang='lat' dir='ltr'><strong>laetitiam</strong></span> <span class='ocrx_word' id='word_1_694' title='bbox 2734 4642 2829 4698; x_wconf 91' lang='lat' dir='ltr'><strong>Dei</strong></span> <span class='ocrx_word' id='word_1_695' title='bbox 2872 4638 3258 4697; x_wconf 90' lang='lat' dir='ltr'><strong>benevolentia</strong></span> <span class='ocrx_word' id='word_1_696' title='bbox 3316 4656 3330 4693; x_wconf 89' lang='lat'>:</span> <span class='ocrx_word' id='word_1_697' title='bbox 3375 4644 3432 4691; x_wconf 89' lang='lat' dir='ltr'><strong>et</strong></span> <span class='ocrx_word' id='word_1_698' title='bbox 3471 4634 3518 4689; x_wconf 91' lang='lat' dir='ltr'><strong>si</strong></span> 
     </span>
    </p>
   </div>
   <div class='ocr_carea' id='block_1_103' title="bbox 1947 4729 3519 4813">
    <p class='ocr_par' dir='ltr' id='par_1_103' title="bbox 1947 4729 3519 4813">
     <span class='ocr_line' id='line_1_104' title="bbox 1947 4729 3519 4813; baseline -0.013 -14"><span class='ocrx_word' id='word_1_699' title='bbox 1947 4743 2064 4813; x_wconf 89' lang='lat' dir='ltr'><strong>ipse</strong></span> <span class='ocrx_word' id='word_1_700' title='bbox 2091 4742 2252 4798; x_wconf 90' lang='lat' dir='ltr'><strong>nobis</strong></span> <span class='ocrx_word' id='word_1_701' title='bbox 2274 4738 2436 4803; x_wconf 89' lang='lat' dir='ltr'><strong>adsit,</strong></span> <span class='ocrx_word' id='word_1_702' title='bbox 2459 4736 2636 4792; x_wconf 88' lang='lat' dir='ltr'><strong>tristia</strong></span> <span class='ocrx_word' id='word_1_703' title='bbox 2659 4733 2843 4789; x_wconf 88' lang='lat' dir='ltr'><strong>omnia</strong></span> <span class='ocrx_word' id='word_1_704' title='bbox 2869 4741 2932 4787; x_wconf 91' lang='lat' dir='ltr'><strong>ut</strong></span> <span class='ocrx_word' id='word_1_705' title='bbox 2954 4729 3167 4786; x_wconf 89' lang='lat' dir='ltr'><strong>ludicra</strong></span> <span class='ocrx_word' id='word_1_706' title='bbox 3197 4734 3519 4782; x_wconf 88' lang='lat' dir='ltr'><strong>contemne-</strong></span> 
     </span>
    </p>
   </div>
   <div class='ocr_carea' id='block_1_104' title="bbox 1930 4851 2089 4924">
    <p class='ocr_par' dir='ltr' id='par_1_104' title="bbox 1930 4851 2089 4924">
     <span class='ocr_line' id='line_1_105' title="bbox 1930 4851 2089 4924; baseline -0.006 -33"><span class='ocrx_word' id='word_1_707' title='bbox 1930 4851 2089 4924; x_wconf 35' lang='lat' dir='ltr'><strong>‘mus.</strong></span> 
     </span>
    </p>
   </div>
   <div class='ocr_carea' id='block_1_105' title="bbox 2368 5041 3094 5102">
    <p class='ocr_par' dir='ltr' id='par_1_105' title="bbox 2368 5041 3094 5102">
     <span class='ocr_line' id='line_1_106' title="bbox 2368 5041 3094 5102; baseline -0.012 0"><span class='ocrx_word' id='word_1_708' title='bbox 2368 5046 2438 5102; x_wconf 83' lang='lat' dir='ltr'><strong>X.</strong></span> <span class='ocrx_word' id='word_1_709' title='bbox 2470 5078 2539 5087; x_wconf 92' lang='lat'><strong>—</strong></span> <span class='ocrx_word' id='word_1_710' title='bbox 2574 5045 2738 5100; x_wconf 68' lang='lat' dir='ltr'><strong>Helia:</strong></span> <span class='ocrx_word' id='word_1_711' title='bbox 2766 5041 3094 5098; x_wconf 78' lang='lat' dir='ltr'><strong>scholastica.</strong></span> 
     </span>
    </p>
   </div>
   <div class='ocr_carea' id='block_1_106' title="bbox 2020 5145 3522 5232">
    <p class='ocr_par' dir='ltr' id='par_1_106' title="bbox 2020 5145 3522 5232">
     <span class='ocr_line' id='line_1_107' title="bbox 2020 5145 3522 5232; baseline -0.011 -16"><span class='ocrx_word' id='word_1_712' title='bbox 2020 5161 2194 5232; x_wconf 88' lang='lat' dir='ltr'><strong>Leges</strong></span> <span class='ocrx_word' id='word_1_713' title='bbox 2228 5157 2297 5214; x_wconf 89' lang='lat' dir='ltr'><strong>ad</strong></span> <span class='ocrx_word' id='word_1_714' title='bbox 2330 5157 2594 5212; x_wconf 82' lang='lat' dir='ltr'><strong>auxilium</strong></span> <span class='ocrx_word' id='word_1_715' title='bbox 2624 5168 3014 5226; x_wconf 90' lang='lat' dir='ltr'><strong>oppressorum</strong></span> <span class='ocrx_word' id='word_1_716' title='bbox 3062 5150 3332 5220; x_wconf 87' lang='lat' dir='ltr'><strong>scripsere</strong></span> <span class='ocrx_word' id='word_1_717' title='bbox 3354 5145 3522 5217; x_wconf 87' lang='lat' dir='ltr'><strong>legis-</strong></span> 
     </span>
    </p>
   </div>
   <div class='ocr_carea' id='block_1_107' title="bbox 1957 5235 3522 5321">
    <p class='ocr_par' dir='ltr' id='par_1_107' title="bbox 1957 5235 3522 5321">
     <span class='ocr_line' id='line_1_108' title="bbox 1957 5235 3522 5321; baseline -0.011 -13"><span class='ocrx_word' id='word_1_718' title='bbox 1957 5256 2161 5309; x_wconf 84' lang='lat' dir='ltr'><strong>latores</strong></span> <span class='ocrx_word' id='word_1_719' title='bbox 2179 5294 2193 5316; x_wconf 93' lang='lat'><strong>,</strong></span> <span class='ocrx_word' id='word_1_720' title='bbox 2239 5259 2296 5307; x_wconf 91' lang='lat' dir='ltr'><strong>et</strong></span> <span class='ocrx_word' id='word_1_721' title='bbox 2324 5250 2418 5321; x_wconf 89' lang='lat' dir='ltr'><strong>qui</strong></span> <span class='ocrx_word' id='word_1_722' title='bbox 2449 5249 2723 5304; x_wconf 82' lang='lat' dir='ltr'><strong>forensem</strong></span> <span class='ocrx_word' id='word_1_723' title='bbox 2747 5247 2914 5301; x_wconf 89' lang='lat' dir='ltr'><strong>vitam</strong></span> <span class='ocrx_word' id='word_1_724' title='bbox 2942 5249 3268 5314; x_wconf 90' lang='lat' dir='ltr'><strong>sequuntur,</strong></span> <span class='ocrx_word' id='word_1_725' title='bbox 3303 5235 3522 5295; x_wconf 87' lang='lat' dir='ltr'><strong>dicendi</strong></span> 
     </span>
    </p>
   </div>
   <div class='ocr_carea' id='block_1_108' title="bbox 1951 5332 3520 5409">
    <p class='ocr_par' dir='ltr' id='par_1_108' title="bbox 1951 5332 3520 5409">
     <span class='ocr_line' id='line_1_109' title="bbox 1951 5332 3520 5409; baseline -0.011 -9"><span class='ocrx_word' id='word_1_726' title='bbox 1951 5359 2122 5402; x_wconf 87' lang='lat' dir='ltr'><strong>artem</strong></span> <span class='ocrx_word' id='word_1_727' title='bbox 2148 5346 2164 5366; x_wconf 83' lang='lat'><strong>‘</strong></span> <span class='ocrx_word' id='word_1_728' title='bbox 2216 5350 2497 5402; x_wconf 80' lang='lat' dir='ltr'><strong>exercent,</strong></span> <span class='ocrx_word' id='word_1_729' title='bbox 2544 5346 2602 5393; x_wconf 88' lang='lat' dir='ltr'><strong>ut</strong></span> <span class='ocrx_word' id='word_1_730' title='bbox 2633 5339 2776 5409; x_wconf 90' lang='lat' dir='ltr'><strong>justa</strong></span> <span class='ocrx_word' id='word_1_731' title='bbox 2801 5351 2905 5406; x_wconf 88' lang='lat' dir='ltr'><strong>ope</strong></span> <span class='ocrx_word' id='word_1_732' title='bbox 2934 5332 3309 5405; x_wconf 89' lang='lat' dir='ltr'><strong>indigentibus</strong></span> <span class='ocrx_word' id='word_1_733' title='bbox 3332 5337 3520 5400; x_wconf 86' lang='lat' dir='ltr'><strong>patro-</strong></span> 
     </span>
    </p>
   </div>
   <div class='ocr_carea' id='block_1_109' title="bbox 1950 5423 3517 5504">
    <p class='ocr_par' dir='ltr' id='par_1_109' title="bbox 1950 5423 3517 5504">
     <span class='ocr_line' id='line_1_110' title="bbox 1950 5423 3517 5504; baseline -0.011 -10"><span class='ocrx_word' id='word_1_734' title='bbox 1950 5440 2223 5495; x_wconf 89' lang='lat' dir='ltr'><strong>cinentur.</strong></span> <span class='ocrx_word' id='word_1_735' title='bbox 2285 5434 2369 5489; x_wconf 92' lang='lat' dir='ltr'><strong>Tu</strong></span> <span class='ocrx_word' id='word_1_736' title='bbox 2416 5433 2604 5504; x_wconf 84' lang='lat' dir='ltr'><strong>igitur,</strong></span> <span class='ocrx_word' id='word_1_737' title='bbox 2653 5431 2749 5501; x_wconf 90' lang='lat' dir='ltr'><strong>qui</strong></span> <span class='ocrx_word' id='word_1_738' title='bbox 2778 5437 2835 5485; x_wconf 92' lang='lat' dir='ltr'><strong>et</strong></span> <span class='ocrx_word' id='word_1_739' title='bbox 2864 5426 3236 5498; x_wconf 88' lang='lat' dir='ltr'><strong>eloquentiam</strong></span> <span class='ocrx_word' id='word_1_740' title='bbox 3262 5433 3319 5480; x_wconf 90' lang='lat' dir='ltr'><strong>et</strong></span> <span class='ocrx_word' id='word_1_741' title='bbox 3339 5423 3517 5492; x_wconf 85' lang='lat' dir='ltr'><strong>legum</strong></span> 
     </span>
    </p>
   </div>
   <div class='ocr_carea' id='block_1_110' title="bbox 372 5780 3299 5869">
    <p class='ocr_par' dir='ltr' id='par_1_110' title="bbox 372 5780 3299 5869">
     <span class='ocr_line' id='line_1_111' title="bbox 372 5780 3299 5869; baseline -0.006 -15"><span class='ocrx_word' id='word_1_742' title='bbox 372 5780 430 5869; x_wconf 62' lang='lat'><strong>3&#39;)</strong></span> <span class='ocrx_word' id='word_1_743' title='bbox 460 5797 537 5851; x_wconf 78' lang='lat' dir='ltr'><strong>Ad</strong></span> <span class='ocrx_word' id='word_1_744' title='bbox 588 5780 903 5869; x_wconf 61' lang='lat' dir='ltr'><strong>pra-fecundi</strong></span> <span class='ocrx_word' id='word_1_745' title='bbox 950 5795 1069 5851; x_wconf 89' lang='lat' dir='ltr'><strong>urbi</strong></span> <span class='ocrx_word' id='word_1_746' title='bbox 1117 5793 1371 5862; x_wconf 80' lang='lat' dir='ltr'><strong>scriptam</strong></span> <span class='ocrx_word' id='word_1_747' title='bbox 1416 5790 1547 5845; x_wconf 88' lang='lat' dir='ltr'><strong>citat</strong></span> <span class='ocrx_word' id='word_1_748' title='bbox 1578 5790 1844 5846; x_wconf 91' lang='lat' dir='ltr'><strong>Baronius</strong></span> <span class='ocrx_word' id='word_1_749' title='bbox 1875 5789 2071 5847; x_wconf 82' lang='lat' dir='ltr'><strong>Annal.</strong></span> <span class='ocrx_word' id='word_1_750' title='bbox 2115 5787 2181 5845; x_wconf 86' lang='lat' dir='ltr'><strong>ad</strong></span> <span class='ocrx_word' id='word_1_751' title='bbox 2212 5806 2261 5846; x_wconf 84' lang='lat' dir='ltr'><strong>a.</strong></span> <span class='ocrx_word' id='word_1_752' title='bbox 2295 5788 2355 5845; x_wconf 92' lang='lat' dir='ltr'><strong>C.</strong></span> <span class='ocrx_word' id='word_1_753' title='bbox 2391 5788 2514 5858; x_wconf 65' lang='grc'>445,</span> <span class='ocrx_word' id='word_1_754' title='bbox 2553 5795 2716 5857; x_wconf 79' lang='lat' dir='ltr'><strong>extr.,</strong></span> <span class='ocrx_word' id='word_1_755' title='bbox 2748 5795 2879 5843; x_wconf 91' lang='lat' dir='ltr'><strong>tom.</strong></span> <span class='ocrx_word' id='word_1_756' title='bbox 2911 5785 3001 5851; x_wconf 76' lang='lat' dir='ltr'><strong>Vl,</strong></span> <span class='ocrx_word' id='word_1_757' title='bbox 3032 5800 3087 5855; x_wconf 91' lang='lat' dir='ltr'><strong>p.</strong></span> <span class='ocrx_word' id='word_1_758' title='bbox 3120 5782 3203 5851; x_wconf 80' lang='grc'><strong>16,</strong></span> <span class='ocrx_word' id='word_1_759' title='bbox 3234 5780 3299 5837; x_wconf 91' lang='lat' dir='ltr'><strong>D.</strong></span> 
     </span>
    </p>
   </div>
  </div>
