3924 6192
530 313 662 380 “83

1509 322 1992 383 THEODORETI
2030 325 2368 388 EPISCOPI
2406 329 2767 390 CYRENSIS

3647 325 3757 391 1184

525 423 812 482 scientiam
865 424 1096 495 adeptus
1135 441 1215 489 es,
1248 425 1446 489 amice,
1484 436 1600 480 arte
1640 435 1796 483 utere
1831 439 1891 485 ut
1917 430 2092 485 decet.

2201 437 2376 489 τοίνυν
2426 435 2772 507 ῥητορικῶν,
2825 432 2918 486 καὶ
2960 433 3062 502 τῆς
3092 431 3198 487 τῶν
3232 433 3427 503 νόμων
3478 430 3756 509 ἐπιστήμης

525 515 655 568 Arte
680 515 779 569 feri
814 516 1063 584 injuriam
1090 507 1372 580 facientes,
1409 525 1465 571 et
1493 517 1561 570 ab
1588 517 1673 572 his
1697 519 1853 573 ltesos
1882 521 2099 590 adjuva,

525 605 674 676 leges
705 613 959 673 tanquam
987 614 1202 658 scutum
1234 621 1519 674 opponens
1550 626 1564 660 :
1591 608 1778 664 nullus
1801 625 1928 664 vero
1961 611 2104 682 inju-

527 695 662 749 riam
710 693 917 749 faciens
975 695 1344 762 patrocinium
1392 695 1677 762 obtineat,
1732 700 1983 768 quamvis
2026 701 2100 755 sit

525 785 1004 841 familiarissimus.
1064 785 1177 840 lloc
1218 796 1402 841 autem
1433 804 1500 842 ex
1531 805 1763 844 numero
1807 799 1892 845 est
1918 791 2097 846 Abra-

523 890 669 936 mcs,
705 874 790 928 vir
821 874 1092 942 pessimus
1129 892 1141 928 :
1178 877 1270 944 qui
1303 885 1590 947 postquam
1615 895 1807 949 agrum
1836 881 2097 934 ecclesia-

521 964 720 1018 sticum
769 965 985 1018 diutino
1019 974 1261 1034 tempore
1293 967 1556 1034 incoluit,
1611 971 1878 1040 quosdam
1909 979 2097 1040 postea

519 1053 780 1123 nequitiae
821 1053 1001 1108 socios
1052 1054 1178 1109 inde
1219 1055 1522 1122 asciSccns,
1576 1073 1640 1112 ea
1669 1068 1754 1112 est
1781 1074 1946 1113 ausus
1975 1074 2098 1128 qua:

519 1157 706 1215 aperte
737 1146 914 1200 fassus
940 1154 1042 1200 est.
1074 1147 1192 1201 Misi
1215 1164 1382 1217 porro
1413 1165 1536 1204 cum
1557 1150 1652 1204 illo
1681 1160 1735 1205 et
1757 1161 1896 1215 acta,
1924 1159 1979 1204 et
2000 1166 2097 1206 eos

519 1237 614 1304 qui
647 1237 847 1306 injuria
879 1245 1009 1291 sunt
1039 1239 1242 1303 affecti,
1290 1256 1353 1294 ac
1382 1242 1855 1312 religiosissimum
1881 1242 2094 1298 Geron-

522 1327 658 1380 tium
685 1329 1083 1383 subdiaconum
1111 1348 1122 1382 :
1149 1346 1260 1384 non
1284 1340 1342 1384 ut
1363 1332 1578 1402 legibus
1602 1333 1827 1386 noxium
1855 1333 2094 1396 tradant,

519 1417 616 1472 sed
647 1428 708 1472 ut
731 1418 798 1472 de
827 1419 894 1473 iis
923 1437 1044 1489 qua:
1073 1422 1216 1491 passi
1245 1431 1373 1476 sunt
1402 1423 1653 1491 peritiam
1687 1432 1835 1477 tuam
1863 1423 2099 1478 edocen-

521 1515 623 1570 tes,
647 1515 702 1561 et
725 1509 790 1562 ad
815 1511 1348 1566 commiserationem
1373 1522 1778 1582 permoventes,
1803 1515 2093 1570 scelestum

520 1597 798 1656 hominem
835 1613 896 1656 ut
919 1603 1097 1657 ablata
1129 1604 1322 1658 reddat
1351 1620 1550 1674 cogcrc
1581 1605 1982 1674 persuadeant.

615 1875 701 1932 Xl.
732 1909 802 1917 -—
833 1878 1088 1934 Flaviano
1123 1883 1360 1954 episcopo
1385 1885 1992 1962 Constantinopolitano.

591 2040 800 2095 Lumen
837 2050 887 2095 te
918 2043 1070 2097 orbis
1097 2044 1468 2101 clarissimum
1521 2050 1775 2104 exhibuit
1804 2053 2094 2109 universo-

520 2148 640 2186 rum
671 2135 924 2188 conditor
961 2143 1017 2190 ct
1045 2137 1359 2192 moderator
1383 2181 1397 2204 ,
1449 2141 1849 2212 obscuramque
1880 2155 2095 2201 noctem

517 2221 574 2276 in
610 2239 804 2292 puram
845 2227 1130 2280 meridiem
1162 2232 1456 2286 convertit.
1498 2234 1712 2304 1069
1737 2236 1802 2288 Et
1827 2239 2095 2306 quemad-

517 2317 741 2370 modum
783 2320 935 2388 juxta
966 2329 1159 2388 portus
1191 2323 1244 2375 in
1275 2326 1493 2393 specula
1524 2328 1736 2396 positus
1761 2329 1901 2399 ignis
1933 2341 2095 2386 nocte

517 2407 903 2476 navigantibus
935 2412 1143 2464 aditum
1176 2425 1370 2481 portus
1393 2419 1652 2479 ostendit,
1686 2420 1763 2472 sic
1789 2423 2096 2479 sanctitatis

517 2503 624 2550 tua:
656 2499 838 2552 radius
868 2502 1088 2568 pietatis
1114 2519 1276 2557 causa
1308 2508 1513 2561 vexatis
1538 2511 1768 2563 maxima
1793 2514 2095 2567 consolatio

517 2586 730 2650 illuxit,
785 2599 840 2641 et
887 2594 1200 2658 apostolica:
1239 2594 1364 2648 fidei
1422 2606 1641 2665 portum
1695 2603 1954 2669 patefecit
1988 2620 2000 2654 :
2031 2619 2096 2658 ac

516 2677 753 2732 scientes
784 2680 988 2748 pariter
1021 2683 1207 2736 laetitia
1241 2687 1506 2754 replevit,
1547 2689 1763 2758 ignaros
1796 2708 1824 2744 a
1854 2692 2095 2761 scopulis

515 2765 789 2824 liberavit.
818 2771 930 2841 Ego
951 2789 1080 2827 vero
1105 2791 1214 2843 prae
1241 2777 1454 2831 caeteris
1481 2778 1752 2834 bonorum
1777 2782 2092 2852 largitorem

514 2857 714 2926 laudo,
768 2871 1057 2918 strenuum
1099 2879 1294 2923 nactus
1337 2869 1720 2936 defensorem,
1770 2874 1863 2943 qui
1907 2874 2093 2930 divino

2205 528 2547 599 μεταλαχὼν,
2601 521 2645 580 ὦ
2692 528 2820 596 φίλη
2868 524 3110 595 κεφαλὴ,
3156 527 3234 588 είς
3281 524 3410 577 δέον
3468 527 3660 595 χρῆσαι
3703 533 3753 598 τῇ

2199 619 2384 688 τέχνη,
2408 619 2502 671 καὶ
2533 617 2695 688 βάλλε
2728 620 2792 688 τῇ
2820 616 2985 687 τέχνῃ
3017 617 3145 678 τοὺς
3167 615 3526 678 ἀδικοῦντας,
3558 619 3644 670 καὶ
3669 623 3755 682 τοῖς

2203 710 2295 762 ὑπ’
2340 709 2565 763 ἐκείνων
2623 708 2974 778 βαλλομένοις
3023 707 3296 776 ἐπάμυνε,
3350 707 3752 777 προϐαλλόμενος

2201 802 2452 871 καθάπερ
2493 801 2695 854 ἀσπίδα
2752 801 2879 862 τοὺς
2917 799 3152 869 νόμους·
3205 798 3307 850 καὶ
3357 799 3551 868 μηδεὶς
3590 800 3752 852 ἀδικῶν

2201 890 2523 944 ἀπολαυέτω
2559 889 2931 961 συνηγορίας,
2976 887 3078 941 κᾶν
3121 888 3471 950 οἰκειότατος
3608 885 3688 953 Εἷς
3709 893 3750 944 δὲ

2201 981 2405 1036 τούτων
2440 981 2724 1054 Ἀϐράμης
2771 983 2799 1033 ὁ
2851 981 3142 1042 κάκιστος·
3171 979 3228 1042 ὃς
3285 980 3465 1050 ἀγρὸν
3499 981 3748 1050 ἐκκλησια-

2203 1073 2386 1126 στικὸν
2435 1073 2625 1142 χρόνον
2667 1072 2893 1141 οἰκήσας
2932 1071 3150 1140 συχνὸν,
3183 1066 3308 1122 είτά
3350 1087 3511 1134 τινας
3541 1072 3748 1124 ἐντεῦθεν

2201 1164 2280 1226 είς
2316 1161 2600 1215 κοινωνίαν
2637 1161 2738 1231 τῆς
2769 1160 3109 1231 κακουργίας
3141 1159 3351 1225 λαϐὼν,
3389 1161 3747 1231 τετόλμηκειᾶ

2201 1254 2386 1323 σαφῶς
2414 1253 2786 1324 ὡμολόγησεν.
2831 1252 3155 1306 Ἀπέστειλα
3187 1253 3243 1306 δὲ
3280 1253 3386 1306 σὺν
3421 1253 3570 1322 αὐτῷ
3603 1257 3746 1307 καὶτὰ

2201 1344 2587 1417 πεπραγμένα,
2618 1346 2712 1398 καὶ
2757 1343 2885 1407 τοὺς
2921 1344 3313 1416 ἠδικημένους,
3349 1345 3448 1397 καὶ
3493 1345 3581 1398 τὸν
3623 1346 3747 1397 εἰλα-

2207 1437 2464 1495 6έστατον
2494 1437 2779 1507 Γερόντιον
2819 1436 2909 1489 τὸν
2961 1437 3356 1489 ύποδιάκονονο
3395 1437 3496 1507 οὐχ
3538 1437 3618 1489 ἵνα
3658 1442 3743 1500 τοῖς

2204 1529 2391 1599 νόμοις
2419 1529 2701 1601 παραδῶσι
2738 1528 2829 1581 τὸν
2888 1528 3188 1599 ἀλιτήριον,
3226 1527 3350 1581 ἀλλ’
3407 1529 3497 1581 ἵνα
3544 1531 3631 1598 τὴν
3668 1530 3744 1598 σὴν

2129 1635 2167 1688 Β
2199 1621 2482 1686 διδάξωσιν
2531 1621 2568 1676 ἆ
2606 1621 2908 1674 πεπόνθασι
2961 1621 3247 1674 παίδευσιν
3305 1621 3402 1674 καὶ
3455 1621 3740 1690 συναλγῆσαι

2200 1715 2711 1784 παρασκευάσαντες
2754 1714 3013 1767 πείσωσιν
3070 1714 3399 1782 ἀναγκάσαι
3451 1713 3540 1766 τὸν
3569 1715 3740 1766 ἀνόσιον

2198 1804 2481 1875 ἄνθρωπον
2524 1805 2814 1858 ἀποδοῦναι
2849 1804 2916 1857 τὰ
2945 1803 3268 1872 συληθέντα.

2199 1895 2300 1949 lA'.
2350 1925 2417 1938 —-
2466 1895 2784 1962 Φλασιανῷ
2831 1895 3146 2018 ἑπᾶσκόπῳ
3197 1894 3735 1948 Κωνσταντινουπό-

2941 1983 3070 2018 stoc.

2941 1983 3070 2030 εως.

2267 2058 2534 2128 ⁴ἓωστὶῆρά
2568 2075 2626 2110 σε
2666 2058 2764 2128 τῆς
2793 2058 3121 2127 οἰκουμένης
3151 2057 3460 2125 φανότατον
3501 2057 3734 2124 ἀπέῃνεν

2197 2150 2225 2201 ὁ
2252 2148 2360 2200 τῶν
2389 2149 2526 2201 ὅλων
2565 2150 2804 2219 Ποιητής
2843 2166 2901 2201 τε
2945 2150 3039 2201 καὶ
3069 2148 3372 2219 Πρύτανις,
3417 2149 3510 2200 καὶ
3547 2147 3635 2216 τὴν
3661 2147 3731 2214 βα-

2200 2240 2348 2294 θείαν
2367 2241 2707 2310 σκοτομήνην
2730 2241 2812 2302 είς
2836 2226 3082 2312 καθαρὰν
3108 2241 3375 2310 μετέϐαλε
3405 2239 3724 2310 μεσημϐρίαν.

2200 2331 2308 2382 Καὶ
2339 2329 2588 2394 καθάπερ
2610 2329 2670 2380 τὸ
2702 2330 2850 2398 παρὰ
2874 2330 2997 2392 τοὺς
3026 2330 3256 2398 λιμένας
3280 2327 3727 2399 φρυκτωρούμενον

2199 2419 2309 2489 πῦρ
2363 2423 2475 2480 τοῖς
2525 2417 2965 2488 ναυτιλλομένοις
3012 2417 3233 2486 νύκτωρ
3289 2417 3611 2470 ἐπιδείκνυσι
3655 2413 3724 2465 τοῦ

2197 2509 2416 2578 λιμένος
2446 2509 2507 2560 τὸ
2535 2509 2729 2578 στόμα,
2766 2507 2938 2570 οὕτως
2969 2509 3120 2579 ἠτῆς
3152 2509 3255 2577 σῆς
3283 2506 3584 2576 ἁγιωσύνης
3605 2506 3723 2566 ἀκτὶς

2195 2605 2306 2664 τοῖς
2357 2602 2496 2671 ὑπὲρ
2541 2601 2639 2668 τῆς
2706 2601 2990 2664 εὐσεϐείας
3053 2601 3483 2671 πολεμουμένοις
3529 2598 3720 2674 ἀνεφάνη

2201 2689 2430 2759 μεγίστη
2480 2688 2799 2760 παραψνχὴ,
2849 2691 3078 2760 καὶτῆς
3131 2689 3498 2757 ἀποστολικῆς
3533 2688 3720 2746 πίστεως

2197 2780 2439 2846 ἐπέδειξε
2476 2781 2566 2834 τὸν
2604 2781 2820 2851 λιμένα,
2855 2783 2950 2835 καὶ
2994 2782 3119 2845 τούς
3147 2799 3206 2834 τε
3248 2783 3456 2844 εἰδότας
3501 2778 3717 2848 θυμηδίας

2197 2873 2484 2943 ἐνέπλησε,
2508 2873 2633 2937 τούς
2663 2891 2719 2926 τε
2757 2873 3086 2941 ἀγνοοῦντας
3118 2874 3465 2944 ἠλευθέρωσε
3491 2872 3587 2924 τῶν
3618 2885 3712 2920 σκο-

516 2950 716 3009 timore
748 2955 1050 3011 humanum
1082 2968 1349 3013 terrorem
1377 2963 1604 3025 excutit,
1643 2973 1698 3017 et
1727 2981 1826 3034 pro
1854 2982 2091 3036 evange-

2197 2966 2397 3020 πέλων.
2441 2964 2583 3034 Ἐγὼ
2629 2967 2684 3019 δὲ
2719 2966 3087 3037 διαφερόντως
3128 2968 3222 3020 τὸν
3269 2966 3378 3020 τῶν
3413 2963 3609 3033 ἀγαθῶν
3645 2963 3713 3012 ἀνι

513 3044 634 3102 licis
680 3047 1029 3116 dogmatibus
1081 3052 1335 3105 alacriter
1376 3053 1634 3119 dimicat,
1697 3066 1753 3110 ct
1795 3059 2092 3127 apostolica

515 3139 815 3193 certamina
865 3141 1102 3194 libenter
1144 3144 1480 3213 aggreditur.
1542 3147 1730 3216 Itaque
1775 3149 2090 3220 omnisjam

513 3226 698 3296 lingua
729 3227 783 3280 in
812 3230 1118 3284 sanctitatis
1147 3240 1252 3286 tua:
1279 3233 1472 3286 laudes
1498 3234 1776 3290 incitatur.
1809 3238 1921 3292 Nec
1944 3240 2091 3294 enim

515 3317 616 3370 soli
644 3318 861 3386 pictatis
882 3321 1087 3374 alumni
1116 3324 1387 3377 sinceram
1412 3325 1573 3379 fidem
1599 3335 1744 3381 tuam
1770 3330 2088 3398 prmdicant,

516 3408 612 3462 sed
645 3409 746 3478 ipsi
774 3411 938 3464 etiam
966 3412 1154 3468 hostes
1178 3416 1423 3471 veritatis
1455 3417 1837 3474 fortitudinem
1867 3439 2092 3492 magno-

514 3514 645 3569 pere
675 3504 1077 3559 com’mcndant.
1147 3507 1406 3563 Veritatis
1443 3511 1646 3580 quippe
1709 3514 2094 3582 splendoribus

512 3591 660 3646 cedit
710 3595 1081 3650 mendacium.
1143 3597 1270 3653 Hmc
1305 3615 1454 3656 nunc
1488 3603 1692 3667 scribo,
1742 3605 2091 3661 revercndis-

511 3682 711 3737 simum
736 3695 790 3738 et
812 3685 1285 3755 religiosissimum
1312 3690 1605 3761 Hypatium
1629 3693 1891 3748 lectorem
1913 3695 2094 3751 sciens

509 3778 566 3826 et
599 3783 852 3843 prompto
891 3776 1075 3830 animo
1108 3778 1417 3834 sanctitatis
1446 3790 1552 3835 tua:
1583 3783 1812 3838 nutibus
1835 3784 2090 3854 obsequi,

509 3870 568 3915 et
596 3864 940 3932 egregiorum
972 3865 1278 3920 facinorum
1305 3871 1548 3934 tuorum,
1599 3871 1843 3937 domine,
1891 3888 2091 3943 perpe-

514 3957 661 4004 tuam
696 3952 874 4009 facere
909 3955 1261 4012 mentionem.
1312 3957 1574 4014 Sanctum
1606 3961 1828 4032 Deoque
1861 3965 2092 4019 charum

510 4051 677 4112 caput
719 4051 872 4102 tuum
913 4049 1325 4117 amplectentes,
1360 4065 1584 4106 oramus
1615 4061 1674 4108 ut
1704 4055 1966 4122 precibus
1993 4073 2094 4113 nos

510 4132 727 4198 fulcias,
760 4145 819 4191 ut
848 4139 996 4208 quod
1027 4141 1300 4212 reliquum
1327 4153 1412 4198 est
1436 4145 1563 4200 vita:
1592 4146 1749 4216 juxta
1775 4147 1923 4220 leges
1944 4149 2090 4204 divi-

510 4237 611 4278 nas
637 4240 982 4297 peragamus.

2199 3056 2351 3127 υμνῶ
2387 3055 2643 3126 χορηγὸν,
2703 3059 2985 3127 πρόμαχον
3016 3061 3270 3125 γενναῖον
3312 3057 3500 3127 εὑρὼν,
3528 3054 3590 3122 τῷ
3618 3052 3714 3118 θείῳ

2199 3147 2350 3216 φόϐῳ
2377 3146 2436 3198 τὸ
2461 3146 2802 3217 ἀνθρώπειον
2838 3147 3195 3212 ἐξελαύνοντα
3243 3149 3383 3211 δέος,
3417 3147 3500 3200 καὶ
3537 3145 3626 3197 τῶν
3654 3143 3713 3193 5'3-

2193 3237 2498 3306 αγγελικῶν
2554 3237 2842 3308 δογμάτων
2899 3239 3198 3309 προθύμως
3245 3238 3709 3312 προκινδυνεύοντα.

2193 3329 2290 3380 καὶ
2323 3329 2449 3390 τοὺς
2506 3329 2894 3392 ἀποστολικοὺς
2933 3329 3151 3396 ἀγῶνας
3184 3331 3472 3390 ἀσπασίως
3507 3324 3708 3396 ἀναδεχέ·

2198 3437 2377 3489 μενον.
2419 3421 2528 3472 Καὶ
2555 3421 2703 3472 πᾶσα
2731 3421 2788 3472 δὲ
2821 3420 3035 3488 γλῶττα
3064 3420 3160 3473 νῦν
3189 3424 3274 3484 εἰς
3309 3420 3561 3490 εὐφημίαν
3585 3417 3707 3468 κινεῖο

2192 3528 2284 3564 ται
2317 3512 2417 3580 τῆς
2451 3511 2548 3580 σῆς
2592 3511 2896 3581 ἁγιότητος.
2925 3512 2999 3564 Οὐ
3027 3511 3135 3582 γὰρ
3177 3513 3332 3582 μόνοι
3364 3512 3457 3580 τῆς
3481 3505 3705 3564 εὐσεϐείας

2192 3603 2242 3656 οἱ
2273 3603 2532 3675 τρόφιμοι
2571 3601 2916 3673 θαυμάζουσι
2940 3603 3000 3656 τὺ
3049 3603 3150 3672 τῆς
3181 3604 3420 3664 πίστεως
3445 3596 3701 3668 ἀκραιφνὲς.

2193 3693 2328 3747 ἀλλὰ
2371 3693 2466 3745 καὶ
2490 3693 2536 3745 oi
2565 3693 2663 3758 τῆς
2710 3692 2969 3761 ἀληθείας
3017 3693 3270 3764 πολέμιοι
3302 3693 3419 3745 λίαν
3451 3691 3607 3762 ᾅδουσι
3632 3684 3702 3752 τὴν

2194 3784 2436 3853 ἀνδρίαν.
2470 3785 2603 3846 Ταῖς
2649 3783 2758 3854 γὰρ
2787 3785 2883 3854 τῆς
2918 3783 3180 3855 ἀληθείας
3234 3784 3529 3854 ἀστραπαῖς
3568 3791 3701 3844 παρα·

2194 3877 2362 3945 Χωρεῖ
2389 3875 2450 3927 τδ
2477 3873 2692 3943 ψεῦδος·
2726 3875 2912 3929 Ταῦτα
2940 3875 3034 3928 νῦν
3057 3875 3278 3946 γράφω.
3313 3877 3400 3928 τὸν
3438 3870 3700 3941 τιμιώτατον

2199 3968 2295 4022 καὶ
2327 3965 2724 4021 εὐλαϐέστατον
2769 3967 3031 4032 Ὗπάτιον
3061 3967 3154 4020 τὸν
3190 3966 3531 4036 ἀναγνώστην
3567 3957 3695 4018 εἰδὼς.

2195 4059 2292 4112 καὶ
2326 4058 2624 4129 προθύμως
2657 4058 2754 4130 μὲν
2778 4060 2889 4122 τοῖς
2915 4059 3014 4129 τῆς
3056 4059 3156 4128 σῆς
3180 4059 3459 4130 ὁσιότητος
3488 4045 3695 4107 διακονού-

2197 4168 2356 4222 μενον
2407 4149 2661 4221 νεύμασι,
2703 4149 2966 4221 διηνεκῶς
3013 4152 3071 4205 δὲ
3121 4151 3232 4205 τῶν
3282 4148 3580 4216 ἀξιεπαίνων
3609 4156 3692 4241 σος).

2193 4241 2449 4305 δέσποτα,
2495 4241 2843 4311 μεμνημένον
2877 4241 3344 4312 κατορθωμάτων.
3395 4238 3492 4295 Καί
3529 4251 3602 4287 σου
3625 4238 3693 4296 τὴν

510 4317 673 4388 ἁγίαν
719 4324 811 4376 καὶ
851 4324 970 4396 Θεῷ
1029 4327 1189 4397 φίλην
1247 4334 1738 4403 περιπτυσσόμενοι
1790 4336 2050 4408 κεφαλὴν,
2089 4339 2207 4405 ταῖς
2252 4339 2582 4408 προσευχαῖς
2637 4338 2784 4407 ἡμᾶς
2831 4337 3132 4408 ὑπερείδειν
3179 4335 3591 4410 παρακαλοῦμεν,
3635 4339 3692 4376 ιν²

508 4415 572 4470 τὸ
603 4417 733 4487 γοῦν
783 4420 1104 4492 λειπόμενον
1155 4424 1254 4492 τῆς
1305 4425 1449 4496 ζωῆς
1485 4430 1626 4482 κατὰ
1657 4431 1784 4494 τοὺς
1813 4431 1990 4498 θείους
2020 4434 2307 4505 βιώσωμεν
2338 4435 2552 4504 νόμους.

929 4535 1046 4589 ΧΠ.
1072 4567 1142 4576 --
1160 4536 1366 4592 Ῑνεηιεο
1401 4543 1664 4613 episcopo.

579 4625 863 4681 Maximam
915 4628 1062 4682 illam
1111 4636 1168 4684 et
1201 4631 1604 4688 adamantinam
1632 4639 1852 4702 turrim,
1887 4639 2089 4694 Jobum

507 4713 653 4783 dico,
690 4729 976 4773 strenuum
1006 4719 1230 4776 virtutis
1259 4723 1544 4790 athletam,
1580 4743 1683 4782 nec
1711 4728 2088 4799 frequentium

505 4808 685 4862 omnis
725 4811 942 4879 generis
985 4828 1356 4868 aerumnarum
1405 4815 1646 4886 impetus
1682 4820 1938 4887 perculit,
1989 4821 2086 4876 sed

508 4898 843 4954 immobilem
905 4903 1092 4972 potius
1163 4913 1220 4958 et
1284 4906 1762 4978 inexpugnabilem
1821 4913 2084 4968 ostendit.

504 4987 635 5043 Post
670 4989 830 5045 finem
854 5008 985 5048 vero
1011 4995 1374 5051 certaminum
1399 5037 1414 5060 ,
1466 5000 1833 5054 tentationum
1851 5017 2087 5056 causam

511 5079 726 5150 [0'70
755 5082 936 5151 justus
969 5085 1251 5158 legislator
1282 5088 1500 5157 aperuit
1526 5089 1717 5144 dicens
1750 5108 1764 5144 :
1803 5110 1819 5141 ι
1847 5091 2087 5148 Putasne

505 5185 592 5225 me
640 5172 804 5227 aliter
854 5176 1207 5245 respondisse
1249 5177 1380 5245 tibi,
1437 5194 1599 5248 quam
1630 5181 1890 5250 utjustus
1915 5198 2084 5253 appa-

507 5263 722 5316 reas"?
749 5283 767 5316 ι
824 5264 949 5320 Ilzcc
971 5267 1138 5322 verba
1175 5269 1432 5340 pietatem
1455 5287 1673 5342 quoque
1700 5281 1846 5326 tuam
1890 5274 2084 5330 audire

507 5353 770 5421 arbitror,
803 5371 922 5430 qua:
967 5359 1173 5415 multos
1222 5368 1278 5416 et
1319 5361 1567 5418 diversos
1605 5364 1964 5419 molestnrum
1994 5381 2082 5421 re-

578 5509 622 5540 ¹⁰
643 5511 744 5566 Job
775 5530 860 5578 xt,
900 5515 950 5567 1.

2546 4545 2646 4597 1Β’.
2665 4574 2734 4584 --
2765 4542 3055 4612 Εἰρηναίῳ
3082 4547 3406 4612 ἐπισκόπῳ.

2265 4639 2369 4691 Τὸν
2397 4636 2652 4707 μέγιστον
2677 4637 2884 4689 ἐκεῖνον
2903 4636 2998 4689 καὶ
3026 4637 3388 4706 ἀδαμάντινον
3418 4631 3668 4722 πύργον,

2205 4731 2322 4784 ’ῐώϐ
2355 4749 2517 4801 φημι,
2549 4730 2642 4782 τὸν
2681 4731 2927 4797 γενναῖον
2975 4729 3077 4797 τῆς
3116 4730 3320 4800 ἀρετῆς
3349 4719 3577 4792 ἀθλητὴν,
3601 4711 3686 4763 οὐδὲ

2189 4825 2222 4890 ἡ
2259 4822 2367 4874 τῶν
2396 4820 2608 4890 συχνῶν
2637 4819 2734 4872 καὶ
2782 4818 3140 4874 παντοδαπῶν
3181 4817 3436 4890 λυπηρῶν
3471 4807 3687 4865 κατέσεισε

2191 4911 2497 4982 προσϐολὴ,
2551 4911 2686 4964 ἀλλὰ
2733 4911 2933 4980 μᾶλλον
2985 4911 3240 4982 ἀκίνητόν
3282 4931 3339 4965 τε
3395 4907 3480 4962 καὶ
3525 4901 3686 4996 ἄμαχςαν

2186 5001 2405 5065 ἔδειξεν.
2463 5002 2618 5056 Μετὰ
2675 5003 2858 5072 μέντοι
2905 5003 3011 5055 τῶν
3048 5002 3274 5071 ἀγώνων
3322 5003 3379 5056 τὸ
3422 4996 3582 5051 τέλος.
3615 4997 3685 5049 την

2180 5093 2291 5146 τῶν
2327 5092 2650 5164 πειρασμῶν
2692 5093 2870 5146 αἰτίαν
2908 5095 2936 5146 ό
2968 5094 3178 5156 δίκαιος
3225 5092 3499 5165 νομοθέτης
3527 5077 3679 5147 έδῆλω’

2187 5201 2297 5250 σεν,
2329 5183 2501 5246 οὕτως
2533 5182 2729 5236 εἰπών·
2764 5203 2782 5235 ι
2811 5183 2924 5237 Οἴει
2956 5184 3012 5237 δέ
3047 5203 3115 5254 με
3146 5186 3317 5248 ἄλλως
3351 5201 3425 5236 σοι
3456 5179 3678 5268 κεχρηίξν

2182 5275 2471 5346 τικέναι,ἢ
2505 5276 2590 5329 ἴνα
2619 5275 2826 5339 δίκαιος
2868 5276 3180 5346 ἀναφανῇςς
3213 5297 3230 5327 ι
3274 5276 3472 5331 Τούτων
3517 5266 3678 5366 tif-93w

2183 5366 2292 5419 τῶν
2351 5366 2527 5434 λόγων
2582 5367 2676 5420 καὶ
2727 5366 2823 5437 τὴν
2871 5367 2969 5435 σὴν
3025 5368 3388 5439 ὑπολαμϐάνω
3436 5352 3675 5430 φιλοθεῖαν.

3627 4618 3690 4669 τὸν

578 5645 654 5717 (4)
694 5647 883 5728 Exstat
917 5651 1032 5706 ltmc
1071 5651 1295 5719 epistola
1326 5668 1356 5706 e
1393 5652 1581 5707 Latina
1624 5654 1766 5708 Metii
1811 5657 2262 5728 interpretatione
2332 5658 2476 5728 apud
2543 5659 2834 5716 Baronium
2872 5660 3070 5718 Ammf.
3121 5663 3186 5716 ad
3229 5680 3276 5717 a.
3335 5658 3390 5714 (ἰ.
3432 5647 3534 5712 449,
3576 5647 3669 5693 tom.

506 5719 690 5788 V1.1».
732 5719 850 5770 ίθι.
