3924 6192
248 280 268 346 1
283 279 382 344 135

1609 280 1974 345 EPISTULA
2004 280 2160 341 XIV.

3364 277 3498 344 1186

243 401 445 466 πολλὰς
482 400 575 456 καὶ
604 399 893 473 διαφόρους
925 400 1233 471 προσϐολάς
1277 396 1618 470 σκυθρωπῶν
1649 401 1800 453 δυναε

1918 413 2041 452 rum
2100 398 2340 468 impetus
2383 396 2613 467 pertulit
2662 416 2674 451 :
2723 411 2827 453 nec
2864 398 3042 453 solum
3088 396 3225 453 istos
3271 398 3498 454 minime

248 493 416 566 μένην
456 492 799 565 πραγμάτων
831 492 1106 562 ἐνεγκεῖν·
1137 491 1259 563 οὐχὶ
1291 491 1573 561 φυγοῦσαν
1593 491 1651 544 δὲ
1677 490 1814 544 ταύ⁴

241 602 365 649 τας,
400 583 539 638 ἀλλά
574 583 634 636 τὸ
682 582 782 654 τῆς
820 581 1134 652 οἰκονομίας
1160 583 1237 654 (5)
1270 581 1532 653 σταθερὸν
1566 581 1661 635 καὶ⁸
1692 597 1814 634 στεο

249 674 511 748 ρεώτερον
548 674 863 739 διδάξασαν.
904 673 1123 744 Ταύτην
1167 673 1291 728 ίδὼν
1328 673 1427 746 τῆς
1474 669 1629 744 ἱερᾶς
1659 671 1815 743 ύμῶν

243 767 419 837 ψυχῆς
446 764 698 837 ἀνδρείαν
735 768 763 820 ό
804 766 1180 836 μεγαλόδωρος
1218 765 1517 834 Δεσπότης,
1564 765 1666 818 ούκ
1710 764 1811 832 ἢν·

249 858 439 927 ἐσχετο
500 855 707 928 κρύψαι
759 856 1077 928 ἀξιόκτητον
1131 855 1387 928 ἀθλητὴν,
1418 855 1533 909 ἀλλ’
1562 855 1641 918 εἰς
1688 854 1817 917 τοὺς

243 947 461 1016 ἀγῶνας
503 948 833 1019 εἰσήγαγεν·
886 946 973 1000 ἴνα
1017 946 1116 1017 τὴν
1152 947 1253 1019 μὲν
1299 943 1604 1017 σεϐασμίαν
1660 945 1816 1016 ὑμῶν

243 1038 484 1110 κεφαλὴν
503 1037 581 1108 τῷ
613 1036 895 1110 νικηφόρῳ
923 1038 1325 1111 κατακοσμήσῃ
1354 1037 1628 1107 στεφάνῳ,
1648 1035 1814 1106 ἀρχέ-

239 1146 410 1184 τυπον
454 1128 512 1183 δὲ
562 1128 831 1197 ὠφελείας
884 1129 1012 1191 τοὺς
1062 1129 1362 1199 ὑμετέρους
1402 1126 1596 1189 ἄλλους
1638 1140 1812 1196 προσ-

239 1223 439 1293 ενέγκῃ
463 1223 576 1284 τοῖς
603 1220 805 1283 ἄλλοις.
834 1220 1088 1291 Συνήοως
1109 1219 1312 1284 τοίνυν,
1344 1211 1389 1271 ὣ
1421 1218 1549 1290 φίλη
1578 1215 1809 1288 κεφαλὴ,

241 1316 332 1367 καὶ
363 1316 511 1367 τόνδε
562 1314 784 1385 νίκησον
836 1313 927 1365 τὸν
971 1311 1182 1381 ἀγῶνα,
1231 1313 1327 1365 καὶ
1379 1311 1511 1385 φέρε
1551 1309 1813 1379 γενναίως

236 1403 330 1458 τοῦ
370 1404 636 1479 ὑμετέρου
677 1405 775 1474 μὲν
826 1404 1107 1476 γαμϐροῦ,
1166 1406 1301 1474 ἐμοῦ
1347 1402 1404 1455 δὲ
1437 1402 1811 1473 γνησιωτάτου

237 1497 391 1566 φίλου
425 1498 524 1567 τὴν
562 1496 839 1566 τελευτήν.
874 1497 983 1549 Καὶ
1026 1494 1248 1566 νίκησον
1295 1497 1361 1564 τῇ
1394 1493 1682 1565 φιλοσοφίᾳ
1718 1492 1813 1546 καὶ

236 1589 560 1657 συγγένειαν
594 1589 688 1641 καὶ
748 1588 969 1658 μνήμην
1011 1586 1159 1657 ἠθῶν
1202 1587 1399 1658 ἄριστα
1454 1583 1811 1657 κεκραμένων

233 1679 328 1731 καὶ
359 1677 702 1749 ἐλευθερίως,
728 1677 966 1731 νικῶσαν
1003 1677 1099 1729 καὶ
1124 1675 1433 1745 ζωγράφων
1467 1675 1683 1745 τέχνην,
1715 1673 1812 1727 καὶ

1917 488 2248 551 declinavit,
2310 488 2407 543 sed
2452 490 2669 543 lirmum
2718 505 2783 544 ac
2819 489 3058 561 solidum
3110 489 3280 544 animi
3327 491 3498 544 robur

1915 599 2029 654 pne
2064 597 2124 637 se
2171 583 2316 636 tulit.
2373 581 2549 648 Quam
2577 599 2816 639 cernens
2834 599 3003 639 sacra:
3032 584 3231 639 mentis
3253 592 3359 638 tua:
3384 583 3497 638 for-

1918 672 2210 730 titudinem
2262 673 2557 729 muniﬁcus
2589 674 2856 730 Dominus
2880 717 2894 740 ,
2946 674 3209 730 eximium
3235 674 3496 729 athletam

1915 767 2195 823 occultare
2216 766 2417 831 noluit,
2454 764 2551 820 sed
2581 765 2649 820 ad
2675 767 2976 821 certamina
3002 765 3284 837 produxit,
3316 773 3379 819 ut
3400 781 3498 820 ve-

1915 857 2223 914 nerandum
2251 867 2418 928 caput
2446 858 2666 913 victrici
2688 873 2892 913 corona
2918 864 3232 924 exornaret,
3264 857 3499 927 aliisque

1915 949 1981 1006 ad
2005 949 2262 1005 utilitatis
2282 949 2593 1019 exemplum
2615 950 2916 1006 certamina
2939 958 3120 1005 vestra
3140 957 3494 1020 proponeret.

1914 1044 2094 1109 Quare
2119 1041 2267 1096 hunc
2288 1042 2476 1105 etiam,
2502 1041 2697 1104 amice,
2723 1057 2953 1111 agonem
2973 1042 3151 1106 vince,
3171 1041 3314 1096 sicut
3329 1041 3495 1106 soles,

1915 1134 2216 1206 generique
2259 1133 2360 1198 tui,
2410 1133 2610 1188 sinceri
2645 1132 2806 1187 amici
2837 1134 2966 1197 mei,
3001 1141 3236 1188 mortem
3264 1132 3348 1187 fer
3379 1132 3494 1187 for-

1917 1226 2066 1280 titer.
2100 1225 2270 1281 Vince
2300 1223 2647 1294 philosophia
2676 1232 2731 1277 et
2762 1221 2981 1294 generis
3002 1223 3491 1294 propinquitatem,

1912 1324 1969 1370 et
2002 1330 2218 1369 morum
2252 1330 2414 1385 quam
2445 1316 2653 1384 optimc
2686 1324 3117 1385 temperaturum
3149 1315 3492 1371 liberalium-

1912 1419 2018 1473 que
2045 1404 2386 1468 memoriam,
2417 1404 2689 1472 pictorum
2711 1414 2828 1458 arte
2851 1413 3243 1475 oratorumque
3262 1405 3492 1460 scientia

1911 1496 2350 1567 praestantiorem
2384 1514 2397 1548 :
2430 1513 2493 1550 ac
2518 1498 2772 1551 mceroris
2791 1497 3056 1567 impetum
3081 1500 3319 1567 reprime
3345 1498 3493 1552 illius

1912 1587 2295 1642 recordatione
2321 1627 2335 1651 ,
2383 1586 2478 1655 qui
2512 1602 2601 1640 res
2631 1595 2845 1641 nostras
2893 1588 3172 1658 sapienter
3197 1587 3488 1657 gubernat,

1912 1688 1968 1734 et
1999 1678 2186 1734 futura
2221 1679 2509 1749 prospicit,
2545 1687 2601 1733 et
2632 1679 2700 1732 ad
2731 1679 3024 1733 utilitatem
3051 1679 3259 1751 dirigit.
3296 1680 3405 1735 Sed
3435 1689 3493 1735 et

235 1770 596 1840 λογογράφων
614 1771 807 1840 ἒπιστή
816 1785 942 1841 μην·
968 1768 1058 1821 καὶ
1074 1768 1171 1836 τὴν
1187 1767 1281 1837 τῆς
1301 1766 1537 1837 ἀθυμίας
1561 1766 1800 1820 διάλυσον

1912 1773 2363 1842 congratulemur
2401 1777 2488 1841 ei,
2546 1779 2641 1849 qui
2687 1778 3006 1835 decumanis
3039 1781 3204 1851 hujus
3234 1781 3359 1836 vitae
3391 1781 3490 1835 llu-

229 1862 539 1933 προσϐολὴν
560 1863 625 1931 τῇ
657 1861 762 1931 μνή
773 1876 849 1933 μῃ
874 1860 969 1913 τοῦ
993 1859 1061 1912 τὰ
1082 1858 1201 1911 καθ’
1227 1859 1373 1929 ἡμᾶς
1396 1854 1806 1928 οίκονομοῦντος

232 1950 433 2020 σοφῶς,
464 1950 559 2003 καὶ
581 1949 641 2002 τὸ
673 1948 864 2020 μέλλον
895 1947 1257 2020 προορῶντος,
1287 1948 1383 2000 καὶ
1412 1945 1549 2015 πρὸς
1575 1944 1637 1999 τὸ
1665 1961 1805 2014 συμ-

229 2043 397 2114 φέρον
427 2040 716 2105 ίθύνοντος.
754 2041 862 2094 Καὶ
900 2039 1255 2111 ωνησθῶμεν
1299 2037 1664 2107 ἀπαλλαγέντι
1695 2036 1804 2090 τῶν

228 2135 322 2189 τοῦ
348 2135 463 2206 βίου
482 2135 789 2207 τρικυμιῶν
810 2153 825 2167 ·
861 2134 1060 2205 μᾶλλον
1089 2134 1145 2188 δὲ
1174 2134 1334 2206 χάριν
1356 2133 1800 2204 ὁμολογήσωμεν,

226 2228 308 2282 ὅτι
336 2228 636 2299 φερόμενος
666 2226 725 2291 ἐξ
749 2226 950 2298 ούρίων
982 2228 1062 2289 είς
1089 2228 1218 2289 τοὺς
1239 2222 1801 2296 ἀπηνέμουςκαθωρ-

229 2321 393 2392 μίσοη
426 2319 672 2390 λιμένας,
721 2320 815 2371 καὶ
863 2320 1057 2389 πεῖραν
1114 2317 1221 2370 τῶν
1252 2317 1465 2389 πικρῶν
1511 2316 1610 2370 ούκ
1640 2315 1801 2370 ἔλαϐε

224 2403 522 2475 ναυαγίων,
576 2398 651 2458 ὧν
691 2405 778 2458 ὅδε
821 2406 849 2457 ὀ
896 2405 1015 2474 βίος
1060 2406 1277 2475 μεστός.
1329 2405 1489 2459 Ἀλλὰ
1535 2404 1644 2475 γὰρ
1686 2401 1800 2458 οἶδα

220 2500 476 2571 περιττὸν
509 2497 700 2565 ποιῶν,
730 2498 820 2551 τὸν
843 2500 1087 2565 γενναῖον
1111 2497 1207 2566 τῆς
1236 2496 1440 2567 ἀρετῆς
1466 2496 1794 2566 ἀγωνιστὴν,

222 2590 318 2645 καὶ
343 2590 449 2644 τῶν
483 2589 658 2644 ἄλλων
689 2587 941 2659 ἀθλητῶν
976 2586 1351 2658 παιδοτρίϐην,
1386 2587 1465 2649 εἰς
1504 2585 1799 2657 καρτερίαν

223 2683 482 2751 ἀλείφων.
502 2681 705 2752 Γράφω
726 2680 783 2733 δὲ
807 2681 976 2750 ὅμως,
1011 2679 1104 2732 καὶ
1131 2679 1352 2749 ἐμαυτῷ
1379 2678 1468 2731 διὰ
1495 2677 1661 2732 τῶνδε
1688 2678 1798 2732 τῶν

221 2772 396 2839 λόγων
430 2768 787 2840 ψυχαγωγίαν
845 2769 1194 2839 προσφέρων.
1248 2768 1501 2838 Ἤλγησα
1558 2768 1667 2840 γάρ
1721 2769 1798 2840 τῷ

219 2861 337 2914 ὄντι
369 2861 471 2930 τῆς
506 2859 835 2928 ἀξιαγάστου
886 2860 1171 2923 συνουσίας
1213 2859 1599 2934 ἀναμνησθείς.
1639 2859 1798 2913 Ἀλλὰ

221 2952 384 3005 πάλιν
420 2950 635 3021 ὕμνησα
675 2950 782 3003 τῶν
809 2950 945 3004 ὅλων
978 2949 1070 3005 τὸν
1115 2951 1411 3020 Πρύτανιν,
1439 2950 1535 3003 καὶ
1565 2950 1627 3003 τὸ
1667 2962 1794 3003 συν-

219 3041 387 3095 οίσειν
423 3039 611 3110 μέλλον
652 3039 847 3105 εἰδότα,
876 3038 971 3092 καὶ
1017 3040 1153 3110 πρὸς
1191 3037 1350 3092 τοῦτο
1379 3037 1450 3091 τά
1487 3038 1612 3093 καθ’
1644 3041 1795 3110 ἡμᾶς

1913 1858 2095 1913 ctibus
2118 1872 2343 1931 ereptus
2371 1873 2455 1919 est
2485 1883 2497 1919 :
2529 1867 2611 1921 vel
2642 1868 2829 1938 potius
2846 1869 3052 1940 gratias
3073 1886 3317 1941 agamus,
3341 1872 3488 1942 quod

1910 1949 2170 2005 secundis
2197 1954 2377 2009 ventis
2402 1956 2618 2013 delatus
2644 1958 2713 2013 ad
2744 1961 3068 2031 tranquillos
3098 1971 3293 2032 portus
3316 1977 3491 2034 appu-

1909 2038 2010 2104 lit,-
2062 2049 2121 2096 et
2167 2040 2362 2099 a'cerba
2414 2048 2699 2120 naufragia
2722 2091 2737 2115 ,
2794 2052 2998 2121 quibus
3028 2054 3227 2108 referta
3255 2061 3340 2109 est
3371 2054 3491 2110 hac

1909 2128 2059 2193 vita,
2115 2146 2225 2185 non
2275 2143 2360 2189 est
2409 2147 2687 2206 expertus.
2746 2139 2949 2194 Verum
3018 2156 3487 2212 supervacaneum

1909 2232 2031 2274 esse
2063 2222 2243 2275 sentio
2266 2267 2280 2289 ,
2333 2225 2478 2294 quod
2509 2234 2793 2282 strenuum
2818 2229 3055 2300 pugilem
3084 2231 3332 2295 virtutis,
3377 2248 3484 2286 cat-

1910 2319 2155 2366 terorum
2181 2314 2510 2372 athletarum
2537 2321 2879 2389 magistrum,
2911 2322 2978 2377 ad
3007 2324 3369 2379 constantiam
3393 2338 3487 2378 ex-

1907 2402 2094 2456 citem.
2152 2403 2345 2461 Scribo
2394 2417 2577 2464 tamen
2625 2418 2687 2464 ut
2740 2412 2875 2466 mihi
2911 2414 3014 2483 ipsi
3051 2415 3483 2470 consolationem

1907 2493 1996 2549 bis
2028 2495 2215 2551 verbis
2256 2499 2567 2554 conciliem.
2629 2502 2785 2556 Dolui
2810 2504 2955 2557 enim
2984 2520 3175 2559 revera
3198 2487 3485 2561 laudandae

1906 2598 2120 2638 memor
2155 2589 2591 2645 consuetudinis.
2655 2590 2762 2645 Sed
2791 2593 3037 2647 omnium
3068 2610 3260 2650 rursus
3294 2596 3482 2652 Mode-

1906 2684 2143 2730 ratorem
2198 2677 2405 2747 1071
2452 2679 2708 2735 laudibus
2740 2683 2933 2747 extuli,
2981 2685 3075 2754 qui
3101 2695 3157 2741 et
3188 2687 3319 2742 utile
3348 2688 3481 2758 quid

1905 2766 2151 2821 futurum
2202 2767 2274 2821 sit
2330 2779 2681 2839 perspectum
2726 2772 2931 2838 habet,
2994 2784 3049 2830 et
3078 2776 3144 2831 ad
3171 2778 3277 2832 hoc
3301 2778 3481 2849 ipsum

1905 2873 1993 2912 res
2025 2866 2240 2913 nostras
2271 2859 2519 2915 inﬂectit.
2558 2862 2683 2918 Haec
2709 2879 2809 2935 ego
2844 2866 3166 2937 perscriptis
3186 2870 3297 2940 jam
3325 2872 3478 2941 prio-

1905 2948 2058 3003 ribus
2081 2950 2306 3005 monitis
2328 2951 2553 3019 dictavi,
2574 2969 2698 3009 cum
2722 2958 2841 3028 ejus
2863 2968 3094 3014 mortem
3116 2962 3251 3016 mihi
3269 2963 3481 3019 amicus

1903 3041 2126 3111 quidam
2153 3041 2223 3096 ab
2244 3041 2535 3099 Antiochia
2561 3047 2891 3104 nuntiasset.

220 3130 592 3201 κυϐερνῶντα.
627 3130 812 3183 Ταῦτα
869 3130 1007 3202 μετὰ
1066 3129 1127 3183 τὸ
1179 3129 1388 3202 γράψαι
1434 3128 1505 3184 τά
1554 3131 1796 3203 πρότερα
1835 3132 2221 3204 ύπομνηστικά
2290 3136 2663 3209 ύπηγόρευσα,
2701 3141 2847 3204 τινός
2914 3159 3002 3213 μοι
3043 3143 3150 3197 τῶν
3178 3144 3236 3198 ἐν
3275 3146 3477 3200 Ἀντιο.

218 3226 342 3299 χεία
366 3224 535 3295 φίλων
574 3223 948 3295 μεμηνυκότος
974 3222 1072 3296 τὴν
1099 3223 1380 3296 τελευτήν.

790 3342 887 3396 ll".
922 3373 994 3381 —
1034 3343 1221 3410 Κύρῳ.

287 3455 398 3527 Τὴν
432 3456 529 3527 μὲν
550 3455 757 3511 Λέσϐον
776 3452 960 3508 ἀκούω
982 3452 1079 3524 τὴν
1099 3454 1281 3524 νῆσον,
1323 3453 1541 3518 καὶτὰς
1573 3455 1630 3507 ἐν
1656 3453 1793 3525 αὐτῇ

217 3546 419 3612 πόλεις,
452 3549 551 3619 τήν
590 3564 649 3600 τε
688 3544 1002 3615 Μιτυλήνην
1053 3544 1145 3597 καὶ
1194 3544 1520 3615 Μήθυμναν,
1566 3545 1659 3598 καὶ
1694 3543 1795 3607 τὰς

215 3639 413 3703 ἄλλας·
462 3639 694 3708 ἠγνόουν
739 3636 798 3690 δὲ
849 3636 941 3690 τὸν
969 3638 1068 3707 τῆς
1119 3637 1178 3689 ὲν
1231 3635 1413 3707 ἐκείνῃ
1451 3635 1794 3708 τρεφομένης

216 3730 463 3801 ἀμπέλου
493 3730 729 3801 καρπόν.
761 3727 874 3781 Νῦν
903 3728 960 3781 δὲ
997 3727 1186 3782 τοῦτον
1209 3727 1297 3782 διὰ
1318 3728 1414 3798 τῆς
1450 3729 1549 3797 σῆς
1570 3727 1794 3796 φιλοπο-

214 3823 334 3887 νίας
358 3821 657 3894 μεμάθηκα
679 3837 693 3851 ’
732 3820 826 3874 καὶ
852 3818 1118 3890 θαυμάζω
1144 3819 1207 3871 τό
1237 3835 1297 3871 τε
1329 3817 1424 3872 τοῦ
1459 3818 1632 3884 εἴδους
1671 3819 1794 3873 huc

122 3958 141 3967 -
213 3915 329 3981 κὺν,
367 3916 461 3969 καὶ
497 3915 599 3984 τῆς
646 3910 890 3982 γεύσεως
929 3910 991 3964 τὺ
1033 3910 1261 3963 λεπτόν·
1308 3909 1409 3980 τὴν
1432 3909 1491 3963 δὲ
1541 3908 1733 3982 ἡδονὴν
1762 3912 1793 3964 ὀ

212 4006 407 4078 χρόνος
435 4005 563 4068 ἴσως
608 4003 930 4076 προσθήσει,
981 4004 1030 4055 εί
1085 4001 1158 4073 μὴ
1209 4000 1439 4072 τροπίαν
1476 4000 1788 4072 ἐργάσαιτο.

214 4097 470 4151 Λωϐᾶται
496 4096 605 4166 γὰρ
642 4096 738 4148 καὶ
762 4094 947 4158 οῖνοις,
984 4091 1173 4164 ὥσπερ
1207 4088 1276 4147 αὖ
1303 4093 1398 4147 καὶ
1428 4091 1663 4163 σώμασι,
1692 4093 1791 4147 καὶ

214 4189 420 4254 φυτοῖς,
454 4187 551 4240 καὶ
583 4185 916 4255 οἰκοδομαῖς,
956 4183 1052 4237 καὶ
1101 4186 1212 4247 τοῖς
1257 4182 1441 4248 ἀλλοις
1472 4171 1786 4258 χειροποιή-

210 4294 348 4340 τοις.
391 4277 545 4347 Ἐμοὶ
567 4275 623 4329 δὲ
670 4274 943 4347 ἄχρηστός
971 4275 1090 4327 ἐστι
1122 4273 1424 4339 παντελῶς,
1465 4276 1581 4344 εἴτε
1622 4274 1788 4330 πολυ-

209 4367 462 4440 χρονίους
495 4367 635 4421 κατά
662 4368 754 4419 τὸν
801 4365 894 4418 σὺν
942 4365 1100 4433 λόγον
1133 4367 1307 4419 ποιεῖν
1356 4365 1484 4429 τοὺς
1531 4366 1788 4433 πίνοντας

209 4458 473 4528 πέφυκεν.
515 4457 762 4530 Μακρῶν
783 4458 892 4530 γὰρ
918 4455 1097 4526 ἔγωγε
1124 4457 1335 4527 χρόνων
1380 4458 1481 4511 οὐκ
1506 4460 1745 4531 ἐραστής
1766 4476 1782 4493 ⁸

208 4548 396 4619 ἐπειδὴ
434 4546 605 4602 πολλὰ
664 4547 759 4601 καὶ
807 4546 1022 4617 χαλεπά
1055 4544 1149 4599 τοῦ
1197 4543 1315 4615 βίου
1361 4545 1432 4598 τά
1483 4545 1781 4600 κλυδώνια·

2482 3344 2622 3399 XIII.
2643 3377 2713 3386 —
2737 3347 2891 3420 Cyro.

1973 3450 2209 3506 Lesbum
2236 3453 2494 3524 equidem
2523 3456 2758 3511 insulam
2785 3460 3125 3529 audiveram,
3152 3474 3209 3518 et
3234 3467 3353 3535 ejus
3378 3484 3473 3522 ur-

1897 3540 1996 3596 bes
2027 3542 2340 3613 Mitylenem
2375 3560 2440 3601 ac
2472 3546 2863 3619 Methymnam,
2898 3560 2955 3606 et
2982 3553 3148 3619 alias,
3188 3555 3316 3609 vitis
3344 3573 3472 3611 vero

1896 3647 2017 3701 quae
2045 3633 2102 3686 in
2129 3648 2192 3688 ea
2220 3635 2466 3689 nascitur
2490 3635 2730 3692 fructum
2750 3642 3084 3696 nesciebam.
3111 3643 3269 3698 Nunc
3289 3654 3470 3700 autem

1894 3719 2045 3775 hunc
2071 3721 2239 3777 etiam
2278 3738 2345 3777 ex
2372 3723 2649 3781 industria
2679 3735 2769 3782 tua
2793 3729 2959 3784 didici
2991 3772 3006 3795 ,
3059 3732 3471 3805 admiratusque

1893 3826 2015 3866 sum
2063 3820 2121 3868 et
2162 3813 2354 3871 forma:
2386 3816 2707 3886 candorem,
2760 3828 2818 3876 et
2846 3824 3058 3892 saporis
3087 3824 3467 3895 subtilitatem,

1893 3903 2218 3959 suavitatem
2239 3920 2371 3962 vero
2407 3916 2622 3979 tempus
2639 3908 2824 3966 forsan
2847 3913 3089 3984 adjiciet,
3110 3914 3216 3970 nisi
3240 3932 3469 3988 vappam

1890 3994 2106 4051 etiiciat.
2159 3997 2312 4053 Vinis
2352 3999 2500 4055 enim
2536 4000 2721 4069 olIicit,
2778 4006 3237 4074 quemadmodum
3266 4024 3464 4080 corpo—

1890 4088 2077 4155 ribus,
2128 4099 2185 4146 et
2235 4091 2473 4162 plantis,
2531 4101 2588 4147 et
2615 4093 2893 4162 aediliciis,
2948 4099 3271 4170 eaeterisque
3300 4116 3465 4156 manu

1887 4178 2068 4237 factis.
2101 4180 2375 4238 Caeterum
2401 4184 2599 4241 inutile
2623 4186 2759 4241 mihi
2787 4203 3017 4257 prorsus
3037 4199 3144 4258 est,
3184 4193 3232 4247 si
3258 4192 3462 4265 longa:-

1886 4287 2004 4339 vos,
2053 4280 2115 4327 ut
2141 4274 2246 4340 ais,
2290 4274 2549 4331 bibentes
2574 4276 2756 4332 facere
2782 4279 2941 4334 solet.
2978 4279 3288 4351 Longorum
3314 4283 3463 4339 enim

1885 4372 2200 4434 temporum
2245 4381 2347 4438 ego
2372 4383 2504 4423 sane
2538 4369 2774 4438 cupidus
2799 4385 2911 4424 non
2933 4386 3077 4436 sum,
3132 4388 3256 4427 cum
3280 4375 3465 4430 multa:

1885 4463 1943 4510 et
1958 4471 2153 4525 graves
2177 4456 2305 4513 vita:
2329 4458 2442 4513 sint
2462 4460 2740 4529 procellae.
2767 4460 3115 4517 Exhilaratus
3136 4478 3257 4517 sum
3280 4465 3465 4533 potius

1887 4546 2077 4602 audita
2099 4550 2357 4604 monachi
2383 4550 2734 4621 valetudine;
2768 4570 2963 4611 revera
2983 4556 3130 4611 enim
3161 4556 3276 4612 haec
3298 4557 3463 4612 etiam

204 4634 412 4711 ⁴μᾶλλον
440 4639 496 4691 δὲ
519 4638 693 4710 ἥσθην
719 4637 812 4692 τοῦ
856 4637 1179 4709 μονάζοντος
1204 4636 1303 4707 τὴν
1332 4636 1542 4704 ύγίειαν
1573 4636 1780 4707 μαθών.

1905 4654 1974 4694 ne
1991 4655 2125 4694 cura
2145 4642 2444 4713 pungebat,
2463 4651 2521 4698 et
2541 4645 2785 4702 medicos
2805 4646 3086 4702 immerito
3104 4648 3457 4704 accusabam:

206 4728 299 4801 Τῷ
331 4728 445 4783 ὄντι
471 4729 572 4796 μὲν
593 4726 703 4799 γὰρ
729 4723 876 4797 εἶχον
907 4726 1002 4781 καὶ
1035 4725 1238 4795 ταύτην
1268 4740 1335 4795 με
1368 4726 1661 4780 νύττουσαν
1683 4727 1782 4799 τὴν

1905 4731 2014 4801 [uia
2048 4734 2279 4789 morbus
2301 4734 2394 4789 hic
2422 4735 2516 4791 tali
2538 4739 2827 4794 curatione
2852 4739 3152 4810 indigebat.
3181 4741 3300 4796 Misi
3319 4741 3387 4796 ad
3409 4749 3462 4796 te

207 4819 496 4890 φροντίδω
531 4817 642 4871 τῶν
683 4818 742 4871 δὲ
785 4818 985 4889 ἰατρῶν
1011 4819 1113 4872 οὐκ
1157 4817 1216 4870 ὲν
1243 4817 1370 4889 δίκῃ
1417 4816 1777 4889 κατηγόρουν.

206 4906 476 4980 Τοιαύτης
500 4907 609 4979 γάρ
633 4906 695 4961 τὸ
717 4906 887 4971 πάθος
909 4905 1204 4979 θεραπείας
1233 4904 1423 4961 ἐδεῖτο.
1454 4904 1779 4962 Ἀπέστειλά

1883 4822 2170 4877 vasculum
2197 4824 2396 4891 mellis,
2453 4826 2614 4896 quale
2635 4826 2842 4884 Cilissa:
2863 4843 2994 4900 apes
3014 4831 3247 4903 styracis
3270 4830 3460 4887 ﬂorem

1884 4913 2195 4973 delibantes
2219 4917 2542 4976 coniiciunt.

205 5018 299 5055 σου
330 5004 395 5073 τῇ
419 5000 670 5071 εὐγενείᾳ
702 5000 959 5071 σταμνίον
990 4998 1228 5072 μέὶὶιτος,
1259 4993 1371 5053 οἷον
1404 5001 1463 5054 αἱ
1497 4998 1766 5056 Κύλισσαι
1804 5006 2247 5083 μελιττουργοῦσι
2309 5011 2581 5083 μέλιτται,
2641 5014 2735 5069 τοῦ
2771 5015 3042 5088 στύρακος
3082 5015 3457 5089 περισυλῶσαι

94 5071 105 5078 ’
204 5095 274 5149 τὰ
304 5071 460 5164 ἄνθη.

624 5207 723 5260 lA’.
747 5233 819 5246 ——
860 5205 1224 5277 Ἀλεξάνδρᾳ
1254 5206 1353 5279 (6).

271 5323 335 5376 Ei
371 5320 470 5391 μὲν
509 5319 677 5391 μόνην
704 5319 796 5372 τού
824 5319 1230 5392 συμϐεϐηκότος
1258 5322 1388 5394 ύμῖν
1420 5320 1628 5387 πάθους
1659 5322 1775 5376 ὲλο-

200 5414 435 5485 γιξὸμην
464 5411 563 5484 τὴν
591 5411 775 5481 φύσιν,
807 5411 913 5465 τῶν
940 5410 1414 5483 ψυχαγωγοῦντων
1448 5413 1516 5468 ἂν
1544 5413 1772 5486 ἐδεήθην

201 5504 375 5575 κάγὼ,
405 5505 465 5557 ού
504 5505 664 5575 μόνον
700 5503 780 5575 τῷ
816 5501 887 5556 τὰ
913 5503 1153 5575 ὑμέτερα
1200 5505 1374 5558 οἰκεῖα
1419 5505 1646 5576 κρίνειν,
1675 5505 1770 5560 καὶ

268 5643 347 5782 (ὕζ
377 5643 460 5699 An
494 5643 853 5713 φιλοσοφίαςῖ
878 5651 973 5697 aut
1001 5641 1303 5713 εὐθυμίαςῖ

270 5714 326 5785 (6
377 5714 468 5771 Sic
499 5716 797 5773 Garnerius
826 5725 1060 5780 auctar.,
1088 5728 1142 5784 p.
1180 5711 1303 5767 210.

2365 5219 2506 5275 XIV.
2536 5251 2609 5262 —
2632 5221 2974 5277 Alexandrea.

1953 5328 2008 5383 Si
2063 5344 2224 5386 casus
2279 5332 2375 5402 qui
2424 5333 2523 5388 tibi
2553 5334 2755 5390 accidit
2797 5337 2968 5391 solam
2998 5344 3247 5392 naturam
3279 5338 3459 5394 consi-

1880 5415 2131 5473 derarem
2156 5459 2172 5484 ,
2232 5435 2454 5491 egerem
2483 5431 2541 5478 et
2567 5438 2670 5494 ego
2692 5423 2809 5494 ipse
2836 5426 3296 5494 consolatoribus,
3344 5441 3456 5486 non

1876 5506 2054 5562 solum
2111 5508 2258 5578 quod
2293 5524 2414 5567 mea
2439 5525 2563 5570 esse
2590 5512 2787 5569 ducam
2842 5529 2961 5585 quae
2995 5521 3086 5570 tua
3112 5524 3284 5584 sunt,
3337 5523 3454 5573 tum

377 5714 468 5771 Sic
499 5711 797 5773 Carnerius
826 5725 1060 5780 auctar.,
1088 5711 1148 5784 p.‘
1180 5711 1303 5767 210.
1343 5711 1507 5768 Sirm.
1553 5713 1909 5788 Ἀλεξανδρξᾳ,
