3924 6192
500 186 641 256 ttat

1522 188 2007 248 THEODORE’I‘I
2047 188 2381 250 EPISCOPI
2421 193 2782 253 CYRENSIS

3641 191 3816 255 1183

504 304 649 367 laeta,
681 313 797 358 tum
832 304 937 358 alia
966 317 1304 374 qumcunque
1325 301 1347 366 ,‘
1404 301 1612 369 1072
1667 315 1858 354 verum
1889 299 2072 362 etiam,

2182 301 2250 353 τὰ
2280 301 2523 372 θυμὴρη,
2561 303 2740 356 καὶτά
2764 302 2897 356 ἄλλα
2918 300 3075 355 ὁποῖά
3122 301 3232 354 ποτ’
3271 302 3336 356 ἂν
3469 300 3656 354 mm
3692 304 3812 356 καὶ

503 396 648 464 quod
703 395 1082 450 admirandum
1137 394 1288 467 illum
1345 410 1408 448 ac
1456 395 1580 462 jure
1631 392 1961 445 laudandum
2003 392 2079 444 vi-

501 502 622 540 rum
689 486 850 539 unice
915 484 1220 538 dilexerim.
1293 483 1429 537 Cum
1473 492 1655 536 autem
1705 483 1894 535 divino
1950 482 2079 535 hinc

503 572 731 626 decreto
783 571 1055 625 abductus
1084 572 1150 624 sit
1189 571 1577 640 melioremque
1605 571 1672 624 ad
1699 571 1866 624 vitam
1896 579 2076 623 trans-

501 665 662 720 latus.
696 671 751 717 et
780 664 1035 717 maeroris
1065 665 1180 733 ipse
1211 664 1412 716 nubem
1449 663 1503 716 in
1532 663 1712 736 anima
1743 678 1863 716 mea
1896 661 2079 715 discu-

505 755 582 808 tio
607 795 620 816 ,
677 764 732 808 et
781 764 928 807 tuam
954 770 1052 807 oro
1083 755 1427 822 gravitatem,
1481 762 1538 807 ut
1567 753 1802 806 tristitia:
1830 752 2076 806 dolorem

510 847 722 898 ratione
784 845 993 905 vineas,
1031 844 1454 912 divinorumque
1482 842 1827 912 eloquiorum
1855 858 2075 895 carmen

499 935 694 986 animze
725 934 780 986 in
813 942 1058 1002 tempore
1087 933 1401 986 admoveas.
1437 933 1609 1002 llujus
1632 932 1778 985 enim
1803 931 1878 984 rei
1903 932 2074 1000 gratia

500 1026 680 1080 statim
708 1041 737 1078 a
763 1026 1053 1079 cunabulis
1084 1026 1232 1079 velut
1261 1025 1554 1078 mamillam
1577 1023 1868 1093 quamdam
1894 1039 2075 1077 sacra-

499 1135 618 1170 rum
643 1117 1052 1186 Seripturarum
1078 1117 1489 1170 meditationem
1515 1116 1820 1179 haurimus,
1844 1126 1923 1179 ut,
1946 1131 2071 1169 cum

498 1209 725 1262 morbus
756 1224 854 1262 nos
879 1209 1159 1271 invaserit,
1210 1209 1447 1262 salutare
1473 1208 1824 1276 pharmacum
1847 1207 2073 1275 spiritus

498 1295 844 1364 disciplinam
877 1296 1257 1350 adhibeamus.
1289 1297 1503 1349 Scimus
1525 1311 1653 1349 sane
1681 1296 2071 1364 permolestum

497 1395 553 1441 et
582 1403 742 1456 grave
770 1387 1064 1440 admodum
1085 1429 1098 1452 ,
1165 1403 1286 1440 cum
1319 1402 1503 1441 amore
1541 1386 1762 1455 dignum
1789 1387 2071 1456 quidpiam

497 1477 697 1546 aliquis
718 1478 1044 1547 possederit,
1067 1494 1132 1531 eo
1165 1478 1310 1546 quod
1339 1485 1484 1530 amet
1514 1485 1738 1545 repente
1770 1477 1997 1544 privari,
2017 1487 2072 1530 et

497 1585 621 1636 cum
652 1571 891 1624 secunda
921 1579 1068 1623 sorte
1105 1585 1236 1622 usus
1266 1569 1469 1634 fuerit,
1522 1568 1576 1620 in
1606 1567 1891 1620 adversam
1921 1568 2069 1622 dela-

497 1660 574 1714 bi.
604 1660 872 1715 Caeterum
909 1661 975 1715 iis
1005 1661 1100 1728 qui
1134 1670 1315 1714 mente
1350 1668 1477 1713 sunt
1500 1659 1734 1730 praediti,
1761 1659 2072 1728 etpruden-

497 1762 580 1807 ter
606 1751 1018 1815 ratiocinantur,
1052 1752 1411 1804 humanarum
1443 1766 1626 1804 rerum
1655 1759 1850 1818 praeter
1878 1764 2070 1818 exspe-

496 1844 790 1897 ctationem
813 1843 946 1896 nihil
971 1843 1189 1897 accidit.
1217 1842 1363 1895 Nihil
1381 1841 1526 1894 enim
1550 1841 1601 1893 in
1628 1841 1732 1894 illis
1753 1850 1836 1894 est
1854 1840 2069 1905 stabile,

496 1935 634 1988 nihil
669 1934 883 1988 ﬁrmum
912 1953 924 1987 :
956 1934 1292 2016 non/forma,
1323 1949 1432 1986 non
1464 1948 1617 2002 opes,
1650 1948 1759 1986 non
1781 1935 1795 1951 '
1826 1934 2072 2000 corporis

495 2026 752 2080 valetudo
777 2068 790 2091 ,
848 2042 956 2079 non
988 2025 1272 2096 dignitatis
1302 2024 1628 2094 amplitudo,
1668 2024 1803 2077 nihil
1833 2023 2070 2092 denique

496 2133 688 2171 eorum
737 2132 857 2185 qum
895 2117 1080 2169 mirari
1114 2115 1336 2184 plurimi
1366 2115 1562 2168 solent.
1599 2113 1705 2166 Alii
1736 2127 1972 2181 namque
2005 2127 2072 2165 ex

497 2210 748 2264 maximis
769 2208 975 2262 divitiis
997 2209 1049 2261 in
1073 2222 1338 2260 summam
1367 2213 1660 2276 egestatem
1685 2203 1887 2257 redacti
1915 2211 2068 2268 sunt;

498 2303 592 2357 alii
645 2303 842 2355 amissa
891 2302 1126 2355 sanitate
1177 2299 1344 2354 variis
1375 2315 1499 2351 cum
1535 2297 1744 2351 morbis
1768 2297 2070 2350 colluctan-

498 2404 622 2456 tur;
661 2393 752 2446 alii
784 2393 1075 2462 splendore
1111 2391 1327 2460 generis
1358 2390 1657 2458 gloriantes
1691 2388 2070 2458 gravissimum

499 2486 783 2541 servitutis
805 2487 994 2556 jugum
1029 2483 1276 2537 trahunt.
1316 2481 1577 2550 Corporis
1600 2496 1730 2534 vero
1763 2479 2069 2548 pulchritu-

499 2579 684 2634 dinem
714 2587 768 2632 et
794 2575 1017 2629 morbus
1039 2573 1350 2637 labefactat,
1383 2580 1437 2625 et
1460 2579 1717 2626 senectus
1743 2570 2066 2639 corrumpit.

499 2665 952 2738 Sapientissimus
971 2674 1152 2719 autem
1189 2664 1572 2717 universorum
1606 2669 1786 2716 rector
1819 2661 1952 2714 nihil
1977 2662 2072 2714 ho-

499 2772 620 2810 rum
648 2763 972 2825 perpetuum
997 2768 1060 2806 ac
1081 2752 1272 2807 stabile
1299 2766 1419 2805 esse
1439 2751 1706 2820 permisit,
1731 2761 1791 2805 ut
1816 2751 2073 2804 Imitatio-

501 2863 624 2902 nem
665 2853 970 2901 metuentes
1022 2845 1117 2914 qui
1157 2844 1260 2897 ista
1303 2851 1431 2897 sunt
1457 2842 1662 2911 adepti,
1714 2842 2069 2912 supercilium

500 2939 828 3001 demittant,
904 2945 960 2991 et
1011 2937 1208 2989 horum
1262 2933 1663 2988 volubilitatem
1716 2941 2071 3003 agnoscentes

501 3030 725 3084 caducis
759 3045 867 3082 non
895 3027 1190 3088 conﬁdant,
1244 3025 1340 3079 sed
1373 3025 1428 3078 in
1456 3025 1727 3078 bonorum
1755 3025 2068 3095 largitorem

501 3136 626 3191 spes
677 3135 806 3174 suas
857 3119 1089 3187 erigant.
1179 3116 1311 3183 Quae
1364 3124 1650 3186 perspecta
1701 3131 1824 3170 cum
1875 3117 2072 3169 habeat

505 3213 716 3284 1073
738 3212 1052 3281 praestantia
1079 3222 1188 3285 tua,
1213 3225 1398 3280 quzeso
1425 3217 1484 3262 ut
1505 3210 1797 3261 humanam
1818 3216 2070 3261 naturam

501 3306 814 3360 consideres
848 3323 860 3356 :
892 3303 1132 3372 reperies
1157 3301 1303 3356 enim
1353 3301 1642 3354 mortalem
1670 3315 1794 3354 esse
1847 3300 2072 3353 mortis-

501 3414 607 3468 que
637 3397 920 3451 decretum
951 3396 1019 3450 ab
1047 3403 1171 3449 ortu
1197 3395 1314 3460 ipso
1341 3394 1642 3462 excepisse.
1683 3392 1812 3447 Adae
1837 3407 2071 3461 namque

501 3490 640 3544 dixit
671 3489 1058 3542 universorum
1084 3488 1229 3541 Deus
1277 3527 1288 3538 .
1343 3505 1360 3534 ι
1388 3485 1556 3538 Terra
1585 3500 1665 3547 es,
1702 3491 1756 3537 et
1785 3483 1838 3536 in
1871 3493 2070 3538 terram

501 3580 792 3635 reverteris
813 3580 876 3631 ”.
891 3598 907 3628 ι
931 3579 1103 3632 Verax
1121 3593 1284 3646 porro
1300 3584 1384 3630 est
1400 3575 1493 3644 qui
1510 3573 1837 3628 sententiam
1858 3575 1999 3635 tulit,
2018 3583 2072 3628 et

502 3672 658 3726 testis
672 3669 1029 3739 experientia.
1056 3688 1073 3719 ι
1102 3667 1254 3722 Unus
1275 3667 1420 3720 enim
1445 3665 1702 3718 introitus
1719 3673 1802 3718 est
1818 3665 2073 3719 omnibus

502 3762 568 3816 ad
592 3763 782 3825 vitam,
810 3763 962 3832 juxta
985 3774 1169 3814 sacras
1194 3759 1449 3822 Litteras,
1475 3765 1530 3811 et
1556 3757 1751 3811 similis
1771 3757 1950 3812 exitus
1970 3757 2064 3820 “,3

500 3863 558 3906 et
583 3853 894 3923 quicunque
923 3860 1088 3907 natus
1110 3859 1193 3906 est
1216 3849 1526 3918 sepulcrum
1552 3857 1848 3917 exspectat.
1885 3848 2072 3918 Neque

501 3955 636 3999 vero
681 3945 874 4013 aequali
925 3952 1172 4013 tempore
1217 3942 1411 3996 vivunt
1449 3956 1641 3995 omnes
1675 3958 1687 3993 :
1719 3941 1815 3994 sed
1847 3941 1938 3994 alii
1967 3941 2071 3994 im—

503 4035 704 4089 maturi
753 4035 1090 4098 moriuntur,
1153 4033 1246 4087 alii
1303 4040 1424 4102 post
1459 4033 1672 4085 virilem
1711 4040 1944 4096 :etatem,
1980 4032 2072 4086 alii

504 4125 806 4181 senectutis
831 4141 1048 4195 quoque
1081 4124 1363 4178 molestias
1387 4123 1618 4192 experti.
1653 4123 1732 4176 lta
1757 4131 1812 4177 et
1834 4125 1927 4192 qui
1961 4139 2074 4178 ma-

504 4218 746 4274 trimonii
770 4220 900 4288 jugo
930 4217 1053 4271 nexi
1082 4225 1228 4280 sunt,
1267 4216 1676 4284 disjunguntur.
1733 4215 1966 4270 Necesse
1989 4224 2073 4271 est

2177 392 2254 462 τῷ
2277 391 2372 462 τὴν
2399 393 2706 463 Θαυμασίαν
2736 392 2948 460 ἐκείνην
2983 393 3074 444 καὶ
3099 392 3266 455 ὅντως
3290 393 3624 458 ἀξιέπαινον
3673 410 3793 445 κε-

2179 483 2350 554 φαλὴν
2399 485 2759 554 διαφερόντως
2814 485 3182 554 ἠγαπηκέναι.
3244 484 3459 556 Ἐπειδὴ
3519 485 3584 539 δὲ
3649 485 3807 555 δρῦς

2182 573 2343 624 αὐτὸν
2371 573 2510 635 θεῖος
2547 573 2762 626 ἐνθένδε
2796 573 3115 644 μετέστησε,
3158 575 3250 627 καὶ
3278 577 3358 638 εἰς
3401 575 3501 644 τὴν
3544 577 3802 645 ἀμείνω

2181 663 2445 732 μετέθηκε
2473 663 2673 733 βιοτὴν,
2706 666 2800 717 καὶ
2825 666 2887 717 ἐκ
2914 665 3014 734 τῆς
3040 665 3274 735 ἐμαυτοῦ
3297 665 3474 735 ψυχῆς
3511 669 3796 719 ἀποσκε-

2175 751 2406 821 δάννυμι
2452 753 2550 821 τῆς
2584 753 2823 823 ἀθυμίας
2851 753 2910 805 τὸ
2957 754 3136 822 νέφος.
3171 755 3264 807 καὶ
3303 757 3401 823 τὴν
3443 757 3547 824 σὴν
3582 773 3798 826 πειρα-

2177 843 2326 896 καλῶ
2359 845 2800 915 σεμνοπρέπειαν
2830 848 3050 915 νικῆσαι
3082 847 3178 915 τῆς
3211 846 3448 915 ἀθυμίας
3490 846 3560 898 τὸ
3589 848 3797 908 πάθος

2173 935 2253 1004 τῷ
2292 935 2556 1006 λογισμῷ,
2583 938 2676 989 καὶ
2721 939 2800 1000 είς
2849 938 3038 1008 καιρὸν
3085 941 3472 1008 προσενεγκεῖν
3509 943 3579 1008 τῇ
3612 940 3792 1008 ψυχῇ

2173 1028 2282 1079 τῶν
2313 1027 2472 1080 θείων
2507 1028 2681 1095 λόγων
2719 1031 2818 1097 τὴν
2848 1030 3061 1099 ἐπῳδήν
3083 1045 3095 1057 ο
3127 1029 3315 1081 τούτου
3349 1029 3452 1099 γὰρ
3488 1029 3558 1098 δὴ
3593 1031 3793 1100 χάριν

2175 1119 2337 1181 εὐθὺς
2391 1120 2454 1171 ἐκ
2501 1121 2829 1190 σπαργάνων
2871 1114 2980 1173 οἷόν
3010 1137 3131 1173 τινα
3179 1119 3344 1190 θηλὴν
3386 1121 3634 1188 ἕλκομεν
3675 1122 3790 1187 τῆς

2177 1210 2327 1278 ἱερᾶς
2349 1210 2573 1279 Γραφῆς
2611 1211 2709 1280 τὴν
2741 1209 2989 1280 μελέτην,
3021 1210 3086 1261 ἵν’
3126 1210 3254 1264 ὅταν
3283 1211 3414 1279 ἡμῖν
3457 1212 3791 1280 προσπέσῃ

2174 1301 2367 1364 πάθος,
2391 1302 2848 1372 προσενέγκωμεν
2879 1300 3199 1364 ἀλεξίκακον
3223 1301 3514 1370 φάρμακον
3542 1302 3659 1370 τὴν
3699 1300 3784 1351 δι-

2171 1391 2466 1445 δασκαλίαν
2498 1391 2590 1444 τοῦ
2621 1392 2951 1462 Πνεύματος.
2986 1392 3218 1460 Οἴδαμεν
3261 1391 3317 1443 δὲ
3341 1391 3416 1454 ώς
3465 1392 3788 1461 παγχάλε-

2172 1499 2292 1543 πον,
2326 1483 2416 1536 καὶ
2450 1483 2571 1535 λίαν
2617 1484 2762 1535 ἐστὶν
2811 1482 3078 1550 ἀλγεινὸν,
3117 1481 3439 1550 ἀξιεράστου
3484 1483 3653 1544 τινὸς
3723 1484 3789 1534 ἐν

2171 1573 2335 1644 πείρα
2390 1574 2755 1642 γεγενημένον
2817 1573 3020 1644 ἔρημον
3083 1571 3342 1643 ἐξαπίνης
3397 1573 3487 1626 τοῦ
3555 1572 3788 1624 ποθου-

2177 1665 2338 1734 μένου
2389 1663 2661 1732 γενέσθαι,
2717 1665 2808 1717 καὶ
2854 1667 2912 1716 ἐν
2969 1665 3234 1735 εὐκληρίᾳ
3276 1665 3573 1734 γενόμενον
3633 1665 3786 1717 δυσ-

2173 1755 2372 1825 κληρίᾳ
2425 1758 2758 1824 περιπεσεῖν.
2791 1755 2949 1808 Ἀλλὰ
2984 1759 3094 1819 τοῖς
3136 1773 3198 1824 γε
3241 1755 3362 1810 νοῦν
3399 1754 3613 1826 έχουσι,
3672 1757 3783 1807 καὶ

2175 1845 2413 1916 σώφρονι
2467 1845 2710 1916 λογισμῷ
2741 1848 3139 1917 κεχρημένοις,
3193 1847 3346 1900 οὐδὲν
3372 1849 3478 1900 τῶν
3532 1847 3781 1918 ἀνθρω-

2172 1937 2344 1989 πίνων
2391 1937 2656 2008 ἀδόκητον
2679 1955 2692 1968 °
2724 1938 2876 1991 οὐδὲν
2915 1939 3022 2009 γὰρ
3068 1938 3273 1991 τούτων
3305 1939 3591 2009 σταθερὸν,
3637 1942 3777 1993 οὐδὲ

2177 2027 2395 2098 βέϐαιον
2453 2029 2513 2081 οὐ
2543 2028 2758 2093 κάλλος,
2780 2030 2839 2081 οὐ
2857 2030 3102 2090 πλοῦτος.
3131 2030 3228 2082 οὐκ
3256 2029 3436 2094 εὐεξία
3464 2029 3773 2101 σώματος,

2172 2121 2272 2172 οὑκ
2303 2119 2607 2190 ἀξιώματος
2651 2121 2845 2188 ὖγκος·
2891 2121 2990 2173 οὐκ
3033 2120 3161 2173 ἄλλο
3199 2138 3252 2173 τι
3284 2121 3390 2173 τῶν
3433 2123 3594 2190 παρά
3645 2126 3773 2183 τοῖς

2175 2214 2448 2277 πλείστοις
2487 2213 2934 2282 θαυμαζομένων.
2971 2214 3030 2264 υί
3065 2212 3162 2281 μὲν
3200 2213 3308 2283 γὰρ
3340 2212 3396 2278 ἐξ
3432 2213 3620 2282 ἄκρας
3666 2215 3770 2265 sG-

2172 2305 2367 2375 πορίας
2411 2305 2491 2366 εἰς
2541 2305 2733 2356 πενίαν
2771 2304 3004 2373 ἐσχάτην
3063 2303 3390 2373 μετέπεσονο
3437 2306 3482 2356 οἱ
3541 2303 3601 2356 δὲ
3658 2306 3771 2374 τὴν

2173 2393 2381 2460 ὑγίειαν
2413 2392 2798 2457 ἀποϐαλόντες,
2837 2393 3198 2457 παντοδαποῖς
3247 2395 3538 2447 παλαίουσι
3576 2397 3768 2449 πάθε-

2174 2500 2289 2538 σιν”
2348 2485 2499 2538 ἄλλοι
2554 2487 2878 2556 περιφανείᾳ
2926 2489 3311 2556 σεμνυνόμενοι
3363 2489 3600 2555 γένους,
3665 2489 3767 2541 τὸν

2174 2575 2472 2646 βαρύτατον
2495 2575 2712 2630 ἕλκουσι
2743 2577 2841 2646 τῆς
2864 2577 3105 2640 δουλείας
3135 2577 3314 2646 ζυγόν.
3346 2578 3435 2648 Τῷ
3466 2579 3525 2631 δὲ
3554 2581 3762 2634 κάλλει

2171 2667 2263 2720 τοῦ
2302 2666 2552 2737 σώματος
2590 2668 2684 2721 καὶ⁵
2723 2668 2874 2733 νόσος
2900 2668 3158 2732 λωϐᾶται,
3198 2672 3289 2723 καὶ
3325 2672 3504 2740 γῆρας
3541 2673 3759 2742 λυμαί-

2172 2777 2340 2814 νεται.
2383 2761 2544 2814 Μάλα
2592 2761 2649 2813 δὲ
2697 2760 2872 2829 σοφῶς
2909 2761 3016 2814 τῶν
3044 2762 3226 2816 ὅλωνὸ
3277 2763 3551 2833 Πρύτανις
3593 2767 3760 2818 οὐδὲν

2169 2848 2375 2902 τούτων
2403 2851 2548 2902 εἴασε
2581 2849 2822 2921 διαρκὲς,
2855 2851 2976 2904 οὐδὲ
3025 2852 3283 2921 μόνιμον·
3319 2853 3404 2904 ἴνα
3442 2854 3544 2915 τὰς
3584 2872 3758 2922 μετα-

2098 2967 2141 3026 C
2174 2941 2333 3004 ϐολάς
2355 2941 2586 3004 δεδιότες
2617 2943 2665 3000 οἱ
2696 2941 2898 2995 τούτων
2925 2944 3304 3013 τετυχηκότες,
3333 2946 3755 2999 καταστέλλωσι

2171 3031 2268 3102 τὴν
2292 3032 2488 3100 ὀφρὺν,
2528 3031 2623 3084 καὶ
2652 3031 2742 3084 τὸν
2776 3032 2980 3085 τούτων
3010 3031 3232 3104 εὔριπον
3261 3034 3643 3103 ἐπιστάμενοι,
3678 3038 3754 3105 μὴ

2171 3125 2281 3186 τοῖς
2313 3123 2671 3194 προσκαίροις
2699 3123 2991 3196 θαρρῶσιν,
3028 3125 3140 3178 ἀλλ’
3162 3125 3244 3188 εἰς
3273 3125 3362 3177 τὸν
3382 3126 3486 3178 τῶν
3515 3128 3753 3194 ἀγαθῶν

2173 3215 2404 3286 χορηγὸν
2430 3215 2592 3284 ἔχωσι
2629 3215 2727 3280 τὰς
2765 3216 3006 3278 ἐλπίδας.
3033 3217 3218 3270 Ταῦτα
3265 3217 3363 3287 τὴν
3393 3218 3487 3286 σὴν
3535 3221 3749 3272 εἰδυῖαν

2181 3305 2609 3372 θαυμασιότητα,
2653 3304 2751 3374 τὴν
2789 3305 3134 3374 ἀνθρωπείαν
3185 3306 3346 3373 φύσιν
3397 3310 3747 3377 καταμαθεῖν

2172 3395 2346 3460 ἀξιῶο
2395 3397 2646 3467 εὑρήσεις
2701 3399 2808 3464 γὰρ
2847 3395 3016 3464 αὐτὴν
3063 3395 3259 3465 θνητὴν
3294 3392 3479 3459 οὖσαν,
3534 3399 3630 3450 καὶ
3687 3402 3746 3464 ἐξ

2172 3487 2344 3556 ἀρχῆς
2371 3487 2675 3557 δεξαμένην
2717 3485 2810 3538 τοῦ
2845 3486 3077 3539 θανάτου
3127 3487 3218 3539 τὸν
3251 3489 3394 3558 ὅρον.
3451 3489 3599 3557 Πρὸς
3632 3492 3746 3557 γὰρ

2173 3577 2266 3629 τὸν
2304 3578 2474 3646 Ἀδὰμ
2521 3581 2549 3631 ὁ
2596 3578 2702 3630 τῶν
2755 3577 2889 3630 ὅλων
2920 3577 3022 3648 ἔφη
3069 3578 3232 3640 Θεός·
3272 3597 3290 3628 σ
3320 3579 3393 3648 Γῆ
3432 3575 3479 3630 εἷ
3522 3582 3619 3632 le
3664 3587 3750 3640 εἰς

2173 3672 2275 3738 γῆν
2299 3667 2596 3739 ἀπελεύσῃ.
2612 3688 2630 3720 ι
2663 3668 2925 3738 Ἀψευδὴς
2959 3669 3014 3720 δὲ
3037 3671 3064 3721 ὁ
3084 3668 3180 3738 τὴν
3205 3667 3382 3738 ψῆφον
3412 3669 3737 3738 ἐξενεγκὼν,

2173 3760 2267 3813 καὶ
2305 3760 2512 3830 μάρτυς
2552 3760 2584 3828 ἡ
2613 3762 2796 3830 πεῖρα.
2836 3779 2853 3810 ι
2882 3760 2997 3812 Μία
3022 3759 3130 3826 γὰρ
3171 3760 3388 3812 πάντων
3423 3762 3626 3826 εἴσοδος
3657 3765 3735 3825 εἰς

2172 3849 2262 3902 τὸν
2292 3848 2423 3918 βίον,
2463 3848 2604 3901 κατά
2643 3849 2740 3917 τὴν
2798 3847 2947 3901 θείαν
2995 3847 3238 3919 Γραφὴν,
3267 3850 3443 3915 ἒξοδός
3467 3867 3527 3902 τε
3565 3853 3674 3921 ἴση,
3713 3872 3731 3903 ι

2175 3941 2270 3994 καὶ
2305 3941 2412 4004 πᾶς
2457 3938 2793 4010 γεννώμενος
2849 3940 3149 4009 προσμένει
3217 3941 3308 3992 τὸν
3364 3941 3556 4008 τάςον.
3626 3945 3734 3996 Καὶ

2172 4031 2294 4084 οὐδὲ
2332 4030 2446 4084 ἴσον
2495 4029 2732 4092 ἀπαντες
2761 4029 3062 4099 βιοτεύουσι
3113 4030 3337 4100 χρόνον·
3388 4032 3504 4083 ἀλλ’
3542 4035 3588 4084 oi
3633 4034 3733 4102 μὲν

2174 4121 2412 4192 πρόωροι
2449 4119 2800 4182 τελευτῶσιν,
2845 4121 2894 4172 ot
2925 4119 2981 4172 δὲ
3033 4121 3113 4182 εἰς
3155 4120 3354 4190 ἄνδρας
3393 4121 3732 4184 τελέσαντες.

2173 4213 2222 4264 οἱ
2253 4211 2310 4264 δὲ
2334 4212 2429 4264 καὶ
2459 4211 2566 4262 τῶν
2597 4209 2689 4262 τοῦ
2711 4211 2895 4281 γήρως
2920 4209 3157 4280 ἀνιαρῶν
3183 4211 3531 4280 πειραθέντες
3552 4227 3567 4242 ⁸
3593 4212 3734 4265 οὕτω

502 4312 649 4366 enim
702 4320 797 4364 aut
846 4311 1025 4364 virum
1079 4309 1231 4378 prius
1277 4307 1466 4369 abire,
1528 4307 2071 4362 autuxoremevita

2175 4303 2269 4356 καὶ
2300 4304 2349 4355 οἱ
2377 4301 2470 4354 τοῦ
2499 4301 2679 4370 γάμου
2718 4301 3000 4370 δεξάμενοι
3053 4301 3147 4355 τὸν
3183 4301 3345 4370 ζυγὸν
3385 4302 3734 4372 διαζεύγνυνο

502 4403 739 4472 priorem
770 4401 1054 4455 discedere
1088 4416 1102 4465 ;
1175 4407 1338 4468 atque
1365 4398 1458 4452 alii
1483 4399 1702 4468 quidem
1738 4399 1920 4453 statim
1953 4407 2078 4469 post

506 4495 774 4549 thalamos
825 4493 890 4547 ad
939 4493 1175 4546 lamenta
1218 4499 1522 4554 venerunt,
1583 4491 1675 4545 alii
1708 4499 1827 4561 post
1851 4491 2076 4568 brevem

507 4587 814 4641 communis
836 4586 961 4639 vita:
985 4584 1323 4638 societatem.
1351 4583 1559 4638 Sufﬁcit
1576 4584 1740 4654 igitur
1762 4583 1866 4637 hoc
1883 4601 2072 4651 unum,

506 4675 651 4744 quod
681 4690 970 4729 commune
1000 4675 1071 4728 sit
1098 4675 1323 4740 malum,
1372 4675 1437 4728 ad
1479 4675 1778 4729 acuendam
1803 4675 2073 4729 rationem

506 4775 570 4820 ut
613 4766 858 4820 dolorem
893 4773 1186 4835 expugnet.
1243 4766 1358 4820 Jam
1401 4781 1553 4828 vero,
1603 4764 1836 4819 ﬁliorum
1862 4775 2074 4835 patrem

508 4854 663 4907 iitum
688 4855 856 4909 fuisse
887 4856 981 4925 qui
1005 4855 1115 4910 fato
1146 4856 1364 4911 functus
1384 4866 1487 4918 est,
1518 4867 1681 4925 atque
1713 4857 1814 4911 hos
1838 4857 2077 4925 puberes

508 4946 818 5015 reliquisse,
857 4947 1178 5017 apicemque
1216 4948 1541 5016 dignitatum
1583 4948 1987 5011 conscendisse,
2024 4956 2081 5002 et

509 5053 634 5094 cum
662 5038 719 5091 in
744 5038 1035 5107 splendore
1063 5045 1228 5102 esset,
1259 5039 1476 5091 invidiae
1499 5038 1678 5091 locum
1709 5053 1816 5091 non
1839 5039 2078 5104 dedisse,

509 5127 606 5184 sed
637 5127 722 5184 sui
753 5142 995 5183 amorem
1022 5128 1260 5192 auxisse,
1290 5126 1690 5195 libertatisque,
1719 5136 1776 5181 et
1799 5127 2081 5197 integrita-

511 5219 603 5286 tis,
637 5227 692 5275 et
725 5217 1049 5283 clementiae,
1092 5217 1431 5286 aliarumque
1458 5215 1724 5274 virtutum
1762 5215 2078 5284 famamlre-

586 5421 624 5451 ”
660 5420 798 5476 Gen.
824 5436 903 5483 ιιι,
931 5417 1013 5474 l9.
1095 5420 1137 5451 “
1176 5419 1305 5488 Sap.
1348 5433 1440 5482 vn,
1469 5418 1519 5470 6.

2174 4407 2298 4444 ται’
2341 4390 2553 4460 ἀνάγκη
2587 4389 2694 4460 γάρ
2737 4389 2771 4461 ἢ
2819 4389 2908 4443 τὸν
2939 4390 3107 4460 ἄνδρα
3143 4391 3525 4462 προαπελθεῖν,
3575 4395 3606 4464 ἢ
3640 4398 3734 4463 τὴν

2176 4485 2409 4554 γυναῖκα
2450 4482 2721 4552 προτέραν
2751 4480 3005 4545 δέξασθαι
3035 4482 3128 4535 τοῦ
3171 4483 3289 4552 βίου
3331 4486 3390 4534 τὸ
3423 4484 3591 4546 τέλος.
3629 4486 3733 4537 Καὶ

2176 4579 2225 4630 oi
2264 4578 2362 4647 μὲν
2396 4575 2558 4637 εὐθὺς
2599 4574 2736 4644 μετά
2779 4574 2875 4646 τὴν
2907 4575 3156 4629 παστάδα
3185 4577 3308 4639 τοὺς
3348 4576 3578 4647 θρήνους
3623 4579 3732 4631 ὲδέο

2179 4670 2372 4736 ξαντο⁶
2410 4669 2458 4721 οἱ
2489 4667 2545 4720 δὲ
2578 4667 2758 4735 ὀλίγον
2795 4665 3207 4738 συμϐιώσαντες
3246 4669 3455 4740 χρόνον.
3500 4670 3731 4743 Ἀπόχρη

2182 4761 2360 4815 τοίνυν
2395 4757 2489 4810 ml.
2531 4757 2590 4810 τὸ
2625 4758 2806 4810 κοινὸν
2841 4757 2935 4810 τοῦ
2970 4757 3174 4821 πάθους
3203 4760 3455 4828 ἀφορμὴν
3484 4759 3564 4828 τῷ
3595 4761 3735 4829 λογε-

2184 4851 2305 4922 σμῷ
2331 4853 2632 4923 παρασχεῖν
2674 4852 2754 4912 εἰς
2783 4849 2841 4903 τὸ
2869 4850 3085 4920 νικῆσαι
3125 4851 3187 4903 τὸ
3227 4851 3416 4914 πάθος.
3468 4853 3578 4905 Καὶ
3611 4857 3734 4926 πρὶς

2177 4945 2390 5007 τούτοις
2419 4943 2479 4995 τὸ
2511 4942 2716 4995 παίδων
2747 4941 3004 5008 γενέσθαι
3036 4940 3248 5012 πατέρα
3287 4942 3376 4995 τὸν
3416 4944 3732 5008 ἀπελθόντα,

2180 5037 2275 5090 καὶ
2295 5034 2516 5097 τούτους
2552 5032 2862 5102 προσήϐους
2885 5033 2960 5101 (7)
2989 5032 3331 5098 καταλιπεῖν,
3358 5035 3451 5086 καὶ
3475 5036 3555 5097 είς
3577 5036 3734 5106 αὐτὴν

2179 5125 2422 5180 ἀνελθεῖν
2452 5125 2560 5177 τῶν
2592 5121 2914 5192 ἀξιωμάτων
2941 5123 3037 5194 τὴν
3065 5125 3308 5195 κορυφήν
3330 5138 3344 5152 ⁸
3373 5125 3469 5178 καὶ
3502 5127 3562 5178 ὲν
3590 5145 3734 5198 περι-

2181 5218 2378 5288 φανεία
2399 5217 2688 5286 γενόμενον
2731 5215 2804 5287 μὴ
2832 5215 3013 5271 δοῦναι
3045 5217 3122 5288 τῷ
3156 5217 3335 5288 φθόνῳ
3381 5217 3583 5290 χώραν,
3613 5220 3734 5274 ἀλλὰ

584 5612 666 5684 (Ἰ)
711 5613 800 5666 Sic
849 5628 991 5669 recte
1044 5617 1208 5686 Neap.
1249 5626 1301 5670 et
1345 5617 1506 5670 Garn.
1545 5614 1831 5684 V’nlgatum
1870 5613 2072 5684 προσοί;

2174 5631 2192 5678 ς
2230 5616 2347 5670 sine
2383 5631 2545 5671 sensu
2579 5628 2680 5672 est.
