3924 6192
283 274 419 342 “89

1643 270 2005 333 EPISTOLA
2040 272 2161 333 XV.

3378 267 3511 333 1190

282 386 518 463 αὐξῆσαι
533 390 603 445 ντδ
634 389 873 460 φίλτρον,
905 387 1001 443 καὶ⁵
1044 386 1365 441 καταλιπεῖν
1416 380 1570 447 κλέος
1616 383 1830 437 ἐλευθε-

1961 382 2194 454 iquisse,
2252 384 2449 441 idonea
2481 392 2611 440 sunt
2637 382 2854 451 omnia,
2904 399 3026 455 qua;
3048 385 3135 440 vel
3163 388 3386 443 mterorl
3413 404 3512 460 pe-

285 482 430 554 ρίας,
484 482 576 535 καὶ
611 478 1032 551 μισοπονηρίας,
1069 478 1166 532 καὶ
1218 477 1557 549 πραότητος,
1603 477 1700 530 καὶ
1743 476 1843 545 τῆς

1961 477 2094 533 titus
2120 476 2368 533 addictos
2401 477 2775 533 consolentur.

270 574 447 644 ’ἄλλης
483 572 589 626 τῶν
612 570 757 641 ἠθῶν
779 570 1000 642 ἀρετῆς,
1051 570 1207 623 ἱκανὰ
1244 570 1415 623 ταῦτα
1442 568 1841 640 ψυχαγωγῆσαι

281 663 376 717 καὶ
402 663 527 725 τοὺς
552 660 673 713 λίαν
708 662 776 731 τῇ
810 658 956 732 λύπῃ
976 658 1422 730 δεδουλωμένους.

356 757 453 809 "Av
495 752 550 807 δὲ
581 753 647 825 δὴ
690 753 784 807 καὶ⁵
814 753 910 816 τάς
945 751 1096 815 θείας
1121 750 1451 818 ἐπαγγελίας
1484 751 1563 813 είς
1595 749 1719 803 νοῦν
1749 747 1842 802 λά-

284 845 486 915 ϐωμεν,
521 843 619 896 καὶ
648 843 748 905 τὰς
775 842 884 895 τῶν
929 839 1271 913 Χριστιανῶν
1306 839 1549 915 ἐλπίδας,
1582 838 1680 910 τὴν
1711 839 1847 892 ἀνά-

284 950 470 987 στασιν
495 931 659 1001 λέγω,
702 932 798 984 καὶ
828 932 927 1003 τὴν
964 928 1184 985 αἰώνιον
1215 930 1380 1001 ζωὴν,
1417 931 1513 983 καὶ
1531 929 1631 1000 τὴν
1665 930 1722 982 ἐν
1752 927 1850 999 βας

284 1023 455 1095 σιλεέᾳ
478 1023 775 1094 διαγωγὴν,
806 1022 900 1075 καὶ
939 1022 975 1076 ά
1002 1020 1280 1091 ὀφθαλμὸς
1302 1021 1404 1074 οὐκ
1438 1016 1596 1086 εἶδεν,
1630 1020 1726 1074 καὶ
1756 1015 1850 1082 οῦς

281 1113 382 1168 οὐκ
410 1112 631 1184 ἤκουσε,
655 1114 746 1165 καὶ
776 1111 867 1165 ἐπὶ
893 1110 1119 1182 καρδίαν
1146 1109 1432 1180 ἀνθρώπου
1465 1110 1564 1164 οὐκ
1595 1108 1784 1179 ἀνέϐη,
1814 1108 1850 1163 ἃ

283 1203 579 1273 ἡτοίμασεν
604 1203 633 1255 ὁ
662 1200 791 1263 Θεὸς
821 1202 932 1262 τοῖς
972 1199 1260 1268 ἀγαπῶσιν
1314 1199 1496 1264 αὐτὸν,
1539 1199 1624 1262 τίς
1664 1197 1849 1252 λοιπὸν

285 1293 776 1364 καταλειφθήσεται
831 1290 1105 1362 πρόφασις
1150 1290 1424 1362 ἀθυμίας;
1474 1290 1710 1360 μάλιστα
1755 1289 1850 1343 τοῦ

297 1385 618 1439 Ἀποστόλου
667 1382 958 1455 διαρρήδην
1011 1381 1275 1453 βοῶντος·
1342 1399 1359 1433 ι
1397 1381 1472 1434 Ού
1524 1380 1662 1434 θέλω
1709 1381 1853 1450 ὑμᾶς

283 1477 516 1545 ἀγνοεῖν,
546 1474 785 1543 ἀδελφοὶ,
821 1474 949 1545 περὶ
985 1472 1093 1526 τῶν
1122 1473 1501 1544 κοιμωμένων,
1535 1474 1621 1527 ἵνα
1657 1472 1733 1544 μὴ
1759 1474 1855 1526 λυ-

286 1567 481 1638 πῆσθε,
533 1566 610 1629 ὡς
651 1566 747 1618 καὶ
795 1565 845 1617 οί
902 1564 1082 1618 λοιποὶ
1114 1566 1165 1617 οἱ
1218 1565 1293 1634 μὴ
1337 1563 1552 1634 ἔχοντες
1583 1564 1793 1619 ἐλπίδα.
1829 1584 1848 1617 ι

297 1658 439 1727 Ἐγὼ
465 1657 523 1710 δὲ
561 1652 679 1711 οἶδα
709 1657 804 1710 καὶ
843 1656 1071 1711 πολλοὺς
1101 1654 1209 1708 τῶν
1253 1654 1353 1708 οὐκ
1393 1655 1629 1724 ἐχόντων
1659 1656 1853 1710 ἐλπίδα

286 1747 530 1819 λογισμῷ
558 1747 715 1818 μόνον
752 1745 1212 1818 περιγενομένους
1245 1745 1339 1798 τοῦ
1382 1746 1610 1811 πάθους.
1643 1746 1764 1799 Τῶν
1796 1747 1853 1799 δὲ
1885 1730 1925 1783 Β

286 1839 407 1893 λίαν
442 1836 970 1898 ἀτοπωτάτων,τοὺς
1002 1835 1096 1888 ἐπὶ
1133 1834 1389 1906 τοιαύτης
1415 1836 1738 1908 ὀχουμένους
1770 1837 1856 1891 ἐλ-

289 1929 444 1992 πίδος
477 1928 692 2000 χείρους
737 1927 1027 1997 εὑρεθῆναι
1072 1926 1181 1981 τῶν
1223 1927 1322 1979 ούκ
1365 1927 1596 1997 ἐχόντων
1642 1928 1852 1983 ἐλπίδα.

302 2018 633 2090 Ἀποδημίαν
664 2019 842 2071 τοίνυν
886 2015 1192 2087 παρακαλῶ
1229 2017 1445 2088 μακράν
1477 2019 1576 2090 τὴν
1602 2018 1856 2089 τελευτὴν

289 2110 561 2179 λάῦωμεν,
596 2109 691 2163 καὶ
732 2108 920 2180 ῶσπερ
947 2105 1216 2177 εἰώθαμεν
1254 2109 1659 2180 ἀποδημοῦντος
1688 2108 1853 2164 αὐτοῦ

289 2201 576 2278 λυπεῖσθαι
622 2200 742 2271 μέν,
782 2199 1108 2272 προσμένειν
1159 2198 1215 2252 δὲ
1260 2200 1360 2270 τὴν
1397 2200 1674 2264 ἐπάνοδον,
1714 2199 1858 2254 οὓτω

290 2293 388 2346 καὶ
439 2291 535 2345 νῦν
570 2292 807 2362 μετρίως
835 2291 934 2362 μὲν
978 2291 1007 2343 ὁ
1035 2290 1313 2360 χωρισμὸς
1340 2292 1543 2346 ἀνιάτω
1570 2293 1655 2364 (τῇ
1698 2292 1857 2362 φύσει

288 2383 395 2455 γὰρ
429 2382 718 2453 σύμμετρα
751 2379 1049 2451 παραινῶὶ,
1081 2381 1157 2451 μὴ
1194 2380 1269 2444 ὡς
1306 2382 1496 2453 νεκρὸν
1544 2383 1602 2435 δὲ
1648 2382 1858 2454 θρηνῶ-

292 2489 411 2542 μεν,
448 2472 561 2525 ἀλλ’
597 2471 765 2543 αὐτῷ,
792 2472 890 2542 μὲν
924 2470 1277 2541 συνησθῶμεν
1310 2472 1410 2541 τῆς
1442 2474 1728 2541 ἐκδημίας,
1762 2476 1857 2528 καὶ

288 2565 390 2633 τῆς
411 2562 655 2616 ἐντεῦθεν
681 2562 981 2631 ἀπαγωγῆς
1013 2562 1088 2632 (8)
1111 2563 1193 2615 ὃτι
1217 2560 1325 2614 τῶν
1351 2561 1663 2631 ἀμφιϐόλων
1693 2563 1856 2632 ἠλευ-

293 2654 506 2726 θερώθη
560 2654 924 2725 πραγμάτων,
952 2654 1046 2707 κα)⁵
1075 2652 1330 2723 οὐδεμίαν
1359 2652 1497 2705 δέδιε
1532 2653 1855 2725 μεταὸολὴν,

292 2747 355 2799 ού
401 2744 663 2815 ψυχικὴν,
713 2745 775 2797 ού
828 2742 1164 2813 σωματικὴν.
1195 2743 1255 2796 ού
1287 2743 1392 2796 τῶν
1427 2743 1550 2813 περὶ
1586 2743 1856 2820 τδθσῶμα,

293 2835 408 2890 ἀλλ’
457 2835 561 2902 ἔξω
596 2834 705 2889 τῶν
747 2832 973 2902 ἀγώνων
1000 2833 1312 2902 γενόμενος.
1347 2832 1416 2885 τὰ
1446 2831 1675 2903 βραδεῖα
1704 2851 1861 2905 περι-

297 2926 471 2996 μένει.
504 2926 793 2997 Ὀρφανεία
819 2926 875 2979 δὲ
888 2924 1191 2995 καὶχηρεία
1218 2924 1293 2996 μὴ
1318 2922 1436 2976 λίαν
1457 2925 1601 2993 ὑμᾶς
1628 2925 1856 2978 ἀνιάτω·

298 3016 521 3086 μείζονα
559 3017 666 3086 γὰρ
706 3016 900 3086 ἔχομεν
951 3015 1242 3084 κηδεμόνα,
1296 3012 1354 3077 ὃς
1386 3013 1481 3066 καὶ
1522 3016 1635 3078 τοῖς
1678 3014 1858 3079 ἄλλοις
1884 3053 1928 3112 c

295 3107 571 3177 νομοθετεῖ
594 3107 846 3179 ὀρφανῶν
865 3107 957 3159 καὶ
975 3105 1160 3177 χηρῶν
1180 3103 1380 3175 πολλὴν
1400 3105 1672 3159 ποιεῖσθαι
1696 3123 1856 3177 φρον-

293 3197 435 3250 τίδα·
470 3196 566 3249 καὶ
620 3196 749 3262 περὶ
797 3180 960 3248 αύτοῦ
999 3211 1162 3265 φησιν
1197 3196 1227 3247 ὁ
1278 3193 1418 3258 θεῖος
1453 3193 1635 3248 Δαῦίδ·
1676 3213 1695 3244 r
1740 3197 1861 3267 Ὀρ-

294 3287 462 3354 φανδν
490 3286 582 3340 καὶ
614 3288 789 3356 χῆραν
819 3284 1170 3354 ἀναλήψεται,
1210 3284 1303 3337 καὶ
1344 3284 1463 3337 όδὺν
1520 3284 1860 3357 ἁμαρτωλῶν

294 3376 728 3447 ἀφανιεῖ.›Αὐτῷ
753 3376 880 3438 τοὺς
906 3374 1205 3445 ἡμετέρους
1230 3375 1623 3444 ἐγχειρίσωμεν
1646 3374 1859 3439 οἴακας,

268 3458 391 3522 ’καὶ
408 3468 507 3538 τῆς
553 3465 902 3535 παντοδαπῆς
927 3464 1267 3536 προμηθείας
1303 3463 1631 3534 τευξόμεθα.
1669 3465 1861 3519 Ἔσται

295 3559 405 3630 γὰρ
452 3559 587 3630 ἡμῖν
644 3556 844 3619 παντὸς
885 3554 1079 3625 ἀνδρὸς
1117 3553 1648 3625 κηδεμονικώτερος·
1695 3553 1861 3608 αὐτοῦ

294 3651 405 3718 γάρ
430 3650 546 3703 ἐστι
579 3649 756 3719 φωνή·
806 3665 826 3699 ι
865 3645 957 3717 Μὴ
989 3644 1306 3716 ἐπιλήσεται
1338 3644 1477 3715 γυνὴ
1519 3643 1613 3697 τοῦ
1646 3643 1861 3698 παιδίου

295 3743 487 3813 αὐτῆς,
522 3740 671 3812 ἢτοῦ
707 3740 782 3811 μὴ
820 3738 1042 3809 ἐλεῆσαι
1072 3737 1142 3791 τὰ
1168 3737 1368 3806 ἔκγονα
1395 3738 1495 3808 τῆς
1524 3735 1733 3800 κοιλίας
1762 3735 1862 3789 αύ-

296 3831 432 3901 τῆς;
462 3831 525 3883 El
560 3829 618 3883 δὲ
656 3828 751 3882 καὶ
780 3827 1088 3882 ἐπιλάθοιτο
1122 3826 1258 3898 γυνὴ
1298 3826 1393 3880 τοῦ
1419 3824 1586 3880 ταῦτα
1616 3825 1860 3896 ποιῆσαι,

295 3922 413 3977 ἀλλ’
441 3920 551 3990 ἐγὼ
579 3921 678 3974 οὐκ
705 3920 1058 3992 ἐπιλήσομαι,
1091 3916 1243 3973 εἶπεν
1278 3922 1308 3974 ὁ
1349 3920 1560 3989 Ἄγιος.
1601 3937 1620 3971 ι
1653 3918 1865 3973 Οίκειό-

292 4030 454 4083 τερος
476 4012 586 4082 γὰρ
615 4012 749 4082 ήμϊν
793 4014 911 4066 ἐστι
939 4012 1035 4065 καὶ
1062 4010 1267 4081 πατρὸς
1296 4011 1393 4065 καὶ
1435 4010 1661 4082 μητρός·
1700 4008 1863 4072 αὐτὸς

295 4104 405 4175 γὰρ
436 4103 568 4174 ἡμῖν
594 4104 710 4155 ἐστι
744 4102 973 4173 ποιητὴς
1006 4103 1101 4156 καὶ
1125 4101 1479 4173 δημιουργός.
1511 4102 1587 4156 Οὐ
1621 4100 1733 4174 γάρ
1766 4102 1865 4170 γά-

300 4209 398 4263 μος
442 4192 586 4244 ποιεῖ
615 4189 875 4263 πατέρας.
929 4191 1045 4244 ἀλλ’
1083 4191 1249 4245 αὑτοῦ
1277 4191 1524 4255 νεύοντος
1548 4191 1787 4260 γίνονται
1813 4193 1862 4245 οἱ

295 4283 532 4356 πατέρες
582 4281 837 4354 πατέρες.
879 4281 1065 4335 Ταῦτα
1104 4281 1313 4352 γράψαι
1346 4280 1441 4335 νῦν
1487 4281 1860 4352 ἠναγκάσθην,

2015 751 2172 817 Quod
2205 750 2252 805 si
2281 758 2464 806 autem
2496 749 2707 805 divinas
2739 764 2957 820 quoque
2983 744 3428 818 pollicitationes.
3455 756 3516 806 et

1947 859 2072 915 spes
2085 842 2521 898 Christianorum
2537 840 2721 896 animo
2738 838 3133 909 concipiamus,
3157 836 3517 894 resurrectio-

1947 950 2072 989 nem
2104 933 2249 996 dico,
2294 940 2352 987 et
2391 933 2560 988 vitam
2608 941 2891 995 aeternam,
2932 939 2989 986 et
3023 930 3337 1000 imperium,
3383 938 3437 984 et
3469 929 3516 963 ¹⁹

1948 1042 2069 1097 qua:
2119 1025 2314 1079 oculus
2357 1039 2469 1078 non
2522 1023 2681 1087 vidit,
2720 1022 2870 1077 auris
2914 1037 3026 1076 non
3069 1020 3297 1085 audivit,
3347 1029 3406 1075 et
3457 1019 3515 1074 in

1954 1115 2169 1187 ιοπ
2196 1131 2292 1171 cor
2319 1115 2561 1171 hominis
2590 1129 2701 1168 non
2727 1113 3118 1176 ascenderunt,
3152 1126 3275 1181 qua:
3303 1126 3516 1181 praepa-

1949 1206 2092 1260 ravit
2111 1206 2256 1259 Deus
2278 1204 2635 1274 diligentibus
2659 1217 2808 1268 eum,
2841 1217 3088 1271 quamam
3113 1203 3181 1256 de
3202 1207 3402 1255 caetero
3425 1215 3515 1255 re-

1949 1296 2101 1365 liqua
2142 1294 2248 1349 erit
2281 1309 2443 1349 causa
2467 1292 2736 1357 tristitiae,
2768 1298 2782 1313 '
2806 1292 3039 1347 maxime
3073 1306 3199 1347 cum
3224 1290 3518 1360 Apostolus

1952 1388 2101 1442 clara
2147 1401 2281 1441 voce
2320 1385 2519 1439 clamet
2552 1402 2565 1438 :
2610 1403 2628 1435 ι
2671 1384 2808 1439 Nolo
2840 1398 2938 1437 vos
2983 1383 3256 1452 ignorare,
3290 1381 3514 1445 fratres,

1952 1477 2022 1532 de
2063 1476 2498 1540 dormientibus,
2554 1483 2616 1529 ut
2666 1490 2781 1528 non
2820 1472 3222 1528 contristemini
3271 1472 3415 1527 sicut
3462 1479 3519 1526 et

1954 1565 2136 1622 caeteri
2161 1564 2256 1635 qui
2290 1579 2442 1635 spem
2480 1579 2590 1618 non
2628 1564 2838 1618 habent
2859 1565 2931 1616 '°?
2961 1583 2978 1615 ι
3008 1564 3121 1633 Ego
3153 1577 3286 1617 vero
3317 1562 3520 1616 multos

1955 1673 2174 1729 quoque
2200 1656 2329 1712 novi
2358 1672 2424 1711 ex
2453 1656 2540 1711 his
2571 1655 2667 1726 qui
2697 1671 2848 1725 spem
2879 1671 2988 1710 non
3015 1655 3239 1720 habent,
3275 1654 3369 1723 qui
3404 1653 3520 1708 sola

1954 1749 2157 1804 mentis
2178 1747 2510 1818 cogitatione
2536 1746 2784 1800 dolorem
2816 1746 3186 1815 pervicerunt.
3222 1744 3518 1799 Absurdis—

1956 1839 2155 1895 simum
2181 1847 2364 1892 autem
2395 1836 2582 1900 fuerit,
2619 1851 2716 1891 eos
2737 1836 2830 1905 qui
2884 1851 2981 1905 spe
3016 1835 3108 1890 tali
3144 1835 3522 1889 subvehantur

1956 1930 2261 1986 deteriores
2304 1928 2374 1983 iis
2417 1926 2752 1997 deprehendi
2799 1927 2894 1996 qui
2928 1932 3081 1996 Spem
3128 1942 3239 1981 non
3291 1926 3517 1983 habent.

1955 2021 2134 2088 Quare
2157 2026 2389 2074 mortem
2408 2033 2531 2084 nos,
2558 2003 3279 2088 quaeso,'percgrinationem
3302 2016 3522 2088 longin-

1956 2123 2119 2178 quam
2140 2107 2466 2176 deputemus
2502 2122 2515 2158 :
2549 2114 2712 2175 atque
2734 2116 2793 2161 ut
2812 2106 3194 2177 peregrinante
3217 2106 3310 2161 illo
3334 2105 3522 2162 dolere

1957 2198 2180 2269 quidem
2210 2198 2550 2261 solebamus,
2591 2198 2685 2252 sed
2711 2197 2949 2253 reditum
2981 2198 3283 2268 praestolari
3313 2215 3327 2252 :
3359 2198 3440 2253 sic
3464 2213 3522 2255 et

1957 2306 2107 2345 nunc
2142 2289 2422 2345 moderate
2473 2304 2576 2344 nos
2620 2290 2909 2344 contristet
2969 2290 3243 2366 separatio
3290 2289 3522 2361 (natura:

1958 2379 2233 2449 siquidem
2286 2388 2653 2436 consentanea
2696 2378 2945 2449 suadeo),
3003 2379 3098 2434 sed
3143 2394 3213 2434 ne
3262 2390 3518 2450 tanquam

1958 2476 2236 2523 mortuum
2274 2470 2581 2539 lugeamus.
2608 2470 2815 2525 Verum
2852 2470 2930 2525 illi
2964 2470 3187 2540 quidem
3218 2471 3520 2527 discessum

1956 2567 2014 2614 et
2045 2557 2454 2615 translationem
2478 2576 2546 2616 ex
2581 2560 2683 2616 hac
2706 2562 2817 2615 vita
2850 2562 3207 2630 gratulemur,
3239 2562 3384 2632 quod
3417 2560 3522 2617 du-

1957 2650 2066 2704 biis
2093 2649 2261 2705 rebus
2285 2659 2573 2721 exemptus
2602 2652 2695 2716 sit,
2720 2660 2777 2707 et
2813 2652 3020 2706 nullam
3049 2652 3238 2707 timeat
3261 2653 3521 2709 mutatio-

1958 2754 2106 2805 nem,
2142 2754 2252 2795 non
2286 2741 2501 2809 animm,
2550 2757 2664 2796 non
2708 2742 2978 2812 corporis,
3023 2758 3135 2797 non
3173 2759 3366 2799 eorum
3403 2760 3524 2814 qua:

1959 2845 2161 2899 corpus
2196 2841 2446 2901 spectant
2470 2849 2485 2886 :
2515 2832 2611 2887 sed
2636 2843 2792 2887 extra
2822 2835 3189 2890 certaminum
3224 2835 3397 2890 aleam
3421 2852 3522 2907 po-

1960 2924 2099 2977 situs
2125 2923 2348 2992 praemia
2375 2931 2675 2994 exspectet.
2703 2923 2920 2981 Orbitas
2938 2942 3073 2981 vero
3100 2936 3156 2982 et
3187 2927 3427 2982 viduitas
3456 2944 3523 2984 ne

1960 3015 2182 3083 gravius
2218 3029 2319 3069 nos
2351 3014 2549 3071 alliciat
2581 3034 2594 3069 :
2623 3016 2752 3086 quia
2777 3017 3037 3087 majorem
3068 3017 3333 3074 habemus
3360 3034 3520 3075 cura-

1960 3111 2153 3169 torem,
2198 3104 2293 3174 qui
2327 3112 2384 3159 et
2416 3105 2540 3160 aliis
2567 3105 2817 3176 praacipit
2858 3113 2918 3161 ut
2953 3107 3285 3177 pupillorum
3328 3107 3523 3162 vidua-

1961 3206 2195 3261 rumque
2235 3208 2487 3264 magnam
2531 3210 2720 3249 curam
2762 3206 2977 3266 gerant,
3017 3206 3069 3252 et
3098 3196 3167 3252 de
3205 3212 3316 3267 quo
3355 3197 3525 3254 David

1959 3284 2180 3339 divinus
2203 3286 2280 3341 ait
2305 3304 2319 3340 :
2353 3306 2372 3338 ι
2403 3288 2678 3357 Pupillum
2707 3298 2763 3343 et
2785 3289 3003 3344 viduam
3027 3291 3382 3360 suscipiet,et
3412 3293 3527 3347 vias

1959 3382 2312 3446 peccatorum
2357 3377 2640 3448 disperdet
2681 3378 2748 3433 “.
2787 3397 2805 3430 ι
2864 3379 2970 3448 lpsi
3012 3379 3257 3434 habenas
3310 3390 3527 3436 nostras

1961 3467 2402 3532 committamus,
2443 3476 2500 3523 et
2534 3467 2935 3539 providentiam
2978 3470 3351 3525 omnimodam
3392 3487 3526 3527 con-

1962 3573 2276 3627 sequemur.
2303 3558 2448 3613 Cura
2475 3559 2621 3613 enim
2647 3559 2725 3613 illi
2748 3559 2817 3614 de
2838 3559 2999 3615 nobis
3018 3561 3193 3630 major
3209 3561 3336 3625 erit,
3362 3577 3526 3631 quam

1964 3647 2060 3700 ulli
2090 3647 2163 3702 sit
2191 3647 2529 3702 mortalium.
2562 3647 2741 3717 Ipsius
2765 3648 2968 3719 quippe
3006 3664 3114 3703 vox
3141 3656 3226 3703 est
3255 3666 3268 3703 :
3318 3667 3337 3699 ι
3372 3649 3527 3703 Nun-

1961 3735 2096 3807 quid
2121 3736 2374 3792 oblivisci
2400 3745 2583 3808 potest
2604 3738 2803 3793 mulier
2826 3738 3088 3794 infantem
3119 3754 3301 3804 suum,
3330 3745 3393 3793 ut
3414 3754 3527 3794 non

1962 3828 2286 3884 misereatur
2306 3828 2543 3885 ﬁliorum
2565 3830 2708 3885 uteri
2732 3831 2942 3902 1075
2957 3831 3077 3885 sui?
3093 3832 3161 3885 Et
3182 3830 3226 3885 si
3249 3830 3338 3887 illa
3358 3830 3527 3886 oblita

1961 3915 2149 3981 fuerit,
2172 3932 2273 3987 ego
2300 3924 2481 3973 tamen
2510 3933 2621 3973 non
2638 3918 2954 3984 obliviscar,
2978 3918 3117 3974 dixit
3147 3918 3381 3975 Sanctus
3403 3921 3469 3973 “.
3499 3938 3521 3972 ι

1961 4006 2331 4076 Propinquior
2351 4008 2499 4062 enim
2522 4007 2683 4063 nobis
2711 4018 2797 4064 est
2819 4018 2875 4064 et
2894 4018 3051 4079 patre
3074 4018 3130 4064 et
3164 4017 3358 4065 matre.
3379 4007 3525 4065 Con-

1961 4097 2109 4152 ditor
2138 4098 2411 4168 siquidem
2448 4107 2638 4154 noster
2672 4107 2732 4154 et
2764 4108 2977 4155 creator
3017 4109 3120 4156 est.
3152 4100 3340 4171 Neque
3378 4101 3526 4158 enim

1960 4196 2147 4258 patres
2200 4187 2411 4244 faciunt
2439 4188 2666 4259 nuptiae,
2717 4189 2813 4245 sed
2866 4190 2985 4260 ipso
3025 4201 3301 4247 annuente
3344 4201 3529 4263 patres

1962 4288 2149 4350 patres
2188 4280 2345 4336 fiunt.
2381 4281 2507 4336 Haec
2545 4295 2649 4352 ego
2685 4282 2742 4335 in
2780 4282 3071 4352 praesentia
3118 4283 3362 4339 scribere
3404 4299 3527 4339 sum

295 4370 480 4443 ἐπειδή
518 4387 587 4441 με
620 4371 847 4443 δραμεῖν
874 4369 1010 4440 πρὸς
1032 4370 1175 4440 ὑμᾶς
1200 4371 1300 4423 οὐκ
1331 4370 1398 4440 ἐᾷ
1417 4369 1486 4423 τὰ
1512 4370 1708 4441 δεσμά.
1740 4371 1856 4441 ’Δρά

1963 4379 2207 4437 coactus,
2252 4373 2381 4441 quia
2439 4382 2499 4427 ut
2548 4373 2616 4428 ad
2665 4387 2765 4428 vos
2808 4388 3093 4429 occurram
3145 4373 3363 4428 vincula
3418 4389 3528 4429 non

296 4464 385 4516 κεῖ
409 4462 466 4517 δὲ
498 4463 590 4518 καὶ
622 4463 781 4532 μόνος
808 4463 837 4514 ὁ
864 4461 1275 4530 θεοφιλέστατος
1298 4462 1393 4515 καὶ
1421 4460 1715 4526 ὁσιώτατος
1742 4461 1861 4516 ἐπί-

296 4568 517 4619 σκοπος,
545 4554 725 4607 πᾶσαν
775 4554 841 4623 τῇ
902 4551 1200 4622 πιστοτάτη
1220 4567 1313 4603 σου
1343 4551 1489 4623 ψυχῇ
1532 4551 1860 4623 παραψυχὴν

295 4642 844 4713 πραγματεύσασθαι,
903 4644 998 4696 καὶ
1051 4641 1214 4713 λόγῳ,
1263 4643 1358 4696 καὶ
1411 4642 1584 4712 ἔργῳ,
1611 4645 1707 4696 καὶ
1741 4643 1859 4714 θέᾳ,

296 4734 392 4787 καὶ
425 4735 677 4804 κοινωνίᾳ
708 4734 1025 4805 φροντίδων,
1068 4734 1164 4788 καὶ
1201 4736 1269 4805 τῇ
1302 4736 1644 4805 πνευματικῇ
1695 4734 1861 4788 αὑτοῦ

297 4826 391 4879 καὶ
441 4824 703 4896 θεοσδότῳ
740 4825 930 4896 σοφία,
989 4826 1055 4879 δι’
1084 4821 1156 4896 ἦς
1212 4824 1747 4893 κατευνασθήσεσθαι
1774 4842 1867 4879 πι-

299 4916 473 4971 στεύω
503 4917 604 4986 τῆς
629 4915 863 4986 ἀθυμίας
889 4916 986 4989 τὴν
1021 4917 1213 4987 ζάλην.

602 5010 711 5080 lE’.
750 5056 820 5066 —
849 5024 1118 5091 Σιλϐανῷ
1162 5025 1546 5094 πρωτεύοντι.

366 5133 496 5191 Οἶδα
528 5138 625 5209 μέν
657 5138 983 5209 ὑστερήσας,
1018 5138 1111 5191 καὶ
1155 5137 1283 5209 περὶ
1316 5139 1445 5201 τοὺς
1471 5135 1862 5208 παραμυθητι-

295 5230 426 5292 κοὺς
457 5228 724 5301 μελλήσας
748 5228 956 5296 λόγους·
989 5229 1104 5283 ἀλλ’
1126 5229 1245 5300 οὐχὶ
1268 5228 1391 5300 δίχα
1419 5226 1680 5298 λογισμοῦ
1702 5226 1863 5280 τοῦτο

295 5317 547 5385 δέδρακα·
582 5317 824 5371 ἐνδοῦναι
855 5318 962 5388 γάρ
982 5317 1059 5388 τῷ
1087 5318 1247 5372 πάθει
1277 5316 1491 5390 σφοδρῷ
1517 5317 1631 5371 ὄντι
1662 5315 1864 5388 προύρ-

186 5409 191 5415 ’
295 5421 393 5474 γου
431 5403 710 5475 νενόμικα.
767 5406 901 5460 Οὐδὲ
935 5408 1041 5478 γὰρ
1075 5407 1181 5461 τῶν
1224 5409 1422 5481 ίατρῶν
1463 5412 1511 5464 οἱ
1558 5408 1862 5479 σοφώτατοι

1965 4460 2180 4517 sinunt.
2217 4459 2361 4517 Satis
2384 4471 2567 4517 autem
2599 4479 2743 4519 unus
2768 4452 2858 4518 cst
2889 4464 2986 4519 Dei
3029 4463 3439 4519 amantissimus
3474 4473 3533 4518 et

1966 4549 2344 4604 sanctissimus
2357 4550 2668 4620 episcopus,
2682 4562 2744 4608 ut
2757 4567 2974 4609 omnem
2992 4551 3321 4609 fidelissimae
3336 4552 3533 4608 animat

1968 4648 2074 4695 tute
2102 4640 2534 4696 consolationem
2560 4641 2823 4699 adhibeat
2849 4651 2904 4698 et
2934 4658 3207 4708 sermone,
3242 4652 3299 4699 et
3341 4658 3530 4713 opere,

1966 4737 2022 4784 et
2035 4742 2354 4799 conspectu,
2374 4739 2429 4786 et
2445 4732 2866 4802 participatione
2884 4750 3163 4800 curarum,
3185 4742 3242 4790 et
3260 4733 3533 4803 spirituali

1965 4838 2086 4891 qua:
2112 4823 2243 4878 illia
2269 4824 2381 4878 Deo
2403 4824 2529 4878 data
2543 4831 2627 4879 est
2644 4826 2932 4895 sapientia,
2967 4842 3066 4896 per
3093 4842 3256 4897 quam
3281 4825 3532 4883 sedatum

1965 4914 2031 4968 iri
2072 4914 2310 4969 tristitiae
2349 4923 2728 4984 tempestatem
2763 4916 3001 4971 conﬁdo.

2396 5023 2509 5081 XV.
2533 5056 2602 5064 —
2623 5023 2839 5080 Silvano
2864 5027 3099 5096 primati.

2039 5136 2163 5193 Scio
2195 5152 2282 5192 me
2323 5136 2534 5192 lentum
2579 5153 2643 5192 ac
2680 5138 2895 5192 tardum
2920 5138 3089 5194 fuisse
3121 5137 3187 5191 ad
3234 5138 3530 5192 verborum

1968 5230 2397 5283 consolationem
2443 5245 2457 5281 :
2499 5228 2596 5283 sed
2640 5230 2658 5249 ⁶
2699 5229 2804 5283 hoc
2840 5240 3018 5285 tamen
3072 5229 3380 5283 inconsulto
3420 5243 3533 5282 non

1967 5316 2093 5372 feci.
2125 5319 2312 5373 Dolori
2341 5318 2488 5373 enim
2516 5318 2831 5373 vehementi
2864 5319 3058 5374 cedere
3088 5334 3265 5389 operae
3292 5318 3532 5389 pretium

1968 5407 2296 5463 existimavi.
2323 5408 2459 5465 Nam
2488 5416 2544 5463 et
2571 5408 2913 5464 medicorum
2951 5410 3276 5480 peritissimi
3304 5409 3533 5465 ardente

367 5558 599 5615 “lCor.
631 5576 688 5619 ιι.
712 5561 765 5615 9.
841 5561 929 5614 "l
963 5561 1158 5616 Thess.
1185 5578 1254 5625 tv,
1285 5562 1370 5618 12.
1448 5565 1491 5595 ¹¹
1517 5564 1656 5619 Psal.
1691 5572 1856 5627 εχιτ(

1961 5561 2070 5634 .vr),
2104 5562 2157 5617 9.
2235 5565 2279 5595 ²²
2308 5563 2409 5617 lsa.
2447 5579 2586 5628 χιιι,
2617 5564 2704 5619 15.

366 5672 444 5748 (Β)
479 5676 797 5746 ἀπαλλαγῆς
852 5676 1019 5747 Neap.
