3924 6192
536 276 669 339 1191

532 391 673 446 febri
692 386 981 461 profutura
1005 384 1404 439 medicamenta
1420 395 1527 434 non
1549 379 1835 442 adhibent,
1861 381 1958 434 sed
1979 378 2114 432 artis

533 497 695 554 Opem
722 487 1030 550 Opportune
1061 485 1305 542 tempore
1337 470 1651 527 conferunt.
1688 471 1801 524 llac
1825 479 1883 524 et
1911 484 2014 539 ego
2043 469 2114 522 de

534 588 700 628 musa
745 584 955 640 paucos
1000 567 1132 620 isms
1175 564 1293 617 dies
1336 562 1561 626 indulsi,
1591 561 1798 615 doloris
1837 559 2112 630 magnitu-

537 667 722 722 dinem
764 662 948 715 auimo
992 665 1273 726 reputans.
1319 653 1537 708 Etenim
1575 653 1619 707 si
1671 668 1773 706 nos
1822 660 2110 721 tantopere

533 756 682 810 fama
716 753 831 821 ipsa
887 747 1124 819 perculit
1156 745 1415 813 omnique
1443 743 1672 798 tristitia
1698 742 1950 812 replevit,
1983 741 2117 810 quid

540 846 660 898 viro
682 843 760 897 illi
790 839 1056 894 accidisse
1078 853 1178 907 par
1207 844 1292 890 est
1321 835 1441 905 qui,
1469 835 1660 904 jugum
1687 833 1833 887 idem
1870 832 2114 896 trahens,

539 951 704 990 unam
733 935 791 986 in
823 946 1064 993 carnem,
1097 930 1248 1000 juxta
1281 943 1464 982 sacras
1499 926 1759 988 Litteras,
1783 925 2117 994 coniunctus

533 1041 592 1084 et
617 1038 898 1080 connexus
930 1030 1067 1085 erat,
1110 1028 1397 1089 postquam
1430 1017 1484 1070 vi
1527 1017 1740 1071 divulsa
1770 1025 1855 1069 est
1881 1017 2117 1085 conjun-

535 1119 670 1181 ctio,
696 1130 860 1185 quam
887 1124 1107 1182 tempus
1139 1122 1192 1165 et
1217 1126 1370 1164 amor
1397 1108 1760 1178 copularant?
1787 1107 1988 1162 Verum
2020 1105 2118 1158 do-

540 1211 717 1264 lorem
740 1206 963 1275 quidem
990 1205 1154 1257 istum
1178 1211 1372 1256 natura
1397 1200 1612 1270 peperit
1641 1217 1653 1251 :
1687 1198 2116 1251 consolationem

541 1316 674 1352 vero
725 1296 994 1364 excogitet
1050 1293 1212 1354 ratio,
1264 1300 1320 1344 et
1362 1290 1656 1343 obnoxiam
1700 1288 1811 1340 fato
1859 1293 2113 1340 naturam

542 1389 916 1450 considerans,
951 1385 1162 1454 1076
1182 1395 1237 1438 et
1265 1397 1554 1438 commune
1591 1379 1850 1434 omnibus
1870 1379 1973 1431 hoc
2001 1393 2118 1430 ma-

543 1483 658 1535 lum
693 1496 835 1540 esse,
877 1489 934 1532 et
959 1493 1111 1545 spem
1152 1474 1598 1537 resurrectionis,
1639 1480 1696 1526 et
1742 1472 1862 1540 ejus
1897 1469 1991 1537 qui
2031 1483 2120 1521 sa-

543 1574 761 1643 pienter
793 1581 978 1624 nostra
1008 1569 1194 1621 omnia
1236 1566 1378 1637 regit
1424 1575 1618 1620 nutum
1664 1578 1727 1617 ac
1757 1563 2119 1614 voluntatem.

543 1664 814 1718 Adamare
846 1659 1117 1729 siquidem
1157 1665 1376 1726 oportet
1411 1671 1474 1708 ea
1511 1669 1631 1722 qua}
1666 1651 1734 1705 ab
1766 1646 2120 1703 inenarrabili

544 1752 813 1822 sapientia
839 1751 1232 1811 decernuntur,
1259 1755 1422 1814 atque
1453 1744 1570 1798 lucc
1593 1756 1822 1812 prorsus
1853 1737 2119 1794 conduci-
2154 1731 2194 1783 Β

546 1843 677 1896 bilia
710 1841 934 1895 ducere.
984 1839 1088 1905 Qui
1116 1839 1262 1892 enim
1296 1837 1404 1906 piis
1434 1832 1746 1905 bujusmodi
1773 1829 2121 1900 cogitationi-

546 1934 652 1988 bus
676 1941 926 1996 utuntur,
949 1941 1006 1984 et
1026 1930 1250 2000 pietatis
1273 1927 1497 1999 praamia
1523 1925 1786 1987 referent,
1831 1930 1887 1978 et
1918 1920 1986 1976 ab
2018 1921 2124 1974 im-

547 2025 780 2080 modicis
804 2023 1047 2077 luctibus
1080 2022 1241 2077 liberi
1270 2020 1438 2075 vitam
1472 2025 1636 2089 agent
1661 2014 2124 2085 tranquilliorem.

547 2117 618 2174 At
654 2131 784 2171 vero
818 2115 913 2185 qui
959 2111 1184 2168 maerori
1227 2126 1285 2165 se
1320 2108 1656 2180 maneipant,
1691 2119 1794 2158 nec
1817 2100 2126 2173 plangendo

549 2209 861 2280 proficient,
896 2215 951 2261 et
981 2221 1104 2260 cum
1131 2203 1376 2258 cruciatu
1407 2201 1616 2263 vivent,
1650 2207 1707 2253 et
1729 2195 1981 2250 omnium
2017 2193 2124 2246 Mo-

550 2300 862 2353 deratorem
900 2296 1215 2350 irritabunt.
1252 2293 1520 2348 Admittat
1553 2305 1686 2360 ergo
1721 2285 2128 2357 magniﬁcentia

551 2403 643 2446 tua
683 2401 967 2461 paternam
1008 2387 1470 2448 exhortationem,
1511 2392 1566 2436 et
1602 2381 1918 2451 prteclaram
1979 2377 2127 2432 illam

549 2499 738 2537 vocem
772 2488 1002 2549 usurpet
1033 2496 1045 2530 :
1089 2498 1105 2528 ι
1141 2478 1406 2531 Dominus
1435 2474 1609 2537 dedit,
1645 2471 1914 2526 Dominus
1943 2467 2130 2521 abstu-

551 2571 617 2623 lit
653 2589 664 2622 :
695 2571 837 2623 sicut
855 2567 1086 2622 Domino
1109 2565 1336 2635 placuit,
1363 2564 1436 2615 ita
1461 2563 1664 2615 factum
1684 2568 1803 2615 est:
1829 2558 1900 2613 sit
1926 2572 2126 2611 nomen

553 2663 770 2718 Domini
795 2660 1148 2716 benedictum
1179 2657 1233 2710 in
1259 2654 1455 2709 szecula
1482 2653 1546 2705 ’³.
1581 2671 1598 2702 ι

963 2991 1098 3046 XVI.
1133 3020 1204 3028 —
1227 2988 1429 3042 Irenwo
1460 2985 1721 3056 episcopo.

623 3111 741 3164 Non
770 3115 874 3169 est,
895 3112 956 3157 ut
987 3107 1233 3170 apparet,
1261 3096 1408 3167 quod
1443 3095 1570 3149 boni
1606 3093 1906 3162 quidquam
1935 3105 2132 3160 exspe-

556 3214 784 3257 ctemus.
808 3199 926 3251 Non
953 3193 1118 3248 modo
1145 3190 1294 3244 enim
1329 3203 1436 3242 non
1463 3186 1685 3240 sedatur
1707 3183 1965 3237 Ecclesia
1999 3195 2128 3250 pro-

555 3292 712 3352 cella,
758 3287 854 3340 sed
885 3281 1129 3353 quotidie
1169 3276 1504 3338 intumescit,
1541 3284 1600 3328 ut
1632 3273 1703 3326 ita
1735 3273 1933 3333 dicam,
1978 3278 2033 3325 et
2075 3271 2131 3324 in

555 3394 820 3435 cacumen
865 3373 1158 3428 attollitur.
1192 3369 1477 3423 Venerunt
1524 3373 1707 3417 autem
1751 3371 1808 3416 et
1846 3361 1942 3430 qui
1968 3373 2130 3430 syno-

556 3475 686 3526 dum
714 3472 1101 3524 convocarent,
1135 3469 1190 3514 et
1227 3455 1570 3513 evocatorias
1603 3455 1814 3508 litteras
1850 3461 1965 3504 tum
2007 3451 2132 3504 aliis

556 3562 888 3635 quibusdam
932 3552 1391 3622 metropolitanis,
1427 3559 1540 3602 tum
1583 3555 1772 3600 nostro
1813 3543 2128 3597 redderent.

557 3659 887 3710 Litterarum
925 3663 1088 3719 porro
1105 3643 1414 3712 exemplum
1444 3639 1510 3693 ad
1548 3649 1599 3692 te
1632 3636 1779 3699 misi,
1829 3645 1890 3688 ut
1923 3647 2131 3702 cogno-

556 3764 696 3812 scas,
720 3744 962 3802 domine,
981 3739 1181 3794 malum
1213 3735 1373 3792 malo,
1395 3731 1540 3802 quod
1570 3730 1646 3784 ait
1673 3738 1832 3798 poeta
1853 3727 1917 3791 ",
1935 3724 2135 3779 conﬁr-

557 3850 762 3895 matum
792 3850 934 3896 esse,
983 3831 1208 3898 solaque
1247 3824 1410 3880 nobis
1438 3837 1576 3892 opus
1611 3836 1732 3874 esse
1764 3819 1951 3871 divina
1978 3816 2136 3870 boni-

557 3940 692 3994 tate,
717 3935 778 3981 ut
803 3926 958 3980 sedet
988 3927 1392 3990 tempestatem.
1438 3914 1618 3969 Facile
1650 3925 1885 3979 namque
1911 3910 2016 3963 hoc
2053 3908 2133 3961 illi

555 4033 660 4084 est,
705 4019 803 4074 sed
843 4033 943 4070 nos
976 4013 1376 4082 tranquillitate
1409 4023 1599 4062 sumus
1648 4003 1878 4072 indigni.
1926 3999 2136 4055 Sufﬁcit

562 4128 692 4166 vero
738 4109 896 4163 nobis
939 4100 1472 4176 patientize‘gratia,
1529 4105 1590 4149 ut
1632 4110 1733 4164 per
1773 4093 1914 4147 hanc
1967 4106 2135 4159 supe-

559 4202 735 4255 riores
758 4196 1009 4250 hostibus
1037 4192 1355 4247 evadamus.
1389 4187 1598 4256 1077
1630 4185 1744 4238 Hoc
1773 4183 1921 4237 enim
1948 4187 2136 4250 postu-

559 4294 674 4346 lare
696 4304 797 4346 nos
827 4287 1014 4342 docuit
1040 4284 1262 4338 divinus
1284 4278 1601 4349 Apostolus.
1639 4295 1656 4326 ι
1690 4274 1898 4338 Faciet,
1929 4271 2132 4340 inquit,

557 4398 683 4437 cum
721 4380 1023 4436 tentatione
1055 4383 1339 4437 eventum,
1370 4381 1431 4424 ut
1460 4368 1684 4440 possitis
1707 4366 1981 4421 sustinere
2008 4365 2074 4416 ".
2108 4382 2127 4414 ι

555 4476 826 4532 Czeterum
855 4473 1087 4527 obsecro
1125 4468 1385 4537 pietatem
1417 4471 1590 4524 tuam,
1639 4467 1699 4512 ut
1739 4472 1836 4511 ora
1875 4456 2135 4511 obstruas

557 4567 1013 4624 obtrectatorum,
1040 4569 1095 4614 et
1117 4559 1317 4612 doceas
1347 4569 1454 4608 non
1479 4552 1682 4607 debere
1705 4551 1830 4604 illos
1856 4549 1950 4617 qui
1978 4555 2134 4602 extra

559 4658 676 4720 teli,
713 4654 859 4725 quod
888 4653 1062 4716 aiunt,
1091 4652 1302 4721 laetum
1327 4647 1468 4709 sint,
1503 4645 1572 4698 iis
1598 4651 1659 4696 ut
1683 4649 1910 4711 apparet
1938 4638 2132 4693 convi-

561 4747 710 4810 tiari,
741 4745 835 4814 qui
855 4759 909 4798 in
936 4743 1052 4796 acie
1080 4747 1250 4801 stant,
1271 4746 1326 4792 et
1347 4735 1622 4790 feriuntur
1644 4747 1707 4786 ac
1751 4726 2133 4794 feriunt.Quid

559 4837 707 4891 enim
738 4836 967 4889 interest
1013 4839 1198 4884 utrum
1224 4828 1319 4897 qui
1355 4833 1560 4896 pugnat
1585 4823 1691 4876 hoc
1719 4836 1920 4892 genere
1955 4832 2137 4872 armo-

560 4941 680 4979 rum
707 4940 778 4976 an
802 4923 898 4976 illo
923 4931 1135 4985 utatur,
1169 4927 1225 4972 et
1251 4918 1467 4970 hostem
1505 4913 1758 4982 dejiciat?
1789 4911 1926 4964 Nam
1955 4922 2136 4978 neque

559 5027 790 5083 magnus
811 5012 981 5066 David
1017 5009 1169 5064 omni
1209 5013 1488 5061 armatura
1537 5003 1843 5056 instructus
1876 4998 2138 5067 alienige-

558 5118 754 5163 narum
775 5103 969 5158 ducem
991 5098 1289 5171 prostravit
1312 5096 1356 5126 '°
1377 5113 1391 5161 ;
1416 5105 1471 5150 et
1495 5093 1725 5147 Samson
1753 5090 1893 5144 asini
1916 5089 2138 5143 maxilla

560 5194 708 5253 mille
739 5192 902 5249 simul
931 5190 1132 5247 occidit
1162 5191 1227 5241 ’⁷.
1263 5187 1374 5242 Nec
1401 5185 1692 5255 quisquam
1721 5191 1803 5237 est
1831 5181 1926 5250 qui
1959 5180 2137 5234 victo-

563 5289 700 5345 riam
732 5285 1122 5357 reprehendat,
1152 5289 1246 5338 aut
1274 5279 1541 5335 victorem
1574 5274 1887 5331 timiditatis
1919 5283 2135 5344 arguat,

632 5423 808 5478 "Job
854 5438 892 5485 ι,
953 5420 1043 5473 21.

565 5507 660 5556 xv,
693 5495 778 5547 16.

898 5604 1024 5640 ,ἥρ-9

633 5602 708 5671 (9)
744 5603 826 5655 An
856 5604 1024 5670 μ.ιᾶςῖ

635 5671 746 5740 (l0)
777 5673 1068 5740 ἐκκλησίας
1096 5669 1235 5740 male
1270 5668 1488 5740 videtur
1524 5666 1689 5719 fuisse
1727 5667 1778 5740 in
1813 5665 2000 5740 codice
2030 5663 2138 5740 v9.-

564 5731 762 5803 ticauo,
798 5754 828 5792 c
858 5731 966 5803 qu'o
1013 5737 1200 5789 Latine
1241 5737 1502 5788 translata
1541 5744 1718 5787 exstat
1764 5736 1878 5788 lucc
1910 5731 2138 5803 epistola

1172 5418 1217 5449 “
1251 5415 1545 5477 Homerus,
1602 5409 1760 5465 Iliad.
1823 5424 1929 5474 xvi,
1973 5405 2062 5460 25.

1528 269 1984 328 TI—IEODORET
1992 270 2015 326 Ι
2056 270 2393 329 EPISCOPI
2437 273 2803 330 CYRENSIS

3646 273 3754 339 “92

2143 385 2184 438 Α
2214 381 2352 449 ἐντῇ
2386 381 2495 432 τῶν
2526 381 2773 452 πυρετῶν
2806 379 2956 449 ἀκμῇ
2985 379 3051 430 τὰ
3079 376 3388 443 ἅλεξῖκακι
3424 384 3753 456 προσςέρονσι

2220 473 2510 542 φάρμακα·
2548 471 2662 524 ἀλλ’
2697 473 2776 533 εἰς
2809 469 2999 539 καιρὸν
3043 469 3142 540 τὴν
3176 468 3288 522 ἀπὸ
3316 471 3416 540 τῆς
3444 471 3628 544 τέχνης
3657 476 3755 548 βοή.

2221 563 2372 617 θειαν
2403 563 2835 633 συνεισφέρουσι.
2871 562 3052 614 Διάτοι
3098 561 3256 614 τοῦτο
3291 561 3449 629 κάγὼ
3484 566 3576 627 τὰς
3612 568 3758 635 ὀλίγας

2215 655 2418 716 ταύτας
2456 653 2664 723 ἡμέρας
2707 652 2994 714 ἐνδέδωκα,
3031 651 3394 722 λογισάμενος
3428 651 3523 724 τὴν
3551 657 3637 726 τῆς
3662 659 3757 714 65-3.

2218 763 2314 814 νης
2358 745 2685 816 ὑπερϐολήν.
2716 745 2777 796 Εἰ
2817 743 2924 816 γὰρ
2952 745 3098 814 ἡμᾶς
3129 744 3305 806 οὕτως
3343 747 3482 813 ἇγαν
3521 749 3756 824 ἠνίασενὴ

2219 840 2397 906 φήμη,
2433 838 2526 889 καὶ
2565 835 2890 906 παμπόλλης
2938 836 3174 904 ἀθυμίας
3205 837 3501 906 ἐνέπλησε,
3527 841 3680 896 τιούκ
3711 847 3756 900 ἇν

2219 927 2421 980 επαοεν
2455 927 2594 997 ἀνὴρ
2623 929 2712 980 τὸν
2737 928 2896 980 αὑτὸν
2920 929 3081 995 ζυγὸν
3110 929 3310 993 ἕλκων,
3351 916 3449 982 καὶι
3473 934 3549 993 εἰς
3580 935 3756 1004 μίαν(9)

2221 1018 2443 1087 σαρκὸς,
2501 1017 2638 1070 κατὰ
2688 1017 2786 1087 τὴν
2824 1017 2972 1070 Θείαν
3013 1019 3052 1070 Γ
3061 1020 3260 1089 ραφήν,
3293 1021 3588 1089 συνάφειαν
3615 1025 3754 1095 ἁρμο-

2223 1110 2389 1172 σθεὶς,
2424 1111 2522 1180 τῆς
2563 1110 2654 1161 καὶ
2680 1109 2876 1179 χρόνῳ,
2926 1111 3020 1162 καὶ
3065 1110 3212 1179 πόθῳ
3245 1113 3623 1182 γεγενημένης
3659 1133 3754 1169 συν-

2223 1203 2416 1270 αφείας
2468 1202 2559 1272 βῖξι
2609 1203 3075 1272 διασπασθείσηςς
3143 1203 3288 1254 Ἀλλ’
3324 1205 3540 1274 ἐκείνην
3573 1209 3660 1275 μὲν
3687 1210 3755 1278 τὴν

2220 1294 2412 1363 ὀδύνην
2448 1297 2478 1364 ἠ
2528 1293 2686 1362 φύσις
2717 1295 3035 1365 εἰργάσατο,
3071 1295 3169 1364 τὴν
3198 1295 3255 1346 δὲ
3299 1297 3617 1368 παραψυχὴν
3646 1301 3670 1350 ὁ
3695 1302 3755 1352 λο-

2221 1386 2420 1455 γισμὸς
2463 1387 2814 1456 μηχανᾶσθω,
2849 1385 2909 1437 τό
2942 1402 2998 1436 τε
3037 1387 3135 1452 τῆς
3164 1385 3388 1453 φύσεως
3418 1388 3662 1458 ἐπίκηρον
3694 1390 3755 1441 ὲν-

2225 1479 2569 1548 θυμούμενος
2597 1479 2689 1531 καὶ
2718 1478 2810 1530 τοῦ
2845 1477 3049 1540 πάθους
3077 1479 3136 1530 τὸ
3181 1479 3386 1544 κοινὸν,
3420 1463 3513 1532 καὶ,
3547 1484 3632 1548 τῆς
3659 1483 3755 1534 ἁνα-

2226 1571 2467 1633 στὰσεως
2495 1572 2592 1640 τὴν
2633 1569 2842 1629 ἐλπίδα,
2885 1571 2976 1621 καὶ
3022 1569 3113 1622 τοῦ
3169 1570 3353 1640 σοφῶς
3405 1571 3479 1643 τᾴ
3507 1569 3614 1624 καθ’
3641 1575 3755 1640 ἡμᾶς

2224 1662 2630 1730 οἱκονομοῦντος
2680 1660 2742 1712 τὸ
2789 1659 3054 1730 βούλημα.
3109 1661 3372 1730 Στέργειν
3425 1661 3528 1732 γὰρ
3572 1664 3663 1732 χρὴ
3703 1663 3754 1714 τά

2224 1754 2372 1824 παρὰ
2395 1753 2492 1823 τῆς
2519 1754 2757 1824 ἀρρήτου
2788 1752 2984 1821 σοφὶμς
3004 1753 3479 1823 πρυτανευόμενα,
3508 1755 3592 1805 καὶ
3618 1755 3752 1806 ταῦτα

2224 1847 2440 1908 πάντως
2474 1845 2714 1915 νομίζειν
2747 1844 3119 1914 συμφέρονται
3161 1845 3210 1896 οἱ
3263 1844 3373 1916 γὰρ
3418 1847 3524 1909 τοῖς
3554 1846 3751 1898 εὐσεϐέσι

2223 1935 2431 1998 τούτοις
2459 1935 2728 2006 χρώμενοι
2765 1934 3068 2003 λογισμοῖς,
3123 1933 3220 1986 καὶ
3262 1935 3363 2002 τῆς
3409 1935 3661 1997 εὐσεῦείας
3685 1951 3752 1987 κο-

2228 2026 2475 2098 μιοῦνται
2523 2025 2620 2088 τὰς
2666 2025 2982 2088 ἀντιδόσεις,
3021 2027 3114 2078 καὶ
3146 2025 3551 2099 θυμηρέστερον
3588 2028 3748 2098 βιοτεὺ-

2228 2135 2403 2182 σουσι,
2445 2118 2544 2187 τῆς
2574 2117 2683 2170 τῶν
2735 2117 2944 2187 Θρήνων
2976 2117 3248 2187 ἀμετρίας
3285 2120 3676 2187 ἀπαλλαγέντες.
3703 2122 3748 2172 0!

2227 2212 2284 2264 δὲ
2333 2208 2412 2280 τῷ
2462 2208 2627 2261 πάθει
2672 2205 3049 2269 δουλωθέντες,
3096 2207 3252 2260 οὐδὲν
3310 2208 3409 2278 μὲν
3453 2208 3745 2278 κερδανοῦσιν

2227 2300 2652 2372 ὀλοφυρόμενοι,
2705 2296 2940 2367 ἀνιαρῶς
2981 2296 3036 2347 δὲ
3087 2295 3399 2364 βιώσονται,
3451 2299 3534 2350 καὶ
3567 2295 3748 2366 nmiu-

2229 2393 2376 2446 νοῦσι
2434 2391 2540 2442 τῶν
2578 2391 2714 2442 ὅλων
2758 2389 2848 2441 τὸν
2906 2387 3199 2458 κηδεμόνα.
3250 2388 3499 2453 Δεξὰσθω
3549 2389 3739 2454 τοίνυνή

2233 2479 2678 2550 μεγαλοπρέπειά
2729 2494 2820 2529 σου
2871 2478 3191 2545 παραίνεσιν
3249 2477 3529 2550 πατρικὴν,
3569 2478 3648 2530 καὶ
3675 2478 3744 2545 τὴν

2231 2571 2538 2640 Θαυμασίαν
2599 2569 2811 2640 ἐκείνην
2879 2569 3086 2622 εἰπάτω
3139 2572 3348 2639 φωνήνο
3408 2590 3426 2620 ι
3477 2571 3528 2622 '0
3585 2569 3740 2638 Κύριος

2231 2665 2449 2722 ἔδωκεν,
2504 2664 2532 2715 ὁ
2575 2661 2778 2731 Κύριος
2806 2660 3074 2726 ἀφείλετο·
3129 2661 3206 2724 ὡς
3259 2661 3334 2732 τῷ
3369 2662 3544 2730 Κυρίῳ
3588 2660 3739 2722 ἔδοξεν,

2231 2756 2371 2809 οὕτω
2411 2757 2504 2808 καὶ
2537 2755 2772 2823 ἐγένετο·
2804 2755 2888 2824 εἴη
2921 2758 2978 2806 το
3004 2753 3171 2824 ὄνομα
3209 2754 3415 2825 Κυρίου
3444 2752 3738 2822 εὐλογημένοι

2234 2850 2312 2912 εἰς
2341 2849 2464 2910 τοὺς
2487 2847 2704 2910 αἰῶνας.
2751 2866 2769 2897 ι

2586 2961 2771 3025 κῖκ-
2789 2957 3084 3044 Εἰρηναίῳ
3123 2929 3450 3025 ἐπισκόπει).

2159 3092 2200 3148 C
2307 3070 2419 3121 Οὐκ
2444 3070 2608 3130 ἔστιν,
2640 3069 2713 3132 ὡς
2739 3069 2938 3133 ἔοικεν,
2969 3071 3120 3122 οὐδὲν
3151 3069 3509 3140 προσδοκῆσαι
3533 3065 3729 3134 χρηστόν.

2235 3163 2306 3215 Οὐ
2331 3162 2438 3231 γὰρ
2466 3161 2623 3231 μόνον
2657 3163 2756 3214 οὐκ
2787 3161 3089 3232 ἐλώφησεν,
3124 3148 3267 3213 auia
3305 3161 3392 3212 καὶ
3409 3158 3730 3223 καθ’ἑκάστην.

2231 3252 2306 3316 ὡς
2337 3253 2466 3315 ἔπος
2493 3254 2688 3314 εἰπεῖν,
2738 3253 2950 3322 ἡμέραν
2987 3250 3324 3322 κορυφοῦται
3353 3250 3445 3319 τῆς
3485 3245 3731 3314 Ἐκκλησίιις

2233 3346 2265 3415 ἡ
2301 3343 2456 3414 ζὰλη.
2487 3339 2661 3398 Ἶίκον
2691 3344 2747 3398 δὲ
2778 3343 2871 3397 καὶ
2913 3345 2962 3395 οῖ
3009 3343 3107 3412 τὴν
3142 3344 3359 3396 σύνοδον
3395 3337 3728 3408 συγκαλοῦντες,

2235 3435 2329 3489 καὶ
2362 3436 2649 3488 ἀπέδωκαν
2679 3435 2857 3499 ἄλλοις
2882 3436 2938 3488 τὲ
2963 3454 3071 3488 τισι
3096 3437 3202 3488 τῶν
3249 3429 3637 3505 μητροπολιτῶν,
3664 3428 3728 3476 καὶ

2234 3525 2312 3594 τῷ
2343 3525 2612 3595 ἡμετέρῳ,
2644 3525 2712 3578 τὰ
2741 3528 2837 3595 τῆς
2871 3526 3116 3596 κλήσεως
3161 3526 3276 3596 (Hi)
3321 3527 3606 3594 γράμματα.
3641 3517 3727 3566 Ἀπ-

2235 3617 2452 3671 ἐστειλα
2493 3617 2548 3669 δὲ
2585 3619 2676 3669 καὶ
2706 3617 2814 3669 τῶν
2843 3617 3184 3686 γραμμάτων
3223 3618 3288 3669 τὸ
3315 3615 3420 3667 ἴσον
3461 3614 3517 3680 τῇ
3551 3611 3602 3676 σῇ
3629 3603 3726 3658 bsti-

2233 3726 2377 3778 τητι,
2439 3709 2528 3760 ἵνα
2581 3707 2746 3777 γνῷς,
2793 3707 3048 3767 δέσποτα,
3100 3707 3175 3768 ὡς
3235 3706 3374 3760 κατὰ
3414 3703 3494 3755 τὸν
3521 3693 3725 3763 ποιητικὸν

2234 3800 2408 3870 λόγον,
2443 3801 2610 3853 κακὸν
2641 3798 2794 3868 κακῴ
2824 3799 3171 3870 ἐστήρικται,
3208 3798 3310 3852 καὶ
3347 3797 3423 3849 δεῖ
3464 3793 3607 3864 μόνης
3633 3784 3723 3853 ἡμῖν

2235 3896 2333 3962 τῆς
2376 3893 2709 3962 Δεσποτικῆς
2745 3891 3104 3960 ἁγαῦὸτητος,
3163 3891 3252 3943 ἵνα
3303 3889 3476 3959 παύσῃ
3521 3883 3595 3935 τὸν
3637 3873 3721 3928 ’ἅδ’

2234 3985 2396 4037 δωνα.
2441 3984 2652 4055 Ῥᾴδιον
2703 3983 2800 4052 μὲν
2831 3982 2940 4052 γὰρ
2973 3982 3122 4052 αὑτῷ
3156 3983 3252 4035 καὶ
3293 3981 3460 4042 τοῦτο,
3499 3967 3719 4037 an’tpﬁ;

2235 4075 2334 4142 τῆς
2373 4075 2613 4144 γαλήνης
2664 4073 2901 4138 ἀνάξιοι.
2943 4075 3128 4144 Ἀρκεῖ
3163 4075 3220 4127 δὲ
3256 4077 3383 4143 ἡμῖν
3409 4070 3498 4138 τῆς
3519 4056 3718 4129 ὑπομονῆς

2235 4169 2268 4236 ἡ
2302 4169 2481 4236 χάρις,
2514 4167 2589 4228 ὡς
2627 4166 2692 4218 ἂν
2723 4165 2811 4218 διὰ
2832 4164 3034 4234 ταύτης
3063 4165 3344 4235 κρείττους
3376 4161 3474 4215 τῶν
3499 4146 3716 4220 πολεμούν·

2235 4278 2344 4312 των
2368 4259 2682 4327 γενοίμεθα.
2736 4258 2778 4309 Τ
2784 4257 2909 4310 οὖτο
2959 4258 3069 4327 γὰρ
3111 4257 3205 4309 καὶ
3249 4260 3278 4310 6
3321 4256 3453 4314 Θεῖος
3481 4239 3718 4327 ’Δπὸστολοξ

2237 4323 2472 4415 ἐδίδαξεν
2501 4323 2648 4419 ἡμᾶς
2682 4348 2933 4410 ἐξαιτεῖν.
3029 4323 3249 4417 Ποιήσει
3273 4346 3396 4416 γὰρ,
3419 4340 3549 4411 φησὶ,
3575 4335 3646 4386 σὺν
3667 4323 3715 4391 τῷ

2167 4433 2210 4488 Ῑ)
2241 4441 2529 4513 πειρασμῷ
2560 4441 2653 4493 καὶ
2668 4440 2766 4509 τὴν
2794 4440 3019 4492 ἔκϐασιν
3041 4439 3134 4492 τοῦ
3149 4439 3405 4494 δύνασθαι
3432 4423 3713 4492 ὑπενεγκεῖν.»

2241 4538 2352 4605 Τὴν
2403 4536 2461 4588 δὲ
2506 4535 2603 4603 σὴν
2637 4533 2913 4601 φιλοθεῖαν
2951 4534 3256 4601 παρακαλῶ
3285 4521 3608 4594 ἐπιστομῇζειν
3633 4510 3714 4567 τοὺς

2248 4627 2649 4698 μωμοσκόπους
2690 4625 2786 4678 καὶ
2816 4597 3134 4686 πείθειν-ὠς
3171 4625 3233 4676 οὐ
3267 4623 3367 4694 χρὴ
3395 4619 3507 4676 τοὺς
3541 4609 3622 4672 ἔξω
3645 4597 3715 4651 τῶν

2243 4718 2436 4788 βελῶν,
2467 4717 2528 4770 τὸ
2556 4717 2619 4786 δὴ
2657 4716 2964 4785 λεγόμενον,
2997 4717 3156 4778 ὖντας
3188 4715 3466 4770 σκώπτειν,
3493 4704 3554 4762 ὡς
3574 4699 3708 4750 ἔοικεν’

2241 4778 2366 4873 τοὺς
2401 4778 2941 4878 παραταττομένους,
3001 4807 3095 4858 καὶ
3137 4802 3480 4874 βαλλομένους
3517 4788 3591 4844 καὶ

2242 4903 2453 4965 λοντας.
2485 4873 2558 4954 -Τί
2606 4901 3002 4973 γὰρδιαφέρει
3045 4901 3346 4971 τῴτοιῷδε
3386 4894 3516 4960 ὅπλῳ
3539 4886 3564 4955 ἦ
3585 4873 3708 4973 τοιῷδε

2241 4996 2332 5048 τὸν
2355 4966 2751 5062 ἀγωνιζόμενον
2780 4966 3107 5062 χρήσασθαι,
3137 4993 3230 5045 καὶ
3263 4966 3552 5043 καταδολείν
3574 4971 3640 5025 τὸν
3653 4966 3711 5016 ἀν-

2243 5085 2501 5150 τίπαλον;
2557 5084 2691 5137 Οὐδὲ
2724 5085 2832 5153 γὰρ
2877 5085 2904 5135 ὁ
2951 5084 3122 5152 μέγας
3156 5083 3316 5136 Δαϐὶό
3346 5066 3597 5135 παντευχίᾳ
3625 5068 3708 5126 χρη·

2246 5179 2314 5232 σά
2328 5195 2487 5248 μενος
2527 5179 2833 5247 κατήνεγκε
2875 5176 2984 5228 τῶν
3031 5176 3340 5244 ἀλλοφύλων
3373 5170 3454 5222 τὸν
3491 5158 3708 5248 τρέμω

2615 5229 2665 5247 ί,
2745 5229 2755 5244 ι
3177 5229 3188 5244 ⁸

2257 5270 2314 5323 Ὀ
2347 5269 2402 5321 δὲ
2434 5267 2667 5338 Σαμψὼν
2689 5267 2811 5319 ὄνου
2845 5267 3052 5334 σιαγόνι
3077 5267 3408 5338 χρησάμενος
3428 5253 3591 5327 χιλίους
3618 5229 3707 5291 κατὶ

2168 5406 2212 5436 ’⁸
2239 5403 2258 5459 Ι
2282 5402 2407 5458 Cor.
2441 5417 2493 5467 κ,
2530 5400 2614 5454 15.
2717 5400 2763 5432 ’⁸
2796 5399 2818 5452 Ι
2855 5398 2986 5470 Reg.
3032 5414 3160 5462 xvu,
3215 5397 3236 5451 ί
3293 5408 3433 5462 seqq,
3515 5379 3551 5413 ’⁷
3586 5365 3703 5428 ludif-

2247 5589 2390 5715 ἔρὶῖιά
2426 5590 2716 5644 Baronium
2753 5589 2949 5642 Annal.
2981 5589 3046 5644 ad
3078 5606 3127 5644 a.
3163 5589 3222 5643 C.
3251 5585 3364 5648 5:50,
3401 5589 3508 5632 lcm.
3534 5561 3704 5632 ωιω·
