3924 6192
1479 206 1533 221 ...ρ

258 347 392 415 1193

1621 340 1981 403 EPISTOLA
2019 340 2173 401 XVI.

3368 336 3501 405 1194

251 463 446 518 ταυτὸν
476 458 850 532 κατηκόντισε.
881 458 992 514 Καὶ
1020 457 1198 521 οὐδεὶς
1243 457 1617 528 ἐπιμέμφεται
1647 458 1712 527 τῇ
1743 453 1823 508 νί-

1927 455 2074 526 quod
2106 470 2216 508 non
2250 454 2460 508 hastam
2493 453 2769 525 quatiens,
2802 453 3162 528 clypeumque
3193 459 3497 530 objectans,

253 571 347 628 κῃ,
390 554 511 608 οὐδέ
562 551 761 607 δειλίαν
802 550 898 605 τοῦ
947 549 1217 622 ἀριστέως
1260 549 1577 621 κατηγορεῖ,
1625 547 1706 601 ὅτι
1749 546 1823 617 μὴ

251 646 380 718 δόρυ
404 644 591 707 κινῶν.
619 644 715 698 καὶ
731 643 829 707 τὴν
852 641 1054 697 ἀσπίδα
1076 640 1536 713 προϐαλλόμενος,
1564 638 1659 694 καὶ
1690 638 1822 691 πολ-

252 738 323 793 λά
371 736 692 802 ἀκοντίζων,
730 737 764 809 ἢ
796 735 929 801 τόξα
959 735 1171 799 τείνων,
1204 734 1330 797 τοὺς
1354 731 1682 794 ἀντιπάλους
1717 729 1825 782 ἐνί-

255 843 420 897 κησεν
447 824 580 899 (Η).
605 825 760 880 Οὕτω
786 821 1077 894 τοιγαροῦν
1097 821 1335 883 καὶτοὺς
1364 819 1507 892 ὑπὲρ
1539 820 1640 891 τῆς
1668 819 1824 872 εὐσε-

255 918 407 982 ϐείας
457 915 895 987 ἀγωνιζομένους
940 913 1216 980 ἐξετάζειν
1241 912 1370 983 χρὴ,
1400 911 1496 966 καὶ
1537 909 1611 982 μὴ
1642 909 1824 981 ζητεῖν

254 1010 496 1081 ὀνόματα
529 1007 629 1080 τὴν
678 1007 795 1078 ἔριν
837 1006 1142 1078 ἐγείροντα,
1175 1005 1291 1060 ἀλλ’
1339 1003 1702 1076 ἐνθυμήματα
1728 1021 1824 1057 σα-

255 1103 372 1172 φῶς
402 1100 747 1174 κηρύττοντα
776 1099 876 1172 τὴν
908 1084 1194 1170 ἀλήθειαν,
1226 1096 1320 1151 καὶ
1344 1097 1473 1160 τοὺς
1509 1095 1825 1149 ἀντιτείνειν

252 1192 571 1262 τολμῶντας
602 1190 865 1262 αἰσχύνης
885 1188 1332 1259 ἀναπιμπλάντα.
1358 1187 1424 1239 Τί
1451 1185 1560 1256 γὰρ
1578 1185 1825 1256 διαφέρει

251 1284 665 1353 ἀνθρωποτόκον
689 1282 826 1353 ὁμοῦ
846 1282 940 1335 καί⁵
972 1280 1229 1334 Θεοτόκον
1253 1277 1516 1349 ὀνομάσαι
1542 1277 1640 1342 τὴν
1665 1276 1825 1345 ἁγίαν

253 1369 550 1441 Παρθένον,
582 1368 615 1440 ἥ
660 1369 883 1423 καλέσαι
913 1368 1084 1439 αὐτὴν
1141 1366 1235 1421 τοῦ
1289 1365 1580 1437 τεχθέντος
1612 1365 1824 1437 μητέρα

253 1464 345 1516 καὶ
373 1462 587 1532 δούλην,
618 1461 713 1515 καὶ⁹
756 1462 1077 1530 ἐπαγαγεῖν,
1102 1461 1184 1513 ὅτι
1217 1459 1403 1530 μήτηρ
1439 1457 1542 1529 μὲν
1576 1456 1723 1511 ἐστιν
1748 1457 1825 1522 ὡς

250 1554 537 1626 ἀνθρώπου
587 1553 681 1608 τοῦ
721 1554 925 1625 Κυρίου
969 1552 1126 1624 ήμῶν
1162 1551 1335 1622 Ἰησοῦ
1365 1549 1627 1622 Χριστοῦ,
1658 1549 1823 1619 δούλη

249 1647 307 1702 δὲ
335 1647 410 1711 ὡς
435 1646 592 1711 Θεοῦ,
626 1646 723 1700 καὶ
748 1645 848 1716 τήν
897 1645 995 1717 μὲν
1027 1643 1303 1715 πρόφασιν
1342 1641 1711 1711 συκοφαντίας
1743 1657 1823 1693 σι-

250 1739 420 1809 γῆσαι
441 1737 577 1810 (12),
610 1737 709 1811 τὴν
741 1737 910 1809 αὐτὴν
938 1738 995 1790 δὲ
1040 1737 1206 1807 φάναι
1236 1733 1494 1798 διάνοιαν,
1527 1733 1690 1806 ἑτέρα
1733 1749 1822 1786 κε-

1929 555 1986 601 et
2040 546 2234 600 crebra
2275 546 2455 616 jacula
2498 546 2820 617 eonjiciens,
2867 548 2953 603 vel
3004 564 3164 604 arcus
3212 550 3502 606 intendens

1929 637 2115 691 hostes
2144 636 2437 707 superarit.
2471 636 2561 692 Sic
2607 637 2772 708 igitur
2795 647 2852 693 et
2877 638 3000 693 illos
3031 638 3124 709 qui
3163 654 3264 710 pro
3299 639 3501 709 pietate

1929 728 2195 783 dimicant
2227 727 2463 799 judicari
2502 737 2743 799 oportet,
2782 745 2886 785 nec
2922 731 3187 785 vocabula
3230 746 3499 800 quarerc,

1930 837 2052 892 qua:
2085 820 2492 876 contentionem
2519 821 2817 885 suscitent,
2866 821 2962 876 sed
2996 822 3504 893 argumentationes

1930 930 2051 986 qua:
2076 913 2361 968 veritatem
2403 913 2614 983 liquido
2639 915 2972 984 exprimant,
3011 923 3065 967 et
3108 913 3368 968 reluctari
3402 929 3501 967 au-

1931 1004 2125 1058 dentes
2158 1002 2363 1057 rubore
2400 1002 2741 1057 suﬂ'undant.
2768 1003 2912 1070 Quid
2956 1002 3104 1058 enim
3151 1002 3251 1057 ista
3293 1002 3501 1056 discre-

1931 1104 2083 1166 pant,
2133 1094 2532 1164 hominiparam
2578 1093 2740 1148 simul
2795 1108 2860 1148 ac
2904 1094 3194 1164 Deiparam
3232 1092 3503 1163 virginem

1929 1194 2172 1241 sanctam
2208 1186 2506 1255 appellare,
2549 1192 2644 1238 aut
2691 1198 2889 1239 vocare
2929 1184 3076 1237 illam
3103 1182 3223 1236 Filii
3272 1190 3503 1236 matrem

1930 1285 2092 1348 atque
2117 1276 2393 1341 ancillam,
2426 1285 2484 1330 et
2510 1275 2734 1340 addere,
2766 1282 2998 1330 matrem
3025 1273 3248 1344 quidem
3271 1288 3413 1338 esse,
3442 1282 3503 1327 ut

1930 1368 2190 1433 hominis,
2216 1367 2431 1422 Domini
2459 1368 2636 1422 nostri
2659 1368 2788 1422 Jesu
2812 1366 3040 1430 Christi,
3064 1366 3321 1421 ancillam
3345 1380 3499 1431 vero,

1930 1470 1992 1514 ut
2026 1460 2142 1523 Dei,
2189 1457 2587 1540 calumniazque
2634 1458 2981 1513 occasionem
3034 1457 3256 1513 silentio
3291 1465 3498 1528 tegere,

1929 1560 1986 1605 et
2017 1550 2266 1605 eamdem
2305 1549 2631 1604 sententiam
2673 1548 2776 1603 sub
2818 1549 2926 1602 alio
2964 1543 3187 1604 nomine
3216 1547 3504 1618 proferre?

1928 1642 2132 1698 Adhazc
2161 1641 2295 1696 illud
2317 1640 2483 1696 etiam
2512 1640 2872 1710 spectandum
2906 1651 3009 1703 est,
3039 1640 3234 1694 horum
3264 1640 3501 1693 alterum

1930 1746 2223 1786 commune
2256 1744 2454 1785 nomen
2487 1744 2629 1792 esse,
2659 1729 2895 1782 alterum
2933 1727 3160 1797 virginis
3191 1728 3499 1798 proprium,

252 1830 524 1905 χρημένον
551 1829 894 1901 προσηγορίᾳ
917 1846 933 1892 ;
960 1829 1100 1901 Πρὸς
1127 1827 1184 1881 δὲ
1210 1825 1442 1890 τούτοις,
1472 1827 1693 1879 κάκεῖνο
1724 1825 1823 1897 χρὴ

1930 1829 1987 1875 et
2017 1820 2085 1875 de
2112 1821 2217 1875 hoc
2249 1827 2418 1875 totam
2449 1818 2728 1874 exstitisse
2766 1819 3200 1883 contentionem,
3243 1834 3363 1887 quae
3388 1818 3499 1873 uti-

255 1918 503 1984 συνιδεῖν,
537 1918 614 1982 ὼς
650 1919 713 1972 τδ
750 1918 849 1990 μὲν
888 1918 1066 1971 κοινόν
1103 1919 1251 1970 ἐστιν
1278 1915 1471 1985 ὄνομα,
1506 1914 1569 1967 τὸ
1604 1915 1659 1967 δὲ
1699 1914 1831 1967 ἴδιον

252 2011 355 2080 τῆς
389 2008 688 2080 Παρθένου·
726 2007 820 2062 καὶ
843 2009 928 2062 ὅτι
954 2009 1083 2079 περὶ
1111 2007 1304 2061 τούτου
1345 2007 1494 2060 πᾶσα
1523 2007 1556 2077 ή
1588 2005 1827 2075 διαμάχη

253 2099 569 2169 γεγένηται,
597 2097 673 2163 ὡς
716 2098 818 2152 οὐκ
864 2097 1090 2168 ὤφελεν.
1139 2096 1251 2151 Καὶ
1278 2099 1330 2151 οἱ
1356 2097 1600 2151 πλεῖστοι
1635 2096 1691 2149 δὲ
1718 2096 1829 2149 τῶν

254 2190 496 2261 ἀρχαίων
531 2189 643 2260 (l3)
669 2190 925 2262 Πατέρων
951 2188 1051 2258 τὴν
1084 2188 1440 2259 ἐντιμοτέραν
1471 2185 1735 2239 ἐπέθεσαν
1758 2189 1825 2257 τῇ

255 2276 518 2348 Παρθένῳ
547 2276 941 2348 προσηγορίαν⁸
979 2275 1139 2329 τοῦτο
1169 2275 1227 2328 δέ
1256 2277 1351 2329 καὶ
1391 2277 1425 2345 ή
1457 2274 1523 2346 σὴ
1552 2273 1821 2345 πεποίηκε

255 2369 531 2423 θεοσέϐεια
577 2368 671 2422 καὶ
716 2370 772 2421 ἐν
822 2366 915 2420 δύο
956 2369 1050 2420 καὶ
1079 2368 1137 2421 ἐν
1165 2368 1311 2436 τρισὶ
1337 2365 1536 2434 λόγοις.
1571 2356 1720 2435 Ἕχω
1764 2364 1823 2418 δὲ

252 2461 456 2516 τούτων
482 2460 675 2526 ἐνίους,
699 2460 797 2529 τῆς
827 2458 928 2529 σῆς
964 2475 1055 2527 μοι
1086 2457 1377 2529 πεμψάσης
1401 2457 1699 2527 φιλοθεῖας·
1728 2454 1824 2510 καὶ

251 2552 330 2625 τῷ
365 2552 650 2618 Θεοτόκος
693 2550 755 2603 τὸ
777 2549 1229 2616 ἀνθρωποτόιιος
1253 2548 1315 2600 οὐ
1340 2546 1699 2619 παρέζευξας,
1736 2545 1824 2597 δέ-

254 2661 450 2710 σποτα,
484 2642 690 2713 ἑτέροις
720 2641 779 2694 δὲ
799 2641 1025 2710 ὀνόμασι
1068 2639 1167 2709 τὴν
1190 2637 1379 2693 τούτου
1417 2638 1655 2692 διάνοιαν
1682 2651 1824 2706 παρ-

1927 1927 2053 1967 nam
2076 1926 2187 1965 non
2219 1910 2435 1980 1078
2467 1908 2682 1964 fuisset.
2717 1908 2795 1965 Ac
2829 1909 3054 1980 plurimi
3085 1925 3216 1966 sane
3248 1910 3501 1980 antiquo-

1928 2014 2048 2057 rum
2075 2003 2299 2057 Patrum
2324 2000 2690 2072 appellatione
2725 2016 2847 2071 quze
2880 2002 3204 2056 honoratior
3227 2008 3347 2056 erat
3376 2000 3498 2056 Vir-

1925 2094 2108 2164 ginem
2144 2101 2416 2149 ornarunt
2441 2111 2453 2146 :
2483 2092 2627 2162 quod
2671 2101 2728 2148 et
2771 2094 3033 2149 sanctitas
3075 2102 3164 2149 tua
3203 2093 3261 2148 in
3284 2093 3502 2149 duabus

1926 2185 2169 2239 tribusve
2186 2184 2530 2239 orationibus
2547 2185 2662 2239 suis
2683 2183 2834 2240 fecit.
2853 2185 3036 2240 Habeo
3054 2187 3169 2256 ipse
3186 2184 3497 2252 nonnullas,

1924 2292 2063 2347 quas
2097 2276 2165 2331 ad
2191 2293 2277 2331 me
2306 2278 2482 2347 pietas
2503 2287 2595 2333 tua
2629 2277 2800 2342 misit,
2834 2277 2888 2331 in
2912 2278 3114 2348 quibus
3144 2278 3499 2348 appellationi

1925 2367 2179 2437 Deipara,
2199 2367 2439 2432 domine,
2460 2368 2792 2440 hominipara
2812 2384 2921 2424 non
2944 2368 3208 2439 adjecisti,
3233 2368 3328 2424 sed
3349 2369 3500 2425 vocis

1927 2458 2096 2530 hujus
2131 2473 2354 2514 sensum
2403 2459 2526 2513 aliis
2565 2460 2851 2515 vocabulis
2885 2461 3194 2516 declarasti.
3223 2461 3496 2528 Quoniam

1926 2555 2110 2603 autem
2151 2563 2238 2603 me
2274 2549 2438 2602 etiam
2492 2550 2919 2618 reprehenditis,
2972 2552 3126 2621 quasi
3178 2562 3397 2608 sanctos
3435 2567 3498 2607 ac

1928 2637 2119 2693 beatos
2141 2638 2331 2693 Patres
2352 2639 2651 2694 Diodorum
2673 2648 2730 2695 et
2752 2640 3099 2697 Theodorum
3127 2642 3183 2696 in
3210 2640 3499 2713 magistro.

253 2735 548 2805 εδήλωσας.
592 2731 809 2803 Ἐπειδὴ
833 2731 945 2801 (14)
993 2731 1052 2784 δὲ
1078 2729 1455 2801 ὲπιμέμφεσθέ
1487 2748 1600 2799 μοι,
1633 2727 1723 2782 καὶ
1749 2728 1823 2791 ὡς

1929 2743 2050 2782 rum
2073 2742 2306 2783 numero
2340 2729 2722 2798 prwterierim,
2749 2733 3119 2787 necessarium
3150 2732 3280 2788 duxi
3302 2733 3369 2788 de
3392 2732 3496 2789 hoc

257 2826 381 2888 τοὺς
417 2824 607 2893 ἁγίους
657 2822 756 2878 καὶ
789 2821 1092 2893 μακαρίους
1130 2820 1537 2875 καταλελοιπότι
1577 2818 1823 2889 Πατέρας

1930 2820 2097 2874 etiam
2124 2834 2297 2889 pauca
2324 2819 2530 2876 dicere.

253 2916 517 2987 Διόδωρον
568 2915 658 2968 καὶ
726 2913 999 2984 Θεόδωρον
1043 2914 1101 2965 ὲν
1143 2911 1221 2985 τῷ
1254 2913 1539 2984 καταλόγῳ
1574 2910 1686 2965 τῶν
1721 2908 2080 2979 διδασκάλων,
2117 2912 2412 2982 ἀναγκαῖον
2479 2913 2774 2986 ἡγησάμην
2837 2904 2930 2969 καί
2968 2918 3096 2989 περὶ
3136 2917 3326 2973 τούτου
3362 2919 3496 2992 βρα-
3588 2986 3589 2993 γ

256 3008 356 3081 χέα
374 3006 684 3072 διεξελθεῖν.

326 3099 548 3172 Πρῶτον
582 3099 682 3168 μὲν
707 3098 836 3171 γὰρ,
871 3095 916 3153 ὦ
946 3100 1073 3171 φίλη
1103 3117 1193 3170 μοι
1225 3098 1455 3171 κεφαλὴ,
1478 3100 1706 3165 πολλοὺς
1731 3101 1823 3155 καὶ

2002 3100 2248 3154 Primum
2273 3099 2442 3167 enim,
2481 3117 2514 3156 o
2546 3102 2743 3168 amice,
2774 3103 2978 3159 multos
3016 3116 3233 3176 quoque
3263 3106 3402 3161 alios
3430 3106 3494 3161 il-

253 3193 450 3255 ἀλλους
469 3192 792 3261 περιφανεῖς
812 3192 1009 3264 ἀνδρας
1027 3193 1118 3245 καὶ
1139 3192 1425 3263 λαμπροὺς
1439 3191 1579 3261 ἄγαν
1602 3209 1823 3262 γεγενη-

1929 3190 2131 3245 lustres
2156 3191 2307 3246 viros
2329 3193 2510 3257 omisi,
2535 3199 2592 3248 et
2613 3192 2754 3249 fama
2776 3195 3133 3251 clarissimos.
3157 3197 3365 3254 Deinde
3387 3198 3494 3256 hoc

255 3286 468 3355 μένους.
490 3286 721 3339 Ἔπειτα
743 3284 798 3338 δέ
827 3286 1047 3339 κάκεῖνο
1065 3285 1171 3356 χρὴ
1196 3285 1441 3350 συνιδεῖν,
1457 3284 1533 3349 ὡς
1559 3285 1650 3338 τὸν
1672 3301 1820 3337 κατ-

1927 3282 2091 3336 etiam
2144 3281 2604 3336 considerandum
2654 3286 2671 3303 ’
2717 3291 2823 3348 est,
2869 3298 2996 3338 eum
3054 3287 3148 3356 qui
3202 3298 3493 3344 accusatur

247 3375 614 3447 ηγορούμενον
654 3374 1170 3445 ἀναμφισϐητήτως
1212 3374 1495 3445 μάρτυρας
1549 3374 1820 3444 προσήκει

1927 3379 2095 3427 testes
2113 3373 2338 3425 minime
2357 3372 2557 3427 dubios
2581 3372 2886 3442 producere
2907 3383 3182 3444 Oportere,
3200 3394 3341 3448 quos
3367 3381 3494 3434 red-

251 3468 543 3538 παράγειν,
577 3460 660 3530 οἷς
698 3465 822 3519 οὐδὲ
865 3465 974 3518 τῶν
1026 3464 1350 3536 κατηγόρων
1391 3482 1476 3528 τις
1514 3465 1822 3536 ἐπιμέμψαο

1927 3478 2155 3534 arguere
2189 3478 2292 3518 nec
2317 3471 2699 3518 accusatorum
2729 3464 3018 3534 quisquam
3040 3466 3235 3535 possit.
3263 3469 3418 3535 Quod
3445 3471 3493 3526 si

253 3560 378 3612 σθαι
403 3558 649 3612 δύναται.
687 3557 751 3610 Et
786 3556 845 3610 δὲ
871 3557 996 3620 τοὺς
1029 3555 1182 3627 παρά
1206 3555 1316 3609 τῶν
1352 3556 1654 3611 διωκόντων
1689 3574 1821 3611 κατ-

1927 3555 1991 3609 ad
2018 3555 2392 3610 testimonium
2414 3570 2544 3610 reus
2572 3555 2695 3611 illos
2729 3565 2889 3611 vocet
2910 3564 3050 3627 quos
3082 3565 3297 3614 actores
3325 3575 3493 3616 accu-

248 3648 662 3720 ηγορουμὲνους
698 3648 728 3700 ὁ
769 3646 1099 3716 διωκόμενος
1122 3646 1202 3710 είς
1243 3645 1552 3718 μαρτυρίαν
1580 3646 1817 3713 καλέσοι,

1927 3653 2068 3711 sant,
2098 3661 2201 3701 nec
2220 3645 2390 3717 judex
2417 3645 2535 3715 ipse
2568 3645 2936 3701 admittendos
2964 3648 3199 3718 putabit.
3239 3649 3419 3717 Quare
3444 3653 3493 3707 si

249 3737 370 3791 οὐδὲ
396 3738 556 3802 αὐτὸς
585 3737 652 3791 ἂν
679 3739 709 3791 ό
743 3735 979 3800 δικάζων
1007 3736 1291 3806 ἀνάσχοιτο
1317 3735 1590 3801 δέξασθαι.
1628 3736 1691 3791 El
1722 3738 1819 3806 μὲν

1927 3746 2177 3808 suscepta
2197 3739 2421 3794 Patrum
2436 3737 2750 3794 laudatione
2776 3739 2909 3795 istos
2927 3740 3256 3809 omisissem,
3277 3744 3487 3815 inique,

250 3831 361 3902 γάρ
415 3829 637 3884 ἔπαινον
725 3828 983 3899 Πατέρων
1051 3828 1384 3899 συγγράφων
1441 3828 1629 3883 τούσδε
1695 3830 1820 3892 τοὺς

1927 3830 2119 3897 fateor,
2142 3831 2399 3901 egissem,
2421 3839 2479 3886 et
2505 3829 2559 3884 in
2584 3829 2874 3900 magistros
2892 3830 3116 3887 fuissem
3138 3832 3403 3903 ingratus.
3421 3833 3492 3890 At

251 3920 438 3989 ἁγίους
472 3918 797 3988 παρέλιπον,
846 3918 1081 3989 ἠδίκησα
1130 3916 1216 3981 ἂν,
1251 3917 1519 3987 ὁμολογῶ,
1571 3920 1664 3973 καὶ
1692 3920 1820 3991 περὶ

1927 3920 1970 3975 si
2012 3936 2136 3976 cum
2180 3936 2470 3977 accusarer
2512 3919 2892 3977 defensionem
2936 3936 3055 3976 sum
3101 3938 3406 3994 aggressus,
3435 3934 3491 3979 et

249 4016 376 4078 τοὺς
419 4014 773 4078 διδασκάλους
804 4014 1096 4084 ἀχάριστος
1128 4014 1412 4085 ἐγενόμην.
1453 4015 1517 4068 Εἰ
1580 4015 1637 4069 δὲ
1683 4033 1815 4070 κατ-

1927 4021 2094 4068 testes
2116 4012 2457 4069 indubitatos
2484 4015 2740 4085 produxi,
2765 4014 2897 4085 quid
2927 4014 3199 4070 incassum
3218 4032 3322 4071 nos
3346 4017 3490 4071 vitu-

251 4102 622 4175 ηγορούμενος
650 4103 946 4172 ἀπολογίαν
978 4105 1345 4175 προσήνεγκα,
1371 4105 1466 4157 καὶ
1492 4106 1618 4169 τοὺς
1644 4106 1820 4176 ἀναμ-

1927 4110 2140 4173 perant,
2168 4102 2261 4173 qui
2291 4103 2489 4159 horum
2514 4105 2701 4161 videre
2723 4105 2861 4160 nihil
2901 4105 3133 4159 volunt?
3159 4105 3278 4173 Quo
3301 4116 3486 4162 autem

251 4196 620 4267 φισϐητήτους
647 4198 967 4265 παρήγαγον
997 4194 1303 4265 μάρτυρας,
1331 4195 1383 4248 τί
1415 4194 1590 4266 μάτην
1609 4198 1660 4249 οῖ
1691 4197 1816 4249 τού-

1927 4192 2072 4246 cultu
2107 4192 2258 4247 viros
2276 4208 2599 4265 prosequar,
2630 4195 2785 4251 testis
2806 4204 2891 4251 est
2915 4194 3056 4249 liber
3082 4211 3245 4266 quem
3279 4196 3346 4251 de
3379 4198 3490 4252 illis

249 4304 360 4339 των
405 4286 560 4339 οὐδὲν
604 4284 729 4338 ίδεῖν
771 4284 1047 4347 ἐθέλοντες
1076 4284 1511 4356 ἐπιμέμφονται;
1544 4287 1730 4351 Ὅπως
1759 4286 1817 4340 δέ

1927 4283 2229 4352 composui,
2264 4284 2317 4338 in
2350 4299 2460 4355 quo
2496 4285 2787 4341 conflatam
2823 4286 2878 4340 in
2920 4285 3044 4341 illos
3081 4289 3485 4342 accusationem

251 4376 397 4431 σέϐω
424 4377 550 4439 τοὺς
576 4374 797 4448 ἄνδρας,
829 4376 1040 4446 μάρτυς
1060 4376 1095 4447 ἡ
1123 4377 1254 4447 παρ’
1287 4376 1444 4447 ἡμῶν
1466 4377 1605 4448 ὑπὲρ
1636 4376 1817 4432 αὐτῶν

1927 4373 2205 4440 diluimus,
2239 4391 2342 4430 nec
2366 4386 2748 4432 accusatorum
2771 4378 3094 4448 potentiam,
3120 4392 3223 4432 nec
3249 4386 3486 4433 structas

250 4469 627 4539 συγγραφεῖσα
657 4466 858 4538 βίϐλος,
887 4467 947 4518 ἐν
976 4461 1011 4539 ᾗ
1045 4466 1144 4537 τὴν
1167 4466 1288 4520 κατ’
1308 4467 1489 4521 αὐτῶν
1517 4468 1816 4539 γεγενημέ-

1927 4472 2112 4519 contra
2135 4479 2237 4520 nos
2258 4464 2484 4520 insidias
2510 4466 2954 4523 reformidantes.
2979 4468 3160 4523 Alium
3192 4481 3322 4539 ergo
3348 4486 3486 4540 prae-

247 4575 348 4629 νην
370 4557 585 4628 γραφὴν
609 4556 953 4629 διελύσαμεν,
976 4558 1039 4611 ού
1067 4557 1341 4621 δείσαντες
1364 4559 1472 4611 τῶν
1497 4559 1817 4629 κατηγόρων

1927 4556 2207 4627 stigiarum
2237 4556 2476 4612 colorem
2512 4568 2761 4627 quaerant
2797 4575 2936 4630 quos
2967 4561 3179 4632 garrire
3223 4560 3482 4616 delectat.

244 4643 347 4715 τὴν
375 4644 711 4710 δυναστείαν,
742 4644 864 4698 οὐδὲ
891 4645 989 4709 τὰς
1021 4644 1142 4699 καθ’
1169 4646 1326 4716 ἡμῶν
1352 4649 1652 4717 γενομένας
1690 4649 1814 4702 ἐπι-

1927 4647 2052 4702 Mihi
2080 4648 2421 4718 propositum
2451 4648 2665 4719 1079
2681 4659 2785 4716 est,
2816 4667 2923 4707 non
2949 4651 3017 4707 ad
3038 4653 3202 4723 hujus
3222 4652 3306 4708 vel
3343 4653 3485 4708 illius

247 4734 471 4798 ϐουλάς.
499 4734 701 4805 Ἀλλην
730 4735 907 4789 τοίνυν
940 4735 1212 4807 ἐχέτωσαν
1245 4736 1533 4808 τερθρείας
1562 4738 1816 4809 ἀφορμὴν

1927 4741 2151 4807 gratiam
2184 4728 2366 4793 omnia
2415 4738 2602 4795 dicere
2624 4748 2679 4794 ct
2702 4740 2902 4806 facere,
2938 4743 3032 4797 sed
3060 4744 3156 4797 Dei
3183 4743 3481 4799 Ecclesiam

250 4828 297 4879 οἱ
345 4826 445 4896 τὴν
498 4826 817 4897 ἀδολεσχίαν
856 4827 1246 4898 ἀσπαζόμενοι.
1305 4830 1461 4900 Ἐμοὶ
1513 4831 1714 4894 σκοπὸς
1750 4832 1813 4884 ού

1927 4826 2210 4891 aedificare,
2234 4835 2289 4880 et
2309 4827 2474 4898 hujus
2499 4843 2699 4897 sponso
2719 4843 2783 4883 ac
2805 4830 3038 4883 Domino
3058 4831 3297 4901 placere.
3327 4831 3480 4898 Quod

250 4918 387 4988 πρὸς
419 4919 580 4989 χάριν
611 4919 706 4971 τοῦ
743 4918 911 4982 δεῖνος
955 4920 1051 4974 καὶ
1080 4919 1173 4973 τοῦ
1217 4921 1386 4983 δεῖνος
1430 4920 1606 4975 πάντα
1635 4920 1817 4990 λέγειν

1927 4917 2067 4972 enim
2118 4932 2228 4972 non
2277 4918 2594 4988 temporalis
2632 4919 2907 4973 commodi
2959 4936 3143 4986 causa,
3197 4937 3372 4992 neque
3422 4930 3485 4978 ut

247 5008 342 5060 καὶ
370 5008 650 5079 πράττειν’
699 5007 835 5062 ἀλλά
860 5010 958 5080 τήν
991 5027 1049 5064 τε
1085 5009 1178 5064 τοῦ
1204 5009 1339 5064 Θεοῦ
1377 5010 1704 5081 Ἐκκλησίαν
1733 5011 1815 5063 ol-

1927 5009 2211 5063 multarum
2234 5024 2489 5063 curarum
2525 5008 2791 5064 honorem
2820 5010 2967 5065 hunc
2998 5010 3285 5079 retineam,
3319 5027 3481 5083 quem

247 5098 512 5167 κοδομεῖν,
543 5099 640 5153 καὶ
685 5099 764 5169 τῷ
801 5100 1006 5170 ταύτης
1049 5101 1303 5172 ἀρέσκειν
1355 5102 1575 5173 νυμφίῳ
1629 5119 1688 5155 τε
1718 5102 1815 5156 καὶ

1927 5100 2186 5155 nfelicem
2233 5100 2400 5172 piget,
2455 5100 2572 5155 haec
2616 5116 2793 5172 agam,
2841 5101 2997 5156 testis
3040 5103 3173 5157 mihi
3208 5113 3291 5160 est
3346 5119 3482 5159 con-

247 5188 517 5261 Δεσπότῃ.
549 5191 669 5243 Ὀτι
699 5191 807 5261 γὰρ
853 5191 915 5244 ού
948 5192 1264 5262 σωματικῆς
1305 5192 1465 5246 ἕνεκα
1494 5192 1809 5261 θεραπείας,

1927 5189 2161 5244 scientia.
2215 5190 2545 5246 Jamdudum
2591 5192 2737 5247 enim
2783 5202 2975 5262 sponte
3037 5209 3157 5249 mea
3203 5195 3483 5250 discessis~

247 5279 369 5332 οὐδὲ
389 5280 487 5350 τῆς
502 5279 918 5351 πολυφρόντιδος
941 5282 1105 5352 τιμῆς
1130 5282 1505 5354 ἀντεχόμενος.
1529 5284 1596 5354 ἢν
1620 5282 1814 5352 δύστη-

1927 5295 2053 5345 sem,
2082 5281 2186 5335 nisi
2210 5281 2457 5336 divinum
2485 5282 2752 5353 judicium
2781 5285 2990 5347 veritus
3011 5299 3209 5342 essem.
3240 5288 3310 5342 Et
3335 5302 3481 5343 nunc

247 5383 338 5421 νον
377 5367 665 5439 ὀνομάζειν
696 5369 877 5430 ὀκνῶ,,
904 5369 1075 5423 ταῦτα
1120 5371 1278 5435 ποιῶ,
1323 5374 1592 5443 μαρτυρεῖ
1625 5389 1714 5442 μοι
1752 5372 1814 5423 τὸ

1927 5371 2078 5436 scito,
2111 5370 2352 5437 domine,
2398 5372 2544 5441 quod
2584 5383 2817 5430 mortem
2857 5387 3188 5447 exspectem.
3231 5380 3478 5435 Vicinam

346 5544 431 5609 il)
462 5543 766 5614 νενίκηκεν.
796 5543 963 5614 Neap.

350 5616 430 5684 l2)
464 5614 730 5684 παρέσχον
757 5630 877 5684 σιγ,
890 5614 1067 5684 Neap.

320 5682 431 5753 (l5)
466 5682 832 5753 ἀρχαιοτέρων
860 5682 1029 5753 Neap.

321 5748 431 5827 (l6)
466 5748 760 5816 ll’ic'loeus,
805 5748 1022 5822 Ἐπειδὴ
1054 5749 1112 5803 δὲ
1155 5762 1326 5817 usque
1354 5748 1421 5803 ad
1453 5751 1612 5805 verba
1641 5770 1653 5805 :
1685 5753 1805 5807 οὐδὲ

568 5848 838 5908 Parnm“
882 5846 996 5906 Gn.
1040 5842 1352 5905 LXXXIII.
2975 5855 3047 5916 38

1913 5541 2012 5604 τὰς
2040 5541 2161 5595 καθ’
2191 5542 2348 5644 ήμῷν
2388 5543 2685 5626 γενομένας
2724 5546 3034 5630 ἐπιϐουλάς,
3076 5558 3158 5631 est
3198 5550 3252 5605 in
3290 5552 3478 5622 synodi

1914 5611 1967 5666 5.
1997 5613 2179 5666 collat.
2213 5634 2266 5666 ι).
2297 5629 2351 5666 ιη
2378 5613 2545 5666 Μοηςι
2574 5614 2904 5666 Collectmne
2932 5620 3279 5666 nmnhsximn-
3317 5633 3354 5666 ι-
3388 5622 3476 5666 IX-

1913 5613 1967 5749 ἓ,
1997 5613 2179 5735 galli“.
2213 5613 2266 5678 5,
2297 5613 2351 5666 in
2378 5613 2545 5669 Mansi
2574 5614 2904 5673 Collectione
2932 5620 3281 5690 amplissima,
3317 5613 3354 5676 ἰ.
3387 5622 3478 5688 IX,
