3924 6192
557 291 695 360 1195
1543 272 2024 340 THEODUHETI
2067 266 2395 327 EI’ISCOPI
2437 266 2796 325 CYRENSIS
3625 263 3727 326 me

557 418 741 467 autem
762 406 904 460 lianc
932 417 1053 457 esse
1075 399 1336 463 arbitror,
1365 394 1570 449 indicio
1597 390 1744 446 enim
1766 394 1893 441 sunt
1918 380 2126 436 insidiae

2244 376 2488 439 τυνειδός.
2524 376 2693 430 Πάλαι
2742 375 2849 444 γὰρ
2887 371 2950 427 ἂν
2992 368 3297 440 αὐτόματος
3332 369 3574 441 ἀπέστην,
3612 375 3649 423 εί
3679 378 3729 444 μὴ

2228 469 2290 520 τὸ
2318 468 2458 521 θεῖον
2483 468 2704 520 ἐδεδίειν
2732 465 3032 538 κριτήριον.
3073 462 3182 515 Καὶ
3230 460 3325 513 νῦν
3360 457 3417 514 εὖ
3452 460 3565 524 tam,
3588 463 3729 518 δέσπο-

2229 576 2317 623 τα,
2366 559 2440 622 ὡς
2469 558 2567 628 τὴν
2601 558 2849 627 ἀνάγκην
2882 552 3195 625 προσμένω.
3226 550 3485 614 Πελάζειν
3510 552 3559 604 δὲ
3581 554 3731 625 ταύτην

2229 645 2402 717 οἶμαι·
2435 652 2724 720 τεκμηριοῖ
2745 647 2854 717 γὰρ
2891 646 2960 698 τὰ
2993 645 3355 715 τυρευόμενα.

557 517 679 573 qua:
708 504 1015 555 struuntur.

923 765 1087 820 XVII.
1122 792 1185 802 ——
1226 759 1471 815 Casianm
1504 757 1758 812 diacona'.

609 865 669 920 Si
688 860 897 918 doloris
921 854 1352 926 magnitudinem
1367 850 1537 905 solam
1556 855 1907 917 spectassem,
1922 842 2131 895 litteras

560 956 831 1023 tantisper
872 948 1231 1010 distulissem,
1270 956 1329 999 ut
1354 940 1604 997 subsidio
1639 938 1775 992 mihi
1804 946 2020 1004 tempus
2063 931 2131 985 ad

2611 738 2709 792 IZ'.
2731 768 2800 777 —
2831 734 3105 803 Κασιανῇ
3147 734 3424 796 διακόνῳ.

2303 833 2365 885 El
2406 832 2504 902 μὲν
2544 832 2624 893 είς
2668 829 2834 899 μόνην
2862 826 3127 899 ἀφεώρων
3158 827 3261 896 τὴν
3289 825 3382 879 τοῦ
3411 827 3594 890 πάθους
3612 830 3731 901 ὑπερ

2232 923 2419 994 ϐολὴν,
2443 920 2781 991 ἀνεϐαλόμην
2817 920 2882 974 ἂν
2898 920 3037 982 τέως
3077 918 3146 972 τὰ
3183 919 3503 987 γράμματα,
3525 919 3600 972 ἴνα
3624 921 3734 973 λάϐω

559 1045 905 1100 curationem
960 1039 1307 1095 asciscerem.
1350 1034 1457 1089 Sed
1496 1035 1625 1102 quia
1667 1037 1956 1101 perspecta
1996 1025 2132 1080 mihi

2244 1015 2327 1070 τὸν
2380 1016 2573 1086 χρόνον
2626 1015 2723 1083 τῆς
2772 1012 3069 1081 θεραπείας
3118 1010 3429 1081 ἐπίκουρον.
3486 1012 3729 1080 Ἐπειδὴῶ

558 1145 645 1191 est
691 1133 960 1204 sapientia
993 1131 1218 1201 pietatis
1249 1138 1374 1189 tuae,
1412 1124 1813 1180 consolatorios
1851 1134 2135 1175 sermones

563 1225 857 1279 admovere
887 1238 996 1276 non
1028 1220 1300 1283 dubitavi,
1326 1233 1463 1287 quos
1496 1215 1692 1285 partim
1720 1230 1750 1266 a
1774 1222 1971 1265 natura
1996 1210 2132 1279 ipsa,

562 1315 763 1386 partim
785 1328 814 1366 a
838 1312 1024 1367 divina
1048 1309 1329 1379 Scriptura
1353 1307 1540 1361 didici.
1566 1306 1699 1359 Nam
1722 1314 1779 1364 et
1801 1312 1996 1356 natura
2027 1299 2139 1353 fato

565 1416 649 1463 est
687 1404 943 1469 obnoxia,
987 1401 1471 1467 calamitatumque
1516 1393 1829 1466 hujusmodi
1872 1401 1985 1446 tota
2026 1390 2138 1443 vita

560 1499 728 1569 plena
760 1502 844 1549 est
884 1512 897 1546 :
929 1500 987 1547 et
1011 1491 1258 1546 omnium
1305 1478 1644 1551 moderator,
1688 1494 1978 1552 rectorque
2016 1479 2138 1535 uni-

566 1587 735 1652 versi,
766 1585 860 1655 qui
885 1583 1160 1652 sapienter
1195 1595 1284 1634 res
1311 1586 1527 1632 nostras
1549 1576 1829 1645 dispensat
1852 1571 2138 1635 Dominus,

566 1678 939 1737 omnimodam
958 1674 1120 1729 nobis
1142 1670 1573 1727 consolationem
1597 1682 1695 1736 per
1718 1664 1904 1719 divina
1923 1660 2141 1731 eloquia

2234 1109 2330 1178 τὴν
2348 1107 2671 1175 φιλοσοφίαν
2687 1104 2802 1158 οῖδα
2824 1104 2923 1171 τῆς
2950 1103 3047 1171 σῆς
3070 1101 3365 1169 θεοφιλίας,
3382 1102 3499 1163 τοὺς
3536 1120 3729 1173 παραμνο

2236 1197 2495 1267 θητικοὺς
2530 1196 2920 1265 προσενεγκεῖν
2976 1192 3262 1263 ἐθάρρησα
3314 1190 3515 1258 λόγους,
3557 1190 3637 1254 οὓς
3674 1195 3732 1245 καί

2237 1288 2389 1359 παρὰ
2432 1289 2532 1354 τῆς
2580 1286 2829 1355 φύσεως,
2870 1285 2965 1338 καὶ
3013 1284 3165 1354 παρά
3210 1287 3309 1352 τῆς
3346 1283 3487 1346 θείας
3522 1284 3735 1354 ἐδιδάχθην

2241 1379 2481 1450 Γραφῆς.
2515 1378 2591 1431 ’Ἡ
2621 1395 2680 1430 τε
2712 1376 2821 1448 γὰρ
2844 1376 3004 1445 φύσις
3038 1374 3099 1427 τὸ
3134 1374 3398 1445 ἐπίκηρον
3424 1373 3545 1443 ἔχει,
3568 1375 3733 1428 καὶτῶν

2237 1469 2496 1523 τοιούτων
2550 1468 2846 1539 συμφορῶν
2888 1466 3033 1529 ἆπας
3075 1469 3103 1519 ὁ
3144 1466 3259 1535 βίος
3310 1466 3514 1535 μεστός*
3554 1468 3630 1519 καὶ
3664 1469 3734 1518 τῶν

2241 1562 2377 1615 ὅλων
2424 1563 2451 1614 ὁ
2496 1561 2788 1630 Πρύτανις,
2820 1560 2913 1613 καὶ
2958 1559 3050 1613 τοῦ
3081 1559 3285 1622 παντὸς
3320 1560 3349 1611 ὁ
3389 1558 3735 1630 Κυϐερνήτης,ὀ

2244 1654 2422 1722 σοφῶς
2452 1654 2520 1705 τὰ
2565 1652 2685 1705 καθ’
2718 1652 2863 1721 ἡμᾶς
2893 1651 3250 1721 πρυτανεύων
3286 1652 3562 1721 Δεσπότης,
3589 1669 3733 1705 παντο·

570 1771 952 1829 subministrat
994 1786 1007 1820 :
1045 1774 1208 1835 atque
1253 1762 1452 1818 horum
1496 1757 1645 1828 pleni
1684 1763 1813 1810 sunt
1858 1766 2140 1807 sacrorum

2244 1744 2417 1815 δαπὴν
2448 1745 2578 1813 ἡμῖν
2618 1742 2705 1795 διὰ
2735 1743 2844 1795 τῶν
2875 1741 3032 1795 θείων
3063 1741 3263 1810 λογίων
3302 1743 3576 1814 προσφέρει
3612 1761 3734 1814 παρα-

570 1863 992 1934 Evangeliorum
1034 1856 1185 1920 libri,
1226 1854 1387 1923 plena
1421 1850 1737 1904 sanctorum
1765 1843 2141 1915 apostolorum

572 1932 797 2024 scripta,
856 1960 911 2005 et
960 1946 1405 2003 beatissimorum
1456 1939 1852 2009 prephetarum
1900 1932 2141 1989 oracula.

572 2023 1053 2115 Supervacaneum
1087 2043 1272 2090 autem
1300 2032 1557 2087 existimo
1587 2030 1691 2083 ista
1717 2026 1998 2095 colligere,
2034 2023 2149 2092 pie-

575 2135 784 2205 tatique
813 2140 921 2187 tua:
946 2132 1265 2199 suggerere,
1298 2138 1420 2194 quae
1444 2124 1552 2193 jam
1589 2118 1800 2189 pridem
1831 2115 2098 2170 divinitus
2130 2117 2145 2134 ·

581 2226 778 2282 adlatis
812 2222 1080 2278 innutrita
1117 2235 1177 2274 es
1203 2215 1447 2279 Litteris,
1476 2213 1543 2269 ad
1566 2226 1870 2280 earumque
1901 2223 2148 2262 normam

574 2318 742 2372 vitam
778 2324 924 2370 tuam
947 2308 1329 2379 composuisti,
1361 2316 1417 2361 et
1446 2304 1675 2359 alterius
1696 2300 2002 2369 disciplina:
2035 2314 2146 2353 non

575 2422 723 2477 eges.
758 2404 951 2471 Quaeso
996 2401 1162 2471 igitur
1205 2408 1266 2451 ut
1299 2397 1468 2453 verba
1521 2395 1611 2448 illa
1650 2391 1984 2453 recorderis,
2029 2404 2152 2457 qua:

577 2496 867 2554 affectibus
900 2492 1170 2548 dominari
1205 2505 1306 2544 nos
1337 2488 1551 2560 jubcnt,
1587 2497 1643 2539 et
1676 2484 1845 2537 vitam
1882 2480 2154 2550 spondent

582 2588 798 2659 1080
832 2593 1116 2645 aeternam,
1158 2587 1214 2633 et
1259 2577 1452 2632 mortis
1499 2574 1783 2629 interitum
1832 2570 2150 2640 praedicant,

578 2687 634 2733 et
668 2688 1014 2733 communem
1041 2669 1285 2725 omnium
1307 2664 1768 2721 resurrectionem
1802 2661 2150 2733 pollicentur.

578 2770 709 2825 Post
733 2768 851 2822 haec
883 2772 1090 2828 autem,
1132 2760 1244 2815 imo
1271 2773 1381 2829 pra:
1415 2757 1522 2820 his,
1561 2755 1853 2809 Dominum
1889 2768 2030 2815 esse,
2062 2752 2159 2821 qui

581 2861 698 2916 haec
747 2860 822 2913 ita
860 2855 979 2910 fieri
1024 2851 1208 2924 jussit,
1260 2858 1316 2905 et
1350 2846 1641 2902 Dominum
1688 2843 2153 2914 sapientissimum

582 2951 985 3021 optimumque,
1019 2944 1115 3013 qui
1148 2950 1205 2997 et
1231 2939 1479 3010 apprime
1508 2937 1663 2991 novit
1694 2935 1827 3005 quid
1862 2934 2153 2997 conducat,

582 3051 641 3096 et
664 3042 732 3095 ad
759 3041 865 3093 hoc
898 3039 1075 3106 ipsum
1101 3046 1328 3104 prorsus
1363 3045 1451 3085 res
1482 3028 1691 3098 dirigit.
1718 3028 1815 3081 Est
1836 3027 1983 3080 enim
2010 3041 2158 3079 mors

584 3132 859 3187 interdum
898 3128 1091 3181 melior
1120 3138 1282 3194 quam
1307 3122 1440 3187 vita,
1463 3128 1519 3176 et
1553 3134 1675 3188 qua:
1709 3118 1885 3172 tristis
1917 3117 2153 3182 videtur,

584 3223 790 3294 gratior
826 3219 894 3273 iis
932 3232 1052 3287 qua:
1088 3212 1331 3286 jucunda
1375 3210 1778 3265 existimantur.
1814 3207 2159 3277 Quapropter

585 3311 816 3382 accipiat
834 3309 1008 3379 pietas
1028 3315 1119 3361 tua
1143 3302 1471 3357 humilitatis
1486 3309 1687 3355 nostra:
1706 3299 2155 3362 consolationem,

589 3412 648 3458 ut
672 3401 1057 3457 universorum
1088 3394 1320 3449 Domino
1354 3392 1583 3458 servias,
1614 3407 1736 3461 qua:
1771 3392 2000 3446 molesta
2032 3401 2162 3446 sunt

586 3492 806 3549 fortiter
841 3489 1045 3553 ferens,
1085 3494 1141 3543 et
1188 3482 1550 3554 philosophiae
1582 3480 1803 3535 feminis
1849 3481 2058 3551 pariter
2097 3496 2161 3535 ac

586 3584 721 3640 viris
737 3579 1047 3649 exemplum
1067 3572 1788 3646 pmbens.Admirabuntur
1802 3572 1950 3627 enim
1971 3586 2162 3625 omnes

587 3672 789 3729 mentis
834 3666 1234 3732 fortitudinem,
1276 3679 1398 3734 qua:
1448 3663 1561 3717 vim
1592 3661 1799 3717 doloris
1842 3668 2162 3715 constanter

586 3761 885 3832 exceperit,
903 3775 966 3814 ac
980 3754 1525 3813 vehementissimum
1544 3752 1661 3822 ejus
1675 3751 1939 3821 impetum
1956 3749 2163 3820 magni-

590 3854 779 3909 tudine
836 3850 1007 3905 animi
1059 3847 1310 3920 fregerit.
1364 3843 1642 3899 Habemus
1682 3857 1849 3912 porro
1901 3842 2159 3897 solatium

591 3945 851 3998 idoneum
901 3939 1147 3995 defuncti
1203 3937 1293 3993 filii
1338 3936 1494 3990 vivas
1544 3933 1859 4003 imagines:
1899 3930 2161 3988 amabiles

590 4034 737 4088 enim
775 4034 986 4086 fructus
1032 4029 1195 4084 nobis
1226 4026 1466 4097 reliquit,
1506 4024 1601 4095 qui
1634 4023 1986 4079 immodicum
2022 4040 2159 4078 mm-

590 4140 770 4179 rorem
804 4122 1013 4193 possint
1042 4121 1362 4191 reprimere.
1388 4116 1470 4172 Ad
1497 4125 1804 4170 extremum
1826 4129 1946 4179 oro,
1979 4123 2036 4169 ut
2064 4114 2163 4169 tri-

588 4216 793 4271 stitiam
820 4213 1067 4282 corporis
1097 4210 1472 4267 imbecillitate
1496 4208 1744 4270 metiare,
1775 4215 1921 4261 etne
1953 4206 2163 4262 doloris

588 4321 816 4361 excessu
847 4303 1101 4359 morbum
1142 4316 1360 4371 augeas.
1395 4299 1507 4369 Ego
1544 4312 1676 4352 vero
1708 4298 2019 4364 Dominum,
2069 4300 2159 4353 cui

2243 1838 2442 1908 ψυχήν*
2480 1837 2573 1889 καί
2602 1835 2804 1888 τούτων
2853 1835 3048 1903 μεσταὶ
3089 1834 3191 1903 μὲν
3220 1833 3327 1886 τῶν
3362 1835 3513 1904 ἱερῶν
3548 1836 3731 1901 Εὐαγγέ-

2244 1929 2374 1982 λίων
2413 1928 2466 1979 αἱ
2500 1925 2691 1995 βίϐλοι,
2730 1925 2902 1994 μεστά
2924 1925 2979 1977 δὲ
3003 1925 3111 1977 τῶν
3141 1924 3317 1992 ἁγίων
3348 1924 3626 1978 ἀποστόλων
3648 1942 3733 1993 any-

2248 2021 2583 2093 γράμματα,
2634 2017 2727 2071 καὶ
2781 2015 2891 2068 τῶν
2942 2014 3358 2086 τρισμακαρίων
3406 2016 3654 2086 προφητῶν
3691 2018 3734 2068 τὰ

2257 2112 2621 2180 θεσπίσματα.
2681 2106 2938 2176 Περιττδν
2986 2105 3042 2157 δὲ
3100 2101 3256 2173 οἶμαι
3301 2104 3554 2174 συλλέγειν
3598 2107 3732 2167 ταῦτα,

2252 2201 2347 2256 καὶ
2388 2202 2453 2270 τῇ
2499 2201 2564 2269 σῇ
2598 2196 2932 2269 προσφέρειν
2959 2194 3266 2266 θεοσεϐείᾳ,
3314 2194 3504 2248 ἄνωθεν
3536 2198 3628 2258 τοῖς
3653 2196 3733 2247 θεοο

2254 2289 2537 2349 πνεύστοις
2561 2283 2974 2356 ἐντεθραμμένῃ
2999 2282 3201 2350 λόγοις,
3234 2284 3325 2334 καὶ
3362 2282 3484 2353 πρὸς
3508 2285 3656 2336 ἐκεῖνα
3676 2285 3733 2335 τὸν

2252 2383 2450 2435 οἰκεῖον
2491 2376 2809 2448 ρυθμισάσῃ
2838 2374 2972 2444 βίον,
3010 2375 3103 2427 καὶ
3140 2373 3476 2436 διδασκαλίας
3510 2375 3664 2443 ἐτέρας
3685 2377 3731 2443 μὴ

2252 2470 2502 2540 δεομένῃ.
2539 2466 2851 2537 Παρακαλῶ
2904 2466 3081 2518 τοίνυν
3129 2465 3357 2518 ἐκείνων
3406 2465 3731 2535 ἀναμνησθῆναι

2253 2562 2359 2615 τῶν
2398 2560 2594 2628 λόγων,
2637 2559 2687 2611 οἳ
2736 2559 2831 2612 καὶ
2879 2558 2988 2610 τῶν
3030 2557 3221 2610 παθῶν
3274 2555 3611 2627 παρεγγυῶσιν
3643 2558 3729 2625 ἠμί)

2255 2656 2499 2727 κρατεῖν,
2556 2654 2651 2706 καί⁵
2702 2652 2802 2722 τὴν
2847 2650 3066 2705 αἰώνιον
3099 2648 3475 2718 ὑπισχνοῦνται
3516 2647 3646 2715 ζωὴν,
3674 2647 3730 2698 καὶ

2254 2746 2350 2802 τοῦ
2398 2744 2632 2799 Θανάτου
2662 2740 2991 2813 κηρύττουσι
3013 2740 3112 2811 τὴν
3136 2740 3448 2801 κατάλυσιν,
3465 2738 3634 2807 χαίτην
3658 2755 3728 2789 χοι-

2256 2838 2353 2909 νὴν
2409 2838 2627 2890 πάντων
2670 2833 2828 2905 ἡμῶν
2882 2832 3179 2885 ἀνάστασιν
3247 2831 3639 2901 ἐπαγγέλλονταιο
3668 2830 3728 2880 καί

2258 2930 2395 3001 πρὸς
2440 2927 2669 2988 τούτοις,
2709 2923 2908 2994 μᾶλλον
2950 2923 3005 2976 δὲ
3035 2922 3139 2991 πρὸ
3181 2922 3399 2989 τούτων,
3430 2924 3503 2976 ὅτι
3532 2920 3726 2984 Arsiam;

2260 3019 2288 3070 ὁ
2334 3016 2513 3069 ταῦτα
2566 3014 2708 3067 οὕτω
2762 3012 3016 3082 γενέσθαι
3067 3012 3353 3077 κελεύσας,
3407 3014 3490 3066 καὶ
3531 3012 3727 3077 Δεσπότης

2265 3108 2574 3178 σοφώτατός
2624 3124 2684 3160 τε
2738 3106 2834 3160 καὶ
2885 3104 3262 3175 ἁγαθώτατος,
3318 3107 3406 3159 καὶ
3437 3106 3489 3158 τὸ
3527 3102 3727 3171 συμφέρον

2259 3200 2505 3271 ἀκριϐῶς
2552 3198 2932 3269 ἐπιστάμενος,
2988 3198 3081 3251 καὶ
3114 3198 3253 3269 πρὸς
3288 3197 3437 3252 τοῦτο
3461 3196 3632 3254 πάντως
3656 3190 3725 3243 ίθὺ-

2259 3311 2366 3346 νων
2398 3290 2466 3344 τὰ
2503 3292 2823 3361 πράγματα.
2868 3290 3023 3343 Ἐστι
3062 3289 3177 3361 γὰρ
3210 3292 3297 3344 ὅτε
3336 3289 3537 3348 θάνατος
3562 3284 3724 3353 ἀμείνων

2261 3383 2428 3452 ζωῆς,
2461 3382 2555 3437 καὶ
2586 3385 2613 3435 ό
2641 3381 2811 3435 δοκῶν
2858 3380 3079 3451 ἀνιαρὸς
3124 3380 3241 3433 τῶν
3293 3378 3610 3450 νομιζομένων
3644 3390 3723 3440 τερα

2260 3478 2410 3529 πνῶν
2457 3474 2570 3547 (15)
2618 3472 3043 3544 θυμηρέστερος.
3088 3471 3341 3537 Δεξάσθω
3393 3469 3545 3523 τοίνυν
3584 3468 3608 3534 ἠ
3646 3464 3720 3515 θευ-

2263 3568 2451 3621 σέϐειὰ
2490 3582 2582 3618 σου
2620 3565 2715 3634 τῆς
2743 3563 2879 3633 ἐμῆς
2908 3563 3289 3627 ταπεινώσεως
3318 3563 3409 3632 τὴν
3443 3558 3715 3629 παράκλησιν,

2263 3660 2349 3713 ἵνα
2386 3658 2479 3712 τὸν
2522 3657 2629 3709 τῶν
2667 3655 2802 3709 ὅλων
2851 3653 3203 3725 θεραπεύσῃς
3242 3652 3515 3722 Δεσπότην,
3539 3646 3721 3717 γενναίως

2260 3748 2561 3818 ἐνεγκοῦσα
2592 3748 2661 3801 τὰ
2700 3744 2922 3816 λυπηρά
2943 3787 2959 3810 ,
3012 3745 3105 3799 καὶ
3136 3744 3381 3813 γυναιξὶν
3421 3739 3535 3811 ὁμοῦ
3566 3738 3635 3789 καὶ
3663 3735 3717 3784 ἀν-

2260 3842 2418 3913 δράσι
2451 3839 2768 3909 φιλοσοφίας
2802 3837 3110 3907 ὑπόδειγμα
3130 3837 3414 3907 γενομένη.
3438 3830 3717 3901 Θαυμὰσονται

2261 3932 2371 4004 γὰρ
2408 3930 2645 3993 ἅπαντες
2682 3928 2776 3982 τοῦ
2823 3927 3085 3997 λογισμοῦ
3112 3927 3227 3999 τὴν
3259 3926 3484 3997 ἀνδρίαν,
3512 3917 3716 3987 δεξαμένῖν

2261 4024 2527 4093 γενναίως
2561 4020 2654 4074 τοῦ
2702 4019 2909 4082 πάθους
2944 4019 3044 4089 τὴν
3079 4017 3400 4089 προσϐολὴν,
3440 4014 3522 4067 καὶ
3543 4012 3617 4079 τὴν
3636 4020 3713 4067 σᾷιι·

2261 4116 2525 4188 δροτάτην
2563 4111 2728 4167 αὐτοῦ
2752 4110 3079 4165 διαλύσασαν
3105 4112 3128 4161 ὲ
3138 4106 3339 4181 μεολὴν
3364 4111 3426 4177 τῇ
3451 4095 3714 4187 μεγαλοψυχίξ

2260 4180 2362 4278 III;
2409 4180 2655 4277 γνῶμης-
2691 4204 2925 4273 Ἐχομεν
2959 4202 3015 4256 δὲ
3047 4180 3402 4272 ψυχαγωγίαν
3430 4180 3715 4266 ἀρκοῦσαν,τεῦ

2262 4297 2650 4369 κατοιχομένου
2683 4295 2871 4358 παιδὸς
2888 4295 2985 4357 τὰς
3012 4293 3194 4357 ζώσας
3221 4294 3444 4352 εἰκόναςο
3468 4282 3713 4352 ἀξιεράστωξ

587 4398 768 4454 facilia
803 4404 932 4452 sunt
965 4395 1169 4458 omnia,
1203 4406 1420 4463 precor,
1472 4397 1532 4445 ut
1568 4390 1959 4445 consolationis
2001 4405 2151 4446 occa-

2263 4393 2372 4465 γάρ
2413 4392 2547 4460 ἡμῖν
2598 4388 2844 4458 καρποὺς
2885 4384 3297 4448 καταλέλοιπεν,
3346 4378 3527 4433 παῦσαι
3566 4362 3714 4429 Magi-

587 4492 769 4545 siones
803 4487 994 4558 pietati
1033 4494 1138 4539 tua:
1170 4481 1506 4553 suppeditet.

586 4552 872 4643 ἀντιϐολῶ,
908 4578 1004 4643 καὶ
1040 4580 1106 4647 τῇ
1157 4552 1253 4628 τού
1299 4573 1551 4645 σώματος
1592 4573 1847 4647 ἀσθενείᾳ
1887 4578 2156 4648 μετρῆσαι
2207 4581 2307 4651 τὴν
2365 4574 2564 4643 λύπην,
2601 4575 2697 4625 καὶ
2733 4568 2808 4640 μὴ
2869 4566 3102 4636 αὐξῆσαι
3147 4566 3216 4618 τὰ
3268 4562 3406 4630 πάθη
3435 4559 3492 4625 τῇ
3538 4552 3608 4617 τῆς

2269 4454 2391 4546 νοὸς
2431 4454 2531 4549 τῆς
2568 4454 2860 4548 ἀχθηδόνος
2910 4473 3007 4544 τὴν
3041 4473 3326 4543 ἀμετρίαν,
3361 4468 3487 4538 Πρὸς
3515 4462 3557 4513 δὲ
3580 4454 3712 4589 τοςτῦοις

2365 4574 2425 4589 ..
2671 4575 2688 4589 ι
2738 4568 2804 4589 __.
3149 4566 3215 4589 ,λ
3268 4562 3404 4589 ὦ-
3435 4559 3491 4589 ,ε
3538 4545 3710 4589 ﬁt“

3634 4558 3710 4593 1U‘J‘

591 4676 714 4746 μίας
753 4640 1047 4742 ὑπερϐολῇ.
1081 4627 1234 4735 ⁸εΕγὼ
1261 4664 1317 4718 δὲ
1381 4627 1476 4718 ἶτὸν
1538 4632 1843 4736 εὐμήχανον
2199 4627 2513 4735 ἀεισπότηνί
2553 4627 2857 4727 παρασχεῖν
2900 4627 3007 4709 σου.
3052 4655 3121 4723 τῇ
3175 4627 3441 4715 θεοσεϐείᾳ
3485 4627 3709 4709 «aperiant;

585 4765 862 4838 ἀφορμάς.

1032 4851 1217 4907 XVIII.
1246 4880 1317 4889 —
1344 4847 1702 4920 prtofemo.

654 4946 794 5004 Cum
823 4946 879 4999 in
902 4944 1146 5007 divinam
1171 4943 1348 5012 legem
1379 4940 1569 4994 oculos
1603 4941 1859 5009 coniicio,
1897 4958 2019 5011 qua:
2056 4959 2159 4996 nu-

590 5038 719 5111 ptiis
760 5037 1083 5106 conjunctos
1124 5047 1341 5087 carnem
1385 5045 1548 5106 unam
1596 5039 1777 5094 vocat,
1823 5033 2010 5087 nescio
2045 5048 2157 5101 quo

588 5139 752 5204 pacto
775 5126 1047 5184 consolari
1082 5123 1388 5179 membrum
1424 5122 1586 5175 liceat
1616 5121 1763 5191 quod
1798 5123 2040 5179 sectione
2070 5125 2157 5178 di-

590 5225 767 5279 visum
791 5225 883 5273 est
917 5237 929 5270 :
968 5215 1174 5270 doloris
1206 5214 1352 5270 enim
1386 5212 1817 5282 magnitudinem
1852 5215 2163 5270 considero.

587 5314 726 5368 Cum
758 5323 894 5365 vero
916 5317 1123 5369 natura:
1145 5318 1366 5361 cursum
1398 5306 1596 5375 cogito,
1620 5314 1676 5358 et
1698 5304 1977 5358 decretum
2008 5305 2160 5368 illud,

589 5404 736 5472 quod
757 5401 987 5455 Creator
1006 5396 1406 5466 pronuntiavit,
1442 5414 1459 5445 ι
1492 5395 1659 5449 Terra
1683 5408 1763 5457 es,
1799 5393 2007 5462 1081
2034 5401 2090 5447 et
2110 5393 2162 5447 in

594 5506 793 5551 terram
808 5493 1182 5557 reverteﬁs”,
1207 5511 1226 5544 ›
1249 5500 1305 5545 et
1318 5505 1382 5545 ea
1399 5504 1519 5559 qua:
1536 5485 1741 5555 ubique
1757 5484 2001 5555 gentium
2020 5491 2164 5539 terra

662 5614 705 5643 ’⁸
748 5612 885 5665 Gen.
911 5627 990 5672 ιιι,
1027 5609 1112 5662 19.

665 5698 774 5767 (15)
810 5697 925 5748 ὲστί
958 5694 1107 5747 addit
1139 5697 1307 5764 Neap.

2734 4844 2843 4899 IH'.
2867 4870 2938 4881 -—
2958 4836 3369 4905 Νεοπτολέμῳ.

2338 4942 2507 4992 Ὅταν
2535 4939 2614 4999 εἰς
2634 4935 2726 4988 τόν
2745 4934 2888 4988 θεῖον
2915 4931 3204 5001 ἀποὸλέψω
3224 4903 3397 4997 νόμον,
3423 4923 3474 4982 ὃς
3488 4916 3624 4983 σάρκα
3638 4903 3711 5001 μῖξῖ

2265 5033 2390 5094 τοὺς
2420 5030 2582 5099 γάμῳ
2613 5026 2727 5097 (16)
2762 5024 3199 5094 συναπτομένους
3232 5019 3398 5077 καλεί,
3428 5013 3512 5066 οὐκ
3538 4993 3709 5099 ollius.“

2266 5085 2451 5192 τράέτιρ
2486 5085 2871 5187 θίν’χοὶγωγήσω
2896 5114 2956 5167 τδ
2988 5085 3145 5181 ίλέλος
3177 5112 3237 5163 τδ
3261 5113 3322 5179 τῇ
3368 5104 3490 5173 τομῇ

2267 5178 2684 5280 λογίζομαιΙγάνρ
2716 5178 2816 5275 τῆς
2849 5178 3039 5272 ὀδύνης
3078 5206 3138 5255 τὸ
3179 5198 3417 5271 μέγεθος.
3447 5178 3707 5280 “ﬂuvii-77.?

2267 5304 2482 5370 φύσεως
2533 5300 2768 5369 ὲννοήσω
2814 5296 2905 5348 τὸν
2943 5295 3160 5366 δρόμον,
3190 5292 3280 5345 καὶ
3323 5288 3407 5341 τὸν
3432 5286 3535 5351 ὅρον
3557 5270 3701 5370 mittat.

2266 5359 2325 5444 δν
2355 5394 2383 5444 ὁ
2413 5359 2749 5459 Δημιουργὸς
2784 5359 3097 5455 ἐξενήνοχεν
3139 5381 3323 5436 εἰπών·
3353 5399 3370 5430 ι
3404 5375 3467 5441 Γῆ
3488 5366 3543 5431 εἴ,
3660 5359 3703 5410 εέέ

2269 5482 2371 5552 γῆν
2406 5452 2701 5553 ἀπελεύσῄ·
2748 5498 2765 5530 ι
2800 5479 2895 5530 καὶ
2922 5452 2986 5530 τὰ
3018 5452 3288 5546 πανταχοῦ
3316 5472 3408 5540 γῆς
3434 5452 3700 5520 καὶθαλάττηὶ

2346 5686 2453 5759 (16)
2487 5687 2634 5757 νόμῳ
2667 5685 2831 5739 liabet
2861 5684 3032 5739 codex
3066 5670 3485 5738 Vindobonensis.
