3924 6192
426 259 559 326 1137

1749 273 2109 338 EPISTOLA
2161 281 2294 341 XXI
2304 329 2318 343 .

3532 304 3664 375 1198

422 371 544 424 καθ’
571 371 804 442 ἑκάστην
831 371 1039 443 ἡμέραν
1069 375 1329 445 γινὸμενα
1351 377 1405 448 (ἢ
1435 377 1541 450 γάνρ
1573 380 1762 453 ἄνδρες
1798 385 1945 455 πρὸτε

2052 417 2062 446 ι
2096 393 2341 462 marique
2369 395 2616 464 quotidie
2652 401 2994 474 contingunt,
3029 421 3154 461 cum
3187 421 3281 465 aut
3312 415 3526 483 priores
3560 424 3661 480 viri

421 479 516 533 ρον
561 459 654 514 τοῦ
694 459 808 531 βίου
855 461 916 514 τὸ
943 463 1124 535 τέρμα.
1171 467 1700 539 καταλαμϐάνουσιν,
1745 476 1989 546 ῆγυναῖ-

418 569 514 616 κες
535 551 688 605 τοῦτο
708 553 976 623 πάσχουσι
1001 557 1305 632 πρότεραι),
1329 562 1526 627 πολλάς
1554 566 1801 621 ἐντεῦθεν
1816 571 1988 640 ἀφορ-

420 642 528 712 μάς
550 644 630 705 είς
654 642 1011 714 ψυχαγωγίαν
1037 647 1296 720 εὑρίσκω
1320 653 1456 724 πρὸς
1477 655 1683 719 τούτοις
1708 658 1807 721 τὰς
1838 662 1987 731 παρά

413 732 508 787 τοῦ
558 734 693 788 Θεοῦ
730 736 825 788 καὶ
860 739 1112 810 Σωτῆρος
1155 742 1312 813 ημῶν
1367 749 1810 818 παρασχεθείσας
1857 755 1987 823 ἡμῖν

411 821 655 887 ἐλπίδας·
679 823 871 878 τούτου
898 827 1006 896 γάρ
1035 829 1097 901 δὴ
1129 831 1286 903 χάριν
1319 833 1381 886 τὸ
1402 835 1500 906 τῆς
1526 839 1834 911 οἰκονομίας
1869 821 1984 895 ἔτε-

410 909 575 983 λέσθη
615 917 932 986 μυστήριον,
976 917 1063 973 ἴνα
1101 922 1194 973 τοῦ
1237 921 1466 978 Θανάτου
1499 927 1597 998 τὴν
1641 929 1850 985 παῦλαν
1885 951 1983 1004 με-

413 1000 736 1070 μαθηκότες,
769 1003 844 1075 μὴ
888 1003 1007 1058 λίαν
1053 1008 1308 1080 ἀλγῶμεν
1341 1016 1407 1084 τῇ
1460 1013 1569 1068 τῶν
1630 1000 1994 1090 ποθουμένων

409 1091 768 1163 χωριζόμενοι
792 1094 1038 1168 τελευτῇ,
1073 1099 1209 1155 άλλά
1238 1102 1337 1174 τὴν
1368 1107 1696 1180 τριπόθητον
1721 1111 1822 1181 τῆς
1853 1114 1980 1167 ἁνα-

411 1183 652 1248 στάσεως
689 1184 878 1238 ἐλπίδα
908 1190 1327 1264 προσμένωμεν.
1359 1196 1543 1253 Ταῦτά
1577 1217 1670 1254 σου
1709 1201 1810 1274 τὴν
1848 1203 1976 1258 θαυ-

409 1275 714 1347 μασιὸτητα
759 1280 856 1332 καὶ
892 1279 1208 1348 λογίσασθαι
1250 1289 1576 1360 παρακαλῶ,
1621 1294 1716 1347 καὶ
1759 1296 1976 1366 νικῆσαι

405 1365 504 1435 τῆς
553 1367 790 1439 ἀθυμίας
839 1371 900 1425 τὸ
935 1372 1125 1438 πάθος·
1159 1378 1398 1447 μάλιστα
1443 1383 1550 1436 τῶν
1597 1386 1792 1441 κοινῶν
1821 1365 1976 1459 ὑμῶν

402 1457 612 1512 κλάδων
660 1463 755 1516 καὶ
799 1464 1103 1536 παρόντων,
1138 1471 1232 1524 καὶ
1273 1474 1454 1527 πᾶσαν
1483 1476 1613 1547 ὑμῖν
1639 1457 1974 1551 ποριζόντων

401 1551 730 1622 παραφυχῆς
758 1555 1033 1628 ἀφορμήν.
1077 1558 1438 1634 ’Υμνήσωμεν
1466 1569 1648 1623 τοίνυν
1675 1571 1766 1626 τὸν
1796 1572 1973 1643 σοφῶς

2092 481 2254 537 ﬁnem
2285 485 2407 541 vita:
2441 490 2770 559 sortiuntur,
2797 503 2891 548 aut
2919 498 3180 556 uxoribus
3211 481 3353 559 idem
3385 509 3538 576 prius
3567 530 3662 570 ac-

2090 571 2243 638 cidit,
2267 576 2469 631 multas
2484 577 2610 634 inde
2625 584 3017 642 consolationis
3039 604 3232 647 causas
3251 591 3474 652 invenio
3497 618 3510 666 ;
3539 611 3656 659 tum

2088 662 2286 720 deinde
2318 682 2443 736 spes
2466 671 2682 728 nobisa
2713 675 2825 730 Deo
2859 687 2914 732 et
2949 677 3229 739 Salvatore
3256 696 3446 744 nostro
3482 662 3655 750 datas.

2087 755 2262 826 Hujus
2312 760 2459 814 enim
2519 764 2598 817 rei
2646 768 2820 835 gratia
2884 768 3276 833 incarnationis
3335 786 3655 852 mysterium

2085 859 2368 916 peractum
2401 862 2486 906 est
2508 864 2587 920 ut,
2615 859 2807 914 mortis
2829 875 3025 919 occasu
3057 868 3297 937 cognito,
3323 887 3433 927 non
3463 877 3656 933 admo-

2085 936 2216 992 dum
2264 940 2549 998 doleamus
2581 961 2706 1000 cum
2744 949 2798 1003 in
2846 954 3146 1011 amicorum
3179 970 3355 1016 morte
3386 963 3655 1040 disjungi-

2082 1043 2228 1093 mur,
2263 1030 2360 1084 sed
2393 1033 2792 1101 optatissimam
2819 1045 2835 1059 ‘
2868 1047 3293 1106 resurrectionis
3325 1067 3477 1122 spem
3510 1073 3652 1127 prac-

2080 1118 2365 1175 stolemur.
2410 1121 2539 1178 Hinc
2584 1139 2685 1179 oro
2733 1138 2793 1182 ut
2835 1136 3150 1200 praestantia
3191 1147 3285 1194 tua
3316 1145 3650 1212 consideret,

2078 1224 2144 1264 ac
2177 1211 2415 1268 tristitia:
2442 1215 2645 1270 malum
2683 1220 2864 1277 vincat
2899 1241 2914 1277 :
2952 1231 3256 1294 prwscrtim
3294 1248 3417 1290 cum
3453 1253 3652 1308 praesto

2076 1299 2188 1354 sint
2214 1316 2533 1361 communes
2558 1310 2692 1362 rami
2719 1313 2906 1379 vestri,
2931 1331 3262 1389 omnemque
3287 1325 3444 1382 vobis
3469 1330 3648 1384 solatii

2075 1392 2420 1448 occasionem
2445 1398 2748 1469 porrigant.
2779 1403 2936 1458 Illum
2953 1423 3088 1479 ergo
3117 1412 3401 1471 laudemus
3429 1421 3522 1489 qui
3558 1437 3645 1475 sa-

2071 1481 2291 1550 pienter
2325 1501 2414 1541 res
2443 1498 2658 1546 nostras
2688 1494 2980 1563 gubernat,
3030 1517 3134 1556 nec
3163 1504 3474 1565 immodicis
3503 1512 3646 1567 ﬂeti-

2075 1571 2180 1626 bus
2209 1573 2511 1634 irritemus.
2544 1580 2900 1651 Novitenim,
2951 1597 3012 1643 ut
3067 1595 3304 1663 sapiens,
3333 1600 3465 1668 quid
3505 1603 3638 1656 utile

398 1640 468 1698 τὰ
495 1643 617 1697 καθ’
638 1647 788 1716 ἡμᾶς
821 1649 1196 1720 κυϐερνῶντα,
1227 1655 1320 1708 καὶ
1361 1658 1436 1728 μὴ
1479 1640 1880 1734 παροξύνωμεν⁷
1905 1670 1945 1735 τῆ

2885 1640 2899 1651 υ
2958 1640 3009 1643 ν’
3067 1640 3304 1663 --νη-’νν
3333 1640 3465 1668 Ὶ“““¹“

2072 1664 2166 1730 sit,
2201 1675 2365 1738 atque
2387 1671 2444 1726 id
2471 1671 2650 1744 ipsum
2681 1678 2861 1745 nobis,
2895 1690 2954 1735 ut
2988 1683 3185 1751 bonus,
3219 1703 3498 1756 procurat.

397 1731 506 1784 τῶν
543 1734 797 1806 ὀδυρμῶν
827 1741 1086 1814 ἀμετρίᾳ.
1114 1739 1234 1798 Οἵδε
1272 1746 1401 1818 γὰρ,
1437 1749 1512 1815 ὡς
1541 1755 1721 1823 σοφὸς,
1744 1731 1806 1809 ἰδ
1840 1731 1973 1829 cup:
2002 1735 2044 1790 Β

400 1820 590 1892 φέρον,
626 1827 723 1880 καὶ
756 1828 831 1892 ὡς
860 1831 1064 1915 ἀγαθὸς
1084 1834 1240 1889 τοῦτο
1261 1839 1396 1909 ἡμῖν
1423 1820 1896 1914 πραγματεύεται.

709 1942 822 1995 18'.
849 1969 910 1981 -
935 1943 1226 2014 Βασιλείᾳ)
1255 1955 1650 2025 πρεσϐυτέρῳ.

463 2047 716 2104 Τοιοῦτον
745 2055 878 2123 ἡμῖν
921 2057 1122 2126 ἔδειξεν
1160 2065 1192 2135 ἡ
1232 2069 1398 2139 πεῖρα
1423 2069 1513 2122 τὸν
1538 2073 1967 2146 ἐλλογιμώτατον

402 2137 719 2196 Ἀθανάσιον
765 2145 857 2200 τὸν
899 2151 1123 2222 ῥήτορα,
1165 2137 1346 2211 ὁποῖον
1382 2159 1547 2233 ἔφησε
1581 2137 1680 2235 τῆς
1719 2137 1815 2237 σῆς
1850 2165 1965 2221 θεο-

391 2228 607 2294 σεΰείας
647 2233 718 2287 τὰ
755 2237 1081 2310 γράμματα.
1137 2247 1350 2318 Κοσμεῖ
1523 2228 1686 2309 αὐτοῦ
1732 2228 1831 2329 την
1859 2259 1964 2329 μὲν

385 2319 630 2386 γλῶτταν
683 2326 712 2378 ὁ
762 2327 938 2397 λόγος,
981 2336 1071 2388 τὸν
1110 2337 1164 2390 δὲ
1211 2340 1368 2409 λόγον
1416 2319 1717 2417 ὁντρόποςο
1742 2319 1878 2422 ὁμού
1906 2354 1962 2408 δὲ

384 2410 562 2466 πάντα
602 2413 910 2488 λαμπρύνει
952 2422 1013 2476 τὸ
1052 2425 1155 2495 τῆς
1187 2429 1425 2494 πίστεως
1451 2410 1674 2506 χρῆμαξ
1711 2410 1823 2494 Ἀεὶ
1846 2445 1957 2497 τοί-

385 2517 479 2554 νυν
526 2504 659 2574 ήμῖν
703 2510 928 2564 τοιαῦτα
978 2516 1251 2584 προξένει,
1299 2518 1701 2590 θεοφιλέστατε.
1751 2533 1958 2606 Πολλῆς

381 2594 512 2662 γὰρ,
558 2593 616 2648 εὖ
662 2597 790 2664 ἴσθι,
833 2602 917 2656 διὰ
959 2609 1188 2678 ταυτησὶ
1221 2610 1320 2680 τῆς
1367 2619 1652 2684 συνουσίας
1689 2622 1956 2696 θυμηδίας

380 2683 529 2758 ἡμᾶς
561 2685 758 2761 ὲνέπλη
767 2708 885 2755 σας.

689 2803 768 2853 K’.
802 2831 831 2841 —
855 2832 868 2842 ι
894 2808 1204 2876 Μαρτυρῖῳ
1240 2820 1632 2891 πρεσϐυτέρῳ.

461 2905 704 2976 Ἦγεῖται
751 2913 850 2983 μὲν
875 2917 907 2986 ή
934 2918 1091 2986 φύσις
1114 2921 1190 2985 ὠς
1215 2928 1558 3002 πρεσϐυτέρα
1578 2935 1679 3006 τῆς
1703 2939 1945 3014 γνώμηςο

375 2996 503 3065 νικᾷ
537 2997 593 3049 δὲ
638 3001 736 3070 τὴν
768 3002 928 3070 φύσιν
961 3007 994 3077 ἠ
1029 3007 1252 3080 γνώμη·
1283 3015 1376 3067 καὶ
1414 2996 1607 3074 τούτου
1634 2996 1944 3099 ’τεκμήριον

378 3085 605 3156 ἐναργὲς
638 3092 665 3143 ὁ
701 3091 1130 3166 ἐλλογιμώτατος
1181 3101 1495 3172 Ἀθανάσιος
1530 3112 1559 3164 ὁ
1594 3085 1939 3186 ῥήτωρλύο

375 3173 484 3243 χῶν
534 3177 640 3248 γὰρ
674 3184 910 3252 πατρίδα
963 3186 1062 3258 τὴν
1101 3191 1391 3260 Αἴγυπτον,
1431 3199 1493 3250 ού
1547 3173 1806 3270 μετελαθε
1847 3213 1944 3279 τῆς

371 3265 465 3318 τοῦ
523 3267 707 3334 ἔθνους
748 3272 1104 3349 θρασύτητος,
1146 3281 1279 3337 ἀλλὰ
1321 3265 1589 3360 πραότητι
1621 3296 1709 3348 τὸν
1741 3265 1942 3368 τρόπον

371 3355 654 3424 ἐκέρασεν.
693 3363 852 3418 Ἐστι
893 3365 1072 3423 δὲκαὶ
1114 3371 1221 3426 τῶν
1264 3375 1424 3431 θείων
1458 3380 1788 3453 θερμότατος
1810 3392 1940 3461 ἐρα-

370 3448 522 3518 στής.
553 3453 654 3504 Διά
685 3470 768 3506 τοι
810 3456 970 3510 τοῦτο
1014 3461 1108 3514 καὶ
1152 3465 1370 3533 πλείους
1407 3473 1538 3540 ἡμῖν
1583 3477 1939 3550 συνδιήγαγεν

367 3538 473 3608 ήμέ
479 3558 601 3611 ρας,
619 3542 801 3614 ὄνησιν
817 3547 1064 3605 ἐντεῦθέν
1083 3570 1202 3608 τινα
1220 3557 1517 3628 δρέψασθαι
1540 3568 1933 3642 προσδοκήσας.

379 3629 522 3698 Ἐγὼ
536 3633 614 3699 δὲ,
643 3635 719 3698 ὡς
743 3631 920 3706 οἶσθα,
951 3643 1352 3716 θεοφιλέστατε,
1372 3654 1466 3706 καὶ
1489 3629 1618 3726 παρ’
1635 3629 1838 3732 ἐτέρων
1860 3629 1928 3718 τά

363 3723 586 3778 τοιαῦτα
640 3728 914 3799 συλλέγειν
957 3735 1101 3790 ὀκνῶ
1121 3756 1132 3768 ο
1173 3741 1426 3798 τοσοῦτον
1455 3747 1672 3804 ἀποδέω
1701 3752 1792 3806 τού
1823 3759 1932 3822 τοῖς

363 3813 701 3886 προθυμοῡσι
750 3823 1109 3891 μεταδιδόναι.
1172 3834 1247 3886 Οὐ
1303 3839 1658 3909 σμικρολογία
1716 3813 1929 3915 μέντοι,

358 3903 475 3956 ἀλλ’
527 3906 729 3980 ἀπορία
761 3911 919 3966 τοῦτο
950 3916 1150 3972 κωλύει
1177 3926 1373 3983 ποιεῖν.
1402 3927 1663 3994 Εύξάσθω
1692 3937 1872 3993 τοίνυν
1897 3941 1929 4011 η

355 3993 569 4067 ὁσιότης
627 4016 719 4055 σου
773 4003 871 4075 τὴν
909 4009 1038 4078 περὶ
1081 4012 1238 4082 ήμῶν
1275 4015 1429 4082 δόξαν
1458 4021 1836 4099 ἐμπεδωθῆναι
1860 3993 1926 4103 vii

355 4082 583 4158 ἀληθείᾳ
605 4104 617 4116 ’
668 4089 755 4145 ἵνα
787 4095 860 4165 μὴ
911 4099 1073 4168 μόνον
1099 4101 1326 4174 λέγηταί
1359 4125 1410 4160 τι
1444 4082 1570 4184 περὶ
1597 4082 1754 4186 ἡμῶν

352 4173 594 4244 έπαινον,
625 4180 762 4235 ἀλλὰ
793 4189 885 4240 καὶ
917 4173 1384 4265 μαρτυρῆταιτοῖς
1405 4173 1606 4272 ἔργοις.

689 4322 818 4374 txA'.
843 4353 910 4363 -—
929 4327 1197 4396 Εὐσεὸίῳ
1217 4341 1622 4408 σχολαστικῷ.

415 4425 479 4477 Oi
537 4428 634 4496 μὲν
689 4432 788 4501 τὴν
839 4437 1104 4510 μεγίστην
1174 4448 1382 4519 ταύτην
1456 4459 1915 4530 κατασπείραντες

345 4514 554 4587 φήμην,
591 4521 847 4594 ᾠήθησαν
874 4530 1045 4606 ταύτῃ
1076 4537 1290 4604 πάντως
1308 4544 1547 4602 ἀνιάσειν
1582 4553 1750 4622 ἡμᾶς,
1791 4557 1920 4610 δυσ-

343 4605 571 4676 άγγελον
617 4615 782 4687 αὐτὴν
828 4621 967 4690 ἄγαν
1023 4629 1398 4702 ὑπειληφότες.
1464 4605 1654 4709 Ἡμεῖς
1709 4605 1914 4713 ε’ὲξὲξά

339 4698 440 4770 τὴν
466 4699 614 4756 θείαν
635 4709 810 4779 χάριν,
841 4716 933 4768 καὶ
958 4716 1056 4789 τὴν
1079 4698 1268 4794 φήμην
1289 4698 1570 4796 ἀσπασίως
1592 4698 1911 4808 ἐδεξάμεθα,

1141 4789 1172 4792 ν-
1223 4789 1235 4794 -
1550 4789 1566 4796 -
1687 4789 1911 4808 ν-ίΓ--ντν

338 4789 434 4844 καὶ
460 4793 558 4864 τὴν
598 4800 793 4869 πεῖραν
828 4806 1078 4876 ἀσμένως
1129 4818 1535 4887 προσμένομενο
1585 4827 1676 4879 καὶ
1732 4831 1914 4883 πᾶνὸ-

337 4880 484 4935 τιοῠν
520 4884 787 4957 ἀλγεινὸν,
829 4895 969 4967 ὑπὲρ
1018 4900 1126 4955 τῶν
1157 4903 1314 4958 θείων
1343 4908 1626 4980 δογμάτων
1655 4918 1909 4991 ἐπιφερό-

337 4985 516 5038 μενον,
555 4975 676 5031 λίαν
714 4981 842 5052 ήμίν
881 4988 1028 5042 ἐστιν
1071 4975 1508 5066 ἀξιέραστονξίῑί
1557 5005 1666 5077 γὰρ
1691 4975 1906 5080 ἀληθῶς

332 5064 450 5126 ταῖς
495 5069 853 5138 Δεσποτικαῖς
908 5080 1261 5151 ἐπαγγελίαις
1314 5095 1674 5166 πιστεύομεν,
1735 5121 1753 5150 ι
1791 5104 1904 5158 Οὐκ

337 5149 394 5166 ν..
532 5156 542 5166 .
675 5159 727 5166 --

331 5149 456 5217 ἆξια
486 5156 555 5209 τά
589 5159 889 5232 παθήματα
913 5171 1005 5222 τοῦ
1031 5149 1132 5225 νύν
1167 5149 1358 5248 καιροῦ
1389 5184 1523 5252 πρὸς
1538 5149 1644 5259 ,τὴν
1661 5149 1902 5260 ’μέλλου-

329 5259 426 5296 σαν
451 5244 607 5313 δόξαν
642 5252 1090 5332 ἀποκαλυφθῆναι
1136 5269 1214 5332 είς
1246 5244 1476 5343 ημᾶς..)
1502 5244 1622 5334 *Καὶ
1669 5244 1722 5334 τί
1761 5244 1904 5355 λέγω

326 5331 435 5387 τῶν
462 5336 830 5411 ἐλπιζομένων
856 5331 1076 5418 ἀγαθῶν
1101 5331 1638 5436 τὴνάπόλαυσινξ

399 5491 444 5523 ’⁸
472 5497 629 5552 Rom.
666 5517 777 5568 vm,
806 5505 889 5560 18.

389 5652 500 5720 (17)
535 5655 626 5710 καί
653 5657 803 5714 addit
832 5663 1000 5735 Neap.

2450 1990 2590 2047 XIX.
2618 2016 2687 2034 '—
2714 1996 2909 2057 Basilio
2937 2005 3250 2077 presbytero.

2137 2095 2322 2152 Talem
2345 2099 2508 2156 nobis
2531 2104 3042 2173 eloquentissimum
3073 2115 3428 2176 Athanasium
3450 2139 3634 2182 orato-

2066 2199 2180 2239 rem
2221 2189 2561 2258 experientia
2606 2201 2953 2266 monstravit,
3002 2207 3217 2273 qualem
3258 2213 3478 2281 pietatis
3526 2229 3633 2274 tuae

2062 2274 2259 2333 litterae
2284 2283 2636 2341 nuntiarunt.
2662 2286 2832 2345 Ornat
2856 2293 3002 2349 enim
3023 2297 3142 2367 ejus
3166 2274 3406 2372 linguam
3431 2311 3626 2374 oratio,

2061 2369 2366 2426 orationem
2401 2390 2534 2430 vero
2574 2394 2757 2436 mores
2795 2399 2808 2435 :
2841 2386 3024 2441 omnia
3060 2399 3241 2445 autem
3287 2393 3450 2450 simul
3492 2399 3629 2456 ﬁdes

2060 2457 2315 2516 illustrat.
2360 2463 2548 2535 Itaque
2593 2470 2720 2524 talia
2763 2488 2981 2545 semper
3022 2480 3182 2536 nobis
3229 2499 3484 2555 procura,
3527 2490 3624 2545 Dei

2057 2551 2451 2610 amantissime.
2479 2557 2669 2628 Magna
2695 2563 2863 2629 enim,
2894 2567 2974 2624 sic
2997 2570 3217 2641 habeto,
3243 2591 3309 2630 ex
3324 2593 3621 2651 congressu

2057 2636 2161 2693 isto
2191 2640 2380 2697 laetitia
2405 2661 2505 2702 nos
2527 2647 2786 2718 implesti.

2402 2843 2523 2901 XX.
2559 2879 2628 2890 --
2655 2851 2914 2925 Mar-tyrio
2939 2849 3258 2932 presbytero.

2044 3147 2426 3202 argumentum
2451 3152 2535 3198 est
2554 3146 2767 3218 1082
2779 3152 3261 3223 eloquentissimus
3282 3164 3614 3227 Athanasius

2044 3233 2250 3279 orator.
2278 3228 2328 3282 ls
2348 3232 2494 3286 enim
2519 3249 2642 3289 cum
2668 3242 2896 3308 patriam
2915 3247 3085 3316 jactet
3103 3252 3412 3328 Egyptum,
3436 3266 3612 3334 gentis

2044 3310 2156 3334 1'---
2170 3315 2210 3334 -9
2224 3331 2238 3334 α
2470 3322 2482 3334 ⁸
2544 3323 2558 3334 ³
2607 3327 2619 3334 ·
2777 3331 2790 3334 ⁸

2042 3310 2302 3370 ferociam
2332 3335 2442 3376 non
2468 3322 2666 3391 induit,
2697 3331 2791 3385 sed
2821 3343 3241 3400 mansuetudine
3263 3310 3610 3412 moresotem-

2039 3407 2270 3472 peravit.
2319 3410 2414 3465 Est
2441 3428 2608 3482 porro
2638 3425 2694 3473 et
2725 3419 3034 3482 divinarum
3067 3447 3250 3489 rerum
3283 3441 3608 3502 ardentissi-

2039 3509 2164 3551 mus
2185 3511 2414 3555 amator.
2432 3503 2550 3570 Qua
2573 3506 2642 3562 de
2665 3524 2829 3566 causa
2849 3514 2968 3571 dies
2991 3523 3300 3592 complures
3321 3531 3606 3590 nobiscum

2039 3592 2318 3661 transegit,
2365 3596 2604 3666 aliquam
2639 3601 2766 3659 inde
2800 3608 3092 3667 utilitatem
3121 3631 3511 3690 percepturum
3546 3644 3605 3684 se

2037 3688 2207 3736 ratus.
2257 3685 2340 3740 Me
2377 3703 2526 3756 vero,
2568 3701 2629 3746 ut
2677 3698 2844 3764 nosti,
2876 3701 2972 3757 Dei
3005 3710 3399 3782 amantissime,
3436 3719 3603 3776 etiam

2034 3770 2104 3826 ab
2128 3773 2250 3830 aliis
2280 3777 2382 3832 ista
2401 3779 2624 3840 haurire
2651 3787 2837 3858 piget:
2876 3801 3089 3852 tantum
3109 3801 3268 3859 abest
3294 3815 3355 3862 ut
3379 3770 3602 3868 deside-

2033 3865 2286 3922 rantibus
2315 3869 2642 3942 impertiam.
2667 3879 2780 3937 Nec
2807 3888 3072 3946 tenacitas
3092 3903 3262 3960 certe,
3292 3900 3387 3954 sed
3415 3901 3599 3974 inopia

2033 3954 2137 4011 hoc
2169 3957 2349 4017 facere
2377 3973 2544 4021 vetat.
2580 3967 2760 4035 Quare
2789 3987 2912 4032 oret
2943 3983 3207 4041 sanctitas
3235 3994 3347 4056 tua,
3389 4001 3450 4047 ut
3478 3954 3599 4066 qbar

3336 4045 3347 4056 ,
3483 4045 3594 4066 ΓΤ,

2029 4045 2097 4102 de
2135 4050 2295 4107 nobis
2318 4064 2404 4110 est
2433 4057 2573 4115 fama
2596 4064 2824 4123 veritate
2850 4071 3209 4134 conﬁrmetur
3239 4099 3253 4136 :
3281 4093 3342 4138 ut
3365 4101 3472 4141 non
3506 4104 3594 4144 so-

2028 4137 2141 4192 lum
2164 4140 2380 4199 dicatur
2403 4147 2471 4203 de
2492 4151 2652 4208 nobis
2674 4155 2877 4228 aliquid
2903 4161 3197 4236 laudabile,
3215 4175 3308 4229 sed

2025 4229 2190 4286 etiam
2223 4232 2362 4290 facta
2394 4247 2689 4304 testentur.

2427 4372 2567 4429 XXI.
2606 4377 2829 4436 Eusebio
2857 4387 3186 4444 scholastica.

2089 4474 2194 4543 Qui
2228 4481 2523 4538 maximum
2559 4487 2708 4545 hunc
2736 4508 3013 4552 rumorem
3045 4500 3496 4571 disseminarunt,
3524 4524 3593 4564 eo

2016 4579 2075 4620 se
2108 4566 2270 4623 nobis
2292 4571 2373 4626 illi
2420 4575 2646 4643 quidem
2685 4581 2969 4640 tristitiam
3011 4588 3277 4647 allaturos
3301 4602 3588 4666 putarunt,

2015 4658 2312 4725 pessimum
2336 4677 2458 4719 esse
2479 4670 2733 4725 nuntium
2769 4676 3169 4736 existimantes.
3199 4683 3309 4739 Nos
3337 4701 3469 4742 vero
3488 4703 3591 4758 per

2014 4747 2255 4805 divinam
2279 4757 2510 4823 gratiam
2532 4770 2588 4814 et
2609 4779 2882 4821 rumorem
2907 4769 3148 4827 libenter
3171 4779 3507 4848 excepimus,
3533 4791 3589 4836 et

2018 4849 2274 4897 eventum
2301 4845 2426 4900 laeto
2455 4850 2638 4906 animo
2665 4867 3049 4926 exspectamus
3084 4881 3097 4916 :
3130 4875 3187 4920 et
3218 4882 3382 4937 grave
3415 4873 3588 4940 quod-

2014 4945 2232 5002 cunque
2254 4951 2355 5005 pro
2383 4938 2588 4998 divinis
2615 4945 2964 5017 dogmatibus
2993 4953 3282 5026 inferatur,
3311 4938 3474 5020 nobis
3501 4976 3583 5021 est

2012 5115 2201 5171 nibus'
2219 5135 2408 5192 revera
2427 5127 2727 5193 credimus,
2749 5152 2767 5184 ι
2786 5135 2905 5190 Non
2926 5146 3054 5192 sunt
3072 5141 3356 5215 condigna:
3369 5148 3584 5216 passio-

2011 5221 2110 5260 nes
2139 5207 2299 5280 hujus
2329 5217 2592 5284 temporis
2605 5220 2673 5275 ad
2707 5222 2946 5281 futuram
2971 5229 3198 5299 gloriam
3227 5207 3350 5304 qua».
3368 5207 3579 5292 revela-

2011 5291 2162 5349 bitur
2192 5297 2245 5351 in
2278 5301 2438 5357 nobis
2469 5307 2534 5358 ”.
2568 5327 2587 5359 ι
2621 5310 2689 5365 Ει
2720 5314 2853 5382 quid
2887 5291 3125 5373 fructum
3155 5291 3282 5378 dico
3305 5291 3574 5383 bonorum

2009 5398 2132 5451 qua:
2167 5395 2494 5456 sperantur?
2525 5396 2590 5450 Et
2618 5399 2662 5454 si
2694 5403 2839 5458 cnim
2867 5422 2969 5475 pro
3004 5411 3207 5479 pietate
3237 5419 3575 5475 certantibus
