3924 6192
363 301 493 367 1201

1706 308 2063 372 EPISTOLA
2111 310 2268 371 XXI.

3446 305 3583 370 1‘20!

357 413 587 478 αινέσεις
613 410 899 483 ἀνέμιξαν·
933 413 1120 486 ῶσπερ
1160 415 1352 488 ἀμέλει
1403 419 1497 474 xui
1536 420 1783 491 Ὅμηρος
1815 412 1919 479 icti-
1949 468 1955 482 λ

2060 421 2165 491 pud
2191 423 2317 476 illos
2338 421 2405 477 ad
2430 421 2794 479 constantiam
2820 420 3150 478 excitantem
3172 418 3262 475 his
3288 417 3474 475 verbis
3493 415 3536 447 "
3567 433 3584 471 ς

354 518 512 584 δαξεν
558 520 616 573 ἑν
666 520 778 582 τοῖς
823 520 1020 590 λόγοις,
1056 522 1148 576 τὸν
1169 522 1277 579 τῶν
1319 524 1583 597 Ἐλλήνων
1613 527 1921 595 σοφώτατον
1959 528 2149 580 ἑαυτὸν
2178 529 2237 581 ὲν
2259 529 2490 595 ἐκείνοις
2553 531 2690 603 πρὸς
2752 530 3002 602 ἀνδρείαν
3022 527 3323 597 ἀλείφοντα.
3352 523 3589 595 Λέγειδὲ

351 613 525 676 οὓτως
540 629 552 641 ·

356 723 582 802 ἕζῆᾷος
700 727 958 802 πλήξας,
983 730 1233 802 κραδίην
1250 733 1516 801 ἠνίπαπε
1532 736 1698 802 μύθῳ
1715 747 1730 763 ⁸

363 791 600 850 Tentat);
614 794 713 864 δὴ,
732 791 965 867 κρὰδι’ὴ”
985 791 1082 855 κὶιί
1102 791 1392 871 κύὶρτέρον
1410 791 1562 858 ἀλλό
1576 791 1707 858 ποτ’
1721 804 1920 871 ἔτλης.

360 906 470 961 Kui
510 907 646 962 ἀλλα
686 909 745 964 δὲ
775 911 987 976 τούτοις
1012 915 1335 986 προσόμοια,
1360 916 1454 970 xui
1480 916 1632 988 παρά
1661 914 1921 987 ποιητῶν,

360 1000 455 1051 xui
501 1000 770 1071 ρητόρων,
817 1004 910 1057 xui
942 1005 1244 1077 φιλοσόφων
1290 1008 1487 1080 ῥαδίως
1533 1008 1597 1062 ἄν
1627 1025 1710 1071 τις
1739 1007 1928 1061 συλλέ-

364 1086 530 1188 ξειεν;
574 1089 689 1143 ἀλλ’
721 1092 851 1162 ἡμῖν
885 1093 935 1146 oi
963 1094 1096 1149 θεῖοι
1123 1096 1272 1165 λόγοι
1297 1099 1429 1168 πρὸς
1459 1100 1638 1154 πᾶσαν
1663 1098 1929 1168 ὠφέλειαν

362 1192 641 1245 σρκουσιν.

433 1267 542 1319 Καὶ
586 1269 758 1324 ταῦτα
800 1272 856 1326 δὲ
898 1274 1133 1340 τέθεικα,
1167 1276 1335 1341 δεῖξαι
1358 1276 1658 1348 βουληθεὶς,
1685 1279 1761 1342 ὡς
1792 1280 1931 1347 ἄγαν

365 1357 590 1428 αίσχρδν
638 1361 747 1415 τῶν
799 1364 898 1435 τῆς
949 1365 1162 1431 φύσεως
1217 1367 1473 1439 μαθητῶν
1491 1369 1788 1440 ἡττηθῆναι
1810 1371 1936 1432 τοὺς

367 1455 709 1523 προφητικῆς
727 1454 820 1507 xui.
862 1457 1226 1529 ἀποποιικῆς
1257 1460 1658 1531 μετεσχηκότας
1686 1460 1939 1514 διδασκα-

365 1538 507 1608 λίας,
557 1541 634 1611 τῷ
666 1546 916 1618 σωτηρίῳ
971 1548 1132 1602 πάθει
1161 1552 1609 1616 πεπιστευκότας,
1643 1552 1738 1605 xui
1766 1567 1939 1621 προσ-

370 1629 629 1697 μένοντας
656 1635 932 1703 σωμάτων
981 1637 1301 1704 ἀνάστασιν,
1327 1641 1427 1712 ,καὶ
1451 1641 1658 1712 φθορᾶς
1690 1641 1936 1695 ἀπαλλα-

1940 770 1949 774 -
2028 734 2215 804 Pectus
2245 736 2559 804 percutiens,
2589 741 2826 788 mustum
2857 732 2927 786 ad
2957 748 3046 785 cor
3074 729 3265 804 talibus
3282 728 3412 804 infit
3441 748 3459 785 :

2031 799 2375 873 Perfer,'cor,
2404 804 2598 875 perfer,
2630 805 2899 874 quondam
2931 803 3181 873 grauiora
3210 799 3399 854 tulisti.

2029 915 2099 970 Et
2148 916 2253 970 alia
2299 915 2522 985 quidem
2559 916 2646 970 his
2677 915 2874 969 similia
2918 914 3078 969 facile
3133 920 3227 968 est
3252 911 3480 966 cuilibet
3529 925 3594 965 ex

2033 1007 2245 1079 poetis.
2295 1014 2352 1060 et
2392 1005 2733 1069 oratoribus,
2778 1013 2835 1060 et
2866 1003 3210 1074 philosophis
3242 1001 3538 1071 decerpere
3574 1018 3592 1055 :

2034 1094 2129 1148 sed
2164 1094 2323 1148 nobis
2345 1094 2412 1148 ad
2447 1109 2664 1149 omnem
2702 1095 2991 1155 utilitatem
3019 1092 3218 1146 divina.
3238 1090 3457 1161 eloquia
3482 1090 3597 1146 suf-

2038 1185 2246 1241 ficiunt.
3533 1169 3538 1175 ”

2108 1278 2234 1332 Hcce
2248 1292 2381 1332 vero
2413 1291 2599 1346 pauca
2615 1276 2739 1331 ideo
2768 1275 2979 1345 1085
3003 1273 3254 1344 produxi,
3273 1281 3335 1326 ut
3350 1271 3604 1327 ostende-

2035 1381 2153 1420 rem
2178 1375 2335 1435 turpe
2357 1363 2651 1420 admodum
2688 1378 2832 1429 esse,
2871 1378 2901 1417 a
2925 1370 3135 1417 naturae
3153 1358 3436 1430 discipulis
3458 1359 3604 1413 vinci

2034 1471 2151 1520 eos,
2185 1455 2278 1524 qui
2312 1452 2649 1524 prophetica:
2685 1460 2742 1507 et
2783 1451 3093 1521 apostolica:
3120 1449 3387 1505 doctrinm
3428 1447 3604 1518 parti-

2036 1546 2194 1616 cipes
2230 1545 2478 1610 fuerunt,
2520 1544 2617 1615 qui
2659 1543 2955 1599 salutarem
2995 1542 3307 1613 passionem
3352 1539 3608 1594 credide-
3712 1566 3725 1571 —

2037 1647 2189 1703 runt,
2233 1650 2635 1707 corporumque
2676 1634 3141 1691 resurrectionem
3181 1639 3520 1701 exspectant,
3552 1639 3610 1686 et

368 1720 492 1791 γὴν,
514 1723 609 1776 xui
631 1725 893 1795 χορηγίαν
911 1727 1231 1795 ἀθανασίας,
1253 1734 1347 1784 xui
1370 1732 1616 1802 οὐρανῶν
1639 1733 1938 1803 βασιλείαν.

2060 1728 2418 1798 :orruptionis
2429 1726 2834 1797 depulsionem,
2857 1732 2914 1780 et
2933 1723 3361 1781 immortalitatis
3379 1722 3613 1783 donum,

373 1812 482 1864 Καὶ
531 1814 657 1876 τοὺς
709 1813 1052 1885 ἀθυμοῦντας
1076 1818 1255 1872 τοίνυν
1284 1817 1379 1872 ἐπὶ
1400 1823 1513 1884 τοῖς
1542 1820 1937 1892 θρυλληθεῖσιν,

373 1898 417 1955 ὦ
448 1904 575 1974 φίλη
603 1906 833 1979 κεφαλὴ,
862 1908 1283 1981 ψυχαγώγησον,
1310 1911 1404 1965 xui
1429 1913 1554 1976 τοὺς
1580 1911 1944 1983 ἐφηδομένους

376 1993 531 2063 εἴπερ
556 2012 641 2060 τις
666 1997 771 2067 ἀρα
794 1998 937 2061 ἐστὶ,
969 1997 1179 2063 δίδαξον
1203 2000 1278 2064 ὡς
1301 2000 1637 2072 γεγήθαμεν,
1674 2003 1768 2055 xui
1812 2018 1945 2070 γαν-

376 2084 607 2153 νῦμεθα,
658 2088 749 2141 xui
792 2089 1110 2161 χορεύομεν,
1144 2091 1239 2145 xui
1271 2092 1345 2156 ὡς
1371 2092 1540 2164 αὐτὴν
1574 2092 1680 2146 τῶν
1701 2092 1947 2163 οὐρανῶν

378 2175 474 2245 τὴν
530 2175 823 2245 βασιλείαν,
864 2179 961 2249 τὴν
1015 2179 1375 2250 νομιζομένην
1423 2180 1826 2252 προσδεχόμεθα
1867 2197 1947 2233 τι·

380 2265 616 2337 μωρίαν.

452 2357 568 2410 Ἵνα
586 2354 644 2411 δὲ
663 2358 757 2410 xui
783 2358 1022 2433 διδάξῃς,
1059 2359 1499 2430 θαυμασιώτατε,
1527 2364 1654 2427 τοὺς
1677 2362 1907 2431 ἀγνοοῦν
1922 2389 1941 2402 -

380 2463 478 2509 τας
508 2448 653 2510 ὅπως
703 2448 1005 2519 φρονοῦμεν
1028 2491 1043 2514 ,
1081 2449 1189 2503 ἴσθι
1220 2451 1500 2504 πιστεύειν
1534 2453 1703 2522 ἡμᾶς,
1742 2452 1818 2515 ὡς
1847 2452 1951 2505 ἐδι-

378 2535 673 2607 δάχθημεν,
691 2539 769 2600 είς
791 2538 880 2591 τὸν
898 2538 1137 2610 Πατέρα,
1177 2541 1268 2592 xui
1297 2538 1387 2593 τὸν
1412 2540 1560 2606 Υίὸν,
1589 2542 1682 2594 xui
1707 2542 1767 2595 τὸ
1791 2541 1950 2611 ἅγιον

384 2627 626 2697 Πνεῦμα.
670 2630 744 2682 Ού
795 2627 903 2700 γὰρ
935 2629 1014 2692 είς
1056 2628 1149 2683 δύο
1191 2630 1364 2694 υἱοὺς,
1408 2629 1482 2694 ῶς
1520 2648 1662 2696 τινες
1693 2650 1953 2704 συκοφαν-

384 2714 585 2775 τοῦσιν,
632 2716 666 2787 ἢ
715 2716 1187 2787 ὲμαθητεύθημεν,
1234 2719 1268 2787 ἢ
1317 2718 1815 2792 ὲϐαπτίσθημεν,ἢ
1865 2739 1953 2774 πιν

389 2807 669 2877 στεύομεν,
708 2807 741 2877 ἢ
784 2804 1058 2861 πιστεύειν
1082 2809 1407 2878 διδάσκομεν
1429 2827 1444 2840 °
1495 2809 1610 2863 ἀλλ’
1641 2810 1829 2883 ῶσπερ
1858 2813 1954 2865 ἕνα

388 2896 547 2965 ἴσμεν
580 2896 814 2967 Πατέρα,
849 2900 942 2950 xui
966 2895 1025 2951 ἓν
1047 2898 1198 2966 ᾰγιον
1232 2898 1475 2969 Πνεῦμα,
1509 2898 1680 2966 οὕτως
1702 2900 1800 2954 ἕνα
1820 2901 1946 2955 Υίὺν

2042 1828 2102 1876 et
2130 1833 2362 1889 regnum
2404 1816 2691 1873 caelorum.
2736 1814 3006 1881 Quocirca
3040 1828 3139 1870 eos
3172 1812 3267 1883 qui
3312 1812 3487 1881 sparsi
3518 1826 3613 1865 ru—

2042 1911 2213 1965 moris
2242 1924 2405 1964 causa
2436 1917 2567 1963 sunt
2597 1907 2653 1962 in
2686 1921 2945 1972 maerore,
2983 1905 3164 1971 stude,
3185 1904 3381 1967 amice,
3412 1917 3612 1959 conso-

2044 2001 2147 2055 lari
2178 2019 2191 2054 :
2217 2000 2520 2070 gaudentes
2541 2006 2748 2062 autem,
2783 1998 2829 2052 si
2855 1996 2947 2067 qui
2972 2005 3121 2062 sunt,
3153 1995 3290 2051 doce
3321 2009 3423 2054 nos
3440 1993 3615 2051 laetari

2045 2101 2104 2149 et
2125 2093 2422 2157 exsultare,
2454 2090 2782 2161 tripudiare,
2806 2105 2872 2145 ac
2895 2096 3150 2158 tanquam
3187 2087 3363 2158 ipsum
3384 2099 3615 2157 regnum

2047 2185 2335 2250 cmlorum,
2377 2182 2523 2239 istud
2557 2181 2705 2253 quod
2760 2180 3091 2253 supplicium
3125 2187 3338 2250 putant,
3384 2185 3616 2253 praesto-

2047 2276 2174 2333 lari.

2118 2370 2411 2437 Caeterum,
2439 2376 2501 2424 ut
2532 2368 2974 2425 certioresetiam
3008 2367 3131 2423 illos
3155 2364 3340 2430 facias,
3362 2362 3449 2418 vir
3480 2375 3621 2432 prae-

2052 2461 2405 2526 stantissime,
2441 2460 2536 2530 qui
2559 2460 2813 2515 nesciunt
2838 2458 2971 2529 quid
2998 2457 3319 2521 sentiamus,
3350 2453 3488 2509 scito
3516 2465 3620 2506 nos

2052 2550 2301 2617 credere,
2336 2551 2481 2606 sicut
2505 2550 2688 2605 edocti
2711 2564 2924 2615 sumus,
2959 2548 3014 2602 in
3041 2548 3281 2609 Patrem,
3308 2552 3365 2598 et
3394 2542 3618 2607 Filium,

2052 2651 2109 2698 et
2134 2641 2398 2710 Spiritum
2430 2650 2697 2696 sanctum.
2712 2640 2831 2695 Non
2852 2640 2999 2693 enim
3030 2638 3084 2692 in
3107 2637 3246 2691 duos
3268 2635 3455 2700 Filios,
3479 2632 3623 2687 sicut

2053 2734 2276 2805 quidam
2312 2718 2736 2797 calumniantur,
2767 2731 2853 2786 vel
2889 2729 3205 2794 didicimus,
3239 2725 3324 2782 vel
3359 2722 3621 2794 baptizati

2055 2840 2267 2890 sumus,
2304 2825 2392 2878 vel
2441 2821 2739 2886 credimus,
2786 2820 2871 2875 vel
2915 2818 3144 2874 credere
3178 2816 3441 2871 docemus
3478 2829 3491 2865 :
3525 2810 3620 2865 sed

2056 2916 2429 2971 sicutPatrem
2455 2929 2624 2968 unum
2646 2912 2918 2975 novimus,
2942 2920 3001 2966 et
3021 2924 3190 2985 unum
3211 2905 3475 2977 Spiritum
3500 2918 3625 2958 sau-

387 2986 476 3039 τδν
531 2986 733 3058 Κύριον
774 2987 931 3057 ἡμῶν
976 2988 1183 3058 Ἰησοῦν
1231 2990 1490 3060 Χριστὸν,
1542 2991 1635 3044 τὸν
1689 2992 1953 3064 μονογενῆ

2060 3014 2228 3072 ctum,
2259 3006 2339 3061 sic
2370 3020 2540 3059 unum
2566 3002 2789 3068 Filium,
2815 3003 2831 3024 ⁶
2860 2999 3152 3054 Dominum
3170 3004 3417 3051 nostrum
3435 2991 3623 3049 Iesum

362 3077 480 3163 ,τοῦ
529 3077 662 3130 Θεοῦ
711 3078 859 3146 Υίδν,
906 3079 995 3132 τὸν
1043 3079 1537 3152 ξνανθρωπησαντα
1581 3060 1716 3137 Θεὸν
1756 3060 1953 3153 Λόγον.

2060 3097 2359 3162 Christum,
2390 3095 2731 3167 unigenitum
2760 3092 2858 3148 Dei
2894 3090 3116 3156 Filium,
3149 3088 3491 3142 incarnatum
3526 3080 3623 3137 Dei

389 3171 501 3224 Οὐκ
536 3171 844 3242 ἀρνούμεθα
891 3172 1071 3242 μέντοι
1104 3170 1204 3236 τὰς
1240 3172 1348 3226 τῶν
1390 3174 1605 3243 φύσεων
1645 3175 1951 3246 ἰδιότητας·

388 3262 500 3316 ἀλλ’
523 3261 711 3335 ῶσπερ
734 3262 950 3317 ἀσεϐεῖν
970 3264 1262 3334 νομίζομεν
1281 3265 1408 3329 τοὺς
1439 3269 1519 3330 είς
1545 3266 1637 3320 δύο
1652 3268 1802 3330 υἱοὺς
1820 3267 1960 3320 διαι-

391 3357 616 3429 ροῦντας
647 3359 737 3412 τὸν
769 3358 869 3412 ἕνα
893 3359 1101 3429 Κύριον
1141 3359 1349 3429 Ἰησοῦν
1376 3360 1610 3430 Χριστόν
1635 3377 1649 3391 ⁸
1683 3360 1825 3415 οὕτω
1856 3362 1959 3429 τῆς

388 3447 643 3517 ἀληθείας
685 3447 977 3518 πολεμίους
1006 3448 1389 3520 ἀποκαλοῦμεν
1424 3452 1551 3514 τοὺς
1583 3451 1833 3522 συγχέειν
1860 3452 1961 3516 τὰς

388 3537 580 3606 φύσεις
608 3539 1041 3610 ἐπιχειροῦντας.
1085 3540 1412 3612 Ἀσύγχυτον
1447 3541 1554 3615 γὰρ
1579 3543 1772 3597 ἕνωσιν
1800 3560 1959 3613 γεγε-

389 3630 583 3700 νῆσθαι
620 3629 966 3701 πιστεύομεν,
999 3632 1091 3685 xui
1120 3632 1278 3701 ἴσμεν
1303 3632 1427 3688 τίνά
1449 3651 1508 3686 τε
1540 3635 1642 3705 τῆς
1679 3635 1963 3706 ἀνθρωπό-

388 3737 574 3792 τητος,
613 3720 708 3775 xui
736 3720 856 3775 τίνα
892 3721 995 3792 τῆς
1022 3722 1275 3793 θεότητος
1315 3724 1445 3779 ἴδια.
1480 3726 1747 3797 Καθάπερ
1784 3727 1894 3799 γὰρ
1933 3727 1962 3779 ὁ

392 3810 696 3882 ἅνθρωπος,
730 3812 821 3867 τὸν
862 3814 1040 3867 κοινὸν
1086 3814 1249 3883 λέγω,
1282 3816 1343 3868 τὸ
1384 3815 1599 3885 λογικὸν
1632 3818 1728 3870 xui.
1770 3816 1963 3889 θνητὸν

393 3901 553 3967 ζῶον,
582 3901 695 3973 ἔχει
720 3903 818 3973 μὲν
840 3902 1039 3975 ψυχὴν,
1064 3904 1176 3974 ἔχει
1201 3904 1258 3959 δὲ
1289 3908 1468 3977 σῶμα,
1497 3907 1555 3961 ἕν
1584 3906 1641 3961 δὲ
1665 3907 1803 3972 ζῶον
1830 3911 1966 3962 νοεῖ-

393 4010 518 4048 ται*
559 3998 654 4049 xui
688 3998 722 4067 ἡ
765 3996 997 4069 διαφορά
1044 3996 1155 4051 τῶν
1183 3997 1275 4051 δύο
1323 4002 1539 4067 φύσεων
1593 4000 1694 4054 οὐκ
1735 4002 1816 4064 είς
1870 4001 1965 4055 δύο

396 4086 659 4157 πρόσωπα
692 4086 903 4158 μερίζει
925 4088 1021 4141 τὸν
1052 4088 1181 4141 ἓνα’
1207 4089 1266 4142 ὲν
1293 4087 1351 4141 δέ
1393 4106 1455 4157 γε
1502 4088 1579 4160 τῷ
1623 4090 1703 4143 ἐνὶ
1741 4094 1837 4145 xui.
1864 4090 1966 4162 τὴν

393 4180 491 4250 τῆς
516 4178 694 4249 ψυχῆς
739 4179 898 4249 ἴσμεν
936 4179 1234 4234 ἀθανασίαν
1256 4219 1271 4244 ,
1326 4184 1423 4235 xui
1461 4180 1554 4234 τοῦ
1586 4180 1837 4251 σώματος
1867 4182 1966 4255 τὴν

397 4270 732 4341 θνητότητα²
780 4271 876 4324 xui
919 4270 1292 4342 ὁμολογοῦμεν
1332 4272 1433 4343 τὴν
1480 4270 1657 4344 ψυχὴν
1711 4273 1964 4344 ἀόρατον,

2058 3189 2321 3245 Verbum.
2356 3188 2690 3242 Naturarum
2734 3199 2864 3239 sane
2905 3181 3266 3254 proprietates
3305 3192 3414 3232 non
3456 3188 3625 3244 nega—

2060 3294 2184 3333 mus
2219 3295 2232 3331 :
2272 3277 2368 3332 sed
2402 3277 2544 3330 sicut
2570 3274 2736 3343 impie
2759 3273 2885 3327 illos
2905 3286 3067 3342 agere
3097 3282 3405 3333 censemus,
3440 3263 3533 3335 qui
3569 3262 3627 3317 in

2060 3367 2200 3422 duos
2219 3364 2386 3421 Filios
2409 3362 2661 3418 dividunt
2680 3375 2852 3414 unum
2872 3359 3163 3414 Dominum
3179 3366 3429 3411 nostrum
3444 3352 3629 3409 Iesum

2060 3457 2341 3514 Christum
2379 3471 2394 3507 :
2431 3453 2511 3509 sic
2550 3451 2800 3508 veritatis
2838 3451 3027 3504 hostes
3070 3462 3331 3502 vocamus
3364 3460 3483 3509 eos,
3532 3441 3631 3512 qui

2063 3560 2289 3604 naturas
2350 3543 2687 3601 confundere
2750 3548 3039 3596 conantur.
3085 3537 3434 3593 lnconfusam
3482 3532 3630 3588 enim

2063 3640 2321 3697 unionem
2365 3637 2562 3693 factam
2589 3633 2886 3698 credimus,
2924 3639 2975 3688 et
3012 3629 3258 3701 quaedam
3296 3627 3502 3682 scimus
3531 3624 3632 3677 hu-

2062 3725 2343 3783 manitatis
2370 3739 2492 3779 esse
2527 3722 2768 3793 propria,
2798 3720 3046 3790 quaedam
3073 3716 3396 3773 divinitatis.
3428 3712 3633 3779 Quem-

2064 3818 2359 3875 admodum
2388 3815 2533 3870 enim
2566 3814 2753 3878 homo,
2778 3826 3124 3867 communem
3147 3808 3292 3875 dico,
3322 3805 3519 3862 animal
3543 3819 3633 3858 ra-

2067 3911 2235 3966 tionis
2285 3907 2558 3979 particeps
2621 3913 2677 3960 et
2737 3903 2989 3968 mortale,
3041 3901 3278 3957 animam
3338 3896 3525 3960 habet,
3577 3903 3634 3950 et

2066 4016 2268 4071 corpus
2290 3998 2477 4063 habet,
2506 4011 2678 4051 unum
2701 4009 2833 4050 vero
2857 3993 3056 4048 animal
3080 3991 3425 4062 intelligitur,
3457 3987 3640 4041 diver-

2067 4092 2311 4161 sitasque
2342 4095 2663 4143 naturarum
2688 4086 2746 4140 in
2771 4085 2910 4140 duas
2931 4100 3103 4139 unum
3130 4098 3394 4154 personas
3421 4096 3531 4134 non
3557 4077 3640 4132 di-

2068 4182 2241 4247 vidit;
2299 4181 2355 4236 in
2411 4195 2523 4235 uno
2571 4186 2777 4242 autem,
2821 4186 2878 4232 et
2925 4176 3120 4231 animae
3170 4173 3639 4232 immortalitatem

2069 4273 2434 4347 agnoscimus,
2473 4280 2530 4327 et
2558 4270 2803 4341 corporis
2836 4268 3247 4332 mortalitatem,
3278 4264 3634 4321 conﬁtemur-

397 4360 587 4458 ὁρατὸν
620 4359 678 4413 δὲ
713 4359 773 4413 τὸ
811 4358 993 4431 σῶμα,
1036 4359 1095 4414 ἓν
1132 4361 1188 4414 δὲ
1234 4361 1391 4426 ζῶον,
1431 4361 1507 4425 ὡς
1550 4362 1706 4435 ἔφην,
1752 4363 1955 4433 λογικδκ

2070 4384 2177 4437 que
2220 4365 2436 4436 1086
2473 4364 2711 4419 animam
2738 4378 2858 4417 esse
2891 4358 3245 4423 invisibilem,
3280 4371 3486 4426 corpus
3510 4355 3645 4408 visi-

398 4448 532 4519 ὁμοῦ
567 4451 658 4502 xui.
686 4448 877 4522 θνητόν
913 4467 928 4483 ο
965 4450 1106 4503 οὕτω
1134 4450 1225 4506 τὸν
1262 4452 1466 4523 Κύριον
1496 4453 1652 4523 ἡμῶν
1682 4455 1777 4507 xui
1812 4455 1965 4522 Θεὸν,

400 4539 490 4592 τὸν
512 4539 605 4593 τοῦ
630 4540 766 4594 Θεοῦ
789 4540 936 4609 λέγω
959 4540 1107 4607 Υἱὺν,
1152 4541 1243 4594 τὸν
1279 4544 1556 4615 Δεσπότην
1582 4545 1838 4616 Χριστὸν,
1872 4546 1969 4600 καὶ

405 4629 544 4698 μετά
571 4630 666 4701 τὴν
691 4631 1103 4702 ὲνανθρώπησιν
1128 4632 1225 4686 ἕνα
1258 4632 1418 4701 ἴσμεν
1449 4632 1576 4686 Υίόν
1608 4651 1619 4664 ο
1664 4634 1973 4705 ἀδιαίρετος

405 4720 511 4790 γὰρ
545 4722 819 4792 η’ἐνωσις,
871 4722 1060 4794 ὥσπερ
1092 4722 1157 4793 δὴ
1194 4724 1288 4777 καὶ
1327 4723 1655 4793 ἀσύγχυτος.
1694 4726 1882 4795 Ἰσμεν
1912 4724 1972 4779 δὲ

405 4815 553 4886 ὅμως
588 4814 681 4866 xui
710 4813 771 4866 τὺ
803 4816 900 4886 τῆς
930 4816 1183 4886 θεότητος
1227 4814 1483 4886 ἄναρχον,
1518 4816 1612 4868 xui
1655 4815 1714 4868 τὸ
1743 4816 1843 4887 τῆς
1876 4817 1972 4870 ἀν-

406 4907 751 4978 θρωπότητος
797 4908 1124 4977 πρόσφατον.
1182 4907 1247 4960 Ἦ
1280 4907 1379 4978 μὲν
1406 4906 1515 4978 γὰρ
1557 4908 1620 4961 ὲκ
1661 4907 1974 4979 σπέρματος

417 4999 668 5072 Ἀϐρααμ
688 4998 783 5053 xui.
805 5000 967 5052 Δαόὶδ
998 4997 1078 5071 (ἐξ
1098 4999 1274 5053 αὐτῶν
1303 5000 1459 5071 γὰρὴ
1482 4999 1609 5068 ἁγία
1640 4999 1938 5071 Παρθένος)
1961 5016 1973 5029 ·

407 5092 441 5162 ὴ
470 5092 526 5144 δὲ
575 5090 695 5143 θεία
726 5091 886 5160 φύσις
928 5094 992 5144 ἐκ
1033 5091 1125 5145 τοῦ
1150 5092 1285 5146 Θεοῦ
1325 5092 1421 5145 xui
1450 5091 1662 5163 Πατρὸς
1703 5091 1807 5162 πρὸ
1845 5090 1976 5145 αἰὼ-

408 5196 535 5246 νων,
574 5179 842 5252 ἀχρόνως,
888 5181 1136 5250 ἀπαθῶς,
1179 5184 1437 5254 ἀτμήτως
1485 5184 1768 5259 ἐγεννήθη.
1817 5186 1878 5238 Ei
1918 5184 1976 5239 δὲ

410 5272 718 5345 ἀναιρεθείη
760 5273 962 5345 σαρκὸς
1006 5276 1100 5329 xui
1140 5276 1389 5346 θεότητος
1417 5276 1479 5329 τὸ
1518 5275 1792 5349 διάφορον,
1837 5276 1977 5331 τίσιν

411 5366 593 5428 ὅπλοις
622 5366 938 5436 χρησόμεθα
960 5366 1101 5421 κατὰ
1138 5368 1344 5439 Ἀρείου
1368 5369 1460 5423 xui
1496 5370 1760 5440 Εύνομίου
1795 5387 1977 5443 παρα-

414 5460 765 5529 ταττόμενοι;
800 5460 916 5523 πῶς
940 5460 997 5514 δὲ
1026 5459 1203 5514 αὐτῶν
1233 5462 1329 5530 τὴν
1354 5462 1494 5517 κατὰ
1524 5463 1617 5518 τοῦ
1642 5463 1980 5533 Μονογενοῦς

416 5548 790 5620 καταλύσομεν
820 5549 1201 5623 βλασφημίαν;
1232 5551 1343 5603 Νῦν
1366 5553 1473 5624 γὰρ
1498 5555 1623 5620 τοὺς
1664 5556 1762 5626 μὲν
1790 5572 1979 5615 ταπει-

490 5706 535 5738 ³³
565 5704 755 5777 Odyss.
804 5706 891 5760 ill.

2075 4459 2206 4523 bile,
2243 4471 2411 4511 unum
2443 4470 2573 4510 vero
2602 4453 2822 4519 animal,
2857 4460 2919 4506 ut
2946 4451 3081 4516 dixi,
3107 4447 3372 4511 rationale
3401 4446 3563 4500 simul
3589 4453 3646 4499 et

2075 4550 2339 4605 mortale:
2364 4548 2444 4604 sic
2475 4545 2767 4601 Dominum
2802 4553 3052 4600 nostrum
3090 4551 3147 4597 et
3173 4541 3369 4603 Deum,
3406 4538 3524 4604 Dei,
3560 4537 3644 4591 in-

2077 4656 2264 4712 quam,
2298 4638 2496 4694 Filium
2533 4636 2827 4692 Dominum
2851 4634 3159 4696 Christum,
3194 4630 3361 4686 etiam
3392 4635 3514 4698 post
3559 4626 3647 4680 ἰη-

2079 4733 2453 4790 carnationem
2478 4746 2648 4785 unum
2677 4729 2884 4789 scimus
2901 4743 3023 4784 esse
3045 4726 3267 4782 Filium.
3292 4719 3650 4779 Indivisibilis

2077 4825 2348 4896 siquidem
2372 4830 2457 4878 est
2480 4821 2632 4883 unio,
2654 4820 2799 4879 sicut
2821 4827 2876 4872 et
2897 4816 3203 4874 inconfusa.
3228 4813 3445 4871 Scimus
3465 4821 3649 4868 tamen

2078 4927 2136 4973 et
2171 4914 2443 4986 principio
2484 4928 2676 4969 carere
2706 4910 3082 4974 Divinitatem,
3122 4915 3179 4963 et
3211 4905 3507 4962 novissime
3535 4916 3650 4957 cm-

2080 5009 2227 5080 pisse
2253 5006 2649 5062 humanitatem
2660 5045 2687 5069 .,
2700 5004 2825 5058 Haec
2842 5002 2989 5056 enim
3018 5016 3087 5055 ex
3109 4997 3318 5054 semine
3338 4993 3572 5051 Abrahae
3595 5000 3653 5046 et

2082 5077 2304 5155 Davidis
2345 5098 2431 5170 (ex
2470 5097 2556 5157 his
2581 5096 2784 5166 quippe
2812 5100 3001 5150 sancta
3038 5077 3259 5162 Virgo),
3292 5088 3479 5144 divina
3516 5098 3652 5140 vero

2084 5200 2278 5248 natura
2308 5204 2375 5243 ex
2406 5189 2518 5245 Deo
2545 5195 2601 5241 et
2630 5187 2808 5248 Patre,
2842 5191 2968 5237 ante
2990 5180 3206 5244 saecula,
3233 5178 3352 5234 sine
3383 5184 3652 5245 tempore,

2083 5282 2201 5339 sine
2230 5279 2503 5352 passione,
2530 5277 2647 5333 sine
2670 5275 2939 5331 divisione
2959 5272 3141 5343 genita
3165 5280 3267 5327 cst.
3294 5268 3449 5336 Quod
3475 5268 3521 5324 si
3546 5267 3652 5322 tol-

2088 5375 2233 5435 latur
2269 5370 2449 5426 carnis
2490 5378 2547 5424 ct
2582 5366 2892 5422 Divinitatis
2940 5362 3275 5428 diderentia,
3324 5360 3655 5437 quibusnam

2088 5463 2255 5519 armis
2287 5462 2552 5517 adversus
2583 5459 2774 5514 Arium
2806 5467 2861 5512 et
2891 5456 3220 5512 Eunomium
3253 5451 3655 5526 pugnabimus?

2087 5552 2363 5624 quomodo
2393 5551 2612 5607 illorum
2647 5557 2836 5605 contra
2864 5548 3214 5620 Unigenitum
3254 5543 3651 5617 blasphemiam
