3924 6192
350 298 490 369 i203

1351 315 1806 377 ἸἸΙΕΟΒΟΙὶΕΤ
1810 318 1835 377 Ι
1870 319 2204 382 EPISCOPI
2233 322 2593 384 CYRENSIS

3453 314 3584 380 1204

340 416 725 471 destruemus?
754 415 908 470 Nunc
930 417 1078 471 enim
1108 417 1334 471 humilia
1362 427 1701 490 quzecunque
1724 422 1793 477 de
1816 423 1888 476 ἱιιι

2012 430 2135 491 νοὺς
2162 428 2267 482 τῶν
2296 428 2467 497 λόγων
2493 426 2568 489 ὡς
2604 421 2877 492 ἀνθρώπῳ
2916 418 3325 492 προσάπτομεν,
3370 420 3497 483 τοὺς
3533 424 3591 477 δέ

343 508 625 571 dicuntur,
659 516 717 561 ut
749 508 959 562 homini
990 509 1311 577 adaptamus
1349 527 1360 562 :
1394 510 1651 565 sublimia
1681 528 1813 567 vero
1850 522 1906 568 et

342 601 512 653 Deum
547 599 818 665 decentia,
867 606 926 653 ut
961 600 1071 653 Deo
1100 617 1110 652 :
1139 601 1218 653 sic
1261 600 1434 655 facilis
1478 618 1702 671 prorsus
1746 605 1906 661 nobis

340 701 422 745 est
459 692 706 745 veritatis
734 692 1148 747 demonstratio.
1190 693 1384 746 Verum
1412 694 1625 748 excedit
1661 696 1905 764 epistola:

344 798 653 837 mensuram
692 782 991 851 disputatio
1018 782 1086 836 de
1119 781 1244 836 ﬁde.
1282 781 1569 837 Sufﬁciunt
1599 793 1780 839 autem
1816 788 1903 840 vel

342 888 511 941 pauca
564 874 678 928 haec
721 874 884 928 verba
925 872 990 927 ad
1033 873 1386 929 indicandum
1421 876 1730 944 apostolica:
1775 875 1903 931 ﬁdei

338 963 732 1016 characterem.

741 1072 904 1127 XXII.
935 1104 1003 1113 —-
1031 1074 1258 1144 Ulpiano
1289 1076 1485 1128 comiti.

406 1184 766 1238 Sermonibus
813 1184 967 1237 aiunt
1007 1198 1115 1237 non
1161 1184 1300 1239 bene
1339 1184 1673 1254 compositos
1722 1200 1904 1239 mores

334 1274 616 1329 emendari
639 1283 695 1329 et
721 1274 978 1329 meliores
1003 1274 1179 1327 reddi.
1209 1274 1339 1328 Mihi
1363 1290 1494 1329 vero
1520 1276 1777 1328 videntur
1808 1277 1901 1345 qui

336 1377 483 1421 recte
513 1381 543 1420 a
572 1374 767 1421 natura
789 1365 1077 1435 temperati
1104 1374 1250 1427 sunt,
1287 1365 1386 1435 ipsi
1412 1365 1595 1435 potius
1620 1380 1903 1419 sermones

334 1473 551 1521 ornare,
576 1466 631 1512 et
652 1458 836 1513 verbis
855 1472 991 1527 opus
1009 1472 1118 1510 non
1142 1456 1345 1510 habere
1370 1476 1382 1509 :
1407 1456 1549 1510 sicut
1567 1466 1623 1510 et
1648 1470 1899 1525 corpora,

333 1565 455 1619 quae
490 1549 726 1603 feliciter
764 1556 892 1603 nata
917 1556 1064 1613 sunt,
1107 1548 1361 1603 ascititiis
1410 1548 1690 1603 coloribus
1734 1551 1746 1567 ‘
1792 1563 1901 1602 non

331 1648 513 1709 egent.
560 1638 657 1695 His
704 1655 835 1695 sane
872 1640 1103 1695 illustris
1146 1648 1229 1695 est
1271 1639 1670 1694 disertissimus
1716 1649 1903 1693 orator

2008 519 2239 586 ὑψηλοὺς
2255 520 2349 573 καὶ
2366 518 2685 589 θεοπρεπείς
2706 516 2780 578 ὼς
2794 512 2931 583 Θεῷ,
2952 511 3044 565 καὶ
3059 509 3291 579 εὐπετὴς
3314 509 3425 579 (18)
3449 511 3590 578 ἀγαν

2006 611 2135 679 ἡμῖν
2156 611 2299 662 ἐστιν
2321 609 2353 679 ἡ
2377 610 2473 679 τῆς
2494 606 2748 677 ἀληθείας
2771 602 3061 667 ἀπόδειξις.
3096 601 3256 654 Ἀλλά
3274 602 3381 672 γὰρ
3413 601 3587 672 ὑπερ·

2005 699 2176 753 6αίνει
2217 700 2413 771 μέτρον
2452 697 2742 766 ἐπιστολῆς
2769 697 2796 749 6
2832 695 3088 766 περὶτῆς
3128 694 3364 756 πίστεως
3403 693 3577 760 λόγος.

2019 792 2204 861 Ἀρκεί
2232 791 2287 843 δέ
2316 790 2412 845 καὶ
2442 789 2511 843 τὰ
2529 789 2685 857 ὀλίγα
2708 786 2881 839 ταῦτα
2908 785 3149 856 ῥημάτια
3171 784 3341 851 δείξαι
3362 783 3455 837 τὸν
3479 784 3581 852 τῆς

2006 885 2370 956 ἀποστολικῆς
2402 885 2638 947 πίστεως
2673 880 3017 952 χαρακτῆρα.

2371 1078 2497 1132 KB'.
2529 1107 2594 1118 -
2628 1075 2945 1141 Οὐλπιανῷ
2972 1075 3206 1144 κόμητι.

2075 1190 2213 1250 Τοὺς
2244 1188 2432 1255 λόγους
2464 1187 2626 1255 φασὶν
2655 1187 2750 1238 καὶ
2780 1185 2847 1238 τὰ
2888 1184 2989 1236 οὐκ
3019 1179 3076 1236 εὖ
3117 1183 3435 1253 διακείμενα
3464 1183 3579 1235 τῶν

2002 1278 2147 1348 ὴθῶν
2179 1278 2600 1348 μεταρυθμίζειν
2629 1276 2721 1329 καὶ
2746 1275 2956 1346 ἀμείνω
2977 1278 3174 1330 ποιεῖν.
3218 1275 3370 1344 Ἐμοὶ
3404 1273 3458 1327 δέ
3487 1275 3577 1326 δο-

2003 1372 2106 1433 κεῖ,
2141 1369 2209 1421 τὰ
2242 1369 2387 1441 παρὰ
2406 1369 2504 1438 τῆς
2530 1368 2744 1436 φύσεως
2773 1370 2853 1431 είς
2886 1367 3077 1430 κάλλος
3104 1365 3400 1437 κραθέντα,
3429 1366 3574 1417 αὑτά

2006 1461 2132 1521 τοὺς
2152 1460 2345 1526 λόγους
2376 1461 2619 1529 κοσμεῖν,
2652 1460 2746 1511 καὶ
2779 1457 2852 1528 μὴ
2887 1457 3093 1510 δεῖσθαι
3124 1455 3409 1526 ῥημάτων*
3441 1453 3577 1506 καθ-

2004 1548 2143 1619 άπερ
2195 1548 2316 1601 οὐδὲ
2356 1547 2426 1601 τά
2475 1543 2534 1601 εὗ
2581 1546 2865 1615 πεφυκότα
2908 1545 3018 1597 τῶν
3059 1546 3327 1615 σωμάτων
3383 1542 3572 1614 χρῄζει

2000 1636 2109 1691 τῶν
2131 1637 2466 1690 ἐπεισάκτων
2488 1637 2810 1706 χρωμάτων.
2850 1634 3073 1698 Τούτοις
3096 1638 3124 1689 6
3145 1632 3569 1703 ἐλλογιμώτατος

331 1728 679 1782 Athanasius.
706 1728 812 1784 Sed
836 1744 922 1783 me
942 1729 1180 1798 amplius
1195 1728 1509 1793 delectavit,
1529 1727 1675 1797 quod
1702 1728 1888 1782 ardens

2015 1726 2329 1789 Ἀθανάσιος
2354 1728 2381 1778 ὁ
2413 1727 2597 1797 ῥήτωρ
2617 1723 3015 1795 λαμπρύνεται.
3038 1718 3177 1777 Ἧσε
3201 1724 3258 1775 δέ
3289 1741 3355 1794 με
3384 1723 3570 1786 πλέον,

328 1827 413 1873 est
438 1829 647 1874 amator
678 1820 1093 1891 magniﬁcentia:
1115 1820 1325 1890 1M7
1355 1826 1481 1873 tuae.
1507 1819 1721 1874 Laudes
1747 1819 1895 1874 enim

331 1920 453 1965 tuas
486 1911 785 1981 praedicare
818 1926 928 1965 non
962 1920 1158 1966 cessat.
1192 1913 1306 1982 Ego
1338 1928 1469 1967 vero
1496 1927 1620 1967 cum
1644 1913 1738 1967 illo
1764 1928 1898 1969 eon-

324 1998 582 2065 tendens,
613 2008 669 2054 et
700 2015 789 2055 res
815 2008 939 2054 tuas
968 2015 1255 2062 enarratis,
1285 2000 1543 2056 laudibus
1588 2002 1894 2057 vineebam.

328 2089 488 2143 I‘Iura
533 2090 681 2145 enim
727 2092 985 2160 praeclara
1042 2091 1289 2146 facinora
1339 2100 1432 2147 tua
1464 2094 1613 2147 novi.
1667 2092 1899 2149 Crucior

326 2188 529 2246 autem,
555 2181 701 2251 quod
739 2191 829 2237 tua
851 2183 1036 2237 omnia
1066 2197 1175 2237 non
1219 2183 1459 2247 laudem,
1490 2184 1587 2238 sed
1624 2184 1896 2238 bonorum

326 2280 487 2341 caput
530 2273 787 2328 laudibus
833 2273 944 2327 tuis
982 2273 1174 2328 deesse
1215 2273 1376 2327 video
1415 2292 1428 2327 :
1471 2274 1619 2343 quod
1670 2273 1895 2343 quidem

325 2364 588 2419 accedere
629 2366 674 2419 si
709 2366 855 2421 Deus
877 2366 1234 2431 concesserit,
1278 2366 1332 2420 in
1371 2367 1520 2420 omni
1554 2381 1753 2437 genere
1781 2368 1893 2421 vir-

328 2456 460 2511 tutis
485 2456 779 2527 imperium
802 2456 947 2527 apud
974 2471 1166 2513 omnes
1194 2457 1495 2523 obtinebis,
1522 2458 1615 2528 qui
1643 2458 1893 2514 eamdem

326 2560 503 2603 tecum
538 2551 710 2603 vitam
738 2548 966 2604 ducunt.

646 2658 833 2713 XXIII.
864 2658 1259 2714 —Areobindw
1286 2661 1529 2729 patricio.

393 2772 623 2828 Divitias
682 2781 740 2828 et
797 2779 1174 2842 paupertatem
1231 2770 1548 2825 hominibus
1608 2769 1893 2825 distribuit

324 2863 567 2916 oiimium
584 2863 775 2934 Opifex
800 2871 855 2919 et
878 2863 1209 2926 Moderator,
1228 2878 1339 2917 non
1362 2862 1619 2933 injustam
1634 2876 1893 2916 exserens

324 2952 670 3017 sententiam,
706 2952 803 3008 sed
831 2951 1088 3007 utilitatis
1121 2950 1407 3006 materiam
1437 2949 1706 3004 divitibus
1732 2949 1890 3003 exhi-

326 3044 480 3107 bens,
514 3061 815 3114 pauperum
841 3054 1160 3114 egestatem.
1185 3042 1505 3111 Eodemque
1531 3040 1694 3095 modo
1724 3040 1891 3095 casti-

2003 1818 2237 1889 ἐραστὴς
2274 1816 2473 1887 θερμὸς
2511 1817 2609 1886 τῆς
2652 1815 2925 1887 ὑμετέρας
2971 1813 3439 1887 μεγαλοπρεπείας
3478 1830 3574 1881 γε-

2004 1910 2196 1977 γονώς.
2240 1909 2350 1961 Ἀεὶ
2382 1910 2491 1979 γὰρ
2526 1908 2670 1978 ὑμᾶς
2703 1909 2968 1980 εὐφημῶν
3020 1907 3265 1961 διετέλει.
3306 1905 3568 1977 Ἀμιλλὼο

2009 2015 2171 2068 μενος
2204 1997 2261 2051 δὲ
2290 1997 2420 2067 ἐγὼ,
2453 2000 2544 2052 καὶ
2565 1997 2778 2065 διεξιὼν
2808 1998 2877 2051 τὰ
2906 1999 3163 2070 ὑμέτερα,
3194 2001 3304 2062 τοῖς
3327 1999 3575 2062 ἐπαίνοις

1999 2088 2212 2144 ἐνίκων.
2262 2090 2488 2143 Πλείονα
2537 2090 2645 2161 γάρ
2678 2091 2833 2159 ὑμῶν
2878 2090 3173 2161 ἐπίσταμαι
3211 2088 3570 2159 κατορθώμα-

1997 2199 2084 2235 τα.
2138 2180 2399 2251 Ἀνιῶμαι
2456 2181 2512 2233 δέ
2554 2182 2629 2251 μὴ
2672 2182 2845 2234 πάντα
2899 2182 3136 2234 ἐπαινῶν
3177 2181 3245 2233 τά
3300 2181 3565 2250 ὑμέτερα,

1998 2274 2133 2327 ἀλλά
2164 2274 2224 2326 τὸ
2240 2274 2529 2341 κεφάλαιον
2545 2274 2652 2326 τῶν
2679 2273 2899 2341 ἀγαθῶν
2918 2273 3161 2326 ἐλλεῖπον
3182 2276 3292 2336 τοῖς
3318 2274 3567 2335 ἐπαίνοις

1996 2364 2138 2435 όρῶν
2163 2381 2176 2395 ο
2216 2364 2354 2435 ὅπερ
2396 2366 2443 2416 εἰ
2484 2363 2598 2433 δοίη
2651 2362 3045 2433 προσγενέσθαι
3085 2363 3242 2427 Θεὸς,
3285 2364 3341 2415 ἐν
3389 2364 3570 2417 ἅπασι

1995 2459 2106 2518 τοῖς
2154 2456 2253 2527 τῆς
2296 2456 2497 2526 ἀρετῆς
2545 2455 2711 2509 είδεσι
2766 2455 2906 2508 κατά
2968 2456 3187 2510 πάντων
3236 2456 3463 2524 σχήσετε
3504 2454 3574 2507 τὸ

1995 2548 2214 2617 κράτος,
2244 2547 2354 2600 τῶν
2374 2547 2473 2619 τὴν
2503 2549 2672 2621 αὐτὴν
2700 2549 2826 2621 ὑμῖν
2860 2548 3041 2619 βιοτὴν
3074 2548 3383 2619 μετιόντων.

2308 2663 2437 2717 KI".
2461 2694 2531 2703 —-
2570 2662 2908 2733 Ἀρεοόίνδᾳ
2941 2664 3246 2731 πατρικίῳ.

2066 2770 2299 2824 Πλοῦτον
2326 2772 2420 2825 καὶ
2440 2772 2631 2828 πενίαν
2656 2775 2767 2837 τοῖς
2788 2773 3095 2844 ἀνθρώποις
3123 2772 3387 2842 διένειμεν
3406 2773 3436 2825 6
3454 2772 3570 2825 τῶν

1993 2862 2129 2915 ὅλων
2160 2864 2501 2936 Δημιουργός
2532 2882 2591 2918 τε
2623 2866 2715 2919 καὶ
2749 2868 3036 2936 Πρύτανις,
3075 2865 3175 2917 οὑκ
3204 2864 3371 2934 ἀδίκῳ
3394 2863 3570 2933 ψήφῳ

1993 2954 2356 3023 χρησάμενος,
2412 2954 2526 3008 ἀλλ’
2559 2956 2813 3027 ἀφορμὴν
2840 2954 3105 3024 ὠφελείας
3140 2957 3250 3017 τοῖς
3288 2954 3569 3019 πλουσίοις

1992 3044 2266 3115 παρέχων,
2292 3046 2401 3099 τῶν
2432 3047 2679 3117 πενήτων
2714 3047 2814 3117 τὴν
2844 3047 3069 3100 ἔνδειαν.
3106 3045 3291 3108 Οὕτως
3327 3045 3421 3099 καὶ
3462 3045 3566 3108 τὰς

322 3134 567 3202 gatioues
607 3133 923 3187 hominibus
956 3131 1187 3201 inﬂigit,
1217 3147 1325 3185 non
1371 3139 1582 3185 tantum
1611 3138 1670 3183 ut
1702 3146 1888 3200 ptenas

1997 3136 2240 3200 παιδείας
2270 3140 2381 3200 τοῖς
2402 3136 2710 3209 ἀνθρώποις
2742 3138 2961 3206 ἐπάγει,
2994 3138 3053 3192 οὐ
3086 3138 3246 3208 μόνον
3271 3137 3426 3200 δίκας
3447 3138 3567 3190 τῶν
3614 3134 3623 3141 ’

320 3225 499 3293 exigat
522 3224 1076 3289 delictorum,verum
1096 3224 1261 3277 etiam
1294 3233 1356 3278 ut
1390 3223 1769 3278 beneﬁcentia:
1786 3238 1886 3275 an-

322 3329 439 3367 sam
485 3315 729 3384 praebeat
771 3316 1069 3386 opulentis.
1120 3314 1258 3369 Cum
1301 3330 1431 3385 ergo
1471 3314 1683 3384 ﬂagella
1728 3312 1889 3368 nobis

320 3392 603 3475 superiore
629 3422 779 3461 anno
803 3406 1097 3461 incusserit
1127 3406 1412 3471 Dominus,
1442 3406 1616 3459 multo
1644 3405 1734 3459 illa
1762 3404 1885 3474 qui-

317 3499 442 3553 dem
472 3498 711 3568 peccatis
750 3500 978 3563 leviora,
1016 3498 1112 3553 sed
1155 3499 1224 3561 ad
1264 3497 1591 3553 cruciandos
1621 3497 1889 3567 agricolas

318 3586 535 3649 idonea,
569 3586 636 3641 de
666 3586 868 3656 quibus
887 3587 1135 3655 proxime
1155 3602 1254 3657 per
1275 3586 1499 3640 colonos
1532 3592 1740 3640 vestros
1765 3600 1886 3639 cer-

319 3675 513 3730 tiorem
567 3674 670 3729 feci
724 3676 1107 3735 excellentiam
1169 3684 1410 3731 vestram
1457 3692 1469 3728 :
1525 3674 1882 3741 miseremini,

314 3763 565 3829 obsecro,
589 3772 748 3820 terra
768 3764 1066 3830 cultorum,
1086 3765 1179 3834 qui
1207 3765 1449 3820 laborem
1475 3765 1883 3835 impenderunt,

312 3862 369 3906 et
403 3852 642 3906 fructum
683 3853 942 3923 exiguum
994 3854 1355 3925 collegerunt.
1398 3856 1516 3909 Fiat
1548 3856 1707 3910 vobis
1752 3857 1883 3911 anni

313 3943 576 3997 sterilitas
595 3944 898 4013 spiritualis
921 3946 1277 4002 abundantia}
1292 3947 1531 4009 occasio,
1557 3957 1613 4001 et
1641 3947 1882 4002 divinam

313 4031 742 4086 misericordiam
776 4050 875 4102 per
906 4034 1338 4091 misericordiam
1386 4036 1545 4089 istam
1590 4036 1878 4105 capessite.

310 4120 608 4190 Propterea
644 4122 789 4176 enim
844 4124 1181 4180 clarissimus
1229 4142 1446 4195 quoque
1489 4126 1783 4197 Dionysius
1814 4127 1881 4181 ad

310 4213 704 4269 sublimitatem
734 4223 971 4272 vestram
1012 4217 1293 4287 profectus
1331 4226 1435 4279 est,
1469 4217 1694 4271 vulnera
1726 4226 1880 4287 pate-

310 4303 579 4371 facturus,
620 4314 681 4360 ut
722 4308 1067 4363 curationem
1105 4308 1337 4378 recipiat
1376 4326 1387 4361 :
1430 4308 1523 4377 qui
1572 4319 1628 4363 et
1671 4309 1882 4365 litteras

312 4395 443 4451 istas
464 4397 614 4452 velut
640 4400 1095 4470 supplicationem
1120 4398 1411 4468 quamdam
1438 4398 1618 4463 aﬁ‘ert,
1651 4414 1750 4469 per
1781 4399 1880 4454 has

1990 3228 2542 3299 πεπλημμελημένων
2566 3230 2961 3302 πραττόμενος,
2987 3229 3125 3282 ἀλλά
3164 3230 3258 3283 καὶ
3287 3230 3567 3299 πρόφασιν

1990 3318 2069 3381 είς
2120 3317 2528 3390 φιλανθρωπίαν
2568 3323 2682 3385 τοῖς
2725 3321 2981 3392 εὐπόροις
3022 3320 3285 3391 πορίζων.
3339 3318 3564 3389 Ἐπειδὴ

1988 3407 2165 3462 τοίνυν
2199 3410 2466 3478 μάστιγας
2492 3412 2624 3481 ἡμῖν
2670 3411 2828 3481 τῆτες
2864 3413 3169 3483 ἐπήνεγκεν
3194 3414 3223 3465 6
3257 3410 3558 3480 Δεσπότης,

1988 3499 2095 3554 τῶν
2136 3500 2237 3571 μὲν
2267 3503 2680 3575 ἁμαρτημάτων
2732 3503 2984 3567 ἐλάττους
3030 3503 3231 3573 πολλῷ,
3281 3503 3471 3565 ίκανάς
3500 3502 3567 3555 δὲ

1986 3594 2133 3664 ὅμως
2160 3594 2377 3648 ἀνιᾶσαι
2404 3595 2531 3658 τοὺς
2563 3595 2943 3666 γεωργοῦντας
2991 3596 3109 3668 (καὶ
3134 3594 3337 3658 ταύτας
3365 3593 3565 3665 πρώην

1987 3684 2075 3737 διά
2113 3686 2220 3739 τῶν
2251 3687 2532 3757 ὑμετέρων
2595 3687 2848 3756 γηπόνων
2896 3686 2994 3758 τὴν
3022 3686 3293 3757 ὑμετέραν
3329 3686 3567 3755 μεγαλο-

1989 3778 2151 3845 φυῖαν
2172 3778 2407 3849 ἐδίδαξα)
2430 3794 2441 3808 ’
2472 3779 2796 3849 οἰκτείρατε,
2826 3778 3151 3850 παρακαλῶ,
3182 3778 3307 3841 τοὺς
3327 3776 3427 3846 τῆς
3454 3777 3564 3847 γῆς

1986 3869 2281 3941 ἀροτῆρας,
2311 3869 2403 3921 τὸν
2455 3869 2554 3939 μὲν
2584 3870 2745 3923 πόνον
2789 3870 3223 3938 εἰσενεγκόντας,
3274 3868 3455 3937 ὀλίγον
3497 3867 3561 3921 δὲ

1988 3961 2387 4032 κομισαμένους
2419 3964 2658 4033 καρπόν
2693 3962 2787 4016 καὶ
2816 3962 3060 4031 γενέσθω
3103 3963 3234 4033 ὑμῖν
3268 3964 3301 4032 ἡ
3334 3961 3564 4031 δυσετη-

1988 4049 2077 4117 ρία
2119 4049 2216 4119 τῆς
2255 4052 2632 4122 πνευματικῆς
2680 4051 2964 4122 εὐετηρίας
3012 4052 3297 4116 ὑπόθεσις·
3344 4052 3562 4105 καὶτὸν

1984 4138 2132 4192 ἔλεον
2161 4139 2251 4192 τὸν
2290 4140 2431 4192 θεῖον
2457 4140 2544 4194 διά
2569 4140 2721 4193 τοῦδε
2752 4141 2845 4193 τοῦ
2875 4140 3027 4195 ἐλέου
3060 4143 3389 4213 τρυγήσατε.
3421 4140 3558 4194 Τού-

1983 4246 2076 4281 του
2106 4229 2213 4301 γάρ
2249 4231 2313 4301 δὴ
2341 4231 2501 4301 χάριν
2533 4233 2627 4286 καὶ
2649 4233 2677 4284 6
2708 4232 3091 4304 λαμπρότατος
3113 4234 3389 4297 Διονύσιος
3417 4232 3558 4304 πρὸς

1982 4318 2042 4371 τὸ
2082 4319 2345 4391 ὑμέτερον
2402 4321 2631 4391 μέγεθος
2687 4323 2943 4394 ἔδραμεν,
2992 4325 3061 4378 τά
3110 4324 3258 4395 πάθη
3306 4324 3554 4390 διδάξων,

1983 4410 2069 4463 ἵνα
2100 4412 2200 4482 τὴν
2235 4412 2378 4466 ίασιν
2409 4412 2627 4484 δέξηται
2665 4431 2681 4446 ·
2719 4408 2830 4469 οἷον
2874 4414 2932 4467 δέ
2966 4433 3089 4469 τινα
3121 4415 3397 4488 ἱκετηρίαν
3422 4413 3553 4467 τάδε

312 4485 591 4543 conﬁdens
644 4490 958 4547 uberiorem
1020 4505 1077 4545 se
1138 4489 1559 4544 beneﬁcentiam
1609 4505 1878 4546 consecu-

1997 4505 2286 4577 προσφέρει
2340 4508 2408 4559 τά
2463 4507 2787 4577 γράμματα,
2845 4507 3088 4573 πλείονος
3140 4485 3555 4564 ἀπολαύσασθαι

312 4584 515 4634 turum.

356 4712 574 4784 1088
609 4713 797 4769 XXIV.
828 4744 897 4755 ——
924 4715 1153 4771 Andreae
1174 4717 1415 4787 episcopo
1445 4715 1824 4772 Samosatensi.

375 4825 667 4880 Desiderat
690 4826 935 4896 quidem,
963 4837 1045 4882 sat
1072 4828 1209 4894 seio,
1244 4844 1597 4899 congressum
1628 4839 1878 4885 nostrum

304 4916 480 4985 pietas
531 4926 643 4981 tua,
698 4928 760 4973 ut
802 4919 1003 4974 divina:
1047 4920 1266 4975 alumna
1312 4921 1613 4975 cbaritatis.
1661 4922 1732 4975 At
1772 4937 1876 4993 ego

306 5008 479 5062 multo
516 5010 688 5078 magis
712 5019 993 5080 exspecto,
1024 5020 1231 5081 quanto
1257 5020 1313 5066 et
1344 5014 1606 5082 majorem
1646 5013 1780 5066 mihi
1805 5029 1872 5067 ex

302 5117 597 5173 congressu
650 5118 999 5159 accessuram
1041 5104 1338 5158 utilitatem
1392 5105 1659 5176 intelligo.
1721 5106 1872 5161 Solet

300 5191 445 5246 enim
478 5194 884 5264 quodammodo
920 5206 1134 5267 egestas
1174 5196 1507 5251 desiderium
1546 5198 1867 5262 accendere,

302 5284 396 5336 sed
426 5298 484 5340 ut
518 5288 720 5358 optatis
757 5288 1033 5359 potiamur
1063 5291 1367 5345 concedere
1405 5300 1586 5360 potest
1623 5292 1869 5346 omnium

302 5372 583 5433 Dominus.
618 5382 737 5451 Ipse
763 5380 910 5435 enim
936 5382 1073 5453 regit
1104 5382 1379 5447 universa,
1404 5383 1665 5452 novitque
1688 5384 1707 5403 ⁴
1739 5384 1871 5453 quid

302 5462 646 5529 profuturum
674 5471 765 5535 sit,
790 5480 846 5526 et
868 5472 1097 5542 singulis
1119 5472 1171 5527 id
1196 5475 1511 5542 prospicere
1539 5490 1646 5527 non
1670 5490 1867 5530 cessat.

303 5555 414 5623 Ego
450 5572 583 5613 vero
628 5573 959 5632 quantopere
1000 5564 1200 5619 litteris
1238 5565 1349 5620 tuis
1398 5566 1701 5622 delectatus
1742 5569 1865 5633 sim,

1983 4596 2391 4667 φιλανθρωπίας
2416 4598 2504 4651 διά
2522 4598 2726 4651 τούτων
2757 4598 3010 4663 ἐλπίζων.

2138 4730 2263 4783 KA'.
2294 4760 2363 4770 —-
2392 4730 2642 4799 Ἀνδρέᾳ
2664 4730 2977 4795 ἐπισκόπῳ
2998 4731 3383 4801 Σαμοσάτων.

2049 4842 2214 4895 Ποθεῖ
2245 4842 2364 4913 μὲν,
2406 4838 2465 4896 εὖ
2489 4841 2624 4908 οἶδα,
2652 4844 2751 4913 τὴν
2779 4844 3055 4914 ἡμετέραν
3089 4845 3373 4897 συνουσίαν
3410 4846 3443 4914 ἡ
3478 4846 3554 4917 σὴ

1984 4932 2245 5001 φιλοθεῖα,
2296 4933 2394 5001 τῆς
2434 4934 2583 4996 θείας
2625 4934 2843 5005 ἀγάπης
2902 4934 3220 5005 ὑπάρχουσα
3265 4938 3551 5005 τρόφιμος.

1994 5024 2137 5091 Ἐγὼ
2162 5024 2219 5076 δέ
2248 5023 2410 5077 πλέον
2438 5025 2737 5096 ἱμείρομαι,
2764 5026 2873 5096 ὅσῳ
2897 5025 2991 5077 καὶ
3021 5025 3241 5078 πλείονά
3263 5043 3348 5095 μοι
3374 5041 3553 5095 προσ-

1980 5114 2224 5183 γίνεσθαι
2257 5115 2354 5187 τὴν
2380 5117 2444 5169 ἐκ
2473 5117 2571 5185 τῆς
2596 5117 2880 5180 συνουσίας
2907 5116 3176 5187 ὠφέλειαν
3203 5118 3506 5185 ἐπίσταμαι
3533 5162 3547 5173 ,

1985 5205 2204 5270 Πέφυκε
2234 5207 2341 5278 γάρ
2372 5225 2487 5271 πως
2518 5210 2549 5278 ἡ
2592 5208 2767 5261 ἔνδεια
2814 5210 2913 5278 τὴν
2949 5209 3241 5277 ἐπιθυμίαν
3274 5209 3551 5274 ἐξάπτεινο

1978 5293 2114 5347 ἀλλά
2155 5296 2215 5347 τὸ
2258 5295 2438 5349 δοῦναι
2484 5296 2545 5349 τὸ
2588 5298 2919 5369 ποθούμενον
2958 5299 3180 5363 δυνατὸς
3207 5299 3316 5352 τῶν
3347 5300 3485 5354 ὅλων
3522 5302 3555 5353 6

1980 5385 2203 5456 Κύριος.
2236 5387 2409 5451 Αὐτὸς
2433 5389 2541 5459 γὰρ
2569 5388 2733 5443 ἰθύνει
2764 5389 2832 5445 τά
2878 5390 3185 5460 σύμπαντα,
3216 5392 3393 5443 καὶτὸ
3427 5409 3556 5446 συνη

1977 5479 2144 5530 ο⁷σειν
2195 5479 2384 5548 μέλλον
2458 5481 2763 5547 ἐπίσταται,
2822 5483 2916 5535 καὶ
2977 5483 3136 5537 τοῦτο
3194 5484 3557 5554 πρυτανεύων

1978 5570 2191 5641 ἑκάστῳ
2214 5571 2461 5626 διατελεῖ.
2498 5573 2638 5641 Ἐγὼ
2661 5575 2716 5628 δέ
2743 5577 2865 5629 ὅσον
2890 5575 3208 5647 ηὐφράνθην
3229 5577 3340 5639 τοῖς
3366 5576 3558 5646 γράμ-

373 5709 482 5776 (18)
519 5710 593 5763 Ita
626 5712 874 5779 rescripsi
906 5728 934 5764 e
964 5714 1130 5785 Neap.
1158 5718 1480 5787 Sirmondus
1517 5721 1747 5777 habebat
1780 5725 2078 5795 εὐπρεπής.
