3924 6192
511 268 643 336 1207

1488 275 1532 333 Τ
1537 273 1970 334 IIEODORETI
2013 273 2349 334 EPISCOPI
2383 275 2742 337 CYRENSIS

3619 269 3638 331 1
3648 269 3739 333 208

509 384 807 439 taminibus
868 392 1093 454 propter
1160 383 1374 439 senium
1451 382 1739 436 immunes.
1812 378 1925 435 Hae
1978 397 2069 451 ego

2181 383 2437 437 πλειόνων
2467 383 2693 452 ἀγώνων
2720 381 2806 435 διὰ
2834 381 2894 434 τὸ
2925 380 3101 450 γῆρας
3131 377 3577 450 ἀπηλλαγμένοι.
3614 379 3735 432 Tati-

506 478 782 546 voluptate
817 484 964 529 tuam
1008 491 1225 545 quoque
1256 475 1512 544 pietatem
1553 473 1692 529 aﬂici
1737 490 1882 537 reor,
1919 487 2078 530 sene-

501 575 817 636 ctutemque
849 566 1064 622 facilius
1097 565 1257 630 ferre,
1301 566 1431 620 dum
1467 565 1791 619 recordatur
1823 566 2072 621 laborum

497 657 824 726 iuventutis.

987 771 1177 825 XXIX.
1207 801 1275 810 ——
1304 770 1586 841 Apelliom’.

573 881 702 948 Quae
735 882 1194 953 Carthaginenses
1241 881 1384 952 passi
1422 891 1570 945 sunt,
1606 882 1847 955 Ilischyli
1884 893 1940 938 et
1971 884 2072 939 So—

503 975 715 1043 phoclis
744 974 1008 1044 tragozdia
1040 984 1286 1044 egerent,
1321 983 1484 1043 atque
1509 975 1705 1028 borum
1724 991 1941 1046 quoque
1970 976 2074 1030 lin-

504 1080 664 1134 gnam
703 1064 931 1118 fortasse
977 1065 1222 1119 vinceret
1266 1065 1536 1119 malorum
1588 1066 1925 1136 magnitudo.
1981 1066 2072 1120 llla

502 1157 647 1211 enim
673 1171 703 1210 a
731 1157 992 1210 Romanis
1023 1157 1154 1226 ipsis
1174 1157 1449 1226 quondam
1479 1157 1569 1211 vix
1597 1165 1773 1226 capta,
1808 1158 1918 1210 imo
1950 1173 2073 1227 quae

503 1260 627 1299 cum
665 1246 898 1299 maxima
945 1247 1120 1300 Roma
1156 1245 1224 1299 de
1268 1245 1581 1315 principatu
1622 1262 1766 1316 saepe
1812 1257 2068 1310 certarat,

504 1352 732 1406 eamque
754 1338 808 1391 in
825 1353 1097 1391 summum
1115 1338 1409 1393 discrimen
1430 1340 1749 1402 adduxerat,
1773 1339 2070 1393 ludibrium

502 1427 662 1482 modo
702 1427 844 1483 facta
880 1437 964 1484 est
993 1429 1382 1483 Barbarorum.
1418 1430 1486 1484 Et
1524 1429 1617 1498 qui
1655 1429 2071 1484 celeberrimam

499 1519 619 1589 ejus
639 1520 851 1574 curiam
873 1522 1162 1585 ornabant,
1187 1521 1322 1576 orbe
1355 1529 1468 1575 toto
1492 1536 1640 1574 nunc
1674 1529 1879 1586 errant,
1901 1521 2069 1576 vitam

500 1625 568 1663 ex
624 1610 976 1680 hospitalium
1029 1612 1312 1666 hominum
1383 1611 1637 1666 manibus
1681 1620 2068 1668 sustentantes.

2177 491 2275 544 την
2306 475 2540 545 ἡγοῦμαι
2569 475 2668 544 τὴν
2692 473 2882 544 ἡδονὴν
2908 472 3000 526 καὶ
3025 471 3121 542 τὴν
3149 470 3248 540 σὴν
3274 469 3423 540 ἔχειν
3457 468 3737 536 φιλοθεῒαν,

2177 566 2269 619 καὶ
2305 567 2430 636 ῥᾷον
2462 565 2648 636 φέρειν
2683 564 2742 617 τὸ
2767 566 2964 635 γῆρας,
3000 559 3352 632 μεμνημένην
3382 558 3500 612 τῶν
3522 559 3620 628 τῆς
3640 561 3737 612 vari-

2176 670 2331 724 τητος
2354 653 2548 710 πόνων.

2633 766 2759 818 κον.
2803 794 2871 805 —
2917 763 3280 818 Ἀπελλίωνι.

2245 874 2325 927 Τὰ
2380 873 2764 944 Καρχηδονίων
2807 873 2974 943 πάθη,
3017 873 3116 943 τῆς
3152 871 3424 942 Αἰσχύλου
3464 871 3563 923 καὶ
3596 873 3736 942 Σοφο-

2171 963 2360 1026 κλέους
2397 964 2699 1035 τραγῳδίας
2731 964 2922 1026 ὲδεῖτο,
2960 963 3088 1025 ἴσως
3118 961 3161 1015 δ’
3184 961 3250 1016 ἂν
3275 963 3371 1015 καὶ
3398 961 3511 1032 τὴν
3540 963 3734 1016 ἐκείνων

2173 1053 2389 1124 ἐνίκησε
2419 1053 2663 1122 γλῶτταν
2687 1053 2746 1106 τὸ
2781 1053 3007 1123 μέγεθος
3033 1052 3142 1105 τῶν
3168 1052 3376 1106 κακῶν.
3420 1053 3491 1105 Ἠ
3522 1051 3630 1122 γὰρ
3654 1056 3734 1107 πά-

2172 1145 2261 1198 λαι
2293 1145 2389 1199 καὶ
2431 1144 2720 1214 Ῥωμαίοις
2747 1145 3071 1206 δυσάλωτος,
3110 1143 3311 1213 μᾶλλον
3348 1143 3412 1196 δὲ
3438 1145 3474 1208 ἡ
3505 1147 3574 1213 τῇ
3603 1146 3733 1213 μεγί-
3755 1127 3767 1187 ἰ

2175 1247 2274 1302 στῃ
2313 1230 2499 1303 Ῥώμῃ
2549 1232 2806 1294 πολλάκις
2855 1232 2981 1301 περί
3020 1229 3304 1301 πρωτείων
3354 1230 3618 1301 ἐρίσασα,
3661 1235 3736 1285 καὶ

2172 1321 2261 1373 τὸν
2291 1320 2513 1391 ἔσχατον
2544 1323 2679 1393 αὐτῇ
2718 1321 2958 1375 κίνδυνον
2985 1321 3347 1390 ὲπιστῄσασα.
3402 1319 3506 1373 νῦν
3553 1319 3730 1392 βαρεὰι

2175 1428 2284 1480 ρων
2311 1413 2602 1482 γεγένηται
2647 1413 2942 1483 πάρεργον.
2978 1413 3040 1465 Οἱ
3071 1412 3126 1464 δὲ
3169 1411 3268 1482 τὴν
3307 1411 3735 1483 πολυθρύλλητον

2171 1501 2337 1572 αὐτῆς
2363 1502 2692 1571 κοσμοῦντες
2722 1502 2914 1573 βουλὴν
2952 1503 3030 1563 είς
3058 1503 3240 1555 πᾶσαν
3263 1502 3512 1556 ἀλῶνται
3542 1505 3635 1572 τὴν
3667 1508 3731 1557 οἰ-

2173 1590 2462 1660 κουμένην,
2497 1592 2752 1662 ἀφορμὴν
2781 1590 2996 1660 ἔχοντες
3035 1591 3150 1660 βίου
3185 1591 3292 1643 τῶν
3336 1592 3631 1659 φιλοξένων
3653 1594 3733 1656 τὰς

497 1699 762 1771 Cientque
788 1703 1162 1770 spectantibus
1196 1703 1485 1773 lacrymas,
1513 1712 1569 1756 et
1591 1718 1775 1756 rerum
1802 1703 2069 1758 humana-

2171 1683 2376 1752 χεῖρας.
2402 1681 2625 1734 Κινοῦσι
2649 1681 2705 1734 δὲ
2733 1683 2842 1744 τοῖς
2863 1680 3030 1752 ὁρῶσι
3057 1681 3285 1752 δάκρυα,
3314 1682 3413 1734 καὶ
3437 1682 3728 1736 διδάσκουσι
3824 1689 3825 1746 l

498 1807 620 1844 rum
646 1791 1059 1846 instabilitatem
1084 1792 1592 1861 volubilitatemque
1617 1791 2074 1847 deelarant.Alios

495 1882 750 1950 equidem
780 1883 888 1936 vidi
918 1884 1229 1952 complures
1272 1883 1400 1938 inde
1449 1883 1745 1953 profectos,
1777 1893 1832 1939 et
1863 1884 2022 1939 timui
2055 1901 2070 1938 :

496 1974 683 2027 nescio
719 1974 889 2038 enim,
929 1975 1074 2044 quod
1121 1975 1198 2028 ait
1240 1974 1548 2044 Scriptura,
1595 1975 1727 2044 quid
1769 1991 2074 2045 superven-

503 2075 624 2118 tura
658 2066 838 2134 pariat
872 2065 991 2120 dies
1019 2067 1083 2120 ³⁵.
1128 2066 1375 2120 Veneror
1398 2075 1580 2121 autem
1614 2067 1668 2120 in
1706 2067 1899 2136 primis
1930 2082 2070 2137 prte-

497 2157 898 2211 stantissimum
946 2167 1003 2212 et
1045 2159 1644 2228 magniﬁcentissimum
1687 2158 2069 2224 Celestiacum,

497 2251 588 2323 qui
608 2260 664 2306 et
680 2251 1044 2306 calamitatem
1061 2268 1216 2322 aequo
1241 2252 1345 2308 fert
1365 2255 1566 2319 animo,
1586 2264 1641 2308 et
1656 2254 1933 2309 felicitatis
1950 2270 2073 2308 mu-

502 2343 762 2400 tationem
787 2343 842 2397 in
876 2343 1219 2399 occasionem
1245 2345 1413 2400 vertit
1441 2345 1818 2415 phiIOSOphize,
1853 2344 2073 2399 univer-

497 2449 796 2503 sorumque
811 2435 1103 2490 Rectorem
1118 2436 1324 2500 laudat,
1347 2438 1517 2492 ethoc
1535 2437 1842 2492 conducere
1860 2436 2066 2506 109],

497 2523 814 2588 arbitratur,
859 2523 1004 2593 quod
1042 2524 1130 2579 ille
1169 2532 1265 2578 aut
1311 2524 1426 2578 ﬁeri
1452 2524 1652 2593 jussit,
1687 2531 1781 2577 aut
1811 2539 1879 2577 ne
1915 2522 2070 2576 ﬁeret

491 2614 675 2682 jussit,
699 2623 795 2668 aut
821 2631 889 2669 ne
926 2614 1082 2670 ﬁeret
1108 2631 1215 2668 non
1249 2615 1551 2684 prohibuit.
1589 2613 1886 2668 Ineﬁ‘abilis
1915 2628 2070 2666 nam-

495 2721 600 2775 que
639 2713 722 2759 est
758 2704 956 2758 divinae
993 2704 1359 2759 Providentiae
1401 2704 1562 2756 ratio.
1595 2702 1752 2756 Hune
1793 2718 1899 2755 una
1941 2716 2067 2754 eum

498 2809 664 2848 uxore
689 2810 754 2849 ac
788 2793 914 2849 ﬁliis
947 2795 1387 2865 peregrinantem
1412 2796 1427 2813 '
1453 2793 1860 2848 Abrahamitiea
1893 2793 2065 2848 bene-

494 2885 734 2939 volentia
762 2886 999 2956 exeipiat
1027 2885 1430 2956 magniﬁcentia
1462 2893 1574 2955 tua.
1608 2885 1683 2939 De
1717 2883 1884 2937 animi
1916 2883 2064 2938 enim

498 2976 574 3029 tui
612 2977 986 3047 magnitudine
1025 2977 1265 3031 conﬁsus
1301 2974 1544 3043 hospites
1579 2973 1715 3028 istos
1752 2973 2062 3038 introdueo,

494 3076 550 3122 et
582 3067 865 3124 liberalem
895 3068 1174 3121 dexteram
1203 3074 1352 3122 tuam
1388 3063 1640 3118 ostendo.

925 3282 1093 3343 XXX.
1118 3313 1186 3323 —
1210 3283 1367 3338 Aeria
1400 3281 1663 3354 sapitistaz.

566 3397 704 3452 Ecce
734 3400 844 3468 jam
883 3405 1099 3466 tempus
1122 3403 1229 3459 est,
1268 3404 1329 3449 ut
1351 3393 1632 3448 academia
1667 3400 1849 3448 vestra
1875 3393 2068 3464 dispu-

495 3490 762 3544 tationum
817 3489 1111 3542 utilitatem
1151 3487 1511 3542 demonstret.
1561 3485 1737 3540 Audio
1783 3485 1932 3540 enim
1954 3501 2069 3540 cce-

497 3590 613 3635 tum
646 3579 790 3651 apud
827 3595 926 3635 vos
964 3578 1230 3634 illustrem
1259 3577 1601 3647 congregari,
1657 3583 1714 3629 et
1748 3589 2070 3630 consessum

492 3691 559 3730 ex
583 3674 716 3728 viris
746 3680 1026 3736 constare,
1056 3671 1151 3740 qui
1188 3678 1242 3726 et
1284 3667 1414 3723 aviti
1469 3667 1687 3738 generis
1722 3665 2071 3736 splendorem

493 3764 814 3834 praeferant,
837 3771 897 3821 et,
918 3762 1107 3832 lingua
1140 3759 1252 3814 sint
1286 3758 1594 3829 perpolita;
1660 3771 1944 3811 sermones
1968 3772 2070 3810 au-

496 3863 606 3908 tem
643 3852 800 3907 vobis
849 3866 971 3906 esse
1024 3858 1144 3908 tum
1181 3847 1250 3902 de
1289 3846 1512 3900 .virtute
1549 3854 1604 3899 et
1659 3843 2071 3899 immortalitate

494 3942 692 4007 animi,
723 3951 840 3996 tum
897 3940 965 3994 de
1001 3938 1212 3994 caeteris
1255 3952 1376 4006 quae
1410 3951 1538 3990 cum
1589 3935 1676 3988 his
1709 3934 2066 3989 conveniunt.

494 4029 675 4096 Quare
710 4029 1056 4083 nobilitatem
1091 4026 1254 4082 nobis
1287 4024 1457 4078 animi
1479 4033 1536 4078 et
1560 4023 1829 4093 pretiosas
1887 4024 2068 4077 virtu-

498 4121 566 4176 tis
590 4136 722 4190 opes
743 4136 809 4174 ex
835 4128 1080 4189 tempore
1115 4118 1410 4182 ostendite,
1442 4115 2069 4186 praestantissimumque

494 4221 551 4267 et
603 4211 1205 4281 magniﬁcentissimum
1260 4209 1624 4264 Celestiacum
1664 4207 1947 4277 suscipite,
2010 4214 2070 4260 ut

496 4305 591 4375 qui
625 4303 897 4359 volubiles
928 4303 1183 4357 humana:
1232 4300 1512 4355 felicitatis
1566 4303 1900 4354 mutationes
1932 4299 2068 4354 estis

2174 1771 2280 1823 τῶν
2308 1772 2658 1843 ἀνθρωπείων
2688 1772 3027 1844 πραγμάτων
3057 1771 3116 1826 τὸ
3147 1772 3419 1843 σφαλερόν
3453 1793 3518 1828 τε
3543 1777 3635 1828 καὶ
3657 1778 3728 1828 ei»

2179 1865 2439 1936 ρίπιστον.
2493 1865 2725 1928 Πολλοὺς
2774 1866 2871 1937 μὲν
2911 1861 3001 1919 οὖν
3057 1866 3150 1920 καὶ
3200 1868 3398 1931 ἄλλους
3442 1869 3728 1940 ἐθεασάμην

2173 1955 2380 2008 ἐκεῖθεν
2404 1954 2750 2026 ἐληλυθότας,
2786 1957 2878 2010 καὶ
2905 1957 3020 2020 δέος
3045 1957 3334 2027 ἐδεξάμην.
3365 1959 3444 2011 Οὐ
3480 1958 3588 2030 γάρ
3614 1956 3726 2023 οἶδα,

2173 2046 2314 2101 κατά
2341 2046 2437 2117 τὴν
2468 2046 2708 2118 Γραφὴν,
2742 2047 2794 2100 τί
2825 2046 3038 2111 τέξεται
3064 2048 3096 2118 ἡ
3127 2047 3380 2103 ἐπιοῦσα.
3416 2050 3659 2121 Ἀγαμαι
3682 2052 3725 2104 δὲ
3823 2049 3825 2118 1

2173 2138 2270 2207 ούχ
2302 2137 2501 2208 ἥκιστα
2527 2138 2618 2190 τδν
2639 2137 3087 2207 θαυμασιώτατον
3113 2139 3206 2191 καὶ
3233 2140 3727 2210 μεγαλοπρεπέσταο

2172 2243 2262 2279 τον
2285 2227 2648 2279 Κελεστιακὸν
2671 2225 2803 2298 (ill)-
2830 2225 2986 2296 φέρει
3017 2226 3126 2298 γὰρ
3139 2229 3401 2293 γενναίως
3423 2229 3521 2301 τὴν
3547 2247 3723 2301 συμφο-

2175 2317 2294 2388 ρὰν,
2346 2318 2439 2370 καὶ
2489 2317 2588 2388 τὴν
2634 2317 2733 2386 τῆς
2783 2317 3082 2388 εὐπραξίας
3133 2319 3441 2390 μεταϐολὴν
3499 2322 3723 2391 ἀφορμὴν

2173 2410 2406 2461 ποιεῖται
2463 2407 2799 2478 φιλοσοφίας,
2857 2409 3096 2461 καὶτῶν
3139 2410 3276 2463 ὅλων
3338 2411 3433 2464 τὸν
3483 2412 3724 2482 Πρύτανιν

2171 2500 2416 2568 ἀνυμνεῖ,
2450 2497 2544 2551 καὶ
2581 2497 2738 2552 τοῦτο
2770 2499 3043 2570 συμφέρον
3085 2500 3408 2572 ὑπείληφεν,
3445 2503 3580 2572 ὅπερ
3608 2506 3721 2555 ἐκεῖ·

2170 2608 2256 2656 νος
2283 2590 2315 2659 ἢ
2342 2590 2598 2659 γενέσθαι
2638 2590 2995 2661 προσέταξεν,
3025 2593 3057 2663 ἤ
3093 2594 3385 2664 γινόμενον
3419 2595 3524 2648 οὐκ
3550 2595 3718 2647 ἐκώλυσ

2172 2700 2284 2737 σεν.
2314 2683 2590 2754 Ἀρῤητος
2621 2682 2728 2753 γάρ
2761 2684 2862 2752 τῆς
2909 2683 3061 2748 θείας
3120 2686 3469 2756 προμηθείας
3501 2689 3529 2740 ὁ
3568 2688 3715 2755 λόγος.

2169 2773 2368 2827 Τοῦτον
2407 2773 2547 2842 μετὰ
2574 2775 2676 2843 τῆς
2704 2775 2976 2845 ὁμοζύγου
3021 2777 3114 2831 καὶ
3143 2778 3250 2830 τῶν
3283 2780 3496 2832 παίδων
3534 2796 3718 2851 περινοο

2170 2863 2395 2918 στοῦντα
2469 2864 2831 2936 Ἀϐραμιαίας
2902 2865 3186 2931 ἀξιωσάτω
3251 2870 3710 2940 φιλοφροσύνηςή

2168 2956 2407 3026 ὑμετέρα
2439 2956 2899 3027 μεγαλοπρέπεια.
2931 2960 3008 3030 Τῇ
3038 2960 3146 3028 γὰρ
3168 2960 3413 3031 ὑμετέρα
3439 2961 3711 3030 μεγαλοψυ-

2095 3037 2138 3095 C
2171 3049 2265 3118 χίᾳ
2288 3047 2529 3120 θαρρῶν,
2565 3049 2788 3116 ξεναγὸς
2822 3049 3000 3104 αὐτῶν
3031 3053 3359 3123 γεγένημαι,
3405 3055 3502 3108 καὶ
3522 3053 3609 3124 τὴν
3642 3070 3712 3121 φι-

2170 3140 2387 3212 λότιμον
2417 3141 2571 3212 ὑμῶν
2604 3143 2955 3214 ὑποδείκνυμι
2980 3144 3179 3210 δεξιάν.

2585 3279 2664 3332 Λ’.
2695 3310 2763 3318 -
2804 3278 3004 3347 Ἀερίῳ
3037 3279 3324 3350 σοφιστῇ.

2257 3389 2388 3443 Ἰδοὺ
2422 3389 2614 3462 καιρὸς
2651 3391 2750 3461 τὴν
2775 3391 3050 3463 ὑμετέραν
3085 3391 3402 3462 ἀκαδημίαν
3436 3391 3594 3454 δεῖξαι
3624 3388 3708 3441 τῶν

2172 3481 2344 3550 λόγων
2371 3481 2468 3552 τὴν
2490 3481 2779 3550 ὠφέλειαν.
2816 3481 3023 3534 Ἀκούω
3062 3480 3171 3552 γὰρ
3202 3481 3463 3550 σύλλογον
3492 3479 3706 3550 λαμπρὸν

2171 3572 2488 3644 ἀγείρεσθαι
2522 3572 2659 3644 πρὸς
2696 3573 2861 3643 ὑμᾶς,
2897 3574 2992 3625 καὶ
3032 3572 3092 3625 τὸ
3140 3572 3422 3642 συνέδριον
3455 3573 3510 3638 ἐξ
3536 3570 3706 3641 ἀνδρῶν

2171 3662 2312 3720 εἶναι
2337 3667 2637 3737 προγονικῇ
2685 3663 3014 3736 περιφανείᾳ
3055 3665 3492 3735 σεμνυνομένων,
3525 3664 3605 3716 καὶ
3628 3664 3704 3729 τὴν

2172 3760 2420 3829 γλῶτταν
2465 3759 2912 3831 κεκαθαρμένων,
2946 3758 3041 3812 καὶ
3080 3758 3206 3822 τοὺς
3225 3758 3420 3826 λόγους
3444 3759 3560 3828 ὑμῖν
3581 3753 3703 3824 γενέ-

2175 3851 2296 3906 σθαι
2323 3852 2432 3924 (22)
2463 3852 2589 3921 περί
2617 3868 2674 3904 τε
2716 3851 2918 3922 ἀρετῆς
2953 3851 3045 3903 καὶ
3077 3849 3381 3913 ἀθανασίας
3408 3849 3595 3920 ψυχῆς,
3631 3846 3702 3899 καὶ

2169 3943 2278 3997 τῶν
2301 3943 2475 3997 ἄλλων
2498 3943 2598 3994 ὅσα
2629 3941 2840 4003 τούτοις
2865 3941 3174 4010 συμϐαίνει.
3209 3940 3433 4006 Δείξατε
3461 3935 3700 4008 τοιγαροῦν

2171 4035 2302 4103 ἡμῖν
2337 4034 2416 4094 είς
2447 4032 2638 4102 καιρὸν
2671 4031 2771 4100 τῆς
2818 4029 2997 4100 ψυχῆς
3031 4029 3128 4100 τὴν
3175 4031 3480 4098 εὐγένειαν,
3513 4031 3594 4082 καὶ
3626 4027 3698 4094 τῆς

2171 4125 2375 4195 ἀρετῆς
2408 4124 2500 4177 τὸν
2551 4124 2873 4194 ἀξιόκτητον
2923 4122 3174 4184 πλοῦτον,
3223 4122 3320 4175 καὶ
3377 4119 3588 4187 δέξασθε
3630 4118 3697 4169 τὸν

2171 4215 2626 4286 θαυμασιώτατον
2675 4214 2770 4268 καὶ
2821 4213 3414 4284 μεγαλοπρεπέστατον
3448 4212 3694 4266 Κελεστια-

2173 4307 2288 4371 κὺν,
2317 4306 2394 4370 ὡς
2422 4306 2523 4376 τῆς
2552 4305 2897 4376 ἀνθρωπείας
2925 4305 3221 4376 εὐημερίας
3249 4304 3603 4374 δεδιδαγμένοι
3623 4300 3696 4358 τὰς

473 4395 701 4452 “edocti.
760 4395 893 4448 Nam
954 4403 1011 4448 et
1057 4392 1174 4462 ipse
1227 4389 1504 4460 quondam
1546 4389 2064 4461 Carthaginensium

2172 4399 2573 4470 ἀγχιστρόφους
2631 4395 2952 4467 μεταϐολάς.
2995 4399 3099 4450 Καὶ
3143 4397 3252 4467 γὰρ
3301 4397 3470 4460 αὐτὸς
3514 4394 3694 4460 ἐκόσμει

496 4486 847 4556 metropolim-
869 4485 1170 4540 exornabat
1204 4490 1297 4536 :et
1332 4481 1531 4535 domus
1565 4496 1679 4535 suae
1707 4482 1904 4552 januas
1925 4482 2070 4535 mul-

2170 4491 2268 4560 μὲν
2315 4490 2483 4543 πάλαι
2529 4489 2629 4559 τὴν
2683 4487 3074 4559 Καρχηδονίων
3117 4487 3484 4559 μητρόπολιν·
3523 4483 3694 4541 πολλοῖς

495 4577 571 4631 tis-
588 4577 903 4646 hospitibus
925 4574 1206 4646 pateteeit,
1234 4588 1339 4628 nec
1357 4573 1538 4628 aliena
1568 4572 1938 4628 beneﬁcentia
1961 4571 2068 4627 sibi

2171 4583 2220 4635 δὲ
2250 4582 2423 4647 ξένοις
2457 4583 2757 4635 ἀνεπέτασε
2788 4581 2887 4644 τάς
2921 4580 3092 4651 θύρας
3119 4580 3221 4649 τῆς
3249 4581 3448 4644 οἰκίας,
3478 4579 3567 4648 τῆς
3593 4573 3686 4629 ἑτέ-

493 4685 633 4739 epus
693 4669 812 4723 fore
865 4665 1127 4738 speravit.
1167 4665 1249 4719 Tu
1275 4681 1405 4736 ergo
1434 4675 1490 4719 et
1523 4665 1764 4735 linguam
1801 4665 1879 4718 illi
1913 4677 2068 4718 com-

495 4761 676 4825 moda,
710 4769 935 4830 tuaque,
985 4759 1179 4822 amice,
1216 4773 1350 4812 voce
1405 4757 1670 4827 indigenti
1701 4755 2066 4826 patrocinare.

495 4851 771 4906 Poeticam
801 4851 953 4905 enim
990 4866 1101 4906 non
1129 4850 1237 4906 fert
1255 4850 1608 4913 sententiam,
1644 4865 1766 4918 quae
1822 4849 2069 4918 increpat

493 4949 768 5012 egentem,
790 4941 836 4996 si
861 4941 1007 5012 quod
1035 4941 1269 4996 verbum
1298 4941 1611 5010 protulerit.
1653 4941 1721 4994 Et
1759 4939 1826 4994 iis
1857 4955 1887 4993 c
1921 4948 2067 4994 cmtu

495 5032 601 5087 isto
649 5032 744 5100 qui
793 5042 1023 5102 possunt
1049 5032 1240 5097 suade,
1273 5041 1334 5086 ut
1382 5031 1594 5085 Alcinoi
1638 5031 2074 5100 hospitalitatem»

493 5123 844 5186 aemulentur,
911 5138 975 5177 ac
1019 5131 1400 5192 paupertatem
1450 5137 1574 5191 qua:
1615 5121 1890 5190 insperata
1941 5121 2072 5175 huic

494 5212 694 5284 obtigit
724 5212 1022 5282 depellant,
1053 5222 1110 5267 et
1135 5213 1420 5269 adversam
1446 5211 1720 5266 fortunam
1753 5213 1806 5266 in
1839 5227 2069 5282 prospe-

495 5321 614 5360 ram
676 5312 1020 5371 convertant,
1073 5305 1282 5376 1092
1329 5305 1731 5376 benignumque
1779 5305 2074 5360 Dominum

567 5463 610 5494 ³⁸
645 5462 804 5518 Prov.
837 5479 1002 5529 xxvn,
1031 5461 1082 5515 l.

570 5612 678 5680 (2|)
711 5615 1114 5688 Κελεστινιανόν
1145 5616 1376 5671 habebat
1403 5617 1690 5672 Vaticanus
1727 5617 1869 5688 apud
1903 5617 2065 5672 Baro—

499 5686 646 5738 niunl
674 5687 738 5740 ad
767 5703 813 5737 a.
847 5685 907 5738 C.
934 5687 1066 5751 H0;
1098 5694 1224 5740 tom.
1261 5687 1345 5747 Vl,
1379 5703 1432 5755 p.
1467 5688 1515 5739 3.

2170 4693 2276 4744 ρων
2332 4674 2389 4726 δὲ
2443 4672 2858 4742 φιλανθρωπίας
2910 4673 3008 4724 οὐκ
3056 4672 3286 4741 ἤλπισεν
3336 4665 3691 4740 ὲπιδεήσεσθαι.

2168 4760 2328 4811 Γενοῦ
2351 4759 2533 4812 τοίνυν
2561 4758 2708 4828 αὐτῷ
2733 4758 2970 4826 γλῶττα,
2999 4759 3094 4811 καὶ
3123 4759 3509 4830 συνηγόρησον.
3531 4751 3570 4810 ὦ
3594 4753 3689 4822 φίλη

2169 4850 2402 4921 κεφαλὴ,
2433 4852 2531 4920 τῆς
2566 4851 2666 4918 σῆς
2697 4849 2938 4920 δεομένῳ
2988 4851 3172 4920 φωνῆς
3192 4866 3206 4879 °
3248 4851 3350 4920 τῆς
3380 4851 3486 4918 γὰρ
3520 4861 3693 4912 ποιητι·

2167 4944 2270 5013 κῆς
2303 4944 2403 4996 οὐκ
2449 4943 2701 5012 ἀνέχεται
2743 4943 3139 5013 παραινέσεως,
3172 4944 3206 5013 ἢ
3255 4943 3460 4997 κελεύει
3497 4941 3577 4994 τὸν
3599 4933 3689 4989 636-

2173 5051 2352 5104 μενονο
2405 5035 2499 5087 καὶ
2547 5035 2696 5106 ῥῆμα
2729 5035 2796 5088 ἄν
2851 5053 2902 5087 τι
2951 5033 3076 5105 διδῷ
3101 5036 3247 5104 (25)·
3279 5033 3373 5087 καὶ
3412 5036 3582 5086 πεῖσον
3617 5020 3688 5079 τοῦ

2171 5124 2432 5192 συλλόγου
2491 5124 2618 5186 τοὺς
2667 5124 2998 5194 δυναμένους
3042 5125 3140 5193 τὴν
3176 5125 3446 5178 Ἀλκινόου
3489 5119 3687 5190 ζηλῶσαι

2169 5214 2494 5282 φιλοξενίαν,
2548 5217 2640 5268 καὶ
2674 5216 2772 5285 τὴν
2823 5215 3083 5284 ἀδόκητον
3132 5215 3281 5284 αὐτῷ
3321 5208 3686 5287 προσπεσοῦσαν

2170 5305 2418 5369 ἐξελάσαι
2450 5305 2662 5371 πενίαν,
2697 5305 2792 5359 κα)⁵
2825 5305 2922 5375 τὴν
2953 5305 3285 5376 δυσκληρὶαν
3328 5307 3407 5368 είς
3439 5295 3687 5369 εὐκληρξαν

2384 5614 2642 5682 γίνεσθαι.
2675 5618 2843 5686 Neap.

2238 5683 2351 5755 (εδ)
2381 5687 2500 5741 ἀντὶ
2533 5691 2685 5760 αἰδῷ.
2727 5683 2891 5758 Neap.
