3924 6192
282 274 416 339 1209

1535 282 1897 343 EPISTULA
1934 282 2177 342 XXXII.

3370 276 3506 343 1210

281 388 628 457 μετασαλείνο
683 391 895 446 καὶτὸν
938 394 1317 465 φιλάνθρωπον
1350 394 1590 465 ὑμνῆσαι
1628 396 1826 448 Δεσπό-

1939 394 2184 460 laudent,
2217 394 2311 468 qui
2355 394 2552 449 alienis
2575 410 2676 449 nos
2704 390 3108 448 calamitatibus
3133 388 3310 444 erudit
3359 409 3371 444 :
3408 392 3503 460 qui

278 495 400 548 την,
432 478 514 533 ὅτι
540 482 651 546 τοῖς
677 480 977 553 ἀλλοτρίοις
1000 485 1149 555 ἡμᾶς
1176 484 1497 555 σωφρονίζει
1527 485 1835 555 παθήμασι,

1940 501 2041 540 nos
2062 485 2129 539 ad
2154 485 2387 538 aliorum
2415 486 2608 539 domos
2644 499 2752 540 non
2785 481 3120 546 amandavit,
3145 479 3239 535 sed
3263 480 3403 534 alios
3434 479 3502 534 ad

277 565 372 617 καὶ
393 565 486 634 οὐχ
513 567 658 637 ἡμᾶς
689 570 769 631 είς
792 569 987 641 ἐτέρων
1022 571 1601 643 παρέπεμψενόίκίας,
1622 574 1736 628 ἀλλ’
1760 576 1826 638 είς

1932 576 2128 646 januas
2159 582 2373 629 nostras
2405 574 2652 639 deduxit,
2675 581 2731 628 et
2752 572 3089 643 bmignitate
3120 569 3403 624 utentibus
3438 584 3502 624 ea

274 649 375 710 τὰς
396 651 666 722 ἡμετέρας
692 653 883 720 ἄλλους
917 656 1092 728 ἧγαγε
1114 659 1283 731 θύρας
1304 678 1317 692 ·
1343 661 1437 715 καὶ
1460 662 1649 731 φιλανθ
1659 664 1838 735 ρωπίᾳ

275 738 580 808 χρωμένοις
618 742 961 814 ὑπισχνεῖται
996 749 1188 803 δώσειν
1218 750 1254 805 ἃ
1286 752 1424 822 μήτε
1454 751 1612 822 λόγος
1637 754 1834 820 εἰπεῖν,

277 829 414 900 μήτε
447 831 572 896 νοῦς
603 834 777 905 ἰσχύει
807 836 1150 907 λογίσασθαι.

449 948 575 1001 AA'.
608 980 680 989 -—
711 952 913 1021 Δόμνῳ
938 954 1246 1022 ἐπισκόπει)
1280 959 1654 1027 Ἀντιοχείας.

343 1057 435 1127 Τῷ
473 1059 908 1136 θαυμασιωτάτῳ
936 1066 1032 1120 καὶ
1067 1067 1633 1140 μεγαλοπρεπεστάτῳ
1663 1069 1834 1122 Κελε-

273 1147 481 1217 στιακῷ
501 1149 613 1221 (24)
639 1154 833 1224 πατρὶς
860 1155 958 1225 μὲν
980 1157 1014 1227 η
1044 1156 1483 1231 πολυθρύλλητος
1510 1159 1830 1231 Καρχηδὼν,

269 1237 424 1303 γένος
475 1239 533 1292 δὲ
588 1241 648 1294 τὸ
695 1244 751 1296 έν
807 1246 990 1318 ἐκείνῃ
1041 1250 1403 1321 γεγενημένον
1454 1251 1828 1321 περίϐλεπτον.

282 1324 442 1378 Ἀλλὰ
469 1326 564 1381 νῦν
608 1329 669 1396 ἐξ
708 1331 925 1403 ἐκείνης
971 1334 1321 1407 ὲληλαμένος,
1351 1337 1450 1409 τὴν
1478 1338 1637 1410 ξένην
1680 1358 1835 1411 περι-

268 1420 468 1475 νοστεῖ.
520 1421 615 1475 καὶ
659 1420 769 1477 τῶν
816 1424 1080 1493 φιλοθέων
1120 1427 1219 1491 τὰς
1255 1429 1443 1500 χεῖρας
1487 1433 1831 1500 περισκοπεῖ.

272 1507 425 1578 Ἔχει
461 1510 517 1564 δὲ
554 1512 647 1565 καὶ
685 1515 928 1586 φορτίον,
974 1517 1273 1587 ἀναγκαῖον
1310 1519 1432 1590 μὲν,
1479 1520 1744 1575 ἐπιτεῖνον
1774 1521 1832 1573 δὲ

182 1596 187 1601 ’
264 1597 365 1668 τὴν
393 1603 685 1670 φροντίδα’
717 1605 817 1675 τὴν
867 1607 1110 1679 γαμετὴν
1153 1609 1317 1678 λέγω,
1362 1611 1457 1664 καὶ
1496 1613 1565 1665 τά
1620 1613 1831 1681 παιδία,

1939 667 2193 722 daturum
2224 682 2283 722 se
2322 660 2615 737 promittit,
2664 682 2785 737 quae
2831 681 2932 720 nec
2960 663 3137 720 oratio
3164 661 3371 732 eloqui,
3404 675 3507 717 nec

1937 759 2175 829 cogitare
2208 774 2363 814 mens
2394 767 2594 828 potest.

2110 960 2590 1016 XXXI.—Domno
2622 961 2858 1031 episcopo
2884 958 3172 1013 Antiochia:
3196 954 3328 1028 (25).

2004 1072 2458 1128 Praestantissimo
2490 1080 2546 1127 et
2597 1069 3139 1141 magniﬁcentissimo
3200 1065 3505 1121 Celestiaco

1935 1163 2110 1236 patria
2165 1163 2384 1233 quidem
2423 1162 2776 1218 celeberrima
2837 1160 3126 1230 Carthago,
3166 1173 3338 1229 genus
3372 1170 3503 1210 vero

1934 1253 2080 1324 quod
2110 1250 2168 1307 in
2201 1253 2294 1306 illa
2321 1253 2426 1307 fuit
2458 1252 2775 1322 spectabile.
2811 1248 2881 1304 At
2913 1264 3060 1303 nunc
3103 1263 3168 1302 et
3193 1263 3257 1301 ea
3293 1245 3497 1315 pulsus,

1933 1354 2149 1402 exteras
2194 1359 2320 1398 oras
2368 1350 2642 1414 peragrat,
2692 1352 2749 1397 et
2815 1341 2913 1395 Dei
2964 1339 3269 1394 amantium
3309 1346 3503 1391 manus

1934 1435 2325 1505 circumspicit.
2390 1434 2566 1488 Habet
2611 1442 2876 1503 praeterea
2924 1446 3066 1486 onus
3114 1428 3501 1490 necessarium,

1933 1525 2080 1596 quod
2115 1525 2191 1578 illi
2219 1540 2378 1579 curas
2411 1532 2591 1593 auget,
2627 1537 2870 1586 uxorem,
2902 1530 2958 1575 et
2984 1520 3143 1583 ﬁlios,
3170 1527 3225 1572 et
3247 1516 3501 1579 famulos,

1934 1633 2168 1687 quorum
2217 1632 2380 1671 causa
2436 1612 2686 1684 pluribus
2726 1620 2849 1682 eget
2889 1609 3168 1680 impensis.
3214 1607 3326 1676 Ego
3370 1620 3505 1660 vero

266 1689 361 1743 καὶ
388 1691 514 1755 τοὺς
537 1693 789 1760 οίκείους,
818 1688 893 1750 ὧν
913 1696 1077 1752 ἕνεκα
1103 1699 1363 1757 πλειόνων
1391 1701 1563 1755 δεῖται
1587 1702 1826 1774 δαπανη-

1934 1708 2081 1762 illius
2107 1707 2349 1762 animum
2374 1704 2675 1760 admiratus
2699 1718 2841 1757 sum.
2893 1701 2986 1756 Sic
3024 1699 3172 1755 enim
3215 1696 3371 1767 quasi
3413 1711 3503 1751 se-

268 1779 477 1848 μάτων.
515 1782 658 1850 Ἐγὼ
692 1784 750 1837 δὲ
790 1786 955 1840 αὑτοῦ
980 1787 1081 1860 τὴν
1123 1789 1348 1861 γνώμην
1378 1790 1719 1862 τεθαύμακα.
1748 1795 1837 1858 Ὠς

266 1870 327 1934 ἐξ
354 1870 554 1943 ούρίων
605 1875 715 1944 γάρ
771 1878 1108 1949 φερόμενος,
1161 1882 1304 1935 οὕτω
1345 1883 1435 1936 τὸν
1480 1884 1835 1955 κυϐερνήτην

265 1960 445 2031 ὑμνεῖ,
483 1964 576 2016 καὶ
623 1964 716 2017 τοῦ
768 1967 1006 2036 χαλεποῦ
1037 1970 1312 2036 κλύδωνος
1345 1974 1405 2027 οὐ
1437 1976 1831 2045 πεφρόντικενο

264 2050 362 2120 τὴν
390 2051 501 2121 γάρ
545 2054 827 2111 εὐσέϐειαν
872 2059 940 2112 ὲκ
983 2060 1084 2131 τῆς
1133 2065 1421 2136 συμφορᾶς
1451 2065 1832 2137 ἐκαρπώσατο,

265 2142 360 2194 καὶ
399 2142 490 2195 τὸν
517 2147 921 2216 τρισμακάριον
976 2150 1127 2221 αὐτῷ
1170 2145 1376 2207 τοῦτον’
1400 2155 1613 2226 καρπὸν
1651 2156 1835 2227 ἡδυσ-

264 2229 463 2300 κληρία
515 2233 912 2304 προσήνεγκεν.
971 2237 1166 2293 Ἦνίκα
1210 2240 1320 2312 γάρ
1380 2242 1480 2312 τῆς
1537 2245 1835 2316 εὐπραξίας

262 2320 561 2391 ἀπήλαυεν,
595 2324 724 2386 τοὺς
757 2325 1035 2391 τοιούτους
1059 2328 1121 2381 ού
1157 2332 1413 2401 προσίετο
1439 2333 1662 2401 λόγουςσ
1692 2337 1835 2390 ὲκεί-

261 2427 359 2481 νης
397 2411 455 2464 δὲ
502 2413 835 2484 γυμνωθεὶς,
870 2417 1217 2472 συναπέὸαλε
1271 2422 1369 2491 τὴν
1416 2423 1693 2491 ἀσέσειαν,
1739 2426 1833 2479 καὶ

260 2497 355 2550 νῦν
381 2497 618 2569 ἔχειτὸν
650 2501 882 2556 πλοῦτον
910 2504 1010 2575 τῆς
1044 2506 1318 2571 πίστεως·
1353 2506 1412 2564 οὒ
1454 2512 1519 2582 δὴ
1552 2513 1710 2583 χάριν
1734 2514 1833 2585 τῆς

258 2587 595 2660 δυσπραξίας
631 2593 848 2662 ἐκείνης
893 2600 1244 2666 καταφρονεῖ.
1292 2600 1609 2670 Παρακαλῶ
1651 2603 1831 2657 τοίνυν

260 2678 360 2749 τὴν
418 2679 516 2750 σὴν
567 2681 896 2751 ἁγιωσύνην,
931 2685 1210 2757 ἀποφῆναι
1249 2689 1397 2760 αύτῷ
1441 2692 1677 2763 πατρίδα
1730 2692 1831 2764 τὴν

260 2765 421 2837 ξένην
448 2808 463 2833 ,
486 2770 582 2823 καὶ
615 2772 917 2843 προτρέψαι
940 2777 1083 2839 τοὺς
1124 2777 1334 2849 πλούτῳ
1364 2782 1649 2852 κομῶντας
1691 2784 1833 2855 ψυχ-

263 2861 550 2931 αγωγῆσαι
575 2863 666 2915 τὸν
686 2864 784 2935 τῆς
800 2866 967 2938 αὐτῆς
987 2871 1347 2942 γεγενημένον
1388 2876 1716 2946 συμμορίας,
1736 2878 1831 2932 καὶ¹

259 2951 361 3019 τῆς
389 2955 673 3024 συμφορᾶς
703 2954 955 3011 διαλῦσαι
978 2956 1040 3011 τὸ
1065 2959 1246 3029 νέφος.
1273 2963 1544 3033 Προσήκει
1570 2966 1679 3037 γὰρ
1702 2969 1830 3034 τοὺς

1934 1799 2132 1854 cundis
2162 1797 2342 1852 ventis
2386 1796 2622 1850 ferretur
2662 1796 2677 1814 '
2727 1793 3162 1849 Gubernatorem
3204 1788 3409 1852 laudat,
3448 1793 3506 1842 et

1934 1905 2151 1960 gravem
2189 1894 2565 1957 tempestatem
2595 1884 2753 1939 nihili
2780 1882 2931 1938 facit.
2966 1882 3235 1937 Pietatem
3265 1892 3503 1947 namque

1933 1995 2002 2035 ex
2058 1978 2366 2033 calamitate
2422 1993 2519 2030 sua
2573 1975 2819 2029 lucratus
2871 1982 2975 2037 est,
3014 1970 3503 2038 felicissimumqne

1935 2072 2085 2126 hunc
2144 2070 2222 2125 illi
2279 2068 2518 2124 fructum
2573 2065 2867 2121 infelicitas
2920 2064 3124 2119 attulit.
3185 2063 3320 2117 Nam
3370 2060 3501 2115 dum

1933 2175 2196 2231 prospera
2242 2158 2464 2213 fortuna
2512 2165 2786 2221 uteretur,
2842 2153 3163 2227 huiusmodi
3220 2167 3503 2207 sermones

1932 2267 2046 2308 non
2086 2249 2413 2307 emittebat:
2452 2248 2545 2303 illa
2584 2262 2716 2301 vero
2749 2248 3037 2317 spoliatus,
3088 2244 3249 2301 simul
3304 2242 3504 2314 abiecit

1934 2342 2293 2413 impietatem,
2317 2349 2374 2395 et
2395 2337 2614 2409 pietatis
2647 2337 2869 2393 divitias
2895 2352 3046 2392 nunc
3065 2334 3329 2406 possidet,
3363 2349 3500 2404 qua-

1934 2450 2056 2489 rum
2076 2433 2247 2505 gratia
2274 2431 2661 2486 adversitatem
2694 2430 2856 2485 istam
2889 2427 3210 2485 contemnit.
3241 2425 3351 2481 Oro
3395 2424 3500 2479 ita-

1931 2540 2039 2595 que
2095 2523 2443 2578 sanctitatem
2491 2532 2663 2587 tuam,
2714 2529 2776 2576 ut
2824 2521 2882 2575 in
2916 2528 3104 2575 extera
3146 2517 3367 2588 regione
3405 2531 3502 2586 pa-

1931 2613 2092 2669 triam
2145 2610 2227 2667 illi
2277 2613 2557 2677 restituas,
2607 2619 2664 2666 et
2705 2610 2829 2665 illos
2849 2609 2943 2680 qui
2994 2608 3192 2679 opibus
3221 2605 3501 2662 abundant

1929 2701 2190 2766 horteris,
2234 2708 2298 2754 ut
2347 2700 2497 2755 hunc
2540 2700 2636 2770 qui
2671 2699 2728 2754 in
2752 2698 2946 2754 eadem
2981 2698 3153 2752 classe
3182 2695 3288 2751 fuit
3308 2710 3502 2751 conso-

1929 2795 2135 2859 lentur,
2179 2800 2236 2849 et
2274 2792 2600 2849 calamitatis
2630 2793 2751 2864 ejus
2781 2791 2984 2846 nubem
3013 2789 3332 2845 discutiant.
3356 2787 3502 2844 Con-
3548 2826 3556 2835 .

1929 2884 2081 2940 venit
2103 2883 2272 2948 enim,
2300 2889 2361 2936 ut
2398 2882 2492 2951 qui
2535 2881 2782 2937 eamdem
2812 2890 3065 2935 naturam
3112 2878 3295 2934 sortiti
3348 2885 3496 2942 sunt,

1928 2982 1984 3029 et
2017 2973 2270 3028 similiter
2313 2972 2536 3042 quidem
2581 2971 2966 3040 deliquerunt,
3000 2968 3095 3025 sed
3138 2967 3349 3039 1093
3382 2982 3500 3037 pm-

258 3041 357 3113 τὴν
406 3042 575 3114 αὐτὴν
607 3044 771 3114 φύσιν
821 3047 1108 3118 λαχόντας,
1151 3051 1246 3104 καὶ
1287 3054 1487 3123 ὁμοίως
1516 3056 1615 3126 μὲν
1645 3058 1826 3131 πλημ-

1931 3079 2055 3118 nam
2094 3071 2410 3129 evaserunt,
2445 3062 2501 3116 in
2526 3061 2811 3117 adversam
2845 3060 3120 3116 fortunam
3154 3059 3321 3129 lapsis
3352 3056 3499 3113 sola-

262 3131 579 3203 μελοῢντας,
601 3133 700 3205 τὴν
731 3135 788 3188 δὲ
818 3137 1089 3207 τιμωρίαν
1117 3140 1478 3210 διαφυγόντας
1495 3184 1509 3207 ,
1555 3149 1669 3209 τοῖς
1697 3147 1825 3200 δυσ-

256 3223 463 3294 ημερία
486 3225 845 3296 περιπεσοῦσι
866 3227 1223 3297 ψυχαγωγίαν
1254 3234 1606 3304 προσφέρειν,
1629 3237 1725 3290 καὶ
1758 3241 1824 3309 τῇ

258 3314 386 3385 περὶ⁵
410 3314 633 3378 τούτους
663 3317 980 3389 συμπαθείᾳ
1006 3319 1096 3373 τὸν
1123 3319 1255 3374 Θεὸν
1283 3321 1575 3378 ίλεοῢσθαι.

562 3427 684 3482 AB'.
713 3459 782 3468 —
817 3430 1147 3497 Θεοκτίστῳ
1188 3432 1517 3502 ἐπισκόπῳ.

324 3515 388 3569 Εἰ
435 3517 571 3569 πᾶσι
618 3519 730 3580 τοῖς
773 3517 1186 3590 πλημμελοῦσιν
1236 3523 1473 3596 ἐπέφερε
1515 3528 1828 3600 παραυτίκα

256 3603 355 3668 τὰς
403 3607 673 3677 τιμωρίας
723 3609 752 3661 ό
787 3607 896 3661 τῶν
941 3609 1078 3664 ὅλων
1110 3611 1263 3680 Θεὸς,
1295 3615 1504 3680 πάντας
1547 3616 1614 3673 ἂν
1659 3619 1827 3692 ἄρδην

88 3676 107 3689 ⁷’
140 3672 151 3741 1,
257 3672 566 3750 ἀπώλεσεν..
607 3697 827 3767 Ἐπειδὴ
854 3698 911 3752 δὲ
938 3701 1111 3771 φειδυῖ
1137 3672 1646 3781 καίνφιλανθρωπίᾳ
1668 3672 1826 3764 δίκά-

257 3785 357 3856 ζει,
388 3789 515 3850 τοὺς
553 3787 652 3858 μὲν
681 3791 917 3856 κολάζει,
940 3796 1052 3856 τοῖς
1093 3795 1150 3848 δὲ
1174 3796 1274 3860 τὰς
1310 3797 1512 3853 τούτων
1543 3804 1819 3873 τιμωρίας

254 3879 377 3932 ἀντὶ
405 3878 755 3946 διδασκαλίας
810 3884 1133 3955 προσφέρει.
1171 3886 1343 3940 Τοῦτο
1390 3889 1486 3942 καὶ
1535 3891 1623 3960 ἐφ’
1663 3893 1823 3964 ἡμῶν

261 3969 561 4042 πεποίηκεν
589 3971 617 4024 ό
642 3971 1044 4046 φιλάνθρωπος.
1077 3977 1213 4043 Τοὺς
1244 3981 1352 4051 γὰρ
1382 3979 1491 4034 ἀπὸ
1518 3982 1620 4052 τῆς
1657 3983 1825 4039 πάλαι

255 4061 358 4131 μὲν
377 4061 602 4134 Λιϐύης,
634 4063 729 4117 νῦν
762 4064 819 4117 δὲ
857 4066 1125 4139 Ἀφρικῆς
1158 4070 1518 4144 καλουμένης,
1540 4077 1662 4138 ταῖς
1691 4076 1827 4147 ἡμε·

253 4152 440 4225 τέραις
469 4154 734 4226 προσάγει
775 4155 988 4227 θύραις,
1042 4161 1134 4213 καὶ
1167 4161 1235 4214 τά
1262 4162 1469 4217 τούτων
1515 4165 1825 4232 ἐπιδεικνὺς

254 4244 578 4316 παθήματα,
633 4244 930 4317 δειμαίνειν
967 4252 1406 4320 παρασκευάζει,
1453 4256 1548 4308 καὶ
1592 4256 1671 4327 τῷ
1715 4257 1823 4311 δέει

1924 3155 2061 3209 tium
2115 3153 2461 3224 impendant,
2496 3161 2554 3208 et
2599 3168 2699 3207 sua
2732 3152 2791 3210 in
2836 3152 2961 3208 illos
3011 3148 3494 3208 commiseratione

1927 3247 2100 3301 Deum
2130 3244 2364 3300 reddant
2384 3244 2707 3315 propitium.

2254 3450 2472 3505 XXXII.
2494 3481 2565 3490 —
2579 3450 2867 3505 Theoctisto
2900 3450 3158 3522 episcopo.

1994 3538 2050 3595 Si
2075 3540 2333 3595 omnibus
2366 3541 2459 3610 qui
2484 3542 2811 3612 delinquunt
2834 3557 3024 3612 pcenas
3052 3542 3305 3613 protinus
3351 3542 3491 3596 irro-

1923 3638 2075 3699 garet
2098 3628 2480 3684 universorum
2529 3631 2694 3697 Deus,
2750 3646 2941 3686 omnes
2991 3632 3211 3702 penitus
3261 3632 3491 3686 deleret.

1924 3717 2030 3775 Sed
2053 3719 2182 3789 quia
2211 3721 2389 3790 parcit
2419 3730 2475 3776 et
2505 3721 2742 3792 benigne
2791 3722 3024 3793 judicat,
3068 3721 3192 3777 ideo
3226 3723 3363 3778 alios
3394 3738 3496 3793 pu-

1922 3812 2025 3878 nit,
2074 3814 2197 3869 aliis
2243 3816 2436 3870 horum
2486 3831 2674 3886 pmnas
2725 3818 2794 3872 ad
2851 3819 3160 3875 doctrinam
3210 3815 3489 3887 proponit.

1922 3903 2079 3971 Quod
2134 3906 2301 3961 etiam
2358 3916 2603 3978 tempore
2656 3918 2848 3965 nostro
2896 3909 3150 3982 praestitit
3206 3909 3491 3963 hominum

1922 4007 2151 4053 amator.
2187 3999 2349 4055 Cives
2407 4000 2555 4055 enim
2606 4000 2915 4069 Africanos,
2964 4002 3059 4074 qui
3109 4001 3308 4075 Libyes
3358 4000 3489 4055 olim

1923 4088 2266 4156 dicebantur,
2319 4091 2388 4146 ad
2434 4093 2631 4163 januas
2657 4103 2874 4150 nostras
2917 4094 3160 4159 adducit,
3188 4095 3491 4164 horumque

1922 4193 2195 4234 aerumnas
2223 4183 2519 4237 ostendens
2540 4182 2791 4237 timorem
2824 4183 3043 4249 incutit,
3086 4193 3145 4239 et
3183 4184 3380 4239 timore
3422 4181 3490 4236 ad

1924 4271 2455 4329 commiserationem
2504 4274 2757 4330 excitat:
2805 4276 3025 4347 duoque
3082 4277 3273 4332 eadem
3327 4290 3492 4345 opera

255 4336 786 4439 πρὸςησυμπάθειαν
823 4337 1111 4412 διεγείρει·
1160 4340 1255 4396 καὶ
1296 4344 1388 4398 δύο
1443 4348 1583 4401 κατά
1645 4349 1820 4403 ταυτά

1930 4362 2154 4432 perlicit,
2180 4364 2326 4433 quod
2360 4375 2417 4421 et
2444 4366 2662 4422 illorum
2696 4336 3048 4439 castigatione
3067 4368 3228 4423 nobis
3246 4336 3488 4438 prodest,

254 4425 500 4479 ἐντεῦθεν
540 4430 977 4492 κατασκευάζει·
1011 4433 1160 4503 ἡμᾶς
1200 4451 1260 4487 τε
1299 4436 1408 4507 γάρ
1454 4438 1518 4489 ὲκ
1543 4440 1643 4509 τῆς
1677 4441 1819 4493 ὲκεί-

252 4532 359 4569 νων
389 4515 639 4581 παιδείας
669 4518 929 4590 ὀνίνησιν,
962 4522 1058 4575 καὶ
1094 4524 1322 4587 ἐκείνοις
1347 4525 1414 4579 δι’
1454 4527 1610 4599 ἡμῶν
1646 4547 1815 4602 προσ-

252 4606 410 4678 φέρει
463 4610 812 4684 παραψυχήν.
855 4612 1071 4685 Ταύτην
1101 4618 1402 4687 παρακαλῶ
1436 4637 1527 4673 σου
1573 4622 1670 4692 τὴν
1708 4622 1820 4677 θεο-

252 4696 470 4750 σέϐειαν
511 4699 697 4771 ὀρέξαι
740 4703 819 4773 τῷ
855 4703 1289 4778 θαυμασιωτάτῳ
1333 4710 1424 4762 καὶ
1475 4713 1815 4785 μεγαλοπρε-

251 4788 506 4859 πεστάτῳ
535 4790 919 4864 Κελεστιακῷ·
952 4794 1053 4866 τὴν
1084 4795 1195 4867 γὰρ
1228 4798 1451 4853 ἐκείνων
1485 4804 1815 4873 μητρόπολιν

251 4879 421 4935 πάλαι
456 4882 760 4953 κοσμήσας.
803 4885 897 4940 νῦν
929 4887 989 4940 ού
1034 4888 1207 4953 πόλιν,
1243 4889 1340 4958 οὐχ
1372 4891 1557 4945 ἑστίαν
1589 4893 1722 4964 ἔχει,
1751 4898 1813 4951 οὐ

257 4971 364 5023 τῶν
399 4972 713 5040 ἀναγκαίων
759 4975 857 5046 τὴν
893 4978 1100 5048 χρείαν.
1146 4981 1418 5051 Προσήκει
1458 4983 1636 5037 τοίνυν
1693 4987 1814 5052 τοὺς

249 5060 390 5114 κατὰ
415 5063 515 5132 τὴν
551 5062 649 5132 σὴν
677 5065 932 5136 ὁσιότητα
961 5068 1136 5139 ψυχάς
1167 5072 1479 5142 ποιμαίνειν
1521 5092 1816 5130 πεπιστευ-

253 5151 450 5221 μένους
474 5155 815 5223 είσηγεῖσθαι
842 5161 954 5222 τοίς
976 5159 1224 5225 πολίταις
1254 5164 1323 5216 τὰ
1352 5162 1607 5235 σύμφορα
1625 5181 1643 5196 ⁸
1672 5168 1817 5221 δέον-

250 5260 342 5295 ται
382 5244 490 5315 γάρ
520 5244 620 5315 τῆς
659 5246 911 5319 τοιαύτης
953 5250 1319 5318 διδασκαλίας.
1352 5248 1428 5308 Οὖ
1467 5256 1529 5327 δὴ
1579 5257 1739 5330 χάριν
1788 5262 1817 5313 ό

250 5334 390 5398 θεῖος
441 5336 762 5400 Ἀπόστολος
816 5341 895 5409 τῷ
952 5343 1210 5412 μακαρίῳ
1253 5346 1398 5415 Τίτῳ
1442 5347 1667 5418 γράφων
1717 5353 1813 5405 καὶ

317 5468 362 5502 ⁸⁸
385 5468 492 5523 Tit.
516 5484 593 5533 tu,
620 5469 706 5524 Μ.

318 5591 430 5663 (25-)
460 5591 811 5663 Κελεστιανῷ
844 5591 988 5663 apud
1020 5593 1214 5649 Baron.

1921 4461 1979 4507 et
2019 4452 2124 4507 illis
2162 4469 2261 4523 per
2292 4470 2394 4509 nos
2436 4457 2690 4512 solatium
2722 4459 3055 4529 suppeditat.
3085 4458 3199 4514 Hoc
3239 4473 3339 4529 ego
3371 4455 3490 4526 pie—

1925 4547 2089 4594 tatem
2123 4548 2268 4596 tuam
2293 4558 2413 4606 oro,
2451 4552 2512 4599 ut
2543 4548 2992 4616 praastantissimo
3039 4557 3096 4603 et
3134 4546 3490 4618 magniﬁcen-

1925 4631 2135 4688 tissimo
2168 4642 2389 4703 praestes
2432 4636 2753 4705 Celestiaco,
2785 4639 2878 4711 qui
2909 4655 3033 4695 cum
3065 4639 3283 4694 illorum
3315 4652 3490 4707 quon-

1922 4721 2046 4777 dam
2076 4724 2416 4795 Metropolim
2441 4729 2670 4792 ornarit,
2703 4745 2853 4784 nunc
2884 4745 3064 4800 neque
3094 4729 3285 4783 urbem
3309 4741 3489 4797 neque

1919 4812 2063 4868 lares
2110 4814 2296 4879 habet,
2326 4830 2504 4884 neque
2534 4817 2778 4872 subsidia
2808 4819 2933 4875 vita:
2960 4818 3285 4875 necessaria.
3309 4816 3489 4887 Opor-
3530 4880 3541 4887 _

1921 4912 2000 4958 tet
2048 4919 2179 4974 ergo
2230 4913 2291 4959 ut
2341 4906 2435 4975 qui
2484 4907 2629 4977 apud
2683 4910 3029 4967 sanctitatem
3083 4918 3231 4965 tuam
3279 4908 3487 4964 animas

1920 4994 2224 5063 pascendas
2279 5007 2661 5068 susceperunt,
2716 5000 2931 5056 civibus
2977 5000 3264 5071 profutura
3288 5014 3490 5070 sugge-

1921 5093 2064 5141 rant.
2117 5087 2291 5159 Egent
2336 5089 2483 5144 enim
2543 5091 2856 5163 hujusmodi
2902 5091 3209 5162 disciplina.
3250 5090 3407 5147 Unde
3432 5099 3491 5145 et

1918 5173 2139 5232 divinus
2155 5178 2452 5249 Apostolus
2474 5182 2636 5237 beato
2674 5182 2799 5238 Tito
2824 5183 3075 5238 scribens
3112 5182 3256 5237 inter
3287 5188 3493 5237 caetera

1919 5265 2035 5321 haec
2059 5268 2258 5339 adjecit
2292 5286 2308 5324 :
2367 5290 2385 5322 ι
2412 5272 2635 5328 Discant
2653 5281 2835 5328 autem
2867 5283 2925 5329 et
2953 5274 3129 5329 nostri
3161 5271 3325 5328 bonis
3348 5285 3489 5341 ope-

1920 5357 2072 5414 ribus
2120 5375 2351 5430 przeesse
2389 5363 2457 5418 ad
2498 5380 2630 5420 usus
2671 5366 3012 5422 necessarios
3043 5366 3109 5420 ⁸⁸.
3139 5384 3158 5418 ι
3190 5364 3489 5420 Enimvero

318 5660 429 5731 (25)
460 5661 553 5717 Est
583 5670 637 5717 et
667 5660 808 5733 apud
858 5660 1050 5718 Daren.
1098 5664 1162 5719 ad
1211 5681 1336 5722 ann.
1386 5669 1506 5735 440,
1556 5680 1686 5727 tom.
1722 5673 1807 5739 γι,
1847 5690 1901 5745 p.
1936 5672 1987 5727 5.
