3924 6192
511 225 641 292 1211

1509 223 1993 285 THEODORETI
2034 216 2367 280 EPISCOPI
2402 213 2764 276 CYRENSIS

3602 202 3717 266 1212

511 343 556 398 si
586 339 779 395 Civitas
804 347 1012 404 nostra,
1037 338 1285 410 quamvis
1311 339 1546 401 deserta,
1571 344 1627 391 et
1654 335 1856 389 incolas
1880 348 2082 404 paucos

2187 329 2357 381 ταῦτα
2404 323 2789 397 προστέθεικεν
2813 336 2825 349 ·
2866 336 2884 369 ι
2908 312 3347 371 Μανθανέτωσαν
3374 311 3430 363 δὲ
3463 312 3513 363 oI
3540 313 3716 380 ἡμέτε-

513 434 741 497 habens,
778 448 985 501 eosque
1040 433 1254 501 inopes,
1306 430 1733 485 adventantibus
1758 427 2081 499 Opitulatur,

518 527 688 579 multo
712 525 885 595 magis
922 525 1169 578 Bermam
1206 523 1419 596 1094
1470 523 1525 577 id
1571 523 1750 578 facere
1803 518 2081 582 convenit,

514 631 638 684 quae.
672 615 738 669 ad
775 615 1039 684 pietatem
1066 612 1317 668 instituta
1365 622 1468 679 est,
1526 622 1617 668 tua
1671 612 1902 667 maxime
1948 608 2085 681 pra:—

517 713 683 760 cunte
706 706 1011 759 sanctitate.

750 984 990 1039 XXXIII.
1012 1015 1079 1023 —
1098 982 1325 1039 Stasime
1345 984 1519 1037 comiti
1539 988 1587 1037 et
1614 984 1848 1054 primati.

585 1096 870 1166 Tragicam
893 1096 1131 1166 linguam
1158 1103 1517 1164 exposcerent
1538 1110 1602 1149 ea
1631 1111 1751 1164 quae
1778 1108 1969 1163 passus
2001 1103 2086 1147 est

516 1189 996 1255 prmstantissimus
1040 1196 1095 1240 et
1130 1186 1703 1256 magnificentissimus
1730 1184 2082 1239 Celestiacus.

520 1278 597 1332 llli
645 1279 793 1332 enim
842 1279 1109 1333 humanas
1140 1278 1476 1332 calamitates
1511 1276 1717 1330 affatim
1751 1276 2040 1345 deplorant
2070 1293 2082 1328 :

516 1385 617 1439 ego
666 1385 796 1423 vero
832 1369 887 1422 in
912 1385 1122 1422 summa
1160 1384 1373 1437 expono
1400 1366 1818 1437 magnificentia:
1840 1374 1965 1429 tute,
1992 1382 2086 1434 pa-

521 1460 679 1513 triam
734 1458 953 1529 quidem
1010 1459 1085 1512 illi
1132 1474 1252 1513 esse
1291 1458 1549 1512 omnibus
1582 1457 1714 1511 olim
1744 1456 2085 1511 decantatam

519 1549 763 1619 Libyam,
825 1549 1104 1604 civitatem
1162 1564 1292 1603 vero
1347 1547 1801 1617 spectatissimam
1851 1545 2084 1601 Cartha-

513 1640 717 1709 ginem,
761 1641 966 1695 tribum
1015 1648 1070 1694 et
1102 1638 1365 1693 familiam
1420 1639 1474 1692 in
1522 1646 1711 1693 senatu
1757 1637 2078 1701 clarissimo,

2189 432 2292 486 ροι,
2328 414 2506 467 καλῶν
2550 412 2728 483 ἔργων
2772 403 3134 477 προΐστασθαι
3192 403 3273 464 είς
3306 401 3397 463 τὰς
3442 401 3718 466 ἀναγκαίας

2186 506 2394 577 χρείας.
2421 525 2438 556 ι
2471 506 2533 557 Ei
2563 503 2671 572 γὰρ
2700 497 2998 572 ήήμετέρα
3046 494 3220 559 πόλις,
3245 492 3446 564 ἔρημος
3468 487 3614 555 οὖσα,
3644 495 3718 545 καὶ

2184 597 2399 665 ὀλίγους
2450 596 2743 665 οἰκήτορας
2799 591 3020 660 ἔχουσα,
3072 586 3165 641 καὶ
3215 583 3433 645 τούτους
3477 583 3716 650 πτωχοὺς,

2183 686 2502 757 ψυχαγωγεῖ
2522 686 2647 748 τοὺς
2681 678 3131 751 ἀφικνουμένους,
3156 673 3334 744 πολλῷ
3361 671 3555 742 μᾶλλον
3582 690 3720 740 προσ-

2186 779 2309 847 ήκει
2342 778 2441 846 τὴν
2476 775 2704 844 Βέροιαν
2753 768 3009 839 εὐσεϐείᾳ.
3060 762 3549 833 συντεθραμμένην
3592 760 3722 813 τοῦτο

2187 868 2359 920 ποιεῖν
2379 883 2392 897 ·
2426 864 2661 935 μάλιστα
2687 866 2783 933 τῆς
2812 860 2913 930 σῆς
2945 858 3223 927 ὁσιότητος
3249 856 3576 924 ἡγουμένης.

2257 976 2377 1030 AI".
2397 1006 2466 1015 —
2495 973 2768 1042 Στασίμῳ
2798 968 2910 1041 (Ξο)
2939 968 3146 1038 κόμητι
3176 964 3274 1019 καὶ
3304 966 3667 1032 πρωτεύοντι.

2258 1085 2541 1155 Τραγικῆς
2573 1084 2745 1137 ἐδεῖτο
2772 1078 3017 1148 γλώττης
3047 1075 3138 1129 τοῦ
3171 1071 3718 1145 μεγαλοπρεπεστάτω

2188 1177 2281 1230 καὶ
2310 1175 2652 1241 ἑνδοξοτάτου
2686 1167 3051 1224 Κελεστιακοῦ
3086 1166 3156 1218 τὰ
3188 1164 3353 1232 πάθη.
3391 1163 3613 1214 Ἐκεῖνοι
3638 1160 3720 1229 γὰρ

2185 1266 2284 1329 τὰς
2329 1263 2672 1336 ἀνθρωπείας
2712 1258 3079 1329 ἀποχρώντως
3128 1252 3415 1323 συμφορὰς
3458 1248 3721 1320 τραγιρδοῦ.

2188 1375 2289 1411 σιν·
2322 1355 2431 1425 ἐγὼ
2451 1355 2507 1408 δὲ
2546 1354 2642 1424 τὴν
2692 1352 2789 1422 σὴν
2833 1353 2890 1402 ὲν
2933 1346 3213 1416 κεφαλαίῳ
3257 1344 3497 1397 διδάσκω
3524 1340 3721 1409 μεγαλο-

2188 1448 2475 1518 πρέπειαν,
2512 1445 2587 1507 ὼς
2614 1442 2814 1512 πατρὶς
2843 1439 2940 1509 μὲν
2978 1435 3127 1505 αὑτῷ
3170 1437 3202 1504 ἡ
3236 1434 3404 1488 πάλαι
3448 1430 3592 1503 παρὰ
3615 1429 3721 1482 πάνυ

2185 1555 2293 1590 των
2321 1535 2553 1607 ᾁδομένη
2583 1531 2775 1602 Λιϐύη,
2805 1529 2956 1591 πόλις
2986 1528 3044 1581 δὲ
3081 1529 3114 1597 ἡ
3146 1523 3507 1597 περίϐλεπτος
3530 1522 3720 1590 Καρχη-

2187 1626 2312 1690 δὼν,
2345 1623 2623 1696 συμμορία
2648 1623 2704 1675 δὲ
2729 1622 2823 1675 καὶ
2856 1616 3063 1689 πατριὰ
3092 1618 3125 1687 ἡ
3168 1612 3528 1684 λαμπροτάτη
3556 1609 3718 1680 βουλή”

514 1688 717 1709 σ--η---ν
763 1688 966 1695 -υ-η--η
1021 1688 1069 1694 τ-
1102 1688 1365 1693 ---ψ-------
1522 1688 1711 1693 -π--ψ

514 1740 627 1784 tum
661 1746 794 1800 opes
820 1747 1061 1801 magnas,
1094 1741 1149 1786 et
1171 1746 1335 1799 supra
1357 1746 1518 1800 quam
1547 1745 1685 1798 opus
1709 1738 1827 1783 erat
1857 1727 2082 1782 affluen-

2197 1688 2428 1779 πλοὺτος
2460 1688 2731 1777 δὲ’πολὺς,
2764 1713 2860 1765 καὶ
2889 1688 3026 1780 ῥέων
3055 1707 3194 1776 ὑπὲρ
3226 1704 3324 1774 τὴν
3355 1702 3561 1773 χρείαν.
3590 1699 3720 1751 Ἀλλὰ

515 1830 612 1875 tes.
652 1822 855 1875 Verum
888 1821 1002 1875 hzec
1031 1822 1213 1875 omnia
1247 1820 1429 1875 fabula
1455 1834 1602 1873 nunc
1622 1826 1770 1879 sunt,
1816 1827 1873 1872 et
1916 1819 2081 1872 rebus

512 1907 773 1962 destituta
821 1910 1085 1962 narratio.
1140 1908 1409 1964 Omnibus
1458 1908 1605 1962 enim
1650 1907 1769 1961 istis
1805 1906 1958 1960 illum
1989 1921 2081 1958 or-

514 1999 661 2054 bavit
693 2000 895 2054 bellum
941 1999 1307 2055 barbaricum.
1348 2000 1497 2054 Talis
1540 1998 1802 2052 nimirum
1847 2005 1932 2053 est
1976 1998 2079 2052 ho-

513 2090 719 2144 minum
738 2090 992 2155 felicitas,
1026 2106 1147 2161 quae
1176 2090 1320 2160 apud
1344 2091 1567 2145 eosdem
1606 2105 1826 2159 semper
1861 2104 2083 2143 manere

514 2196 623 2234 non
662 2182 800 2245 vult,
847 2181 942 2235 sed
989 2180 1057 2235 ad
1091 2182 1226 2236 alios
1257 2182 1492 2236 transire
1518 2180 1759 2234 festinat.
1796 2179 1953 2233 Hunc
1984 2194 2085 2250 ego

514 2269 928 2340 magnificentia:
964 2278 1071 2325 tuae
1104 2270 1375 2339 hospitem
1402 2268 1595 2332 offero,
1630 2278 1686 2322 et
1708 2284 1839 2339 rogo
1876 2276 1935 2322 ut
1957 2284 2085 2338 par-

512 2360 683 2428 ticeps
725 2360 816 2412 fiat
853 2360 1086 2415 laudatae
1120 2360 1188 2413 ab
1241 2360 1497 2415 omnibus
1527 2358 1922 2413 beneficentiae.
1954 2359 2085 2412 I'eto

508 2450 673 2504 etiam
722 2458 782 2505 ut
824 2452 1109 2505 honoratis
1153 2451 1409 2505 omnibus
1435 2460 1491 2505 et
1523 2450 1813 2506 ditissimis
1862 2466 1961 2519 per
1988 2465 2086 2504 ex-

512 2538 819 2591 cellentiam
848 2546 994 2591 tuam
1027 2539 1336 2593 innotescat
1364 2557 1375 2590 :
1415 2547 1474 2591 ut
1497 2548 1552 2593 et
1587 2540 1694 2593 illis
1725 2540 1865 2593 lucri
1896 2548 2089 2593 auctor

512 2627 606 2689 sis,
652 2636 706 2680 et
758 2629 1023 2697 majorem
1082 2644 1113 2681 a
1168 2628 1406 2698 benigno
1454 2628 1566 2683 Deo
1591 2629 2085 2683 remunerationem

512 2732 871 2787 consequare.

899 2913 1136 2970 XXXIV.
1157 2946 1225 2954 —
1239 2914 1473 2970 Patricio
1504 2918 1696 2971 comiti.

582 3025 913 3081 Laudabiles
947 3027 1170 3096 quidem
1214 3036 1343 3083 sunt
1382 3029 1594 3098 species
1622 3045 1814 3085 omnes
1839 3031 2080 3098 virtutis,
2110 3017 2154 3072 (ἶ

512 3130 704 3167 verum
739 3124 965 3170 caeteras
1002 3132 1223 3187 quoque
1262 3129 1420 3172 ornat
1456 3118 1787 3174 humanitas.
1813 3121 1965 3175 Hanc
1985 3137 2087 3177 nos

510 3205 728 3259 assidue
754 3207 822 3260 ab
849 3208 1237 3263 universorum
1266 3210 1381 3264 Deo
1414 3212 1782 3280 exposcimus,
1819 3228 1917 3281 per
1948 3214 2089 3268 hanc

514 3312 675 3350 unam
712 3298 870 3351 venia
910 3299 1148 3368 potimur
1191 3316 1316 3355 cum
1357 3301 1770 3370 delinquimus:
1807 3304 1922 3359 haec
1958 3304 2088 3361 facit

511 3395 571 3439 ut
591 3387 790 3443 divites
828 3389 895 3443 ad
926 3406 1196 3460 pauperes
1223 3392 1535 3459 respiciant.
1567 3394 1775 3464 1095
1799 3394 1910 3449 Hac
1943 3412 2085 3465 pra:-

510 3478 679 3533 ditam
708 3481 888 3535 sciens
922 3482 1383 3552 magnificentiam
1438 3492 1606 3547 tuam,
1652 3484 1884 3540 ﬁdenter
1934 3503 2085 3541 com-

511 3570 709 3625 mendo
780 3574 1288 3641 praestantissimum
1363 3583 1419 3629 et
1487 3575 2085 3645 magnificentissimum

508 3658 891 3727 Celestiacum,
944 3663 1124 3718 virum
1162 3664 1255 3734 qui
1309 3667 1604 3719 multarum
1638 3667 1993 3735 pecuniarum
2023 3685 2087 3724 ac

510 3752 918 3817 possessionum
960 3753 1065 3808 fuit
1104 3754 1398 3809 dominus:
1437 3755 1534 3809 sed
1575 3756 1662 3810 his
1706 3758 1966 3813 omnibus
1994 3775 2084 3813 re-

512 3848 675 3906 pente
706 3841 953 3908 privatus
1000 3849 1103 3908 est,
1156 3852 1533 3913 paupertatem
1581 3856 1763 3900 autem
1813 3847 1971 3903 facile
2012 3850 2087 3904 ita

512 3928 637 3993 fert,
683 3932 958 3998 quomodo
996 3934 1157 4002 pauci
1196 3934 1436 3989 divitias.
1470 3935 1708 4006 Tragicze
1746 3936 1911 4008 hujus
1939 3940 2084 3994 cala-

513 4019 720 4073 mitatis
756 4032 1139 4092 argumentum
1183 4025 1366 4079 Africa
1395 4034 1450 4079 et
1474 4025 1763 4097 Carthago,
1794 4039 1850 4082 et
1878 4028 2083 4083 Barba-

518 4123 705 4160 rorum
736 4109 940 4163 clades.
972 4111 1085 4181 Ego
1132 4112 1298 4183 igitur
1342 4112 1410 4166 ad
1444 4122 1592 4166 tuam
1641 4112 1794 4165 illum
1835 4113 2085 4168 sublimi—

515 4206 678 4251 tatem
710 4199 986 4253 introduxi
1023 4219 1034 4254 :
1067 4211 1122 4255 tu
1168 4201 1335 4256 etiam
1393 4202 1517 4256 aliis
1562 4201 1803 4266 insinua,
1853 4202 2083 4272 illosque

510 4288 579 4345 ad
639 4291 1072 4347 misericordiam
1124 4293 1361 4347 inﬂecte.
1410 4292 1648 4346 Lucrum
1704 4293 1851 4347 enim
1907 4295 2083 4365 majus

510 4382 724 4446 feceris,
748 4383 794 4437 si
818 4384 1020 4439 multos
1051 4383 1447 4438 humanitatem
1475 4382 1691 4437 doceas.

889 4578 1105 4636 XXXV.
1126 4608 1195 4619 —-
1213 4579 1243 4635 Ι
1246 4597 1417 4634 remeo
1448 4581 1706 4652 episcopo.

580 4692 766 4747 Multis
809 4692 1034 4762 quidem
1078 4700 1134 4746 et
1168 4692 1309 4759 aliis,
1354 4694 1596 4758 domine,
1618 4694 1885 4747 virtutum
1917 4709 2086 4764 gene-

508 4783 659 4838 ribus
695 4784 873 4839 clarus
914 4800 996 4848 es,
1040 4784 1309 4854 imprimis
1339 4800 1474 4840 vero
1517 4786 1904 4839 sanctitatem‘
1933 4794 2081 4839 tuam

476 4860 703 4929 .m‘uant
769 4877 1117 4942 humanitas,
1173 4885 1229 4931 et
1289 4878 1535 4946 pecuniae
1586 4887 1963 4946 contemptus,
2026 4886 2083 4931 et

506 4965 729 5020 dextera
768 4968 1070 5022 remedium
1121 4969 1409 5037 egentibus
1452 4969 1895 5024 subministrans.
1932 4970 2079 5023 Prae-

506 5058 666 5127 cipue
701 5067 882 5114 autem
914 5063 965 5113 in
994 5062 1134 5125 illos,
1167 5062 1261 5131 qui
1300 5076 1425 5114 cum
1468 5061 1523 5114 in
1568 5062 1809 5115 secunda
1859 5061 2077 5116 fortuna

508 5150 765 5214 vixerint,
820 5150 876 5205 in
920 5152 1203 5207 adversam
1254 5160 1442 5222 postea
1484 5153 1617 5221 lapsi
1640 5159 1791 5217 sunt,
1818 5153 2080 5222 majorem

506 5240 740 5305 confers,
798 5239 895 5293 Dei
948 5240 1156 5305 amice,
1212 5239 1638 5310 providentiam.
1704 5239 1819 5293 Hoc
1871 5237 2081 5292 habens

509 5333 871 5399 exploratum,
902 5340 1093 5385 notum
1123 5332 1264 5386 facio
1298 5331 1487 5401 pietati
1544 5339 1648 5386 tua:
1697 5329 2084 5400 praestantissi-

512 5434 657 5475 mum
702 5432 758 5477 et
798 5422 1399 5493 magnificentissimum
1448 5423 1809 5478 Celestiacum
1848 5440 1859 5474 :
1918 5436 2081 5489 quem

2182 1809 2356 1863 ταῦτα
2387 1807 2564 1860 πάντα
2597 1804 2763 1876 μῦθός
2788 1804 2904 1855 ἐστι
2928 1800 3043 1863 νῦν,
3077 1798 3172 1851 καὶ
3199 1797 3445 1866 διήγημα
3474 1808 3720 1861 γεγυμνω-

2187 1899 2346 1970 μένον
2400 1898 2507 1951 τῶν
2538 1894 2895 1968 πραγμάτων.
2937 1891 3164 1944 Πάντων
3186 1886 3295 1957 γάρ
3335 1884 3499 1937 αὑτὸν
3533 1880 3719 1935 ἐκείνων

2183 1990 2212 2041 ό
2253 1985 2587 2058 βαρϐαρικὸς
2639 1983 2899 2054 ἐστέρησε
2944 1978 3199 2047 πόλεμος.
3250 1973 3487 2042 Τοιαύτη
3530 1971 3582 2024 δὲ
3627 1970 3713 2021 τῶν

2185 2076 2490 2148 ἀνθρώπων
2531 2078 2565 2147 ἡ
2603 2073 2888 2143 εὑκληρία,
2924 2070 3023 2123 οὑκ
3069 2067 3155 2122 ἀεὶ
3196 2068 3305 2128 τοῖς
3353 2065 3534 2125 αὑτοῖς
3578 2077 3718 2130 προσ-

2189 2170 2373 2240 μένειν
2399 2162 2828 2229 ὲθέλουσα,άλλὰ
2858 2159 2949 2213 καὶ
2979 2158 3113 2228 πρὸς
3151 2154 3374 2226 ἐτέρους
3404 2151 3714 2224 μεταϐαίνειν

2189 2256 2545 2326 ἐπειγομένη.
2582 2251 2783 2306 Τοῦτον
2813 2250 2949 2320 πρὸς
2979 2248 3077 2318 τὴν
3130 2246 3228 2314 σὴν
3278 2240 3717 2315 μεγαλοπρέπιαν

2187 2348 2420 2417 ξεναγῶ,
2462 2345 2557 2399 καὶ
2600 2345 2699 2412 τῆς
2738 2340 2886 2412 παρά
2941 2341 3104 2391 πᾶσιν
3131 2336 3401 2407 ᾁδομένης
3451 2329 3717 2401 φιλοτιμίας

2187 2441 2350 2494 αὑτὸν
2392 2436 2698 2493 ἀπολαῦσαι
2738 2430 3061 2503 παρακαλῶ.
3106 2426 3267 2491 Ἀξιῶ
3314 2427 3373 2478 δὲ
3428 2425 3519 2477 καὶ
3552 2423 3719 2483 πάντας

2189 2534 2311 2595 τοὺς
2335 2534 2392 2583 ὲν
2422 2529 2562 2582 τέλει
2596 2526 2691 2580 καὶ
2741 2522 3152 2594 εὐπορωτάτους
3186 2518 3272 2571 διὰ
3304 2516 3410 2587 τῆς
3444 2516 3536 2586 σῆς
3580 2512 3717 2566 αὑτὸν

2187 2622 2392 2690 γνῶναι
2418 2616 2854 2689 θαυμασιότητος
2877 2629 2892 2644 ⁸
2923 2613 3009 2665 ἵνα
3035 2610 3305 2670 κάκείνοις
3337 2605 3585 2678 πρόξενος
3614 2603 3715 2674 γένῃ

2186 2713 2281 2766 τοῦ
2338 2712 2582 2783 κέρδους,
2631 2708 2724 2761 καὶ
2772 2702 2990 2777 μείζους
3034 2700 3185 2773 παρὰ
3236 2697 3331 2752 τοῦ
3383 2694 3713 2767 φιλανθρώπου

2194 2804 2331 2858 Θεοῦ
2363 2802 2567 2873 κομίσῃ
2598 2801 2695 2862 τὰς
2726 2796 3042 2879 ἀντιδόσεις.

2572 2912 2692 2964 ΛΔ’.
2718 2933 2784 2949 -ν
2811 2903 3101 2974 Πατρικίῳ
3136 2903 3371 2971 κόμητι.

2259 3026 2513 3078 Ἀπαντα
2549 3020 2647 3092 μὲν
2676 3017 2968 3083 ἀξιέπαινα
2997 3014 3066 3067 τά
3089 3012 3204 3081 εἴδη
3230 3010 3333 3078 τῆς
3374 3008 3637 3078 ἀρετῆςσή
3668 3005 3711 3057 δὲ

2190 3111 2567 3185 φιλανθρωπία
2600 3109 2695 3163 καὶ
2720 3108 2788 3161 τὰ
2832 3106 2971 3160 ἄλλα
2995 3105 3209 3173 κοσμεῖ.
3240 3100 3459 3172 Ταύτην
3503 3096 3710 3166 αἰτοῦμεν

2187 3205 2452 3277 διηνεκῶς
2505 3204 2598 3255 τὸν
2653 3200 2763 3253 τῶν
2808 3197 2943 3251 ὅλων
2985 3195 3149 3248 Θεόν·
3199 3193 3288 3246 διὰ
3336 3191 3535 3261 ταύτην
3581 3189 3709 3259 μόνην

2191 3295 2522 3366 συγγνώμης
2576 3289 2922 3359 ἀπολαύομεν
2956 3283 3443 3357 πλημμελοῦντεςο
3486 3281 3604 3350 αὕτη
3621 3280 3707 3331 δια-

2189 3390 2415 3442 κύπτειν
2449 3384 2585 3455 πρὸς
2614 3382 2739 3446 τοὺς
2769 3381 3008 3450 πένητας
3034 3376 3448 3448 παρασκευάζει
3475 3376 3556 3427 τὸν
3585 3370 3707 3424 πλοῦ-

2187 3496 2298 3532 τον.
2329 3475 2517 3546 Ταύτῃ
2558 3470 3019 3544 λαμπρυνομένην
3055 3467 3212 3530 εἰδὼς
3239 3466 3343 3538 τὴν
3375 3464 3620 3535 ὑμετέραν
3640 3476 3706 3531 με·

2187 3566 2613 3637 γαλοπρέπειαν,
2648 3562 2866 3634 θαρρῶν
2908 3558 3204 3629 συνίστημι
3248 3557 3342 3609 τόν
3380 3551 3705 3626 θαυμασιώτα-

2186 3676 2276 3712 τον
2340 3661 2435 3711 καὶ
2497 3652 3083 3727 μεγαλοπρεπέστατον
3121 3647 3529 3709 Κελεστιακδν,
3576 3642 3703 3711 ἄνδρα

2188 3748 2400 3802 πολλῶν
2430 3746 2729 3818 χρημάτων
2765 3742 2861 3795 καὶ
2892 3740 3191 3811 κτημάτων
3232 3738 3499 3807 δεσπότην
3529 3748 3703 3802 γεγενη-

2191 3844 2372 3914 μένον,
2408 3840 2616 3911 έρημον
2646 3838 2702 3890 δὲ
2745 3835 2953 3889 τούτων
3002 3830 3264 3901 ἐξαπίνης
3304 3829 3599 3898 γενόμενον,
3632 3820 3701 3914 φέ-

2192 3912 2349 4006 ροντα
2386 3932 2443 3984 δὲ
2476 3930 2575 3999 τὴν
2624 3927 2816 3980 πενίαν
2849 3924 3111 3987 εὐκόλως,
3138 3922 3214 3986 ὡς
3260 3920 3433 3989 ὀλίγοι
3471 3919 3553 3971 τὸν
3579 3912 3699 3969 πλοῦ-

2185 4042 2297 4078 τον.
2334 4022 2440 4076 Τοῦ
2471 4021 2528 4074 δὲ
2554 4019 2656 4089 τῆς
2687 4018 2975 4088 συμφορᾶς
3001 4015 3279 4086 δράματος
3312 4014 3347 4083 ἡ
3378 4009 3612 4070 ὑπόθεσις
3630 4006 3696 4057 Λι-

2187 4111 2292 4180 ϐύη
2334 4110 2429 4163 καὶ
2483 4105 2808 4178 Καρχηδὼν,
2855 4105 2947 4158 καὶ
2983 4103 3053 4156 τὰ
3100 4102 3210 4155 τῶν
3246 4100 3532 4171 βαρϐάρων
3574 4093 3693 4148 κακά.

2197 4200 2340 4271 Ἐγὼ
2388 4200 2485 4271 μὲν
2520 4194 2613 4250 οὖν
2645 4194 2809 4251 αὑτὸν
2850 4194 2986 4265 πρὸς
3026 4193 3087 4246 τὸ
3142 4191 3419 4262 ὑμέτερον
3454 4185 3697 4251 ὲξενάγησσ

2192 4292 2421 4364 μέγεθος
2445 4307 2459 4321 ·
2498 4292 2657 4360 ὑμεῖς
2687 4289 2745 4341 δὲ
2776 4289 2886 4349 τοῖς
2919 4286 3100 4348 ἄλλοις
3138 4281 3476 4346 ὑποδείξατε,
3513 4276 3625 4347 πρὸς
3657 4272 3696 4324 δὲ

2187 4385 2280 4437 καὶ¹
2316 4378 2497 4435 οἶκτον
2522 4380 2634 4450 (27)
2667 4378 2948 4448 κινήσατε.
2995 4374 3322 4445 Κερδανεῖτε
3363 4373 3469 4442 γὰρ
3502 4367 3694 4439 μείζονα,

2183 4473 2411 4537 πολλοὺς
2439 4470 2631 4543 φιλανθ
2643 4470 2853 4541 ρωπίαν
2881 4466 3246 4527 διδάσκοντες.

2518 4581 2642 4635 AE'.
2672 4610 2743 4618 —
2765 4575 3060 4645 Εἰρηναίῳ
3087 4573 3421 4636 ἑπισκόπῳ.

2254 4694 2475 4757 Πολλοῖς
2507 4693 2604 4762 μὲν
2635 4691 2730 4744 καὶ
2767 4688 2969 4750 ἄλλοις,
3012 4686 3268 4747 δέσποτα,
3318 4680 3618 4750 διαλάμπεις
3642 4672 3694 4724 εί·

2187 4789 2331 4841 δεσιν
2356 4787 2576 4855 ἀρετῆς,
2603 4784 2700 4853 οὑχ
2718 4783 2920 4850 ἥκιστα
2942 4778 2998 4831 δὲ
3022 4779 3219 4847 κοσμεῖ
3242 4792 3334 4827 σου
3376 4773 3473 4844 τὴν
3497 4768 3696 4855 autem}?

2189 4851 2566 4947 φιλανθρωπία
2587 4915 2601 4939 ,
2647 4851 2741 4926 καὶ
2776 4870 3077 4942 χρημάτων
3126 4864 3395 4937 ὑπεροψία
3419 4902 3433 4926 ,
3467 4861 3548 4913 καὶ
3587 4851 3695 4917 δεξιά

2185 4970 2282 5041 τὴν
2308 4970 2414 5022 τῶν
2435 4967 2704 5037 δεομένων
2731 4963 3108 5027 ἀναϐλύζουσα
3139 4958 3452 5030 θεραπείαν.
3469 4950 3695 5041 Διαφόρυξ

2184 5032 2251 5115 δὲ·
2275 5062 2401 5123 τοὺς
2447 5032 2718 5129 εὐπραξίᾳ
2747 5052 3183 5127 τεθραμμένους,
3218 5052 3297 5113 εἰς
3331 5040 3630 5112 δυσκληρίαν
3656 5032 3694 5085 δὲ

2191 5153 2615 5221 μεταπεσόντας,
2664 5148 2905 5209 πλείονος
2934 5144 3122 5209 ἀξιοῖς,
3177 5139 3564 5209 θεοφιλέστατε,
3594 5139 3693 5195 προσ

2193 5243 2441 5312 μηθείας.
2480 5239 2653 5293 Τοῦτο
2689 5238 2876 5308 σαφῶς
2917 5236 3320 5305 ἐπιστάμενος,
3353 5224 3605 5300 γνώριμόν
3624 5231 3693 5269 στιν

2189 5335 2253 5402 τῇ
2291 5331 2568 5402 θεοσεϐείᾳ
2619 5328 2758 5382 ποιῶ
2800 5328 2891 5379 τὸν
2948 5323 3393 5395 θαυμασιώτατον
3431 5316 3520 5371 καὶ
3563 5321 3692 5381 μεγα·

2190 5423 2628 5495 λοπρεπέστατον
2660 5418 3027 5474 Κελεστιακόν
3048 5434 3061 5447 ·
3092 5418 3150 5471 ὃν
3178 5417 3344 5470 πάλαι
3383 5410 3477 5483 μὲν
3503 5409 3553 5459 ὲν
3582 5402 3693 5467 ΚΨ

603 5576 696 5638 26)
747 5580 1061 5650 Στατεσίμῳ
1106 5581 1323 5636 videtur
1376 5582 1541 5637 fuisse
1588 5582 1643 5636 in
1699 5582 1871 5637 Vatic.
1931 5580 2073 5651 apud

581 5586 695 5715 i127)
729 5650 820 5699 καὶ
852 5650 984 5715 πρὸς
1018 5645 1216 5705 οἶκτον.
1250 5653 1424 5715 Neap.

2193 5598 2307 5637 ron.
2344 5582 2380 5635 ι.
2417 5597 2465 5637 c.
2503 5596 2555 5652 p.
2590 5581 2642 5635 5.

607 5647 695 5714 “27)
729 5650 820 5699 καὶ
852 5645 987 5717 πρὸς
1018 5645 1216 5705 οἶκτον.
1250 5653 1424 5721 Neap.
