3924 6192
169 274 298 339 1213

1410 278 1773 338 EPISTOLA
1820 277 2114 337 XXXVII.

3262 279 3398 341 1214

167 385 348 455 χηδόνι
371 385 601 449 πλοῦτος
633 384 871 438 ἐδείκνυε
893 385 986 438 καὶ
1013 385 1299 439 δυναστεία
1325 385 1576 459 λαμπρόν
1596 405 1608 417 ·
1636 388 1728 441 νῦν

1839 388 1964 442 alias
1995 387 2217 456 quidem
2242 385 2387 456 apud
2411 383 2800 456 Carthaginem
2822 382 3029 440 divitia
3056 392 3112 439 et
3157 388 3402 454 potentia

164 477 220 530 δε
269 475 472 529 τούτων
517 475 935 546 γεγυμνωμένον
987 477 1238 530 εὐσέϐεια
1296 478 1391 531 καὶ
1440 478 1725 546 φιλοσοφία

167 571 395 638 κοσμεῖ·
431 568 585 637 φέρει
616 567 726 640 γὰρ
770 568 871 639 τὴν
901 568 1164 623 δοκοῦσαν
1193 569 1528 641 δυσπραξίαν
1569 569 1724 623 εύθύ-

171 676 308 729 μως,
339 658 524 728 ἐπειδὴ
565 659 659 712 καὶ
685 659 784 728 τῆς
822 659 1057 728 ψυχικῆς
1090 659 1238 730 αύτῷ
1267 661 1541 732 σωτηρίας
1567 660 1725 729 γεγέο

165 763 324 816 νηται
355 747 628 817 πρόξενος.
656 740 824 810 Οὗτος
850 749 1078 816 ἀφίκετο
1110 750 1207 819 μὲν
1239 750 1376 821 πρὸς
1405 753 1550 821 ἡμᾶς
1590 751 1728 818 μετὰ

167 838 537 908 γραμμάτων,
570 839 669 909 τὴν
709 839 980 910 προτέραν
1030 840 1195 894 αὑτοῦ
1229 841 1588 895 διδασκόντων
1635 841 1727 893 εύ-

165 929 402 1000 ημερίαν
427 947 440 961 ο
495 931 694 1000 συχνὰς
720 931 777 984 δὲ
821 932 950 1003 παρ’
988 935 1120 1003 ἡμῖν
1169 933 1454 1005 διατρίψας
1489 931 1721 1003 ἡμέρας,

166 1020 442 1091 παρέσχεν
472 1022 572 1090 τῆς
627 1021 823 1093 πείρας
850 1023 952 1092 τὴν
996 1025 1320 1094 μαρτυρίαν.
1357 1019 1432 1078 Οῦ
1474 1024 1538 1094 δὴ
1572 1024 1730 1094 χάριν

165 1110 330 1164 αὐτὸν
367 1111 462 1163 καὶ
501 1111 919 1182 σπουδαιότερον
967 1116 1034 1184 τῇ
1076 1117 1140 1185 σῇ
1182 1114 1519 1184 συνιστῶμεν
1564 1115 1732 1181 ἁγιω-

167 1200 323 1272 σύνῃ,
352 1201 447 1254 καὶ
504 1201 928 1273 παρακαλοῦμεν
956 1206 1051 1257 καὶ
1085 1207 1199 1268 τοῖς
1255 1206 1352 1275 τῆς
1382 1205 1590 1268 πόλεως
1637 1205 1729 1257 εύ-

167 1294 355 1363 πόροις
387 1291 547 1363 δῆλον
571 1294 733 1347 αὑτὸν
760 1294 847 1348 διὰ
875 1295 975 1365 τῆς
1005 1295 1106 1365 σῆς
1136 1297 1391 1367 γενέσθαι
1421 1295 1726 1365 φιλοθεῖας·

166 1385 313 1448 είκὸς
336 1385 445 1455 γὰρ
472 1385 692 1448 αὐτοὺς,
726 1384 796 1438 τὰ
831 1387 972 1440 κατά
1007 1387 1169 1440 αὐτὸν
1202 1387 1610 1458 μεμαθηκότας,
1635 1387 1732 1440 καὶ

165 1477 265 1547 τὴν
316 1477 436 1548 ἴσην
481 1478 769 1543 δείσαντας
807 1478 1124 1550 συμφορὰν,
1161 1480 1460 1533 σπουδάσαι
1505 1480 1594 1533 διὰ
1630 1479 1732 1549 τῆς

169 1569 510 1639 συμπαθείας
545 1569 644 1641 τὴν
678 1570 944 1640 τιμωρίαν
973 1571 1275 1639 διαφυγεῖν.
1337 1571 1731 1638 Ἀναγκάζεται

167 1660 276 1730 γὰρ
327 1663 694 1730 περινοστεῖν,
744 1660 841 1714 ἅτε
897 1661 962 1729 δὴ
994 1661 1274 1714 πλειόνων
1324 1661 1732 1728 δαπανημάτων

1829 477 2184 544 conspicuum
2237 474 2582 529 reddebant:
2635 491 2782 530 nunc
2829 491 2960 530 vero
3004 475 3090 529 his
3112 476 3400 545 spoliatum

1827 567 2003 636 pietas
2028 575 2186 620 ornat
2210 575 2265 620 et
2293 567 2661 636 philosophia.
2701 566 2830 621 Fert
2858 568 3006 620 enim
3031 583 3187 636 aquo
3217 567 3403 620 animo

1829 673 1994 726 quam
2050 665 2246 726 putant
2298 656 2718 712 infelicitatem:
2779 658 2982 727 quippe
3032 674 3154 727 qua
3209 657 3403 712 salutis

1829 748 2025 803 anima
2056 749 2160 818 ipsi
2209 763 2370 803 causa
2400 749 2522 802 fuit.
2560 749 2720 805 Venit
2747 751 2792 805 is
2811 750 2878 805 ad
2901 767 3002 805 nos
3025 765 3150 827 cum
3182 749 3401 811 litteris.

1830 855 1952 909 qua
2015 839 2300 909 pristinam
2361 841 2482 910 ejus
2542 845 2965 910 prosperitatem
3034 841 3401 895 indicabant:

1832 931 2127 1000 multisque
2157 931 2300 1000 apud
2341 947 2442 985 nos
2471 932 2666 986 diebus
2694 941 3083 996 commoratus,
3115 931 3406 1001 experien-

1833 1019 1922 1073 tia
1974 1019 2209 1088 praebuit
2259 1021 2656 1075 testimonium.
2709 1023 3075 1088 Quamobrem
3105 1022 3408 1076 studiosius

1830 1109 1982 1164 illum
2035 1118 2140 1165 tua
2201 1111 2650 1166 commendamus
2709 1114 3019 1178 sanctitati,
3077 1123 3409 1183 oramusque

1837 1203 2050 1274 1096
2078 1214 2138 1258 ut
2166 1203 2383 1272 pietatis
2420 1212 2525 1257 tua
2558 1220 2724 1273 opera
2763 1205 3038 1274 apulentis
3068 1204 3284 1258 civibus
3327 1205 3412 1257 in-

1833 1300 2102 1348 notescat.
2161 1293 2470 1349 Verisimile
2517 1296 2663 1348 enim
2715 1305 2801 1350 est
2852 1296 2999 1361 illos,
3049 1296 3140 1350 ubi
3171 1311 3259 1350 res
3290 1297 3410 1366 ejus

1833 1385 2140 1455 cognorint,
2181 1401 2367 1454 parem
2404 1394 2712 1441 metuentes
2750 1388 3134 1452 calamitatem,
3184 1403 3410 1457 operam

1833 1474 2079 1536 daturos,
2125 1483 2187 1528 ut
2231 1475 2666 1528 commiserando
2701 1491 2914 1544 panam
2941 1476 3223 1546 ell‘ugiant.
3251 1475 3413 1545 Cogi-

1835 1573 1926 1618 tur
1953 1579 2187 1634 namque
2211 1565 2526 1628 circumire,
2552 1575 2613 1620 ut
2648 1567 2743 1635 qui
2774 1569 3088 1637 sumptibus
3112 1578 3269 1638 egeat
3290 1584 3407 1622 am-

1838 1657 2130 1726 plioribus,
2157 1657 2304 1726 quod
2331 1673 2437 1711 una
2465 1674 2588 1711 cum
2615 1673 2682 1712 eo
2705 1657 2816 1712 sint
2843 1674 3000 1722 uxor,
3025 1667 3082 1713 et
3106 1658 3226 1725 ﬁlii,
3250 1666 3307 1714 et
3327 1657 3408 1713 fa—

165 1749 446 1820 δεόμενοςο
493 1749 709 1803 σύνεστι
747 1751 854 1823 γὰρ
885 1751 1036 1821 αὐτῷ
1084 1752 1180 1804 καὶ
1209 1751 1446 1822 γαμετὴ,
1477 1751 1570 1804 καὶ
1604 1768 1731 1804 παι-

1839 1747 1988 1814 muli,
2021 1747 2114 1816 qui
2138 1747 2504 1802 Barbarorum
2533 1762 2726 1803 manus
2756 1748 2920 1805 simul
2951 1757 3266 1804 evaserunt.

167 1844 275 1908 δία,
308 1844 401 1898 καὶ
429 1844 479 1898 oi
519 1844 896 1914 συμφυγόντες
929 1844 1136 1898 οἰκέται
1164 1843 1272 1897 τῶν
1313 1841 1601 1914 βαρϐάρων
1634 1840 1734 1905 τὰς

167 1935 378 2006 χεῖρας.

300 2067 439 2134 Δεῖν.
465 2095 539 2107 -
572 2065 932 2136 Πομπηϊανῷ
961 2066 1274 2132 ἑπισκόπῳ
1315 2066 1594 2138 Ἐμέσης.

249 2177 558 2248 Ἀμφότερα
599 2172 717 2232 οἶδα
755 2178 965 2247 σαφῶς,
999 2181 1095 2232 καὶ
1149 2179 1259 2233 τῶν
1289 2181 1591 2250 χρημάτων
1633 2179 1732 2250 τὴν

169 2266 385 2330 σπάνιν,
415 2267 511 2320 καὶ
529 2267 632 2337 τὴν
675 2267 1080 2338 μεγαλοψυχίαν
1107 2269 1210 2338 τῆς
1241 2269 1491 2342 γνώμης,
1535 2271 1630 2324 καὶ
1658 2271 1735 2333 ὡς

164 2355 263 2425 τὴν
283 2355 488 2410 ἔνδειαν
513 2357 556 2426 ἡ
574 2356 854 2427 φιλοτιμία
877 2359 1021 2428 νικᾷ.
1042 2359 1141 2412 Διά
1159 2377 1242 2411 τοι
1266 2359 1426 2413 τοῦτο
1447 2361 1666 2430 συνίστη
1676 2359 1736 2430 μί

167 2466 260 2503 σου
286 2451 352 2518 τῇ
383 2448 622 2518 όσιότητι
649 2447 742 2501 τὸν
781 2447 1233 2518 θαυμασιώτατον
1269 2450 1365 2502 καὶ
1394 2450 1739 2519 μεγαλοπρε-

165 2541 434 2594 πέστατον
470 2538 833 2592 Κελεστιακδν
857 2578 872 2602 ,
912 2538 1125 2592 πολλῶν
1169 2539 1269 2609 μὲν
1305 2540 1603 2610 χρημάτων
1639 2541 1736 2592 καὶ

166 2629 461 2700 κτημάτων
495 2631 663 2683 πάλαι
691 2629 958 2700 δεσπότην
981 2631 1368 2702 γεγενημένον,
1401 2633 1537 2701 μετά
1569 2632 1735 2701 μόνης

177 2719 235 2772 δὲ
256 2719 356 2789 τῆς
389 2718 703 2789 ἐλευθερίας
732 2720 844 2776 τῶν
877 2719 1169 2791 βαρϐάρων
1197 2721 1296 2784 τὰς
1324 2725 1510 2791 χεῖρας
1545 2723 1736 2792 διαφυ-

2013 2062 2673 2134 XXXVl.——Pompeiano
2721 2065 2959 2135 episwpo
3010 2063 3233 2118 Emesa.

1904 2163 2166 2244 Apprime
2200 2185 2432 2242 utraque
2459 2172 2609 2237 novi,
2644 2181 2700 2227 et
2722 2173 3079 2243 pecuniarum
3099 2172 3409 2243 penuriam,

1835 2273 1891 2320 et
1928 2265 2096 2319 animi
2125 2265 2584 2336 magnitudinem,
2612 2273 2669 2319 et
2698 2263 2957 2334 egestatis
2979 2264 3263 2318 victricem
3289 2279 3410 2318 esse

1836 2357 2290 2412 munificentiam.
2317 2350 2620 2426 Propterea
2649 2355 2976 2410 commendo
3001 2355 3278 2410 sanctitati
3305 2365 3412 2410 tua

1836 2447 2349 2516 prastantissimum
2399 2456 2455 2502 et
2509 2444 3114 2516 magniﬁcentissimum
3142 2445 3410 2500 Celestia-

1835 2551 1982 2599 cum,
2025 2535 2118 2604 qui
2170 2536 2472 2590 multarum
2504 2535 2862 2604 pecuniarum
2913 2541 2969 2588 et
3001 2535 3412 2603 possessionum

1834 2627 2090 2681 dominus
2116 2626 2245 2681 olim
2271 2627 2394 2690 fuit,
2423 2625 2539 2680 sola
2575 2641 2704 2679 vero
2733 2640 2859 2680 cum
2910 2625 3166 2680 libertate
3216 2624 3415 2680 Barba-

1837 2734 2025 2774 rorum
2057 2733 2253 2772 manus
2307 2716 2501 2781 evasit,
2552 2724 2608 2771 et
2644 2723 2971 2786 proventum
3023 2715 3091 2770 ad
3123 2714 3250 2770 vita
3290 2731 3414 2771 sus-

167 2811 354 2879 γόντα,
387 2810 484 2863 καὶ
530 2808 795 2880 πρόσοδον
832 2811 912 2873 είς
942 2811 1196 2883 ἀφορμὴν
1242 2811 1361 2882 βίου
1405 2814 1500 2866 νῦν
1545 2812 1735 2882 ἔχοντα

1840 2809 2193 2864 tentationem
2243 2825 2391 2864 nunc
2441 2823 2612 2862 unum
2665 2808 2850 2872 habet,
2888 2822 3082 2862 eorum
3134 2807 3230 2876 qui
3292 2807 3414 2875 pie-

167 2902 277 2955 τῶν
298 2902 437 2955 κατά
463 2901 562 2972 τὴν
595 2900 692 2972 σὴν
717 2901 993 2969 φιλοθεῖαν
1021 2903 1118 2973 τὴν
1146 2903 1735 2974 εὐσπλαγχνίαν.Ἕχει

1841 2899 1968 2954 tatis
1991 2909 2100 2954 tua
2136 2898 2344 2954 similes
2387 2905 2516 2951 sunt
2549 2895 3003 2950 misericordiam.
3037 2894 3197 2948 Ducit
3234 2903 3412 2948 autem

168 2991 225 3043 δὲ
251 2991 346 3042 καὶ
385 2989 680 3060 φροντίδων
727 2990 926 3060 ἑσμόν·
976 2991 1193 3045 σύνεστι
1239 2992 1350 3063 γὰρ
1384 2993 1533 3064 αύτῷ
1565 2995 1659 3047 καὶ⁸
1698 2995 1735 3066 ἡ

1840 3005 2028 3046 secum
2075 2998 2133 3046 et
2185 3004 2443 3044 curarum
2494 3003 2748 3043 examen.
2777 2987 2916 3043 Cum
2955 2987 3073 3057 ipso
3105 2985 3251 3041 enim
3287 2993 3417 3040 sunt

168 3078 264 3132 τοῦ
295 3077 410 3147 βίου
441 3077 712 3142 κοινωνὸς,
744 3078 839 3130 καὶ
874 3079 943 3131 τά
995 3078 1204 3144 παιδία,
1247 3081 1344 3134 καὶ
1382 3081 1731 3150 θεράποντες,

1839 3095 1894 3141 et
1934 3085 2061 3139 vitae
2101 3081 2272 3146 socia,
2321 3088 2378 3135 et
2426 3078 2546 3144 ﬁlii,
2602 3089 2659 3134 et
2695 3077 2905 3144 famuli,
2939 3092 3080 3148 quos
3103 3091 3212 3130 non
3247 3076 3417 3130 solius

168 3168 231 3220 ού
265 3166 352 3220 διὰ
395 3166 585 3237 χρείαν
636 3166 824 3236 μόνην,
875 3166 1012 3221 ἀλλά
1045 3169 1140 3221 καὶ
1186 3169 1278 3222 διὰ
1326 3170 1736 3241 φιλανθρωπίαν

177 3260 428 3321 συνόντες
448 3273 462 3287 °
493 3259 592 3328 ούχ
621 3259 834 3329 ἡγεῖται
859 3259 967 3330 γὰρ
988 3259 1133 3312 ὅσιον
1171 3261 1442 3313 ἀπολῦσαι
1480 3262 1604 3324 τοὺς
1636 3261 1738 3314 ούκ

168 3350 567 3420 ἀνασχομένους
598 3347 938 3402 καταλιπεῖν.
964 3348 1164 3401 Τοῦτον
1195 3351 1289 3406 καὶ
1316 3353 1426 3414 τοῖς
1448 3352 1738 3422 εὐποροῦσι

169 3444 281 3498 τῶν
310 3443 550 3496 πολιτῶν
593 3441 871 3513 γνώριμον
914 3442 1166 3510 γενέσθαι
1209 3442 1296 3495 διὰ
1339 3443 1436 3512 τῆς
1472 3442 1571 3511 σῆς
1601 3442 1742 3511 φιλο-

169 3535 322 3599 ϐεἲας
347 3533 680 3605 παρακαλῶ·
711 3529 865 3604 οῐμαι
892 3533 1022 3604 γὰρ,
1046 3533 1121 3597 ὡς
1170 3533 1266 3586 καὶ
1304 3532 1456 3603 παρά
1495 3532 1594 3602 τῆς
1641 3532 1740 3602 σῆς

168 3625 443 3694 ὁσιότητος
464 3623 862 3693 διδασκόμενοι,
887 3624 981 3676 καὶ
1009 3623 1107 3694 τὴν
1125 3626 1225 3695 τῆς
1246 3622 1542 3692 εὐπραξίας
1572 3622 1742 3694 ὁρῶν-

173 3731 266 3778 τες
301 3713 625 3785 μεταϐολὴν,
652 3715 754 3785 τὴν
787 3713 909 3784 σὴν,
933 3713 1186 3776 δέσποτα,
1221 3713 1626 3784 μεγαλοψυχίαν
1659 3730 1740 3782 μι-

177 3806 460 3876 μήσονται,
510 3805 606 3857 καὶ
637 3804 736 3874 τῆς
782 3803 1016 3875 δυνατῆς
1057 3803 1219 3856 αὐτὸν
1252 3801 1546 3870 ἀξιώσουσι
1584 3803 1742 3875 θερα-

171 3896 353 3961 πείας,
380 3895 482 3966 τῆς
512 3893 728 3966 φύσεως
763 3893 823 3948 τὺ
853 3895 1032 3949 κοινὸν
1063 3895 1431 3966 λογισάμενοι.

516 4029 638 4086 ΛΖ’.
656 4058 729 4069 -
755 4027 1106 4095 Σαλουστίῳ
1126 4028 1391 4096 ἄρχοντι.

245 4143 416 4198 Ὅταν
467 4143 517 4196 οι
547 4142 736 4213 ἄρχειν
782 4139 1036 4212 λαχόντες
1065 4140 1302 4204 ἀκλινῶς
1344 4138 1618 4212 κατέχωσι
1642 4140 1742 4210 τὴν

171 4236 274 4307 τῆς
297 4235 454 4306 δίκης
479 4235 772 4306 τρυτάνην,
798 4235 890 4287 καὶ
916 4234 1041 4297 ίσως
1059 4233 1158 4303 τὴν
1183 4233 1422 4305 ἀρτάνην
1450 4233 1740 4297 ἀνέλκωσι,

177 4326 532 4380 παντοδαπῶν
563 4325 785 4394 ἀγαθῶν
807 4327 920 4388 τοῖς
951 4325 1274 4395 ἀρχομένοις
1299 4324 1620 4395 προξενοῦσι
1649 4341 1745 4394 φο⁴

1837 3174 2183 3231 necessitatis
2232 3187 2397 3227 causa
2457 3172 2679 3236 retinet,
2731 3186 2924 3226 verum
2969 3170 3134 3226 etiam
3164 3167 3415 3222 humani-

1839 3265 1966 3319 tatis
2002 3281 2015 3316 :
2053 3262 2182 3332 quia
2211 3261 2366 3316 nefas
2398 3261 2553 3315 ducit
2577 3276 2674 3315 eos
2726 3261 3025 3324 dimittere,
3083 3259 3176 3330 qui
3238 3259 3414 3330 ipsum

1839 3355 2098 3409 deserere
2147 3367 2258 3405 non
2307 3351 2711 3406 sustinuerunt.
2774 3353 2932 3406 Hunc
2985 3353 3189 3406 civium
3246 3351 3415 3404 etiam

1839 3443 2128 3500 ditissimis
2179 3457 2348 3512 opera
2391 3452 2482 3498 tua
2531 3443 2875 3498 innotescere
2927 3444 3110 3512 cupio.
3145 3442 3237 3496 Sic
3265 3442 3416 3496 enim

1839 3532 2088 3588 futurum
2117 3531 2378 3595 arbitror,
2406 3541 2468 3586 ut
2493 3531 2714 3601 pietatis
2740 3538 2847 3586 tua
2875 3530 3188 3602 magisterio
3211 3529 3413 3593 edocti,

1839 3632 1895 3679 et
1942 3623 2222 3678 felicitatis
2258 3630 2549 3678 cernentes
2575 3623 2957 3688 mutationem,
2993 3631 3048 3676 ct
3073 3620 3241 3676 animi
3272 3624 3287 3640 '
3315 3619 3415 3684 tui,

1846 3714 2090 3780 domine,
2136 3713 2570 3784 magnitudinem
2621 3713 2930 3778 imitentur,
2974 3722 3031 3768 et
3068 3725 3417 3768 communem

1840 3818 2093 3863 naturam
2146 3815 2484 3877 reputantes,
2537 3806 2842 3862 subsidium
2883 3806 2935 3862 ei
2984 3803 3272 3860 conferant
3318 3816 3418 3873 pro

1844 3899 2122 3956 facultate.

2057 4033 2269 4105 1097
2298 4033 2557 4090 XXXVII.
2590 4063 2661 4073 —
2688 4032 2924 4089 Salustio
2949 4036 3184 4106 prasidi.

1911 4145 2016 4212 Qui
2041 4145 2418 4217 magistratum
2445 4145 2630 4200 sortiti
2666 4145 2934 4199 trutinam
2955 4147 3184 4216 justitia
3206 4157 3412 4203 rectam

1846 4244 2056 4301 tenent,
2079 4251 2144 4290 ac
2177 4235 2490 4291 funiculum
2541 4235 2832 4304 aqualiter
2860 4236 3140 4301 attollunt,
3184 4235 3254 4291 iis
3279 4252 3418 4306 quos

1847 4336 2042 4397 regunt
2063 4326 2337 4382 bonorum
2355 4325 2601 4380 omnium
2619 4327 2832 4395 copiam
2851 4326 3094 4395 pariunt.
3112 4326 3267 4392 Quod
3289 4327 3334 4382 si
3361 4333 3419 4380 et

178 4416 302 4487 ράν.
351 4417 449 4470 Ἂν
481 4417 538 4471 δὲ
571 4415 636 4486 δὴ
668 4415 764 4470 καὶ
806 4413 1019 4477 σύνεσις
1067 4413 1366 4485 ἀποχρῶσα
1387 4416 1587 4486 προσῇ,
1643 4415 1735 4467 καὶ

1840 4421 2130 4492 prudentia
2151 4417 2426 4474 suﬁiciens
2449 4417 2612 4482 adsit,
2631 4423 2688 4472 et
2717 4416 3076 4472 humanitatis
3093 4417 3148 4472 in
3173 4432 3301 4472 eum
3322 4417 3417 4486 qui

174 4503 585 4575 φιλανθρωπίας
601 4505 680 4576 τῷ
696 4505 898 4573 ταύτης
913 4501 1150 4572 δεομένῳ
1165 4502 1519 4574 προστίθηται
1537 4501 1736 4572 ψῆφος,

177 4595 557 4650 πολλαπλάσια
580 4599 692 4659 τοῖς
732 4595 993 4666 ὑπηκόοις
1016 4595 1082 4647 ὲκ
1099 4592 1209 4648 τῶν
1237 4596 1480 4665 ἀρχείων
1503 4594 1734 4648 ἀναϐλα-

177 4689 361 4742 στάνει
391 4686 502 4756 (28)
535 4686 695 4740 καλά.
721 4687 943 4740 Τούτων
981 4687 1070 4741 διὰ
1103 4687 1204 4756 τῆς
1234 4687 1331 4757 σῆς
1363 4685 1742 4755 λαμπρότητος

176 4775 585 4838 ἀπολαύσαντες
617 4777 1006 4846 Εύφρατήσιοι,
1032 4776 1128 4830 καὶ
1145 4776 1244 4846 τὴν
1277 4778 1471 4845 πεῖραν
1493 4773 1742 4828 διδάσκα-

177 4871 265 4924 λον
300 4868 514 4939 ἔχοντες
537 4866 646 4921 τῶν
669 4867 769 4936 τῆς
802 4868 1072 4938 προτέρας
1108 4868 1284 4938 ἀρχῆς
1323 4865 1544 4935 ἀγαθῶν
1570 4905 1586 4931 ,
1619 4867 1742 4937 ὲχόο

181 4977 378 5031 ρευσαν
399 4960 494 5012 ἐπὶ
521 4958 612 5013 τοῦ
641 4957 928 5026 παρόντος,
961 4959 1058 5030 τὴν
1093 4958 1192 5030 σὴν
1237 4957 1617 5029 μεμαθηκότες
1649 4975 1737 5029 με·

176 5053 577 5121 γαλοπρέπειαν
602 5051 1006 5121 ἐγχειρισθῆναι
1033 5052 1134 5121 τῆς
1162 5051 1336 5124 ἀρχῆς
1375 5049 1443 5104 τὰ
1487 5050 1742 5121 πηδάλια.

188 5142 406 5214 Ἐγὼδὲ
440 5142 703 5212 μειζόνων
731 5144 929 5209 αὐτοὺς
976 5143 1204 5215 εῦχομαι
1250 5145 1433 5213 τυχεῖν
1476 5142 1698 5212 ἀγαθῶν
1725 5184 1740 5208 ,

177 5239 271 5292 καὶ
299 5237 398 5306 τὴν
425 5235 523 5306 σὴν
543 5235 902 5305 λαμπρότητα
930 5236 1174 5299 πλείονος
1204 5235 1453 5300 εὐκλείας
1504 5236 1740 5306 μεταλα-

179 5329 292 5382 ϐεῖν
322 5328 432 5398 (29)
455 5343 468 5359 ο
504 5327 867 5400 προστεθῆναι
894 5328 950 5381 δὲ
976 5331 1086 5390 τοῖς
1115 5329 1292 5392 ἄλλοις
1314 5328 1498 5392 καλοῖς
1534 5329 1628 5382 καὶ
1650 5329 1742 5382 τὸν

180 5421 459 5490 κολοφῶνα
509 5419 616 5472 τῶν
663 5419 882 5486 ἀγαθῶν
929 5419 1026 5489 τὴν
1055 5419 1333 5474 εύσέὸειαν
1358 5463 1372 5485 ,
1415 5421 1503 5474 ἵνα
1531 5419 1606 5491 μὴ
1633 5439 1741 5491 χωρ

177 5511 307 5583 λεύῃ
343 5511 452 5564 τῶν
478 5507 932 5580 ἐγκωμιαζόντων
963 5511 993 5562 ό
1023 5509 1256 5573 ἔπαινος.
1291 5511 1532 5566 Ἦλπισα
1557 5512 1612 5566 δὲ
1647 5514 1740 5567 καὶ

250 5667 358 5735 (“3.8)
392 5664 796 5720 ἀναϐλυστάνει.
829 5663 993 5733 Neap.

1834 4521 1958 4583 eget
1993 4511 2315 4581 suﬁ‘ragium
2341 4509 2591 4574 accedat,
2615 4509 2946 4581 multiplicia
2968 4510 3022 4563 in
3059 4509 3312 4564 subditos
3350 4523 3418 4564 ex

1838 4603 2108 4673 pratoriis
2148 4602 2435 4658 commoda
2483 4602 2814 4657 redundant.
2847 4602 2946 4657 His
2972 4619 3072 4672 per
3111 4602 3417 4657 claritatem

1840 4699 1988 4745 tuam
2025 4691 2329 4762 degustatis
2374 4691 2752 4760 Euphratesii,
2810 4694 3132 4763 magistram
3151 4693 3422 4747 habentes

1837 4780 2230 4851 experientiam
2243 4781 2512 4834 bonorum
2536 4782 2738 4850 prioris
2765 4781 3286 4846 administrationis,
3318 4797 3417 4838 ex-

1840 4868 2116 4922 sultarunt
2135 4867 2319 4932 modo,
2354 4882 2478 4922 cum
2514 4869 2933 4939 magniﬁcentia
2987 4881 3093 4926 tua
3126 4871 3421 4927 commissa

1841 4959 2180 5031 prafectura
2254 4961 2632 5031 gubernacula
2703 4962 3045 5018 didicerunt.
3108 4964 3224 5035 Ego
3279 4979 3422 5020 vero

1840 5054 2049 5124 majora
2079 5052 2203 5107 illos
2230 5053 2495 5122 consequi
2529 5061 2661 5124 opto
2692 5054 2858 5118 bona,
2899 5065 2956 5110 et
2987 5056 3255 5125 ampliore
3303 5055 3414 5109 cla-

1840 5143 2059 5198 ritatem
2086 5153 2232 5199 tuam
2265 5145 2438 5216 gloria
2470 5146 2663 5216 potiri,
2693 5153 2860 5215 atque
2884 5146 2952 5200 ad
2981 5156 3177 5202 catera
3211 5147 3416 5201 eximia

1844 5235 1984 5290 bona
2014 5236 2289 5291 bonorum
2319 5237 2683 5306 colophonem
2712 5237 2876 5307 adjici
2902 5238 3186 5308 pietatem,
3211 5254 3280 5293 ne
3310 5254 3413 5292 en-

1839 5327 2015 5381 comia
2043 5327 2442 5382 celebrantium
2473 5328 2748 5384 claudicet
2780 5328 3045 5383 laudatio.
3078 5330 3249 5384 Porro
3283 5345 3410 5398 spe-

1839 5421 2048 5483 rabam,
2075 5435 2186 5490 quo
2248 5429 2497 5490 tempore
2541 5422 2687 5490 apud
2734 5420 3072 5492 Hierapolim
3125 5422 3413 5492 plusculos.

1838 5513 1958 5568 dies
2003 5511 2212 5567 versari
2251 5522 2477 5568 coactus
2513 5529 2655 5580 sum,
2725 5515 2779 5570 in
2827 5515 3240 5587 magniﬁcentia
3301 5522 3418 5572 tua}

2058 5666 2398 5737 μεταλαχεῖν.
2433 5667 2604 5723 Idem.
