3924 6192
509 242 646 307 1215
1505 244 1991 306 TI-IEODORETI
2030 245 2364 306 EPISCOPI
2402 246 2764 307 CYRENSIS
3629 241 3803 306 1216

505 369 865 427 congressum
887 370 975 410 me
999 363 1166 409 ventu
1177 371 1319 420 rum,
1339 365 1394 409 et
1415 355 1779 410 adventantes
1794 364 2054 425 perconta

2257 355 2568 423 ντεύξεσθαί
2601 374 2692 409 σου
2714 359 2781 427 τῇ
2809 354 3278 427 μεγαλοπρεπείᾳ,
3325 352 3492 424 ἡνίκα
3538 351 3805 412 πλεῖους

509 449 607 502 bar
630 447 874 510 assidue,
904 461 971 499 an
1008 447 1344 514 praestantiae
1371 456 1477 501 tua:
1512 447 1674 501 allata
1714 456 1899 502 essent
1942 447 2058 501 ιιιεί-

2286 447 2584 518 ’ῐεραπόλει
2629 448 2916 517 διαγαγεῖν
2958 447 3308 518 ἠναγκάσθην
3360 445 3624 515 ἡμέρας*
3689 446 3804 496 καὶ

507 539 633 610 gnia
679 539 1049 606 magistratus.
1081 537 1188 591 Sed
1224 538 1352 606 quia
1385 539 1616 607 urgebat
1655 539 1843 592 divina
1887 547 1943 591 et
1989 553 2046 592 sa

2247 559 2286 594 ιν
2320 543 2731 610 ἀφικνουμένων
2756 540 3021 612 διηνεκῶς
3058 538 3462 609 ἐπυνθανόμην,
3485 539 3536 590 εί
3566 538 3796 605 ἐκομί-

507 630 701 684 lutaris
752 629 1038 692 festivitas,
1093 628 1161 681 ad
1214 629 1563 683 commissam
1611 629 1746 683 mihi
1798 629 2056 684 civitaten

2243 649 2283 701 ιη
2318 651 2412 686 σου
2445 636 2510 704 τῇ
2553 633 2948 704 θαυμασιότητι
2999 632 3068 685 τὰ
3123 631 3368 700 σύμϐολα
3405 630 3506 698 τῆς
3559 629 3792 700 ἀρχῆς.

509 736 628 774 sum
679 735 956 774 reversus.
1017 719 1173 773 Nunc
1196 736 1330 774 vero
1374 721 1616 790 acceptis
1663 720 2058 791 magniﬁcentia

2242 725 2416 794 ἰπειδὴ
2441 726 2497 778 δὲ
2533 729 2566 795 ἡ
2604 725 2722 777 Θεία
2762 726 2856 778 καὶ
2909 725 3175 794 σωτήριος
3209 722 3532 786 κατέπειξεν
3575 722 3791 791 ἑορτὴ,

512 822 617 865 tuae
653 811 876 872 litteris,
901 819 1066 880 atque
1089 811 1175 865 his
1204 812 1505 881 plurimum
1564 813 1819 877 recreati,
1850 821 1906 866 et
1935 813 2061 866 salut

2249 831 2277 866 ν
2307 813 2740 882 ἐγχειρισθεῖσαν
2771 815 2900 883 ἡμῖν
2931 813 3302 881 κατελάὅομεν
3333 811 3510 865 πόλιν.
3556 811 3698 864 Νῦν
3733 812 3793 865 δὲ

511 903 738 957 tationis
798 903 1048 957 debitum
1077 905 1434 970 exsolvimus,
1471 913 1529 960 et
1555 905 2060 962 reverendissimun

2243 903 2366 971 ιτῆς
2393 903 2492 970 σῆς
2519 902 2992 974 μεγαλοπρεπείας
3012 900 3294 971 δεξάμενοι
3315 902 3660 972 γράμματα,
3689 903 3792 953 καὶ

509 1009 573 1047 ac
597 994 1076 1064 religiosissimum
1128 995 1442 1060 diaconum,
1500 1012 1765 1066 aquarum
1816 996 2058 1066 indagari

2244 1009 2304 1045 αν
2347 993 2639 1062 ἡσθέντες,
2681 995 2777 1047 καὶ
2815 995 2878 1047 τὸ
2925 994 3025 1064 τῆς
3066 993 3423 1064 προσρήσεως
3470 993 3793 1060 ὲκτίνομεν

509 1086 702 1140 darum
730 1088 826 1141 Dei
857 1087 1125 1143 beneficio
1160 1089 1419 1158 peritum,
1441 1097 1502 1144 ut
1539 1091 1781 1160 jussisti,
1828 1089 2058 1143 misimu:

2242 1083 2361 1148 κέος,
2398 1084 2489 1137 καὶ
2523 1084 2612 1137 τὸν
2645 1084 2974 1155 τιμιώτατον
3004 1084 3098 1137 κα)⁵
3135 1083 3536 1136 εὐλαὸέστατον
3576 1083 3791 1134 διάκο-

509 1196 540 1232 e
568 1179 818 1249 vestigio.
859 1181 1014 1235 Faxit
1049 1181 1320 1251 benignus
1350 1183 1635 1247 Dominus,
1676 1193 1739 1237 ut
1782 1193 1834 1236 et
1868 1183 2058 1237 civitat

2246 1189 2292 1235 ν,
2327 1173 2424 1225 σὺν
2459 1171 2580 1242 Θεῷ
2613 1174 2800 1242 φάναι,
2835 1172 2926 1225 τὸν
2975 1172 3307 1243 ὑδροσκόπον
3353 1172 3429 1235 ὠς
3461 1171 3795 1234 ἐκέλευσας

513 1269 711 1323 utilem
742 1272 1002 1326 exhibeat
1054 1288 1300 1342 operam,
1332 1275 1644 1330 etclaritati
1686 1283 1793 1329 tuae
1839 1284 2062 1346 segeten

2242 1264 2584 1334 τεστείλαμεν
2615 1266 2950 1336 παραυτίκα.
2988 1264 3268 1336 Παράσχοι
3302 1264 3359 1316 δὲ
3381 1263 3410 1314 ὁ
3447 1262 3791 1333 φιλάνθρω-

511 1360 716 1429 gloriae.
1710 1368 1716 1374 ‘
2184 1372 2284 1418 πος
2311 1355 2590 1425 Δεσπότης
2614 1356 2834 1426 πορίσαι
2865 1356 3028 1409 αὐτὸν
3051 1355 3146 1408 καὶ
3173 1357 3238 1424 τῇ
3271 1355 3419 1408 πόλει
3447 1355 3663 1424 χρείαν
3690 1355 3795 1405 καὶ

2183 1447 2248 1515 τῇ
2289 1445 2632 1516 λαμπρότητί
2655 1463 2747 1499 σου
2780 1447 3052 1518 πρόφασιν
3091 1445 3352 1512 εὐδοξίας.

805 1556 1028 1627 1098
1073 1555 1361 1611 XXXVIII.
1391 1587 1457 1597 -—
1481 1555 1834 1610 IIeortash'ca.

1760 1573 1834 1610 ca.
2622 1559 2751 1611 ΑΠ’.
2791 1588 2862 1596 —-
2911 1557 3309 1626 Ἐορταστική.

586 1666 781 1720 Divina
816 1675 872 1720 et
911 1667 1168 1721 salutaris
1198 1666 1475 1720 festivitas
1507 1681 1896 1720 concessorum
1921 1665 2084 1720 nobis
2115 1698 2135 1751 ι

2269 1672 2330 1724 Ἦ
2375 1673 2472 1741 μὲν
2523 1671 2640 1724 θεία
2690 1670 2786 1723 καὶ
2827 1671 3090 1741 σωτήριος
3117 1669 3276 1741 ἑορτὴ
3325 1669 3433 1721 τῶν
3463 1668 3800 1720 θεοσόἁτων

513 1773 543 1809 a
577 1758 687 1811 Deo
710 1758 978 1812 bonorum
1034 1757 1215 1811 fontes
1255 1757 1460 1821 attulit,
1506 1758 1689 1812 crucis
1731 1756 2057 1812 beneficium

2241 1765 2321 1832 αῖν
2370 1762 2591 1831 ἀγαθῶν
2625 1763 2987 1832 προσενήνοχε
3017 1761 3118 1824 τὰς
3153 1761 3354 1830 πηγὰς.
3382 1761 3476 1812 τοῦ
3517 1758 3790 1829 σταυροῦ

514 1847 1003 1912 immortalitatem,
1041 1859 1227 1903 natam
1248 1864 1314 1902 ex
1340 1847 1624 1902 Dominica
1654 1857 1831 1902 morte
1866 1849 2062 1902 Domin

2247 1873 2284 1926 ιν
2308 1853 2578 1922 εὐλογίαν,
2610 1854 2707 1924 τὴν
2734 1853 3054 1916 ἀθανασίαν,
3084 1853 3180 1922 τὴν
3209 1855 3272 1906 ὲκ
3299 1852 3391 1904 τοῦ
3425 1851 3796 1904 Δεσποτικοῦ

512 1939 688 1994 nostri
725 1939 854 1993 Jesu
916 1941 1401 2004 resurrectionem,
1439 1955 1562 2009 qua:
1591 1955 1938 1993 cou'mmnem
1971 1955 2061 1992 om

2248 1947 2418 2000 ινάτου
2449 1946 2826 2016 βλαστήσασαν
2863 1943 2956 1997 τοῦ
2988 1944 3192 2014 Κυρίου
3229 1944 3382 2012 ἡμῶν
3445 1944 3641 2012 Ἰησοῦ
3690 1945 3797 2014 τὴν

513 2029 681 2084 nibus
735 2031 1197 2085 resurrectionem
1236 2032 1549 2100 pollicetur.
1608 2030 1736 2085 limo
1800 2030 2056 2100 proferen

2242 2044 2502 2105 θάστασιν,
2543 2042 2576 2113 ἢ
2626 2041 2723 2113 τὴν
2770 2040 2953 2110 κοινὴν
2999 2039 3294 2093 ἀνάστασιν
3344 2039 3791 2107 ἐπαγγέλλεται.

513 2122 804 2185 festivitas,
849 2131 905 2176 et
939 2122 1140 2176 divina:
1174 2123 1364 2192 gratiae
1415 2121 1852 2176 muniﬁcentiam
1897 2131 2062 2177 osten

2247 2135 2380 2190 αὔτα
2412 2136 2446 2204 ἡ
2472 2133 2633 2204 ἑορτὴ
2673 2133 3080 2204 προσφέρουσα,
3122 2132 3214 2184 καὶ
3239 2132 3339 2201 τῆς
3364 2130 3516 2193 θείας
3545 2130 3796 2200 χάριτος

513 2213 651 2266 dens
675 2213 742 2266 ad
768 2212 1074 2282 spiritalem
1110 2214 1355 2268 laetitiam
1391 2214 1747 2284 provocabat.
1786 2213 1891 2267 Sed
1942 2213 2057 2267 cala

2247 2245 2286 2296 ιν
2321 2225 2629 2295 φιλοτιμίαν
2652 2222 3020 2286 ὲπιδεικνῦσα,
3044 2221 3139 2292 τὴν
3165 2222 3544 2292 πνευματικὴν
3570 2223 3796 2292 εὐφρο-

513 2305 925 2374 mitatum,qure
959 2305 1202 2374 undique
1228 2321 1328 2360 nos
1362 2305 1744 2368 circumstant,
1771 2304 2062 2374 magnitudt

2246 2317 2356 2387 ἱνην
2390 2315 2864 2386 ἐπραγματεύετο.
2893 2312 3014 2364 Τῶν
3043 2313 3098 2364 δὲ
3127 2311 3420 2382 συμφορῶν
3448 2311 3514 2362 τὸ
3538 2311 3795 2380 μέγεθος

513 2403 570 2448 et
605 2396 902 2450 multitudo
923 2395 1240 2452 festivitatis
1269 2399 1284 2416 ‘
1310 2395 1644 2450 hilaritatem
1672 2395 2008 2457 obscuravit,
2035 2409 2062 2447 e

2246 2407 2284 2458 tl.
2317 2405 2378 2458 τὸ
2407 2403 2610 2472 πλῆθος
2661 2401 2925 2455 πάντοθεν
2975 2403 3122 2471 ἡμᾶς
3175 2401 3633 2473 περιστοιχίζον,
3690 2403 3795 2471 τῆς

515 2487 768 2555 planctus
827 2488 1121 2558 luctusque
1177 2488 1382 2542 divinis
1447 2485 1705 2540 laudibus
1769 2485 2064 2540 admiscuit

2244 2499 2384 2569 ,ρτῆς
2430 2498 2530 2568 τὴν
2567 2496 2836 2566 θυμηδίαν
2879 2493 3198 2564 ἠμαύρωσε,
3248 2494 3342 2546 καὶ
3389 2495 3660 2564 οίμωγάς
3699 2498 3793 2548 καὶ

516 2576 675 2631 Tales
699 2579 901 2648 quippe
927 2587 1055 2632 sunt
1085 2578 1249 2633 foetus
1270 2577 1503 2648 peccati.
1522 2576 1637 2632 Hoc
1659 2577 1807 2631 enim
1837 2584 1921 2630 est
1943 2591 2065 2644 qum

2244 2595 2420 2662 ›ήνους
2448 2593 2569 2653 ταῖς
2599 2588 2894 2659 ὑμνῳδίαις
2921 2585 3162 2656 ἀνέμιξε.
3187 2583 3423 2640 Τοιαῦτα
3445 2585 3561 2654 γὰρ
3581 2586 3664 2638 τὰ
3690 2585 3793 2654 τῆς

514 2668 704 2724 dolore
727 2671 894 2724 vitam
922 2679 1170 2725 nostram
1211 2670 1445 2739 replevit
1484 2687 1508 2722 :-
1545 2677 1770 2738 propter
1797 2668 1903 2722 hoc
1929 2683 2063 2721 ama-

2243 2680 2466 2752 ααρτίας
2503 2681 2778 2749 κυήματα.
2806 2676 2955 2748 Αὕτη
2989 2676 3099 2747 γὰρ
3125 2675 3314 2746 ὀδύνης
3345 2674 3437 2727 τὸν
3470 2674 3594 2744 βίον
3621 2675 3792 2745 ἡμῶν

516 2760 682 2814 bilior
720 2761 881 2815 nobis
910 2777 1061 2817 mors
1085 2777 1249 2832 quam
1286 2760 1426 2814 vita:
1463 2769 1688 2830 propter
1710 2760 1816 2814 hoc
1849 2759 2065 2814 futuran

2242 2773 2475 2842 ’ἔπλησε-η
2506 2772 2604 2825 Διά
2628 2771 2829 2842 ταύτην
2875 2769 3279 2842 ἐρασμιώτερος
3312 2770 3443 2838 ἡμῖν
3476 2769 3507 2820 ὁ
3542 2769 3791 2831 θάνατος

515 2866 734 2920 quoque
756 2853 923 2906 vitam
961 2851 1431 2916 exhorrescimus,
1493 2851 1913 2922 incorruptibile
1955 2853 2064 2906 IIIUI

2243 2866 2288 2933 ig
2313 2862 2458 2932 ζωῆς
2476 2881 2488 2893 ·
2513 2862 2600 2915 διὰ
2637 2862 2842 2930 ταύτην
2864 2861 2958 2914 καὶ
2994 2861 3086 2914 τὸν
3124 2859 3386 2929 μέλλοντα
3414 2859 3792 2929 πεφρίκειμεν

516 2943 758 2998 tribunal
785 2946 1243 3014 contemplantes.
1281 2942 1415 2998 Oret
1449 2944 1632 3012 itaque
1671 2944 1845 3012 pietas
1884 2952 1996 3008 tua,
2029 2959 2060 2996 u

2239 2959 2329 3020 ίον,
2363 2957 2425 3009 τὸ
2455 2956 2751 3010 ἀδέκαστον
2781 2957 2960 3009 ἐκεῖνο
3007 2953 3290 3024 κριτήριον
3341 2949 3788 3020 φανταζόμενοι.

515 3037 674 3090 nobis
726 3038 967 3091 divinam
999 3036 1392 3106 benignitatem
1435 3036 1719 3104 consequi,
1763 3051 1827 3090 ac
1872 3037 2064 3091 tristen

2238 3045 2452 3110 ὑξάσθω
2500 3045 2678 3099 τοίνυν
2729 3047 2762 3114 ή
2811 3043 3090 3096 θεοσέϐειά
3150 3059 3266 3106 σου,
3291 3041 3392 3111 τῆς
3429 3040 3587 3104 θείας
3630 3044 3787 3112 ἡμᾶς

516 3125 659 3178 hanc
693 3135 749 3180 et
809 3125 1214 3179 formidandam
1246 3125 1449 3178 nubem
1501 3125 1791 3194 dissipare,
1841 3141 2065 3196 puraqm

2237 3136 2597 3208 ιλανθρωπίας
2620 3138 2820 3205 τυχεῖν,
2853 3134 2947 3188 καὶ
2977 3135 3040 3188 τὸ
3078 3132 3301 3200 στυγνὸν
3333 3130 3490 3184 τοῦτο
3546 3134 3649 3187 καὶ
3687 3152 3784 3201 φο-

515 3216 922 3284 qaamprimum
955 3216 1252 3272 serenitate
1291 3216 1400 3270 frui
1434 3216 1734 3286 contingat.

2232 3229 2349 3296 ερὸν
2377 3227 2689 3297 διαλυθῆναι
2711 3227 2893 3295 νέφος,
2929 3227 3024 3279 καὶ
3053 3223 3271 3294 αἰθρίας
3317 3225 3464 3294 ἡμᾶς
3505 3223 3588 3288 ὡς
3622 3227 3781 3296 τάχι-

2191 3337 2293 3374 στα
2327 3320 2572 3388 καθαρᾶς
2596 3317 2923 3372 ἀπολαῦσαι.

866 3425 1111 3480 XXXIX.
1131 3457 1197 3466 —
1236 3427 1359 3482 Alia
1392 3430 1731 3484 heartastica.

2551 3433 2674 3489 AG’.
2699 3467 2702 3471 ε
2723 3463 2770 3472 -
2806 3434 2992 3499 Ἄλλη
3033 3429 3414 3500 ἐορταστική.

583 3539 888 3609 Cupiebam
931 3538 1190 3608 equidem
1223 3539 1346 3593 lwta
1396 3541 1663 3608 scribere,
1704 3541 1941 3612 festique
1975 3543 2086 3599 diei

2275 3547 2608 3621 Ἐϐουλόμην
2633 3546 2702 3600 τά
2736 3545 2955 3616 θυμήρη
2991 3542 3257 3615 γράφειν,
3305 3543 3401 3596 καὶ
3442 3543 3546 3612 τῆς
3578 3545 3771 3613 ἑορτῆς

515 3629 859 3699 spiritualem
893 3644 1092 3683 canere
1123 3629 1389 3683 lastitiam.
1417 3630 1523 3685 Sed
1555 3648 1665 3686 non
1717 3633 1849 3687 sinit
1891 3648 2064 3703 peccat

2220 3638 2333 3691 55w
2365 3638 2465 3709 τὴν
2488 3634 2865 3707 πνευματικὴν
2887 3632 3230 3703 εὐφροσύνην
3248 3648 3262 3663 ’
3299 3631 3415 3684 ἀλλ’
3439 3631 3544 3684 οὐκ
3576 3633 3645 3704 ἐᾷ
3664 3634 3769 3686 τῶν

514 3729 696 3776 torum
730 3722 1073 3792 magnitudo,
1101 3739 1221 3791 quaa
1249 3723 1485 3778 inflictas
1516 3725 1676 3779 nobis
1702 3741 1732 3779 a
1757 3726 1870 3780 Deo
1897 3741 2063 3796 poena:

2219 3745 2407 3798 papa}
2418 3726 2602 3797 μάτων
2627 3725 2688 3778 τὸ
2713 3723 2938 3794 πλῆθος,
2975 3722 3074 3785 τὰς
3103 3722 3397 3792 θεηλάτους
3435 3723 3572 3791 ἡμῖν
3598 3740 3768 3792 τιμω-

515 3813 745 3867 inducit.
774 3813 908 3879 Quis
933 3813 1079 3868 enim
1113 3813 1368 3882 stupidus
1390 3823 1473 3870 est
1498 3816 1656 3882 adeo,
1679 3826 1740 3871 ut
1763 3817 1858 3872 irae
1889 3817 2064 3872 divina

2216 3818 2310 3880 ›ίας
2342 3817 2566 3884 ἐπάγον.
2599 3815 2695 3879 Τίς
2733 3815 2841 3884 γὰρ
2889 3813 3158 3882 τοσαύτην
3200 3811 3537 3882 ἀναλγησίαν
3591 3817 3765 3878 νοσεῖ,

512 3920 674 3958 sensu
707 3921 816 3958 non
855 3907 1146 3976 tangatur?
1171 3903 1303 3960 Oret
1354 3907 1522 3978 igitur
1547 3909 1723 3978 pietas
1748 3917 1840 3964 tua
1874 3919 1933 3964 ut
1965 3925 2061 3965 me

2220 3927 2261 3972 ›ς
2298 3908 2372 3980 μὴ
2420 3907 2608 3962 λαϐεῖν
2655 3906 2908 3977 αἴσθησιν
2937 3908 3036 3976 τῆς
3069 3904 3220 3967 θείας
3264 3903 3470 3974 ὀργῆςς
3501 3904 3769 3968 Εὑξάσθω

512 3996 707 4048 liorem
737 3996 792 4050 in
815 4005 1018 4052 statum
1056 4015 1145 4054 res
1176 4008 1590 4063 convertantur,
1622 4011 1682 4055 ut
1714 4011 1769 4055 et
1798 4018 1901 4056 nos
1929 4002 2061 4058 litte‘

2219 4001 2365 4053 οίνυν
2398 4003 2432 4070 ἡ
2467 3999 2724 4054 εὑλάὗειά
2755 4016 2870 4061 σου,
2903 3997 2972 4052 τά
3004 3996 3308 4067 πράγματα
3340 3995 3651 4066 μεταϐολῆς
3680 4015 3768 4050 τυ-

512 4101 696 4140 rarum
727 4087 962 4144 formam
999 4100 1298 4156 mutemus,
1323 4101 1380 4147 et
1429 4109 1530 4162 pro
1577 4093 1908 4163 lugubribus
1958 4096 2061 4150 laet:

2216 4095 2300 4160 εἶν
2331 4091 2561 4162 ἀγαθῆς,
2594 4091 2680 4143 ἶνα
2711 4090 2802 4143 καὶ
2830 4091 2990 4159 ἡμεῖς
3019 4087 3408 4156 μεταϐάλωμεν
3436 4087 3547 4138 τῶν
3579 4103 3765 4156 γραμ-

511 4179 838 4235 scribamus.
2187 4185 2374 4255 μάτων
2403 4183 2494 4236 τὸν
2520 4183 2862 4254 χαρακτῆρα,
2901 4179 2994 4235 καὶ
3031 4179 3152 4234 ἀντὶ
3191 4179 3401 4250 θρήνων
3433 4179 3768 4234 ἐπιστέλλω-

2189 4292 2288 4345 μεν
2307 4273 2374 4328 τὰ
2401 4272 2644 4345 θυμήρη.

826 4391 1038 4460 1099
1066 4391 1178 4444 XL.
1235 4392 1496 4447 Theodoro
1542 4394 1760 4449 vicario.
2117 4376 2160 4429 θ

2117 4376 2160 4429 ῐ)
2498 4385 2587 4439 M'.
2622 4415 2692 4424 ——
2728 4381 3001 4451 Θεοδώρῳ
3043 4380 3439 4449 τοποτηρητνῇ.

587 4502 855 4557 Festalem
885 4503 1111 4572 quidem
1163 4503 1452 4572 epistolam
1486 4505 1595 4560 diei
1627 4506 1750 4560 festi
1777 4507 1863 4561 lex
1895 4507 2071 4577 impe-

2269 4498 2327 4550 Ὀ
2366 4496 2462 4567 μὲν
2494 4493 2594 4563 τῆς
2646 4494 2838 4563 ἑορτῆς
2875 4492 3034 4562 νόμος
3068 4490 3421 4562 ὲορταστικὴν
3470 4498 3764 4566 παρεγγυᾷ

516 4601 631 4645 rat:
663 4592 758 4646 sed
789 4601 1108 4646 consuetam
1138 4591 1261 4648 festi
1310 4594 1555 4650 laetitiam
1585 4613 1686 4650 nos
1711 4613 1907 4667 capere
1931 4599 2065 4652 cala-

2214 4588 2417 4658 ’ράφειν
2449 4584 2754 4655 επιστολὴν,
2796 4584 2856 4636 τὸ
2883 4582 2941 4635 δὲ
2970 4582 3078 4635 τῶν
3123 4583 3415 4653 συμφορῶν
3452 4583 3617 4650 νέφος
3670 4588 3763 4640 οὐκ

508 4685 763 4737 mitatum
790 4685 968 4739 nubes
986 4701 1096 4739 non
1121 4686 1393 4755 permisit.
1413 4687 1546 4754 Quis
1562 4690 1711 4743 enim
1735 4689 1872 4743 adeo
1887 4705 2057 4744 saxeu

2219 4682 2365 4734 ῐασεν
2392 4680 2538 4750 ἡμᾶς
2580 4676 2821 4745 συνήθως
2841 4674 3111 4744 τρυγῆσαι
3145 4674 3243 4746 τὴν
3285 4675 3636 4747 εὐφροσύνην
3669 4681 3762 4748 τῆς

507 4783 614 4838 est,
649 4782 710 4827 ut
734 4775 877 4828 irato
895 4791 959 4829 ac
981 4784 1344 4831 succensente
1376 4777 1610 4831 Domino
1633 4792 1740 4830 non
1759 4786 2056 4846 angatur,e

2210 4772 2402 4844 ιορτῆς.
2435 4770 2530 4833 Τίς
2577 4769 2687 4837 γὰρ
2729 4768 2872 4821 οὕτω
2899 4767 3118 4831 λίθινος,
3168 4767 3244 4830 ὡς
3271 4767 3616 4837 θυμουμένου
3673 4772 3759 4823 τοῦ

511 4865 720 4929 timeat,
755 4875 811 4920 et
832 4866 1160 4921 delictorum
1186 4876 1398 4936 repetat
1429 4868 1773 4932 memoriam,
1807 4868 2060 4937 etjustan

2213 4863 2460 4916 ιεσπότου
2505 4860 2601 4912 καὶ¹
2658 4858 3077 4929 χαλεπαίνοντος
3110 4857 3186 4927 μὴ
3226 4857 3516 4926 ἀσχάλλειν
3551 4862 3649 4913 καὶ
3693 4863 3762 4915 δε-

509 4959 842 5012 sententiam
895 4960 1218 5028 exspectet?
1264 4959 1393 5014 Ilazc
1448 4959 1792 5014 celebritatis
1837 4959 2058 5012 lastitian

2213 4955 2378 5020 ῐιέναι,
2413 4955 2508 5007 καὶ
2534 4951 2632 5023 τὴν
2665 4952 2885 5022 μνήμην
2912 4950 3021 5002 τῶν
3061 4949 3617 5020 πεπλημμελημένων
3649 4957 3762 5008 ἀνι.

511 5049 673 5103 nobis
697 5051 1089 5106 obscurarunt.
1114 5051 1383 5105 Dominus
1407 5060 1612 5113 autem,
1641 5065 1763 5105 cum
1789 5050 1970 5103 bonus
1990 5049 2060 5103 sit

2210 5049 2379 5109 ιινεῖν,
2407 5045 2500 5098 καὶ
2534 5044 2630 5114 τὴν
2658 5041 2872 5096 δικαίαν
2899 5040 3292 5112 προσδέχεσθαι
3331 5040 3548 5110 dimov;
3579 5045 3759 5099 Ταῦτα

512 5141 690 5197 minas
736 5151 798 5196 ut
847 5158 1134 5212 speramus
1179 5142 1443 5212 operibus
1486 5157 1596 5196 non
1635 5140 1886 5210 implebit
1926 5159 1938 5194 :
1986 5155 2061 5194 set

2209 5137 2287 5206 τῆς
2317 5134 2672 5204 πανηγύρεως
2702 5134 2834 5202 ἡμῖν
2863 5131 2960 5202 τὴν
2995 5131 3261 5201 θυμηδίαν
3301 5131 3632 5203 ἠμαύρωσε.
3671 5138 3758 5191 Πι-

509 5242 737 5297 annuet,
767 5242 823 5286 et
855 5234 1033 5287 tristia
1066 5232 1351 5295 discutiet,
1379 5240 1435 5286 et
1485 5228 1881 5285 misericordia:
1904 5227 2052 5284 fonte

2211 5227 2454 5297 ςτεύομεν
2499 5225 2589 5288 δὲ,
2623 5224 2699 5287 ὡς
2748 5222 3132 5291 φιλάνθρωπος
3161 5223 3235 5274 ὣν
3268 5225 3296 5275 ὁ
3345 5223 3633 5297 Δεσπότης
3669 5230 3760 5280 οὐκ

509 5328 741 5395 aperiet,
767 5335 1200 5394 consuetamque
1238 5323 1561 5394 patientiam
1620 5320 1925 5376 exhibebit.
1972 5320 2058 5374 Vel

2211 5319 2497 5390 ,p‘l‘t55u'm’st
2535 5320 2645 5380 τοῖς
2667 5317 2849 5387 ἔργοις
2877 5315 2975 5386 τὴν
3004 5315 3254 5384 ἀπειλὴν,
3289 5314 3426 5368 ἀλλά
3453 5317 3642 5370 νεύσει
3679 5323 3760 5374 καὶ

512 5429 675 5470 stram
701 5434 801 5485 ego
826 5416 1215 5470 sublimitatem
1242 5415 1507 5476 salutans,
1530 5411 1929 5483 optatissimam
1948 5409 2057 5464 mih

2207 5411 2427 5468 ῑιαλύσει
2472 5408 2541 5462 τὰ
2571 5407 2872 5478 σκυθρωπά
2897 5447 2911 5471 ,
2945 5408 3040 5460 καὶ
3073 5406 3272 5470 ἀνοίξει
3303 5407 3402 5470 τὰς
3452 5407 3553 5460 τοῦ
3588 5410 3756 5476 ἐλέους

515 5503 946 5559 ἰιι‹·‹ιξιιιιιίι.;ιιοη]
975 5512 1211 5560 vestram
1255 5502 1499 5557 nuntiari
1535 5501 1811 5557 desidero.

2208 5500 2392 5569 πηγὰς,
2425 5497 2520 5550 καὶ
2547 5495 2644 5566 τὴν
2686 5497 2892 5567 συνήθη
2943 5495 3107 5560 δείξει
3149 5496 3560 5566 μακροθυμίαν.
3609 5501 3681 5554 Τὸ
3711 5503 3757 5555 δὲ

2192 5590 2452 5659 ὑμέτερον
2481 5586 2592 5654 ἐγὼ
2625 5585 3134 5657 προσφθεγγόμενος
3171 5586 3418 5657 μέγεθος,
3455 5589 3757 5663 μηνυθῆναί

2197 5696 2285 5748 μοι
2315 5677 2412 5747 τὴν
2439 5675 2761 5747 τριπόθητον
2791 5675 2942 5744 ὑμῶν
2975 5675 3162 5742 ὑγείαν
3197 5677 3520 5744 παρακαλῶ.
