3924 6192
144 406 155 452 1

236 273 337 337 ’ΞΠ

236 273 337 337 ’ΞΠ

204 272 230 339 1
595 387 730 442 MA'.
760 414 828 427 -—
855 382 1209 450 Κλαυδιανῷ
1240 382 1373 455 (30).

284 498 346 552 Ἦ
367 498 466 570 μὲν
487 498 603 552 θεία
631 497 941 568 πανήγυρις
959 495 1059 560 τὰς
1085 492 1459 567 πνευματικὰς
1482 492 1614 564 ἡμῖν
1639 507 1765 544 συν-

198 590 347 662 ήθως
376 590 736 662 προσενήνοχε
773 589 1011 660 δωρεάς*
1047 589 1096 642 oi
1131 587 1188 641 δὲ
1231 587 1418 656 πικροὶ
1449 586 1547 657 τῆς
1586 586 1767 655 ἀμαρ-

196 680 319 741 τίας
342 674 543 749 καρποὶ
581 678 789 731 τούτων
811 677 1119 732 ἀπολαῦσαι
1155 677 1274 748 μετ’
1296 675 1635 747 εὐφροσύνης
1667 676 1768 727 οὐκ

194 769 406 823 εἴασαν.
432 768 664 824 Τοιαῦτα
683 772 792 842 γάρ
818 771 892 825 τά
913 773 1135 825 ἐκείνων
1163 771 1521 843 βλαστήματα
1548 789 1559 801 ·
1590 771 1684 826 καὶ
1708 769 1767 837 ἐξ

194 861 371 932 ἀρχῆς
411 862 509 931 μὲν
532 863 795 928 ἀκάνθας,
826 863 917 916 καὶ
942 862 1242 933 τριϐόλους,
1272 863 1366 915 καὶ
1400 861 1652 932 ἱδρῶτας,
1673 859 1767 913 καὶ

194 954 410 1020 πόνους,
437 955 531 1008 καὶ
553 955 726 1020 λύπας
746 955 1084 1027 ἐϐλάστησαν
1106 971 1120 985 θ
1152 956 1244 1008 ἐπὶ
1272 954 1329 1007 δέ
1358 953 1449 1007 τοῦ
1477 953 1764 1023 παρόντος,

191 1043 290 1096 καὶ⁵
333 1043 433 1114 τὴν
464 1045 565 1116 γῆν
611 1045 793 1099 κλονεῖ
836 1045 958 1099 καθ’
999 1044 1194 1115 ήμῶν,
1235 1045 1329 1098 καὶ
1372 1043 1441 1096 τά
1475 1042 1616 1113 φῦλα
1658 1041 1766 1094 τῶν

189 1136 486 1210 βαρϐάρων
520 1138 783 1193 πάντοθεν
806 1140 937 1209 ἡμῖν
969 1140 1290 1208 ἐπέστησεν.
1327 1137 1516 1206 Ἡμεῖς
1543 1135 1600 1188 δέ
1631 1133 1765 1206 θρη-

185 1229 411 1299 νοῦμεν,
440 1230 523 1282 ὅτι
556 1229 649 1284 τὸν
690 1229 893 1298 ἀγαθὸν
928 1230 1202 1299 Δεσπότην
1236 1228 1541 1300 εὐεργετεῖν
1582 1225 1765 1297 βουλό-

189 1336 357 1390 μενον
389 1320 648 1373 τάναντία
673 1321 847 1373 ποιεῖν
870 1318 1190 1390 βιαζόμεθα,
1236 1321 1330 1373 καὶ
1368 1318 1638 1389 τιμωρίας
1667 1317 1765 1368 ἐπ-

187 1412 347 1481 άγειν
403 1411 908 1481 καταναγκάζομεν.
949 1411 1444 1483 Ψυχαγωγούμεθα
1496 1411 1552 1463 δὲ
1591 1411 1761 1480 ὅμως,

187 1502 289 1555 τοῦ
322 1502 471 1556 ἐλέου
507 1502 603 1575 τὴν
629 1503 865 1558 ἄϐυσσον
908 1502 1275 1573 λογιζόμενοι·
1313 1504 1405 1557 καὶ
1436 1502 1763 1574 πιστεύομεν

185 1594 274 1649 ὃτι
318 1595 417 1649 ούκ
450 1594 727 1650 ἀπώσεται
767 1594 971 1666 Κύριος
1003 1596 1094 1648 τὸν
1123 1595 1251 1649 λαὸν
1297 1596 1487 1659 αὑτοῦ,
1520 1598 1616 1650 καὶ
1659 1596 1761 1668 τὴν

185 1685 557 1758 κληρονομίαν
617 1685 784 1741 αὐτοῦ
816 1687 917 1740 οὐκ
964 1687 1365 1757 ἐγκαταλείψει.
1413 1687 1523 1759 Τὴν
1566 1689 1623 1743 δέ
1658 1690 1759 1760 σὴν
1793 1716 1836 1773 Β

192 1774 674 1847 μεγαλοπρέπειαν
712 1776 1261 1848 προσφθεγγόμενος,
1313 1779 1616 1851 παρακαλῶ
1656 1800 1765 1853 μη-

187 1868 349 1922 νῦσαί
383 1886 474 1940 μοι
511 1869 609 1942 τὴν
643 1869 963 1941 ἀξιέραστον
999 1869 1195 1924 σαυτοῦ
1232 1871 1442 1940 ὑγείαν.

506 1983 641 2038 MB'.
668 1985 1155 2050 -Κωνσταντίῳ
1183 1985 1440 2057 ἐπάρχῳ.

260 2094 323 2147 Ei
358 2095 457 2166 μὲν
493 2096 767 2169 μηδεμιᾶς
802 2098 1134 2172 βιαζομένης
1159 2101 1406 2173 ἀνάγκης
1436 2103 1761 2176 γράμμασιν

188 2187 509 2259 ἐχρησάμην
536 2190 673 2261 πρὸς
694 2191 759 2244 τὺ
786 2191 1053 2265 ὑμέτερον
1097 2195 1350 2264 μέγεθος,
1382 2197 1665 2262 αὐθαδείας
1693 2199 1760 2252 ἂν

142 2350 145 2353 ν
187 2278 348 2348 τυχὸν
375 2277 603 2350 ῶφλησα
636 2280 814 2353 δίκην,
865 2284 1003 2354 μήτε
1055 2285 1292 2355 ἐμαυτὸν
1337 2288 1637 2358 μετρήσας,
1668 2289 1760 2341 καὶ

183 2370 284 2438 τῆς
313 2368 585 2441 ὑμετέρας
603 2369 853 2436 ἐξουσίας
882 2375 1160 2445 ἀγνοήσας
1175 2376 1236 2429 τὸ
1269 2377 1518 2447 μέγεθος.
1539 2379 1758 2452 Ἐπειδὴ

182 2457 242 2512 δὲ
271 2459 566 2514 κινδυνεύει
600 2461 700 2533 τῆς
733 2462 919 2519 θεόθεν
950 2466 1393 2539 ἐγχειρισθείσης
1432 2487 1521 2540 μοι
1550 2471 1758 2535 πόλεως

182 2550 281 2602 καὶ
304 2549 486 2622 χώρας
514 2551 681 2625 άρδην
706 2555 998 2611 ἀπολέσθαι
1026 2559 1095 2612 τά
1114 2559 1365 2630 λείψανα,
1394 2564 1756 2631 συκοφαντίας

184 2640 331 2693 κατά
364 2643 462 2711 τῆς
498 2647 870 2717 γεγενημένης
915 2634 1145 2715 ἐποψίας
1188 2652 1340 2723 παρά
1366 2671 1529 2707 τινων
1554 2655 1757 2726 τολμη-

187 2727 395 2801 θείσης,
421 2732 836 2802 συγγνώσεται,
871 2732 930 2790 εὖ
959 2733 1097 2805 οἶδα,
1130 2742 1197 2811 τῇ
1238 2740 1407 2813 πολλῇ
1435 2742 1545 2796 τῶν
1574 2760 1756 2816 γραμ-

189 2818 377 2888 μάτων
398 2822 432 2892 ή
462 2822 706 2896 ύμετέρα
736 2826 1215 2898 μεγαλοπρέπεια,
1253 2830 1348 2885 τοῦ
1394 2850 1453 2886 τε
1492 2835 1755 2906 πράγμα-

183 2926 277 2973 τος
298 2911 395 2981 τήν
416 2912 625 2983 χρείαν,
659 2916 755 2968 καὶ
783 2915 877 2969 τοῦ
899 2918 1202 2989 γράφοντος
1227 2922 1319 2977 τὸν
1346 2925 1548 2978 σκοπὸν
1570 2926 1755 2993 ἐξετά-

186 3002 373 3068 ζουσα.
407 3006 670 3106 mmet
696 3010 790 3061 καὶ
813 3009 1092 3082 ὀδύρομαι,
1127 3013 1360 3084 γράφειν
1389 3017 1529 3106 κατά
1562 3019 1753 3090 ἀνδρὸς
1779 3047 1822 3106 α

186 3091 526 3164 βιαζόμενος,
563 3090 624 3151 οὗ
660 3099 977 3164 συσκιάζειν
1021 3101 1127 3157 ἔδει
1155 3104 1225 3158 τά
1255 3104 1707 3180 πλημμελήματα
1735 3150 1749 3175 ,

181 3184 273 3239 διὰ
289 3184 388 3256 τὴν
409 3187 508 3258 τῆς
536 3188 838 3260 ἱερωσύνης
862 3195 1253 3267 προσηγορίαν.
1284 3199 1486 3271 Γράφω
1509 3202 1555 3255 δ’
1578 3204 1748 3272 ὅμως,

180 3276 293 3329 τῶν
347 3278 713 3350 ἀδικουμένων
772 3283 863 3336 ὑπ’
912 3284 1075 3338 αὐτοῦ
1103 3289 1349 3359 πενήτων
1391 3290 1751 3363 ὑπερμαχῶν.

181 3361 354 3431 Οὗτος
399 3368 528 3440 γὰρ,
563 3371 779 3435 πολλοῖς
814 3373 913 3444 μὲν
939 3379 1406 3450 παρανομήμασιν
1454 3361 1752 3448 ὑπεύθυνος

178 3455 443 3539 γεγονὼς,
474 3460 716 3530 είρχθεὶς
748 3461 806 3515 δὲ
836 3463 933 3535 τῆς
955 3467 1263 3531 κοινωνίας,
1295 3468 1371 3533 ὡς
1402 3471 1629 3542 μηδέπω
1648 3474 1748 3544 τῆς

182 3534 349 3613 ἁγίας
376 3546 778 3619 συγκληθείσης
805 3552 1049 3621 συνόδου,
1084 3553 1264 3620 δείσας
1287 3557 1343 3610 δέ
1375 3534 1474 3613 τού
1498 3534 1749 3634 ἀρχιεράξ

177 3637 335 3692 τικοῦ
368 3639 647 3710 συνεδρίου
695 3642 793 3713 τήν
829 3643 1040 3714 ψῆφον,
1081 3648 1290 3720 ἀπέδρα
1338 3650 1439 3721 μὲν
1476 3653 1746 3721 ἐντεῦθεν,

177 3728 305 3791 τοὺς
326 3730 928 3802 ἐκκλησιαστικοὺς,.ὡς
949 3737 1189 3808 ἐνόμισε,
1207 3743 1457 3814 πατήσας
1489 3743 1743 3816 θεσμούςο

177 3821 461 3893 ἐγύμνωσε
489 3825 545 3879 δὲ
573 3826 664 3879 τὸν
688 3827 885 3880 οίκεῖον
910 3830 1131 3896 σκοπὸν,
1181 3832 1276 3887 τοῦ
1306 3835 1407 3906 τῆς
1445 3837 1746 3913 ἀκοινωνη-

179 3914 300 3979 σίας
324 3920 746 3991 καταφρονήσας
778 3921 1001 3992 δεσμοῦ.
1056 3925 1365 3993 Ἀνεδέξατο
1409 3929 1466 3983 δὲ
1508 3948 1744 4004 κατηγο-

178 4008 300 4077 ρίαν
351 4009 473 4063 οὐδέ
507 4012 620 4075 τοῖς
658 4011 1141 4086 ἀποχειροϐιώτοις
1188 4019 1598 4090 ἁρμόττουσαν’
1651 4026 1745 4078 καὶ

174 4099 263 4152 διά
290 4100 387 4170 τήν
418 4101 741 4172 δυσμένειαν
760 4105 826 4176 ἦν
868 4104 1004 4177 πρὸς
1033 4107 1127 4164 τὸν
1159 4111 1517 4182 περίϐλεπτον
1543 4113 1742 4187 ἔσχηκε

174 4190 459 4259 Φίλιππον,
493 4194 634 4248 κατά
660 4195 769 4250 τῶν
788 4195 986 4251 ἀθλίων
1007 4197 1252 4274 ἐχώρησε
1279 4204 1571 4260 συντελῶν.
1602 4207 1744 4277 Ἐγὼ

174 4282 231 4336 δὲ
257 4285 346 4337 τὸν
374 4285 471 4355 μὲν
500 4286 710 4341 ἐκείνου
746 4289 948 4343 σκοπὸν
981 4291 1077 4344 καὶ
1105 4290 1202 4363 τὴν
1223 4293 1280 4360 ἐξ
1302 4295 1478 4367 ἀρχῆς
1503 4296 1599 4350 τοῦ
1626 4300 1741 4369 βίου

1541 248 1901 329 EPISTOLA
1931 268 2115 328 XLII.

3308 280 3444 345 1218

2407 385 2545 441 XLI.
2590 387 2909 445 Claudiano.

1941 490 2132 546 Divina
2164 492 2458 552 celebritas
2491 498 2800 568 spirituaiia
2831 502 2899 557 de
2930 518 3084 559 more
3115 503 3259 560 dona
3280 506 3443 562 nobis

1868 582 2087 648 attulit;
2152 585 2249 638 sed
2304 588 2478 642 amari
2526 590 2741 648 fructus
2784 596 2996 663 peccati
3044 611 3147 651 nos
3176 596 3286 653 illis
3314 612 3440 653 cum

1868 675 2146 731 hilaritate
2174 675 2283 731 frui
2319 695 2430 733 non
2471 682 2740 738 siverunt.
2771 685 2924 740 Talia
2951 688 3100 742 enim
3142 698 3270 744 sunt
3292 690 3444 745 illius

1868 767 2145 838 germina:
2184 778 2239 822 et
2262 769 2331 822 ab
2362 769 2521 826 initio
2548 774 2771 843 quidem
2799 777 2989 846 spinas
3006 788 3057 833 et
3105 780 3363 845 tribulos,
3388 792 3445 836 et

1868 857 2119 923 sudores,
2153 869 2209 914 et
2236 860 2475 927 labores,
2502 873 2558 918 et
2589 864 2812 921 dolores
2836 869 3080 937 peperit:
3109 870 3163 923 in
3202 882 3445 940 prwscns

1870 965 2001 1005 vero
2035 958 2091 1005 et
2115 958 2318 1006 terram
2360 963 2554 1008 contra
2598 972 2701 1011 nos
2743 961 3010 1025 concutit,
3066 970 3122 1015 et
3170 962 3442 1017 barbaras

1868 1041 2220 1111 undiquaque
2238 1043 2493 1098 nationes
2512 1045 2567 1098 in
2591 1062 2693 1101 nos
2724 1047 2975 1103 immisit.
3009 1050 3117 1106 Nos
3140 1062 3325 1107 autem
3358 1054 3443 1108 lu-

1865 1144 2075 1200 gemus,
2103 1131 2252 1200 quod
2286 1131 2581 1203 benignum
2601 1136 2890 1190 Dominum
2919 1138 3057 1194 bene
3078 1141 3240 1196 nobis
3263 1143 3443 1198 facere

1864 1221 2142 1276 volentem
2170 1225 2449 1279 contraria
2478 1235 2742 1295 praestare
2763 1230 3031 1299 cogimus,
3058 1244 3115 1287 et
3153 1234 3219 1288 ad
3250 1251 3440 1305 plenas

1865 1311 2185 1384 irrogandas
2207 1314 2496 1385 adigimus.
2526 1318 2864 1373 Recreamur
2894 1330 3095 1388 tamen,
3125 1326 3439 1383 misericor-

1865 1405 1971 1460 diae
2013 1405 2272 1477 abyssum
2300 1408 2629 1479 cogitantes,
2661 1418 2716 1464 et
2746 1412 3025 1468 credimus
3081 1416 3199 1471 fore
3235 1429 3296 1473 ut
3327 1436 3438 1477 non

1865 1500 2097 1570 repellat
2120 1500 2388 1556 Dominus
2415 1503 2630 1572 1100
2658 1505 2925 1573 populum
2953 1522 3135 1572 suum,
3164 1521 3221 1566 et
3258 1512 3437 1568 haere-

1864 1592 2093 1648 ditatem
2128 1609 2286 1649 suam
2313 1610 2424 1648 non
2450 1588 2822 1667 derelinquat.
2859 1595 3032 1652 Tuam
3058 1617 3191 1657 vero
3225 1606 3437 1675 magni-

1866 1681 2134 1739 ficentiam
2157 1685 2421 1749 salutans,
2437 1693 2496 1741 ut
2511 1695 2822 1757 exoptatam
2839 1686 3271 1747 incolumitatem
3287 1702 3433 1749 tuam

1863 1773 2000 1829 mihi
2030 1775 2254 1832 nunties
2276 1792 2394 1833 oro.

2213 1988 2373 2045 XLII.
2390 2020 2461 2031 -—
2478 1989 2786 2050 Constantio
2816 1998 3077 2069 praefecto.

1931 2100 1989 2156 Si
2012 2102 2163 2157 nulla
2184 2117 2292 2168 me,
2326 2112 2387 2159 ut
2413 2105 2482 2159 ad
2505 2106 2904 2165 sublimitatem
2928 2120 3078 2167 tuam
3105 2115 3427 2183 scriberem,

1859 2176 2162 2247 necessitas
2197 2192 2531 2263 impulisset,
2584 2199 2915 2268 arrogantiae
2964 2200 3196 2258 fortasse
3233 2206 3429 2261 merito

1860 2281 2171 2348 damnarer,
2194 2285 2288 2354 qui
2315 2287 2589 2356 meipsum
2636 2304 2749 2344 non
2791 2292 3038 2359 metirer,
3058 2302 3116 2349 et
3145 2295 3431 2367 dignitatis

1862 2380 1969 2426 tua:
1996 2375 2416 2443 amplitudinem
2438 2379 2767 2447 ignorarem.
2807 2382 2915 2439 Sed
2953 2386 3081 2455 quia
3125 2389 3429 2444 commissae

1860 2466 1996 2519 mihi
2023 2483 2054 2521 a
2085 2468 2199 2523 Deo
2244 2471 2486 2526 civitatis
2510 2475 2859 2546 regionisque
2886 2479 3134 2549 reliquiis
3172 2482 3425 2536 ultimum

1860 2553 2142 2624 impendet
2167 2559 2396 2613 exitium
2424 2576 2524 2630 per
2558 2564 2854 2631 quosdam,
2880 2566 2973 2635 qui
3001 2577 3271 2637 peractam
3307 2570 3427 2641 ejus

1860 2644 2258 2715 inspectionem
2284 2650 2402 2705 ausi
2426 2660 2557 2706 sunt
2586 2654 2948 2722 calumniari,
2984 2658 3137 2713 dabit
3184 2661 3423 2727 veniam,

1858 2746 1945 2793 sat
1972 2741 2108 2805 scio,
2141 2742 2454 2799 litterarum
2487 2747 2731 2803 audaciae
2754 2750 3159 2821 magniﬁcentia
3191 2762 3302 2818 tua,
3342 2756 3424 2810 rei

1857 2830 2021 2885 simul
2042 2834 2448 2902 necessitatem,
2472 2845 2529 2891 et
2561 2839 2860 2896 scribentis
2897 2844 3188 2899 consilium
3224 2862 3426 2915 expen-

1856 2918 2013 2975 dens.
2051 2921 2236 2993 Angor
2270 2939 2401 2979 sane
2431 2941 2494 2981 ac
2513 2926 2674 2983 doleo
2708 2930 3086 2997 vehementer,
3123 2935 3270 3004 quod
3291 2937 3425 2990 scri-

1855 3008 1987 3064 bere
2021 3011 2288 3067 adversus
2309 3014 2591 3072 hominem
2619 3034 2805 3090 cogor,
2844 3023 3003 3093 cujus
3034 3025 3237 3081 delicta
3293 3043 3422 3098 proo

1854 3112 1978 3172 pter
2023 3120 2224 3160 nomen
2260 3109 2554 3164 sacerdotii
2594 3113 2874 3170 occultare
2902 3132 3002 3186 par
3047 3129 3188 3173 erat.
3226 3118 3422 3178 Scribo

1856 3203 2064 3260 tamen,
2104 3207 2164 3251 ut
2198 3214 2495 3269 oppressos
2548 3203 2619 3258 ab
2662 3220 2730 3260 eo
2784 3224 3057 3279 pauperes
3108 3213 3420 3271 defendam.

1853 3286 1955 3340 Hic
1984 3288 2131 3340 enim
2163 3304 2287 3343 cum
2342 3293 2642 3348 multorum
2699 3297 2996 3355 criminum
3037 3319 3166 3358 reus
3203 3315 3421 3362 tenere-

1855 3382 1966 3442 tur,
2001 3385 2057 3431 et
2106 3393 2405 3449 suspensus
2445 3392 2594 3439 esset
2645 3400 2676 3440 a
2723 3391 3133 3458 communione,
3174 3398 3417 3451 nondum

1851 3467 2111 3525 videlicet
2162 3480 2351 3527 sancta
2428 3475 2637 3546 synodo
2694 3492 3031 3546 convocata,
3088 3486 3421 3552 pontificalis

1848 3574 2139 3616 consessus
2164 3565 2492 3619 sententiam
2516 3566 2899 3633 reformidans,
2929 3570 3056 3627 hinc
3081 3572 3311 3644 aufugit,
3331 3592 3421 3630 ec-

1849 3654 2190 3721 clesiasticis,
2220 3666 2281 3712 ut
2303 3659 2533 3728 putavit,
2565 3658 2781 3730 legibus
2809 3663 3166 3730 proculcatis,
3196 3673 3251 3718 et
3284 3666 3416 3735 quid

1847 3746 2019 3800 animi
2043 3746 2274 3803 haberet
2302 3759 2620 3821 contempto
2661 3755 3251 3810 excommunicationis
3293 3757 3416 3811 vin-

1846 3838 1973 3892 culo
2020 3837 2342 3895 declaravit.
2402 3841 2820 3899 Aecusationem
2876 3861 3116 3916 namque
3174 3850 3417 3919 suscepit

1845 3944 1949 3985 nec
1971 3933 2333 3988 mercenariis
2362 3932 2655 4004 Opiﬁcibus
2680 3947 3075 4006 congruentem
3101 3956 3115 3991 :
3151 3948 3317 4010 atque
3349 3956 3414 3995 ex

1844 4023 1997 4090 odio,
2040 4041 2150 4096 quo
2175 4026 2510 4099 Philippum,
2568 4030 2927 4097 spectabilem
2966 4033 3172 4097 virum,
3226 4050 3417 4105 prose-

1843 4117 2135 4187 quebatur,
2174 4120 2406 4176 miseros
2441 4121 2733 4176 collatores
2770 4122 2989 4178 invasit.
3019 4125 3096 4180 Ac
3125 4127 3260 4181 mihi
3286 4127 3411 4198 qui-

1842 4210 1968 4265 dem
1995 4210 2239 4266 hominis
2271 4212 2571 4283 ingenium,
2615 4220 2671 4268 et
2706 4212 3002 4283 pristinum
3044 4215 3169 4270 vitaz
3196 4217 3417 4274 institu-

1845 4310 1983 4369 tum,
2007 4302 2486 4375 admissorumque
2521 4303 2851 4376 flagitiorum
2882 4306 3293 4365 multitudinem
3329 4329 3416 4367 re-

174 4375 516 4446 προαίρεσιν,
554 4379 648 4431 καὶ
693 4378 802 4432 τῶν
842 4385 1381 4454 παρανενομημένων
1417 4388 1479 4440 τὸ
1514 4388 1741 4458 μέγεθος

1856 4406 2071 4447 censere
2115 4393 2321 4462 110],
2353 4375 2820 4463 supervacaneum
2841 4394 3078 4465 videtur.
3108 4396 3223 4453 Hoc
3244 4414 3413 4453 unum

174 4467 434 4538 περιττὸν
465 4469 709 4541 ἠγοῦμαι
742 4471 1088 4542 καταλέγειν.
1137 4475 1308 4530 Τοῦτο
1340 4478 1396 4530 δέ
1445 4480 1605 4551 μόνον
1647 4482 1744 4554 τὴν

177 4559 451 4630 ὑμετέραν
494 4563 861 4632 μεγαλοφυΐαν
890 4565 1175 4633 ἀντιϐολῶ,
1199 4568 1273 4639 μὴ
1306 4570 1596 4626 πιστεῦσαι
1623 4579 1744 4639 ταῖς

172 4651 383 4704 ἐκείνου
417 4651 836 4725 ψευδηγορίαις·
872 4656 1007 4711 ἀλλά
1052 4658 1302 4730 κυρῶσαι
1343 4660 1441 4733 τὴν
1486 4664 1740 4734 ἐποψίαν,

172 4745 265 4795 καὶ
295 4743 586 4811 φείσασθαι
620 4746 717 4814 μὲν
754 4747 861 4801 τῶν
887 4748 1086 4803 ἀθλίων
1125 4752 1416 4821 συντελῶν,
1451 4754 1742 4824 φείσασθαι

171 4834 226 4888 δὲ
272 4836 380 4889 τῶν
436 4836 764 4906 τρισαθλίων
824 4841 1273 4914 πολιτευομένων,
1322 4847 1738 4919 ἀπαιτουμένων

1842 4482 2223 4537 excellentiam
2254 4493 2402 4538 tuam
2443 4484 2715 4553 obtestor,
2746 4503 2817 4543 ne
2847 4487 3153 4543 mendaciis
3204 4489 3325 4559 ejus
3349 4487 3414 4542 ﬁ-

1841 4573 1965 4628 dem
1998 4573 2218 4639 habeat,
2247 4575 2343 4630 sed
2372 4576 2772 4647 inspectionem
2809 4578 3119 4643 confirmet,
3148 4594 3214 4632 ac
3248 4577 3414 4633 mise-

1840 4666 1918 4720 ris
1941 4675 2131 4735 parcat
2156 4666 2534 4732 collatoribus,
2568 4680 2760 4738 parcat
2791 4679 2846 4725 et
2883 4670 3212 4725 miserrimis
3240 4669 3412 4725 decu-

1839 4759 2109 4825 rionibus,
2136 4775 2167 4814 a
2191 4759 2392 4829 quibus
2417 4776 2481 4816 ea
2505 4761 2901 4832 deposcuntur,
2920 4778 3041 4832 qua:
3065 4761 3167 4833 ipsi
3194 4761 3411 4833 exigere

1844 4869 1955 4908 non
1990 4861 2242 4923 possunt.
2272 4852 2405 4919 Quis
2445 4854 2594 4908 enim
2642 4853 2969 4926 gravitatem
3023 4852 3413 4924 descriptionis

174 4928 312 4998 ειπερ
346 4929 695 5000 εἰσπράττειν
739 4930 800 4983 ού
838 4931 1111 4987 δύνανται.
1151 4935 1247 4998 Τίς
1274 4936 1382 5007 γάρ
1413 4938 1599 5006 ἀγνοεῖ
1638 4940 1739 5009 τῆς

1856 4950 2095 5015 ιιεοτιιιη
2148 4944 2477 5000 nostratium
2529 4945 2776 5016 ignorat,
2838 4955 3062 5016 propter
3128 4960 3293 5014 quam
3354 4951 3411 4999 et

170 5020 496 5089 ἀπογραφῆς
517 5019 626 5073 τῶν
660 5023 787 5093 παρ’
820 5025 955 5093 ἡμῖν
984 5023 1166 5094 ζυγῶν
1194 5030 1293 5098 τὴν
1327 5026 1626 5100 βαρύτητα,
1667 5032 1735 5085 δι’

170 5111 235 5181 ἣν
262 5111 565 5178 πεφεύγασι
599 5112 698 5182 μὲν
723 5114 771 5165 οἱ
804 5114 1048 5170 πλεῖστοι
1076 5119 1185 5172 τῶν
1224 5121 1597 5192 κεκτημένων,
1632 5124 1738 5178 ἀπ-

171 5201 404 5268 έδρασαν
431 5203 487 5256 δέ
523 5205 573 5257 οἱ
605 5205 859 5274 γηπὸνοι,
894 5207 1078 5280 ἔρημα
1104 5211 1158 5264 δὲ
1185 5212 1354 5266 πολλὰ
1381 5214 1490 5267 τῶν
1522 5218 1736 5286 κτημά-

169 5310 275 5346 των
302 5295 630 5365 γεγένηται;
661 5297 826 5350 Οὐδὲν
852 5298 910 5351 δέ
940 5302 1165 5365 ἀπεικὸς
1194 5306 1322 5375 περὶ⁵
1349 5305 1455 5374 γῆς
1492 5306 1732 5376 διαλεγό-

171 5397 329 5450 μενον
360 5385 452 5435 καὶ
477 5389 884 5455 γεωμετρικαῖς
922 5388 1226 5453 ἀποδείξεσι
1258 5395 1595 5465 χρήσασθαιο
1632 5399 1731 5468 τῆς

168 5474 272 5546 γὶιρ
300 5475 576 5548 ἡμετέρας
602 5478 786 5549 χώρας
810 5482 1216 5552 τεσσαράκοντα
1258 5487 1356 5555 μὲν
1398 5491 1640 5559 σημείων
1671 5494 1730 5546 τὸ

1842 5048 2226 5104 possessorum
2278 5035 2503 5104 plurimi
2546 5036 2724 5090 solum
2769 5042 3079 5099 verterunt,
3131 5042 3188 5089 et
3229 5034 3410 5089 coloni
3458 5022 3464 5038 “

1842 5126 2119 5193 abierunt,
2143 5136 2201 5183 et
2237 5128 2387 5198 agri‘
2416 5127 2663 5198 plerique
2707 5126 2912 5183 deserti
2957 5126 3162 5197 jacent.
3201 5125 3395 5181 Absur-

1840 5217 1971 5272 dum
1998 5228 2183 5273 autem
2214 5234 2321 5273 non
2343 5218 2532 5285 fuerit,
2565 5219 2610 5273 si
2636 5233 2762 5273 cum
2807 5216 2878 5272 de
2926 5223 3071 5271 terra
3100 5231 3283 5272 sermo
3314 5217 3406 5280 sit,

1839 5310 2187 5379 geometricis
2251 5325 2472 5379 quoque
2551 5308 3112 5364 demonstrationibus
3164 5317 3405 5363 utamur.

1838 5400 2097 5471 Regionis
2113 5401 2261 5455 enim
2287 5407 2491 5455 nostrae
2514 5399 2801 5470 longitudo
2827 5399 3143 5455 milliarium
3168 5408 3252 5454 est
3270 5415 3406 5469 qua—

1837 5493 2110 5564 draginta,
2157 5493 2387 5548 totidem
2439 5502 2673 5563 occupat
2715 5492 2969 5548 latitudo.
3013 5493 3225 5547 Montes
3274 5506 3401 5546 vero

237 5631 348 5703 (30)
380 5633 786 5721 ξαλλουστιανῷ
830 5636 1047 5693 videtur
1096 5638 1153 5693 in
1199 5640 1322 5696 cod.
1359 5643 1617 5701 Vaticano
1661 5649 1751 5705 inst

1856 5659 1917 5704 ita
1954 5650 2154 5718 fuisse;
2204 5648 2349 5721 apud
2378 5650 2670 5707 Baronium
2698 5649 2766 5705 ad
2807 5665 2857 5705 a.
2902 5649 2962 5706 Ο.
3008 5634 3132 5715 “6,
3158 5655 3289 5703 tom.
3312 5646 3402 5714 γι,

169 5715 218 5766 p.
258 5717 329 5757 m.
372 5704 459 5759 45.
