3924 6192
559 292 695 359 1Ξ19

1536 293 2020 353 THEODORETI
2062 293 2395 356 EPISCOPI
2435 292 2796 353 CYRENSIS

3658 286 3789 346 Ιῖίὶθ

562 404 729 459 habet
782 404 986 458 multos
1036 410 1090 457 et
1145 415 1391 471 magnos,
1428 402 1626 470 partim
1672 402 1849 456 nudos
1880 403 2103 456 omnino

2230 403 2401 473 μῆκός
2422 403 2557 461 ἐστι.
2585 400 2836 454 τοσοῦτον
2857 400 2913 453 δὲ
2941 400 3000 451 τὸ
3026 394 3200 470 εὖρος.
3231 397 3384 467 Ἔχει
3414 394 3472 448 δὲ
3500 394 3599 466 ὅρη
3627 396 3787 447 πολλὰ

559 491 761 561 partim
788 491 1077 545 arboribus
1124 490 1481 545 infructuosis
1530 505 1746 559 opacos.
1785 490 1845 543 In
1874 490 1979 543 hoc
2037 507 2124 543 re-

558 583 738 655 gionis
791 592 991 636 nostra:
1053 582 1261 636 ambitu
1288 584 1541 653 iugorum
1579 582 1905 636 inimunium
1952 582 2121 635 millia

437 735 451 744 _
496 676 499 679 ’
559 682 689 729 sunt
740 673 1156 743 quinquaginta,
1215 672 1481 728 fiscalium
1533 689 1722 727 rursus
1773 673 1879 727 alia
1933 673 2122 726 decem

557 763 751 818 millia.
786 762 1111 817 Consideret
1161 778 1311 816 nunc
1358 764 1628 832 sapientia
1688 774 1777 818 tua
1817 764 2124 834 iniquitatis

558 854 1012 923 magnitudinem.
1080 853 1338 919 Quamvis
1395 856 1544 908 enim
1616 856 1857 925 regionis
1918 856 2123 909 inculta

554 944 703 997 nulla
728 959 853 1012 pars
878 954 1043 1007 esset,
1082 944 1407 1015 facilemque
1451 945 1813 1015 agricolarum
1850 947 2121 1001 culturam

555 1035 813 1087 universa
842 1035 1131 1104 reciperet,
1163 1036 1468 1089 illationum
1492 1047 1670 1092 tamen
1688 1038 1841 1091 oneri
1869 1054 2123 1091 succum-

554 1125 771 1189 berent,
808 1125 1198 1195 descriptionis
1220 1127 1546 1197 gravitatem
1574 1144 1686 1182 non
1710 1128 1970 1183 ferentes.
2008 1128 2120 1184 Cu-

550 1214 639 1285 jus
666 1212 746 1267 rei
779 1214 1251 1269 evidentissimum
1283 1223 1370 1269 est
1395 1226 1799 1286 argumentum.
1834 1218 1968 1271 Nam
1996 1233 2119 1272 cum

553 1303 658 1357 sub
690 1303 939 1373 gloriosae
969 1305 1371 1361 recordationis
1393 1307 1605 1361 Isidoro
1655 1309 1910 1379 jugorum
1950 1310 2120 1363 millia

553 1393 870 1463 quindecim
900 1395 1019 1447 auri
1045 1396 1474 1464 pensitationem
1500 1398 1788 1464 deberent,
1824 1398 2121 1453 Comitiani

553 1485 717 1539 ofﬁcii
735 1496 1021 1541 exactores
1051 1486 1310 1541 damnum
1342 1488 1490 1543 ferre
1515 1506 1622 1543 non
1648 1491 1916 1554 valentes,
1940 1506 2115 1561 saepe-

556 1592 786 1631 numero
840 1578 1023 1647 questi
1096 1588 1245 1644 sunt,
1280 1590 1338 1634 et
1388 1581 1457 1635 ab
1498 1582 1711 1636 excelsa
1759 1581 1890 1635 sede
1938 1589 2119 1635 vestra

552 1667 751 1721 oblatis
788 1668 1150 1723 relationibus
1180 1670 1552 1738 postularunt,
1579 1680 1640 1726 ut
1671 1671 1920 1726 bismille
1956 1672 2119 1741 quin-

552 1771 715 1831 genta
746 1760 880 1829 ipsis
915 1761 1312 1816 minusidonea
1343 1764 1469 1833 juga
1498 1764 1905 1818 eximerentur:
1937 1764 2117 1835 jusse—
2152 1745 2191 1799 Β

553 1858 795 1919 runtque
822 1851 914 1919 qui
940 1861 1066 1906 ante
1104 1852 1571 1922 magnificentiam
1594 1863 1742 1907 tuam
1778 1854 1882 1907 hoc
1904 1853 2116 1907 honore

553 1942 940 2010 fungebantur,
998 1953 1055 1997 et
1107 1944 1359 1998 inutilem
1388 1946 1726 2014 jugationem
1772 1945 1986 1998 miseris
2026 1944 2120 1998 de-

553 2032 877 2087 curionibus
906 2035 1163 2099 relaxari,
1213 2045 1269 2089 et
1302 2036 1407 2090 alia
1450 2036 1570 2105 pari
1623 2036 1832 2105 1102
1888 2050 2118 2089 numero

550 2124 877 2179 Comitianis
897 2127 1095 2181 horum
1129 2128 1248 2183 vice
1279 2129 1566 2199 assignari,
1601 2144 1665 2185 ac
1694 2144 1765 2185 ne
1797 2128 1878 2183 sic
1893 2127 2117 2198 quidem

552 2226 727 2271 totum
761 2233 1026 2273 canonem
1054 2219 1286 2288 implere
1312 2229 1567 2290 possunt.

621 2309 735 2379 Ego
769 2324 899 2363 vero
935 2310 1158 2379 prolixae
1197 2312 1511 2381 scriptionis
1553 2312 1769 2367 veniam
1804 2328 1833 2367 a
1868 2322 1921 2367 te
1963 2320 2112 2381 peto,

553 2408 811 2469 tuamque
860 2416 960 2455 oro
988 2401 1470 2471 magnificentiam,
1500 2413 1560 2458 ut
1594 2405 1840 2474 conjecta
1871 2404 1925 2457 in
1956 2402 2119 2457 mise-

558 2508 651 2547 ros
673 2494 964 2548 collatores
984 2494 1269 2549 mendacia
1287 2511 1536 2565 respuas,
1560 2505 1616 2550 et
1632 2495 1865 2550 infelicis
1883 2495 2121 2565 regionis

548 2586 915 2639 calamitatem
962 2587 1263 2657 reprimas,
1325 2586 1751 2656 inclinatamque
1793 2587 2008 2656 erigas,
2063 2595 2120 2640 et

547 2676 777 2746 gloriam
803 2677 1170 2733 immortalem
1188 2678 1256 2732 ad
1280 2686 1530 2747 posteras
1549 2686 1737 2732 :etates
1756 2678 2115 2732 transmittas.

547 2766 672 2822 Haec
716 2782 885 2837 porro
942 2769 1234 2827 nobiscum
1286 2777 1449 2822 orant
1495 2768 1591 2837 qui
1647 2767 1791 2837 apud
1856 2783 1958 2822 nos
1990 2776 2119 2823 sunt

546 2859 745 2923 sancti,
780 2874 844 2913 ac
875 2860 1148 2929 prmeipue
1178 2859 1630 2928 religiosissimus
1648 2868 1705 2913 et
1738 2860 2119 2915 sanctissimus

546 2950 632 3004 vir
651 2950 772 3015 Dei,
798 2950 1058 3005 dominus
1085 2950 1346 3016 Iacobus,
1370 2950 1466 3018 qui
1498 2965 1623 3004 eum
1654 2950 1861 3003 silentii
1908 2950 2118 3004 studio-

545 3042 797 3096 sissimus
830 3042 922 3105 sit,
947 3041 1145 3095 adduci
1169 3040 1396 3109 quidem
1423 3057 1534 3094 non
1581 3041 1764 3109 potuit
1792 3050 1852 3094 ut
1898 3042 2115 3096 scribe-

547 3140 653 3193 ret,
686 3139 839 3200 optat
860 3140 1041 3184 tamen
1068 3139 1129 3184 ut
1162 3130 1503 3201 benignitate
1542 3132 1646 3186 ista
1666 3132 1882 3186 fruatur
1897 3134 2111 3196 civitas,

543 3236 707 3290 quam
729 3222 947 3276 vicinus
971 3222 1229 3300 illustrat,
1256 3233 1313 3279 et
1340 3223 1599 3292 precibus
1615 3224 1730 3278 suis
1752 3224 2004 3294 protegit.

890 3538 1077 3593 XLIII.
1096 3568 1165 3578 —
1187 3537 1481 3591 Pulcheriw
1505 3538 1774 3609 Augustae.

612 3653 750 3720 Quia
782 3651 1075 3721 imperium
1107 3652 1313 3721 pietate
1339 3652 1571 3716 ornatis,
1605 3660 1661 3705 et
1683 3664 1983 3721 purpuram
2008 3647 2110 3704 ﬁde

542 3745 851 3809 illustratis,
869 3744 1113 3799 scribere
1124 3743 1849 3813 audemus,tenuitatemque
1868 3749 2109 3796 nostram

540 3854 653 3892 non
678 3838 983 3903 intuemur,
1015 3837 1144 3906 quia
1178 3836 1487 3891 sacerdotio
1514 3836 1799 3891 decentem
1846 3834 2109 3888 honorem

539 3928 878 3997 impenditis.
906 3928 1029 3983 llaec
1061 3929 1245 3981 animo
1267 3935 1549 3996 reputans,
1568 3926 1823 3990 obsecro,
1859 3926 2110 3995 majesta-

539 4033 650 4076 tem
680 4024 697 4041 '
727 4032 901 4085 tuam,
933 4029 993 4074 ut
1028 4021 1242 4074 miserae
1278 4019 1486 4090 regioni
1514 4028 1717 4072 nostra:
1760 4032 1989 4086 parcere
2027 4015 2109 4069 di-

538 4119 759 4180 gnetur,
780 4126 843 4164 ac
864 4111 1063 4179 saepius
1085 4110 1335 4164 iteratam
1368 4108 1763 4178 inspectionem
1790 4106 2106 4161 confirmari

538 4203 751 4276 jubeat,
782 4218 885 4260 nec
919 4203 1087 4273 recipi
1123 4203 1288 4257 falsas
1336 4200 1703 4271 quorumdam
1739 4209 1931 4255 contra
1960 4200 2105 4254 illam

535 4294 937 4366 suggestiones,
995 4309 1100 4348 nec
1155 4293 1261 4347 ﬁde
1306 4294 1532 4365 dignum
1574 4292 1763 4348 haberi
1820 4309 1968 4356 eum,
2012 4292 2105 4362 qui

530 4384 775 4455 episcopi
802 4384 1025 4454 quidem
1048 4398 1249 4437 nomen
1280 4382 1619 4449 circumfert,
1663 4399 1728 4438 ea
1757 4393 1939 4438 autem
1970 4382 2101 4452 agit,

530 4489 653 4542 quae
674 4474 760 4528 Vel
794 4490 825 4527 a
861 4474 1001 4527 bene
1053 4473 1281 4526 moratis
1322 4472 1611 4542 mancipiis
1646 4472 1825 4526 aliena
1851 4472 1980 4526 sint.
2004 4471 2104 4524 Hic

528 4564 678 4617 enim
708 4563 944 4617 diversis
973 4563 1423 4617 accusationibus
1470 4579 1598 4619 reus
1648 4564 1846 4630 factus,
1878 4573 2041 4634 atque
2072 4580 2103 4618 a

529 4653 627 4707 Dei
686 4653 1070 4709 amantissimo
1137 4654 1597 4725 sanctissimeque
1681 4655 2103 4725 archiepiscopo

529 4745 573 4813 ι
586 4744 740 4815 103
756 4760 965 4815 magnae
977 4745 1216 4800 civitatis
1225 4746 1691 4801 Antiochenorum
1707 4746 1931 4800 domino
1941 4746 2103 4800 Dom-

522 4849 595 4887 no
619 4835 1203 4890 exeommunicationis
1218 4836 1450 4891 vinculis
1470 4837 1745 4900 astrictus,
1780 4851 1904 4890 cum
1924 4836 2105 4905 ponti-

524 4922 682 4979 ﬁcale
700 4925 998 4978 concilium
1017 4927 1433 4981 convocandum
1446 4935 1612 4993 esset,
1630 4927 1765 4981 utde
1777 4926 2007 4997 objectis
2022 4926 2100 4980 illi

521 5014 847 5069 criminibus
870 5025 1244 5086 cognosceret,
1263 5017 1388 5088 fuga
1417 5018 1637 5086 elapsus
1671 5016 1876 5087 regiam
1902 5015 2093 5069 urbem

520 5104 703 5174 petiit,
757 5105 1128 5176 delatorisque
1183 5122 1413 5162 munere
1465 5116 1755 5177 suscepto,
1815 5107 2091 5176 regionem

520 5194 759 5265 impetit,
786 5211 949 5265 quam
1005 5204 1238 5250 matrem
1278 5206 1459 5263 vocat,
1506 5197 1781 5266 simulque
1824 5211 2092 5266 pauperes

518 5286 839 5340 innumeros
891 5286 1129 5357 impetit,
1198 5295 1255 5342 et
1306 5297 1532 5358 propter
1592 5288 1802 5353 odium,
1855 5287 1999 5356 quod
2032 5288 2088 5343 in

518 5390 691 5429 unum
740 5376 916 5446 gerit,
982 5377 1224 5448 linguam
1277 5378 1543 5433 adversus
1600 5393 1792 5433 omnes
1846 5379 2086 5432 exacuit.

516 5462 720 5520 Verum
739 5466 921 5537 qualis
946 5467 1038 5522 ille
1069 5469 1161 5536 sit,
1188 5477 1245 5524 et
1272 5470 1326 5523 in
1357 5470 1561 5539 quibus
1585 5468 1783 5525 studiis
1803 5469 2087 5532 educatus,

732 5619 1111 5691 ἐπιβληθῆναι.
1138 5622 1307 5691 Neap.

2224 508 2282 542 τε
2318 491 2412 544 καὶ
2448 490 2675 561 μεγάλα,
2702 489 2767 542 τά
2809 488 2906 560 μὲν
2928 488 3059 557 ψιλά
3101 484 3404 548 παντελῶς,
3435 485 3503 537 τὰ
3541 484 3598 537 δὲ
3630 485 3790 551 ἀκὰρι

2226 597 2349 643 ποις
2376 582 2562 649 φυτοῖς
2590 578 2942 648 σκιαζόμεναι.
2980 575 3150 628 Τοῦτο
3171 575 3268 644 τῆς
3290 572 3473 645 χώρας
3506 572 3569 625 τὸ
3598 574 3787 643 μέτρον

2225 672 2385 724 πέντε
2424 670 2521 738 μὲν
2548 669 2811 740 μυριάδας
2834 666 2945 737 ἔχει
2970 666 3147 734 ζυγῶν
3179 664 3545 735 ὲλευθερικῶν
3564 705 3579 725 ,
3624 664 3790 734 μύρια

2222 760 2278 813 δὲ
2305 760 2440 831 πρὸς
2476 761 2685 823 τούτοις
2707 762 2790 813 ἓτε
2802 777 2870 830 ρα
2888 758 3149 828 ταμιακά.
3176 757 3511 824 Σκοπησάτω
3555 756 3733 808 τοίνυν
3760 758 3791 824 η

2226 852 2467 923 ὑμετέρα
2498 852 2658 920 σοφία
2703 852 2803 920 τὴν
2833 850 2927 919 τῆς
2972 848 3183 911 ἀδικίας
3226 847 3555 916 ὑπερϐολήν.
3592 848 3661 899 El
3692 849 3793 916 γὰρ

2227 942 2392 1012 μηδὲν
2420 938 2487 1012 ἦν
2510 943 2608 1012 τῆς
2640 940 2820 1011 χώρας
2854 941 3136 1010 ἀνήροτον,
3170 937 3308 991 ἀλλά
3346 939 3494 990 πᾶσα
3524 933 3592 1007 ἧν

2221 1036 2333 1096 τοῖς
2358 1033 2619 1103 γηπόνοις
2645 1034 2721 1095 είς
2753 1031 3049 1102 γεωργίαν,
3093 1028 3348 1082 ὥκλασαν
3404 1028 3471 1081 ἂν
3506 1028 3651 1098 πρὸς
3701 1030 3792 1091 τὰς

2223 1123 2501 1194 εἰσφοράς,
2526 1124 2586 1177 οὐ
2610 1123 2865 1192 φέροντες
2882 1121 2980 1189 τῆς
3004 1118 3328 1189 ἀπογραφῆς
3351 1117 3448 1188 τὴν
3472 1118 3789 1185 στενότητα.

2222 1215 2531 1284 Τεκμήριον
2564 1213 2619 1265 δὲ
2643 1212 2997 1280 σαφέστατον.
3039 1210 3265 1279 Μυρίων
3310 1209 3418 1280 γὰρ
3456 1210 3555 1261 καὶ
3594 1226 3794 1260 πεντα⁴

2221 1307 2503 1377 κισχιλίων
2527 1305 2705 1375 ζυγῶν
2728 1305 2821 1357 ἐπὶ
2848 1302 2943 1356 τοῦ
2972 1300 3421 1373 μεγαλοπρεποῦς
3448 1300 3553 1370 τῆς
3572 1302 3796 1370 μνήμης

2233 1398 2501 1470 Ἰσιδώρου
2554 1395 2898 1469 χρυσοτελῶν
2928 1393 3236 1463 γενομένων
3262 1435 3276 1455 ,
3324 1394 3423 1447 οὐκ
3473 1393 3797 1460 ἐνεγκόντες

2220 1489 2317 1561 τὴν
2349 1488 2552 1559 ζημίαν
2573 1488 2622 1540 οἱ
2645 1489 2710 1540 ὲκ
2732 1486 2834 1555 τῆς
2858 1486 3205 1556 Κομητιανῆς
3227 1485 3431 1547 τάξεως
3457 1483 3798 1555 πράκτορες,

2219 1581 2577 1652 ἀπωδύραντο
2611 1580 2707 1649 μὲν
2739 1578 3029 1645 πολλάκις,
3078 1578 3359 1631 ἱκέτευσαν
3393 1576 3449 1629 δὲ
3485 1576 3557 1629 δι’
3588 1576 3799 1643 ἀναιρο-

2223 1674 2331 1746 ρῶν
2364 1674 2451 1726 τὸν
2482 1671 2685 1743 ὑψηλὸν
2714 1671 2866 1741 ὑμῶν
2890 1670 3099 1742 θρόνον.
3143 1669 3413 1739 δισχιλίων
3455 1668 3677 1731 αὐτοὺς
3719 1671 3801 1719 καὶ

2222 1761 2589 1817 πεντακοσίων
2619 1762 2840 1833 ἀπόρων
2885 1761 3189 1828 ἀπαλλάξαι
3232 1759 3440 1828 ζυγῶν·
3483 1760 3584 1811 καὶ
3639 1775 3800 1829 προσ.

2221 1856 2414 1921 έταξαν
2458 1857 2506 1907 οἱ
2563 1854 2668 1924 πρὸ
2720 1854 2820 1925 τῆς
2873 1854 3146 1923 ὑμετέρας
3187 1850 3560 1923 μεγαλοφυῖας
3594 1850 3800 1912 ταύτας

2220 1946 2600 2010 πιστευθέντες
2647 1945 2747 2009 τὰς
2792 1945 2968 2016 ἡνίας.
3019 1944 3349 2015 ἀπολυθῆναι
3398 1944 3514 2013 (Si)
3551 1943 3667 2012 μὲν
3703 1946 3800 2005 τοῖς

2219 2039 2426 2102 ἀθλίοις
2464 2037 2899 2108 πολιτευομένοις
2928 2037 3024 2108 τὴν
3064 2038 3267 2108 ἄπορον
3299 2035 3679 2103 ίουγατίωνα,
3721 2036 3797 2086 ἁν-

2218 2130 2489 2200 τιδοθῆναι
2525 2129 2582 2181 δὲ
2609 2131 2721 2190 τοῖς
2752 2129 3115 2198 Κομητιανοῖς
3162 2125 3424 2197 ἰσάριθμα
3457 2127 3645 2195 ἔτερα
3675 2142 3693 2155 ³
3724 2128 3798 2177 καὶ

2219 2221 2341 2275 οὑδὲ
2370 2219 2541 2284 οὕτως
2578 2220 2817 2291 ἰσχύουσι
2854 2220 3029 2272 πάντα
3054 2219 3146 2271 τὸν
3178 2218 3379 2271 κανόνα
3410 2216 3708 2288 πληροῦν.

2302 2310 2445 2378 Ἐγὼ
2469 2310 2526 2363 δὲ
2558 2307 2890 2380 συγγνώμην
2924 2309 3061 2362 αίτῶ
3089 2309 3295 2363 πλείοσι
3328 2308 3705 2380 χρησάμενος
3730 2308 3795 2359 1'3-

2219 2418 2357 2470 γοις,
2415 2401 2509 2455 καὶ
2561 2400 2660 2471 τὴν
2714 2400 2988 2470 ὑμετέραν
3039 2399 3269 2453 ἱκετεύω
3309 2400 3796 2471 μεγαλοπρέπειαν

2217 2490 2538 2543 ἀπώσασθαι
2575 2490 2673 2559 μὲν
2702 2488 2801 2553 τὰς
2834 2490 2976 2542 κατά
3004 2490 3112 2541 τῶν
3150 2489 3348 2542 ἀθλίων
3393 2488 3688 2541 συντελῶν
3729 2508 3797 2554 γει

2218 2579 2480 2652 γνομένας
2509 2580 2896 2652 ψευδηγορίας,
2929 2583 3121 2652 στῆσαι
3149 2580 3207 2633 δὲ
3235 2582 3299 2650 τῇ
3327 2579 3685 2651 ταλαιπώρῳ
3706 2580 3796 2650 χὼ-

2221 2689 2289 2744 ρᾳ
2335 2672 2433 2735 τὰς
2466 2672 2776 2745 συμφορὰς,
2831 2672 2927 2726 καὶ
2964 2673 3178 2742 ἐγεῖραι
3220 2672 3391 2742 αὐτὴν
3440 2671 3800 2741 κλινομένην,

2218 2764 2313 2818 καὶ
2359 2764 2515 2829 κλέος
2548 2765 2876 2835 ἀείμνηστον
2920 2767 3039 2828 ταῖς
3071 2763 3212 2834 μετὰ
3230 2763 3419 2817 ,ταῦτα
3472 2765 3798 2817 καταλιπεῖν

2216 2860 2429 2926 γενεαῖς
2450 2857 2658 2912 ,Ταῦτα
2686 2858 2742 2912 δὲ
2765 2858 2862 2912 σὺν
2892 2858 3014 2927 ἐμοὶ
3044 2856 3419 2928 παρακαλοῦσι
3454 2860 3554 2911 καὶ
3589 2860 3649 2911 οἱ
3679 2860 3796 2929 παρ’

2216 2950 2347 3019 ἡμῖν
2378 2948 2544 3017 ἆγιοι,
2575 2950 2669 3003 καὶ
2702 2949 3066 3020 διαφερόντως
3094 2950 3125 3002 ὁ
3161 2948 3457 3011 ὁσιώτατος
3500 2948 3607 3003 καὶ
3637 2949 3799 3016 ἁγιώ-

2216 3057 2377 3103 τατος
2397 3040 2493 3095 ἀνθ
2504 3058 2683 3111 ρωπος
2702 3040 2797 3094 τοῦ
2821 3040 2979 3106 Θεοῦ,
3010 3044 3038 3095 ὁ
3062 3041 3249 3113 κύριος
3288 3040 3549 3105 Ἰάκωϐος
3571 3059 3588 3071 ⁸
3624 3042 3691 3104 ὅς
3715 3042 3801 3107 τὴν

2218 3130 2448 3200 ἡσυχίαν
2478 3132 2607 3201 περὶ
2642 3131 2895 3184 πλείστου
2935 3132 3277 3201 ποιούμενος,
3320 3132 3686 3186 ἐπιστέλλειν
3715 3134 3801 3201 μὲν

2217 3220 2317 3272 οὑκ
2347 3221 2617 3290 ἀνέχεται,
2646 3219 2865 3291 εὔχεται
2898 3223 2956 3276 δὲ
2979 3222 3184 3294 ταύτης
3203 3221 3513 3275 ἀπολαῦσαι
3538 3223 3660 3293 τῆς
3691 3222 3802 3292 φιλο

2219 3307 2533 3379 ανθρωπίας
2561 3309 2659 3380 τὴν
2691 3309 2868 3374 πόλιν,
2891 3311 2958 3381 ἢν
2983 3311 3075 3365 καὶ
3104 3310 3425 3380 γειτονεύων
3452 3311 3799 3383 λαμπρύνει.

2218 3400 2312 3452 καὶ
2340 3402 2458 3463 ταῖς
2488 3400 2676 3470 εὐχαῖς
2706 3401 3091 3473 περιφράττει.

2447 3532 2580 3586 Ml".
2602 3562 2673 3571 —
2692 3534 3029 3602 Πουλχερίᾲ
3046 3535 3365 3605 Αὐγούστῃ
3402 3536 3544 3607 (52).

2299 3646 2514 3718 Ἐπειδὴ
2540 3646 2637 3717 τὴν
2664 3646 2939 3715 βασιλείαν
2976 3648 3230 3721 εὐσεϐείᾳ
3264 3653 3549 3720 κοσμεῖτε,
3579 3652 3687 3706 καὶ
3710 3652 3801 3721 τὴν

2217 3736 2504 3809 ἁλουργίδα
2547 3741 2613 3810 τῇ
2680 3739 2862 3793 πίστει
2912 3740 3281 3812 λαμπρύνετε,
3349 3742 3689 3813 θαρροῦμεν
3740 3750 3801 3796 τι

2214 3829 2538 3901 γράμματα,
2567 3829 2659 3882 καὶ
2696 3829 2796 3901 τὴν
2821 3830 3031 3883 οίκείαν
3070 3831 3169 3901 οὐχ
3213 3831 3433 3902 ὁρῶμεν
3478 3835 3797 3887 εὐτέλειαν

2213 3924 2276 3992 τῇ
2309 3924 2414 3991 γὰρ
2443 3921 2709 3992 ἱερωσύνῃ
2738 3921 2800 3974 τὸ
2827 3921 3037 3993 πρέπον
3064 3923 3365 3992 ἀπονέμετε
3384 3923 3593 3994 γέρας.
3619 3926 3798 3979 Ταῦτα

2213 4011 2586 4082 λογιζόμενος,
2632 4011 2860 4065 ἱκετεύω
2890 4012 2954 4065 τὸ
2987 4012 3249 4085 ὑμέτερον
3283 4014 3524 4083 κράτος,
3584 4015 3801 4085 φειδοῦς

2212 4104 2310 4175 τὴν
2349 4104 2535 4158 ἀθλίαν
2596 4104 2754 4175 ἡμῶν
2790 4102 3017 4167 ἀξιῶσαι
3046 4104 3250 4176 χώραν,
3301 4105 3395 4157 καὶ
3426 4105 3525 4176 τὴν
3563 4108 3800 4177 ἐπαξίαν

2210 4196 2309 4268 τὴν
2358 4196 2615 4257 πολλάκις
2652 4196 3028 4267 γεγενημένην
3076 4195 3330 4250 κελεῦσαι
3388 4195 3804 4271 βεδαιωθῆναι,

2212 4288 2308 4341 καὶ
2340 4286 2413 4357 μὴ
2444 4286 2699 4356 δεχθῆναι
2727 4285 2826 4350 τὰς
2864 4288 3015 4359 παρά
3040 4304 3200 4341 τινων
3231 4289 3352 4341 κατ’
3380 4289 3562 4357 αὐτῆς
3588 4294 3806 4361 γινομέ-

2211 4396 2308 4442 νας
2345 4378 2743 4448 ψευδηγορίας’
2798 4378 2933 4449 μηδὲ
2990 4377 3287 4450 ἀξιόχρεων
3326 4380 3682 4451 νομισθῆναι

2138 4437 2182 4494 D
2207 4437 2515 4522 ἐπίσκόπου
2531 4437 2644 4538 ’μεν
2675 4437 3269 4539 δνομαπεριφ-έρσοντα,
3305 4437 3581 4540 ἀλλότρια⁵
3621 4474 3689 4525 δὲ
3725 4476 3801 4524 2:3

2204 4560 2554 4632 ἀνδραπόδων
2582 4561 2862 4631 εὐτρὸπων
2884 4561 3293 4631 ἐπιτηδεύοντα.
3329 4556 3499 4625 Οὗτος
3528 4566 3805 4636 73:91::-

2203 4653 2458 4723 ηγορίαις
2490 4653 2789 4718 ὑπεύθυνος
2816 4654 3078 4724 γεγονὼς,
3108 4654 3199 4708 καὶ
3222 4657 3335 4717 τοῖς
3362 4657 3465 4724 τῆς
3487 4656 3804 4723 humu-5v:-

2206 4742 2327 4804 σίας
2364 4742 2689 4814 ὑποδληθεὶς
2726 4744 2967 4814 δεσμοῖς,
2993 4744 3097 4797 ὑπὸ
3119 4744 3211 4797 τοῦ
3241 4744 3698 4813 θεοφιλεστάτου
3728 4752 3808 4800 καὶ

2204 4833 2509 4901 ἀγιωτάτου
2536 4836 2965 4907 ἀρχιεπισκόπου
2985 4836 3083 4906 τῆς
3125 4836 3443 4905 Ἀντιοχέων
3469 4840 3805 4907 μεγαλοπέι

2203 4924 2359 4987 λεως,
2413 4925 2507 4977 τοῦ
2558 4925 2745 4997 κυρίου
2783 4927 3014 4997 Δόμνου,
3071 4925 3165 4979 τοῦ
3214 4928 3643 4997 ἀρχιερατικοῦ
3692 4949 3809 4984 συιδ-

2200 5014 2376 5085 εδρίου
2403 5017 2815 5088 συγκροτεῖσθαι
2848 5018 3154 5089 μέλλοντος,
3201 5017 3340 5071 ὥστε
3372 5019 3476 5082 τὰς
3530 5027 3692 5075 κατ’
3731 5026 3808 5075 αὖ·

2197 5105 2290 5159 τοῦ
2326 5109 2697 5178 γεγενημένας
2720 5109 2973 5175 ἐξετάσαι
3007 5110 3357 5182 κατηγορίας,
3396 5112 3691 5185 ἀποδρὰς
3726 5117 3807 5184 tif.

2199 5195 2589 5266 βασιλεύουσαν
2615 5200 2879 5254 κατέλαϐε
2918 5201 3105 5266 πόλιν,
3139 5204 3231 5256 καὶ
3264 5202 3614 5275 δηλάτωρος
3652 5208 3807 5278 ἐρἐ-ί»

2195 5288 2609 5359 ἀναδεξάμενος,
2645 5291 2872 5362 πολεμεῖ
2905 5293 3004 5362 μὲν
3034 5294 3238 5366 χώραν,
3266 5294 3333 5365 ἦν
3371 5295 3677 5367 ὀνομάζει
3712 5318 3807 5370 μτι-

2193 5377 2348 5448 τέρα,
2374 5379 2599 5450 πολεμεῖ
2618 5381 2673 5433 δὲ
2710 5383 2933 5451 μυριάσι
2964 5386 3230 5456 πενήτων,
3253 5386 3347 5437 καὶ
3380 5385 3474 5439 διὰ
3508 5389 3644 5459 τὴν
3684 5394 3811 5461 πρὶς

2198 5466 2292 5518 ἕνα
2314 5468 2637 5538 δυσμένειαν
2668 5473 2768 5541 τὴν
2790 5474 3037 5541 γλῶτταν
3062 5476 3201 5528 κατὰ
3230 5477 3453 5530 πάντων
3481 5480 3808 5555 ἡκόνησειθ.

585 5684 704 5749 (52)
732 5684 930 5740 Latine
950 5702 1109 5743 versa
1135 5684 1311 5744 exstat
1340 5690 1454 5747 haec
1494 5693 1723 5761 epistola
1753 5693 1894 5763 apud
1924 5692 2217 5748 Baronium
2249 5691 2316 5746 ad
2347 5709 2397 5746 a.
2430 5693 2489 5748 C.
2522 5694 2643 5761 444,
2681 5705 2811 5750 tom.
2842 5698 2928 5765 Vl,
2961 5714 3013 5768 p.
3057 5715 3130 5753 m.
3161 5700 3249 5754 28.
