3924 6192
275 321 402 387 19.21

282 431 494 496 ὐποῖος
529 432 627 503 μὶν
680 424 774 485 οῦν
811 431 1018 493 ἐκεῖνος
1044 466 1059 493 ,

273 526 728 595 ἔντρθραμμένος,
756 520 869 591 ἐγὼ
902 521 1002 593 μὲν
1043 521 1144 575 οὑκ
1187 522 1318 593 ἐρῶ,
1342 521 1411 574 τά
1457 520 1678 592 ἐμαυτῷ
1707 520 1840 590 πρέ-

272 633 439 671 ποντα
462 613 828 684 λογιζόμενος*
850 615 1144 684 τεκμηριοῖ
1163 612 1218 666 δὲ
1241 613 1427 683 σαφῶς
1454 612 1515 665 τὸ
1539 610 1635 665 νῦν
1664 612 1839 683 ἐγχει-

273 705 435 778 ρηθὲν
475 707 604 776 παρ’
626 704 813 759 αὑτοῦ.
850 704 987 773 Περὶ
1015 703 1071 757 δὲ
1099 705 1201 776 τῆς
1233 703 1417 775 χώρας
1449 701 1704 756 τοσοῦτόν
1732 719 1838 772 φη-

188 802 199 813 ’
274 813 367 869 μι·
399 799 481 851 ὅτι
510 797 611 866 τῆς
644 796 917 866 ἐπαρχίας
955 795 1140 867 πάσης
1176 795 1477 866 κουφισμὸν
1518 795 1837 865 δεξαμένης,

269 888 518 943 οὐδέποτε
551 888 692 959 αῦτη
720 887 1132 957 φιλανθρωπίας
1177 886 1488 951 ἀπέλαυσε,
1537 884 1713 940 καίτοι
1745 884 1841 955 βα-

273 979 500 1051 ρύτατον
543 979 767 1053 φορτίον
812 979 1164 1049 ἐπικείμενον
1202 976 1422 1049 ἔχουσα.
1473 977 1636 1030 Ὅθεν
1670 974 1840 1032 πολλά

272 1071 369 1143 μὲν
394 1071 507 1126 τῶν
525 1070 820 1141 κτημάτων
853 1069 1144 1142 ἐστέρηται
1163 1068 1447 1141 γεωργῶν,
1478 1066 1650 1120 πολλά
1671 1065 1726 1119 δὲ
1747 1066 1841 1119 καὶ

272 1164 378 1218 τῶν
407 1163 759 1235 κεκτημένων
786 1161 969 1233 ἔρημα
1000 1161 1292 1231 γεγένηται
1322 1158 1600 1222 παντελῶς
1620 1175 1637 1190 θ
1671 1158 1839 1211 ἀπαι-

267 1255 485 1310 τοῦνται
509 1255 567 1308 δὲ
603 1253 744 1323 ὑπὲρ
771 1252 978 1306 τούτων
997 1253 1047 1306 οί
1076 1252 1379 1325 τρισάθλιοι
1411 1248 1840 1319 πολιτευόμενοι,

206 1330 209 1333 ’
272 1348 457 1419 φέρειν
482 1347 540 1403 δὲ
566 1348 668 1418 τὴν
692 1346 981 1418 εἴσπραξιν
1010 1344 1071 1398 οὑ
1098 1344 1390 1415 δυνάμενοι
1413 1342 1462 1395 οί
1487 1342 1584 1412 μὲν
1614 1355 1841 1408 προσαι-

269 1439 473 1505 τοῦσιν,
511 1442 559 1493 οί
592 1439 649 1493 δὲ
671 1437 1089 1511 δραπετεύουσι.
1123 1435 1392 1508 Περιέστη
1441 1433 1498 1486 δὲ
1540 1434 1620 1495 είς
1645 1430 1742 1484 ἕνα
1773 1429 1836 1482 τδ

269 1531 369 1603 τῆς
397 1531 604 1595 πόλεως
635 1530 853 1601 σχῆμα·
885 1528 944 1592 ὃς
969 1528 1069 1583 οὑκ
1102 1525 1337 1593 ἀνθέξει,
1386 1524 1462 1598 μὴ
1504 1525 1605 1595 τῆς
1638 1524 1833 1584 ίάσεως

273 1622 421 1696 παρά
446 1623 546 1694 τῆς
576 1621 850 1692 ὑμετέρας
881 1620 1164 1683 εὐσεϐείας
1196 1618 1563 1689 ἐπιτεθείσης.
1610 1616 1842 1680 Ἐλπίζω

271 1714 327 1769 δέ
357 1716 439 1769 ὅτι
467 1716 501 1785 ἠ
540 1714 783 1785 ὑμετέρα
820 1711 1123 1783 γαληνότης
1168 1710 1492 1784 θεραπεύσει
1522 1709 1589 1764 τά
1614 1708 1710 1778 τῆς
1740 1707 1838 1760 πό-

1603 316 1965 381 EPISTOLA
2003 322 2171 384 XLV-

1111 429 1205 484 καὶ
1234 427 1376 482 τίσιν
1413 428 1841 499 ἐπιτηδεύμασιν

1946 444 2045 500 ego
2064 431 2288 500 quidem
2334 448 2443 486 non
2480 432 2679 501 dicam,
2708 434 2840 505 quid
2886 450 2976 491 me
3031 433 3224 491 deceat
3262 436 3514 494 conside-

3374 327 3517 393 1922

1943 536 2093 585 rans,
2139 522 2347 578 indicat
2381 532 2565 579 autem
2600 525 2653 579 id
2703 534 2913 596 aperte,
2947 526 3092 598 quod
3126 525 3194 581 ab
3248 543 3316 582 eo
3368 542 3515 582 nunc

1940 611 2025 681 agi
2063 620 2302 681 emptum
2330 623 2433 669 est.
2466 615 2543 670 De
2581 615 2805 685 regione
2842 632 2975 671 vero
2995 617 3102 672 hoc
3136 616 3315 672 solum
3366 616 3513 683 dico,

1940 716 2065 757 cum
2122 704 2404 773 provincia
2462 706 2721 762 universa
2773 708 3167 763 relevationem
3216 709 3513 778 acceperit,

1940 792 2082 848 hanc
2111 809 2274 848 unam
2303 795 2657 866 benignitatis
2680 806 2989 868 compotem
3003 814 3288 869 nunquam
3321 798 3513 864 fuisse,

1940 886 2194 956 quamvis
2229 886 2307 940 illi
2337 889 2722 957 gravissimum
2777 905 2920 944 onus
2949 890 3251 945 incumbat.
3283 890 3438 947 Unde
3461 899 3518 945 et

1939 976 2144 1047 praedia
2175 978 2346 1033 multa
2368 979 2578 1034 colonis
2603 980 2866 1036 destituta
2896 988 3044 1047 sunt,
3070 982 3244 1037 multa
3282 983 3447 1036 etiam
3486 999 3516 1037 a

1938 1068 2350 1138 possessoribus
2379 1069 2599 1139 penitus
2633 1070 2852 1126 deserta
2897 1090 2909 1125 :
2945 1078 3003 1126 et
3032 1087 3136 1142 pro
3170 1072 3258 1127 his
3307 1073 3514 1127 nihilo-

1947 1160 2134 1215 minus
2205 1161 2503 1232 exiguntur
2570 1161 2938 1224 infelicissimi
2997 1164 3364 1225 decuriones,
3419 1164 3515 1235 qui

1940 1253 2287 1308 exactionem
2320 1254 2464 1309 ferre
2508 1270 2621 1310 non
2645 1256 2914 1323 valentes,
2948 1260 3147 1329 partim
3178 1259 3513 1326 mendicant,

1940 1346 2141 1415 partim
2167 1346 2293 1417 fuga
2318 1362 2376 1401 se
2414 1347 2753 1406 subducunt.
2786 1351 2868 1405 Ad
2891 1356 3063 1407 unum
3092 1352 3332 1424 denique
3376 1355 3514 1409 civi-

1944 1436 2074 1490 tatis
2102 1436 2277 1490 forma
2325 1438 2548 1493 redacta
2581 1449 2685 1498 est.
2710 1441 2806 1511 qui
2840 1458 2951 1496 non
2983 1443 3148 1508 feret,
3176 1446 3283 1499 nisi
3324 1461 3354 1499 a
3400 1446 3517 1515 pie-

1945 1534 2057 1582 tate
2100 1539 2281 1582 vestra
2342 1530 2646 1585 remedium
2704 1532 3053 1590 adhibeatur.
3102 1535 3275 1607 Spero
3332 1548 3514 1592 autem

1948 1618 2068 1673 fore
2112 1628 2173 1674 ut
2201 1621 2473 1675 serenitas
2505 1632 2689 1677 vestra
2734 1623 2975 1679 civitatis
3018 1626 3341 1682 vulneribus
3403 1644 3519 1683 mc-

1943 1709 2160 1776 deatur,
2209 1719 2264 1765 et
2322 1710 2389 1764 ad
2437 1720 2664 1767 caeteras
2693 1714 2870 1784 justas
2915 1716 3161 1771 actiones
3216 1732 3342 1771 suas
3377 1716 3517 1774 hanc

270 1807 406 1869 λεως
424 1784 732 1875 τραύματα,
763 1802 858 1857 καὶ
884 1805 1007 1866 ταῖς
1033 1801 1221 1864 άλλαις
1249 1799 1692 1869 δικαιοπραγίαις
1720 1796 1842 1848 ὲπι-

1946 1801 2108 1857 etiam
2136 1802 2375 1873 adjiciat.

273 1899 428 1971 θήσει
452 1898 544 1950 καὶ
562 1896 788 1967 ταύτην.

608 2008 739 2063 MA'.
769 2036 839 2047 -
863 2005 1154 2077 Σενάτωρι
1183 2003 1487 2073 πατρικίφ.

340 2120 516 2192 Χάρις
552 2118 631 2190 τῷ
667 2119 879 2190 Σωτῆρι
898 2117 1008 2174 τῶν
1031 2117 1189 2182 ὅλων,
1232 2116 1316 2171 ὅτι
1355 2115 1434 2187 τῷ
1463 2112 1713 2187 ὑμετέρῳ
1742 2130 1842 2184 με-

273 2215 424 2286 γέθει
445 2217 532 2270 ἀεὶ
556 2213 880 2286 προστίθησι
900 2213 1000 2278 τάς
1024 2213 1133 2269 τῶν
1153 2210 1481 2283 ἀξιωμάτων
1501 2209 1685 2281 τιμάς.
1700 2206 1844 2278 Ἐγὼ

272 2306 331 2362 δὲ
361 2307 526 2378 μέχρι
556 2305 653 2360 τοῦ
688 2305 959 2375 παρόντος
988 2305 1049 2360 οὑ
1086 2303 1364 2375 γέγραφα,
1394 2302 1489 2356 καὶ⁵
1517 2300 1617 2373 τὴν
1648 2300 1739 2354 ἐπὶ
1765 2298 1844 2369 τῷ

272 2397 538 2466 κολοφῶνι
553 2394 649 2448 τοῦ
676 2394 858 2466 γέρως
888 2392 1256 2463 ἐγγενομένην
1273 2408 1363 2463 μοι
1382 2390 1651 2462 θυμηδίαν
1674 2388 1835 2452 εὐθὺς

271 2494 331 2546 οὑ
362 2490 671 2563 δεδήλωκα,
700 2487 937 2559 ἐνοχλεῖν
966 2486 1027 2539 οὑ
1067 2484 1388 2555 βουλόμενος
1424 2484 1522 2555 τὴν
1567 2480 1843 2552 ὑμετέραν

277 2581 766 2655 μεγαλοπρέπειαν.
802 2578 914 2634 Καὶ
947 2577 1041 2632 νῦν
1062 2576 1120 2631 δὲ
1151 2575 1310 2630 τοῦτο
1333 2575 1494 2638 ποιῶ,
1530 2574 1630 2645 τῆς
1658 2573 1842 2628 θεόθεν

276 2672 711 2745 έγχειρισθείσης
755 2688 847 2742 μοι
885 2668 1070 2741 χώρας
1115 2668 1209 2722 ἐπὶ
1249 2665 1411 2737 ξυροῦ
1450 2664 1658 2736 ἀκμῆς,
1684 2664 1746 2718 τὸ
1777 2663 1846 2735 δὴ

274 2766 589 2836 λεγόμενον,
612 2761 929 2831 ἑστηκυίας.
957 2761 1067 2831 Τῆς
1094 2761 1204 2830 γάρ
1233 2758 1463 2829 έποψίας
1489 2759 1610 2812 κατ’
1635 2757 1842 2813 ἐκεῖνον

274 2858 367 2912 τὸν
390 2856 578 2928 καιρὸν
606 2852 924 2924 γενομένης,
957 2852 1078 2907 καθ’
1098 2851 1158 2905 όν
1178 2852 1278 2923 τῆς
1310 2849 1577 2921 ὑμετέρας
1611 2849 1672 2903 τὸ
1692 2848 1844 2920 πρῶ-

275 2967 368 3004 τον
391 2945 685 3018 ἐπιδημίας
715 2943 1125 3014 ἀπελαύσαμεν,
1151 2943 1245 2996 καὶ
1270 2942 1421 3013 μόλις
1445 2940 1840 3015 κρατυνθείσης

276 3041 369 3095 ἐπὶ
390 3039 483 3092 τοῦ
504 3035 1087 3110 μεγαλοπρεπεστάτου
1112 3034 1358 3105 ὑπάρχου
1375 3032 1469 3086 τοῦ
1490 3032 1679 3104 κυρίου
1703 3031 1844 3086 Φλω·

2295 2008 2479 2066 XLIV.
2504 2041 2573 2050 —
2602 2007 2857 2066 Senatori
2911 2012 3158 2081 patricio.

2011 2121 2197 2178 Gratia
2221 2121 2469 2177 omnium
2515 2120 2820 2187 Servatori,
2866 2120 2969 2192 qui
3008 2122 3361 2193 amplitudini
3409 2131 3517 2180 tua:

1946 2210 2275 2282 dignitatum
2317 2213 2555 2269 honores
2607 2228 2827 2283 semper
2855 2214 3186 2269 accumulat.
3236 2215 3351 2285 Ego
3378 2230 3514 2270 vero

1942 2302 2208 2359 hactenus
2240 2319 2351 2360 non
2406 2304 2627 2376 scripsi,
2669 2313 2726 2360 et
2749 2320 2915 2375 quam
2963 2320 3032 2389 εξ
3092 2305 3320 2361 honoris
3368 2307 3516 2362 colo—

1941 2393 2124 2463 phone
2151 2395 2335 2450 animo
2362 2396 2481 2466 cepi
2507 2396 2751 2451 laetitiam
2784 2412 2895 2450 non
2934 2396 3123 2451 statim
3151 2396 3409 2462 iudicavi,
3443 2412 3515 2452 ne

1944 2482 2207 2539 molestus
2236 2499 2414 2540 essem
2466 2485 2889 2556 magnificentia
2933 2495 3061 2540 tum.
3109 2485 3267 2540 Nunc
3331 2495 3516 2541 autem

1942 2582 2232 2643 propterea
2276 2575 2442 2640 facio,
2487 2577 2635 2646 quod
2689 2575 2901 2648 1105
2938 2576 3090 2646 regio
3145 2578 3285 2631 mihi
3334 2590 3365 2630 a
3402 2578 3517 2632 Deo

1941 2664 2233 2719 commissa
2266 2666 2322 2720 in
2349 2667 2489 2730 acie,
2521 2668 2666 2737 quod
2703 2668 2881 2732 aiunt,
2903 2674 2989 2722 est
3037 2668 3337 2723 novacula.
3380 2668 3516 2723 Nam

1943 2769 2070 2813 cum
2115 2756 2384 2827 inspectio
2417 2757 2559 2812 facta
2591 2757 2759 2813 fuerit
2791 2758 2887 2813 illo
2936 2765 3204 2828 tempore,
3249 2774 3359 2830 quo
3400 2759 3517 2830 pri-

1943 2848 2398 2902 mum‘adventu
2450 2856 2636 2903 vestro
2684 2849 2919 2905 recreati
2970 2865 3198 2915 sumus,
3253 2858 3313 2905 et
3362 2865 3509 2921 egre

1944 2938 2294 2993 constabilita
2313 2939 2416 2995 sub
2438 2939 2984 3011 magnificentissimo
3011 2941 3271 3013 praefecto
3291 2940 3524 2996 domino

1943 3030 2246 3096 Florentio,
2292 3045 2357 3085 ac
2401 3048 2550 3087 nunc
2598 3032 2764 3087 etiam
2828 3032 2899 3088 ab
2944 3049 3011 3089 eo
3063 3033 3386 3090 conﬁrmata
3418 3034 3514 3106 qui

278 3132 510 3204 ρεντίου,
545 3127 934 3201 βεϐαιωθείσης
961 3125 1020 3180 δὲ
1050 3126 1143 3179 καὶ
1174 3124 1270 3180 νῦν
1296 3124 1401 3178 ὑπὸ
1430 3125 1523 3178 τοῦ
1552 3125 1650 3188 τάς
1674 3121 1842 3186 αὑτὰς

1948 3122 2196 3178 habenas
2227 3122 2445 3177 easdem
2497 3130 2665 3188 tenet,
2718 3124 2805 3178 vir
2831 3124 3074 3194 quidam,
3112 3124 3357 3196 episcopi
3393 3125 3516 3195 qui-

276 3222 593 3293 κατέχοντος
635 3218 822 3289 ἡνίας,
868 3218 1007 3289 ἀνήρ
1043 3233 1146 3280 τις,
1192 3213 1492 3269 ἐπισκόπου
1544 3215 1642 3284 μὲν
1670 3213 1842 3283 ὄνομα

275 3313 604 3387 περιῳέρων,
637 3311 892 3382 ἀλλότρια
910 3311 966 3365 δὲ
994 3310 1088 3363 καὶ
1112 3307 1223 3361 τῶν
1248 3307 1341 3359 ἐπὶ
1372 3307 1470 3377 τῆς
1494 3305 1699 3378 σκηνῆς
1723 3306 1843 3358 ἐπι-

274 3404 535 3477 τηδεύων,
574 3399 762 3471 φυγὼν
794 3399 856 3454 τὸ
901 3398 1010 3452 τῶν
1043 3395 1343 3468 ἀρχιερέων
1389 3393 1667 3466 συνέδριον
1690 3434 1706 3458 ,
1748 3393 1843 3446 καὶ

274 3496 444 3551 ταῦτα
475 3495 583 3549 τῶν
610 3494 706 3565 τῆς
741 3489 1135 3559 ἀκοινωνησίας
1164 3486 1528 3556 ἐπικειμένων
1570 3485 1717 3556 αὑτῷ
1753 3485 1841 3537 δε-

277 3588 452 3660 σμῶν,
483 3585 837 3654 συκοφαντεῖν
869 3582 1126 3653 πειρᾶται
1162 3580 1259 3633 καὶ
1296 3576 1603 3631 διαϐάλλειν
1626 3577 1725 3646 τὴν
1748 3592 1843 3643 γε-

275 3679 508 3751 νομένην
533 3674 783 3745 ὲποψίαν,
815 3676 882 3745 τῇ
915 3673 1042 3744 περὶ
1074 3672 1165 3726 τὸν
1190 3669 1552 3743 περίϐλεπτον
1575 3668 1842 3721 Φίλιππον

280 3770 547 3843 ἀπεχθείᾳ
590 3768 692 3837 τὴν
730 3765 987 3838 ἀλήθειαν
1035 3763 1264 3835 βάλλων.
1316 3761 1409 3815 Διὸ
1451 3761 1550 3833 τὴν
1573 3759 1842 3831 ὑμετέραν

280 3860 649 3935 μεγαλοφυῖαν
680 3856 965 3922 ἀντιϐολῶ,
996 3857 1093 3920 τὰς
1117 3854 1215 3927 μὲν
1246 3854 1457 3909 ἐκείνου
1479 3852 1843 3924 ψευδηγορίας

279 3953 561 4022 ἀποφῆναι
593 3949 845 4020 ματαίας,
880 3946 980 4019 τὴν
1003 3946 1058 4000 δὲ
1096 3946 1468 4018 γεγενημένην
1506 3944 1735 4014 ὲποψίαν
1756 3945 1844 3997 ὲν-

276 4044 441 4106 δίκως
466 4040 853 4113 βεϐαιωθεῖσαν
872 4038 1165 4093 ἀσάλευτον
1193 4037 1488 4106 διαμεῖναι.
1510 4035 1715 4105 Πρέπει
1735 4035 1845 4105 γὰρ

278 4132 432 4204 ὑμῶν
455 4129 531 4201 τῷ
569 4129 809 4200 μεγέθει,
841 4128 936 4182 καὶ
974 4125 1179 4198 ταύτην
1218 4125 1355 4196 μετά
1384 4124 1492 4177 τῶν
1520 4123 1694 4178 άλλων
1743 4121 1844 4193 τὴν

274 4221 692 4294 δικαιοπραγίαν
727 4216 1144 4289 καρπώσασθαι,
1181 4216 1277 4269 καὶ⁵
1309 4213 1408 4279 τὰς
1438 4213 1591 4284 παρά
1619 4212 1727 4267 τῶν
1750 4212 1844 4265 εὑ-

282 4332 505 4388 εργετου
514 4314 688 4384 μένων
709 4310 958 4381 εὐλογίας
977 4309 1270 4381 τρυγῆσαι,
1288 4307 1381 4362 καὶ
1398 4305 1727 4377 θεραπεῦσαι
1745 4304 1845 4374 μὲν

1945 3213 2069 3269 dem
2098 3229 2298 3269 nomen
2331 3231 2550 3285 gerens,
2583 3215 2678 3272 sed
2724 3231 2790 3270 ea
2845 3232 3012 3288 agens
3049 3232 3171 3288 qua:
3218 3233 3249 3273 a
3284 3217 3516 3273 scenicis

1946 3304 2083 3374 ipsis
2101 3305 2278 3359 aliena
2310 3305 2440 3370 sint,
2470 3306 2852 3375 episcoporum
2913 3308 3206 3363 concilium
3236 3309 3515 3366 subterfu‘

1945 3395 2120 3465 giens,
2152 3395 2317 3465 idque
2347 3410 2473 3450 cum
2526 3398 3116 3454 cxcommunicationis
3156 3400 3393 3456 vinculis
3439 3401 3512 3455 sit

1945 3486 2245 3543 obstrictus
2299 3486 2624 3543 calumniari
2670 3497 2923 3555 conatur,
2975 3489 3283 3561 factamque
3332 3492 3515 3563 inspe-

1944 3579 2182 3635 ctionem
2203 3579 2507 3644 criminari,
2531 3580 2659 3635 odio
2708 3581 3025 3651 spectabilis
3083 3581 3322 3652 Philippi
3363 3583 3509 3638 veri-

1945 3680 2113 3727 tatem
2135 3672 2481 3742 impugnans.
2503 3670 2770 3738 Quocirca
2796 3673 3259 3744 magniﬁeentiam
3277 3682 3513 3729 vestram

1945 3761 2565 3825 obsecro,utmendacia
2585 3763 2705 3834 ejus
2736 3762 2894 3819 irrita
2925 3763 3137 3831 reddat,
3169 3764 3514 3835 etinspectio

1943 3867 2067 3923 qua:
2098 3852 2240 3908 facta
2268 3861 2353 3908 est
2377 3853 2622 3925 legitime
2667 3852 2991 3911 confirmata
3036 3853 3365 3909 inconcussa
3387 3868 3514 3924 per-

1945 3951 2184 3999 maneat.
2232 3945 2402 4000 Decet
2451 3944 2600 4000 enim
2654 3945 3076 4015 amplitudinem
3142 3953 3289 4001 tuam
3348 3945 3521 4017 hujus

1944 4035 2111 4091 etiam
2163 4051 2288 4091 cum
2340 4037 2462 4091 aliis
2505 4038 2669 4108 jnstae
2723 4036 2954 4092 actionis
3002 4036 3241 4091 fructum
3293 4052 3513 4109 capere,

1946 4135 2110 4197 atque
2142 4142 2336 4182 eorum
2369 4143 2510 4197 quos
2559 4127 2830 4183 beneflcio
2877 4128 3135 4183 atl‘eceris
3167 4127 3515 4183 acclamatio-

1945 4233 2047 4273 nes
2097 4218 2391 4290 colligere,
2446 4234 2511 4275 ac
2558 4220 2733 4275 Deum
2787 4221 3174 4275 universorum
3226 4221 3513 4277 venerari.

1945 4310 2197 4367 venerari
2222 4325 2443 4381 quoque
2466 4311 2767 4380 genuinum
2797 4313 2919 4383 ejus
2943 4327 3191 4376 serram,
3231 4311 3513 4367 sanctissi-

274 4409 367 4464 τὸν
391 4406 498 4460 τῶν
529 4405 665 4458 ὅλων
686 4402 840 4467 Θεὸν,
871 4399 1207 4472 θεραπεῦσαι
1233 4397 1289 4452 δὲ
1321 4397 1413 4450 τὸν
1434 4398 1654 4469 γνήσιον
1673 4394 1841 4451 αὑτοῦ

1948 4416 2099 4457 mum
2142 4402 2419 4458 hominem
2450 4402 2570 4467 Dei,
2622 4402 2909 4458 dominum
2938 4402 3230 4466 Iacobum,
3255 4402 3357 4472 qui
3405 4416 3516 4457 una

274 4495 495 4560 δοῦλον,
541 4495 632 4548 τὸν
667 4492 966 4563 ἁγιώτατον
994 4488 1278 4561 ἄνθρωπον
1301 4486 1394 4541 τοῦ
1420 4486 1576 4550 Θεοῦ,
1613 4486 1705 4541 τὸν
1739 4485 1841 4540 κύ-

1946 4507 2161 4553 mecum
2190 4509 2386 4563 preces
2431 4478 2615 4550 θεῖοι-ι.
2643 4493 2968 4564 Scripsisset
2986 4502 3171 4550 autem
3198 4501 3255 4549 et
3274 4467 3436 4562 ipse,
3466 4492 3521 4547 si

281 4604 395 4660 ριον
431 4585 706 4651 Ἰάκωϐον,
734 4583 793 4648 ὃς
822 4581 977 4653 τήνδε
1008 4579 1309 4652 προσφέρει
1336 4579 1433 4633 σὺν
1463 4579 1586 4647 ἐμοὶ
1609 4577 1706 4648 τὴν
1735 4593 1843 4633 πα-

280 4681 565 4752 ράκλησιν.
598 4678 842 4749 Ἔγραψε
875 4677 920 4730 δ’
959 4673 1026 4730 ἂν
1054 4677 1149 4729 καὶ
1187 4673 1380 4739 αὑτὸς,
1409 4674 1568 4743 εἴπερ
1601 4669 1751 4740 αὑτῷ
1785 4671 1844 4724 τὸ

275 4772 512 4845 γράφειν
552 4769 785 4839 σύνηθες
812 4764 900 4840 ἦν.

601 4887 734 4941 ME'.
761 4914 831 4927 -ο
870 4884 1182 4948 Ἆνιττολίῳ
1205 4883 1509 4952 πατρικίῳ.

348 5003 468 5057 Ὀτι
492 5000 741 5071 καθάπερ
766 4997 953 5061 παῖδες
984 4997 1076 5052 ἐπὶ
1106 4995 1319 5066 πατέρα
1359 4993 1731 5064 φιλόστοργον,
1764 4994 1844 5049 δι-

273 5092 539 5163 ιτέθησαν
567 5091 696 5160 περὶ
723 5090 821 5161 τὴν
853 5088 1123 5160 ὑμετέραν
1163 5085 1638 5158 μεγαλοπρέπειαν
1670 5085 1845 5140 ἀπαν-

273 5201 367 5246 τες
412 5185 461 5235 οί
507 5182 605 5253 τὴν
653 5179 794 5251 ἑῴαν
826 5178 1121 5244 οἰκοῦντες,
1154 5175 1293 5232 οἶδεν
1330 5176 1485 5249 ὑμῶν
1528 5176 1589 5230 τὸ
1618 5176 1844 5248 μέγεθος

273 5273 538 5346 ἀκριϐῶς.
577 5271 715 5325 Ἀνθ’
744 5271 866 5324 ὅτου
894 5271 1073 5325 τοίνυν
1104 5272 1445 5341 μεμισήκατε
1467 5269 1592 5333 τοὺς
1624 5269 1844 5339 φιλοῦν-

272 5383 398 5430 τας,
425 5365 521 5418 καί⁵
554 5364 653 5434 τῆς
686 5361 957 5433 ὑμετέρας
1013 5362 1209 5423 αὐτοὺς
1249 5361 1582 5432 ὲστερήσατε
1625 5377 1844 5431 προμη-

275 5454 448 5524 θείας,
474 5454 568 5508 καὶ
603 5452 820 5526 θρηνεῖν
867 5450 1108 5514 ἃπαντας
1143 5449 1237 5503 καὶ
1272 5450 1559 5522 ὀδύρεσθαι
1613 5453 1846 5523 πεποιή-

276 5562 433 5612 κατε,
462 5544 561 5615 τὴν
585 5541 792 5597 οἰκείαν
813 5538 1107 5613 θεραπείαν
1130 5539 1232 5610 τῆς
1251 5540 1357 5592 τῶν
1381 5541 1554 5595 ἄλλων
1580 5543 1846 5614 προτιμή-

278 5654 471 5702 σαντες
499 5635 797 5707 ὠφελείσς;
819 5632 909 5705 Tt};
936 5634 1048 5688 δντι
1072 5631 1180 5703 γὰρ
1203 5632 1298 5703 οὑχ
1321 5632 1558 5704 ἡγοῦμαί
1587 5651 1709 5690 τινα
1734 5635 1846 5688 τῶν

276 5720 628 5795 φοϐουμένων
665 5721 756 5776 τὸν
796 5721 999 5792 Κύριον
1046 5718 1123 5791 μὴ
1164 5719 1284 5773 λίαν
1311 5720 1599 5791 ἀσχάλλειν
1637 5724 1728 5777 ἐπὶ
1775 5729 1846 5797 τῇ

1942 4585 1995 4640 ei
2018 4585 2265 4643 scribere
2286 4599 2409 4640 mos
2438 4594 2605 4642 esset.

2319 4883 2482 4941 XLV.
2502 4915 2573 4926 -—
2597 4885 2846 4940 Anatolio
2892 4888 3139 4958 patricio.

2017 4998 2175 5066 Quod
2205 5006 2265 5054 ut
2302 4997 2399 5054 lilii
2429 4998 2695 5055 adversus
2718 5009 2993 5056 amantem
3015 5008 3249 5072 patrem,
3270 5002 3350 5059 sic
3382 5017 3518 5074 erga

1944 5090 2407 5162 magnificentiam
2441 5099 2685 5147 vestram
2740 5092 2924 5148 affecti
2953 5094 3065 5149 sint
3097 5109 3289 5151 omnes
3320 5093 3518 5150 Orien-

1947 5182 2104 5247 tales,
2130 5183 2378 5252 apprimc
2400 5182 2553 5237 novit
2598 5183 2909 5239 sublimitas
2961 5193 3166 5239 vestra.
3222 5184 3340 5252 Qua
3382 5198 3517 5254 ergo

1946 5274 2014 5329 de
2038 5290 2201 5329 causa
2228 5274 2354 5329 odio
2391 5273 2666 5329 habuistis
2720 5283 2988 5343 amantes,
3052 5285 3342 5346 vestraque
3393 5276 3515 5329 illos

1945 5367 2296 5437 providentia
2323 5366 2582 5431 orbastis,
2616 5373 2673 5420 et
2701 5364 2892 5437 lugere
2918 5380 3112 5422 omnes
3157 5381 3224 5421 ac
3258 5367 3516 5437 plangere

1946 5455 2223 5525 coegistis.
2271 5454 2485 5527 1105
2551 5455 2837 5525 proprium
2889 5455 3238 5512 commodum
3281 5457 3514 5512 aliorum

1946 5546 2170 5601 utilitati
2224 5546 2657 5616 anteponentes?
2704 5545 2916 5601 Revera
2972 5547 3120 5602 enim
3171 5562 3364 5602 eorum
3416 5547 3512 5618 qui

1947 5637 2120 5692 Deum
2161 5638 2361 5692 timent
2381 5635 2658 5691 neminem
2696 5651 2817 5692 esse
2837 5635 3100 5705 arbitror,
3139 5638 3273 5707 quin
3314 5636 3513 5708 pracfe-

1948 5737 2105 5784 ctura
2125 5736 2305 5784 vestra
2330 5727 2605 5799 privatum
2637 5742 2695 5783 se
2730 5727 3089 5784 vehementer
3137 5728 3339 5785 doleat.
3370 5726 3514 5795 Quin
