3924 6192
524 215 659 279 1223

1503 201 1982 263 THEODORETI
2019 200 2353 259 EPISCOPI
2392 199 2747 259 CYRENSIS

3566 198 3661 262 liii

522 336 579 381 ct
611 334 837 380 cmtcros
864 335 1056 376 omnes
1088 318 1361 378 existimo,
1385 312 1635 384 quamvis
1670 310 1965 380 perfectam
1993 310 2087 363 Dei

2208 309 2444 379 ςτερήσει
2491 307 2587 376 τῆς
2621 305 2895 375 ὑμετέρας
2937 301 3284 373 στρατηγίας.
3332 297 3483 373 Οἶμαι
3519 306 3561 359 δὲ
3600 316 3665 363 χοὶ

528 416 895 489 cognitionem
912 429 1021 467 non
1043 411 1302 470 habeant,
1329 405 1491 459 simili
1533 404 1721 456 dolore
1750 403 1918 473 tangi,
1956 402 2086 456 dum

528 506 795 566 beneﬁcia
831 512 1011 559 vestra
1048 498 1427 554 recordantur.
1458 496 1569 565 Ego
1622 510 1751 548 vero
1804 510 1915 562 pne
1968 493 2093 546 aliis

531 613 710 670 gemo,
748 610 958 649 memor
1019 591 1242 645 honoris
1277 594 1332 639 et
1387 585 1613 640 sincera:
1672 583 2088 645 benevolentiae,

528 690 933 756 Pominumque
970 684 1355 738 universorum
1384 696 1598 750 precor,
1627 686 1688 731 ut
1721 678 1920 731 invicta
1956 675 2089 728 dex-

527 791 643 836 tera
677 793 893 846 semper
915 791 1013 829 vos
1038 774 1265 833 muniat.
1305 772 1682 838 bonorumque
1710 768 1955 822 omnium
2002 781 2094 819 co-

526 870 672 941 piam
692 868 848 921 vobis
871 865 1152 934 largiatur.
1173 860 1626 931 Magniﬁcentiam
1648 868 1829 912 autem
1856 865 2092 910 vestram

527 974 803 1031 rogamus,
834 965 894 1010 ut
929 956 1125 1009 absens
1150 955 1298 1007 velut
1331 966 1571 1021 praesens
1622 955 1937 1003 consuetam
1997 962 2093 999 cu-

528 1067 645 1107 ram
701 1059 873 1121 gerat,
944 1061 1111 1115 atque
1146 1044 1293 1097 illius
1347 1040 1553 1110 indigni
1614 1037 1857 1108 episcopi
1920 1034 2095 1089 nostri

527 1144 738 1200 rabiem
773 1141 1004 1210 frangat,
1059 1138 1213 1206 cuius
1238 1136 1363 1189 vitae
1413 1132 1727 1186 institutum
1789 1128 2095 1184 sublimitas

527 1244 712 1293 vestra
760 1238 1107 1302 perspectum
1156 1227 1342 1280 habet.
1398 1225 1640 1279 Conatur
1674 1222 1844 1283 enim,
1895 1228 1953 1273 ut
2006 1233 2096 1271 ac-

530 1328 673 1397 cepi,
718 1325 997 1395 regionem
1024 1329 1266 1375 nostram
1298 1317 1547 1372 funditus
1582 1322 1855 1375 evertere,
1892 1312 2097 1365 delato-

528 1419 609 1475 ris
656 1431 885 1470 munere
922 1421 1196 1481 suscepto,
1258 1416 1643 1478 pcractamque
1703 1402 2097 1472 inspectionem

532 1508 891 1566 calumnians.
955 1504 1121 1572 quue
1165 1516 1287 1555 cum
1326 1500 1501 1554 sciant
1551 1511 1773 1558 omnes,
1808 1504 1868 1548 ut
1930 1493 2100 1547 verbo

532 1600 736 1662 dicam,
774 1594 1148 1666 gravissimam
1202 1605 1323 1644 esse
1367 1587 1605 1656 regionis
1661 1595 1863 1638 nostrae
1898 1583 2102 1637 descri-

2197 395 2320 457 τοὺς
2368 395 2558 456 ἄλλους
2608 393 2872 453 ἅπαντας,
2930 391 2977 443 εί
3011 390 3102 443 καὶ
3143 392 3216 461 μὴ
3242 391 3334 460 τὴν
3371 393 3484 462 περὶ
3516 396 3571 449 τὰ
3588 396 3667 451 θεῖα

2198 486 2395 553 γνῶσιν
2422 485 2634 555 ἔχουσιν
2662 482 2884 553 ἀκριϐῆ,
2914 481 2975 533 τὸ
3003 482 3097 550 τῆς
3118 480 3347 550 ἀθυμίας
3377 483 3548 549 ὁμοίως
3565 485 3669 555 δέχε-

2200 576 2321 629 σθαι
2349 576 2538 638 πάθος,
2580 574 2677 637 τάς
2714 573 2986 644 ὑμετέρας
3014 572 3385 641 λογιζομένους
3409 573 3669 642 εὐεργεσίας,

2210 666 2350 735 Ἐγὼ
2380 667 2437 719 δὲ
2470 666 2835 736 διαφερόντως
2882 663 3213 733 ὀλοφύρομαι
3236 703 3252 725 ,
3298 664 3387 714 καὶ
3432 664 3517 732 τῆς
3543 670 3673 736 τιμῆς,

2198 761 2292 813 καὶ
2316 763 2416 828 τῆς
2444 756 2766 829 εἰλικρινοῦς
2799 755 3090 817 διαθέσεως
3127 756 3456 823 μεμνημένος
3474 772 3485 784 '
3517 760 3588 808 καὶ
3615 760 3676 811 τὸν

2198 849 2307 901 τῶν
2341 848 2476 900 ὂλων
2502 846 2727 899 ἱκετεύω
2757 846 3053 912 Δεσπότην,
3083 848 3148 915 τῇ
3182 845 3375 914 ἀμάχῳ
3406 844 3535 915 δεξιᾷ
3560 850 3676 916 τειχί.

2200 940 2313 1003 ζειν
2348 940 2489 1009 ὑμᾶς
2519 937 2625 1002 ἀεὶ,
2644 940 2734 990 καὶ
2753 937 2859 989 τῶν
2884 936 3237 989 παντοδαπῶν
3263 935 3468 1005 ἀγαθῶν
3495 944 3679 1008 χορηγεῖν

2202 1031 2330 1101 ὑμῖν
2362 1029 2461 1097 τὴν
2496 1028 2687 1096 φοράν.
2719 1028 2829 1096 Τὴν
2861 1026 2916 1079 δέ
2950 1026 3221 1097 ὑμετέραν
3256 1028 3584 1096 μεγαλοφυῖαν
3614 1050 3680 1083 πα-

2207 1120 2566 1191 ρακαλοῦμεν,
2596 1120 2692 1170 καὶ
2722 1118 2964 1171 ἀποῦσαν
2988 1118 3063 1180 ὼς
3091 1117 3367 1188 παροῦσαν
3385 1119 3483 1171 τῶν
3504 1122 3680 1190 συνήθων

2204 1212 2506 1282 φροντίσαι,
2542 1209 2636 1261 καὶ
2667 1207 2760 1261 τοῦ
2787 1209 2956 1271 δεῖνος
2989 1207 3085 1260 τοῦ
3108 1208 3324 1273 ἀναξίου
3354 1210 3499 1279 ἡμῶν
3519 1213 3682 1264 ἐπισκό-

2205 1319 2304 1354 που
2343 1300 2643 1354 καταλῦσαι
2672 1299 2767 1369 τὴν
2804 1299 3021 1363 λύτταν,
3060 1294 3121 1353 οὗ
3154 1299 3250 1370 τὴν
3291 1300 3380 1352 τοῦ
3412 1300 3513 1369 βίου
3546 1303 3684 1371 πρωί.

2210 1412 2354 1464 ρεσιν
2388 1392 2774 1462 ἀκριϐέστερον
2800 1391 2861 1444 τὸ
2900 1392 3166 1462 ὑμέτερον
3192 1392 3466 1445 ἐπίσταται
3502 1395 3683 1462 μέγεθος.

2217 1486 2512 1553 Ἐπιχειρεῖ
2540 1481 2668 1553 γὰρ,
2707 1482 2780 1545 ὡς
2828 1482 2998 1551 έγνων
3019 1477 3354 1547 ,παντελῶς
3389 1483 3527 1553 ήμῶν
3548 1485 3687 1537 ἀπολέ-

2209 1593 2296 1627 σαι
2328 1573 2423 1643 τὴν
2457 1572 2662 1643 χώραν,
2695 1572 3000 1642 δηλάτωρος
3034 1574 3195 1641 ἔργον
3232 1571 3598 1639 ἀναδεξάμενος,
3625 1578 3687 1626 καὶ

532 1690 801 1761 ptioncm,
840 1684 978 1739 adeo
999 1693 1059 1737 ut
1088 1682 1234 1735 illius
1260 1694 1423 1734 causa
1448 1675 1823 1747 possessiones
1852 1673 2101 1743 plurima:

2208 1665 2300 1732 τὴν
2330 1662 2702 1731 γεγενημένην
2735 1661 2958 1730 ἐποψίαν
3010 1661 3376 1729 συκοφαντῶν.
3434 1663 3528 1714 Καὶ
3567 1664 3686 1715 ταῦτα

536 1781 746 1838 colonis
779 1778 1053 1832 destitutae
1079 1775 1210 1829 sint.
1253 1772 1455 1826 Verum
1496 1770 1605 1832 hic,
1659 1765 2101 1821 excommunica-

536 1874 687 1929 tione
730 1875 1079 1936 contempta,
1147 1870 1349 1917 sanctae
1400 1858 1607 1930 synodo
1658 1872 1715 1911 se
1769 1853 2102 1909 subducens.

537 1973 729 2023 contra
769 1960 1004 2015 miseros
1040 1969 1315 2026 pauperes
1354 1953 1593 2021 linguam
1622 1948 1882 2003 exseruit.
1926 1945 2105 2010 Quare

540 2073 729 2115 curam
765 2069 949 2109 rerum
980 2061 1298 2105 nostrarum
1348 2058 1539 2115 gerere
1570 2038 1973 2109 magniﬁcentia
2016 2050 2108 2089 ve-

539 2157 651 2204 stra
708 2147 981 2217 dignetur,
1044 2157 1113 2196 ne
1163 2138 1450 2193 veritatem
1497 2134 1682 2187 vincat
1736 2127 2104 2184 mendacium.

544 2239 779 2294 Easdem
803 2235 971 2291 etiam
994 2248 1093 2303 pro
1126 2229 1394 2285 Cilicibus
1420 2239 1611 2295 preces
1644 2221 1835 2275 oﬁero.
1870 2220 1930 2273 In
1956 2218 2106 2271 luctu

539 2331 685 2386 enim
707 2335 970 2399 perpetuo
994 2337 1279 2378 versamur
1293 2320 1469 2373 donec
1489 2313 1753 2384 iniquitas
1766 2312 2104 2365 destruatur.

540 2396 721 2489 Hujus
750 2396 881 2470 vero
933 2412 1098 2467 studii
1140 2407 1639 2477 compensationem
1674 2401 1943 2455 retribuet
1989 2396 2113 2451 uni-

541 2522 828 2567 versorum
859 2504 1144 2563 Dominus,
1177 2499 1271 2567 qui
1305 2505 1361 2551 et
1392 2497 1600 2565 exiguae
1624 2507 1777 2561 aqua:
1804 2486 2111 2543 mercedem

537 2614 603 2656 se
624 2596 878 2651 daturum
928 2590 1198 2661 promisit.

2208 1755 2443 1817 πάντων,
2477 1752 2550 1813 ὡς
2587 1751 2712 1814 ἔπος
2745 1753 2938 1817 εἰπεῖν,
2972 1750 3348 1820 ἐπισταμένων
3383 1750 3470 1821 τὴν
3514 1751 3686 1821 βαρυτά-

2207 1862 2305 1913 την
2335 1844 2432 1913 τῆς
2464 1841 2739 1912 ἡμετέρας
2767 1841 2948 1911 χώρας
2977 1841 3303 1910 ἀπογραφὴν
3322 1881 3336 1904 ,
3382 1841 3466 1893 καὶ
3488 1840 3550 1903 ὡς
3575 1842 3688 1893 πολλὰ

2207 1934 2316 1985 τῶν
2349 1934 2641 2003 κτημάτων
2671 1930 2852 2001 ἔρημα
2889 1931 2976 1983 δῑά
3014 1932 3224 2000 ταύτην
3255 1931 3359 1983 τῶν
3386 1931 3687 2001 γεωργούντων

2211 2027 2449 2093 ἐγένετο.
2492 2024 2629 2075 Ἀλλ’
2678 2016 2851 2086 οὗτος,
2891 2022 2986 2075 καὶ
3032 2023 3135 2091 τῆς
3178 2022 3540 2091 ἀκοινωνησίας
3574 2039 3687 2074 xan-

2214 2118 2508 2188 φρονήσας,
2537 2117 2630 2168 καὶ
2656 2116 2754 2184 τὴν
2786 2114 2945 2181 ἁγίαν
2978 2113 3196 2167 σύνοδον
3225 2114 3465 2183 ἀποδρὰς,
3490 2115 3600 2166 κατὰ
3619 2114 3688 2165 τῶν

2214 2207 2414 2261 ἀθλίων
2450 2208 2696 2276 πενήτων
2746 2205 2996 2273 ἐπαφῆκε
3042 2205 3143 2275 τὴν
3179 2204 3430 2273 γλῶτταν.
3476 2204 3687 2273 Φροντῦςαι

2212 2301 2395 2353 τοίνυν
2432 2300 2461 2368 ή
2493 2298 2732 2369 ὑμετέρα
2770 2298 3215 2367 μεγαλοπρέπεια
3245 2296 3613 2367 παρακληθήτω,
3636 2297 3687 2347 ἵνα

2222 2391 2296 2461 μὴ
2332 2391 2683 2460 περιγένηται
2706 2390 2802 2458 τῆς
2834 2387 3091 2457 ἀληθείας
3122 2390 3186 2441 τὸ
3224 2388 3424 2457 ψεῦδος.
3467 2388 3558 2456 Τὴν
3578 2387 3687 2451 αὐτὴν

2218 2482 2275 2533 δὲ
2324 2481 2578 2549 καὶπερὶ
2624 2479 2730 2532 τῶν
2783 2480 3022 2533 Κιλίκων
3072 2480 3363 2550 προσφέρω
3407 2478 3684 2549 παράκλησιν.

2221 2571 2558 2643 Θρηνοῦντες
2603 2572 2713 2643 γάρ
2757 2571 3104 2642 διατελοῦμεν
3145 2571 3251 2634 ἓως
3290 2572 3351 2625 ἂν
3384 2574 3412 2640 ἡ
3459 2570 3687 2641 παρανομία

544 2690 844 2761 καταλυθῇ.
870 2686 1086 2755 Ταύτης
1105 2684 1162 2736 δὲ
1183 2683 1284 2753 τῆς
1315 2678 1548 2749 σπουδῆς
1581 2677 1679 2740 τάς
1706 2674 1939 2747 ἀμοιὸἀς
1966 2666 2247 2726 ἀντιδώσει
2288 2666 2396 2723 τῶν
2423 2666 2559 2724 ὅλων
2592 2668 2620 2719 ὁ
2658 2666 2879 2737 Κύριος,
2916 2668 2944 2721 ὁ
2982 2666 3077 2721 καὶ
3116 2666 3307 2730 ὓδατος
3356 2664 3529 2737 μικροῦ
3558 2664 3687 2717 δώσειν

550 2785 741 2861 μισθὸν
772 2783 1162 2852 ὑποσχόμενος.

794 2891 1006 2962 1106
1036 2888 1222 2943 XLVI.
1246 2916 1316 2926 —-
1336 2886 1494 2941 Petro
1538 2882 1860 2937 scholastica.

2544 2877 2691 2943 Μςν.
2725 2907 2793 2916 ——
2818 2875 3017 2945 Πέτρῳ
3068 2875 3460 2945 σχολαστικῷ.

619 3013 821 3066 Eorum
884 3006 977 3076 qui
1036 3003 1181 3073 quod
1226 3003 1433 3073 justum
1482 3006 1567 3053 est
1620 2995 1843 3068 plurimi
1884 2992 2113 3059 faciunt,

2290 2987 2409 3041 Τῶν
2436 2988 2496 3041 τὸ
2520 2988 2726 3041 δίκαιον
2748 3006 2813 3041 πε
2823 2988 2875 3059 pl.
2899 2988 3094 3041 πολλοῦ
3124 2990 3451 3058 ποιουμένων
3474 2986 3588 3039 οὐδὲν
3610 2988 3685 3037 ἰκα-

548 3103 687 3160 nihil
732 3108 815 3154 est
849 3097 994 3167 quod
1021 3094 1297 3149 laudabile
1354 3094 1462 3146 hoc
1491 3090 1734 3145 studium
1763 3088 1933 3157 possit
1969 3102 2116 3140 com-

553 3208 797 3261 pescere.
857 3189 1053 3244 Verbis
1110 3186 1269 3240 ﬁdem
1317 3184 1516 3238 astruit
1552 3178 1956 3250 magnificentia
2002 3187 2113 3241 tua,

553 3300 675 3356 qum
703 3292 758 3337 et
787 3282 1032 3336 dolorem
1053 3278 1198 3349 cepit
1225 3277 1382 3331 exiis
1417 3290 1538 3345 quae
1571 3273 1820 3326 nuntiata
1862 3277 2012 3333 sunt,
2063 3276 2119 3323 et

555 3371 1156 3446 oppressamjustitiam
1198 3365 1480 3437 aspernari
1522 3363 1728 3417 noluit:
1779 3361 1872 3415 sed
1920 3374 2120 3413 mcero-

559 3484 673 3523 rem
704 3468 760 3522 in
782 3474 1031 3535 tempore
1068 3462 1353 3533 abjiciens,
1398 3458 1649 3513 veritatis
1699 3456 1843 3510 hosti
1872 3470 1933 3508 os
1974 3455 2119 3524 juste

556 3558 847 3616 obstruxit.
904 3556 1115 3622 Quibus
1160 3551 1413 3623 cognitis,
1467 3547 1925 3618 magniﬁcentiam
1971 3552 2120 3597 tuam

557 3651 839 3706 ardentius
870 3646 1265 3706 adamavimus,
1301 3642 1539 3697 oratoria
1584 3639 1842 3693 facultate
1915 3646 2123 3705 tempe-

557 3752 732 3797 ratam
758 3740 901 3795 nacti
932 3753 1120 3792 veram
1159 3736 1585 3806 phiIOSOphiam,
1644 3744 1974 3797 oramusque
2022 3727 2124 3780 im-

557 3834 801 3904 pensius,
836 3840 898 3885 ut
921 3829 1114 3899 optimi
1149 3828 1313 3897 hujus
1343 3827 1446 3880 viri
1484 3823 1827 3878 mendacium
1873 3819 2124 3873 destruas

559 3933 615 3980 et
647 3932 880 3987 evertas,
915 3923 1348 3989 miserorumque
1370 3931 1671 3989 pauperum
1694 3912 2123 3968 consolationem

559 4016 883 4072 conﬁrmes.

628 4130 837 4186 XLVII.
859 4160 925 4169 —-
944 4128 1134 4183 Proclo
1160 4130 1398 4199 episcopo
1442 4118 2048 4190 ConstantinOpolitano.

635 4240 930 4312 Superiore
991 4255 1135 4294 anno
1178 4236 1438 4293 sanctitas
1481 4242 1572 4288 tua
1616 4230 1966 4301 spectabilem
1999 4225 2127 4282 Phi-

2217 3079 2304 3133 νόν
2337 3081 2583 3151 ἐπισχεῖν
2626 3080 2719 3132 τὸν
2761 3082 3159 3151 ἐπαινούμενον
3215 3081 3395 3133 τοῦτον
3423 3079 3596 3130 σκοπόν.
3630 3076 3687 3126 Βε-

2218 3168 2364 3223 ϐαιοῖ
2391 3170 2447 3222 δὲ
2479 3170 2567 3222 τὸν
2606 3169 2762 3237 λόγον
2796 3171 2828 3239 ή
2859 3170 2926 3241 σὴ
2974 3170 3431 3240 μεγαλοπρέπεια,
3455 3165 3687 3236 ἀχθεσθείπ

2222 3262 2319 3331 μὲν
2350 3263 2443 3314 ἐπὶ
2467 3261 2534 3314 τά
2563 3263 2751 3333 πρώην
2790 3262 3220 3329 ἀναγγελθέντα,
3245 3262 3341 3313 οὑκ
3365 3256 3638 3328 ἀνασχομένη
3653 3254 3687 3304 δὲ

2220 3353 2465 3423 παριδεῖν
2503 3352 2563 3405 τὸ
2612 3352 2817 3405 δίκαιον
2857 3352 3301 3421 πολεμούμενον,
3334 3349 3436 3402 ἀλλ’
3464 3351 3527 3410 είς
3562 3345 3686 3413 καιρὸν

2218 3451 2317 3521 τὴν
2365 3449 2602 3518 ἀθυμίαν
2664 3448 3034 3519 ἀπορρίψασα,
3088 3449 3189 3501 καὶ
3239 3448 3328 3500 τὸν
3376 3448 3463 3515 τῆς
3509 3439 3685 3509 ἀληθείας

2222 3542 2411 3611 ἐχθρὸν
2449 3541 2670 3604 ἐνδίκως
2713 3541 3137 3611 ἐπιστομίσασα.
3176 3539 3355 3592 Ταῦτα
3391 3532 3685 3607 μεμαθηκότες,

2227 3633 2554 3703 θερμότερον
2609 3635 2737 3703 περὶ
2787 3633 2884 3703 τήν
2938 3633 3034 3702 σὴν
3068 3632 3385 3701 διετέθημεν
3413 3626 3684 3699 μεγαλόνοιαν,

2222 3722 2487 3792 δεινότητι
2538 3725 2800 3794 ῥητορικῇ
2843 3723 3168 3792 φιλοσοφίαν
3231 3721 3399 3791 ἀληθῆ
3442 3715 3686 3789 κεκραμένην

2224 3815 2494 3887 εὑρόντες,
2532 3816 2623 3867 καὶ
2649 3815 3075 3885 παρακαλοῦμεν
3110 3815 3522 3883 σπουδαιότερον,
3547 3801 3685 3861 καὶτοῦ

2227 3907 2509 3977 βελτίστου
2537 3907 2841 3961 καταλῦσαι
2870 3907 2933 3960 τδ
2956 3907 3177 3976 ψεῦδος,
3216 3909 3305 3961 καὶ
3331 3907 3422 3974 τὴν
3452 3903 3539 3956 τῶν
3560 3896 3686 3952 ἀθλίων

2226 4002 2472 4070 πενήτων
2509 3999 2772 4072 κρατῦναι
2807 3999 3161 4069 παραψυχήν.

2225 4115 2357 4167 ΜΖ’.
2385 4142 2451 4153 -
2469 4112 2716 4180 Πρόκλῳ
2743 4111 3059 4173 ἐπισκόπει)
3080 4102 3685 4164 Κωνσταντινουπόλεως·

2298 4222 2501 4290 Πέρυσι
2532 4222 2628 4290 μὲν
2659 4223 2692 4291 ή
2726 4219 2950 4290 ἀγιότης
2994 4221 3149 4289 ὑμῶν
3186 4219 3279 4273 τοῦ
3316 4212 3526 4287 χαλεποῦ
3554 4206 3685 4263 κλύδω-

560 4296 770 4405 lippuin
785 4332 1024 4387 civitatis
1045 4337 1249 4385 nostra:
1266 4327 1553 4397 primatem
1573 4296 1724 4394 gravi
1738 4320 2113 4375 ﬁuctulibera-

2228 4331 2316 4376 νος
2341 4312 2682 4382 ἠλευθέρωσε
2733 4311 2822 4365 τὸν
2870 4310 3231 4381 περίϐλεπτον
3258 4310 3499 4362 Φίλιππον
3533 4302 3599 4354 τὸν
3633 4296 3689 4361 τῆς

561 4429 643 4481 vit
665 4446 677 4480 :
698 4426 843 4481 unde
863 4421 1313 4491 tranquillitatem
1327 4417 1631 4472 sanctitatis
1650 4423 1754 4469 tuae
1770 4412 1972 4476 studio,
1997 4426 2130 4465 con-

564 4526 785 4573 secutus
807 4515 1067 4570 laudibus
1092 4512 1201 4565 tuis
1221 4524 1386 4564 aures
1404 4517 1621 4563 nostras
1642 4505 1893 4576 replevit.
1912 4502 2017 4557 Sed
2052 4509 2133 4555 to-

564 4620 679 4663 tum
700 4608 849 4661 hunc
886 4606 1132 4659 laborem
1164 4600 1610 4671 religiosissimus
1640 4599 1731 4652 ille
1765 4597 1849 4650 vir
1885 4593 2132 4647 inutilem

565 4700 794 4754 reddere
819 4704 1083 4752 conatur:
1101 4693 1193 4763 qui
1221 4692 1510 4747 duodecim
1534 4691 1737 4745 abhinc
1752 4688 1909 4742 annis
1934 4685 2132 4763 saepius

564 4792 759 4847 factam
818 4788 1059 4860 regionis
1095 4788 1492 4857 inspectionem
1555 4783 1919 4845 calumnians,
1968 4760 2133 4831 accu-

566 4883 833 4937 sationem
869 4896 1028 4935 orsus
1062 4886 1277 4933 estnec
1322 4878 1485 4946 paulo
1533 4873 1873 4943 aequioribus
1926 4867 2134 4923 manci-

571 4973 673 5045 piis
698 4972 1139 5026 convenientem.
1170 4968 1349 5034 Quare
1391 4981 1605 5021 sacrum
1639 4972 1804 5033 caput
1834 4971 1987 5014 tuum
2038 4958 2135 5011 ob-

570 5074 759 5130 testor,
829 5070 887 5115 ut
948 5063 1068 5133 ejus
1120 5057 1434 5127 falsiloquio
1474 5055 1697 5109 modum
1753 5054 2033 5121 imponas,
2080 5056 2137 5103 et

579 5156 876 5214 illustribus
907 5152 1179 5223 przefectis
1212 5148 1565 5221 persuadeas,
1615 5154 1676 5199 ut
1712 5150 1886 5197 ratam
1932 5141 2136 5195 faciant

571 5246 915 5308 sententiam,
982 5258 1142 5313 quam
1198 5244 1342 5313 juste
1389 5254 1451 5294 ac
1492 5237 1726 5307 benigne
1765 5234 2132 5303 protulerunt.

573 5333 779 5387 Revera
804 5332 952 5387 enim
986 5330 1366 5401 gravissimam
1418 5342 1585 5397 supra
1619 5339 1810 5379 omnes
1837 5321 2132 5393 provincia:

574 5419 818 5476 civitates
845 5422 1003 5491 110
1023 5420 1501 5490 7dcscriptionem
1521 5418 1712 5473 civitas
1740 5419 1954 5469 nostra‘
1978 5429 2135 5483 passa

2230 4412 2502 4484 ἡμετέρας
2529 4410 2883 4481 πρωτεύοντα
2919 4410 3147 4474 πόλεως,
3198 4411 3290 4463 καὶ
3326 4407 3536 4476 γαλήνης
3554 4399 3615 4452 διὰ
3633 4394 3689 4459 τὴν

2362 4511 2463 4581 σῆς
2490 4511 2768 4580 ὁσιότητος
2793 4510 3112 4573 ἀπολαύσας
3140 4508 3454 4580 κηδεμονίαν
3473 4545 3484 4567 ,
3512 4500 3592 4552 τῶν
3612 4497 3691 4560 ὑμεο

2230 4613 2403 4683 τέρων
2461 4612 2748 4681 εὐφημιῶν
2799 4612 2898 4674 τὰς
2942 4612 3214 4683 ἡμετέρας
3261 4608 3528 4676 ἐνέπλησεν
3570 4595 3689 4651 ﬁmi;-

2231 4713 2373 4765 Ἀλλ’
2397 4712 2612 4782 ἐκείνην
2630 4713 2845 4766 ἃπασαν
2864 4714 2961 4783 τὴν
2987 4712 3219 4781 σπουδὴν
3240 4714 3267 4765 ὁ
3285 4707 3615 4763 εὑλαϐέστατος
3627 4693 3691 4763 {53’

2236 4818 2263 4868 6
2294 4814 2440 4867 δεῖνα
2478 4814 2751 4885 ἄχρηστον
2796 4813 3072 4882 ἀποφῆναι
3109 4814 3381 4884 πειρᾶται,
3416 4811 3498 4876 τήν
3536 4800 3613 4870 πρὸ
3640 4790 3692 4844 δύο

2237 4915 2329 4966 καὶ
2359 4913 2490 4966 δέκα
2538 4912 2649 4983 (54)
2681 4912 2817 4965 ἐτῶν
2862 4913 3126 4975 πολλάκις
3162 4910 3509 4981 γεγενημένην
3543 4892 3694 4961 tituli?!

2236 5014 2332 5083 τῆς
2371 5012 2551 5083 χώρας
2577 5008 2953 5080 συκοφαντῶν,
2985 5014 3079 5065 καὶ
3110 5009 3430 5081 κατηγορίαν
3460 4995 3694 5060 ἀναδεξάμε·

2238 5130 2327 5176 νος
2353 5114 2471 5165 οὑδέ
2516 5115 2627 5175 τοῖς
2668 5113 2935 5166 ἐπιεικέσι
2972 5114 3078 5166 τῶν
3132 5111 3462 5183 ἀνδραπόδων
3492 5098 3694 5172 ἁρμόττσυ·

2245 5233 2362 5268 σαν.
2400 5213 2562 5267 Ἀλλά
2608 5231 2698 5266 σου
2734 5214 2923 5285 δέομαι
2974 5216 3072 5284 τῆς
3105 5216 3254 5284 ἱερᾶς
3298 5208 3531 5278 κεφαλῆς,
3564 5194 3695 5250 παῦσαι

2248 5314 2346 5384 μὲν
2385 5316 2484 5385 τὴν
2525 5315 2731 5367 ἐκείνου
2762 5316 3130 5385 ψευδολογίαν,
3163 5317 3343 5367 πεῖσαι
3373 5311 3424 5362 δὲ
3455 5306 3557 5365 τοὺς
3593 5299 3697 5357 περ’

2247 5412 2531 5484 λάμπρους
2557 5414 2831 5484 ὑπάρχους
2861 5413 3125 5484 κρατῦναι
3148 5414 3239 5483 τὴν
3267 5412 3452 5481 ψῆφον,
3478 5405 3531 5472 ἦν
3554 5393 3695 5450 ἐνδίκως
3760 5466 3761 5484 ἦ

785 5555 1079 5670 ginem;
1113 5556 1261 5636 addit
1288 5556 1455 5624 Neap.
1502 5566 1557 5610 et
1585 5555 1759 5610 Vatic.
1799 5552 1943 5623 apud
1983 5552 2113 5605 Baro

826 5638 924 5673 ,κα
949 5624 1043 5675 καὶ
1072 5623 1185 5677 δυο.
1216 5626 1385 5685 Neap.

2209 5566 2281 5602 tm
2314 5550 2378 5603 ad
2406 5566 2534 5604 ann.
2568 5553 2631 5606 (ἔ.
2659 5551 2783 5617 444,
2819 5560 2855 5605 t.
2891 5552 2979 5616 Yl,
3005 5567 3056 5621 p.
3093 5552 3160 5605 9.7
3190 5564 3335 5617 seqq.

646 5620 756 5685 (ωδ
793 5620 924 5673 δέκα
949 5624 1043 5675 καὶ
1072 5623 1185 5677 δύο.
1216 5626 1385 5692 Neap.
