  <div class='ocr_page' id='page_1' title='image "/cluster/home/n/w/nwhite01/storage/ocr_20150623/83/hvd.32044073502072/618.png"; bbox 0 0 3924 6192; ppageno 0'>
   <div class='ocr_carea' id='block_1_1' title="bbox 291 237 432 303">
    <p class='ocr_par' dir='ltr' id='par_1_1' title="bbox 291 237 432 303">
     <span class='ocr_line' id='line_1_1' title="bbox 291 237 432 303; baseline 0 0"><span class='ocrx_word' id='word_1_1' title='bbox 291 237 432 303; x_wconf 60' lang='grc' dir='ltr'><strong>Ῑΰδ</strong></span> 
     </span>
    </p>
   </div>
   <div class='ocr_carea' id='block_1_2' title="bbox 1691 237 2155 303">
    <p class='ocr_par' dir='ltr' id='par_1_2' title="bbox 1691 237 2155 303">
     <span class='ocr_line' id='line_1_2' title="bbox 1691 237 2155 303; baseline 0.011 -5"><span class='ocrx_word' id='word_1_2' title='bbox 1691 237 2050 299; x_wconf 76' lang='lat' dir='ltr'><strong>EPISTOLA</strong></span> <span class='ocrx_word' id='word_1_3' title='bbox 2084 241 2155 303; x_wconf 90' lang='lat' dir='ltr'><strong>L.</strong></span> 
     </span>
    </p>
   </div>
   <div class='ocr_carea' id='block_1_3' title="bbox 3407 192 3544 305">
    <p class='ocr_par' dir='ltr' id='par_1_3' title="bbox 3407 192 3544 305">
     <span class='ocr_line' id='line_1_3' title="bbox 3407 192 3544 305; baseline 0.007 -1"><span class='ocrx_word' id='word_1_4' title='bbox 3407 192 3544 305; x_wconf 56' lang='lat'><strong>1926</strong></span> 
     </span>
    </p>
   </div>
   <div class='ocr_carea' id='block_1_4' title="bbox 291 323 1847 431">
    <p class='ocr_par' dir='ltr' id='par_1_4' title="bbox 291 353 1847 431">
     <span class='ocr_line' id='line_1_4' title="bbox 291 353 1847 431; baseline -0.003 -18"><span class='ocrx_word' id='word_1_5' title='bbox 291 359 385 415; x_wconf 77' lang='grc' dir='ltr'><strong>καὶ</strong></span> <span class='ocrx_word' id='word_1_6' title='bbox 411 356 805 431; x_wconf 82' lang='grc' dir='ltr'><strong>φιλανθρώπως</strong></span> <span class='ocrx_word' id='word_1_7' title='bbox 852 357 1169 427; x_wconf 73' lang='grc' dir='ltr'><strong>ἐξήνεγκαν.</strong></span> <span class='ocrx_word' id='word_1_8' title='bbox 1207 355 1298 426; x_wconf 79' lang='grc' dir='ltr'><strong>Τῷ</strong></span> <span class='ocrx_word' id='word_1_9' title='bbox 1328 354 1440 408; x_wconf 79' lang='grc' dir='ltr'><strong>όντι</strong></span> <span class='ocrx_word' id='word_1_10' title='bbox 1476 353 1584 425; x_wconf 83' lang='grc' dir='ltr'><strong>γὰρ</strong></span> <span class='ocrx_word' id='word_1_11' title='bbox 1623 354 1847 426; x_wconf 83' lang='grc' dir='ltr'><strong>βαρυτά-</strong></span> 
     </span>
    </p>
   </div>
   <div class='ocr_carea' id='block_1_5' title="bbox 1954 323 3536 431">
    <p class='ocr_par' dir='ltr' id='par_1_5' title="bbox 1962 350 3536 426">
     <span class='ocr_line' id='line_1_5' title="bbox 1962 350 3536 426; baseline 0.003 -17"><span class='ocrx_word' id='word_1_12' title='bbox 1962 370 2021 409; x_wconf 83' lang='lat' dir='ltr'><strong>sa</strong></span> <span class='ocrx_word' id='word_1_13' title='bbox 2049 366 2166 420; x_wconf 89' lang='lat' dir='ltr'><strong>est;</strong></span> <span class='ocrx_word' id='word_1_14' title='bbox 2194 364 2250 410; x_wconf 90' lang='lat' dir='ltr'><strong>et</strong></span> <span class='ocrx_word' id='word_1_15' title='bbox 2288 371 2416 409; x_wconf 86' lang='lat' dir='ltr'><strong>cum</strong></span> <span class='ocrx_word' id='word_1_16' title='bbox 2449 356 2703 411; x_wconf 73' lang='lat' dir='ltr'><strong>relevatae</strong></span> <span class='ocrx_word' id='word_1_17' title='bbox 2732 350 2941 413; x_wconf 82' lang='lat' dir='ltr'><strong>fuerint</strong></span> <span class='ocrx_word' id='word_1_18' title='bbox 2984 355 3212 426; x_wconf 74' lang='lat' dir='ltr'><strong>singulae</strong></span> <span class='ocrx_word' id='word_1_19' title='bbox 3265 357 3536 421; x_wconf 70' lang='lat' dir='ltr'><strong>civitates.</strong></span> 
     </span>
    </p>
   </div>
   <div class='ocr_carea' id='block_1_6' title="bbox 288 443 1863 523">
    <p class='ocr_par' dir='ltr' id='par_1_6' title="bbox 288 443 1863 523">
     <span class='ocr_line' id='line_1_6' title="bbox 288 443 1863 523; baseline -0.006 -16"><span class='ocrx_word' id='word_1_20' title='bbox 288 470 392 523; x_wconf 83' lang='grc' dir='ltr'><strong>την</strong></span> <span class='ocrx_word' id='word_1_21' title='bbox 423 454 523 522; x_wconf 76' lang='grc' dir='ltr'><strong>μὲν</strong></span> <span class='ocrx_word' id='word_1_22' title='bbox 559 452 882 521; x_wconf 77' lang='grc' dir='ltr'><strong>ἀπογραφὴν</strong></span> <span class='ocrx_word' id='word_1_23' title='bbox 905 451 1045 522; x_wconf 81' lang='grc' dir='ltr'><strong>ὑπὲρ</strong></span> <span class='ocrx_word' id='word_1_24' title='bbox 1078 449 1259 512; x_wconf 88' lang='grc' dir='ltr'><strong>πάσας</strong></span> <span class='ocrx_word' id='word_1_25' title='bbox 1297 447 1397 518; x_wconf 84' lang='grc' dir='ltr'><strong>τῆς</strong></span> <span class='ocrx_word' id='word_1_26' title='bbox 1440 443 1712 516; x_wconf 75' lang='grc' dir='ltr'><strong>ἐπαρχίας</strong></span> <span class='ocrx_word' id='word_1_27' title='bbox 1762 445 1863 510; x_wconf 75' lang='grc' dir='ltr'><strong>τὰς</strong></span> 
     </span>
    </p>
   </div>
   <div class='ocr_carea' id='block_1_7' title="bbox 293 536 1913 616">
    <p class='ocr_par' dir='ltr' id='par_1_7' title="bbox 293 536 1913 616">
     <span class='ocr_line' id='line_1_7' title="bbox 293 536 1913 616; baseline -0.007 -17"><span class='ocrx_word' id='word_1_28' title='bbox 293 545 474 609; x_wconf 73' lang='grc' dir='ltr'><strong>πόλεις</strong></span> <span class='ocrx_word' id='word_1_29' title='bbox 497 547 532 615; x_wconf 80' lang='grc' dir='ltr'>ὴ</span> <span class='ocrx_word' id='word_1_30' title='bbox 562 545 806 616; x_wconf 64' lang='grc' dir='ltr'><strong>ἡμετέρα</strong></span> <span class='ocrx_word' id='word_1_31' title='bbox 847 542 1002 605; x_wconf 89' lang='grc' dir='ltr'><strong>πόλις</strong></span> <span class='ocrx_word' id='word_1_32' title='bbox 1045 539 1296 605; x_wconf 72' lang='grc' dir='ltr'><strong>ἐδέξατοο</strong></span> <span class='ocrx_word' id='word_1_33' title='bbox 1349 537 1533 609; x_wconf 80' lang='grc' dir='ltr'><strong>πάσης</strong></span> <span class='ocrx_word' id='word_1_34' title='bbox 1562 536 1618 590; x_wconf 79' lang='grc' dir='ltr'><strong>δὲ</strong></span> <span class='ocrx_word' id='word_1_35' title='bbox 1658 536 1865 601; x_wconf 88' lang='grc' dir='ltr'><strong>πόλεως</strong></span> <span class='ocrx_word' id='word_1_36' title='bbox 1906 570 1913 577; x_wconf 67' lang='grc' dir='ltr'><strong>ι</strong></span> 
     </span>
    </p>
   </div>
   <div class='ocr_carea' id='block_1_8' title="bbox 291 628 1865 705">
    <p class='ocr_par' dir='ltr' id='par_1_8' title="bbox 291 628 1865 705">
     <span class='ocr_line' id='line_1_8' title="bbox 291 628 1865 705; baseline -0.004 -18"><span class='ocrx_word' id='word_1_37' title='bbox 291 634 697 705; x_wconf 82' lang='grc' dir='ltr'><strong>κουφισθείσης,</strong></span> <span class='ocrx_word' id='word_1_38' title='bbox 750 631 1058 704; x_wconf 76' lang='grc' dir='ltr'><strong>μεμένηκεν</strong></span> <span class='ocrx_word' id='word_1_39' title='bbox 1108 630 1250 702; x_wconf 79' lang='grc' dir='ltr'><strong>αὕτη</strong></span> <span class='ocrx_word' id='word_1_40' title='bbox 1294 629 1457 700; x_wconf 86' lang='grc' dir='ltr'><strong>μέχρι</strong></span> <span class='ocrx_word' id='word_1_41' title='bbox 1491 628 1587 684; x_wconf 77' lang='grc' dir='ltr'><strong>καὶ</strong></span> <span class='ocrx_word' id='word_1_42' title='bbox 1623 629 1865 699; x_wconf 76' lang='grc' dir='ltr'><strong>τήμερον</strong></span> 
     </span>
    </p>
   </div>
   <div class='ocr_carea' id='block_1_9' title="bbox 290 717 1861 797">
    <p class='ocr_par' dir='ltr' id='par_1_9' title="bbox 290 717 1861 797">
     <span class='ocr_line' id='line_1_9' title="bbox 290 717 1861 797; baseline -0.006 -16"><span class='ocrx_word' id='word_1_43' title='bbox 290 725 430 797; x_wconf 74' lang='grc' dir='ltr'><strong>ὑπὲρ</strong></span> <span class='ocrx_word' id='word_1_44' title='bbox 462 724 523 790; x_wconf 73' lang='grc' dir='ltr'>ἓξ</span> <span class='ocrx_word' id='word_1_45' title='bbox 547 725 820 797; x_wconf 77' lang='grc' dir='ltr'><strong>μυριάδων</strong></span> <span class='ocrx_word' id='word_1_46' title='bbox 855 726 948 780; x_wconf 76' lang='grc' dir='ltr'><strong>καὶ</strong></span> <span class='ocrx_word' id='word_1_47' title='bbox 988 722 1261 794; x_wconf 79' lang='grc' dir='ltr'><strong>δισχιλίων</strong></span> <span class='ocrx_word' id='word_1_48' title='bbox 1291 720 1622 791; x_wconf 80' lang='grc' dir='ltr'><strong>εἰσφέρουσα</strong></span> <span class='ocrx_word' id='word_1_49' title='bbox 1661 717 1861 788; x_wconf 79' lang='grc' dir='ltr'><strong>ζυγῶν.</strong></span> 
     </span>
    </p>
   </div>
   <div class='ocr_carea' id='block_1_10' title="bbox 300 811 1866 887">
    <p class='ocr_par' dir='ltr' id='par_1_10' title="bbox 300 811 1866 887">
     <span class='ocr_line' id='line_1_10' title="bbox 300 811 1866 887; baseline -0.002 -17"><span class='ocrx_word' id='word_1_50' title='bbox 300 816 429 886; x_wconf 64' lang='grc' dir='ltr'><strong>Ὀψὲ</strong></span> <span class='ocrx_word' id='word_1_51' title='bbox 450 816 509 869; x_wconf 84' lang='grc' dir='ltr'><strong>δέ</strong></span> <span class='ocrx_word' id='word_1_52' title='bbox 539 833 668 870; x_wconf 83' lang='grc' dir='ltr'><strong>ποτε</strong></span> <span class='ocrx_word' id='word_1_53' title='bbox 690 816 843 887; x_wconf 85' lang='grc' dir='ltr'><strong>μόλις</strong></span> <span class='ocrx_word' id='word_1_54' title='bbox 868 815 1183 879; x_wconf 77' lang='grc' dir='ltr'><strong>πεισθέντες</strong></span> <span class='ocrx_word' id='word_1_55' title='bbox 1207 815 1257 868; x_wconf 88' lang='grc' dir='ltr'><strong>οἰ</strong></span> <span class='ocrx_word' id='word_1_56' title='bbox 1299 813 1392 867; x_wconf 81' lang='grc' dir='ltr'><strong>τὸν</strong></span> <span class='ocrx_word' id='word_1_57' title='bbox 1423 811 1628 883; x_wconf 77' lang='grc' dir='ltr'><strong>ὑψηλὸν</strong></span> <span class='ocrx_word' id='word_1_58' title='bbox 1653 812 1866 867; x_wconf 79' lang='grc' dir='ltr'><strong>ἐκεῖνον</strong></span> 
     </span>
    </p>
   </div>
   <div class='ocr_carea' id='block_1_11' title="bbox 289 904 1859 977">
    <p class='ocr_par' dir='ltr' id='par_1_11' title="bbox 289 904 1859 977">
     <span class='ocr_line' id='line_1_11' title="bbox 289 904 1859 977; baseline -0.001 -18"><span class='ocrx_word' id='word_1_59' title='bbox 289 906 477 977; x_wconf 83' lang='grc' dir='ltr'><strong>θρόνον</strong></span> <span class='ocrx_word' id='word_1_60' title='bbox 519 907 792 977; x_wconf 73' lang='grc' dir='ltr'><strong>λαχόντες,</strong></span> <span class='ocrx_word' id='word_1_61' title='bbox 839 908 1083 970; x_wconf 66' lang='grc' dir='ltr'><strong>ἐπόπτας</strong></span> <span class='ocrx_word' id='word_1_62' title='bbox 1124 906 1227 976; x_wconf 82' lang='grc' dir='ltr'><strong>τῆς</strong></span> <span class='ocrx_word' id='word_1_63' title='bbox 1276 904 1461 977; x_wconf 84' lang='grc' dir='ltr'><strong>χώρας</strong></span> <span class='ocrx_word' id='word_1_64' title='bbox 1506 904 1859 959; x_wconf 58' lang='grc' dir='ltr'><strong>ἀπέστειλαν</strong></span> 
     </span>
    </p>
   </div>
   <div class='ocr_carea' id='block_1_12' title="bbox 285 992 1864 1070">
    <p class='ocr_par' dir='ltr' id='par_1_12' title="bbox 285 992 1864 1070">
     <span class='ocr_line' id='line_1_12' title="bbox 285 992 1864 1070; baseline -0.003 -20"><span class='ocrx_word' id='word_1_65' title='bbox 285 999 379 1051; x_wconf 74' lang='grc' dir='ltr'><strong>καὶ</strong></span> <span class='ocrx_word' id='word_1_66' title='bbox 407 997 505 1069; x_wconf 79' lang='grc' dir='ltr'><strong>τὴν</strong></span> <span class='ocrx_word' id='word_1_67' title='bbox 538 1001 668 1070; x_wconf 81' lang='grc' dir='ltr'><strong>παρ’</strong></span> <span class='ocrx_word' id='word_1_68' title='bbox 704 999 926 1053; x_wconf 77' lang='grc' dir='ltr'><strong>ἐκείνων</strong></span> <span class='ocrx_word' id='word_1_69' title='bbox 956 996 1368 1069; x_wconf 80' lang='grc' dir='ltr'><strong>ἐκπεμφθεῖσαν</strong></span> <span class='ocrx_word' id='word_1_70' title='bbox 1405 994 1608 1065; x_wconf 84' lang='grc' dir='ltr'><strong>γνῶσιν</strong></span> <span class='ocrx_word' id='word_1_71' title='bbox 1645 992 1864 1059; x_wconf 77' lang='grc' dir='ltr'><strong>ἐδέξατο</strong></span> 
     </span>
    </p>
   </div>
   <div class='ocr_carea' id='block_1_13' title="bbox 290 1082 1866 1160">
    <p class='ocr_par' dir='ltr' id='par_1_13' title="bbox 290 1082 1866 1160">
     <span class='ocr_line' id='line_1_13' title="bbox 290 1082 1866 1160; baseline -0.004 -18"><span class='ocrx_word' id='word_1_72' title='bbox 290 1089 387 1159; x_wconf 79' lang='grc' dir='ltr'><strong>μὲν</strong></span> <span class='ocrx_word' id='word_1_73' title='bbox 425 1089 638 1160; x_wconf 85' lang='grc' dir='ltr'><strong>πρῶτος</strong></span> <span class='ocrx_word' id='word_1_74' title='bbox 675 1092 705 1142; x_wconf 85' lang='grc' dir='ltr'><strong>δ</strong></span> <span class='ocrx_word' id='word_1_75' title='bbox 738 1090 840 1159; x_wconf 78' lang='grc' dir='ltr'><strong>τῆς</strong></span> <span class='ocrx_word' id='word_1_76' title='bbox 878 1087 1332 1160; x_wconf 74' lang='grc' dir='ltr'><strong>μεγαλοπρεποῦς</strong></span> <span class='ocrx_word' id='word_1_77' title='bbox 1385 1087 1607 1157; x_wconf 78' lang='grc' dir='ltr'><strong>μνήμης</strong></span> <span class='ocrx_word' id='word_1_78' title='bbox 1670 1082 1866 1136; x_wconf 80' lang='grc' dir='ltr'><strong>Ἰσίδω-</strong></span> 
     </span>
    </p>
   </div>
   <div class='ocr_carea' id='block_1_14' title="bbox 288 1166 1860 1250">
    <p class='ocr_par' dir='ltr' id='par_1_14' title="bbox 288 1166 1860 1250">
     <span class='ocr_line' id='line_1_14' title="bbox 288 1166 1860 1250; baseline 0.004 -19"><span class='ocrx_word' id='word_1_79' title='bbox 288 1195 406 1250; x_wconf 91' lang='grc' dir='ltr'><strong>ρος,</strong></span> <span class='ocrx_word' id='word_1_80' title='bbox 433 1178 731 1232; x_wconf 81' lang='grc' dir='ltr'><strong>ἐϐεϐαίωσε</strong></span> <span class='ocrx_word' id='word_1_81' title='bbox 753 1179 810 1232; x_wconf 77' lang='grc' dir='ltr'><strong>δὲ</strong></span> <span class='ocrx_word' id='word_1_82' title='bbox 834 1181 863 1232; x_wconf 89' lang='grc' dir='ltr'><strong>ό</strong></span> <span class='ocrx_word' id='word_1_83' title='bbox 885 1178 1229 1243; x_wconf 69' lang='grc' dir='ltr'><strong>ἐνδοξότατος</strong></span> <span class='ocrx_word' id='word_1_84' title='bbox 1260 1178 1357 1231; x_wconf 79' lang='grc' dir='ltr'><strong>καὶ</strong></span> <span class='ocrx_word' id='word_1_85' title='bbox 1391 1175 1735 1246; x_wconf 74' lang='grc' dir='ltr'><strong>φιλόχριστος</strong></span> <span class='ocrx_word' id='word_1_86' title='bbox 1762 1166 1860 1237; x_wconf 54' lang='grc' dir='ltr'><strong>δεξί’</strong></span> 
     </span>
    </p>
   </div>
   <div class='ocr_carea' id='block_1_15' title="bbox 289 1258 1863 1347">
    <p class='ocr_par' dir='ltr' id='par_1_15' title="bbox 289 1258 1863 1347">
     <span class='ocr_line' id='line_1_15' title="bbox 289 1258 1863 1347; baseline -0.003 -27"><span class='ocrx_word' id='word_1_87' title='bbox 289 1286 401 1339; x_wconf 83' lang='grc' dir='ltr'><strong>ριος</strong></span> <span class='ocrx_word' id='word_1_88' title='bbox 430 1268 780 1340; x_wconf 74' lang='grc' dir='ltr'><strong>Φλωρέντιος.</strong></span> <span class='ocrx_word' id='word_1_89' title='bbox 828 1258 1244 1340; x_wconf 79' lang='grc' dir='ltr'><strong>’Δκριϐἐστερον</strong></span> <span class='ocrx_word' id='word_1_90' title='bbox 1265 1269 1322 1322; x_wconf 81' lang='grc' dir='ltr'><strong>δὲ</strong></span> <span class='ocrx_word' id='word_1_91' title='bbox 1367 1268 1551 1347; x_wconf 82' lang='grc' dir='ltr'><strong>πᾶσαν</strong></span> <span class='ocrx_word' id='word_1_92' title='bbox 1587 1264 1685 1336; x_wconf 83' lang='grc' dir='ltr'><strong>τὴν</strong></span> <span class='ocrx_word' id='word_1_93' title='bbox 1730 1262 1863 1318; x_wconf 79' lang='grc' dir='ltr'><strong>ὑπό-</strong></span> 
     </span>
    </p>
   </div>
   <div class='ocr_carea' id='block_1_16' title="bbox 286 1356 1863 1432">
    <p class='ocr_par' dir='ltr' id='par_1_16' title="bbox 286 1356 1863 1432">
     <span class='ocr_line' id='line_1_16' title="bbox 286 1356 1863 1432; baseline -0.003 -18"><span class='ocrx_word' id='word_1_94' title='bbox 286 1362 432 1414; x_wconf 84' lang='grc' dir='ltr'><strong>θεσιν</strong></span> <span class='ocrx_word' id='word_1_95' title='bbox 461 1360 721 1426; x_wconf 74' lang='grc' dir='ltr'><strong>ἐξετάσας</strong></span> <span class='ocrx_word' id='word_1_96' title='bbox 759 1363 787 1417; x_wconf 86' lang='grc'>6</span> <span class='ocrx_word' id='word_1_97' title='bbox 806 1362 901 1417; x_wconf 80' lang='grc' dir='ltr'><strong>νῦν</strong></span> <span class='ocrx_word' id='word_1_98' title='bbox 940 1363 1143 1427; x_wconf 82' lang='grc' dir='ltr'><strong>ταύτας</strong></span> <span class='ocrx_word' id='word_1_99' title='bbox 1167 1362 1415 1432; x_wconf 68' lang='grc' dir='ltr'><strong>κατέχων</strong></span> <span class='ocrx_word' id='word_1_100' title='bbox 1439 1359 1539 1424; x_wconf 80' lang='grc' dir='ltr'><strong>τὰς</strong></span> <span class='ocrx_word' id='word_1_101' title='bbox 1564 1358 1745 1430; x_wconf 84' lang='grc' dir='ltr'><strong>ἡνίας,</strong></span> <span class='ocrx_word' id='word_1_102' title='bbox 1768 1356 1863 1411; x_wconf 56' lang='grc' dir='ltr'><strong>καὶ⁸</strong></span> 
     </span>
    </p>
   </div>
   <div class='ocr_carea' id='block_1_17' title="bbox 283 1447 1860 1526">
    <p class='ocr_par' dir='ltr' id='par_1_17' title="bbox 283 1447 1860 1526">
     <span class='ocr_line' id='line_1_17' title="bbox 283 1447 1860 1526; baseline -0.002 -23"><span class='ocrx_word' id='word_1_103' title='bbox 283 1450 596 1525; x_wconf 79' lang='grc' dir='ltr'><strong>δικαιοσύνῃ</strong></span> <span class='ocrx_word' id='word_1_104' title='bbox 628 1453 721 1508; x_wconf 80' lang='grc' dir='ltr'><strong>τὸν</strong></span> <span class='ocrx_word' id='word_1_105' title='bbox 771 1455 956 1526; x_wconf 83' lang='grc' dir='ltr'><strong>θρόνον</strong></span> <span class='ocrx_word' id='word_1_106' title='bbox 1007 1456 1253 1525; x_wconf 82' lang='grc' dir='ltr'><strong>κοσμῶν.</strong></span> <span class='ocrx_word' id='word_1_107' title='bbox 1308 1450 1613 1526; x_wconf 80' lang='grc' dir='ltr'><strong>βασιλικαῖς</strong></span> <span class='ocrx_word' id='word_1_108' title='bbox 1655 1447 1860 1518; x_wconf 86' lang='grc' dir='ltr'><strong>ταύτην</strong></span> 
     </span>
    </p>
   </div>
   <div class='ocr_carea' id='block_1_18' title="bbox 282 1537 1895 1617">
    <p class='ocr_par' dir='ltr' id='par_1_18' title="bbox 282 1537 1895 1617">
     <span class='ocr_line' id='line_1_18' title="bbox 282 1537 1895 1617; baseline 0.005 -24"><span class='ocrx_word' id='word_1_109' title='bbox 282 1540 526 1613; x_wconf 83' lang='grc' dir='ltr'><strong>ἐκύρωσε</strong></span> <span class='ocrx_word' id='word_1_110' title='bbox 560 1544 781 1614; x_wconf 74' lang='grc' dir='ltr'><strong>ψήφοις.</strong></span> <span class='ocrx_word' id='word_1_111' title='bbox 813 1547 872 1598; x_wconf 84' lang='grc' dir='ltr'><strong>Ὀ</strong></span> <span class='ocrx_word' id='word_1_112' title='bbox 887 1546 944 1599; x_wconf 84' lang='grc' dir='ltr'><strong>δὲ</strong></span> <span class='ocrx_word' id='word_1_113' title='bbox 968 1545 1270 1617; x_wconf 79' lang='grc' dir='ltr'><strong>φιλαλήθης</strong></span> <span class='ocrx_word' id='word_1_114' title='bbox 1289 1545 1451 1616; x_wconf 83' lang='grc' dir='ltr'><strong>ἀνὴρ,</strong></span> <span class='ocrx_word' id='word_1_115' title='bbox 1485 1543 1575 1601; x_wconf 79' lang='grc' dir='ltr'><strong>διὰ</strong></span> <span class='ocrx_word' id='word_1_116' title='bbox 1598 1539 1695 1613; x_wconf 78' lang='grc' dir='ltr'><strong>τὴν</strong></span> <span class='ocrx_word' id='word_1_117' title='bbox 1723 1537 1861 1610; x_wconf 66' lang='grc' dir='ltr'><strong>πρὸς</strong></span> <span class='ocrx_word' id='word_1_118' title='bbox 1894 1572 1895 1575; x_wconf 49' lang='grc' dir='ltr'><strong>η</strong></span> 
     </span>
    </p>
   </div>
   <div class='ocr_carea' id='block_1_19' title="bbox 279 1627 1860 1707">
    <p class='ocr_par' dir='ltr' id='par_1_19' title="bbox 279 1627 1860 1707">
     <span class='ocr_line' id='line_1_19' title="bbox 279 1627 1860 1707; baseline -0.003 -23"><span class='ocrx_word' id='word_1_119' title='bbox 279 1630 378 1685; x_wconf 68' lang='grc' dir='ltr'><strong>ἕνα</strong></span> <span class='ocrx_word' id='word_1_120' title='bbox 403 1633 745 1704; x_wconf 83' lang='grc' dir='ltr'><strong>δυσμένειαν,</strong></span> <span class='ocrx_word' id='word_1_121' title='bbox 769 1635 862 1689; x_wconf 87' lang='grc' dir='ltr'><strong>τδν</strong></span> <span class='ocrx_word' id='word_1_122' title='bbox 889 1636 1254 1705; x_wconf 88' lang='grc' dir='ltr'><strong>περίϐλεπτον</strong></span> <span class='ocrx_word' id='word_1_123' title='bbox 1286 1636 1434 1703; x_wconf 85' lang='grc' dir='ltr'><strong>λέγω</strong></span> <span class='ocrx_word' id='word_1_124' title='bbox 1465 1628 1750 1707; x_wconf 76' lang='grc' dir='ltr'><strong>Φίλιππον,</strong></span> <span class='ocrx_word' id='word_1_125' title='bbox 1769 1627 1860 1681; x_wconf 84' lang='grc' dir='ltr'><strong>τὸν</strong></span> 
     </span>
    </p>
   </div>
   <div class='ocr_carea' id='block_1_20' title="bbox 1968 445 3545 524">
    <p class='ocr_par' dir='ltr' id='par_1_20' title="bbox 1968 445 3545 524">
     <span class='ocr_line' id='line_1_20' title="bbox 1968 445 3545 524; baseline 0.004 -26"><span class='ocrx_word' id='word_1_126' title='bbox 1968 446 2232 524; x_wconf 63' lang='lat' dir='ltr'><strong>remansit</strong></span> <span class='ocrx_word' id='word_1_127' title='bbox 2255 445 2373 516; x_wconf 88' lang='lat' dir='ltr'><strong>ipsa</strong></span> <span class='ocrx_word' id='word_1_128' title='bbox 2392 462 2564 515; x_wconf 91' lang='lat' dir='ltr'><strong>usque</strong></span> <span class='ocrx_word' id='word_1_129' title='bbox 2601 448 2657 501; x_wconf 91' lang='lat' dir='ltr'><strong>in</strong></span> <span class='ocrx_word' id='word_1_130' title='bbox 2709 447 2857 502; x_wconf 91' lang='lat' dir='ltr'><strong>hunc</strong></span> <span class='ocrx_word' id='word_1_131' title='bbox 2882 446 3027 502; x_wconf 88' lang='lat' dir='ltr'><strong>diem</strong></span> <span class='ocrx_word' id='word_1_132' title='bbox 3070 448 3197 518; x_wconf 83' lang='lat' dir='ltr'><strong>juga</strong></span> <span class='ocrx_word' id='word_1_133' title='bbox 3248 449 3545 506; x_wconf 86' lang='lat' dir='ltr'><strong>conferens</strong></span> 
     </span>
    </p>
   </div>
   <div class='ocr_carea' id='block_1_21' title="bbox 1968 520 3543 610">
    <p class='ocr_par' dir='ltr' id='par_1_21' title="bbox 1968 520 3543 610">
     <span class='ocr_line' id='line_1_21' title="bbox 1968 520 3543 610; baseline 0.004 -22"><span class='ocrx_word' id='word_1_134' title='bbox 1968 520 2133 605; x_wconf 74' lang='lat' dir='ltr'><strong>supra</strong></span> <span class='ocrx_word' id='word_1_135' title='bbox 2162 536 2440 606; x_wconf 79' lang='lat' dir='ltr'><strong>sexaginta</strong></span> <span class='ocrx_word' id='word_1_136' title='bbox 2458 537 2568 592; x_wconf 89' lang='lat' dir='ltr'><strong>duo</strong></span> <span class='ocrx_word' id='word_1_137' title='bbox 2594 537 2784 592; x_wconf 81' lang='lat' dir='ltr'><strong>millia.</strong></span> <span class='ocrx_word' id='word_1_138' title='bbox 2821 538 2923 594; x_wconf 73' lang='lat' dir='ltr'><strong>Vix</strong></span> <span class='ocrx_word' id='word_1_139' title='bbox 2952 538 3169 593; x_wconf 83' lang='lat' dir='ltr'><strong>tandem</strong></span> <span class='ocrx_word' id='word_1_140' title='bbox 3201 547 3382 593; x_wconf 90' lang='lat' dir='ltr'><strong>autem</strong></span> <span class='ocrx_word' id='word_1_141' title='bbox 3413 556 3543 610; x_wconf 87' lang='lat' dir='ltr'><strong>per—</strong></span> 
     </span>
    </p>
   </div>
   <div class='ocr_carea' id='block_1_22' title="bbox 1966 624 3544 703">
    <p class='ocr_par' dir='ltr' id='par_1_22' title="bbox 1966 624 3544 703">
     <span class='ocr_line' id='line_1_22' title="bbox 1966 624 3544 703; baseline 0.006 -25"><span class='ocrx_word' id='word_1_142' title='bbox 1966 625 2113 699; x_wconf 87' lang='lat' dir='ltr'><strong>suasi</strong></span> <span class='ocrx_word' id='word_1_143' title='bbox 2140 626 2235 695; x_wconf 89' lang='lat' dir='ltr'><strong>qui</strong></span> <span class='ocrx_word' id='word_1_144' title='bbox 2269 628 2543 683; x_wconf 79' lang='lat' dir='ltr'><strong>excelsam</strong></span> <span class='ocrx_word' id='word_1_145' title='bbox 2572 628 2760 695; x_wconf 82' lang='lat' dir='ltr'><strong>sedem</strong></span> <span class='ocrx_word' id='word_1_146' title='bbox 2799 624 2946 684; x_wconf 85' lang='lat' dir='ltr'><strong>illam</strong></span> <span class='ocrx_word' id='word_1_147' title='bbox 2978 630 3262 703; x_wconf 83' lang='lat' dir='ltr'><strong>regebant,</strong></span> <span class='ocrx_word' id='word_1_148' title='bbox 3302 631 3544 702; x_wconf 82' lang='lat' dir='ltr'><strong>regionis</strong></span> 
     </span>
    </p>
   </div>
   <div class='ocr_carea' id='block_1_23' title="bbox 1968 715 3545 793">
    <p class='ocr_par' dir='ltr' id='par_1_23' title="bbox 1968 715 3545 793">
     <span class='ocr_line' id='line_1_23' title="bbox 1968 715 3545 793; baseline 0.006 -24"><span class='ocrx_word' id='word_1_149' title='bbox 1968 715 2318 788; x_wconf 75' lang='lat' dir='ltr'><strong>inspectores</strong></span> <span class='ocrx_word' id='word_1_150' title='bbox 2340 719 2703 791; x_wconf 84' lang='lat' dir='ltr'><strong>delegarunt:</strong></span> <span class='ocrx_word' id='word_1_151' title='bbox 2759 724 3089 793; x_wconf 85' lang='lat' dir='ltr'><strong>missamque</strong></span> <span class='ocrx_word' id='word_1_152' title='bbox 3134 722 3203 777; x_wconf 89' lang='lat' dir='ltr'><strong>ab</strong></span> <span class='ocrx_word' id='word_1_153' title='bbox 3259 723 3347 778; x_wconf 91' lang='lat' dir='ltr'><strong>his</strong></span> <span class='ocrx_word' id='word_1_154' title='bbox 3401 725 3545 779; x_wconf 89' lang='lat' dir='ltr'><strong>noti-</strong></span> 
     </span>
    </p>
   </div>
   <div class='ocr_carea' id='block_1_24' title="bbox 1970 807 3541 883">
    <p class='ocr_par' dir='ltr' id='par_1_24' title="bbox 1970 807 3541 883">
     <span class='ocr_line' id='line_1_24' title="bbox 1970 807 3541 883; baseline 0.005 -21"><span class='ocrx_word' id='word_1_155' title='bbox 1970 807 2103 862; x_wconf 90' lang='lat' dir='ltr'><strong>tiam</strong></span> <span class='ocrx_word' id='word_1_156' title='bbox 2128 808 2343 878; x_wconf 89' lang='lat' dir='ltr'><strong>primus</strong></span> <span class='ocrx_word' id='word_1_157' title='bbox 2361 810 2615 879; x_wconf 78' lang='lat' dir='ltr'><strong>probavit</strong></span> <span class='ocrx_word' id='word_1_158' title='bbox 2646 812 2949 883; x_wconf 75' lang='lat' dir='ltr'><strong>magniﬁca:</strong></span> <span class='ocrx_word' id='word_1_159' title='bbox 2970 815 3249 870; x_wconf 64' lang='lat' dir='ltr'><strong>memoriae</strong></span> <span class='ocrx_word' id='word_1_160' title='bbox 3273 815 3541 882; x_wconf 87' lang='lat' dir='ltr'><strong>Isidorus,</strong></span> 
     </span>
    </p>
   </div>
   <div class='ocr_carea' id='block_1_25' title="bbox 1966 893 3561 973">
    <p class='ocr_par' dir='ltr' id='par_1_25' title="bbox 1966 893 3561 973">
     <span class='ocr_line' id='line_1_25' title="bbox 1966 893 3561 973; baseline 0.006 -22"><span class='ocrx_word' id='word_1_161' title='bbox 1966 897 2315 953; x_wconf 87' lang='lat' dir='ltr'><strong>conﬁrmavit</strong></span> <span class='ocrx_word' id='word_1_162' title='bbox 2340 911 2524 957; x_wconf 89' lang='lat' dir='ltr'><strong>autem</strong></span> <span class='ocrx_word' id='word_1_163' title='bbox 2550 901 2981 973; x_wconf 88' lang='lat' dir='ltr'><strong>gloriosissimus</strong></span> <span class='ocrx_word' id='word_1_164' title='bbox 3030 913 3085 959; x_wconf 90' lang='lat' dir='ltr'><strong>et</strong></span> <span class='ocrx_word' id='word_1_165' title='bbox 3108 903 3313 960; x_wconf 86' lang='lat' dir='ltr'><strong>Christi</strong></span> <span class='ocrx_word' id='word_1_166' title='bbox 3351 893 3561 961; x_wconf 10' lang='lat' dir='ltr'><strong>amans.</strong></span> 
     </span>
    </p>
   </div>
   <div class='ocr_carea' id='block_1_26' title="bbox 1967 986 3542 1064">
    <p class='ocr_par' dir='ltr' id='par_1_26' title="bbox 1967 986 3542 1064">
     <span class='ocr_line' id='line_1_26' title="bbox 1967 986 3542 1064; baseline 0.006 -23"><span class='ocrx_word' id='word_1_167' title='bbox 1967 986 2227 1042; x_wconf 89' lang='lat' dir='ltr'><strong>dominus</strong></span> <span class='ocrx_word' id='word_1_168' title='bbox 2278 988 2627 1047; x_wconf 84' lang='lat' dir='ltr'><strong>Florentius:</strong></span> <span class='ocrx_word' id='word_1_169' title='bbox 2665 993 2976 1048; x_wconf 85' lang='lat' dir='ltr'><strong>accuratius</strong></span> <span class='ocrx_word' id='word_1_170' title='bbox 3028 1009 3246 1064; x_wconf 90' lang='lat' dir='ltr'><strong>quoque</strong></span> <span class='ocrx_word' id='word_1_171' title='bbox 3282 1010 3400 1049; x_wconf 87' lang='lat' dir='ltr'><strong>rem</strong></span> <span class='ocrx_word' id='word_1_172' title='bbox 3454 1002 3542 1050; x_wconf 91' lang='lat' dir='ltr'><strong>to-</strong></span> 
     </span>
    </p>
   </div>
   <div class='ocr_carea' id='block_1_27' title="bbox 1965 1069 3537 1155">
    <p class='ocr_par' dir='ltr' id='par_1_27' title="bbox 1965 1069 3537 1155">
     <span class='ocr_line' id='line_1_27' title="bbox 1965 1069 3537 1155; baseline 0.007 -23"><span class='ocrx_word' id='word_1_173' title='bbox 1965 1087 2086 1150; x_wconf 17' lang='lat' dir='ltr'><strong>tam,</strong></span> <span class='ocrx_word' id='word_1_174' title='bbox 2109 1069 2429 1136; x_wconf 78' lang='lat' dir='ltr'><strong>examinans</strong></span> <span class='ocrx_word' id='word_1_175' title='bbox 2459 1083 2555 1152; x_wconf 86' lang='lat' dir='ltr'><strong>qui</strong></span> <span class='ocrx_word' id='word_1_176' title='bbox 2612 1088 2761 1140; x_wconf 81' lang='lat' dir='ltr'><strong>nunc</strong></span> <span class='ocrx_word' id='word_1_177' title='bbox 2804 1085 3025 1140; x_wconf 89' lang='lat' dir='ltr'><strong>easdem</strong></span> <span class='ocrx_word' id='word_1_178' title='bbox 3073 1086 3319 1142; x_wconf 80' lang='lat' dir='ltr'><strong>habenas</strong></span> <span class='ocrx_word' id='word_1_179' title='bbox 3365 1096 3537 1155; x_wconf 90' lang='lat' dir='ltr'><strong>tenet,</strong></span> 
     </span>
    </p>
   </div>
   <div class='ocr_carea' id='block_1_28' title="bbox 1940 1168 3543 1247">
    <p class='ocr_par' dir='ltr' id='par_1_28' title="bbox 1940 1168 3543 1247">
     <span class='ocr_line' id='line_1_28' title="bbox 1940 1168 3543 1247; baseline 0.007 -24"><span class='ocrx_word' id='word_1_180' title='bbox 1940 1168 2261 1240; x_wconf 70' lang='lat' dir='ltr'><strong>sedemque</strong></span> <span class='ocrx_word' id='word_1_181' title='bbox 2324 1181 2483 1227; x_wconf 85' lang='lat' dir='ltr'><strong>ornat</strong></span> <span class='ocrx_word' id='word_1_182' title='bbox 2512 1175 2748 1245; x_wconf 86' lang='lat' dir='ltr'><strong>justitia,</strong></span> <span class='ocrx_word' id='word_1_183' title='bbox 2777 1176 2928 1247; x_wconf 84' lang='lat' dir='ltr'><strong>regio</strong></span> <span class='ocrx_word' id='word_1_184' title='bbox 2961 1177 3111 1232; x_wconf 88' lang='lat' dir='ltr'><strong>illam</strong></span> <span class='ocrx_word' id='word_1_185' title='bbox 3159 1177 3380 1233; x_wconf 89' lang='lat' dir='ltr'><strong>decreto</strong></span> <span class='ocrx_word' id='word_1_186' title='bbox 3412 1195 3543 1233; x_wconf 88' lang='lat' dir='ltr'><strong>con-</strong></span> 
     </span>
    </p>
   </div>
   <div class='ocr_carea' id='block_1_29' title="bbox 1930 1262 3543 1347">
    <p class='ocr_par' dir='ltr' id='par_1_29' title="bbox 1930 1262 3543 1347">
     <span class='ocr_line' id='line_1_29' title="bbox 1930 1262 3543 1347; baseline 0.006 -31"><span class='ocrx_word' id='word_1_187' title='bbox 1930 1317 1939 1347; x_wconf 34' lang='lat'><strong>1</strong></span> <span class='ocrx_word' id='word_1_188' title='bbox 1980 1262 2270 1344; x_wconf 81' lang='lat' dir='ltr'><strong>stabilivit.</strong></span> <span class='ocrx_word' id='word_1_189' title='bbox 2316 1264 2387 1319; x_wconf 85' lang='lat' dir='ltr'><strong>At</strong></span> <span class='ocrx_word' id='word_1_190' title='bbox 2436 1267 2681 1334; x_wconf 85' lang='lat' dir='ltr'><strong>viriste,</strong></span> <span class='ocrx_word' id='word_1_191' title='bbox 2717 1270 2967 1325; x_wconf 85' lang='lat' dir='ltr'><strong>veritatis</strong></span> <span class='ocrx_word' id='word_1_192' title='bbox 3012 1277 3258 1336; x_wconf 88' lang='lat' dir='ltr'><strong>amator,</strong></span> <span class='ocrx_word' id='word_1_193' title='bbox 3314 1281 3543 1341; x_wconf 82' lang='lat' dir='ltr'><strong>propter</strong></span> 
     </span>
    </p>
   </div>
   <div class='ocr_carea' id='block_1_30' title="bbox 1964 1353 3544 1432">
    <p class='ocr_par' dir='ltr' id='par_1_30' title="bbox 1964 1353 3544 1432">
     <span class='ocr_line' id='line_1_30' title="bbox 1964 1353 3544 1432; baseline 0.007 -25"><span class='ocrx_word' id='word_1_194' title='bbox 1964 1353 2152 1409; x_wconf 92' lang='lat' dir='ltr'><strong>odium</strong></span> <span class='ocrx_word' id='word_1_195' title='bbox 2197 1372 2307 1425; x_wconf 91' lang='lat' dir='ltr'><strong>quo</strong></span> <span class='ocrx_word' id='word_1_196' title='bbox 2343 1374 2514 1412; x_wconf 92' lang='lat' dir='ltr'><strong>unum</strong></span> <span class='ocrx_word' id='word_1_197' title='bbox 2553 1361 2929 1430; x_wconf 87' lang='lat' dir='ltr'><strong>prosequitur,</strong></span> <span class='ocrx_word' id='word_1_198' title='bbox 2986 1363 3342 1432; x_wconf 86' lang='lat' dir='ltr'><strong>spectabilem</strong></span> <span class='ocrx_word' id='word_1_199' title='bbox 3389 1364 3544 1418; x_wconf 83' lang='lat' dir='ltr'><strong>vide-</strong></span> 
     </span>
    </p>
   </div>
   <div class='ocr_carea' id='block_1_31' title="bbox 1964 1444 3542 1523">
    <p class='ocr_par' dir='ltr' id='par_1_31' title="bbox 1964 1444 3542 1523">
     <span class='ocr_line' id='line_1_31' title="bbox 1964 1444 3542 1523; baseline 0.007 -24"><span class='ocrx_word' id='word_1_200' title='bbox 1964 1444 2092 1500; x_wconf 88' lang='lat' dir='ltr'><strong>licet</strong></span> <span class='ocrx_word' id='word_1_201' title='bbox 2113 1446 2450 1517; x_wconf 85' lang='lat' dir='ltr'><strong>Philippum,</strong></span> <span class='ocrx_word' id='word_1_202' title='bbox 2475 1449 2740 1506; x_wconf 85' lang='lat' dir='ltr'><strong>adversus</strong></span> <span class='ocrx_word' id='word_1_203' title='bbox 2778 1468 3051 1523; x_wconf 85' lang='lat' dir='ltr'><strong>pauperes</strong></span> <span class='ocrx_word' id='word_1_204' title='bbox 3096 1453 3301 1508; x_wconf 79' lang='lat' dir='ltr'><strong>bellum</strong></span> <span class='ocrx_word' id='word_1_205' title='bbox 3354 1469 3542 1510; x_wconf 88' lang='lat' dir='ltr'><strong>susce-</strong></span> 
     </span>
    </p>
   </div>
   <div class='ocr_carea' id='block_1_32' title="bbox 1963 1534 3540 1615">
    <p class='ocr_par' dir='ltr' id='par_1_32' title="bbox 1963 1534 3540 1615">
     <span class='ocr_line' id='line_1_32' title="bbox 1963 1534 3540 1615; baseline 0.007 -27"><span class='ocrx_word' id='word_1_206' title='bbox 1963 1534 2064 1604; x_wconf 89' lang='lat' dir='ltr'><strong>pit.</strong></span> <span class='ocrx_word' id='word_1_207' title='bbox 2097 1534 2281 1602; x_wconf 84' lang='lat' dir='ltr'><strong>Quare</strong></span> <span class='ocrx_word' id='word_1_208' title='bbox 2309 1537 2657 1594; x_wconf 82' lang='lat' dir='ltr'><strong>sanctitatcm</strong></span> <span class='ocrx_word' id='word_1_209' title='bbox 2723 1551 2874 1596; x_wconf 89' lang='lat' dir='ltr'><strong>tuam</strong></span> <span class='ocrx_word' id='word_1_210' title='bbox 2899 1556 2999 1598; x_wconf 87' lang='lat' dir='ltr'><strong>oro</strong></span> <span class='ocrx_word' id='word_1_211' title='bbox 3029 1550 3091 1596; x_wconf 90' lang='lat' dir='ltr'><strong>ut</strong></span> <span class='ocrx_word' id='word_1_212' title='bbox 3109 1541 3313 1612; x_wconf 81' lang='lat' dir='ltr'><strong>iniqua:</strong></span> <span class='ocrx_word' id='word_1_213' title='bbox 3337 1542 3540 1615; x_wconf 74' lang='lat' dir='ltr'><strong>linguae</strong></span> 
     </span>
    </p>
   </div>
   <div class='ocr_carea' id='block_1_33' title="bbox 1963 1631 3535 1704">
    <p class='ocr_par' dir='ltr' id='par_1_33' title="bbox 1963 1631 3535 1704">
     <span class='ocr_line' id='line_1_33' title="bbox 1963 1631 3535 1704; baseline 0.008 -24"><span class='ocrx_word' id='word_1_214' title='bbox 1963 1631 2113 1681; x_wconf 84' lang='lat' dir='ltr'><strong>tuam</strong></span> <span class='ocrx_word' id='word_1_215' title='bbox 2128 1642 2395 1698; x_wconf 88' lang='lat' dir='ltr'><strong>oppouas,</strong></span> <span class='ocrx_word' id='word_1_216' title='bbox 2421 1639 2480 1685; x_wconf 85' lang='lat' dir='ltr'><strong>et</strong></span> <span class='ocrx_word' id='word_1_217' title='bbox 2519 1631 2893 1704; x_wconf 87' lang='lat' dir='ltr'><strong>impugnatam</strong></span> <span class='ocrx_word' id='word_1_218' title='bbox 2924 1635 3216 1690; x_wconf 84' lang='lat' dir='ltr'><strong>veritatem</strong></span> <span class='ocrx_word' id='word_1_219' title='bbox 3248 1635 3535 1702; x_wconf 81' lang='lat' dir='ltr'><strong>defendas,</strong></span> 
     </span>
    </p>
   </div>
   <div class='ocr_carea' id='block_1_34' title="bbox 279 1712 1847 1795">
    <p class='ocr_par' dir='ltr' id='par_1_34' title="bbox 279 1715 1847 1795">
     <span class='ocr_line' id='line_1_34' title="bbox 279 1715 1847 1795; baseline 0.001 -23"><span class='ocrx_word' id='word_1_220' title='bbox 279 1720 423 1774; x_wconf 80' lang='grc' dir='ltr'><strong>κατὰ</strong></span> <span class='ocrx_word' id='word_1_221' title='bbox 453 1722 563 1775; x_wconf 83' lang='grc' dir='ltr'><strong>τῶν</strong></span> <span class='ocrx_word' id='word_1_222' title='bbox 590 1725 843 1795; x_wconf 83' lang='grc' dir='ltr'><strong>πενήτων</strong></span> <span class='ocrx_word' id='word_1_223' title='bbox 872 1724 1160 1789; x_wconf 76' lang='grc' dir='ltr'><strong>ἀνεδέξατο</strong></span> <span class='ocrx_word' id='word_1_224' title='bbox 1191 1723 1448 1793; x_wconf 81' lang='grc' dir='ltr'><strong>πόλεμον.</strong></span> <span class='ocrx_word' id='word_1_225' title='bbox 1480 1715 1559 1775; x_wconf 67' lang='lat' dir='ltr'><strong>Ob</strong></span> <span class='ocrx_word' id='word_1_226' title='bbox 1592 1719 1658 1789; x_wconf 77' lang='grc' dir='ltr'><strong>δὴ</strong></span> <span class='ocrx_word' id='word_1_227' title='bbox 1705 1717 1847 1789; x_wconf 64' lang='grc' dir='ltr'><strong>χάρη</strong></span> 
     </span>
    </p>
   </div>
   <div class='ocr_carea' id='block_1_35' title="bbox 1954 1712 3540 1795">
    <p class='ocr_par' dir='ltr' id='par_1_35' title="bbox 1962 1719 3540 1794">
     <span class='ocr_line' id='line_1_35' title="bbox 1962 1719 3540 1794; baseline 0.007 -23"><span class='ocrx_word' id='word_1_228' title='bbox 1962 1725 2130 1786; x_wconf 85' lang='lat' dir='ltr'><strong>atque</strong></span> <span class='ocrx_word' id='word_1_229' title='bbox 2180 1719 2323 1775; x_wconf 85' lang='lat' dir='ltr'><strong>hanc</strong></span> <span class='ocrx_word' id='word_1_230' title='bbox 2389 1720 2820 1793; x_wconf 87' lang='lat' dir='ltr'><strong>insuperabilem</strong></span> <span class='ocrx_word' id='word_1_231' title='bbox 2881 1740 3003 1782; x_wconf 87' lang='lat' dir='ltr'><strong>esse</strong></span> <span class='ocrx_word' id='word_1_232' title='bbox 3049 1725 3427 1794; x_wconf 80' lang='lat' dir='ltr'><strong>demonstres,</strong></span> <span class='ocrx_word' id='word_1_233' title='bbox 3479 1736 3540 1785; x_wconf 88' lang='lat' dir='ltr'><strong>et</strong></span> 
     </span>
    </p>
   </div>
   <div class='ocr_carea' id='block_1_36' title="bbox 279 1806 1859 1885">
    <p class='ocr_par' dir='ltr' id='par_1_36' title="bbox 279 1806 1859 1885">
     <span class='ocr_line' id='line_1_36' title="bbox 279 1806 1859 1885; baseline -0.009 -14"><span class='ocrx_word' id='word_1_234' title='bbox 279 1810 376 1880; x_wconf 82' lang='grc' dir='ltr'><strong>τὴν</strong></span> <span class='ocrx_word' id='word_1_235' title='bbox 424 1812 523 1881; x_wconf 81' lang='grc' dir='ltr'><strong>σὴν</strong></span> <span class='ocrx_word' id='word_1_236' title='bbox 571 1813 879 1885; x_wconf 80' lang='grc' dir='ltr'><strong>ἁγιωσύνην</strong></span> <span class='ocrx_word' id='word_1_237' title='bbox 903 1812 1191 1877; x_wconf 79' lang='grc' dir='ltr'><strong>ἀντιϐολῶ,</strong></span> <span class='ocrx_word' id='word_1_238' title='bbox 1246 1812 1529 1876; x_wconf 81' lang='grc' dir='ltr'><strong>ἀντιτάξαι</strong></span> <span class='ocrx_word' id='word_1_239' title='bbox 1574 1812 1643 1881; x_wconf 80' lang='grc' dir='ltr'><strong>τῇ</strong></span> <span class='ocrx_word' id='word_1_240' title='bbox 1689 1806 1859 1877; x_wconf 78' lang='grc' dir='ltr'><strong>ἀδίκῳ</strong></span> 
     </span>
    </p>
   </div>
   <div class='ocr_carea' id='block_1_37' title="bbox 1965 1804 2900 1882">
    <p class='ocr_par' dir='ltr' id='par_1_37' title="bbox 1965 1804 2900 1882">
     <span class='ocr_line' id='line_1_37' title="bbox 1965 1804 2900 1882; baseline 0.013 -24"><span class='ocrx_word' id='word_1_241' title='bbox 1965 1804 2240 1863; x_wconf 85' lang='lat' dir='ltr'><strong>mendacii</strong></span> <span class='ocrx_word' id='word_1_242' title='bbox 2267 1810 2569 1867; x_wconf 80' lang='lat' dir='ltr'><strong>vanitatem</strong></span> <span class='ocrx_word' id='word_1_243' title='bbox 2584 1813 2900 1882; x_wconf 81' lang='lat' dir='ltr'><strong>patefacias.</strong></span> 
     </span>
    </p>
   </div>
   <div class='ocr_carea' id='block_1_38' title="bbox 279 1890 3537 1988">
    <p class='ocr_par' dir='ltr' id='par_1_38' title="bbox 279 1890 3537 1988">
     <span class='ocr_line' id='line_1_38' title="bbox 279 1890 3537 1988; baseline 0.005 -32"><span class='ocrx_word' id='word_1_244' title='bbox 279 1904 494 1979; x_wconf 74' lang='grc' dir='ltr'><strong>γλώττῃ</strong></span> <span class='ocrx_word' id='word_1_245' title='bbox 524 1908 623 1979; x_wconf 77' lang='grc' dir='ltr'><strong>τὴν</strong></span> <span class='ocrx_word' id='word_1_246' title='bbox 654 1907 867 1962; x_wconf 81' lang='grc' dir='ltr'><strong>δικαίαν</strong></span> <span class='ocrx_word' id='word_1_247' title='bbox 899 1924 993 1961; x_wconf 85' lang='grc' dir='ltr'><strong>σου</strong></span> <span class='ocrx_word' id='word_1_248' title='bbox 1054 1898 1339 1976; x_wconf 80' lang='grc' dir='ltr'><strong>γλῶτταν,</strong></span> <span class='ocrx_word' id='word_1_249' title='bbox 1405 1908 1501 1961; x_wconf 78' lang='grc' dir='ltr'><strong>καὶ</strong></span> <span class='ocrx_word' id='word_1_250' title='bbox 1532 1905 1632 1976; x_wconf 82' lang='grc' dir='ltr'><strong>τῆς</strong></span> <span class='ocrx_word' id='word_1_251' title='bbox 1663 1900 1924 1973; x_wconf 75' lang='grc' dir='ltr'><strong>ἀληθείας</strong></span> <span class='ocrx_word' id='word_1_252' title='bbox 1961 1900 2377 1976; x_wconf 76' lang='grc' dir='ltr'><strong>πολεμουμένης</strong></span> <span class='ocrx_word' id='word_1_253' title='bbox 2414 1907 2809 1979; x_wconf 81' lang='grc' dir='ltr'><strong>ὑπερασπίσαι,</strong></span> <span class='ocrx_word' id='word_1_254' title='bbox 2850 1912 2946 1966; x_wconf 81' lang='grc' dir='ltr'><strong>καὶ</strong></span> <span class='ocrx_word' id='word_1_255' title='bbox 2977 1913 3182 1985; x_wconf 82' lang='grc' dir='ltr'><strong>ταύτης</strong></span> <span class='ocrx_word' id='word_1_256' title='bbox 3227 1917 3327 1988; x_wconf 76' lang='grc' dir='ltr'><strong>μὲν</strong></span> <span class='ocrx_word' id='word_1_257' title='bbox 3366 1890 3537 1984; x_wconf 69' lang='grc' dir='ltr'><strong>δεῖξαι</strong></span> 
     </span>
    </p>
   </div>
   <div class='ocr_carea' id='block_1_39' title="bbox 277 1998 1708 2072">
    <p class='ocr_par' dir='ltr' id='par_1_39' title="bbox 277 1998 1708 2072">
     <span class='ocr_line' id='line_1_39' title="bbox 277 1998 1708 2072; baseline -0.003 -18"><span class='ocrx_word' id='word_1_258' title='bbox 277 2000 340 2054; x_wconf 83' lang='grc' dir='ltr'><strong>τδ</strong></span> <span class='ocrx_word' id='word_1_259' title='bbox 371 2000 581 2071; x_wconf 76' lang='grc' dir='ltr'><strong>ἄμαχον</strong></span> <span class='ocrx_word' id='word_1_260' title='bbox 608 2040 621 2062; x_wconf 94' lang='grc'><strong>,</strong></span> <span class='ocrx_word' id='word_1_261' title='bbox 663 2000 756 2054; x_wconf 80' lang='grc' dir='ltr'><strong>τοῦ</strong></span> <span class='ocrx_word' id='word_1_262' title='bbox 784 2000 840 2054; x_wconf 84' lang='grc' dir='ltr'><strong>δὲ</strong></span> <span class='ocrx_word' id='word_1_263' title='bbox 858 2000 1087 2071; x_wconf 80' lang='grc' dir='ltr'><strong>ψεύδους</strong></span> <span class='ocrx_word' id='word_1_264' title='bbox 1118 2000 1336 2069; x_wconf 68' lang='grc' dir='ltr'><strong>ἐλέγξαι</strong></span> <span class='ocrx_word' id='word_1_265' title='bbox 1361 2000 1425 2053; x_wconf 82' lang='grc' dir='ltr'><strong>τὸ</strong></span> <span class='ocrx_word' id='word_1_266' title='bbox 1459 1998 1708 2072; x_wconf 81' lang='grc' dir='ltr'><strong>μάταιον.</strong></span> 
     </span>
    </p>
   </div>
   <div class='ocr_carea' id='block_1_40' title="bbox 448 2111 1671 2184">
    <p class='ocr_par' dir='ltr' id='par_1_40' title="bbox 448 2111 1671 2184">
     <span class='ocr_line' id='line_1_40' title="bbox 448 2111 1671 2184; baseline -0.004 -13"><span class='ocrx_word' id='word_1_267' title='bbox 448 2113 589 2171; x_wconf 78' lang='lat' dir='ltr'><strong>MH&#39;.</strong></span> <span class='ocrx_word' id='word_1_268' title='bbox 621 2144 691 2156; x_wconf 63' lang='grc' dir='ltr'><strong>-υ</strong></span> <span class='ocrx_word' id='word_1_269' title='bbox 708 2116 1019 2182; x_wconf 84' lang='grc' dir='ltr'><strong>Εὐσταθίφ</strong></span> <span class='ocrx_word' id='word_1_270' title='bbox 1050 2116 1365 2184; x_wconf 75' lang='grc' dir='ltr'><strong>ἐπισκόπῳ</strong></span> <span class='ocrx_word' id='word_1_271' title='bbox 1384 2111 1671 2183; x_wconf 77' lang='grc' dir='ltr'><strong>Βηρυτοῦ.</strong></span> 
     </span>
    </p>
   </div>
   <div class='ocr_carea' id='block_1_41' title="bbox 345 2219 1852 2296">
    <p class='ocr_par' dir='ltr' id='par_1_41' title="bbox 345 2219 1852 2296">
     <span class='ocr_line' id='line_1_41' title="bbox 345 2219 1852 2296; baseline -0.002 -19"><span class='ocrx_word' id='word_1_272' title='bbox 345 2223 618 2295; x_wconf 77' lang='grc' dir='ltr'><strong>Δέδεγμαι</strong></span> <span class='ocrx_word' id='word_1_273' title='bbox 642 2225 743 2295; x_wconf 83' lang='grc' dir='ltr'><strong>τὴν</strong></span> <span class='ocrx_word' id='word_1_274' title='bbox 771 2225 1112 2296; x_wconf 83' lang='grc' dir='ltr'><strong>κατηγορίαν</strong></span> <span class='ocrx_word' id='word_1_275' title='bbox 1143 2224 1418 2293; x_wconf 78' lang='grc' dir='ltr'><strong>ἀσμένως,</strong></span> <span class='ocrx_word' id='word_1_276' title='bbox 1456 2223 1635 2278; x_wconf 88' lang='grc' dir='ltr'><strong>καίτοι</strong></span> <span class='ocrx_word' id='word_1_277' title='bbox 1672 2219 1852 2275; x_wconf 79' lang='grc' dir='ltr'><strong>διαλῦ-</strong></span> 
     </span>
    </p>
   </div>
   <div class='ocr_carea' id='block_1_42' title="bbox 279 2315 1850 2390">
    <p class='ocr_par' dir='ltr' id='par_1_42' title="bbox 279 2315 1850 2390">
     <span class='ocr_line' id='line_1_42' title="bbox 279 2315 1850 2390; baseline -0.002 -19"><span class='ocrx_word' id='word_1_278' title='bbox 279 2334 367 2372; x_wconf 84' lang='grc' dir='ltr'><strong>σαι</strong></span> <span class='ocrx_word' id='word_1_279' title='bbox 400 2318 601 2389; x_wconf 75' lang='grc' dir='ltr'><strong>ῥᾳδίως</strong></span> <span class='ocrx_word' id='word_1_280' title='bbox 628 2318 928 2390; x_wconf 78' lang='grc' dir='ltr'><strong>δυνάμενος</strong></span> <span class='ocrx_word' id='word_1_281' title='bbox 941 2319 1044 2388; x_wconf 78' lang='grc' dir='ltr'><strong>τὴν</strong></span> <span class='ocrx_word' id='word_1_282' title='bbox 1073 2319 1315 2390; x_wconf 83' lang='grc' dir='ltr'><strong>γραφήν.</strong></span> <span class='ocrx_word' id='word_1_283' title='bbox 1359 2317 1619 2388; x_wconf 72' lang='grc' dir='ltr'><strong>Ἔγραψα</strong></span> <span class='ocrx_word' id='word_1_284' title='bbox 1647 2316 1755 2386; x_wconf 85' lang='grc' dir='ltr'><strong>γὰρ</strong></span> <span class='ocrx_word' id='word_1_285' title='bbox 1788 2315 1850 2369; x_wconf 81' lang='grc' dir='ltr'><strong>ού</strong></span> 
     </span>
    </p>
   </div>
   <div class='ocr_carea' id='block_1_43' title="bbox 277 2409 1852 2481">
    <p class='ocr_par' dir='ltr' id='par_1_43' title="bbox 277 2409 1852 2481">
     <span class='ocr_line' id='line_1_43' title="bbox 277 2409 1852 2481; baseline -0.001 -20"><span class='ocrx_word' id='word_1_286' title='bbox 277 2411 396 2480; x_wconf 75' lang='grc' dir='ltr'><strong>τρὶς</strong></span> <span class='ocrx_word' id='word_1_287' title='bbox 420 2410 601 2479; x_wconf 87' lang='grc' dir='ltr'><strong>μόνον,</strong></span> <span class='ocrx_word' id='word_1_288' title='bbox 623 2410 764 2464; x_wconf 80' lang='grc' dir='ltr'><strong>ἀλλὰ</strong></span> <span class='ocrx_word' id='word_1_289' title='bbox 789 2411 883 2464; x_wconf 74' lang='grc' dir='ltr'><strong>καὶ</strong></span> <span class='ocrx_word' id='word_1_290' title='bbox 910 2410 1189 2481; x_wconf 84' lang='grc' dir='ltr'><strong>τετράκις.</strong></span> <span class='ocrx_word' id='word_1_291' title='bbox 1213 2411 1370 2463; x_wconf 84' lang='grc' dir='ltr'><strong>Δυοῖν</strong></span> <span class='ocrx_word' id='word_1_292' title='bbox 1388 2409 1444 2461; x_wconf 89' lang='grc' dir='ltr'><strong>δὲ</strong></span> <span class='ocrx_word' id='word_1_293' title='bbox 1466 2409 1694 2479; x_wconf 86' lang='grc' dir='ltr'><strong>θάτερον</strong></span> <span class='ocrx_word' id='word_1_294' title='bbox 1719 2409 1852 2460; x_wconf 84' lang='grc' dir='ltr'><strong>ὑπο-</strong></span> 
     </span>
    </p>
   </div>
   <div class='ocr_carea' id='block_1_44' title="bbox 277 2498 1851 2572">
    <p class='ocr_par' dir='ltr' id='par_1_44' title="bbox 277 2498 1851 2572">
     <span class='ocr_line' id='line_1_44' title="bbox 277 2498 1851 2572; baseline -0.003 -17"><span class='ocrx_word' id='word_1_295' title='bbox 277 2501 496 2555; x_wconf 87' lang='grc' dir='ltr'><strong>πτεύω·</strong></span> <span class='ocrx_word' id='word_1_296' title='bbox 527 2501 561 2571; x_wconf 79' lang='grc' dir='ltr'>ἢ</span> <span class='ocrx_word' id='word_1_297' title='bbox 590 2500 716 2564; x_wconf 77' lang='grc' dir='ltr'><strong>τοὺς</strong></span> <span class='ocrx_word' id='word_1_298' title='bbox 747 2501 816 2555; x_wconf 74' lang='grc' dir='ltr'><strong>τά</strong></span> <span class='ocrx_word' id='word_1_299' title='bbox 839 2502 1149 2572; x_wconf 77' lang='grc' dir='ltr'><strong>γράμματα</strong></span> <span class='ocrx_word' id='word_1_300' title='bbox 1196 2499 1445 2571; x_wconf 76' lang='grc' dir='ltr'><strong>κομίζειν</strong></span> <span class='ocrx_word' id='word_1_301' title='bbox 1479 2498 1851 2569; x_wconf 82' lang='grc' dir='ltr'><strong>ὑπισχνουμέ-</strong></span> 
     </span>
    </p>
   </div>
   <div class='ocr_carea' id='block_1_45' title="bbox 277 2588 1852 2664">
    <p class='ocr_par' dir='ltr' id='par_1_45' title="bbox 277 2588 1852 2664">
     <span class='ocr_line' id='line_1_45' title="bbox 277 2588 1852 2664; baseline -0.001 -20"><span class='ocrx_word' id='word_1_302' title='bbox 277 2606 400 2654; x_wconf 90' lang='grc' dir='ltr'><strong>νους</strong></span> <span class='ocrx_word' id='word_1_303' title='bbox 422 2592 550 2661; x_wconf 75' lang='grc' dir='ltr'><strong>περὶ</strong></span> <span class='ocrx_word' id='word_1_304' title='bbox 572 2591 669 2663; x_wconf 82' lang='grc' dir='ltr'><strong>τὴν</strong></span> <span class='ocrx_word' id='word_1_305' title='bbox 689 2591 946 2646; x_wconf 80' lang='grc' dir='ltr'><strong>ἀπόδοσιν</strong></span> <span class='ocrx_word' id='word_1_306' title='bbox 973 2592 1198 2659; x_wconf 77' lang='grc' dir='ltr'><strong>ἀδικεῖν,</strong></span> <span class='ocrx_word' id='word_1_307' title='bbox 1228 2592 1263 2664; x_wconf 75' lang='grc' dir='ltr'><strong>η</strong></span> <span class='ocrx_word' id='word_1_308' title='bbox 1287 2590 1386 2664; x_wconf 81' lang='grc' dir='ltr'><strong>τὴν</strong></span> <span class='ocrx_word' id='word_1_309' title='bbox 1409 2590 1510 2663; x_wconf 79' lang='grc' dir='ltr'><strong>σὴν</strong></span> <span class='ocrx_word' id='word_1_310' title='bbox 1539 2588 1852 2643; x_wconf 81' lang='grc' dir='ltr'><strong>θεοσέϐειαν</strong></span> 
     </span>
    </p>
   </div>
   <div class='ocr_carea' id='block_1_46' title="bbox 2167 2110 3318 2195">
    <p class='ocr_par' dir='ltr' id='par_1_46' title="bbox 2167 2110 3318 2195">
     <span class='ocr_line' id='line_1_46' title="bbox 2167 2110 3318 2195; baseline 0.01 -30"><span class='ocrx_word' id='word_1_311' title='bbox 2167 2110 2400 2169; x_wconf 80' lang='lat' dir='ltr'><strong>XLVIII.</strong></span> <span class='ocrx_word' id='word_1_312' title='bbox 2433 2146 2503 2154; x_wconf 92' lang='lat'><strong>—</strong></span> <span class='ocrx_word' id='word_1_313' title='bbox 2528 2119 2808 2174; x_wconf 77' lang='lat' dir='ltr'><strong>Eustathio</strong></span> <span class='ocrx_word' id='word_1_314' title='bbox 2839 2123 3077 2194; x_wconf 74' lang='lat' dir='ltr'><strong>episcopo</strong></span> <span class='ocrx_word' id='word_1_315' title='bbox 3117 2120 3318 2195; x_wconf 77' lang='lat' dir='ltr'><strong>Beryti.</strong></span> 
     </span>
    </p>
   </div>
   <div class='ocr_carea' id='block_1_47' title="bbox 2033 2227 3531 2305">
    <p class='ocr_par' dir='ltr' id='par_1_47' title="bbox 2033 2227 3531 2305">
     <span class='ocr_line' id='line_1_47' title="bbox 2033 2227 3531 2305; baseline 0.009 -24"><span class='ocrx_word' id='word_1_316' title='bbox 2033 2227 2457 2287; x_wconf 86' lang='lat' dir='ltr'><strong>Accusationem</strong></span> <span class='ocrx_word' id='word_1_317' title='bbox 2485 2247 2645 2302; x_wconf 63' lang='lat' dir='ltr'><strong>aequo</strong></span> <span class='ocrx_word' id='word_1_318' title='bbox 2671 2233 2857 2288; x_wconf 91' lang='lat' dir='ltr'><strong>animo</strong></span> <span class='ocrx_word' id='word_1_319' title='bbox 2899 2234 3108 2305; x_wconf 85' lang='lat' dir='ltr'><strong>accepi,</strong></span> <span class='ocrx_word' id='word_1_320' title='bbox 3163 2237 3268 2291; x_wconf 89' lang='lat' dir='ltr'><strong>etsi</strong></span> <span class='ocrx_word' id='word_1_321' title='bbox 3321 2238 3531 2295; x_wconf 86' lang='lat' dir='ltr'><strong>crimen</strong></span> 
     </span>
    </p>
   </div>
   <div class='ocr_carea' id='block_1_48' title="bbox 1957 2322 3529 2399">
    <p class='ocr_par' dir='ltr' id='par_1_48' title="bbox 1957 2322 3529 2399">
     <span class='ocr_line' id='line_1_48' title="bbox 1957 2322 3529 2399; baseline 0.01 -30"><span class='ocrx_word' id='word_1_322' title='bbox 1957 2328 2205 2389; x_wconf 85' lang='lat' dir='ltr'><strong>poteram</strong></span> <span class='ocrx_word' id='word_1_323' title='bbox 2234 2322 2388 2378; x_wconf 90' lang='lat' dir='ltr'><strong>nullo</strong></span> <span class='ocrx_word' id='word_1_324' title='bbox 2420 2323 2644 2395; x_wconf 86' lang='lat' dir='ltr'><strong>negotio</strong></span> <span class='ocrx_word' id='word_1_325' title='bbox 2667 2325 2940 2382; x_wconf 80' lang='lat' dir='ltr'><strong>refellere.</strong></span> <span class='ocrx_word' id='word_1_326' title='bbox 2980 2326 3187 2399; x_wconf 89' lang='lat' dir='ltr'><strong>Scripsi</strong></span> <span class='ocrx_word' id='word_1_327' title='bbox 3231 2330 3378 2384; x_wconf 89' lang='lat' dir='ltr'><strong>enim</strong></span> <span class='ocrx_word' id='word_1_328' title='bbox 3416 2347 3529 2386; x_wconf 90' lang='lat' dir='ltr'><strong>non</strong></span> 
     </span>
    </p>
   </div>
   <div class='ocr_carea' id='block_1_49' title="bbox 1958 2412 3528 2487">
    <p class='ocr_par' dir='ltr' id='par_1_49' title="bbox 1958 2412 3528 2487">
     <span class='ocr_line' id='line_1_49' title="bbox 1958 2412 3528 2487; baseline 0.008 -24"><span class='ocrx_word' id='word_1_329' title='bbox 1958 2418 2041 2464; x_wconf 87' lang='lat' dir='ltr'><strong>ter</strong></span> <span class='ocrx_word' id='word_1_330' title='bbox 2085 2412 2268 2479; x_wconf 91' lang='lat' dir='ltr'><strong>modo,</strong></span> <span class='ocrx_word' id='word_1_331' title='bbox 2328 2430 2522 2470; x_wconf 89' lang='lat' dir='ltr'><strong>verum</strong></span> <span class='ocrx_word' id='word_1_332' title='bbox 2570 2417 2738 2471; x_wconf 86' lang='lat' dir='ltr'><strong>etiam</strong></span> <span class='ocrx_word' id='word_1_333' title='bbox 2792 2427 3008 2487; x_wconf 89' lang='lat' dir='ltr'><strong>quater.</strong></span> <span class='ocrx_word' id='word_1_334' title='bbox 3054 2420 3300 2475; x_wconf 87' lang='lat' dir='ltr'><strong>Duorum</strong></span> <span class='ocrx_word' id='word_1_335' title='bbox 3345 2431 3528 2476; x_wconf 88' lang='lat' dir='ltr'><strong>autem</strong></span> 
     </span>
    </p>
   </div>
   <div class='ocr_carea' id='block_1_50' title="bbox 1955 2503 3531 2582">
    <p class='ocr_par' dir='ltr' id='par_1_50' title="bbox 1955 2503 3531 2582">
     <span class='ocr_line' id='line_1_50' title="bbox 1955 2503 3531 2582; baseline 0.008 -25"><span class='ocrx_word' id='word_1_336' title='bbox 1955 2503 2190 2557; x_wconf 86' lang='lat' dir='ltr'><strong>alterum</strong></span> <span class='ocrx_word' id='word_1_337' title='bbox 2221 2506 2494 2575; x_wconf 87' lang='lat' dir='ltr'><strong>suspicor,</strong></span> <span class='ocrx_word' id='word_1_338' title='bbox 2545 2508 2631 2562; x_wconf 88' lang='lat' dir='ltr'><strong>vel</strong></span> <span class='ocrx_word' id='word_1_339' title='bbox 2675 2524 2772 2564; x_wconf 89' lang='lat' dir='ltr'><strong>eos</strong></span> <span class='ocrx_word' id='word_1_340' title='bbox 2807 2510 2901 2578; x_wconf 90' lang='lat' dir='ltr'><strong>qui</strong></span> <span class='ocrx_word' id='word_1_341' title='bbox 2928 2509 3144 2566; x_wconf 89' lang='lat' dir='ltr'><strong>litteras</strong></span> <span class='ocrx_word' id='word_1_342' title='bbox 3173 2511 3531 2582; x_wconf 88' lang='lat' dir='ltr'><strong>perferendas</strong></span> 
     </span>
    </p>
   </div>
   <div class='ocr_carea' id='block_1_51' title="bbox 1956 2598 3528 2672">
    <p class='ocr_par' dir='ltr' id='par_1_51' title="bbox 1956 2598 3528 2672">
     <span class='ocr_line' id='line_1_51' title="bbox 1956 2598 3528 2672; baseline 0.009 -26"><span class='ocrx_word' id='word_1_343' title='bbox 1956 2604 2300 2662; x_wconf 87' lang='lat' dir='ltr'><strong>receperant,</strong></span> <span class='ocrx_word' id='word_1_344' title='bbox 2352 2611 2463 2652; x_wconf 87' lang='lat' dir='ltr'><strong>non</strong></span> <span class='ocrx_word' id='word_1_345' title='bbox 2512 2598 2798 2655; x_wconf 89' lang='lat' dir='ltr'><strong>reddendo</strong></span> <span class='ocrx_word' id='word_1_346' title='bbox 2851 2601 3108 2672; x_wconf 89' lang='lat' dir='ltr'><strong>injuriam</strong></span> <span class='ocrx_word' id='word_1_347' title='bbox 3156 2601 3373 2668; x_wconf 78' lang='lat' dir='ltr'><strong>fecisse,</strong></span> <span class='ocrx_word' id='word_1_348' title='bbox 3443 2606 3528 2660; x_wconf 93' lang='lat' dir='ltr'><strong>vel</strong></span> 
     </span>
    </p>
   </div>
   <div class='ocr_carea' id='block_1_52' title="bbox 275 2678 1847 2763">
    <p class='ocr_par' dir='ltr' id='par_1_52' title="bbox 275 2678 1847 2755">
     <span class='ocr_line' id='line_1_52' title="bbox 275 2678 1847 2755; baseline -0.001 -21"><span class='ocrx_word' id='word_1_349' title='bbox 275 2681 607 2752; x_wconf 78' lang='grc' dir='ltr'><strong>δεχομένην,</strong></span> <span class='ocrx_word' id='word_1_350' title='bbox 642 2678 761 2736; x_wconf 79' lang='grc' dir='ltr'><strong>εἶτα</strong></span> <span class='ocrx_word' id='word_1_351' title='bbox 790 2684 1051 2737; x_wconf 87' lang='grc' dir='ltr'><strong>πλειόνων</strong></span> <span class='ocrx_word' id='word_1_352' title='bbox 1094 2683 1471 2755; x_wconf 86' lang='grc' dir='ltr'><strong>ὀριγνωμένην</strong></span> <span class='ocrx_word' id='word_1_353' title='bbox 1493 2721 1510 2746; x_wconf 89' lang='grc'><strong>,</strong></span> <span class='ocrx_word' id='word_1_354' title='bbox 1567 2679 1847 2753; x_wconf 81' lang='grc' dir='ltr'><strong>ῥᾳστώνης</strong></span> 
     </span>
    </p>
   </div>
   <div class='ocr_carea' id='block_1_53' title="bbox 1954 2678 3524 2763">
    <p class='ocr_par' dir='ltr' id='par_1_53' title="bbox 1954 2684 3524 2763">
     <span class='ocr_line' id='line_1_53' title="bbox 1954 2684 3524 2763; baseline 0.008 -26"><span class='ocrx_word' id='word_1_355' title='bbox 1954 2684 2213 2754; x_wconf 89' lang='lat' dir='ltr'><strong>pietatem</strong></span> <span class='ocrx_word' id='word_1_356' title='bbox 2238 2694 2412 2752; x_wconf 89' lang='lat' dir='ltr'><strong>tuam,</strong></span> <span class='ocrx_word' id='word_1_357' title='bbox 2438 2688 2811 2762; x_wconf 59' lang='lat' dir='ltr'><strong>hisacceptis,</strong></span> <span class='ocrx_word' id='word_1_358' title='bbox 2831 2692 2977 2761; x_wconf 90' lang='lat' dir='ltr'><strong>quod</strong></span> <span class='ocrx_word' id='word_1_359' title='bbox 3008 2693 3195 2763; x_wconf 87' lang='lat' dir='ltr'><strong>plures</strong></span> <span class='ocrx_word' id='word_1_360' title='bbox 3224 2693 3524 2760; x_wconf 88' lang='lat' dir='ltr'><strong>desideret,</strong></span> 
     </span>
    </p>
   </div>
   <div class='ocr_carea' id='block_1_54' title="bbox 278 2771 1847 2854">
    <p class='ocr_par' dir='ltr' id='par_1_54' title="bbox 278 2771 1847 2846">
     <span class='ocr_line' id='line_1_54' title="bbox 278 2771 1847 2846; baseline 0.002 -22"><span class='ocrx_word' id='word_1_361' title='bbox 278 2771 399 2825; x_wconf 83' lang='grc' dir='ltr'><strong>καθ’</strong></span> <span class='ocrx_word' id='word_1_362' title='bbox 425 2772 582 2842; x_wconf 79' lang='grc' dir='ltr'><strong>ἡμῶν</strong></span> <span class='ocrx_word' id='word_1_363' title='bbox 608 2774 855 2841; x_wconf 83' lang='grc' dir='ltr'><strong>ὑφαίνειν</strong></span> <span class='ocrx_word' id='word_1_364' title='bbox 879 2776 1118 2846; x_wconf 86' lang='grc' dir='ltr'><strong>γραφήν.</strong></span> <span class='ocrx_word' id='word_1_365' title='bbox 1164 2775 1316 2845; x_wconf 77' lang='grc' dir='ltr'><strong>Ἐμὲ,</strong></span> <span class='ocrx_word' id='word_1_366' title='bbox 1340 2775 1414 2839; x_wconf 81' lang='grc' dir='ltr'><strong>ὡς</strong></span> <span class='ocrx_word' id='word_1_367' title='bbox 1431 2773 1590 2845; x_wconf 74' lang='grc' dir='ltr'><strong>ἔφην,</strong></span> <span class='ocrx_word' id='word_1_368' title='bbox 1620 2774 1721 2829; x_wconf 74' lang='grc' dir='ltr'><strong>οὐκ</strong></span> <span class='ocrx_word' id='word_1_369' title='bbox 1747 2775 1847 2827; x_wconf 83' lang='grc' dir='ltr'><strong>ἀλ-</strong></span> 
     </span>
    </p>
   </div>
   <div class='ocr_carea' id='block_1_55' title="bbox 1954 2771 3529 2854">
    <p class='ocr_par' dir='ltr' id='par_1_55' title="bbox 1957 2775 3529 2854">
     <span class='ocr_line' id='line_1_55' title="bbox 1957 2775 3529 2854; baseline 0.009 -26"><span class='ocrx_word' id='word_1_370' title='bbox 1957 2775 2308 2847; x_wconf 74' lang='lat' dir='ltr'><strong>negligentiae</strong></span> <span class='ocrx_word' id='word_1_371' title='bbox 2341 2779 2502 2835; x_wconf 91' lang='lat' dir='ltr'><strong>nobis</strong></span> <span class='ocrx_word' id='word_1_372' title='bbox 2546 2779 2724 2835; x_wconf 90' lang='lat' dir='ltr'><strong>dicam</strong></span> <span class='ocrx_word' id='word_1_373' title='bbox 2754 2783 3080 2854; x_wconf 83' lang='lat' dir='ltr'><strong>impingere.</strong></span> <span class='ocrx_word' id='word_1_374' title='bbox 3129 2785 3213 2840; x_wconf 81' lang='lat' dir='ltr'><strong>Me</strong></span> <span class='ocrx_word' id='word_1_375' title='bbox 3273 2801 3427 2852; x_wconf 91' lang='lat' dir='ltr'><strong>vero,</strong></span> <span class='ocrx_word' id='word_1_376' title='bbox 3467 2796 3529 2843; x_wconf 87' lang='lat' dir='ltr'><strong>ut</strong></span> 
     </span>
    </p>
   </div>
   <div class='ocr_carea' id='block_1_56' title="bbox 276 2862 1847 2945">
    <p class='ocr_par' dir='ltr' id='par_1_56' title="bbox 276 2862 1845 2939">
     <span class='ocr_line' id='line_1_56' title="bbox 276 2862 1845 2939; baseline 0.001 -23"><span class='ocrx_word' id='word_1_377' title='bbox 276 2862 433 2932; x_wconf 80' lang='grc' dir='ltr'><strong>γύνει</strong></span> <span class='ocrx_word' id='word_1_378' title='bbox 458 2864 521 2918; x_wconf 80' lang='grc' dir='ltr'><strong>τὸ</strong></span> <span class='ocrx_word' id='word_1_379' title='bbox 561 2866 926 2938; x_wconf 85' lang='grc' dir='ltr'><strong>κατηγόρημα</strong></span> <span class='ocrx_word' id='word_1_380' title='bbox 952 2884 964 2895; x_wconf 75' lang='grc' dir='ltr'><strong>ο</strong></span> <span class='ocrx_word' id='word_1_381' title='bbox 1001 2866 1224 2938; x_wconf 75' lang='grc' dir='ltr'><strong>φίλτρου</strong></span> <span class='ocrx_word' id='word_1_382' title='bbox 1252 2866 1360 2936; x_wconf 87' lang='grc' dir='ltr'><strong>γὰρ</strong></span> <span class='ocrx_word' id='word_1_383' title='bbox 1391 2864 1726 2939; x_wconf 84' lang='grc' dir='ltr'><strong>ὲμπύρευμά</strong></span> <span class='ocrx_word' id='word_1_384' title='bbox 1754 2881 1845 2934; x_wconf 87' lang='grc' dir='ltr'><strong>μοι</strong></span> 
     </span>
    </p>
   </div>
   <div class='ocr_carea' id='block_1_57' title="bbox 1954 2862 3543 2945">
    <p class='ocr_par' dir='ltr' id='par_1_57' title="bbox 1955 2862 3543 2945">
     <span class='ocr_line' id='line_1_57' title="bbox 1955 2862 3543 2945; baseline 0.008 -24"><span class='ocrx_word' id='word_1_385' title='bbox 1955 2867 2089 2933; x_wconf 73' lang='lat' dir='ltr'><strong>dixi,</strong></span> <span class='ocrx_word' id='word_1_386' title='bbox 2128 2884 2240 2924; x_wconf 89' lang='lat' dir='ltr'><strong>non</strong></span> <span class='ocrx_word' id='word_1_387' title='bbox 2283 2871 2436 2941; x_wconf 84' lang='lat' dir='ltr'><strong>angit</strong></span> <span class='ocrx_word' id='word_1_388' title='bbox 2486 2874 2795 2928; x_wconf 86' lang='lat' dir='ltr'><strong>accusatio:</strong></span> <span class='ocrx_word' id='word_1_389' title='bbox 2831 2870 3153 2945; x_wconf 79' lang='lat' dir='ltr'><strong>flagrantem</strong></span> <span class='ocrx_word' id='word_1_390' title='bbox 3196 2878 3343 2931; x_wconf 91' lang='lat' dir='ltr'><strong>enim</strong></span> <span class='ocrx_word' id='word_1_391' title='bbox 3387 2862 3543 2936; x_wconf 56' lang='lat' dir='ltr'><strong>mihi&#39;</strong></span> 
     </span>
    </p>
   </div>
   <div class='ocr_carea' id='block_1_58' title="bbox 273 2952 1847 3041">
    <p class='ocr_par' dir='ltr' id='par_1_58' title="bbox 273 2952 1844 3027">
     <span class='ocr_line' id='line_1_58' title="bbox 273 2952 1844 3027; baseline 0.002 -22"><span class='ocrx_word' id='word_1_392' title='bbox 273 2952 597 3024; x_wconf 84' lang='grc' dir='ltr'><strong>παραδηλοῖ.</strong></span> <span class='ocrx_word' id='word_1_393' title='bbox 633 2955 794 3025; x_wconf 82' lang='grc' dir='ltr'><strong>Ἔχου</strong></span> <span class='ocrx_word' id='word_1_394' title='bbox 821 2955 999 3009; x_wconf 78' lang='grc' dir='ltr'><strong>τοίνυν</strong></span> <span class='ocrx_word' id='word_1_395' title='bbox 1027 2957 1126 3027; x_wconf 83' lang='grc' dir='ltr'><strong>τῆς</strong></span> <span class='ocrx_word' id='word_1_396' title='bbox 1152 2956 1350 3027; x_wconf 86' lang='grc' dir='ltr'><strong>τέχνης</strong></span> <span class='ocrx_word' id='word_1_397' title='bbox 1369 2995 1385 3021; x_wconf 93' lang='grc'><strong>,</strong></span> <span class='ocrx_word' id='word_1_398' title='bbox 1423 2956 1515 3010; x_wconf 77' lang='grc' dir='ltr'><strong>καὶ</strong></span> <span class='ocrx_word' id='word_1_399' title='bbox 1542 2954 1618 3027; x_wconf 82' lang='grc' dir='ltr'><strong>μὴ</strong></span> <span class='ocrx_word' id='word_1_400' title='bbox 1661 2954 1844 3025; x_wconf 82' lang='grc' dir='ltr'><strong>παύσῃ</strong></span> 
     </span>
    </p>
   </div>
   <div class='ocr_carea' id='block_1_59' title="bbox 1954 2952 3525 3041">
    <p class='ocr_par' dir='ltr' id='par_1_59' title="bbox 1954 2960 3525 3041">
     <span class='ocr_line' id='line_1_59' title="bbox 1954 2960 3525 3041; baseline 0.009 -29"><span class='ocrx_word' id='word_1_401' title='bbox 1954 2973 2196 3015; x_wconf 88' lang='lat' dir='ltr'><strong>amorem</strong></span> <span class='ocrx_word' id='word_1_402' title='bbox 2230 2960 2454 3016; x_wconf 87' lang='lat' dir='ltr'><strong>indicat.</strong></span> <span class='ocrx_word' id='word_1_403' title='bbox 2503 2961 2850 3035; x_wconf 85' lang='lat' dir='ltr'><strong>Quapropter</strong></span> <span class='ocrx_word' id='word_1_404' title='bbox 2882 2975 2997 3021; x_wconf 85' lang='lat' dir='ltr'><strong>arte</strong></span> <span class='ocrx_word' id='word_1_405' title='bbox 3046 2967 3125 3021; x_wconf 92' lang='lat' dir='ltr'><strong>uti</strong></span> <span class='ocrx_word' id='word_1_406' title='bbox 3185 2984 3371 3041; x_wconf 86' lang='lat' dir='ltr'><strong>perge,</strong></span> <span class='ocrx_word' id='word_1_407' title='bbox 3420 2987 3525 3026; x_wconf 88' lang='lat' dir='ltr'><strong>nec</strong></span> 
     </span>
    </p>
   </div>
   <div class='ocr_carea' id='block_1_60' title="bbox 272 3045 1847 3134">
    <p class='ocr_par' dir='ltr' id='par_1_60' title="bbox 272 3045 1845 3120">
     <span class='ocr_line' id='line_1_60' title="bbox 272 3045 1845 3120; baseline 0.001 -22"><span class='ocrx_word' id='word_1_408' title='bbox 272 3045 640 3116; x_wconf 82' lang='grc' dir='ltr'><strong>γραφόμενος,</strong></span> <span class='ocrx_word' id='word_1_409' title='bbox 674 3047 769 3101; x_wconf 78' lang='grc' dir='ltr'><strong>καὶ</strong></span> <span class='ocrx_word' id='word_1_410' title='bbox 791 3046 891 3118; x_wconf 80' lang='grc' dir='ltr'><strong>τὴν</strong></span> <span class='ocrx_word' id='word_1_411' title='bbox 913 3047 1168 3102; x_wconf 76' lang='grc' dir='ltr'><strong>ἐντεῦθεν</strong></span> <span class='ocrx_word' id='word_1_412' title='bbox 1203 3050 1338 3120; x_wconf 79' lang='grc' dir='ltr'><strong>ἡμῖν</strong></span> <span class='ocrx_word' id='word_1_413' title='bbox 1376 3046 1845 3120; x_wconf 86' lang='grc' dir='ltr'><strong>πραγματευόμε-</strong></span> 
     </span>
    </p>
   </div>
   <div class='ocr_carea' id='block_1_61' title="bbox 1954 3045 3525 3134">
    <p class='ocr_par' dir='ltr' id='par_1_61' title="bbox 1954 3045 3525 3134">
     <span class='ocr_line' id='line_1_61' title="bbox 1954 3045 3525 3134; baseline 0.011 -32"><span class='ocrx_word' id='word_1_414' title='bbox 1954 3045 2141 3105; x_wconf 88' lang='lat' dir='ltr'><strong>desine</strong></span> <span class='ocrx_word' id='word_1_415' title='bbox 2192 3066 2471 3120; x_wconf 89' lang='lat' dir='ltr'><strong>accusare,</strong></span> <span class='ocrx_word' id='word_1_416' title='bbox 2512 3063 2568 3110; x_wconf 89' lang='lat' dir='ltr'><strong>et</strong></span> <span class='ocrx_word' id='word_1_417' title='bbox 2598 3071 2762 3126; x_wconf 85' lang='lat' dir='ltr'><strong>quam</strong></span> <span class='ocrx_word' id='word_1_418' title='bbox 2794 3056 2923 3112; x_wconf 90' lang='lat' dir='ltr'><strong>inde</strong></span> <span class='ocrx_word' id='word_1_419' title='bbox 2973 3059 3220 3130; x_wconf 89' lang='lat' dir='ltr'><strong>capimus</strong></span> <span class='ocrx_word' id='word_1_420' title='bbox 3273 3062 3525 3134; x_wconf 84' lang='lat' dir='ltr'><strong>volupta-</strong></span> 
     </span>
    </p>
   </div>
   <div class='ocr_carea' id='block_1_62' title="bbox 269 3136 611 3208">
    <p class='ocr_par' dir='ltr' id='par_1_62' title="bbox 269 3136 611 3208">
     <span class='ocr_line' id='line_1_62' title="bbox 269 3136 611 3208; baseline 0.003 -17"><span class='ocrx_word' id='word_1_421' title='bbox 269 3153 361 3201; x_wconf 81' lang='grc' dir='ltr'><strong>νος</strong></span> <span class='ocrx_word' id='word_1_422' title='bbox 395 3136 611 3208; x_wconf 76' lang='grc' dir='ltr'><strong>ἡδονήν.</strong></span> 
     </span>
    </p>
   </div>
   <div class='ocr_carea' id='block_1_63' title="bbox 444 3266 1663 3336">
    <p class='ocr_par' dir='ltr' id='par_1_63' title="bbox 444 3266 1663 3336">
     <span class='ocr_line' id='line_1_63' title="bbox 444 3266 1663 3336; baseline 0.001 -15"><span class='ocrx_word' id='word_1_423' title='bbox 444 3266 581 3321; x_wconf 66' lang='lat' dir='ltr'><strong>MU.</strong></span> <span class='ocrx_word' id='word_1_424' title='bbox 629 3298 700 3307; x_wconf 92' lang='lat'><strong>—</strong></span> <span class='ocrx_word' id='word_1_425' title='bbox 728 3266 1000 3336; x_wconf 82' lang='grc' dir='ltr'><strong>Δαμιανῷ</strong></span> <span class='ocrx_word' id='word_1_426' title='bbox 1034 3267 1346 3334; x_wconf 80' lang='grc' dir='ltr'><strong>ἐπισκόπῳ</strong></span> <span class='ocrx_word' id='word_1_427' title='bbox 1384 3267 1663 3334; x_wconf 79' lang='grc' dir='ltr'><strong>Σιδῶνος.</strong></span> 
     </span>
    </p>
   </div>
   <div class='ocr_carea' id='block_1_64' title="bbox 339 3378 1847 3451">
    <p class='ocr_par' dir='ltr' id='par_1_64' title="bbox 339 3378 1847 3451">
     <span class='ocr_line' id='line_1_64' title="bbox 339 3378 1847 3451; baseline 0 -19"><span class='ocrx_word' id='word_1_428' title='bbox 339 3378 422 3432; x_wconf 85' lang='grc' dir='ltr'><strong>Τά</strong></span> <span class='ocrx_word' id='word_1_429' title='bbox 457 3380 741 3451; x_wconf 65' lang='grc' dir='ltr'><strong>κάτοπτρα</strong></span> <span class='ocrx_word' id='word_1_430' title='bbox 773 3379 880 3434; x_wconf 82' lang='grc' dir='ltr'><strong>τῶν</strong></span> <span class='ocrx_word' id='word_1_431' title='bbox 907 3379 1244 3451; x_wconf 84' lang='grc' dir='ltr'><strong>εἰσορώντων</strong></span> <span class='ocrx_word' id='word_1_432' title='bbox 1266 3381 1365 3441; x_wconf 73' lang='grc' dir='ltr'><strong>τὰς</strong></span> <span class='ocrx_word' id='word_1_433' title='bbox 1397 3379 1549 3449; x_wconf 79' lang='grc' dir='ltr'><strong>όψεις</strong></span> <span class='ocrx_word' id='word_1_434' title='bbox 1580 3378 1847 3449; x_wconf 80' lang='grc' dir='ltr'><strong>ἐκμάττε-</strong></span> 
     </span>
    </p>
   </div>
   <div class='ocr_carea' id='block_1_65' title="bbox 271 3468 1843 3544">
    <p class='ocr_par' dir='ltr' id='par_1_65' title="bbox 271 3468 1843 3544">
     <span class='ocr_line' id='line_1_65' title="bbox 271 3468 1843 3544; baseline -0.001 -21"><span class='ocrx_word' id='word_1_435' title='bbox 271 3468 396 3524; x_wconf 89' lang='grc' dir='ltr'><strong>σθαι</strong></span> <span class='ocrx_word' id='word_1_436' title='bbox 448 3470 712 3538; x_wconf 76' lang='grc' dir='ltr'><strong>πέφυκεν.</strong></span> <span class='ocrx_word' id='word_1_437' title='bbox 765 3471 828 3523; x_wconf 84' lang='grc' dir='ltr'><strong>Οἱ</strong></span> <span class='ocrx_word' id='word_1_438' title='bbox 879 3469 1060 3522; x_wconf 87' lang='grc' dir='ltr'><strong>τοίνυν</strong></span> <span class='ocrx_word' id='word_1_439' title='bbox 1103 3472 1184 3534; x_wconf 84' lang='grc' dir='ltr'><strong>είς</strong></span> <span class='ocrx_word' id='word_1_440' title='bbox 1216 3470 1394 3525; x_wconf 80' lang='grc' dir='ltr'><strong>ταῦτα</strong></span> <span class='ocrx_word' id='word_1_441' title='bbox 1420 3469 1711 3544; x_wconf 84' lang='grc' dir='ltr'><strong>βλέποντες</strong></span> <span class='ocrx_word' id='word_1_442' title='bbox 1743 3468 1843 3532; x_wconf 80' lang='grc' dir='ltr'><strong>τὰς</strong></span> 
     </span>
    </p>
   </div>
   <div class='ocr_carea' id='block_1_66' title="bbox 266 3559 1842 3632">
    <p class='ocr_par' dir='ltr' id='par_1_66' title="bbox 266 3559 1842 3632">
     <span class='ocr_line' id='line_1_66' title="bbox 266 3559 1842 3632; baseline -0.001 -19"><span class='ocrx_word' id='word_1_443' title='bbox 266 3562 473 3624; x_wconf 80' lang='grc' dir='ltr'><strong>οἰκείας</strong></span> <span class='ocrx_word' id='word_1_444' title='bbox 499 3560 667 3632; x_wconf 79' lang='grc' dir='ltr'><strong>ὁρῶσι</strong></span> <span class='ocrx_word' id='word_1_445' title='bbox 710 3560 943 3631; x_wconf 85' lang='grc' dir='ltr'><strong>μορφάς.</strong></span> <span class='ocrx_word' id='word_1_446' title='bbox 975 3559 1152 3614; x_wconf 85' lang='grc' dir='ltr'><strong>Ταυτδ</strong></span> <span class='ocrx_word' id='word_1_447' title='bbox 1185 3561 1241 3614; x_wconf 80' lang='grc' dir='ltr'><strong>δὲ</strong></span> <span class='ocrx_word' id='word_1_448' title='bbox 1269 3560 1430 3614; x_wconf 80' lang='grc' dir='ltr'><strong>τοῦτο</strong></span> <span class='ocrx_word' id='word_1_449' title='bbox 1470 3560 1566 3614; x_wconf 76' lang='grc' dir='ltr'><strong>καὶ</strong></span> <span class='ocrx_word' id='word_1_450' title='bbox 1592 3560 1650 3613; x_wconf 86' lang='grc' dir='ltr'><strong>αἰ</strong></span> <span class='ocrx_word' id='word_1_451' title='bbox 1680 3559 1842 3632; x_wconf 83' lang='grc' dir='ltr'><strong>κόραι</strong></span> 
     </span>
    </p>
   </div>
   <div class='ocr_carea' id='block_1_67' title="bbox 270 3651 1845 3723">
    <p class='ocr_par' dir='ltr' id='par_1_67' title="bbox 270 3651 1845 3723">
     <span class='ocr_line' id='line_1_67' title="bbox 270 3651 1845 3723; baseline -0.001 -18"><span class='ocrx_word' id='word_1_452' title='bbox 270 3653 482 3706; x_wconf 80' lang='grc' dir='ltr'><strong>ποιοῦσι</strong></span> <span class='ocrx_word' id='word_1_453' title='bbox 513 3651 622 3705; x_wconf 85' lang='grc' dir='ltr'><strong>τῶν</strong></span> <span class='ocrx_word' id='word_1_454' title='bbox 655 3652 948 3722; x_wconf 87' lang='grc' dir='ltr'><strong>ὀφθαλμῶν</strong></span> <span class='ocrx_word' id='word_1_455' title='bbox 971 3669 985 3683; x_wconf 77' lang='grc' dir='ltr'><strong><em>ο</em></strong></span> <span class='ocrx_word' id='word_1_456' title='bbox 1024 3654 1150 3716; x_wconf 68' lang='grc' dir='ltr'><strong>τοὺς</strong></span> <span class='ocrx_word' id='word_1_457' title='bbox 1177 3651 1287 3722; x_wconf 77' lang='grc' dir='ltr'><strong>γὰρ</strong></span> <span class='ocrx_word' id='word_1_458' title='bbox 1320 3651 1634 3722; x_wconf 83' lang='grc' dir='ltr'><strong>ἀλλοτρίους</strong></span> <span class='ocrx_word' id='word_1_459' title='bbox 1669 3668 1845 3723; x_wconf 88' lang='grc' dir='ltr'><strong>χαρα-</strong></span> 
     </span>
    </p>
   </div>
   <div class='ocr_carea' id='block_1_68' title="bbox 265 3738 1842 3813">
    <p class='ocr_par' dir='ltr' id='par_1_68' title="bbox 265 3738 1842 3813">
     <span class='ocr_line' id='line_1_68' title="bbox 265 3738 1842 3813; baseline 0 -20"><span class='ocrx_word' id='word_1_460' title='bbox 265 3743 475 3813; x_wconf 82' lang='grc' dir='ltr'><strong>κτῆρας</strong></span> <span class='ocrx_word' id='word_1_461' title='bbox 504 3743 561 3794; x_wconf 78' lang='grc' dir='ltr'><strong>ὲν</strong></span> <span class='ocrx_word' id='word_1_462' title='bbox 595 3742 813 3804; x_wconf 80' lang='grc' dir='ltr'><strong>ἑαυταῖς</strong></span> <span class='ocrx_word' id='word_1_463' title='bbox 842 3741 1160 3796; x_wconf 78' lang='grc' dir='ltr'><strong>έκτυπσῦσι.</strong></span> <span class='ocrx_word' id='word_1_464' title='bbox 1208 3740 1432 3795; x_wconf 79' lang='grc' dir='ltr'><strong>Τοιοῦτό</strong></span> <span class='ocrx_word' id='word_1_465' title='bbox 1461 3759 1513 3794; x_wconf 88' lang='grc' dir='ltr'><strong>τι</strong></span> <span class='ocrx_word' id='word_1_466' title='bbox 1562 3742 1659 3793; x_wconf 72' lang='grc' dir='ltr'><strong>καὶ</strong></span> <span class='ocrx_word' id='word_1_467' title='bbox 1705 3742 1740 3810; x_wconf 81' lang='grc' dir='ltr'><strong>ἡ</strong></span> <span class='ocrx_word' id='word_1_468' title='bbox 1774 3738 1842 3811; x_wconf 81' lang='grc' dir='ltr'><strong>σὴ</strong></span> 
     </span>
    </p>
   </div>
   <div class='ocr_carea' id='block_1_69' title="bbox 265 3830 1840 3903">
    <p class='ocr_par' dir='ltr' id='par_1_69' title="bbox 265 3830 1840 3903">
     <span class='ocr_line' id='line_1_69' title="bbox 265 3830 1840 3903; baseline -0.001 -18"><span class='ocrx_word' id='word_1_469' title='bbox 265 3830 531 3885; x_wconf 81' lang='grc' dir='ltr'><strong>πέπονθεν</strong></span> <span class='ocrx_word' id='word_1_470' title='bbox 567 3831 801 3902; x_wconf 84' lang='grc' dir='ltr'><strong>ὁσιότης.</strong></span> <span class='ocrx_word' id='word_1_471' title='bbox 827 3831 905 3885; x_wconf 77' lang='grc' dir='ltr'><strong>Οὐ</strong></span> <span class='ocrx_word' id='word_1_472' title='bbox 936 3831 1045 3903; x_wconf 79' lang='grc' dir='ltr'><strong>γάρ</strong></span> <span class='ocrx_word' id='word_1_473' title='bbox 1064 3832 1126 3885; x_wconf 80' lang='grc' dir='ltr'><strong>τὸ</strong></span> <span class='ocrx_word' id='word_1_474' title='bbox 1156 3831 1427 3903; x_wconf 87' lang='grc' dir='ltr'><strong>ἡμέτερον</strong></span> <span class='ocrx_word' id='word_1_475' title='bbox 1456 3830 1703 3903; x_wconf 75' lang='grc' dir='ltr'><strong>ἑώρακεν</strong></span> <span class='ocrx_word' id='word_1_476' title='bbox 1726 3831 1840 3884; x_wconf 86' lang='grc' dir='ltr'><strong>εἰδ-</strong></span> 
     </span>
    </p>
   </div>
   <div class='ocr_carea' id='block_1_70' title="bbox 264 3919 1836 3992">
    <p class='ocr_par' dir='ltr' id='par_1_70' title="bbox 264 3919 1836 3992">
     <span class='ocr_line' id='line_1_70' title="bbox 264 3919 1836 3992; baseline 0.001 -19"><span class='ocrx_word' id='word_1_477' title='bbox 264 3919 442 3989; x_wconf 77' lang='grc' dir='ltr'><strong>εχθὲς,</strong></span> <span class='ocrx_word' id='word_1_478' title='bbox 471 3919 607 3973; x_wconf 77' lang='grc' dir='ltr'><strong>ἀλλὰ</strong></span> <span class='ocrx_word' id='word_1_479' title='bbox 627 3920 724 3992; x_wconf 84' lang='grc' dir='ltr'><strong>τὴν</strong></span> <span class='ocrx_word' id='word_1_480' title='bbox 750 3921 958 3973; x_wconf 78' lang='grc' dir='ltr'><strong>οἰκείαν</strong></span> <span class='ocrx_word' id='word_1_481' title='bbox 981 3920 1134 3991; x_wconf 84' lang='grc' dir='ltr'><strong>ὥραν</strong></span> <span class='ocrx_word' id='word_1_482' title='bbox 1163 3919 1301 3973; x_wconf 72' lang='grc' dir='ltr'><strong>εἶδεν</strong></span> <span class='ocrx_word' id='word_1_483' title='bbox 1324 3920 1421 3975; x_wconf 70' lang='grc' dir='ltr'><strong>καὶ</strong></span> <span class='ocrx_word' id='word_1_484' title='bbox 1466 3919 1836 3991; x_wconf 84' lang='grc' dir='ltr'><strong>τεθαύμακεν.</strong></span> 
     </span>
    </p>
   </div>
   <div class='ocr_carea' id='block_1_71' title="bbox 276 4006 1835 4082">
    <p class='ocr_par' dir='ltr' id='par_1_71' title="bbox 276 4006 1835 4082">
     <span class='ocr_line' id='line_1_71' title="bbox 276 4006 1835 4082; baseline -0.001 -19"><span class='ocrx_word' id='word_1_485' title='bbox 276 4008 431 4081; x_wconf 75' lang='grc' dir='ltr'><strong>Ἐμοὶ</strong></span> <span class='ocrx_word' id='word_1_486' title='bbox 458 4010 567 4082; x_wconf 74' lang='grc' dir='ltr'><strong>γὰρ</strong></span> <span class='ocrx_word' id='word_1_487' title='bbox 595 4010 746 4065; x_wconf 78' lang='grc' dir='ltr'><strong>οὐδὲν</strong></span> <span class='ocrx_word' id='word_1_488' title='bbox 777 4010 1001 4065; x_wconf 76' lang='grc' dir='ltr'><strong>ἐκείνων</strong></span> <span class='ocrx_word' id='word_1_489' title='bbox 1023 4006 1098 4064; x_wconf 84' lang='grc' dir='ltr'><strong>ὧν</strong></span> <span class='ocrx_word' id='word_1_490' title='bbox 1132 4012 1364 4081; x_wconf 72' lang='grc' dir='ltr'><strong>εἴρηκας</strong></span> <span class='ocrx_word' id='word_1_491' title='bbox 1390 4010 1702 4081; x_wconf 88' lang='grc' dir='ltr'><strong>πρόσεστιν.</strong></span> <span class='ocrx_word' id='word_1_492' title='bbox 1732 4009 1835 4063; x_wconf 81' lang='grc' dir='ltr'><strong>Εὖ-</strong></span> 
     </span>
    </p>
   </div>
   <div class='ocr_carea' id='block_1_72' title="bbox 263 4101 1838 4174">
    <p class='ocr_par' dir='ltr' id='par_1_72' title="bbox 263 4101 1838 4174">
     <span class='ocr_line' id='line_1_72' title="bbox 263 4101 1838 4174; baseline 0.001 -20"><span class='ocrx_word' id='word_1_493' title='bbox 263 4119 429 4173; x_wconf 88' lang='grc' dir='ltr'><strong>χομαι</strong></span> <span class='ocrx_word' id='word_1_494' title='bbox 449 4103 504 4156; x_wconf 80' lang='grc' dir='ltr'><strong>δὲ</strong></span> <span class='ocrx_word' id='word_1_495' title='bbox 529 4104 678 4172; x_wconf 82' lang='grc' dir='ltr'><strong>ὅμως</strong></span> <span class='ocrx_word' id='word_1_496' title='bbox 702 4104 826 4164; x_wconf 77' lang='grc' dir='ltr'><strong>τοὺς</strong></span> <span class='ocrx_word' id='word_1_497' title='bbox 857 4102 1046 4171; x_wconf 80' lang='grc' dir='ltr'><strong>λόγους</strong></span> <span class='ocrx_word' id='word_1_498' title='bbox 1067 4104 1308 4166; x_wconf 82' lang='grc' dir='ltr'><strong>ἐκείνους</strong></span> <span class='ocrx_word' id='word_1_499' title='bbox 1339 4101 1838 4174; x_wconf 75' lang='grc' dir='ltr'><strong>βεϐαιωθῆναιτοϊς</strong></span> 
     </span>
    </p>
   </div>
   <div class='ocr_carea' id='block_1_73' title="bbox 263 4192 1834 4265">
    <p class='ocr_par' dir='ltr' id='par_1_73' title="bbox 263 4192 1834 4265">
     <span class='ocr_line' id='line_1_73' title="bbox 263 4192 1834 4265; baseline 0.001 -19"><span class='ocrx_word' id='word_1_500' title='bbox 263 4192 471 4265; x_wconf 71' lang='grc' dir='ltr'><strong>ἔργοις·</strong></span> <span class='ocrx_word' id='word_1_501' title='bbox 502 4192 767 4247; x_wconf 81' lang='grc' dir='ltr'><strong>ἀντιϐολῶ</strong></span> <span class='ocrx_word' id='word_1_502' title='bbox 789 4193 848 4246; x_wconf 76' lang='grc' dir='ltr'><strong>δὲ</strong></span> <span class='ocrx_word' id='word_1_503' title='bbox 880 4194 976 4247; x_wconf 71' lang='grc' dir='ltr'><strong>καὶ</strong></span> <span class='ocrx_word' id='word_1_504' title='bbox 1000 4193 1098 4258; x_wconf 82' lang='grc' dir='ltr'><strong>τὴν</strong></span> <span class='ocrx_word' id='word_1_505' title='bbox 1128 4193 1229 4263; x_wconf 79' lang='grc' dir='ltr'><strong>σὴν</strong></span> <span class='ocrx_word' id='word_1_506' title='bbox 1258 4192 1537 4263; x_wconf 68' lang='grc' dir='ltr'><strong>φιλοθεΐαν</strong></span> <span class='ocrx_word' id='word_1_507' title='bbox 1589 4194 1834 4265; x_wconf 80' lang='grc' dir='ltr'><strong>ἐπαρκέ-</strong></span> 
     </span>
    </p>
   </div>
   <div class='ocr_carea' id='block_1_74' title="bbox 264 4285 1834 4358">
    <p class='ocr_par' dir='ltr' id='par_1_74' title="bbox 264 4285 1834 4358">
     <span class='ocr_line' id='line_1_74' title="bbox 264 4285 1834 4358; baseline 0.001 -18"><span class='ocrx_word' id='word_1_508' title='bbox 264 4304 352 4342; x_wconf 85' lang='grc' dir='ltr'><strong>σαι</strong></span> <span class='ocrx_word' id='word_1_509' title='bbox 376 4289 495 4348; x_wconf 85' lang='grc' dir='ltr'><strong>ταῑς</strong></span> <span class='ocrx_word' id='word_1_510' title='bbox 526 4288 872 4357; x_wconf 77' lang='grc' dir='ltr'><strong>προσευχαῖς,</strong></span> <span class='ocrx_word' id='word_1_511' title='bbox 904 4287 994 4341; x_wconf 75' lang='grc' dir='ltr'><strong>ἵνα</strong></span> <span class='ocrx_word' id='word_1_512' title='bbox 1024 4286 1099 4358; x_wconf 82' lang='grc' dir='ltr'><strong>μὴ</strong></span> <span class='ocrx_word' id='word_1_513' title='bbox 1132 4285 1442 4357; x_wconf 79' lang='grc' dir='ltr'><strong>χωλεύωσιν</strong></span> <span class='ocrx_word' id='word_1_514' title='bbox 1479 4286 1535 4340; x_wconf 85' lang='grc' dir='ltr'><strong>αί</strong></span> <span class='ocrx_word' id='word_1_515' title='bbox 1565 4286 1834 4358; x_wconf 78' lang='grc' dir='ltr'><strong>εὐφημίαι</strong></span> 
     </span>
    </p>
   </div>
   <div class='ocr_carea' id='block_1_75' title="bbox 260 4377 1109 4449">
    <p class='ocr_par' dir='ltr' id='par_1_75' title="bbox 260 4377 1109 4449">
     <span class='ocr_line' id='line_1_75' title="bbox 260 4377 1109 4449; baseline -0.014 -6"><span class='ocrx_word' id='word_1_516' title='bbox 260 4378 359 4449; x_wconf 70' lang='grc' dir='ltr'><strong>τῆς</strong></span> <span class='ocrx_word' id='word_1_517' title='bbox 386 4377 641 4449; x_wconf 83' lang='grc' dir='ltr'><strong>ἀληθείας</strong></span> <span class='ocrx_word' id='word_1_518' title='bbox 666 4379 1109 4448; x_wconf 80' lang='grc' dir='ltr'><strong>γεγυμνωμέναι.</strong></span> 
     </span>
    </p>
   </div>
   <div class='ocr_carea' id='block_1_76' title="bbox 550 4510 1533 4583">
    <p class='ocr_par' dir='ltr' id='par_1_76' title="bbox 550 4510 1533 4583">
     <span class='ocr_line' id='line_1_76' title="bbox 550 4510 1533 4583; baseline 0.005 -20"><span class='ocrx_word' id='word_1_519' title='bbox 550 4510 635 4565; x_wconf 83' lang='lat' dir='ltr'><strong>N&#39;.</strong></span> <span class='ocrx_word' id='word_1_520' title='bbox 664 4540 735 4551; x_wconf 97' lang='lat'><strong>—</strong></span> <span class='ocrx_word' id='word_1_521' title='bbox 765 4511 1058 4580; x_wconf 78' lang='grc' dir='ltr'><strong>Γεροντίφ</strong></span> <span class='ocrx_word' id='word_1_522' title='bbox 1086 4512 1533 4583; x_wconf 77' lang='grc' dir='ltr'><strong>ἁρχιμανδρίτῃ.</strong></span> 
     </span>
    </p>
   </div>
   <div class='ocr_carea' id='block_1_77' title="bbox 329 4622 1830 4700">
    <p class='ocr_par' dir='ltr' id='par_1_77' title="bbox 329 4622 1830 4700">
     <span class='ocr_line' id='line_1_77' title="bbox 329 4622 1830 4700; baseline -0.001 -18"><span class='ocrx_word' id='word_1_523' title='bbox 329 4622 687 4699; x_wconf 77' lang='grc' dir='ltr'><strong>Ζωγραφοῧσι</strong></span> <span class='ocrx_word' id='word_1_524' title='bbox 710 4630 971 4693; x_wconf 87' lang='grc' dir='ltr'><strong>πολλάκις</strong></span> <span class='ocrx_word' id='word_1_525' title='bbox 993 4629 1117 4692; x_wconf 71' lang='grc' dir='ltr'><strong>τοὺς</strong></span> <span class='ocrx_word' id='word_1_526' title='bbox 1132 4628 1240 4683; x_wconf 83' lang='grc' dir='ltr'><strong>τῶν</strong></span> <span class='ocrx_word' id='word_1_527' title='bbox 1262 4628 1448 4700; x_wconf 73' lang='grc' dir='ltr'><strong>ψυχῶν</strong></span> <span class='ocrx_word' id='word_1_528' title='bbox 1472 4630 1830 4700; x_wconf 88' lang='grc' dir='ltr'><strong>χαρακτῆρας</strong></span> 
     </span>
    </p>
   </div>
   <div class='ocr_carea' id='block_1_78' title="bbox 260 4718 1830 4793">
    <p class='ocr_par' dir='ltr' id='par_1_78' title="bbox 260 4718 1830 4793">
     <span class='ocr_line' id='line_1_78' title="bbox 260 4718 1830 4793; baseline 0.001 -20"><span class='ocrx_word' id='word_1_529' title='bbox 260 4720 311 4773; x_wconf 91' lang='grc' dir='ltr'><strong>οἰ</strong></span> <span class='ocrx_word' id='word_1_530' title='bbox 336 4718 504 4789; x_wconf 88' lang='grc' dir='ltr'><strong>λόγοι,</strong></span> <span class='ocrx_word' id='word_1_531' title='bbox 536 4721 628 4789; x_wconf 64' lang='lat' dir='ltr'><strong>ita}</strong></span> <span class='ocrx_word' id='word_1_532' title='bbox 669 4721 767 4784; x_wconf 75' lang='grc' dir='ltr'><strong>τὰς</strong></span> <span class='ocrx_word' id='word_1_533' title='bbox 790 4721 1067 4793; x_wconf 66' lang='grc' dir='ltr'><strong>άοράτους</strong></span> <span class='ocrx_word' id='word_1_534' title='bbox 1107 4720 1332 4775; x_wconf 78' lang='grc' dir='ltr'><strong>ἐκείνων</strong></span> <span class='ocrx_word' id='word_1_535' title='bbox 1372 4720 1515 4784; x_wconf 79' lang='grc' dir='ltr'><strong>ἰδέας</strong></span> <span class='ocrx_word' id='word_1_536' title='bbox 1548 4719 1830 4774; x_wconf 83' lang='grc' dir='ltr'><strong>ἀποκαλύ-</strong></span> 
     </span>
    </p>
   </div>
   <div class='ocr_carea' id='block_1_79' title="bbox 261 4809 1831 4884">
    <p class='ocr_par' dir='ltr' id='par_1_79' title="bbox 261 4809 1831 4884">
     <span class='ocr_line' id='line_1_79' title="bbox 261 4809 1831 4884; baseline 0.001 -18"><span class='ocrx_word' id='word_1_537' title='bbox 261 4827 516 4866; x_wconf 83' lang='grc' dir='ltr'><strong>πτουσιν·</strong></span> <span class='ocrx_word' id='word_1_538' title='bbox 551 4809 739 4882; x_wconf 79' lang='grc' dir='ltr'><strong>ὥσπερ</strong></span> <span class='ocrx_word' id='word_1_539' title='bbox 763 4812 956 4884; x_wconf 82' lang='grc' dir='ltr'><strong>ἀμέλει</strong></span> <span class='ocrx_word' id='word_1_540' title='bbox 984 4811 1077 4866; x_wconf 71' lang='grc' dir='ltr'><strong>καὶ</strong></span> <span class='ocrx_word' id='word_1_541' title='bbox 1121 4811 1216 4866; x_wconf 78' lang='grc' dir='ltr'><strong>νῦν</strong></span> <span class='ocrx_word' id='word_1_542' title='bbox 1255 4812 1355 4882; x_wconf 81' lang='grc' dir='ltr'><strong>τῆς</strong></span> <span class='ocrx_word' id='word_1_543' title='bbox 1404 4812 1506 4878; x_wconf 79' lang='grc' dir='ltr'><strong>σῆς</strong></span> <span class='ocrx_word' id='word_1_544' title='bbox 1541 4814 1831 4878; x_wconf 73' lang='grc' dir='ltr'><strong>εὐσεϐείας</strong></span> 
     </span>
    </p>
   </div>
   <div class='ocr_carea' id='block_1_80' title="bbox 256 4902 1827 4977">
    <p class='ocr_par' dir='ltr' id='par_1_80' title="bbox 256 4902 1827 4977">
     <span class='ocr_line' id='line_1_80' title="bbox 256 4902 1827 4977; baseline 0.001 -21"><span class='ocrx_word' id='word_1_545' title='bbox 256 4902 327 4957; x_wconf 79' lang='grc' dir='ltr'><strong>τά</strong></span> <span class='ocrx_word' id='word_1_546' title='bbox 357 4903 660 4975; x_wconf 78' lang='grc' dir='ltr'><strong>γράμματα</strong></span> <span class='ocrx_word' id='word_1_547' title='bbox 702 4902 803 4972; x_wconf 81' lang='grc' dir='ltr'><strong>τῆς</strong></span> <span class='ocrx_word' id='word_1_548' title='bbox 832 4905 984 4976; x_wconf 77' lang='grc' dir='ltr'><strong>ἱερᾶς</strong></span> <span class='ocrx_word' id='word_1_549' title='bbox 1036 4920 1130 4956; x_wconf 90' lang='grc' dir='ltr'><strong>σου</strong></span> <span class='ocrx_word' id='word_1_550' title='bbox 1174 4902 1355 4975; x_wconf 74' lang='grc' dir='ltr'><strong>ψυχῆς</strong></span> <span class='ocrx_word' id='word_1_551' title='bbox 1395 4903 1677 4973; x_wconf 85' lang='grc' dir='ltr'><strong>παρέδωκε</strong></span> <span class='ocrx_word' id='word_1_552' title='bbox 1724 4903 1827 4977; x_wconf 82' lang='grc' dir='ltr'><strong>τὴν</strong></span> 
     </span>
    </p>
   </div>
   <div class='ocr_carea' id='block_1_81' title="bbox 258 4986 1822 5068">
    <p class='ocr_par' dir='ltr' id='par_1_81' title="bbox 258 4986 1822 5068">
     <span class='ocr_line' id='line_1_81' title="bbox 258 4986 1822 5068; baseline 0 -21"><span class='ocrx_word' id='word_1_553' title='bbox 258 4994 559 5051; x_wconf 81' lang='grc' dir='ltr'><strong>εὐσέϐειαν.</strong></span> <span class='ocrx_word' id='word_1_554' title='bbox 587 4986 661 5047; x_wconf 82' lang='grc' dir='ltr'><strong>Τὸ</strong></span> <span class='ocrx_word' id='word_1_555' title='bbox 685 4992 792 5065; x_wconf 75' lang='grc' dir='ltr'><strong>γάρ</strong></span> <span class='ocrx_word' id='word_1_556' title='bbox 819 4996 1150 5066; x_wconf 79' lang='grc' dir='ltr'><strong>προσμένειν</strong></span> <span class='ocrx_word' id='word_1_557' title='bbox 1199 4995 1377 5048; x_wconf 78' lang='grc' dir='ltr'><strong>ἐκεῖνο</strong></span> <span class='ocrx_word' id='word_1_558' title='bbox 1412 4994 1472 5047; x_wconf 84' lang='grc' dir='ltr'><strong>τὸ</strong></span> <span class='ocrx_word' id='word_1_559' title='bbox 1516 4996 1822 5068; x_wconf 80' lang='grc' dir='ltr'><strong>κριτήριον,</strong></span> 
     </span>
    </p>
   </div>
   <div class='ocr_carea' id='block_1_82' title="bbox 256 5086 1827 5159">
    <p class='ocr_par' dir='ltr' id='par_1_82' title="bbox 256 5086 1827 5159">
     <span class='ocr_line' id='line_1_82' title="bbox 256 5086 1827 5159; baseline 0.001 -19"><span class='ocrx_word' id='word_1_560' title='bbox 256 5087 355 5141; x_wconf 74' lang='grc' dir='ltr'><strong>καὶ</strong></span> <span class='ocrx_word' id='word_1_561' title='bbox 401 5086 718 5157; x_wconf 78' lang='grc' dir='ltr'><strong>δειμαίνειν,</strong></span> <span class='ocrx_word' id='word_1_562' title='bbox 764 5088 859 5140; x_wconf 72' lang='grc' dir='ltr'><strong>καὶ</strong></span> <span class='ocrx_word' id='word_1_563' title='bbox 913 5089 1244 5159; x_wconf 88' lang='grc' dir='ltr'><strong>συνηγόρους</strong></span> <span class='ocrx_word' id='word_1_564' title='bbox 1297 5090 1675 5157; x_wconf 86' lang='grc' dir='ltr'><strong>περισκοπεῖν,</strong></span> <span class='ocrx_word' id='word_1_565' title='bbox 1727 5089 1827 5141; x_wconf 77' lang='grc' dir='ltr'><strong>καὶ</strong></span> 
     </span>
    </p>
   </div>
   <div class='ocr_carea' id='block_1_83' title="bbox 257 5178 1824 5252">
    <p class='ocr_par' dir='ltr' id='par_1_83' title="bbox 257 5178 1824 5252">
     <span class='ocr_line' id='line_1_83' title="bbox 257 5178 1824 5252; baseline 0.001 -20"><span class='ocrx_word' id='word_1_566' title='bbox 257 5178 613 5249; x_wconf 80' lang='grc' dir='ltr'><strong>προῦφαίνειν</strong></span> <span class='ocrx_word' id='word_1_567' title='bbox 636 5178 954 5247; x_wconf 84' lang='grc' dir='ltr'><strong>ἀπολογίαν,</strong></span> <span class='ocrx_word' id='word_1_568' title='bbox 989 5180 1247 5252; x_wconf 86' lang='grc' dir='ltr'><strong>κηρύττει</strong></span> <span class='ocrx_word' id='word_1_569' title='bbox 1279 5178 1465 5248; x_wconf 83' lang='grc' dir='ltr'><strong>σαφῶς</strong></span> <span class='ocrx_word' id='word_1_570' title='bbox 1495 5181 1595 5251; x_wconf 79' lang='grc' dir='ltr'><strong>τῆς</strong></span> <span class='ocrx_word' id='word_1_571' title='bbox 1642 5179 1824 5250; x_wconf 73' lang='grc' dir='ltr'><strong>ψυχῆς</strong></span> 
     </span>
    </p>
   </div>
   <div class='ocr_carea' id='block_1_84' title="bbox 256 5268 1825 5343">
    <p class='ocr_par' dir='ltr' id='par_1_84' title="bbox 256 5268 1825 5343">
     <span class='ocr_line' id='line_1_84' title="bbox 256 5268 1825 5343; baseline -0.001 -19"><span class='ocrx_word' id='word_1_572' title='bbox 256 5272 355 5342; x_wconf 80' lang='grc' dir='ltr'><strong>τὴν</strong></span> <span class='ocrx_word' id='word_1_573' title='bbox 387 5272 519 5343; x_wconf 75' lang='grc' dir='ltr'><strong>περὶ</strong></span> <span class='ocrx_word' id='word_1_574' title='bbox 543 5270 611 5323; x_wconf 79' lang='grc' dir='ltr'><strong>τά</strong></span> <span class='ocrx_word' id='word_1_575' title='bbox 645 5270 765 5324; x_wconf 83' lang='grc' dir='ltr'><strong>θεῖα</strong></span> <span class='ocrx_word' id='word_1_576' title='bbox 803 5270 1060 5341; x_wconf 80' lang='grc' dir='ltr'><strong>σπουδήν.</strong></span> <span class='ocrx_word' id='word_1_577' title='bbox 1102 5272 1293 5342; x_wconf 79' lang='grc' dir='ltr'><strong>Ἡμεῖς</strong></span> <span class='ocrx_word' id='word_1_578' title='bbox 1332 5271 1388 5325; x_wconf 76' lang='grc' dir='ltr'><strong>δὲ</strong></span> <span class='ocrx_word' id='word_1_579' title='bbox 1437 5268 1627 5333; x_wconf 83' lang='grc' dir='ltr'><strong>νωθείς</strong></span> <span class='ocrx_word' id='word_1_580' title='bbox 1675 5288 1825 5335; x_wconf 89' lang='grc' dir='ltr'><strong>τινες</strong></span> 
     </span>
    </p>
   </div>
   <div class='ocr_carea' id='block_1_85' title="bbox 255 5357 1823 5431">
    <p class='ocr_par' dir='ltr' id='par_1_85' title="bbox 255 5357 1823 5431">
     <span class='ocr_line' id='line_1_85' title="bbox 255 5357 1823 5431; baseline 0 -18"><span class='ocrx_word' id='word_1_581' title='bbox 255 5360 350 5413; x_wconf 69' lang='grc' dir='ltr'><strong>καὶ</strong></span> <span class='ocrx_word' id='word_1_582' title='bbox 376 5359 624 5429; x_wconf 76' lang='grc' dir='ltr'><strong>ὑπνηλοὶ,</strong></span> <span class='ocrx_word' id='word_1_583' title='bbox 647 5359 742 5412; x_wconf 74' lang='grc' dir='ltr'><strong>καὶ</strong></span> <span class='ocrx_word' id='word_1_584' title='bbox 773 5357 1022 5431; x_wconf 72' lang='grc' dir='ltr'><strong>ῥᾳστώνῃ</strong></span> <span class='ocrx_word' id='word_1_585' title='bbox 1053 5360 1540 5430; x_wconf 76' lang='grc' dir='ltr'><strong>συντεθραμμένοι,</strong></span> <span class='ocrx_word' id='word_1_586' title='bbox 1574 5360 1668 5414; x_wconf 70' lang='grc' dir='ltr'><strong>καὶ</strong></span> <span class='ocrx_word' id='word_1_587' title='bbox 1692 5360 1823 5413; x_wconf 88' lang='grc' dir='ltr'><strong>πολ-</strong></span> 
     </span>
    </p>
   </div>
   <div class='ocr_carea' id='block_1_86' title="bbox 1861 4381 1910 4439">
    <p class='ocr_par' dir='ltr' id='par_1_86' title="bbox 1861 4381 1910 4439">
     <span class='ocr_line' id='line_1_86' title="bbox 1861 4381 1910 4439; baseline 0 0"><span class='ocrx_word' id='word_1_588' title='bbox 1861 4381 1910 4439; x_wconf 85' lang='lat' dir='ltr'><strong><em>D</em></strong></span> 
     </span>
    </p>
   </div>
   <div class='ocr_carea' id='block_1_87' title="bbox 1953 3141 2417 3197">
    <p class='ocr_par' dir='ltr' id='par_1_87' title="bbox 1953 3141 2417 3197">
     <span class='ocr_line' id='line_1_87' title="bbox 1953 3141 2417 3197; baseline 0.015 -5"><span class='ocrx_word' id='word_1_589' title='bbox 1953 3148 2062 3193; x_wconf 88' lang='lat' dir='ltr'><strong>tem</strong></span> <span class='ocrx_word' id='word_1_590' title='bbox 2095 3141 2316 3197; x_wconf 90' lang='lat' dir='ltr'><strong>elicere.</strong></span> <span class='ocrx_word' id='word_1_591' title='bbox 2414 3186 2417 3189; x_wconf 57' lang='grc' dir='ltr'>η</span> 
     </span>
    </p>
   </div>
   <div class='ocr_carea' id='block_1_88' title="bbox 2056 3271 3406 3356">
    <p class='ocr_par' dir='ltr' id='par_1_88' title="bbox 2056 3271 3406 3356">
     <span class='ocr_line' id='line_1_88' title="bbox 2056 3271 3406 3356; baseline 0.014 -30"><span class='ocrx_word' id='word_1_592' title='bbox 2056 3271 2273 3343; x_wconf 72' lang='grc'><strong>1108</strong></span> <span class='ocrx_word' id='word_1_593' title='bbox 2293 3274 2481 3330; x_wconf 76' lang='lat' dir='ltr'><strong>XLIX.</strong></span> <span class='ocrx_word' id='word_1_594' title='bbox 2509 3307 2579 3317; x_wconf 93' lang='lat'><strong>-—</strong></span> <span class='ocrx_word' id='word_1_595' title='bbox 2599 3278 2867 3336; x_wconf 79' lang='lat' dir='ltr'><strong>Damiano</strong></span> <span class='ocrx_word' id='word_1_596' title='bbox 2897 3285 3137 3356; x_wconf 79' lang='lat' dir='ltr'><strong>episcopo</strong></span> <span class='ocrx_word' id='word_1_597' title='bbox 3172 3287 3406 3344; x_wconf 81' lang='lat' dir='ltr'><strong>Sidonis.</strong></span> 
     </span>
    </p>
   </div>
   <div class='ocr_carea' id='block_1_89' title="bbox 2034 3382 3513 3467">
    <p class='ocr_par' dir='ltr' id='par_1_89' title="bbox 2034 3382 3513 3467">
     <span class='ocr_line' id='line_1_89' title="bbox 2034 3382 3513 3467; baseline 0.015 -30"><span class='ocrx_word' id='word_1_598' title='bbox 2034 3382 2225 3439; x_wconf 90' lang='lat' dir='ltr'><strong>Solent</strong></span> <span class='ocrx_word' id='word_1_599' title='bbox 2248 3387 2472 3455; x_wconf 75' lang='lat' dir='ltr'><strong>specula</strong></span> <span class='ocrx_word' id='word_1_600' title='bbox 2511 3388 2844 3447; x_wconf 88' lang='lat' dir='ltr'><strong>intuentium</strong></span> <span class='ocrx_word' id='word_1_601' title='bbox 2894 3395 3080 3450; x_wconf 88' lang='lat' dir='ltr'><strong>vultus</strong></span> <span class='ocrx_word' id='word_1_602' title='bbox 3103 3413 3513 3467; x_wconf 62' lang='lat' dir='ltr'><strong>repraesentare.</strong></span> 
     </span>
    </p>
   </div>
   <div class='ocr_carea' id='block_1_90' title="bbox 1946 3473 3521 3559">
    <p class='ocr_par' dir='ltr' id='par_1_90' title="bbox 1946 3473 3521 3559">
     <span class='ocr_line' id='line_1_90' title="bbox 1946 3473 3521 3559; baseline 0.013 -32"><span class='ocrx_word' id='word_1_603' title='bbox 1946 3473 2137 3544; x_wconf 89' lang='lat' dir='ltr'><strong>Itaque</strong></span> <span class='ocrx_word' id='word_1_604' title='bbox 2160 3476 2253 3545; x_wconf 92' lang='lat' dir='ltr'><strong>qui</strong></span> <span class='ocrx_word' id='word_1_605' title='bbox 2281 3477 2471 3532; x_wconf 91' lang='lat' dir='ltr'><strong>oculos</strong></span> <span class='ocrx_word' id='word_1_606' title='bbox 2500 3478 2557 3533; x_wconf 92' lang='lat' dir='ltr'><strong>in</strong></span> <span class='ocrx_word' id='word_1_607' title='bbox 2584 3479 2674 3533; x_wconf 87' lang='lat' dir='ltr'><strong>illa</strong></span> <span class='ocrx_word' id='word_1_608' title='bbox 2710 3483 3032 3553; x_wconf 82' lang='lat' dir='ltr'><strong>conjiciunt,</strong></span> <span class='ocrx_word' id='word_1_609' title='bbox 3085 3501 3212 3542; x_wconf 86' lang='lat' dir='ltr'><strong>suas</strong></span> <span class='ocrx_word' id='word_1_610' title='bbox 3256 3491 3361 3559; x_wconf 90' lang='lat' dir='ltr'><strong>ipsi</strong></span> <span class='ocrx_word' id='word_1_611' title='bbox 3408 3492 3521 3547; x_wconf 90' lang='lat' dir='ltr'><strong>for-</strong></span> 
     </span>
    </p>
   </div>
   <div class='ocr_carea' id='block_1_91' title="bbox 1946 3567 3518 3649">
    <p class='ocr_par' dir='ltr' id='par_1_91' title="bbox 1946 3567 3518 3649">
     <span class='ocr_line' id='line_1_91' title="bbox 1946 3567 3518 3649; baseline 0.011 -30"><span class='ocrx_word' id='word_1_612' title='bbox 1946 3580 2064 3621; x_wconf 89' lang='lat' dir='ltr'><strong>mas</strong></span> <span class='ocrx_word' id='word_1_613' title='bbox 2094 3567 2302 3623; x_wconf 88' lang='lat' dir='ltr'><strong>vident.</strong></span> <span class='ocrx_word' id='word_1_614' title='bbox 2332 3569 2448 3624; x_wconf 85' lang='lat' dir='ltr'><strong>Hoc</strong></span> <span class='ocrx_word' id='word_1_615' title='bbox 2476 3570 2621 3625; x_wconf 89' lang='lat' dir='ltr'><strong>idem</strong></span> <span class='ocrx_word' id='word_1_616' title='bbox 2648 3572 2816 3628; x_wconf 88' lang='lat' dir='ltr'><strong>etiam</strong></span> <span class='ocrx_word' id='word_1_617' title='bbox 2840 3584 3103 3645; x_wconf 67' lang='lat' dir='ltr'><strong>praestant</strong></span> <span class='ocrx_word' id='word_1_618' title='bbox 3124 3579 3345 3649; x_wconf 68' lang='lat' dir='ltr'><strong>pupillae</strong></span> <span class='ocrx_word' id='word_1_619' title='bbox 3380 3596 3518 3636; x_wconf 91' lang='lat' dir='ltr'><strong>ocu-</strong></span> 
     </span>
    </p>
   </div>
   <div class='ocr_carea' id='block_1_92' title="bbox 1942 3657 3518 3740">
    <p class='ocr_par' dir='ltr' id='par_1_92' title="bbox 1942 3657 3518 3740">
     <span class='ocr_line' id='line_1_92' title="bbox 1942 3657 3518 3740; baseline 0.01 -29"><span class='ocrx_word' id='word_1_620' title='bbox 1942 3657 2159 3723; x_wconf 89' lang='lat' dir='ltr'><strong>lorum;</strong></span> <span class='ocrx_word' id='word_1_621' title='bbox 2202 3658 2411 3715; x_wconf 89' lang='lat' dir='ltr'><strong>alienas</strong></span> <span class='ocrx_word' id='word_1_622' title='bbox 2456 3661 2659 3733; x_wconf 90' lang='lat' dir='ltr'><strong>quippe</strong></span> <span class='ocrx_word' id='word_1_623' title='bbox 2719 3661 2921 3735; x_wconf 85' lang='lat' dir='ltr'><strong>figuras</strong></span> <span class='ocrx_word' id='word_1_624' title='bbox 2975 3666 3029 3721; x_wconf 91' lang='lat' dir='ltr'><strong>in</strong></span> <span class='ocrx_word' id='word_1_625' title='bbox 3059 3681 3119 3721; x_wconf 91' lang='lat' dir='ltr'><strong>se</strong></span> <span class='ocrx_word' id='word_1_626' title='bbox 3170 3668 3302 3737; x_wconf 89' lang='lat' dir='ltr'><strong>ipsis</strong></span> <span class='ocrx_word' id='word_1_627' title='bbox 3335 3672 3518 3740; x_wconf 86' lang='lat' dir='ltr'><strong>expri-</strong></span> 
     </span>
    </p>
   </div>
   <div class='ocr_carea' id='block_1_93' title="bbox 1942 3748 3513 3823">
    <p class='ocr_par' dir='ltr' id='par_1_93' title="bbox 1942 3748 3513 3823">
     <span class='ocr_line' id='line_1_93' title="bbox 1942 3748 3513 3823; baseline 0.01 -21"><span class='ocrx_word' id='word_1_628' title='bbox 1942 3757 2118 3803; x_wconf 88' lang='lat' dir='ltr'><strong>munt.</strong></span> <span class='ocrx_word' id='word_1_629' title='bbox 2147 3748 2278 3805; x_wconf 88' lang='lat' dir='ltr'><strong>Tale</strong></span> <span class='ocrx_word' id='word_1_630' title='bbox 2308 3750 2591 3823; x_wconf 89' lang='lat' dir='ltr'><strong>quidpiam</strong></span> <span class='ocrx_word' id='word_1_631' title='bbox 2616 3755 2803 3810; x_wconf 89' lang='lat' dir='ltr'><strong>evenit</strong></span> <span class='ocrx_word' id='word_1_632' title='bbox 2831 3764 2886 3812; x_wconf 88' lang='lat' dir='ltr'><strong>et</strong></span> <span class='ocrx_word' id='word_1_633' title='bbox 2920 3758 3199 3814; x_wconf 88' lang='lat' dir='ltr'><strong>sanctitati</strong></span> <span class='ocrx_word' id='word_1_634' title='bbox 3229 3769 3354 3816; x_wconf 71' lang='lat' dir='ltr'><strong>tuae.</strong></span> <span class='ocrx_word' id='word_1_635' title='bbox 3392 3762 3513 3818; x_wconf 89' lang='lat' dir='ltr'><strong>Non</strong></span> 
     </span>
    </p>
   </div>
   <div class='ocr_carea' id='block_1_94' title="bbox 1941 3839 3509 3917">
    <p class='ocr_par' dir='ltr' id='par_1_94' title="bbox 1941 3839 3509 3917">
     <span class='ocr_line' id='line_1_94' title="bbox 1941 3839 3509 3917; baseline 0.008 -22"><span class='ocrx_word' id='word_1_636' title='bbox 1941 3839 2090 3895; x_wconf 91' lang='lat' dir='ltr'><strong>enim</strong></span> <span class='ocrx_word' id='word_1_637' title='bbox 2117 3840 2521 3899; x_wconf 82' lang='lat' dir='ltr'><strong>deformitatem</strong></span> <span class='ocrx_word' id='word_1_638' title='bbox 2573 3854 2815 3900; x_wconf 87' lang='lat' dir='ltr'><strong>nostram</strong></span> <span class='ocrx_word' id='word_1_639' title='bbox 2864 3848 3179 3917; x_wconf 66' lang='lat' dir='ltr'><strong>conspexit:</strong></span> <span class='ocrx_word' id='word_1_640' title='bbox 3229 3851 3324 3906; x_wconf 89' lang='lat' dir='ltr'><strong>sed</strong></span> <span class='ocrx_word' id='word_1_641' title='bbox 3356 3867 3509 3907; x_wconf 89' lang='lat' dir='ltr'><strong>suam</strong></span> 
     </span>
    </p>
   </div>
   <div class='ocr_carea' id='block_1_95' title="bbox 1942 3932 3510 4004">
    <p class='ocr_par' dir='ltr' id='par_1_95' title="bbox 1942 3932 3510 4004">
     <span class='ocr_line' id='line_1_95' title="bbox 1942 3932 3510 4004; baseline 0.011 -18"><span class='ocrx_word' id='word_1_642' title='bbox 1942 3932 2116 4002; x_wconf 90' lang='lat' dir='ltr'><strong>ipsius</strong></span> <span class='ocrx_word' id='word_1_643' title='bbox 2163 3935 2634 4004; x_wconf 87' lang='lat' dir='ltr'><strong>pulchritudinem</strong></span> <span class='ocrx_word' id='word_1_644' title='bbox 2657 3938 2798 3993; x_wconf 87' lang='lat' dir='ltr'><strong>vidit</strong></span> <span class='ocrx_word' id='word_1_645' title='bbox 2850 3948 2908 3994; x_wconf 90' lang='lat' dir='ltr'><strong>et</strong></span> <span class='ocrx_word' id='word_1_646' title='bbox 2934 3940 3202 3998; x_wconf 89' lang='lat' dir='ltr'><strong>admirata</strong></span> <span class='ocrx_word' id='word_1_647' title='bbox 3229 3953 3334 4000; x_wconf 89' lang='lat' dir='ltr'><strong>est.</strong></span> <span class='ocrx_word' id='word_1_648' title='bbox 3373 3947 3510 4003; x_wconf 90' lang='lat' dir='ltr'><strong>Nam</strong></span> 
     </span>
    </p>
   </div>
   <div class='ocr_carea' id='block_1_96' title="bbox 1940 4024 3511 4110">
    <p class='ocr_par' dir='ltr' id='par_1_96' title="bbox 1940 4024 3511 4110">
     <span class='ocr_line' id='line_1_96' title="bbox 1940 4024 3511 4110; baseline 0.011 -31"><span class='ocrx_word' id='word_1_649' title='bbox 1940 4024 2077 4079; x_wconf 89' lang='lat' dir='ltr'><strong>mihi</strong></span> <span class='ocrx_word' id='word_1_650' title='bbox 2109 4026 2332 4096; x_wconf 90' lang='lat' dir='ltr'><strong>quidem</strong></span> <span class='ocrx_word' id='word_1_651' title='bbox 2360 4029 2501 4082; x_wconf 91' lang='lat' dir='ltr'><strong>nihil</strong></span> <span class='ocrx_word' id='word_1_652' title='bbox 2529 4043 2724 4084; x_wconf 91' lang='lat' dir='ltr'><strong>eorum</strong></span> <span class='ocrx_word' id='word_1_653' title='bbox 2746 4031 2890 4086; x_wconf 90' lang='lat' dir='ltr'><strong>inest</strong></span> <span class='ocrx_word' id='word_1_654' title='bbox 2920 4048 3042 4103; x_wconf 65' lang='lat' dir='ltr'><strong>quae</strong></span> <span class='ocrx_word' id='word_1_655' title='bbox 3075 4035 3284 4092; x_wconf 88' lang='lat' dir='ltr'><strong>vidisti.</strong></span> <span class='ocrx_word' id='word_1_656' title='bbox 3334 4037 3511 4110; x_wconf 87' lang='lat' dir='ltr'><strong>Cupio</strong></span> 
     </span>
    </p>
   </div>
   <div class='ocr_carea' id='block_1_97' title="bbox 1940 4119 3509 4202">
    <p class='ocr_par' dir='ltr' id='par_1_97' title="bbox 1940 4119 3509 4202">
     <span class='ocr_line' id='line_1_97' title="bbox 1940 4119 3509 4202; baseline 0.01 -30"><span class='ocrx_word' id='word_1_657' title='bbox 1940 4126 2121 4174; x_wconf 84' lang='lat' dir='ltr'><strong>tamen</strong></span> <span class='ocrx_word' id='word_1_658' title='bbox 2148 4119 2317 4175; x_wconf 89' lang='lat' dir='ltr'><strong>verba</strong></span> <span class='ocrx_word' id='word_1_659' title='bbox 2367 4120 2471 4175; x_wconf 89' lang='lat' dir='ltr'><strong>ista</strong></span> <span class='ocrx_word' id='word_1_660' title='bbox 2528 4122 2696 4178; x_wconf 89' lang='lat' dir='ltr'><strong>rebus</strong></span> <span class='ocrx_word' id='word_1_661' title='bbox 2740 4123 3084 4192; x_wconf 66' lang='lat' dir='ltr'><strong>confirmari,</strong></span> <span class='ocrx_word' id='word_1_662' title='bbox 3138 4128 3509 4202; x_wconf 88' lang='lat' dir='ltr'><strong>pietatemque</strong></span> 
     </span>
    </p>
   </div>
   <div class='ocr_carea' id='block_1_98' title="bbox 1940 4213 3504 4282">
    <p class='ocr_par' dir='ltr' id='par_1_98' title="bbox 1940 4213 3504 4282">
     <span class='ocr_line' id='line_1_98' title="bbox 1940 4213 3504 4282; baseline 0.009 -18"><span class='ocrx_word' id='word_1_663' title='bbox 1940 4219 2086 4265; x_wconf 90' lang='lat' dir='ltr'><strong>tuam</strong></span> <span class='ocrx_word' id='word_1_664' title='bbox 2107 4227 2226 4276; x_wconf 85' lang='lat' dir='ltr'><strong>oro,</strong></span> <span class='ocrx_word' id='word_1_665' title='bbox 2259 4219 2322 4267; x_wconf 89' lang='lat' dir='ltr'><strong>ut</strong></span> <span class='ocrx_word' id='word_1_666' title='bbox 2350 4213 2611 4282; x_wconf 81' lang='lat' dir='ltr'><strong>precibus</strong></span> <span class='ocrx_word' id='word_1_667' title='bbox 2649 4213 2870 4281; x_wconf 76' lang='lat' dir='ltr'><strong>eﬂlciat,</strong></span> <span class='ocrx_word' id='word_1_668' title='bbox 2907 4232 2978 4273; x_wconf 87' lang='lat' dir='ltr'><strong>ne</strong></span> <span class='ocrx_word' id='word_1_669' title='bbox 3027 4219 3336 4277; x_wconf 82' lang='lat' dir='ltr'><strong>claudicent</strong></span> <span class='ocrx_word' id='word_1_670' title='bbox 3383 4225 3504 4277; x_wconf 86' lang='lat' dir='ltr'><strong>lau-</strong></span> 
     </span>
    </p>
   </div>
   <div class='ocr_carea' id='block_1_99' title="bbox 1938 4302 2624 4360">
    <p class='ocr_par' dir='ltr' id='par_1_99' title="bbox 1938 4302 2624 4360">
     <span class='ocr_line' id='line_1_99' title="bbox 1938 4302 2624 4360; baseline 0.007 -5"><span class='ocrx_word' id='word_1_671' title='bbox 1938 4302 2035 4357; x_wconf 88' lang='lat' dir='ltr'><strong>des</strong></span> <span class='ocrx_word' id='word_1_672' title='bbox 2066 4304 2298 4359; x_wconf 88' lang='lat' dir='ltr'><strong>veritate</strong></span> <span class='ocrx_word' id='word_1_673' title='bbox 2327 4303 2624 4360; x_wconf 53' lang='lat' dir='ltr'><strong>destituta.</strong></span> 
     </span>
    </p>
   </div>
   <div class='ocr_carea' id='block_1_100' title="bbox 2501 4390 2515 4418">
    <p class='ocr_par' dir='ltr' id='par_1_100' title="bbox 2501 4390 2515 4418">
     <span class='ocr_line' id='line_1_100' title="bbox 2501 4390 2515 4418; baseline 0 0"><span class='ocrx_word' id='word_1_674' title='bbox 2501 4390 2515 4418; x_wconf 76' lang='grc' dir='ltr'><em>Ι</em></span> 
     </span>
    </p>
   </div>
   <div class='ocr_carea' id='block_1_101' title="bbox 2242 4517 3199 4586">
    <p class='ocr_par' dir='ltr' id='par_1_101' title="bbox 2242 4517 3199 4586">
     <span class='ocr_line' id='line_1_101' title="bbox 2242 4517 3199 4586; baseline 0.001 -4"><span class='ocrx_word' id='word_1_675' title='bbox 2242 4529 2301 4583; x_wconf 86' lang='lat' dir='ltr'><strong>L.</strong></span> <span class='ocrx_word' id='word_1_676' title='bbox 2334 4560 2404 4568; x_wconf 93' lang='lat'><strong><em>—</em></strong></span> <span class='ocrx_word' id='word_1_677' title='bbox 2427 4536 2444 4551; x_wconf 86' lang='lat'>&#39;</span> <span class='ocrx_word' id='word_1_678' title='bbox 2478 4528 2728 4586; x_wconf 76' lang='lat' dir='ltr'><strong>Gerontio</strong></span> <span class='ocrx_word' id='word_1_679' title='bbox 2748 4517 3199 4584; x_wconf 44' lang='lat' dir='ltr'><strong>archimandriitoz.</strong></span> 
     </span>
    </p>
   </div>
   <div class='ocr_carea' id='block_1_102' title="bbox 2004 4642 3501 4714">
    <p class='ocr_par' dir='ltr' id='par_1_102' title="bbox 2004 4642 3501 4714">
     <span class='ocr_line' id='line_1_102' title="bbox 2004 4642 3501 4714; baseline 0.005 -18"><span class='ocrx_word' id='word_1_680' title='bbox 2004 4642 2326 4697; x_wconf 81' lang='lat' dir='ltr'><strong>Animarum</strong></span> <span class='ocrx_word' id='word_1_681' title='bbox 2380 4651 2538 4698; x_wconf 91' lang='lat' dir='ltr'><strong>notas</strong></span> <span class='ocrx_word' id='word_1_682' title='bbox 2566 4658 2948 4713; x_wconf 67' lang='lat' dir='ltr'><strong>saepenumero</strong></span> <span class='ocrx_word' id='word_1_683' title='bbox 2996 4644 3259 4714; x_wconf 83' lang='lat' dir='ltr'><strong>exprimit</strong></span> <span class='ocrx_word' id='word_1_684' title='bbox 3305 4647 3501 4712; x_wconf 90' lang='lat' dir='ltr'><strong>oratio,</strong></span> 
     </span>
    </p>
   </div>
   <div class='ocr_carea' id='block_1_103' title="bbox 1932 4735 3505 4810">
    <p class='ocr_par' dir='ltr' id='par_1_103' title="bbox 1932 4735 3505 4810">
     <span class='ocr_line' id='line_1_103' title="bbox 1932 4735 3505 4810; baseline 0.003 -19"><span class='ocrx_word' id='word_1_685' title='bbox 1932 4745 1988 4791; x_wconf 91' lang='lat' dir='ltr'><strong>et</strong></span> <span class='ocrx_word' id='word_1_686' title='bbox 2011 4737 2187 4792; x_wconf 87' lang='lat' dir='ltr'><strong>visum</strong></span> <span class='ocrx_word' id='word_1_687' title='bbox 2222 4735 2494 4807; x_wconf 81' lang='lat' dir='ltr'><strong>fugientes</strong></span> <span class='ocrx_word' id='word_1_688' title='bbox 2514 4736 2732 4790; x_wconf 86' lang='lat' dir='ltr'><strong>illarum</strong></span> <span class='ocrx_word' id='word_1_689' title='bbox 2775 4737 2992 4794; x_wconf 83' lang='lat' dir='ltr'><strong>formas</strong></span> <span class='ocrx_word' id='word_1_690' title='bbox 3023 4739 3281 4810; x_wconf 87' lang='lat' dir='ltr'><strong>patefacit</strong></span> <span class='ocrx_word' id='word_1_691' title='bbox 3310 4758 3322 4793; x_wconf 93' lang='lat'><strong>:</strong></span> <span class='ocrx_word' id='word_1_692' title='bbox 3359 4740 3505 4795; x_wconf 89' lang='lat' dir='ltr'><strong>sicut</strong></span> 
     </span>
    </p>
   </div>
   <div class='ocr_carea' id='block_1_104' title="bbox 1933 4824 3499 4899">
    <p class='ocr_par' dir='ltr' id='par_1_104' title="bbox 1933 4824 3499 4899">
     <span class='ocr_line' id='line_1_104' title="bbox 1933 4824 3499 4899; baseline 0.004 -21"><span class='ocrx_word' id='word_1_693' title='bbox 1933 4841 2081 4880; x_wconf 90' lang='lat' dir='ltr'><strong>nunc</strong></span> <span class='ocrx_word' id='word_1_694' title='bbox 2110 4824 2359 4895; x_wconf 88' lang='lat' dir='ltr'><strong>profecto</strong></span> <span class='ocrx_word' id='word_1_695' title='bbox 2393 4824 2667 4895; x_wconf 67' lang='lat' dir='ltr'><strong>religiosae</strong></span> <span class='ocrx_word' id='word_1_696' title='bbox 2692 4825 2889 4882; x_wconf 79' lang='lat' dir='ltr'><strong>litterae</strong></span> <span class='ocrx_word' id='word_1_697' title='bbox 2926 4836 3030 4883; x_wconf 68' lang='lat' dir='ltr'><strong>ture</strong></span> <span class='ocrx_word' id='word_1_698' title='bbox 3057 4829 3316 4899; x_wconf 88' lang='lat' dir='ltr'><strong>pietatem</strong></span> <span class='ocrx_word' id='word_1_699' title='bbox 3347 4838 3499 4885; x_wconf 87' lang='lat' dir='ltr'><strong>tuam</strong></span> 
     </span>
    </p>
   </div>
   <div class='ocr_carea' id='block_1_105' title="bbox 1931 4918 3501 4992">
    <p class='ocr_par' dir='ltr' id='par_1_105' title="bbox 1931 4918 3501 4992">
     <span class='ocr_line' id='line_1_105' title="bbox 1931 4918 3501 4992; baseline 0.004 -19"><span class='ocrx_word' id='word_1_700' title='bbox 1931 4918 2322 4973; x_wconf 79' lang='lat' dir='ltr'><strong>exhibuerunt.</strong></span> <span class='ocrx_word' id='word_1_701' title='bbox 2349 4918 2570 4973; x_wconf 87' lang='lat' dir='ltr'><strong>Etenim</strong></span> <span class='ocrx_word' id='word_1_702' title='bbox 2610 4919 2849 4974; x_wconf 85' lang='lat' dir='ltr'><strong>tribunal</strong></span> <span class='ocrx_word' id='word_1_703' title='bbox 2883 4920 3017 4976; x_wconf 90' lang='lat' dir='ltr'><strong>illud</strong></span> <span class='ocrx_word' id='word_1_704' title='bbox 3059 4931 3402 4992; x_wconf 80' lang='lat' dir='ltr'><strong>exspectare,</strong></span> <span class='ocrx_word' id='word_1_705' title='bbox 3445 4934 3501 4979; x_wconf 87' lang='lat' dir='ltr'><strong>et</strong></span> 
     </span>
    </p>
   </div>
   <div class='ocr_carea' id='block_1_106' title="bbox 1931 5008 3500 5084">
    <p class='ocr_par' dir='ltr' id='par_1_106' title="bbox 1931 5008 3500 5084">
     <span class='ocr_line' id='line_1_106' title="bbox 1931 5008 3500 5084; baseline 0.004 -22"><span class='ocrx_word' id='word_1_706' title='bbox 1931 5009 2147 5074; x_wconf 86' lang='lat' dir='ltr'><strong>timere,</strong></span> <span class='ocrx_word' id='word_1_707' title='bbox 2174 5017 2229 5063; x_wconf 90' lang='lat' dir='ltr'><strong>et</strong></span> <span class='ocrx_word' id='word_1_708' title='bbox 2264 5008 2561 5065; x_wconf 90' lang='lat' dir='ltr'><strong>advocatos</strong></span> <span class='ocrx_word' id='word_1_709' title='bbox 2586 5025 2858 5080; x_wconf 70' lang='lat' dir='ltr'><strong>quzerere,</strong></span> <span class='ocrx_word' id='word_1_710' title='bbox 2896 5021 2949 5067; x_wconf 89' lang='lat' dir='ltr'><strong>et</strong></span> <span class='ocrx_word' id='word_1_711' title='bbox 2997 5011 3374 5068; x_wconf 85' lang='lat' dir='ltr'><strong>defensionem</strong></span> <span class='ocrx_word' id='word_1_712' title='bbox 3404 5029 3500 5084; x_wconf 88' lang='lat' dir='ltr'><strong>pa-</strong></span> 
     </span>
    </p>
   </div>
   <div class='ocr_carea' id='block_1_107' title="bbox 1931 5098 3499 5175">
    <p class='ocr_par' dir='ltr' id='par_1_107' title="bbox 1931 5098 3499 5175">
     <span class='ocr_line' id='line_1_107' title="bbox 1931 5098 3499 5175; baseline 0.004 -22"><span class='ocrx_word' id='word_1_713' title='bbox 1931 5115 2072 5165; x_wconf 87' lang='lat' dir='ltr'><strong>rare,</strong></span> <span class='ocrx_word' id='word_1_714' title='bbox 2132 5098 2423 5155; x_wconf 89' lang='lat' dir='ltr'><strong>sollicitam</strong></span> <span class='ocrx_word' id='word_1_715' title='bbox 2472 5099 2541 5155; x_wconf 87' lang='lat' dir='ltr'><strong>de</strong></span> <span class='ocrx_word' id='word_1_716' title='bbox 2577 5101 2745 5156; x_wconf 89' lang='lat' dir='ltr'><strong>rebus</strong></span> <span class='ocrx_word' id='word_1_717' title='bbox 2778 5101 2981 5157; x_wconf 89' lang='lat' dir='ltr'><strong>divinis</strong></span> <span class='ocrx_word' id='word_1_718' title='bbox 3031 5103 3268 5158; x_wconf 89' lang='lat' dir='ltr'><strong>animam</strong></span> <span class='ocrx_word' id='word_1_719' title='bbox 3309 5115 3499 5175; x_wconf 76' lang='lat' dir='ltr'><strong>aperte</strong></span> 
     </span>
    </p>
   </div>
   <div class='ocr_carea' id='block_1_108' title="bbox 1930 5192 3494 5265">
    <p class='ocr_par' dir='ltr' id='par_1_108' title="bbox 1930 5192 3494 5265">
     <span class='ocr_line' id='line_1_108' title="bbox 1930 5192 3494 5265; baseline 0.002 -19"><span class='ocrx_word' id='word_1_720' title='bbox 1930 5192 2333 5247; x_wconf 87' lang='lat' dir='ltr'><strong>demonstrant.</strong></span> <span class='ocrx_word' id='word_1_721' title='bbox 2361 5192 2473 5248; x_wconf 83' lang='lat' dir='ltr'><strong>Nos</strong></span> <span class='ocrx_word' id='word_1_722' title='bbox 2526 5208 2658 5249; x_wconf 84' lang='lat' dir='ltr'><strong>vero</strong></span> <span class='ocrx_word' id='word_1_723' title='bbox 2701 5208 2894 5265; x_wconf 85' lang='lat' dir='ltr'><strong>segnes</strong></span> <span class='ocrx_word' id='word_1_724' title='bbox 2927 5203 2983 5249; x_wconf 87' lang='lat' dir='ltr'><strong>et</strong></span> <span class='ocrx_word' id='word_1_725' title='bbox 3039 5195 3390 5259; x_wconf 87' lang='lat' dir='ltr'><strong>somnolenti,</strong></span> <span class='ocrx_word' id='word_1_726' title='bbox 3430 5208 3494 5249; x_wconf 87' lang='lat' dir='ltr'><strong>ae</strong></span> 
     </span>
    </p>
   </div>
   <div class='ocr_carea' id='block_1_109' title="bbox 1928 5270 3492 5357">
    <p class='ocr_par' dir='ltr' id='par_1_109' title="bbox 1928 5270 3492 5357">
     <span class='ocr_line' id='line_1_109' title="bbox 1928 5270 3492 5357; baseline 0 -18"><span class='ocrx_word' id='word_1_727' title='bbox 1928 5270 2386 5348; x_wconf 34' lang='lat' dir='ltr'><strong>inertiaaa&#39;assueti,</strong></span> <span class='ocrx_word' id='word_1_728' title='bbox 2423 5292 2480 5340; x_wconf 90' lang='lat' dir='ltr'><strong>et</strong></span> <span class='ocrx_word' id='word_1_729' title='bbox 2508 5301 2707 5357; x_wconf 88' lang='lat' dir='ltr'><strong>magno</strong></span> <span class='ocrx_word' id='word_1_730' title='bbox 2739 5298 2966 5356; x_wconf 88' lang='lat' dir='ltr'><strong>precum</strong></span> <span class='ocrx_word' id='word_1_731' title='bbox 3003 5284 3210 5340; x_wconf 78' lang='lat' dir='ltr'><strong>auxilio</strong></span> <span class='ocrx_word' id='word_1_732' title='bbox 3242 5294 3492 5357; x_wconf 82' lang='lat' dir='ltr'><strong>egentes.</strong></span> 
     </span>
    </p>
   </div>
   <div class='ocr_carea' id='block_1_110' title="bbox 1925 5369 3491 5443">
    <p class='ocr_par' dir='ltr' id='par_1_110' title="bbox 1925 5369 3491 5443">
     <span class='ocr_line' id='line_1_110' title="bbox 1925 5369 3491 5443; baseline 0.003 -18"><span class='ocrx_word' id='word_1_733' title='bbox 1925 5369 2104 5437; x_wconf 87' lang='lat' dir='ltr'><strong>Quare</strong></span> <span class='ocrx_word' id='word_1_734' title='bbox 2147 5370 2247 5426; x_wconf 86' lang='lat' dir='ltr'><strong>has</strong></span> <span class='ocrx_word' id='word_1_735' title='bbox 2280 5373 2442 5427; x_wconf 90' lang='lat' dir='ltr'><strong>nobis</strong></span> <span class='ocrx_word' id='word_1_736' title='bbox 2497 5374 2809 5443; x_wconf 87' lang='lat' dir='ltr'><strong>suppedita,</strong></span> <span class='ocrx_word' id='word_1_737' title='bbox 2859 5374 2955 5428; x_wconf 88' lang='lat' dir='ltr'><strong>Dei</strong></span> <span class='ocrx_word' id='word_1_738' title='bbox 2991 5373 3388 5436; x_wconf 84' lang='lat' dir='ltr'><strong>amantissime,</strong></span> <span class='ocrx_word' id='word_1_739' title='bbox 3429 5386 3491 5433; x_wconf 87' lang='lat' dir='ltr'><strong>ul.</strong></span> 
     </span>
    </p>
   </div>
   <div class='ocr_carea' id='block_1_111' title="bbox 253 5448 1847 5541">
    <p class='ocr_par' dir='ltr' id='par_1_111' title="bbox 253 5448 1822 5524">
     <span class='ocr_line' id='line_1_111' title="bbox 253 5448 1822 5524; baseline 0.003 -22"><span class='ocrx_word' id='word_1_740' title='bbox 253 5448 352 5519; x_wconf 81' lang='grc' dir='ltr'><strong>λῆς</strong></span> <span class='ocrx_word' id='word_1_741' title='bbox 384 5448 702 5520; x_wconf 85' lang='grc' dir='ltr'><strong>προσευχῶν</strong></span> <span class='ocrx_word' id='word_1_742' title='bbox 729 5449 1050 5521; x_wconf 72' lang='grc' dir='ltr'><strong>ἐπικουρίας</strong></span> <span class='ocrx_word' id='word_1_743' title='bbox 1073 5448 1334 5519; x_wconf 81' lang='grc' dir='ltr'><strong>δεόμενοι.</strong></span> <span class='ocrx_word' id='word_1_744' title='bbox 1374 5452 1599 5524; x_wconf 78' lang='grc' dir='ltr'><strong>ὐρεξον</strong></span> <span class='ocrx_word' id='word_1_745' title='bbox 1639 5452 1822 5507; x_wconf 86' lang='grc' dir='ltr'><strong>τοίνυν</strong></span> 
     </span>
    </p>
   </div>
   <div class='ocr_carea' id='block_1_112' title="bbox 1954 5448 3473 5541">
    <p class='ocr_par' dir='ltr' id='par_1_112' title="bbox 1954 5464 3473 5541">
     <span class='ocr_line' id='line_1_112' title="bbox 1954 5464 3473 5541; baseline 0.004 -24"><span class='ocrx_word' id='word_1_746' title='bbox 1954 5477 2071 5518; x_wconf 82' lang='lat' dir='ltr'><strong>mne</strong></span> <span class='ocrx_word' id='word_1_747' title='bbox 2094 5464 2289 5520; x_wconf 86' lang='lat' dir='ltr'><strong>saltem</strong></span> <span class='ocrx_word' id='word_1_748' title='bbox 2323 5465 2646 5536; x_wconf 84' lang='lat' dir='ltr'><strong>evigilantes</strong></span> <span class='ocrx_word' id='word_1_749' title='bbox 2668 5467 2904 5536; x_wconf 86' lang='lat' dir='ltr'><strong>aliquam</strong></span> <span class='ocrx_word' id='word_1_750' title='bbox 2933 5467 3128 5522; x_wconf 80' lang='lat' dir='ltr'><strong>animae</strong></span> <span class='ocrx_word' id='word_1_751' title='bbox 3180 5480 3367 5522; x_wconf 83' lang='lat' dir='ltr'><strong>curam</strong></span> <span class='ocrx_word' id='word_1_752' title='bbox 3386 5481 3473 5541; x_wconf 81' lang='lat' dir='ltr'><strong>ge-</strong></span> 
     </span>
    </p>
   </div>
   <div class='ocr_carea' id='block_1_113' title="bbox 251 5539 1816 5617">
    <p class='ocr_par' dir='ltr' id='par_1_113' title="bbox 251 5539 1816 5617">
     <span class='ocr_line' id='line_1_113' title="bbox 251 5539 1816 5617; baseline 0.004 -24"><span class='ocrx_word' id='word_1_753' title='bbox 251 5540 480 5606; x_wconf 83' lang='grc' dir='ltr'><strong>ταύτας,</strong></span> <span class='ocrx_word' id='word_1_754' title='bbox 531 5539 933 5610; x_wconf 83' lang='grc' dir='ltr'><strong>θεοφιλέστατε,</strong></span> <span class='ocrx_word' id='word_1_755' title='bbox 965 5540 1051 5594; x_wconf 81' lang='grc' dir='ltr'><strong>ἵνα</strong></span> <span class='ocrx_word' id='word_1_756' title='bbox 1089 5539 1472 5608; x_wconf 82' lang='grc' dir='ltr'><strong>διαναστάντες</strong></span> <span class='ocrx_word' id='word_1_757' title='bbox 1511 5544 1607 5599; x_wconf 75' lang='grc' dir='ltr'><strong>νῦν</strong></span> <span class='ocrx_word' id='word_1_758' title='bbox 1665 5546 1816 5617; x_wconf 70' lang='grc' dir='ltr'><strong>γοῦν,</strong></span> 
     </span>
    </p>
   </div>
   <div class='ocr_carea' id='block_1_114' title="bbox 253 5627 1468 5703">
    <p class='ocr_par' dir='ltr' id='par_1_114' title="bbox 253 5627 1468 5703">
     <span class='ocr_line' id='line_1_114' title="bbox 253 5627 1468 5703; baseline 0.003 -18"><span class='ocrx_word' id='word_1_759' title='bbox 253 5630 567 5701; x_wconf 73' lang='grc' dir='ltr'><strong>ἐπιμέλειάν</strong></span> <span class='ocrx_word' id='word_1_760' title='bbox 603 5648 725 5684; x_wconf 88' lang='grc' dir='ltr'><strong>τινα</strong></span> <span class='ocrx_word' id='word_1_761' title='bbox 756 5630 857 5699; x_wconf 86' lang='grc' dir='ltr'><strong>τῆς</strong></span> <span class='ocrx_word' id='word_1_762' title='bbox 889 5627 1068 5700; x_wconf 77' lang='grc' dir='ltr'><strong>ψυχῆς</strong></span> <span class='ocrx_word' id='word_1_763' title='bbox 1092 5630 1468 5703; x_wconf 81' lang='grc' dir='ltr'><strong>ποιησώμεθα.</strong></span> 
     </span>
    </p>
   </div>
   <div class='ocr_carea' id='block_1_115' title="bbox 489 5723 1273 5788">
    <p class='ocr_par' dir='ltr' id='par_1_115' title="bbox 489 5723 1273 5788">
     <span class='ocr_line' id='line_1_115' title="bbox 489 5723 1273 5788; baseline 0.005 -3"><span class='ocrx_word' id='word_1_764' title='bbox 489 5725 758 5787; x_wconf 74' lang='grc' dir='ltr'><strong>ΡΑτιιοι..</strong></span> <span class='ocrx_word' id='word_1_765' title='bbox 801 5724 915 5787; x_wconf 78' lang='lat' dir='ltr'><strong>Gn.</strong></span> <span class='ocrx_word' id='word_1_766' title='bbox 960 5723 1273 5788; x_wconf 77' lang='lat' dir='ltr'><strong>LXXXIII.</strong></span> 
     </span>
    </p>
   </div>
   <div class='ocr_carea' id='block_1_116' title="bbox 1923 5569 2126 5610">
    <p class='ocr_par' dir='ltr' id='par_1_116' title="bbox 1923 5569 2126 5610">
     <span class='ocr_line' id='line_1_116' title="bbox 1923 5569 2126 5610; baseline 0.015 -3"><span class='ocrx_word' id='word_1_767' title='bbox 1923 5569 2126 5610; x_wconf 84' lang='lat' dir='ltr'><strong>ramus.</strong></span> 
     </span>
    </p>
   </div>
   <div class='ocr_carea' id='block_1_117' title="bbox 3028 5740 3098 5802">
    <p class='ocr_par' dir='ltr' id='par_1_117' title="bbox 3028 5740 3098 5802">
     <span class='ocr_line' id='line_1_117' title="bbox 3028 5740 3098 5802; baseline 0 0"><span class='ocrx_word' id='word_1_768' title='bbox 3028 5740 3098 5802; x_wconf 78' lang='lat'><strong>39</strong></span> 
     </span>
    </p>
   </div>
  </div>
