3924 6192
896 391 980 446 LI.
1008 423 1076 431 —-
1109 393 1310 464 Agapto
1336 395 1634 464 presbytero

566 502 903 556 Admiranda
960 503 1181 573 quidem
1221 515 1349 559 sunt
1398 505 1513 574 ipsa
1571 521 1669 574 per
1697 519 1755 558 se
1805 504 2063 574 przeclara

492 607 658 660 Opera
695 593 947 646 virtutis:
985 594 1080 646 sed
1123 594 1534 649 admirabiliora
1569 595 1850 657 videntur,
1877 594 1923 648 si
1953 594 2060 648 lin-

493 698 654 750 guam
691 689 848 735 nacta
915 682 1127 751 1109
1175 683 1304 749 sint,
1335 701 1456 754 qua:
1505 694 1698 739 ornate
1741 685 1831 739 illa
1874 683 2060 752 eloqui

495 773 687 841 possit.
724 772 966 836 Quorum
994 783 1250 827 neutrum
1315 776 1487 830 defuit
1537 775 1916 830 amantissimo
1966 774 2061 829 Dei

493 864 752 932 rpiSCOpO
799 865 1025 918 domino
1069 866 1313 921 Thomm.
1363 869 1496 922 Nam
1550 878 1604 923 et
1649 878 1934 938 susceptos
1963 883 2062 938 pro

494 958 694 1024 pietate
729 956 943 1010 labores
971 956 1085 1026 ipse
1128 960 1384 1024 contulit,
1437 969 1492 1014 et
1521 976 1642 1029 qua:
1704 960 1919 1013 labores
1961 975 2061 1028 pro

494 1047 760 1115 dignitate
842 1047 1126 1113 laudaret,
1191 1051 1502 1119 religiosam
1571 1051 1764 1104 habuit
1819 1050 2060 1119 linguam

494 1149 666 1191 tuam.
702 1138 856 1192 Illum
897 1155 1028 1192 vero
1065 1157 1161 1194 nos
1191 1141 1281 1194 tali
1332 1157 1455 1196 cum
1492 1141 1809 1195 testimonio
1840 1140 2063 1194 venien-

492 1236 599 1278 tem
628 1227 866 1280 vidimus
891 1229 1211 1298 jucundius,
1261 1231 1490 1302 ejusque
1539 1231 1692 1285 brevi
1748 1231 1815 1285 ad
1845 1239 2061 1300 tempus

491 1318 574 1370 usi
603 1333 921 1388 congressu,
951 1319 1017 1374 ad
1042 1320 1144 1374 sibi
1170 1323 1516 1376 commissam
1553 1322 1882 1377 dimisimus.

869 1539 979 1594 ιιι.
1011 1571 1080 1580 -
1107 1541 1213 1596 Iba:
1243 1545 1478 1614 episcopo
1505 1545 1707 1600 Edeste.

557 1647 874 1713 Communi,
896 1651 1113 1719 opinor,
1139 1654 1386 1707 onmium
1411 1655 1572 1708 saluti
1615 1657 1906 1712 consulens
1933 1659 2056 1712 uni-

1485 282 1969 343 TIIEODORETI
2011 281 2345 340 EPISCOPI
2386 281 2747 341 CYRENSIS

2473 395 2602 447 NA'.
2634 422 2701 432 —
2746 392 2993 462 Ἀγαπίῳ
3022 389 3471 459 πρεσϐυτέρῳ.

2249 505 2579 574 Ἀξιάγαστα
2631 505 2729 575 μὲν
2777 503 2918 557 αὐτά
2968 503 3092 557 καθ’
3122 503 3276 557 αὐτὰ,
3312 505 3440 573 τῆς
3470 502 3679 570 ἀρετῆς
3718 506 3769 553 :‘1

2164 595 2593 666 κατορθώματα·
2631 594 3069 663 ἀξιαγαστότερα
3109 594 3168 647 δέ
3199 594 3503 663 φαίνεται
3552 593 3769 660 γλώττης

2166 686 2510 756 ἐπιτυχόντα,
2545 683 2852 756 διηγεῖσθαι
2885 683 3159 754 λαμπρῶς
3211 683 3388 736 αὐτὰ
3445 681 3768 750 δυναμένης.

2164 773 2382 826 Τούτων
2419 774 2698 844 οὐδετέρου
2739 773 3037 844 διήμαρτεν
3081 776 3110 825 ό
3160 771 3638 841 θεοφιλέστατος
3679 773 3772 822 ἐπί-

2164 883 2366 929 σκοπος
2393 867 2422 918 ὁ
2476 864 2664 935 κύριος
2703 865 2938 933 Θωμᾶς’
2992 863 3129 917 ἀλλὰ
3173 865 3316 926 τοὺς
3369 861 3495 932 μὲν
3531 861 3674 931 ὑπὲρ
3694 866 3770 929 τῆς

2163 957 2443 1019 εὐσεϐείας
2462 955 2621 1018 αὐτὸς
2643 956 2951 1025 εἰσενήνοχε
2976 955 3168 1017 πόνους
3184 971 3197 984 ·
3223 954 3376 1024 ἔσχε
3403 952 3472 1004 δὲ
3500 953 3606 1004 καὶ
3627 951 3772 1018 γλώτι

2161 1067 2257 1103 ταν
2298 1047 2625 1102 ἐπαινοῦσαν
2681 1046 2843 1110 ἀξίως
2886 1047 3012 1108 τοὺς
3060 1048 3284 1109 πόνους,
3336 1044 3465 1112 τῆς
3503 1045 3611 1113 σῆς
3648 1045 3769 1112 φιλο-

2163 1142 2332 1204 θεῖας.
2377 1139 2565 1209 Ἡμεῖς
2592 1139 2648 1191 δὲ
2669 1139 2828 1190 αὐτὸν
2849 1137 2999 1206 ἥδιον
3026 1135 3408 1205 ἐθεασάμεθα
3439 1135 3597 1203 μετά
3616 1139 3771 1186 τοιαύ-

2160 1250 2262 1303 της
2313 1232 2644 1302 ἀφικόμενον
2675 1230 3010 1300 μαρτυρίαςσ
3045 1229 3139 1282 καὶ
3184 1229 3334 1297 πρὸς
3388 1227 3602 1293 ὀλίγον
3631 1227 3770 1278 aiach

2165 1323 2525 1396 μετασχόντες
2553 1323 2650 1391 τῆς
2699 1321 3006 1384 συνουσίας,
3053 1322 3132 1383 είς
3155 1319 3254 1390 τὴν
3309 1318 3771 1389 ἐγχειμσθεῖσαν

2164 1413 2600 1484 προεπέμψαμεν
2623 1413 2754 1482 (35).

2427 1530 2550 1598 NB’.
2591 1575 2657 1583 —
2691 1545 2811 1612 Ἶϐᾳ
2837 1543 3146 1608 ἑπισκόπῳ
3186 1541 3508 1608 Ἐδέσης.

2231 1659 2342 1729 Τῆς
2363 1661 2566 1730 κοινῆς,
2597 1653 2769 1728 οἶμαι,
2794 1654 3242 1727 προμηθούμενος
3267 1655 3589 1727 σωτηρίας
3611 1657 3640 1708 ό
3677 1656 3767 1710 τῶν

485 1753 772 1793 versurum
808 1742 948 1794 Deus
986 1743 1324 1798 calamitates
1364 1745 1574 1814 aliquas
1616 1746 1892 1816 aliquibus
1923 1749 2051 1804 irro-

2165 1747 2303 1802 ὅλων
2334 1748 2464 1813 Θεὸς
2508 1746 2796 1818 συμφοράς
2837 1746 3090 1815 ἐπιφέρει
3122 1747 3232 1798 τισί
3265 1764 3450 1810 τινας
3477 1789 3493 1809 ,
3545 1748 3640 1800 ἵνα
3672 1751 3767 1808 to"..-

489 1838 600 1898 gat,
641 1839 699 1883 ut
742 1829 828 1884 his
858 1831 1080 1900 quidem
1107 1835 1200 1902 qui
1233 1844 1531 1903 peccarunt
1564 1838 1867 1892 remediunt
1910 1840 2060 1893 salu-

483 1930 605 1976 tare
631 1923 703 1975 sit
725 1924 1021 1993 correptio,
1048 1925 1272 1980 virtutis
1295 1942 1426 1982 vero
1452 1929 1716 1984 studiosis
1741 1932 2062 1986 constantiae

489 2023 892 2085 argumentum,
917 2019 1292 2086 spectantibus
1315 2021 1550 2090 denique
1577 2023 1708 2076 utile
1729 2026 2058 2094 exemplum.

488 2107 737 2161 Solemus
763 2108 908 2162 enint
935 2118 1086 2164 metu
1110 2110 1513 2180 quodammodo
1533 2114 1753 2183 repleri,
1777 2130 1898 2168 cum
1924 2116 2062 2172 alios

486 2197 651 2266 plecti
699 2201 996 2255 cernimus.
1050 2201 1176 2255 llaac
1221 2203 1406 2255 animo
1451 2205 1824 2270 considerans,
1864 2207 2060 2262 Africa:

487 2288 626 2341 mala
679 2304 967 2344 commune
1018 2290 1233 2343 lucrum
1275 2291 1548 2347 existimo.
1599 2294 1842 2348 Primum
1886 2297 2054 2360 enim,

484 2377 771 2446 pristinam
813 2380 1032 2433 illorum
1065 2380 1314 2451 cogitans
1354 2381 1692 2448 felicitatem,
1721 2394 1776 2438 et
1815 2386 2058 2454 repenti-

484 2481 611 2519 nam
670 2469 890 2522 intuens
931 2472 1312 2535 mutationem,
1349 2472 1620 2527 volubiles
1666 2474 1829 2528 video
1877 2491 2058 2530 rerum

484 2555 850 2610 humanarum
881 2560 1293 2623 conversiones,
1321 2570 1378 2614 et
1409 2561 1610 2615 doceor
1646 2579 1748 2616 nec
1785 2565 2059 2632 prosperi—

484 2646 690 2700 tatibus
715 2647 870 2716 quasi
915 2650 1198 2718 perpetuis
1230 2650 1526 2712 confidere,
1559 2666 1660 2704 nec
1701 2651 2057 2708 adversitates

481 2735 633 2788 velut
679 2737 938 2790 molestas
980 2753 1122 2807 aegre
1171 2738 1335 2791 ferre.
1385 2735 1591 2793 ande
1637 2741 2054 2797 commissorum

477 2827 807 2882 delictorum
840 2844 1046 2889 renovo
1072 2830 1414 2893 memoriam,
1433 2837 1489 2884 et
1512 2840 1697 2884 metuo
1723 2847 1790 2884 ne
1817 2832 1869 2884 in
1897 2849 2058 2902 pares

479 2937 752 2976 aerumnas
798 2921 1057 2975 incidam.
1101 2922 1255 2976 Nunc
1297 2931 1479 2976 autem
1513 2922 1579 2976 ad
1621 2922 1737 2976 haec
1765 2924 2055 2978 scribenda

480 3029 601 3066 sum
649 3013 946 3082 impulsus,
999 3022 1060 3069 ut
1112 3013 1208 3066 Dei
1253 3015 1686 3067 amantissimum
1735 3017 2052 3084 episcopum

478 3105 810 3174 Cyprianum
861 3104 1134 3158 insinuem
1173 3104 1449 3158 sanctitati
1491 3112 1595 3158 tua:
1628 3123 1640 3157 :
1675 3105 1768 3174 qui
1805 3105 2050 3162 celeber-

482 3196 618 3249 rima
641 3201 653 3213 ‘
680 3205 835 3248 ortus
863 3211 928 3248 ex
959 3194 1160 3256 Africa.
1189 3205 1402 3249 exteras
1427 3206 1559 3251 oras
1583 3196 1876 3252 circumire
1902 3198 2052 3269 cogi-

480 3297 569 3339 tur
634 3297 857 3355 propter
919 3287 1312 3340 immanitatem
1382 3287 1763 3343 Barbarorum.
1818 3289 2052 3346 Litteras

459 3391 642 3445 porro
693 3376 850 3429 nobis
898 3377 1082 3430 attulit
1144 3376 1471 3430 sanctissimi
1524 3379 1737 3448 1110
1783 3380 2048 3450 episcopi,

475 3465 688 3519 domini
741 3466 985 3531 Eusebii,
1018 3467 1110 3536 qui
1145 3466 1457 3522 Galatarum
1509 3477 1724 3538 gentem
1777 3470 2052 3540 sapienter

475 3556 636 3626 regit.
667 3557 821 3611 Hunc
846 3558 1004 3611 solita
1034 3558 1414 3614 benevolentia
1441 3569 1730 3630 exceptum
1761 3562 1935 3631 pietas
1956 3571 2050 3617 tua

473 3641 677 3697 litteris
709 3659 926 3712 quoque
965 3644 1080 3698 suis
1117 3645 1184 3698 ad
1222 3644 1379 3710 alios,
1421 3663 1560 3717 quos
1590 3648 1756 3714 volet,
1797 3649 2050 3706 dominos

476 3730 685 3799 Deique
741 3733 1147 3788 amantissimos
1199 3735 1492 3806 episcopos
1542 3748 1954 3808 prosequatur:
1989 3750 2050 3796 ut

477 3822 763 3890 temporali
793 3823 1014 3891 quidem
1048 3825 1243 3880 solatio
1273 3827 1488 3882 fruatur
1521 3829 1658 3897 ipse,
1694 3830 1837 3886 Deus
1867 3841 2047 3888 autem

475 3911 717 3965 cmlestia
745 3913 852 3967 illis
883 3921 938 3968 et
970 3915 1188 3970 stabilia
1214 3917 1432 3988 praemia
1460 3919 1746 3975 retribuat.

650 4236 784 4290 Llll.
806 4268 874 4276 -—
896 4236 1190 4308 Sophronia
1217 4241 1453 4311 episcopo
1479 4239 1858 4297 Constantium.

543 4346 849 4402 Munifieam
889 4359 945 4403 et
985 4351 1214 4420 largam,
1245 4351 1358 4405 Deo
1386 4352 1726 4418 charissime,
1762 4355 2041 4411 dexteram

474 4447 619 4491 tuam
677 4455 786 4492 non
839 4439 1129 4509 ignorans,
1179 4440 1549 4496 desideratum
1600 4443 1814 4498 lucrum
1869 4447 2042 4503 offero

472 4531 746 4586 sanctitati
786 4529 910 4586 tuae.
948 4533 1416 4598 Quemadmodum
1450 4535 1596 4588 enim
1629 4536 1752 4590 illos
1785 4538 1879 4606 qui
1908 4555 2045 4608 pra:-

471 4622 724 4675 sentibus
767 4622 1002 4683 inhiant,
1041 4631 1297 4692 torquent
1330 4625 1366 4678 ii
1397 4625 1489 4696 qui
1521 4628 1877 4696 pecuniarum
1910 4631 2044 4686 sub-

468 4713 611 4766 sidio
638 4723 817 4783 egent,
844 4730 968 4768 cum
1009 4714 1064 4767 in
1096 4716 1285 4770 oculos
1315 4715 1606 4771 incurrunt
1635 4735 1646 4770 :
1677 4719 1756 4772 sic
1789 4720 2044 4778 liberales

469 4814 719 4858 recreant
756 4804 850 4872 qui
892 4805 1160 4875 ejusmodi
1206 4816 1353 4872 sunt,
1394 4823 1518 4862 cum
1548 4819 1872 4875 cernuntur,
1906 4827 2041 4880 quo-

466 4896 613 4949 niam
654 4897 896 4953 cmlestia
926 4903 1343 4970 concupiscunt.
1387 4904 1463 4957 Ex
1507 4904 1576 4958 iis
1605 4921 1734 4959 vero
1776 4922 1872 4976 per
1900 4923 2038 4977 quos

467 4986 557 5039 illa
584 4999 989 5058 comparantur,
1017 5007 1158 5045 unus
1187 5002 1271 5047 est
1298 4995 1407 5047 Deo
1437 4993 1792 5048 charissimus
1823 4997 2036 5064 episco-

466 5092 568 5146 pus
599 5075 921 5147 Cyprianus,
951 5081 1044 5150 qni
1077 5081 1206 5135 olim
1238 5083 1458 5151 quidem
1486 5084 1608 5137 aliis
1639 5083 1781 5138 inter
1809 5096 2036 5141 cteteros

463 5169 864 5225 subveniebat:
894 5189 1039 5226 nunc
1080 5189 1210 5226 vero
1253 5173 1447 5228 Africae
1495 5173 1701 5228 deﬂens
1742 5189 2031 5239 aerumnas,

463 5263 698 5316 aliorum
747 5277 942 5316 manus
992 5263 1236 5332 respicit,
1273 5274 1328 5318 et
1369 5264 1480 5318 Deo
1523 5263 1841 5318 devotarum
1877 5281 2033 5319 men-

465 5356 602 5409 tium
643 5353 1028 5408 liberalitatem
1053 5362 1355 5423 exSpectat.
1401 5353 1636 5407 Fruetur
1674 5368 1808 5423 ergo
1834 5362 1889 5406 et
1920 5353 2036 5422 ipse

681 5530 833 5581 πόλιν
863 5528 1014 5582 addit
1039 5528 1208 5596 Neap.
1846 5578 1849 5580 .

541 5593 649 5660 (36)
683 5597 938 5650 Εὐλαλίου
981 5608 1098 5652 erat
1141 5593 1277 5655 forte
1326 5598 1379 5652 in
1410 5599 1529 5654 cod.
1585 5599 1846 5653 Vaticano
1892 5597 2033 5666 apud

459 5657 662 5715 ωλι-ου.
697 5666 892 5720 Annal.
921 5668 987 5721 ad
1018 5683 1143 5722 ann.
1177 5669 1298 5736 440,
1331 5678 1367 5723 t.
1403 5669 1488 5735 γι,
1521 5689 1574 5742 p.
1609 5685 1680 5722 In.
1713 5670 1762 5731 θ,
1803 5667 1894 5720 ubi
1924 5657 2035 5721 base

2165 1841 2267 1912 μὲν
2288 1841 2667 1912 ἡμαρτηκόσιν
2688 1837 3008 1904 ἀλεξίκακον
3040 1837 3073 1906 ἡ
3098 1837 3320 1890 παιδεία
3353 1838 3610 1909 γένηται
3641 1839 3761 1907 φάρ-

2163 1948 2359 2002 μακον,
2396 1933 2508 1994 τοῖς
2535 1931 2591 1983 δὲ
2622 1930 2725 1998 τῆς
2750 1929 2951 2001 ἀρετῆς
2987 1929 3251 2000 ἀθληταῖς
3283 1930 3628 2000 καρτερίας
3651 1931 3762 1982 ὑπό-

2161 2022 2329 2088 θεσις,
2359 2026 2470 2084 τοῖς
2495 2020 2550 2073 δέ
2574 2035 2637 2088 γε
2675 2019 2880 2082 ταύτας
2921 2019 3217 2090 θεωμένοις
3260 2021 3613 2090 ἀρχέτυπον
3654 2021 3758 2088 όνη-
3843 2045 3845 2072 ς

2163 2115 2405 2183 σιφόρον.
2445 2114 2777 2183 Πεφύκαμεν
2795 2112 2903 2182 γάρ
2930 2129 3049 2174 πως
3079 2110 3574 2182 ἀναπίμπλασθαι
3597 2111 3752 2173 δέους,

2160 2205 2352 2269 ἄλλους
2387 2205 2836 2276 τιμωρουμένους
2860 2203 3112 2274 ὁρῶντες.
3145 2202 3333 2256 Ταῦτα
3370 2202 3748 2300 λογιζόμενος,
3843 2243 3845 2300 γ

2158 2296 2229 2349 τὰ
2257 2295 2354 2366 τῆς
2400 2293 2606 2361 Λιϐύης
2663 2293 2806 2347 κακά
2857 2293 3047 2362 κέρδος
3101 2294 3498 2364 ὑπολαμϐάνω
3564 2294 3747 2347 κοινόν.

2161 2387 2382 2457 Πρῶτον
2424 2387 2521 2456 μὲν
2557 2386 2666 2456 γάρ
2690 2386 2790 2454 τὴν
2820 2384 3091 2455 προτέραν
3127 2385 3355 2437 ἐκείνων
3406 2383 3745 2454 ἐνθυμούμε-

2157 2495 2247 2539 νος
2275 2477 2595 2549 εὐπραξίαν,
2629 2478 2722 2531 καὶ
2770 2477 2980 2548 βλέπων
3025 2477 3125 2547 τὴν
3161 2477 3372 2546 ἀθρόαν
3411 2475 3736 2546 μεταόολὴν,

2157 2569 2267 2640 ὁρῶ
2295 2568 2402 2622 τῶν
2434 2569 2792 2638 ἀνθρωπίνων
2825 2568 3166 2638 πραγμάτων
3187 2568 3288 2631 τὰς
3328 2571 3475 2637 ἀγχι
3487 2566 3737 2635 στρόφους

2155 2659 2364 2730 τροπάς
2389 2699 2404 2723 ,
2449 2661 2541 2712 καὶ
2573 2660 2900 2728 διδάσκομαι
2952 2660 3092 2728 μήτε
3138 2661 3257 2722 ταῖς
3292 2658 3639 2728 εὐημερίαις
3668 2657 3729 2716 ὡς

2155 2686 2361 2730 τρυπας
2389 2699 2404 2723 τ
2450 2686 2541 2712 και
2573 2686 2900 2728 υιοασκυμαι
2952 2686 3092 2728 μηδι
3138 2686 3254 2722 ταις
3292 2686 3634 2728 ιυημςριαις
3668 2686 3727 2716 υ),
3839 2686 3845 2798 Ι

2154 2748 2399 2820 διαρκέσι
2428 2748 2673 2820 θαρρεῖν,
2713 2749 2851 2819 μήτε
2889 2748 2988 2808 τάς
3017 2747 3350 2817 δυσκληρίας
3392 2747 3479 2809 ὼς
3505 2744 3732 2815 χαλεπὰς
3839 2801 3842 2812 ἲ

2154 2839 2550 2910 δυσχεραίνειν.
2572 2835 2706 2892 Εἶτα
2734 2839 2844 2890 τῶν
2884 2837 3451 2907 πεπλημμελημένων
3483 2835 3723 2890 dvenae-3o

2157 2945 2255 2998 μαι
2281 2929 2380 2998 τὴν
2416 2930 2655 2999 μνήμην,
2680 2930 2774 2982 καὶ
2800 2928 3012 2981 δέδοικα
3035 2927 3108 2998 μὴ
3138 2932 3250 2991 τοῖς
3281 2928 3426 2992 ἴσοις
3460 2927 3724 2997 περιπέσω
3843 2910 3845 2983 l

2154 3018 2459 3088 παθήμασι.
2503 3018 2689 3072 Ταῦτα
2725 3019 2782 3071 δὲ
2815 3018 3021 3089 γράψαι
3073 3017 3167 3070 νῦν
3216 3018 3602 3087 ἠναγκάσθην,
3635 3016 3712 3067 τὸν

2155 3109 2561 3182 θεοφιλέστατον
2583 3111 2876 3166 ἐπίσκοπον
2911 3109 3230 3182 Κυπριανδν
3255 3109 3542 3180 γνώριμον
3563 3105 3711 3158 ποιῶν

2152 3207 2219 3275 τῇ
2247 3207 2314 3276 σῇ
2353 3206 2590 3276 ὁσιότητι
2617 3220 2628 3234 ·
2658 3204 2716 3267 ὃς
2742 3205 2979 3276 ὁρμᾶται
3012 3205 3108 3273 μὲν
3131 3203 3193 3255 ἐκ
3221 3203 3316 3273 τῆς
3349 3197 3708 3270 πολυθρυλλη-

2151 3313 2245 3349 του
2279 3296 2513 3367 Λιϐύης,
2547 3297 2892 3366 ἠνάγκασται
2940 3295 2997 3348 δὲ
3028 3293 3124 3364 τὴν
3171 3293 3329 3363 ξένην
3361 3292 3707 3362 περινοστεῖν.

2151 3386 2240 3440 διά
2265 3386 2362 3458 τὴν
2393 3386 2501 3440 τῶν
2535 3387 2825 3458 βαρϐάρων
2857 3385 3134 3454 ὠμότητα.
3168 3383 3488 3453 Γράμματα
3520 3380 3574 3432 δὲ
3596 3380 3708 3448 ἡμῖν

2149 3479 2446 3550 κεκόμικεν
2481 3478 2575 3531 τοῦ
2607 3478 2904 3531 ὁσιωτάτου
2930 3477 3232 3529 ἐπισκόπου
3262 3473 3358 3526 τοῦ
3399 3473 3590 3544 κυρίου
3618 3470 3705 3522 Εὐ-

2152 3571 2332 3624 σεδίου
2365 3571 2498 3641 (56),
2524 3569 2583 3634 ὃς
2614 3570 2674 3622 τὸ
2703 3568 2957 3622 Γαλατῶν
2977 3567 3128 3630 ἔθνος
3157 3566 3324 3619 ἰθύνει
3356 3564 3560 3631 σοφῶς.
3590 3558 3705 3612 Τού-

2147 3680 2239 3717 τον
2271 3663 2410 3734 μετά
2453 3663 2552 3733 τῆς
2584 3662 2849 3733 συνήθους
2895 3659 3295 3731 φιλοφροσύνης
3340 3651 3696 3722 ὑποδεξαμένη

2151 3771 2244 3808 σου
2273 3756 2305 3824 ἡ
2331 3752 2596 3824 φιλοθεῒα,
2630 3751 3011 3824 προπεμψάτω
3043 3749 3179 3820 μετὰ
3205 3749 3552 3819 γραμμάτων
3583 3739 3696 3810 πρδς

2147 3846 2240 3911 οὓς
2293 3847 2358 3902 ἂν
2408 3845 2568 3918 ἐθέλῃ
2621 3843 2844 3916 κυρίους
2891 3843 2985 3895 καὶ
3019 3840 3469 3908 θεοφιλεστάτους
3495 3831 3691 3890 ἐπισκό-

2149 3957 2284 4004 πους
2305 3955 2318 3968 ·
2355 3939 2422 3992 ἵν’
2455 3938 2618 4000 αὐτὸς
2654 3937 2751 4006 μὲν
2785 3935 2882 4005 τῆς
2907 3932 3120 4002 ἀγαθῆς
3147 3931 3437 4001 ἀπολαύσῃ
3470 3922 3689 3995 παραψυ-

2149 4031 2269 4101 χῆς.
2327 4028 2525 4100 ἀντιδῷ
2582 4027 2639 4081 δὲ
2689 4027 2870 4089 αὐτοῖς
2915 4024 2986 4078 τὰ
3018 4022 3315 4093 ἐπουράνια
3371 4021 3468 4074 καὶ
3514 4015 3686 4088 μόνιμα

2148 4120 2334 4190 κέρδη.

2218 4249 2343 4302 NI".
2375 4279 2447 4288 —
2467 4248 2782 4316 Σωφρονιῳ
2807 4246 3117 4313 ἐπισκόπῳ
3153 4243 3621 4306 Emerui-timc-

2217 4357 2326 4410 Καὶ
2369 4357 2430 4410 τὸ
2465 4355 2760 4428 φιλόδωρον
2808 4357 2902 4409 καὶ
2929 4355 2992 4408 τὸ
3027 4353 3400 4425 μεγαλόδωρον
3443 4353 3539 4420 τῆς
3580 4343 3676 4411 σῆς.

2145 4448 2550 4518 θεοφιλέστατε,
2587 4448 2768 4512 δεξιᾶς
2805 4447 3204 4517 ἐπιστάμενος,
3237 4444 3484 4515 προξενῶ
3518 4456 3601 4494 σου
3623 4435 3675 4502 τῇ

2145 4539 2379 4609 ὁσιότητι
2408 4536 2741 4608 ποθούμενον
2793 4538 3004 4608 κέρδος.
3041 4538 3252 4607 Ὠσπερ
3296 4536 3402 4605 γὰρ
3432 4536 3550 4595 τοὺς
3575 4528 3678 4593 περὶ

2143 4625 2213 4679 τά
2251 4628 2493 4697 παρόντα
2520 4627 2839 4698 κεχηνότας,
2869 4626 2919 4678 οἱ
2951 4629 3050 4697 τῆς
3088 4625 3175 4678 διὰ
3219 4625 3515 4695 χρημάτων
3543 4621 3655 4687 θερα

2145 4718 2301 4780 πείας
2331 4718 2574 4788 δεόμενοι
2605 4717 2827 4770 ἀνιῶσιν
2844 4716 3107 4787 ὁρώμενοι
3129 4733 3141 4745 ·
3181 4716 3323 4768 οὕτω
3356 4711 3674 4785 εὐφραίνουσι

2143 4810 2269 4871 τοὺς
2299 4807 2611 4878 φιλοτίμους
2641 4808 2688 4860 οἱ
2719 4806 2948 4859 τοιοῦτοι
2985 4806 3299 4876 φαινόμενοι
3327 4846 3342 4870 ,
3373 4802 3551 4871 ἐπειδὴ
3590 4797 3670 4848 τῶν

2145 4898 2483 4968 ἐπουρανίων
2528 4899 2864 4968 πραγμάτων
2917 4897 3176 4965 ἐφίενται.
3240 4891 3334 4959 Εἷς
3385 4896 3556 4947 τοίνυν
3587 4884 3671 4939 τῶν

2140 4988 2326 5042 ἐκεῖνα
2353 4988 2758 5059 προξενούντων
2789 4988 2935 5040 ἐστὶν
2959 4989 2987 5041 ὀ
3029 4985 3439 5054 θεοφιλέστατος
3487 4981 3667 5037 ἐπίσκε-

2139 5097 2240 5144 πος
2259 5081 2573 5152 Κυπριανός
2595 5096 2608 5111 ο
2633 5079 2692 5142 ὃς
2720 5079 2886 5132 πάλαι
2913 5077 3010 5148 μὲν
3025 5077 3135 5129 τῶν
3158 5075 3350 5138 ἄλλους
3381 5067 3667 5144 θεραπευόν-

2138 5189 2248 5226 των
2275 5172 2565 5243 ἐτύγχανεν
2595 5169 2686 5233 ὣν,
2715 5171 2810 5224 νῦν
2840 5170 2896 5224 δὲ
2928 5170 3029 5233 τάς
3057 5168 3156 5238 τῆς
3178 5168 3386 5237 Λιϐύης
3411 5156 3665 5258 τραγῳδῷ)

2143 5261 2448 5331 συμφορὰς,
2488 5263 2568 5325 εἰς
2595 5261 2692 5324 τὰς
2718 5260 2892 5314 ἄλλων
2918 5259 3217 5313 ἀποϐλέπει
3239 5262 3446 5328 χεῖρας,
3477 5258 3562 5310 καὶ
3584 5264 3665 5302 των

2143 5353 2404 5422 φιλοθέων
2456 5353 2644 5424 ψυχῶν
2695 5352 2796 5422 τὴν
2835 5350 3144 5421 φιλοτιμίαν
3178 5349 3490 5420 προσμένει.
3541 5347 3662 5398 Ἀπα-

2131 5529 2356 5600 epistola
2384 5537 2576 5600 exstat.
2616 5528 2719 5583 Sed
2753 5531 2872 5600 ejus
2915 5531 3153 5584 nominis
3199 5547 3260 5586 ac
3303 5531 3470 5584 aetatis
3519 5520 3663 5581 ιιιιυυέ

2134 5600 2273 5654 inter
2302 5598 2516 5653 Galatas
2546 5598 2832 5668 episcopus
2864 5601 3150 5669 reperitur.
