3924 6192
297 261 434 330 2229

1629 276 1994 339 EPISTOLA
2024 280 2239 342 LVIII.

3401 290 3477 354 12:
3503 298 3538 356 tt

288 377 540 433 λαυσάτω
568 380 744 438 τοίνυν
775 382 871 436 καὶ
894 383 1055 448 αὐτὸς
1084 385 1182 456 τῆς
1219 387 1318 457 σῆς
1357 386 1729 458 φιλαδελφίας,
1765 396 1849 446 καῖ

1963 397 2202 455 fraterna
2224 402 2493 459 cbaritate
2530 413 2641 465 tua.
2666 414 2721 459 et
2759 420 2883 459 eum
2930 407 3131 462 litteris
3158 407 3225 462 ad
3247 408 3383 465 alios
3407 429 3494 481 pot
3513 441 3537 453 -

291 469 431 537 μετά
466 471 802 542 γραμμάτων
834 474 969 545 πρὸς
1007 477 1227 547 έτέρους
1252 479 1669 551 προπεμφθήτω
1702 481 1860 553 λιμέ-

289 577 407 624 νας.

738 673 862 727 NA’.
887 705 959 716 —
1005 672 1408 746 Ἐορταστική.

361 778 427 831 Δί
460 778 601 833 θεῖαι
632 783 729 837 καὶ
764 786 1023 856 σωτήριοι
1067 788 1404 860 πανηγύρεις
1442 791 1539 844 καὶ
1571 792 1697 857 τοὺς
1729 794 1862 847 ἀθυ-

290 872 526 940 μοῦντας
562 873 971 945 ψυχαγωγοῦσι,
1011 880 1106 932 καὶ
1136 882 1263 945 τοὺς
1290 880 1664 953 εὑθυμοῢντας
1701 884 1862 937 εὐθυ-

290 962 553 1034 μοτέρους
601 964 852 1019 ποιοῦσν
906 969 1000 1022 καὶ
1039 968 1202 1024 τοῦτο
1227 974 1292 1043 τῇ
1324 973 1491 1045 πείρᾳ
1540 973 1858 1045 μεμάθηκα.

286 1054 415 1116 Τοῖς
446 1055 556 1126 γὰρ
588 1056 686 1126 τῆς
711 1056 949 1128 ἀθυμίας
979 1060 1377 1133 βαπτιζόμενος
1411 1064 1640 1136 κύμασι,
1676 1069 1860 1139 κρείτ-

284 1162 396 1199 των
422 1145 517 1198 τοῦ
560 1147 741 1218 ῥοθίου
790 1150 1095 1221 γεγένημαι
1131 1154 1261 1217 τοὺς
1293 1154 1402 1209 τῶν
1428 1156 1632 1228 ἑορτῶν
1651 1159 1861 1229 ὅρμους

288 1236 432 1291 ἰδών.
461 1238 722 1305 Εὑξάσθω
745 1241 926 1294 τοίνυν
952 1243 985 1312 ἡ
1016 1242 1295 1299 θεοσέϐειά
1319 1262 1437 1309 σου,
1461 1247 1644 1300 τέλεόν
1672 1266 1739 1319 με
1760 1250 1861 1320 τῆς

284 1328 489 1398 πικρᾶς
523 1327 729 1400 ταύτης
777 1330 947 1401 ζάλης
994 1332 1403 1407 ἀπαλλαγῆναι,
1450 1340 1543 1392 καὶ
1585 1340 1738 1412 παρά
1762 1340 1858 1393 τοῦ

282 1418 666 1487 φιλανθρώπου
718 1424 992 1478 Δεσπότου
1032 1425 1204 1499 λήθην
1242 1429 1364 1483 τινὰ
1418 1429 1518 1500 τῆς
1566 1431 1860 1502 ἀχθηδόνος

282 1508 486 1565 λαϐεῖν.

724 1606 851 1660 NE'.
877 1638 950 1648 —
997 1607 1407 1678 Ἓορταστική.

351 1720 623 1784 Χαλεπῶς
651 1723 751 1793 μὲν
779 1725 928 1795 ἡμᾶς
959 1726 994 1796 ἡ
1021 1725 1230 1797 ἀθυμία
1253 1726 1522 1798 διέθηκεν.
1559 1731 1724 1784 Φύσιν
1751 1732 1859 1802 γάρ
1890 1771 1934 1825 Β

283 1811 655 1882 ἀνθρωπείαν,
685 1814 799 1868 ἀλλ’
829 1815 932 1869 οὑκ
959 1817 1299 1888 ἀδαμαντίαν
1324 1820 1610 1891 ἐλάχομεν.
1642 1823 1754 1891 Τῆς
1803 1823 1861 1877 δὲ

282 1904 618 1973 Δεσποτικῆς
633 1906 986 1974 Ἐπιφανείας
998 1911 1034 1978 ή
1064 1910 1252 1981 μνήμη
1287 1911 1579 1982 φάρμακον
1609 1915 1861 1980 ἀλεξίκα-

282 1989 381 2042 κόν
405 2006 500 2060 μοι
530 1991 843 2064 γεγένηται.
884 1996 1094 2050 Αὐτίκα
1122 2000 1305 2053 τοίνυν
1340 2002 1436 2053 καὶ
1476 2002 1674 2072 γράφω
1719 2003 1863 2058 κατὰ

282 2079 376 2132 τὸν
404 2081 573 2151 νόμον
595 2086 694 2155 τῆς
712 2085 930 2156 ἑορτῆς,
953 2090 1048 2142 καὶ
1063 2090 1521 2162 προσφθέγγομαι
1548 2093 1649 2163 τὴν
1667 2095 1864 2164 ὑμετέ-

284 2186 387 2239 ραν
415 2172 915 2245 μεγαλοπρέπειαν,
953 2180 1021 2249 ἢν
1060 2179 1368 2253 εὐδοκιμεῖν
1414 2189 1509 2239 καὶ
1539 2185 1862 2259 διαπρέπειν

280 2260 671 2334 προσεύχομαι.

710 2356 865 2422 NG".
893 2387 939 2397 --
954 2387 966 2398 -
1014 2359 1427 2428 Ἑορταστική.

360 2465 625 2534 Ἀκμάζει
662 2467 761 2536 μὲν
790 2466 869 2521 ἔτι
894 2486 984 2538 μοι
1022 2470 1091 2523 τά
1121 2471 1223 2541 τῆς
1251 2472 1447 2544 λύπης,
1481 2478 1574 2529 καὶ
1609 2479 1859 2547 χαλεπῶς

276 2554 420 2623 αὕτη
454 2557 786 2625 προσϐάλλει
839 2557 920 2628 τῷ
967 2559 1250 2630 λογισμῷ*
1302 2564 1394 2616 τὸν
1420 2565 1481 2618 δὲ
1518 2566 1618 2637 τῆς
1665 2569 1859 2640 ἑορτῆς

280 2643 567 2714 πληρῶσαι
597 2646 761 2716 νόμον
791 2647 1061 2703 ὑπέλαϐον
1088 2649 1319 2706 δίκαιον.
1352 2654 1560 2708 Λύτίκα
1588 2656 1720 2724 γοῦν
1762 2659 1858 2711 καὶ⁵

278 2738 392 2798 τοῖς
445 2737 740 2807 γράμμασι
789 2737 1108 2809 κέχρημαι,
1160 2741 1257 2793 καὶ
1294 2741 1394 2810 τὴν
1426 2744 1713 2799 εὐλάϐειαν
1759 2764 1855 2801 σου

276 2827 758 2899 προσφθέγγομαι,
790 2830 884 2882 καὶ¹
911 2830 1012 2900 τῆς
1039 2830 1261 2903 ἀγάπης
1292 2834 1487 2888 ἐκτίνω
1523 2837 1583 2890 τὸ
1605 2838 1782 2909 χρέος.

631 2941 756 2998 NZ'.
800 2972 870 2983 --
897 2946 1197 3013 Εὐτρεχίῳ
1231 2947 1499 3018 ὑπάρχῳ.

1966 498 2055 542 tus
2092 493 2511 550 transmittetur.

2436 670 2567 727 LIV.
2602 704 2672 713 -ο
2701 675 3052 733 lleortastica.

2032 778 2240 834 Divina:
2269 794 2334 835 ac
2364 781 2631 840 salutares
2655 786 3033 845 solemnitates
3058 799 3115 847 et
3148 801 3375 849 maestos
3400 810 3537 851 con-

1960 869 2232 934 snlantur,
2263 878 2320 925 et
2342 872 2496 928 laatos
2523 874 2762 932 lzetiores
2794 879 3041 938 eﬂiciunt
3072 901 3085 936 :
3112 891 3276 954 atque
3306 885 3412 940 hoc
3433 904 3536 958 ego

1960 958 2295 1027 experientia
2330 961 2520 1017 didici.
2551 965 2686 1020 Nam
2717 983 2844 1023 cum
2875 971 3109 1027 tristitia:
3138 973 3396 1030 ﬂuctibus
3433 978 3536 1031 ub-

1961 1064 2175 1114 ruerer,
2217 1053 2391 1109 undas
2424 1058 2678 1125 superavi
2714 1059 2876 1115 simul
2920 1077 2985 1116 ac
3026 1064 3240 1119 dierum
3268 1065 3535 1122 festorum

1962 1147 2156 1205 portus
2194 1141 2403 1210 aspexi.
2454 1142 2587 1199 Oret
2623 1146 2807 1217 itaque
2850 1151 3079 1221 1111.
3106 1154 3282 1224 pietas
3323 1163 3434 1215 tua.
3476 1168 3538 1213 ut

1957 1230 2112 1298 gravi
2166 1231 2272 1288 hac
2312 1237 2551 1304 procella
2599 1239 2821 1306 penitus
2879 1241 3104 1309 liberer,
3144 1254 3201 1302 et
3238 1263 3270 1302 a
3300 1247 3539 1320 benigno

1961 1319 2194 1376 Domino
2221 1326 2477 1393 mmroris
2502 1326 2833 1387 oblivionem
2857 1335 3150 1402 quamdam
3173 1319 3463 1410 accipiam.

2452 1610 2560 1666 LV.
2591 1643 2658 1653 -—
2677 1613 3026 1671 Heortastica.

2032 1715 2171 1772 Male
2199 1733 2301 1773 nos
2328 1719 2512 1775 all'ecit
2541 1720 2785 1797 tristitia.
2810 1708 3079 1782 'Naturam
3106 1730 3309 1801 quippe
3337 1732 3536 1790 buma-

1962 1822 2089 1862 nam
2137 1808 2318 1865 sortiti
2363 1824 2589 1876 sumus,
2635 1827 2748 1867 non
2796 1814 3222 1873 adamantinam.
3271 1820 3537 1879 Remedio

1962 1907 2147 1955 autem
2173 1900 2309 1957 mihi
2338 1900 2443 1957 fuit
2472 1902 2785 1958 recordatio
2812 1904 3189 1976 Apparitionis
3213 1906 3532 1971 Dominicae.

1961 1990 2121 2046 Nunc
2157 1992 2325 2062 igitur
2371 2001 2427 2048 et
2465 1993 2651 2048 scribo
2698 1996 2853 2064 juxta
2902 2012 3109 2053 morem
3149 2000 3259 2056 diei
3298 2002 3445 2071 festi,
3480 2016 3537 2060 et

1962 2083 2421 2155 magnificentiam
2452 2094 2601 2140 tuam
2643 2087 2843 2152 saluto,
2867 2105 3031 2159 quam
3070 2092 3216 2148 clara
3246 2102 3303 2148 et
3334 2095 3535 2152 illustri

1962 2175 2105 2231 fama
2135 2175 2320 2233 vivere
2353 2178 2533 2249 cupio.

2416 2370 2547 2427 LVI.
2575 2376 2663 2411 —-‘
2686 2371 3041 2430 Heortam'ca.

2028 2478 2201 2548 Urget
2225 2479 2447 2548 quidem
2478 2480 2661 2536 adhuc
2689 2498 2775 2537 me
2805 2483 3046 2550 tristitia,
3064 2494 3125 2540 et
3147 2496 3385 2541 mentem
3406 2502 3530 2565 ματ

1956 2568 2100 2621 viter
2143 2571 2431 2623 concutit:
2472 2580 2713 2626 attamen
2751 2572 2861 2628 diei
2909 2574 3033 2630 festi
3078 2576 3252 2647 legem
3298 2577 3531 2647 implere

1952 2660 2161 2730 justum
2195 2660 2527 2717 existimavi.
2563 2664 2720 2719 Nunc
2757 2664 2945 2734 itaque
2971 2675 3028 2721 et
3056 2667 3259 2729 scribo,
3285 2677 3343 2723 et
3369 2684 3531 2724 reve-

1957 2748 2191 2802 rentiam
2234 2756 2384 2803 tuam
2429 2750 2638 2817 saluto,
2677 2760 2734 2808 et
2779 2753 3061 2811 cbaritatis
3105 2756 3355 2813 debitum
3405 2773 3533 2829 per-

1957 2838 2128 2893 solvo.

2308 2949 2466 3005 LVII.
2498 2980 2568 2990 ——
2599 2951 2880 3007 Eum-chio
2912 2955 3176 3026 prwfecto.

346 3054 587 3108 Δέδωκεν
609 3057 739 3127 ἡμῖν
763 3055 870 3108 τῶν
894 3056 1028 3110 ὅλων
1052 3058 1079 3110 ό
1107 3059 1380 3129 Πρύτανις
1411 3063 1504 3115 καὶ
1534 3064 1712 3130 τοῦτο,
1747 3067 1847 3138 τῆς

363 3144 550 3164 ,γιγηκ
645 3146 789 3164 ,,,,\,
871 3148 897 3164 Δ
1012 3149 1023 3164 ο
1109 3148 1133 3159 ο
1313 3151 1325 3164 ι
1425 3153 1437 3164 ι
1668 3157 1679 3164 .

2024 3060 2139 3115 Hoc
2179 3061 2346 3115 etiam
2376 3060 2538 3116 nobis
2570 3062 2818 3117 omnium
2856 3062 3056 3119 Rector
3088 3064 3333 3131 indulsit,
3366 3076 3427 3122 ut
3459 3069 3527 3123 de

278 3144 553 3216 ὑμετέρας
594 3146 964 3215 μεγαλοφυῖας
1001 3148 1234 3204 ἀκοῦσαι
1277 3151 1339 3204 τὺ
1375 3144 1565 3224 γέρας,
1598 3157 1690 3209 καὶ
1725 3173 1851 3209 συν-

273 3236 510 3307 ησθῆναι
533 3237 630 3307 μὲν
669 3237 798 3306 ὑμῖν
825 3237 968 3292 οὑτω
996 3241 1406 3311 τετιμημένοις,
1444 3247 1771 3318 συνησθῆναι
1794 3248 1851 3302 δὲ

272 3326 385 3386 τοῖς
413 3325 735 3394 ἀρχομένοις
759 3327 863 3379 ὑπὸ
880 3327 1142 3400 τοιαύτης
1165 3329 1497 3401 ίθυνομένοις
1521 3335 1846 3407 πραότητος.

287 3413 428 3481 Ἐγὼ
463 3414 518 3467 δὲ
557 3416 742 3469 ἄδικον
771 3416 957 3488 ᾠήθην
992 3422 1118 3490 σιγῇ
1172 3421 1377 3492 κρύψαι
1414 3424 1514 3494 τὴν
1559 3426 1846 3498 εὐθυμίαν,

269 3502 367 3556 καὶ
403 3502 477 3572 μὴ
518 3503 771 3587 δηλῶσαι
802 3504 1005 3579 ταύτην
1032 3511 1145 3572 τοῖς
1179 3512 1524 3581 γράμμασιν.
1565 3514 1689 3569 Ὅτι
1740 3517 1848 3587 γὰρ

273 3592 466 3665 θερμοὶ
517 3594 619 3664 τῆς
672 3583 947 3669 ὑμετέρας
1006 3600 1490 3672 μεγαλοπρεπείας
1528 3583 1848 3678 ὑπάρχομεν

272 3685 520 3757 ἐρασταὶ,
558 3689 688 3759 παρ’
723 3689 876 3760 ὑμῶν
904 3689 999 3744 τοῦ
1031 3693 1254 3763 φίλτρου
1288 3693 1387 3759 ’τὰς
1432 3697 1670 3767 ἀμοιϐάς
1699 3700 1848 3772 εἱλη·

269 3775 453 3842 φότες,
479 3776 770 3832 πέπεισται
794 3779 1011 3845 πάντως
1037 3784 1069 3853 ἡ
1096 3780 1348 3853 ,ὑμετέρα
1376 3786 1844 3863 μεγαλοπρέπεια.

287 3866 380 3928 Ὦς
413 3867 641 3938 ἐρασταὶ
660 3867 717 3921 δὲ
750 3868 1002 3933 τοιοῦτοι,
1033 3872 1124 3924 τδν
1147 3872 1253 3926 τῶν
1276 3873 1496 3942 ἀγαθῶν
1530 3878 1845 3951 ἱκετεύομεν

268 3959 526 4028 χορηγὸν,
562 3961 682 4023 ταῖς
709 3961 1079 4027 παντοδαπαῖς
1117 3963 1283 4019 αὑτοῦ
1323 3966 1552 4039 δωρεαῖς
1580 3969 1842 4041 περικλύο

273 4045 387 4110 ζειν
408 4047 552 4119 ὑμᾶς
574 4050 689 4105 ἀεί.

717 4161 851 4215 ΝΗ’.
875 4193 945 4205 -
974 4165 1147 4234 Νόμῳ
1176 4166 1397 4231 ὑπάτῳ.

338 4271 473 4343 Διχῆ
513 4289 604 4342 μοι
636 4272 851 4344 μερίζει
878 4272 977 4345 τὴν
1003 4274 1230 4346 γνώμην
1258 4279 1291 4347 ή
1320 4280 1448 4350 περὶ
1492 4280 1585 4334 τοῦ
1634 4283 1841 4355 γράψαι

268 4359 347 4434 τῷ
378 4360 626 4438 ὑμετέρῳ
648 4365 870 4435 μεγέθει
907 4367 1090 4441 βουλή.
1127 4370 1247 4424 Τῶν
1280 4371 1382 4442 μὲν
1413 4374 1522 4447 γὰρ
1559 4376 1839 4448 ὑμετέρων

268 4451 483 4520 φρενῶν
534 4453 691 4517 εἰδὼς
737 4452 1082 4527 ἐξηρτημένα
1136 4458 1204 4512 τὰ
1238 4460 1564 4532 πράγματα,
1606 4466 1703 4519 καὶ
1739 4466 1837 4530 τὰς

269 4543 456 4606 κοινάς
505 4544 633 4614 ὑμῖν
667 4545 1019 4617 ἐπικειμένας
1071 4550 1357 4620 φροντίδας
1396 4553 1561 4623 ὁρῶν,
1616 4557 1840 4627 ἄμεινον

269 4630 506 4702 ἠγοῦμαι
554 4634 710 4704 σιγᾷν
733 4649 746 4664 ⁸
775 4634 836 4687 τὸ
868 4635 999 4706 εύρὺ
1022 4635 1078 4689 δὲ
1111 4638 1272 4691 πάλιν
1314 4640 1408 4693 καὶ
1454 4641 1839 4718 πολυχώρητον

265 4722 366 4793 τῆς
388 4722 657 4793 ὑμετέρας
678 4725 1039 4798 ἐπιστάμενος
1068 4728 1325 4795 διανοίας,
1377 4735 1587 4806 σιωπᾷν
1619 4736 1719 4790 οὐκ
1744 4738 1845 4792 ἀνο

267 4812 482 4885 ἔχομαι,
504 4813 689 4879 δεδιὼς
714 4815 788 4888 μὴ
818 4818 1100 4890 ῥᾳστώνης
1129 4820 1350 4891 ὀφλήσω
1379 4826 1618 4896 γραφήν.
1648 4828 1843 4884 Κεντεῑ

262 4904 322 4959 δέ
353 4922 423 4978 με
455 4907 547 4962 καὶ
578 4908 772 4975 πόθος,
800 4910 859 4964 ὃν
896 4912 928 4982 ἡ
953 4911 1182 4985 βραχεῖα
1208 4913 1395 4982 γεῦσις
1426 4917 1525 4988 τῆς
1561 4918 1834 4992 ὑμετέρας

265 4996 548 5070 ἐνεποίησε
581 4998 730 5064 θέας.
772 5002 1180 5074 Ἐμφορηθῆναί
1209 5022 1277 5077 με
1317 5006 1425 5079 γὰρ
1451 5007 1650 5080 ταύτης
1682 5012 1834 5064 ἐστέ-

269 5104 402 5160 ρησε
421 5091 518 5161 τῆς
543 5096 952 5165 τρισμακαρίας
975 5096 1191 5168 ἐκείνης
1225 5098 1468 5170 κεφαλῆς
1492 5101 1524 5171 ἡ
1556 5100 1709 5164 νόσος
1743 5104 1834 5156 καὶ

263 5180 508 5253 τελευτή.
536 5176 611 5237 υὺ
635 5183 699 5254 δὴ
728 5184 888 5255 χάριν
912 5187 1114 5240 ἐπινοῶ
1146 5205 1237 5258 μοι
1266 5188 1557 5261 φάρμακον
1583 5190 1835 5262 ψυχαγωο

263 5273 390 5340 γίας
416 5274 487 5326 τὰ
517 5274 842 5346 γράμματα.
875 5276 979 5331 Τὸν
997 5279 1054 5333 δὲ
1076 5280 1182 5335 τῶν
1217 5281 1355 5335 ὅλων
1382 5282 1610 5336 ἱκετεύω
1637 5284 1835 5336 Δεσπό-

263 5380 385 5434 την,
422 5365 621 5419 ἰθύνειν
674 5366 831 5437 ὑμῶν
877 5367 967 5421 τὸν
1016 5368 1151 5439 βίον,
1180 5372 1276 5425 καὶ⁸
1328 5373 1515 5444 φέρειν
1547 5372 1608 5439 ἐξ
1632 5375 1832 5446 ούρίων

262 5456 351 5509 ἀεὶ
378 5495 394 5520 ,
444 5456 533 5511 ἵνα
580 5459 685 5529 τῆς
736 5458 1005 5530 ὑμετέρας
1054 5462 1394 5533 προμηθείας
1434 5466 1833 5538 ἀπολαύσωμεν

268 5564 500 5612 απαντες
521 5592 534 5605 .

1952 3151 2287 3206 excellentia:
2317 3161 2424 3206 tua:
2469 3153 2733 3223 dignitate
2775 3154 3113 3222 audiremus,
3143 3157 3355 3229 tibique
3401 3168 3525 3214 tan-
3582 3187 3584 3190 ν

1951 3249 2066 3295 tum
2097 3242 2361 3296 honorem
2386 3244 2584 3313 adepto
2606 3246 3026 3314 gratularemur,
3048 3249 3448 3318 gratularemur
3469 3260 3526 3305 et

1950 3332 2186 3387 subditis
2233 3349 2369 3402 quos
2417 3342 2565 3388 tanta
2612 3336 2752 3404 regit
2803 3339 3187 3395 mansuetudo.
3232 3342 3346 3413 Ego
3389 3359 3525 3398 vero

1950 3423 2201 3492 iniquum
2236 3423 2365 3478 duxi
2394 3424 2638 3479 laetitiam
2667 3426 2889 3481 silentio
2927 3434 3128 3498 tegere,
3168 3440 3225 3485 et
3261 3432 3403 3488 hanc
3430 3433 3523 3487 lit-

1948 3514 2082 3570 teris
2109 3530 2220 3569 non
2246 3514 2509 3570 indicare.
2528 3516 2683 3582 Quod
2709 3517 2857 3572 enim
2889 3519 3345 3590 magniﬁcentiam
3373 3532 3522 3578 tuam

1947 3620 2194 3660 amemus
2225 3605 2599 3669 vehementer,
2632 3614 2688 3660 et
2720 3622 2750 3661 a
2784 3608 2942 3663 vobis
2971 3624 3219 3664 amemur
3255 3611 3519 3676 vicissim,

1949 3704 2055 3751 tuae
2077 3712 2302 3768 prorsus
2327 3696 2744 3767 magnificentia:
2771 3714 3093 3769 persuasum
3120 3710 3222 3756 est.
3253 3701 3356 3769 Oui
3388 3719 3522 3776 ergo

1946 3791 2026 3846 sic
2070 3806 2338 3855 amamus,
2385 3791 2657 3847 bonorum
2699 3790 3013 3863 largitorem
3058 3792 3419 3860 obtestamur,
3460 3806 3522 3850 ut

1944 3882 2190 3937 omnium
2236 3883 2505 3938 donorum
2553 3896 2777 3937 suorum
2823 3883 3134 3940 afﬂuentem
3173 3886 3274 3944 tibi
3303 3886 3396 3943 det
3427 3901 3519 3941 co-

1944 3988 2107 4042 piam.

2155 4201 2368 4271 1112
2408 4201 2521 4273 (37)
2562 4202 2742 4258 LVIII.
2774 4234 2844 4243 —
2880 4204 3047 4259 Nomo
3080 4206 3301 4261 consuli.

2010 4308 2156 4367 Duas
2199 4308 2257 4364 in
2299 4318 2482 4380 partes
2522 4310 2770 4367 animum
2814 4327 2994 4368 meum
3033 4313 3229 4369 dividit
3260 4324 3514 4383 suscepta

1871 4434 1914 4487 υ
1940 4398 2010 4452 dc
2052 4399 2248 4455 dandis
2288 4401 2358 4454 ad
2403 4409 2455 4457 te
2498 4403 2698 4458 litteris
2737 4403 3080 4459 deliberatio.
3109 4402 3245 4459 Naln
3274 4420 3398 4460 cum
3447 4421 3514 4460 ex

1938 4491 2186 4546 consiliis
2217 4492 2326 4548 tuis
2360 4493 2602 4563 pendere
2634 4510 2725 4550 res
2754 4510 2945 4551 omnes
2968 4496 3297 4571 intelligam,
3328 4506 3384 4551 et
3411 4514 3511 4565 pu-

1941 4575 2113 4632 blicas
2156 4577 2212 4634 in
2263 4588 2316 4633 te
2353 4594 2516 4635 curas
2564 4581 2916 4648 incumbere,
2967 4592 3226 4653 praestare
3273 4583 3513 4640 arbitror

1939 4666 2123 4723 silere.
2170 4668 2242 4723 At
2287 4684 2413 4724 cum
2465 4674 2664 4729 mentis
2709 4683 2816 4729 tuae
2859 4691 3050 4731 rursus
3095 4676 3513 4746 amplitudinem

1940 4756 2406 4826 capacitatemque
2460 4770 2799 4830 perspectam
2850 4763 3109 4828 habeam,
3166 4772 3348 4822 tacere
3400 4782 3513 4820 non

1941 4843 2138 4908 audeo,
2168 4860 2239 4900 ne
2272 4861 2496 4901 accuser
2528 4848 2756 4905 inertiae.
2798 4850 3055 4909 Stimulat
3089 4855 3256 4911 etiam
3291 4871 3380 4912 me
3412 4857 3518 4913 dc-

1938 4934 2223 5000 siderium,
2257 4938 2400 5008 quod
2434 4938 2615 4995 brevis
2655 4953 2983 5013 conspectus
3025 4946 3103 5001 tui
3148 4955 3340 5018 gustus
3370 4947 3510 5020 inje-

1938 5026 2032 5080 cit.
2056 5025 2358 5093 Quominus
2387 5031 2535 5086 enim
2566 5033 2659 5088 illo
2688 5034 2940 5099 satiarer,
2969 5036 3182 5092 obstitit
3208 5036 3509 5094 beatissimi

1937 5108 2084 5169 illius
2113 5114 2215 5169 viri
2252 5118 2477 5175 morbus
2505 5130 2560 5175 et
2597 5122 2799 5178 obitus.
2835 5123 2989 5179 Unde
3021 5142 3167 5181 nunc
3200 5127 3380 5182 solatii
3420 5144 3509 5182 re-

1939 5206 2180 5261 medium
2210 5224 2278 5263 ex
2311 5210 2508 5267 litteris
2545 5223 2725 5283 capto.
2759 5215 3148 5273 Universorum
3188 5227 3370 5273 autem
3400 5219 3510 5274 Do-

1939 5299 2147 5354 minum
2179 5317 2298 5366 oro,
2328 5312 2388 5360 ut
2409 5304 2536 5362 vita:
2565 5314 2670 5360 tua:
2700 5322 2920 5362 cursum
2950 5319 3121 5379 regat,
3144 5311 3509 5381 secundisque

1938 5403 2154 5459 semper
2201 5393 2381 5447 ventis
2429 5396 2714 5463 provehat,
2753 5405 2812 5451 ut
2865 5400 3207 5467 providentia
3261 5408 3349 5457 tua
3399 5399 3507 5455 frui

1939 5494 2129 5535 omnes
2163 5482 2450 5550 possimus.

332 5659 444 5732 (57)
485 5660 860 5731 Interpretatio
917 5662 1077 5733 hujus
1116 5661 1354 5757 epistolae
1385 5665 1592 5743 Latina
1612 5755 1623 5765 .
1646 5681 1752 5765 est
1775 5672 1829 5729 in
1870 5676 2085 5736 Baronii
2117 5682 2317 5742 Annal.
2355 5687 2422 5743 ad
2453 5705 2579 5746 ann.
2612 5692 2737 5761 445,
2767 5701 2805 5748 ι.
2840 5694 2928 5763 VI,
2958 5712 3012 5770 p.
3041 5699 3126 5755 50.
