3924 6192
475 307 603 373 1231

973 420 1109 477 LIX.
1140 451 1205 460 —
1238 420 1557 477 Claudiano.

543 532 800 589 Sinceras
824 530 1092 587 amicitias
1116 546 1219 585 nec
1242 530 1543 585 dissolvere
1571 531 1818 584 locorum
1846 530 2054 584 distan-

474 624 549 679 tia
582 632 782 693 potest.
817 637 917 676 nec
952 632 1168 691 tempus
1203 631 1508 676 attenuare.
1540 622 1880 691 Corporibus
1905 622 2052 676 enim

473 722 655 779 nocet,
694 712 993 782 ﬂoremque
1029 712 1206 767 :etatis
1239 712 1423 782 eripit,
1459 721 1514 766 et
1547 713 1759 767 senium
1796 713 2005 767 inducit
2037 730 2050 766 :

473 802 730 856 amicitiae
756 812 937 856 autem
976 800 1087 855 vim
1119 810 1301 871 auget,
1330 803 1487 871 plura
1515 818 1814 872 suggerens
1855 803 2053 858 incita-

473 903 677 949 menta.
725 895 1017 964 PrOpterea
1057 905 1112 949 et
1152 911 1253 965 ego
1283 896 1471 949 multis
1504 911 1533 949 a
1573 905 1663 951 tua
1701 897 2055 967 magniﬁcen-

476 986 551 1038 tia
580 984 791 1039 distans
816 986 1166 1048 stationibus,
1192 986 1566 1040 salutatoriam
1596 988 1736 1042 hanc
1766 988 2050 1057 epistolam

475 1077 679 1141 scribo,
721 1077 977 1131 amicitiae
1012 1077 1268 1131 videlicet
1296 1078 1533 1132 stimulis
1562 1078 1839 1133 incitatus.
1871 1080 1885 1097 ⁴
1922 1079 2053 1149 Ejus

474 1182 608 1219 vero
643 1167 784 1219 lator
811 1177 895 1221 est
923 1167 1218 1221 Patroinus
1260 1167 1640 1233 draconarius,
1666 1171 1751 1222 vir
1782 1169 1852 1223 ob
1886 1170 2051 1223 animi

472 1256 733 1310 virtutem
778 1257 1086 1310 reverentia
1124 1256 1480 1327 dignissimus
1515 1276 1528 1309 :
1556 1259 1755 1328 quippe
1789 1260 1881 1329 qui
1909 1260 2050 1313 divi-

473 1347 560 1399 nis
605 1346 820 1415 legibus
857 1362 1048 1417 magna
1090 1362 1215 1402 cum
1255 1348 1539 1403 alacritate
1579 1348 1807 1418 obsequi
1846 1350 2047 1405 studet.

474 1437 577 1491 Per
619 1438 767 1491 hunc
789 1453 920 1507 ergo
946 1453 1014 1491 ne
1042 1454 1207 1509 grave
1227 1439 1317 1504 sit,
1347 1440 1432 1494 v‘ir
1457 1441 1924 1509 pra'stautissime,
1954 1443 2051 1497 de-

474 1526 826 1581 siderabilem
859 1527 1018 1583 nobis
1053 1529 1263 1598 1113
1306 1530 1660 1585 sublimitatis
1701 1540 1805 1586 tuzc
1840 1533 2049 1587 valetu-

474 1618 658 1673 dinem
707 1620 999 1685 nuutiare,
1049 1636 1173 1675 cum
1229 1622 1573 1691 optatissimo
1616 1624 1763 1678 exitu
1814 1626 2049 1693 promis-

474 1726 664 1767 SlOlllS.

683 1825 794 1879 LX.
830 1857 899 1865 —
930 1826 1179 1881 Dioscoro
1212 1830 1448 1900 episcopo
1480 1829 1839 1884 Alexandriaz.

542 1939 724 1994 Multis
762 1938 984 2009 quidem
1027 1948 1084 1995 et
1127 1941 1249 1997 aliis
1282 1942 1580 1998 virtutibus
1617 1943 1898 2014 praeditam
1929 1959 2049 2000 esse

471 2033 725 2087 audimus
771 2034 1115 2088 sanctitatem
1163 2042 1313 2088 tuam
1364 2034 1542 2105 (velox
1587 2035 1856 2104 siquidem
1908 2036 2051 2089 fama

470 2138 909 2191 quaquaversum
941 2123 1259 2178 discurrens
1285 2125 1530 2178 omnium
1564 2140 1727 2180 aures
1757 2126 1927 2197 gloria
1960 2134 2049 2180 tua

470 2214 778 2285 implevit);
812 2216 1049 2270 maxime
1084 2223 1265 2270 tamen
1312 2215 1610 2286 praedicant
1658 2232 1848 2272 omnes
1883 2218 2051 2272 animi

468 2307 816 2371 modestiam,
856 2323 1019 2377 quam
1065 2308 1184 2379 lege
1224 2309 1477 2363 sanciens
1506 2309 1769 2364 Dominus
1811 2310 2050 2381 seipsum

467 2400 628 2453 nobis
670 2400 977 2470 exemplqu
1015 2400 1301 2471 proposuit
1320 2401 1548 2457 dicens:
1584 2423 1600 2454 ι
1632 2403 1834 2459 Discite
1869 2420 1899 2458 a
1942 2420 2048 2471 me,

468 2487 597 2556 quia
627 2488 777 2541 mitis
805 2503 926 2542 sum
957 2495 1013 2541 et
1042 2489 1267 2544 humilis
1304 2491 1471 2544 corde
1499 2490 1563 2545 ³⁷.
1604 2512 1621 2543 ι
1668 2492 1871 2546 Natura
1904 2495 2051 2547 enim

469 2594 594 2632 cum
623 2578 691 2632 sit
713 2579 981 2643 excelsus,
1014 2580 1099 2633 vel
1128 2581 1312 2648 potius
1338 2581 1743 2637 excelsissimus
1764 2584 1927 2649 Deus,
1952 2585 2053 2637 mi-

470 2680 578 2723 tem
610 2677 665 2722 et
694 2668 957 2723 humilem
1000 2670 1242 2724 animum
1285 2681 1537 2741 suscepta
1577 2674 2046 2742 carneprobavit.

470 2761 528 2815 In
568 2761 723 2815 illum
763 2777 894 2832 ergo
938 2762 1180 2827 intuens,
1215 2763 1456 2827 domine,
1486 2764 1830 2819 subditorum
1862 2768 2048 2821 multi-

472 2854 721 2909 tudinem
765 2870 875 2909 non
921 2855 1170 2924 respicis,
1206 2871 1384 2925 neque
1422 2857 1569 2911 sedis
1610 2858 2046 2914 sublimitatem:

469 2946 567 3001 sed
611 2955 862 3001 naturam
904 2957 1139 3017 spectas,
1163 2955 1219 3002 et
1246 2949 1513 3003 volubiles
1543 2949 1667 3004 vita:
1696 2951 2046 3017 mutationes,

465 3037 782 3108 divinisque
821 3038 1034 3109 legibus
1077 3038 1418 3108 obsequeris,
1460 3057 1693 3110 quarum
1738 3042 2048 3098 observatio

471 3129 624 3198 regni
653 3129 917 3184 caelorum
942 3136 1027 3184 est
1049 3130 1411 3185 conciliatrix.
1440 3131 1549 3186 Hac
1577 3148 1678 3203 ego
1702 3133 1768 3187 de
1792 3136 2050 3191 sanctita-

472 3218 543 3272 tis
586 3226 694 3272 tua:
740 3218 1048 3273 humilitate
1086 3219 1290 3273 certior
1327 3220 1524 3285 factus,
1568 3239 1784 3278 sacrum
1826 3225 2048 3295 Deoque

472 3308 699 3365 charum
730 3320 896 3378 caput
928 3318 1080 3364 tuum
1118 3326 1215 3380 per
1240 3311 1452 3367 litteras
1482 3315 1735 3383 amplecti
1765 3316 1962 3381 audeo,
1993 3327 2049 3373 et

472 3414 665 3469 preces
691 3400 865 3454 oll‘ero
907 3417 1137 3470 quarum
1178 3401 1389 3458 fructus
1413 3412 1497 3457 est
1528 3406 1692 3459 salus.
1719 3406 1925 3462 Auctor
1948 3425 2047 3463 au-

474 3501 583 3545 tem
638 3492 771 3545 mihi
822 3492 1126 3547 litterarum
1177 3493 1401 3549 istarum
1452 3494 1555 3549 fuit
1607 3498 2049 3568 religiosissimus

473 3582 760 3652 presbyter
800 3583 1074 3638 Eusebius
1119 3601 1133 3635 :
1180 3584 1336 3655 cujus
1382 3585 1524 3641 istuc
1562 3588 1952 3656 profectionem
1990 3601 2050 3647 ut

472 3673 723 3743 cognovi,
758 3674 1043 3742 epistolam
1069 3675 1208 3730 hanc
1231 3676 1456 3741 dictavi,
1487 3685 1629 3733 tuam
1658 3693 1819 3734 orans
1844 3681 2047 3735 sancti-

468 3769 661 3821 tatem.
695 3770 807 3819 tum
860 3770 917 3816 ut
962 3764 1219 3832 precibus
1268 3765 1383 3820 suis
1430 3780 1531 3819 nos
1578 3758 1786 3833 fulciat,
1832 3777 1946 3823 tum
1990 3778 2050 3825 ut

472 3851 683 3906 litteris
715 3852 998 3922 Spirituale
1040 3855 1351 3909 convivium
1392 3857 1617 3923 inserat,
1653 3859 2050 3917 esurientibus-

471 3955 578 4009 que
601 3941 955 3997 admirandas
985 3945 1279 3999 verborum
1312 3948 1501 4017 epulas
1534 3950 1731 4004 mittat.

712 4224 925 4297 1114Ι
956 4226 1092 4281 LXI.
1123 4258 1189 4267 --
1217 4228 1458 4282 Archibio
1489 4229 1803 4302 presbytero.

538 4334 674 4390 Cum
712 4336 852 4391 duas
900 4353 1077 4407 nuper
1119 4348 1222 4393 tuae
1259 4339 1479 4408 pietatis
1510 4342 1769 4411 epistolas
1800 4343 2044 4413 accepis-

1456 302 1946 365 THEODORETI
1986 298 2322 359 EPISCOPI
2361 302 2721 364 CYllENSIS

2080 422 2131 475 Α

3631 304 3758 371 ιειε

2622 420 2750 473 NS’.
2782 451 2853 460 -—
2883 416 3256 486 Κλαυδίαν-ᾦ.

2228 527 2337 590 Τὰς
2367 527 2673 599 εἰλικρινεῖς
2699 531 2881 599 φιλίας
2916 530 3041 585 οὗτε
3071 531 3271 603 τοπικὴ
3301 530 3619 595 διάστασις
3657 533 3763 584 δια-

2156 618 2305 671 λύειν
2341 620 2534 689 ίσχύει,
2567 620 2691 673 οὔτε
2719 622 2907 692 χρόνος
2942 624 3223 694 ἐξιτήλους
3256 624 3607 695 ἐργάζεται.
3647 624 3764 685 Τοῖς

2159 708 2259 778 μὲν
2298 710 2405 779 γάρ
2429 710 2641 780 σώμασι
2671 713 3009 781 λυμαίνεται,
3044 716 3138 767 καὶ
3164 716 3225 768 τὸ
3273 715 3370 785 μὲν
3407 714 3594 778 ἄνθος
3629 716 3761 767 ἀπο·

2157 802 2310 872 συλᾷ,
2341 801 2402 854 τὸ
2428 802 2485 855 δὲ
2512 807 2690 874 γῆρας
2721 804 2917 873 ἐπάγει
2944 823 2958 839 ε
2992 807 3094 873 τῆς
3117 806 3261 875 δέηγε
3288 807 3488 874 φιλίας
3522 806 3688 871 αὔξει
3708 807 3763 859 τὸ

2155 891 2335 953 ἄνθος,
2362 891 2584 945 πλείονα
2615 892 2938 963 προσφέρων
2960 895 3027 945 τὰ
3061 893 3313 963 ζώπυρα.
3350 894 3463 946 Διά
3483 910 3575 944 τοι
3608 890 3759 945 τοῦτο

2154 980 2311 1050 κάγὼ
2333 982 2547 1045 πολλοῖς
2578 982 2837 1052 σταθμοῖς
2858 984 2954 1054 τῆς
2982 985 3081 1053 σῆς
3121 985 3633 1055 μεγαλοπρεπείας
3659 986 3756 1051 d9-

2154 1073 2423 1144 έστηκὼς,
2455 1075 2553 1146 τὴν
2578 1075 2949 1146 προσρητικὴν
2978 1076 3183 1146 ταύτην
3207 1077 3519 1147 ἐπιστολὴν
3538 1077 3753 1144 γράφω,

2152 1169 2262 1225 τοῖς
2295 1168 2393 1235 τῆς
2424 1166 2605 1233 φιλίας
2626 1166 2866 1236 δηλονότι
2895 1168 3217 1237 νυττόμενος
3261 1168 3555 1233 κέντροις.
3588 1169 3757 1235 Κομί-

2153 1257 2236 1321 ζει
2261 1259 2318 1311 δὲ
2350 1258 2556 1327 ταύτην
2598 1259 2909 1331 Πατρωῗνος
2940 1260 3339 1331 δρακωνάριος,
3376 1257 3541 1328 ἀνὴρ
3578 1257 3755 1320 αἰδοῦς

2151 1348 2446 1413 ἀξιώτατος
2465 1349 2551 1402 διὰ
2571 1349 2666 1420 τὴν
2689 1352 2786 1421 τῆς
2805 1352 2984 1421 ψυχῆς
3009 1351 3209 1422 ἀρετήν
3229 1366 3241 1378 ’
3266 1349 3393 1411 τοὺς
3427 1348 3556 1417 γὰρ
3580 1346 3754 1408 Gaio-4.;

2153 1439 2348 1508 νόμους
2378 1442 2517 1511 μετά
2546 1442 2747 1512 πολλῆς
2774 1443 3062 1511 φυλάττειν
3086 1440 3391 1512 προθυμίας
3430 1438 3751 1505 ἐπείγεται.

2154 1530 2403 1601 Μηνύσαι
2425 1532 2603 1585 τοίνυν
2623 1536 2757 1603 ἡμῖν
2783 1534 2850 1587 δι’
2877 1533 3063 1597 αὐτοῦ,
3098 1530 3563 1604 θαυμασιώτατε,
3587 1546 3753 1583 κατα-

2155 1619 2345 1684 ξίωσον
2362 1624 2459 1694 τὴν
2475 1624 2805 1692 άξιάγαστον
2827 1626 2960 1696 ἡμῖν
2987 1624 3081 1678 τοῦ
3106 1624 3201 1678 σοῦ
3233 1622 3515 1694 μεγέθους
3534 1620 3748 1689 ὑγείαν,

2153 1716 2247 1767 καὶ
2277 1716 2337 1767 τὸ
2365 1716 2690 1788 τριπόθητον
2722 1717 2821 1787 τῆς
2848 1716 3198 1788 ὑποσχέσεως
3230 1714 3435 1783 πέρας,

2186 1828 2262 1881 Ξ’.
2293 1856 2355 1869 --
2383 1829 2683 1897 Διοσκόρῳ
2710 1829 3027 1895 ἐπισκόπῳ
3067 1825 3542 1895 Ἀλεξανδρείας
3576 1824 3715 1895 (38)-

2224 1940 2447 2006 Πολλοῖς
2478 1943 2575 2012 μὲν
2608 1942 2717 2015 γάρ
2743 1941 2924 2006 ἄλλοις
2952 1942 3149 1996 είδεσιν
3181 1940 3381 2012 ἀρετῆς
3405 1937 3743 2008 κοσμεῖσθαι

2150 2032 2250 2104 τὴν
2269 2034 2367 2106 σὴν
2388 2033 2698 2105 ἁγιωσύνην
2718 2035 2990 2105 ἀκούομεν
3027 2034 3353 2103 (ὑπόπτερος
3376 2032 3499 2102 γὰρ
3520 2030 3555 2099 ἡ
3586 2029 3737 2098 φήμη

2153 2126 2386 2179 πάντοσε
2407 2127 2779 2197 διαδραμοῦσα
2804 2127 2905 2196 τῆς
2932 2126 3031 2197 σῆς
3060 2126 3309 2187 εὐκλείας
3342 2123 3445 2186 τάς
3480 2121 3736 2174 ἁπάντων

2154 2219 2448 2291 ἐνέπλησεν
2483 2218 2709 2288 ἀκοάς)ο
2730 2221 2828 2290 οὐχ
2857 2220 3058 2289 ἥκιστα
3086 2218 3143 2272 δέ
3179 2218 3417 2279 ἅπαντες
3457 2214 3656 2286 ᾄδουσι
3683 2208 3738 2263 τὸ

2150 2309 2245 2361 τοῦ
2278 2311 2625 2380 φρονήματος
2669 2309 2926 2380 μέτριονο
2970 2308 2998 2361 δ
3036 2307 3341 2377 νομοθετῶν
3380 2310 3410 2360 ό
3452 2304 3733 2371 Δεσπότης

2153 2398 2348 2451 ἐαυτὸν
2382 2399 2513 2467 ἡμῖν
2550 2398 2854 2467 ἀρχέτυπον
2894 2396 3204 2468 προύθηκεν
3233 2422 3267 2460 ,-
3292 2414 3310 2445 ι
3350 2391 3603 2451 Μάθετε,
3651 2389 3734 2439 λέ·-

2150 2506 2282 2557 γων,
2313 2489 2409 2542 ἀπ’
2442 2488 2598 2557 ἐμοῦ,
2630 2490 2713 2541 ὅτι
2747 2490 2921 2560 πρᾶός
2952 2490 3069 2558 εἰμι
3093 2488 3187 2541 καὶ
3206 2485 3465 2547 ταπεινὸς
3494 2486 3562 2551 τῇ
3599 2496 3727 2547 καρ·

2149 2580 2257 2650 δίᾳ.
2288 2599 2307 2632 ι
2348 2579 2510 2632 Φύσει
2531 2581 2640 2650 γάρ
2663 2580 2739 2632 ῶν
2761 2578 2982 2649 ὑψηλὸς,
3013 2578 3213 2648 μᾶλλον
3236 2578 3293 2631 δὲ
3320 2575 3555 2644 ὕψιστος
3582 2570 3725 2631 Θεὸς,

2149 2671 2209 2723 τὸ
2238 2672 2409 2741 πρᾶον
2438 2670 2531 2723 καὶ
2560 2671 2818 2723 ταπεινὸν
2837 2671 3265 2741 ἐνανορωπήσας
3282 2667 3577 2738 ἠσπάσατο
3606 2662 3724 2732 φρό·

2148 2779 2317 2832 νημα.
2346 2764 2437 2825 Εἰς
2466 2762 2630 2816 αὑτὸν
2660 2758 2751 2815 οὖν
2783 2762 3023 2832 ἀφορῶν,
3048 2762 3146 2831 οὐχ
3166 2763 3317 2831 ὁρᾷς,
3340 2760 3605 2820 δέσποτα,
3626 2753 3721 2804 τῶν

2148 2853 2469 2924 ἀρχομένων
2501 2853 2562 2905 τὸ
2612 2852 2811 2922 πλῆθος
2843 2893 2859 2917 ,
2914 2853 3035 2906 οὐδὲ
3074 2852 3183 2905 τῶν
3216 2851 3421 2921 Θρόνων
3468 2848 3533 2900 τὸ
3576 2845 3715 2914 ὕψος.

2148 2944 2285 2996 ἀλλὰ
2318 2945 2417 3015 τὴν
2450 2945 2609 3012 φύσιν
2644 2945 2884 3015 βλέπεις,
2919 2945 3013 2997 καὶ
3044 2944 3140 3008 τὰς
3181 2941 3588 3012 ἀγχιστρόφους
3634 2932 3716 2987 τοῦ

2102 3102 2115 3121 '
2153 3033 2267 3102 βίου
2295 3035 2617 3104 μεταϐολὰς,
2645 3037 2868 3100 καὶτοῖς
2900 3036 3061 3100 Θείοις
3083 3037 3265 3107 νόμοις
3293 3033 3627 3094 άκολουθεῖς,
3648 3021 3713 3080 ὧν

2152 3127 2184 3196 ἡ
2221 3125 2433 3197 φυλακὴ
2464 3126 2716 3197 προξενεῖ
2742 3126 2850 3181 τῶν
2873 3127 3117 3199 οὐρανῶν
3139 3127 3235 3198 τὴν
3260 3126 3440 3198 βασιλε
3452 3127 3559 3183 ίαν.
3592 3120 3713 3175 ταύ-

2148 3236 2247 3290 την
2281 3235 2374 3270 σου
2401 3221 2497 3288 τῆς
2528 3218 2807 3287 ὁσιότητος
2831 3220 2928 3289 τὴν
2955 3219 3460 3290 ταπεινοφροσύνην
3489 3216 3706 3274 ἀκούων,

2151 3307 2337 3379 θαρρῶ
2368 3307 2455 3360 διὰ
2481 3307 2826 3379 γραμμάτων
2856 3308 2956 3378 τὴν
2990 3308 3141 3379 ἱεράν
3170 3325 3262 3361 σου
3294 3308 3386 3360 καὶ
3418 3306 3538 3373 Θεῷ
3566 3302 3709 3370 φίλην

2157 3398 2603 3469 περιπτύξαοθαι
2661 3397 2931 3468 κεφαλὴν,
2967 3399 3057 3450 καὶ
3101 3396 3408 3469 προσευχάς
3448 3392 3707 3462 ἀπαγγέλ-

2148 3490 2227 3545 λω
2267 3490 2401 3561 (39),
2451 3484 2526 3543 ὧν
2572 3493 2599 3543 ὁ
2647 3491 2857 3562 καρπὸς
2895 3490 3159 3562 σωτηρία,
3212 3490 3480 3561 Πρόξενος
3516 3487 3570 3540 δέ
3627 3500 3702 3555 μοι

2149 3581 2354 3635 τούτων
2391 3583 2682 3653 γεγένηται
2708 3583 2817 3636 τῶν
2860 3582 3207 3653 γραμμάτων
3243 3584 3271 3634 ό
3304 3580 3701 3634 θεοσεϐέστατθς

2150 3672 2517 3745 πρεσϐύτερος
2568 3672 2863 3736 Εύσέδιος’
2909 3671 3007 3743 τὴν
3052 3671 3246 3724 αὐτόσε
3277 3670 3385 3739 γὰρ
3413 3664 3700 3745 ἀποδημίαν

2151 3764 2315 3819 αὐτοῦ
2348 3764 2554 3836 μαθὼν,
2578 3764 2891 3836 παραυτίκα
2916 3764 3014 3835 τὴν
3033 3763 3319 3832 ἐπιστολὴν
3342 3760 3696 3830 ὑπηγόρευσα,

2152 3854 2487 3926 παρακαλῶν
2538 3872 2630 3907 σου
2686 3854 2783 3924 τὴν
2842 3855 3101 3924 ἁγιότητα
3130 3895 3143 3919 ,
3211 3856 3331 3916 ταῖς
3387 3852 3485 3921 μὲν
3537 3845 3697 3915 εὐχαῖς

2150 3947 2297 4017 ἡμᾶς
2329 3944 2442 4016 (40)
2483 3946 2789 4014 ὑπερεῖσαι,
2816 3948 2926 4009 τοῖς
2955 3944 3008 3997 δὲ
3031 3944 3322 4016 γράμματι
3342 3941 3439 4010 τὴν
3475 3950 3696 4005 πνευμα-

2148 4034 2306 4106 τικὴν
2354 4035 2677 4099 πανδαισίαν
2725 4035 2976 4100 ἐνθεῖναι,
3024 4036 3118 4089 καὶ
3148 4032 3407 4086 πεινῶσιν
3436 4026 3694 4096 ἐκπέμψαι

2148 4123 2251 4194 τὴν
2282 4110 2612 4192 ἁξιάγαστον
2635 4125 2743 4177 τῶν
2766 4125 2941 4193 λόγων
2971 4125 3225 4194 εὐωχίαν.

2454 4236 2577 4290 ΞΑ¹⁸
2604 4266 2676 4277 -
2717 4238 2985 4306 Ἀρχιόἰῳ
3013 4235 3413 4305 πρεσϐυτέρῳ.

2217 4348 2333 4402 Οὐκ
2356 4346 2612 4417 ἠμέλησα
2636 4346 2734 4411 τὰς
2762 4346 2855 4400 δύο
2876 4348 3068 4422 πρώην
3099 4346 3389 4417 δεξάμενος
3409 4340 3688 4400 ἐπιστολὰς,

468 4442 604 4491 sem,
640 4444 747 4482 non
795 4439 1119 4499 aspernatus
1165 4446 1306 4497 sum,
1348 4433 1446 4487 sed
1488 4434 1682 4505 scripsi
1725 4450 1756 4489 e
1795 4437 2045 4507 vestigio,

2154 4438 2267 4493 ἀλλ’
2309 4438 2598 4492 ἐπέστειλα
2648 4439 2984 4508 παραυτίκα,
3044 4439 3136 4491 καὶ
3188 4437 3267 4507 τῷ
3326 4433 3690 4504 Θεοφιλεστάτῳ

466 4525 523 4572 et
578 4518 673 4573 Dei
730 4521 1107 4576 amantissimo
1158 4522 1479 4595 presbytero
1534 4525 1774 4580 Eusebio
1837 4527 2046 4584 litteras

465 4607 615 4663 dedi.
656 4608 1019 4666 Cunctatione
1059 4624 1243 4668 autem
1279 4615 1515 4684 quadam
1559 4618 1866 4689 iuterjecta,
1898 4620 2044 4688 quod

466 4716 706 4769 prmsens
743 4692 862 4757 erat
908 4703 1136 4759 dilatum
1179 4716 1282 4761 est.
1318 4708 1557 4780 Tempus
1598 4711 1743 4764 enim
1785 4712 2046 4783 deinceps

465 4790 609 4845 intra
634 4801 827 4861 portus
854 4795 1070 4865 navigia
1099 4799 1390 4864 continuit,
1418 4803 1581 4857 maris
1608 4802 1875 4857 denotaus
1904 4812 2041 4857 tem-

464 4892 761 4952 pestatem,
807 4894 863 4940 et
905 4897 1101 4942 nautas
1147 4891 1651 4962 gubernatoresque
1700 4910 1913 4949 cessare
1951 4895 2043 4964 ju-

462 4975 620 5028 bens.
654 4975 1131 5045 lnprazsenliarum
1180 4997 1312 5051 ergo
1360 4983 1605 5038 debitum
1638 4988 1880 5050 exsolvo,
1932 5003 2042 5041 non

462 5074 524 5121 ut
552 5080 661 5120 non
684 5065 937 5133 debeam,
965 5069 1061 5125 scd
1099 5080 1157 5124 ut
1196 5072 1442 5126 debitum
1476 5090 1724 5144 augeam.
1754 5076 1866 5129 Hoc
1893 5078 2041 5131 enim

460 5157 709 5211 debitum
741 5158 1027 5229 multiplex
1064 5162 1077 5181 ‘
1105 5160 1166 5215 lit
1190 5176 1315 5215 cum
1345 5162 1601 5217 solvitur.
1628 5164 1763 5217 Nam
1786 5166 1878 5234 qui
1907 5167 2045 5222 ami-

460 5246 603 5301 citia:
650 5246 797 5317 leges
844 5263 1064 5304 servare
1119 5250 1359 5315 student,
1404 5251 1671 5321 pbiltrum
1719 5265 1946 5319 acuunt,
1987 5264 2043 5309 et

460 5338 746 5393 ardentius
785 5338 1050 5405 cilicium,
1093 5340 1376 5412 facemque
1410 5343 1651 5399 excitant
1682 5361 1748 5399 cx
1777 5346 2035 5416 scintilla,

531 5496 576 5530 ³⁷
605 5498 795 5553 Matth.
821 5514 914 5563 xu,
935 5497 1025 5553 29.

535 5649 642 5723 (58)
673 5654 874 5723 Eadem
908 5654 1133 5723 cpistola
1161 5654 1327 5711 latine
1359 5660 1442 5708 est
1472 5650 1615 5722 apud
1644 5651 1937 5707 Baronium
1965 5650 2032 5705 ad

457 5735 512 5778 ι.
544 5720 668 5789 444,
703 5731 741 5775 ι.
774 5722 861 5785 Vl,
892 5720 1064 5789 p.22.

2148 4529 2506 4602 πρεσϐυτέρῳ
2536 4529 2783 4599 Εὐσεόίῳ
2811 4529 2877 4582 τὰ
2911 4530 3215 4600 γράμματα
3247 4528 3472 4582 δέδωκα.
3510 4524 3689 4588 Mam,-

2150 4636 2288 4681 σεως
2330 4617 2386 4670 δὲ
2430 4617 2733 4688 γενομένης
2779 4618 2943 4681 τινὸς,
2988 4619 3047 4670 τὸ
3078 4617 3251 4687 παρὸν
3285 4616 3377 4670 νῦν
3405 4617 3684 4669 ἀνεϐάλετο.

2156 4710 2221 4762 Ἦ
2266 4710 2375 4778 γὰρ
2418 4708 2537 4780 ὥρα
2590 4708 2778 4761 λοιπὸν
2807 4708 2938 4761 εῐσω
2984 4707 3092 4760 τῶν
3141 4708 3374 4778 λιμένων
3405 4709 3611 4774 κατεῖχε
3635 4698 3687 4751 τὰ

2148 4798 2355 4869 σκάφη,
2391 4797 2484 4850 τοῦ
2541 4797 2814 4865 πελάγους
2850 4795 3211 4849 ύποδεικνῦσα
3258 4796 3354 4867 τὴν
3401 4794 3586 4865 ζάλην,
3615 4789 3685 4842 καὶ

2150 4889 2349 4950 ναύτας
2377 4887 2470 4939 καὶ
2501 4887 2841 4958 κυϐερνήτας
2872 4887 3297 4940 διαναπαύουσα.
3354 4886 3575 4939 Ἐκτίνω
3601 4880 3685 4933 τοί-

2149 5000 2243 5034 νυν
2297 4979 2414 5034 τόδε
2465 4980 2557 5031 ἐπὶ
2605 4979 2697 5031 τοῦ
2752 4981 3018 5049 παρόντος
3052 4979 3113 5030 τὸ
3146 4980 3325 5050 χρέος,
3358 4980 3453 5047 οὐχ
3503 4980 3583 5030 ἵνα
3626 4969 3683 5040 μὴ

2144 5073 2365 5141 ὀφείλω,
2418 5070 2532 5123 ἀλλ’
2591 5069 2676 5122 ἵνα
2712 5069 2770 5122 τὸ
2812 5070 2970 5140 χρέος
3020 5070 3257 5138 αύξήσω.
3307 5068 3477 5121 Τοῦτο
3518 5070 3615 5136 γάρ
3638 5062 3685 5113 τὸ

2143 5165 2363 5237 ὄφλημα
2388 5162 2788 5216 πολλαπλάσιον
2820 5162 3229 5233 ἐπιτιννύμενον
3259 5162 3485 5231 γίνεται,
3512 5165 3571 5214 Οἱ
3598 5155 3680 5225 γὰρ

2145 5255 2436 5326 φυλάττειν
2495 5251 2885 5315 ἐσπουδακότες
2932 5252 3031 5321 τῆς
3084 5252 3263 5320 φιλίας
3317 5253 3441 5314 τοὺς
3492 5252 3680 5319 νόμους.

2142 5347 2448 5419 ἐρεθίζουσι
2484 5342 2544 5395 τὸ
2576 5343 2816 5414 φίλτρον,
2866 5346 2961 5395 καὶ
3008 5342 3338 5414 θερμότερον
3375 5340 3680 5414 ἀπεργάζον-

2239 5648 2327 5720 59)
2360 5649 2676 5720 ἐπαγγέλλω
2701 5650 2869 5720 Neap.

2239 5650 2327 5718 59)
2360 5650 2676 5717 ἐπαγγέλλω
2701 5650 2869 5720 Neap.

2214 5650 2325 5790 ξω)
2360 5718 2446 5774 Sic
2474 5720 2642 5789 Neap.
2672 5718 2994 5776 Sirmondus
3028 5719 3262 5774 habebat
3292 5720 3461 5791 ὑμῶν.
