3924 6192
361 283 502 354 1233

1666 300 2048 366 ἘΡΙΞΤΟΙλΑ
2086 308 2302 368 LXIII.

3461 321 3595 387 123$

352 413 468 467 ται,
497 398 700 454 καὶτὸν
724 403 994 475 σπινθῆρα
1012 407 1223 462 ποιοῦσι
1253 412 1461 484 πυρσόν
1480 429 1496 445 ο
1519 414 1622 468 ὑπὸ
1650 414 1705 468 δὲ
1732 416 1895 470 τούτοι

2024 426 2081 471 et
2106 417 2208 472 hac
2236 417 2353 473 face
2384 420 2601 477 accensi
2634 436 2824 477 amore
2860 432 3073 478 certant
3105 424 3358 492 invicem,
3388 438 3438 484 et
3474 433 3597 486 vin-

354 488 810 561 πυρπολούμενοι,
829 497 983 566 νικᾷν
1008 497 1274 569 ἀλλήλους
1298 503 1376 572 τῷ
1406 504 1555 575 πόθῳ
1582 506 1925 578 φιλοτιμοῦν-

353 593 465 632 ται.
491 580 646 645 Δέξαι
664 581 844 635 τοίνυν
865 585 963 653 τὴν
994 587 1307 657 ἀπολογίαν,
1336 584 1382 645 ὧ
1418 593 1689 665 σεϐασμία
1716 612 1804 665 μοι
1833 612 1923 648 κε-

353 667 518 739 φαλὴ,
542 756 552 759 Δ
574 669 669 759 καὶ
720 671 810 737 δὸς
862 675 960 747 τὴν
1004 684 1366 753 συγγνώμην,
1397 684 1491 739 καὶ
1538 684 1753 759 πέμψον
1789 688 1921 759 ἡμῖν

352 756 659 829 ἐπιστολὴν,
687 761 789 831 τὴν
816 765 914 835 σὴν
941 767 1129 836 ὑγείαν
1163 773 1493 843 μηνύουσαν.

663 872 781 931 EB’.
812 909 882 920 -—
924 880 1161 954 Ἰωάννῃ
1199 888 1600 958 πρεσϐυτέρῳ.

417 964 491 1017 Τὸ
506 964 664 1021 Adae
675 969 930 1037 βιώσας,
958 973 1145 1045 εἴρηκε
1175 977 1274 1048 μέν
1298 995 1384 1043 τις
1403 981 1511 1034 τῶν
1526 981 1692 1037 πάλαι
1720 985 1915 1039 καλουο

348 1054 527 1124 μένων
558 1059 756 1127 σοφῶν.
799 1060 939 1130 Ἐγὼ
958 1063 1014 1117 δὲ
1041 1064 1137 1136 τὴν
1160 1066 1386 1140 γνώμην
1415 1073 1726 1138 ἐπαινέσας,
1759 1075 1914 1129 ἐϐου-

342 1144 520 1237 λήθην
558 1146 712 1237 Ϋιργφ
750 1148 1048 1219 βεϐαιῶσαι
1079 1155 1171 1209 τὸν
1197 1156 1376 1228 λόγον.
1416 1162 1581 1216 Οὐδὲν
1611 1164 1719 1237 γὰρ
1752 1166 1913 1219 ἀπει-

342 1234 440 1298 κὸς
460 1235 645 1308 ᾠήθην
670 1243 866 1304 ποιεῖν,
897 1242 991 1296 καὶ
1015 1246 1166 1318 παρά
1195 1248 1305 1303 τῶν
1338 1250 1510 1305 ἀλλων
1550 1234 1822 1325 συλλεγων
1852 1256 1912 1311 τὸ

340 1325 633 1397 χρήσιμον.
660 1329 769 1383 Καὶ
797 1332 906 1404 γὰρ
923 1334 1023 1398 τὰς
1049 1337 1305 1405 μελίττας
1325 1341 1513 1410 φασιν,
1529 1344 1629 1398 οὐκ
1657 1345 1768 1401 ἀπὸ
1786 1347 1912 1402 ἐδωο

335 1415 511 1485 δίμων
555 1419 753 1490 μόνον,
779 1423 916 1479 ἀλλά
962 1427 1058 1481 καὶ
1095 1429 1204 1483 ἀπὸ
1239 1429 1349 1487 τῶν
1405 1435 1616 1506 πικρῶν
1647 1436 1907 1508 βοτανῶν,

480 1509 551 1604 τά
596 1515 764 1604 κηῌρία
815 1517 1116 1589 συλλέγειν,
1164 1525 1258 1578 καὶ
1305 1525 1407 1597 τὴν
1434 1528 1692 1598 γλυκεῖαν
1717 1531 1910 1604 δρόσον

335 1597 623 1669 ἀρύεσθαι.
653 1600 812 1659 Εἶδον
836 1605 895 1659 δὲ
918 1606 1097 1677 ἔγωγε
1129 1611 1225 1665 καὶ
1246 1612 1471 1684 πέτραις
1496 1616 1712 1685 ἀγόνοις
1732 1597 1909 1682 evnte-

334 1688 550 1757 νοόσας,
608 1695 704 1747 καὶ
761 1696 862 1767 τὴν
914 1699 1094 1753 νοτίδα
1138 1702 1238 1773 τὴν
1285 1704 1483 1775 ὀλίγην
1531 1708 1904 1779 ἀνιμωμὲνας.

335 1779 524 1851 Πολλῷ
550 1783 608 1836 δὲ
626 1783 896 1855 δήπουθεν
925 1767 1281 1864 δικαιότερον,
1326 1767 1450 1860 τοῦς
1477 1796 1555 1868 τῷ
1587 1767 1729 1869 λδγῷ
1758 1767 1906 1854 τετί-
1939 1767 1982 1824 Β

338 1872 618 1942 μημένους
649 1877 914 1932 πάντοθεν
946 1883 1292 1953 καρποῦσθαι
1316 1885 1415 1960 τὴν
1443 1888 1732 1958 ὠφέλειαν.
1762 1892 1906 1961 Ἐγὼ

336 1963 439 2035 μὲν
470 1961 582 2029 οὖν,
616 1968 692 2032 ὡς
729 1970 888 2043 ἔφην,
910 1974 1187 2046 πειρῶμαι
1219 1977 1524 2047 λανθάνειν,
1562 1982 1656 2038 καὶ
1690 1986 1904 2041 πάντων

336 2054 576 2125 μάλιστα
620 2057 722 2130 τὴν
771 2063 1007 2132 ἡσυχίαν
1055 2066 1392 2139 ἀσπάζομαι.
1455 2071 1796 2129 Ἐπανελθὼν
1846 2077 1903 2131 δὲ

332 2144 526 2218 πρώην
556 2149 664 2203 ἀπὸ
684 2150 785 2221 τῆς
814 2152 1085 2226 ὑμετέρας
1112 2157 1142 2210 δ
1161 2156 1578 2226 θεοσεδέστατος
1599 2166 1903 2235 πρεσϐύτε-

334 2254 428 2309 ρος
456 2239 733 2305 Εὐσέϐιος,
762 2244 1066 2314 ἀπήγγειλε
1105 2250 1392 2305 συνουσίαν
1424 2253 1553 2323 ὑμῖν
1583 2270 1702 2309 τινα
1743 2273 1901 2327 γεγε-

235 2366 257 2371 η
328 2330 544 2400 νῆσθαι,
581 2332 677 2385 καὶ
720 2336 923 2403 μεταξὺ
961 2336 1120 2407 λόγου
1149 2342 1294 2406 τινὸς
1330 2345 1426 2397 καὶ
1454 2345 1553 2416 τὴν
1579 2346 1706 2419 περὶ
1744 2348 1902 2420 ἡμῶν

327 2421 637 2491 κινηθῆναι,
671 2422 766 2479 καὶ
799 2425 898 2497 τὴν
923 2426 1022 2499 σὴν
1047 2429 1328 2484 εὐσέϐειαν
1347 2434 1611 2504 εὐφήμως
1634 2441 1731 2508 τῆς
1759 2440 1901 2509 ἐμῆς

329 2506 633 2577 μνησθῆναι
679 2512 1062 2584 σμικρότητος.
1122 2516 1264 2588 Ἐγὼ
1299 2518 1356 2572 δὲ
1403 2522 1658 2593 ἄγνωμον
1687 2506 1897 2597 ᾠήθην,

324 2597 421 2650 καὶ
444 2597 565 2652 λίαν
599 2600 783 2655 ἄδικον
808 2644 823 2667 ,
852 2604 945 2657 τὸν
974 2602 1032 2660 εὖ
1087 2608 1182 2662 καὶ
1218 2609 1403 2675 καλῶς
1442 2616 1790 2687 μεμνημένοί
1819 2620 1905 2691 μὴ

324 2689 438 2751 τοῖς
472 2690 608 2754 ῐσοις
637 2694 994 2764 ἀμείψασθαι.
1016 2698 1079 2751 Εἰ
1108 2698 1218 2773 γὰρ
1236 2702 1329 2755 καὶ
1362 2705 1528 2775 μηδὲν
1548 2707 1696 2772 ἀξιον
1725 2689 1898 2784 εὐφη-ζ

328 2777 460 2849 μίας
480 2781 844 2854 εἰργάσμεθα,
869 2786 986 2841 ἀλλ’
1004 2784 1098 2842 οὖν
1114 2790 1286 2856 οὕτως
1308 2795 1674 2853 ἐπαινούντοιν
1688 2777 1900 2873 θαυμά-

324 2870 494 2940 ζομεν
520 2873 611 2927 τὸν
636 2877 857 2931 σκοπόν.
900 2880 1147 2952 Ἀγάπης
1185 2883 1293 2955 γὰρ
1322 2886 1350 2938 δ
1390 2887 1629 2953 τοιοῦτος
1676 2870 1898 2959 ἔπαινος

322 2959 565 3029 ἔκγονος.
603 2965 1057 3040 Προσφθέγγομαι
1089 2972 1267 3028 τοίνυν
1305 2975 1402 3047 τὴν
1436 2978 1533 3051 σὴν
1561 2979 1892 3052 θεοσέόειαν,

321 3049 556 3170 διακόῖῳ
590 3054 873 3170 ἐρώμενος
895 3058 1024 3170 Χτιῶν
1057 3067 1402 3170 γραμμάτων
1444 3049 1656 3143 ἐκείνῳ.
1688 3072 1748 3137 ὃς
1796 3049 1892 3131 καί
1920 3112 1963 3170 C

322 3142 450 3203 τοὺς
477 3143 759 3214 ἀγράφους
781 3162 874 3200 σου
895 3148 1110 3217 λόγους,
1140 3151 1234 3218 οὓς
1259 3157 1387 3228 περὶ
1407 3159 1439 3229 ἡ
1448 3159 1565 3230 μῶν
1592 3163 1890 3236 διεξῆλθες,

323 3232 514 3305 πρώην
560 3237 843 3308 κεκόμικε.
887 3242 1191 3313 Δεξάμενος
1230 3247 1448 3315 τοίνυν,
1487 3232 1891 3323 θεοφιλέστατε,

320 3324 419 3395 τὴν
442 3327 750 3400 ἐπιστολὴν,
778 3329 1007 3402 ἄμειψαι
1051 3332 1121 3387 τὰ
1166 3336 1490 3408 γράμματα.
1528 3337 1746 3415 Ἧρεας
1794 3347 1903 3417 μὲν

319 3415 427 3487 γὰρ
455 3416 632 3486 λόγων
657 3420 842 3486 αὐτὸς,
878 3421 991 3490 ἐγὼ
1011 3423 1069 3477 δὲ
1103 3428 1479 3498 γραμμάτων
1518 3432 1613 3487 καὶ
1650 3415 1894 3509 ἠμειψά-

321 3523 430 3577 μην
457 3510 752 3581 γράμμασι
774 3513 901 3577 τοὺς
937 3512 1148 3584 λόγους.
1189 3518 1455 3577 Λείπεται
1506 3523 1685 3581 τοίνυν
1722 3545 1781 3584 σε
1822 3533 1895 3588 τά

315 3600 623 3672 γράμματα
650 3602 993 3675 γράμμασιν.

770 3713 885 3770 ΞΓ.
912 3747 985 3757 —-
1026 3718 1429 3791 Ἑορταστική.
1484 3786 1487 3789 _

388 3803 512 3858 Τῶν
547 3804 648 3875 μὲν
679 3805 855 3860 ἄλλων
887 3809 986 3880 τῆς
1012 3811 1205 3884 ἑορτῆς
1249 3814 1468 3883 ἀγαθῶν
1500 3821 1744 3892 συνήθως
1780 3826 1890 3882 ἀπ..

315 3894 642 3968 ελαύσαμεν.
673 3899 782 3954 Καὶ
813 3899 922 3972 γὰρ
953 3901 1053 3974 τὴν
1084 3904 1194 3958 τῶν
1232 3914 1516 3981 σωτηρίων
1547 3915 1888 3987 παθημάτων

314 3986 565 4057 ἑωρτάσα
572 4006 671 4060 μεν
695 3991 935 4062 μνήμην,
962 3994 1055 4047 καὶ
1075 3993 1163 4048 διὰ
1183 3996 1283 4069 τῆς
1302 3999 1638 4074 Δεσποτικῆς
1655 3986 1888 4064 ἀναστά-

315 4094 452 4143 σεως
481 4079 779 4151 ἐδεξάμεθα
812 4084 881 4136 re
909 4084 1006 4155 τῆς
1036 4090 1221 4159 κοινῆς
1266 4089 1616 4160 ἀναστάσεως
1652 4098 1886 4168 εὐαγγέ-

310 4170 423 4236 λια,
465 4173 557 4226 καὶ
594 4173 691 4244 τὴν
718 4174 956 4247 ἄρρητον
989 4176 1085 4230 τοῦ
1123 4178 1256 4233 Θεοῦ
1296 4185 1391 4239 καὶ
1432 4186 1685 4260 Σωτῆρος
1726 4194 1886 4261 ἡμῶν

314 4260 725 4333 φιλανθρωπίαν
744 4267 1085 4338 ὑμνήσαμενο
1112 4271 1145 4342 ἠ
1177 4270 1233 4325 δὲ
1266 4272 1374 4327 τῶν
1390 4275 1724 4349 Ἐκκλησιῶν
1747 4282 1880 4356 ζάλη

314 4351 559 4423 καθαρᾶς
592 4355 913 4427 μεταλαχεῖν
944 4358 1281 4433 εὐφροσύνης
1308 4365 1408 4419 οὐκ
1441 4368 1644 4425 εἴασεν.
1682 4373 1744 4426 El
1775 4351 1883 4448 γάρ

311 4445 429 4510 ἑνὸς
473 4447 667 4517 μέλους
705 4448 1000 4518 ἀλγοῦντος
1035 4453 1153 4506 ὅλον
1196 4461 1439 4512 κοινωνεῖ
1466 4461 1564 4533 τῆς
1591 4463 1783 4539 ὀδύνης
1820 4445 1881 4524 τδ

310 4536 496 4608 σῶμα,
526 4540 725 4604 παντὸς
745 4543 1148 4613 ταραττομένου
1174 4546 1265 4599 τοῦ
1287 4548 1537 4621 σώματος
1562 4556 1679 4620 πῶς
1705 4558 1881 4613 ἔνεστι

313 4628 670 4701 μὴθρηνείνς
713 4633 1002 4688 Ἐπιτείνει
1029 4636 1085 4689 δὲ
1123 4639 1258 4707 ἡμῖν
1283 4641 1382 4711 τὴν
1426 4642 1662 4713 ἀθυμίαν
1699 4649 1759 4702 τὸ
1792 4668 1879 4705 νο-

313 4719 490 4789 μίζειν
523 4718 661 4775 εἶναι
687 4723 860 4778 ταῦτα
901 4726 1000 4797 τῆς
1040 4729 1336 4794 παντελοῦς
1375 4732 1712 4801 ἀποστασίας
1744 4757 1877 4810 προ-

307 4810 505 4880 οίμιον.
558 4811 817 4878 Εὐξάσθω
870 4816 1051 4871 τοίνυν
1110 4821 1144 4890 ὴ
1200 4818 1479 4878 θεοσέϐειά
1523 4842 1637 4891 σου,
1686 4831 1740 4883 εί
1775 4833 1877 4901 μὲν

306 4900 479 4955 ταῦτα
499 4900 671 4966 οὕτως
695 4901 831 4974 ἔχει.
863 4907 961 4975 τῆς
986 4909 1132 4973 θείας
1160 4911 1305 4981 ἡμᾶς
1327 4912 1646 4987 ἐπιχωρίας
1668 4900 1872 4992 τυχεῖν,

308 4988 393 5042 ἵνα
425 4989 743 5062 δυνηθῶμεν
770 5013 789 5046 ι
819 4995 1151 5068 ἀντιστῆναι,
1177 5002 1317 5057 κατὰ
1343 5003 1437 5057 τὸν
1458 5005 1600 5060 θεῖον
1628 4988 1876 5067 Ἀπδστοέ

304 5079 416 5170 λον,
448 5084 515 5153 τῇ
538 5084 721 5156 ἡμέρᾳ
748 5089 812 5155 τῇ
837 5092 1064 5162 πονηρᾷ.
1110 5110 1128 5142 ι
1179 5093 1238 5148 Ei
1267 5094 1325 5148 δὲ
1347 5113 1432 5161 τις
1463 5100 1653 5170 χρόνος
1682 5103 1875 5160 ὑπολέ-

305 5169 521 5226 λειπται
544 5176 610 5244 τῇ
634 5173 727 5227 τοῦ
758 5176 881 5247 (41).
904 5178 1019 5248 βίου
1051 5184 1324 5252 συστάσει,
1358 5169 1583 5259 λυθῆναι
1626 5192 1716 5247 τὸν
1743 5196 1877 5250 κλύ-

303 5260 465 5327 δωνα,
509 5263 607 5315 καὶ
658 5265 758 5336 τὴν
812 5270 1084 5358 προτέραν
1125 5274 1364 5348 γαλήνην
1407 5280 1506 5341 τὰς
1548 5280 1873 5358 Ἐκκλησιας

300 5351 616 5408 ἀτωλαδείνο
677 5354 762 5410 ίνα
820 5357 899 5430 μὴ
947 5363 1290 5419 ἔπιπλεῖστον
1359 5371 1408 5422 οί
1463 5372 1561 5442 τῆς
1617 5351 1869 5447 ἀληθείας

303 5440 489 5515 ἐχθροὶ⁸
515 5447 636 5511 ταῖς
664 5447 959 5519 ἡμετέραις
990 5454 1398 5523 ἐπαγάλλωνται
1432 5440 1754 5537 συμφοραῖς.

375 5579 420 5611 ³³
451 5580 649 5650 Ephes.
692 5600 765 5649 vr,
809 5586 889 5639 15.

373 5698 486 5771 (41)
517 5698 665 5753 τοῦδε
701 5700 865 5770 Neap.

2023 523 2149 562 cere
2188 518 2476 564 conantur.
2514 511 2715 582 Accipe
2752 529 2883 586 ergo
2925 514 3319 580 defensionem,
3352 519 3437 573 vir
3463 524 3599 578 mihi

2022 596 2356 663 venerande,
2381 608 2437 653 et
2465 600 2532 654 da
2566 602 2801 667 veniam,
2828 604 3224 675 epistolamque
3264 607 3442 672 mitte,
3476 626 3599 680 quae

2022 686 2091 745 de
2115 687 2489 747 incolumitate
2516 699 2607 748 tua
2631 695 2898 752 certiores
2924 711 3024 752 nos
3046 696 3229 753 faciat.
3568 692 3577 702 “

2386 921 2548 977 LXll.
2578 953 2648 963 —
2673 924 2870 980 Joanm’
2904 928 3220 1000 presbytero.

2092 1006 2274 1064 Vivens
2322 1010 2463 1077 late,
2495 1013 2633 1069 dixit
2677 1016 2949 1085 quispiam
2990 1033 3059 1075 cx
3096 1019 3164 1075 iis
3191 1020 3283 1090 qui
3319 1023 3599 1093 sapientes

2016 1098 2151 1154 olim
2197 1112 2326 1159 sunt
2374 1106 2653 1175 appellati.
2706 1106 2881 1174 Quam
2937 1125 3040 1181 ego
3087 1114 3414 1169 sententiam
3466 1130 3594 1172 cum

2014 1188 2354 1257 probassem,
2398 1194 2567 1249 verba
2609 1196 2768 1251 factis
2789 1197 3115 1254 confirmare
3164 1200 3397 1257 institui.
3447 1205 3596 1262 Nihil

2014 1278 2163 1334 enim
2213 1282 2443 1339 absurdi
2490 1285 2669 1342 facere
2717 1305 2806 1345 me
2851 1290 3181 1358 existimavi,
3230 1296 3276 1351 si
3316 1297 3480 1353 etiam
3523 1299 3594 1354 ab

2012 1371 2137 1427 aliis
2176 1388 2391 1430 sumam
2435 1377 2582 1447 quod
2630 1378 2762 1434 utile
2804 1391 2910 1437 est.
2944 1383 3081 1438 Nam
3117 1392 3174 1440 et
3217 1400 3349 1456 apes
3383 1389 3593 1455 ferunt,

2011 1478 2122 1518 non
2144 1480 2213 1521 ex
2238 1458 2308 1522 iis
2334 1468 2499 1524 modo
2521 1485 2642 1539 quae
2665 1472 2786 1526 esui
2811 1480 2960 1539 sunt,
2985 1475 3080 1530 sed
3103 1490 3171 1530 ex
3195 1479 3395 1533 amaris
3423 1480 3590 1543 etiam

2009 1553 2199 1609 herbis
2244 1565 2301 1612 et
2344 1557 2497 1615 favos
2536 1561 2828 1632 colligere,
2869 1573 2926 1619 et
2967 1565 3191 1622 dulcem
3245 1584 3424 1624 rorem
3458 1571 3593 1625 hau-

2009 1643 2139 1700 rire.
2173 1646 2292 1701 Vidi
2326 1658 2384 1704 et
2413 1648 2551 1719 ipse,
2579 1667 2705 1706 cum
2752 1653 2813 1708 in
2848 1656 2996 1710 saxis
3033 1655 3345 1713 infecundis
3386 1660 3589 1716 inside-

2009 1744 2152 1801 rent,
2189 1748 2246 1793 et
2273 1740 2531 1811 exiguum
2564 1742 2851 1799 humorem
2881 1745 3209 1803 delibarent.
3248 1748 3368 1816 Quo
3396 1751 3588 1821 utique

2007 1826 2211 1897 iustius
2244 1838 2350 1894 est,
2374 1844 2471 1887 eos
2505 1832 2599 1902 qui
2629 1834 2841 1890 ratione
2866 1836 3080 1905 praediti
3112 1848 3259 1903 sunt,
3292 1840 3584 1897 utilitatem

2011 1918 2378 1990 undecunque
2420 1922 2737 1995 decerpere.
2781 1927 2894 1997 Ego
2936 1938 3105 1993 certe,
3142 1941 3203 1987 ut
3244 1933 3379 1997 dixi,
3413 1934 3585 1989 latere

2009 2007 2225 2074 studeo,
2264 2018 2321 2065 et
2351 2012 2537 2081 quiete
2579 2029 2644 2069 ac
2682 2014 2903 2071 silentio
2936 2019 3289 2090 prmlllﬁ
3326 2022 3584 2078 omnibus

2008 2097 2271 2154 delector.
2327 2101 2567 2158 Rediens
2621 2112 2805 2159 autem
2848 2122 3025 2176 nuper
3070 2123 3135 2163 ex
3183 2111 3357 2179 patria
3403 2121 3581 2167 vestra

2008 2188 2451 2259 religiosissimus
2516 2195 2804 2266 presbyter
2869 2197 3181 2263 Eusebius,
3251 2210 3581 2257 conventum

2006 2282 2297 2351 quemdam
2342 2286 2487 2356 apud
2510 2288 2615 2342 ‘vos
2643 2287 2844 2343 factum
2875 2292 3140 2356 narravit,
3173 2301 3337 2363 atque
3377 2294 3433 2348 in
3467 2310 3582 2350 ser-

2004 2385 2168 2426 mone
2220 2374 2478 2442 quodam,
2522 2392 2645 2431 cum
2692 2377 2762 2433 de
2808 2395 2896 2435 me
2937 2382 3102 2436 etiam
3150 2385 3317 2438 verba
3362 2383 3580 2447 tierent,

2006 2460 2361 2519 honorificam
2391 2482 2420 2520 a
2448 2466 2650 2536 pietate
2683 2478 2773 2524 tua
2813 2470 2881 2525 de
2918 2487 3037 2527 mea
3069 2476 3337 2543 parvitate
3381 2473 3583 2530 factam

2002 2560 2123 2608 eSSe
2170 2556 2532 2611 mentionem.
2593 2557 2750 2614 Unde
2799 2560 3071 2631 ingratum
3112 2571 3278 2634 atque
3314 2566 3585 2635 injustum

2000 2643 2119 2701 fore
2158 2649 2369 2714 censui,
2404 2650 2455 2705 ei
2488 2651 2583 2721 qui
2628 2654 2887 2722 praeclare
2910 2664 2965 2710 et
3002 2656 3244 2714 honeste
3262 2660 3433 2714 nostri
3460 2676 3585 2715 me-

2002 2737 2229 2793 miuerit
2255 2740 2404 2810 paria
2431 2757 2542 2797 non
2571 2743 2797 2800 referre.
2824 2745 2941 2801 Etsi
2977 2747 3124 2802 enim
3162 2748 3321 2804 laude
3351 2751 3580 2822 dignum

2001 2826 2139 2882 nihil
2158 2829 2390 2900 egimus,
2414 2847 2607 2887 eorum
2638 2843 2817 2891 tamen
2838 2839 2932 2908 qui
2960 2839 3041 2894 sic
3067 2839 3312 2903 laudant,
3336 2852 3574 2897 mentem

2000 2925 2057 2972 et
2078 2921 2369 2976 consilium
2396 2925 2745 2995 suspicimus.
2780 2927 3077 2987 Cbaritatis
3102 2932 3248 2987 enim
3278 2942 3465 3003 partus
3492 2943 3579 2990 est

2001 3007 2314 3081 huiusmodi
2359 3014 2623 3072 laudatio.
2667 3017 2855 3075 Saluto
2894 3020 3059 3092 igitur
3097 3022 3354 3093 pietatem
3403 3033 3571 3090 tuam,
3608 3066 3611 3067 ν

1998 3099 2309 3158 litterarum
2344 3106 2597 3163 ministro
2623 3116 2786 3173 utens
2815 3111 2928 3177 illo,
2963 3113 3057 3184 qui
3101 3124 3191 3169 tua
3217 3116 3333 3171 sine
3373 3119 3576 3188 scripto

1996 3195 2187 3258 verba,
2220 3211 2342 3265 quae
2371 3197 2439 3253 de
2472 3200 2633 3255 nobis
2662 3201 2956 3269 habueras,
2982 3222 3160 3275 nuper
3189 3208 3256 3261 ad
3289 3223 3387 3263 nos
3414 3209 3573 3266 detu-

1999 3283 2081 3337 lit.
2133 3283 2214 3339 Tu
2262 3302 2395 3342 vero
2439 3302 2694 3360 suscepta
2743 3294 2995 3363 epistola,
3033 3297 3129 3353 Dei
3175 3300 3568 3366 amantissime,

1996 3369 2210 3428 litteras
2245 3372 2448 3431 litteris
2474 3377 2664 3432 redde.
2707 3378 2842 3434 Nam
2875 3383 3039 3437 verba
3068 3392 3123 3438 tu
3158 3385 3381 3452 quidem
3418 3388 3573 3456 prior

1995 3464 2294 3533 usurpasti,
2326 3480 2428 3537 ego
2457 3483 2589 3523 vero
2631 3468 2867 3536 litteras,
2902 3481 2958 3528 et
3000 3489 3100 3544 pro
3134 3475 3320 3530 verbis
3359 3477 3575 3535 litteras

1998 3554 2215 3610 reddidi
2260 3575 2274 3609 :
2320 3566 2493 3613 restat
2528 3576 2677 3615 nunc
2709 3577 2841 3633 ergo
2882 3572 2943 3619 ut
3001 3572 3057 3620 tu
3097 3580 3315 3637 quoque
3361 3568 3581 3625 litteras

3539 3664 3553 3677 ο

1993 3645 2194 3703 litteris
2225 3663 2569 3720 compenses.

2441 3765 2625 3822 LXIII.
2652 3798 2723 3809 —
2752 3766 3082 3825 Heorlastica
3094 3811 3108 3824 .

2059 3850 2198 3909 Aliis
2235 3854 2459 3923 quidem
2499 3856 2610 3914 diei
2655 3857 2781 3914 festi
2812 3858 2974 3917 bonis
3004 3860 3073 3918 de
3099 3876 3250 3917 more
3282 3863 3439 3937 potiti
3477 3878 3569 3917 su~

1990 3956 2133 4000 mus.
2164 3944 2301 4000 Nam
2339 3955 2398 4003 et
2438 3949 2695 4005 salutaris
2743 3952 3013 4021 passionis
3052 3954 3372 4009 memoriam
3416 3955 3563 4010 cele-

1988 4034 2291 4104 bravimus,
2313 4048 2493 4111 etper
2517 4042 2854 4099 Dominicam
2885 4044 3341 4102 resurrectionem
3370 4049 3384 4066 ‘
3410 4062 3562 4102 com-

1987 4127 2172 4184 munis
2215 4132 2639 4188 resurrectionis
2666 4134 2949 4206 evangelia
2981 4136 3344 4206 suscepimus,
3375 4137 3574 4211 inetia:

1987 4216 2262 4290 bilemque
2306 4220 2405 4277 Dei
2452 4230 2510 4278 et
2560 4222 2870 4279 Servatoris
2932 4227 3110 4282 nostri
3159 4227 3557 4283 humanitatem

1986 4307 2244 4367 laudibus
2284 4313 2583 4370 extulimus
2629 4333 2642 4368 :
2684 4331 2874 4372 verum
2924 4317 3292 4374 Ecclesiarum
3333 4320 3560 4391 agitatio

1918 4440 1960 4494 Β
1986 4396 2201 4452 sincera
2243 4414 2346 4455 nos
2386 4400 2573 4458 laetitia
2614 4403 2822 4474 perfrui
2872 4420 2983 4459 non
3030 4407 3300 4476 permisit.
3342 4407 3560 4462 Etenim

1984 4487 2028 4540 si
2076 4487 2296 4545 dolente
2356 4506 2466 4545 uno
2499 4494 2748 4549 membro
2799 4504 2975 4551 totum
3025 4511 3227 4567 corpus
3282 4498 3554 4564 turbatur,

1982 4581 2076 4648 qui
2098 4579 2178 4635 fas
2196 4588 2281 4636 est
2302 4598 2412 4638 non
2437 4582 2658 4655 lugere?
2682 4585 2860 4658 Auget
2880 4603 3012 4642 vero
3028 4596 3094 4642 et
3123 4588 3357 4643 intendit
3385 4589 3557 4644 tristi-

1983 4669 2114 4725 tiam
2156 4682 2419 4737 nostram,
2451 4675 2597 4743 quod
2639 4676 2857 4731 initium
2898 4677 2998 4734 ista
3031 4684 3293 4748 putentur
3319 4694 3441 4734 esse
3469 4680 3555 4734 in-

1980 4767 2146 4831 tegrzc
2177 4769 2234 4816 et
2268 4763 2532 4820 absoluta
2551 4765 2897 4822 defectionis.
2934 4768 3353 4835 Quocirca-oret
3384 4769 3557 4839 pietas

1980 4859 2093 4916 tua,
2140 4851 2187 4907 si
2240 4852 2473 4923 quidem
2513 4855 2630 4911 inec
2677 4856 2751 4911 ita
2809 4872 2868 4912 se
2925 4857 3151 4923 habent,
3195 4868 3262 4913 ut
3306 4857 3551 4913 divinum

1984 4940 2477 5014 IIIa-auxilium
2511 4948 2899 5018 adipiscamur,
2935 4965 3057 5020 quo-
3074 4949 3372 5019 possimus,
3403 4951 3549 5021 quod

1979 5032 2056 5088 ait
2092 5034 2407 5104 Apostolus,
2435 5056 2453 5088 σ
2482 5039 2815 5095 resistere-in
2840 5040 2928 5095 die
2952 5042 3094 5095 malo
3119 5040 3547 5097 “.rSin-autcm

1981 5124 2252 5196 reliquum
2289 5128 2510 5197 aliquod
2534 5139 2618 5186 est
2650 5140 2865 5203 tempus
2896 5132 2973 5188 δάε
2991 5149 3080 5189 res
3114 5134 3545 5198 constituendas,

1980 5226 2042 5271 ut
2076 5217 2298 5273 sedetur
2330 5227 2644 5290 tempestas,
2677 5232 2733 5278 et
2764 5223 3051 5294 pristinam
3099 5224 3548 5296 tranquillitatem

1976 5311 2233 5368 Ecclesiae
2264 5314 2551 5385 recipiant,
2591 5332 2659 5373 ne
2684 5317 2935 5391 veritatis
2968 5319 3154 5377 beatos
3179 5320 3245 5376 dc
3271 5317 3551 5377 calamitan
3598 5342 3607 5350 -

1973 5401 2123 5457 tibus
2150 5403 2353 5460 nostris
2380 5406 2672 5463 exsultent.
