3924 6192
429 322 567 387 1⁸⁸235

883 436 1065 494 LXIV.
1094 472 1162 480 —
1190 435 1540 498 Ilcortastica.

493 553 613 622 Quo
661 565 910 624 tempore
965 557 1262 609 salutarem
1309 556 1620 626 passionem
1662 574 1763 628 pro
1802 575 2001 630 genere

421 645 662 700 humano
705 643 932 712 pertulit
972 642 1254 707 Dominus,
1284 643 1552 698 mwrebat
1586 659 1750 714 supra
1778 645 2000 699 modum

420 748 704 787 sacrorum
768 731 1141 801 apostolorum
1206 731 1442 786 chorus:
1507 748 1608 787 nec
1662 733 1812 788 enim
1868 733 2002 788 satis

418 836 768 897 perspectum
797 825 1072 880 habebant
1097 826 1339 882 fructum
1376 828 1666 898 passionis.
1705 829 2000 899 Postquam

416 933 551 973 vero
583 917 878 988 profectam
909 933 977 972 ex
1020 933 1084 972 ea
1128 919 1361 974 salutem
1401 927 1800 990 cognoverunt,
1837 936 2002 977 evan-

416 1009 545 1080 gelii
583 1025 678 1064 seu
714 1009 842 1063 boni
875 1009 1056 1063 nuntii
1086 1010 1309 1063 nomine
1344 1010 1617 1079 passionis
1652 1009 1997 1080 praedicatio-

414 1113 547 1151 nem
588 1097 953 1167 appellarunt,
989 1113 1221 1167 eamque
1250 1099 1507 1153 omnibus
1537 1098 1852 1154 hominibus
1883 1099 1997 1153 ala-

415 1189 586 1243 criter
615 1189 1052 1259 promulgarunt.
1089 1189 1305 1244 Fideles
1341 1200 1547 1255 autem,
1571 1184 1771 1260 quippe
1813 1193 1999 1245 animo

415 1281 729 1344 illuminati,
761 1280 864 1335 hac
890 1281 1053 1335 hilari
1082 1282 1264 1335 animo
1291 1273 1566 1352 suscepta,
1588 1284 1858 1352 passionis
1886 1300 1999 1340 me-

417 1375 647 1429 moriam
686 1374 775 1429 die
805 1373 944 1428 festo
972 1373 1180 1437 colunt,
1206 1381 1261 1428 et
1290 1374 1489 1428 mortis
1519 1384 1738 1444 tempus
1763 1375 1818 1428 in
1848 1376 1997 1445 epuli

417 1466 868 1535 celebritatisque
913 1465 1258 1520 occasionem
1302 1472 1651 1520 convertunt.
1691 1466 1997 1537 Conjuncta

415 1558 564 1612 enim
606 1557 942 1612 resurrectio
979 1556 1172 1610 mortis
1205 1556 1413 1610 luctum
1445 1557 1690 1627 depellit,
1721 1567 1778 1614 et
1802 1560 1998 1631 pignus

412 1653 475 1707 ﬁt
516 1650 827 1708 communis
872 1651 1314 1706 resurrectionis.
1367 1650 1480 1704 Hac
1523 1650 1581 1704 in
1632 1666 1873 1720 pnesens
1909 1668 1999 1708 so-

410 1744 696 1799 lemnitate
717 1742 1016 1813 perfuncti,
1037 1742 1300 1812 pietatem
1327 1748 1477 1794 tuam
1501 1742 1826 1808 salutamus,
1846 1743 1998 1799 festi-

410 1834 597 1889 vitatis
630 1834 832 1896 indicia
879 1845 1140 1903 tanquam
1185 1833 1392 1888 bonum
1435 1834 1728 1902 quemdam
1767 1834 1994 1892 odorem

415 1925 756 1980 emittentes.

657 2033 816 2092 LXV.
849 2067 920 2076 -—
947 2033 1150 2090 Zenoni
1191 2029 1443 2108 magistro
1490 2035 1740 2090 militum.

480 2151 746 2206 Humanis
792 2150 1304 2220 perturbationibus
1347 2149 1508 2215 allici,
1543 2150 1803 2205 omnibus
1846 2166 1994 2206 com-

407 2257 576 2296 mune
602 2248 688 2296 est
719 2258 732 2293 ι
760 2239 904 2294 ferre
933 2248 1116 2294 autem
1145 2241 1383 2305 fortiter,
1409 2249 1465 2295 et
1486 2241 1701 2294 illarum
1731 2241 1990 2312 impetum

406 2333 684 2404 frangere,
721 2349 831 2388 non
879 2336 990 2402 jam
1040 2348 1351 2388 commune.
1404 2332 1546 2386 Illud
1591 2332 1738 2386 enim
1784 2342 1993 2389 natura:

404 2431 510 2486 est,
540 2422 645 2476 hoc
688 2421 900 2491 1117
928 2437 1061 2476 vero
1100 2421 1336 2476 arbitrii.
1367 2419 1522 2476 Unde
1551 2430 1606 2476 et
1635 2422 1992 2492 philosophos

405 2512 757 2581 suspicimus,
790 2513 884 2582 qui
915 2513 1122 2581 optima
1146 2508 1435 2582 elegerint,
1465 2519 1521 2565 et
1547 2513 1991 2581 perturbationes

404 2603 638 2658 consilio
690 2603 1025 2672 superarint.
1069 2601 1479 2671 Philosophiam
1542 2612 1748 2656 autem‘
1776 2603 2006 2672 perﬁcit-

405 2709 528 2764 qua:
568 2693 625 2747 in
668 2693 828 2747 nobis
868 2701 954 2746 est
997 2691 1160 2756 ratio,
1193 2708 1315 2762 quae
1353 2693 1798 2762 perturbationes
1828 2694 1987 2766 regit,

405 2789 421 2804 °
462 2801 566 2840 nec
607 2785 830 2840 ducitur
866 2785 934 2838 ab
969 2784 1098 2838 illis.
1143 2784 1260 2839 Una
1297 2799 1466 2854 porro
1494 2801 1525 2840 e
1555 2785 1988 2855 perturbationi-

401 2879 508 2934 bus
533 2877 788 2932 humanis
809 2883 893 2932 est
927 2875 1175 2940 tristitia,
1212 2891 1375 2945 quam
1410 2883 1471 2930 ut
1498 2876 1678 2930 vincat
1702 2876 1988 2932 hortamur

399 2968 864 3040 magnificentiam
898 2975 1160 3022 vestram.
1199 2967 1381 3022 Facile
1412 2974 1595 3021 autem
1631 2968 1788 3023 vobis
1822 2968 1989 3023 fuerit

397 3059 684 3114 tristitiam
709 3058 951 3122 vincere,
987 3056 1032 3111 si
1056 3065 1113 3111 et
1141 3064 1393 3110 naturam
1421 3056 1693 3126 cogitetis,
1718 3065 1774 3111 et
1803 3056 1986 3112 luctus

1454 328 1938 390 THEODORETI
1979 331 2313 391 EPISCOPI
2355 331 2716 392 CYRENSIS

2031 450 2078 505 A

3552 329 3682 394 1236

2558 443 2672 497 EA'.
2713 468 2778 481 »ἀ
2813 436 3215 508 Ἐορταστική.

2185 557 2377 612 Ἥνίκα
2440 557 2537 627 μὲν
2602 555 2663 609 τὸ
2712 555 2977 624 σωτήριον
3041 552 3212 617 πάθος
3254 554 3395 625 ὑπὲρ
3453 554 3545 608 τοῦ
3579 560 3682 623 ,γει

2103 667 2226 713 νους
2272 649 2382 703 τῶν
2421 646 2721 719 ἀνθρώπων
2751 648 2777 699 ὀ
2804 645 3081 716 Δεσπότης
3125 645 3441 716 ὑπέμεινεν,
3485 647 3686 716 ἠθύμει

2102 741 2220 796 λίαν
2265 743 2293 794 ὁ
2320 741 2429 795 τῶν
2462 740 2622 812 ἱερῶν
2663 737 2976 792 ἀποστόλων
3019 738 3198 808 χορός·
3235 739 3296 792 οὐ
3340 738 3452 808 γὰρ
3484 737 3688 808 ᾔδεσαν

2101 834 2345 905 ἀκριϐῶς
2380 834 2470 886 τὸν
2502 835 2596 886 τοῦ
2633 831 2836 893 πάθους
2869 830 3102 900 καρπόν.
3142 829 3362 900 Ἐπειδὴ
3407 830 3467 883 δὲ
3512 831 3687 898 ἔγνω-

2105 939 2202 975 σαν
2223 923 2321 992 τὴν
2349 919 2599 974 ἐντεῦθεν
2625 920 3002 990 βλαστήσασαν
3029 919 3324 990 σωτηρίαν,
3365 919 3688 987 εὐαγγέλιον

2100 1014 2368 1068 ἐκάλεσαν
2396 1012 2455 1066 τὸ
2481 1011 2574 1065 τοῦ
2601 1011 2804 1074 πάθους
2831 1009 2940 1081 (42)
2963 1011 3243 1081 κήρυγμα,
3267 1011 3364 1063 καὶ
3389 1010 3552 1064 τοῦτο
3584 1015 3689 1065 πᾶς

2102 1121 2187 1157 σιν
2208 1102 2514 1175 ἀνθρώποις
2553 1101 2850 1172 προθύμως
2882 1103 3283 1171 προσήνεγκαν.
3318 1103 3380 1156 Οἱ
3418 1101 3476 1154 δὲ
3512 1120 3688 1156 πεπι-

2102 1196 2408 1259 στευκότες,
2459 1194 2554 1248 ἆτε
2593 1195 2657 1266 δὴ
2693 1193 2784 1246 τὸν
2815 1193 2940 1247 νοῦν
2971 1192 3354 1260 φωτισθέντες,
3389 1195 3690 1256 ἀσπασίως

2098 1285 2256 1339 τοῦτο
2280 1285 2582 1354 δεξάμενοι,
2612 1283 2928 1354 ἑορτάζουσι
2958 1283 3054 1335 τοῦ
3081 1283 3286 1346 πάθους
3309 1284 3408 1354 τὴν
3432 1288 3689 1356 μνήμην,

2099 1380 2194 1429 καὶ
2237 1376 2328 1429 τὸν
2366 1375 2594 1428 θανάτου
2627 1373 2817 1446 καιρὸν
2843 1373 3192 1444 δημοθοινίας
3223 1373 3406 1444 έχουσι
3438 1377 3536 1428 καὶ⁵
3571 1376 3692 1447 (45)

2098 1469 2459 1539 πανηγύρεως
2494 1468 2767 1538 ἀφορμήν.
2815 1465 3142 1538 Συνημμένη
3173 1466 3282 1536 γάρ
3320 1467 3353 1537 ἡ
3381 1468 3698 1534 ἀνάστασις

2097 1560 2391 1616 ἀποϐάλλει
2420 1558 2530 1631 (44)
2553 1559 2646 1612 τοῦ
2678 1559 2911 1612 θανάτου
2934 1557 3026 1610 τὸν
3054 1557 3081 1610 0
3089 1558 3272 1628 ρῆνον,
3316 1559 3412 1611 καὶ
3437 1559 3543 1628 τῆς
3567 1578 3697 1612 κοι-

2098 1652 2195 1722 νῆς
2248 1651 2600 1712 ἀναστάσεως
2637 1649 2899 1720 ἐχέγγυος
2930 1649 3158 1717 γίνεται.
3197 1650 3416 1720 Ταύτης
3456 1653 3557 1704 ἐπὶ
3593 1652 3700 1705 τοῦ

2099 1742 2367 1812 παρόντος
2399 1740 2795 1812 μεταλαχόντες
2819 1740 2917 1810 τῆς
2945 1741 3161 1810 ἑορτῆς,
3185 1741 3702 1813 πφσφθεγγὸμεθὰ

2100 1849 2194 1884 σου
2227 1831 2326 1903 τὴν
2352 1831 2682 1894 θεοσέϐειαν,
2710 1827 2820 1883 οἷόν
2846 1847 2970 1884 τινα
3001 1831 3264 1901 εὐοσμίαν
3297 1832 3702 1902 ἐκπέμποντες

2096 1923 2194 1993 τῆς
2226 1923 2418 1994 ἑορτῆς
2448 1921 2762 1993 μηνύματα.

2466 2032 2584 2088 EE'.
2613 2064 2684 2073 —
2709 2033 2942 2100 Ζήνωνι
2963 2032 3295 2102 στρατηγῷ.

2168 2145 2242 2198 Τὸ
2289 2146 2387 2216 μὲν
2439 2147 2551 2208 τοῖς
2597 2143 2962 2216 άνθρωπείοις
3015 2143 3304 2214 παθήμασι
3355 2143 3696 2214 βάλλεσθαι.

2095 2239 2312 2292 πάντων
2336 2237 2635 2310 ἀνθρώπιον
2662 2238 2859 2292 κοινόν·
2889 2237 2948 2292 τὸ
2972 2237 3028 2290 δὲ
3050 2239 3236 2309 φέρειν
3263 2240 3564 2306 γενναίως,
3593 2242 3704 2295 καὶ

2093 2332 2190 2402 τῆς
2216 2331 2423 2384 τούτων
2455 2330 2838 2402 περιγίνεσθαι
2871 2330 3203 2402 προσϐολῆς,
3235 2333 3337 2384 οὐκ
3360 2332 3444 2384 ἔτι
3471 2335 3704 2386 κοινόν.

2105 2424 2311 2476 Ἐκεῖνο
2342 2422 2441 2491 μὲν
2479 2423 2586 2494 γὰρ
2615 2423 2713 2491 τῆς
2745 2421 2982 2490 φύσεως,
3007 2421 3167 2475 τοῦτο
3194 2422 3251 2474 δὲ
3285 2422 3386 2491 τῆς
3411 2425 3701 2494 «pompi-

2095 2529 2250 2576 σεως.
2277 2513 2367 2565 Διὸ
2395 2512 2458 2584 δὴ
2481 2513 2576 2565 καὶ
2601 2513 2727 2575 τοὺς
2755 2511 3174 2581 φιλοσοφοῦντας
3202 2511 3590 2581 θαυμάζομεν,
3613 2515 3701 2575 ὡς

2091 2606 2160 2657 τά
2190 2603 2440 2673 βέλτιστα
2473 2603 2962 2676 προαιρουμένους,
2991 2603 3086 2656 καὶ
3114 2604 3308 2676 γνώμη
3329 2604 3395 2656 τά
3429 2605 3590 2674 πάθη
3611 2623 3702 2658 νι-

2094 2692 2327 2755 κῶντας.
2359 2692 2471 2763 Τὴν
2499 2692 2556 2745 δὲ
2588 2693 2907 2761 φιλοσοφίαν
2938 2692 3334 2760 κατασκευάζει
3369 2693 3432 2744 τὸ
3457 2696 3523 2744 εν
3549 2697 3700 2764 ἡμῖν

2092 2781 2328 2851 λογικὸν,
2362 2783 2668 2854 ἡγούμενον
2699 2783 2808 2836 τῶν
2848 2783 3057 2847 παθῶν,
3105 2783 3220 2835 ἀλλ’
3263 2785 3361 2836 οὐκ
3404 2785 3700 2855 ἀγόμενον

2094 2873 2187 2928 ὐπ’
2217 2873 2415 2927 αὐτῶν.
2481 2875 2576 2926 Ἓν
2622 2873 2679 2926 δὲ
2725 2873 2834 2926 τῶν
2870 2873 3224 2944 ἀνθρωπείων
3269 2873 3627 2943 παθημάτων
3663 2877 3702 2945 ἠ

2089 2965 2260 3034 λύπη·
2281 2964 2484 3036 ταύτης
2514 2964 2887 3036 περιγίνεσθαι
2909 2963 3332 3034 παρακαλοῦμεν
3353 2964 3455 3034 τὴν
3480 2965 3702 3034 ὑμετὲ-

2093 3077 2188 3132 ραν
2207 3059 2706 3131 μεγαλοπρέπειαν.
2725 3060 2931 3131 Ῥᾴδιον
2951 3059 3007 3112 δὲ
3025 3062 3134 3123 τοῖς
3149 3059 3269 3112 καθ’
3285 3060 3430 3128 ὑμᾶς
3452 3059 3706 3128 νικῆσαι

403 3146 754 3216 dispendium
792 3144 1172 3200 consideretis.
1208 3143 1365 3211 Quod
1408 3146 1557 3200 enim
1595 3145 1868 3201 defunctis
1899 3146 1982 3200 lu-

2099 3151 2146 3204 ιδ
2177 3151 2368 3215 πάθος,
2405 3152 2503 3220 τήν
2530 3169 2588 3203 τε
2619 3151 2779 3219 φύσιν
2808 3151 3202 3221 λογιζομένοις,
3235 3151 3326 3202 καὶ
3354 3149 3419 3203 τὺ
3445 3151 3705 3220 ἀκερδὲς

399 3254 558 3294 crum
587 3237 713 3302 erit,
746 3237 906 3292 nobis
940 3237 1325 3309 plangentibus
1379 3237 1662 3307 luctuique
1693 3237 1981 3309 indulgen-

400 3328 585 3386 tibus?
640 3328 819 3395 Quare
883 3344 1008 3382 cum
1079 3327 1265 3382 animo
1314 3328 1653 3383 revolvimus
1715 3330 1980 3384 natalium

401 3417 870 3481 communionem,
912 3425 968 3472 et
1010 3417 1158 3489 longi
1198 3417 1463 3487 temporis
1503 3420 1979 3486 consuetudinem,

400 3516 458 3563 et
499 3507 700 3563 claram
734 3508 1011 3574 militiam,
1047 3518 1105 3564 et
1146 3525 1178 3564 a
1220 3509 1412 3564 multis
1441 3509 1729 3565 decantata
1763 3511 1983 3582 egregia

400 3599 666 3665 facinora,
705 3600 1009 3670 cogitemus
1045 3600 1328 3656 hominem
1367 3601 1537 3657 fuisse
1566 3617 1729 3672 quem
1763 3601 1865 3658 ista
1895 3619 1985 3658 or-

400 3692 628 3757 nabant,
662 3691 997 3762 decretoque
1030 3695 1226 3749 mortis
1265 3694 1598 3762 obnoxium;
1633 3695 1804 3750 Deum
1834 3695 1985 3750 insu-

401 3800 506 3856 per
531 3785 716 3840 omnia
746 3785 1041 3850 moderari,
1064 3794 1120 3840 et
1140 3786 1273 3856 quid
1300 3787 1647 3856 profuturum
1673 3789 1745 3842 sit
1781 3789 1986 3843 certius

402 3892 590 3941 nosse,
619 3892 796 3947 eoque
841 3893 930 3932 res
973 3878 1244 3933 humanas
1285 3878 1545 3949 dirigere.
1597 3878 1722 3934 Hac
1755 3895 1856 3950 ego
1884 3896 1985 3950 pro

405 3967 652 4037 epistolae
693 3984 954 4024 mensura
997 3969 1217 4040 scripsi,
1257 3970 1612 4025 eminentiam
1646 3980 1795 4026 tuam
1827 3972 1987 4028 obse-

404 4074 588 4124 crans,
617 4067 679 4114 ut
708 4068 856 4114 tuam
897 4061 1059 4116 nobis
1091 4062 1348 4117 omnibus
1380 4063 1750 4118 valetudinem
1783 4079 1984 4119 conce-

401 4147 527 4210 das,
557 4164 720 4218 quam
755 4158 816 4204 ut
847 4165 1176 4207 conservare
1218 4152 1410 4207 hetitia
1449 4153 1609 4219 solet,
1653 4152 1733 4209 sic
1763 4154 1987 4210 tristitia

405 4239 752 4296 labefactare.
807 4242 919 4298 Hac
966 4243 1114 4298 enim
1159 4245 1226 4300 de
1270 4261 1434 4301 causa
1473 4261 1821 4302 communem
1864 4261 1988 4318 spe-

405 4339 561 4388 ctans
583 4333 874 4390 utilitatem
899 4337 1184 4406 epistolam
1212 4337 1455 4393 exaravi.

817 4621 1000 4679 LXVI.
1035 4656 1102 4664 ——
1138 4625 1292 4680 Acria
1312 4627 1574 4698 sophistas.

477 4728 558 4787 Ad
583 4733 980 4803 optatissimam
1010 4735 1388 4792 celebritatem
1426 4754 1626 4808 parens
1645 4748 1701 4796 ct
1736 4741 1900 4797 altrix
1931 4752 1984 4800 te

407 4825 583 4875 vocat.
625 4821 792 4877 Sacro
825 4825 1030 4879 etenim
1060 4826 1263 4895 templo
1295 4834 1498 4882 tectum
1531 4829 1847 4900 impositum
1876 4842 1981 4900 est,

406 4917 462 4964 et
483 4911 820 4968 conveniens
857 4924 1085 4970 ornatus
1111 4917 1378 4981 accessit,
1403 4929 1459 4972 et
1489 4919 1832 4977 habitatores
1859 4923 1984 4993 qui-

409 5001 510 5054 bus
551 5009 895 5058 exstructum
933 5012 1017 5060 est
1060 5006 1356 5061 desiderat.
1393 5007 1459 5061 Hi
1493 5018 1622 5063 sunt
1659 5013 1891 5080 apostoli
1925 5021 1981 5068 et

407 5089 708 5160 prophetae,
739 5094 949 5150 Veteris
977 5111 1040 5150 ac
1063 5096 1199 5150 Novi
1237 5097 1572 5154 Testamenti
1595 5101 1809 5157 eximiae
1829 5105 1980 5160 vocis

406 5197 705 5250 praecones.
729 5185 948 5241 Festum
973 5186 1138 5258 igitur
1163 5187 1260 5258 11
1275 5189 1380 5259 18
1397 5191 1688 5258 praesentia
1707 5200 1798 5248 tua
1820 5209 1980 5250 exor-

402 5288 495 5338 na,
528 5283 585 5332 et
610 5285 922 5334 manantem
944 5294 1011 5333 ex
1028 5295 1094 5335 eo
1115 5279 1557 5338 benedictionem
1590 5283 1871 5351 hauriens,
1897 5287 1982 5344 fac

405 5372 464 5417 ut
491 5365 652 5422 nobis
683 5367 849 5422 latior
879 5368 950 5423 sit
974 5370 1315 5425 solemnitas.

474 5606 584 5684 (i2)
617 5607 708 5658 τοῦ
746 5609 969 5684 πάθους,
1000 5612 1154 5684 quod"
1176 5613 1350 5684 ipsum)
1378 5613 1648 5684 Sirmoudi
1680 5616 1855 5670 versio
1885 5632 1978 5671 cx-

403 5679 620 5742 prnssit.
653 5679 1030 5743 reponendqu
1054 5697 1085 5732 (ι
1119 5679 1252 5733 (Iud.
1286 5682 1517 5734 Vindob.

473 5743 585 5812 (45)
620 5743 732 5808 καί,
761 5744 906 5812 quod
949 5746 1180 5802 habebat
1224 5750 1413 5818 Neap.,
1445 5751 1718 5807 exciderat
1749 5770 1778 5808 c
1813 5755 1974 5811 Sirm.

2017 4487 2117 4542 υἱ.

2084 3241 2178 3296 τοῦ
2199 3241 2429 3305 πένθους
2447 3242 2890 3312 ἐνθυμουμένοις.
2924 3242 3020 3304 Τίς
3049 3241 3158 3311 γάρ
3187 3241 3369 3310 ὄνησις
3387 3240 3548 3294 ἔσται
3571 3244 3706 3305 τοῖς

2085 3332 2433 3398 ἀπελθοῦσιν,
2465 3333 2620 3404 ἡμῶν
2664 3333 3076 3404 ὀλοφυρομένων
3109 3333 3203 3386 καὶ
3227 3333 3445 3403 θρήνοις
3476 3351 3709 3406 κεχρη-

2089 3424 2311 3494 μένων;
2343 3424 2515 3476 Ὅταν
2543 3423 2721 3477 τοίνυν
2768 3424 2830 3476 τὸ
2862 3424 3037 3477 κοινὸν
3075 3424 3184 3477 τῶν
3202 3424 3406 3478 ὠδίνων
3445 3427 3536 3489 είς
3557 3427 3705 3479 νοῦν

2086 3512 2476 3585 λαμϐάνωμεν,
2503 3514 2596 3568 καὶ
2630 3513 2722 3568 τὸν
2755 3517 2964 3586 μακρὸν
3003 3514 3103 3584 τῆς
3142 3514 3428 3585 συνηθείας
3459 3517 3701 3584 χρόνον,

2091 3604 2186 3657 καὶ
2225 3603 2322 3665 τὰς
2351 3604 2610 3675 λαμπρὰς
2644 3605 2994 3674 στρατηγίας,
3030 3605 3122 3658 καὶ⁸
3156 3603 3253 3666 τὰς
3293 3603 3697 3675 πολυθρυλλή-

2088 3711 2216 3758 τους
2248 3695 2546 3766 ἀριστείας,
2571 3694 2918 3764 λογισώμεθα
2951 3694 3022 3758 ὡς
3055 3696 3148 3748 καὶ
3183 3694 3476 3766 ἄνθρωπος
3500 3697 3532 3747 ὁ
3555 3697 3698 3749 τού-

2089 3801 2205 3848 τοις
2231 3785 2624 3856 κοσμούμενος,
2657 3785 2750 3838 καὶ
2774 3785 2878 3838 ὐπὸ
2912 3785 3004 3838 τὸν
3035 3787 3160 3858 ὅρον
3197 3786 3293 3838 τοῦ
3323 3786 3570 3840 θανάτου
3599 3806 3702 3841 τε-

2089 3875 2219 3929 λῶν⁶
2245 3877 2337 3930 καὶ
2370 3877 2504 3948 πρὸς
2540 3877 2769 3941 τούτοις,
2795 3879 2877 3932 ὅτι
2910 3878 3041 3940 Θεὸς
3067 3877 3398 3948 πρυτανεύει
3429 3879 3506 3931 τὰ
3541 3879 3698 3948 σύμ-

2090 3986 2284 4034 παντα,
2306 3968 2478 4021 καὶτὸ
2510 3968 2775 4020 συνοίσειν
2807 3968 3000 4039 μέλλον
3020 3968 3413 4038 ἀκριϐέστερον
3447 3971 3696 4023 ἔπιε-τᾶ.-

2093 4077 2273 4130 μενος,
2298 4060 2436 4130 πρὸς
2461 4059 2618 4113 τοῦτο
2641 4060 2882 4131 κυϐερνᾷ
2907 4059 2974 4113 τά
3004 4059 3341 4132 ἀνθρώπεια.
3381 4061 3581 4114 Ταῦτα
3615 4063 3696 4123 ὡς

2089 4149 2146 4202 ὲν
2189 4149 2298 4220 (45)
2335 4150 2621 4219 ἐπιστολῆς
2670 4150 2851 4222 μέτρῳ
2885 4151 3156 4221 γέγραφα,
3185 4151 3543 4217 παρακαλῶν
3585 4151 3697 4222 τὴν

2090 4240 2364 4311 ὑμετέραν
2411 4241 2776 4310 μεγαλοφυῖαν
2813 4241 3142 4314 χαρίσασθαι
3190 4244 3359 4296 πᾶσιν
3393 4246 3542 4313 ἡμῖν
3585 4245 3694 4314 τὴν

2090 4332 2362 4403 ὑμετέραν
2392 4333 2600 4400 ὑγείαν,
2632 4333 2699 4403 ἣν
2741 4329 2879 4386 οἶδεν
2915 4333 3147 4403 εὐθυμία
3188 4333 3519 4400 φυλάττειν,
3555 4337 3695 4390 ἀθυ-

2094 4425 2188 4495 μία
2217 4425 2273 4477 δὲ
2301 4423 2467 4477 λύειν.
2491 4424 2589 4478 Διά
2623 4425 2732 4494 γὰρ
2759 4424 2917 4478 τοῦτο
2943 4427 3036 4478 καί¹
3063 4426 3162 4495 τὴν
3190 4425 3496 4499 ἐπιστολὴν
3519 4428 3694 4498 ἔγρα-

2090 4513 2191 4583 ψα,
2218 4514 2319 4583 τῆς
2347 4517 2533 4583 κοινῆς
2567 4514 3019 4585 προμηθούμενος
3057 4505 3344 4585 ὠφελείας.

2476 4622 2610 4690 εἰτ’.
2643 4653 2714 4663 --
2758 4624 2948 4691 Ἁερίφ
2980 4623 3264 4692 σοφιστῇ.

2159 4733 2255 4798 Εἰς
2295 4735 2392 4805 τὴν
2422 4734 2749 4806 τριπόθητον
2795 4736 2939 4806 ὑμᾶς
2990 4739 3296 4809 πανήγυριν
3345 4740 3380 4808 ἡ
3415 4745 3692 4796 τετοκυῖα

2088 4826 2182 4879 καὶ
2220 4825 2545 4898 ¹θρεψαμένη
2589 4826 2762 4880 καλεῖ.
2805 4826 2864 4880 ’0
2915 4826 3024 4898 γὰρ
3055 4828 3196 4894 ίερὺς
3233 4829 3404 4899 σηκὸς
3457 4835 3565 4886 καὶ
3598 4837 3698 4887 τὸν

2086 4914 2283 4987 ὄροφον
2318 4915 2499 4980 ἔλαϐε,
2531 4916 2624 4970 καὶ
2678 4915 2771 4969 τὸν
2823 4918 3167 4988 προσήκοντα
3226 4919 3436 4988 κόσμον
3511 4941 3700 4994 apes-

2091 5006 2253 5061 έλαϐε
2308 5008 2402 5059 καὶ
2437 5007 2563 5070 τοὺς
2588 5009 2877 5079 οἰκήτορας
2903 5003 2984 5072 οἷς
3015 5009 3251 5080 ἐδομήθη
3279 5011 3472 5067 ποθεῖ.
3521 5016 3706 5068 Ἄπρόο

2089 5098 2265 5152 στολοι
2317 5097 2373 5150 δὲ
2419 5090 2588 5161 οὗτοι,
2621 5099 2716 5150 κοιλ⁹
2763 5098 3062 5169 προφῆται,
3096 5099 3336 5163 Παλαιάἱς
3384 5105 3499 5156 καὶ
3544 5107 3704 5158 Και-

2081 5190 2178 5262 νῆς
2241 5190 2518 5261 Διαθήκης
2581 5192 2952 5261 μεγαλόφωνοι
3009 5191 3268 5262 κήρυκες.
3330 5195 3711 5266 Κοσμήσατε

2082 5281 2262 5335 τοίνυν
2305 5283 2370 5352 τῇ
2408 5281 2677 5353 παρουσίᾳ
2713 5281 2807 5352 τὴν
2845 5281 3056 5354 ἑορτὴν,
3094 5282 3186 5335 καὶ
3223 5282 3323 5346 τὰς
3365 5286 3439 5338 ὲκ
3475 5289 3718 5360 ταύτης

2086 5371 2492 5437 ἀναϐλυζούσας
2521 5373 2768 5442 εὐλογίας
2797 5373 3092 5444 ἀρύσασθε,
3127 5375 3217 5428 καὶ
3247 5375 3720 5453 θυμηρεστέριν

2086 5464 2217 5532 ἡμῖν
2249 5463 2554 5532 ὲργάσασθε
2580 5463 2676 5532 τὴν
2710 5463 3037 5533 πανήγυριν.

2087 5624 2257 5671 textu.

2159 5688 2268 5756 (7M)
2301 5687 2590 5741 ἀπελαύνει
2617 5687 2786 5756 Neap.

2162 5755 2270 5830 (ίὸ)
2305 5759 2360 5811 ἐν
2390 5759 2636 5814 addit.qu
2665 5774 2695 5814 c
2726 5755 2893 5828 Neap-
