3924 6192
297 306 423 375 ῙΞ37

812 426 930 481 ΞΖ⁹.
957 456 1028 466 -—
1050 425 1320 494 Μαράνᾳ.

366 536 463 589 Σὺν
500 536 600 606 μὲν
630 535 812 608 ἔργον,
840 532 888 593 ὦ
921 538 1132 610 ἄριστε,
1174 539 1235 594 τὸ
1278 541 1375 594 καὶ
1407 541 1532 606 τοὺς
1560 540 1756 605 ἀλλους
1785 543 1864 604 εἰς

297 628 389 694 τὴν
428 627 535 679 τῶν
570 628 862 697 ἐγκαινίων
902 633 1208 703 πανήγυριν
1239 633 1445 687 καλεῖν.
1479 634 1575 686 Ἐκ
1618 632 1727 704 γάρ
1763 634 1865 703 τῆς

303 719 393 787 σῆς
423 719 655 790 σπουδῆς
690 737 748 773 τε
779 721 875 775 καὶ
911 722 1218 794 προθυμίας
1252 724 1349 778 καὶ
1386 725 1415 777 6
1446 723 1588 788 θεῖος
1627 723 1866 794 ὲδομήθη

304 808 484 878 σηκὸς,
515 811 609 863 καὶ
648 813 696 864 οἱ
740 813 1116 884 μεγαλόφωνοι
1165 815 1265 883 τῆς
1310 814 1569 887 ἀληθείας
1602 814 1863 884 ἀφίκοντο

302 900 535 969 κήρυκες
559 902 608 954 οἱ
633 902 820 956 τοῦτον
846 904 1179 974 οἰκήσοντες,
1202 904 1297 959 καὶ
1320 906 1445 969 τοὺς
1473 904 1680 968 πιστῶς
1703 921 1870 974 προσ-

302 989 479 1051 ιόντας
506 992 930 1062 φρουρήσοντες.
966 992 1168 1064 Γράφω
1187 992 1246 1047 δὲ
1276 994 1425 1073 ὅμως
1463 992 1743 1065 σημαίνων
1770 993 1868 1063 τῆς

299 1076 488 1149 ἑορτῆς
517 1080 606 1132 τὸν
636 1080 844 1151 καιρόν.

786 1191 914 1246 EH’.
934 1224 1005 1233 —
1038 1195 1376 1265 'Emgpaw'rp.

380 1299 707 1374 Ἐϐουλόμην
748 1304 824 1374 μὴ
870 1304 1029 1375 μόνον
1069 1306 1145 1371 ὡς
1187 1308 1429 1375 πολίτας,
1470 1310 1608 1363 ἀλλά
1656 1310 1752 1364 καὶ
1793 1310 1871 1374 ὡς

1617 311 1976 373 EPISTULA
2015 317 2221 376 LXIX.

1886 430 1929 480 Α

3402 319 3415 381 1
3428 320 3553 384 23$

2468 428 2672 484 LXVII.
2705 459 2773 469 -—
2796 428 3054 483 Mardum.

2035 540 2165 595 Tua:
2185 540 2428 609 quidem,
2456 542 2542 594 vir
2562 541 2789 611 optime,
2825 549 3007 611 partes
3034 549 3191 597 erant
3213 542 3376 595 etiam
3403 542 3538 598 alios

1942 631 2033 685 ~ad
2056 630 2422 687 dedicationis
2450 632 2829 688 celebritatem
2858 647 3056 687 vocare
3083 649 3095 683 :
3133 642 3227 685 tuo
3263 631 3559 700 siquidem»

1965 722 2151 778 studio
2169 738 2233 777 ac
2251 723 2532 793 diligentia
2565 731 2621 778 et
2642 723 2891 777 divinum
2916 722 3179 791 templum
3206 721 3555 776 aedificatum-

1966 821 2072 880 est,
2100 822 2157 869 et
2184 813 2476 868 clarissimi
2510 814 2759 868 veritatis
2788 828 3069 883 praecones
3086 820 3375 875 venerunt,
3400 820 3461 866 ut
3485 813 3539 865 in

1969 906 2064 960 illo
2104 905 2377 969 habitent,
2431 905 2777 974 ﬁdeliterque
2819 904 3148 959 accedentes
3199 903 3545 959 custodiant.

1968 997 2219 1052 Attamen
2239 997 2460 1067 scripsi,
2492 1006 2548 1053 et
2574 997 2887 1053 festivitatis
2917 1006 3133 1070 tempus
3162 996 3487 1068 signiﬁcavi.

2431 1193 2662 1250 LXVIII.
2691 1221 2762 1231 —
2785 1192 3112 1263 Epiphanio.

2045 1306 2248 1362 Vellem
2277 1320 2378 1377 ego
2402 1320 2513 1360 non
2541 1306 2719 1361 solum
2755 1314 2817 1360 ut
2847 1306 3044 1371 civem,
3074 1320 3265 1360 verum
3296 1305 3460 1360 etiam
3484 1313 3547 1357 ut

297 1394 626 1462 όμοπίστους
660 1396 808 1466 ὑμᾶς
836 1397 930 1450 καὶ
951 1398 1312 1470 όμοσκήνους,
1338 1402 1418 1464 εἰς
1447 1401 1545 1471 τὴν
1567 1400 1676 1455 τῶν
1701 1402 1872 1472 ἁγίων

1991 1398 2099 1453 idei
2123 1404 2432 1451 consortem
2470 1405 2527 1451 et
2548 1396 3022 1461 contubernalem,
3058 1405 3110 1450 te
3133 1396 3200 1451 ad
3229 1406 3545 1451 sanctorum

300 1485 609 1539 ἀποστόλων
659 1488 750 1541 καὶ
798 1489 1101 1560 προφητῶν
1147 1491 1484 1560 συγκαλέσαι
1541 1494 1868 1564 πανήγυριν

1971 1488 2342 1558 apostolorum
2376 1495 2435 1542 et
2482 1487 2881 1557 prophetarum
2922 1487 3303 1543 celebritatem
3343 1502 3548 1541 convo-

303 1576 415 1629 ἀλλ’
440 1578 542 1631 ούκ
564 1580 629 1650 ἐᾷ
655 1579 716 1633 τὸ
741 1581 842 1651 τῆς
868 1581 1189 1653 προλήψεως
1209 1583 1399 1647 πάθος.
1427 1577 1504 1638 υἷι
1525 1584 1587 1655 δὴ
1617 1584 1780 1656 χάριν
1802 1585 1872 1638 τὰ

1991 1594 2130 1642 :are;
2159 1577 2253 1633 sed
2285 1593 2393 1633 non
2419 1579 2626 1649 patitur
2648 1579 2960 1649 anticipata:
2988 1578 3264 1650 opinionis
3294 1578 3547 1633 allectus.

301 1666 400 1736 τῆς
416 1668 750 1741 ἐνεγκούσης
782 1671 920 1741 μόνα
942 1672 1315 1743 προϐάλλομαι
1345 1673 1550 1737 δίκαια,
1575 1676 1669 1729 καὶ
1702 1691 1872 1747 παρα-

1973 1668 2339 1735 Quamohrem
2376 1668 2490 1723 sola
2523 1668 2712 1738 patriae
2743 1670 2868 1740 jura
2917 1668 3180 1733 obtendo,
3213 1668 3231 1688 ‘
3265 1677 3322 1721 et
3360 1680 3460 1719 oro
3492 1672 3551 1718 ut

307 1760 454 1813 καλῶ
508 1760 611 1830 τῆς
661 1762 983 1834 ἀξιεράστου
1043 1763 1152 1817 τῶν
1202 1765 1374 1834 ἁγίων
1424 1766 1734 1820 ἀποστόλων
1781 1767 1876 1820 καὶ

1991 1759 2268 1816 amabilem
2319 1767 2637 1815 sanctorum
2676 1763 3048 1831 apostolorum
3076 1769 3131 1815 et
3156 1759 3552 1829 prOplietarum

308 1850 597 1919 προφητῶν
658 1852 984 1922 μεταλαχεῖν
1034 1852 1305 1921 εὐλογίας.
1359 1855 1577 1928 Ταύτην
1622 1858 1733 1928 γὰρ
1775 1859 1876 1929 τὴν

1991 1850 2416 1907 benedictionem
2443 1851 2697 1906 sortiare.
2718 1851 2869 1907 Hanc
2893 1852 3039 1906 enim
3065 1851 3549 1922 participationem

311 1940 610 2012 μετάληψιν
633 1942 860 2014 οὐδεμία
891 1943 1092 1998 κωλύει
1110 1944 1363 2016 διχόνοια.

805 2053 923 2109 EG’.
951 2085 1023 2094 —
1054 2056 1381 2127 Εὑγραςοίςι.

379 2165 441 2220 Ei
474 2167 548 2238 μή
578 2183 646 2237 με
677 2166 746 2221 τὰ
769 2167 866 2239 τῆς
888 2168 1133 2239 ἀνάγκης
1167 2170 1379 2239 κατεῖχε
1403 2169 1600 2240 δεσμὰ,
1629 2170 1792 2234 εὐθὺς
1813 2171 1880 2225 ἀν

312 2256 561 2328 ἔδραμον,
591 2256 689 2329 τὴν
718 2258 974 2330 κοίμησιν
1001 2259 1164 2327 γνοὺς
1190 2258 1284 2313 τοῦ
1317 2260 1765 2333 μεγαλοπρεποῦς
1785 2260 1882 2316 καὶ

311 2350 554 2420 ἀοιδίμου
601 2351 871 2423 ὁμοζύγου
921 2353 1020 2424 τῆς
1062 2355 1163 2424 σῆς
1231 2353 1682 2424 θαυμασιότητος.
1736 2357 1884 2428 Παμ-

311 2440 508 2505 πόλλας
561 2440 668 2513 γάρ
724 2443 853 2513 ὑμίν
896 2443 1093 2514 ὀφείλω
1144 2445 1393 2517 χάριτας,
1442 2446 1720 2516 διαφόρως
1772 2445 1882 2515 ἐγὼ

313 2530 657 2599 παντοδαπῆς
678 2532 845 2603 τιμῆς
866 2534 995 2602 παρ’
1021 2532 1175 2603 ὑμῶν
1198 2532 1531 2596 ἀπολαύσας.
1580 2533 1797 2603 Ἐπειδὴ
1824 2534 1883 2587 δὲ

313 2621 459 2675 ἀκων
485 2621 763 2693 ἐκωλύθην
798 2622 1095 2677 ἀποδοῦναι
1139 2623 1200 2677 τὸ
1232 2622 1411 2695 χρέος,
1455 2624 1655 2678 ἄτοπον
1694 2622 1883 2695 ᾠήθην

317 2711 620 2782 γράμματα
674 2711 891 2782 πέμψαι
947 2715 1079 2783 παρ’
1121 2712 1289 2784 αὐτὴν
1345 2713 1444 2785 τὴν
1503 2713 1598 2767 τοῦ
1655 2713 1884 2778 πένθους

320 2803 524 2873 ἀκμὴν,
550 2801 676 2857 οὔτε
696 2801 789 2856 τοῦ
812 2804 1274 2876 γραμματοφόρου
1296 2808 1570 2876 συντυχεῖν
1591 2804 1885 2876 δυναμένου

318 2896 385 2966 τῇ
415 2893 825 2967 σεμνοπρεπείᾳ
860 2897 925 2966 τῇ
952 2897 1041 2965 σῇ,
1077 2894 1198 2949 οὕτε
1230 2897 1329 2966 τῆς
1352 2895 1544 2966 ὀδύνης
1572 2896 1886 2967 συγχωρού-

321 3002 418 3057 σης
444 2988 557 3050 τοῖς
577 2986 898 3057 γράμμασιν
926 2989 1189 3057 ἐντυχεῖν.
1241 2988 1347 3042 Τοῦ
1376 2988 1433 3042 δὲ
1473 2989 1735 3060 λογισμοῦ
1776 2990 1889 3043 λοι-

1978 1942 2129 1997 nulla
2160 1941 2418 2012 prohibet
2440 1942 2838 1996 sententiarum
2868 1942 3159 1997 dissensio.

2439 2051 2624 2106 LXIX.
2659 2084 2728 2092 —
2756 2053 3093 2124 Eugraphiw.

2050 2161 2165 2217 Nisi
2187 2177 2274 2218 me
2306 2164 2651 2219 necessitatis
2683 2164 2903 2221 vincula
2940 2167 3321 2233 retinuissent,
3356 2182 3555 2223 accur-

1981 2253 2179 2308 rissem
2207 2269 2239 2309 e
2266 2254 2496 2325 vestigio
2523 2254 2690 2310 simul
2730 2270 2796 2310 ac
2835 2255 2903 2311 de
2944 2257 3216 2328 magniﬁci
3248 2265 3304 2311 et
3327 2256 3553 2328 gloriosi

1982 2344 2231 2415 conjugis
2260 2345 2337 2400 tui
2362 2344 2691 2401 dormitione
2715 2346 2966 2418 cognovi.
2996 2347 3266 2403 Plurimas
3283 2348 3430 2403 enim
3454 2364 3547 2401 vo-

1982 2433 2068 2488 bis
2090 2434 2267 2490 debeo
2292 2436 2680 2507 gratias,omni
2705 2453 2736 2493 a
2761 2437 2921 2494 vobis
2945 2438 3171 2494 honoris
3192 2455 3393 2509 genere
3411 2440 3556 2494 mul—

1984 2524 2223 2580 tifariam
2259 2528 2592 2583 cumulatus.
2628 2528 2764 2584 Cum
2802 2538 3007 2603 autem,
3041 2530 3338 2600 quominus
3394 2531 3557 2585 dehi-

1985 2624 2102 2670 tum
2138 2616 2426 2673 redderem
2448 2658 2464 2683 ,
2496 2619 2705 2674 invitus
2731 2618 2961 2675 fuissem
2996 2621 3326 2685 retardatus,
3358 2621 3556 2676 absur—

1985 2706 2115 2762 dum
2139 2708 2269 2763 duxi
2305 2709 2410 2765 sub
2442 2709 2620 2780 ipsum
2650 2711 2836 2767 luctus
2873 2712 3138 2781 impetum
3166 2713 3379 2768 litteras
3400 2713 3555 2777 dare,

1985 2799 2206 2869 quando
2230 2815 2333 2855 nec
2372 2800 2661 2857 tabellario
2699 2802 2901 2872 alloqui
2939 2803 3264 2873 gravitatem
3301 2812 3451 2858 tuam
3489 2804 3559 2857 li-

1987 2898 2171 2955 ceret,
2222 2906 2327 2946 nec
2374 2891 2586 2946 litteras
2621 2892 2807 2962 legere
2855 2892 3012 2946 dolor
3075 2893 3442 2965 permitteret.
3489 2893 3563 2946 At

1988 2988 2276 3050 postquam
2319 2981 2519 3036 rationi
2565 2981 2782 3052 1119
2820 2982 2976 3037 locus
3009 2981 3170 3038 datus
3211 2991 3296 3038 est
3361 2981 3572 3052 resipi-

318 3076 417 3128 πὺν
441 3075 626 3149 χώραν
651 3076 943 3147 ἐσχηκότος
971 3076 1266 3147 ἀνανῆψαι,
1296 3078 1389 3132 καὶ
1418 3078 1582 3147 ἄγξαι
1610 3080 1671 3132 τὸ
1693 3079 1884 3145 πάθος,

1992 3073 2205 3135 scendi,
2242 3072 2559 3144 dolorisque
2585 3074 3008 3144 comprimendi,
3031 3083 3088 3129 et
3107 3074 3450 3130 immoderati
3475 3075 3561 3128 lu-

318 3165 412 3218 καὶ
451 3165 677 3218 κολάσαι
708 3165 803 3218 τοῦ
842 3165 1073 3229 πένθους
1120 3166 1219 3237 τὴν
1267 3166 1558 3238 ἀμετρίαν,
1606 3168 1888 3240 ἐθάρρησα

318 3255 544 3326 γράψαι,
582 3256 676 3309 καὶ
724 3255 821 3327 τὴν
875 3256 976 3327 σὴν
1024 3256 1406 3328 παρακαλέσαι
1449 3257 1884 3329 θαυμασιότητα,

319 3347 415 3401 καὶ
438 3347 537 3416 τὴν
561 3347 905 3418 ἀνθρωπείαν
932 3347 1092 3416 φύσιν
1112 3349 1552 3419 ἐπεσκεμμένην,
1580 3349 1673 3402 καὶ
1692 3350 1753 3403 τὸ
1774 3366 1890 3402 κοτ-

1988 3173 2115 3220 ctus
2147 3164 2472 3234 castigandi,
2501 3164 2745 3219 scribere
2768 3180 2936 3221 ausus
2967 3180 3110 3231 sum,
3147 3172 3405 3236 tuamque
3436 3164 3567 3220 hor-

1989 3254 2093 3309 tari
2130 3254 2509 3321 excellentiam
2531 3295 2546 3320 ,
2587 3266 2648 3309 ut
2680 3256 2976 3311 humanam
3012 3267 3262 3313 naturam
3306 3258 3581 3314 conside~

1989 3351 2139 3410 rans,
2165 3351 2222 3397 et
2249 3357 2543 3408 commune
2581 3344 2786 3398 malum
2814 3346 3124 3416 recogitans
3143 3386 3158 3411 ,
3192 3347 3394 3402 divinis
3424 3364 3568 3418 pra:-

326 3434 408 3487 θδν
457 3435 550 3489 τοῦ
608 3436 813 3500 πάθους
857 3435 1232 3507 λογιζομένην,
1272 3438 1366 3491 καὶ
1409 3438 1542 3508 πρὸς
1573 3437 1783 3501 τούτοις
1823 3440 1889 3494 τὰ

1991 3434 2179 3490 sertim
2220 3434 2383 3489 rebus
2407 3433 2647 3501 imbuta,
2679 3450 2968 3491 maerorem
3002 3436 3107 3491 [ide
3140 3438 3420 3507 metiatur.
3448 3438 3593 3494 Non.

320 3526 438 3581 θεῖα
478 3526 936 3597 πεπαιδευμένην,
971 3527 1240 3597 μετρῆσαι
1286 3530 1352 3598 τῇ
1396 3527 1579 3581 πίστει
1625 3526 1722 3599 τὴν
1756 3526 1891 3582 ἀθυ-

322 3617 471 3687 μίαν.
520 3618 595 3670 Οὐ
655 3615 763 3690 γὰρ
811 3617 1080 3672 ἀπέθανεν
1131 3619 1160 3673 6
1215 3619 1393 3673 πάντα
1427 3619 1648 3690 ἀριστος
1687 3619 1893 3680 ἐκεῖνος

320 3706 484 3778 ἀνὴρ,
519 3707 660 3761 κατά
705 3708 805 3781 τὴν
851 3708 945 3762 τοῦ
997 3709 1203 3780 Κυρίου
1238 3710 1444 3780 φωνὴν.
1477 3710 1616 3764 ἀλλά
1646 3710 1894 3765 καθεύδει

322 3797 492 3853 ὕπνον
520 3799 615 3853 τοῦ
640 3800 905 3871 συνήθους
936 3801 1290 3874 μακρότερον.
1317 3802 1534 3872 Ταύτην
1562 3801 1672 3874 γὰρ
1705 3803 1835 3873 ἡμῖν
1864 3803 1894 3855 6

321 3891 597 3962 Δεσπότης
626 3890 793 3944 ἔδωκε
818 3890 914 3963 τὴν
938 3891 1144 3945 ἐλπίδα’
1163 3892 1363 3958 ταύτην
1393 3894 1456 3947 ἐκ
1476 3893 1584 3948 τῶν
1614 3893 1772 3947 θείων
1791 3895 1895 3949 Λο-

322 3979 459 4048 γίων
511 3979 807 4052 δεδέγμεθα
852 3981 951 4052 τὴν
994 3982 1307 4053 ὑπόσχεσιν.
1344 3980 1472 4038 Οἶδα
1517 3985 1615 4056 μὲν
1668 3979 1780 4050 οὖν,
1820 3985 1896 4049 ῶς

323 4069 552 4140 ἀνιαρὸν
575 4071 604 4122 6
630 4071 927 4142 χωρισμὸς,
958 4073 1053 4126 καὶ
1075 4073 1196 4127 λίαν
1224 4074 1467 4145 ἀνιαρὸν,
1498 4076 1593 4128 καὶ
1613 4074 1895 4146 διαφερόν-

323 4172 436 4219 τως
454 4156 585 4211 ὃταν
612 4156 705 4209 καὶ
725 4156 873 4227 ἠθῶν
896 4159 1252 4231 εὐαρμοστία,
1277 4162 1374 4214 καὶ
1408 4162 1596 4233 χρόνος
1626 4165 1896 4235 μακρότε⁴

329 4264 423 4317 ρος
449 4247 546 4319 τὴν
567 4248 748 4319 φιλίαν
773 4250 884 4321 (46)
902 4251 1131 4323 αύξήσπ
1161 4250 1274 4306 ἀλλ’
1293 4253 1599 4325 ἀποδημίας
1626 4255 1787 4318 ἔστω,
1817 4255 1891 4328 μὴ

326 4336 610 4404 τελευτῆς,
634 4340 667 4410 ἠ
695 4338 859 4411 λύπη.
892 4341 1267 4412 Διαφερόντως
1295 4343 1354 4397 δὲ
1399 4347 1511 4409 τοῖς
1553 4348 1611 4399 ὲν
1645 4346 1898 4420 εὐσεϐείᾳ

1991 3524 2138 3580 enim
2184 3531 2436 3580 mortuus
2478 3534 2562 3580 est
2608 3526 3096 3595 praestantissimus
3141 3527 3234 3581 ille
3270 3527 3376 3593 vir,
3412 3530 3588 3598 juxta

1992 3615 2208 3670 Domini
2238 3629 2427 3670 vocem
2451 3615 2517 3682 ”,
2554 3615 2653 3671 sed
2697 3616 2923 3681 dormit,
2958 3633 3210 3673 somnum
3237 3618 3447 3687 ducens
3475 3634 3569 3674 so-

1992 3706 2091 3761 lito
2130 3707 2453 3777 longiorem.
2504 3707 2657 3762 Ilanc
2698 3707 2847 3763 enim
2902 3709 3065 3764 nobis
3101 3709 3383 3764 Dominus
3410 3725 3563 3778 Spem

1994 3796 2147 3853 dedit
2176 3814 2190 3850 :
2215 3796 2358 3851 hanc
2380 3812 2449 3851 ex
2472 3796 2675 3853 divinis
2708 3798 2961 3869 Eloquiis
2992 3799 3306 3868 accepimus
3333 3799 3591 3869 promis-.

1994 3887 2224 3944 sionem.
2257 3888 2385 3944 Scio
2407 3888 2661 3959 equidem
2692 3890 2976 3947 molestam
2997 3907 3119 3947 esse
3142 3891 3592 3961 separationem,_.

1995 3995 2060 4035 ac
2098 3979 2258 4050 plane
2288 3980 2675 4049 permolestam
2713 3997 2726 4034 :
2776 3988 2891 4035 tum
2929 3983 3163 4037 maxime
3196 3998 3319 4037 cum
3365 3992 3420 4038 et
3450 4000 3572 4037 nio-

1997 4086 2120 4125 rum
2148 4070 2556 4137 convenientia,
2587 4079 2643 4125 et
2683 4071 2946 4141 temporis
2978 4072 3316 4129 diuturnitas
3353 4075 3595 4129 auxerit,

1997 4161 2316 4218 amicitiam.
2364 4162 2567 4218 Verum
2617 4162 3079 4234 peregrinationis
3122 4165 3194 4220 sit
3251 4165 3409 4223 dolor
3444 4176 3589 4231 iste,

1996 4268 2108 4308 non
2161 4253 2377 4309 mortis.
2436 4253 2510 4309 lis
2555 4261 2739 4308 autem
2784 4254 3052 4317 maxime,
3100 4256 3193 4324 qui
3238 4257 3295 4310 in
3354 4257 3575 4328 pietatis

1998 4343 2183 4399 schola
2227 4353 2358 4399 sunt
2405 4343 2660 4409 educati,
2711 4344 2837 4399 talis
2878 4346 3133 4416 congruit
3175 4346 3520 4417 phiIOSOphia
3555 4366 3570 4405 :

325 4424 731 4498 τεθραμμένοις
758 4431 791 4501 ὴ
823 4430 1045 4501 τοιαύτη
1086 4434 1351 4505 προσήκει
1389 4436 1692 4507 φιλοσοφία·
1803 4439 1889 4492 καὶ

1999 4447 2106 4503 qua
2139 4443 2195 4488 et
2214 4433 2534 4503 gravitatem
2571 4443 2740 4499 tuam,
2768 4441 2829 4488 ut
2855 4435 3039 4490 ornari
3060 4435 3298 4512 studeat,
3321 4452 3438 4492 oro.
3463 4437 3575 4493 Nec

326 4515 429 4585 τὴν
449 4512 720 4589 ὑμετέραν
743 4521 1183 4592 σεμνοπρέπειαν
1208 4525 1549 4595 κοσμηθῆναι
1573 4527 1897 4597 παρακαλῶ.

331 4609 633 4681 ΙΙροσφέρω
653 4611 709 4665 δὲ
732 4612 831 4683 τὴν
854 4615 1198 4685 παραίνεσιν,
1221 4617 1319 4686 οὐχ
1344 4616 1418 4681 ὡς
1443 4619 1782 4691 ἀναλγησίαν
1807 4638 1899 4675 νο-

331 4696 464 4749 σῶν
496 4697 573 4767 τῷ
592 4699 704 4753 ὄντι
735 4703 844 4773 γὰρ
867 4704 1080 4775 ἤλγησα
1115 4705 1213 4777 τὴν
1231 4706 1429 4779 ψυχὴν,
1457 4712 1555 4780 τῆς
1589 4710 1748 4781 φίλης
1778 4713 1903 4782 ἐμοὶ

331 4783 576 4854 κεφαλῆς
621 4786 721 4858 τὴν
778 4789 1041 4860 ἐκδημίαν
1089 4793 1444 4867 μεμαθηκώς.
1478 4797 1616 4852 Ἀλλ’
1664 4801 1745 4864 είς
1778 4800 1902 4855 νοῦν

330 4872 524 4927 ἔϐαλον
555 4876 662 4928 τῶν
685 4876 822 4931 ὅλων
845 4881 936 4933 τὸν
962 4883 1253 4955 Πρύτανιν,
1284 4886 1378 4939 καὶ
1406 4886 1503 4957 τὴν
1530 4889 1766 4961 ἄρρητον
1805 4894 1902 4946 αύ-

329 4964 428 5017 τοῦ
454 4965 669 5036 σοφίαν,
699 4968 800 5040 τὴν
841 4970 1059 5028 ἅπαντα
1104 4974 1239 5046 πρὸς
1276 4975 1336 5029 τὸ
1384 4979 1664 5050 συμφέρον
1698 4984 1904 5039 οἰκονο-

334 5053 573 5147 μοῦσαν,
597 5057 705 5111 Καὶ
746 5060 844 5131 τὴν
874 5061 972 5134 σὴν
1000 5065 1302 5136 παρακαλῶ
1338 5068 1590 5140 ὁσιότητα
1636 5073 1808 5129 ταῦτα
1839 5076 1903 5147 δὴ

332 5144 668 5213 λογίζεσθαι,
700 5149 796 5203 καὶ
842 5153 937 5206 τοῦ
985 5154 1187 5219 πάθους
1227 5160 1628 5230 περιγενέσθαι,
1662 5166 1755 5219 καὶ
1814 5144 1905 5221 τὸν

1996 4540 2130 4581 vero
2155 4525 2539 4581 exhortatione
2580 4525 2684 4593 hac
2706 4534 2853 4591 utor,
2885 4526 3045 4596 quasi
3090 4504 3388 4582 indolentia
3424 4527 3577 4583 labo-

1998 4634 2133 4674 rem.
2172 4619 2371 4674 Animo
2402 4618 2557 4673 enim
2583 4634 2774 4673 revera
2811 4617 2984 4682 dolui,
3019 4619 3169 4674 chari
3207 4619 3341 4673 mihi
3381 4620 3590 4688 capitis

1994 4728 2222 4768 excessu
2263 4711 2501 4783 cognito.
2565 4709 2671 4766 Sed
2726 4710 3114 4765 universorum
3172 4711 3464 4765 Rectorem
3517 4711 3585 4765 in.

1999 4803 2240 4858 animum
2270 4801 2557 4865 revocavi,
2594 4802 2823 4872 ejusque
2864 4801 3197 4856 ineil‘abilcm
3225 4802 3573 4871 sapientiam,

2004 4909 2127 4963 quae
2154 4892 2220 4948 ad
2260 4892 2550 4948 utilitatem
2586 4891 2768 4946 omnia
2806 4891 3107 4962 dispensat.
3142 4892 3312 4945 Tuam
3344 4894 3576 4961 proinde

2005 4985 2196 5040 hortor
2220 4984 2596 5043 excellentiam
2617 5025 2631 5047 ,
2669 4994 2728 5040 ut
2753 4985 2870 5040 haec
2895 4984 3011 5053 ipsa
3043 4983 3267 5052 cogitet,
3299 4983 3578 5037 dolorem-

2005 5093 2112 5147 que
2155 5080 2371 5142 vincat,
2405 5086 2463 5134 et
2505 5088 2755 5133 nostrum
2788 5075 3034 5132 omnium
3078 5074 3367 5128 Dominum
3404 5074 3578 5128 Deum

2002 5168 2208 5224 laudet.
2231 5169 2494 5225 Inetl‘abili
2523 5170 2725 5240 quippe
2747 5166 3093 5239 providentia
3118 5180 3205 5220 res
3240 5175 3462 5221 nostras
3483 5179 3596 5233 gu-.

334 5235 555 5329 πάντων
607 5239 768 5310 ἡμῶν
828 5243 1105 5317 Δεσπότην
1166 5248 1403 5319 ὑμνῆσαι
1459 5251 1622 5305 Θεόν·
1674 5257 1898 5329 ἀρρήτῳ
2009 5259 2221 5315 bernat.

331 5327 446 5468 ξάρ
472 5331 819 5473 ἄπρομηθείᾳ
886 5339 1218 5409 κεχρημένος
1282 5344 1350 5397 τὰ
1409 5343 1529 5399 καθ’
1581 5349 1723 5419 ἡμᾶς
1770 5327 1901 5435 “mi-

378 5436 469 5473 εον
514 5463 524 5473 .

378 5436 524 5491 ερνα.

412 5574 455 5604 ³⁹
489 5574 602 5629 Luc
658 5594 769 5631 vm.
804 5578 889 5632 5‘2.

416 5708 525 5778 (till)
596 5711 906 5782 φιλοτοφίαν
973 5714 1228 5770 illundosc
1295 5715 1456 5773 habet
1522 5722 1974 5781 Vindolmncnsis.
