  <div class='ocr_page' id='page_1' title='image "/cluster/home/n/w/nwhite01/storage/ocr_20150623/83/hvd.32044073502072/625.png"; bbox 0 0 3924 6192; ppageno 0'>
   <div class='ocr_carea' id='block_1_1' title="bbox 454 323 587 389">
    <p class='ocr_par' dir='ltr' id='par_1_1' title="bbox 454 323 587 389">
     <span class='ocr_line' id='line_1_1' title="bbox 454 323 587 389; baseline 0.015 -2"><span class='ocrx_word' id='word_1_1' title='bbox 454 323 474 387; x_wconf 84' lang='grc'><strong>1</strong></span> <span class='ocrx_word' id='word_1_2' title='bbox 491 326 587 389; x_wconf 62' lang='lat'><strong>9139</strong></span> 
     </span>
    </p>
   </div>
   <div class='ocr_carea' id='block_1_2' title="bbox 667 443 1802 520">
    <p class='ocr_par' dir='ltr' id='par_1_2' title="bbox 667 443 1802 520">
     <span class='ocr_line' id='line_1_2' title="bbox 667 443 1802 520; baseline 0.005 -24"><span class='ocrx_word' id='word_1_3' title='bbox 667 443 823 498; x_wconf 73' lang='lat' dir='ltr'><strong>LXX.</strong></span> <span class='ocrx_word' id='word_1_4' title='bbox 854 478 922 484; x_wconf 97' lang='lat'><strong>—</strong></span> <span class='ocrx_word' id='word_1_5' title='bbox 953 447 1228 503; x_wconf 82' lang='lat' dir='ltr'><strong>Eustathio</strong></span> <span class='ocrx_word' id='word_1_6' title='bbox 1259 452 1494 520; x_wconf 75' lang='lat' dir='ltr'><strong>episcopo</strong></span> <span class='ocrx_word' id='word_1_7' title='bbox 1521 450 1802 520; x_wconf 68' lang='lat' dir='ltr'><strong>AEgarum.</strong></span> 
     </span>
    </p>
   </div>
   <div class='ocr_carea' id='block_1_3' title="bbox 519 555 2020 628">
    <p class='ocr_par' dir='ltr' id='par_1_3' title="bbox 519 555 2020 628">
     <span class='ocr_line' id='line_1_3' title="bbox 519 555 2020 628; baseline 0.003 -20"><span class='ocrx_word' id='word_1_8' title='bbox 519 555 808 626; x_wconf 74' lang='lat' dir='ltr'><strong>Tragtedia</strong></span> <span class='ocrx_word' id='word_1_9' title='bbox 838 557 1062 626; x_wconf 84' lang='lat' dir='ltr'><strong>dignum</strong></span> <span class='ocrx_word' id='word_1_10' title='bbox 1093 570 1176 613; x_wconf 90' lang='lat' dir='ltr'><strong>est</strong></span> <span class='ocrx_word' id='word_1_11' title='bbox 1203 560 1352 628; x_wconf 88' lang='lat' dir='ltr'><strong>quod</strong></span> <span class='ocrx_word' id='word_1_12' title='bbox 1374 560 1443 614; x_wconf 89' lang='lat' dir='ltr'><strong>de</strong></span> <span class='ocrx_word' id='word_1_13' title='bbox 1482 560 1647 613; x_wconf 81' lang='lat' dir='ltr'><strong>Maria</strong></span> <span class='ocrx_word' id='word_1_14' title='bbox 1681 559 2020 613; x_wconf 80' lang='lat' dir='ltr'><strong>nobilissima</strong></span> 
     </span>
    </p>
   </div>
   <div class='ocr_carea' id='block_1_4' title="bbox 451 648 2022 719">
    <p class='ocr_par' dir='ltr' id='par_1_4' title="bbox 451 648 2022 719">
     <span class='ocr_line' id='line_1_4' title="bbox 451 648 2022 719; baseline 0.002 -20"><span class='ocrx_word' id='word_1_15' title='bbox 451 656 726 700; x_wconf 77' lang='lat' dir='ltr'><strong>narratur.</strong></span> <span class='ocrx_word' id='word_1_16' title='bbox 760 648 884 702; x_wconf 75' lang='lat' dir='ltr'><strong>&quot;th</strong></span> <span class='ocrx_word' id='word_1_17' title='bbox 919 649 1129 718; x_wconf 81' lang='lat'><strong>1120</strong></span> <span class='ocrx_word' id='word_1_18' title='bbox 1157 654 1171 667; x_wconf 93' lang='lat'><strong>&#39;</strong></span> <span class='ocrx_word' id='word_1_19' title='bbox 1201 650 1370 713; x_wconf 91' lang='lat' dir='ltr'><strong>enim,</strong></span> <span class='ocrx_word' id='word_1_20' title='bbox 1401 659 1460 704; x_wconf 93' lang='lat' dir='ltr'><strong>ut</strong></span> <span class='ocrx_word' id='word_1_21' title='bbox 1503 651 1615 719; x_wconf 88' lang='lat' dir='ltr'><strong>ipsa</strong></span> <span class='ocrx_word' id='word_1_22' title='bbox 1643 649 1826 709; x_wconf 82' lang='lat' dir='ltr'><strong>refert,</strong></span> <span class='ocrx_word' id='word_1_23' title='bbox 1853 659 1909 702; x_wconf 89' lang='lat' dir='ltr'><strong>et</strong></span> <span class='ocrx_word' id='word_1_24' title='bbox 1930 649 2022 702; x_wconf 91' lang='lat' dir='ltr'><strong>alii</strong></span> 
     </span>
    </p>
   </div>
   <div class='ocr_carea' id='block_1_5' title="bbox 451 738 2022 812">
    <p class='ocr_par' dir='ltr' id='par_1_5' title="bbox 451 738 2022 812">
     <span class='ocr_line' id='line_1_5' title="bbox 451 738 2022 812; baseline 0.001 -20"><span class='ocrx_word' id='word_1_25' title='bbox 451 738 671 808; x_wconf 81' lang='lat' dir='ltr'><strong>quidem</strong></span> <span class='ocrx_word' id='word_1_26' title='bbox 696 740 876 793; x_wconf 89' lang='lat' dir='ltr'><strong>testati</strong></span> <span class='ocrx_word' id='word_1_27' title='bbox 903 750 1064 802; x_wconf 90' lang='lat' dir='ltr'><strong>sunt,</strong></span> <span class='ocrx_word' id='word_1_28' title='bbox 1098 740 1207 794; x_wconf 88' lang='lat' dir='ltr'><strong>ﬁlia</strong></span> <span class='ocrx_word' id='word_1_29' title='bbox 1244 752 1330 795; x_wconf 88' lang='lat' dir='ltr'><strong>est</strong></span> <span class='ocrx_word' id='word_1_30' title='bbox 1358 742 1880 812; x_wconf 79' lang='lat' dir='ltr'><strong>magniﬁcentissimi</strong></span> <span class='ocrx_word' id='word_1_31' title='bbox 1911 742 2022 795; x_wconf 83' lang='lat' dir='ltr'><strong>Eu-</strong></span> 
     </span>
    </p>
   </div>
   <div class='ocr_carea' id='block_1_6' title="bbox 452 827 2024 902">
    <p class='ocr_par' dir='ltr' id='par_1_6' title="bbox 452 827 2024 902">
     <span class='ocr_line' id='line_1_6' title="bbox 452 827 2024 902; baseline 0.003 -20"><span class='ocrx_word' id='word_1_32' title='bbox 452 827 716 884; x_wconf 66' lang='lat' dir='ltr'><strong>dazmonis</strong></span> <span class='ocrx_word' id='word_1_33' title='bbox 745 848 758 882; x_wconf 89' lang='lat'>:</span> <span class='ocrx_word' id='word_1_34' title='bbox 791 830 886 883; x_wconf 89' lang='lat' dir='ltr'><strong>sed</strong></span> <span class='ocrx_word' id='word_1_35' title='bbox 916 831 970 884; x_wconf 92' lang='lat' dir='ltr'><strong>in</strong></span> <span class='ocrx_word' id='word_1_36' title='bbox 1007 831 1097 884; x_wconf 91' lang='lat' dir='ltr'><strong>illa</strong></span> <span class='ocrx_word' id='word_1_37' title='bbox 1124 832 1466 896; x_wconf 88' lang='lat' dir='ltr'><strong>calamitate,</strong></span> <span class='ocrx_word' id='word_1_38' title='bbox 1515 849 1635 902; x_wconf 69' lang='lat' dir='ltr'><strong>qua:</strong></span> <span class='ocrx_word' id='word_1_39' title='bbox 1661 834 1899 886; x_wconf 81' lang='lat' dir='ltr'><strong>Africam</strong></span> <span class='ocrx_word' id='word_1_40' title='bbox 1937 833 2024 886; x_wconf 90' lang='lat' dir='ltr'><strong>in-</strong></span> 
     </span>
    </p>
   </div>
   <div class='ocr_carea' id='block_1_7' title="bbox 454 923 2024 994">
    <p class='ocr_par' dir='ltr' id='par_1_7' title="bbox 454 923 2024 994">
     <span class='ocr_line' id='line_1_7' title="bbox 454 923 2024 994; baseline 0.004 -23"><span class='ocrx_word' id='word_1_41' title='bbox 454 923 614 986; x_wconf 87' lang='lat' dir='ltr'><strong>vasit,</strong></span> <span class='ocrx_word' id='word_1_42' title='bbox 654 923 852 976; x_wconf 79' lang='lat' dir='ltr'><strong>avitam</strong></span> <span class='ocrx_word' id='word_1_43' title='bbox 888 923 1198 978; x_wconf 89' lang='lat' dir='ltr'><strong>libertatem</strong></span> <span class='ocrx_word' id='word_1_44' title='bbox 1241 925 1458 990; x_wconf 89' lang='lat' dir='ltr'><strong>amisit,</strong></span> <span class='ocrx_word' id='word_1_45' title='bbox 1497 933 1553 978; x_wconf 91' lang='lat' dir='ltr'><strong>et</strong></span> <span class='ocrx_word' id='word_1_46' title='bbox 1593 926 1898 994; x_wconf 81' lang='lat' dir='ltr'><strong>mancipata</strong></span> <span class='ocrx_word' id='word_1_47' title='bbox 1940 935 2024 979; x_wconf 90' lang='lat' dir='ltr'><strong>est</strong></span> 
     </span>
    </p>
   </div>
   <div class='ocr_carea' id='block_1_8' title="bbox 453 1013 2025 1084">
    <p class='ocr_par' dir='ltr' id='par_1_8' title="bbox 453 1013 2025 1084">
     <span class='ocr_line' id='line_1_8' title="bbox 453 1013 2025 1084; baseline 0.003 -19"><span class='ocrx_word' id='word_1_48' title='bbox 453 1013 724 1066; x_wconf 77' lang='lat' dir='ltr'><strong>servituti.</strong></span> <span class='ocrx_word' id='word_1_49' title='bbox 761 1013 1091 1068; x_wconf 85' lang='lat' dir='ltr'><strong>Mercatores</strong></span> <span class='ocrx_word' id='word_1_50' title='bbox 1122 1031 1250 1070; x_wconf 89' lang='lat' dir='ltr'><strong>vero</strong></span> <span class='ocrx_word' id='word_1_51' title='bbox 1296 1016 1518 1084; x_wconf 88' lang='lat' dir='ltr'><strong>quidam</strong></span> <span class='ocrx_word' id='word_1_52' title='bbox 1554 1031 1674 1070; x_wconf 86' lang='lat' dir='ltr'><strong>eam</strong></span> <span class='ocrx_word' id='word_1_53' title='bbox 1709 1033 1738 1069; x_wconf 91' lang='lat' dir='ltr'><strong>a</strong></span> <span class='ocrx_word' id='word_1_54' title='bbox 1772 1015 2025 1070; x_wconf 84' lang='lat' dir='ltr'><strong>Barbaris</strong></span> 
     </span>
    </p>
   </div>
   <div class='ocr_carea' id='block_1_9' title="bbox 454 1103 2022 1173">
    <p class='ocr_par' dir='ltr' id='par_1_9' title="bbox 454 1103 2022 1173">
     <span class='ocr_line' id='line_1_9' title="bbox 454 1103 2022 1173; baseline 0.001 -16"><span class='ocrx_word' id='word_1_55' title='bbox 454 1109 691 1170; x_wconf 79' lang='lat' dir='ltr'><strong>emptam</strong></span> <span class='ocrx_word' id='word_1_56' title='bbox 734 1103 1092 1171; x_wconf 85' lang='lat' dir='ltr'><strong>popularibus</strong></span> <span class='ocrx_word' id='word_1_57' title='bbox 1129 1105 1455 1173; x_wconf 88' lang='lat' dir='ltr'><strong>quibusdam</strong></span> <span class='ocrx_word' id='word_1_58' title='bbox 1513 1105 1716 1158; x_wconf 91' lang='lat' dir='ltr'><strong>nostris</strong></span> <span class='ocrx_word' id='word_1_59' title='bbox 1757 1105 2022 1158; x_wconf 88' lang='lat' dir='ltr'><strong>vendide—</strong></span> 
     </span>
    </p>
   </div>
   <div class='ocr_carea' id='block_1_10' title="bbox 456 1195 2024 1266">
    <p class='ocr_par' dir='ltr' id='par_1_10' title="bbox 456 1195 2024 1266">
     <span class='ocr_line' id='line_1_10' title="bbox 456 1195 2024 1266; baseline 0.002 -20"><span class='ocrx_word' id='word_1_60' title='bbox 456 1202 602 1246; x_wconf 86' lang='lat' dir='ltr'><strong>runt.</strong></span> <span class='ocrx_word' id='word_1_61' title='bbox 645 1195 870 1248; x_wconf 79' lang='lat' dir='ltr'><strong>Vendita</strong></span> <span class='ocrx_word' id='word_1_62' title='bbox 904 1211 1068 1263; x_wconf 90' lang='lat' dir='ltr'><strong>porro</strong></span> <span class='ocrx_word' id='word_1_63' title='bbox 1085 1205 1168 1249; x_wconf 78' lang='lat' dir='ltr'><strong>est</strong></span> <span class='ocrx_word' id='word_1_64' title='bbox 1201 1213 1307 1250; x_wconf 92' lang='lat' dir='ltr'><strong>una</strong></span> <span class='ocrx_word' id='word_1_65' title='bbox 1338 1212 1462 1251; x_wconf 91' lang='lat' dir='ltr'><strong>cum</strong></span> <span class='ocrx_word' id='word_1_66' title='bbox 1493 1197 1607 1266; x_wconf 84' lang='lat' dir='ltr'><strong>ipsa</strong></span> <span class='ocrx_word' id='word_1_67' title='bbox 1635 1205 1691 1251; x_wconf 91' lang='lat' dir='ltr'><strong>et</strong></span> <span class='ocrx_word' id='word_1_68' title='bbox 1727 1197 1906 1266; x_wconf 91' lang='lat' dir='ltr'><strong>puella</strong></span> <span class='ocrx_word' id='word_1_69' title='bbox 1941 1197 2024 1266; x_wconf 92' lang='lat' dir='ltr'><strong>ip-</strong></span> 
     </span>
    </p>
   </div>
   <div class='ocr_carea' id='block_1_11' title="bbox 454 1281 2022 1354">
    <p class='ocr_par' dir='ltr' id='par_1_11' title="bbox 454 1281 2022 1354">
     <span class='ocr_line' id='line_1_11' title="bbox 454 1281 2022 1354; baseline 0.003 -20"><span class='ocrx_word' id='word_1_70' title='bbox 454 1281 567 1334; x_wconf 82' lang='lat' dir='ltr'><strong>sius</strong></span> <span class='ocrx_word' id='word_1_71' title='bbox 595 1282 723 1335; x_wconf 80' lang='lat' dir='ltr'><strong>olim</strong></span> <span class='ocrx_word' id='word_1_72' title='bbox 753 1282 951 1336; x_wconf 80' lang='lat' dir='ltr'><strong>famula</strong></span> <span class='ocrx_word' id='word_1_73' title='bbox 973 1284 1290 1339; x_wconf 85' lang='lat' dir='ltr'><strong>domestica.</strong></span> <span class='ocrx_word' id='word_1_74' title='bbox 1324 1285 1511 1354; x_wconf 82' lang='lat' dir='ltr'><strong>Itaque</strong></span> <span class='ocrx_word' id='word_1_75' title='bbox 1553 1285 1812 1338; x_wconf 87' lang='lat' dir='ltr'><strong>acerbum</strong></span> <span class='ocrx_word' id='word_1_76' title='bbox 1849 1285 2022 1339; x_wconf 88' lang='lat' dir='ltr'><strong>servi-</strong></span> 
     </span>
    </p>
   </div>
   <div class='ocr_carea' id='block_1_12' title="bbox 460 1373 2027 1443">
    <p class='ocr_par' dir='ltr' id='par_1_12' title="bbox 460 1373 2027 1443">
     <span class='ocr_line' id='line_1_12' title="bbox 460 1373 2027 1443; baseline 0.004 -19"><span class='ocrx_word' id='word_1_77' title='bbox 460 1373 590 1426; x_wconf 87' lang='lat' dir='ltr'><strong>tutis</strong></span> <span class='ocrx_word' id='word_1_78' title='bbox 608 1374 796 1443; x_wconf 79' lang='lat' dir='ltr'><strong>jugum</strong></span> <span class='ocrx_word' id='word_1_79' title='bbox 818 1375 1018 1442; x_wconf 87' lang='lat' dir='ltr'><strong>pariter</strong></span> <span class='ocrx_word' id='word_1_80' title='bbox 1042 1375 1318 1430; x_wconf 79' lang='lat' dir='ltr'><strong>ducebant</strong></span> <span class='ocrx_word' id='word_1_81' title='bbox 1345 1376 1544 1430; x_wconf 79' lang='lat' dir='ltr'><strong>ancilla</strong></span> <span class='ocrx_word' id='word_1_82' title='bbox 1565 1386 1621 1429; x_wconf 89' lang='lat' dir='ltr'><strong>et</strong></span> <span class='ocrx_word' id='word_1_83' title='bbox 1645 1376 1884 1429; x_wconf 86' lang='lat' dir='ltr'><strong>domina.</strong></span> <span class='ocrx_word' id='word_1_84' title='bbox 1913 1375 2027 1431; x_wconf 68' lang='lat' dir='ltr'><strong>Cae-</strong></span> 
     </span>
    </p>
   </div>
   <div class='ocr_carea' id='block_1_13' title="bbox 458 1465 2026 1537">
    <p class='ocr_par' dir='ltr' id='par_1_13' title="bbox 458 1465 2026 1537">
     <span class='ocr_line' id='line_1_13' title="bbox 458 1465 2026 1537; baseline 0.003 -21"><span class='ocrx_word' id='word_1_85' title='bbox 458 1473 635 1518; x_wconf 90' lang='lat' dir='ltr'><strong>terum</strong></span> <span class='ocrx_word' id='word_1_86' title='bbox 667 1465 958 1521; x_wconf 87' lang='lat' dir='ltr'><strong>discrimen</strong></span> <span class='ocrx_word' id='word_1_87' title='bbox 986 1469 1236 1537; x_wconf 80' lang='lat' dir='ltr'><strong>ignorare</strong></span> <span class='ocrx_word' id='word_1_88' title='bbox 1265 1466 1466 1521; x_wconf 85' lang='lat' dir='ltr'><strong>famula</strong></span> <span class='ocrx_word' id='word_1_89' title='bbox 1496 1468 1694 1528; x_wconf 90' lang='lat' dir='ltr'><strong>noluit,</strong></span> <span class='ocrx_word' id='word_1_90' title='bbox 1725 1482 1827 1520; x_wconf 88' lang='lat' dir='ltr'><strong>nec</strong></span> <span class='ocrx_word' id='word_1_91' title='bbox 1856 1466 2026 1521; x_wconf 83' lang='lat' dir='ltr'><strong>oblita</strong></span> 
     </span>
    </p>
   </div>
   <div class='ocr_carea' id='block_1_14' title="bbox 456 1554 2026 1622">
    <p class='ocr_par' dir='ltr' id='par_1_14' title="bbox 456 1554 2026 1622">
     <span class='ocr_line' id='line_1_14' title="bbox 456 1554 2026 1622; baseline 0.001 -15"><span class='ocrx_word' id='word_1_92' title='bbox 456 1562 539 1607; x_wconf 90' lang='lat' dir='ltr'><strong>est</strong></span> <span class='ocrx_word' id='word_1_93' title='bbox 570 1554 813 1622; x_wconf 64' lang='lat' dir='ltr'><strong>pristinae</strong></span> <span class='ocrx_word' id='word_1_94' title='bbox 835 1557 1225 1611; x_wconf 83' lang='lat' dir='ltr'><strong>dominationis</strong></span> <span class='ocrx_word' id='word_1_95' title='bbox 1270 1576 1281 1610; x_wconf 94' lang='lat'>:</span> <span class='ocrx_word' id='word_1_96' title='bbox 1324 1557 1420 1612; x_wconf 91' lang='lat' dir='ltr'><strong>sed</strong></span> <span class='ocrx_word' id='word_1_97' title='bbox 1469 1557 1916 1612; x_wconf 87' lang='lat' dir='ltr'><strong>benevolentiam</strong></span> <span class='ocrx_word' id='word_1_98' title='bbox 1972 1556 2026 1609; x_wconf 92' lang='lat' dir='ltr'><strong>in</strong></span> 
     </span>
    </p>
   </div>
   <div class='ocr_carea' id='block_1_15' title="bbox 455 1644 2028 1719">
    <p class='ocr_par' dir='ltr' id='par_1_15' title="bbox 455 1644 2028 1719">
     <span class='ocr_line' id='line_1_15' title="bbox 455 1644 2028 1719; baseline 0.003 -22"><span class='ocrx_word' id='word_1_99' title='bbox 455 1644 760 1701; x_wconf 89' lang='lat' dir='ltr'><strong>calamitate</strong></span> <span class='ocrx_word' id='word_1_100' title='bbox 789 1649 1104 1713; x_wconf 88' lang='lat' dir='ltr'><strong>reservavit,</strong></span> <span class='ocrx_word' id='word_1_101' title='bbox 1135 1660 1191 1704; x_wconf 87' lang='lat' dir='ltr'><strong>et</strong></span> <span class='ocrx_word' id='word_1_102' title='bbox 1212 1658 1336 1719; x_wconf 83' lang='lat' dir='ltr'><strong>post</strong></span> <span class='ocrx_word' id='word_1_103' title='bbox 1372 1649 1746 1704; x_wconf 87' lang='lat' dir='ltr'><strong>communium</strong></span> <span class='ocrx_word' id='word_1_104' title='bbox 1780 1647 2028 1702; x_wconf 84' lang='lat' dir='ltr'><strong>domino-</strong></span> 
     </span>
    </p>
   </div>
   <div class='ocr_carea' id='block_1_16' title="bbox 457 1736 2026 1809">
    <p class='ocr_par' dir='ltr' id='par_1_16' title="bbox 457 1736 2026 1809">
     <span class='ocr_line' id='line_1_16' title="bbox 457 1736 2026 1809; baseline 0.003 -21"><span class='ocrx_word' id='word_1_105' title='bbox 457 1751 577 1789; x_wconf 90' lang='lat' dir='ltr'><strong>rum</strong></span> <span class='ocrx_word' id='word_1_106' title='bbox 604 1736 946 1801; x_wconf 81' lang='lat' dir='ltr'><strong>famulatum,</strong></span> <span class='ocrx_word' id='word_1_107' title='bbox 973 1740 1340 1794; x_wconf 83' lang='lat' dir='ltr'><strong>famulabatur</strong></span> <span class='ocrx_word' id='word_1_108' title='bbox 1359 1739 1526 1794; x_wconf 88' lang='lat' dir='ltr'><strong>etiam</strong></span> <span class='ocrx_word' id='word_1_109' title='bbox 1551 1739 1628 1794; x_wconf 90' lang='lat' dir='ltr'><strong>illi</strong></span> <span class='ocrx_word' id='word_1_110' title='bbox 1654 1755 1774 1809; x_wconf 69' lang='lat' dir='ltr'><strong>qua:</strong></span> <span class='ocrx_word' id='word_1_111' title='bbox 1803 1754 2026 1793; x_wconf 89' lang='lat' dir='ltr'><strong>conser-</strong></span> 
     </span>
    </p>
   </div>
   <div class='ocr_carea' id='block_1_17' title="bbox 456 1816 2104 1897">
    <p class='ocr_par' dir='ltr' id='par_1_17' title="bbox 456 1816 2104 1897">
     <span class='ocr_line' id='line_1_17' title="bbox 456 1816 2104 1897; baseline 0.004 -21"><span class='ocrx_word' id='word_1_112' title='bbox 456 1839 521 1878; x_wconf 87' lang='lat' dir='ltr'><strong>va</strong></span> <span class='ocrx_word' id='word_1_113' title='bbox 549 1827 864 1894; x_wconf 85' lang='lat' dir='ltr'><strong>putabatur,</strong></span> <span class='ocrx_word' id='word_1_114' title='bbox 896 1829 1063 1897; x_wconf 88' lang='lat' dir='ltr'><strong>pedes</strong></span> <span class='ocrx_word' id='word_1_115' title='bbox 1091 1829 1341 1893; x_wconf 89' lang='lat' dir='ltr'><strong>abluens,</strong></span> <span class='ocrx_word' id='word_1_116' title='bbox 1375 1830 1638 1883; x_wconf 90' lang='lat' dir='ltr'><strong>lectulum</strong></span> <span class='ocrx_word' id='word_1_117' title='bbox 1669 1837 1945 1891; x_wconf 87' lang='lat' dir='ltr'><strong>sternens,</strong></span> <span class='ocrx_word' id='word_1_118' title='bbox 1975 1836 2033 1882; x_wconf 85' lang='lat' dir='ltr'><strong>et</strong></span> <span class='ocrx_word' id='word_1_119' title='bbox 2068 1816 2104 1870; x_wconf 75' lang='grc' dir='ltr'>Β</span> 
     </span>
    </p>
   </div>
   <div class='ocr_carea' id='block_1_18' title="bbox 459 1918 2033 1991">
    <p class='ocr_par' dir='ltr' id='par_1_18' title="bbox 459 1918 2033 1991">
     <span class='ocr_line' id='line_1_18' title="bbox 459 1918 2033 1991; baseline 0.004 -21"><span class='ocrx_word' id='word_1_120' title='bbox 459 1918 668 1988; x_wconf 88' lang='lat' dir='ltr'><strong>reliqua</strong></span> <span class='ocrx_word' id='word_1_121' title='bbox 698 1919 955 1974; x_wconf 86' lang='lat' dir='ltr'><strong>similiter</strong></span> <span class='ocrx_word' id='word_1_122' title='bbox 988 1920 1164 1976; x_wconf 79' lang='lat' dir='ltr'><strong>ollicia</strong></span> <span class='ocrx_word' id='word_1_123' title='bbox 1211 1937 1532 1991; x_wconf 84' lang='lat' dir='ltr'><strong>procurans.</strong></span> <span class='ocrx_word' id='word_1_124' title='bbox 1570 1922 1676 1976; x_wconf 68' lang='lat' dir='ltr'><strong>lies</strong></span> <span class='ocrx_word' id='word_1_125' title='bbox 1713 1922 1778 1975; x_wconf 86' lang='lat' dir='ltr'><strong>ad</strong></span> <span class='ocrx_word' id='word_1_126' title='bbox 1823 1931 2033 1991; x_wconf 88' lang='lat' dir='ltr'><strong>empto-</strong></span> 
     </span>
    </p>
   </div>
   <div class='ocr_carea' id='block_1_19' title="bbox 458 2011 2027 2084">
    <p class='ocr_par' dir='ltr' id='par_1_19' title="bbox 458 2011 2027 2084">
     <span class='ocr_line' id='line_1_19' title="bbox 458 2011 2027 2084; baseline 0.004 -22"><span class='ocrx_word' id='word_1_127' title='bbox 458 2026 580 2063; x_wconf 90' lang='lat' dir='ltr'><strong>rum</strong></span> <span class='ocrx_word' id='word_1_128' title='bbox 635 2011 882 2065; x_wconf 88' lang='lat' dir='ltr'><strong>notitiam</strong></span> <span class='ocrx_word' id='word_1_129' title='bbox 933 2014 1203 2082; x_wconf 81' lang='lat' dir='ltr'><strong>pervenit.</strong></span> <span class='ocrx_word' id='word_1_130' title='bbox 1257 2014 1386 2067; x_wconf 88' lang='lat' dir='ltr'><strong>Inde</strong></span> <span class='ocrx_word' id='word_1_131' title='bbox 1426 2014 1645 2084; x_wconf 84' lang='lat' dir='ltr'><strong>vulgata</strong></span> <span class='ocrx_word' id='word_1_132' title='bbox 1689 2029 1786 2083; x_wconf 88' lang='lat' dir='ltr'><strong>per</strong></span> <span class='ocrx_word' id='word_1_133' title='bbox 1835 2014 2027 2068; x_wconf 89' lang='lat' dir='ltr'><strong>urbem</strong></span> 
     </span>
    </p>
   </div>
   <div class='ocr_carea' id='block_1_20' title="bbox 457 2103 2029 2175">
    <p class='ocr_par' dir='ltr' id='par_1_20' title="bbox 457 2103 2029 2175">
     <span class='ocr_line' id='line_1_20' title="bbox 457 2103 2029 2175; baseline 0.003 -20"><span class='ocrx_word' id='word_1_134' title='bbox 457 2103 621 2172; x_wconf 78' lang='lat' dir='ltr'><strong>hujus</strong></span> <span class='ocrx_word' id='word_1_135' title='bbox 644 2105 889 2168; x_wconf 83' lang='lat' dir='ltr'><strong>libertas,</strong></span> <span class='ocrx_word' id='word_1_136' title='bbox 919 2116 976 2160; x_wconf 90' lang='lat' dir='ltr'><strong>et</strong></span> <span class='ocrx_word' id='word_1_137' title='bbox 1017 2106 1265 2175; x_wconf 89' lang='lat' dir='ltr'><strong>probitas</strong></span> <span class='ocrx_word' id='word_1_138' title='bbox 1299 2107 1529 2160; x_wconf 60' lang='lat' dir='ltr'><strong>ancillae.</strong></span> <span class='ocrx_word' id='word_1_139' title='bbox 1557 2105 1688 2173; x_wconf 70' lang='lat' dir='ltr'><strong>Quae</strong></span> <span class='ocrx_word' id='word_1_140' title='bbox 1723 2122 1848 2160; x_wconf 91' lang='lat' dir='ltr'><strong>cum</strong></span> <span class='ocrx_word' id='word_1_141' title='bbox 1883 2107 2029 2160; x_wconf 86' lang='lat' dir='ltr'><strong>didi-</strong></span> 
     </span>
    </p>
   </div>
   <div class='ocr_carea' id='block_1_21' title="bbox 455 2193 2033 2270">
    <p class='ocr_par' dir='ltr' id='par_1_21' title="bbox 455 2193 2033 2270">
     <span class='ocr_line' id='line_1_21' title="bbox 455 2193 2033 2270; baseline 0.003 -23"><span class='ocrx_word' id='word_1_142' title='bbox 455 2193 659 2250; x_wconf 86' lang='lat' dir='ltr'><strong>cissent</strong></span> <span class='ocrx_word' id='word_1_143' title='bbox 682 2196 774 2265; x_wconf 87' lang='lat' dir='ltr'><strong>qui</strong></span> <span class='ocrx_word' id='word_1_144' title='bbox 806 2197 951 2266; x_wconf 89' lang='lat' dir='ltr'><strong>apud</strong></span> <span class='ocrx_word' id='word_1_145' title='bbox 983 2211 1085 2250; x_wconf 90' lang='lat' dir='ltr'><strong>nos</strong></span> <span class='ocrx_word' id='word_1_146' title='bbox 1108 2197 1312 2267; x_wconf 83' lang='lat' dir='ltr'><strong>degunt</strong></span> <span class='ocrx_word' id='word_1_147' title='bbox 1335 2197 1538 2252; x_wconf 88' lang='lat' dir='ltr'><strong>milites</strong></span> <span class='ocrx_word' id='word_1_148' title='bbox 1569 2197 1873 2253; x_wconf 76' lang='lat' dir='ltr'><strong>fidelissimi</strong></span> <span class='ocrx_word' id='word_1_149' title='bbox 1912 2200 2033 2270; x_wconf 79' lang='lat' dir='ltr'><strong>(ego</strong></span> 
     </span>
    </p>
   </div>
   <div class='ocr_carea' id='block_1_22' title="bbox 454 2283 2033 2358">
    <p class='ocr_par' dir='ltr' id='par_1_22' title="bbox 454 2283 2033 2358">
     <span class='ocr_line' id='line_1_22' title="bbox 454 2283 2033 2358; baseline 0.004 -22"><span class='ocrx_word' id='word_1_150' title='bbox 454 2283 602 2338; x_wconf 87' lang='lat' dir='ltr'><strong>enim</strong></span> <span class='ocrx_word' id='word_1_151' title='bbox 658 2297 789 2341; x_wconf 89' lang='lat' dir='ltr'><strong>tunc</strong></span> <span class='ocrx_word' id='word_1_152' title='bbox 835 2287 1117 2356; x_wconf 88' lang='lat' dir='ltr'><strong>aberam),</strong></span> <span class='ocrx_word' id='word_1_153' title='bbox 1168 2287 1346 2357; x_wconf 89' lang='lat' dir='ltr'><strong>pretio</strong></span> <span class='ocrx_word' id='word_1_154' title='bbox 1389 2289 1735 2358; x_wconf 88' lang='lat' dir='ltr'><strong>emptoribus</strong></span> <span class='ocrx_word' id='word_1_155' title='bbox 1779 2290 2033 2344; x_wconf 89' lang='lat' dir='ltr'><strong>restituto</strong></span> 
     </span>
    </p>
   </div>
   <div class='ocr_carea' id='block_1_23' title="bbox 455 2374 2034 2450">
    <p class='ocr_par' dir='ltr' id='par_1_23' title="bbox 455 2374 2034 2450">
     <span class='ocr_line' id='line_1_23' title="bbox 455 2374 2034 2450; baseline 0.005 -24"><span class='ocrx_word' id='word_1_156' title='bbox 455 2374 600 2428; x_wconf 89' lang='lat' dir='ltr'><strong>illam</strong></span> <span class='ocrx_word' id='word_1_157' title='bbox 631 2392 658 2429; x_wconf 91' lang='lat' dir='ltr'><strong>a</strong></span> <span class='ocrx_word' id='word_1_158' title='bbox 691 2379 956 2433; x_wconf 85' lang='lat' dir='ltr'><strong>servitute</strong></span> <span class='ocrx_word' id='word_1_159' title='bbox 1001 2379 1374 2433; x_wconf 88' lang='lat' dir='ltr'><strong>vindicarunt.</strong></span> <span class='ocrx_word' id='word_1_160' title='bbox 1407 2380 1519 2450; x_wconf 80' lang='lat' dir='ltr'><strong>Ego</strong></span> <span class='ocrx_word' id='word_1_161' title='bbox 1557 2395 1689 2434; x_wconf 88' lang='lat' dir='ltr'><strong>vero</strong></span> <span class='ocrx_word' id='word_1_162' title='bbox 1732 2390 1854 2449; x_wconf 84' lang='lat' dir='ltr'><strong>post</strong></span> <span class='ocrx_word' id='word_1_163' title='bbox 1885 2380 2034 2436; x_wconf 88' lang='lat' dir='ltr'><strong>redi-</strong></span> 
     </span>
    </p>
   </div>
   <div class='ocr_carea' id='block_1_24' title="bbox 458 2468 2032 2534">
    <p class='ocr_par' dir='ltr' id='par_1_24' title="bbox 458 2468 2032 2534">
     <span class='ocr_line' id='line_1_24' title="bbox 458 2468 2032 2534; baseline 0.004 -14"><span class='ocrx_word' id='word_1_164' title='bbox 458 2477 593 2529; x_wconf 90' lang='lat' dir='ltr'><strong>tum,</strong></span> <span class='ocrx_word' id='word_1_165' title='bbox 629 2477 684 2521; x_wconf 89' lang='lat' dir='ltr'><strong>et</strong></span> <span class='ocrx_word' id='word_1_166' title='bbox 717 2468 784 2524; x_wconf 87' lang='lat' dir='ltr'><strong>de</strong></span> <span class='ocrx_word' id='word_1_167' title='bbox 813 2470 1137 2525; x_wconf 78' lang='lat' dir='ltr'><strong>calamitatis</strong></span> <span class='ocrx_word' id='word_1_168' title='bbox 1176 2487 1304 2525; x_wconf 89' lang='lat' dir='ltr'><strong>casu</strong></span> <span class='ocrx_word' id='word_1_169' title='bbox 1325 2511 1339 2534; x_wconf 91' lang='lat'><strong>,</strong></span> <span class='ocrx_word' id='word_1_170' title='bbox 1393 2480 1449 2526; x_wconf 88' lang='lat' dir='ltr'><strong>et</strong></span> <span class='ocrx_word' id='word_1_171' title='bbox 1479 2472 1547 2525; x_wconf 88' lang='lat' dir='ltr'><strong>de</strong></span> <span class='ocrx_word' id='word_1_172' title='bbox 1594 2472 1855 2526; x_wconf 86' lang='lat' dir='ltr'><strong>laudabili</strong></span> <span class='ocrx_word' id='word_1_173' title='bbox 1888 2473 2032 2526; x_wconf 88' lang='lat' dir='ltr'><strong>mili—</strong></span> 
     </span>
    </p>
   </div>
   <div class='ocr_carea' id='block_1_25' title="bbox 456 2555 2035 2631">
    <p class='ocr_par' dir='ltr' id='par_1_25' title="bbox 456 2555 2035 2631">
     <span class='ocr_line' id='line_1_25' title="bbox 456 2555 2035 2631; baseline 0.006 -23"><span class='ocrx_word' id='word_1_174' title='bbox 456 2564 572 2608; x_wconf 86' lang='lat' dir='ltr'><strong>tum</strong></span> <span class='ocrx_word' id='word_1_175' title='bbox 600 2555 782 2612; x_wconf 88' lang='lat' dir='ltr'><strong>studio</strong></span> <span class='ocrx_word' id='word_1_176' title='bbox 817 2559 1023 2613; x_wconf 88' lang='lat' dir='ltr'><strong>certior</strong></span> <span class='ocrx_word' id='word_1_177' title='bbox 1059 2559 1270 2624; x_wconf 79' lang='lat' dir='ltr'><strong>factus,</strong></span> <span class='ocrx_word' id='word_1_178' title='bbox 1312 2561 1422 2614; x_wconf 88' lang='lat' dir='ltr'><strong>illis</strong></span> <span class='ocrx_word' id='word_1_179' title='bbox 1456 2561 1679 2630; x_wconf 85' lang='lat' dir='ltr'><strong>quidem</strong></span> <span class='ocrx_word' id='word_1_180' title='bbox 1703 2561 1880 2616; x_wconf 82' lang='lat' dir='ltr'><strong>fausta</strong></span> <span class='ocrx_word' id='word_1_181' title='bbox 1911 2577 2035 2631; x_wconf 90' lang='lat' dir='ltr'><strong>pre-</strong></span> 
     </span>
    </p>
   </div>
   <div class='ocr_carea' id='block_1_26' title="bbox 451 2649 2034 2720">
    <p class='ocr_par' dir='ltr' id='par_1_26' title="bbox 451 2649 2034 2720">
     <span class='ocr_line' id='line_1_26' title="bbox 451 2649 2034 2720; baseline 0.005 -21"><span class='ocrx_word' id='word_1_182' title='bbox 451 2653 610 2699; x_wconf 62' lang='lat' dir='ltr'><strong>cantus</strong></span> <span class='ocrx_word' id='word_1_183' title='bbox 638 2661 781 2711; x_wconf 89' lang='lat' dir='ltr'><strong>sum,</strong></span> <span class='ocrx_word' id='word_1_184' title='bbox 808 2649 1204 2702; x_wconf 87' lang='lat' dir='ltr'><strong>nobilissimam</strong></span> <span class='ocrx_word' id='word_1_185' title='bbox 1230 2665 1362 2705; x_wconf 88' lang='lat' dir='ltr'><strong>vero</strong></span> <span class='ocrx_word' id='word_1_186' title='bbox 1392 2652 1627 2720; x_wconf 88' lang='lat' dir='ltr'><strong>puellam</strong></span> <span class='ocrx_word' id='word_1_187' title='bbox 1649 2653 1868 2706; x_wconf 87' lang='lat' dir='ltr'><strong>cuidam</strong></span> <span class='ocrx_word' id='word_1_188' title='bbox 1893 2669 1924 2707; x_wconf 89' lang='lat' dir='ltr'><strong>e</strong></span> <span class='ocrx_word' id='word_1_189' title='bbox 1947 2669 2034 2707; x_wconf 90' lang='lat' dir='ltr'><strong>re-</strong></span> 
     </span>
    </p>
   </div>
   <div class='ocr_carea' id='block_1_27' title="bbox 455 2734 2032 2806">
    <p class='ocr_par' dir='ltr' id='par_1_27' title="bbox 455 2734 2032 2806">
     <span class='ocr_line' id='line_1_27' title="bbox 455 2734 2032 2806; baseline 0.007 -19"><span class='ocrx_word' id='word_1_190' title='bbox 455 2734 817 2804; x_wconf 80' lang='lat' dir='ltr'><strong>l&#39;giosissimis</strong></span> <span class='ocrx_word' id='word_1_191' title='bbox 843 2737 1091 2793; x_wconf 89' lang='lat' dir='ltr'><strong>diaconis</strong></span> <span class='ocrx_word' id='word_1_192' title='bbox 1114 2742 1514 2806; x_wconf 86' lang='lat' dir='ltr'><strong>commendavi,</strong></span> <span class='ocrx_word' id='word_1_193' title='bbox 1545 2751 1601 2797; x_wconf 92' lang='lat' dir='ltr'><strong>et</strong></span> <span class='ocrx_word' id='word_1_194' title='bbox 1643 2757 1916 2797; x_wconf 88' lang='lat' dir='ltr'><strong>annonam</strong></span> <span class='ocrx_word' id='word_1_195' title='bbox 1955 2744 2032 2798; x_wconf 88' lang='lat' dir='ltr'><strong>illi</strong></span> 
     </span>
    </p>
   </div>
   <div class='ocr_carea' id='block_1_28' title="bbox 454 2824 2035 2904">
    <p class='ocr_par' dir='ltr' id='par_1_28' title="bbox 454 2824 2035 2904">
     <span class='ocr_line' id='line_1_28' title="bbox 454 2824 2035 2904; baseline 0.008 -27"><span class='ocrx_word' id='word_1_196' title='bbox 454 2824 662 2880; x_wconf 74' lang='lat' dir='ltr'><strong>atratim</strong></span> <span class='ocrx_word' id='word_1_197' title='bbox 713 2829 944 2897; x_wconf 67' lang='lat' dir='ltr'><strong>prmberi</strong></span> <span class='ocrx_word' id='word_1_198' title='bbox 988 2831 1148 2900; x_wconf 88' lang='lat' dir='ltr'><strong>jussi.</strong></span> <span class='ocrx_word' id='word_1_199' title='bbox 1201 2832 1319 2886; x_wconf 88' lang='lat' dir='ltr'><strong>Jam</strong></span> <span class='ocrx_word' id='word_1_200' title='bbox 1368 2833 1558 2887; x_wconf 88' lang='lat' dir='ltr'><strong>decem</strong></span> <span class='ocrx_word' id='word_1_201' title='bbox 1607 2835 1780 2904; x_wconf 89' lang='lat' dir='ltr'><strong>elapsi</strong></span> <span class='ocrx_word' id='word_1_202' title='bbox 1818 2851 2035 2891; x_wconf 84' lang='lat' dir='ltr'><strong>menses</strong></span> 
     </span>
    </p>
   </div>
   <div class='ocr_carea' id='block_1_29' title="bbox 453 2920 2035 2996">
    <p class='ocr_par' dir='ltr' id='par_1_29' title="bbox 453 2920 2035 2996">
     <span class='ocr_line' id='line_1_29' title="bbox 453 2920 2035 2996; baseline 0.008 -28"><span class='ocrx_word' id='word_1_203' title='bbox 453 2924 629 2980; x_wconf 74' lang='lat' dir='ltr'><strong>erant,</strong></span> <span class='ocrx_word' id='word_1_204' title='bbox 655 2932 778 2971; x_wconf 89' lang='lat' dir='ltr'><strong>cum</strong></span> <span class='ocrx_word' id='word_1_205' title='bbox 798 2925 1010 2988; x_wconf 88' lang='lat' dir='ltr'><strong>patrem</strong></span> <span class='ocrx_word' id='word_1_206' title='bbox 1041 2920 1273 2976; x_wconf 88' lang='lat' dir='ltr'><strong>audiens</strong></span> <span class='ocrx_word' id='word_1_207' title='bbox 1297 2923 1478 2978; x_wconf 88' lang='lat' dir='ltr'><strong>adhuc</strong></span> <span class='ocrx_word' id='word_1_208' title='bbox 1517 2923 1723 2990; x_wconf 83' lang='lat' dir='ltr'><strong>vivere,</strong></span> <span class='ocrx_word' id='word_1_209' title='bbox 1750 2925 2035 2996; x_wconf 79' lang='lat' dir='ltr'><strong>magistra-</strong></span> 
     </span>
    </p>
   </div>
   <div class='ocr_carea' id='block_1_30' title="bbox 457 3012 2036 3087">
    <p class='ocr_par' dir='ltr' id='par_1_30' title="bbox 457 3012 2036 3087">
     <span class='ocr_line' id='line_1_30' title="bbox 457 3012 2036 3087; baseline 0.006 -25"><span class='ocrx_word' id='word_1_210' title='bbox 457 3016 681 3078; x_wconf 84' lang='lat' dir='ltr'><strong>tumque</strong></span> <span class='ocrx_word' id='word_1_211' title='bbox 711 3026 898 3080; x_wconf 79' lang='lat' dir='ltr'><strong>gerere</strong></span> <span class='ocrx_word' id='word_1_212' title='bbox 927 3012 980 3066; x_wconf 92' lang='lat' dir='ltr'><strong>in</strong></span> <span class='ocrx_word' id='word_1_213' title='bbox 1005 3012 1322 3078; x_wconf 80' lang='lat' dir='ltr'><strong>Occidente,</strong></span> <span class='ocrx_word' id='word_1_214' title='bbox 1341 3015 1522 3070; x_wconf 88' lang='lat' dir='ltr'><strong>redire</strong></span> <span class='ocrx_word' id='word_1_215' title='bbox 1549 3016 1617 3070; x_wconf 88' lang='lat' dir='ltr'><strong>ad</strong></span> <span class='ocrx_word' id='word_1_216' title='bbox 1645 3017 1819 3082; x_wconf 90' lang='lat' dir='ltr'><strong>illum,</strong></span> <span class='ocrx_word' id='word_1_217' title='bbox 1850 3026 1908 3072; x_wconf 91' lang='lat' dir='ltr'><strong>ut</strong></span> <span class='ocrx_word' id='word_1_218' title='bbox 1938 3035 2036 3087; x_wconf 90' lang='lat' dir='ltr'><strong>par</strong></span> 
     </span>
    </p>
   </div>
   <div class='ocr_carea' id='block_1_31' title="bbox 453 3099 2024 3170">
    <p class='ocr_par' dir='ltr' id='par_1_31' title="bbox 453 3099 2024 3170">
     <span class='ocr_line' id='line_1_31' title="bbox 453 3099 2024 3170; baseline 0.007 -19"><span class='ocrx_word' id='word_1_219' title='bbox 453 3106 594 3162; x_wconf 81' lang='lat' dir='ltr'><strong>erat,</strong></span> <span class='ocrx_word' id='word_1_220' title='bbox 622 3099 956 3169; x_wconf 84' lang='lat' dir='ltr'><strong>concupivit.</strong></span> <span class='ocrx_word' id='word_1_221' title='bbox 985 3103 1050 3155; x_wconf 87' lang='lat' dir='ltr'><strong>Et</strong></span> <span class='ocrx_word' id='word_1_222' title='bbox 1081 3119 1204 3158; x_wconf 88' lang='lat' dir='ltr'><strong>cum</strong></span> <span class='ocrx_word' id='word_1_223' title='bbox 1246 3103 1581 3161; x_wconf 81' lang='lat' dir='ltr'><strong>allirmarent</strong></span> <span class='ocrx_word' id='word_1_224' title='bbox 1629 3108 1902 3170; x_wconf 89' lang='lat' dir='ltr'><strong>nonnulli,</strong></span> <span class='ocrx_word' id='word_1_225' title='bbox 1957 3109 2024 3162; x_wconf 89' lang='lat' dir='ltr'><strong>ad</strong></span> 
     </span>
    </p>
   </div>
   <div class='ocr_carea' id='block_1_32' title="bbox 458 3188 2026 3267">
    <p class='ocr_par' dir='ltr' id='par_1_32' title="bbox 458 3188 2026 3267">
     <span class='ocr_line' id='line_1_32' title="bbox 458 3188 2026 3267; baseline 0.008 -28"><span class='ocrx_word' id='word_1_226' title='bbox 458 3188 753 3250; x_wconf 84' lang='lat' dir='ltr'><strong>nundinas,</strong></span> <span class='ocrx_word' id='word_1_227' title='bbox 779 3206 902 3259; x_wconf 70' lang='lat' dir='ltr'><strong>quae</strong></span> <span class='ocrx_word' id='word_1_228' title='bbox 928 3192 1072 3261; x_wconf 85' lang='lat' dir='ltr'><strong>apud</strong></span> <span class='ocrx_word' id='word_1_229' title='bbox 1103 3209 1200 3249; x_wconf 90' lang='lat' dir='ltr'><strong>vos</strong></span> <span class='ocrx_word' id='word_1_230' title='bbox 1228 3211 1377 3250; x_wconf 91' lang='lat' dir='ltr'><strong>nunc</strong></span> <span class='ocrx_word' id='word_1_231' title='bbox 1423 3205 1680 3267; x_wconf 83' lang='lat' dir='ltr'><strong>aguntur,</strong></span> <span class='ocrx_word' id='word_1_232' title='bbox 1713 3197 2026 3267; x_wconf 90' lang='lat' dir='ltr'><strong>complures</strong></span> 
     </span>
    </p>
   </div>
   <div class='ocr_carea' id='block_1_33' title="bbox 457 3277 2026 3358">
    <p class='ocr_par' dir='ltr' id='par_1_33' title="bbox 457 3277 2026 3358">
     <span class='ocr_line' id='line_1_33' title="bbox 457 3277 2026 3358; baseline 0.006 -26"><span class='ocrx_word' id='word_1_233' title='bbox 457 3277 527 3332; x_wconf 82' lang='lat' dir='ltr'><strong>ab</strong></span> <span class='ocrx_word' id='word_1_234' title='bbox 553 3277 848 3335; x_wconf 87' lang='lat' dir='ltr'><strong>Occidente</strong></span> <span class='ocrx_word' id='word_1_235' title='bbox 875 3293 1203 3340; x_wconf 86' lang='lat' dir='ltr'><strong>mercatores</strong></span> <span class='ocrx_word' id='word_1_236' title='bbox 1233 3287 1439 3358; x_wconf 76' lang='grc'>1121</span> <span class='ocrx_word' id='word_1_237' title='bbox 1465 3297 1748 3352; x_wconf 86' lang='lat' dir='ltr'><strong>venturos,</strong></span> <span class='ocrx_word' id='word_1_238' title='bbox 1779 3289 2026 3358; x_wconf 90' lang='lat' dir='ltr'><strong>postula-</strong></span> 
     </span>
    </p>
   </div>
   <div class='ocr_carea' id='block_1_34' title="bbox 457 3369 2027 3450">
    <p class='ocr_par' dir='ltr' id='par_1_34' title="bbox 457 3369 2027 3450">
     <span class='ocr_line' id='line_1_34' title="bbox 457 3369 2027 3450; baseline 0.007 -27"><span class='ocrx_word' id='word_1_239' title='bbox 457 3369 538 3423; x_wconf 80' lang='lat' dir='ltr'><strong>vit</strong></span> <span class='ocrx_word' id='word_1_240' title='bbox 565 3378 626 3424; x_wconf 93' lang='lat' dir='ltr'><strong>ut</strong></span> <span class='ocrx_word' id='word_1_241' title='bbox 657 3386 781 3425; x_wconf 92' lang='lat' dir='ltr'><strong>cum</strong></span> <span class='ocrx_word' id='word_1_242' title='bbox 812 3373 1014 3429; x_wconf 86' lang='lat' dir='ltr'><strong>litteris</strong></span> <span class='ocrx_word' id='word_1_243' title='bbox 1040 3377 1178 3431; x_wconf 90' lang='lat' dir='ltr'><strong>meis</strong></span> <span class='ocrx_word' id='word_1_244' title='bbox 1203 3377 1671 3447; x_wconf 82' lang='lat' dir='ltr'><strong>proﬁcisceretur.</strong></span> <span class='ocrx_word' id='word_1_245' title='bbox 1698 3379 1810 3434; x_wconf 82' lang='lat' dir='ltr'><strong>Hac</strong></span> <span class='ocrx_word' id='word_1_246' title='bbox 1833 3395 1934 3450; x_wconf 85' lang='lat' dir='ltr'><strong>ego</strong></span> <span class='ocrx_word' id='word_1_247' title='bbox 1959 3379 2027 3434; x_wconf 88' lang='lat' dir='ltr'><strong>de</strong></span> 
     </span>
    </p>
   </div>
   <div class='ocr_carea' id='block_1_35' title="bbox 456 3462 2025 3538">
    <p class='ocr_par' dir='ltr' id='par_1_35' title="bbox 456 3462 2025 3538">
     <span class='ocr_line' id='line_1_35' title="bbox 456 3462 2025 3538; baseline 0.007 -24"><span class='ocrx_word' id='word_1_248' title='bbox 456 3476 620 3516; x_wconf 87' lang='lat' dir='ltr'><strong>causa</strong></span> <span class='ocrx_word' id='word_1_249' title='bbox 660 3462 945 3531; x_wconf 86' lang='lat' dir='ltr'><strong>epistolam</strong></span> <span class='ocrx_word' id='word_1_250' title='bbox 984 3467 1202 3536; x_wconf 82' lang='lat' dir='ltr'><strong>scripsi,</strong></span> <span class='ocrx_word' id='word_1_251' title='bbox 1238 3469 1498 3538; x_wconf 89' lang='lat' dir='ltr'><strong>pietatem</strong></span> <span class='ocrx_word' id='word_1_252' title='bbox 1530 3481 1682 3526; x_wconf 91' lang='lat' dir='ltr'><strong>tuam</strong></span> <span class='ocrx_word' id='word_1_253' title='bbox 1723 3472 2025 3534; x_wconf 90' lang='lat' dir='ltr'><strong>obtestans,</strong></span> 
     </span>
    </p>
   </div>
   <div class='ocr_carea' id='block_1_36' title="bbox 458 3557 2029 3633">
    <p class='ocr_par' dir='ltr' id='par_1_36' title="bbox 458 3557 2029 3633">
     <span class='ocr_line' id='line_1_36' title="bbox 458 3557 2029 3633; baseline 0.007 -27"><span class='ocrx_word' id='word_1_254' title='bbox 458 3561 518 3606; x_wconf 90' lang='lat' dir='ltr'><strong>ut</strong></span> <span class='ocrx_word' id='word_1_255' title='bbox 536 3568 814 3624; x_wconf 73' lang='lat' dir='ltr'><strong>generosa:</strong></span> <span class='ocrx_word' id='word_1_256' title='bbox 839 3557 1026 3627; x_wconf 90' lang='lat' dir='ltr'><strong>stirpis</strong></span> <span class='ocrx_word' id='word_1_257' title='bbox 1045 3574 1230 3614; x_wconf 90' lang='lat' dir='ltr'><strong>curam</strong></span> <span class='ocrx_word' id='word_1_258' title='bbox 1255 3569 1426 3631; x_wconf 83' lang='lat' dir='ltr'><strong>gerat,</strong></span> <span class='ocrx_word' id='word_1_259' title='bbox 1456 3570 1510 3616; x_wconf 89' lang='lat' dir='ltr'><strong>et</strong></span> <span class='ocrx_word' id='word_1_260' title='bbox 1533 3563 1799 3633; x_wconf 81' lang='lat' dir='ltr'><strong>religione</strong></span> <span class='ocrx_word' id='word_1_261' title='bbox 1826 3563 2029 3633; x_wconf 65' lang='lat' dir='ltr'><strong>praadi-</strong></span> 
     </span>
    </p>
   </div>
   <div class='ocr_carea' id='block_1_37' title="bbox 455 3645 2030 3725">
    <p class='ocr_par' dir='ltr' id='par_1_37' title="bbox 455 3645 2030 3725">
     <span class='ocr_line' id='line_1_37' title="bbox 455 3645 2030 3725; baseline 0.008 -29"><span class='ocrx_word' id='word_1_262' title='bbox 455 3652 512 3698; x_wconf 91' lang='lat' dir='ltr'><strong>to</strong></span> <span class='ocrx_word' id='word_1_263' title='bbox 545 3645 782 3715; x_wconf 88' lang='lat' dir='ltr'><strong>cuipiam</strong></span> <span class='ocrx_word' id='word_1_264' title='bbox 805 3648 1015 3718; x_wconf 88' lang='lat' dir='ltr'><strong>jubeat,</strong></span> <span class='ocrx_word' id='word_1_265' title='bbox 1045 3657 1106 3703; x_wconf 89' lang='lat' dir='ltr'><strong>ut</strong></span> <span class='ocrx_word' id='word_1_266' title='bbox 1125 3665 1248 3705; x_wconf 93' lang='lat' dir='ltr'><strong>cum</strong></span> <span class='ocrx_word' id='word_1_267' title='bbox 1281 3653 1656 3715; x_wconf 81' lang='lat' dir='ltr'><strong>naviculariis,</strong></span> <span class='ocrx_word' id='word_1_268' title='bbox 1684 3663 1739 3709; x_wconf 90' lang='lat' dir='ltr'><strong>et</strong></span> <span class='ocrx_word' id='word_1_269' title='bbox 1757 3655 2030 3725; x_wconf 83' lang='lat' dir='ltr'><strong>guberna-</strong></span> 
     </span>
    </p>
   </div>
   <div class='ocr_carea' id='block_1_38' title="bbox 457 3735 2032 3813">
    <p class='ocr_par' dir='ltr' id='par_1_38' title="bbox 457 3735 2032 3813">
     <span class='ocr_line' id='line_1_38' title="bbox 457 3735 2032 3813; baseline 0.007 -25"><span class='ocrx_word' id='word_1_270' title='bbox 457 3735 690 3802; x_wconf 88' lang='lat' dir='ltr'><strong>toribus,</strong></span> <span class='ocrx_word' id='word_1_271' title='bbox 734 3742 1247 3812; x_wconf 85' lang='lat' dir='ltr'><strong>mercatoribusquc</strong></span> <span class='ocrx_word' id='word_1_272' title='bbox 1297 3753 1439 3813; x_wconf 84' lang='lat' dir='ltr'><strong>agat,</strong></span> <span class='ocrx_word' id='word_1_273' title='bbox 1479 3754 1534 3799; x_wconf 85' lang='lat' dir='ltr'><strong>et</strong></span> <span class='ocrx_word' id='word_1_274' title='bbox 1578 3745 1699 3799; x_wconf 79' lang='lat' dir='ltr'><strong>ﬁdis</strong></span> <span class='ocrx_word' id='word_1_275' title='bbox 1732 3761 1852 3799; x_wconf 86' lang='lat' dir='ltr'><strong>eam</strong></span> <span class='ocrx_word' id='word_1_276' title='bbox 1898 3745 2032 3800; x_wconf 91' lang='lat' dir='ltr'><strong>viris</strong></span> 
     </span>
    </p>
   </div>
   <div class='ocr_carea' id='block_1_39' title="bbox 455 3829 2030 3905">
    <p class='ocr_par' dir='ltr' id='par_1_39' title="bbox 455 3829 2030 3905">
     <span class='ocr_line' id='line_1_39' title="bbox 455 3829 2030 3905; baseline 0.005 -24"><span class='ocrx_word' id='word_1_277' title='bbox 455 3829 780 3893; x_wconf 88' lang='lat' dir='ltr'><strong>committat,</strong></span> <span class='ocrx_word' id='word_1_278' title='bbox 800 3831 893 3900; x_wconf 90' lang='lat' dir='ltr'><strong>qui</strong></span> <span class='ocrx_word' id='word_1_279' title='bbox 913 3834 1051 3901; x_wconf 89' lang='lat' dir='ltr'><strong>patri</strong></span> <span class='ocrx_word' id='word_1_280' title='bbox 1076 3834 1369 3888; x_wconf 87' lang='lat' dir='ltr'><strong>restituere</strong></span> <span class='ocrx_word' id='word_1_281' title='bbox 1388 3845 1609 3905; x_wconf 89' lang='lat' dir='ltr'><strong>queant.</strong></span> <span class='ocrx_word' id='word_1_282' title='bbox 1631 3837 1867 3890; x_wconf 78' lang='lat' dir='ltr'><strong>Prorsus</strong></span> <span class='ocrx_word' id='word_1_283' title='bbox 1883 3837 2030 3890; x_wconf 88' lang='lat' dir='ltr'><strong>enim</strong></span> 
     </span>
    </p>
   </div>
   <div class='ocr_carea' id='block_1_40' title="bbox 455 3920 2032 3997">
    <p class='ocr_par' dir='ltr' id='par_1_40' title="bbox 455 3920 2032 3997">
     <span class='ocr_line' id='line_1_40' title="bbox 455 3920 2032 3997; baseline 0.006 -24"><span class='ocrx_word' id='word_1_284' title='bbox 455 3920 671 3975; x_wconf 90' lang='lat' dir='ltr'><strong>lucrum</strong></span> <span class='ocrx_word' id='word_1_285' title='bbox 703 3923 894 3993; x_wconf 80' lang='lat' dir='ltr'><strong>ingens</strong></span> <span class='ocrx_word' id='word_1_286' title='bbox 922 3924 1181 3984; x_wconf 79' lang='lat' dir='ltr'><strong>referent.</strong></span> <span class='ocrx_word' id='word_1_287' title='bbox 1212 3927 1306 3996; x_wconf 88' lang='lat' dir='ltr'><strong>qui</strong></span> <span class='ocrx_word' id='word_1_288' title='bbox 1357 3927 1520 3980; x_wconf 84' lang='lat' dir='ltr'><strong>ﬁliam</strong></span> <span class='ocrx_word' id='word_1_289' title='bbox 1557 3927 1622 3981; x_wconf 91' lang='lat' dir='ltr'><strong>ad</strong></span> <span class='ocrx_word' id='word_1_290' title='bbox 1651 3937 1859 3997; x_wconf 86' lang='lat' dir='ltr'><strong>patrem</strong></span> <span class='ocrx_word' id='word_1_291' title='bbox 1892 3944 2032 3997; x_wconf 70' lang='lat' dir='ltr'><strong>prte-</strong></span> 
     </span>
    </p>
   </div>
   <div class='ocr_carea' id='block_1_41' title="bbox 459 4017 1684 4086">
    <p class='ocr_par' dir='ltr' id='par_1_41' title="bbox 459 4017 1684 4086">
     <span class='ocr_line' id='line_1_41' title="bbox 459 4017 1684 4086; baseline 0.005 -22"><span class='ocrx_word' id='word_1_292' title='bbox 459 4019 540 4064; x_wconf 85' lang='lat' dir='ltr'><strong>ter</strong></span> <span class='ocrx_word' id='word_1_293' title='bbox 562 4027 712 4080; x_wconf 90' lang='lat' dir='ltr'><strong>spem</strong></span> <span class='ocrx_word' id='word_1_294' title='bbox 739 4029 957 4070; x_wconf 89' lang='lat' dir='ltr'><strong>omnem</strong></span> <span class='ocrx_word' id='word_1_295' title='bbox 987 4017 1281 4071; x_wconf 78' lang='lat' dir='ltr'><strong>humanam</strong></span> <span class='ocrx_word' id='word_1_296' title='bbox 1309 4018 1684 4086; x_wconf 81' lang='lat' dir='ltr'><strong>perduxerint.</strong></span> 
     </span>
    </p>
   </div>
   <div class='ocr_carea' id='block_1_42' title="bbox 456 4107 2034 4183">
    <p class='ocr_par' dir='ltr' id='par_1_42' title="bbox 456 4107 2034 4183">
     <span class='ocr_line' id='line_1_42' title="bbox 456 4107 2034 4183; baseline 0.005 -26"><span class='ocrx_word' id='word_1_297' title='bbox 456 4107 797 4177; x_wconf 84' lang='grc' dir='ltr'>καταστῆσαι</span> <span class='ocrx_word' id='word_1_298' title='bbox 864 4109 940 4178; x_wconf 81' lang='grc' dir='ltr'>τῷ</span> <span class='ocrx_word' id='word_1_299' title='bbox 999 4112 1168 4182; x_wconf 74' lang='grc' dir='ltr'>πατρὶ</span> <span class='ocrx_word' id='word_1_300' title='bbox 1225 4110 1566 4180; x_wconf 87' lang='grc' dir='ltr'>δυναμένοις.</span> <span class='ocrx_word' id='word_1_301' title='bbox 1637 4112 1862 4175; x_wconf 81' lang='grc' dir='ltr'>Πάντως</span> <span class='ocrx_word' id='word_1_302' title='bbox 1925 4113 2034 4183; x_wconf 73' lang='grc' dir='ltr'><strong>γάρ</strong></span> 
     </span>
    </p>
   </div>
   <div class='ocr_carea' id='block_1_43' title="bbox 457 4196 1703 4272">
    <p class='ocr_par' dir='ltr' id='par_1_43' title="bbox 457 4196 1703 4272">
     <span class='ocr_line' id='line_1_43' title="bbox 457 4196 1703 4272; baseline 0.007 -25"><span class='ocrx_word' id='word_1_303' title='bbox 457 4196 650 4252; x_wconf 80' lang='grc' dir='ltr'>ἐλπίδα</span> <span class='ocrx_word' id='word_1_304' title='bbox 683 4197 760 4268; x_wconf 83' lang='grc' dir='ltr'>τῷ</span> <span class='ocrx_word' id='word_1_305' title='bbox 791 4201 960 4270; x_wconf 75' lang='grc' dir='ltr'>πατρὶ</span> <span class='ocrx_word' id='word_1_306' title='bbox 987 4202 1085 4272; x_wconf 79' lang='grc' dir='ltr'><strong>τὴν</strong></span> <span class='ocrx_word' id='word_1_307' title='bbox 1114 4200 1281 4255; x_wconf 82' lang='grc' dir='ltr'>παῖδα</span> <span class='ocrx_word' id='word_1_308' title='bbox 1318 4202 1703 4271; x_wconf 82' lang='grc' dir='ltr'>προσάγοντες.</span> 
     </span>
    </p>
   </div>
   <div class='ocr_carea' id='block_1_44' title="bbox 548 4331 1935 4405">
    <p class='ocr_par' dir='ltr' id='par_1_44' title="bbox 548 4331 1935 4405">
     <span class='ocr_line' id='line_1_44' title="bbox 548 4331 1935 4405; baseline 0.004 -20"><span class='ocrx_word' id='word_1_309' title='bbox 548 4331 734 4386; x_wconf 80' lang='lat' dir='ltr'><strong>LXXI.</strong></span> <span class='ocrx_word' id='word_1_310' title='bbox 770 4364 839 4372; x_wconf 93' lang='lat'><strong><em>—</em></strong></span> <span class='ocrx_word' id='word_1_311' title='bbox 866 4333 1066 4388; x_wconf 79' lang='lat' dir='ltr'><strong>Zenoni</strong></span> <span class='ocrx_word' id='word_1_312' title='bbox 1096 4336 1346 4405; x_wconf 82' lang='lat' dir='ltr'><strong>magistro</strong></span> <span class='ocrx_word' id='word_1_313' title='bbox 1371 4334 1596 4390; x_wconf 82' lang='lat' dir='ltr'><strong>militum</strong></span> <span class='ocrx_word' id='word_1_314' title='bbox 1629 4345 1676 4390; x_wconf 77' lang='lat' dir='ltr'><strong>et</strong></span> <span class='ocrx_word' id='word_1_315' title='bbox 1711 4338 1935 4391; x_wconf 74' lang='lat' dir='ltr'><strong>consuli.</strong></span> 
     </span>
    </p>
   </div>
   <div class='ocr_carea' id='block_1_45' title="bbox 529 4466 2027 4532">
    <p class='ocr_par' dir='ltr' id='par_1_45' title="bbox 529 4466 2027 4532">
     <span class='ocr_line' id='line_1_45' title="bbox 529 4466 2027 4532; baseline 0.003 -12"><span class='ocrx_word' id='word_1_316' title='bbox 529 4466 931 4522; x_wconf 87' lang='lat' dir='ltr'><strong>Fortitudinem</strong></span> <span class='ocrx_word' id='word_1_317' title='bbox 968 4477 1113 4522; x_wconf 90' lang='lat' dir='ltr'><strong>tuam</strong></span> <span class='ocrx_word' id='word_1_318' title='bbox 1146 4469 1416 4523; x_wconf 88' lang='lat' dir='ltr'><strong>mirantur</strong></span> <span class='ocrx_word' id='word_1_319' title='bbox 1445 4485 1654 4532; x_wconf 89' lang='lat' dir='ltr'><strong>omnes,</strong></span> <span class='ocrx_word' id='word_1_320' title='bbox 1690 4479 1749 4522; x_wconf 90' lang='lat' dir='ltr'><strong>ut</strong></span> <span class='ocrx_word' id='word_1_321' title='bbox 1773 4486 2027 4525; x_wconf 88' lang='lat' dir='ltr'><strong>mansue-</strong></span> 
     </span>
    </p>
   </div>
   <div class='ocr_carea' id='block_1_46' title="bbox 460 4556 2028 4628">
    <p class='ocr_par' dir='ltr' id='par_1_46' title="bbox 460 4556 2028 4628">
     <span class='ocr_line' id='line_1_46' title="bbox 460 4556 2028 4628; baseline 0.003 -19"><span class='ocrx_word' id='word_1_322' title='bbox 460 4556 649 4611; x_wconf 82' lang='lat' dir='ltr'><strong>tudine</strong></span> <span class='ocrx_word' id='word_1_323' title='bbox 675 4566 731 4611; x_wconf 89' lang='lat' dir='ltr'><strong>et</strong></span> <span class='ocrx_word' id='word_1_324' title='bbox 760 4557 1048 4612; x_wconf 86' lang='lat' dir='ltr'><strong>clementia</strong></span> <span class='ocrx_word' id='word_1_325' title='bbox 1085 4566 1464 4627; x_wconf 82' lang='lat' dir='ltr'><strong>temperatam,</strong></span> <span class='ocrx_word' id='word_1_326' title='bbox 1495 4567 1551 4613; x_wconf 90' lang='lat' dir='ltr'><strong>et</strong></span> <span class='ocrx_word' id='word_1_327' title='bbox 1581 4574 1700 4628; x_wconf 56' lang='lat' dir='ltr'><strong>quae</strong></span> <span class='ocrx_word' id='word_1_328' title='bbox 1736 4574 1864 4628; x_wconf 81' lang='lat' dir='ltr'><strong>erga</strong></span> <span class='ocrx_word' id='word_1_329' title='bbox 1886 4565 1902 4577; x_wconf 87' lang='lat'><strong><em>‘</em></strong></span> <span class='ocrx_word' id='word_1_330' title='bbox 1927 4559 2028 4614; x_wconf 90' lang='lat' dir='ltr'><strong>do-</strong></span> 
     </span>
    </p>
   </div>
   <div class='ocr_carea' id='block_1_47' title="bbox 1470 332 2744 396">
    <p class='ocr_par' dir='ltr' id='par_1_47' title="bbox 1470 332 2744 396">
     <span class='ocr_line' id='line_1_47' title="bbox 1470 332 2744 396; baseline -0.005 -1"><span class='ocrx_word' id='word_1_331' title='bbox 1470 337 1958 396; x_wconf 77' lang='lat' dir='ltr'><strong>TIIEODORETI</strong></span> <span class='ocrx_word' id='word_1_332' title='bbox 2002 334 2337 395; x_wconf 80' lang='lat' dir='ltr'><strong>EPISCOPI</strong></span> <span class='ocrx_word' id='word_1_333' title='bbox 2381 332 2744 391; x_wconf 72' lang='lat' dir='ltr'><strong>CYRENSIS</strong></span> 
     </span>
    </p>
   </div>
   <div class='ocr_carea' id='block_1_48' title="bbox 2107 4107 3024 4183">
    <p class='ocr_par' dir='ltr' id='par_1_48' title="bbox 2107 4107 3024 4183">
     <span class='ocr_line' id='line_1_48' title="bbox 2107 4107 3024 4183; baseline -0.004 -20"><span class='ocrx_word' id='word_1_334' title='bbox 2107 4113 2399 4183; x_wconf 82' lang='grc' dir='ltr'>πάμπολλα</span> <span class='ocrx_word' id='word_1_335' title='bbox 2472 4109 2792 4183; x_wconf 86' lang='grc' dir='ltr'>κερδανοῦσι</span> <span class='ocrx_word' id='word_1_336' title='bbox 2874 4107 3024 4180; x_wconf 87' lang='grc' dir='ltr'><strong>παρά</strong></span> 
     </span>
    </p>
   </div>
   <div class='ocr_carea' id='block_1_49' title="bbox 3570 323 3703 388">
    <p class='ocr_par' dir='ltr' id='par_1_49' title="bbox 3570 323 3703 388">
     <span class='ocr_line' id='line_1_49' title="bbox 3570 323 3703 388; baseline 0.015 -2"><span class='ocrx_word' id='word_1_337' title='bbox 3570 323 3703 388; x_wconf 68' lang='lat' dir='ltr'><strong>me</strong></span> 
     </span>
    </p>
   </div>
   <div class='ocr_carea' id='block_1_50' title="bbox 2301 438 3522 509">
    <p class='ocr_par' dir='ltr' id='par_1_50' title="bbox 2301 438 3522 509">
     <span class='ocr_line' id='line_1_50' title="bbox 2301 438 3522 509; baseline -0.007 -9"><span class='ocrx_word' id='word_1_338' title='bbox 2301 449 2377 500; x_wconf 87' lang='lat'><strong>0&#39;.</strong></span> <span class='ocrx_word' id='word_1_339' title='bbox 2402 475 2472 484; x_wconf 90' lang='lat'>—</span> <span class='ocrx_word' id='word_1_340' title='bbox 2491 443 2805 505; x_wconf 77' lang='grc' dir='ltr'>Εὐστιιθίῳ</span> <span class='ocrx_word' id='word_1_341' title='bbox 2835 441 3151 505; x_wconf 77' lang='grc' dir='ltr'>ἐπισκόπῳ</span> <span class='ocrx_word' id='word_1_342' title='bbox 3171 440 3360 509; x_wconf 63' lang='grc' dir='ltr'>Αἰγῶν</span> <span class='ocrx_word' id='word_1_343' title='bbox 3387 438 3522 508; x_wconf 77' lang='grc' dir='ltr'><strong>(Π).</strong></span> 
     </span>
    </p>
   </div>
   <div class='ocr_carea' id='block_1_51' title="bbox 2197 551 3715 630">
    <p class='ocr_par' dir='ltr' id='par_1_51' title="bbox 2197 551 3715 630">
     <span class='ocr_line' id='line_1_51' title="bbox 2197 551 3715 630; baseline -0.007 -18"><span class='ocrx_word' id='word_1_344' title='bbox 2197 560 2513 630; x_wconf 83' lang='grc' dir='ltr'>Τραγῳδίας</span> <span class='ocrx_word' id='word_1_345' title='bbox 2547 557 2692 621; x_wconf 78' lang='grc' dir='ltr'>ἄξιον</span> <span class='ocrx_word' id='word_1_346' title='bbox 2732 554 2793 608; x_wconf 81' lang='grc' dir='ltr'><strong>τδ</strong></span> <span class='ocrx_word' id='word_1_347' title='bbox 2827 554 2964 607; x_wconf 66' lang='grc' dir='ltr'>κατὰ</span> <span class='ocrx_word' id='word_1_348' title='bbox 2997 553 3094 623; x_wconf 81' lang='grc' dir='ltr'>τὴν</span> <span class='ocrx_word' id='word_1_349' title='bbox 3130 552 3527 619; x_wconf 83' lang='grc' dir='ltr'>εὐγενεστάτην</span> <span class='ocrx_word' id='word_1_350' title='bbox 3586 551 3715 602; x_wconf 78' lang='grc' dir='ltr'><strong>Μα-</strong></span> 
     </span>
    </p>
   </div>
   <div class='ocr_carea' id='block_1_52' title="bbox 2136 641 3716 720">
    <p class='ocr_par' dir='ltr' id='par_1_52' title="bbox 2136 641 3716 720">
     <span class='ocr_line' id='line_1_52' title="bbox 2136 641 3716 720; baseline -0.008 -17"><span class='ocrx_word' id='word_1_351' title='bbox 2136 652 2255 720; x_wconf 84' lang='grc' dir='ltr'>ρίαν</span> <span class='ocrx_word' id='word_1_352' title='bbox 2278 651 2544 719; x_wconf 77' lang='grc' dir='ltr'>διήγημα.</span> <span class='ocrx_word' id='word_1_353' title='bbox 2572 646 2716 716; x_wconf 74' lang='grc' dir='ltr'><strong>Αὕτη</strong></span> <span class='ocrx_word' id='word_1_354' title='bbox 2741 645 2850 715; x_wconf 85' lang='grc' dir='ltr'><strong>γὰρ</strong></span> <span class='ocrx_word' id='word_1_355' title='bbox 2873 644 2987 696; x_wconf 80' lang='grc' dir='ltr'>ἐστι</span> <span class='ocrx_word' id='word_1_356' title='bbox 3010 643 3106 712; x_wconf 81' lang='grc' dir='ltr'>μὲν</span> <span class='ocrx_word' id='word_1_357' title='bbox 3136 644 3378 711; x_wconf 77' lang='grc' dir='ltr'>θυγάτηρ</span> <span class='ocrx_word' id='word_1_358' title='bbox 3407 641 3501 694; x_wconf 89' lang='grc' dir='ltr'><strong>τοῦ</strong></span> <span class='ocrx_word' id='word_1_359' title='bbox 3537 657 3716 710; x_wconf 82' lang='grc' dir='ltr'>μεγα-</span> 
     </span>
    </p>
   </div>
   <div class='ocr_carea' id='block_1_53' title="bbox 2129 733 3717 813">
    <p class='ocr_par' dir='ltr' id='par_1_53' title="bbox 2129 733 3717 813">
     <span class='ocr_line' id='line_1_53' title="bbox 2129 733 3717 813; baseline -0.008 -20"><span class='ocrx_word' id='word_1_360' title='bbox 2129 740 2566 813; x_wconf 87' lang='grc' dir='ltr'>λοπρεπεστάτου</span> <span class='ocrx_word' id='word_1_361' title='bbox 2604 737 2955 806; x_wconf 88' lang='grc' dir='ltr'>Εὐδαίμονος,</span> <span class='ocrx_word' id='word_1_362' title='bbox 2994 736 3070 798; x_wconf 84' lang='grc' dir='ltr'><strong>ὡς</strong></span> <span class='ocrx_word' id='word_1_363' title='bbox 3107 735 3202 787; x_wconf 89' lang='grc' dir='ltr'><strong>καί</strong></span> <span class='ocrx_word' id='word_1_364' title='bbox 3247 736 3380 802; x_wconf 83' lang='grc' dir='ltr'>αύτὴ</span> <span class='ocrx_word' id='word_1_365' title='bbox 3422 750 3583 803; x_wconf 75' lang='grc' dir='ltr'>φησι.</span> <span class='ocrx_word' id='word_1_366' title='bbox 3614 733 3717 783; x_wconf 76' lang='grc' dir='ltr'>καὶ</span> 
     </span>
    </p>
   </div>
   <div class='ocr_carea' id='block_1_54' title="bbox 2131 821 3720 900">
    <p class='ocr_par' dir='ltr' id='par_1_54' title="bbox 2131 821 3720 900">
     <span class='ocr_line' id='line_1_54' title="bbox 2131 821 3720 900; baseline -0.009 -15"><span class='ocrx_word' id='word_1_367' title='bbox 2131 834 2278 886; x_wconf 77' lang='grc' dir='ltr'>ἄλλοι</span> <span class='ocrx_word' id='word_1_368' title='bbox 2307 831 2450 894; x_wconf 81' lang='grc' dir='ltr'>τινὲς</span> <span class='ocrx_word' id='word_1_369' title='bbox 2487 828 3000 900; x_wconf 74' lang='grc' dir='ltr'>μεμαρτυρήκασιν.</span> <span class='ocrx_word' id='word_1_370' title='bbox 3035 825 3124 877; x_wconf 88' lang='grc' dir='ltr'>Ἐν</span> <span class='ocrx_word' id='word_1_371' title='bbox 3148 825 3202 877; x_wconf 78' lang='grc' dir='ltr'>δὲ</span> <span class='ocrx_word' id='word_1_372' title='bbox 3238 828 3303 894; x_wconf 82' lang='grc' dir='ltr'><strong>τῇ</strong></span> <span class='ocrx_word' id='word_1_373' title='bbox 3329 821 3720 890; x_wconf 75' lang='grc' dir='ltr'>κατα).αϐούσῃ</span> 
     </span>
    </p>
   </div>
   <div class='ocr_carea' id='block_1_55' title="bbox 2133 911 3719 992">
    <p class='ocr_par' dir='ltr' id='par_1_55' title="bbox 2133 911 3719 992">
     <span class='ocr_line' id='line_1_55' title="bbox 2133 911 3719 992; baseline -0.008 -17"><span class='ocrx_word' id='word_1_374' title='bbox 2133 923 2387 992; x_wconf 79' lang='grc' dir='ltr'>συμφορᾷ</span> <span class='ocrx_word' id='word_1_375' title='bbox 2418 921 2516 991; x_wconf 72' lang='grc' dir='ltr'><strong>τὴν</strong></span> <span class='ocrx_word' id='word_1_376' title='bbox 2541 911 2768 988; x_wconf 75' lang='grc' dir='ltr'>Λιϐύην,</span> <span class='ocrx_word' id='word_1_377' title='bbox 2801 919 2900 987; x_wconf 80' lang='grc' dir='ltr'><strong>τῆς</strong></span> <span class='ocrx_word' id='word_1_378' title='bbox 2928 915 3257 986; x_wconf 75' lang='grc' dir='ltr'>προγονικῆς</span> <span class='ocrx_word' id='word_1_379' title='bbox 3281 913 3596 982; x_wconf 73' lang='grc' dir='ltr'>ἐλευθερίας</span> <span class='ocrx_word' id='word_1_380' title='bbox 3624 912 3719 974; x_wconf 77' lang='grc' dir='ltr'><strong>ἐξ·</strong></span> 
     </span>
    </p>
   </div>
   <div class='ocr_carea' id='block_1_56' title="bbox 2132 1003 3716 1076">
    <p class='ocr_par' dir='ltr' id='par_1_56' title="bbox 2132 1003 3716 1076">
     <span class='ocr_line' id='line_1_56' title="bbox 2132 1003 3716 1076; baseline -0.008 -10"><span class='ocrx_word' id='word_1_381' title='bbox 2132 1016 2316 1075; x_wconf 84' lang='grc' dir='ltr'>ἐπεσε,</span> <span class='ocrx_word' id='word_1_382' title='bbox 2350 1012 2443 1064; x_wconf 79' lang='grc' dir='ltr'><strong>καί</strong></span> <span class='ocrx_word' id='word_1_383' title='bbox 2464 1013 2544 1073; x_wconf 84' lang='grc' dir='ltr'><strong>εἰς</strong></span> <span class='ocrx_word' id='word_1_384' title='bbox 2570 1009 2813 1063; x_wconf 73' lang='grc' dir='ltr'>δουλείαν</span> <span class='ocrx_word' id='word_1_385' title='bbox 2883 1007 3200 1076; x_wconf 78' lang='grc' dir='ltr'><strong>μετέπεσεν.</strong></span> <span class='ocrx_word' id='word_1_386' title='bbox 3239 1007 3509 1074; x_wconf 84' lang='grc' dir='ltr'>Ἔμποροι</span> <span class='ocrx_word' id='word_1_387' title='bbox 3541 1003 3598 1054; x_wconf 82' lang='grc' dir='ltr'><strong>δέ</strong></span> <span class='ocrx_word' id='word_1_388' title='bbox 3623 1020 3716 1054; x_wconf 88' lang='grc' dir='ltr'>τι-</span> 
     </span>
    </p>
   </div>
   <div class='ocr_carea' id='block_1_57' title="bbox 2131 1094 3718 1174">
    <p class='ocr_par' dir='ltr' id='par_1_57' title="bbox 2131 1094 3718 1174">
     <span class='ocr_line' id='line_1_57' title="bbox 2131 1094 3718 1174; baseline -0.008 -18"><span class='ocrx_word' id='word_1_389' title='bbox 2131 1121 2239 1166; x_wconf 84' lang='grc' dir='ltr'>νες,</span> <span class='ocrx_word' id='word_1_390' title='bbox 2266 1104 2436 1174; x_wconf 83' lang='grc' dir='ltr'>αὐτὴν</span> <span class='ocrx_word' id='word_1_391' title='bbox 2468 1103 2617 1171; x_wconf 76' lang='grc' dir='ltr'>παρὰ</span> <span class='ocrx_word' id='word_1_392' title='bbox 2641 1101 2748 1154; x_wconf 84' lang='grc' dir='ltr'><strong>τῶν</strong></span> <span class='ocrx_word' id='word_1_393' title='bbox 2781 1099 3074 1171; x_wconf 82' lang='grc' dir='ltr'>βαρϐάρων</span> <span class='ocrx_word' id='word_1_394' title='bbox 3103 1097 3413 1166; x_wconf 84' lang='grc' dir='ltr'>πριάμενοι,</span> <span class='ocrx_word' id='word_1_395' title='bbox 3439 1094 3718 1160; x_wconf 73' lang='grc' dir='ltr'>διεπὼλη-</span> 
     </span>
    </p>
   </div>
   <div class='ocr_carea' id='block_1_58' title="bbox 2135 1186 3716 1265">
    <p class='ocr_par' dir='ltr' id='par_1_58' title="bbox 2135 1186 3716 1265">
     <span class='ocr_line' id='line_1_58' title="bbox 2135 1186 3716 1265; baseline -0.008 -17"><span class='ocrx_word' id='word_1_396' title='bbox 2135 1198 2232 1250; x_wconf 86' lang='grc' dir='ltr'><strong>σάν</strong></span> <span class='ocrx_word' id='word_1_397' title='bbox 2255 1213 2364 1249; x_wconf 89' lang='grc' dir='ltr'>τισι</span> <span class='ocrx_word' id='word_1_398' title='bbox 2389 1194 2488 1265; x_wconf 78' lang='grc' dir='ltr'><strong>τὴν</strong></span> <span class='ocrx_word' id='word_1_399' title='bbox 2517 1192 2793 1263; x_wconf 75' lang='grc' dir='ltr'><strong>ἡμετέραν</strong></span> <span class='ocrx_word' id='word_1_400' title='bbox 2818 1190 3076 1243; x_wconf 79' lang='grc' dir='ltr'>οἰκοῦσιν.</span> <span class='ocrx_word' id='word_1_401' title='bbox 3119 1186 3434 1258; x_wconf 83' lang='grc' dir='ltr'>Συνεπράθη</span> <span class='ocrx_word' id='word_1_402' title='bbox 3467 1186 3525 1237; x_wconf 80' lang='grc' dir='ltr'>δὲ</span> <span class='ocrx_word' id='word_1_403' title='bbox 3573 1187 3716 1252; x_wconf 78' lang='grc' dir='ltr'>αὐτῇ</span> 
     </span>
    </p>
   </div>
   <div class='ocr_carea' id='block_1_59' title="bbox 2133 1278 3718 1355">
    <p class='ocr_par' dir='ltr' id='par_1_59' title="bbox 2133 1278 3718 1355">
     <span class='ocr_line' id='line_1_59' title="bbox 2133 1278 3718 1355; baseline -0.008 -15"><span class='ocrx_word' id='word_1_404' title='bbox 2133 1289 2226 1341; x_wconf 59' lang='grc' dir='ltr'><strong>καὶ⁵</strong></span> <span class='ocrx_word' id='word_1_405' title='bbox 2251 1287 2528 1355; x_wconf 79' lang='grc' dir='ltr'>παιδίσκη,</span> <span class='ocrx_word' id='word_1_406' title='bbox 2561 1285 2730 1337; x_wconf 86' lang='grc' dir='ltr'>πάλαι</span> <span class='ocrx_word' id='word_1_407' title='bbox 2755 1283 2849 1352; x_wconf 81' lang='grc' dir='ltr'><strong>τὴν</strong></span> <span class='ocrx_word' id='word_1_408' title='bbox 2873 1279 3146 1348; x_wconf 78' lang='grc' dir='ltr'><strong>οἰκετικὴν</strong></span> <span class='ocrx_word' id='word_1_409' title='bbox 3168 1279 3318 1343; x_wconf 77' lang='grc' dir='ltr'>τάξιν</span> <span class='ocrx_word' id='word_1_410' title='bbox 3347 1279 3550 1347; x_wconf 72' lang='grc' dir='ltr'>ἔχουσα</span> <span class='ocrx_word' id='word_1_411' title='bbox 3579 1295 3655 1328; x_wconf 85' lang='grc' dir='ltr'><strong>πα</strong></span> <span class='ocrx_word' id='word_1_412' title='bbox 3665 1278 3718 1345; x_wconf 78' lang='grc' dir='ltr'>ρ’</span> 
     </span>
    </p>
   </div>
   <div class='ocr_carea' id='block_1_60' title="bbox 2133 1372 3718 1451">
    <p class='ocr_par' dir='ltr' id='par_1_60' title="bbox 2133 1372 3718 1451">
     <span class='ocr_line' id='line_1_60' title="bbox 2133 1372 3718 1451; baseline -0.009 -15"><span class='ocrx_word' id='word_1_413' title='bbox 2133 1384 2290 1451; x_wconf 44' lang='grc' dir='ltr'>αὐτῇ</span> <span class='ocrx_word' id='word_1_414' title='bbox 2325 1382 2478 1449; x_wconf 77' lang='grc' dir='ltr'>κοινῇ</span> <span class='ocrx_word' id='word_1_415' title='bbox 2501 1378 2677 1431; x_wconf 79' lang='grc' dir='ltr'>τοίνυν</span> <span class='ocrx_word' id='word_1_416' title='bbox 2707 1372 2887 1431; x_wconf 79' lang='grc' dir='ltr'>εἷλκον</span> <span class='ocrx_word' id='word_1_417' title='bbox 2912 1376 3003 1428; x_wconf 80' lang='grc' dir='ltr'>τὸν</span> <span class='ocrx_word' id='word_1_418' title='bbox 3034 1373 3228 1444; x_wconf 76' lang='grc' dir='ltr'>πικρὸν</span> <span class='ocrx_word' id='word_1_419' title='bbox 3249 1373 3489 1434; x_wconf 76' lang='grc' dir='ltr'><strong>δουλείας</strong></span> <span class='ocrx_word' id='word_1_420' title='bbox 3515 1372 3718 1438; x_wconf 58' lang='grc' dir='ltr'>ζυγὸν.</span> 
     </span>
    </p>
   </div>
   <div class='ocr_carea' id='block_1_61' title="bbox 2133 1465 3726 1546">
    <p class='ocr_par' dir='ltr' id='par_1_61' title="bbox 2133 1465 3726 1546">
     <span class='ocr_line' id='line_1_61' title="bbox 2133 1465 3726 1546; baseline -0.009 -18"><span class='ocrx_word' id='word_1_421' title='bbox 2133 1477 2167 1546; x_wconf 79' lang='grc' dir='ltr'>ἥ</span> <span class='ocrx_word' id='word_1_422' title='bbox 2199 1492 2256 1527; x_wconf 91' lang='grc' dir='ltr'>τε</span> <span class='ocrx_word' id='word_1_423' title='bbox 2285 1473 2611 1544; x_wconf 84' lang='grc' dir='ltr'>θεράπαινα,</span> <span class='ocrx_word' id='word_1_424' title='bbox 2644 1471 2738 1524; x_wconf 78' lang='grc' dir='ltr'>καὶ</span> <span class='ocrx_word' id='word_1_425' title='bbox 2766 1472 2798 1539; x_wconf 84' lang='grc' dir='ltr'><strong>ή</strong></span> <span class='ocrx_word' id='word_1_426' title='bbox 2829 1469 3100 1522; x_wconf 86' lang='grc' dir='ltr'>δέσποινα.</span> <span class='ocrx_word' id='word_1_427' title='bbox 3133 1465 3271 1519; x_wconf 80' lang='grc' dir='ltr'>Ἀλλ’</span> <span class='ocrx_word' id='word_1_428' title='bbox 3304 1465 3401 1517; x_wconf 85' lang='grc' dir='ltr'><strong>οὐκ</strong></span> <span class='ocrx_word' id='word_1_429' title='bbox 3440 1465 3726 1533; x_wconf 70' lang='grc' dir='ltr'>ἠθέλησεν</span> 
     </span>
    </p>
   </div>
   <div class='ocr_carea' id='block_1_62' title="bbox 2135 1554 3725 1631">
    <p class='ocr_par' dir='ltr' id='par_1_62' title="bbox 2135 1554 3725 1631">
     <span class='ocr_line' id='line_1_62' title="bbox 2135 1554 3725 1631; baseline -0.008 -16"><span class='ocrx_word' id='word_1_430' title='bbox 2135 1560 2400 1631; x_wconf 78' lang='grc' dir='ltr'><strong>ἀγνοῆσαι</strong></span> <span class='ocrx_word' id='word_1_431' title='bbox 2431 1560 2492 1612; x_wconf 81' lang='grc' dir='ltr'>τὸ</span> <span class='ocrx_word' id='word_1_432' title='bbox 2519 1561 2774 1628; x_wconf 85' lang='grc' dir='ltr'>διάφορον</span> <span class='ocrx_word' id='word_1_433' title='bbox 2809 1559 2840 1626; x_wconf 84' lang='grc' dir='ltr'>ἡ</span> <span class='ocrx_word' id='word_1_434' title='bbox 2876 1557 3202 1625; x_wconf 85' lang='grc' dir='ltr'>θεράπαινα,</span> <span class='ocrx_word' id='word_1_435' title='bbox 3235 1554 3354 1607; x_wconf 77' lang='grc' dir='ltr'>οὐδὲ</span> <span class='ocrx_word' id='word_1_436' title='bbox 3383 1555 3481 1623; x_wconf 74' lang='grc' dir='ltr'>τῆς</span> <span class='ocrx_word' id='word_1_437' title='bbox 3510 1554 3725 1623; x_wconf 81' lang='grc' dir='ltr'>προτέ-</span> 
     </span>
    </p>
   </div>
   <div class='ocr_carea' id='block_1_63' title="bbox 2136 1643 3730 1722">
    <p class='ocr_par' dir='ltr' id='par_1_63' title="bbox 2136 1643 3730 1722">
     <span class='ocr_line' id='line_1_63' title="bbox 2136 1643 3730 1722; baseline -0.007 -17"><span class='ocrx_word' id='word_1_438' title='bbox 2136 1671 2236 1722; x_wconf 91' lang='grc' dir='ltr'><strong>ρας</strong></span> <span class='ocrx_word' id='word_1_439' title='bbox 2263 1651 2554 1705; x_wconf 78' lang='grc' dir='ltr'>ἐπελάθετο</span> <span class='ocrx_word' id='word_1_440' title='bbox 2577 1647 2913 1710; x_wconf 67' lang='grc' dir='ltr'>δεσποτείας</span> <span class='ocrx_word' id='word_1_441' title='bbox 2937 1646 3072 1700; x_wconf 81' lang='grc' dir='ltr'><strong>ἁλλὰ</strong></span> <span class='ocrx_word' id='word_1_442' title='bbox 3098 1645 3196 1715; x_wconf 80' lang='grc' dir='ltr'><strong>τὴν</strong></span> <span class='ocrx_word' id='word_1_443' title='bbox 3225 1643 3434 1697; x_wconf 72' lang='grc' dir='ltr'>εὔνοιαν</span> <span class='ocrx_word' id='word_1_444' title='bbox 3465 1647 3540 1713; x_wconf 82' lang='grc' dir='ltr'>τῇ</span> <span class='ocrx_word' id='word_1_445' title='bbox 3574 1661 3730 1712; x_wconf 75' lang='grc' dir='ltr'>συμ-</span> 
     </span>
    </p>
   </div>
   <div class='ocr_carea' id='block_1_64' title="bbox 2137 1735 3733 1816">
    <p class='ocr_par' dir='ltr' id='par_1_64' title="bbox 2137 1735 3733 1816">
     <span class='ocr_line' id='line_1_64' title="bbox 2137 1735 3733 1816; baseline -0.008 -18"><span class='ocrx_word' id='word_1_446' title='bbox 2137 1746 2278 1816; x_wconf 81' lang='grc' dir='ltr'>φορᾷ</span> <span class='ocrx_word' id='word_1_447' title='bbox 2306 1742 2614 1812; x_wconf 81' lang='grc' dir='ltr'>διεφύλαξε,</span> <span class='ocrx_word' id='word_1_448' title='bbox 2650 1741 2746 1793; x_wconf 78' lang='grc' dir='ltr'>καὶ</span> <span class='ocrx_word' id='word_1_449' title='bbox 2786 1737 2922 1809; x_wconf 86' lang='grc' dir='ltr'><strong>μετά</strong></span> <span class='ocrx_word' id='word_1_450' title='bbox 2951 1739 3050 1808; x_wconf 79' lang='grc' dir='ltr'>τὴν</span> <span class='ocrx_word' id='word_1_451' title='bbox 3070 1737 3178 1788; x_wconf 87' lang='grc' dir='ltr'><strong>τῶν</strong></span> <span class='ocrx_word' id='word_1_452' title='bbox 3213 1735 3404 1789; x_wconf 83' lang='grc' dir='ltr'>κοινῶν</span> <span class='ocrx_word' id='word_1_453' title='bbox 3432 1735 3733 1787; x_wconf 77' lang='grc' dir='ltr'>δεσποτῶν</span> 
     </span>
    </p>
   </div>
   <div class='ocr_carea' id='block_1_65' title="bbox 2135 1826 3728 1907">
    <p class='ocr_par' dir='ltr' id='par_1_65' title="bbox 2135 1826 3728 1907">
     <span class='ocr_line' id='line_1_65' title="bbox 2135 1826 3728 1907; baseline -0.007 -18"><span class='ocrx_word' id='word_1_454' title='bbox 2135 1837 2430 1907; x_wconf 79' lang='grc' dir='ltr'>θεραπείαν</span> <span class='ocrx_word' id='word_1_455' title='bbox 2477 1832 2775 1904; x_wconf 79' lang='grc' dir='ltr'>ἐθεράπευε</span> <span class='ocrx_word' id='word_1_456' title='bbox 2829 1830 2926 1900; x_wconf 75' lang='grc' dir='ltr'><strong>τὴν</strong></span> <span class='ocrx_word' id='word_1_457' title='bbox 2975 1827 3334 1897; x_wconf 79' lang='grc' dir='ltr'>νομιζομένην</span> <span class='ocrx_word' id='word_1_458' title='bbox 3395 1826 3728 1894; x_wconf 72' lang='grc' dir='ltr'>ὁμόδουλον,</span> 
     </span>
    </p>
   </div>
   <div class='ocr_carea' id='block_1_66' title="bbox 2137 1917 3737 1992">
    <p class='ocr_par' dir='ltr' id='par_1_66' title="bbox 2137 1917 3737 1992">
     <span class='ocr_line' id='line_1_66' title="bbox 2137 1917 3737 1992; baseline -0.008 -11"><span class='ocrx_word' id='word_1_459' title='bbox 2137 1927 2511 1981; x_wconf 87' lang='grc' dir='ltr'>ἀπονίπτουσα</span> <span class='ocrx_word' id='word_1_460' title='bbox 2537 1925 2725 1986; x_wconf 80' lang='grc' dir='ltr'>πόδας,</span> <span class='ocrx_word' id='word_1_461' title='bbox 2759 1921 3125 1992; x_wconf 85' lang='grc' dir='ltr'>ἐπιμελομένη</span> <span class='ocrx_word' id='word_1_462' title='bbox 3162 1917 3469 1989; x_wconf 72' lang='grc' dir='ltr'>στρωμνῆς,</span> <span class='ocrx_word' id='word_1_463' title='bbox 3497 1919 3608 1970; x_wconf 67' lang='grc' dir='ltr'>καὶ</span> <span class='ocrx_word' id='word_1_464' title='bbox 3629 1920 3737 1986; x_wconf 70' lang='grc' dir='ltr'>τῆς</span> 
     </span>
    </p>
   </div>
   <div class='ocr_carea' id='block_1_67' title="bbox 2137 2006 3738 2087">
    <p class='ocr_par' dir='ltr' id='par_1_67' title="bbox 2137 2006 3738 2087">
     <span class='ocr_line' id='line_1_67' title="bbox 2137 2006 3738 2087; baseline -0.007 -17"><span class='ocrx_word' id='word_1_465' title='bbox 2137 2017 2302 2087; x_wconf 75' lang='grc' dir='ltr'>ἄλλης</span> <span class='ocrx_word' id='word_1_466' title='bbox 2336 2015 2595 2077; x_wconf 79' lang='grc' dir='ltr'>ὡσαύτως</span> <span class='ocrx_word' id='word_1_467' title='bbox 2627 2012 2945 2083; x_wconf 74' lang='grc' dir='ltr'>ἐπιμελείας</span> <span class='ocrx_word' id='word_1_468' title='bbox 2979 2010 3356 2082; x_wconf 78' lang='grc' dir='ltr'>φροντίζουσα.</span> <span class='ocrx_word' id='word_1_469' title='bbox 3402 2006 3590 2059; x_wconf 81' lang='grc' dir='ltr'>Τοῦτο</span> <span class='ocrx_word' id='word_1_470' title='bbox 3613 2013 3738 2071; x_wconf 62' lang='lat'><strong>10&quot;.;</strong></span> 
     </span>
    </p>
   </div>
   <div class='ocr_carea' id='block_1_68' title="bbox 2135 2100 3739 2178">
    <p class='ocr_par' dir='ltr' id='par_1_68' title="bbox 2135 2100 3739 2178">
     <span class='ocr_line' id='line_1_68' title="bbox 2135 2100 3739 2178; baseline -0.007 -16"><span class='ocrx_word' id='word_1_471' title='bbox 2135 2107 2456 2178; x_wconf 82' lang='grc' dir='ltr'>πριαμένοις</span> <span class='ocrx_word' id='word_1_472' title='bbox 2498 2106 2711 2174; x_wconf 85' lang='grc' dir='ltr'>ἐγένετο</span> <span class='ocrx_word' id='word_1_473' title='bbox 2754 2102 3047 2173; x_wconf 84' lang='grc' dir='ltr'>γνώριμον.</span> <span class='ocrx_word' id='word_1_474' title='bbox 3089 2100 3368 2153; x_wconf 85' lang='grc' dir='ltr'>Ἐντεῦθεν</span> <span class='ocrx_word' id='word_1_475' title='bbox 3406 2100 3739 2170; x_wconf 72' lang='grc' dir='ltr'>ἐθρυ).ὶήθη</span> 
     </span>
    </p>
   </div>
   <div class='ocr_carea' id='block_1_69' title="bbox 2135 2190 3740 2269">
    <p class='ocr_par' dir='ltr' id='par_1_69' title="bbox 2135 2190 3740 2269">
     <span class='ocr_line' id='line_1_69' title="bbox 2135 2190 3740 2269; baseline -0.009 -15"><span class='ocrx_word' id='word_1_476' title='bbox 2135 2201 2274 2255; x_wconf 79' lang='grc' dir='ltr'>κατὰ</span> <span class='ocrx_word' id='word_1_477' title='bbox 2307 2201 2405 2269; x_wconf 77' lang='grc' dir='ltr'><strong>τὴν</strong></span> <span class='ocrx_word' id='word_1_478' title='bbox 2434 2199 2584 2250; x_wconf 82' lang='grc' dir='ltr'>πόλιν</span> <span class='ocrx_word' id='word_1_479' title='bbox 2609 2198 2642 2266; x_wconf 70' lang='grc' dir='ltr'>ἦ</span> <span class='ocrx_word' id='word_1_480' title='bbox 2662 2213 2719 2249; x_wconf 89' lang='grc' dir='ltr'><strong>τε</strong></span> <span class='ocrx_word' id='word_1_481' title='bbox 2746 2195 2949 2264; x_wconf 82' lang='grc' dir='ltr'>ταύτης</span> <span class='ocrx_word' id='word_1_482' title='bbox 2974 2191 3272 2261; x_wconf 77' lang='grc' dir='ltr'>ἐλευθερία,</span> <span class='ocrx_word' id='word_1_483' title='bbox 3300 2191 3393 2242; x_wconf 77' lang='grc' dir='ltr'><strong>καί</strong></span> <span class='ocrx_word' id='word_1_484' title='bbox 3424 2191 3532 2258; x_wconf 79' lang='grc' dir='ltr'>τῆς</span> <span class='ocrx_word' id='word_1_485' title='bbox 3560 2190 3740 2257; x_wconf 67' lang='lat' dir='ltr'><strong>Bap:-</strong></span> 
     </span>
    </p>
   </div>
   <div class='ocr_carea' id='block_1_70' title="bbox 2137 2280 3744 2358">
    <p class='ocr_par' dir='ltr' id='par_1_70' title="bbox 2137 2280 3744 2358">
     <span class='ocr_line' id='line_1_70' title="bbox 2137 2280 3744 2358; baseline -0.008 -17"><span class='ocrx_word' id='word_1_486' title='bbox 2137 2289 2335 2358; x_wconf 84' lang='grc' dir='ltr'>παίνης</span> <span class='ocrx_word' id='word_1_487' title='bbox 2360 2289 2392 2357; x_wconf 84' lang='grc' dir='ltr'>ἠ</span> <span class='ocrx_word' id='word_1_488' title='bbox 2427 2285 2706 2357; x_wconf 86' lang='grc' dir='ltr'>εὐτροπία.</span> <span class='ocrx_word' id='word_1_489' title='bbox 2733 2283 2919 2336; x_wconf 86' lang='grc' dir='ltr'>Ταῦτα</span> <span class='ocrx_word' id='word_1_490' title='bbox 2946 2280 3323 2352; x_wconf 79' lang='grc' dir='ltr'>μεμαθηκότες</span> <span class='ocrx_word' id='word_1_491' title='bbox 3346 2281 3397 2331; x_wconf 80' lang='grc' dir='ltr'><strong>οἰ</strong></span> <span class='ocrx_word' id='word_1_492' title='bbox 3427 2281 3571 2348; x_wconf 79' lang='grc' dir='ltr'>παρ’</span> <span class='ocrx_word' id='word_1_493' title='bbox 3600 2282 3744 2348; x_wconf 67' lang='grc' dir='ltr'>ἡμῖν</span> 
     </span>
    </p>
   </div>
   <div class='ocr_carea' id='block_1_71' title="bbox 2138 2369 3745 2450">
    <p class='ocr_par' dir='ltr' id='par_1_71' title="bbox 2138 2369 3745 2450">
     <span class='ocr_line' id='line_1_71' title="bbox 2138 2369 3745 2450; baseline -0.008 -17"><span class='ocrx_word' id='word_1_494' title='bbox 2138 2379 2407 2450; x_wconf 81' lang='grc' dir='ltr'>ἱδρυμένοι</span> <span class='ocrx_word' id='word_1_495' title='bbox 2429 2377 2738 2429; x_wconf 81' lang='grc' dir='ltr'>πιστότατοι</span> <span class='ocrx_word' id='word_1_496' title='bbox 2769 2373 3095 2444; x_wconf 85' lang='grc' dir='ltr'>στρατιῶται</span> <span class='ocrx_word' id='word_1_497' title='bbox 3124 2371 3255 2440; x_wconf 78' lang='grc' dir='ltr'>(ἐγῶ</span> <span class='ocrx_word' id='word_1_498' title='bbox 3281 2369 3745 2440; x_wconf 71' lang='grc' dir='ltr'>γὰριτηνικαῦτα</span> 
     </span>
    </p>
   </div>
   <div class='ocr_carea' id='block_1_72' title="bbox 2139 2463 3748 2540">
    <p class='ocr_par' dir='ltr' id='par_1_72' title="bbox 2139 2463 3748 2540">
     <span class='ocr_line' id='line_1_72' title="bbox 2139 2463 3748 2540; baseline -0.009 -15"><span class='ocrx_word' id='word_1_499' title='bbox 2139 2470 2328 2540; x_wconf 82' lang='grc' dir='ltr'><strong>ἀπῆν),</strong></span> <span class='ocrx_word' id='word_1_500' title='bbox 2360 2471 2453 2522; x_wconf 74' lang='grc' dir='ltr'>καὶ</span> <span class='ocrx_word' id='word_1_501' title='bbox 2483 2470 2596 2530; x_wconf 86' lang='grc' dir='ltr'>τοῖς</span> <span class='ocrx_word' id='word_1_502' title='bbox 2617 2467 2941 2537; x_wconf 80' lang='grc' dir='ltr'>πριαμένοις</span> <span class='ocrx_word' id='word_1_503' title='bbox 2975 2463 3242 2516; x_wconf 79' lang='grc' dir='ltr'>ἀπέδοσαν</span> <span class='ocrx_word' id='word_1_504' title='bbox 3272 2463 3369 2532; x_wconf 77' lang='grc' dir='ltr'><strong>τὴν</strong></span> <span class='ocrx_word' id='word_1_505' title='bbox 3397 2463 3610 2532; x_wconf 73' lang='grc' dir='ltr'>τιμὴν,</span> <span class='ocrx_word' id='word_1_506' title='bbox 3647 2463 3748 2512; x_wconf 74' lang='grc' dir='ltr'>καὶ</span> 
     </span>
    </p>
   </div>
   <div class='ocr_carea' id='block_1_73' title="bbox 2136 2551 3746 2628">
    <p class='ocr_par' dir='ltr' id='par_1_73' title="bbox 2136 2551 3746 2628">
     <span class='ocr_line' id='line_1_73' title="bbox 2136 2551 3746 2628; baseline -0.006 -17"><span class='ocrx_word' id='word_1_507' title='bbox 2136 2559 2342 2628; x_wconf 81' lang='grc' dir='ltr'>ταύτην</span> <span class='ocrx_word' id='word_1_508' title='bbox 2376 2559 2472 2628; x_wconf 85' lang='grc' dir='ltr'>τῆς</span> <span class='ocrx_word' id='word_1_509' title='bbox 2504 2556 2748 2619; x_wconf 80' lang='grc' dir='ltr'>δουλείας</span> <span class='ocrx_word' id='word_1_510' title='bbox 2784 2555 3121 2624; x_wconf 75' lang='grc' dir='ltr'>ἐξήρπασαν.</span> <span class='ocrx_word' id='word_1_511' title='bbox 3166 2551 3308 2620; x_wconf 82' lang='grc' dir='ltr'><strong>Ἐγὼ</strong></span> <span class='ocrx_word' id='word_1_512' title='bbox 3340 2552 3401 2604; x_wconf 82' lang='grc' dir='ltr'>δὲ</span> <span class='ocrx_word' id='word_1_513' title='bbox 3440 2553 3600 2621; x_wconf 73' lang='grc' dir='ltr'>μετὰ</span> 
     </span>
    </p>
   </div>
   <div class='ocr_carea' id='block_1_74' title="bbox 2138 2645 3745 2718">
    <p class='ocr_par' dir='ltr' id='par_1_74' title="bbox 2138 2645 3745 2718">
     <span class='ocr_line' id='line_1_74' title="bbox 2138 2645 3745 2718; baseline -0.014 -12"><span class='ocrx_word' id='word_1_514' title='bbox 2138 2651 2414 2712; x_wconf 74' lang='grc' dir='ltr'>ἐπάνοδον,</span> <span class='ocrx_word' id='word_1_515' title='bbox 2461 2649 2730 2718; x_wconf 75' lang='grc' dir='ltr'>διδαχθεὶς</span> <span class='ocrx_word' id='word_1_516' title='bbox 2781 2647 2873 2699; x_wconf 73' lang='grc' dir='ltr'>καὶ</span> <span class='ocrx_word' id='word_1_517' title='bbox 2911 2645 2973 2698; x_wconf 80' lang='grc' dir='ltr'><strong>τὸ</strong></span> <span class='ocrx_word' id='word_1_518' title='bbox 3019 2645 3203 2716; x_wconf 78' lang='grc' dir='ltr'>δρᾶμα</span> <span class='ocrx_word' id='word_1_519' title='bbox 3250 2645 3346 2712; x_wconf 85' lang='grc' dir='ltr'>τῆς</span> <span class='ocrx_word' id='word_1_520' title='bbox 3401 2645 3745 2712; x_wconf 65' lang='grc' dir='ltr'>συμφορᾶς,</span> 
     </span>
    </p>
   </div>
   <div class='ocr_carea' id='block_1_75' title="bbox 2137 2737 3751 2814">
    <p class='ocr_par' dir='ltr' id='par_1_75' title="bbox 2137 2737 3751 2814">
     <span class='ocr_line' id='line_1_75' title="bbox 2137 2737 3751 2814; baseline -0.007 -15"><span class='ocrx_word' id='word_1_521' title='bbox 2137 2745 2230 2800; x_wconf 76' lang='grc' dir='ltr'>καὶ</span> <span class='ocrx_word' id='word_1_522' title='bbox 2254 2745 2361 2799; x_wconf 84' lang='grc' dir='ltr'><strong>τῶν</strong></span> <span class='ocrx_word' id='word_1_523' title='bbox 2394 2742 2738 2814; x_wconf 86' lang='grc' dir='ltr'>στρατιωτῶν</span> <span class='ocrx_word' id='word_1_524' title='bbox 2767 2741 2864 2812; x_wconf 75' lang='grc' dir='ltr'>τὴν</span> <span class='ocrx_word' id='word_1_525' title='bbox 2889 2739 3199 2806; x_wconf 76' lang='grc' dir='ltr'>ἀξιέπαινον</span> <span class='ocrx_word' id='word_1_526' title='bbox 3223 2737 3424 2809; x_wconf 77' lang='grc' dir='ltr'>ὗρεξιν.</span> <span class='ocrx_word' id='word_1_527' title='bbox 3445 2737 3525 2789; x_wconf 71' lang='grc' dir='ltr'><strong>τὰ</strong></span> <span class='ocrx_word' id='word_1_528' title='bbox 3552 2737 3751 2805; x_wconf 74' lang='grc' dir='ltr'>ἀγαθά</span> 
     </span>
    </p>
   </div>
   <div class='ocr_carea' id='block_1_76' title="bbox 2140 2827 3750 2907">
    <p class='ocr_par' dir='ltr' id='par_1_76' title="bbox 2140 2827 3750 2907">
     <span class='ocr_line' id='line_1_76' title="bbox 2140 2827 3750 2907; baseline -0.006 -18"><span class='ocrx_word' id='word_1_529' title='bbox 2140 2835 2238 2907; x_wconf 83' lang='grc' dir='ltr'>μὲν</span> <span class='ocrx_word' id='word_1_530' title='bbox 2269 2834 2592 2905; x_wconf 73' lang='grc' dir='ltr'>ἐπηυξάμην</span> <span class='ocrx_word' id='word_1_531' title='bbox 2612 2831 2862 2895; x_wconf 83' lang='grc' dir='ltr'>ἐκείνοις,</span> <span class='ocrx_word' id='word_1_532' title='bbox 2899 2830 2997 2901; x_wconf 81' lang='grc' dir='ltr'>τὴν</span> <span class='ocrx_word' id='word_1_533' title='bbox 3030 2828 3427 2898; x_wconf 88' lang='grc' dir='ltr'>εὐγενεστάτην</span> <span class='ocrx_word' id='word_1_534' title='bbox 3458 2827 3527 2880; x_wconf 83' lang='grc' dir='ltr'>δὲ</span> <span class='ocrx_word' id='word_1_535' title='bbox 3566 2829 3750 2896; x_wconf 74' lang='grc' dir='ltr'>κόρην</span> 
     </span>
    </p>
   </div>
   <div class='ocr_carea' id='block_1_77' title="bbox 2135 2917 3748 2989">
    <p class='ocr_par' dir='ltr' id='par_1_77' title="bbox 2135 2917 3748 2989">
     <span class='ocr_line' id='line_1_77' title="bbox 2135 2917 3748 2989; baseline -0.007 -10"><span class='ocrx_word' id='word_1_536' title='bbox 2135 2927 2244 2979; x_wconf 87' lang='grc' dir='ltr'><strong>τῶν</strong></span> <span class='ocrx_word' id='word_1_537' title='bbox 2275 2923 2684 2978; x_wconf 87' lang='grc' dir='ltr'>εὐλαϐεστάτων</span> <span class='ocrx_word' id='word_1_538' title='bbox 2709 2921 2818 2975; x_wconf 72' lang='grc' dir='ltr'>τινὶ</span> <span class='ocrx_word' id='word_1_539' title='bbox 2843 2920 3106 2975; x_wconf 90' lang='grc' dir='ltr'>διακόνων</span> <span class='ocrx_word' id='word_1_540' title='bbox 3141 2917 3464 2989; x_wconf 82' lang='grc' dir='ltr'>παρέδωκα,</span> <span class='ocrx_word' id='word_1_541' title='bbox 3497 2919 3748 2986; x_wconf 72' lang='grc' dir='ltr'>σιτηρέ-</span> 
     </span>
    </p>
   </div>
   <div class='ocr_carea' id='block_1_78' title="bbox 2137 3008 3748 3086">
    <p class='ocr_par' dir='ltr' id='par_1_78' title="bbox 2137 3008 3748 3086">
     <span class='ocr_line' id='line_1_78' title="bbox 2137 3008 3748 3086; baseline -0.006 -17"><span class='ocrx_word' id='word_1_542' title='bbox 2137 3033 2250 3069; x_wconf 90' lang='grc' dir='ltr'>σιον</span> <span class='ocrx_word' id='word_1_543' title='bbox 2284 3014 2484 3086; x_wconf 78' lang='grc' dir='ltr'>ἀρκοῦν</span> <span class='ocrx_word' id='word_1_544' title='bbox 2513 3013 2867 3085; x_wconf 20' lang='grc' dir='ltr'>χοπγεῖσθαι</span> <span class='ocrx_word' id='word_1_545' title='bbox 2905 3012 3314 3082; x_wconf 76' lang='grc' dir='ltr'>παρεγγυήσας.</span> <span class='ocrx_word' id='word_1_546' title='bbox 3349 3008 3508 3061; x_wconf 79' lang='grc' dir='ltr'>Δέκα</span> <span class='ocrx_word' id='word_1_547' title='bbox 3548 3009 3611 3060; x_wconf 58' lang='lat' dir='ltr'><strong>is</strong></span> <span class='ocrx_word' id='word_1_548' title='bbox 3668 3009 3748 3062; x_wconf 85' lang='grc' dir='ltr'>δι-</span> 
     </span>
    </p>
   </div>
   <div class='ocr_carea' id='block_1_79' title="bbox 2135 3099 3750 3178">
    <p class='ocr_par' dir='ltr' id='par_1_79' title="bbox 2135 3099 3750 3178">
     <span class='ocr_line' id='line_1_79' title="bbox 2135 3099 3750 3178; baseline -0.005 -18"><span class='ocrx_word' id='word_1_549' title='bbox 2135 3106 2470 3178; x_wconf 84' lang='grc' dir='ltr'>εληλυθότων</span> <span class='ocrx_word' id='word_1_550' title='bbox 2503 3105 2708 3176; x_wconf 80' lang='grc' dir='ltr'>μηνῶν,</span> <span class='ocrx_word' id='word_1_551' title='bbox 2737 3102 2984 3174; x_wconf 88' lang='grc' dir='ltr'>μαθοῦσα</span> <span class='ocrx_word' id='word_1_552' title='bbox 3009 3101 3101 3155; x_wconf 82' lang='grc' dir='ltr'>τὸν</span> <span class='ocrx_word' id='word_1_553' title='bbox 3125 3101 3333 3170; x_wconf 82' lang='grc' dir='ltr'>πατέρα</span> <span class='ocrx_word' id='word_1_554' title='bbox 3505 3099 3619 3160; x_wconf 72' lang='grc' dir='ltr'>ἔτι,</span> <span class='ocrx_word' id='word_1_555' title='bbox 3649 3103 3750 3153; x_wconf 68' lang='grc' dir='ltr'>καὶ</span> 
     </span>
    </p>
   </div>
   <div class='ocr_carea' id='block_1_80' title="bbox 2128 3192 3750 3270">
    <p class='ocr_par' dir='ltr' id='par_1_80' title="bbox 2128 3192 3750 3270">
     <span class='ocr_line' id='line_1_80' title="bbox 2128 3192 3750 3270; baseline -0.007 -17"><span class='ocrx_word' id='word_1_556' title='bbox 2128 3200 2315 3270; x_wconf 80' lang='grc' dir='ltr'>ἄρχειν</span> <span class='ocrx_word' id='word_1_557' title='bbox 2338 3199 2396 3251; x_wconf 86' lang='grc' dir='ltr'><strong>ἐν</strong></span> <span class='ocrx_word' id='word_1_558' title='bbox 2419 3200 2484 3268; x_wconf 81' lang='grc' dir='ltr'><strong>τῇ</strong></span> <span class='ocrx_word' id='word_1_559' title='bbox 2513 3198 2690 3261; x_wconf 87' lang='grc' dir='ltr'>Δύσει,</span> <span class='ocrx_word' id='word_1_560' title='bbox 2727 3195 3070 3266; x_wconf 82' lang='grc' dir='ltr'>ἐπεθύμησεν</span> <span class='ocrx_word' id='word_1_561' title='bbox 3093 3194 3314 3255; x_wconf 75' lang='grc' dir='ltr'>εἰκότως</span> <span class='ocrx_word' id='word_1_562' title='bbox 3340 3192 3486 3263; x_wconf 70' lang='grc' dir='ltr'>πρὸς</span> <span class='ocrx_word' id='word_1_563' title='bbox 3521 3193 3750 3244; x_wconf 58' lang='grc' dir='ltr'>ἐκεῖνον</span> 
     </span>
    </p>
   </div>
   <div class='ocr_carea' id='block_1_81' title="bbox 2127 3283 3737 3358">
    <p class='ocr_par' dir='ltr' id='par_1_81' title="bbox 2127 3283 3737 3358">
     <span class='ocr_line' id='line_1_81' title="bbox 2127 3283 3737 3358; baseline -0.008 -12"><span class='ocrx_word' id='word_1_564' title='bbox 2127 3291 2460 3346; x_wconf 83' lang='grc' dir='ltr'>ἐπανελθεϊν’</span> <span class='ocrx_word' id='word_1_565' title='bbox 2491 3289 2585 3343; x_wconf 87' lang='grc' dir='ltr'><strong>καί</strong></span> <span class='ocrx_word' id='word_1_566' title='bbox 2619 3305 2776 3343; x_wconf 87' lang='grc' dir='ltr'>τινων</span> <span class='ocrx_word' id='word_1_567' title='bbox 2803 3287 3120 3358; x_wconf 88' lang='grc' dir='ltr'>εἰρηκότων,</span> <span class='ocrx_word' id='word_1_568' title='bbox 3147 3285 3222 3347; x_wconf 86' lang='grc' dir='ltr'><strong>ὡς</strong></span> <span class='ocrx_word' id='word_1_569' title='bbox 3244 3284 3350 3336; x_wconf 82' lang='grc' dir='ltr'><strong>ἀπὸ</strong></span> <span class='ocrx_word' id='word_1_570' title='bbox 3379 3283 3488 3352; x_wconf 83' lang='grc' dir='ltr'>τῆς</span> <span class='ocrx_word' id='word_1_571' title='bbox 3523 3284 3737 3335; x_wconf 78' lang='grc' dir='ltr'>Ἑσπέ-</span> 
     </span>
    </p>
   </div>
   <div class='ocr_carea' id='block_1_82' title="bbox 2133 3365 3753 3454">
    <p class='ocr_par' dir='ltr' id='par_1_82' title="bbox 2133 3365 3753 3454">
     <span class='ocr_line' id='line_1_82' title="bbox 2133 3365 3753 3454; baseline -0.007 -17"><span class='ocrx_word' id='word_1_572' title='bbox 2133 3401 2231 3454; x_wconf 88' lang='grc' dir='ltr'><strong>ρας</strong></span> <span class='ocrx_word' id='word_1_573' title='bbox 2264 3383 2494 3454; x_wconf 74' lang='grc' dir='ltr'>ἔμποροι</span> <span class='ocrx_word' id='word_1_574' title='bbox 2539 3381 2781 3434; x_wconf 82' lang='grc' dir='ltr'>πλεῖστοι</span> <span class='ocrx_word' id='word_1_575' title='bbox 2813 3378 3160 3446; x_wconf 84' lang='grc' dir='ltr'>καταίρουσιν</span> <span class='ocrx_word' id='word_1_576' title='bbox 3206 3377 3286 3438; x_wconf 86' lang='grc' dir='ltr'><strong>είς</strong></span> <span class='ocrx_word' id='word_1_577' title='bbox 3316 3373 3420 3444; x_wconf 81' lang='grc' dir='ltr'><strong>τὴν</strong></span> <span class='ocrx_word' id='word_1_578' title='bbox 3446 3373 3559 3427; x_wconf 76' lang='grc' dir='ltr'><strong>νῦν</strong></span> <span class='ocrx_word' id='word_1_579' title='bbox 3607 3365 3753 3442; x_wconf 78' lang='grc' dir='ltr'>παρ’</span> 
     </span>
    </p>
   </div>
   <div class='ocr_carea' id='block_1_83' title="bbox 2131 3464 3748 3541">
    <p class='ocr_par' dir='ltr' id='par_1_83' title="bbox 2131 3464 3748 3541">
     <span class='ocr_line' id='line_1_83' title="bbox 2131 3464 3748 3541; baseline -0.006 -16"><span class='ocrx_word' id='word_1_580' title='bbox 2131 3473 2260 3541; x_wconf 80' lang='grc' dir='ltr'>ὑμῖν</span> <span class='ocrx_word' id='word_1_581' title='bbox 2290 3470 2712 3541; x_wconf 74' lang='grc' dir='ltr'>ἐπιτελουμένην</span> <span class='ocrx_word' id='word_1_582' title='bbox 2734 3470 3059 3539; x_wconf 85' lang='grc' dir='ltr'>πανήγυριν,</span> <span class='ocrx_word' id='word_1_583' title='bbox 3077 3467 3245 3538; x_wconf 70' lang='grc' dir='ltr'>ᾔτησε</span> <span class='ocrx_word' id='word_1_584' title='bbox 3277 3464 3420 3534; x_wconf 83' lang='grc' dir='ltr'><strong>μετά</strong></span> <span class='ocrx_word' id='word_1_585' title='bbox 3449 3467 3748 3534; x_wconf 72' lang='grc' dir='ltr'>γραμμά-</span> 
     </span>
    </p>
   </div>
   <div class='ocr_carea' id='block_1_84' title="bbox 2133 3555 3748 3635">
    <p class='ocr_par' dir='ltr' id='par_1_84' title="bbox 2133 3555 3748 3635">
     <span class='ocr_line' id='line_1_84' title="bbox 2133 3555 3748 3635; baseline -0.003 -21"><span class='ocrx_word' id='word_1_586' title='bbox 2133 3581 2242 3617; x_wconf 84' lang='grc' dir='ltr'><strong>των</strong></span> <span class='ocrx_word' id='word_1_587' title='bbox 2268 3563 2415 3635; x_wconf 86' lang='grc' dir='ltr'>ἐμῶν</span> <span class='ocrx_word' id='word_1_588' title='bbox 2447 3563 2545 3634; x_wconf 77' lang='grc' dir='ltr'><strong>τὴν</strong></span> <span class='ocrx_word' id='word_1_589' title='bbox 2575 3561 2887 3632; x_wconf 76' lang='grc' dir='ltr'>ἀποδημίαν</span> <span class='ocrx_word' id='word_1_590' title='bbox 2926 3558 3272 3630; x_wconf 81' lang='grc' dir='ltr'>ποιήσασθαι.</span> <span class='ocrx_word' id='word_1_591' title='bbox 3311 3555 3534 3609; x_wconf 87' lang='grc' dir='ltr'>Τούτου</span> <span class='ocrx_word' id='word_1_592' title='bbox 3568 3558 3748 3625; x_wconf 79' lang='grc' dir='ltr'>χάριν</span> 
     </span>
    </p>
   </div>
   <div class='ocr_carea' id='block_1_85' title="bbox 2135 3648 3748 3728">
    <p class='ocr_par' dir='ltr' id='par_1_85' title="bbox 2135 3648 3748 3728">
     <span class='ocr_line' id='line_1_85' title="bbox 2135 3648 3748 3728; baseline -0.008 -17"><span class='ocrx_word' id='word_1_593' title='bbox 2135 3657 2338 3728; x_wconf 84' lang='grc' dir='ltr'>ταύτην</span> <span class='ocrx_word' id='word_1_594' title='bbox 2371 3657 2626 3727; x_wconf 78' lang='grc' dir='ltr'>γέγραφα</span> <span class='ocrx_word' id='word_1_595' title='bbox 2657 3653 2753 3724; x_wconf 78' lang='grc' dir='ltr'>τὴν</span> <span class='ocrx_word' id='word_1_596' title='bbox 2779 3651 3088 3721; x_wconf 77' lang='grc' dir='ltr'>ἐπιστολὴν,</span> <span class='ocrx_word' id='word_1_597' title='bbox 3115 3648 3455 3721; x_wconf 85' lang='grc' dir='ltr'>παρακαλῶν</span> <span class='ocrx_word' id='word_1_598' title='bbox 3497 3665 3604 3700; x_wconf 80' lang='grc' dir='ltr'><strong>σου</strong></span> <span class='ocrx_word' id='word_1_599' title='bbox 3646 3651 3748 3716; x_wconf 55' lang='lat' dir='ltr'><strong>try</strong></span> 
     </span>
    </p>
   </div>
   <div class='ocr_carea' id='block_1_86' title="bbox 2133 3740 3746 3814">
    <p class='ocr_par' dir='ltr' id='par_1_86' title="bbox 2133 3740 3746 3814">
     <span class='ocr_line' id='line_1_86' title="bbox 2133 3740 3746 3814; baseline -0.006 -14"><span class='ocrx_word' id='word_1_600' title='bbox 2133 3748 2462 3813; x_wconf 85' lang='grc' dir='ltr'>θεοσέϐειαν,</span> <span class='ocrx_word' id='word_1_601' title='bbox 2493 3747 2568 3811; x_wconf 80' lang='grc' dir='ltr'>ὡς</span> <span class='ocrx_word' id='word_1_602' title='bbox 2598 3743 2854 3814; x_wconf 80' lang='grc' dir='ltr'>εὐγενοῦς</span> <span class='ocrx_word' id='word_1_603' title='bbox 2877 3743 3159 3814; x_wconf 72' lang='grc' dir='ltr'>φροντίσαι</span> <span class='ocrx_word' id='word_1_604' title='bbox 3195 3740 3623 3810; x_wconf 75' lang='grc' dir='ltr'>βλαστήματος,</span> <span class='ocrx_word' id='word_1_605' title='bbox 3650 3743 3746 3792; x_wconf 73' lang='grc' dir='ltr'><strong>καὶ</strong></span> 
     </span>
    </p>
   </div>
   <div class='ocr_carea' id='block_1_87' title="bbox 2135 3833 3746 3906">
    <p class='ocr_par' dir='ltr' id='par_1_87' title="bbox 2135 3833 3746 3906">
     <span class='ocr_line' id='line_1_87' title="bbox 2135 3833 3746 3906; baseline -0.007 -12"><span class='ocrx_word' id='word_1_606' title='bbox 2135 3839 2392 3894; x_wconf 84' lang='grc' dir='ltr'>κελεῦσαί</span> <span class='ocrx_word' id='word_1_607' title='bbox 2417 3856 2522 3892; x_wconf 90' lang='grc' dir='ltr'>τινι</span> <span class='ocrx_word' id='word_1_608' title='bbox 2562 3837 2668 3891; x_wconf 86' lang='grc' dir='ltr'>τῶν</span> <span class='ocrx_word' id='word_1_609' title='bbox 2701 3835 2955 3906; x_wconf 64' lang='grc' dir='ltr'>εὐλαϐείᾳ</span> <span class='ocrx_word' id='word_1_610' title='bbox 2999 3833 3412 3904; x_wconf 80' lang='grc' dir='ltr'>κοσμουμένων,</span> <span class='ocrx_word' id='word_1_611' title='bbox 3456 3833 3571 3884; x_wconf 66' lang='grc' dir='ltr'>καὶ</span> <span class='ocrx_word' id='word_1_612' title='bbox 3614 3851 3746 3885; x_wconf 81' lang='grc' dir='ltr'>ναυ-</span> 
     </span>
    </p>
   </div>
   <div class='ocr_carea' id='block_1_88' title="bbox 2137 3925 3742 4002">
    <p class='ocr_par' dir='ltr' id='par_1_88' title="bbox 2137 3925 3742 4002">
     <span class='ocr_line' id='line_1_88' title="bbox 2137 3925 3742 4002; baseline -0.004 -19"><span class='ocrx_word' id='word_1_613' title='bbox 2137 3931 2378 4002; x_wconf 82' lang='grc' dir='ltr'>κλήροις,</span> <span class='ocrx_word' id='word_1_614' title='bbox 2415 3932 2508 3985; x_wconf 79' lang='grc' dir='ltr'>καὶ</span> <span class='ocrx_word' id='word_1_615' title='bbox 2551 3929 2932 4001; x_wconf 83' lang='grc' dir='ltr'>κυϐερνήταις,</span> <span class='ocrx_word' id='word_1_616' title='bbox 2971 3928 3065 3979; x_wconf 74' lang='grc' dir='ltr'>καὶ</span> <span class='ocrx_word' id='word_1_617' title='bbox 3108 3925 3374 3995; x_wconf 79' lang='grc' dir='ltr'>ἐμπόροις</span> <span class='ocrx_word' id='word_1_618' title='bbox 3423 3925 3742 3994; x_wconf 75' lang='grc' dir='ltr'>διαλεχθῆ-</span> 
     </span>
    </p>
   </div>
   <div class='ocr_carea' id='block_1_89' title="bbox 2138 4013 3742 4088">
    <p class='ocr_par' dir='ltr' id='par_1_89' title="bbox 2138 4013 3742 4088">
     <span class='ocr_line' id='line_1_89' title="bbox 2138 4013 3742 4088; baseline -0.004 -17"><span class='ocrx_word' id='word_1_619' title='bbox 2138 4038 2247 4084; x_wconf 88' lang='grc' dir='ltr'>ναι,</span> <span class='ocrx_word' id='word_1_620' title='bbox 2305 4022 2399 4072; x_wconf 67' lang='grc' dir='ltr'>καὶ</span> <span class='ocrx_word' id='word_1_621' title='bbox 2442 4021 2653 4081; x_wconf 82' lang='grc' dir='ltr'>πιστοῖς</span> <span class='ocrx_word' id='word_1_622' title='bbox 2709 4018 2876 4084; x_wconf 82' lang='grc' dir='ltr'>αὐτὴν</span> <span class='ocrx_word' id='word_1_623' title='bbox 2923 4016 3144 4088; x_wconf 80' lang='grc' dir='ltr'>ἀνδράσι</span> <span class='ocrx_word' id='word_1_624' title='bbox 3181 4013 3566 4085; x_wconf 79' lang='grc' dir='ltr'>παραδοῦναι,</span> <span class='ocrx_word' id='word_1_625' title='bbox 3598 4017 3742 4067; x_wconf 81' lang='grc' dir='ltr'>ἀπο-</span> 
     </span>
    </p>
   </div>
   <div class='ocr_carea' id='block_1_90' title="bbox 3120 4105 3741 4177">
    <p class='ocr_par' dir='ltr' id='par_1_90' title="bbox 3120 4105 3741 4177">
     <span class='ocr_line' id='line_1_90' title="bbox 3120 4105 3741 4177; baseline -0.003 -19"><span class='ocrx_word' id='word_1_626' title='bbox 3120 4107 3298 4159; x_wconf 82' lang='grc' dir='ltr'>πάσαν</span> <span class='ocrx_word' id='word_1_627' title='bbox 3364 4105 3741 4177; x_wconf 72' lang='grc' dir='ltr'>ἀνθρωπίνην</span> 
     </span>
    </p>
   </div>
   <div class='ocr_carea' id='block_1_91' title="bbox 2317 4326 3558 4399">
    <p class='ocr_par' dir='ltr' id='par_1_91' title="bbox 2317 4326 3558 4399">
     <span class='ocr_line' id='line_1_91' title="bbox 2317 4326 3558 4399; baseline -0.002 -13"><span class='ocrx_word' id='word_1_628' title='bbox 2317 4335 2436 4387; x_wconf 79' lang='lat' dir='ltr'><strong>()A&#39;.</strong></span> <span class='ocrx_word' id='word_1_629' title='bbox 2474 4362 2532 4373; x_wconf 89' lang='lat'><strong>—</strong></span> <span class='ocrx_word' id='word_1_630' title='bbox 2568 4331 2800 4399; x_wconf 73' lang='grc' dir='ltr'><strong>Ζήνωνι</strong></span> <span class='ocrx_word' id='word_1_631' title='bbox 2827 4327 3140 4398; x_wconf 80' lang='grc' dir='ltr'>στρατηγῷ</span> <span class='ocrx_word' id='word_1_632' title='bbox 3171 4327 3266 4381; x_wconf 76' lang='grc' dir='ltr'><strong>καί</strong></span> <span class='ocrx_word' id='word_1_633' title='bbox 3307 4326 3558 4393; x_wconf 75' lang='grc' dir='ltr'>ὑπάτῳ.</span> 
     </span>
    </p>
   </div>
   <div class='ocr_carea' id='block_1_92' title="bbox 2207 4460 3743 4536">
    <p class='ocr_par' dir='ltr' id='par_1_92' title="bbox 2207 4460 3743 4536">
     <span class='ocr_line' id='line_1_92' title="bbox 2207 4460 3743 4536; baseline -0.003 -17"><span class='ocrx_word' id='word_1_634' title='bbox 2207 4466 2318 4536; x_wconf 82' lang='grc' dir='ltr'><strong>Τὴν</strong></span> <span class='ocrx_word' id='word_1_635' title='bbox 2354 4464 2628 4536; x_wconf 81' lang='grc' dir='ltr'>ὑμετέραν</span> <span class='ocrx_word' id='word_1_636' title='bbox 2665 4463 2918 4534; x_wconf 88' lang='grc' dir='ltr'>ἀνδρείαν</span> <span class='ocrx_word' id='word_1_637' title='bbox 2947 4460 3314 4532; x_wconf 77' lang='grc' dir='ltr'>θαυμάζουσιν</span> <span class='ocrx_word' id='word_1_638' title='bbox 3346 4461 3640 4525; x_wconf 74' lang='grc' dir='ltr'>ἅπαντες,</span> <span class='ocrx_word' id='word_1_639' title='bbox 3670 4463 3743 4525; x_wconf 76' lang='grc' dir='ltr'>ὡς</span> 
     </span>
    </p>
   </div>
   <div class='ocr_carea' id='block_1_93' title="bbox 2135 4554 3742 4628">
    <p class='ocr_par' dir='ltr' id='par_1_93' title="bbox 2135 4554 3742 4628">
     <span class='ocr_line' id='line_1_93' title="bbox 2135 4554 3742 4628; baseline -0.003 -19"><span class='ocrx_word' id='word_1_640' title='bbox 2135 4557 2432 4628; x_wconf 80' lang='grc' dir='ltr'>ήμερότητι</span> <span class='ocrx_word' id='word_1_641' title='bbox 2473 4556 2567 4609; x_wconf 72' lang='grc' dir='ltr'>καὶ</span> <span class='ocrx_word' id='word_1_642' title='bbox 2613 4555 2877 4626; x_wconf 82' lang='grc' dir='ltr'>πραότητι</span> <span class='ocrx_word' id='word_1_643' title='bbox 2915 4554 3296 4622; x_wconf 84' lang='grc' dir='ltr'>κεκραμένην,</span> <span class='ocrx_word' id='word_1_644' title='bbox 3337 4554 3440 4605; x_wconf 64' lang='grc' dir='ltr'><strong>καί⁵</strong></span> <span class='ocrx_word' id='word_1_645' title='bbox 3481 4557 3612 4618; x_wconf 81' lang='grc' dir='ltr'>τοῖς</span> <span class='ocrx_word' id='word_1_646' title='bbox 3645 4558 3742 4624; x_wconf 75' lang='grc' dir='ltr'>μὲν</span> 
     </span>
    </p>
   </div>
   <div class='ocr_carea' id='block_1_94' title="bbox 459 4627 2028 4719">
    <p class='ocr_par' dir='ltr' id='par_1_94' title="bbox 459 4649 2028 4712">
     <span class='ocr_line' id='line_1_94' title="bbox 459 4649 2028 4712; baseline 0.003 -12"><span class='ocrx_word' id='word_1_647' title='bbox 459 4649 718 4704; x_wconf 88' lang='lat' dir='ltr'><strong>mesticos</strong></span> <span class='ocrx_word' id='word_1_648' title='bbox 779 4649 996 4712; x_wconf 87' lang='lat' dir='ltr'><strong>blando,</strong></span> <span class='ocrx_word' id='word_1_649' title='bbox 1034 4649 1299 4704; x_wconf 87' lang='lat' dir='ltr'><strong>adversus</strong></span> <span class='ocrx_word' id='word_1_650' title='bbox 1332 4651 1522 4704; x_wconf 87' lang='lat' dir='ltr'><strong>hostes</strong></span> <span class='ocrx_word' id='word_1_651' title='bbox 1556 4650 1701 4703; x_wconf 89' lang='lat' dir='ltr'><strong>virili</strong></span> <span class='ocrx_word' id='word_1_652' title='bbox 1740 4651 1922 4704; x_wconf 90' lang='lat' dir='ltr'><strong>animo</strong></span> <span class='ocrx_word' id='word_1_653' title='bbox 1952 4651 2028 4705; x_wconf 84' lang='lat' dir='ltr'><strong>fe-</strong></span> 
     </span>
    </p>
   </div>
   <div class='ocr_carea' id='block_1_95' title="bbox 2137 4627 3744 4719">
    <p class='ocr_par' dir='ltr' id='par_1_95' title="bbox 2137 4643 3744 4719">
     <span class='ocr_line' id='line_1_95' title="bbox 2137 4643 3744 4719; baseline -0.002 -18"><span class='ocrx_word' id='word_1_654' title='bbox 2137 4649 2353 4712; x_wconf 82' lang='grc' dir='ltr'>οἰκείοις</span> <span class='ocrx_word' id='word_1_655' title='bbox 2388 4649 2587 4719; x_wconf 73' lang='grc' dir='ltr'>ἠπίως,</span> <span class='ocrx_word' id='word_1_656' title='bbox 2615 4648 2726 4710; x_wconf 87' lang='grc' dir='ltr'>τοῖς</span> <span class='ocrx_word' id='word_1_657' title='bbox 2765 4647 2820 4699; x_wconf 86' lang='grc' dir='ltr'><strong>δέ</strong></span> <span class='ocrx_word' id='word_1_658' title='bbox 2849 4645 3128 4715; x_wconf 88' lang='grc' dir='ltr'>πολεμίοις</span> <span class='ocrx_word' id='word_1_659' title='bbox 3161 4643 3425 4714; x_wconf 83' lang='grc' dir='ltr'>ἀνδρείως</span> <span class='ocrx_word' id='word_1_660' title='bbox 3479 4661 3744 4716; x_wconf 77' lang='grc' dir='ltr'>προσφε-</span> 
     </span>
    </p>
   </div>
   <div class='ocr_carea' id='block_1_96' title="bbox 457 4738 2025 4811">
    <p class='ocr_par' dir='ltr' id='par_1_96' title="bbox 457 4738 2025 4811">
     <span class='ocr_line' id='line_1_96' title="bbox 457 4738 2025 4811; baseline 0.001 -20"><span class='ocrx_word' id='word_1_661' title='bbox 457 4745 629 4792; x_wconf 86' lang='lat' dir='ltr'><strong>ratur.</strong></span> <span class='ocrx_word' id='word_1_662' title='bbox 669 4739 1022 4793; x_wconf 86' lang='lat' dir='ltr'><strong>Laudabilem</strong></span> <span class='ocrx_word' id='word_1_663' title='bbox 1064 4755 1230 4809; x_wconf 91' lang='lat' dir='ltr'><strong>porro</strong></span> <span class='ocrx_word' id='word_1_664' title='bbox 1263 4739 1379 4795; x_wconf 76' lang='lat' dir='ltr'><strong>htec</strong></span> <span class='ocrx_word' id='word_1_665' title='bbox 1420 4738 1663 4794; x_wconf 76' lang='lat' dir='ltr'><strong>eiﬁciunt</strong></span> <span class='ocrx_word' id='word_1_666' title='bbox 1704 4739 2025 4811; x_wconf 75' lang='lat' dir='ltr'><strong>magistrum</strong></span> 
     </span>
    </p>
   </div>
   <div class='ocr_carea' id='block_1_97' title="bbox 458 4829 2028 4902">
    <p class='ocr_par' dir='ltr' id='par_1_97' title="bbox 458 4829 2028 4902">
     <span class='ocr_line' id='line_1_97' title="bbox 458 4829 2028 4902; baseline 0.004 -22"><span class='ocrx_word' id='word_1_667' title='bbox 458 4829 712 4883; x_wconf 84' lang='lat' dir='ltr'><strong>militum.</strong></span> <span class='ocrx_word' id='word_1_668' title='bbox 740 4830 964 4886; x_wconf 90' lang='lat' dir='ltr'><strong>Militem</strong></span> <span class='ocrx_word' id='word_1_669' title='bbox 1006 4831 1152 4886; x_wconf 88' lang='lat' dir='ltr'><strong>enim</strong></span> <span class='ocrx_word' id='word_1_670' title='bbox 1184 4840 1340 4885; x_wconf 89' lang='lat' dir='ltr'><strong>ornat</strong></span> <span class='ocrx_word' id='word_1_671' title='bbox 1371 4831 1656 4896; x_wconf 84' lang='lat' dir='ltr'><strong>fortitudo,</strong></span> <span class='ocrx_word' id='word_1_672' title='bbox 1689 4831 1881 4887; x_wconf 90' lang='lat' dir='ltr'><strong>ducem</strong></span> <span class='ocrx_word' id='word_1_673' title='bbox 1916 4848 2028 4902; x_wconf 70' lang='lat' dir='ltr'><strong>pra:</strong></span> 
     </span>
    </p>
   </div>
   <div class='ocr_carea' id='block_1_98' title="bbox 458 4921 2029 4993">
    <p class='ocr_par' dir='ltr' id='par_1_98' title="bbox 458 4921 2029 4993">
     <span class='ocr_line' id='line_1_98' title="bbox 458 4921 2029 4993; baseline 0.004 -21"><span class='ocrx_word' id='word_1_674' title='bbox 458 4921 782 4976; x_wconf 82' lang='lat' dir='ltr'><strong>fortitudine</strong></span> <span class='ocrx_word' id='word_1_675' title='bbox 809 4921 1120 4991; x_wconf 86' lang='lat' dir='ltr'><strong>prudentia,</strong></span> <span class='ocrx_word' id='word_1_676' title='bbox 1165 4933 1220 4978; x_wconf 86' lang='lat' dir='ltr'><strong>et</strong></span> <span class='ocrx_word' id='word_1_677' title='bbox 1261 4940 1384 4977; x_wconf 84' lang='lat' dir='ltr'><strong>eum</strong></span> <span class='ocrx_word' id='word_1_678' title='bbox 1414 4924 1500 4978; x_wconf 89' lang='lat' dir='ltr'><strong>his</strong></span> <span class='ocrx_word' id='word_1_679' title='bbox 1540 4925 1902 4993; x_wconf 86' lang='lat' dir='ltr'><strong>temperantia</strong></span> <span class='ocrx_word' id='word_1_680' title='bbox 1945 4935 2029 4979; x_wconf 86' lang='lat' dir='ltr'><strong>at—</strong></span> 
     </span>
    </p>
   </div>
   <div class='ocr_carea' id='block_1_99' title="bbox 457 5013 2028 5084">
    <p class='ocr_par' dir='ltr' id='par_1_99' title="bbox 457 5013 2028 5084">
     <span class='ocr_line' id='line_1_99' title="bbox 457 5013 2028 5084; baseline 0.003 -20"><span class='ocrx_word' id='word_1_681' title='bbox 457 5027 564 5081; x_wconf 82' lang='lat' dir='ltr'><strong>que</strong></span> <span class='ocrx_word' id='word_1_682' title='bbox 592 5013 824 5082; x_wconf 86' lang='lat' dir='ltr'><strong>justitia,</strong></span> <span class='ocrx_word' id='word_1_683' title='bbox 857 5030 955 5083; x_wconf 89' lang='lat' dir='ltr'><strong>per</strong></span> <span class='ocrx_word' id='word_1_684' title='bbox 994 5030 1130 5083; x_wconf 84' lang='lat' dir='ltr'><strong>quas</strong></span> <span class='ocrx_word' id='word_1_685' title='bbox 1156 5031 1350 5084; x_wconf 82' lang='lat' dir='ltr'><strong>magna</strong></span> <span class='ocrx_word' id='word_1_686' title='bbox 1385 5017 1562 5068; x_wconf 87' lang='lat' dir='ltr'><strong>virtus</strong></span> <span class='ocrx_word' id='word_1_687' title='bbox 1590 5024 1832 5082; x_wconf 88' lang='lat' dir='ltr'><strong>paratur.</strong></span> <span class='ocrx_word' id='word_1_688' title='bbox 1877 5016 2028 5069; x_wconf 85' lang='lat' dir='ltr'><strong>Hanc</strong></span> 
     </span>
    </p>
   </div>
   <div class='ocr_carea' id='block_1_100' title="bbox 459 5103 2029 5174">
    <p class='ocr_par' dir='ltr' id='par_1_100' title="bbox 459 5103 2029 5174">
     <span class='ocr_line' id='line_1_100' title="bbox 459 5103 2029 5174; baseline 0.002 -18"><span class='ocrx_word' id='word_1_689' title='bbox 459 5111 641 5157; x_wconf 88' lang='lat' dir='ltr'><strong>autem</strong></span> <span class='ocrx_word' id='word_1_690' title='bbox 668 5103 874 5172; x_wconf 82' lang='lat' dir='ltr'><strong>colligit</strong></span> <span class='ocrx_word' id='word_1_691' title='bbox 903 5105 1170 5157; x_wconf 89' lang='lat' dir='ltr'><strong>bonorum</strong></span> <span class='ocrx_word' id='word_1_692' title='bbox 1200 5106 1397 5174; x_wconf 90' lang='lat' dir='ltr'><strong>cupida</strong></span> <span class='ocrx_word' id='word_1_693' title='bbox 1415 5122 1588 5171; x_wconf 86' lang='lat' dir='ltr'><strong>mens,</strong></span> <span class='ocrx_word' id='word_1_694' title='bbox 1616 5106 2029 5161; x_wconf 85' lang='lat' dir='ltr'><strong>suavissimum-</strong></span> 
     </span>
    </p>
   </div>
   <div class='ocr_carea' id='block_1_101' title="bbox 457 5194 2023 5267">
    <p class='ocr_par' dir='ltr' id='par_1_101' title="bbox 457 5194 2023 5267">
     <span class='ocr_line' id='line_1_101' title="bbox 457 5194 2023 5267; baseline 0.001 -18"><span class='ocrx_word' id='word_1_695' title='bbox 457 5212 565 5264; x_wconf 86' lang='lat' dir='ltr'><strong>que</strong></span> <span class='ocrx_word' id='word_1_696' title='bbox 592 5194 746 5250; x_wconf 87' lang='lat' dir='ltr'><strong>ducit</strong></span> <span class='ocrx_word' id='word_1_697' title='bbox 777 5195 1043 5261; x_wconf 82' lang='lat' dir='ltr'><strong>laborem,</strong></span> <span class='ocrx_word' id='word_1_698' title='bbox 1085 5197 1358 5252; x_wconf 80' lang='lat' dir='ltr'><strong>fructuum</strong></span> <span class='ocrx_word' id='word_1_699' title='bbox 1389 5208 1641 5267; x_wconf 86' lang='lat' dir='ltr'><strong>spectans</strong></span> <span class='ocrx_word' id='word_1_700' title='bbox 1657 5198 2023 5252; x_wconf 87' lang='lat' dir='ltr'><strong>dulcedinem.</strong></span> 
     </span>
    </p>
   </div>
   <div class='ocr_carea' id='block_1_102' title="bbox 463 5285 2028 5358">
    <p class='ocr_par' dir='ltr' id='par_1_102' title="bbox 463 5285 2028 5358">
     <span class='ocr_line' id='line_1_102' title="bbox 463 5285 2028 5358; baseline 0.004 -21"><span class='ocrx_word' id='word_1_701' title='bbox 463 5285 688 5340; x_wconf 82' lang='lat' dir='ltr'><strong>Virtutis</strong></span> <span class='ocrx_word' id='word_1_702' title='bbox 746 5286 1018 5356; x_wconf 86' lang='lat' dir='ltr'><strong>siquidem</strong></span> <span class='ocrx_word' id='word_1_703' title='bbox 1064 5289 1282 5342; x_wconf 87' lang='lat' dir='ltr'><strong>athletis</strong></span> <span class='ocrx_word' id='word_1_704' title='bbox 1333 5289 1552 5358; x_wconf 65' lang='lat' dir='ltr'><strong>praemia</strong></span> <span class='ocrx_word' id='word_1_705' title='bbox 1613 5296 1871 5357; x_wconf 88' lang='lat' dir='ltr'><strong>tanquam</strong></span> <span class='ocrx_word' id='word_1_706' title='bbox 1911 5305 2028 5343; x_wconf 78' lang='lat' dir='ltr'><strong>ina-</strong></span> 
     </span>
    </p>
   </div>
   <div class='ocr_carea' id='block_1_103' title="bbox 460 5375 2027 5448">
    <p class='ocr_par' dir='ltr' id='par_1_103' title="bbox 460 5375 2027 5448">
     <span class='ocr_line' id='line_1_103' title="bbox 460 5375 2027 5448; baseline 0.003 -19"><span class='ocrx_word' id='word_1_707' title='bbox 460 5375 690 5444; x_wconf 75' lang='lat' dir='ltr'><strong>gniﬁcus</strong></span> <span class='ocrx_word' id='word_1_708' title='bbox 715 5377 936 5447; x_wconf 88' lang='lat' dir='ltr'><strong>quidam</strong></span> <span class='ocrx_word' id='word_1_709' title='bbox 971 5379 1298 5448; x_wconf 84' lang='lat' dir='ltr'><strong>agonotheta</strong></span> <span class='ocrx_word' id='word_1_710' title='bbox 1328 5378 1611 5448; x_wconf 88' lang='lat' dir='ltr'><strong>proposuit</strong></span> <span class='ocrx_word' id='word_1_711' title='bbox 1646 5379 2027 5434; x_wconf 89' lang='lat' dir='ltr'><strong>universorum</strong></span> 
     </span>
    </p>
   </div>
   <div class='ocr_carea' id='block_1_104' title="bbox 463 5460 2028 5538">
    <p class='ocr_par' dir='ltr' id='par_1_104' title="bbox 463 5460 2028 5538">
     <span class='ocr_line' id='line_1_104' title="bbox 463 5460 2028 5538; baseline 0.006 -24"><span class='ocrx_word' id='word_1_712' title='bbox 463 5460 624 5529; x_wconf 88' lang='lat' dir='ltr'><strong>Deus,</strong></span> <span class='ocrx_word' id='word_1_713' title='bbox 654 5466 760 5519; x_wconf 90' lang='lat' dir='ltr'><strong>alia</strong></span> <span class='ocrx_word' id='word_1_714' title='bbox 793 5467 1016 5536; x_wconf 89' lang='lat' dir='ltr'><strong>quidem</strong></span> <span class='ocrx_word' id='word_1_715' title='bbox 1049 5467 1100 5520; x_wconf 93' lang='lat' dir='ltr'><strong>in</strong></span> <span class='ocrx_word' id='word_1_716' title='bbox 1127 5467 1228 5520; x_wconf 89' lang='lat' dir='ltr'><strong>hac</strong></span> <span class='ocrx_word' id='word_1_717' title='bbox 1254 5468 1383 5531; x_wconf 87' lang='lat' dir='ltr'><strong>vita,</strong></span> <span class='ocrx_word' id='word_1_718' title='bbox 1412 5468 1516 5522; x_wconf 88' lang='lat' dir='ltr'><strong>alia</strong></span> <span class='ocrx_word' id='word_1_719' title='bbox 1542 5483 1674 5522; x_wconf 87' lang='lat' dir='ltr'><strong>vero</strong></span> <span class='ocrx_word' id='word_1_720' title='bbox 1699 5468 1750 5522; x_wconf 93' lang='lat' dir='ltr'><strong>in</strong></span> <span class='ocrx_word' id='word_1_721' title='bbox 1782 5469 1872 5522; x_wconf 88' lang='lat' dir='ltr'><strong>illa</strong></span> <span class='ocrx_word' id='word_1_722' title='bbox 1905 5484 2028 5538; x_wconf 62' lang='lat' dir='ltr'><strong>quae</strong></span> 
     </span>
    </p>
   </div>
   <div class='ocr_carea' id='block_1_105' title="bbox 465 5556 2031 5631">
    <p class='ocr_par' dir='ltr' id='par_1_105' title="bbox 465 5556 2031 5631">
     <span class='ocr_line' id='line_1_105' title="bbox 465 5556 2031 5631; baseline 0.004 -21"><span class='ocrx_word' id='word_1_723' title='bbox 465 5556 626 5610; x_wconf 81' lang='lat' dir='ltr'><strong>linem</strong></span> <span class='ocrx_word' id='word_1_724' title='bbox 661 5573 773 5611; x_wconf 93' lang='lat' dir='ltr'><strong>non</strong></span> <span class='ocrx_word' id='word_1_725' title='bbox 807 5559 991 5613; x_wconf 80' lang='lat' dir='ltr'><strong>habet.</strong></span> <span class='ocrx_word' id='word_1_726' title='bbox 1027 5559 1098 5614; x_wconf 89' lang='lat' dir='ltr'><strong>lis</strong></span> <span class='ocrx_word' id='word_1_727' title='bbox 1127 5575 1256 5630; x_wconf 78' lang='lat' dir='ltr'><strong>ergo</strong></span> <span class='ocrx_word' id='word_1_728' title='bbox 1283 5575 1403 5628; x_wconf 74' lang='lat' dir='ltr'><strong>quae</strong></span> <span class='ocrx_word' id='word_1_729' title='bbox 1435 5560 1524 5614; x_wconf 86' lang='lat' dir='ltr'><strong>hic</strong></span> <span class='ocrx_word' id='word_1_730' title='bbox 1557 5570 1686 5614; x_wconf 85' lang='lat' dir='ltr'><strong>sunt</strong></span> <span class='ocrx_word' id='word_1_731' title='bbox 1712 5561 2031 5631; x_wconf 86' lang='lat' dir='ltr'><strong>magnitudo</strong></span> 
     </span>
    </p>
   </div>
   <div class='ocr_carea' id='block_1_106' title="bbox 2139 4735 3744 4810">
    <p class='ocr_par' dir='ltr' id='par_1_106' title="bbox 2139 4735 3744 4810">
     <span class='ocr_line' id='line_1_106' title="bbox 2139 4735 3744 4810; baseline -0.002 -19"><span class='ocrx_word' id='word_1_732' title='bbox 2139 4739 2393 4810; x_wconf 84' lang='grc' dir='ltr'>ρομένην.</span> <span class='ocrx_word' id='word_1_733' title='bbox 2421 4739 2525 4792; x_wconf 84' lang='grc' dir='ltr'>Τὸν</span> <span class='ocrx_word' id='word_1_734' title='bbox 2557 4738 2871 4804; x_wconf 79' lang='grc' dir='ltr'>ἀξιέπαινον</span> <span class='ocrx_word' id='word_1_735' title='bbox 2904 4736 2960 4789; x_wconf 85' lang='grc' dir='ltr'>δὲ</span> <span class='ocrx_word' id='word_1_736' title='bbox 3009 4735 3182 4789; x_wconf 87' lang='grc' dir='ltr'>ταῦτα</span> <span class='ocrx_word' id='word_1_737' title='bbox 3232 4735 3487 4788; x_wconf 77' lang='grc' dir='ltr'>δείκνυσι</span> <span class='ocrx_word' id='word_1_738' title='bbox 3531 4755 3744 4808; x_wconf 78' lang='grc' dir='ltr'>στρατ-</span> 
     </span>
    </p>
   </div>
   <div class='ocr_carea' id='block_1_107' title="bbox 2135 4828 3744 4902">
    <p class='ocr_par' dir='ltr' id='par_1_107' title="bbox 2135 4828 3744 4902">
     <span class='ocr_line' id='line_1_107' title="bbox 2135 4828 3744 4902; baseline -0.001 -18"><span class='ocrx_word' id='word_1_739' title='bbox 2135 4832 2293 4900; x_wconf 86' lang='grc' dir='ltr'>ηγόν.</span> <span class='ocrx_word' id='word_1_740' title='bbox 2330 4828 2678 4902; x_wconf 82' lang='grc' dir='ltr'>Στρατιώτην</span> <span class='ocrx_word' id='word_1_741' title='bbox 2721 4831 2818 4901; x_wconf 84' lang='grc' dir='ltr'>μὲν</span> <span class='ocrx_word' id='word_1_742' title='bbox 2847 4831 2954 4901; x_wconf 85' lang='grc' dir='ltr'>γὰρ</span> <span class='ocrx_word' id='word_1_743' title='bbox 2981 4832 3013 4901; x_wconf 81' lang='grc' dir='ltr'>ἡ</span> <span class='ocrx_word' id='word_1_744' title='bbox 3038 4829 3227 4900; x_wconf 79' lang='grc' dir='ltr'>ἀνδρία</span> <span class='ocrx_word' id='word_1_745' title='bbox 3267 4831 3492 4899; x_wconf 80' lang='grc' dir='ltr'>κοσμεῖ,</span> <span class='ocrx_word' id='word_1_746' title='bbox 3545 4831 3645 4884; x_wconf 63' lang='grc' dir='ltr'><strong>τὸ)</strong></span> <span class='ocrx_word' id='word_1_747' title='bbox 3687 4832 3744 4884; x_wconf 73' lang='grc' dir='ltr'>δὲ</span> 
     </span>
    </p>
   </div>
   <div class='ocr_carea' id='block_1_108' title="bbox 2139 4920 3744 4994">
    <p class='ocr_par' dir='ltr' id='par_1_108' title="bbox 2139 4920 3744 4994">
     <span class='ocr_line' id='line_1_108' title="bbox 2139 4920 3744 4994; baseline -0.001 -18"><span class='ocrx_word' id='word_1_748' title='bbox 2139 4923 2440 4994; x_wconf 77' lang='grc' dir='ltr'>στρατηγὸν</span> <span class='ocrx_word' id='word_1_749' title='bbox 2485 4921 2594 4992; x_wconf 81' lang='grc' dir='ltr'>πρὸ</span> <span class='ocrx_word' id='word_1_750' title='bbox 2626 4923 2724 4992; x_wconf 82' lang='grc' dir='ltr'>τῆς</span> <span class='ocrx_word' id='word_1_751' title='bbox 2765 4921 2984 4992; x_wconf 82' lang='grc' dir='ltr'>ἀνδρίας</span> <span class='ocrx_word' id='word_1_752' title='bbox 3018 4923 3050 4992; x_wconf 77' lang='grc' dir='ltr'>ὴ</span> <span class='ocrx_word' id='word_1_753' title='bbox 3083 4920 3341 4990; x_wconf 77' lang='grc' dir='ltr'>φρόνησις</span> <span class='ocrx_word' id='word_1_754' title='bbox 3363 4937 3378 4948; x_wconf 91' lang='grc'><strong>·</strong></span> <span class='ocrx_word' id='word_1_755' title='bbox 3431 4923 3545 4974; x_wconf 72' lang='grc' dir='ltr'><strong>καὶ</strong></span> <span class='ocrx_word' id='word_1_756' title='bbox 3602 4927 3744 4994; x_wconf 70' lang='grc' dir='ltr'>μετὰ</span> 
     </span>
    </p>
   </div>
   <div class='ocr_carea' id='block_1_109' title="bbox 2133 5007 3744 5085">
    <p class='ocr_par' dir='ltr' id='par_1_109' title="bbox 2133 5007 3744 5085">
     <span class='ocr_line' id='line_1_109' title="bbox 2133 5007 3744 5085; baseline 0 -17"><span class='ocrx_word' id='word_1_757' title='bbox 2133 5016 2338 5068; x_wconf 86' lang='grc' dir='ltr'>τούτων</span> <span class='ocrx_word' id='word_1_758' title='bbox 2369 5013 2696 5085; x_wconf 82' lang='grc' dir='ltr'>σωφροσύνη</span> <span class='ocrx_word' id='word_1_759' title='bbox 2728 5015 2821 5067; x_wconf 75' lang='grc' dir='ltr'>καὶ</span> <span class='ocrx_word' id='word_1_760' title='bbox 2853 5013 3190 5082; x_wconf 85' lang='grc' dir='ltr'>δικαιοσύνη,</span> <span class='ocrx_word' id='word_1_761' title='bbox 3213 5012 3278 5064; x_wconf 86' lang='grc' dir='ltr'><strong>δι’</strong></span> <span class='ocrx_word' id='word_1_762' title='bbox 3301 5007 3379 5066; x_wconf 80' lang='grc' dir='ltr'>ὧν</span> <span class='ocrx_word' id='word_1_763' title='bbox 3411 5015 3439 5064; x_wconf 85' lang='grc' dir='ltr'><strong>ὀ</strong></span> <span class='ocrx_word' id='word_1_764' title='bbox 3465 5014 3586 5083; x_wconf 75' lang='grc' dir='ltr'><strong>τῆς</strong></span> <span class='ocrx_word' id='word_1_765' title='bbox 3621 5018 3744 5084; x_wconf 72' lang='grc' dir='ltr'>ἀρε-</span> 
     </span>
    </p>
   </div>
   <div class='ocr_carea' id='block_1_110' title="bbox 2133 5100 3746 5175">
    <p class='ocr_par' dir='ltr' id='par_1_110' title="bbox 2133 5100 3746 5175">
     <span class='ocr_line' id='line_1_110' title="bbox 2133 5100 3746 5175; baseline -0.001 -19"><span class='ocrx_word' id='word_1_766' title='bbox 2133 5104 2232 5174; x_wconf 80' lang='grc' dir='ltr'><strong>τῆς</strong></span> <span class='ocrx_word' id='word_1_767' title='bbox 2263 5101 2672 5174; x_wconf 81' lang='grc' dir='ltr'>συναθροίζεται</span> <span class='ocrx_word' id='word_1_768' title='bbox 2703 5103 2946 5165; x_wconf 82' lang='grc' dir='ltr'>πλοῦτος,</span> <span class='ocrx_word' id='word_1_769' title='bbox 2977 5102 3228 5170; x_wconf 80' lang='grc' dir='ltr'>Συλλέγει</span> <span class='ocrx_word' id='word_1_770' title='bbox 3248 5101 3304 5154; x_wconf 83' lang='grc' dir='ltr'>δὲ</span> <span class='ocrx_word' id='word_1_771' title='bbox 3326 5100 3535 5154; x_wconf 75' lang='grc' dir='ltr'>τοῦτον</span> <span class='ocrx_word' id='word_1_772' title='bbox 3573 5108 3610 5175; x_wconf 76' lang='grc' dir='ltr'>ἡ</span> <span class='ocrx_word' id='word_1_773' title='bbox 3637 5107 3746 5156; x_wconf 71' lang='grc' dir='ltr'><strong>τῶν</strong></span> 
     </span>
    </p>
   </div>
   <div class='ocr_carea' id='block_1_111' title="bbox 2135 5193 3744 5266">
    <p class='ocr_par' dir='ltr' id='par_1_111' title="bbox 2135 5193 3744 5266">
     <span class='ocr_line' id='line_1_111' title="bbox 2135 5193 3744 5266; baseline 0 -18"><span class='ocrx_word' id='word_1_774' title='bbox 2135 5195 2352 5263; x_wconf 80' lang='grc' dir='ltr'>ἀγαθῶν</span> <span class='ocrx_word' id='word_1_775' title='bbox 2394 5194 2695 5266; x_wconf 85' lang='grc' dir='ltr'>ὀρεγομένη</span> <span class='ocrx_word' id='word_1_776' title='bbox 2725 5193 2871 5265; x_wconf 69' lang='grc' dir='ltr'>ψυχή</span> <span class='ocrx_word' id='word_1_777' title='bbox 2897 5210 2910 5224; x_wconf 72' lang='grc' dir='ltr'><strong><em>ο</em></strong></span> <span class='ocrx_word' id='word_1_778' title='bbox 2946 5195 3040 5246; x_wconf 80' lang='grc' dir='ltr'>καὶ</span> <span class='ocrx_word' id='word_1_779' title='bbox 3086 5193 3302 5264; x_wconf 72' lang='grc' dir='ltr'>ἥδιστον</span> <span class='ocrx_word' id='word_1_780' title='bbox 3346 5194 3596 5261; x_wconf 78' lang='grc' dir='ltr'>ἡγεῖται</span> <span class='ocrx_word' id='word_1_781' title='bbox 3655 5196 3744 5248; x_wconf 60' lang='grc' dir='ltr'>τὸν</span> 
     </span>
    </p>
   </div>
   <div class='ocr_carea' id='block_1_112' title="bbox 2137 5282 3746 5354">
    <p class='ocr_par' dir='ltr' id='par_1_112' title="bbox 2137 5282 3746 5354">
     <span class='ocr_line' id='line_1_112' title="bbox 2137 5282 3746 5354; baseline 0.001 -16"><span class='ocrx_word' id='word_1_782' title='bbox 2137 5286 2316 5349; x_wconf 87' lang='grc' dir='ltr'>πόνον,</span> <span class='ocrx_word' id='word_1_783' title='bbox 2346 5287 2424 5349; x_wconf 85' lang='grc' dir='ltr'><strong>εἰς</strong></span> <span class='ocrx_word' id='word_1_784' title='bbox 2450 5286 2510 5337; x_wconf 82' lang='grc' dir='ltr'>τὺ</span> <span class='ocrx_word' id='word_1_785' title='bbox 2540 5284 2710 5354; x_wconf 83' lang='grc' dir='ltr'>γλυκὺ</span> <span class='ocrx_word' id='word_1_786' title='bbox 2745 5285 2852 5337; x_wconf 85' lang='grc' dir='ltr'><strong>τῶν</strong></span> <span class='ocrx_word' id='word_1_787' title='bbox 2877 5283 3104 5354; x_wconf 86' lang='grc' dir='ltr'>καρπῶν</span> <span class='ocrx_word' id='word_1_788' title='bbox 3135 5282 3453 5335; x_wconf 80' lang='grc' dir='ltr'>ἁποϐλέπου</span> <span class='ocrx_word' id='word_1_789' title='bbox 3466 5301 3569 5342; x_wconf 82' lang='grc' dir='ltr'><strong>σα,</strong></span> <span class='ocrx_word' id='word_1_790' title='bbox 3613 5289 3746 5344; x_wconf 75' lang='grc' dir='ltr'>Τοί;</span> 
     </span>
    </p>
   </div>
   <div class='ocr_carea' id='block_1_113' title="bbox 2136 5372 3746 5448">
    <p class='ocr_par' dir='ltr' id='par_1_113' title="bbox 2136 5372 3746 5448">
     <span class='ocr_line' id='line_1_113' title="bbox 2136 5372 3746 5448; baseline 0.001 -18"><span class='ocrx_word' id='word_1_791' title='bbox 2136 5377 2245 5448; x_wconf 77' lang='grc' dir='ltr'><strong>γὰρ</strong></span> <span class='ocrx_word' id='word_1_792' title='bbox 2277 5378 2376 5447; x_wconf 84' lang='grc' dir='ltr'>τῆς</span> <span class='ocrx_word' id='word_1_793' title='bbox 2421 5377 2620 5446; x_wconf 83' lang='grc' dir='ltr'>ἀρετῆς</span> <span class='ocrx_word' id='word_1_794' title='bbox 2653 5376 2910 5446; x_wconf 82' lang='grc' dir='ltr'>ἀθληταῖς</span> <span class='ocrx_word' id='word_1_795' title='bbox 2942 5372 3081 5428; x_wconf 79' lang='grc' dir='ltr'>ἆθλα</span> <span class='ocrx_word' id='word_1_796' title='bbox 3123 5375 3492 5447; x_wconf 80' lang='grc' dir='ltr'>προτέθεικεν</span> <span class='ocrx_word' id='word_1_797' title='bbox 3529 5373 3632 5431; x_wconf 73' lang='grc' dir='ltr'>οἷά</span> <span class='ocrx_word' id='word_1_798' title='bbox 3663 5397 3746 5442; x_wconf 85' lang='grc' dir='ltr'><strong>τις</strong></span> 
     </span>
    </p>
   </div>
   <div class='ocr_carea' id='block_1_114' title="bbox 2138 5466 3747 5539">
    <p class='ocr_par' dir='ltr' id='par_1_114' title="bbox 2138 5466 3747 5539">
     <span class='ocr_line' id='line_1_114' title="bbox 2138 5466 3747 5539; baseline 0 -18"><span class='ocrx_word' id='word_1_799' title='bbox 2138 5468 2478 5539; x_wconf 79' lang='grc' dir='ltr'>ἀγωνοθέτης</span> <span class='ocrx_word' id='word_1_800' title='bbox 2525 5469 2803 5538; x_wconf 81' lang='grc' dir='ltr'>φιλότιμος</span> <span class='ocrx_word' id='word_1_801' title='bbox 2841 5469 2869 5519; x_wconf 82' lang='grc' dir='ltr'>ὁ</span> <span class='ocrx_word' id='word_1_802' title='bbox 2919 5469 3025 5520; x_wconf 78' lang='grc' dir='ltr'><strong>τῶν</strong></span> <span class='ocrx_word' id='word_1_803' title='bbox 3058 5468 3194 5520; x_wconf 82' lang='grc' dir='ltr'>ὅλων</span> <span class='ocrx_word' id='word_1_804' title='bbox 3229 5466 3386 5530; x_wconf 77' lang='grc' dir='ltr'>Θεὸς,</span> <span class='ocrx_word' id='word_1_805' title='bbox 3423 5468 3503 5520; x_wconf 74' lang='grc' dir='ltr'>τὰ</span> <span class='ocrx_word' id='word_1_806' title='bbox 3544 5471 3655 5538; x_wconf 78' lang='grc' dir='ltr'><strong>μὲν</strong></span> <span class='ocrx_word' id='word_1_807' title='bbox 3690 5472 3747 5522; x_wconf 85' lang='grc' dir='ltr'><strong>ἐν</strong></span> 
     </span>
    </p>
   </div>
   <div class='ocr_carea' id='block_1_115' title="bbox 2138 5557 3744 5633">
    <p class='ocr_par' dir='ltr' id='par_1_115' title="bbox 2138 5557 3744 5633">
     <span class='ocr_line' id='line_1_115' title="bbox 2138 5557 3744 5633; baseline 0.001 -20"><span class='ocrx_word' id='word_1_808' title='bbox 2138 5561 2273 5631; x_wconf 81' lang='grc' dir='ltr'>τῷδε</span> <span class='ocrx_word' id='word_1_809' title='bbox 2301 5561 2378 5630; x_wconf 81' lang='grc' dir='ltr'>τῷ</span> <span class='ocrx_word' id='word_1_810' title='bbox 2407 5560 2526 5631; x_wconf 82' lang='grc' dir='ltr'>βίῳ,</span> <span class='ocrx_word' id='word_1_811' title='bbox 2563 5560 2631 5614; x_wconf 79' lang='grc' dir='ltr'>τὰ</span> <span class='ocrx_word' id='word_1_812' title='bbox 2659 5560 2716 5613; x_wconf 82' lang='grc' dir='ltr'>δὲ</span> <span class='ocrx_word' id='word_1_813' title='bbox 2747 5562 2803 5612; x_wconf 83' lang='grc' dir='ltr'><strong>ἐν</strong></span> <span class='ocrx_word' id='word_1_814' title='bbox 2837 5559 3026 5630; x_wconf 80' lang='grc' dir='ltr'>ἐκείνῳ</span> <span class='ocrx_word' id='word_1_815' title='bbox 3056 5557 3133 5626; x_wconf 81' lang='grc' dir='ltr'>τῷ</span> <span class='ocrx_word' id='word_1_816' title='bbox 3165 5559 3336 5629; x_wconf 79' lang='grc' dir='ltr'>πέρας</span> <span class='ocrx_word' id='word_1_817' title='bbox 3364 5559 3476 5613; x_wconf 80' lang='grc' dir='ltr'><strong>οὐκ</strong></span> <span class='ocrx_word' id='word_1_818' title='bbox 3527 5560 3744 5633; x_wconf 69' lang='grc' dir='ltr'>ἔχοντι.</span> 
     </span>
    </p>
   </div>
   <div class='ocr_carea' id='block_1_116' title="bbox 539 5728 3047 5805">
    <p class='ocr_par' dir='ltr' id='par_1_116' title="bbox 539 5728 3047 5805">
     <span class='ocr_line' id='line_1_116' title="bbox 539 5728 3047 5805; baseline 0.001 -20"><span class='ocrx_word' id='word_1_819' title='bbox 539 5729 648 5800; x_wconf 68' lang='grc'><strong>(47)</strong></span> <span class='ocrx_word' id='word_1_820' title='bbox 683 5728 853 5784; x_wconf 75' lang='lat' dir='ltr'><strong>liabet</strong></span> <span class='ocrx_word' id='word_1_821' title='bbox 902 5733 1041 5783; x_wconf 85' lang='lat' dir='ltr'><strong>hanc</strong></span> <span class='ocrx_word' id='word_1_822' title='bbox 1081 5733 1362 5798; x_wconf 81' lang='lat' dir='ltr'><strong>epistolam</strong></span> <span class='ocrx_word' id='word_1_823' title='bbox 1387 5731 1573 5786; x_wconf 84' lang='lat' dir='ltr'><strong>Latine</strong></span> <span class='ocrx_word' id='word_1_824' title='bbox 1631 5734 1892 5788; x_wconf 71' lang='lat' dir='ltr'><strong>redditam</strong></span> <span class='ocrx_word' id='word_1_825' title='bbox 1936 5734 2198 5790; x_wconf 79' lang='lat' dir='ltr'><strong>Baronius</strong></span> <span class='ocrx_word' id='word_1_826' title='bbox 2226 5733 2290 5789; x_wconf 89' lang='lat' dir='ltr'><strong>ad</strong></span> <span class='ocrx_word' id='word_1_827' title='bbox 2322 5751 2446 5790; x_wconf 83' lang='lat' dir='ltr'><strong>anu.</strong></span> <span class='ocrx_word' id='word_1_828' title='bbox 2479 5735 2601 5803; x_wconf 69' lang='grc' dir='ltr'>ΗΟ,</span> <span class='ocrx_word' id='word_1_829' title='bbox 2636 5745 2764 5790; x_wconf 87' lang='lat' dir='ltr'><strong>tom.</strong></span> <span class='ocrx_word' id='word_1_830' title='bbox 2800 5736 2884 5799; x_wconf 67' lang='grc' dir='ltr'><strong>γι,</strong></span> <span class='ocrx_word' id='word_1_831' title='bbox 2919 5751 2970 5805; x_wconf 87' lang='lat' dir='ltr'><strong>p.</strong></span> <span class='ocrx_word' id='word_1_832' title='bbox 3005 5737 3047 5789; x_wconf 82' lang='grc'><strong>6.</strong></span> 
     </span>
    </p>
   </div>
  </div>
