3924 6192
296 324 425 391 1241

1613 327 1976 389 EPISTOLA
2015 331 2263 394 LXXIII

3384 318 3529 397 ἰεριέ

296 437 416 491 Τῶν
441 436 568 508 τῇδε
614 435 712 508 μὲν
745 428 837 490 οῦν
875 435 938 489 τὸ
978 435 1244 509 ὑμέτερον
1283 434 1570 506 ἅπήλαυσε
1610 435 1859 506 μέγεθος,

1985 450 2151 496 rostra
2169 444 2338 512 potita
2361 455 2467 511 est,
2498 456 2554 502 et
2586 463 2905 518 supremum
2940 447 3206 500 honorem
3231 453 3315 499 est
3333 458 3532 498 conse—

298 527 390 582 xal.
433 527 495 580 τὸ
541 526 838 597 ἀκρότατον
881 525 1098 591 ἐδέξατο
1139 526 1307 599 γέρας
1332 541 1344 555 ·
1389 527 1476 593 είη
1511 525 1569 579 δέ
1611 527 1705 579 καὶ
1755 525 1863 578 τῶν

301 618 538 689 μονίμων
566 616 785 672 ἐκείνων
813 619 905 673 καὶ
929 618 1165 690 διαρκῶν
1195 619 1295 687 τὴν
1325 616 1598 687 ὑμετέραν
1634 616 1866 685 μεγαλο-

299 711 462 778 φυῖαν
489 712 671 780 τυχεῖν
692 710 938 778 ἀγαθῶν,
983 711 1079 765 καὶ
1108 709 1248 781 μετὰ
1278 709 1380 779 τῆς
1409 707 1684 777 ὑπατικῆς
1711 708 1865 777 ἀμπρ

298 799 487 871 εχόνης
511 801 840 871 προσλαϐεῖν
860 801 958 871 τὴν
986 801 1225 872 ἄρρητον
1243 800 1339 854 καὶ
1370 799 1520 853 θείαν
1546 797 1860 870 περιϐολήν.

297 890 465 961 Κοινὴ
481 890 595 963 γὰρ
625 890 842 944 πάντων
868 890 1003 961 εὐχὴ
1024 890 1132 944 τῶν
1156 891 1371 961 ἐκείνης
1398 889 1500 960 τῆς
1523 888 1731 960 δωρεᾶς
1751 888 1866 941 ἑπι-

299 983 581 1050 σταμένων
602 982 664 1035 τὸ
699 982 949 1052 μέγεθος.

580 1090 698 1144 ΟΒ’.
727 1121 795 1132 -
840 1090 1253 1161 Ἐρμησιγένει
1290 1088 1593 1158 παρέδρῳ.

381 1204 575 1258 Ἦνίκα
613 1204 719 1257 τῶν
750 1204 1053 1276 ἀνθρώπων
1083 1207 1111 1258 ὁ
1141 1204 1242 1273 τῆς
1280 1203 1504 1271 ἀγνοίας
1536 1201 1868 1272 κατεκέχυτο

295 1292 485 1361 ζόφος,
507 1295 568 1346 οὑ
589 1296 684 1358 τὰς
717 1294 885 1359 αὑτὰς
913 1295 1150 1357 ἅπαντες
1178 1295 1372 1366 ἑορτὰς
1395 1293 1708 1357 ἐπετέλουν,
1730 1292 1867 1347 ἀλλὰ

288 1386 633 1458 διηρημένας
662 1381 808 1463 εἶχον
851 1386 993 1440 κατὰ
1034 1387 1217 1450 πόλεις
1245 1385 1347 1449 τὰς
1376 1384 1734 1455 πανηγύρεις.
1777 1385 1868 1440 Ἐν

158 1538 177 1549 η
290 1476 483 1529 ’Ἤλιδι
512 1476 608 1547 μὲν
629 1476 737 1547 γὰρ
789 1476 1062 1548 Ὀλύμπια
1089 1472 1177 1547 ἦν,
1207 1478 1266 1529 ἐν
1288 1474 1528 1545 ’Δελφοῖς
1565 1475 1623 1529 δὲ
1658 1475 1728 1528 τὰ
1756 1474 1863 1529 Πύρ

290 1567 413 1633 θια,
449 1569 506 1621 ἐν
534 1567 592 1621 δέ
621 1584 684 1636 γε
705 1569 772 1639 τῇ
798 1567 1023 1640 Σπάρτῃ
1049 1566 1118 1620 τὰ
1160 1565 1464 1631 Ὑακίνθια,
1520 1565 1778 1637 Ἀθήνῃσι
1807 1565 1867 1618 δέ

294 1658 370 1711 τὰ
391 1656 501 1730 (48)
535 1657 908 1727 Παναθήναια,
940 1657 1036 1710 καὶ
1056 1656 1125 1710 τὰ
1149 1656 1517 1727 Θεσμοφόρια,
1544 1656 1722 1709 καὶτὰ
1750 1659 1869 1709 Διο-

1964 541 2110 587 cuta.
2148 534 2365 590 Utinam
2397 545 2453 591 et
2486 537 2775 593 stabilibus
2817 536 2927 591 illis
2953 551 3017 590 ac
3052 533 3337 603 perpetuis
3370 532 3533 588 bonis

1964 621 2357 679 sublimitatem
2397 634 2543 681 tuam
2574 628 2681 682 frui
2721 628 3019 697 contingat,
3053 635 3109 680 et
3143 640 3267 679 cum
3297 624 3534 693 palmata

1964 715 2239 769 consulari
2260 715 2593 773 ineffabilem
2627 718 2979 788 divinumque
3000 726 3207 771 vestem
3232 729 3531 770 assumere.

1963 803 2263 861 Commune
2310 824 2545 879 namque
2598 819 2789 864 votum
2834 817 2920 864 est
2964 808 3211 863 omnium
3251 806 3347 877 qui
3387 805 3536 862 illius

1965 896 2095 951 doni
2130 899 2561 969 magnitudinem
2593 900 2925 972 intelligunt.

2144 1089 2356 1160 1122
2396 1091 2604 1148 LXXII.
2634 1124 2706 1133 —
2735 1094 3094 1165 Hermesigeni
3129 1048 3402 1148 assessori.

2060 1198 2179 1266 Quo
2260 1209 2506 1272 tempore
2592 1204 2879 1260 hominum
2956 1206 3144 1276 generi
3208 1205 3537 1262 circumfusa

1969 1289 2288 1360 ignorantiae
2340 1308 2448 1347 nox
2506 1303 2657 1360 erat,
2724 1311 2834 1351 non
2890 1294 3083 1351 eadem
3140 1310 3333 1351 omnes
3402 1295 3539 1351 festa

1969 1380 2340 1447 celebrabant,
2386 1383 2483 1438 sed
2536 1384 2781 1441 diversas
2823 1387 3054 1457 singulis
3107 1388 3162 1442 in
3221 1389 3541 1446 civitatibus

1970 1470 2200 1542 agebant
2232 1488 2548 1544 panegyrcs.
2589 1475 2725 1530 Nam
2756 1477 2811 1531 in
2842 1477 2998 1533 Elide
3037 1479 3262 1548 quidem
3287 1479 3541 1551 Olympia
3640 1522 3643 1525 .

1970 1570 2148 1629 erant,
2186 1563 2329 1633 apud
2359 1564 2597 1634 Delphos
2626 1582 2758 1622 vero
2783 1568 3000 1638 Pythia,
3033 1576 3089 1622 et
3118 1570 3261 1638 apud
3291 1571 3541 1640 Spartam

1972 1670 2166 1710 rursus
2224 1656 2572 1727 Hyacinthia,
2623 1658 2855 1714 Athenis
2903 1675 3036 1714 vero
3082 1660 3457 1726 Panathenaea,
3487 1670 3544 1716 et

304 1746 481 1802 νύσια.
521 1746 797 1816 Ἐπίσημα
827 1744 885 1797 δὲ
910 1740 977 1815 ἦν
997 1760 1010 1774 ⁸
1061 1744 1156 1798 καὶ¹
1185 1743 1334 1797 ἄλλοι
1361 1744 1417 1797 δὲ
1458 1744 1633 1799 ἄλλων
1683 1742 1873 1797 ἐπετέ-

1985 1746 2440 1816 [ltesmOphoria,
2493 1758 2550 1802 et
2591 1748 2867 1818 Dionysia.
2923 1749 3160 1818 Insignia
3210 1764 3377 1818 porro
3428 1750 3544 1805 haec

304 1839 426 1892 λουν
452 1836 795 1908 δημοθοινίαν
810 1836 919 1906 (49)
940 1836 1229 1906 δαιμόνων.
1270 1835 1484 1905 Ἐπειδὴ
1518 1835 1573 1888 δέ
1605 1834 1665 1887 τὸ
1694 1834 1874 1906 νοερὸν

308 1929 421 1999 φῶς
448 1928 544 1999 τὴν
574 1927 739 1998 ἀχλὺν
771 1926 984 1998 ἐκείνην
1024 1927 1303 1992 ἐσκέδασε,
1332 1924 1605 1996 πανταχοῦ
1640 1927 1744 1996 γῆς
1779 1927 1873 1980 καὶ

309 2019 574 2089 θαλάττης
624 2017 925 2088 ήπειρῶται
969 2018 1064 2071 καὶ
1112 2018 1377 2088 νησιῶται
1422 2021 1575 2089 κοινῇ
1604 2016 1696 2071 τοῦ
1738 2017 1873 2070 Θεοῦ

309 2112 404 2164 καὶ
433 2112 683 2180 Σωτῆρος
711 2109 869 2181 ήμῶν
899 2106 1206 2163 ἐπιτελοῦσι
1233 2109 1333 2172 τὰς
1362 2109 1556 2180 ἑορτάς
1578 2125 1592 2139 ·
1629 2109 1723 2162 καὶ
1748 2108 1875 2161 ἔνθα

310 2201 374 2255 ἄν
402 2218 486 2265 τις
524 2200 873 2272 ἀποδημῆσαι
901 2200 1121 2274 θελήσῃ,
1158 2201 1261 2255 κᾶν
1290 2202 1427 2273 πρὸς
1451 2201 1602 2272 ἥλιον
1630 2200 1877 2270 ἀνίσχον-

309 2309 397 2356 τα,
426 2291 526 2345 κᾶν
559 2291 695 2360 πρὸς
722 2292 998 2364 δυόμενον,
1029 2293 1305 2363 πανταχοῦ
1327 2292 1425 2365 τὴν
1450 2292 1618 2363 αὐτὴν
1650 2292 1875 2364 εὑρήσει

309 2382 447 2435 κατὰ
480 2382 573 2435 τὸν
618 2383 779 2435 αὑτὸν
830 2385 1022 2453 χρόνον
1072 2382 1501 2453 ἐπιτελουμένην
1542 2383 1872 2452 πανήγυριν.

307 2473 439 2526 οὑδέ
463 2471 569 2543 γὰρ
602 2473 743 2526 κατὰ
763 2473 856 2525 τὸν
887 2473 1167 2536 Μωῦσέως
1195 2474 1381 2544 νόμον,
1403 2474 1493 2527 τὸν
1514 2475 1579 2544 τῇ
1606 2471 1875 2526 Ἰουδαίων

309 2565 561 2636 ἀσθενείᾳ
617 2565 1002 2635 συμϐαίνοντα,
1049 2566 1130 2628 είς
1188 2564 1317 2635 μίαν
1373 2563 1590 2633 ἀνάγκη
1640 2563 1876 2615 συνιέναι

311 2652 485 2716 πόλιν,
514 2653 606 2706 καὶ
634 2653 744 2706 τῶν
780 2654 1110 2726 εὐεργεσιῶν
1156 2652 1438 2729 ἑορτάζειν
1480 2653 1581 2727 τὴν
1610 2654 1829 2727 μνήμην
1857 2671 1872 2686 ·

313 2742 447 2798 ἀλλὰ
471 2744 620 2802 πᾶσαι
651 2744 825 2812 πόλις,
856 2746 951 2801 καὶ
990 2749 1141 2801 πᾶσα
1192 2747 1379 2820 κώμη,
1414 2747 1509 2801 καὶ
1557 2746 1739 2819 ἀγροὶ,
1783 2748 1880 2801 καὶ

312 2839 582 2909 ἐσχατιαὶ,
615 2835 717 2909 τῆς
760 2838 911 2902 θείας
954 2838 1366 2917 ἐνεπλήσθησαν
1391 2838 1645 2911 χάριτος·
1688 2838 1784 2891 καὶ⁵
1820 2840 1880 2892 ἐν

313 2930 476 2983 παντὶ
502 2928 650 3000 τόπῳ
682 2929 839 3000 σηκοὶ
882 2927 1014 2983 θεῖοι
1047 2930 1143 2983 καὶ
1170 2930 1375 3001 τεμένη
1406 2929 1767 3001 καθιέρωνται
1801 2927 1881 3000 τῷ

313 3017 424 3071 τῶν
447 3016 584 3072 ὅλων
599 3018 736 3089 Θεῷ.
768 3018 869 3072 Διά
881 3035 963 3072 τοι
989 3016 1149 3072 τοῦτο
1182 3019 1276 3072 καὶ
1304 3018 1444 3074 κατὰ
1468 3018 1655 3082 πόλεις
1683 3019 1879 3090 διῃρη-

1975 1848 2150 1900 erant.
2170 1846 2226 1894 et
2244 1838 2337 1893 alii
2366 1839 2602 1894 aliorum
2633 1840 2941 1895 daemonum
2962 1841 3153 1909 epulas
3175 1840 3541 1895 instruebant.

1975 1930 2266 2000 Postquam
2298 1932 2540 1986 verolux
2566 1932 2845 1986 mentibus
2874 1932 3053 1986 infusa
3080 1932 3368 2003 caliginem
3396 1933 3545 1987 illam

1975 2019 2268 2087 discussit,
2322 2021 2527 2092 ubique
2565 2032 2834 2077 terrarum
2868 2038 2933 2078 ac
2976 2024 3231 2087 marium,
3275 2032 3331 2077 et
3361 2023 3541 2079 conti-

1974 2112 2157 2168 nentis
2194 2112 2384 2167 incolae
2404 2120 2459 2167 ct
2500 2113 2759 2178 insulani,
2795 2130 2901 2168 una
2934 2129 3128 2168 omnes
3156 2114 3269 2169 Deo
3305 2123 3362 2168 et
3416 2113 3543 2168 Ser-

1974 2203 2149 2257 vatori
2187 2212 2376 2258 nostro
2404 2204 2522 2259 dies
2551 2194 2717 2259 festos
2748 2212 2935 2275 agunt,
2966 2212 3023 2260 et
3046 2220 3376 2275 quocunque
3417 2220 3546 2275 per-

1975 2309 2102 2364 gere
2136 2295 2259 2363 quis
2284 2296 2436 2361 velit,
2479 2296 2595 2352 sive
2633 2296 2701 2350 ad
2735 2297 2868 2351 solis
2911 2307 3113 2361 ortum,
3149 2296 3263 2350 sive
3289 2295 3354 2349 ad
3389 2310 3547 2349 ocea-

1976 2402 2119 2451 sum,
2159 2387 2406 2442 eamdem
2434 2389 2638 2458 uhique
2674 2388 2914 2459 reperiet
2955 2388 3149 2443 eodem
3180 2396 3423 2457 tempore
3457 2402 3548 2442 suo

1974 2476 2312 2531 lemnitatem
2338 2479 2624 2542 celebrari,
2655 2479 2845 2552 Neque
2888 2478 3036 2537 enim
3076 2479 3228 2552 juxta
3263 2476 3431 2535 Mosis
3471 2476 3552 2536 Ie-

1974 2566 2445 2639 gemJudaaorum
2469 2569 2768 2626 inﬁrmitati
2789 2571 3275 2634 accommodatam,
3302 2570 3359 2624 in
3382 2585 3550 2626 unam

1975 2668 2202 2710 necesse
2250 2664 2339 2710 est
2387 2658 2663 2713 civitatem
2714 2658 3013 2723 conﬂuere,
3045 2658 3553 2729 beneficiorumque

1976 2744 2295 2800 memoriam
2325 2744 2574 2802 feriando
2601 2748 2865 2803 recolere.
2896 2747 3002 2825 sed
3029 2747 3282 2802 civitates
3303 2747 3550 2820 singulm,

1977 2843 2036 2890 et
2059 2833 2188 2900 vici,
2223 2843 2281 2890 et
2327 2837 2464 2908 agri,
2510 2847 2567 2893 et
2618 2853 2729 2893 orte
2780 2837 2987 2892 ultimm
3035 2837 3219 2892 divina
3266 2838 3555 2893 cumulatae

1979 2934 2107 2981 sunt
2127 2927 2318 2997 gratia,
2345 2927 2589 2998 locisque
2615 2929 2873 2983 omnibus
2901 2927 3089 2982 divina
3126 2928 3329 2998 templa
3358 2936 3415 2982 et
3454 2927 3554 2982 dc-

1978 3015 2139 3071 Iubra
2182 3018 2571 3072 universorum
2629 3019 2743 3074 Deo
2793 3026 3007 3074 sacrata
3063 3026 3214 3073 sunt.
3271 3019 3460 3090 Itaque
3499 3029 3557 3075 et

317 3107 467 3180 μένοι
502 3109 964 3180 πανηγυρίζομεν,
994 3109 1089 3162 καὶ
1112 3104 1179 3185 αὖ
1210 3109 1374 3164 πάλιν
1401 3110 1764 3180 κοινωνοῦμεν
1789 3108 1880 3163 ἀλ-

1985 3104 2225 3175 singulas
2270 3120 2369 3175 per
2415 3106 2581 3161 urbes
2634 3106 2797 3162 divisi
2854 3113 3160 3163 conventus
3212 3106 3444 3178 agimus,
3499 3116 3557 3164 et

284 3196 496 3271 ’λήλοις
533 3200 640 3253 τῶν
670 3200 894 3272 ἑορτῶν.
925 3201 1032 3255 Τὸν
1059 3202 1166 3275 γὰρ
1191 3203 1353 3257 αὑτὸν
1386 3204 1522 3257 Θεόν
1564 3220 1623 3257 τε
1661 3204 1757 3257 καὶ
1790 3205 1887 3255 Δε-

315 3289 521 3360 σπότην
568 3292 681 3354 τοῖς
729 3291 919 3361 ὕμνοις
946 3292 1299 3363 γεραίρομεν,
1342 3296 1438 3348 καὶ
1475 3294 1577 3359 τὰς
1619 3294 1888 3366 μυστικὰς

313 3379 462 3451 αὑτῷ
481 3379 668 3444 θυσίας
693 3383 1100 3454 προσφέρομεν.
1136 3384 1342 3438 Τούτου
1371 3385 1435 3456 δὴ
1468 3386 1628 3455 χάριν
1667 3387 1761 3439 καὶ
1798 3386 1888 3441 διὰ

312 3471 655 3542 γραμμάτων
698 3471 963 3543 ἀλλήλους
1004 3476 1054 3527 oi
1083 3475 1485 3542 γειτονεύοντες
1511 3477 1888 3549 προσφθεγγό-

316 3560 476 3632 μεθα,
503 3562 603 3635 τὴν
639 3565 704 3616 ἐκ
745 3566 843 3634 τῆς
871 3563 1065 3635 ἑορτῆς
1094 3566 1455 3638 ἐγγινομένην
1494 3566 1761 3640 θυμηδίαν
1785 3586 1886 3641 ση-

318 3651 619 3723 μαίνοντες.
645 3652 817 3708 Τοῦτο
850 3652 1004 3723 κάγὼ
1035 3654 1129 3707 νῦν
1156 3654 1313 3721 ποιῶ,
1342 3657 1435 3709 καὶ
1462 3656 1560 3727 τὴν
1595 3658 1884 3726 ἑορταστι-

313 3741 418 3813 κὴν
473 3743 775 3815 πρόσρησιν
829 3746 895 3815 τῇ
946 3746 1012 3815 σῇ
1036 3744 1502 3818 ’μεγαλοπρεπείᾳ
1572 3745 1885 3817 προσφέρω.

327 3831 633 3886 Ἀντιδώσει
667 3833 722 3887 δὲ
752 3834 844 3889 καὶ
863 3833 1000 3905 αὑτὴ
1034 3835 1250 3900 πάντως
1276 3835 1373 3907 τὴν
1391 3837 1534 3907 ῐσην,
1551 3838 1643 3891 καὶ
1668 3839 1888 3911 τιμήσει

218 3978 219 3981 η
313 3922 409 3978 τὸν
433 3924 599 3995 νόμον
621 3925 722 3995 τῆς
751 3926 965 3997 ἑορτῆς.

763 4038 882 4092 01".
918 4069 986 4080 —
1030 4039 1433 4108 Ἀπολλωνίῳ.

384 4150 757 4222 Θεμιστοκλέα
798 4151 891 4205 τὸν
936 4151 1258 4216 Νεοκλέους,
1301 4153 1393 4207 τὸν
1431 4153 1653 4225 ἄριστον
1683 4153 1888 4208 ἐκεῖνον

315 4247 413 4300 καὶ
439 4244 767 4314 ὰξιάγαστον
789 4244 1114 4315 στρατηγὸν,
1139 4244 1437 4315 θαυμάζων
1457 4247 1486 4299 ό
1510 4246 1886 4316 συγγραφεὺς,

318 4335 552 4406 φυσικὴν
591 4336 741 4407 αὑτῷ
799 4336 969 4408 μόνην
1022 4334 1598 4408 προσμεμαρτύρηκεν
1653 4337 1884 4407 ἀρετήν’

1987 3194 2130 3248 intcr
2158 3209 2259 3249 nos
2279 3210 2469 3250 rursus
2494 3194 2759 3251 festorum
2782 3197 3047 3252 solemnia
3066 3198 3556 3253 communieamus.

1985 3283 2253 3338 Eumdem
2283 3285 2486 3355 quippe
2521 3288 2540 3307 θ
2586 3287 2758 3341 Deum
2793 3303 2858 3341 ac
2887 3287 3180 3342 Dominum
3210 3288 3428 3360 hymnis
3463 3304 3552 3343 ve-

1985 3391 2265 3442 neramur,
2311 3385 2368 3432 et
2414 3378 2669 3449 mysticas
2717 3377 2793 3431 illi
2824 3378 3034 3433 hostias
3060 3379 3365 3435 offerimus.
3406 3379 3561 3436 Unde

1985 3481 2087 3538 per
2114 3466 2326 3523 litteras
2351 3469 2518 3523 etiam
2568 3469 2661 3539 qui
2714 3469 2882 3523 vicini
2931 3486 3122 3525 sumus
3173 3471 3409 3525 invicem
3461 3487 3563 3526 nos

1987 3558 2308 3624 salutamus,
2339 3575 2502 3629 quam
2527 3575 2594 3615 ex
2613 3560 2755 3615 festo
2788 3560 3035 3629 capimus
3061 3560 3307 3615 laetitiam
3352 3560 3564 3630 signifi-

1988 3656 2194 3704 cantes.
2223 3648 2337 3703 lioc
2357 3656 2413 3703 et
2439 3663 2540 3720 ego
2567 3663 2716 3703 nunc
2754 3663 2875 3720 ago,
2934 3646 3152 3718 1123
3206 3645 3563 3716 festalcmque

1988 3739 2407 3811 magnificentiae
2460 3748 2566 3795 tua:
2611 3740 2998 3796 salutationem
3050 3740 3232 3794 mitto.
3286 3738 3370 3793 Tu
3409 3739 3564 3810 paria

1988 3845 2215 3901 prorsus
2241 3829 2529 3901 rependes,
2563 3838 2620 3886 et
2651 3831 2777 3887 festi
2802 3831 2976 3904 legem
3006 3829 3367 3886 observabis.-

2446 4036 2679 4092 LXXIII.
2707 4067 2778 4077 —-
2798 4036 3102 4109 Apollonio.

2061 4147 2487 4204 Themistoclem
2529 4148 2746 4204 Neoclis
2794 4147 2989 4213 filium,
3048 4147 3562 4218 prmstantissimum

1990 4240 2146 4296 illum
2168 4250 2224 4296 et
2239 4240 2678 4296 landatissimum
2703 4240 2922 4304 ducem,
2943 4238 3225 4294 admirans
3244 4238 3563 4301 historicus,

1992 4331 2225 4386 naturali
2265 4331 2533 4408 duntaxat
2574 4331 2778 4388 virtute
2822 4331 3111 4402 pmditum
3140 4331 3309 4386 fuisse
3337 4338 3569 4386 testatus

318 4426 586 4497 Περικλέα
610 4426 688 4491 δὲ,
729 4426 823 4479 τὸν
850 4426 1184 4490 Ξανθίππου,
1217 4427 1312 4481 καὶ
1341 4428 1440 4498 τὴν
1484 4427 1594 4481 ἀπὸ
1629 4427 1727 4498 τῆς
1762 4444 1880 4481 παι-

1992 4429 2118 4487 est;
2154 4422 2417 4478 Periclem
2452 4438 2585 4477 vero
2608 4422 2926 4493 Xanthippo
2949 4432 3162 4486 natum,
3194 4421 3362 4476 etiam
3407 4436 3438 4475 a
3478 4420 3566 4474 di—

316 4515 465 4579 δείας
494 4516 597 4588 ἔφη
638 4516 1061 4588 προσειληφέναι
1105 4517 1404 4587 δεινότητα,
1450 4520 1546 4572 καὶ
1577 4518 1676 4589 τὴν
1717 4518 1891 4573 πειθὼ

317 4608 432 4667 τοῖς
462 4605 638 4674 λόγοις
680 4608 1015 4683 ἐπιστάξειν,
1049 4607 1146 4661 καὶ
1178 4609 1350 4680 ταύτῃ
1392 4611 1723 4682 κατακηλεῖν
1763 4610 1889 4673 τοὺς

317 4695 634 4761 ἀκούοντας,
664 4700 756 4751 καὶ
785 4700 966 4753 ἰκανὸν
987 4698 1240 4769 γενέσθαι
1268 4700 1469 4768 γνῶναί
1494 4718 1554 4753 τε
1586 4686 1654 4754 τὰ
1676 4701 1888 4769 δέοντα,

319 4788 415 4841 καὶ
443 4788 777 4859 ἑρμηνεῦσαι
816 4789 1006 4845 ταῦτα.
1038 4790 1207 4844 Ονὺδέν
1236 4791 1346 4861 γὰρ
1370 4791 1598 4855 ἀπεικὸς
1641 4793 1768 4860 περὶ
1793 4792 1892 4847 αὑ-

322 4879 415 4933 τοῦ
459 4880 740 4951 γράφοντα
786 4884 896 4947 τοῖς
935 4881 1100 4935 αὑτοῦ
1141 4882 1322 4950 λόγοις
1358 4881 1676 4955 κεχρῆσθαι.
1705 4880 1892 4935 Ταῦτα

324 4975 417 5029 καὶ
463 4974 563 5046 τὴν
595 4974 693 5043 σὴν
741 4973 1047 5044 λαμπρύνει
1098 4973 1594 5046 μεγαλοπρέπειαν.
1635 4973 1746 5026 Καὶ
1779 4972 1889 5044 γὰρ

322 5065 504 5131 δεξιάν
535 5083 616 5118 σοι
644 5064 803 5134 φύσιν
850 5064 1052 5118 ἔδωκεν
1082 5066 1111 5118 ὁ
1148 5065 1562 5137 δημιουργήσας
1605 5063 1758 5127 Θεὸς,
1800 5065 1897 5116 καὶ

323 5152 421 5224 τῆς
448 5153 695 5216 παιδείας
721 5155 754 5224 ή
787 5154 1044 5223 μετουσία
1073 5154 1135 5209 τὸ
1172 5154 1375 5226 ταύτης
1403 5154 1644 5228 δείκνυσι
1678 5152 1894 5217 κάλλος.

322 5245 493 5298 Οὑδέν
510 5245 688 5298 τοίνυν
717 5243 951 5298 ἐλλείπει
976 5245 1051 5316 τῷ
1083 5245 1297 5316 πλούτῳ
1321 5247 1419 5317 τῆς
1442 5244 1666 5314 ἀρετῆς,
1690 5242 1723 5314 ἢ
1754 5243 1891 5315 μόνη

320 5334 420 5390 τοῦ
458 5335 818 5407 πεποιηκότος
855 5338 888 5406 ή
927 5337 1155 5404 γνῶσις*
1202 5336 1405 5405 ταύτης
1455 5335 1563 5407 γὰρ
1599 5349 1894 5407 προσγενο-

327 5426 519 5499 μένης,
560 5426 885 5491 τελευτάτην
922 5427 1116 5499 ἕξομεν
1152 5428 1260 5483 τῶν
1308 5427 1529 5498 ἀγαθῶν
1560 5427 1658 5501 τὴν
1696 5429 1889 5502 φοράν.

419 5583 510 5651 48)
538 5583 608 5636 τά
632 5600 690 5636 τε
724 5582 894 5653 Neap.

420 5655 510 5734 ιιι)
542 5654 649 5734 ιξτο
675 5651 986 5735 ὡμοθοινίᾳ,
1014 5651 1651 5735 δημρθοινίαν,.ρῦὴ1ἰοαε
1679 5655 1891 5735 epulas,

322 5721 581 5796 rescripsi
599 5721 737 5780 cum
754 5721 966 5779 Valesio
1006 5721 1077 5778 ad
1108 5721 1315 5777 Theod.
1350 5721 1485 5778 Hist.
1519 5721 1782 5792 ccclcs.‘v,
1803 5724 1894 5791 2t,

1992 4514 2224 4583 sciplina
2261 4514 2515 4568 haustam
2562 4513 2882 4570 facultatem
2908 4511 3224 4584 adiunxisse
3250 4511 3409 4573 dixit,
3437 4525 3566 4565 sua-

1992 4605 2280 4675 delamque
2329 4619 2613 4660 sermones
2638 4605 2929 4670 instillare,
2955 4613 3012 4660 et
3036 4604 3138 4660 hac
3157 4602 3444 4658 audientes
3475 4600 3570 4656 de-

1993 4697 2255 4761 mulcere,
2280 4696 2651 4766 idoncumque
2673 4697 2970 4761 exstitisse,
2991 4696 3086 4768 qui
3111 4703 3168 4751 et
3189 4693 3569 4751 convenientia

1994 4796 2203 4853 nosset,
2234 4794 2291 4841 et
2318 4786 2498 4857 eloqui
2533 4787 2725 4841 eadem
2769 4794 2974 4857 posset.
3018 4786 3130 4841 Nec
3176 4784 3324 4840 extim
3376 4783 3571 4837 absur-

1995 4879 2128 4934 dum
2159 4886 2265 4941 est,
2294 4892 2418 4931 cum
2466 4876 2534 4931 de
2562 4877 2655 4931 illo
2711 4878 2972 4940 scribam,
3021 4876 3195 4947 ipsius
3236 4873 3422 4929 verbis
3466 4871 3568 4927 uti.

1991 4970 2166 5025 Tuam
2196 4970 2311 5024 haec
2336 4984 2556 5038 quoque
2580 4968 2859 5022 illustrant
2907 4965 3386 5038 magnificentiam.
3434 4963 3569 5020 Nam

1989 5071 2046 5117 et
2067 5061 2315 5116 dextram
2343 5059 2669 5130 felicemque
2698 5057 2800 5114 tibi
2823 5066 3079 5113 naturam
3108 5054 3572 5112 tribuitconditor

1992 5150 2158 5216 Deus,
2188 5158 2245 5205 et
2276 5148 2533 5222 adjuncta
2560 5146 2849 5219 disciplina
2901 5147 3066 5220 hujus
3103 5145 3571 5219 pulchritudinem

1996 5242 2356 5299 demonstrat.
2390 5239 2573 5308 Quare
2610 5238 2679 5295 ad
2706 5240 2931 5295 virtutis
2950 5255 3085 5311 opes
3120 5238 3270 5294 aliud
3309 5237 3463 5291 deest
3490 5232 3575 5288 ni-

1995 5334 2096 5401 hil,
2130 5334 2238 5390 nisi
2270 5333 2384 5389 sola
2414 5331 2660 5387 auctoris
2699 5330 2979 5403 cognitio:
3020 5346 3144 5401 quae
3181 5329 3228 5385 si
3257 5323 3570 5388 accesserit,

1997 5422 2452 5497 perfectissimam
2490 5422 2761 5478 bonorum
2809 5422 3025 5494 copiam
3067 5418 3413 5477 habebimus.
3447 5415 3571 5473 llaec

2000 5582 2093 5637 ubi
2123 5580 2265 5637 idem
2295 5578 2621 5635 vocabulum
2649 5576 2816 5633 habet
2857 5584 3079 5645 noster;
3124 5575 3364 5645 itemque
3410 5584 3570 5642 supra

2001 5652 2162 5722 epist.
2193 5651 2281 5719 64,
2313 5650 2368 5707 in
2394 5649 2557 5706 simili
2586 5656 2862 5705 contextu.
