3924 6192
476 263 608 326 1243

1456 265 1940 326 TUEODORETI
1977 266 2317 328 EPISCOPI
2353 268 2716 330 CYRENSIS

3585 270 3752 332 1255

470 378 661 432 audito
689 377 929 434 adventu
979 390 1073 434 tuo
1119 381 1323 445 scribo,
1371 381 1643 435 bonorum
1675 397 1843 436 orans
1885 383 2034 453 largi‘

2149 386 2332 438 Ταῦτα
2353 388 2516 454 γνοὺς
2543 387 2698 455 ὑμῶν
2739 386 2838 456 τὴν
2880 384 3062 454 ἄφιξιν
3107 387 3430 446 ἐπιστέλλω,
3479 387 3577 438 τὸν
3625 387 3754 437 ’.ὧν

474 478 674 530 torem,
730 478 790 522 ut
833 479 891 523 et
929 470 1068 523 lucis
1123 471 1273 524 radio
1313 470 1488 524 aciem
1515 471 1716 526 mentis
1749 473 2043 535 illuminet,

473 566 528 609 et
577 557 706 611 doni
758 560 1190 628 magnitudinem
1243 562 1520 625 ostendat,
1574 573 1630 616 et
1686 564 2048 632 possessionis

475 649 624 706 illius
666 666 908 705 amorem
955 653 1232 718 incendat,
1257 663 1316 707 et
1343 654 1746 709 desiderantem
1784 655 2045 710 desiderii

473 753 782 810 compotem
813 742 1025 797 reddat.

973 951 1205 1007 LXXIV.
1224 984 1294 992 —
1315 954 1548 1010 Urbano.

537 1057 823 1116 Concessit
858 1062 1020 1117 nobis
1069 1067 1364 1120 muniﬁcus
1388 1069 1656 1122 Dominus
1703 1078 1763 1122 ut
1787 1069 1889 1123 hac
1921 1086 2046 1124 rur-

469 1164 592 1204 sum
626 1150 920 1207 festivitate
954 1153 1286 1220 frueremur,
1317 1168 1372 1211 et
1393 1158 1636 1213 festalem
1659 1161 2042 1216 salutationem

472 1241 889 1309 magniﬁcentia:
938 1253 1044 1298 ture
1093 1246 1475 1303 mitteremus:
1511 1266 1674 1318 quam
1719 1251 1941 1320 quidem
1987 1263 2044 1308 et

471 1331 652 1386 valere
696 1348 761 1387 ac
807 1333 1001 1390 ﬂorere
1043 1347 1317 1405 optamus,
1359 1349 1414 1393 et
1444 1341 1718 1396 ineﬁ‘abile
1741 1357 1770 1395 a
1803 1343 1915 1396 Deo
1941 1344 2042 1398 do-

471 1438 602 1475 num
657 1425 941 1494 consequi,
989 1428 1136 1496 quod
1189 1429 1460 1484 bonorum
1483 1448 1604 1500 quae
1632 1443 1925 1501 sperantur
1949 1449 2043 1489 ac-

468 1512 797 1568 cedentibus
823 1517 1032 1571 semina
1072 1519 1286 1590 1124
1315 1523 1650 1590 suppeditat,
1680 1532 1738 1576 et
1762 1540 2043 1594 nunquam

470 1602 725 1659 desitum
773 1606 899 1660 vita:
952 1609 1214 1678 regnique
1251 1611 1491 1682 symbola
1528 1614 1755 1682 praebet.
1794 1615 1918 1669 Haec
1944 1615 2043 1670 be-

2147 477 2366 543 ὰγαθῶν
2391 477 2682 531 ἀντιϐολῶν
2709 479 2965 548 χορηγὸν,
2997 479 3089 529 καὶ
3117 479 3295 546 φωτός
3325 480 3524 529 ἀκτῖνα
3566 481 3752 547 139$-

2148 568 2342 621 σασθαι
2374 568 2451 637 τῷ
2483 569 2582 637 τῆς
2609 568 2785 636 ψυχῆς
2816 568 3045 638 δπτικῷ,
3082 571 3176 620 καὶ
3209 569 3307 637 τῆς
3345 568 3564 637 δωρεᾶς
3607 570 3748 618 ἐπιο

2144 657 2312 722 δεῖξαι
2338 659 2398 710 τὸ
2427 660 2676 730 μέγεθος,
2705 660 2799 711 καὶ
2835 661 2932 726 τῆς
2976 661 3219 728 κτῆπεωῖ
3257 660 3478 727 ἐκείνης
3528 659 3747 723 ἑξὲέκ

2144 749 2236 800 τὸν
2286 748 2501 820 ἔρωτα,
2556 751 2650 803 καὶ
2689 749 2989 820 ποθήσαντι
3034 751 3380 820 δωρήσασθαι
3419 751 3484 801 τὸ
3529 750 3746 802 ποθού-

2150 859 2328 910 μενον.

2663 955 2779 1008 UA'.
2802 985 2872 994 —
2905 952 3204 1022 Οἰτίάνῷ.

2215 1069 2456 1120 Δέδωκεν
2486 1069 2614 1138 μίν
2639 1070 2667 1121 ό
2695 1068 3071 1137 μεγαλόδωρος
3093 1067 3368 1136 Δεσπότης
3394 1069 3493 1119 καὶ
3519 1067 3742 1132 ταύτης

2144 1156 2307 1209 πάλιν
2347 1156 2648 1208 ἀπολαῦσαι
2683 1157 2782 1225 τῆς
2825 1156 3038 1226 ἑορτῆς,
3081 1155 3174 1208 καὶ
3213 1156 3309 1224 τὴν
3357 1156 3739 1224 έορταστιχῆ-.

2145 1247 2446 1317 πρόσρησιν
2495 1247 2706 1316 πέμψαι
2762 1249 2826 1316 τῇ
2881 1246 3325 1316 μεγαλοπρεπείᾳ
3501 1249 3570 1313 σῇ
3599 1263 3617 1274 ·
3677 1247 3744 1314 ἢν

2143 1338 2407 1405 ὑγιαίνειν
2447 1355 2506 1390 τε
2573 1340 2667 1390 καὶ
2723 1337 3049 1407 διαλάμπειν
3108 1337 3415 1406 εὐχόμεθα,
3476 1340 3586 1389 καὶ
3639 1337 3749 1404 τῆς

2143 1425 2380 1496 ἀρρήτου
2427 1427 2520 1478 καὶ
2550 1425 2831 1478 θεοσδότου
2885 1425 3209 1494 μεταλαχείν
3247 1427 3496 1495 δωρεᾶς,
3541 1427 3578 1494 ἢ

2145 1515 2513 1586 ἐλπιζομένων
2567 1515 2785 1582 ἀγαθῶν
2827 1519 2938 1578 τοῖς
2979 1515 3270 1584 προσιοῦσι
3317 1517 3387 1569 τὰ
3428 1518 3756 1586 σπέρματα

2143 1612 2386 1681 χορηγεῖ,
2414 1610 2506 1662 καὶ
2533 1609 2631 1678 τῆς
2659 1609 2809 1672 τέλος
2836 1609 2896 1660 οὑ
2917 1609 3208 1677 δεξομένης
3230 1608 3374 1677 ζωῆς
3404 1627 3466 1661 τε
3503 1610 3608 1660 καὶ
3643 1609 3758 1677 βαε-

3627 1427 3753 1476 τάν

472 1693 694 1764 nignum
749 1697 1037 1752 Dominum
1086 1702 1450 1770 amplitudini.
1479 1712 1586 1758 tua:
1631 1715 1888 1774 przestare
1917 1721 2034 1760 ora-

2147 1699 2350 1761 σιλείας
2378 1697 2447 1750 τὰ
2491 1696 2737 1768 σύμϐολα
2767 1697 3001 1749 δίδωσιν.
3055 1697 3243 1748 Ταῦτα
3276 1697 3370 1748 τὸν
3415 1697 3760 1763 φιλανθρω-

479 1803 622 1842 mus.
658 1787 847 1844 Solent
895 1791 1043 1845 enim
1105 1794 1198 1862 qui
1256 1803 1443 1848 amant
1488 1797 1681 1851 amicis
1709 1797 1850 1852 bona
1877 1813 2045 1868 expe-

470 1887 603 1934 tere.

770 2092 975 2148 LXXV.
1015 2093 1315 2150 —Clcricis
1351 2096 1725 2154 Berwensibus.

541 2199 915 2255 Animadverti
953 2219 1060 2257 non
1096 2204 1192 2258 abs
1235 2222 1293 2260 re
1325 2222 1446 2261 esse
1499 2209 1646 2278 quod
1690 2225 1788 2265 vos
1840 2226 2037 2266 amem.

469 2288 657 2345 Fidem
699 2292 844 2346 enim
887 2292 1136 2349 fecerunt
1162 2297 1379 2366 pictatis
1406 2309 1600 2356 vestrm
1627 2300 1822 2356 litterze
1851 2318 2039 2356 aman-

471 2392 577 2436 tem
613 2400 697 2438 me
729 2385 1022 2440 rcdaniari.
1050 2388 1179 2442 Mihi
1209 2405 1338 2444 vero
1369 2406 1468 2444 cur
1512 2408 1608 2446 vos
1638 2409 1814 2448 amem
1864 2409 2040 2447 causa!

468 2482 595 2527 sunt
639 2476 989 2545 complures:
1025 2479 1262 2547 primum
1316 2482 1561 2550 quidem,
1588 2484 1734 2553 quod
1762 2495 1914 2554 pater
1941 2501 2035 2538 ve-

467 2570 599 2625 ster,
627 2580 853 2632 magnus
877 2566 968 2618 ille
995 2577 1050 2620 et
1080 2568 1414 2635 apostolicus
1447 2571 1548 2633 vir,
1601 2588 1755 2626 meus
1811 2589 2032 2642 quoque

468 2661 622 2722 pater
647 2653 770 2707 l‘uit.
800 2655 1007 2709 Deinde
1032 2656 1177 2724 quod
1205 2658 1676 2727 religiosissimum
1695 2663 2034 2733 episcopum,

465 2744 559 2812 qui
613 2744 911 2799 Ecclesiam
968 2757 1202 2801 vestram
1259 2765 1406 2804 nunc
1447 2752 1605 2819 regit,
1652 2753 1929 2808 unanimis
1974 2770 2038 2810 ac

464 2836 708 2905 germani
758 2836 942 2892 fratris
1001 2839 1227 2893 habeam
1277 2840 1433 2906 loco;
1480 2843 1724 2907 tertium,
1753 2844 2034 2899 civitatum

465 2927 750 2992 vicinitas;
787 2938 1063 2998 quartum,
1099 2931 1244 3000 quod
1274 2931 1590 3002 frequentes
1623 2934 1690 2988 ad
1741 2951 1841 2988 nos
1892 2936 2035 2990 invi-

2149 1807 2249 1842 πον
2278 1789 2553 1855 Δεσπότην
2609 1785 2996 1855 ἀντιϐολοῦμεν
3043 1787 3119 1856 τῷ
3162 1786 3239 1856 σῷ
3282 1787 3513 1856 μεγέθει
3557 1787 3760 1856 δωρή-

2148 1881 2364 1935 σασθαι’
2402 1881 2677 1949 πεφύκασι
2720 1879 2828 1951 γὰρ
2855 1881 2904 1932 οἱ
2931 1879 3231 1948 φιλοῦντες,
3273 1880 3342 1932 τὰ
3378 1879 3584 1947 ἀγαθά
3633 1883 3761 1941 τοῖς

2146 1972 2318 2042 φίλοις
2346 1973 2539 2026 αίτεῖν.

2415 2089 2534 2141 OE'.
2559 2118 2628 2127 —
2661 2087 2788 2154 Τοῖς
2809 2086 3118 2156 κληρικοῖς
3159 2087 3425 2154 Βεροίας.

2217 2204 2428 2272 Ἔγνων
2459 2203 2534 2266 ὡς
2572 2201 2795 2265 εἰκότως
2826 2200 2954 2268 περὶ
2999 2201 3097 2269 τὴν
3129 2199 3400 2269 ὑμετέραν
3435 2199 3754 2269 διάκειμαι

2143 2295 2469 2349 θεοσέϐειαν,
2509 2294 2744 2347 Πέπεικε
2767 2293 2876 2362 γάρ
2919 2309 2984 2362 με
3021 2291 3117 2361 τῆς
3143 2290 3433 2352 εὐλαϐείας
3468 2291 3649 2360 ὑμῶν
3687 2293 3753 2343 τὰ

2141 2389 2465 2459 γράμματα,
2484 2387 2558 2449 ὡς
2577 2384 2803 2453 ἀγαπῶν
2835 2383 3252 2452 ἀνταγαπῶμαι.
3280 2383 3503 2442 Πολλὰς
3541 2383 3603 2434 δὲ
3635 2385 3750 2451 ἔχω

2140 2481 2236 2547 τῆς
2265 2478 2390 2548 περὶ
2424 2476 2577 2546 ὑμῶν
2608 2476 2826 2544 ἀγάπης
2864 2474 2963 2537 τὰς
2997 2475 3269 2543 ἀφορμάς.
3319 2473 3568 2542 Πρῶτον
3619 2475 3746 2542 μὲν,

2140 2567 2198 2620 τὸ
2219 2565 2309 2619 τὸν
2337 2567 2596 2636 ὑμέτερον
2627 2567 2854 2636 πατέρα,
2888 2565 2976 2619 τὸν
3009 2565 3180 2635 μέγαν
3219 2565 3433 2616 ἐκεῖνον
3466 2565 3583 2617 καὶ
3605 2567 3747 2617 im-

2141 2655 2382 2708 στολικὸν
2410 2655 2597 2723 ἄνδρα.
2633 2655 2726 2706 καὶ
2770 2654 2900 2724 ἐμὸν
2943 2652 3269 2722 γεγενῆσθαι
3302 2653 3563 2722 πατέρα.
3609 2653 3744 2705 Δεύ-

2139 2763 2294 2816 τερον
2333 2746 2408 2810 δὲ,
2447 2745 2508 2796 τὸ
2544 2745 2636 2796 καὶ
2679 2744 2769 2797 τὸν
2807 2743 3220 2796 θεοσεϐέστατον
3257 2743 3603 2802 ἐπίσκοπον,
3655 2743 3746 2795 τὸν

2137 2834 2232 2888 νῦν
2277 2835 2374 2905 τὴν
2420 2833 2689 2903 ὑμετέραν
2745 2832 3070 2901 Ἐκκλησίαν
3126 2831 3396 2889 ἰθύνοντα,
3445 2832 3744 2902 ὀμόιξιυχςν

2137 2925 2278 2995 ἔχειν
2315 2927 2408 2979 καὶ
2456 2926 2674 2994 γνήσιον
2720 2923 2964 2991 ἀδελφόν.
3009 2923 3222 2991 Τρίτον,
3267 2922 3378 2973 τῶν
3421 2923 3654 2975 πόλεων
3687 2926 3741 2975 τὶ

465 3032 582 3069 cent
605 3033 999 3072 commccmus:
1022 3018 1124 3072 hoc
1144 3027 1327 3075 autem
1351 3029 1406 3074 et
1435 3021 1728 3075 amicitiam
1751 3039 2032 3092 generare,

2142 3015 2448 3085 γειτόνημα.
2480 3015 2769 3084 Τέταρτον,
2810 3014 2870 3066 τὸ
2899 3013 3047 3082 θαμά
3077 3013 3213 3081 πρὸς
3255 3011 3535 3081 ἀλλήλους
3589 3015 3740 3082 ἡμᾶς

464 3117 846 3178 etgeneratam
875 3126 1201 3163 conservare
1219 3111 1552 3176 valet.Quod
1573 3113 1615 3166 si
1645 3123 1826 3166 autem
1846 3115 2034 3178 vultis,

465 3198 714 3266 quintum
737 3198 912 3252 dicam
951 3217 961 3252 :
989 3217 1109 3269 qua:
1133 3201 1331 3269 lingua:
1350 3200 1416 3254 ad
1434 3217 1592 3256 aures
1617 3211 1700 3257 est
1724 3205 2037 3273 coniunctio

467 3286 578 3355 (illa
605 3287 804 3356 quippe
835 3287 1000 3341 verba
1036 3288 1263 3356 profert,
1293 3279 1375 3342 lue
1391 3305 1522 3343 vero
1542 3291 1868 3362 excipiunt),
1891 3309 2039 3347 eam-

465 3375 588 3429 dem
621 3386 676 3431 et
725 3395 823 3431 nos
871 3377 1137 3431 habemus
1182 3378 1490 3433 vobiscum.
1530 3381 1636 3436 Vos
1675 3383 1878 3436 ctenim
1911 3401 2034 3438 cum

463 3467 738 3538 voluptate
766 3485 1047 3523 sermones
1069 3479 1284 3524 nostros
1307 3471 1530 3536 auditis,
1557 3480 1613 3526 et
1643 3489 1742 3542 ego
1785 3475 2036 3544 exiguam

466 3557 605 3613 hanc
635 3560 834 3613 stillam
861 3561 1200 3629 perlibenter
1230 3563 1282 3618 in
1329 3579 1425 3617 vos
1464 3563 1710 3617 eﬁ‘undo.
1751 3565 2034 3635 Colophon

463 3657 646 3702 autem
686 3650 907 3705 unionis
936 3661 1155 3714 nostrai,
1203 3651 1332 3704 ﬁdei
1383 3663 1468 3707 est
1519 3656 1849 3710 consensio:
1888 3658 2034 3726 quod

464 3740 774 3808 spuriorum
811 3741 1124 3812 dogmatum
1150 3743 1358 3797 nullum
1406 3744 1760 3811 admiseritis,
1806 3749 1900 3802 sed
1941 3765 2036 3803 an-

466 3833 669 3901 tiquam
696 3834 841 3888 illam
876 3843 932 3889 et
955 3835 1308 3904 apostolicam
1338 3835 1645 3891 doctrinam
1670 3841 2031 3906 conservetis,

463 3938 626 3990 quam
677 3925 985 3978 veneranda
1030 3925 1187 3980 vobis
1234 3927 1463 3981 canities
1495 3930 1694 3991 attulit,
1726 3947 1889 3998 quam
1919 3932 2034 3986 vir-

466 4013 598 4068 tutis
627 4014 856 4069 sudores
883 4016 1155 4072 aluerunt.
1200 4017 1399 4073 llortor
1448 4036 1578 4088 ergo
1631 4021 1888 4090 pietatem
1937 4040 2033 4078 vc-

465 4113 654 4169 stram,
682 4114 742 4160 ut
776 4108 952 4177 gregis
981 4110 1239 4179 majorem
1280 4127 1425 4165 nunc
1447 4128 1634 4166 curam
1695 4114 2030 4184 suscipiatis,

464 4205 628 4266 atque
679 4198 826 4254 hunc
874 4199 1100 4255 illa-sum
1145 4203 1351 4271 pastori
1401 4205 1748 4271 custodiatis,
1800 4215 1860 4260 ut
1906 4223 2032 4262 cum

467 4285 661 4340 ﬁducia
697 4287 906 4358 1125
942 4290 1258 4359 prmclaram
1296 4291 1440 4346 illam
1487 4293 1809 4362 patriarchae
1841 4313 2031 4352 vocem

465 4380 738 4447 nsurpetis
769 4397 780 4433 :
821 4400 838 4430 ι
869 4381 978 4435 Nec
1002 4397 1030 4434 a
1053 4380 1225 4436 bestia
1249 4393 1466 4452 captum
1501 4384 1676 4439 obtuli
1708 4386 1805 4440 tibi
1839 4386 1902 4440 ⁸ο.
1934 4407 1951 4437 ι

2143 3107 2349 3176 φοιτᾷν.
2399 3104 2599 3157 Ἱκανὸν
2638 3105 2693 3156 δὲ
2730 3104 2884 3156 τοῦτο
2927 3105 3020 3158 καὶ
3054 3106 3229 3155 τεκεῖν
3258 3103 3470 3171 φιλίαν,
3511 3105 3615 3155 καὶ
3649 3120 3738 3154 τε-

2139 3197 2356 3268 χοεῖσαν
2382 3197 2629 3266 αὖξῇσαι.
2663 3197 2722 3248 Εἰ
2759 3196 2815 3247 δὲ
2851 3195 3125 3264 βούλεσθε,
3155 3197 3249 3246 καὶ
3274 3195 3547 3262 πέμπτην
3577 3195 3701 3264 ἐρῶ
3723 3214 3735 3224 ·

2138 3291 2203 3360 ἣν
2247 3291 2471 3361 παρέχει
2524 3288 2819 3356 συνάφειαι)
2857 3287 3070 3354 γλῶττα
3117 3286 3253 3355 προς
3294 3286 3468 3355 ἀκοὴν
3526 3288 3588 3354 (ἡ
3631 3289 3737 3356 μὲν

2137 3381 2244 3451 γὰρ
2284 3382 2540 3452 προφέρει
2591 3381 2713 3441 τοὺς
2746 3379 2954 3446 λόγους,
2989 3381 3022 3449 ἡ
3069 3378 3125 3430 δὲ
3168 3377 3384 3446 δέχεται
3441 3378 3735 3443 τούτουςὶ.

2135 3473 2336 3542 ταύτην
2369 3473 2458 3524 καὶ
2489 3474 2646 3542 ἡμεῖς
2678 3471 2872 3540 ἔχομεν
2906 3469 3039 3540 πρὸς
3071 3471 3234 3538 ὑμᾶς.
3270 3470 3379 3521 Καὶ
3406 3469 3526 3539 γὰρ
3565 3471 3734 3538 ὑμεῖς

2137 3563 2326 3631 ἥδιστα
2371 3561 2477 3613 τῶν
2531 3560 2814 3630 ἡμετέρων
2858 3558 3150 3611 ὲπακούετε
3188 3559 3382 3626 λόγων,
3428 3559 3600 3626 κάγὼ
3635 3561 3732 3630 τὴν

2136 3652 2325 3706 λιϐάδα
2365 3669 2465 3720 μου
2503 3651 2600 3722 τὴν
2633 3651 2870 3720 σμικρὰν
2907 3651 3190 3712 ἀσπασίως
3222 3651 3300 3712 εἰς
3339 3651 3492 3718 ὑμᾶς
3531 3653 3730 3704 ἁναλὶ-

2137 3761 2272 3796 σκω.
2314 3743 2372 3795 ὐ
2403 3743 2458 3794 δὲ
2497 3743 2737 3808 κολοφὼν
2766 3742 2862 3810 τῆς
2897 3740 3159 3802 ὲνώσεως,
3209 3742 3240 3810 ἡ
3286 3743 3591 3810 συμφωνία
3627 3745 3728 3812 τῆς

2135 3830 2477 3893 πίστεωςοτὸ
2505 3830 2669 3899 μηδὲν
2693 3829 2798 3881 τῶν
2829 3829 2996 3881 νόθων
3018 3829 3360 3894 εἰσδέξασθαι
3389 3830 3722 3900 δογμάτων.

2135 3925 2269 3979 ἀλλά
2296 3923 2392 3994 τὴν
2427 3921 2657 3976 παλαιὰν
2699 3921 2910 3992 ἐκείνην
2957 3921 3050 3973 καὶ
3097 3920 3464 3990 ἀποστολικὴν
3515 3923 3726 3991 φυλάτ-

2133 4037 2246 4074 τειν
2284 4016 2650 4081 διδασκαλίαν,
2692 4018 2757 4086 ἢν
2795 4017 2826 4085 ἡ
2864 4015 3136 4084 σεϐασμία
3170 4016 3297 4085 ὑμῖν
3340 4021 3720 4085 προσενήνοχς

2134 4111 2316 4173 πολιά,
2344 4112 2410 4181 ἣν
2437 4109 2634 4180 ἀρετῆς
2669 4107 2890 4178 ἱδρῶτες
2913 4107 3226 4175 ἐξέθρεψαν.
3256 4107 3581 4176 Παρακαλῶ
3604 4108 3718 4158 τοί-

2132 4221 2227 4257 νυν
2268 4202 2368 4272 τὴν
2399 4200 2666 4271 ὑμετέραν
2705 4198 3012 4250 θεοσέϐειαν
3045 4197 3140 4249 νῦν
3185 4198 3407 4251 πλείονα
3448 4199 3559 4267 τῆς
3598 4200 3721 4250 ποί-

2137 4309 2272 4364 μνης
2307 4290 2636 4362 ποιήσασθαι
2663 4289 3024 4361 προμήθειαν,
3058 4291 3150 4342 καὶ
3189 4289 3425 4358 φυλάξαι
3462 4290 3552 4359 τῷ
3599 4308 3718 4342 ποι-

2141 4383 2260 4456 μένι
2290 4381 2492 4451 ταύτην
2533 4379 2844 4450 ἀλώϐητον,
2879 4380 2972 4433 καὶ
3009 4379 3146 4450 μετὰ
3180 4379 3496 4451 παρρησίας
3543 4383 3720 4432 εἰπεῖν

460 4469 552 4521 τὸν
584 4470 892 4535 ἀξιέπαινον
912 4472 1002 4526 τοῦ
1029 4475 1363 4546 πατριάρχου
1389 4475 1562 4544 λόγον·
1596 4496 1614 4529 t
1649 4478 1994 4550 Θηριάλωτον
2018 4481 2118 4534 οὑκ
2152 4475 2379 4547 ὲνήνοχά
2417 4491 2519 4527 σοι.
2558 4492 2577 4526 ι

740 4584 1270 4641 l.XXVl.—Uranio
1317 4588 1527 4659 prwsidi
1568 4588 1745 4662 Cypri.

533 4691 812 4746 Sinceram
864 4692 1155 4749 amicitiam
1206 4699 1496 4766 praesentia
1550 4701 1891 4764 corroborat,
1946 4703 2028 4758 lo-

462 4798 652 4837 eorum
698 4793 880 4838 autent
922 4783 1181 4839 distantia
1216 4803 1324 4842 non
1366 4789 1592 4844 dirimit.
1619 4791 1802 4845 V'alida
1829 4793 2030 4862 quippe

463 4873 627 4945 hujus
645 4885 773 4930 sunt
793 4876 1030 4930 vincula.
1071 4875 1225 4942 Quod
1257 4880 1478 4948 quidem
1515 4892 1571 4936 et
1597 4898 1663 4936 ex
1693 4884 1816 4938 aliis
1847 4885 2033 4939 multis

461 4978 789 5033 cognoscere
832 4975 917 5020 est
941 4967 993 5020 in
1023 4979 1278 5038 promptu
1318 4986 1330 5021 :
1373 4969 1467 5023 sed
1496 4970 1562 5023 ad
1585 4971 1714 5026 dicti
1741 4974 2031 5030 veritatem

463 5053 594 5108 satis
625 5069 742 5108 esse
767 5065 997 5124 possunt
1025 5071 1113 5109 res
1135 5064 1355 5110 nostrae.
1399 5056 1565 5110 Multa
1609 5059 1756 5112 enim
1794 5076 1894 5114 nos
1943 5076 2028 5117 sc-

464 5144 714 5216 iunguut,
755 5155 812 5199 et
838 5156 1071 5211 montes,
1117 5155 1172 5202 et
1220 5147 1404 5211 urbes,
1433 5156 1489 5202 et
1534 5165 1723 5204 mare:
1763 5151 1894 5205 nihil
1951 5163 2029 5206 ta-

467 5251 587 5290 Inen
633 5237 1047 5307 magniﬁcentia:
1073 5246 1179 5292 tua:
1203 5240 1520 5293 memoriam
1547 5241 1825 5295 exstinxit.
1857 5243 2029 5298 Simul

467 5341 528 5377 ae
552 5328 696 5382 enim
729 5329 801 5382 ab
833 5329 1065 5383 urbibus
1099 5330 1206 5384 illis
1227 5346 1348 5400 qua:
1376 5333 1512 5387 mari
1536 5333 1785 5404 adjacent
1805 5337 2030 5391 venien-

470 5423 575 5469 tem
625 5422 902 5476 cernimus
954 5421 1215 5491 aliquem,
1265 5439 1390 5476 mos
1412 5425 1648 5495 Cyprum
1677 5437 1732 5482 et
1759 5429 2032 5497 egregium

467 5505 586 5573 eius
636 5519 903 5566 rectorem
947 5528 1126 5566 sermo
1174 5512 1426 5582 producit
1481 5515 1533 5570 in
1589 5517 1847 5584 medium,
1884 5519 2036 5574 heta-

535 5657 580 5688 "
609 5659 744 5712 Cen.
778 5676 919 5724 xui,
952 5663 1037 5715 Iit).

2345 4589 2481 4656 θεῖ’.
2521 4616 2588 4625 -—
2623 4587 2890 4655 Οὐρανίφ
2929 4584 3172 4655 ἄρχοντι
3206 4587 3472 4653 Κύπρου.

2199 4702 2309 4773 Τὴν
2348 4700 2614 4770 εἰλικρινῆ
2647 4698 2830 4769 φιλίαν
2859 4697 3112 4768 κρατύνει
3154 4699 3251 4768 μὲν
3301 4699 3588 4764 συνουσία,
3621 4719 3713 4754 το-

2129 4794 2265 4864 πικὴ
2292 4793 2348 4846 δὲ
2367 4794 2429 4846 οὑ
2449 4792 2722 4862 διατέμνει
2748 4790 3025 4852 διάστασις
3054 4807 3065 4819 ·
3100 4790 3292 4858 ἰσχυρὰ
3325 4788 3432 4861 γὰρ
3469 4791 3546 4844 τὰ
3589 4797 3718 4844 περ.

2127 4904 2226 4956 της
2248 4885 2442 4956 δεσμά.
2472 4884 2582 4937 Καὶ
2609 4883 2764 4936 τοῦτο
2787 4883 2939 4951 γνοίη
2971 4883 3066 4951 μὲν
3093 4883 3156 4935 ἄν
3191 4898 3270 4942 τις
3291 4882 3383 4932 καὶ
3419 4883 3477 4948 ἐξ
3509 4884 3713 4949 ἑτέρων

2132 4975 2367 5030 πολλῶνο
2399 4976 2611 5047 ἀπόχρη
2652 4975 2709 5029 δὲ
2741 4975 2837 5028 καὶ
2875 4974 2941 5026 τὰ
2970 4973 3091 5027 καθ’
3128 4974 3270 5042 ἡμᾶς
3301 4972 3573 5034 ἐπιδεῖξαι
3616 4976 3710 5027 τοῦ

2120 5065 2282 5134 λόγου
2309 5066 2357 5117 τ’
2385 5065 2601 5135 ἀληθές.
2631 5065 2806 5118 Πῖλλά
2842 5065 2951 5133 γὰρ
2973 5065 3118 5134 ἡμᾶς
3159 5063 3390 5129 διίστησι
3437 5065 3546 5116 καὶ
3587 5067 3715 5135 ὅρη,

2126 5156 2219 5209 καὶ
2247 5155 2448 5218 πόλεις,
2475 5156 2570 5207 καὶ
2591 5154 2827 5208 θάλαττα
2853 5171 2864 5182 θ
2891 5153 3008 5209 ἀλλ’
3032 5153 3185 5206 οὐδὲν
3208 5151 3430 5204 ἔσϐεσεν
3459 5157 3570 5222 τῆς
3616 5155 3716 5222 σῆς

2133 5246 2605 5317 μεγαλοπρεπείας
2657 5246 2753 5316 τὴν
2804 5246 3044 5315 μνήμην.
3104 5242 3280 5306 Εὐθὺς
3323 5243 3435 5312 γὰρ
3475 5245 3550 5314 ἦν
3591 5263 3716 5298 τινα

2133 5338 2330 5406 ίδωμεν
2370 5336 2428 5402 ἐξ
2481 5337 2704 5389 ἐκείνων
2743 5335 3044 5404 ἀφιγμένον
3093 5333 3199 5386 τῶν
3249 5333 3476 5397 πόλεων,
3521 5337 3581 5387 αἶ
3617 5341 3715 5403 τῆς

2135 5427 2402 5498 θαλάττης
2434 5427 2573 5480 εἰσὶν
2613 5426 3024 5495 ἀγχιτέρμονες,
3069 5425 3168 5494 τὴν
3213 5423 3436 5493 Κύπρον
3489 5427 3592 5475 καὶ
3623 5427 3714 5475 τοι

2137 5518 2336 5589 ταύτης
2368 5521 2586 5589 ἄριστον
2621 5518 2958 5590 κυϐερνήτην
2995 5519 3073 5580 εἰς
3110 5517 3270 5587 μέσον
3300 5518 3328 5567 ὀ
3365 5516 3529 5582 λόγος
3581 5533 3713 5586 πει)-
