3924 6192
217 325 362 396 12ίὸ

1497 326 1860 389 EPISTULA
1901 328 2185 392 LXXVII.

3332 333 3466 398 1246

221 438 402 507 φέρει,
447 438 541 493 καὶ
566 437 878 510 γαννύμεθα
915 438 977 492 τὸ
1023 439 1116 492 σὺν
1148 436 1437 502 ἀκούοντες
1470 438 1650 500 κλέος.
1679 437 1794 491 Νῦν

1904 452 2130 508 murque
2179 439 2409 509 gloriam
2446 447 2593 495 tuam
2624 439 2929 497 audientes.
2955 439 3111 495 Nunc
3137 456 3269 496 vero
3298 444 3467 512 polis-

220 530 279 583 δὲ
308 529 669 601 διαφερόντως
700 529 900 600 πολλῆς
940 528 1352 602 ἐνεπλήσθημεν
1381 528 1649 599 θυμηδίας
1671 544 1687 561 ο
1723 528 1785 581 τὸ

223 621 334 693 γάρ
383 620 599 673 πάντων
638 621 771 692 ἡμῖν
813 619 1219 692 ἐρασμιώτερον
1272 620 1691 691 μεμαθήκαμεν.
1726 620 1792 673 Τί

225 713 335 782 γὰρ
361 713 507 783 ἡμῖν,
543 705 590 764 ὧ
616 712 827 783 ἀριστε,
855 710 1262 783 θυμηρέστερον
1287 709 1384 763 τοῦ
1415 710 1514 781 τὴν
1546 709 1793 776 ἀξιέπαιο

226 802 315 855 νόν
344 818 438 856 σου
465 801 642 872 ψυχὴν
668 801 746 873 τῷ
771 801 870 871 τῆς
902 801 1155 870 γνώσεως
1190 802 1330 870 φωτὶ
1372 798 1794 870 πεφωτισμένην

124 954 132 973 Ι
230 893 359 945 ίδείν
382 910 397 958 ;
432 892 535 946 Τὸν
561 893 671 962 γὰρ
700 892 913 956 πολλοῖς
938 891 1315 963 κοσμούμενον
1342 892 1536 945 εἴδεσιν
1568 889 1793 961 ἀρετῆς,

223 982 433 1037 δίκαιον
475 983 753 1054 ἡγούμεθα
793 982 885 1038 καὶ
918 983 1011 1036 τὸν
1035 981 1239 1053 ταύτης
1278 982 1604 1053 προσλαϐεῖν
1643 980 1798 1034 κολο-

223 1074 415 1142 φῶνα*
439 1076 534 1129 καὶ
575 1075 904 1145 πιστεύομεν
947 1074 1025 1137 ὡς
1060 1073 1305 1143 ὀψόμεθα
1347 1073 1408 1127 τὸ
1442 1071 1794 1143 ποθούμενον.

234 1165 503 1234 Ἀρπάσει
525 1166 634 1236 γὰρ
662 1166 818 1237 δῆλον
862 1166 944 1219 ὅτι
980 1165 1278 1235 προθύμως
1305 1166 1338 1235 ἡ
1371 1164 1439 1234 σὴ
1474 1162 1799 1234 λαμπρότης

220 1255 328 1325 τὴν
353 1254 627 1309 θεόσδοτον
656 1255 884 1327 δωρεάν,
921 1256 1074 1327 παρά
1106 1255 1344 1326 γνησίων
1378 1254 1544 1325 φίλων
1571 1252 1666 1307 καὶ
1696 1270 1796 1306 σα·-

220 1345 345 1413 φῶς
364 1346 567 1416 ταύτης
590 1346 967 1417 ἐπισταμένων
987 1346 1048 1400 τὸ
1078 1346 1308 1418 μέγεθος
1349 1344 1795 1417 προτρεπομένη,

221 1436 322 1490 καὶ
380 1436 518 1507 πρὸς
561 1437 651 1490 τὸν
703 1437 1078 1509 μεγαλόδωρον
1099 1437 1479 1509 ποδηγουμένη
1501 1435 1654 1500 Θεὸν,
1680 1454 1697 1487 ι
1738 1435 1798 1499 ὃς

216 1529 436 1594 πάντας
468 1529 787 1601 ἀνθρώπους
807 1528 950 1582 θέλει
986 1529 1243 1599 σωθῆναι,
1266 1529 1362 1582 καὶ
1386 1530 1465 1593 είς
1503 1527 1798 1597 ἐπίγνωσιν

210 1618 481 1691 ἀληθείας
497 1620 690 1686 ἐλθεῖν,
719 1639 737 1671 ι
760 1619 855 1672 καὶ
882 1619 949 1672 δι’
971 1618 1273 1690 ἀνθρώπων
1291 1618 1610 1689 ἀνθρώπους
1629 1634 1803 1690 σαγη-

214 1711 372 1765 νεύει
409 1711 545 1784 πρὸς
574 1712 869 1782 σωτηρίαν,
895 1711 976 1774 είς
1008 1710 1203 1781 ἀγήρω
1229 1708 1374 1781 ζωὴν
1401 1710 1529 1772 τοὺς
1566 1711 1800 1779 ἀγρευο-

227 1806 423 1873 μένους
449 1769 798 1872 ἀπάγων.”’0
830 1769 928 1873 μὲν
1092 1769 1374 1871 ι’)ξθυολκδς
1402 1769 1523 1853 τῶν-
1541 1769 1793 1868 θηρωμῶ
1831 1769 1877 1828 Β

224 1911 333 1948 νων
358 1893 459 1964 τὴν
491 1893 634 1963 ζωὴν
661 1895 1009 1963 ἀφαιρεῖταν
1053 1894 1082 1945 ό
1116 1891 1172 1943 δὲ
1205 1890 1471 1961 ἡμέτερος
1501 1888 1797 1944 ἀσπαλιευ-

224 1984 346 2055 τὴς,
392 1985 528 2055 ὅπερ
575 1982 640 2036 ἀν
682 1983 960 2054 ζωγρήσῃ,
1000 1981 1109 2034 τῶν
1140 1981 1353 2052 πικρῶν
1390 1980 1666 2050 ἐλευθεροῖ
1701 1976 1796 2032 τοῦ

228 2071 457 2126 θανάτου
509 2070 744 2141 δεσμῶν.
813 2069 1018 2123 Τούτου
1080 2070 1239 2141 χάριν
1308 2089 1327 2122 ‹
1371 2070 1465 2122 ἐπὶ
1532 2070 1635 2141 τῆς
1695 2070 1798 2140 γῆς

226 2165 407 2237 ὤφθη,
441 2165 668 2227 καὶτοῖς
701 2160 1011 2234 ἀνθρώποις
1038 2162 1451 2233 συνανεστράςρη
1474 2201 1489 2225 ,
1531 2180 1550 2213 ι
1585 2161 1680 2214 καὶ
1709 2160 1798 2215 διὰ

224 2253 327 2325 ﬁt;
358 2254 639 2327 όρωμένης
675 2252 1089 2324 ἀνθρωπότητος
1117 2252 1213 2323 τὴν
1240 2253 1523 2323 ζωηφόρον
1552 2253 1664 2316 τοῖς
1700 2253 1799 2306 ἀν-

227 2345 467 2417 θρώποις
494 2346 841 2400 διδασκαλίαν
867 2348 1261 2417 προσήνεγκεν,
1288 2347 1385 2398 καὶ
1406 2346 1645 2414 λογικοῖς
1666 2345 1801 2417 πρέ-

224 2453 433 2490 πουσαν
448 2436 721 2489 πολιτείαν
748 2435 1139 2505 ἐνομοθέτησεν
1158 2453 1172 2467 ’
1193 2436 1287 2487 καὶ
1313 2436 1440 2498 τοὺς
1460 2435 1658 2506 νόμους
1679 2437 1800 2497 ταῖς

227 2525 692 2598 θαυματουργίαις
720 2525 1017 2595 κρατύνας,
1058 2525 1325 2578 κατέλυσε
1359 2523 1438 2595 τῷ
1464 2525 1564 2595 τῆς
1598 2524 1799 2594 σαρκὸς

228 2617 444 2687 θανάτῳ
470 2616 561 2669 τὸν
598 2617 827 2670 θάνατον
851 2631 867 2646 ⁶
912 2617 1007 2669 καὶ
1032 2615 1235 2685 ταύτην
1268 2615 1601 2685 ἀναστήσας,
1632 2615 1798 2667 πᾶσιν

229 2710 361 2779 ἡμῖν
401 2707 668 2776 ὑπέσχετο
698 2708 799 2777 τὴν
828 2707 1152 2776 ἀνάστασιν,
1196 2704 1457 2774 ἐχέγγυον
1500 2703 1799 2775 ἀξιόχρεων

227 2799 329 2866 τῆς
363 2800 635 2868 ἡμετέρας
662 2797 1009 2860 ἀναστάσεως
1030 2795 1124 2849 τοῦ
1151 2796 1333 2866 τιμίου
1360 2795 1611 2867 σώματος
1632 2793 1799 2848 αὑτοῦ

229 2888 479 2953 δεδωκὼς
512 2891 612 2961 τὴν
656 2888 970 2942 ἀνάστασιν.
999 2887 1154 2942 Οὕτω
1185 2887 1244 2940 δὲ
1286 2887 1412 2950 τοὺς
1457 2885 1798 2957 ἀνθρώπους,

232 2982 330 3035 καὶ
356 2982 545 3034 ταῦτα’
570 2980 884 3050 μισοῦντας,
918 2980 1224 3049 ἠγάπησεν,
1255 2979 1331 3041 ὼς
1375 2978 1435 3031 τὸ
1461 2978 1560 3048 τῆς
1592 2978 1801 3030 οἰκονο-

234 3074 362 3143 μίας
387 3074 685 3144 μυστήριον
722 3072 875 3142 παρά
900 3087 1043 3125 τισιν
1076 3069 1421 3124 ἀπιστεῖσθαι
1446 3069 1536 3123 διά
1564 3068 1663 3140 τὴν
1689 3068 1800 3123 τῶν

126 3172 133 3178 “
231 3162 568 3233 παθημάτων
599 3161 924 3233 ὑπερϐολήν.
966 3161 1206 3231 ’Δπόχρη
1240 3159 1296 3213 δὲ
1338 3159 1509 3224 δεῖξαι
1545 3160 1645 3229 τῆς
1678 3160 1801 3226 φιλ-

232 3252 547 3323 ανθρωπίας
592 3254 691 3324 τὴν
736 3238 993 3317 ἄϐυσσον,
1045 3250 1228 3305 καὶτὸ
1272 3251 1398 3312 τοὺς
1443 3248 1805 3312 ἀπιστοῦντας

231 3345 312 3398 ἔτι
354 3345 475 3398 καθ’
524 3344 738 3415 ἡμέραν
780 3343 1020 3412 ἑκάστην
1061 3344 1268 3396 καλεῖν.
1316 3343 1468 3394 Ποιεῖ
1517 3341 1575 3394 δὲ
1619 3339 1801 3403 τοῦτο,

229 3438 330 3507 οὐχ
365 3436 442 3500 ὡς
472 3434 820 3506 ἀνθρωπίνης
865 3433 1164 3503 θεραπείας
1199 3431 1454 3502 δεόμενος
1497 3430 1662 3501 (τίνος
1695 3429 1802 3500 γὰρ

233 3528 422 3598 ἀνδεὴς
453 3527 563 3581 τῶν
589 3527 726 3580 ὅλων
748 3527 777 3578 ὁ
802 3525 1082 3596 Ποιητὴς),
1107 3523 1224 3578 ἀλλ’
1256 3524 1333 3588 ὼς
1368 3522 1537 3593 διψῶν
1574 3523 1805 3578 ἑκάστου

232 3617 333 3688 τὴν
382 3617 676 3687 σωτηρίαν.
737 3616 1021 3687 ’Δρπασον
1061 3615 1262 3680 τοίνυν,
1306 3609 1353 3669 ὦ
1405 3615 1696 3684 θαυμάσιε,
1744 3614 1805 3668 τὸ

233 3708 427 3779 δῶρον,
478 3707 576 3760 καὶ
621 3706 717 3761 τὸν
748 3706 1043 3777 φιλόδωρον
1093 3705 1354 3778 ὕμνησον,
1402 3707 1496 3759 καί¹
1540 3705 1807 3777 μεγίστην

230 3801 367 3871 ⁴ἡμῖν
395 3799 491 3853 καὶ
512 3798 932 3871 θυμηρεστάτην
960 3797 1294 3869 προξένησον
1316 3798 1531 3869 ἑορτήν.

235 3973 701 4040 ozn—Eomzq»
716 3974 1026 4041 ἐπισκόπφ
1041 3973 1152 4043 τῆς
1170 3975 1466 4045 Περσικῆς
1481 3976 1805 4048 Ἀρμενίας.

311 4086 526 4157 Ἔγνων
594 4088 671 4153 ὡς
719 4088 982 4161 ἐζήτησεν
1034 4090 1062 4143 ό
1121 4091 1364 4153 Σατανᾶς
1425 4091 1659 4145 σινιάσαι
1716 4093 1808 4146 καὶ

238 4179 383 4250 ὑμᾶς
414 4179 490 4244 ὼς
527 4179 619 4234 τὸν
657 4182 823 4247 σῖτον,
868 4181 961 4235 καὶ
998 4181 1293 4235 ἐνδέδωκεν
1322 4184 1351 4236 ὁ
1383 4167 1678 4255 Δεσπότης,
1719 4184 1808 4238 ῖνα

237 4270 387 4342 δείξῃ
413 4270 503 4325 τὸν
532 4273 698 4335 σῖτον,
739 4271 828 4326 ἵνα
857 4271 950 4326 τὸν
988 4273 1187 4344 χρυσὸν
1228 4272 1519 4348 δοκιμάσῃ,
1568 4275 1656 4329 ῐνα
1680 4277 1807 4340 τοὺς

237 4360 556 4426 δοξάζοντας
622 4362 977 4432 ἁντιδοξάση,
1046 4363 1134 4416 ῖνα
1190 4363 1318 4427 τοὺς
1392 4364 1630 4435 ἀθλητὰς
1684 4382 1808 4418 στε-

1829 3117 1875 3178 C

1892 528 2091 583 simum
2119 530 2324 606 ingenti
2345 531 2543 600 gaudio
2571 532 2765 602 repleti
2797 548 3009 598 sumus,
3044 546 3168 586 cum
3215 532 3271 587 id
3319 534 3464 588 didi-

1893 620 2134 674 cerimus
2176 621 2324 690 quod
2395 622 2611 677 caeteris
2663 623 2922 677 omnibus
2977 623 3267 677 amabilius
3311 625 3469 678 nobis

1893 719 2035 766 erat.
2084 710 2226 777 Quid
2266 712 2415 767 enim
2451 714 2637 781 nobis,
2691 715 2776 768 vir
2803 716 3027 786 optime,
3058 714 3467 785 sitjucundius,

1893 816 2057 871 quam
2110 802 2442 859 laudabilem
2489 806 2728 860 animam
2774 813 2920 860 tuam
2971 805 3213 862 scientiae
3262 806 3469 860 lumine

1895 892 2222 948 illustratam
2256 895 2551 950 contueri?
2586 896 2725 950 Eum
2754 895 2978 967 quippe,
3027 897 3121 967 qui
3179 896 3471 966 multiplici

1895 985 2117 1040 virtutis
2135 1001 2335 1055 genere
2362 987 2431 1042 sit
2456 997 2702 1055 ornatus,
2732 1003 2948 1057 aequum
2972 1003 3262 1044 censemus
3293 989 3472 1058 ipsum

1895 1075 2064 1131 etiam
2119 1076 2270 1131 illius
2320 1078 2681 1148 colophoncm
2738 1078 3473 1150 adjungere,credimusque

1861 1181 1998 1259 ’nos
2024 1166 2171 1236 quod
2193 1167 2445 1239 cupimus
2493 1176 2907 1237 conspecturos.
2970 1172 2987 1191 ⁹
3034 1166 3278 1236 Arripict
3325 1167 3474 1220 enim

1902 1257 2047 1312 haud
2100 1248 2266 1312 dubie
2313 1268 2567 1328 prompto
2622 1259 2804 1314 animo
2856 1259 3075 1314 claritas
3104 1266 3195 1312 tua
3227 1257 3474 1311 divinum

1897 1348 2127 1414 donum,
2158 1348 2435 1418 germanis
2459 1347 2668 1413 amicis,
2700 1348 2794 1417 qui
2835 1349 2998 1417 hujus
3040 1346 3476 1418 magnitudinem

1897 1441 2143 1511 apprime
2199 1439 2406 1507 norint,
2464 1438 2876 1510 instigantibus,
2937 1446 2993 1492 et
3043 1439 3110 1492 ad
3156 1439 3473 1492 muniﬁcum

1898 1532 2147 1586 datorem
2173 1531 2346 1585 Deum
2377 1529 2799 1598 deducentibus,
2825 1530 2919 1600 qui
2953 1549 2972 1582 ι
3006 1545 3199 1584 omnes
3223 1529 3478 1583 homines

1899 1623 2019 1678 vult
2062 1622 2242 1677 salvos
2292 1621 2435 1687 ﬁeri,
2492 1630 2550 1677 et
2597 1620 2667 1674 ad
2715 1620 3049 1692 agnitionem
3096 1618 3347 1674 veritatis
3378 1633 3476 1672 ve-

1901 1716 2024 1769 nire
2054 1713 2099 1745 ⁸¹
2125 1731 2139 1765 :
2170 1730 2189 1764 ι
2230 1712 2326 1783 qui
2384 1710 2669 1767 hominum
2710 1726 2879 1781 opera
2932 1710 3184 1764 homines
3234 1709 3479 1777 piscatur

1899 1803 1969 1859 ad
2017 1804 2272 1871 salutem,
2324 1802 2393 1858 ad
2431 1801 2571 1857 senii
2616 1786 2898 1871 expertem
2928 1800 3094 1853 vitam
3130 1807 3320 1867 captos
3349 1812 3478 1867 per-

1901 1898 2132 1953 ducens.
2187 1896 2427 1952 Piscium
2465 1893 2614 1950 enim
2665 1900 2896 1949 venator
2949 1891 3061 1945 vita
3106 1889 3288 1960 privat
3341 1902 3480 1958 quos

1901 1987 2051 2058 capit
2085 2003 2099 2041 :
2134 1995 2190 2041 at
2223 1986 2463 2057 piscator
2504 1993 2698 2040 noster
2741 1998 2880 2055 quos
2936 1981 3149 2051 1126
3186 1981 3343 2034 vivos
3389 1994 3479 2033 ce-

1902 2081 2068 2153 perit,
2103 2079 2173 2134 ab
2198 2078 2400 2134 amaris
2422 2079 2614 2133 mortis
2647 2077 2882 2133 vinculis
2912 2074 3130 2131 liberat.
3171 2071 3345 2142 Hujus
3396 2072 3479 2127 rei

1903 2166 2075 2238 gratia
2105 2185 2123 2216 ι
2153 2166 2209 2220 in
2235 2165 2399 2221 terris
2424 2165 2575 2221 visus
2604 2172 2708 2231 est,
2748 2173 2804 2219 et
2836 2178 2963 2219 cum
2996 2161 3316 2215 hominibus
3349 2176 3482 2215 con-

1902 2263 2154 2312 versatus
2185 2263 2270 2311 est
2310 2255 2380 2322 ",
2416 2274 2436 2307 ι
2475 2262 2531 2310 et
2557 2270 2656 2325 per
2691 2254 2876 2313 oculis
2894 2252 3194 2323 expositam
3228 2250 3481 2304 humani-

1904 2356 2094 2414 tatem,
2116 2347 2337 2402 vitalem
2365 2346 2683 2402 hominibus
2705 2346 3012 2401 doctrinam
3037 2343 3240 2408 attulit,
3289 2350 3345 2397 et
3388 2357 3478 2395 ra-

1906 2439 2057 2494 tione
2081 2438 2326 2509 praeditis
2352 2446 2748 2509 congruentem
2773 2435 3249 2491 conversationem
3267 2433 3480 2503 legibus
3594 2422 3607 2435 ”

1904 2529 2104 2594 sanxit,
2131 2528 2386 2598 legesque
2409 2528 2689 2583 miraculis
2717 2526 3068 2590 conﬁrmans,
3092 2523 3277 2580 carnis
3303 2530 3481 2577 morte

1904 2628 2138 2674 mortem
2186 2619 2481 2684 destruxit,
2531 2624 2589 2674 et
2622 2633 2842 2672 carnem
2873 2616 3146 2673 suscitans
3179 2614 3339 2669 nobis
3361 2628 3480 2668 om-

1905 2712 2068 2766 nibus
2088 2710 2544 2766 resurrectionem
2591 2709 2867 2780 promisit,
2902 2707 3161 2762 idoneum
3213 2706 3351 2761 dans
3398 2705 3480 2775 pi-

1906 2817 2045 2872 gnus
2090 2800 2512 2857 resurrectionis
2564 2808 2767 2856 nostrae
2818 2798 3047 2869 pretiosi
3100 2798 3349 2867 corporis
3395 2796 3479 2850 sui

1907 2895 2391 2949 resurrectionem.
2436 2892 2527 2947 Sic
2570 2899 2754 2946 autem
2798 2891 3050 2945 homines
3071 2888 3324 2960 quamvis
3351 2887 3479 2943 odio

1906 2984 2174 3039 habentes
2201 2984 2413 3050 dilexit,
2450 2994 2511 3039 ut
2545 2981 2942 3038 incarnationis
2966 2981 3286 3052 mysterium
3317 2979 3477 3034 ﬁdem

1904 3074 2048 3144 apud
2099 3074 2363 3144 quosdam
2417 3082 2644 3144 propter
2678 3073 3022 3128 cruciatuum
3068 3085 3207 3141 quos
3252 3068 3480 3140 pertulit

1905 3164 2247 3219 atrocitatem
2273 3180 2384 3219 non
2415 3165 2678 3219 obtineat.
2708 3163 2938 3218 Abunde
2970 3177 3104 3216 vero
3155 3160 3224 3216 ad
3256 3161 3483 3215 demon-

1904 3259 2185 3315 strandam
2204 3259 2563 3313 humanitatis
2590 3258 2846 3329 abyssum
2881 3257 3101 3323 sulIicit,
3135 3256 3281 3327 quod
3304 3255 3481 3310 incre-

1904 3348 2065 3403 dulos
2093 3348 2397 3401 etiamnum
2443 3346 2499 3399 in
2535 3346 2655 3400 dies
2697 3361 2895 3401 vocare
2946 3362 3057 3400 non
3104 3352 3303 3400 cessat.
3363 3344 3481 3398 Hoc

1905 3452 2070 3508 porro
2107 3436 2237 3506 agit,
2272 3450 2381 3490 non
2415 3437 2570 3505 quasi
2603 3437 2844 3490 humano
2863 3451 3030 3506 egens
3059 3435 3320 3489 famulatu
3351 3434 3480 3505 (qua

1904 3528 2054 3584 enim
2074 3543 2132 3581 re
2159 3526 2399 3597 indigeat
2420 3526 2515 3596 qui
2548 3525 2807 3581 universa
2860 3524 3148 3593 creaviti),
3200 3523 3295 3578 sed
3330 3524 3479 3576 salu-‘-

1906 3626 2017 3675 tem
2046 3618 2241 3674 sitiens
2281 3617 2735 3686 uniuscujusque.
2795 3615 2978 3682 Quare
3029 3613 3235 3668 donum
3274 3610 3478 3680 arripe,

1905 3713 1991 3766 vir
2018 3708 2357 3775 admirande,
2409 3707 2654 3777 donique
2698 3714 2982 3760 auctorem
3017 3702 3274 3757 laudibus
3322 3700 3478 3766 eﬂ‘er,

1906 3812 1964 3860 et
1988 3803 2283 3858 maximam
2311 3799 2473 3855 nobis
2511 3796 3078 3870 jucundissimamque
3127 3791 3480 3848 festivitatem

1907 3893 2554 4039 adligllzrvu.—-—Eulalio
2598 3977 2837 4047 episcopo
2875 3974 3100 4030 Persica:
3126 3972 3409 4028 Armenia.
3466 3938 3475 3951 .

1978 4095 2221 4169 Cognovi
2256 4092 2551 4163 expetiisse
2586 4089 2868 4155 Satanam,
2897 4095 2958 4142 ut
2996 4102 3095 4142 vos
3147 4085 3313 4142 etiam
3367 4082 3481 4138 cri-

1906 4189 2096 4245 braret
2124 4187 2269 4243 sicut
2297 4184 2542 4239 triticum
2587 4181 2656 4249 “,
2708 4187 2765 4234 et
2811 4178 3128 4251 permisisse
3167 4176 3480 4240 Dominum,

1907 4292 1971 4337 ut
2006 4281 2253 4336 triticum
2296 4275 2634 4339 ostenderet,
2667 4280 2730 4327 ut
2752 4285 2947 4326 aurum
2977 4269 3254 4340 probaret,
3279 4274 3342 4321 ut
3368 4266 3483 4336 glo-

1908 4375 2188 4431 riﬁcantes
2218 4388 2277 4428 se
2318 4368 2670 4443 gloriﬁcaret,
2701 4374 2764 4421 ut
2799 4364 3033 4420 athletas
3085 4368 3392 4424 coronaret,
3423 4365 3485 4413 ut

240 4449 465 4523 φανὼσῃ
491 4496 506 4519 ,
574 4455 662 4508 ῖνα
725 4455 853 4517 τοὺς
917 4454 1175 4524 ἀριστέας
1236 4455 1575 4527 ἀνακηρύξῃ.
1665 4455 1802 4520 Ἐγὼ

1908 4467 2150 4521 victores
2190 4461 2574 4532 proclamaret.
2633 4457 2748 4528 Ego
2798 4468 2930 4510 sane
2964 4452 3132 4507 timeo
3167 4457 3224 4505 et
3256 4448 3480 4511 horreo,

244 4550 424 4620 μέντοι
475 4548 621 4602 δέδια
660 4547 754 4599 καὶ
812 4545 1041 4617 φρίττω,
1087 4545 1147 4598 οὐ
1193 4547 1322 4618 περὶ⁵
1372 4547 1526 4617 ὑμῶν
1563 4548 1810 4617 ἀγωνιῶν

242 4638 352 4691 τῶν
407 4637 665 4706 γενναίων
737 4636 839 4708 τῆς
904 4634 1163 4706 ἀληθείας
1237 4637 1552 4704 ἀγωνιστῶν
1575 4678 1591 4702 ,
1697 4639 1811 4693 ἀλλ’

242 4726 400 4792 εἰδὼς
419 4729 500 4782 ὅτι
531 4727 815 4799 συμδαίνει
854 4729 948 4782 καὶ
969 4726 1357 4798 ἀσθενέστερον
1393 4729 1694 4783 διακεῖσθαί
1727 4748 1813 4783 τι-

242 4838 360 4884 νας.
408 4820 473 4874 Εἰ
516 4819 626 4892 γὰρ
662 4820 720 4873 ἐν
756 4818 1076 4874 δυοκαίδεκα
1116 4818 1434 4883 ἀποστόλοις
1484 4815 1564 4884 εἷς
1613 4822 1812 4893 εὑρέθη

243 4912 526 4985 προδότης,
556 4911 778 4983 εὔδηλον
811 4914 894 4968 ὅτι
928 4915 988 4967 ἐν
1032 4912 1454 4974 πολλαπλασίοις
1498 4911 1806 4983 ἀνθρώποις

242 5004 461 5068 πλείους
501 5004 653 5076 εῦροι
699 5021 785 5070 τις
827 5004 895 5059 ἂν
929 5005 1032 5076 τῆς
1075 5003 1409 5074 τελειότητος
1450 5002 1804 5068 ἀποδέοντας.

242 5096 426 5151 Ταῦτα
457 5097 802 5167 λογιζόμενος
836 5097 1155 5169 συνεχύθην,
1186 5097 1283 5152 καὶ
1312 5096 1553 5166 ἀθυμίας
1582 5098 1813 5168 ἐνεπλή-

1910 4573 2023 4613 non
2045 4555 2113 4611 de
2137 4553 2297 4609 vobis
2320 4550 2609 4616 sollicitus,
2636 4548 2730 4619 qui
2751 4544 2965 4603 strenui
2997 4540 3246 4599 veritatis
3271 4537 3485 4611 pugiles

1908 4649 2042 4704 estis
2066 4665 2081 4703 :
2111 4645 2207 4701 sed
2231 4642 2379 4714 quod
2412 4642 2583 4697 sciam
2611 4638 2856 4705 evenire,
2882 4644 2945 4691 ut
2992 4633 3326 4690 inﬁrmiores
3374 4629 3486 4685 sint

1908 4737 2179 4795 nonnulli.
2212 4732 2428 4789 Etenim
2461 4731 2507 4787 si
2561 4731 2619 4785 in
2671 4728 2961 4785 duodecim
3013 4724 3278 4796 apostolis
3337 4735 3485 4775 unus

1910 4839 2165 4902 repertus
2195 4837 2282 4883 est
2300 4825 2572 4897 proditor,
2609 4822 2820 4894 1127
2870 4820 3017 4875 haud
3070 4818 3302 4875 dubium
3348 4814 3485 4885 quin

1911 4920 2218 4992 copiosiore
2242 4918 2298 4973 in
2317 4916 2603 4972 hominum
2627 4928 2860 4971 numero
2882 4914 3085 4968 multos
3111 4912 3186 4967 sit
3212 4909 3484 4974 invenire,

1911 5013 2007 5083 qui
2048 5009 2404 5082 perfectionis
2463 5023 2725 5064 numeros
2780 5020 2974 5062 omnes
3037 5019 3150 5059 non
3209 5001 3483 5073 expleant.

1906 5105 2040 5172 Quae
2080 5118 2297 5159 mecum
2333 5110 2599 5171 reputans
2631 5098 2995 5155 conturbatus
3022 5111 3166 5160 sum,
3198 5102 3257 5149 et
3286 5105 3486 5163 magno

244 5182 380 5253 σθην
404 5183 624 5255 πολλῆς.
685 5203 705 5237 ι
744 5185 807 5239 Εἰ
834 5186 941 5258 γὰρ
970 5188 1167 5258 πάσχει
1219 5186 1278 5241 ἓν
1325 5186 1504 5257 μέλος,
1541 5187 1682 5240 κατά
1722 5188 1802 5240 τὸν

1909 5197 2077 5252 animi
2126 5208 2364 5251 moerere
2421 5191 2669 5248 allectus.
2730 5208 2749 5241 ι
2778 5188 2838 5242 Si
2896 5186 3030 5257 quid
3082 5184 3229 5241 enim
3280 5181 3488 5253 patitur

244 5272 386 5326 θεῖον
419 5273 760 5341 ’Δπόστολον,
792 5278 1100 5348 συμπάσχει
1130 5278 1306 5333 πάντα
1332 5279 1398 5333 τά
1421 5278 1583 5348 μέλη.
1613 5297 1632 5330 ι
1660 5279 1813 5351 Μέλη

243 5365 299 5419 δὲ
325 5366 569 5439 ἀλλήλων
594 5368 781 5439 ἐσμὲν,
809 5369 903 5423 καὶ
926 5370 1005 5433 είς
1028 5369 1086 5422 ἓν
1112 5369 1272 5441 σῶμα
1316 5370 1599 5440 τελοῦμεν,
1640 5388 1812 5442 κεφα-

245 5455 344 5526 λὴν
388 5457 604 5528 ἔχοντες
636 5459 727 5511 τὸν
769 5460 1044 5529 Δεσπότην
1087 5460 1338 5529 Χριστόν.
1375 5460 1520 5515 Μίαν
1558 5460 1616 5515 δὲ
1661 5463 1811 5533 ὅμως

245 5547 269 5601 Ι
278 5567 354 5616 χω
374 5548 483 5618 (50)
504 5548 598 5602 τοῦ
619 5548 823 5613 πάθους
843 5549 1291 5620 παραψυχὴν,τὴν
1308 5550 1578 5623 ὑμετέραν
1593 5554 1672 5616 είς
1688 5554 1812 5609 νοῦν

1911 5292 1929 5312 '
1977 5304 2149 5343 unum
2196 5284 2527 5349 membrum,
2572 5291 2634 5337 ut
2683 5281 2907 5336 divinus
2941 5277 3135 5334 scribit
3168 5271 3485 5344 Apostolus,

1917 5377 2326 5448 compatiuntur
2366 5373 2551 5429 omnia
2604 5370 2850 5427 membra
2875 5369 2942 5424 “.
2980 5388 2999 5421 ι
3036 5366 3278 5423 Memtra
3304 5370 3488 5418 autem

1917 5482 2109 5524 sumus
2141 5464 2396 5530 invicem,
2444 5471 2503 5518 et
2541 5463 2596 5517 in
2646 5477 2818 5517 unum
2867 5475 3067 5531 corpus
3109 5454 3485 5518 coalescimus,

1918 5564 2083 5629 caput
2108 5557 2378 5611 habentes
2403 5554 2681 5609 Christum
2730 5552 3043 5608 Dominum.
3089 5550 3342 5605 Attamen
3383 5541 3486 5599 do-

321 5668 361 5699 “
396 5666 579 5722 lTim.
608 5682 663 5729 ιι,
686 5666 738 5719 4.
815 5663 859 5695 ⁸²
884 5663 1116 5720 Baruch.
1155 5650 1231 5728 Ill,
1259 5665 1347 5719 58.
1425 5665 1469 5700 "'
1509 5667 1640 5725 Luc.
1699 5685 1802 5724 χιιι

1904 5674 1947 5728 l.
2028 5672 2071 5705 “
2100 5672 2120 5727 ι
2153 5669 2283 5729 Cor.
2323 5686 2414 5739 xu,
2448 5669 2538 5727 26.

319 5760 433 5833 (50)
466 5760 620 5831 ἔσχον
645 5758 811 5830 Neap.
