3924 6192
542 241 678 306 1247

1543 240 2030 302 THEODORETI
2070 237 2411 299 EPISCOPI
2448 240 2815 302 CYRENSIS

3623 245 3724 312 1248

537 354 710 407 iorem
744 365 928 406 meum
975 350 1156 408 reﬁcit
1201 367 1308 405 una
1347 351 1672 418 consolatio,
1708 353 1838 407 dum
1874 359 2113 408 vestram

2217 348 2506 419 λαμϐἀνων
2556 349 2832 420 ὁσιότητα.
2877 348 3002 412 Τοῖς
3055 347 3167 418 γὰρ
3217 348 3388 413 θείοις
3440 350 3722 422 ἐντραφέντες

537 441 717 513 cogito
738 441 1104 497 sanctitatem.
1136 441 1347 495 Divinis
1367 457 1604 512 namque
1624 443 1863 498 oraculis
1887 443 2109 507 eruditi,

535 543 592 588 et
623 550 652 588 a
677 540 957 602 pastorum
990 532 1238 601 principe
1273 533 1406 602 quid
1446 533 1653 588 bonum
1689 544 1966 604 pastorem
2013 535 2113 590 de-

534 625 716 696 signet
753 623 1056 688 informati,
1100 623 1328 677 dubium
1370 639 1481 678 non
1508 633 1594 680 est
1621 626 1755 696 quin
1790 643 1890 696 pro
1917 627 2114 682 ovibus

535 715 767 785 posituri
824 714 944 768 sitis
1002 715 1216 769 animas
1246 724 1476 770 vestras.
1518 735 1536 766 ι
1563 716 1936 773 Mercenarius
1964 720 2112 773 enim

446 796 448 798 ’
535 821 660 860 cum
683 805 834 859 videt
856 805 1044 874 lupum
1066 805 1571 877 venientem,fugit,
1595 808 1725 878 quia
1740 809 2114 866 mercenarius

534 902 639 960 est,
666 903 722 948 et
755 895 820 950 ad
864 911 1014 961 eum,
1043 896 1198 964 juxta
1226 896 1441 950 Domini
1485 913 1696 967 vocem,
1725 916 1834 954 non
1873 901 2115 970 pertinet

534 985 604 1040 de
661 986 898 1052 ovibus;
972 985 1151 1040 bonus
1199 997 1383 1042 autem
1435 998 1623 1058 pastor
1671 992 1906 1046 animam
1957 1008 2114 1047 suam

535 1075 630 1131 dat
659 1092 757 1146 pro
794 1077 994 1132 ovibus
1026 1078 1141 1132 suis
1173 1077 1240 1131 η.
1279 1097 1297 1129 ι
1333 1079 1650 1150 Eodemque
1680 1082 1843 1137 modo
1876 1085 2113 1139 militum

534 1167 646 1223 dux
672 1169 914 1238 optimus
943 1168 1324 1224 fortitudinem
1355 1172 1635 1240 patefacit,
1660 1190 1778 1228 non
1799 1175 1950 1244 pmis
1979 1185 2116 1231 tem-

533 1274 692 1327 pore,
749 1259 844 1314 sed
903 1261 960 1314 in
1006 1261 1172 1326 bello,
1222 1262 1419 1331 partim
1449 1264 1588 1318 alios
1613 1265 1880 1331 excitans,
1916 1269 2113 1336 partim

535 1349 652 1420 ipse
692 1366 790 1420 pro
831 1351 1076 1407 exercitu
1109 1352 1370 1420 periculis
1401 1369 1458 1408 se
1482 1354 1768 1424 objiciens.
1799 1356 2115 1413 Absurdum

534 1441 737 1511 quippe
757 1443 900 1497 foret
932 1444 1156 1498 militari
1185 1444 1397 1500 honore
1416 1447 1573 1502 illum
1601 1447 1734 1514 frui,
1763 1457 1840 1514 et,
1865 1451 1960 1506 ubi
1982 1467 2115 1508 usus

533 1534 730 1604 poscit,
762 1534 1006 1603 pericula
1046 1535 1325 1607 defugere.

605 1620 730 1677 Ilaac
763 1623 1092 1679 beatissimis
1119 1641 1338 1696 quoque
1367 1628 1655 1697 prophetis
1698 1631 1754 1684 in
1786 1647 1938 1687 more
1965 1649 2112 1688 sem-

533 1729 633 1784 per
670 1713 894 1768 fuerunt
929 1733 941 1768 :
977 1716 1094 1785 qui,
1137 1718 1386 1785 corporis
1429 1696 1604 1775 salute
1632 1724 1962 1793 postposita,
2016 1741 2113 1795 pro
2147 1696 2186 1751 Β

532 1805 754 1870 Judmis,
771 1806 864 1875 qui
885 1808 1031 1876 ipsos
1048 1811 1345 1865 oderantet
1367 1815 1784 1882 aversabantur,
1808 1820 2016 1874 nullum
2037 1822 2116 1876 la-

533 1893 720 1950 borem
743 1904 796 1951 et
820 1898 1125 1967 perieulum
1149 1900 1527 1958 detrectabant
1551 1923 1563 1956 :
1590 1905 1658 1960 de
1673 1907 1875 1976 quibus
1895 1909 2116 1968 divinus

532 1986 824 2056 Apostolus
853 2006 864 2041 :
908 2008 925 2039 ι
955 1989 1200 2059 Lapidati
1223 2001 1369 2056 sunt,
1411 1995 1546 2049 secti
1572 2004 1718 2062 sunt,
1751 2001 1941 2054 tentati
1963 2010 2113 2068 sunt,

533 2078 680 2132 caede
701 2078 865 2148 gladii
883 2082 1086 2135 mortui
1125 2092 1270 2138 sunt.
1313 2083 1666 2142 Circuierunt
1693 2090 1746 2144 in
1780 2092 2017 2158 melotis,
2059 2095 2114 2149 in

532 2169 768 2239 pellibus
787 2172 1045 2241 caprinis,
1065 2183 1308 2244 egentes,
1336 2179 1651 2246 angustiati,
1671 2182 1879 2248 afflicti,
1913 2186 2115 2255 quibus

533 2260 730 2330 dignus
753 2277 861 2318 non
883 2274 1001 2319 erat
1023 2265 1114 2320 hic
1134 2268 1393 2333 mundus,
1414 2271 1630 2342 “28
1650 2273 1704 2327 in
1723 2275 2116 2333 solitudinibus

533 2360 800 2415 errantes,
835 2363 893 2407 et
917 2356 1218 2422 montibus,
1251 2367 1307 2412 et
1332 2360 1629 2428 speluncis,
1655 2372 1712 2432 et
1733 2367 1986 2420 cavernis
2007 2376 2117 2422 ter-

534 2443 718 2494 raz‘m
756 2443 846 2498 Sic
876 2455 932 2500 et
962 2447 1134 2502 divini
1162 2451 1394 2518 apostoli
1424 2452 1614 2508 orbem
1638 2456 1958 2511 universum
1983 2475 2113 2529 pcr-

533 2533 774 2600 agrando
819 2537 1213 2604 praedicabant,
1269 2557 1379 2596 non
1423 2543 1689 2600 habentes
1725 2547 1971 2614 domum,
2002 2566 2112 2605 non

533 2618 761 2685 lectum,
789 2638 899 2676 nou
924 2631 1180 2692 stratum,
1207 2643 1318 2682 non
1343 2645 1608 2696 mensam,
1639 2649 1749 2687 non
1780 2636 1927 2690 aliud
1949 2638 2112 2708 quid-

533 2724 698 2779 quam
745 2727 938 2767 eorum
995 2732 1118 2785 quae
1164 2733 1298 2774 usus
1327 2722 1567 2789 postulat
1596 2728 1942 2784 necessarius
1972 2747 1986 2784 :
2015 2732 2110 2786 sed

534 2801 812 2874 ﬂagellati,
840 2816 896 2862 et
919 2810 1068 2875 torti,
1096 2819 1153 2866 et
1174 2814 1491 2870 carceribus
1513 2816 1744 2883 detenti,
1769 2822 1941 2877 ctalia
1964 2824 2111 2881 mille

534 2897 729 2954 mortis
757 2917 954 2972 genera
978 2903 1344 2972 perferentes.
1392 2905 1571 2977 Atque
1614 2909 1731 2966 haec
1759 2912 1834 2966 illi
1863 2915 2110 2983 perfere-

535 2986 690 3055 bant,
726 3007 838 3046 non
881 3008 980 3062 pro
1020 2996 1169 3049 notis
1213 3004 1270 3050 et
1306 2997 1520 3064 amicis,
1571 3001 1666 3055 sed
1709 3017 1810 3070 pro
1847 3004 1955 3060 illis
1979 3007 2112 3076 ipsis

534 3081 630 3150 qui
671 3097 767 3136 eos
813 3086 1294 3154 persequebantur
1335 3089 1581 3158 pericula
1633 3093 1783 3148 ultro
1823 3096 2106 3155 adeuntes.

535 3169 655 3238 Quo
690 3185 840 3229 certe
878 3174 1084 3245 justius
1112 3193 1262 3234 nunc
1281 3187 1386 3245 est,
1430 3196 1531 3251 pro
1553 3183 1681 3239 fidei
1705 3187 1891 3254 sociis,
1918 3199 1975 3245 et
1998 3190 2112 3246 fra-

535 3260 734 3326 tribus,
785 3272 842 3318 et
887 3264 1043 3332 filiis,
1099 3267 1318 3326 irruens
1358 3270 1466 3326 hoc
1509 3279 1756 3345 tempore
1801 3279 2110 3348 periculum

533 3353 812 3422 amplecti.
847 3355 997 3412 Hanc
1021 3359 1168 3415 enim
1200 3362 1256 3416 in
1278 3377 1411 3419 suos
1432 3364 1870 3425 benevolentiam
1893 3372 2112 3429 insitam

536 3443 704 3500 habet
744 3447 910 3502 etiam
966 3459 1160 3507 natura
1205 3453 1494 3511 brutarum
1536 3459 1922 3518 animantium.
1975 3466 2110 3521 Nam

535 3545 595 3628 et
614 3553 867 3608 passeres
894 3542 1084 3601 videre
1106 3554 1193 3602 est
1222 3563 1325 3618 pro
1347 3549 1514 3618 pullis
1534 3546 1650 3608 suis
1674 3556 1854 3624 quoad
1883 3569 2114 3628 possunt

536 3627 916 3697 decertantes,
973 3643 1030 3690 et
1076 3652 1216 3706 quas
1244 3638 1391 3694 vires
1427 3639 1634 3697 habent
1665 3645 1732 3698 ad
1763 3627 1981 3701 illorum
2012 3649 2110 3705 de-

537 3717 840 3775 fensionem
870 3733 1194 3781 exercentes
1245 3744 1261 3781 :
1308 3737 1365 3782 et
1391 3730 1496 3785 alia
1526 3732 1782 3789 similiter
1824 3737 2110 3795 volucrum

537 3824 738 3878 genera
758 3828 857 3881 pro
877 3817 1120 3883 parvulis
1143 3819 1258 3875 suis
1279 3822 1587 3891 periculum
1610 3826 1869 3884 subeunt.
1893 3830 1961 3885 Et
1979 3832 2111 3901 quid

537 3899 792 3956 volucres
836 3904 994 3960 dico?
1047 3909 1180 3975 ursi,
1233 3919 1290 3967 et
1318 3913 1498 3982 pardi,
1542 3923 1598 3970 et
1620 3918 1788 3987 lupi,‘
1821 3929 1880 3975 et
1926 3899 2114 3979 leones

537 3992 824 4083 quodlibet
844 4011 943 4064 pro
961 3997 1171 4055 fetuum
1191 4018 1415 4060 suorum
1430 4007 1605 4062 salute
1625 4012 1835 4081 perpeti
1853 4015 2111 4083 gaudent.

538 4082 651 4137 Nec
675 4083 822 4138 enim
851 4086 1127 4149 irruentes
1149 4092 1458 4162 declinant,
1511 4099 1608 4154 sed
1632 4101 1850 4158 illorum
1863 4082 2116 4176 impetus

538 4175 840 4244 excipiunt,
873 4186 930 4234 et
955 4193 1056 4250 pro
1084 4185 1231 4242 natis
1249 4187 1364 4242 suis
1393 4187 1672 4245 dimicant.

611 4503 736 4559 llazc
758 4521 921 4576 porro
956 4508 1027 4562 ita
1054 4507 1312 4573 disserui,
1349 4525 1459 4564 non
1486 4520 1547 4565 ut
1573 4512 1784 4568 ratione
1809 4515 2113 4569 carentium

539 4599 791 4668 exemplo
817 4600 1060 4654 animum
1091 4600 1285 4654 addam
1309 4602 1497 4670 pietati
1520 4615 1735 4670 vestrae,
1763 4605 1857 4660 sed
1884 4617 1945 4661 ut
1964 4608 2117 4661 dolo-

541 4705 655 4744 rem
687 4690 802 4759 ipse
827 4707 1009 4746 meum
1033 4692 1256 4757 leniam,
1285 4692 1624 4764 doceamquc
1649 4711 1748 4751 vos
1775 4696 1978 4751 Christi
2001 4714 2118 4768 gre-

540 4795 660 4850 gem
697 4781 1036 4838 irruentibus
1065 4783 1208 4853 lupis
1239 4785 1356 4839 sine
1391 4796 1605 4854 pastore
1639 4803 1746 4841 non
1778 4788 2114 4854 deserturos,

541 4873 658 4935 sed,
685 4873 949 4929 advocato
965 4875 1031 4929 ad
1051 4876 1312 4930 auxilium
1337 4878 1721 4947 ejusDomino,
1738 4879 1993 4934 alacriter
2018 4897 2118 4950 pro

540 4961 693 5017 illius
724 4963 1041 5019 defensione
1070 4975 1427 5036 pugnaturos.
1464 4965 1578 5021 Hoc
1601 4968 1745 5022 enim
1773 4977 1988 5038 tempus
2018 4970 2116 5024 de-

540 5056 713 5110 clarat
760 5055 884 5124 quis
927 5056 998 5110 sit
1037 5067 1256 5126 pastor,
1313 5058 1438 5128 quis
1467 5059 1858 5124 mercenarius,
1907 5070 1963 5116 et
1995 5062 2119 5130 quis

545 5163 760 5218 gregem
797 5146 1090 5217 diligenter
1123 5155 1339 5217 pascat,
1381 5148 1595 5217 1129
1626 5149 1752 5217 quis
1785 5149 1869 5203 lac
1894 5150 2115 5219 quidem

548 5237 794 5292 comedat
817 5278 831 5301 ,
886 5245 942 5290 et
970 5237 1109 5292 lanis
1145 5237 1430 5307 operiatur
1452 5277 1466 5301 ,
1514 5237 1698 5291 ovium
1726 5253 1858 5293 vero
1885 5239 2116 5294 salutem

616 5393 660 5424 ⁸⁵
691 5393 850 5448 Joan.
877 5409 928 5457 ιι,
961 5392 1046 5458 12,
1089 5391 1174 5446 15.
1252 5393 1295 5425 ⁸⁸
1325 5393 1490 5448 Hebr.
1518 5409 1592 5459 xl,
1624 5394 1712 5459 57,
1743 5394 1830 5448 58.

619 5526 729 5594 (5|)
759 5530 960 5595 λογίοις
992 5533 1053 5585 Ν.

765 5599 1177 5670 καθειργόμενοι
1214 5602 1379 5670 Neap.

623 5666 732 5735 (55)
767 5667 858 5720 Sic
883 5666 1038 5722 recte
1070 5666 1478 5739 Neapolitanus.
1513 5675 1832 5729 Sirumudus
1883 5677 2116 5732 habebat

2215 439 2389 507 λόγοις
2411 438 2491 510 (ἣἾ
2507 441 2647 509 ),καὶ
2670 439 2818 512 παρά
2835 439 2928 492 τοῦ
2944 440 3170 510 ἀρχιποι
3177 439 3345 510 μένος
3360 440 3682 512 μεμαθηκότες
3691 450 3722 500 τί

2214 531 2305 583 τὸν
2339 531 2545 598 ἀγαθὸν
2579 531 2969 602 χαρακτηρίζει
3015 530 3280 601 ποιμένα,
3313 529 3531 600 εύδηλον
3574 533 3722 606 ὅτιτῇ

2211 620 2388 692 ψυχὴν
2421 621 2574 692 ὑμῶν
2599 621 2791 693 θήσετε
2839 623 3124 692 ύπὲρθτῶν
3161 621 3477 692 προϐάτιον.
3521 643 3538 676 ι
3569 625 3617 678 ’0
3652 629 3720 698 γὰρ

2219 714 2513 784 μισθωτὸς,
2540 716 2668 768 ὅταν
2697 714 2782 784 ἴδη
2811 714 2902 766 τὸν
2928 713 3092 766 λύκον
3116 714 3445 784 ἐρχόμενον,
3477 715 3654 783 φεύγει,
3671 720 3720 772 ὅτι

2217 803 2486 873 μισθωτός
2515 805 2652 866 ἐστι,
2688 804 2782 856 καὶ
2821 804 2880 856 οὐ
2917 803 3068 874 μέλει
3092 804 3248 873 αύτῷ
3289 805 3420 874 περί
3450 804 3550 857 τῶν
3577 809 3720 875 προεάο

2214 913 2344 960 των,
2401 895 2543 949 κατὰ
2590 896 2688 965 τὴν
2737 894 2828 948 τοῦ
2878 895 3086 965 Κυρίου
3142 896 3374 965 φωνήν·
3424 896 3452 947 6
3502 895 3551 948 δὲ
3579 904 3721 969 ποιμὴν

2213 991 2241 1041 6
2262 987 2424 1051 καλὸς
2458 987 2558 1058 τὴν
2585 988 2766 1057 ψυχὴν
2812 986 2980 1039 αὑτοῦ
3020 986 3243 1054 τίθησιν
3278 985 3420 1056 ὑπὲρ
3449 987 3550 1038 τῶν
3573 989 3718 1058 προόὼ

2212 1097 2339 1133 των.
2375 1098 2395 1131 ι
2443 1078 2600 1131 Οὕτω
2637 1078 2730 1131 καὶ
2776 1077 3079 1148 στρατηγὸς
3108 1077 3340 1147 ἄριστος
3373 1079 3472 1130 οὐκ
3505 1080 3558 1131 ἐν
3589 1083 3720 1151 εἰρήνη

2213 1171 2448 1225 δείκνυσι
2477 1171 2574 1236 τὴν
2617 1168 2825 1222 οίκείαν
2856 1169 3100 1241 ἀνδρίαν,
3151 1168 3275 1221 ἀλλ’
3307 1171 3366 1220 ἐν
3399 1169 3475 1239 τῷ
3505 1170 3586 1223 τοῦ
3620 1173 3722 1225 πολέ-

2216 1278 2319 1331 μου
2365 1260 2566 1332 καιρῷ,
2600 1261 2694 1313 καὶ
2744 1260 2871 1322 τοὺς
2916 1259 3110 1323 ἄλλους
3148 1259 3460 1330 διεγείρων,
3507 1262 3590 1314 καὶ
3615 1264 3722 1326 uiti;

2215 1351 2646 1422 προκινδυνεύων
2671 1351 2772 1421 τῆς
2799 1353 3079 1421 στρατιᾶς.
3115 1353 3364 1404 Ἀτοπον
3387 1351 3514 1424 γὰρ,
3548 1353 3630 1422 τῆς
3661 1355 3724 1422 μὲν

2215 1441 2589 1512 στρατηγικῆς
2634 1440 2795 1495 αὑτὸν
2843 1439 3136 1494 ἀπολαύειν
3167 1441 3362 1511 τιμῆς,
3395 1441 3453 1494 ἐν
3491 1441 3542 1494 δὲ
3575 1443 3636 1512 τῷ
3660 1446 3724 1511 τῆς

2213 1532 2400 1605 χρείας
2424 1532 2599 1604 καιρῷ
2628 1533 2756 1596 τοὺς
2785 1531 3062 1595 κινδύνους
3105 1532 3542 1602 ἀποδιδράσκειν.

2284 1623 2469 1676 Ταῦτα
2514 1623 2607 1676 καὶ
2643 1624 2692 1675 οἱ
2748 1624 3143 1692 τρισμακάριοι
3198 1622 3478 1693 προφῆται
3522 1622 3722 1674 διετέλουν

2215 1712 2493 1776 ⁴ιιοοιοῦντες
2522 1729 2536 1743 ’
2572 1713 2666 1766 καὶ
2701 1713 2797 1783 τῆς
2839 1713 2936 1783 μὲν
2971 1712 3301 1782 σωματικῆς
3344 1713 3595 1782 σωτηρίας
3632 1713 3724 1780 ἡμέ-

2215 1805 2366 1859 λουν·
2395 1805 2568 1858 πάντα
2599 1805 2652 1858 δὲ
2685 1805 2844 1858 πόνον
2869 1805 2958 1858 καὶ
2989 1804 3238 1857 κίνδυνον
3270 1803 3408 1872 ὑπὲρ
3441 1804 3540 1855 τῶν
3569 1804 3721 1872 μισούν-

2214 1911 2321 1947 των
2355 1893 2550 1955 αὐτοὺς
2599 1893 2692 1946 καὶ
2737 1893 3242 1964 ἀποστρεφομένων
3303 1892 3555 1945 Ἰουδαίων
3592 1892 3721 1943 ἀνεδέ-

2214 2001 2390 2055 χοντο.
2446 1984 2581 2054 Περὶ
2621 1984 2824 2037 τούτων
2853 1985 3018 2054 φησιν
3071 1985 3099 2036 6
3149 1984 3300 2046 θεῖος
3339 1983 3642 2044 Ἀπόστολος,
3668 1984 3718 2034 ὅτι

2221 2093 2240 2126 ι
2291 2074 2702 2144 Ἐλιθάσθησαν,
2736 2074 3098 2144 ἐπρίσθησαν,
3135 2073 3526 2144 ἐπειράθησαν,
3549 2073 3598 2123 ἐν
3625 2072 3719 2139 φόνῳ

2217 2165 2489 2234 μαχαίρας
2517 2163 2804 2216 ἀπέθανον.
2840 2162 3139 2233 Περιῆλθον
3174 2165 3236 2215 ἐν
3269 2162 3548 2231 μηλωταῖς,
3587 2164 3632 2213 ὲν
3663 2163 3714 2212 ai-

2214 2257 2383 2325 γείοις
2420 2254 2709 2325 δέρμασιν,
2741 2254 3126 2326 ὑστερούμενοι
3160 2294 3178 2317 ,
3225 2253 3546 2322 θλιϐόμενοι,
3571 2270 3715 2304 κακου-

2215 2346 2488 2417 χούμενοι,
2529 2339 2604 2400 ὧν
2634 2346 2732 2399 ούκ
2774 2341 2840 2416 ἦν
2872 2346 3020 2412 ἄξιος
3053 2348 3083 2399 6
3116 2346 3329 2414 κόσμος
3358 2338 3529 2408 οὗτος·
3557 2346 3603 2395 ἐν
3630 2345 3712 2411 ἐρη-

2218 2439 2367 2508 μίαις
2392 2438 2755 2508 πλανώμενοι,
2782 2439 2877 2491 καὶ
2904 2436 3076 2508 ὄρεσι,
3101 2436 3200 2490 καὶ
3224 2436 3522 2506 σπηλαίοις,
3545 2439 3619 2488 καὶ
3637 2439 3713 2496 ui;

2213 2529 2398 2606 ὀπαῖς.
2421 2529 2521 2597 τῆς
2558 2529 2684 2596 γῆς.
2731 2546 2748 2579 ι
2788 2526 2974 2590 Οὕτως
3015 2524 3066 2580 oi
3104 2527 3244 2580 θεῖοι
3281 2526 3550 2580 ἀπόστολοι
3587 2527 3710 2578 πᾶσαν

2213 2619 2656 2690 περινοστοῦντες
2698 2619 2798 2690 τὴν
2835 2619 3160 2688 οἰκουμένην
3209 2620 3518 2688 ἐκήρυττον,
3560 2617 3638 2669 οὐκ
3661 2616 3708 2668 oi-

2215 2711 2338 2764 κίαν
2369 2709 2602 2780 ἔχοντες,
2627 2711 2686 2762 ού
2710 2710 2921 2780 κλίνην.
2951 2709 3012 2762 ού
3047 2710 3363 2780 στρωμνὴν,
3395 2710 3452 2762 οὐ
3479 2705 3705 2778 τράπεζαν.

2213 2803 2312 2856 οὐκ
2341 2801 2508 2874 ἄλλην
2536 2800 2659 2854 τινὰ
2682 2801 2789 2854 τῶν
2817 2803 3132 2870 ἀναγκαίων
3165 2803 3388 2872 χρείαν
3424 2802 3526 2855 ἀλλ’
3559 2799 3705 2861 αίκιζὸ-

2217 2910 2387 2963 μενοι,
2415 2893 2510 2945 καὶ
2543 2891 2980 2964 στρεϐλούμενοι,
3006 2893 3099 2946 καὶ
3119 2890 3628 2965 καθειργμένοιβὲ),
3645 2888 3706 2940 καὶ

2216 2984 2387 3055 μυρία
2437 2983 2682 3039 θανάτων
2739 2985 3104 3055 ὑπομένοντες
3148 2987 3292 3056 εῐδη.
3337 2986 3442 3038 Καὶ
3476 2983 3616 3036 ταῦτα
3640 2983 3706 3032 ὑπ-

2212 3076 2426 3147 έμενον,
2472 3077 2570 3146 ούχ
2621 3077 2763 3147 ὑπὲρ
2800 3076 3092 3148 γνωρίμων
3123 3077 3446 3148 ἀνθρώπων,
3486 3074 3580 3128 ἀλλ’
3605 3071 3704 3138 ὑπὲρ

2211 3168 2388 3221 αὐτῶν
2414 3166 2637 3220 ἐκείνων
2660 3167 2767 3220 τῶν
2802 3167 3103 3221 διωκόντων
3133 3169 3338 3231 αὐτοὺς
3354 3168 3470 3229 τοὺς
3499 3163 3705 3220 κινδύνους

2211 3256 2543 3327 αἱρούμενοι.
2592 3257 2781 3328 Πολλῷ
2823 3260 3002 3312 τοίνυν
3043 3259 3380 3329 δικαιότερον
3415 3256 3538 3327 ὑπὲρ
3563 3251 3706 3319 ὁμοτί-

2213 3367 2374 3413 στων,
2410 3348 2504 3403 καὶ
2544 3349 2805 3416 ἀδελφῶν,
2841 3350 2933 3402 καὶ
2958 3348 3201 3411 τέκνων,
3255 3350 3347 3402 τὸν
3382 3349 3467 3401 ἐπὶ
3498 3344 3576 3399 τοῦ
3606 3358 3704 3410 παρ·

2212 3443 2366 3504 όντος,
2385 3441 2758 3513 προσϐαλόντα
2771 3441 2882 3510 (53)
2907 3441 3150 3494 κίνδυνον
3169 3439 3532 3507 ἀναδέξασθαι.
3551 3434 3704 3500 Ταύτην

2212 3533 2320 3604 γὰρ
2339 3533 2435 3603 τὴν
2461 3532 2842 3604 φιλοστοργίαν
2873 3531 2986 3602 ἔχει
3011 3532 3106 3586 καὶ
3130 3532 3248 3586 τῶν
3271 3532 3470 3600 ἀλόγων
3489 3531 3516 3599 ἠ
3538 3526 3658 3596 φύσις
3682 3543 3691 3554 ’

2212 3624 2327 3678 ἔστι
2367 3625 2475 3695 γὰρ
2504 3625 2632 3677 ἰδεῖν
2668 3624 2762 3677 καὶ
2805 3623 3095 3695 στρουθοὺς
3127 3624 3276 3704 ὑπὲρ
3295 3624 3400 3677 τῶν
3418 3619 3611 3676 νεοττῶν
3625 3614 3701 3685 (δι)

2214 3717 2668 3787 ὑπερμαχοῦντας
2714 3717 2795 3780 είς
2837 3716 3090 3786 δύναμιν,
3139 3716 3238 3769 καὶ
3284 3717 3350 3786 ἢν
3389 3713 3572 3783 ἔχουσιν
3593 3706 3698 3774 ἰσχὺν

2215 3809 2352 3879 ὑπὲρ
2395 3809 2600 3862 τούτων
2643 3809 2994 3879 εἰσφέροντας
3013 3824 3027 3840 ο
3059 3808 3155 3860 καὶ
3185 3808 3236 3859 τ’
3258 3808 3388 3862 ἄλλα
3429 3805 3477 3857 δὲ
3503 3801 3591 3854 τῶν

2214 3898 2320 3953 νῶν
2348 3897 2477 3967 γένη
2502 3898 2592 3951 τὸν
2631 3899 2772 3969 ὑπὲρ
2788 3898 2894 3950 τῶν
2927 3899 3163 3968 ἐκγόνων
3176 3899 3416 3952 κίνδυνον
3435 3890 3693 3958 ἀναδέχεται-

2213 3991 2385 4044 Καὶτί
2409 3990 2549 4059 λέγω
2567 3991 2632 4044 τὰ
2661 3992 2838 4062 πτηνά
2861 4008 2874 4055 ;
2900 3992 3008 4044 Καὶ
3028 3991 3136 4061 γὰρ
3157 3990 3347 4062 ἀρκτοι
3371 3988 3493 4058 (55),
3515 3985 3590 4038 καὶ
3610 3995 3697 4046 περ·

2212 4081 2412 4145 δάλεις,
2467 4082 2562 4136 καὶ
2603 4081 2778 4147 λύκοι,
2813 4084 2907 4136 καὶ
2945 4083 3179 4146 λέοντες,
3226 4084 3336 4137 πᾶν
3373 4079 3532 4134 ὁτιοῦν
3567 4070 3698 4125 πιθεῖν

2214 4170 2354 4240 ὑπὲρ
2378 4170 2473 4240 τῆς
2503 4169 2611 4223 τῶν
2637 4169 2873 4239 ἐκγόνων
2917 4171 3188 4241 σωτηρίας
3233 4170 3497 4240 αἱροῦνται
3521 4182 3531 4193 ·
3561 4162 3607 4215 οὗ
3628 4158 3700 4226 γὰρ

2216 4259 2479 4330 φεύγουσι
2503 4261 2629 4323 τοὺς
2667 4260 2939 4324 ἐπιόντας,
2969 4260 3106 4314 ἀλλά
3150 4262 3249 4333 τὴν
3295 4260 3487 4313 τούτων
3518 4254 3698 4321 δέχοντιι

2144 4375 2187 4428 D
2217 4351 2542 4424 προσὸολὴν,
2576 4351 2670 4404 καὶ
2697 4350 2806 4405 τῶν
2835 4352 3040 4406 τέκνων
3076 4350 3469 4424 ὑπερμαχοῦσι.

2285 4510 2471 4563 Ταῦτα
2497 4511 2551 4565 δὲ
2583 4511 2878 4580 διεξῆλθον,
2908 4511 3009 4563 ούκ
3051 4511 3114 4562 ἐκ
3136 4509 3239 4580 τῆς
3268 4511 3370 4562 τῶν
3398 4507 3574 4571 ἀλόγων
3597 4493 3690 4549 εἰκόο

2203 4620 2300 4676 χνος
2329 4604 2406 4665 εἰς
2448 4601 2722 4672 ὑπομονὴν
2750 4601 2844 4654 καί
2874 4602 3166 4672 καρτερίαν
3206 4602 3306 4673 τὴν
3336 4597 3574 4670 ὑμετέραν
3596 4601 3696 4656 φίλω

2213 4695 2364 4747 θεῖαν
2391 4693 2648 4761 ἀλείφων,
2679 4693 2794 4744 ἀλλ’
2817 4692 3054 4762 ἐμαυτὸν
3084 4692 3176 4744 ἐπὶ
3201 4695 3268 4765 τῇ
3295 4688 3485 4759 ἀθυμίᾳ
3512 4683 3694 4769 ψυχαϊως

2213 4785 2345 4852 γῶν,
2389 4785 2485 4837 καὶ
2529 4776 2753 4847 πείθων,
2792 4783 2867 4846 ὡς
2906 4783 2966 4836 ού
3012 4783 3362 4853 καταλείψετε
3406 4777 3488 4832 τοῦ
3529 4773 3695 4868 Χριοξξν

2213 4877 2311 4946 τὴν
2341 4876 2576 4946 ποίμνην
2611 4874 2717 4926 τῶν
2745 4873 2924 4927 λύκων
2956 4875 3217 4927 ἐπιόντων
3253 4872 3553 4940 ἀποίμαντον
3578 4869 3695 4909 ἀλιι

2211 4966 2303 5019 τὸν
2336 4964 2538 5034 ταύτης
2576 4963 2782 5032 Κύριον
2815 4965 2896 5028 είς
2931 4967 3248 5036 συμμαχίαν
3281 4964 3591 5049 καλέσαντεςἶ

2213 5057 2399 5128 θύμως
2438 5055 2758 5121 ἀναδέξεσθε
2802 5057 2894 5108 τὸν
2928 5057 3070 5126 ὑπὲρ
3116 5059 3282 5128 αὐτῆς
3330 5053 3513 5122 ἀγῶνα.
3553 5045 3596 5094 Ὀ
3625 5045 3692 5103 γάρ

2212 5149 2449 5211 τοιοῦτος
2476 5149 2664 5218 καιρὸς
2696 5147 2985 5211 δείκνυσιν,
3017 5150 3099 5213 τίς
3135 5150 3234 5220 μὲν
3264 5147 3470 5218 ποιμὴν,
3498 5134 3694 5220 τῖςδέμιξ

2216 5241 2440 5305 σθωτδςν
2476 5214 2585 5294 καὶ*
2605 5239 2686 5302 τίς
2723 5240 2820 5310 μὲν
2853 5214 3158 5310 φιλοπόνως
3190 5214 3476 5313 ποιμαίνει,
3501 5229 3567 5292 τίς
3591 5222 3631 5275 δὲ
3653 5214 3690 5267 τί

2227 5537 2617 5608 προϐάλλοντα.

2297 5608 2407 5677 (54)
2443 5608 2679 5677 ἐγγόνων
2708 5607 2871 5677 Neap.

2299 5678 2408 5750 (35)
2441 5678 2596 5748 ἄριοι
2626 5676 2691 5731 Ν.
