3924 6192
232 214 367 280 1249
1529 213 1889 275 EPISTOLA
1928 214 2214 276 LXXVII.
3349 221 3484 285 1250

232 332 334 400 μὲν
362 328 505 397 γάλα
547 327 739 393 ὲσθίει,
781 324 970 379 καὶτὰ
1013 324 1135 397 ἔρια
1178 322 1587 396 περιϐάλλεται,
1616 325 1714 396 τῆς
1740 324 1796 376 δὲ

1918 342 2129 397 ,ιιειψετ
2158 327 2376 383 habeat.
2414 348 2433 381 ι
2462 328 2569 386 Sed
2598 330 2774 387 ﬁdelis
2800 332 2966 398 Deus,
2989 334 3087 403 qui
3112 349 3217 389 non
3241 345 3481 404 patietur

230 422 339 476 τῶν
370 419 652 493 προδάτων
679 417 952 489 σωτηρίας
979 418 1329 488 καταφρονεῖ.
1354 435 1372 468 ι
1411 415 1573 469 Ἀλλά
1609 415 1800 497 πιστὸς

1918 432 2000 472 νος
2046 419 2245 473 tentari
2279 435 2442 491 supra
2469 422 2523 476 id
2557 422 2705 492 quod
2734 424 2986 493 potestis,
3039 425 3136 479 sed
3166 425 3329 479 faciet
3357 442 3482 482 cum

231 513 261 565 ό
290 511 442 575 Θεὸς,
495 511 553 574 ὃς
590 510 688 563 οὐκ
722 508 872 563 ἐάσει
915 508 1059 578 ὑμᾶς
1089 506 1417 578 πειραθῆναι
1457 506 1594 577 ὑπὲρ
1710 504 1803 557 δύ-

1918 510 2207 565 entatione
2259 512 2427 567 etiam
2470 514 2679 569 exitum
2727 523 2789 569 ut
2821 517 3045 586 possitis
3070 517 3345 571 sustinere
3362 517 3425 571 ".
3459 537 3481 571 ι

232 603 417 667 νασθε,
444 601 579 656 ἀλλὰ
614 602 831 669 ποιήσει
865 601 961 655 σὺν
1004 599 1084 670 τῷ
1117 599 1409 671 πειρασμῷ
1445 599 1538 653 καὶ
1574 597 1673 668 τὴν
1708 597 1803 651 Εκ-

1918 598 2039 656 ῐιΙυὰ
2061 610 2246 657 autem
2274 618 2375 658 oro
2398 604 2660 674 pietatem
2684 615 2923 662 vestram
2945 647 2958 673 ,
3010 616 3071 664 ut
3093 623 3226 678 erga
3248 607 3484 663 debilio-

229 694 389 747 σισιν
407 690 502 746 τοῦ
532 689 791 745 δύνασθαι
817 691 961 761 ὑμᾶς
987 691 1328 759 ὑπενεγκεῖν.
1350 710 1369 744 ι
1389 689 1595 744 Ἐκεῖνο
1613 689 1671 742 δὲ
1697 706 1803 742 πα-

1918 705 1994 746 res
2024 692 2289 762 majorem
2311 696 2583 751 exseratis
2610 698 3039 767 providentiam,
3073 715 3138 755 ac
3164 715 3279 754 non
3305 700 3484 755 solum

235 782 453 854 ρακαλῶ
477 783 577 853 τὴν
606 781 881 853 ὑμετέραν
910 781 1247 847 θεοσέδειαν,
1293 780 1432 835 ὥστε
1466 782 1577 834 τῶν
1606 779 1804 852 σαθρο-

1918 780 2239 840 [luctuantes
2283 786 2610 854 stabiliatis,
2656 791 2762 845 sed
2806 792 2990 861 lapsos
3029 792 3196 847 etiam
3242 791 3483 862 erigatis.

228 874 404 943 τέρων
432 872 655 927 πλείονα
686 870 1023 944 ποιήσασθαι
1057 872 1314 945 πρόνοιαν
1338 886 1354 904 ’
1392 872 1488 926 καὶ
1516 871 1594 942 μὴ
1644 871 1804 941 μόνον

1918 875 2098 945 Neque
2121 875 2269 931 enim
2319 887 2568 948 pastores
2611 881 2892 937 morbidas
2916 898 3049 937 oves
3072 890 3435 939 contemnunt
3467 903 3484 938 :

227 964 355 1025 τοὺς
397 962 786 1034 σαλευομένους
825 963 1098 1034 στηρίξαι,
1139 963 1274 1017 ἀλλὰ
1304 963 1549 1025 καὶτοὺς
1585 979 1804 1016 πεπτω-

1918 968 2005 1023 sed
2048 968 2148 1023 has
2188 970 2411 1039 quidem
2462 972 2533 1026 ab
2575 973 2684 1027 illis
2728 974 3060 1046 seiungunt,
3113 976 3325 1030 nullum
3350 992 3486 1032 vero

229 1054 394 1118 κότας
414 1057 625 1126 ἐγεῖραι
659 1071 673 1085 ·
696 1055 823 1108 οὐδὲ
857 1053 965 1125 γὰρ
999 1054 1049 1132 οί
1093 1054 1347 1124 ποιμένες
1378 1054 1488 1107 τῶν
1519 1052 1803 1120 νενοσηκό-

1918 1053 1976 1107 ad
1999 1067 2093 1109 eas
2114 1056 2387 1111 curandas
2421 1059 2650 1113 remedii
2679 1076 2852 1130 genus
2875 1066 3321 1132 prtetermittunt.

229 1161 337 1197 των
362 1146 622 1215 ἀμελοῦσι
665 1145 974 1217 προϐάτων,
1000 1126 1162 1199 am
1193 1145 1487 1217 χωρίζουσι
1525 1144 1625 1215 μὲν
1693 1142 1832 1197 αὐτὰ
1869 1143 1979 1198 τῶν
2030 1145 2226 1241 ἄλλος,
2258 1149 2370 1203 πᾶν
2408 1150 2465 1203 δὲ
2513 1146 2651 1216 εῐδος
2683 1126 3209 1227 αὐτοῖς-θεραπείας
3243 1157 3485 1228 προεξέ-

235 1253 408 1309 ρουσι.

302 1325 473 1380 Τοῦτο
495 1326 591 1381 καὶ¹
628 1327 760 1397 ἡμῖν
795 1324 1067 1396 ποιητέον.
1094 1326 1232 1389 Τοὺς
1265 1326 1375 1397 γάρ
1405 1324 1803 1387 ὀλισθαίνοντας

1979 1322 2096 1378 Hoc
2121 1330 2176 1379 et
2200 1325 2364 1382 nobis
2391 1327 2763 1395 praestandum
2788 1337 2895 1385 est.
2952 1330 3159 1402 Lapsos
3185 1334 3335 1389 enim
3372 1337 3484 1391 eri-

229 1417 531 1487 ἀναστῆσαι
563 1418 851 1488 προσήκει,
870 1418 964 1471 καὶ
987 1419 1146 1487 χεῖρα
1168 1417 1371 1488 ὀρέξαι,
1399 1419 1494 1472 καὶ
1518 1416 1803 1487 παραθαρ-

1918 1429 2036 1484 gere
2063 1424 2302 1484 oportet,
2355 1433 2684 1488 manumque
2710 1421 3017 1492 porrigere,
3051 1431 3109 1478 et
3154 1408 3387 1491 hortari,
3427 1436 3488 1483 et

232 1507 411 1571 σῦναι,
445 1508 538 1561 καὶ⁸
566 1506 636 1561 τὰ
662 1507 999 1578 ἐγγενόμενα
1029 1507 1287 1578 δήγματα
1312 1506 1670 1579 θεραπεῦσαι,
1706 1505 1802 1560 καὶ

1918 1504 2093 1561 inﬁxis
2123 1503 2401 1563 morsibus
2444 1508 2686 1576 mederi,
2744 1511 3088 1582 salutemque
3122 1514 3341 1571 illorum
3376 1519 3483 1572 mi—

233 1597 309 1665 μὴ
335 1595 709 1665 ἀπαγορεῦσαι
740 1596 919 1649 αὐτῶν
951 1594 1051 1665 τὴν
1082 1595 1378 1665 σωτηρίαν,
1410 1596 1546 1666 μηδὲ
1577 1594 1802 1667 προδοῦ-

1918 1594 2056 1649 nime
2102 1595 2467 1667 despondere,
2520 1613 2623 1654 nec
2668 1599 2875 1655 diaboli
2921 1601 3176 1659 faucibus
3218 1605 3477 1675 objicere.

231 1702 322 1739 ναι
380 1685 460 1756 τῷ
509 1686 739 1757 στόματι
797 1684 893 1739 τοῦ
934 1685 1206 1740 διαὸόλου.
1241 1686 1413 1740 Τοῦτο
1459 1687 1554 1741 καὶ
1596 1688 1626 1740 ό
1660 1687 1803 1749 θεῖος

1918 1686 2025 1742 Hoc
2044 1686 2265 1743 divinus
2287 1689 2506 1744 assidue
2526 1690 2820 1760 praestabat
2839 1694 3119 1762 apostolus
3142 1695 3341 1752 Paulus
3357 1714 3371 1750 :
3387 1698 3482 1768 qui

230 1774 529 1836 ἀπόστολος
559 1774 770 1840 Παῦλος
802 1774 1028 1830 διετέλει
1054 1775 1247 1831 ποιῶν·
1277 1775 1373 1831 καὶ
1402 1775 1670 1838 Γαλάτας,
1706 1791 1804 1845 με·

231 1865 304 1919 τά
330 1865 394 1918 τὸ
421 1869 687 1937 σωτήριον
726 1865 1032 1936 βάπτισμα,
1067 1867 1163 1922 καὶ
1191 1865 1288 1938 τὴν
1321 1865 1418 1920 τοῦ
1456 1865 1601 1919 θείου
1632 1864 1805 1918 Πνεύ-

237 1972 406 2026 ματος
429 1956 718 2029 χορηγίαν,
743 1958 822 2021 είς
845 1957 944 2027 τὴν
975 1956 1269 2029 Ἰουδαῖκὴν
1297 1957 1581 2011 ἀσθένειαν
1601 1956 1806 2022 ἐξοκεί-

233 2049 456 2114 λαντας,
486 2051 580 2104 καὶ
605 2050 907 2121 περιτομὴν
935 2048 1281 2118 δεξαμένους.
1315 2047 1562 2119 ὠδύρατο
1589 2048 1688 2119 μὲν
1714 2048 1807 2102 καὶ

233 2140 539 2211 ιθρήνησεν
570 2139 712 2212 ὑπὲρ
751 2140 933 2193 πᾶσαν
970 2138 1182 2210 μητέρα
1214 2137 1585 2210 φιλόστοργον·
1614 2136 1806 2208 ἑθερά-

234 2247 405 2284 πευσε
425 2230 504 2293 δὲ,
537 2231 631 2283 καὶ
659 2230 757 2299 τῆς
782 2229 1094 2301 ἀρρωστίας
1124 2228 1340 2297 ἐκείνης
1371 2228 1686 2299 ἐλευθέρως
1708 2229 1809 2281 άπ·

235 2321 421 2390 ἔφηνε.
457 2320 566 2373 Καὶ
604 2319 753 2372 ἔστιν
777 2318 942 2372 αὐτοῦ
986 2317 1219 2387 βοῶντος
1256 2317 1513 2373 ἀκοῦσαν
1551 2335 1570 2370 ι
1605 2317 1806 2372 Τεκνία

235 2427 363 2481 μου,
412 2408 508 2471 οὓς
544 2408 707 2462 πάλιν
737 2408 935 2470 ὠδίνω,
975 2402 1134 2479 ἄχρις
1176 2400 1237 2460 οὗ
1275 2405 1534 2477 μορφωθῇ
1575 2405 1808 2478 Χριστὸς

233 2504 486 2574 ὲνὺμῖνδ
507 2499 663 2556 Οὕτω
685 2499 797 2553 τῶν
823 2498 1123 2570 Κορινθίων
1145 2497 1482 2559 διδάσκαλον,
1508 2498 1606 2567 τὴν
1630 2514 1809 2566 μυσα-

237 2595 338 2665 ρὰν
369 2593 585 2662 εκείνην
631 2589 1005 2660 τετολμηκότα
1048 2587 1326 2660 πορνείαν,
1373 2590 1467 2642 καὶ
1518 2587 1805 2641 ἐπαίδευσε

235 2681 539 2754 πατρικῶς,
598 2681 691 2734 καὶ
739 2680 1029 2733 ἐπαίδευσε
1087 2677 1206 2732 λίαν
1255 2679 1658 2749 ἐπιστημόνως,
1712 2678 1809 2731 καὶ

234 2770 518 2841 ἀποκόψας
549 2771 606 2823 ὲν
637 2773 704 2840 τῇ
730 2767 974 2839 προτέρα
998 2766 1235 2836 συνῆψεν
1269 2769 1329 2820 ὲν
1357 2770 1422 2838 τῇ
1440 2766 1688 2838 δευτέρᾳ,
1715 2766 1809 2821 καί

235 2877 421 2933 φησιν·
459 2880 478 2913 ι
509 2861 671 2914 Ὥστε
698 2861 843 2929 ὑμᾶς
867 2858 1066 2930 μᾶλλον
1087 2857 1416 2929 χαρίσασθαι
1436 2858 1531 2912 καὶ
1558 2875 1813 2929 παρακα-

1915 1776 2162 1841 Galatas,
2193 1788 2317 1848 post
2343 1781 2583 1836 salutare
2615 1782 2905 1852 baptisma,
2935 1784 3219 1856 divinique
3244 1786 3484 1857 Spiritus

1908 1865 2255 1938 largitionem
2283 1908 2299 1932 ,
2360 1869 2416 1924 in
2444 1870 2755 1927 Judaeorum
2790 1873 3162 1930 inﬁrmitatem
3201 1878 3488 1949 prolapsos

1908 1964 1967 2010 et
1986 1957 2460 2015 circumcisionem
2484 1962 2763 2031 amplexos
2781 1963 2939 2029 luxit,
2958 1964 3286 2037 deﬂevitque
3314 1983 3482 2040 supra

1910 2058 2075 2113 quam
2098 2054 2302 2102 matres
2321 2047 2623 2103 liberorum
2647 2062 2895 2108 amantes
2942 2053 3121 2108 solent
3168 2073 3182 2109 :
3230 2057 3489 2129 idemque

1910 2133 2145 2200 curavit,
2176 2142 2232 2189 et
2256 2150 2288 2190 a
2311 2137 2508 2191 morbo
2553 2138 2648 2192 illo
2696 2139 2917 2208 penitus
2955 2142 3238 2198 liberavit:
3267 2146 3409 2203 unde
3434 2157 3491 2203 et

1912 2225 2243 2281 clamantem
2271 2227 2463 2284 audire
2492 2229 2622 2286 licet
2647 2249 2661 2286 :
2694 2251 2714 2283 ι
2739 2232 2915 2288 Filioli
2939 2235 3076 2299 mei,
3124 2251 3263 2306 quos
3291 2237 3489 2295 iterum

1911 2318 2197 2387 parturio,
2252 2319 2428 2376 donec
2476 2321 2747 2378 formetur
2787 2323 3039 2380 Christus
3090 2327 3145 2381 in
3190 2329 3351 2384 vobis
3368 2329 3433 2384 ⁸⁸.
3464 2351 3483 2383 ι

1911 2406 2326 2464 Corinthiorum
2355 2427 2574 2483 quoque
2620 2415 2963 2485 magistrum,
2999 2417 3092 2486 qui
3122 2419 3388 2475 nefariam
3421 2421 3490 2477 il-

1912 2496 2023 2551 lam
2071 2498 2492 2557 fornicationem
2528 2512 2790 2572 patrarat,
2840 2513 2896 2560 et
2930 2516 3155 2576 paterne
3183 2511 3492 2582 castigavit.

1911 2597 1969 2644 et
1993 2589 2327 2658 peritissime
2352 2594 2588 2647 sanavit.
2637 2594 2885 2665 Cumque
2911 2598 3063 2652 illum
3096 2599 3150 2652 in
3179 2600 3365 2669 priore
3389 2603 3490 2658 ab-

1915 2678 2169 2736 scidisset
2216 2682 2482 2751 Epistula,
2535 2683 2591 2739 in
2638 2688 2945 2754 posteriore
2985 2690 3250 2758 restituit,
3283 2701 3341 2747 et
3366 2693 3489 2750 ait:

1923 2792 1942 2824 ε
1959 2773 2039 2828 lta
2059 2784 2120 2830 ut
2129 2790 2226 2830 vos
2244 2775 2418 2846 magis
2437 2776 2762 2833 condonetis
2776 2787 2834 2833 et
2851 2779 3210 2837 consolemini
3235 2800 3249 2835 :
3266 2798 3336 2839 ne
3352 2776 3497 2841 forte

1915 2862 2303 2921 abundantiori
2361 2867 2585 2922 tristitia
2647 2868 3012 2924 absorbeatur
3073 2872 3169 2940 qui
3220 2873 3492 2943 ejusmodi

234 2953 412 3017 λίσαι,
478 2954 674 3022 μήπως
734 2954 800 3022 τῇ
854 2949 1218 3020 περισσοτέρᾳ
1271 2948 1417 3021 λύπῃ
1465 2949 1748 3019 καταποθῄ
1783 2949 1810 3000 6

1918 2967 2001 3011 est
2016 2956 2082 3011 δ’.
2096 2959 2191 3013 »Ει
2207 2956 2406 3013 iterum
2433 2958 2558 3013 :«Ut
2580 2974 2687 3014 non
2701 2959 3491 3021 circumveniamuraSatana:

236 3042 494 3106 τοιοῦτος.
533 3060 551 3093 ι
597 3042 706 3096 Καὶ
746 3040 928 3095 πάλιν·
973 3058 993 3092 ε
1040 3041 1159 3094 Ἵνα
1202 3039 1279 3111 μὴ
1326 3038 1811 3110 πλεονεκτηθῶμεν

241 3132 347 3187 ύπδ
372 3132 467 3186 τοῦ
497 3132 730 3185 Σατανᾶ·
776 3130 838 3184 οὐ
867 3130 975 3201 γὰρ
1003 3129 1169 3183 αὐτοῦ
1210 3129 1279 3183 τὰ
1314 3130 1562 3199 νοήματα
1591 3127 1813 3197 ἀγνοοῦ-

1916 3049 2131 3121 1130
2152 3065 2260 3105 non
2281 3049 2429 3106 enim
2454 3050 2767 3123 ignoramus
2794 3053 3228 3111 machinationes
3249 3057 3369 3127 ejus
3387 3058 3491 3114 ⁸⁸.»

1915 3137 2008 3194 Sic
2035 3146 2092 3193 et
2119 3139 2242 3193 illos
2268 3139 2364 3208 qui
2386 3138 2709 3212 idolothytis
2731 3143 3118 3207 vescebantur,
3148 3153 3204 3200 et
3228 3146 3495 3205 decenter

243 3239 364 3294 μεν.
403 3241 424 3275 ο
462 3220 618 3276 Οὕτω
649 3222 743 3275 καὶ
776 3224 890 3285 τοῖς
921 3219 1030 3273 τῶν
1069 3217 1434 3273 εἰδωλοθύτων
1463 3219 1810 3289 μεταλαμϐά-

1918 3224 2253 3294 lncrepavit,
2313 3236 2369 3281 et
2422 3236 2790 3297 congruenter
2832 3229 3138 3299 admonuit,
3186 3235 3493 3305 gravique“

240 3332 414 3381 νουσι,
478 3316 574 3370 καὶ
632 3314 967 3384 ἐπετίμησεν
1028 3312 1305 3374 δεόντως,’
1351 3311 1446 3364 καὶ
1511 3309 1814 3381 παρῄνεσεν

244 3403 650 3478 προσηκόντως,
705 3403 800 3458 καὶ
850 3402 948 3473 τῆς
996 3401 1245 3474 χαλεπῆς
1285 3400 1623 3471 ἠλευθέρωσε
1674 3399 1811 3455 πλά-

239 3505 339 3560 νης
349 3532 366 3547 ο
1735 3526 1748 3536 .

313 3586 518 3640 Τούτου
548 3584 705 3656 χάριν
726 3583 823 3638 καὶ
858 3584 888 3637 ό
921 3583 1195 3654 Δεσπότης
1223 3582 1379 3652 ἡμῶν
1420 3582 1674 3653 Χριστὸς,
1704 3581 1814 3637 τῶν

245 3674 558 3732 ἀποστόλων
591 3675 684 3729 τὸν
726 3674 962 3745 πρῶτον,
992 3669 1054 3728 οὗ
1088 3675 1185 3745 τὴν
1219 3673 1508 3744 ὁμολογίαν
1545 3668 1656 3728 οἷόν
1695 3688 1815 3728 τινα

245 3768 484 3840 κρηπῖδα
529 3768 625 3823 καὶ
667 3766 923 3836 θεμέλιον
959 3768 1060 3835 τῆς
1110 3766 1435 3835 Ἐκκλησίας
1484 3766 1812 3837 κατέπηξεν,

233 3855 626 3928 συνεχώρησεν
670 3854 999 3924 σαλευθῆναι
1036 3855 1131 3908 καὶ
1157 3853 1481 3925 ἀρνηθῆναι,
1512 3854 1610 3908 καὶ
1652 3854 1814 3908 πάλιν

244 3946 406 4001 αὑτὸν
456 3946 771 4017 ἀνώρθωσε,
821 3945 915 4000 δύο
964 3946 1111 3999 κατὰ
1160 3944 1325 3998 ταυτὸ
1357 3944 1639 3999 διδάσκωνο
1675 3946 1814 4018 μήτε

246 4038 463 4100 ἑαυτοῖς
493 4035 735 4108 θαρρεῖν,
768 4035 861 4088 καὶ
898 4034 1026 4098 τοὺς
1070 4033 1466 4105 σαλευομένους
1510 4033 1807 4107 στηρίζειν.

258 4125 511 4198 ὐρέξατε
544 4125 724 4179 τοίνυν
751 4126 928 4195 χεῖρα,
952 4122 1278 4197 παρακαλῶ,
1306 4125 1418 4183 τοῖς
1443 4121 1812 4192 ὀλισθήσασιν,

246 4216 342 4272 καὶ
360 4217 593 4285 ἀνάγετε
648 4214 758 4288 (56)
803 4216 868 4269 ὲκ
904 4214 1109 4270 λάκκου
1149 4215 1548 4287 ταλαιπωρίας,
1584 4217 1678 4270 καὶ
1708 4216 1816 4271 άπὸ

1914 3315 1984 3371 ab
2006 3332 2193 3373 errore
2227 3317 2501 3372 liberavit.

1984 3578 2127 3646 Quin
2154 3579 2255 3633 hac
2275 3579 2440 3634 etiam
2469 3579 2535 3634 de
2556 3596 2719 3635 causa
2747 3581 3000 3638 Christus
3026 3583 3291 3639 Dominus
3311 3592 3498 3641 noster

1918 3672 2289 3743 apostolorum
2320 3672 2626 3742 principem
2654 3712 2669 3736 ,
2720 3675 2877 3744 cujus
2906 3673 3308 3729 confessionem
3345 3676 3498 3731 velut

1918 3763 2072 3821 basin
2101 3763 2391 3834 quamdam
2424 3773 2479 3818 et
2497 3764 2912 3820 fundamentum
2932 3766 3190 3821 Ecclesia:
3211 3765 3493 3832 deﬁxerat,

1914 3854 2183 3910 ﬂuctuare
2214 3870 2278 3909 ac
2307 3870 2496 3909 errare
2523 3855 2794 3925 permisit,
2827 3871 3064 3927 cumque
3088 3872 3280 3912 rursus
3301 3859 3494 3925 erexit,

1918 3941 2030 3997 duo
2059 3940 2251 3997 eadem
2280 3957 2450 4013 opera
2477 3930 2705 4007 docens,
2741 3960 2853 3998 non
2877 3944 3047 4000 ﬁdere
3073 3946 3288 4017 seipsis,
3317 3958 3372 4001 et
3392 3946 3496 4001 ﬂu-

1917 4042 2168 4090 ctuantes
2185 4034 2421 4091 ﬁrmare.
2439 4035 2617 4102 Quare
2630 4050 2851 4090 manum
2876 4037 3063 4107 lapsis,
3087 4053 3293 4107 quzeso,
3318 4038 3499 4108 porri-

1915 4125 2025 4196 gite
2053 4144 2065 4180 :
2088 4125 2305 4182 educite
2328 4126 2450 4182 illos
2469 4127 2536 4182 de
2559 4127 2681 4182 lacu
2703 4127 2957 4193 miseriae,
2982 4137 3038 4183 et
3058 4129 3125 4183 de
3145 4122 3495 4194 luto‘l‘ecis",

1916 4226 1973 4272 et
1998 4217 2225 4274 statuite
2255 4232 2423 4288 super
2447 4226 2658 4288 petram
2685 4219 2855 4289 pedes
2875 4219 3115 4285 illorum,
3144 4229 3200 4275 et
3220 4221 3497 4277 immittite

247 4307 421 4377 πηλοῦ
450 4307 597 4372 ιλύος
630 4306 765 4379 (57),
792 4307 887 4360 καὶ
914 4307 1150 4378 στήσατε
1188 4305 1284 4359 ἐπὶ
1313 4305 1516 4377 πέτραν
1557 4308 1685 4370 τοὺς
1716 4307 1810 4362 πόέ

1923 4308 1977 4363 in
2005 4324 2068 4364 os
2104 4324 2299 4365 eorum
2337 4312 2613 4366 canticum
2639 4328 2864 4378 novum,
2887 4325 3105 4368 carmen
3133 4314 3247 4369 Deo
3269 4323 3495 4380 nostro;

245 4401 339 4463 δας
368 4399 564 4454 αίνιςίιιόν⁸
604 4399 695 4454 καὶ
732 4397 1030 4469 ὲμὸάλλετε
1066 4401 1146 4461 είς
1168 4396 1229 4451 τὸ
1255 4398 1427 4469 στόμα
1456 4399 1636 4452 αὐτῶν
1665 4395 1816 4471 ᾆσμα

246 4490 453 4557 καινὸν,
475 4490 642 4562 ὕμνον
669 4490 748 4561 τῷ
774 4489 894 4560 Θεῷ
920 4488 1095 4559 ἡμῶν⁶
1129 4489 1217 4542 ἵνα
1240 4488 1465 4560 γένηται
1488 4489 1666 4544 αὐτῶν
1692 4490 1820 4544 ὑπό-

246 4580 442 4650 δειγμα
466 4581 566 4651 τῆς
606 4580 807 4652 βλάϐης
854 4578 1160 4648 ὑπόδειγμα
1192 4575 1489 4649 σωτηρίας,
1532 4578 1629 4632 καὶ
1666 4579 1817 4633 ἴδωσι

250 4672 455 4734 πολλοὶ,
478 4673 572 4725 καί
607 4671 905 4741 φούψῶσι,
936 4672 1033 4724 καὶ
1063 4668 1356 4722 ἐλπίσωσιν
1383 4668 1474 4722 ἐπὶ
1504 4669 1707 4740 Κύριον
1728 4670 1818 4741 τὸν

247 4764 382 4818 Θεὸν
404 4764 584 4836 ἡμῶν.
625 4765 732 4817 Καὶ
773 4761 1168 4816 κωλυέσθωσαν
1198 4760 1297 4832 μὲν
1334 4761 1433 4830 τῆς
1467 4761 1820 4833 μεταλήψεως

247 4856 356 4909 τῶν
392 4855 553 4927 ἱερῶν
586 4853 923 4925 μυστηρίων,
956 4852 1033 4925 μὴ
1066 4838 1458 4906 κωλυέσθωσαν
1497 4852 1555 4905 δὲ
1588 4855 1687 4923 τῆς
1712 4852 1821 4906 τῶν

248 4948 670 5019 κατηχουμένων
709 4947 893 5018 εὐχῆς,
940 4946 1077 5018 μηδὲ
1111 4946 1212 5017 τῆς
1254 4945 1360 4997 τῶν
1391 4944 1550 4998 θείων
1581 4945 1819 5016 Γραφῶν

248 5041 587 5110 ἀκροάσεως,
617 5039 748 5109 μηδὲ
780 5040 877 5110 τῆς
906 5039 1015 5092 τῶν
1052 5037 1387 5093 διδασκάλων
1423 5035 1816 5107 παραινέσεως.

250 5131 370 5184 Τῶν
418 5131 474 5184 δὲ
517 5131 675 5202 ἱερῶν
720 5130 1114 5184 κωλυέσθωσαν
1156 5128 1490 5201 μυστηρίων,
1542 5127 1618 5199 μὴ
1659 5129 1819 5198 μέχρι

249 5221 503 5284 θανάτου,
537 5220 672 5275 ἀλλὰ
703 5221 892 5290 χρόνον
940 5222 1063 5273 τινὰ
1105 5220 1295 5291 ῥητόν·
1326 5219 1434 5282 ἕως
1465 5217 1531 5272 ἂν
1557 5216 1820 5286 ὲπιγνῶσι

249 5315 347 5385 τὴν
372 5314 547 5381 νόσον,
577 5316 681 5378 ἓως
719 5318 816 5384 τὴν
840 5314 1027 5382 ὑγείαν
1062 5314 1386 5384 ποθήσωσιν,
1417 5312 1522 5374 ἕως
1558 5310 1624 5365 ἂν
1654 5310 1820 5378 ἀξίως

1919 4408 1979 4454 ut
2001 4401 2147 4469 quod
2174 4402 2227 4455 in
2250 4401 2359 4457 illis
2383 4403 2690 4473 exemplum
2712 4403 2897 4459 damni
2923 4404 3046 4469 fuit,
3071 4406 3383 4476 exemplum
3406 4403 3501 4460 ﬁat

1919 4492 2113 4548 salutis
2149 4511 2162 4546 :
2201 4499 2261 4548 ut
2292 4492 2515 4565 videant
2543 4494 2701 4549 multi
2734 4502 2791 4550 et
2819 4494 3068 4560 timeant,
3107 4503 3162 4549 et
3192 4503 3416 4565 sperent
3440 4495 3499 4549 in

1919 4569 2212 4638 hominum
2243 4583 2414 4637 Deum
2438 4590 2711 4637 nostrum.
2768 4583 3187 4654 Arceanturque
3216 4599 3246 4638 a
3270 4583 3499 4654 partici-

1918 4675 2140 4744 patione
2164 4690 2448 4729 sacrorum
2473 4675 2860 4746 mysteriorum
2889 4692 2902 4728 :
2926 4691 2957 4730 a
2976 4676 3497 4730 catechumenorum

1917 4774 2099 4820 autem
2127 4766 2376 4821 oratione
2406 4781 2517 4821 non
2542 4765 2968 4836 prohibeantur,
3019 4781 3198 4836 neque
3226 4782 3255 4820 a
3280 4766 3498 4821 divina—

1919 4873 2040 4911 rum
2066 4856 2477 4927 Scripturarum
2502 4856 2808 4921 auditione,
2846 4873 3025 4927 neque
3049 4873 3078 4912 a
3105 4858 3495 4929 magistrorum

1918 4949 2312 5007 admonitione.
2369 4949 2415 5005 A
2460 4949 2630 5005 sacris
2669 4963 2803 5003 vero
2853 4949 3131 5020 mysteriis
3182 4955 3494 5015 arceantur,

1919 5056 2032 5095 non
2081 5039 2151 5095 ad
2180 5050 2413 5096 mortem
2445 5056 2648 5110 usque,
2685 5039 2783 5096 sed
2812 5040 2881 5094 ad
2908 5047 3125 5109 tempus
3149 5037 3373 5108 aliquod
3400 5037 3500 5092 de-

1928 5130 2143 5187 ﬁnitum
2181 5148 2195 5185 :
2241 5131 2425 5201 quoad
2478 5131 2733 5186 morbum
2778 5136 3094 5202 agnoscant,
3133 5128 3313 5199 quoad
3354 5127 3503 5181 salu-

1931 5236 2039 5281 tem
2065 5231 2346 5295 expetant,
2393 5224 2573 5293 quoad
2626 5230 3004 5293 compctenter
3049 5222 3316 5285 luxerint,
3351 5218 3499 5290 quod

1926 5328 2058 5367 vero
2099 5328 2227 5382 rege
2286 5312 2550 5367 derelicto
2617 5311 2686 5365 ad
2750 5319 3040 5382 tyrannum
3085 5307 3495 5379 transfugerint,

320 5470 365 5503 ‘7
388 5472 406 5526 l
433 5472 561 5528 Cor.
596 5489 647 5539 τ,
678 5472 761 5527 15.
838 5470 884 5503 ⁸³
906 5470 1080 5527 Galat.
1124 5487 1196 5537 tv,
1239 5472 1323 5527 i9.
1399 5471 1443 5508 δ’
1472 5469 1516 5529 ΙΙ
1544 5470 1670 5529 Cor-
1704 5488 1762 5539 II,
1796 5472 1810 5524 ’ἶ

1925 5471 1971 5502 ’θ
2005 5469 2143 5525 Ibid.
2178 5469 2264 5522 ll.
2345 5469 2385 5499 ⁵¹
2421 5468 2566 5527 Psal.
2599 5484 2777 5535 χχχιχ,
2806 5469 2859 5525 5.

324 5618 437 5690 (EG)
472 5619 503 5671 ἀ
517 5616 776 5688 ναγάγετε
806 5616 977 5686 Neap.

2002 5614 2113 5687 (57)
2146 5613 2333 5678 ὓλεως.
2364 5613 2532 5668 ldem.
