3924 6192
476 234 605 298 1251
1453 230 1555 288 ΤΗ
1564 224 1940 287 EODORETI
1979 188 2714 281 EPISCOPI'CYRENSIS
3591 207 3779 273 1252

471 362 524 402 οι
568 342 974 401 benefactorem
1037 341 1359 396 deserentes
1411 340 1637 393 inimico
1704 353 1762 392 se
1824 334 2092 396 dedide-J

2175 334 2496 403 ιρηνήσωσιν
2528 330 2661 401 (58),
2689 330 2769 383 ὅτι
2810 329 2902 381 τὸν
2940 325 3115 397 ἀληθῆ
3146 322 3373 394 βασιλέα
3395 321 3781 374 καταλιπόν-

474 446 605 495 rint.
2152 443 2243 487 τες
2285 424 2421 495 πρὸς
2462 424 2723 495 τύραννον
2748 419 3147 491 ηὐτομόλησαν.
3176 416 3271 468 καὶ
3304 416 3398 467 τὸν
3424 413 3780 481 εὐεργὴν

2154 517 2434 578 ἐάσαντες,
2459 513 2537 583 τῷ
2564 510 2807 581 πολεμίῳ
2834 506 3283 579 προσεχώρησαν.

547 618 723 685 Atque
776 613 892 667 haec
919 608 1142 681 quidem
1196 616 1514 663 sanctorum
1536 607 1701 662 etiam
1732 606 2051 659 beatorum-

2224 605 2405 659 Ταῦτα
2437 605 2531 656 καὶ
2569 604 2621 655 οἱ
2655 601 2762 653 τῶν
2796 598 2967 667 ’ἁγίων
3010 597 3106 649 καὶ
3146 594 3433 665 μακαρίων
3472 589 3779 658 Πατέρων

474 722 582 777 que
610 707 831 759 Patrum
864 716 1102 757 canones
1127 700 1345 754 docent.
1382 698 1513 765 Quae
1538 713 1649 751 non
1671 712 1737 751 eo
1759 696 1963 757 scribo,
1996 703 2055 748 ut

2175 695 2378 755 ιανόνες
2422 692 2749 744 διδάσκουσι.
2797 688 3000 758 Γράφω
3030 686 3087 738 δὲ
3128 684 3320 744 ταῦτα,
3349 682 3411 734 ού
3463 680 3781 733 διδάσκων

477 798 704 851 doceam
730 794 1076 849 sanctitatem
1098 800 1359 852 vestram,
1398 789 1493 844 sed
1523 797 1580 843 ut
1607 788 1850 842 fraterno
1873 786 2055 840 animo

2175 791 2185 839 ὴ
2196 786 2310 857 μῶν
2345 784 2444 854 τὴν
2476 783 2751 851 ὁσιότητα,
2791 779 2903 832 ἀλλ’
2935 770 3239 845 ἀδελφικῶς
3271 773 3777 841 ἀναμιμνήσκων

479 884 638 936 vobis
672 896 962 952 suggeram
997 898 1010 933 :
1044 896 1153 933 non
1187 881 1446 949 ignorans
1482 880 1688 947 1131
1721 877 2055 947 gubemato-

2175 877 2249 928 cal.
2290 875 2445 936 εἰδὼς
2481 874 2564 925 ὅτι
2598 870 2693 924 καὶ
2726 868 3069 939 κυϐερνήτης
3093 865 3334 936 ἀριστος,
3367 864 3424 914 έν
3455 861 3543 929 τῷ
3565 859 3781 927 καιρῷ

480 992 570 1030 res
590 976 826 1045 optimos
846 982 965 1027 orta
988 980 1313 1041 tempestate
1333 977 1623 1025 nautarum
1644 969 1811 1023 etiam
1832 967 2057 1022 monitis

2175 966 2252 1020 τοῦ
2276 964 2561 1036 χειμῶνος,
2585 963 2677 1015 καὶ
2701 962 2797 1030 τῆς
2827 958 2975 1029 παρά
3000 958 3107 1011 τῶν
3135 956 3345 1008 ναυτῶν
3370 951 3782 1021 ὑπομνήσεως

481 1082 663 1137 egere.
720 1066 810 1119 Sic
835 1065 982 1118 enim
1031 1078 1261 1132 magnus
1289 1062 1377 1114 ille
1405 1061 1598 1123 Moses,
1644 1058 1785 1111 fama
1808 1057 2057 1112 celeber-

2175 1061 2346 1113 ῑείται.
2388 1056 2545 1110 Οὕτω
2590 1057 2685 1108 καὶ
2714 1052 2952 1121 Μωῡσῆς
2984 1052 3191 1111 ἐκεῖνος
3231 1050 3260 1100 6
3304 1046 3514 1116 μέγας,
3551 1046 3581 1094 ὁ
3622 1060 3782 1095 παιδ-

484 1157 677 1218 rimus,
723 1153 817 1222 qui
842 1152 1216 1222 vulgatissima
1246 1150 1338 1203 illa
1362 1148 1627 1202 miracula
1650 1146 1843 1208 edidit,
1874 1145 2059 1199 consi-

2175 1148 2428 1218 εύφημος,
2476 1149 2505 1199 6
2551 1144 2619 1197 τά
2657 1140 3067 1211 πολυθρύλλητα
3096 1138 3278 1190 ἐκεῖνα
3312 1136 3781 1204 θαυματουργή-

483 1247 618 1299 lium
670 1244 862 1298 Jcthro
908 1242 1215 1303 admisit",
1274 1240 1379 1292 viri
1425 1238 1492 1291 ad
1539 1253 1663 1290 eum
1713 1226 1885 1304 usque
1911 1236 2057 1289 diem

2175 1254 2280 1298 mg,
2332 1236 2429 1304 τὴν
2467 1233 2561 1285 τοῦ
2604 1232 2774 1302 Ἰοθὸρ
2806 1228 3022 1293 ἐδέξατο
3058 1226 3388 1297 συμϐουλὴν,
3420 1224 3659 1293 ἀνδρὸς
3694 1224 3778 1272 ἔτι

483 1336 756 1390 idolorum
790 1348 977 1387 errore
1009 1331 1273 1400 implicati
1321 1347 1334 1382 :
1380 1344 1483 1383 nec
1516 1328 1853 1397 impietatem
1876 1328 2060 1380 consi-

2175 1331 2224 1397 τῇ
2262 1328 2389 1396 περὶ
2425 1326 2493 1378 τά
2523 1324 2716 1377 εἴδωλα
2748 1321 2923 1393 πλάνῃ
2955 1317 3340 1387 κατεχομένου.
3388 1315 3471 1366 υὺ
3499 1313 3636 1383 γὰρ
3670 1314 3784 1364 ἁπ-

483 1428 730 1489 deravit,
785 1425 881 1479 sed
933 1423 1149 1477 consilii
1193 1421 1488 1474 utilitatem
1533 1417 1790 1487 respexit.
1839 1417 1922 1471 Ad
1947 1417 2062 1470 haec

2175 1421 2298 1473 εἶδεν
2334 1420 2413 1480 είς
2441 1416 2540 1486 τὴν
2576 1414 2849 1476 ἀσέϐειαν,
2881 1410 3016 1465 ἀλλά
3045 1411 3143 1479 τῆς
3174 1407 3496 1477 συμϐουλῆς
3549 1405 3789 1457 συνεῖδε

484 1532 616 1587 rogo
644 1516 989 1570 sanctitatem
1016 1521 1249 1568 vestram
1268 1551 1281 1575 ,
1326 1518 1389 1564 ut
1415 1511 1585 1563 Deum
1613 1523 1712 1578 pro
1736 1523 1822 1562 me
1849 1508 2061 1576 impen-

2175 1511 2222 1564 τὸ
2250 1510 2540 1581 χρήσιμον.
2574 1506 2718 1575 Πρὸς
2766 1505 2823 1557 δὲ
2871 1502 3078 1563 τούτοις
3122 1498 3426 1570 παρακαλῶ
3457 1497 3650 1566 ὑμῶν
3687 1497 3789 1563 τὴν

484 1609 602 1663 sius
645 1607 846 1667 oretis,
893 1613 955 1658 ut
1004 1605 1246 1672 reliquos
1296 1602 1419 1656 vita:
1458 1617 1591 1655 meae
1622 1600 1742 1653 dies
1792 1615 1860 1652 ex
1880 1598 2061 1669 legum

2175 1602 2436 1669 όσιότητα,
2458 1598 2749 1651 σπουδαίαν
2772 1597 2910 1667 ὑπὲρ
2931 1594 3062 1665 ἐμοῦ
3093 1594 3170 1663 τῷ
3203 1594 3320 1664 Θεῷ
3347 1595 3793 1663 προσενεγκεῖν

486 1699 660 1768 ipsius
688 1697 1010 1767 praescripto
1037 1693 1357 1763 transigam.
1404 1691 1529 1745 Hmc
1551 1705 1652 1759 ego
1679 1704 1778 1759 per
1801 1703 2061 1742 reveren-

2175 1661 2498 1761 προσεύχῆν,
2530 1690 2617 1741 ἵνα
2644 1687 2743 1751 τὰς
2767 1661 3095 1753 λειπομένας
3118 1661 3204 1755 μοι
3228 1661 3326 1753 τῆς
3353 1661 3516 1752 ζωῆς
3545 1683 3791 1752 ἡμέρας

488 1790 776 1845 dissimum
840 1804 905 1842 ac
960 1780 1881 1856 religiosissimum'presbyterum
1944 1777 2068 1832 Ste-

2175 1782 2311 1835 κατά
2338 1782 2465 1842 τοὺς
2506 1780 2670 1833 αὑτοῦ
2708 1777 3110 1847 πολιτεύσωμαι
3155 1777 3370 1844 νόμους.
3422 1773 3652 1826 Ταῦτα
3707 1774 3795 1824 διὰ

488 1882 732 1952 phanum
767 1877 983 1948 scripsi,
1033 1890 1197 1947 quem
1230 1875 1301 1929 ob
1335 1888 1553 1928 morum
1582 1873 1925 1926 honestatem
1957 1869 2069 1924 vidi

2175 1876 2263 1929 τοῦ
2294 1876 2622 1944 τιμιωτάτου
2657 1872 2751 1924 καὶ
2791 1868 3185 1924 εὐλαϐεστάτου
3217 1866 3327 1935 (59)
3363 1864 3793 1935 πρεσϐυτέρου

491 1975 828 2044 perlibenter
844 2013 860 2027 .

2175 1966 2444 2036 Στεφάνου
2504 1965 2776 2034 γέγραφα·
2823 1962 2883 2014 ὃν
2942 1957 3080 2014 εἶδον
3131 1960 3296 2030 ἡδέως
3356 1958 3444 2010 διὰ
3502 1957 3622 2026 τὴν
3681 1956 3792 2007 τῶν

1168 2100 1197 2117 .
2173 2058 2318 2129 ἠθῶν
2354 2056 2706 2126 κοσμιότητα.
2956 2070 2963 2071 ί

2175 2170 2300 2221 UH’.
2333 2198 2402 2206 —
2431 2165 2698 2231 Εὑσεϐίῳ
2755 2157 3220 2231 ὲπισκόπῳᾲτ-ἦς
3268 2155 3609 2224 Περσικῆς
3671 2155 3792 2223 Ἀρ-

536 2204 819 2261 LXXVIII.
855 2233 924 2241 ——
958 2200 1182 2256 Eusebio
1228 2200 1464 2271 episcopo
1493 2196 1719 2251 Persica:
1744 2195 2025 2250 Armeniae.

2175 2195 2265 2221 un
2288 2208 2300 2221 .
2333 2198 2402 2206 —
2431 2195 2698 2231 nuucuup
2755 2195 2885 2215 cauu
2902 2195 3065 2225 ιιυη-ιμ
3114 2195 3133 2211 ι

2767 2232 2980 2301 perlue
3014 2227 3146 2300 (60).

562 2356 792 2423 Quando
814 2353 1167 2425 gubernatori
1191 2351 1411 2422 aliquod
1427 2350 1624 2405 accidit
1643 2347 2073 2411 incommodum,

2250 2333 2418 2383 Ὅταν
2446 2329 2474 2381 ό
2506 2325 2845 2396 κυϐερνήτης
2878 2340 2931 2376 τι
2961 2322 3126 2391 πάθῃ,
3158 2320 3190 2389 ἦ
3221 2322 3249 2372 ό
3270 2318 3574 2388 πρωρεὺς,
3605 2317 3642 2385 ἢ
3685 2316 3789 2367 τῶν

495 2450 581 2502 vel
623 2457 867 2517 proreta,
900 2447 986 2499 vel
1026 2452 1320 2498 nautarum
1349 2442 1627 2511 princeps,
1676 2440 1824 2492 illius
1848 2450 2077 2491 munere

2175 2421 2386 2475 ναυτῶν
2417 2421 2444 2471 6
2470 2417 2702 2488 πρῶτος,
2729 2416 2826 2485 τὴν
2853 2414 3060 2467 ἐκείνου
3088 2412 3274 2482 χρείαν
3303 2409 3540 2478 πληροῖ,
3564 2408 3680 2461 οὐκ
3706 2410 3791 2459 az}-

497 2540 774 2608 t‘ungitur,
835 2553 944 2590 non
992 2536 1416 2604 gubernatorem
1443 2531 1684 2591 seinsum
1715 2529 2074 2591 constituens,

2177 2510 2615 2582 τοχειροτόνητος
2650 2506 2987 2578 κυϐερνήτης
3029 2504 3325 2572 γινόμενος,
3360 2500 3511 2552 ἀλλὰ
3557 2500 3670 2568 τῆς
3699 2498 3787 2549 τι]

497 2628 596 2683 sed
624 2625 889 2694 naufragii
922 2621 1285 2676 incolumitati
1309 2618 1672 2689 prospiciens.
1701 2618 1789 2671 Sic
1812 2625 1865 2670 et
1891 2613 2079 2670 inbel-

2180 2604 2421 2671 σκάφους
2466 2596 2915 2669 προμηθούμενος
2965 2596 3255 2663 σωτηρίας.
3294 2592 3456 2645 Οὕτω
3506 2592 3697 2644 πάλιν
3734 2594 3786 2642 ἐν

498 2721 553 2773 lo
593 2731 808 2779 rursus,
858 2722 1078 2766 mortuo
1106 2711 1266 2775 duce,
1322 2710 1669 2764 tribunorum
1695 2709 1950 2777 princeps
1982 2722 2077 2760 eo-

2179 2693 2420 2763 πολέμῳ,
2452 2692 2547 2743 τοῦ
2585 2687 2888 2759 στρατηγοῦ
2933 2689 3211 2749 πεσόντος,
3250 2685 3357 2736 τῶν
3396 2684 3730 2753 χιλιάρχων
3760 2686 3784 2733 6

498 2811 716 2880 piarum
765 2805 1146 2875 praefecturam
1196 2802 1461 2872 suscipit,
1497 2816 1607 2854 non
1639 2776 1963 2870 potestatem
1988 2814 2079 2851 ar-

2181 2783 2397 2855 πρῶτος
2421 2782 2521 2853 τὴν
2548 2781 2876 2852 στρατηγίαν
2904 2781 3118 2848 κοσμεῖ,
3143 2778 3201 2829 οὐ
3234 2776 3331 2845 τὴν
3360 2776 3637 2838 ἐξουσίαν
3686 2776 3779 2842 ἀρ-

500 2899 728 2968 ripiens,
759 2894 856 2950 sed
879 2894 1168 2964 gentilium
1190 2907 1415 2947 suorum
1447 2907 1635 2946 curam
1664 2906 1881 2960 gerens.
1915 2890 2006 2944 Sic
2025 2899 2081 2943 et

2182 2876 2390 2939 πάζων,
2420 2873 2556 2926 ἀλλὰ
2594 2873 2704 2926 τῶν
2731 2871 3018 2943 ὁμοφύλων
3050 2868 3370 2938 φροντίζων.
3410 2866 3587 2919 Οὕτω
3629 2868 3732 2919 καὶ
3760 2870 3779 2917 5

501 2990 854 3045 beatissimus
882 2986 1206 3040 Timotheus
1232 2984 1404 3038 divini
1433 2984 1585 3038 Pauli
1604 2983 1754 3036 vices
1776 2981 1843 3035 ab
1863 2996 1929 3034 eo
1952 2980 2079 3034 mis—

2180 2966 2579 3038 τρισμακάριος
2630 2964 2889 3034 Τιμόθεος
2934 2963 3028 3015 τοῦ
3072 2960 3358 3013 Θεσπεσίου
3416 2960 3654 3011 Παύλου
3692 2959 3779 3010 τδν

501 3098 596 3137 sus
616 3080 866 3149 implevit
886 3079 951 3131 ⁸⁸.
983 3077 1218 3131 Proinde
1248 3077 1507 3146 pietatem
1536 3082 1772 3129 vestram
1797 3072 2073 3135 convenit,

2178 3060 2340 3111 τόπον
2381 3057 2617 3128 ἐπλήρου
2666 3057 2796 3128 παρ’
2821 3054 3030 3108 ἐκείνου
3061 3053 3435 3123 πεμπόμενος.
3486 3053 3776 3121 Προσήκει

501 3182 559 3226 et
590 3168 993 3238 gubernatoris,
1029 3176 1083 3221 et
1114 3143 1291 3231 ducis,
1343 3175 1399 3221 et
1422 3166 1656 3236 pastoris
1684 3165 1928 3220 studium
1957 3180 2075 3217 am-

2178 3151 2355 3204 τοίνυν
2409 3151 2509 3220 τὴν
2566 3149 2663 3220 σὴν
2722 3148 3029 3202 θεοσέϐειαν
3083 3148 3177 3198 καὶ
3240 3144 3612 3213 κυϐερνήτου,
3688 3143 3774 3194 καὶ

503 3234 690 3331 plecti,
740 3259 1092 3328 periculaque
1120 3256 1301 3311 omnia
1336 3234 1437 3326 pro
1461 3254 1667 3310 Christi
1693 3254 1889 3309 ovibus
1911 3252 2078 3307 hilari

2182 3241 2510 3315 στρατηγοῦ,
2546 3241 2639 3294 καὶ
2672 3239 2928 3309 ποιμένος
2958 3237 3192 3306 σπουδὴν
3231 3234 3633 3298 ἀναδέξασθαι,
3686 3237 3771 3285 καὶ

504 3353 659 3406 vultu
711 3351 966 3419 excipere
1020 3366 1033 3402 :
1079 3364 1181 3403 nec
1231 3348 1506 3403 solitarias
1554 3347 1807 3416 solasque
1840 3343 2080 3414 pecudes

2182 3338 2360 3391 πάντα
2408 3335 2650 3387 κίνδυνον
2705 3332 2845 3401 ὑπὲρ
2892 3330 2999 3383 τῶν
3046 3329 3138 3382 τοῦ
3175 3326 3414 3398 Χριστοῦ
3462 3326 3763 3395 προϐάτων

505 3445 780 3506 deserere,
822 3415 1031 3512 1132
1058 3443 1151 3496 sed
1184 3442 1331 3510 quod
1358 3441 1697 3495 confractum
1720 3415 1810 3493 est
1834 3438 2077 3507 alligare,

2186 3425 2303 3496 μεθ’
2327 3425 2515 3495 ἡδονῆς
2546 3420 2966 3487 καταδέξασθαι,
2998 3419 3091 3471 καὶ
3124 3418 3197 3488 μὴ
3232 3415 3560 3469 καταλιπεῖν
3588 3417 3766 3483 ἔρημα

505 3534 653 3603 quod
678 3506 1129 3601 cecidit—erigere,
1157 3506 1303 3600 quod
1327 3530 1546 3583 aberrat
1567 3529 1851 3591 reducere,
1869 3506 2081 3596 etquod

2187 3518 2319 3590 μηδὲ
2367 3517 2503 3584 μόνα
2553 3512 2662 3585 (61)
2718 3513 2784 3564 τὰ
2820 3511 3128 3581 θρέμματα·
3172 3508 3308 3562 άλλά
3350 3508 3446 3559 καὶ
3480 3506 3550 3559 τὸ
3584 3524 3765 3558 συντε-

506 3640 697 3680 sanum
727 3633 810 3678 est
843 3625 1116 3678 incolum’e
1142 3638 1472 3678 conservare
1492 3620 1559 3684 “,
1590 3620 1871 3688 bonosque
1900 3627 2084 3687 pasto-

2182 3604 2482 3678 τριμμένον
2522 3601 2843 3670 καταδῆσαι,
2874 3600 2966 3652 καὶ
2998 3600 3058 3650 τδ
3093 3595 3381 3657 πεπτωκὸς
3422 3593 3762 3661 ἀνορθῶσαι,

508 3734 597 3771 res
626 3718 859 3779 imitari,
911 3717 1005 3785 qui
1031 3724 1156 3769 ante
1179 3715 1365 3768 caulas
1387 3712 1689 3775 excubant,
1736 3722 1793 3765 et
1820 3710 2084 3763 adversus

2186 3698 2278 3751 καὶ
2308 3696 2369 3747 τὸ
2419 3691 2769 3762 πλανώμενον
2798 3687 3144 3760 ἐπιστρέψαι,
3186 3688 3278 3739 καὶ
3321 3685 3381 3737 τι
3412 3686 3670 3751 ὑγιαῖνον
3706 3686 3764 3751 τῇ

506 3808 668 3876 lupos
699 3808 903 3860 bellum
930 3814 1144 3875 gerunt.
1179 3803 1556 3858 Recordemur
1575 3810 1759 3855 autem
1790 3798 2084 3853 verborum

2187 3788 2345 3859 ὑγεία
2383 3784 2633 3865 φυλάξαι,
2663 3782 2756 3836 καὶ
2787 3781 2912 3843 τοὺς
2943 3778 3178 3848 ἀγαθοὺς
3213 3776 3477 3845 ποιμένας
3516 3776 3763 3844 μιμήσαο

510 3897 834 3968 patriarchae
854 3896 1043 3960 Jacob,
1099 3895 1306 3964 quibus
1334 3892 1609 3962 ingratmn
1632 3890 1811 3944 soceri
1840 3888 2086 3943 animum

2188 3880 2332 3942 σθαι,
2363 3878 2412 3930 οἳ
2443 3864 2548 3943 πρὸ
2567 3873 2674 3926 τῶν
2695 3875 2959 3941 ποιμνίων
2981 3868 3198 3928 ἑστῶσι,
3230 3868 3322 3919 καὶ
3352 3865 3446 3916 τὸν
3471 3864 3621 3934 πρὸς
3649 3866 3766 3924 τοὺς

509 3996 709 4041 notans
765 4003 895 4041 usus
944 3995 1027 4041 est
1084 4008 1095 4039 :
1163 4006 1179 4037 ι
1204 3986 1299 4039 Die
1329 3993 1601 4051 noctuque
1635 3993 1769 4035 aestu
1802 3981 1999 4035 urebar
2032 3989 2087 4034 et

2186 3968 2383 4030 λύκους
2414 3964 2760 4033 ἀναδέχονται
2793 3961 3046 4030 πόλεμον.
3089 3955 3563 4027 ’Δναμνησθῶμεν
3593 3957 3650 4007 δὲ
3678 3956 3766 4007 καὶ

510 4078 633 4148 gelu
680 4096 691 4131 :
734 4078 1081 4147 fugiebatque
1115 4093 1339 4132 somnus
1366 4075 1433 4129 ab
1464 4048 1638 4128 oculis
1659 4073 1812 4126 meis.
1872 4071 2088 4124 Arietes

2186 4060 2295 4113 τῶν
2316 4058 2408 4111 τοῦ
2434 4054 2770 4126 πατριάρχου
2801 4051 2995 4104 Ἰακὼϐ
3019 4051 3296 4122 ῥημάτων,
3321 4048 3356 4102 ἀ
3375 4048 3471 4101 τοῦ
3501 4048 3763 4119 κηδεστοῦ

511 4167 693 4237 gregis
726 4168 802 4220 tui
838 4184 946 4220 non
988 4166 1222 4229 comedi,
1280 4181 1381 4219 nec
1402 4171 1619 4232 captum
1651 4178 1681 4215 a
1711 4160 1884 4214 bestia
1910 4159 2084 4213 obtuli

2187 4150 2284 4221 τὴν
2316 4147 2637 4220 ἀχαριστίαν
2666 4145 2955 4214 διελέγχων
2979 4144 3367 4214 προσήνεγκεν*
3400 4158 3420 4191 ι
3454 4140 3603 4207 Ἐγὼ
3620 4142 3765 4211 ἥμην

513 4231 639 4311 tibi:
692 4259 805 4328 Ego
847 4259 961 4327 ipse
1014 4257 1310 4312 reddebam
1342 4231 1609 4326 quidquid
1663 4246 1811 4307 furto
1842 4250 2086 4321 perierat

2192 4241 2579 4310 συγκαιόμενος
2607 4237 2684 4308 τῷ
2712 4235 2956 4305 καύματι
2976 4234 3076 4303 τῆς
3094 4233 3328 4303 ἡμέρας,
3358 4233 3454 4286 καὶ
3481 4231 3567 4301 τῷ
3596 4248 3765 4297 παγε-

512 4349 601 4403 die
626 4365 690 4403 ac
712 4358 871 4403 nocte
888 4350 953 4400 ⁵⁵.
981 4367 997 4398 ›
1330 4410 1335 4415 ι

2192 4334 2269 4404 τῷ
2318 4332 2419 4401 τῆς
2465 4331 2673 4392 νυκτός·
2726 4329 2820 4381 καὶ
2860 4327 3120 4394 ἀφίστατο
3154 4325 3182 4376 6
3223 4322 3390 4386 ὕπνος
3420 4322 3534 4375 τῶν
3569 4323 3767 4390 ὀφθαλο

519 4438 633 4507 μῶν
661 4439 792 4506 (62).
839 4439 1040 4506 Κριοῦς
1066 4438 1171 4490 τῶν
1207 4414 1493 4507 προϐάτων
1541 4452 1634 4487 σου
1666 4436 1725 4487 ού
1788 4432 2120 4500 κατέφαγον,
2162 4424 2497 4498 θηριάλωτον
2531 4422 2630 4475 οὐκ
2674 4419 2901 4491 ένήνοχά
2944 4436 3043 4472 σοι.
3083 4415 3231 4493 Ἐγὼ
3258 4414 3586 4468 ἀπετίννυον
3638 4415 3761 4483 παρ’

516 4527 736 4596 ἐμαυτῷ
773 4526 1109 4596 ἁρπάγματα
1158 4525 1256 4593 τῆς
1307 4524 1521 4593 ἡμέρας
1563 4522 1659 4575 καὶ
1693 4522 1790 4592 τῆς
1823 4520 2035 4580 νυκτός.
2076 4536 2092 4568 ι

585 4616 676 4671 Hae
725 4617 978 4687 pastoriae
1045 4624 1172 4670 sunt
1222 4623 1365 4670 nota:
1414 4632 1427 4667 :
1472 4614 1556 4668 hae.
1596 4616 1743 4685 leges
1775 4614 1956 4668 ovium
1992 4628 2088 4666 cu-

2258 4600 2417 4660 Οὗτοι
2448 4603 2754 4674 ποιμενικοὶ
2773 4600 3143 4673 χαρακτῆρες,
3178 4591 3324 4652 οὗτοι
3353 4597 3501 4667 νόμοι
3536 4597 3639 4667 τῆς
3664 4598 3761 4649 τιξν

518 4706 1010 4773 randarum.Quod
1050 4708 1094 4761 si
1144 4706 1434 4760 brutarum
1471 4706 1831 4761 animantium
1882 4712 2085 4758 tantam

2186 4698 2473 4771 προϐάτων
2511 4694 2847 4764 ἐπιμελείας.
2881 4694 2943 4745 El
2972 4692 3027 4744 δὲ
3062 4690 3271 4758 ἀλόγων
3315 4687 3612 4759 προϐάτων
3642 4705 3758 4739 τοτ-

517 4813 703 4851 curam
747 4797 939 4851 habuit
968 4797 1052 4850 vir
1090 4797 1476 4860 admirandus,
1517 4807 1573 4851 et
1617 4797 1720 4850 hac
1763 4794 2085 4850 defensione

2184 4790 2355 4857 αύτην
2405 4789 2433 4840 6
2484 4786 2782 4854 θαυμάσιος
2840 4782 2978 4852 ἀνὴρ
3021 4781 3318 4849 ἐποιήσατο
3350 4777 3635 4848 πρόνοιαν,
3673 4780 3755 4830 καὶ

516 4903 648 4940 usus
691 4896 774 4941 est
826 4903 953 4955 erga
1010 4887 1185 4951 illum,
1254 4887 1348 4956 qui
1397 4887 1495 4940 has
1545 4888 1665 4957 ejus
1724 4884 1849 4940 ﬁdei
1936 4899 2085 4938 com-

2184 4879 2387 4948 ταύτην
2407 4875 2482 4945 τῷ
2514 4872 2899 4926 πεπιστευκότι
2921 4870 3015 4941 τὴν
3042 4870 3336 4937 ἀπολογίαν
3362 4869 3758 4937 προσήνεγκεν-

516 4978 762 5041 miserat,
785 4979 917 5047 quid
959 4994 1071 5032 non
1118 4978 1487 5047 praestandum
1539 4977 1701 5030 nobis
1736 4985 1841 5040 est,
1883 4974 2085 5044 quibus

2191 4970 2245 5022 τί
2270 4970 2331 5021 οὐ
2365 4966 2617 5037 ποιητέον
2648 4966 2798 5034 ἡμῖν,
2834 4962 3024 5030 λογικά
3057 4963 3154 5032 μὲν
3175 4960 3591 5032 ἐγχειρηθεῖσιν
3631 4961 3759 5029 ττρὸ-

516 5068 727 5123 ratione
771 5068 1009 5137 praaditaa
1053 5068 1355 5121 commissa:
1380 5074 1508 5121 sunt
1533 5082 1683 5125 oves.
1730 5074 1786 5118 et
1826 5065 1919 5133 qui
1945 5064 2087 5117 hanc

2192 5062 2351 5124 ϐατα,
2379 5058 2528 5129 παρά
2552 5058 2608 5110 δὲ
2634 5057 2728 5110 τοῦ
2748 5056 2881 5108 Θεοῦ
2918 5055 3025 5107 τῶν
3047 5055 3183 5107 ὃλων
3216 5052 3535 5120 δεξαμένοις
3561 5052 3756 5115 ταύτην

515 5159 585 5215 ab
617 5158 998 5213 universorum
1024 5158 1136 5211 Deo
1173 5155 1508 5226 provinciam
1536 5152 1869 5221 accepimus,
1903 5153 1946 5206 si
1976 5153 2084 5206 Do-

2190 5153 2289 5221 τὴν
2312 5150 2650 5220 ἐπιμέλειαν,
2675 5148 2767 5200 καὶ
2785 5145 3154 5215 λογιζομένοις
3176 5146 3257 5198 ὅτι
3277 5146 3305 5197 ό
3329 5142 3604 5211 Δεσπότης
3629 5145 3758 5209 ὑπὲρ

518 5249 729 5304 minum
763 5263 862 5317 pro
899 5247 987 5301 his
1027 5246 1263 5300 animam
1292 5243 1543 5315 posuisse
1569 5243 1902 5314 cogitemus?
1951 5242 2085 5309 Quis

2190 5244 2395 5296 τούτων
2427 5240 2593 5293 ἔδωκε
2625 5239 2725 5309 τὴν
2748 5238 2961 5307 ψυχήν;
2993 5235 3088 5299 Τίς
3112 5234 3170 5287 δὲ
3207 5234 3267 5286 οὐ
3295 5232 3429 5285 δέδιέ
3454 5248 3511 5283 τε
3541 5232 3637 5285 καὶ
3672 5234 3760 5282 τέ-

587 5401 632 5433 ⁸³
658 5398 831 5455 Exod.
860 5414 1006 5463 xvm,
1033 5397 1121 5450 24.
1197 5397 1243 5428 ⁸³
1268 5394 1432 5450 lCor.
1466 5411 1537 5461 tv,
1566 5396 1661 5460 I7;
1693 5394 1711 5448 l
1738 5394 2039 5477 Thess.nr,
2069 5396 2115 5449 I.
2197 5395 2243 5426 ⁸⁵
2267 5393 2467 5448 Ezech.
2489 5408 2670 5457 xxxiv,
2696 5392 2751 5445 4.
2829 5391 2874 5421 ⁸⁸
2906 5388 3044 5445 Gen.
3075 5404 3219 5453 xxxi,
3256 5386 3342 5439 40.

523 5576 555 5628 ὁ
588 5510 697 5631 $58)
735 5511 876 5591 Egeo.
912 5513 1017 5571 ho;
1046 5511 1131 5565 ἂν.
1162 5511 1248 5577 ἀξ.
1276 5512 1429 5593 θρην.
1472 5514 1719 5592 restituta
1749 5526 1779 5566 e
1802 5510 1922 5567 cod.
1962 5511 2092 5565 Vin-

560 5580 1001 5649 outexetderant
1023 5595 1053 5633 e
1092 5580 1280 5635 Graeco
1320 5582 1616 5638 Sirrnondt.

2271 5507 2380 5649 (60;
2419 5506 2757 5579 πρεσϐυτέρᾳ
2813 5504 3085 5577 Περσικῆς
3118 5505 3284 5571 Ἀρμ.
3314 5501 3480 5569 Neap.

2270 5580 2352 5649 (6|
2412 5578 2706 5649 κηδεμόικος
2736 5577 2901 5643 Neap.
2947 5592 2999 5645 q.
3051 5574 3103 5628 d.
3148 5573 3364 5628 orbatas
3394 5586 3480 5625 mo

560 5568 651 5631 oh.
679 5568 1053 5634 'exeiderant'e
1092 5568 1280 5635 (ἔντεὶο
1311 5568 1616 5638 Βῖτιηοηάἰ.

594 5646 705 5715 (59)
738 5648 1121 5701 εὐσεϐεστάτου
1148 5652 1312 5719 Neap.

2277 5568 2379 5649 ’61)
2412 5568 2706 5647 κῆδεμόαος
2736 5568 2905 5643 Neap:
2947 5592 2999 5645 q.
3043 5568 3103 5628 'd.
3148 5568 3364 5628 orbatas
3394 5568 3757 5625 moderatore.

2270 5583 2379 5721 ξω)
2416 5665 2515 5721 μου
2546 5647 2697 5701 addit
2727 5650 2891 5716 Neap.
2998 5691 3013 5701 ,.
