  <div class='ocr_page' id='page_1' title='image "/cluster/home/n/w/nwhite01/storage/ocr_20150623/83/hvd.32044073502072/632.png"; bbox 0 0 3924 6192; ppageno 0'>
   <div class='ocr_carea' id='block_1_1' title="bbox 245 271 377 339">
    <p class='ocr_par' dir='ltr' id='par_1_1' title="bbox 245 271 377 339">
     <span class='ocr_line' id='line_1_1' title="bbox 245 271 377 339; baseline -0.015 0"><span class='ocrx_word' id='word_1_1' title='bbox 245 271 377 339; x_wconf 74' lang='grc'><strong>1253</strong></span> 
     </span>
    </p>
   </div>
   <div class='ocr_carea' id='block_1_2' title="bbox 1496 262 2225 327">
    <p class='ocr_par' dir='ltr' id='par_1_2' title="bbox 1496 262 2225 327">
     <span class='ocr_line' id='line_1_2' title="bbox 1496 262 2225 327; baseline -0.004 -2"><span class='ocrx_word' id='word_1_2' title='bbox 1496 263 1858 325; x_wconf 86' lang='lat' dir='ltr'><strong>EPISTOLA</strong></span> <span class='ocrx_word' id='word_1_3' title='bbox 1895 262 2198 327; x_wconf 57' lang='lat' dir='ltr'><strong>LXXVIII</strong></span> <span class='ocrx_word' id='word_1_4' title='bbox 2212 307 2225 322; x_wconf 91' lang='lat'><strong>.</strong></span> 
     </span>
    </p>
   </div>
   <div class='ocr_carea' id='block_1_3' title="bbox 3341 265 3479 330">
    <p class='ocr_par' dir='ltr' id='par_1_3' title="bbox 3341 265 3479 330">
     <span class='ocr_line' id='line_1_3' title="bbox 3341 265 3479 330; baseline 0.007 -1"><span class='ocrx_word' id='word_1_5' title='bbox 3341 265 3479 330; x_wconf 63' lang='grc'><strong>1254</strong></span> 
     </span>
    </p>
   </div>
   <div class='ocr_carea' id='block_1_4' title="bbox 235 375 1821 457">
    <p class='ocr_par' dir='ltr' id='par_1_4' title="bbox 235 378 1798 457">
     <span class='ocr_line' id='line_1_4' title="bbox 235 378 1798 457; baseline -0.004 -17"><span class='ocrx_word' id='word_1_6' title='bbox 235 404 429 457; x_wconf 73' lang='grc' dir='ltr'>φρικεν</span> <span class='ocrx_word' id='word_1_7' title='bbox 457 383 671 440; x_wconf 80' lang='grc' dir='ltr'>ἀκούων</span> <span class='ocrx_word' id='word_1_8' title='bbox 706 382 798 438; x_wconf 88' lang='grc' dir='ltr'><strong>τοῦ</strong></span> <span class='ocrx_word' id='word_1_9' title='bbox 831 382 966 436; x_wconf 87' lang='grc' dir='ltr'>Θεοῦ</span> <span class='ocrx_word' id='word_1_10' title='bbox 988 378 1078 436; x_wconf 76' lang='grc' dir='ltr'><strong>διὰ</strong></span> <span class='ocrx_word' id='word_1_11' title='bbox 1107 378 1202 434; x_wconf 89' lang='grc' dir='ltr'><strong>τοῦ</strong></span> <span class='ocrx_word' id='word_1_12' title='bbox 1240 380 1499 450; x_wconf 71' lang='grc' dir='ltr'>Ὶεζεκιὴλ</span> <span class='ocrx_word' id='word_1_13' title='bbox 1530 380 1798 449; x_wconf 79' lang='grc' dir='ltr'>λέγοντός,</span> 
     </span>
    </p>
   </div>
   <div class='ocr_carea' id='block_1_5' title="bbox 1922 375 3479 457">
    <p class='ocr_par' dir='ltr' id='par_1_5' title="bbox 1922 375 3479 445">
     <span class='ocr_line' id='line_1_5' title="bbox 1922 375 3479 445; baseline 0.003 -12"><span class='ocrx_word' id='word_1_14' title='bbox 1922 386 2088 433; x_wconf 78' lang='lat' dir='ltr'><strong>tutem</strong></span> <span class='ocrx_word' id='word_1_15' title='bbox 2119 394 2231 433; x_wconf 91' lang='lat' dir='ltr'><strong>non</strong></span> <span class='ocrx_word' id='word_1_16' title='bbox 2273 375 2458 432; x_wconf 86' lang='lat' dir='ltr'><strong>timuit</strong></span> <span class='ocrx_word' id='word_1_17' title='bbox 2485 384 2542 432; x_wconf 90' lang='lat' dir='ltr'><strong>et</strong></span> <span class='ocrx_word' id='word_1_18' title='bbox 2567 378 2822 445; x_wconf 85' lang='lat' dir='ltr'><strong>horruit,</strong></span> <span class='ocrx_word' id='word_1_19' title='bbox 2880 378 3053 434; x_wconf 85' lang='lat' dir='ltr'><strong>Deum</strong></span> <span class='ocrx_word' id='word_1_20' title='bbox 3083 380 3312 437; x_wconf 81' lang='lat' dir='ltr'><strong>audiens</strong></span> <span class='ocrx_word' id='word_1_21' title='bbox 3337 382 3446 437; x_wconf 70' lang='lat' dir='ltr'><strong>Ez‘e</strong></span> <span class='ocrx_word' id='word_1_22' title='bbox 3472 414 3479 421; x_wconf 71' lang='grc' dir='ltr'><strong>ο</strong></span> 
     </span>
    </p>
   </div>
   <div class='ocr_carea' id='block_1_6' title="bbox 237 471 1805 547">
    <p class='ocr_par' dir='ltr' id='par_1_6' title="bbox 237 471 1805 547">
     <span class='ocr_line' id='line_1_6' title="bbox 237 471 1805 547; baseline -0.003 -18"><span class='ocrx_word' id='word_1_23' title='bbox 237 478 316 529; x_wconf 84' lang='grc' dir='ltr'>ὃτι</span> <span class='ocrx_word' id='word_1_24' title='bbox 345 493 365 527; x_wconf 73' lang='grc' dir='ltr'><strong>ι</strong></span> <span class='ocrx_word' id='word_1_25' title='bbox 396 476 579 547; x_wconf 81' lang='grc' dir='ltr'>Κρινῶ</span> <span class='ocrx_word' id='word_1_26' title='bbox 600 475 874 545; x_wconf 84' lang='grc' dir='ltr'>άναμέσον</span> <span class='ocrx_word' id='word_1_27' title='bbox 895 475 1150 547; x_wconf 72' lang='grc' dir='ltr'><strong>ποιμένος</strong></span> <span class='ocrx_word' id='word_1_28' title='bbox 1168 473 1261 527; x_wconf 73' lang='grc' dir='ltr'><strong>καὶ</strong></span> <span class='ocrx_word' id='word_1_29' title='bbox 1276 472 1569 543; x_wconf 84' lang='grc' dir='ltr'>προϐάτου,</span> <span class='ocrx_word' id='word_1_30' title='bbox 1596 472 1729 525; x_wconf 88' lang='grc' dir='ltr'>διότι</span> <span class='ocrx_word' id='word_1_31' title='bbox 1744 471 1805 525; x_wconf 82' lang='grc' dir='ltr'>τὸ</span> 
     </span>
    </p>
   </div>
   <div class='ocr_carea' id='block_1_7' title="bbox 236 561 1806 636">
    <p class='ocr_par' dir='ltr' id='par_1_7' title="bbox 236 561 1806 636">
     <span class='ocr_line' id='line_1_7' title="bbox 236 561 1806 636; baseline -0.003 -16"><span class='ocrx_word' id='word_1_32' title='bbox 236 567 374 636; x_wconf 82' lang='grc' dir='ltr'>γάλα</span> <span class='ocrx_word' id='word_1_33' title='bbox 397 566 631 636; x_wconf 76' lang='grc' dir='ltr'>ήσθίετε,</span> <span class='ocrx_word' id='word_1_34' title='bbox 650 567 743 618; x_wconf 73' lang='grc' dir='ltr'>καὶ</span> <span class='ocrx_word' id='word_1_35' title='bbox 758 566 826 620; x_wconf 74' lang='grc' dir='ltr'><strong>τὰ</strong></span> <span class='ocrx_word' id='word_1_36' title='bbox 848 567 968 634; x_wconf 74' lang='grc' dir='ltr'>ἔρια</span> <span class='ocrx_word' id='word_1_37' title='bbox 991 564 1432 636; x_wconf 78' lang='grc' dir='ltr'>περιεϐάλλεσθε.</span> <span class='ocrx_word' id='word_1_38' title='bbox 1463 561 1646 617; x_wconf 75' lang='grc' dir='ltr'>καὶτὰ</span> <span class='ocrx_word' id='word_1_39' title='bbox 1672 562 1806 630; x_wconf 85' lang='grc' dir='ltr'>πρό-</span> 
     </span>
    </p>
   </div>
   <div class='ocr_carea' id='block_1_8' title="bbox 238 650 1805 724">
    <p class='ocr_par' dir='ltr' id='par_1_8' title="bbox 238 650 1805 724">
     <span class='ocr_line' id='line_1_8' title="bbox 238 650 1805 724; baseline -0.003 -15"><span class='ocrx_word' id='word_1_40' title='bbox 238 657 375 709; x_wconf 72' lang='grc' dir='ltr'>ϐατα</span> <span class='ocrx_word' id='word_1_41' title='bbox 405 656 502 708; x_wconf 84' lang='grc' dir='ltr'>οὐκ</span> <span class='ocrx_word' id='word_1_42' title='bbox 528 654 888 724; x_wconf 84' lang='grc' dir='ltr'>ὲϐοσκήσατε.</span> <span class='ocrx_word' id='word_1_43' title='bbox 925 673 943 705; x_wconf 83' lang='grc' dir='ltr'><strong>ι</strong></span> <span class='ocrx_word' id='word_1_44' title='bbox 973 654 1084 707; x_wconf 75' lang='grc' dir='ltr'><strong>Καὶ</strong></span> <span class='ocrx_word' id='word_1_45' title='bbox 1112 654 1294 719; x_wconf 84' lang='grc' dir='ltr'>πάλιν,</span> <span class='ocrx_word' id='word_1_46' title='bbox 1321 653 1402 706; x_wconf 81' lang='grc' dir='ltr'>ὅτι</span> <span class='ocrx_word' id='word_1_47' title='bbox 1436 672 1454 704; x_wconf 78' lang='grc' dir='ltr'><strong>ι</strong></span> <span class='ocrx_word' id='word_1_48' title='bbox 1483 651 1689 706; x_wconf 80' lang='grc' dir='ltr'>Σκοπὸν</span> <span class='ocrx_word' id='word_1_49' title='bbox 1720 650 1805 705; x_wconf 82' lang='grc' dir='ltr'>δέ·</span> 
     </span>
    </p>
   </div>
   <div class='ocr_carea' id='block_1_9' title="bbox 239 743 1805 817">
    <p class='ocr_par' dir='ltr' id='par_1_9' title="bbox 239 743 1805 817">
     <span class='ocr_line' id='line_1_9' title="bbox 239 743 1805 817; baseline -0.003 -16"><span class='ocrx_word' id='word_1_50' title='bbox 239 747 385 801; x_wconf 85' lang='grc' dir='ltr'>δωκά</span> <span class='ocrx_word' id='word_1_51' title='bbox 423 764 481 800; x_wconf 90' lang='grc' dir='ltr'><strong>σε</strong></span> <span class='ocrx_word' id='word_1_52' title='bbox 516 746 592 816; x_wconf 83' lang='grc' dir='ltr'>τῷ</span> <span class='ocrx_word' id='word_1_53' title='bbox 621 745 754 817; x_wconf 77' lang='grc' dir='ltr'>οἴκῳ</span> <span class='ocrx_word' id='word_1_54' title='bbox 799 746 1034 816; x_wconf 78' lang='grc' dir='ltr'>Ἰσραὴλ,</span> <span class='ocrx_word' id='word_1_55' title='bbox 1070 746 1162 799; x_wconf 78' lang='grc' dir='ltr'>καὶ</span> <span class='ocrx_word' id='word_1_56' title='bbox 1188 747 1285 798; x_wconf 83' lang='grc' dir='ltr'><strong>ἐὰν</strong></span> <span class='ocrx_word' id='word_1_57' title='bbox 1323 745 1396 815; x_wconf 84' lang='grc' dir='ltr'>μὴ</span> <span class='ocrx_word' id='word_1_58' title='bbox 1419 743 1694 815; x_wconf 81' lang='grc' dir='ltr'>διαστείλῃ</span> <span class='ocrx_word' id='word_1_59' title='bbox 1728 743 1805 815; x_wconf 81' lang='grc' dir='ltr'><strong>τῷ</strong></span> 
     </span>
    </p>
   </div>
   <div class='ocr_carea' id='block_1_10' title="bbox 238 835 1805 909">
    <p class='ocr_par' dir='ltr' id='par_1_10' title="bbox 238 835 1805 909">
     <span class='ocr_line' id='line_1_10' title="bbox 238 835 1805 909; baseline -0.002 -17"><span class='ocrx_word' id='word_1_60' title='bbox 238 839 439 908; x_wconf 79' lang='grc' dir='ltr'>ἀνόμῳ,</span> <span class='ocrx_word' id='word_1_61' title='bbox 462 835 556 890; x_wconf 91' lang='grc' dir='ltr'><strong>τοῦ</strong></span> <span class='ocrx_word' id='word_1_62' title='bbox 591 838 930 909; x_wconf 75' lang='grc' dir='ltr'><strong>ἀποστρέψαι</strong></span> <span class='ocrx_word' id='word_1_63' title='bbox 950 837 1041 890; x_wconf 80' lang='grc' dir='ltr'>τὸν</span> <span class='ocrx_word' id='word_1_64' title='bbox 1065 837 1264 907; x_wconf 76' lang='grc' dir='ltr'>ἄνομον</span> <span class='ocrx_word' id='word_1_65' title='bbox 1290 837 1396 891; x_wconf 77' lang='grc' dir='ltr'>ἀπὸ</span> <span class='ocrx_word' id='word_1_66' title='bbox 1428 837 1527 906; x_wconf 82' lang='grc' dir='ltr'>τῆς</span> <span class='ocrx_word' id='word_1_67' title='bbox 1558 835 1678 890; x_wconf 87' lang='grc' dir='ltr'>ὁδοῦ</span> <span class='ocrx_word' id='word_1_68' title='bbox 1704 837 1805 889; x_wconf 80' lang='grc' dir='ltr'><strong>αὑ-</strong></span> 
     </span>
    </p>
   </div>
   <div class='ocr_carea' id='block_1_11' title="bbox 238 928 1805 1000">
    <p class='ocr_par' dir='ltr' id='par_1_11' title="bbox 238 928 1805 1000">
     <span class='ocr_line' id='line_1_11' title="bbox 238 928 1805 1000; baseline -0.001 -17"><span class='ocrx_word' id='word_1_69' title='bbox 238 929 328 983; x_wconf 85' lang='grc' dir='ltr'><strong>τοῦ</strong></span> <span class='ocrx_word' id='word_1_70' title='bbox 359 929 458 994; x_wconf 83' lang='grc' dir='ltr'>τῆς</span> <span class='ocrx_word' id='word_1_71' title='bbox 498 932 758 999; x_wconf 80' lang='grc' dir='ltr'>πονηρᾶς,</span> <span class='ocrx_word' id='word_1_72' title='bbox 791 932 819 983; x_wconf 86' lang='grc' dir='ltr'>ὁ</span> <span class='ocrx_word' id='word_1_73' title='bbox 843 929 1041 999; x_wconf 76' lang='grc' dir='ltr'>ἄνομος</span> <span class='ocrx_word' id='word_1_74' title='bbox 1065 931 1268 992; x_wconf 78' lang='grc' dir='ltr'>ἐκεῖνος</span> <span class='ocrx_word' id='word_1_75' title='bbox 1294 931 1351 982; x_wconf 81' lang='grc' dir='ltr'>ἐν</span> <span class='ocrx_word' id='word_1_76' title='bbox 1377 932 1446 1000; x_wconf 84' lang='grc' dir='ltr'>τῇ</span> <span class='ocrx_word' id='word_1_77' title='bbox 1480 928 1679 1000; x_wconf 78' lang='grc' dir='ltr'>ἀνομίᾳ</span> <span class='ocrx_word' id='word_1_78' title='bbox 1704 929 1805 982; x_wconf 73' lang='grc' dir='ltr'><strong>αὑ-</strong></span> 
     </span>
    </p>
   </div>
   <div class='ocr_carea' id='block_1_12' title="bbox 237 1015 1807 1091">
    <p class='ocr_par' dir='ltr' id='par_1_12' title="bbox 237 1015 1807 1091">
     <span class='ocr_line' id='line_1_12' title="bbox 237 1015 1807 1091; baseline -0.001 -17"><span class='ocrx_word' id='word_1_79' title='bbox 237 1021 330 1074; x_wconf 91' lang='grc' dir='ltr'><strong>τοῦ</strong></span> <span class='ocrx_word' id='word_1_80' title='bbox 359 1020 730 1084; x_wconf 74' lang='grc' dir='ltr'><strong>ἀποθανεῖται,</strong></span> <span class='ocrx_word' id='word_1_81' title='bbox 755 1021 815 1074; x_wconf 77' lang='grc' dir='ltr'><strong>τὸ</strong></span> <span class='ocrx_word' id='word_1_82' title='bbox 843 1021 899 1074; x_wconf 80' lang='grc' dir='ltr'>δὲ</span> <span class='ocrx_word' id='word_1_83' title='bbox 927 1015 1065 1091; x_wconf 76' lang='grc' dir='ltr'>αἷμα</span> <span class='ocrx_word' id='word_1_84' title='bbox 1090 1021 1254 1074; x_wconf 82' lang='grc' dir='ltr'>αὑτοῦ</span> <span class='ocrx_word' id='word_1_85' title='bbox 1285 1022 1348 1073; x_wconf 82' lang='grc' dir='ltr'>ὲκ</span> <span class='ocrx_word' id='word_1_86' title='bbox 1380 1022 1479 1090; x_wconf 81' lang='grc' dir='ltr'>τῆς</span> <span class='ocrx_word' id='word_1_87' title='bbox 1503 1019 1686 1091; x_wconf 87' lang='grc' dir='ltr'>χειρός</span> <span class='ocrx_word' id='word_1_88' title='bbox 1714 1037 1807 1073; x_wconf 89' lang='grc' dir='ltr'><strong>σου</strong></span> 
     </span>
    </p>
   </div>
   <div class='ocr_carea' id='block_1_13' title="bbox 166 1109 1808 1182">
    <p class='ocr_par' dir='ltr' id='par_1_13' title="bbox 166 1109 1808 1182">
     <span class='ocr_line' id='line_1_13' title="bbox 166 1109 1808 1182; baseline -0.002 -17"><span class='ocrx_word' id='word_1_89' title='bbox 166 1114 173 1119; x_wconf 80' lang='grc'><strong>’</strong></span> <span class='ocrx_word' id='word_1_90' title='bbox 238 1109 545 1182; x_wconf 80' lang='grc' dir='ltr'>έκζητήσω.</span> <span class='ocrx_word' id='word_1_91' title='bbox 581 1132 600 1165; x_wconf 81' lang='grc' dir='ltr'><strong>ι</strong></span> <span class='ocrx_word' id='word_1_92' title='bbox 635 1113 857 1176; x_wconf 81' lang='grc' dir='ltr'>Τούτοις</span> <span class='ocrx_word' id='word_1_93' title='bbox 892 1114 1175 1182; x_wconf 84' lang='grc' dir='ltr'><strong>συμφωνεῖ</strong></span> <span class='ocrx_word' id='word_1_94' title='bbox 1211 1110 1304 1163; x_wconf 86' lang='grc' dir='ltr'>καὶ</span> <span class='ocrx_word' id='word_1_95' title='bbox 1329 1112 1397 1163; x_wconf 61' lang='grc' dir='ltr'>τὰ</span> <span class='ocrx_word' id='word_1_96' title='bbox 1426 1109 1808 1182; x_wconf 82' lang='grc' dir='ltr'>παραϐολικῶς</span> 
     </span>
    </p>
   </div>
   <div class='ocr_carea' id='block_1_14' title="bbox 240 1200 1806 1275">
    <p class='ocr_par' dir='ltr' id='par_1_14' title="bbox 240 1200 1806 1275">
     <span class='ocr_line' id='line_1_14' title="bbox 240 1200 1806 1275; baseline -0.001 -21"><span class='ocrx_word' id='word_1_97' title='bbox 240 1203 345 1256; x_wconf 76' lang='grc' dir='ltr'><strong>ὑπὸ</strong></span> <span class='ocrx_word' id='word_1_98' title='bbox 370 1204 462 1256; x_wconf 87' lang='grc' dir='ltr'><strong>τοῦ</strong></span> <span class='ocrx_word' id='word_1_99' title='bbox 495 1203 703 1275; x_wconf 83' lang='grc' dir='ltr'>Κυρίου</span> <span class='ocrx_word' id='word_1_100' title='bbox 733 1203 1016 1274; x_wconf 73' lang='grc' dir='ltr'>εἰρημένα·</span> <span class='ocrx_word' id='word_1_101' title='bbox 1052 1225 1069 1254; x_wconf 75' lang='grc' dir='ltr'><strong>ι</strong></span> <span class='ocrx_word' id='word_1_102' title='bbox 1098 1202 1261 1255; x_wconf 84' lang='grc' dir='ltr'>Δοῦλε</span> <span class='ocrx_word' id='word_1_103' title='bbox 1294 1202 1430 1272; x_wconf 83' lang='grc' dir='ltr'>ἀργὲ</span> <span class='ocrx_word' id='word_1_104' title='bbox 1472 1202 1563 1254; x_wconf 74' lang='grc' dir='ltr'>καὶ</span> <span class='ocrx_word' id='word_1_105' title='bbox 1589 1200 1806 1271; x_wconf 84' lang='grc' dir='ltr'>ὀκνηρὲ,</span> 
     </span>
    </p>
   </div>
   <div class='ocr_carea' id='block_1_15' title="bbox 239 1288 1809 1361">
    <p class='ocr_par' dir='ltr' id='par_1_15' title="bbox 239 1288 1809 1361">
     <span class='ocr_line' id='line_1_15' title="bbox 239 1288 1809 1361; baseline -0.002 -18"><span class='ocrx_word' id='word_1_106' title='bbox 239 1291 344 1344; x_wconf 77' lang='grc' dir='ltr'>ἔδει</span> <span class='ocrx_word' id='word_1_107' title='bbox 378 1307 435 1343; x_wconf 90' lang='grc' dir='ltr'><strong>σε</strong></span> <span class='ocrx_word' id='word_1_108' title='bbox 467 1291 528 1344; x_wconf 80' lang='grc' dir='ltr'>τὸ</span> <span class='ocrx_word' id='word_1_109' title='bbox 554 1290 817 1361; x_wconf 85' lang='grc' dir='ltr'>ἀργύριόν</span> <span class='ocrx_word' id='word_1_110' title='bbox 845 1309 946 1360; x_wconf 89' lang='grc' dir='ltr'><strong>μου</strong></span> <span class='ocrx_word' id='word_1_111' title='bbox 969 1289 1293 1343; x_wconf 74' lang='grc' dir='ltr'>καταϐαλεῖν</span> <span class='ocrx_word' id='word_1_112' title='bbox 1317 1290 1409 1343; x_wconf 75' lang='grc' dir='ltr'><strong>ἐπὶ</strong></span> <span class='ocrx_word' id='word_1_113' title='bbox 1436 1289 1526 1344; x_wconf 70' lang='grc' dir='ltr'><strong>τὸν</strong></span> <span class='ocrx_word' id='word_1_114' title='bbox 1551 1288 1809 1360; x_wconf 74' lang='grc' dir='ltr'>τραπεζί-</span> 
     </span>
    </p>
   </div>
   <div class='ocr_carea' id='block_1_16' title="bbox 238 1380 1805 1453">
    <p class='ocr_par' dir='ltr' id='par_1_16' title="bbox 238 1380 1805 1453">
     <span class='ocr_line' id='line_1_16' title="bbox 238 1380 1805 1453; baseline 0 -20"><span class='ocrx_word' id='word_1_115' title='bbox 238 1399 356 1451; x_wconf 90' lang='grc' dir='ltr'>την,</span> <span class='ocrx_word' id='word_1_116' title='bbox 399 1381 553 1451; x_wconf 81' lang='grc' dir='ltr'><strong>κάγὼ</strong></span> <span class='ocrx_word' id='word_1_117' title='bbox 599 1380 770 1435; x_wconf 80' lang='grc' dir='ltr'>ἐλθὼν</span> <span class='ocrx_word' id='word_1_118' title='bbox 811 1382 949 1453; x_wconf 79' lang='grc' dir='ltr'>μετὰ</span> <span class='ocrx_word' id='word_1_119' title='bbox 992 1382 1149 1435; x_wconf 86' lang='grc' dir='ltr'>τόκου</span> <span class='ocrx_word' id='word_1_120' title='bbox 1199 1380 1454 1452; x_wconf 77' lang='grc' dir='ltr'><strong>ἀπῄτησα</strong></span> <span class='ocrx_word' id='word_1_121' title='bbox 1498 1380 1564 1434; x_wconf 79' lang='grc' dir='ltr'>ἂν</span> <span class='ocrx_word' id='word_1_122' title='bbox 1591 1381 1741 1434; x_wconf 85' lang='grc' dir='ltr'>αὐτό.</span> <span class='ocrx_word' id='word_1_123' title='bbox 1786 1398 1805 1432; x_wconf 84' lang='grc' dir='ltr'><strong>ι</strong></span> 
     </span>
    </p>
   </div>
   <div class='ocr_carea' id='block_1_17' title="bbox 240 1465 1812 1541">
    <p class='ocr_par' dir='ltr' id='par_1_17' title="bbox 240 1465 1812 1541">
     <span class='ocr_line' id='line_1_17' title="bbox 240 1465 1812 1541; baseline -0.003 -18"><span class='ocrx_word' id='word_1_124' title='bbox 240 1470 625 1540; x_wconf 88' lang='grc' dir='ltr'>Διαναστῶμεν</span> <span class='ocrx_word' id='word_1_125' title='bbox 650 1469 849 1534; x_wconf 78' lang='grc' dir='ltr'>τοίνυν,</span> <span class='ocrx_word' id='word_1_126' title='bbox 875 1468 1197 1541; x_wconf 81' lang='grc' dir='ltr'>παρακαλῶ,</span> <span class='ocrx_word' id='word_1_127' title='bbox 1230 1470 1326 1522; x_wconf 74' lang='grc' dir='ltr'><strong>καὶ</strong></span> <span class='ocrx_word' id='word_1_128' title='bbox 1355 1468 1464 1521; x_wconf 87' lang='grc' dir='ltr'><strong>τῶν</strong></span> <span class='ocrx_word' id='word_1_129' title='bbox 1491 1466 1588 1521; x_wconf 90' lang='grc' dir='ltr'><strong>τοῦ</strong></span> <span class='ocrx_word' id='word_1_130' title='bbox 1609 1465 1812 1520; x_wconf 85' lang='grc' dir='ltr'>Δεσπό-</span> 
     </span>
    </p>
   </div>
   <div class='ocr_carea' id='block_1_18' title="bbox 240 1559 1812 1634">
    <p class='ocr_par' dir='ltr' id='par_1_18' title="bbox 240 1559 1812 1634">
     <span class='ocr_line' id='line_1_18' title="bbox 240 1559 1812 1634; baseline -0.003 -18"><span class='ocrx_word' id='word_1_131' title='bbox 240 1580 331 1616; x_wconf 88' lang='grc' dir='ltr'><strong>του</strong></span> <span class='ocrx_word' id='word_1_132' title='bbox 382 1563 669 1634; x_wconf 82' lang='grc' dir='ltr'>προϐάτων</span> <span class='ocrx_word' id='word_1_133' title='bbox 724 1563 1227 1633; x_wconf 83' lang='grc' dir='ltr'>ὺπερμαχήσωμεν.</span> <span class='ocrx_word' id='word_1_134' title='bbox 1275 1561 1473 1629; x_wconf 82' lang='grc' dir='ltr'>Ἐγγὺς</span> <span class='ocrx_word' id='word_1_135' title='bbox 1521 1560 1550 1612; x_wconf 84' lang='grc' dir='ltr'>ὁ</span> <span class='ocrx_word' id='word_1_136' title='bbox 1605 1559 1812 1614; x_wconf 88' lang='grc' dir='ltr'>τούτων</span> 
     </span>
    </p>
   </div>
   <div class='ocr_carea' id='block_1_19' title="bbox 241 1650 1812 1723">
    <p class='ocr_par' dir='ltr' id='par_1_19' title="bbox 241 1650 1812 1723">
     <span class='ocr_line' id='line_1_19' title="bbox 241 1650 1812 1723; baseline -0.001 -19"><span class='ocrx_word' id='word_1_137' title='bbox 241 1653 513 1723; x_wconf 79' lang='grc' dir='ltr'><strong>Δεσπότης</strong></span> <span class='ocrx_word' id='word_1_138' title='bbox 562 1654 906 1721; x_wconf 67' lang='grc' dir='ltr'>ἐπιφανεῖται</span> <span class='ocrx_word' id='word_1_139' title='bbox 934 1654 1169 1717; x_wconf 80' lang='grc' dir='ltr'>πάντως,</span> <span class='ocrx_word' id='word_1_140' title='bbox 1203 1652 1436 1714; x_wconf 77' lang='grc' dir='ltr'>καὶτοὺς</span> <span class='ocrx_word' id='word_1_141' title='bbox 1459 1650 1655 1715; x_wconf 81' lang='grc' dir='ltr'>λύκους</span> <span class='ocrx_word' id='word_1_142' title='bbox 1676 1653 1812 1705; x_wconf 84' lang='grc' dir='ltr'>ἁπο-</span> 
     </span>
    </p>
   </div>
   <div class='ocr_carea' id='block_1_20' title="bbox 244 1740 1815 1814">
    <p class='ocr_par' dir='ltr' id='par_1_20' title="bbox 244 1740 1815 1814">
     <span class='ocr_line' id='line_1_20' title="bbox 244 1740 1815 1814; baseline 0 -19"><span class='ocrx_word' id='word_1_143' title='bbox 244 1745 514 1807; x_wconf 76' lang='grc' dir='ltr'>οκεδάσει,</span> <span class='ocrx_word' id='word_1_144' title='bbox 544 1740 637 1796; x_wconf 75' lang='grc' dir='ltr'>καὶ</span> <span class='ocrx_word' id='word_1_145' title='bbox 671 1744 798 1807; x_wconf 72' lang='grc' dir='ltr'>τοὺς</span> <span class='ocrx_word' id='word_1_146' title='bbox 828 1743 1090 1814; x_wconf 82' lang='grc' dir='ltr'>ποιμένας</span> <span class='ocrx_word' id='word_1_147' title='bbox 1126 1743 1357 1807; x_wconf 83' lang='grc' dir='ltr'>δοξάσει.</span> <span class='ocrx_word' id='word_1_148' title='bbox 1399 1760 1419 1795; x_wconf 77' lang='grc' dir='ltr'><strong>ι</strong></span> <span class='ocrx_word' id='word_1_149' title='bbox 1441 1743 1669 1812; x_wconf 80' lang='grc' dir='ltr'>’Δγαθὸς</span> <span class='ocrx_word' id='word_1_150' title='bbox 1704 1741 1815 1813; x_wconf 80' lang='grc' dir='ltr'><strong>γὰρ</strong></span> 
     </span>
    </p>
   </div>
   <div class='ocr_carea' id='block_1_21' title="bbox 245 1833 1814 1906">
    <p class='ocr_par' dir='ltr' id='par_1_21' title="bbox 245 1833 1814 1906">
     <span class='ocr_line' id='line_1_21' title="bbox 245 1833 1814 1906; baseline 0 -19"><span class='ocrx_word' id='word_1_151' title='bbox 245 1834 444 1904; x_wconf 82' lang='grc' dir='ltr'>Κύριος</span> <span class='ocrx_word' id='word_1_152' title='bbox 468 1838 579 1898; x_wconf 88' lang='grc' dir='ltr'>τοῖς</span> <span class='ocrx_word' id='word_1_153' title='bbox 604 1835 969 1905; x_wconf 82' lang='grc' dir='ltr'>ὑπομένουσιν</span> <span class='ocrx_word' id='word_1_154' title='bbox 1002 1834 1185 1899; x_wconf 82' lang='grc' dir='ltr'>αὐτὸν,</span> <span class='ocrx_word' id='word_1_155' title='bbox 1213 1835 1305 1888; x_wconf 77' lang='grc' dir='ltr'><strong>καὶ</strong></span> <span class='ocrx_word' id='word_1_156' title='bbox 1329 1834 1497 1905; x_wconf 78' lang='grc' dir='ltr'>ψυχῇ,</span> <span class='ocrx_word' id='word_1_157' title='bbox 1524 1833 1558 1905; x_wconf 77' lang='grc' dir='ltr'><strong>ἡ</strong></span> <span class='ocrx_word' id='word_1_158' title='bbox 1590 1835 1814 1906; x_wconf 76' lang='grc' dir='ltr'><strong>ζητήσει</strong></span> 
     </span>
    </p>
   </div>
   <div class='ocr_carea' id='block_1_22' title="bbox 243 1925 1816 1998">
    <p class='ocr_par' dir='ltr' id='par_1_22' title="bbox 243 1925 1816 1998">
     <span class='ocr_line' id='line_1_22' title="bbox 243 1925 1816 1998; baseline -0.001 -18"><span class='ocrx_word' id='word_1_159' title='bbox 243 1926 419 1980; x_wconf 29' lang='grc' dir='ltr'>αὐτόν.</span> <span class='ocrx_word' id='word_1_160' title='bbox 438 1946 455 1976; x_wconf 80' lang='grc' dir='ltr'><strong>ι</strong></span> <span class='ocrx_word' id='word_1_161' title='bbox 486 1927 596 1980; x_wconf 71' lang='grc' dir='ltr'><strong>Καὶ</strong></span> <span class='ocrx_word' id='word_1_162' title='bbox 622 1927 695 1996; x_wconf 79' lang='grc' dir='ltr'>μὴ</span> <span class='ocrx_word' id='word_1_163' title='bbox 726 1926 1143 1998; x_wconf 86' lang='grc' dir='ltr'>δυσχεράνωμεν</span> <span class='ocrx_word' id='word_1_164' title='bbox 1171 1926 1262 1979; x_wconf 82' lang='grc' dir='ltr'>τὸν</span> <span class='ocrx_word' id='word_1_165' title='bbox 1290 1925 1671 1980; x_wconf 76' lang='grc' dir='ltr'>ἐπαναστάντα</span> <span class='ocrx_word' id='word_1_166' title='bbox 1700 1943 1816 1997; x_wconf 88' lang='grc' dir='ltr'>χει-</span> 
     </span>
    </p>
   </div>
   <div class='ocr_carea' id='block_1_23' title="bbox 248 2006 1814 2091">
    <p class='ocr_par' dir='ltr' id='par_1_23' title="bbox 248 2006 1814 2091">
     <span class='ocr_line' id='line_1_23' title="bbox 248 2006 1814 2091; baseline 0.003 -23"><span class='ocrx_word' id='word_1_167' title='bbox 248 2018 418 2088; x_wconf 79' lang='grc' dir='ltr'>μῶνα·</span> <span class='ocrx_word' id='word_1_168' title='bbox 442 2013 548 2069; x_wconf 84' lang='grc' dir='ltr'>οἶδε</span> <span class='ocrx_word' id='word_1_169' title='bbox 566 2018 674 2086; x_wconf 79' lang='grc' dir='ltr'>γὰρ</span> <span class='ocrx_word' id='word_1_170' title='bbox 691 2017 749 2071; x_wconf 73' lang='grc' dir='ltr'><strong>τὸ</strong></span> <span class='ocrx_word' id='word_1_171' title='bbox 772 2017 1049 2087; x_wconf 77' lang='grc' dir='ltr'>συμφέρον</span> <span class='ocrx_word' id='word_1_172' title='bbox 1072 2019 1100 2071; x_wconf 87' lang='grc' dir='ltr'><strong>ό</strong></span> <span class='ocrx_word' id='word_1_173' title='bbox 1119 2017 1225 2071; x_wconf 89' lang='grc' dir='ltr'><strong>τῶν</strong></span> <span class='ocrx_word' id='word_1_174' title='bbox 1241 2006 1496 2071; x_wconf 83' lang='grc' dir='ltr'>ἁπάντων</span> <span class='ocrx_word' id='word_1_175' title='bbox 1517 2018 1814 2091; x_wconf 81' lang='grc' dir='ltr'>Δεσπότης.</span> 
     </span>
    </p>
   </div>
   <div class='ocr_carea' id='block_1_24' title="bbox 245 2107 1820 2181">
    <p class='ocr_par' dir='ltr' id='par_1_24' title="bbox 245 2107 1820 2181">
     <span class='ocr_line' id='line_1_24' title="bbox 245 2107 1820 2181; baseline 0.001 -21"><span class='ocrx_word' id='word_1_176' title='bbox 245 2109 345 2167; x_wconf 74' lang='grc' dir='ltr'>Δια</span> <span class='ocrx_word' id='word_1_177' title='bbox 355 2109 510 2161; x_wconf 90' lang='grc' dir='ltr'>τοῦτο</span> <span class='ocrx_word' id='word_1_178' title='bbox 532 2108 639 2177; x_wconf 77' lang='grc' dir='ltr'>γὰρ</span> <span class='ocrx_word' id='word_1_179' title='bbox 665 2109 758 2162; x_wconf 73' lang='grc' dir='ltr'>καὶ</span> <span class='ocrx_word' id='word_1_180' title='bbox 780 2109 857 2179; x_wconf 83' lang='grc' dir='ltr'>τῷ</span> <span class='ocrx_word' id='word_1_181' title='bbox 885 2107 1188 2180; x_wconf 85' lang='grc' dir='ltr'>Ἀποστόλῳ</span> <span class='ocrx_word' id='word_1_182' title='bbox 1208 2109 1489 2180; x_wconf 78' lang='grc' dir='ltr'>αἰτήσαντι</span> <span class='ocrx_word' id='word_1_183' title='bbox 1509 2110 1615 2163; x_wconf 85' lang='grc' dir='ltr'><strong>τῶν</strong></span> <span class='ocrx_word' id='word_1_184' title='bbox 1635 2126 1820 2181; x_wconf 82' lang='grc' dir='ltr'>πειρα-</span> 
     </span>
    </p>
   </div>
   <div class='ocr_carea' id='block_1_25' title="bbox 249 2199 1818 2272">
    <p class='ocr_par' dir='ltr' id='par_1_25' title="bbox 249 2199 1818 2272">
     <span class='ocr_line' id='line_1_25' title="bbox 249 2199 1818 2272; baseline 0.002 -20"><span class='ocrx_word' id='word_1_185' title='bbox 249 2199 401 2270; x_wconf 79' lang='grc' dir='ltr'>σμῶν</span> <span class='ocrx_word' id='word_1_186' title='bbox 430 2201 531 2271; x_wconf 79' lang='grc' dir='ltr'>τὴν</span> <span class='ocrx_word' id='word_1_187' title='bbox 558 2200 899 2270; x_wconf 78' lang='grc' dir='ltr'>ἀπαλλαγὴν,</span> <span class='ocrx_word' id='word_1_188' title='bbox 926 2200 1023 2271; x_wconf 80' lang='grc' dir='ltr'>τὴν</span> <span class='ocrx_word' id='word_1_189' title='bbox 1046 2199 1262 2272; x_wconf 69' lang='grc' dir='ltr'>αἴτησιν</span> <span class='ocrx_word' id='word_1_190' title='bbox 1289 2201 1349 2253; x_wconf 83' lang='grc' dir='ltr'>οὐ</span> <span class='ocrx_word' id='word_1_191' title='bbox 1380 2202 1677 2272; x_wconf 81' lang='grc' dir='ltr'>παρέσχεν,</span> <span class='ocrx_word' id='word_1_192' title='bbox 1703 2200 1818 2255; x_wconf 81' lang='grc' dir='ltr'>ἀλλ’</span> 
     </span>
    </p>
   </div>
   <div class='ocr_carea' id='block_1_26' title="bbox 247 2284 1817 2364">
    <p class='ocr_par' dir='ltr' id='par_1_26' title="bbox 247 2284 1817 2364">
     <span class='ocr_line' id='line_1_26' title="bbox 247 2284 1817 2364; baseline 0.002 -21"><span class='ocrx_word' id='word_1_193' title='bbox 247 2284 422 2343; x_wconf 58' lang='grc' dir='ltr'>εἶπεν</span> <span class='ocrx_word' id='word_1_194' title='bbox 459 2308 477 2340; x_wconf 73' lang='grc' dir='ltr'><strong>ι</strong></span> <span class='ocrx_word' id='word_1_195' title='bbox 515 2291 700 2361; x_wconf 81' lang='grc' dir='ltr'>Ἀρκεῖ</span> <span class='ocrx_word' id='word_1_196' title='bbox 729 2308 812 2344; x_wconf 88' lang='grc' dir='ltr'><strong>σοι</strong></span> <span class='ocrx_word' id='word_1_197' title='bbox 854 2292 887 2361; x_wconf 87' lang='grc' dir='ltr'><strong>ἡ</strong></span> <span class='ocrx_word' id='word_1_198' title='bbox 918 2291 1080 2363; x_wconf 80' lang='grc' dir='ltr'>χάρις</span> <span class='ocrx_word' id='word_1_199' title='bbox 1110 2307 1232 2361; x_wconf 76' lang='grc' dir='ltr'>μου·</span> <span class='ocrx_word' id='word_1_200' title='bbox 1260 2293 1294 2363; x_wconf 82' lang='grc' dir='ltr'><strong>ή</strong></span> <span class='ocrx_word' id='word_1_201' title='bbox 1323 2290 1434 2363; x_wconf 79' lang='grc' dir='ltr'>γὰρ</span> <span class='ocrx_word' id='word_1_202' title='bbox 1458 2291 1688 2364; x_wconf 86' lang='grc' dir='ltr'>δύναμίς</span> <span class='ocrx_word' id='word_1_203' title='bbox 1717 2310 1817 2363; x_wconf 89' lang='grc' dir='ltr'><strong>μου</strong></span> 
     </span>
    </p>
   </div>
   <div class='ocr_carea' id='block_1_27' title="bbox 247 2380 1818 2453">
    <p class='ocr_par' dir='ltr' id='par_1_27' title="bbox 247 2380 1818 2453">
     <span class='ocr_line' id='line_1_27' title="bbox 247 2380 1818 2453; baseline 0.002 -19"><span class='ocrx_word' id='word_1_204' title='bbox 247 2382 306 2434; x_wconf 74' lang='grc' dir='ltr'>ἓν</span> <span class='ocrx_word' id='word_1_205' title='bbox 345 2381 599 2452; x_wconf 76' lang='grc' dir='ltr'>ἀσθενείᾳ</span> <span class='ocrx_word' id='word_1_206' title='bbox 638 2380 957 2435; x_wconf 79' lang='grc' dir='ltr'>τελειοῦται.</span> <span class='ocrx_word' id='word_1_207' title='bbox 991 2401 1011 2434; x_wconf 77' lang='grc' dir='ltr'><strong>ι</strong></span> <span class='ocrx_word' id='word_1_208' title='bbox 1059 2381 1401 2452; x_wconf 81' lang='grc' dir='ltr'>Ἐνέγκωμεν</span> <span class='ocrx_word' id='word_1_209' title='bbox 1450 2382 1629 2438; x_wconf 84' lang='grc' dir='ltr'>τοίνυν</span> <span class='ocrx_word' id='word_1_210' title='bbox 1694 2401 1818 2453; x_wconf 84' lang='grc' dir='ltr'><strong>γεν⁸</strong></span> 
     </span>
    </p>
   </div>
   <div class='ocr_carea' id='block_1_28' title="bbox 245 2471 1822 2544">
    <p class='ocr_par' dir='ltr' id='par_1_28' title="bbox 245 2471 1822 2544">
     <span class='ocr_line' id='line_1_28' title="bbox 245 2471 1822 2544; baseline 0.002 -18"><span class='ocrx_word' id='word_1_211' title='bbox 245 2473 410 2536; x_wconf 84' lang='grc' dir='ltr'>ναίως</span> <span class='ocrx_word' id='word_1_212' title='bbox 440 2474 505 2527; x_wconf 73' lang='grc' dir='ltr'><strong>τά</strong></span> <span class='ocrx_word' id='word_1_213' title='bbox 533 2474 944 2543; x_wconf 83' lang='grc' dir='ltr'>προσπίπτοντα</span> <span class='ocrx_word' id='word_1_214' title='bbox 969 2471 1221 2543; x_wconf 86' lang='grc' dir='ltr'>λυπηρά.</span> <span class='ocrx_word' id='word_1_215' title='bbox 1247 2474 1335 2526; x_wconf 85' lang='grc' dir='ltr'>Ἐν</span> <span class='ocrx_word' id='word_1_216' title='bbox 1356 2476 1468 2538; x_wconf 70' lang='grc' dir='ltr'>τοῖς</span> <span class='ocrx_word' id='word_1_217' title='bbox 1493 2474 1749 2544; x_wconf 76' lang='grc' dir='ltr'>πολέμοις</span> <span class='ocrx_word' id='word_1_218' title='bbox 1771 2477 1822 2529; x_wconf 89' lang='grc' dir='ltr'><strong>οί</strong></span> 
     </span>
    </p>
   </div>
   <div class='ocr_carea' id='block_1_29' title="bbox 246 2564 1823 2636">
    <p class='ocr_par' dir='ltr' id='par_1_29' title="bbox 246 2564 1823 2636">
     <span class='ocr_line' id='line_1_29' title="bbox 246 2564 1823 2636; baseline 0.001 -18"><span class='ocrx_word' id='word_1_219' title='bbox 246 2564 623 2633; x_wconf 79' lang='grc' dir='ltr'>ἀριστεύοντες</span> <span class='ocrx_word' id='word_1_220' title='bbox 662 2564 985 2618; x_wconf 84' lang='grc' dir='ltr'><strong>δείκνυνται⁹</strong></span> <span class='ocrx_word' id='word_1_221' title='bbox 1032 2566 1091 2618; x_wconf 82' lang='grc' dir='ltr'>ὲν</span> <span class='ocrx_word' id='word_1_222' title='bbox 1133 2567 1246 2630; x_wconf 90' lang='grc' dir='ltr'>τοῖς</span> <span class='ocrx_word' id='word_1_223' title='bbox 1270 2565 1475 2634; x_wconf 81' lang='grc' dir='ltr'>ἀγῶσιν</span> <span class='ocrx_word' id='word_1_224' title='bbox 1516 2567 1565 2619; x_wconf 82' lang='lat' dir='ltr'><strong>oi</strong></span> <span class='ocrx_word' id='word_1_225' title='bbox 1591 2566 1823 2636; x_wconf 77' lang='grc' dir='ltr'>ἀθληταὶ</span> 
     </span>
    </p>
   </div>
   <div class='ocr_carea' id='block_1_30' title="bbox 253 2655 1821 2729">
    <p class='ocr_par' dir='ltr' id='par_1_30' title="bbox 253 2655 1821 2729">
     <span class='ocr_line' id='line_1_30' title="bbox 253 2655 1821 2729; baseline 0.002 -21"><span class='ocrx_word' id='word_1_226' title='bbox 253 2655 662 2724; x_wconf 70' lang='grc' dir='ltr'>στεφανοῦνταν</span> <span class='ocrx_word' id='word_1_227' title='bbox 695 2658 730 2728; x_wconf 81' lang='grc' dir='ltr'>ὴ</span> <span class='ocrx_word' id='word_1_228' title='bbox 762 2659 862 2728; x_wconf 77' lang='grc' dir='ltr'>τῆς</span> <span class='ocrx_word' id='word_1_229' title='bbox 887 2655 1156 2728; x_wconf 83' lang='grc' dir='ltr'>θαλάττης</span> <span class='ocrx_word' id='word_1_230' title='bbox 1190 2655 1325 2728; x_wconf 75' lang='grc' dir='ltr'>ζάλη</span> <span class='ocrx_word' id='word_1_231' title='bbox 1370 2656 1537 2729; x_wconf 83' lang='grc' dir='ltr'>δήλην</span> <span class='ocrx_word' id='word_1_232' title='bbox 1566 2660 1708 2711; x_wconf 87' lang='grc' dir='ltr'>ποιεῖ</span> <span class='ocrx_word' id='word_1_233' title='bbox 1726 2656 1821 2711; x_wconf 86' lang='grc' dir='ltr'><strong>τοῦ</strong></span> 
     </span>
    </p>
   </div>
   <div class='ocr_carea' id='block_1_31' title="bbox 250 2733 1823 2820">
    <p class='ocr_par' dir='ltr' id='par_1_31' title="bbox 250 2733 1823 2820">
     <span class='ocr_line' id='line_1_31' title="bbox 250 2733 1823 2820; baseline 0.004 -21"><span class='ocrx_word' id='word_1_234' title='bbox 250 2747 588 2818; x_wconf 79' lang='grc' dir='ltr'>κυϐερνήτου</span> <span class='ocrx_word' id='word_1_235' title='bbox 615 2746 713 2818; x_wconf 74' lang='grc' dir='ltr'>τὴν</span> <span class='ocrx_word' id='word_1_236' title='bbox 738 2733 952 2817; x_wconf 58' lang='grc' dir='ltr'>τέχνην</span> <span class='ocrx_word' id='word_1_237' title='bbox 993 2747 1054 2801; x_wconf 82' lang='grc' dir='ltr'>τὸ</span> <span class='ocrx_word' id='word_1_238' title='bbox 1088 2747 1200 2818; x_wconf 89' lang='grc' dir='ltr'><strong>πῦρ</strong></span> <span class='ocrx_word' id='word_1_239' title='bbox 1233 2749 1322 2803; x_wconf 80' lang='grc' dir='ltr'>τὸν</span> <span class='ocrx_word' id='word_1_240' title='bbox 1355 2751 1554 2820; x_wconf 77' lang='grc' dir='ltr'>χρυσὸν</span> <span class='ocrx_word' id='word_1_241' title='bbox 1591 2749 1823 2819; x_wconf 81' lang='grc' dir='ltr'>δοκιμά-</span> 
     </span>
    </p>
   </div>
   <div class='ocr_carea' id='block_1_32' title="bbox 253 2838 1827 2913">
    <p class='ocr_par' dir='ltr' id='par_1_32' title="bbox 253 2838 1827 2913">
     <span class='ocr_line' id='line_1_32' title="bbox 253 2838 1827 2913; baseline 0.003 -22"><span class='ocrx_word' id='word_1_242' title='bbox 253 2839 356 2904; x_wconf 81' lang='grc' dir='ltr'>ζει.</span> <span class='ocrx_word' id='word_1_243' title='bbox 389 2838 480 2910; x_wconf 80' lang='grc' dir='ltr'><strong>Μὴ</strong></span> <span class='ocrx_word' id='word_1_244' title='bbox 506 2840 665 2909; x_wconf 90' lang='grc' dir='ltr'>μόνον</span> <span class='ocrx_word' id='word_1_245' title='bbox 691 2838 748 2891; x_wconf 71' lang='grc' dir='ltr'>δὲ</span> <span class='ocrx_word' id='word_1_246' title='bbox 773 2838 931 2909; x_wconf 81' lang='grc' dir='ltr'>ἡμῶν</span> <span class='ocrx_word' id='word_1_247' title='bbox 960 2839 1158 2903; x_wconf 84' lang='grc' dir='ltr'>αὐτῶν,</span> <span class='ocrx_word' id='word_1_248' title='bbox 1186 2840 1505 2911; x_wconf 84' lang='grc' dir='ltr'>παρακαλῶ,</span> <span class='ocrx_word' id='word_1_249' title='bbox 1530 2840 1827 2913; x_wconf 79' lang='grc' dir='ltr'>φροντίσω-</span> 
     </span>
    </p>
   </div>
   <div class='ocr_carea' id='block_1_33' title="bbox 223 2928 1819 3002">
    <p class='ocr_par' dir='ltr' id='par_1_33' title="bbox 223 2928 1819 3002">
     <span class='ocr_line' id='line_1_33' title="bbox 223 2928 1819 3002; baseline 0.002 -20"><span class='ocrx_word' id='word_1_250' title='bbox 223 2981 234 2993; x_wconf 78' lang='grc'><strong>,</strong></span> <span class='ocrx_word' id='word_1_251' title='bbox 258 2947 379 3000; x_wconf 88' lang='grc' dir='ltr'>μεν,</span> <span class='ocrx_word' id='word_1_252' title='bbox 402 2929 538 2983; x_wconf 81' lang='grc' dir='ltr'>ἀλλὰ</span> <span class='ocrx_word' id='word_1_253' title='bbox 567 2928 789 2983; x_wconf 89' lang='grc' dir='ltr'>πλείονα</span> <span class='ocrx_word' id='word_1_254' title='bbox 816 2929 924 2983; x_wconf 88' lang='grc' dir='ltr'><strong>τῶν</strong></span> <span class='ocrx_word' id='word_1_255' title='bbox 948 2929 1124 2984; x_wconf 75' lang='grc' dir='ltr'>ἄλλων</span> <span class='ocrx_word' id='word_1_256' title='bbox 1148 2931 1507 3001; x_wconf 84' lang='grc' dir='ltr'>ποιησώμεθα</span> <span class='ocrx_word' id='word_1_257' title='bbox 1539 2929 1819 3002; x_wconf 87' lang='grc' dir='ltr'>πρόνοιαν,</span> 
     </span>
    </p>
   </div>
   <div class='ocr_carea' id='block_1_34' title="bbox 1904 464 3475 542">
    <p class='ocr_par' dir='ltr' id='par_1_34' title="bbox 1904 464 3475 542">
     <span class='ocr_line' id='line_1_34' title="bbox 1904 464 3475 542; baseline 0 -14"><span class='ocrx_word' id='word_1_258' title='bbox 1904 471 2100 528; x_wconf 89' lang='lat' dir='ltr'><strong>chielis</strong></span> <span class='ocrx_word' id='word_1_259' title='bbox 2119 487 2216 527; x_wconf 91' lang='lat' dir='ltr'><strong>ore</strong></span> <span class='ocrx_word' id='word_1_260' title='bbox 2237 472 2319 527; x_wconf 90' lang='lat' dir='ltr'><strong>sic</strong></span> <span class='ocrx_word' id='word_1_261' title='bbox 2340 473 2657 542; x_wconf 81' lang='lat' dir='ltr'><strong>loquentem</strong></span> <span class='ocrx_word' id='word_1_262' title='bbox 2683 489 2696 525; x_wconf 89' lang='lat'>:</span> <span class='ocrx_word' id='word_1_263' title='bbox 2719 491 2736 522; x_wconf 77' lang='grc' dir='ltr'><strong>ι</strong></span> <span class='ocrx_word' id='word_1_264' title='bbox 2760 471 3025 526; x_wconf 81' lang='lat' dir='ltr'><strong>Judicabo</strong></span> <span class='ocrx_word' id='word_1_265' title='bbox 3046 471 3190 527; x_wconf 88' lang='lat' dir='ltr'><strong>inter</strong></span> <span class='ocrx_word' id='word_1_266' title='bbox 3203 464 3475 542; x_wconf 64' lang='lat' dir='ltr'><strong>pastorem</strong></span> 
     </span>
    </p>
   </div>
   <div class='ocr_carea' id='block_1_35' title="bbox 1903 548 3482 632">
    <p class='ocr_par' dir='ltr' id='par_1_35' title="bbox 1903 548 3482 632">
     <span class='ocr_line' id='line_1_35' title="bbox 1903 548 3482 632; baseline -0.003 -13"><span class='ocrx_word' id='word_1_267' title='bbox 1903 571 1961 619; x_wconf 89' lang='lat' dir='ltr'><strong>et</strong></span> <span class='ocrx_word' id='word_1_268' title='bbox 2006 577 2161 628; x_wconf 90' lang='lat' dir='ltr'><strong>oves,</strong></span> <span class='ocrx_word' id='word_1_269' title='bbox 2218 577 2287 617; x_wconf 92' lang='lat' dir='ltr'><strong>eo</strong></span> <span class='ocrx_word' id='word_1_270' title='bbox 2339 561 2488 630; x_wconf 89' lang='lat' dir='ltr'><strong>quod</strong></span> <span class='ocrx_word' id='word_1_271' title='bbox 2533 561 2621 616; x_wconf 88' lang='lat' dir='ltr'><strong>lac</strong></span> <span class='ocrx_word' id='word_1_272' title='bbox 2669 548 3064 627; x_wconf 77' lang='lat' dir='ltr'><strong>comedebatis,</strong></span> <span class='ocrx_word' id='word_1_273' title='bbox 3100 570 3157 615; x_wconf 90' lang='lat' dir='ltr'><strong>et</strong></span> <span class='ocrx_word' id='word_1_274' title='bbox 3183 560 3325 616; x_wconf 85' lang='lat' dir='ltr'><strong>lanis</strong></span> <span class='ocrx_word' id='word_1_275' title='bbox 3347 577 3482 632; x_wconf 85' lang='lat' dir='ltr'><strong>ope-</strong></span> 
     </span>
    </p>
   </div>
   <div class='ocr_carea' id='block_1_36' title="bbox 1906 642 3492 721">
    <p class='ocr_par' dir='ltr' id='par_1_36' title="bbox 1906 642 3492 721">
     <span class='ocr_line' id='line_1_36' title="bbox 1906 642 3492 721; baseline 0 -14"><span class='ocrx_word' id='word_1_276' title='bbox 1906 652 2235 717; x_wconf 84' lang='lat' dir='ltr'><strong>riebamini,</strong></span> <span class='ocrx_word' id='word_1_277' title='bbox 2283 660 2341 706; x_wconf 89' lang='lat' dir='ltr'><strong>et</strong></span> <span class='ocrx_word' id='word_1_278' title='bbox 2364 665 2496 707; x_wconf 87' lang='lat' dir='ltr'><strong>oves</strong></span> <span class='ocrx_word' id='word_1_279' title='bbox 2518 668 2629 707; x_wconf 90' lang='lat' dir='ltr'><strong>non</strong></span> <span class='ocrx_word' id='word_1_280' title='bbox 2658 653 2966 721; x_wconf 89' lang='lat' dir='ltr'><strong>pascebatis</strong></span> <span class='ocrx_word' id='word_1_281' title='bbox 2982 654 3082 706; x_wconf 82' lang='grc' dir='ltr'>⁸⁶.ι</span> <span class='ocrx_word' id='word_1_282' title='bbox 3136 652 3205 707; x_wconf 89' lang='grc' dir='ltr'>Ει</span> <span class='ocrx_word' id='word_1_283' title='bbox 3233 653 3432 708; x_wconf 84' lang='lat' dir='ltr'><strong>iterum</strong></span> <span class='ocrx_word' id='word_1_284' title='bbox 3468 642 3492 707; x_wconf 65' lang='grc' dir='ltr'><strong>ε’</strong></span> 
     </span>
    </p>
   </div>
   <div class='ocr_carea' id='block_1_37' title="bbox 1914 730 3484 815">
    <p class='ocr_par' dir='ltr' id='par_1_37' title="bbox 1914 730 3484 815">
     <span class='ocr_line' id='line_1_37' title="bbox 1914 730 3484 815; baseline 0.001 -19"><span class='ocrx_word' id='word_1_285' title='bbox 1914 762 1934 796; x_wconf 77' lang='grc' dir='ltr'><strong>ι</strong></span> <span class='ocrx_word' id='word_1_286' title='bbox 1956 743 2373 815; x_wconf 88' lang='lat' dir='ltr'><strong>Speculatorem</strong></span> <span class='ocrx_word' id='word_1_287' title='bbox 2403 743 2530 799; x_wconf 87' lang='lat' dir='ltr'><strong>dedi</strong></span> <span class='ocrx_word' id='word_1_288' title='bbox 2560 755 2613 799; x_wconf 88' lang='lat' dir='ltr'><strong>te</strong></span> <span class='ocrx_word' id='word_1_289' title='bbox 2642 744 2828 799; x_wconf 87' lang='lat' dir='ltr'><strong>domui</strong></span> <span class='ocrx_word' id='word_1_290' title='bbox 2859 730 3023 801; x_wconf 75' lang='lat' dir='ltr'><strong>Israel</strong></span> <span class='ocrx_word' id='word_1_291' title='bbox 3054 763 3068 800; x_wconf 94' lang='lat'><strong>:</strong></span> <span class='ocrx_word' id='word_1_292' title='bbox 3100 753 3156 801; x_wconf 90' lang='lat' dir='ltr'><strong>et</strong></span> <span class='ocrx_word' id='word_1_293' title='bbox 3186 746 3231 801; x_wconf 90' lang='lat' dir='ltr'><strong>si</strong></span> <span class='ocrx_word' id='word_1_294' title='bbox 3256 761 3364 800; x_wconf 91' lang='lat' dir='ltr'><strong>non</strong></span> <span class='ocrx_word' id='word_1_295' title='bbox 3385 760 3484 799; x_wconf 88' lang='lat' dir='ltr'><strong>an-</strong></span> 
     </span>
    </p>
   </div>
   <div class='ocr_carea' id='block_1_38' title="bbox 1906 835 3486 907">
    <p class='ocr_par' dir='ltr' id='par_1_38' title="bbox 1906 835 3486 907">
     <span class='ocr_line' id='line_1_38' title="bbox 1906 835 3486 907; baseline 0 -18"><span class='ocrx_word' id='word_1_296' title='bbox 1906 835 2251 893; x_wconf 87' lang='lat' dir='ltr'><strong>nuntiaveris</strong></span> <span class='ocrx_word' id='word_1_297' title='bbox 2273 835 2464 907; x_wconf 90' lang='lat' dir='ltr'><strong>impio,</strong></span> <span class='ocrx_word' id='word_1_298' title='bbox 2488 845 2551 891; x_wconf 92' lang='lat' dir='ltr'><strong>ut</strong></span> <span class='ocrx_word' id='word_1_299' title='bbox 2571 844 2852 892; x_wconf 74' lang='lat' dir='ltr'><strong>avertatur</strong></span> <span class='ocrx_word' id='word_1_300' title='bbox 2878 837 3082 907; x_wconf 88' lang='lat' dir='ltr'><strong>impius</strong></span> <span class='ocrx_word' id='word_1_301' title='bbox 3103 853 3134 892; x_wconf 89' lang='lat' dir='ltr'><strong>a</strong></span> <span class='ocrx_word' id='word_1_302' title='bbox 3157 837 3245 891; x_wconf 88' lang='lat' dir='ltr'><strong>via</strong></span> <span class='ocrx_word' id='word_1_303' title='bbox 3269 851 3368 892; x_wconf 88' lang='lat' dir='ltr'><strong>sua</strong></span> <span class='ocrx_word' id='word_1_304' title='bbox 3385 838 3486 890; x_wconf 83' lang='lat' dir='ltr'><strong>im-</strong></span> 
     </span>
    </p>
   </div>
   <div class='ocr_carea' id='block_1_39' title="bbox 1908 923 3485 995">
    <p class='ocr_par' dir='ltr' id='par_1_39' title="bbox 1908 923 3485 995">
     <span class='ocr_line' id='line_1_39' title="bbox 1908 923 3485 995; baseline 0.001 -18"><span class='ocrx_word' id='word_1_305' title='bbox 1908 924 2018 995; x_wconf 88' lang='lat' dir='ltr'><strong>pia,</strong></span> <span class='ocrx_word' id='word_1_306' title='bbox 2072 923 2189 993; x_wconf 90' lang='lat' dir='ltr'><strong>ipse</strong></span> <span class='ocrx_word' id='word_1_307' title='bbox 2218 924 2443 995; x_wconf 86' lang='lat' dir='ltr'><strong>quidem</strong></span> <span class='ocrx_word' id='word_1_308' title='bbox 2490 925 2548 979; x_wconf 93' lang='lat' dir='ltr'><strong>in</strong></span> <span class='ocrx_word' id='word_1_309' title='bbox 2588 924 2878 994; x_wconf 78' lang='lat' dir='ltr'><strong>iniquitate</strong></span> <span class='ocrx_word' id='word_1_310' title='bbox 2904 941 3002 980; x_wconf 91' lang='lat' dir='ltr'><strong>sua</strong></span> <span class='ocrx_word' id='word_1_311' title='bbox 3034 926 3322 990; x_wconf 88' lang='lat' dir='ltr'><strong>morietur,</strong></span> <span class='ocrx_word' id='word_1_312' title='bbox 3357 941 3485 980; x_wconf 89' lang='lat' dir='ltr'><strong>san-</strong></span> 
     </span>
    </p>
   </div>
   <div class='ocr_carea' id='block_1_40' title="bbox 1908 1012 3587 1085">
    <p class='ocr_par' dir='ltr' id='par_1_40' title="bbox 1908 1012 3587 1085">
     <span class='ocr_line' id='line_1_40' title="bbox 1908 1012 3587 1085; baseline -0.002 -18"><span class='ocrx_word' id='word_1_313' title='bbox 1908 1013 2130 1085; x_wconf 87' lang='lat' dir='ltr'><strong>guinem</strong></span> <span class='ocrx_word' id='word_1_314' title='bbox 2153 1028 2287 1069; x_wconf 84' lang='lat' dir='ltr'><strong>vero</strong></span> <span class='ocrx_word' id='word_1_315' title='bbox 2315 1015 2437 1085; x_wconf 87' lang='lat' dir='ltr'><strong>ejus</strong></span> <span class='ocrx_word' id='word_1_316' title='bbox 2488 1013 2558 1069; x_wconf 89' lang='lat' dir='ltr'><strong>de</strong></span> <span class='ocrx_word' id='word_1_317' title='bbox 2586 1028 2753 1068; x_wconf 85' lang='lat' dir='ltr'><strong>manu</strong></span> <span class='ocrx_word' id='word_1_318' title='bbox 2784 1023 2876 1068; x_wconf 89' lang='lat' dir='ltr'><strong>tua</strong></span> <span class='ocrx_word' id='word_1_319' title='bbox 2902 1014 3181 1084; x_wconf 85' lang='lat' dir='ltr'><strong>requiram</strong></span> <span class='ocrx_word' id='word_1_320' title='bbox 3202 1014 3267 1065; x_wconf 80' lang='grc'><strong>⁵⁷.</strong></span> <span class='ocrx_word' id='word_1_321' title='bbox 3291 1033 3308 1063; x_wconf 78' lang='grc' dir='ltr'><strong>ι</strong></span> <span class='ocrx_word' id='word_1_322' title='bbox 3348 1012 3484 1066; x_wconf 85' lang='lat' dir='ltr'><strong>Cum</strong></span> <span class='ocrx_word' id='word_1_323' title='bbox 3584 1028 3587 1031; x_wconf 93' lang='grc'><strong>·</strong></span> 
     </span>
    </p>
   </div>
   <div class='ocr_carea' id='block_1_41' title="bbox 1909 1102 3487 1173">
    <p class='ocr_par' dir='ltr' id='par_1_41' title="bbox 1909 1102 3487 1173">
     <span class='ocr_line' id='line_1_41' title="bbox 1909 1102 3487 1173; baseline -0.001 -16"><span class='ocrx_word' id='word_1_324' title='bbox 1909 1103 1998 1157; x_wconf 87' lang='lat' dir='ltr'><strong>bis</strong></span> <span class='ocrx_word' id='word_1_325' title='bbox 2044 1102 2208 1157; x_wconf 88' lang='lat' dir='ltr'><strong>etiam</strong></span> <span class='ocrx_word' id='word_1_326' title='bbox 2259 1103 2612 1158; x_wconf 88' lang='lat' dir='ltr'><strong>consentiunt</strong></span> <span class='ocrx_word' id='word_1_327' title='bbox 2666 1118 2788 1173; x_wconf 64' lang='lat' dir='ltr'><strong>quae</strong></span> <span class='ocrx_word' id='word_1_328' title='bbox 2831 1103 3144 1173; x_wconf 84' lang='lat' dir='ltr'><strong>parabolice</strong></span> <span class='ocrx_word' id='word_1_329' title='bbox 3193 1117 3224 1156; x_wconf 89' lang='lat' dir='ltr'><strong>a</strong></span> <span class='ocrx_word' id='word_1_330' title='bbox 3253 1103 3487 1157; x_wconf 89' lang='lat' dir='ltr'><strong>Domino</strong></span> 
     </span>
    </p>
   </div>
   <div class='ocr_carea' id='block_1_42' title="bbox 1910 1194 3488 1265">
    <p class='ocr_par' dir='ltr' id='par_1_42' title="bbox 1910 1194 3488 1265">
     <span class='ocr_line' id='line_1_42' title="bbox 1910 1194 3488 1265; baseline 0 -17"><span class='ocrx_word' id='word_1_331' title='bbox 1910 1194 2058 1249; x_wconf 88' lang='lat' dir='ltr'><strong>dicta</strong></span> <span class='ocrx_word' id='word_1_332' title='bbox 2083 1203 2213 1249; x_wconf 90' lang='lat' dir='ltr'><strong>sunt</strong></span> <span class='ocrx_word' id='word_1_333' title='bbox 2243 1212 2256 1248; x_wconf 94' lang='lat'>:</span> <span class='ocrx_word' id='word_1_334' title='bbox 2295 1213 2311 1245; x_wconf 78' lang='grc' dir='ltr'><strong>ι</strong></span> <span class='ocrx_word' id='word_1_335' title='bbox 2336 1194 2505 1250; x_wconf 84' lang='lat' dir='ltr'><strong>Serve</strong></span> <span class='ocrx_word' id='word_1_336' title='bbox 2531 1194 2687 1265; x_wconf 84' lang='lat' dir='ltr'><strong>piger</strong></span> <span class='ocrx_word' id='word_1_337' title='bbox 2716 1202 2771 1249; x_wconf 88' lang='lat' dir='ltr'><strong>et</strong></span> <span class='ocrx_word' id='word_1_338' title='bbox 2798 1194 3007 1265; x_wconf 77' lang='lat'><strong>1133</strong></span> <span class='ocrx_word' id='word_1_339' title='bbox 3033 1195 3247 1265; x_wconf 81' lang='lat' dir='ltr'><strong>ignave,</strong></span> <span class='ocrx_word' id='word_1_340' title='bbox 3269 1204 3488 1264; x_wconf 87' lang='lat' dir='ltr'><strong>oporte-</strong></span> 
     </span>
    </p>
   </div>
   <div class='ocr_carea' id='block_1_43' title="bbox 1908 1284 3487 1355">
    <p class='ocr_par' dir='ltr' id='par_1_43' title="bbox 1908 1284 3487 1355">
     <span class='ocr_line' id='line_1_43' title="bbox 1908 1284 3487 1355; baseline -0.001 -15"><span class='ocrx_word' id='word_1_341' title='bbox 1908 1285 2005 1340; x_wconf 89' lang='lat' dir='ltr'><strong>bat</strong></span> <span class='ocrx_word' id='word_1_342' title='bbox 2050 1293 2101 1339; x_wconf 87' lang='lat' dir='ltr'><strong>te</strong></span> <span class='ocrx_word' id='word_1_343' title='bbox 2134 1285 2424 1355; x_wconf 87' lang='lat' dir='ltr'><strong>pecuniam</strong></span> <span class='ocrx_word' id='word_1_344' title='bbox 2454 1300 2633 1340; x_wconf 85' lang='lat' dir='ltr'><strong>meam</strong></span> <span class='ocrx_word' id='word_1_345' title='bbox 2656 1284 2791 1338; x_wconf 91' lang='lat' dir='ltr'><strong>dare</strong></span> <span class='ocrx_word' id='word_1_346' title='bbox 2814 1284 3098 1355; x_wconf 88' lang='lat' dir='ltr'><strong>trapezitis</strong></span> <span class='ocrx_word' id='word_1_347' title='bbox 3117 1325 3131 1350; x_wconf 91' lang='lat'><strong>,</strong></span> <span class='ocrx_word' id='word_1_348' title='bbox 3179 1294 3235 1341; x_wconf 92' lang='lat' dir='ltr'><strong>et</strong></span> <span class='ocrx_word' id='word_1_349' title='bbox 3261 1299 3362 1355; x_wconf 87' lang='lat' dir='ltr'><strong>ego</strong></span> <span class='ocrx_word' id='word_1_350' title='bbox 3390 1299 3487 1339; x_wconf 77' lang='lat' dir='ltr'><strong>vc—</strong></span> 
     </span>
    </p>
   </div>
   <div class='ocr_carea' id='block_1_44' title="bbox 1910 1375 3489 1447">
    <p class='ocr_par' dir='ltr' id='par_1_44' title="bbox 1910 1375 3489 1447">
     <span class='ocr_line' id='line_1_44' title="bbox 1910 1375 3489 1447; baseline -0.001 -17"><span class='ocrx_word' id='word_1_351' title='bbox 1910 1376 2070 1431; x_wconf 87' lang='lat' dir='ltr'><strong>niens</strong></span> <span class='ocrx_word' id='word_1_352' title='bbox 2101 1390 2227 1430; x_wconf 90' lang='lat' dir='ltr'><strong>cum</strong></span> <span class='ocrx_word' id='word_1_353' title='bbox 2255 1376 2439 1430; x_wconf 89' lang='lat' dir='ltr'><strong>usuris</strong></span> <span class='ocrx_word' id='word_1_354' title='bbox 2468 1377 2657 1446; x_wconf 89' lang='lat' dir='ltr'><strong>utique</strong></span> <span class='ocrx_word' id='word_1_355' title='bbox 2681 1376 2986 1447; x_wconf 79' lang='lat' dir='ltr'><strong>exegissem</strong></span> <span class='ocrx_word' id='word_1_356' title='bbox 3015 1376 3162 1430; x_wconf 87' lang='lat' dir='ltr'><strong>illam</strong></span> <span class='ocrx_word' id='word_1_357' title='bbox 3178 1375 3275 1430; x_wconf 76' lang='grc'><strong>⁸⁸.›</strong></span> <span class='ocrx_word' id='word_1_358' title='bbox 3308 1376 3489 1443; x_wconf 84' lang='lat' dir='ltr'><strong>Quare</strong></span> 
     </span>
    </p>
   </div>
   <div class='ocr_carea' id='block_1_45' title="bbox 1911 1468 3491 1538">
    <p class='ocr_par' dir='ltr' id='par_1_45' title="bbox 1911 1468 3491 1538">
     <span class='ocr_line' id='line_1_45' title="bbox 1911 1468 3491 1538; baseline 0.001 -16"><span class='ocrx_word' id='word_1_359' title='bbox 1911 1468 2253 1538; x_wconf 85' lang='lat' dir='ltr'><strong>evigilemus,</strong></span> <span class='ocrx_word' id='word_1_360' title='bbox 2286 1468 2537 1533; x_wconf 91' lang='lat' dir='ltr'><strong>obsecro,</strong></span> <span class='ocrx_word' id='word_1_361' title='bbox 2563 1477 2620 1522; x_wconf 90' lang='lat' dir='ltr'><strong>et</strong></span> <span class='ocrx_word' id='word_1_362' title='bbox 2649 1484 2751 1538; x_wconf 88' lang='lat' dir='ltr'><strong>pro</strong></span> <span class='ocrx_word' id='word_1_363' title='bbox 2783 1468 2999 1523; x_wconf 88' lang='lat' dir='ltr'><strong>Domini</strong></span> <span class='ocrx_word' id='word_1_364' title='bbox 3027 1469 3225 1523; x_wconf 89' lang='lat' dir='ltr'><strong>ovibus</strong></span> <span class='ocrx_word' id='word_1_365' title='bbox 3248 1468 3491 1523; x_wconf 83' lang='lat' dir='ltr'><strong>decerte-</strong></span> 
     </span>
    </p>
   </div>
   <div class='ocr_carea' id='block_1_46' title="bbox 1914 1558 3487 1629">
    <p class='ocr_par' dir='ltr' id='par_1_46' title="bbox 1914 1558 3487 1629">
     <span class='ocr_line' id='line_1_46' title="bbox 1914 1558 3487 1629; baseline 0.001 -18"><span class='ocrx_word' id='word_1_366' title='bbox 1914 1573 2056 1612; x_wconf 90' lang='lat' dir='ltr'><strong>mus.</strong></span> <span class='ocrx_word' id='word_1_367' title='bbox 2116 1559 2295 1628; x_wconf 85' lang='lat' dir='ltr'><strong>Prope</strong></span> <span class='ocrx_word' id='word_1_368' title='bbox 2323 1567 2410 1613; x_wconf 85' lang='lat' dir='ltr'><strong>est</strong></span> <span class='ocrx_word' id='word_1_369' title='bbox 2436 1558 2653 1612; x_wconf 90' lang='lat' dir='ltr'><strong>illarum</strong></span> <span class='ocrx_word' id='word_1_370' title='bbox 2686 1559 2984 1624; x_wconf 89' lang='lat' dir='ltr'><strong>Dominus,</strong></span> <span class='ocrx_word' id='word_1_371' title='bbox 3039 1560 3325 1629; x_wconf 86' lang='lat' dir='ltr'><strong>aderitque</strong></span> <span class='ocrx_word' id='word_1_372' title='bbox 3368 1575 3487 1614; x_wconf 89' lang='lat' dir='ltr'><strong>om-</strong></span> 
     </span>
    </p>
   </div>
   <div class='ocr_carea' id='block_1_47' title="bbox 1914 1648 3485 1720">
    <p class='ocr_par' dir='ltr' id='par_1_47' title="bbox 1914 1648 3485 1720">
     <span class='ocr_line' id='line_1_47' title="bbox 1914 1648 3485 1720; baseline -0.001 -17"><span class='ocrx_word' id='word_1_373' title='bbox 1914 1648 2081 1714; x_wconf 87' lang='lat' dir='ltr'><strong>nino,</strong></span> <span class='ocrx_word' id='word_1_374' title='bbox 2136 1656 2193 1703; x_wconf 92' lang='lat' dir='ltr'><strong>et</strong></span> <span class='ocrx_word' id='word_1_375' title='bbox 2242 1648 2403 1719; x_wconf 89' lang='lat' dir='ltr'><strong>lupos</strong></span> <span class='ocrx_word' id='word_1_376' title='bbox 2442 1648 2654 1720; x_wconf 88' lang='lat' dir='ltr'><strong>abiget.</strong></span> <span class='ocrx_word' id='word_1_377' title='bbox 2715 1658 2773 1704; x_wconf 89' lang='lat' dir='ltr'><strong>et</strong></span> <span class='ocrx_word' id='word_1_378' title='bbox 2810 1659 3063 1720; x_wconf 83' lang='lat' dir='ltr'><strong>pastores</strong></span> <span class='ocrx_word' id='word_1_379' title='bbox 3102 1649 3430 1720; x_wconf 83' lang='lat' dir='ltr'><strong>gloriﬁcabit</strong></span> <span class='ocrx_word' id='word_1_380' title='bbox 3472 1668 3485 1702; x_wconf 87' lang='lat'><strong>:</strong></span> 
     </span>
    </p>
   </div>
   <div class='ocr_carea' id='block_1_48' title="bbox 1923 1740 3493 1810">
    <p class='ocr_par' dir='ltr' id='par_1_48' title="bbox 1923 1740 3493 1810">
     <span class='ocr_line' id='line_1_48' title="bbox 1923 1740 3493 1810; baseline 0.002 -18"><span class='ocrx_word' id='word_1_381' title='bbox 1923 1759 1942 1792; x_wconf 82' lang='grc' dir='ltr'><strong>ι</strong></span> <span class='ocrx_word' id='word_1_382' title='bbox 1967 1740 2150 1795; x_wconf 86' lang='lat' dir='ltr'><strong>Bonus</strong></span> <span class='ocrx_word' id='word_1_383' title='bbox 2190 1740 2337 1794; x_wconf 90' lang='lat' dir='ltr'><strong>enim</strong></span> <span class='ocrx_word' id='word_1_384' title='bbox 2374 1749 2460 1795; x_wconf 88' lang='lat' dir='ltr'><strong>est</strong></span> <span class='ocrx_word' id='word_1_385' title='bbox 2489 1740 2754 1795; x_wconf 88' lang='lat' dir='ltr'><strong>Dominus</strong></span> <span class='ocrx_word' id='word_1_386' title='bbox 2785 1742 3235 1810; x_wconf 77' lang='lat' dir='ltr'><strong>exspectantibus</strong></span> <span class='ocrx_word' id='word_1_387' title='bbox 3258 1757 3408 1807; x_wconf 90' lang='lat' dir='ltr'><strong>eum,</strong></span> <span class='ocrx_word' id='word_1_388' title='bbox 3435 1751 3493 1795; x_wconf 89' lang='lat' dir='ltr'><strong>et</strong></span> 
     </span>
    </p>
   </div>
   <div class='ocr_carea' id='block_1_49' title="bbox 1917 1832 3493 1902">
    <p class='ocr_par' dir='ltr' id='par_1_49' title="bbox 1917 1832 3493 1902">
     <span class='ocr_line' id='line_1_49' title="bbox 1917 1832 3493 1902; baseline 0.002 -17"><span class='ocrx_word' id='word_1_389' title='bbox 1917 1832 2113 1887; x_wconf 67' lang='lat' dir='ltr'><strong>animae</strong></span> <span class='ocrx_word' id='word_1_390' title='bbox 2138 1832 2405 1902; x_wconf 65' lang='lat' dir='ltr'><strong>quaerenti</strong></span> <span class='ocrx_word' id='word_1_391' title='bbox 2438 1833 2593 1887; x_wconf 89' lang='lat' dir='ltr'><strong>illum</strong></span> <span class='ocrx_word' id='word_1_392' title='bbox 2609 1833 2676 1886; x_wconf 72' lang='grc'><strong>⁵³.</strong></span> <span class='ocrx_word' id='word_1_393' title='bbox 2708 1852 2726 1883; x_wconf 78' lang='grc' dir='ltr'><strong>ι</strong></span> <span class='ocrx_word' id='word_1_394' title='bbox 2780 1833 2895 1887; x_wconf 88' lang='lat' dir='ltr'><strong>Nec</strong></span> <span class='ocrx_word' id='word_1_395' title='bbox 2922 1849 3055 1887; x_wconf 84' lang='lat' dir='ltr'><strong>vero</strong></span> <span class='ocrx_word' id='word_1_396' title='bbox 3080 1842 3323 1888; x_wconf 77' lang='lat' dir='ltr'><strong>exortam</strong></span> <span class='ocrx_word' id='word_1_397' title='bbox 3354 1843 3493 1888; x_wconf 87' lang='lat' dir='ltr'><strong>tem-</strong></span> 
     </span>
    </p>
   </div>
   <div class='ocr_carea' id='block_1_50' title="bbox 1917 1924 3494 1995">
    <p class='ocr_par' dir='ltr' id='par_1_50' title="bbox 1917 1924 3494 1995">
     <span class='ocr_line' id='line_1_50' title="bbox 1917 1924 3494 1995; baseline 0.001 -15"><span class='ocrx_word' id='word_1_398' title='bbox 1917 1931 2185 1995; x_wconf 87' lang='lat' dir='ltr'><strong>pestatem</strong></span> <span class='ocrx_word' id='word_1_399' title='bbox 2213 1940 2353 1995; x_wconf 64' lang='lat' dir='ltr'><strong>aegre</strong></span> <span class='ocrx_word' id='word_1_400' title='bbox 2379 1924 2621 1979; x_wconf 82' lang='lat' dir='ltr'><strong>feramus</strong></span> <span class='ocrx_word' id='word_1_401' title='bbox 2648 1942 2660 1977; x_wconf 76' lang='grc' dir='ltr'>ε</span> <span class='ocrx_word' id='word_1_402' title='bbox 2691 1926 2708 1944; x_wconf 75' lang='grc'><strong><em>⁶</em></strong></span> <span class='ocrx_word' id='word_1_403' title='bbox 2726 1925 2880 1979; x_wconf 85' lang='lat' dir='ltr'><strong>novit</strong></span> <span class='ocrx_word' id='word_1_404' title='bbox 2901 1925 3048 1980; x_wconf 90' lang='lat' dir='ltr'><strong>enim</strong></span> <span class='ocrx_word' id='word_1_405' title='bbox 3070 1926 3334 1981; x_wconf 85' lang='lat' dir='ltr'><strong>Dominus</strong></span> <span class='ocrx_word' id='word_1_406' title='bbox 3360 1926 3494 1995; x_wconf 87' lang='lat' dir='ltr'><strong>quid</strong></span> 
     </span>
    </p>
   </div>
   <div class='ocr_carea' id='block_1_51' title="bbox 1918 2016 3495 2087">
    <p class='ocr_par' dir='ltr' id='par_1_51' title="bbox 1918 2016 3495 2087">
     <span class='ocr_line' id='line_1_51' title="bbox 1918 2016 3495 2087; baseline 0 -15"><span class='ocrx_word' id='word_1_407' title='bbox 1918 2016 2191 2087; x_wconf 80' lang='lat' dir='ltr'><strong>expediat.</strong></span> <span class='ocrx_word' id='word_1_408' title='bbox 2218 2017 2517 2086; x_wconf 82' lang='lat' dir='ltr'><strong>PrOpterca</strong></span> <span class='ocrx_word' id='word_1_409' title='bbox 2538 2025 2594 2071; x_wconf 88' lang='lat' dir='ltr'><strong>et</strong></span> <span class='ocrx_word' id='word_1_410' title='bbox 2611 2016 2955 2086; x_wconf 80' lang='lat' dir='ltr'><strong>Apostolum,</strong></span> <span class='ocrx_word' id='word_1_411' title='bbox 2982 2033 3105 2072; x_wconf 88' lang='lat' dir='ltr'><strong>cum</strong></span> <span class='ocrx_word' id='word_1_412' title='bbox 3133 2018 3495 2072; x_wconf 85' lang='lat' dir='ltr'><strong>tentationum</strong></span> 
     </span>
    </p>
   </div>
   <div class='ocr_carea' id='block_1_52' title="bbox 1920 2107 3495 2179">
    <p class='ocr_par' dir='ltr' id='par_1_52' title="bbox 1920 2107 3495 2179">
     <span class='ocr_line' id='line_1_52' title="bbox 1920 2107 3495 2179; baseline 0 -16"><span class='ocrx_word' id='word_1_413' title='bbox 1920 2108 2309 2164; x_wconf 84' lang='lat' dir='ltr'><strong>liberationem</strong></span> <span class='ocrx_word' id='word_1_414' title='bbox 2360 2107 2659 2178; x_wconf 85' lang='lat' dir='ltr'><strong>ﬂagitaret,</strong></span> <span class='ocrx_word' id='word_1_415' title='bbox 2716 2108 2831 2162; x_wconf 91' lang='lat' dir='ltr'><strong>voti</strong></span> <span class='ocrx_word' id='word_1_416' title='bbox 2872 2118 3178 2179; x_wconf 88' lang='lat' dir='ltr'><strong>compotem</strong></span> <span class='ocrx_word' id='word_1_417' title='bbox 3209 2124 3321 2163; x_wconf 90' lang='lat' dir='ltr'><strong>non</strong></span> <span class='ocrx_word' id='word_1_418' title='bbox 3343 2109 3495 2174; x_wconf 79' lang='lat' dir='ltr'><strong>fecit,</strong></span> 
     </span>
    </p>
   </div>
   <div class='ocr_carea' id='block_1_53' title="bbox 1920 2198 3499 2271">
    <p class='ocr_par' dir='ltr' id='par_1_53' title="bbox 1920 2198 3499 2271">
     <span class='ocr_line' id='line_1_53' title="bbox 1920 2198 3499 2271; baseline 0.002 -17"><span class='ocrx_word' id='word_1_419' title='bbox 1920 2200 2113 2255; x_wconf 88' lang='lat' dir='ltr'><strong>dicens</strong></span> <span class='ocrx_word' id='word_1_420' title='bbox 2162 2217 2175 2254; x_wconf 91' lang='lat'>:</span> <span class='ocrx_word' id='word_1_421' title='bbox 2235 2219 2252 2251; x_wconf 72' lang='grc' dir='ltr'><strong>ι</strong></span> <span class='ocrx_word' id='word_1_422' title='bbox 2278 2198 2490 2254; x_wconf 86' lang='lat' dir='ltr'><strong>SulIicit</strong></span> <span class='ocrx_word' id='word_1_423' title='bbox 2518 2198 2617 2254; x_wconf 90' lang='lat' dir='ltr'><strong>tibi</strong></span> <span class='ocrx_word' id='word_1_424' title='bbox 2646 2199 2822 2269; x_wconf 86' lang='lat' dir='ltr'><strong>gratia</strong></span> <span class='ocrx_word' id='word_1_425' title='bbox 2850 2216 2993 2265; x_wconf 87' lang='lat' dir='ltr'><strong>mea,</strong></span> <span class='ocrx_word' id='word_1_426' title='bbox 3023 2200 3151 2271; x_wconf 89' lang='lat' dir='ltr'><strong>quia</strong></span> <span class='ocrx_word' id='word_1_427' title='bbox 3175 2200 3353 2256; x_wconf 88' lang='lat' dir='ltr'><strong>virtus</strong></span> <span class='ocrx_word' id='word_1_428' title='bbox 3377 2217 3499 2257; x_wconf 82' lang='lat' dir='ltr'><strong>mea</strong></span> 
     </span>
    </p>
   </div>
   <div class='ocr_carea' id='block_1_54' title="bbox 1921 2290 3500 2362">
    <p class='ocr_par' dir='ltr' id='par_1_54' title="bbox 1921 2290 3500 2362">
     <span class='ocr_line' id='line_1_54' title="bbox 1921 2290 3500 2362; baseline 0.001 -17"><span class='ocrx_word' id='word_1_429' title='bbox 1921 2291 1979 2345; x_wconf 88' lang='lat' dir='ltr'><strong>in</strong></span> <span class='ocrx_word' id='word_1_430' title='bbox 2006 2290 2325 2346; x_wconf 86' lang='lat' dir='ltr'><strong>inﬁrmitate</strong></span> <span class='ocrx_word' id='word_1_431' title='bbox 2356 2290 2643 2361; x_wconf 86' lang='lat' dir='ltr'><strong>perﬁcitur</strong></span> <span class='ocrx_word' id='word_1_432' title='bbox 2659 2291 2755 2344; x_wconf 80' lang='grc' dir='ltr'>⁶⁰.ι</span> <span class='ocrx_word' id='word_1_433' title='bbox 2788 2291 3030 2346; x_wconf 86' lang='lat' dir='ltr'><strong>Fortiter</strong></span> <span class='ocrx_word' id='word_1_434' title='bbox 3056 2291 3240 2362; x_wconf 87' lang='lat' dir='ltr'><strong>itaque</strong></span> <span class='ocrx_word' id='word_1_435' title='bbox 3261 2292 3500 2348; x_wconf 85' lang='lat' dir='ltr'><strong>feramus</strong></span> 
     </span>
    </p>
   </div>
   <div class='ocr_carea' id='block_1_55' title="bbox 1922 2383 3502 2455">
    <p class='ocr_par' dir='ltr' id='par_1_55' title="bbox 1922 2383 3502 2455">
     <span class='ocr_line' id='line_1_55' title="bbox 1922 2383 3502 2455; baseline -0.001 -16"><span class='ocrx_word' id='word_1_436' title='bbox 1922 2399 2083 2439; x_wconf 91' lang='lat' dir='ltr'><strong>casus</strong></span> <span class='ocrx_word' id='word_1_437' title='bbox 2109 2383 2389 2439; x_wconf 87' lang='lat' dir='ltr'><strong>adversos.</strong></span> <span class='ocrx_word' id='word_1_438' title='bbox 2419 2384 2481 2440; x_wconf 86' lang='lat' dir='ltr'><strong>In</strong></span> <span class='ocrx_word' id='word_1_439' title='bbox 2510 2384 2673 2439; x_wconf 87' lang='lat' dir='ltr'><strong>bellis</strong></span> <span class='ocrx_word' id='word_1_440' title='bbox 2695 2384 2899 2455; x_wconf 89' lang='lat' dir='ltr'><strong>quippe</strong></span> <span class='ocrx_word' id='word_1_441' title='bbox 2930 2395 3234 2440; x_wconf 87' lang='lat' dir='ltr'><strong>cernuntur</strong></span> <span class='ocrx_word' id='word_1_442' title='bbox 3257 2386 3365 2440; x_wconf 88' lang='lat' dir='ltr'><strong>viri</strong></span> <span class='ocrx_word' id='word_1_443' title='bbox 3389 2385 3502 2439; x_wconf 82' lang='lat' dir='ltr'><strong>for-</strong></span> 
     </span>
    </p>
   </div>
   <div class='ocr_carea' id='block_1_56' title="bbox 1925 2475 3506 2540">
    <p class='ocr_par' dir='ltr' id='par_1_56' title="bbox 1925 2475 3506 2540">
     <span class='ocr_line' id='line_1_56' title="bbox 1925 2475 3506 2540; baseline 0.001 -12"><span class='ocrx_word' id='word_1_444' title='bbox 1925 2484 2040 2539; x_wconf 91' lang='lat' dir='ltr'><strong>tes,</strong></span> <span class='ocrx_word' id='word_1_445' title='bbox 2095 2475 2153 2528; x_wconf 89' lang='lat' dir='ltr'><strong>in</strong></span> <span class='ocrx_word' id='word_1_446' title='bbox 2195 2475 2597 2530; x_wconf 88' lang='lat' dir='ltr'><strong>certaminibus</strong></span> <span class='ocrx_word' id='word_1_447' title='bbox 2645 2485 2980 2530; x_wconf 84' lang='lat' dir='ltr'><strong>coronantur</strong></span> <span class='ocrx_word' id='word_1_448' title='bbox 3026 2476 3279 2540; x_wconf 60' lang='lat' dir='ltr'><strong>athleta),</strong></span> <span class='ocrx_word' id='word_1_449' title='bbox 3335 2477 3506 2531; x_wconf 84' lang='lat' dir='ltr'><strong>maris</strong></span> 
     </span>
    </p>
   </div>
   <div class='ocr_carea' id='block_1_57' title="bbox 1922 2564 3501 2636">
    <p class='ocr_par' dir='ltr' id='par_1_57' title="bbox 1922 2564 3501 2636">
     <span class='ocr_line' id='line_1_57' title="bbox 1922 2564 3501 2636; baseline 0.001 -18"><span class='ocrx_word' id='word_1_450' title='bbox 1922 2564 2147 2636; x_wconf 80' lang='lat' dir='ltr'><strong>agitatio</strong></span> <span class='ocrx_word' id='word_1_451' title='bbox 2194 2566 2584 2635; x_wconf 80' lang='lat' dir='ltr'><strong>gubernatoris</strong></span> <span class='ocrx_word' id='word_1_452' title='bbox 2611 2566 2793 2636; x_wconf 88' lang='lat' dir='ltr'><strong>prodit</strong></span> <span class='ocrx_word' id='word_1_453' title='bbox 2825 2565 3182 2630; x_wconf 87' lang='lat' dir='ltr'><strong>industriam,</strong></span> <span class='ocrx_word' id='word_1_454' title='bbox 3233 2565 3377 2636; x_wconf 84' lang='lat' dir='ltr'><strong>ignis</strong></span> <span class='ocrx_word' id='word_1_455' title='bbox 3400 2581 3501 2621; x_wconf 89' lang='lat' dir='ltr'><strong>au-</strong></span> 
     </span>
    </p>
   </div>
   <div class='ocr_carea' id='block_1_58' title="bbox 1924 2655 3500 2736">
    <p class='ocr_par' dir='ltr' id='par_1_58' title="bbox 1924 2655 3500 2736">
     <span class='ocr_line' id='line_1_58' title="bbox 1924 2655 3500 2736; baseline 0.001 -28"><span class='ocrx_word' id='word_1_456' title='bbox 1924 2671 2047 2709; x_wconf 87' lang='lat' dir='ltr'><strong>rum</strong></span> <span class='ocrx_word' id='word_1_457' title='bbox 2077 2655 2292 2725; x_wconf 90' lang='lat' dir='ltr'><strong>probat.</strong></span> <span class='ocrx_word' id='word_1_458' title='bbox 2322 2656 2594 2736; x_wconf 63' lang='lat' dir='ltr'><strong>Cmterum</strong></span> <span class='ocrx_word' id='word_1_459' title='bbox 2623 2657 2800 2711; x_wconf 90' lang='lat' dir='ltr'><strong>nostri</strong></span> <span class='ocrx_word' id='word_1_460' title='bbox 2829 2666 3039 2712; x_wconf 88' lang='lat' dir='ltr'><strong>tantum</strong></span> <span class='ocrx_word' id='word_1_461' title='bbox 3062 2672 3271 2721; x_wconf 90' lang='lat' dir='ltr'><strong>curam,</strong></span> <span class='ocrx_word' id='word_1_462' title='bbox 3295 2671 3500 2726; x_wconf 61' lang='lat' dir='ltr'><strong>quaeso,</strong></span> 
     </span>
    </p>
   </div>
   <div class='ocr_carea' id='block_1_59' title="bbox 1923 2746 3507 2819">
    <p class='ocr_par' dir='ltr' id='par_1_59' title="bbox 1923 2746 3507 2819">
     <span class='ocr_line' id='line_1_59' title="bbox 1923 2746 3507 2819; baseline 0.001 -19"><span class='ocrx_word' id='word_1_463' title='bbox 1923 2761 1994 2800; x_wconf 88' lang='lat' dir='ltr'><strong>ne</strong></span> <span class='ocrx_word' id='word_1_464' title='bbox 2020 2761 2293 2816; x_wconf 85' lang='lat' dir='ltr'><strong>geramus,</strong></span> <span class='ocrx_word' id='word_1_465' title='bbox 2324 2746 2421 2802; x_wconf 84' lang='lat' dir='ltr'><strong>scd</strong></span> <span class='ocrx_word' id='word_1_466' title='bbox 2448 2748 2653 2819; x_wconf 85' lang='lat' dir='ltr'><strong>majore</strong></span> <span class='ocrx_word' id='word_1_467' title='bbox 2675 2748 2814 2804; x_wconf 88' lang='lat' dir='ltr'><strong>alios</strong></span> <span class='ocrx_word' id='word_1_468' title='bbox 2839 2746 3185 2818; x_wconf 85' lang='lat' dir='ltr'><strong>providentia</strong></span> <span class='ocrx_word' id='word_1_469' title='bbox 3208 2762 3507 2817; x_wconf 71' lang='lat' dir='ltr'><strong>prosequa-</strong></span> 
     </span>
    </p>
   </div>
   <div class='ocr_carea' id='block_1_60' title="bbox 1925 2836 3503 2910">
    <p class='ocr_par' dir='ltr' id='par_1_60' title="bbox 1925 2836 3503 2910">
     <span class='ocr_line' id='line_1_60' title="bbox 1925 2836 3503 2910; baseline 0.001 -20"><span class='ocrx_word' id='word_1_470' title='bbox 1925 2853 2071 2904; x_wconf 88' lang='lat' dir='ltr'><strong>mur,</strong></span> <span class='ocrx_word' id='word_1_471' title='bbox 2100 2853 2204 2892; x_wconf 83' lang='lat' dir='ltr'><strong>nec</strong></span> <span class='ocrx_word' id='word_1_472' title='bbox 2229 2854 2393 2893; x_wconf 90' lang='lat' dir='ltr'><strong>sanos</strong></span> <span class='ocrx_word' id='word_1_473' title='bbox 2416 2840 2700 2904; x_wconf 80' lang='lat' dir='ltr'><strong>duntaxat,</strong></span> <span class='ocrx_word' id='word_1_474' title='bbox 2726 2840 2820 2894; x_wconf 90' lang='lat' dir='ltr'><strong>sed</strong></span> <span class='ocrx_word' id='word_1_475' title='bbox 2847 2840 3019 2893; x_wconf 87' lang='lat' dir='ltr'><strong>multo</strong></span> <span class='ocrx_word' id='word_1_476' title='bbox 3041 2838 3213 2910; x_wconf 89' lang='lat' dir='ltr'><strong>magis</strong></span> <span class='ocrx_word' id='word_1_477' title='bbox 3236 2836 3503 2893; x_wconf 73' lang='lat' dir='ltr'><strong>infirmos.</strong></span> 
     </span>
    </p>
   </div>
   <div class='ocr_carea' id='block_1_61' title="bbox 1924 2927 3502 2999">
    <p class='ocr_par' dir='ltr' id='par_1_61' title="bbox 1924 2927 3502 2999">
     <span class='ocr_line' id='line_1_61' title="bbox 1924 2927 3502 2999; baseline -0.003 -16"><span class='ocrx_word' id='word_1_478' title='bbox 1924 2927 2239 2999; x_wconf 82' lang='lat' dir='ltr'><strong>Apostnlica</strong></span> <span class='ocrx_word' id='word_1_479' title='bbox 2269 2928 2419 2982; x_wconf 90' lang='lat' dir='ltr'><strong>enim</strong></span> <span class='ocrx_word' id='word_1_480' title='bbox 2450 2929 2537 2983; x_wconf 80' lang='lat' dir='ltr'><strong>lex</strong></span> <span class='ocrx_word' id='word_1_481' title='bbox 2562 2937 2667 2994; x_wconf 89' lang='lat' dir='ltr'><strong>est,</strong></span> <span class='ocrx_word' id='word_1_482' title='bbox 2699 2928 2922 2983; x_wconf 87' lang='lat' dir='ltr'><strong>disertis</strong></span> <span class='ocrx_word' id='word_1_483' title='bbox 2943 2928 3130 2983; x_wconf 87' lang='lat' dir='ltr'><strong>verbis</strong></span> <span class='ocrx_word' id='word_1_484' title='bbox 3150 2927 3502 2998; x_wconf 64' lang='lat' dir='ltr'><strong>praecipiens:</strong></span> 
     </span>
    </p>
   </div>
   <div class='ocr_carea' id='block_1_62' title="bbox 253 3019 1821 3098">
    <p class='ocr_par' dir='ltr' id='par_1_62' title="bbox 253 3020 1821 3093">
     <span class='ocr_line' id='line_1_62' title="bbox 253 3020 1821 3093; baseline 0.003 -20"><span class='ocrx_word' id='word_1_485' title='bbox 253 3020 352 3074; x_wconf 79' lang='grc' dir='ltr'>καὶ</span> <span class='ocrx_word' id='word_1_486' title='bbox 387 3021 462 3091; x_wconf 78' lang='grc' dir='ltr'>μὴ</span> <span class='ocrx_word' id='word_1_487' title='bbox 493 3021 651 3091; x_wconf 83' lang='grc' dir='ltr'>μόνον</span> <span class='ocrx_word' id='word_1_488' title='bbox 689 3021 799 3075; x_wconf 84' lang='grc' dir='ltr'><strong>τῶν</strong></span> <span class='ocrx_word' id='word_1_489' title='bbox 829 3022 1205 3090; x_wconf 79' lang='grc' dir='ltr'>ὑγιαινόντων,</span> <span class='ocrx_word' id='word_1_490' title='bbox 1250 3022 1387 3076; x_wconf 73' lang='grc' dir='ltr'>ἀλλὰ</span> <span class='ocrx_word' id='word_1_491' title='bbox 1415 3022 1592 3092; x_wconf 86' lang='grc' dir='ltr'>πολλῷ</span> <span class='ocrx_word' id='word_1_492' title='bbox 1625 3022 1821 3093; x_wconf 83' lang='grc' dir='ltr'>μᾶλλον</span> 
     </span>
    </p>
   </div>
   <div class='ocr_carea' id='block_1_63' title="bbox 1922 3019 3500 3098">
    <p class='ocr_par' dir='ltr' id='par_1_63' title="bbox 1936 3019 3500 3091">
     <span class='ocr_line' id='line_1_63' title="bbox 1936 3019 3500 3091; baseline 0.001 -19"><span class='ocrx_word' id='word_1_493' title='bbox 1936 3039 1954 3072; x_wconf 85' lang='grc' dir='ltr'><strong>ι</strong></span> <span class='ocrx_word' id='word_1_494' title='bbox 1981 3020 2358 3076; x_wconf 84' lang='lat' dir='ltr'><strong>Consolamini</strong></span> <span class='ocrx_word' id='word_1_495' title='bbox 2415 3020 2815 3090; x_wconf 87' lang='lat' dir='ltr'><strong>pusillanimes,</strong></span> <span class='ocrx_word' id='word_1_496' title='bbox 2848 3020 3110 3091; x_wconf 84' lang='lat' dir='ltr'><strong>suscipite</strong></span> <span class='ocrx_word' id='word_1_497' title='bbox 3135 3019 3456 3075; x_wconf 74' lang='lat' dir='ltr'><strong>inﬁrmos“.</strong></span> <span class='ocrx_word' id='word_1_498' title='bbox 3483 3040 3500 3069; x_wconf 81' lang='grc' dir='ltr'><strong>ι</strong></span> 
     </span>
    </p>
   </div>
   <div class='ocr_carea' id='block_1_64' title="bbox 253 3110 1826 3186">
    <p class='ocr_par' dir='ltr' id='par_1_64' title="bbox 253 3110 1826 3186">
     <span class='ocr_line' id='line_1_64' title="bbox 253 3110 1826 3186; baseline 0.001 -21"><span class='ocrx_word' id='word_1_499' title='bbox 253 3112 363 3165; x_wconf 88' lang='grc' dir='ltr'><strong>τῶν</strong></span> <span class='ocrx_word' id='word_1_500' title='bbox 393 3110 778 3166; x_wconf 84' lang='grc' dir='ltr'>ἀσθενούντων.</span> <span class='ocrx_word' id='word_1_501' title='bbox 821 3111 1197 3176; x_wconf 78' lang='grc' dir='ltr'>Ἀποστολικὺς</span> <span class='ocrx_word' id='word_1_502' title='bbox 1224 3113 1333 3184; x_wconf 88' lang='grc' dir='ltr'><strong>γάρ</strong></span> <span class='ocrx_word' id='word_1_503' title='bbox 1356 3114 1470 3166; x_wconf 78' lang='grc' dir='ltr'>ἐστι</span> <span class='ocrx_word' id='word_1_504' title='bbox 1493 3112 1656 3184; x_wconf 86' lang='grc' dir='ltr'>νόμος</span> <span class='ocrx_word' id='word_1_505' title='bbox 1674 3113 1826 3186; x_wconf 75' lang='grc' dir='ltr'>διαρ-</span> 
     </span>
    </p>
   </div>
   <div class='ocr_carea' id='block_1_65' title="bbox 257 3199 1826 3275">
    <p class='ocr_par' dir='ltr' id='par_1_65' title="bbox 257 3199 1826 3275">
     <span class='ocr_line' id='line_1_65' title="bbox 257 3199 1826 3275; baseline 0.004 -22"><span class='ocrx_word' id='word_1_506' title='bbox 257 3202 424 3273; x_wconf 78' lang='grc' dir='ltr'>ρήδην</span> <span class='ocrx_word' id='word_1_507' title='bbox 458 3199 614 3270; x_wconf 84' lang='grc' dir='ltr'>βοῶν·</span> <span class='ocrx_word' id='word_1_508' title='bbox 667 3219 685 3254; x_wconf 78' lang='grc' dir='ltr'><strong>ι</strong></span> <span class='ocrx_word' id='word_1_509' title='bbox 719 3202 1094 3274; x_wconf 85' lang='grc' dir='ltr'>Παρακαλείτε</span> <span class='ocrx_word' id='word_1_510' title='bbox 1133 3204 1255 3267; x_wconf 77' lang='grc' dir='ltr'>τοὺς</span> <span class='ocrx_word' id='word_1_511' title='bbox 1290 3203 1670 3275; x_wconf 82' lang='grc' dir='ltr'>ὀλιγοψύχους,</span> <span class='ocrx_word' id='word_1_512' title='bbox 1696 3206 1826 3259; x_wconf 86' lang='grc' dir='ltr'>ἀντ-</span> 
     </span>
    </p>
   </div>
   <div class='ocr_carea' id='block_1_66' title="bbox 258 3289 1828 3363">
    <p class='ocr_par' dir='ltr' id='par_1_66' title="bbox 258 3289 1828 3363">
     <span class='ocr_line' id='line_1_66' title="bbox 258 3289 1828 3363; baseline 0.001 -18"><span class='ocrx_word' id='word_1_513' title='bbox 258 3292 445 3363; x_wconf 80' lang='grc' dir='ltr'>έχεσθε</span> <span class='ocrx_word' id='word_1_514' title='bbox 471 3289 581 3345; x_wconf 86' lang='grc' dir='ltr'><strong>τῶν</strong></span> <span class='ocrx_word' id='word_1_515' title='bbox 614 3291 875 3347; x_wconf 83' lang='grc' dir='ltr'>ἀσθενῶν.</span> <span class='ocrx_word' id='word_1_516' title='bbox 900 3311 919 3344; x_wconf 80' lang='grc' dir='ltr'><strong>ι</strong></span> <span class='ocrx_word' id='word_1_517' title='bbox 959 3292 1265 3363; x_wconf 79' lang='grc' dir='ltr'>Ὀρέξωμεν</span> <span class='ocrx_word' id='word_1_518' title='bbox 1302 3293 1481 3345; x_wconf 77' lang='grc' dir='ltr'>τοίνυν</span> <span class='ocrx_word' id='word_1_519' title='bbox 1522 3296 1672 3363; x_wconf 87' lang='grc' dir='ltr'>χεῖρε</span> <span class='ocrx_word' id='word_1_520' title='bbox 1715 3296 1828 3357; x_wconf 88' lang='grc' dir='ltr'>τοῖς</span> 
     </span>
    </p>
   </div>
   <div class='ocr_carea' id='block_1_67' title="bbox 257 3379 1827 3452">
    <p class='ocr_par' dir='ltr' id='par_1_67' title="bbox 257 3379 1827 3452">
     <span class='ocr_line' id='line_1_67' title="bbox 257 3379 1827 3452; baseline -0.001 -17"><span class='ocrx_word' id='word_1_521' title='bbox 257 3380 549 3451; x_wconf 80' lang='grc' dir='ltr'>κειμένοις,</span> <span class='ocrx_word' id='word_1_522' title='bbox 584 3379 1012 3452; x_wconf 88' lang='grc' dir='ltr'>θεραπεύσωμεν</span> <span class='ocrx_word' id='word_1_523' title='bbox 1045 3379 1226 3434; x_wconf 81' lang='grc' dir='ltr'>αὐτῶν</span> <span class='ocrx_word' id='word_1_524' title='bbox 1256 3379 1325 3434; x_wconf 78' lang='grc' dir='ltr'><strong>τὰ</strong></span> <span class='ocrx_word' id='word_1_525' title='bbox 1358 3380 1672 3451; x_wconf 86' lang='grc' dir='ltr'>τραύματα,</span> <span class='ocrx_word' id='word_1_526' title='bbox 1699 3382 1827 3452; x_wconf 83' lang='grc' dir='ltr'>στή-</span> 
     </span>
    </p>
   </div>
   <div class='ocr_carea' id='block_1_68' title="bbox 258 3468 1829 3541">
    <p class='ocr_par' dir='ltr' id='par_1_68' title="bbox 258 3468 1829 3541">
     <span class='ocr_line' id='line_1_68' title="bbox 258 3468 1829 3541; baseline 0.001 -19"><span class='ocrx_word' id='word_1_527' title='bbox 258 3486 440 3541; x_wconf 87' lang='grc' dir='ltr'>σωμεν</span> <span class='ocrx_word' id='word_1_528' title='bbox 470 3469 565 3523; x_wconf 76' lang='grc' dir='ltr'><strong>καὶ</strong></span> <span class='ocrx_word' id='word_1_529' title='bbox 591 3468 789 3533; x_wconf 75' lang='grc' dir='ltr'>αὐτοὺς</span> <span class='ocrx_word' id='word_1_530' title='bbox 824 3471 883 3523; x_wconf 83' lang='grc' dir='ltr'>ὲν</span> <span class='ocrx_word' id='word_1_531' title='bbox 913 3472 981 3541; x_wconf 75' lang='grc' dir='ltr'>τῇ</span> <span class='ocrx_word' id='word_1_532' title='bbox 1014 3469 1318 3539; x_wconf 83' lang='grc' dir='ltr'>παρατάξει</span> <span class='ocrx_word' id='word_1_533' title='bbox 1345 3470 1484 3523; x_wconf 75' lang='grc' dir='ltr'>κατὰ</span> <span class='ocrx_word' id='word_1_534' title='bbox 1525 3469 1620 3522; x_wconf 92' lang='grc' dir='ltr'><strong>τοῦ</strong></span> <span class='ocrx_word' id='word_1_535' title='bbox 1650 3470 1829 3525; x_wconf 79' lang='grc' dir='ltr'>διαϐό-</span> 
     </span>
    </p>
   </div>
   <div class='ocr_carea' id='block_1_69' title="bbox 256 3557 1830 3625">
    <p class='ocr_par' dir='ltr' id='par_1_69' title="bbox 256 3557 1830 3625">
     <span class='ocr_line' id='line_1_69' title="bbox 256 3557 1830 3625; baseline 0.001 -13"><span class='ocrx_word' id='word_1_536' title='bbox 256 3558 371 3612; x_wconf 89' lang='grc' dir='ltr'>λου·</span> <span class='ocrx_word' id='word_1_537' title='bbox 401 3558 551 3612; x_wconf 77' lang='grc' dir='ltr'>οὖδὲν</span> <span class='ocrx_word' id='word_1_538' title='bbox 582 3558 744 3612; x_wconf 79' lang='grc' dir='ltr'>αὐτὸν</span> <span class='ocrx_word' id='word_1_539' title='bbox 772 3557 944 3622; x_wconf 74' lang='grc' dir='ltr'>οὕτως</span> <span class='ocrx_word' id='word_1_540' title='bbox 971 3558 1206 3623; x_wconf 84' lang='grc' dir='ltr'>ἀνιάσει,</span> <span class='ocrx_word' id='word_1_541' title='bbox 1227 3558 1303 3624; x_wconf 87' lang='grc' dir='ltr'>ὠς</span> <span class='ocrx_word' id='word_1_542' title='bbox 1324 3559 1384 3612; x_wconf 80' lang='grc' dir='ltr'>τὸ</span> <span class='ocrx_word' id='word_1_543' title='bbox 1406 3559 1567 3614; x_wconf 87' lang='grc' dir='ltr'>πάλιν</span> <span class='ocrx_word' id='word_1_544' title='bbox 1604 3559 1830 3625; x_wconf 77' lang='grc' dir='ltr'>τούτους</span> 
     </span>
    </p>
   </div>
   <div class='ocr_carea' id='block_1_70' title="bbox 260 3647 1829 3722">
    <p class='ocr_par' dir='ltr' id='par_1_70' title="bbox 260 3647 1829 3722">
     <span class='ocr_line' id='line_1_70' title="bbox 260 3647 1829 3722; baseline 0.002 -18"><span class='ocrx_word' id='word_1_545' title='bbox 260 3651 389 3705; x_wconf 74' lang='grc' dir='ltr'>ἰδεῖν</span> <span class='ocrx_word' id='word_1_546' title='bbox 414 3647 781 3720; x_wconf 86' lang='grc' dir='ltr'>πολεμοῦντας</span> <span class='ocrx_word' id='word_1_547' title='bbox 813 3651 906 3703; x_wconf 78' lang='grc' dir='ltr'>καὶ</span> <span class='ocrx_word' id='word_1_548' title='bbox 930 3649 1242 3721; x_wconf 80' lang='grc' dir='ltr'>βάλλοντας.</span> <span class='ocrx_word' id='word_1_549' title='bbox 1273 3650 1657 3722; x_wconf 80' lang='grc' dir='ltr'>Φιλάνθρωπός</span> <span class='ocrx_word' id='word_1_550' title='bbox 1682 3655 1829 3707; x_wconf 84' lang='grc' dir='ltr'>ἐστιν</span> 
     </span>
    </p>
   </div>
   <div class='ocr_carea' id='block_1_71' title="bbox 254 3740 1828 3815">
    <p class='ocr_par' dir='ltr' id='par_1_71' title="bbox 254 3740 1828 3815">
     <span class='ocr_line' id='line_1_71' title="bbox 254 3740 1828 3815; baseline 0.001 -19"><span class='ocrx_word' id='word_1_551' title='bbox 254 3745 287 3797; x_wconf 82' lang='grc' dir='ltr'>ὁ</span> <span class='ocrx_word' id='word_1_552' title='bbox 309 3741 607 3813; x_wconf 79' lang='grc' dir='ltr'>Δεσπότης,</span> <span class='ocrx_word' id='word_1_553' title='bbox 642 3740 855 3812; x_wconf 86' lang='grc' dir='ltr'>δέχεται</span> <span class='ocrx_word' id='word_1_554' title='bbox 891 3740 1001 3795; x_wconf 85' lang='grc' dir='ltr'><strong>τῶν</strong></span> <span class='ocrx_word' id='word_1_555' title='bbox 1031 3741 1495 3814; x_wconf 80' lang='grc' dir='ltr'>πλημμελούντων</span> <span class='ocrx_word' id='word_1_556' title='bbox 1529 3744 1628 3815; x_wconf 84' lang='grc' dir='ltr'>τὴν</span> <span class='ocrx_word' id='word_1_557' title='bbox 1658 3761 1828 3813; x_wconf 87' lang='grc' dir='ltr'>μετα-</span> 
     </span>
    </p>
   </div>
   <div class='ocr_carea' id='block_1_72' title="bbox 261 3831 1831 3906">
    <p class='ocr_par' dir='ltr' id='par_1_72' title="bbox 261 3831 1831 3906">
     <span class='ocr_line' id='line_1_72' title="bbox 261 3831 1831 3906; baseline 0.003 -21"><span class='ocrx_word' id='word_1_558' title='bbox 261 3833 481 3905; x_wconf 85' lang='grc' dir='ltr'>μέλειαν</span> <span class='ocrx_word' id='word_1_559' title='bbox 513 3833 645 3905; x_wconf 77' lang='grc'><strong>(65)·</strong></span> <span class='ocrx_word' id='word_1_560' title='bbox 682 3831 1004 3904; x_wconf 81' lang='grc' dir='ltr'>ἀκούσωμεν</span> <span class='ocrx_word' id='word_1_561' title='bbox 1037 3833 1147 3906; x_wconf 66' lang='grc'><strong>(64)</strong></span> <span class='ocrx_word' id='word_1_562' title='bbox 1186 3834 1349 3887; x_wconf 84' lang='grc' dir='ltr'>αὑτοῦ</span> <span class='ocrx_word' id='word_1_563' title='bbox 1379 3832 1647 3904; x_wconf 71' lang='grc' dir='ltr'>λέγοντοςο</span> <span class='ocrx_word' id='word_1_564' title='bbox 1691 3855 1709 3887; x_wconf 77' lang='grc' dir='ltr'><strong>ι</strong></span> <span class='ocrx_word' id='word_1_565' title='bbox 1743 3836 1831 3891; x_wconf 86' lang='grc' dir='ltr'>Ζῶ</span> 
     </span>
    </p>
   </div>
   <div class='ocr_carea' id='block_1_73' title="bbox 258 3923 1830 3997">
    <p class='ocr_par' dir='ltr' id='par_1_73' title="bbox 258 3923 1830 3997">
     <span class='ocr_line' id='line_1_73' title="bbox 258 3923 1830 3997; baseline 0.002 -18"><span class='ocrx_word' id='word_1_566' title='bbox 258 3924 391 3993; x_wconf 71' lang='grc' dir='ltr'>ἐγὼ,</span> <span class='ocrx_word' id='word_1_567' title='bbox 414 3924 562 3992; x_wconf 80' lang='grc' dir='ltr'>λέγει</span> <span class='ocrx_word' id='word_1_568' title='bbox 583 3923 803 3996; x_wconf 79' lang='grc' dir='ltr'>Κύριος·</span> <span class='ocrx_word' id='word_1_569' title='bbox 837 3925 887 3978; x_wconf 86' lang='grc' dir='ltr'><strong>εί</strong></span> <span class='ocrx_word' id='word_1_570' title='bbox 906 3923 1121 3995; x_wconf 86' lang='grc' dir='ltr'>θελήσει</span> <span class='ocrx_word' id='word_1_571' title='bbox 1142 3924 1352 3997; x_wconf 81' lang='grc' dir='ltr'>θελήσω</span> <span class='ocrx_word' id='word_1_572' title='bbox 1373 3926 1463 3979; x_wconf 85' lang='grc' dir='ltr'>τὸν</span> <span class='ocrx_word' id='word_1_573' title='bbox 1491 3926 1717 3980; x_wconf 89' lang='grc' dir='ltr'>θάνατον</span> <span class='ocrx_word' id='word_1_574' title='bbox 1738 3927 1830 3982; x_wconf 89' lang='grc' dir='ltr'><strong>τοῦ</strong></span> 
     </span>
    </p>
   </div>
   <div class='ocr_carea' id='block_1_74' title="bbox 259 4017 1832 4091">
    <p class='ocr_par' dir='ltr' id='par_1_74' title="bbox 259 4017 1832 4091">
     <span class='ocr_line' id='line_1_74' title="bbox 259 4017 1832 4091; baseline -0.002 -17"><span class='ocrx_word' id='word_1_575' title='bbox 259 4018 611 4091; x_wconf 80' lang='grc' dir='ltr'>ἁμαρτωλοῦ,</span> <span class='ocrx_word' id='word_1_576' title='bbox 641 4018 716 4082; x_wconf 81' lang='grc' dir='ltr'>ὡς</span> <span class='ocrx_word' id='word_1_577' title='bbox 752 4017 812 4071; x_wconf 77' lang='grc' dir='ltr'>τὸ</span> <span class='ocrx_word' id='word_1_578' title='bbox 843 4017 1166 4088; x_wconf 73' lang='grc' dir='ltr'>ἐπιστρέψαι</span> <span class='ocrx_word' id='word_1_579' title='bbox 1193 4017 1354 4071; x_wconf 73' lang='grc' dir='ltr'>αὑτὸν</span> <span class='ocrx_word' id='word_1_580' title='bbox 1385 4020 1477 4071; x_wconf 77' lang='grc' dir='ltr'>καὶ</span> <span class='ocrx_word' id='word_1_581' title='bbox 1505 4017 1637 4090; x_wconf 73' lang='grc' dir='ltr'>ζῇνς</span> <span class='ocrx_word' id='word_1_582' title='bbox 1678 4038 1697 4071; x_wconf 77' lang='grc' dir='ltr'><strong>ι</strong></span> <span class='ocrx_word' id='word_1_583' title='bbox 1732 4017 1832 4072; x_wconf 81' lang='grc' dir='ltr'>Διὰ</span> 
     </span>
    </p>
   </div>
   <div class='ocr_carea' id='block_1_75' title="bbox 259 4107 1831 4181">
    <p class='ocr_par' dir='ltr' id='par_1_75' title="bbox 259 4107 1831 4181">
     <span class='ocr_line' id='line_1_75' title="bbox 259 4107 1831 4181; baseline 0.001 -19"><span class='ocrx_word' id='word_1_584' title='bbox 259 4110 419 4164; x_wconf 87' lang='grc' dir='ltr'>τοῦτο</span> <span class='ocrx_word' id='word_1_585' title='bbox 446 4109 542 4163; x_wconf 83' lang='grc' dir='ltr'>καὶ</span> <span class='ocrx_word' id='word_1_586' title='bbox 567 4110 726 4181; x_wconf 83' lang='grc' dir='ltr'>ὅρκον</span> <span class='ocrx_word' id='word_1_587' title='bbox 755 4107 831 4179; x_wconf 84' lang='grc' dir='ltr'>τῷ</span> <span class='ocrx_word' id='word_1_588' title='bbox 850 4108 994 4178; x_wconf 84' lang='grc' dir='ltr'>λόγῳ</span> <span class='ocrx_word' id='word_1_589' title='bbox 1030 4107 1398 4181; x_wconf 75' lang='grc' dir='ltr'>προτεθεικεν,</span> <span class='ocrx_word' id='word_1_590' title='bbox 1427 4110 1520 4163; x_wconf 64' lang='grc' dir='ltr'><strong>καὶ⁵</strong></span> <span class='ocrx_word' id='word_1_591' title='bbox 1539 4111 1567 4163; x_wconf 84' lang='grc' dir='ltr'>ὁ</span> <span class='ocrx_word' id='word_1_592' title='bbox 1591 4113 1702 4175; x_wconf 89' lang='grc' dir='ltr'>τοῖς</span> <span class='ocrx_word' id='word_1_593' title='bbox 1733 4108 1831 4163; x_wconf 66' lang='grc' dir='ltr'><strong>ἄλ-</strong></span> 
     </span>
    </p>
   </div>
   <div class='ocr_carea' id='block_1_76' title="bbox 261 4197 1833 4273">
    <p class='ocr_par' dir='ltr' id='par_1_76' title="bbox 261 4197 1833 4273">
     <span class='ocr_line' id='line_1_76' title="bbox 261 4197 1833 4273; baseline 0.001 -21"><span class='ocrx_word' id='word_1_594' title='bbox 261 4199 374 4263; x_wconf 86' lang='grc' dir='ltr'>λοις</span> <span class='ocrx_word' id='word_1_595' title='bbox 400 4197 760 4270; x_wconf 75' lang='grc' dir='ltr'>ἀπαγορεύων</span> <span class='ocrx_word' id='word_1_596' title='bbox 786 4197 913 4260; x_wconf 73' lang='grc' dir='ltr'>τοὺς</span> <span class='ocrx_word' id='word_1_597' title='bbox 935 4199 1153 4268; x_wconf 83' lang='grc' dir='ltr'>ὅρκους,</span> <span class='ocrx_word' id='word_1_598' title='bbox 1189 4197 1500 4269; x_wconf 83' lang='grc' dir='ltr'>ὀμώμοκεν,</span> <span class='ocrx_word' id='word_1_599' title='bbox 1541 4198 1628 4252; x_wconf 80' lang='grc' dir='ltr'>ἵνα</span> <span class='ocrx_word' id='word_1_600' title='bbox 1671 4199 1833 4273; x_wconf 80' lang='grc' dir='ltr'>πείσῃ</span> 
     </span>
    </p>
   </div>
   <div class='ocr_carea' id='block_1_77' title="bbox 263 4290 1829 4365">
    <p class='ocr_par' dir='ltr' id='par_1_77' title="bbox 263 4290 1829 4365">
     <span class='ocr_line' id='line_1_77' title="bbox 263 4290 1829 4365; baseline 0.003 -22"><span class='ocrx_word' id='word_1_601' title='bbox 263 4291 339 4356; x_wconf 82' lang='grc' dir='ltr'><strong>ὡς</strong></span> <span class='ocrx_word' id='word_1_602' title='bbox 367 4292 463 4361; x_wconf 75' lang='grc' dir='ltr'>τῆς</span> <span class='ocrx_word' id='word_1_603' title='bbox 492 4291 763 4363; x_wconf 82' lang='grc' dir='ltr'>ἡμετέρας</span> <span class='ocrx_word' id='word_1_604' title='bbox 795 4290 1160 4362; x_wconf 83' lang='grc' dir='ltr'>μεταμελείας</span> <span class='ocrx_word' id='word_1_605' title='bbox 1181 4291 1276 4345; x_wconf 76' lang='grc' dir='ltr'>καὶ</span> <span class='ocrx_word' id='word_1_606' title='bbox 1297 4292 1573 4365; x_wconf 87' lang='grc' dir='ltr'>σωτηρίας</span> <span class='ocrx_word' id='word_1_607' title='bbox 1595 4294 1829 4363; x_wconf 80' lang='grc' dir='ltr'>ἐφίεται.</span> 
     </span>
    </p>
   </div>
   <div class='ocr_carea' id='block_1_78' title="bbox 1926 3110 3511 3184">
    <p class='ocr_par' dir='ltr' id='par_1_78' title="bbox 1926 3110 3511 3184">
     <span class='ocr_line' id='line_1_78' title="bbox 1926 3110 3511 3184; baseline -0.001 -19"><span class='ocrx_word' id='word_1_608' title='bbox 1926 3110 2279 3181; x_wconf 87' lang='lat' dir='ltr'><strong>Porrigamus</strong></span> <span class='ocrx_word' id='word_1_609' title='bbox 2301 3112 2432 3182; x_wconf 88' lang='lat' dir='ltr'><strong>ergo</strong></span> <span class='ocrx_word' id='word_1_610' title='bbox 2455 3127 2677 3166; x_wconf 88' lang='lat' dir='ltr'><strong>manum</strong></span> <span class='ocrx_word' id='word_1_611' title='bbox 2696 3112 3030 3184; x_wconf 89' lang='lat' dir='ltr'><strong>jacentibus,</strong></span> <span class='ocrx_word' id='word_1_612' title='bbox 3054 3112 3371 3167; x_wconf 87' lang='lat' dir='ltr'><strong>medeamur</strong></span> <span class='ocrx_word' id='word_1_613' title='bbox 3391 3111 3511 3165; x_wconf 52' lang='lat' dir='ltr'><strong>illo-</strong></span> 
     </span>
    </p>
   </div>
   <div class='ocr_carea' id='block_1_79' title="bbox 1927 3201 3508 3273">
    <p class='ocr_par' dir='ltr' id='par_1_79' title="bbox 1927 3201 3508 3273">
     <span class='ocr_line' id='line_1_79' title="bbox 1927 3201 3508 3273; baseline 0.002 -19"><span class='ocrx_word' id='word_1_614' title='bbox 1927 3216 2050 3255; x_wconf 91' lang='lat' dir='ltr'><strong>rum</strong></span> <span class='ocrx_word' id='word_1_615' title='bbox 2072 3201 2413 3265; x_wconf 87' lang='lat' dir='ltr'><strong>vulneribus,</strong></span> <span class='ocrx_word' id='word_1_616' title='bbox 2442 3203 2595 3273; x_wconf 89' lang='lat' dir='ltr'><strong>ipsos</strong></span> <span class='ocrx_word' id='word_1_617' title='bbox 2617 3205 2785 3258; x_wconf 88' lang='lat' dir='ltr'><strong>etiam</strong></span> <span class='ocrx_word' id='word_1_618' title='bbox 2809 3204 2864 3259; x_wconf 91' lang='lat' dir='ltr'><strong>in</strong></span> <span class='ocrx_word' id='word_1_619' title='bbox 2885 3205 3001 3259; x_wconf 90' lang='lat' dir='ltr'><strong>acie</strong></span> <span class='ocrx_word' id='word_1_620' title='bbox 3020 3214 3211 3259; x_wconf 90' lang='lat' dir='ltr'><strong>contra</strong></span> <span class='ocrx_word' id='word_1_621' title='bbox 3230 3203 3508 3259; x_wconf 87' lang='lat' dir='ltr'><strong>diabolum</strong></span> 
     </span>
    </p>
   </div>
   <div class='ocr_carea' id='block_1_80' title="bbox 1927 3292 3511 3366">
    <p class='ocr_par' dir='ltr' id='par_1_80' title="bbox 1927 3292 3511 3366">
     <span class='ocr_line' id='line_1_80' title="bbox 1927 3292 3511 3366; baseline 0.001 -18"><span class='ocrx_word' id='word_1_622' title='bbox 1927 3292 2282 3348; x_wconf 87' lang='lat' dir='ltr'><strong>collocemus.</strong></span> <span class='ocrx_word' id='word_1_623' title='bbox 2310 3293 2469 3348; x_wconf 81' lang='lat' dir='ltr'><strong>Nulla</strong></span> <span class='ocrx_word' id='word_1_624' title='bbox 2493 3310 2582 3349; x_wconf 90' lang='lat' dir='ltr'><strong>res</strong></span> <span class='ocrx_word' id='word_1_625' title='bbox 2602 3295 2757 3350; x_wconf 90' lang='lat' dir='ltr'><strong>illum</strong></span> <span class='ocrx_word' id='word_1_626' title='bbox 2781 3296 3011 3365; x_wconf 86' lang='lat' dir='ltr'><strong>perinde</strong></span> <span class='ocrx_word' id='word_1_627' title='bbox 3037 3297 3325 3363; x_wconf 87' lang='lat' dir='ltr'><strong>cruciabit,</strong></span> <span class='ocrx_word' id='word_1_628' title='bbox 3348 3312 3511 3366; x_wconf 88' lang='lat' dir='ltr'><strong>quam</strong></span> 
     </span>
    </p>
   </div>
   <div class='ocr_carea' id='block_1_81' title="bbox 1928 3381 3510 3457">
    <p class='ocr_par' dir='ltr' id='par_1_81' title="bbox 1928 3381 3510 3457">
     <span class='ocr_line' id='line_1_81' title="bbox 1928 3381 3510 3457; baseline 0.003 -22"><span class='ocrx_word' id='word_1_629' title='bbox 1928 3381 1976 3436; x_wconf 88' lang='lat' dir='ltr'><strong>si</strong></span> <span class='ocrx_word' id='word_1_630' title='bbox 2019 3381 2122 3435; x_wconf 88' lang='lat' dir='ltr'><strong>bos</strong></span> <span class='ocrx_word' id='word_1_631' title='bbox 2169 3381 2369 3435; x_wconf 88' lang='lat' dir='ltr'><strong>iterum</strong></span> <span class='ocrx_word' id='word_1_632' title='bbox 2419 3391 2726 3454; x_wconf 87' lang='lat' dir='ltr'><strong>pugnantes</strong></span> <span class='ocrx_word' id='word_1_633' title='bbox 2772 3385 3147 3456; x_wconf 84' lang='lat' dir='ltr'><strong>ferientesque</strong></span> <span class='ocrx_word' id='word_1_634' title='bbox 3186 3387 3510 3457; x_wconf 89' lang='lat' dir='ltr'><strong>conspiciat.</strong></span> 
     </span>
    </p>
   </div>
   <div class='ocr_carea' id='block_1_82' title="bbox 1929 3471 3511 3545">
    <p class='ocr_par' dir='ltr' id='par_1_82' title="bbox 1929 3471 3511 3545">
     <span class='ocr_line' id='line_1_82' title="bbox 1929 3471 3511 3545; baseline 0.001 -19"><span class='ocrx_word' id='word_1_635' title='bbox 1929 3471 2206 3541; x_wconf 89' lang='lat' dir='ltr'><strong>Benignus</strong></span> <span class='ocrx_word' id='word_1_636' title='bbox 2247 3480 2332 3526; x_wconf 90' lang='lat' dir='ltr'><strong>est</strong></span> <span class='ocrx_word' id='word_1_637' title='bbox 2378 3472 2665 3539; x_wconf 91' lang='lat' dir='ltr'><strong>Dominus,</strong></span> <span class='ocrx_word' id='word_1_638' title='bbox 2732 3475 3080 3545; x_wconf 87' lang='lat' dir='ltr'><strong>peccantium</strong></span> <span class='ocrx_word' id='word_1_639' title='bbox 3133 3477 3511 3545; x_wconf 71' lang='lat' dir='ltr'><strong>pmnitentiam</strong></span> 
     </span>
    </p>
   </div>
   <div class='ocr_carea' id='block_1_83' title="bbox 1930 3552 3509 3636">
    <p class='ocr_par' dir='ltr' id='par_1_83' title="bbox 1930 3552 3509 3636">
     <span class='ocr_line' id='line_1_83' title="bbox 1930 3552 3509 3636; baseline 0.001 -18"><span class='ocrx_word' id='word_1_640' title='bbox 1930 3561 2162 3632; x_wconf 86' lang='lat' dir='ltr'><strong>suscipit</strong></span> <span class='ocrx_word' id='word_1_641' title='bbox 2208 3581 2221 3617; x_wconf 89' lang='lat'><strong>:</strong></span> <span class='ocrx_word' id='word_1_642' title='bbox 2266 3562 2556 3619; x_wconf 90' lang='lat' dir='ltr'><strong>audiamus</strong></span> <span class='ocrx_word' id='word_1_643' title='bbox 2609 3579 2736 3619; x_wconf 89' lang='lat' dir='ltr'><strong>eum</strong></span> <span class='ocrx_word' id='word_1_644' title='bbox 2792 3552 3110 3636; x_wconf 82' lang='lat' dir='ltr'><strong>loquentem</strong></span> <span class='ocrx_word' id='word_1_645' title='bbox 3159 3566 3249 3621; x_wconf 85' lang='lat' dir='ltr'><strong>bis</strong></span> <span class='ocrx_word' id='word_1_646' title='bbox 3281 3567 3509 3621; x_wconf 88' lang='lat' dir='ltr'><strong>verbis:</strong></span> 
     </span>
    </p>
   </div>
   <div class='ocr_carea' id='block_1_84' title="bbox 1938 3652 3511 3731">
    <p class='ocr_par' dir='ltr' id='par_1_84' title="bbox 1938 3652 3511 3731">
     <span class='ocr_line' id='line_1_84' title="bbox 1938 3652 3511 3731; baseline 0.003 -28"><span class='ocrx_word' id='word_1_647' title='bbox 1938 3670 1957 3703; x_wconf 78' lang='grc' dir='ltr'><strong>ι</strong></span> <span class='ocrx_word' id='word_1_648' title='bbox 1980 3652 2115 3707; x_wconf 81' lang='lat' dir='ltr'><strong>Vivo</strong></span> <span class='ocrx_word' id='word_1_649' title='bbox 2142 3667 2264 3722; x_wconf 88' lang='lat' dir='ltr'><strong>ego,</strong></span> <span class='ocrx_word' id='word_1_650' title='bbox 2317 3653 2452 3707; x_wconf 90' lang='lat' dir='ltr'><strong>dicit</strong></span> <span class='ocrx_word' id='word_1_651' title='bbox 2485 3653 2773 3721; x_wconf 89' lang='lat' dir='ltr'><strong>Dominus,</strong></span> <span class='ocrx_word' id='word_1_652' title='bbox 2829 3656 2876 3709; x_wconf 92' lang='lat' dir='ltr'><strong>si</strong></span> <span class='ocrx_word' id='word_1_653' title='bbox 2901 3656 3091 3711; x_wconf 81' lang='lat' dir='ltr'><strong>volens</strong></span> <span class='ocrx_word' id='word_1_654' title='bbox 3118 3656 3242 3731; x_wconf 36' lang='lat' dir='ltr'><strong>violo</strong></span> <span class='ocrx_word' id='word_1_655' title='bbox 3280 3667 3511 3711; x_wconf 89' lang='lat' dir='ltr'><strong>mortem</strong></span> 
     </span>
    </p>
   </div>
   <div class='ocr_carea' id='block_1_85' title="bbox 1932 3745 3514 3817">
    <p class='ocr_par' dir='ltr' id='par_1_85' title="bbox 1932 3745 3514 3817">
     <span class='ocr_line' id='line_1_85' title="bbox 1932 3745 3514 3817; baseline 0.002 -19"><span class='ocrx_word' id='word_1_656' title='bbox 1932 3745 2235 3814; x_wconf 88' lang='lat' dir='ltr'><strong>peccatoris</strong></span> <span class='ocrx_word' id='word_1_657' title='bbox 2264 3785 2279 3810; x_wconf 92' lang='lat'><strong>,</strong></span> <span class='ocrx_word' id='word_1_658' title='bbox 2339 3745 2554 3817; x_wconf 66' lang='grc'><strong>1134</strong></span> <span class='ocrx_word' id='word_1_659' title='bbox 2616 3761 2681 3800; x_wconf 91' lang='lat' dir='ltr'><strong>ac</strong></span> <span class='ocrx_word' id='word_1_660' title='bbox 2707 3759 2817 3801; x_wconf 88' lang='lat' dir='ltr'><strong>non</strong></span> <span class='ocrx_word' id='word_1_661' title='bbox 2840 3747 3026 3817; x_wconf 88' lang='lat' dir='ltr'><strong>potius</strong></span> <span class='ocrx_word' id='word_1_662' title='bbox 3071 3756 3131 3802; x_wconf 91' lang='lat' dir='ltr'><strong>ut</strong></span> <span class='ocrx_word' id='word_1_663' title='bbox 3158 3754 3514 3802; x_wconf 91' lang='lat' dir='ltr'><strong>convertatur</strong></span> 
     </span>
    </p>
   </div>
   <div class='ocr_carea' id='block_1_86' title="bbox 1931 3838 3509 3912">
    <p class='ocr_par' dir='ltr' id='par_1_86' title="bbox 1931 3838 3509 3912">
     <span class='ocr_line' id='line_1_86' title="bbox 1931 3838 3509 3912; baseline 0.001 -20"><span class='ocrx_word' id='word_1_664' title='bbox 1931 3846 1988 3892; x_wconf 88' lang='lat' dir='ltr'><strong>et</strong></span> <span class='ocrx_word' id='word_1_665' title='bbox 2028 3839 2177 3893; x_wconf 85' lang='lat' dir='ltr'><strong>vivat</strong></span> <span class='ocrx_word' id='word_1_666' title='bbox 2194 3839 2257 3893; x_wconf 75' lang='lat'><strong>&quot;.</strong></span> <span class='ocrx_word' id='word_1_667' title='bbox 2288 3859 2306 3890; x_wconf 81' lang='grc' dir='ltr'><strong>ι</strong></span> <span class='ocrx_word' id='word_1_668' title='bbox 2348 3838 2562 3895; x_wconf 84' lang='lat' dir='ltr'><strong>Idcirco</strong></span> <span class='ocrx_word' id='word_1_669' title='bbox 2604 3842 2978 3912; x_wconf 85' lang='lat' dir='ltr'><strong>juramentum</strong></span> <span class='ocrx_word' id='word_1_670' title='bbox 3008 3842 3197 3897; x_wconf 89' lang='lat' dir='ltr'><strong>verbis</strong></span> <span class='ocrx_word' id='word_1_671' title='bbox 3222 3841 3509 3912; x_wconf 69' lang='lat' dir='ltr'><strong>praemisit.</strong></span> 
     </span>
    </p>
   </div>
   <div class='ocr_carea' id='block_1_87' title="bbox 1931 3929 3509 4005">
    <p class='ocr_par' dir='ltr' id='par_1_87' title="bbox 1931 3929 3509 4005">
     <span class='ocr_line' id='line_1_87' title="bbox 1931 3929 3509 4005; baseline 0.001 -20"><span class='ocrx_word' id='word_1_672' title='bbox 1931 3938 1989 3985; x_wconf 90' lang='lat' dir='ltr'><strong>et</strong></span> <span class='ocrx_word' id='word_1_673' title='bbox 2024 3929 2121 3999; x_wconf 85' lang='lat' dir='ltr'><strong>qui</strong></span> <span class='ocrx_word' id='word_1_674' title='bbox 2173 3930 2312 3985; x_wconf 90' lang='lat' dir='ltr'><strong>alios</strong></span> <span class='ocrx_word' id='word_1_675' title='bbox 2362 3933 2550 4002; x_wconf 89' lang='lat' dir='ltr'><strong>jurare</strong></span> <span class='ocrx_word' id='word_1_676' title='bbox 2605 3942 2773 3997; x_wconf 90' lang='lat' dir='ltr'><strong>vetat,</strong></span> <span class='ocrx_word' id='word_1_677' title='bbox 2833 3934 2950 4004; x_wconf 86' lang='lat' dir='ltr'><strong>ipse</strong></span> <span class='ocrx_word' id='word_1_678' title='bbox 2991 3933 3217 4005; x_wconf 72' lang='lat' dir='ltr'><strong>iuravit,</strong></span> <span class='ocrx_word' id='word_1_679' title='bbox 3252 3942 3314 3989; x_wconf 89' lang='lat' dir='ltr'><strong>ut</strong></span> <span class='ocrx_word' id='word_1_680' title='bbox 3349 3932 3509 3988; x_wconf 81' lang='lat' dir='ltr'><strong>ﬁdem</strong></span> 
     </span>
    </p>
   </div>
   <div class='ocr_carea' id='block_1_88' title="bbox 1931 4018 3509 4095">
    <p class='ocr_par' dir='ltr' id='par_1_88' title="bbox 1931 4018 3509 4095">
     <span class='ocr_line' id='line_1_88' title="bbox 1931 4018 3509 4095; baseline 0.003 -22"><span class='ocrx_word' id='word_1_681' title='bbox 1931 4018 2128 4086; x_wconf 71' lang='lat' dir='ltr'><strong>faciat,</strong></span> <span class='ocrx_word' id='word_1_682' title='bbox 2188 4035 2247 4075; x_wconf 89' lang='lat' dir='ltr'><strong>se</strong></span> <span class='ocrx_word' id='word_1_683' title='bbox 2282 4022 2661 4092; x_wconf 59' lang='lat' dir='ltr'><strong>penitentiam</strong></span> <span class='ocrx_word' id='word_1_684' title='bbox 2689 4024 3033 4094; x_wconf 88' lang='lat' dir='ltr'><strong>salutemque</strong></span> <span class='ocrx_word' id='word_1_685' title='bbox 3059 4031 3301 4080; x_wconf 87' lang='lat' dir='ltr'><strong>nostram</strong></span> <span class='ocrx_word' id='word_1_686' title='bbox 3343 4040 3509 4095; x_wconf 79' lang='lat' dir='ltr'><strong>expe—</strong></span> 
     </span>
    </p>
   </div>
   <div class='ocr_carea' id='block_1_89' title="bbox 1933 4114 3509 4181">
    <p class='ocr_par' dir='ltr' id='par_1_89' title="bbox 1933 4114 3509 4181">
     <span class='ocr_line' id='line_1_89' title="bbox 1933 4114 3509 4181; baseline 0 -13"><span class='ocrx_word' id='word_1_687' title='bbox 1933 4124 2074 4169; x_wconf 81' lang='lat' dir='ltr'><strong>tere.</strong></span> <span class='ocrx_word' id='word_1_688' title='bbox 2106 4114 2203 4171; x_wconf 83' lang='lat' dir='ltr'><strong>His</strong></span> <span class='ocrx_word' id='word_1_689' title='bbox 2225 4114 2415 4169; x_wconf 82' lang='lat' dir='ltr'><strong>referti</strong></span> <span class='ocrx_word' id='word_1_690' title='bbox 2442 4127 2572 4172; x_wconf 90' lang='lat' dir='ltr'><strong>sunt</strong></span> <span class='ocrx_word' id='word_1_691' title='bbox 2598 4115 2749 4170; x_wconf 86' lang='lat' dir='ltr'><strong>Libri</strong></span> <span class='ocrx_word' id='word_1_692' title='bbox 2771 4115 2965 4181; x_wconf 87' lang='lat' dir='ltr'><strong>divini,</strong></span> <span class='ocrx_word' id='word_1_693' title='bbox 2992 4124 3108 4173; x_wconf 86' lang='lat' dir='ltr'><strong>tum</strong></span> <span class='ocrx_word' id='word_1_694' title='bbox 3127 4124 3363 4181; x_wconf 84' lang='lat' dir='ltr'><strong>veteres,</strong></span> <span class='ocrx_word' id='word_1_695' title='bbox 3397 4125 3509 4169; x_wconf 90' lang='lat' dir='ltr'><strong>tum</strong></span> 
     </span>
    </p>
   </div>
   <div class='ocr_carea' id='block_1_90' title="bbox 1933 4205 3512 4278">
    <p class='ocr_par' dir='ltr' id='par_1_90' title="bbox 1933 4205 3512 4278">
     <span class='ocr_line' id='line_1_90' title="bbox 1933 4205 3512 4278; baseline 0 -17"><span class='ocrx_word' id='word_1_696' title='bbox 1933 4206 2065 4262; x_wconf 90' lang='lat' dir='ltr'><strong>novi</strong></span> <span class='ocrx_word' id='word_1_697' title='bbox 2123 4224 2137 4261; x_wconf 93' lang='lat'>:</span> <span class='ocrx_word' id='word_1_698' title='bbox 2190 4207 2308 4263; x_wconf 64' lang='lat' dir='ltr'><strong>haec</strong></span> <span class='ocrx_word' id='word_1_699' title='bbox 2337 4205 2452 4278; x_wconf 87' lang='lat' dir='ltr'><strong>ipsa</strong></span> <span class='ocrx_word' id='word_1_700' title='bbox 2474 4208 2641 4263; x_wconf 87' lang='lat' dir='ltr'><strong>etiam</strong></span> <span class='ocrx_word' id='word_1_701' title='bbox 2667 4216 2984 4264; x_wconf 85' lang='lat' dir='ltr'><strong>sanctorum</strong></span> <span class='ocrx_word' id='word_1_702' title='bbox 3006 4208 3231 4264; x_wconf 84' lang='lat' dir='ltr'><strong>Patrum</strong></span> <span class='ocrx_word' id='word_1_703' title='bbox 3267 4222 3512 4263; x_wconf 85' lang='lat' dir='ltr'><strong>canones</strong></span> 
     </span>
    </p>
   </div>
   <div class='ocr_carea' id='block_1_91' title="bbox 1935 4296 2156 4353">
    <p class='ocr_par' dir='ltr' id='par_1_91' title="bbox 1935 4296 2156 4353">
     <span class='ocr_line' id='line_1_91' title="bbox 1935 4296 2156 4353; baseline -0.005 -1"><span class='ocrx_word' id='word_1_704' title='bbox 1935 4296 2156 4353; x_wconf 86' lang='lat' dir='ltr'><strong>docent.</strong></span> 
     </span>
    </p>
   </div>
   <div class='ocr_carea' id='block_1_92' title="bbox 263 4383 3514 4462">
    <p class='ocr_par' dir='ltr' id='par_1_92' title="bbox 263 4383 3514 4462">
     <span class='ocr_line' id='line_1_92' title="bbox 263 4383 3514 4462; baseline 0.001 -23"><span class='ocrx_word' id='word_1_705' title='bbox 263 4386 479 4439; x_wconf 86' lang='grc' dir='ltr'>Τούτων</span> <span class='ocrx_word' id='word_1_706' title='bbox 514 4386 570 4438; x_wconf 83' lang='grc' dir='ltr'>αἱ</span> <span class='ocrx_word' id='word_1_707' title='bbox 607 4383 752 4439; x_wconf 84' lang='grc' dir='ltr'>θεῖαι</span> <span class='ocrx_word' id='word_1_708' title='bbox 778 4384 959 4439; x_wconf 84' lang='grc' dir='ltr'>Βίϐλοι</span> <span class='ocrx_word' id='word_1_709' title='bbox 990 4386 1205 4457; x_wconf 76' lang='grc' dir='ltr'>μεσταὶ,</span> <span class='ocrx_word' id='word_1_710' title='bbox 1229 4386 1325 4440; x_wconf 70' lang='grc' dir='ltr'>καὶ</span> <span class='ocrx_word' id='word_1_711' title='bbox 1364 4388 1420 4441; x_wconf 79' lang='lat' dir='ltr'><strong>al</strong></span> <span class='ocrx_word' id='word_1_712' title='bbox 1466 4386 1714 4454; x_wconf 70' lang='grc' dir='ltr'>παλαιαὶ,</span> <span class='ocrx_word' id='word_1_713' title='bbox 1745 4389 1840 4442; x_wconf 71' lang='grc' dir='ltr'>καὶ</span> <span class='ocrx_word' id='word_1_714' title='bbox 1874 4391 1933 4444; x_wconf 83' lang='grc' dir='ltr'><strong>αι</strong></span> <span class='ocrx_word' id='word_1_715' title='bbox 1967 4391 2175 4445; x_wconf 70' lang='grc' dir='ltr'>καιναί.</span> <span class='ocrx_word' id='word_1_716' title='bbox 2214 4390 2399 4445; x_wconf 85' lang='grc' dir='ltr'>Ταῦτα</span> <span class='ocrx_word' id='word_1_717' title='bbox 2425 4391 2518 4446; x_wconf 76' lang='grc' dir='ltr'>καὶ</span> <span class='ocrx_word' id='word_1_718' title='bbox 2542 4394 2593 4446; x_wconf 81' lang='grc' dir='ltr'>οἱ</span> <span class='ocrx_word' id='word_1_719' title='bbox 2651 4393 2876 4456; x_wconf 85' lang='grc' dir='ltr'>κανόνες</span> <span class='ocrx_word' id='word_1_720' title='bbox 2927 4390 3036 4445; x_wconf 89' lang='grc' dir='ltr'><strong>τῶν</strong></span> <span class='ocrx_word' id='word_1_721' title='bbox 3063 4390 3233 4460; x_wconf 81' lang='grc' dir='ltr'>ἁγίων</span> <span class='ocrx_word' id='word_1_722' title='bbox 3254 4390 3514 4462; x_wconf 75' lang='grc' dir='ltr'>Πατέρων</span> 
     </span>
    </p>
   </div>
   <div class='ocr_carea' id='block_1_93' title="bbox 263 4482 632 4536">
    <p class='ocr_par' dir='ltr' id='par_1_93' title="bbox 263 4482 632 4536">
     <span class='ocr_line' id='line_1_93' title="bbox 263 4482 632 4536; baseline -0.003 0"><span class='ocrx_word' id='word_1_723' title='bbox 263 4482 632 4536; x_wconf 79' lang='grc' dir='ltr'>διδάσκουσιν.</span> 
     </span>
    </p>
   </div>
   <div class='ocr_carea' id='block_1_94' title="bbox 348 4575 1821 4653">
    <p class='ocr_par' dir='ltr' id='par_1_94' title="bbox 348 4575 1815 4650">
     <span class='ocr_line' id='line_1_94' title="bbox 348 4575 1815 4650; baseline 0.002 -20"><span class='ocrx_word' id='word_1_724' title='bbox 348 4575 488 4646; x_wconf 85' lang='grc' dir='ltr'><strong>Ἐγὼ</strong></span> <span class='ocrx_word' id='word_1_725' title='bbox 520 4577 575 4629; x_wconf 74' lang='grc' dir='ltr'>δὲ</span> <span class='ocrx_word' id='word_1_726' title='bbox 616 4576 756 4631; x_wconf 78' lang='grc' dir='ltr'>αὐτὰ</span> <span class='ocrx_word' id='word_1_727' title='bbox 803 4576 902 4646; x_wconf 75' lang='grc' dir='ltr'>οὐχ</span> <span class='ocrx_word' id='word_1_728' title='bbox 958 4576 1033 4640; x_wconf 87' lang='grc' dir='ltr'>ὼς</span> <span class='ocrx_word' id='word_1_729' title='bbox 1070 4575 1353 4645; x_wconf 79' lang='grc' dir='ltr'>ἀγνοοῦσιν</span> <span class='ocrx_word' id='word_1_730' title='bbox 1392 4576 1519 4647; x_wconf 79' lang='grc' dir='ltr'>ὑμῖν</span> <span class='ocrx_word' id='word_1_731' title='bbox 1559 4576 1815 4650; x_wconf 81' lang='grc' dir='ltr'>γέγραφα</span> 
     </span>
    </p>
   </div>
   <div class='ocr_carea' id='block_1_95' title="bbox 1922 4575 3512 4653">
    <p class='ocr_par' dir='ltr' id='par_1_95' title="bbox 2013 4575 3512 4653">
     <span class='ocr_line' id='line_1_95' title="bbox 2013 4575 3512 4653; baseline 0.001 -18"><span class='ocrx_word' id='word_1_732' title='bbox 2013 4582 2126 4653; x_wconf 87' lang='lat' dir='ltr'><strong>Ego</strong></span> <span class='ocrx_word' id='word_1_733' title='bbox 2155 4596 2287 4635; x_wconf 91' lang='lat' dir='ltr'><strong>vero</strong></span> <span class='ocrx_word' id='word_1_734' title='bbox 2319 4581 2413 4636; x_wconf 89' lang='lat' dir='ltr'><strong>illa</strong></span> <span class='ocrx_word' id='word_1_735' title='bbox 2463 4597 2573 4636; x_wconf 88' lang='lat' dir='ltr'><strong>non</strong></span> <span class='ocrx_word' id='word_1_736' title='bbox 2604 4588 2665 4636; x_wconf 89' lang='lat' dir='ltr'><strong>ut</strong></span> <span class='ocrx_word' id='word_1_737' title='bbox 2687 4579 3070 4652; x_wconf 87' lang='lat' dir='ltr'><strong>ignorantibus</strong></span> <span class='ocrx_word' id='word_1_738' title='bbox 3110 4577 3269 4633; x_wconf 86' lang='lat' dir='ltr'><strong>vobis</strong></span> <span class='ocrx_word' id='word_1_739' title='bbox 3297 4575 3512 4645; x_wconf 75' lang='lat' dir='ltr'><strong>scripsi.</strong></span> 
     </span>
    </p>
   </div>
   <div class='ocr_carea' id='block_1_96' title="bbox 264 4662 1840 4741">
    <p class='ocr_par' dir='ltr' id='par_1_96' title="bbox 264 4662 1840 4741">
     <span class='ocr_line' id='line_1_96' title="bbox 264 4662 1840 4741; baseline 0.002 -18"><span class='ocrx_word' id='word_1_740' title='bbox 264 4670 381 4724; x_wconf 78' lang='grc' dir='ltr'>ἀλλ’</span> <span class='ocrx_word' id='word_1_741' title='bbox 412 4669 487 4732; x_wconf 85' lang='grc' dir='ltr'>ὡς</span> <span class='ocrx_word' id='word_1_742' title='bbox 509 4669 713 4733; x_wconf 82' lang='grc' dir='ltr'>εἰδότας</span> <span class='ocrx_word' id='word_1_743' title='bbox 746 4662 1047 4740; x_wconf 70' lang='grc' dir='ltr'>άνέμνησαο</span> <span class='ocrx_word' id='word_1_744' title='bbox 1082 4670 1177 4722; x_wconf 77' lang='grc' dir='ltr'>καὶ</span> <span class='ocrx_word' id='word_1_745' title='bbox 1205 4670 1568 4741; x_wconf 79' lang='grc' dir='ltr'>ἐμιμησάμην</span> <span class='ocrx_word' id='word_1_746' title='bbox 1596 4673 1725 4735; x_wconf 81' lang='grc' dir='ltr'>τοὺς</span> <span class='ocrx_word' id='word_1_747' title='bbox 1747 4673 1840 4726; x_wconf 76' lang='grc' dir='ltr'>ἐπὶ</span> 
     </span>
    </p>
   </div>
   <div class='ocr_carea' id='block_1_97' title="bbox 263 4758 1839 4832">
    <p class='ocr_par' dir='ltr' id='par_1_97' title="bbox 263 4758 1839 4832">
     <span class='ocr_line' id='line_1_97' title="bbox 263 4758 1839 4832; baseline 0.001 -18"><span class='ocrx_word' id='word_1_748' title='bbox 263 4763 361 4832; x_wconf 80' lang='grc' dir='ltr'>τῆς</span> <span class='ocrx_word' id='word_1_749' title='bbox 391 4762 494 4829; x_wconf 82' lang='grc' dir='ltr'>γῆς</span> <span class='ocrx_word' id='word_1_750' title='bbox 520 4758 779 4823; x_wconf 79' lang='grc' dir='ltr'>ἑστῶτας,</span> <span class='ocrx_word' id='word_1_751' title='bbox 811 4760 904 4814; x_wconf 71' lang='grc' dir='ltr'><strong>καὶ</strong></span> <span class='ocrx_word' id='word_1_752' title='bbox 950 4762 1063 4824; x_wconf 89' lang='grc' dir='ltr'>τοῖς</span> <span class='ocrx_word' id='word_1_753' title='bbox 1104 4758 1584 4831; x_wconf 77' lang='grc' dir='ltr'>κλυδωνιζομένοις</span> <span class='ocrx_word' id='word_1_754' title='bbox 1617 4764 1839 4816; x_wconf 72' lang='grc' dir='ltr'>ἐπικου-</span> 
     </span>
    </p>
   </div>
   <div class='ocr_carea' id='block_1_98' title="bbox 269 4852 1839 4925">
    <p class='ocr_par' dir='ltr' id='par_1_98' title="bbox 269 4852 1839 4925">
     <span class='ocr_line' id='line_1_98' title="bbox 269 4852 1839 4925; baseline 0.003 -21"><span class='ocrx_word' id='word_1_755' title='bbox 269 4853 518 4923; x_wconf 83' lang='grc' dir='ltr'>ροῦντας,</span> <span class='ocrx_word' id='word_1_756' title='bbox 563 4853 658 4906; x_wconf 71' lang='grc' dir='ltr'>καὶ</span> <span class='ocrx_word' id='word_1_757' title='bbox 708 4852 743 4924; x_wconf 80' lang='grc' dir='ltr'>ἢ</span> <span class='ocrx_word' id='word_1_758' title='bbox 792 4852 1055 4922; x_wconf 85' lang='grc' dir='ltr'>πρόϐολον</span> <span class='ocrx_word' id='word_1_759' title='bbox 1097 4852 1526 4916; x_wconf 73' lang='grc' dir='ltr'>ἐπιδεικνύντας,</span> <span class='ocrx_word' id='word_1_760' title='bbox 1562 4854 1597 4925; x_wconf 75' lang='grc' dir='ltr'><strong>ἢ</strong></span> <span class='ocrx_word' id='word_1_761' title='bbox 1639 4854 1839 4925; x_wconf 83' lang='grc' dir='ltr'>βράχος</span> 
     </span>
    </p>
   </div>
   <div class='ocr_carea' id='block_1_99' title="bbox 265 4944 1840 5017">
    <p class='ocr_par' dir='ltr' id='par_1_99' title="bbox 265 4944 1840 5017">
     <span class='ocr_line' id='line_1_99' title="bbox 265 4944 1840 5017; baseline 0.001 -19"><span class='ocrx_word' id='word_1_762' title='bbox 265 4946 652 5017; x_wconf 81' lang='grc' dir='ltr'>κεκρυμμένον</span> <span class='ocrx_word' id='word_1_763' title='bbox 696 4944 1022 5016; x_wconf 88' lang='grc' dir='ltr'>μηνύοντας,</span> <span class='ocrx_word' id='word_1_764' title='bbox 1057 4944 1090 5015; x_wconf 84' lang='grc' dir='ltr'>ἦ</span> <span class='ocrx_word' id='word_1_765' title='bbox 1133 4948 1340 5015; x_wconf 89' lang='grc' dir='ltr'>σχοῖνον</span> <span class='ocrx_word' id='word_1_766' title='bbox 1375 4946 1696 5017; x_wconf 81' lang='grc' dir='ltr'>δεχομένους</span> <span class='ocrx_word' id='word_1_767' title='bbox 1747 4948 1840 5000; x_wconf 78' lang='grc' dir='ltr'>καὶ</span> 
     </span>
    </p>
   </div>
   <div class='ocr_carea' id='block_1_100' title="bbox 264 5035 1837 5108">
    <p class='ocr_par' dir='ltr' id='par_1_100' title="bbox 264 5035 1837 5108">
     <span class='ocr_line' id='line_1_100' title="bbox 264 5035 1837 5108; baseline 0.001 -19"><span class='ocrx_word' id='word_1_768' title='bbox 264 5036 544 5098; x_wconf 69' lang='grc' dir='ltr'>ἕλκοντας.</span> <span class='ocrx_word' id='word_1_769' title='bbox 583 5037 643 5089; x_wconf 87' lang='lat'><strong>&#39;0</strong></span> <span class='ocrx_word' id='word_1_770' title='bbox 676 5036 733 5089; x_wconf 75' lang='grc' dir='ltr'>δὲ</span> <span class='ocrx_word' id='word_1_771' title='bbox 755 5035 886 5099; x_wconf 79' lang='grc' dir='ltr'>Θεὸς</span> <span class='ocrx_word' id='word_1_772' title='bbox 913 5036 1013 5108; x_wconf 87' lang='grc' dir='ltr'>τῆς</span> <span class='ocrx_word' id='word_1_773' title='bbox 1045 5036 1271 5108; x_wconf 74' lang='grc' dir='ltr'>εἰρήνης</span> <span class='ocrx_word' id='word_1_774' title='bbox 1308 5036 1588 5106; x_wconf 81' lang='grc' dir='ltr'>συντρίψει</span> <span class='ocrx_word' id='word_1_775' title='bbox 1616 5038 1707 5090; x_wconf 83' lang='grc' dir='ltr'>τὸν</span> <span class='ocrx_word' id='word_1_776' title='bbox 1731 5038 1837 5090; x_wconf 80' lang='grc' dir='ltr'><strong>Σα-</strong></span> 
     </span>
    </p>
   </div>
   <div class='ocr_carea' id='block_1_101' title="bbox 264 5124 1842 5204">
    <p class='ocr_par' dir='ltr' id='par_1_101' title="bbox 264 5124 1842 5204">
     <span class='ocr_line' id='line_1_101' title="bbox 264 5124 1842 5204; baseline 0.001 -25"><span class='ocrx_word' id='word_1_777' title='bbox 264 5127 435 5180; x_wconf 75' lang='grc' dir='ltr'>τανᾶν</span> <span class='ocrx_word' id='word_1_778' title='bbox 469 5124 574 5179; x_wconf 75' lang='grc' dir='ltr'><strong>ὑπὸ</strong></span> <span class='ocrx_word' id='word_1_779' title='bbox 600 5126 726 5204; x_wconf 75' lang='grc' dir='ltr'>τοὺς</span> <span class='ocrx_word' id='word_1_780' title='bbox 755 5125 922 5189; x_wconf 86' lang='grc' dir='ltr'>πόδας</span> <span class='ocrx_word' id='word_1_781' title='bbox 972 5125 1124 5197; x_wconf 87' lang='grc' dir='ltr'>ὑμῶν</span> <span class='ocrx_word' id='word_1_782' title='bbox 1166 5128 1224 5180; x_wconf 84' lang='grc' dir='ltr'>ὲν</span> <span class='ocrx_word' id='word_1_783' title='bbox 1251 5126 1427 5197; x_wconf 76' lang='grc' dir='ltr'>τάχει,</span> <span class='ocrx_word' id='word_1_784' title='bbox 1459 5129 1554 5181; x_wconf 75' lang='grc' dir='ltr'>καὶ</span> <span class='ocrx_word' id='word_1_785' title='bbox 1582 5126 1842 5200; x_wconf 77' lang='grc' dir='ltr'>εὐφρανεῖ</span> 
     </span>
    </p>
   </div>
   <div class='ocr_carea' id='block_1_102' title="bbox 264 5215 1836 5292">
    <p class='ocr_par' dir='ltr' id='par_1_102' title="bbox 264 5215 1836 5292">
     <span class='ocr_line' id='line_1_102' title="bbox 264 5215 1836 5292; baseline 0.001 -21"><span class='ocrx_word' id='word_1_786' title='bbox 264 5215 365 5281; x_wconf 71' lang='grc' dir='ltr'><strong>τὰς</strong></span> <span class='ocrx_word' id='word_1_787' title='bbox 414 5216 692 5287; x_wconf 77' lang='grc' dir='ltr'>ἡμετέρας</span> <span class='ocrx_word' id='word_1_788' title='bbox 741 5215 909 5280; x_wconf 76' lang='grc' dir='ltr'>ἀκοὰς</span> <span class='ocrx_word' id='word_1_789' title='bbox 940 5219 1007 5287; x_wconf 77' lang='grc' dir='ltr'>τῇ</span> <span class='ocrx_word' id='word_1_790' title='bbox 1038 5216 1281 5289; x_wconf 60' lang='grc' dir='ltr'>ὑμετέρᾳ.</span> <span class='ocrx_word' id='word_1_791' title='bbox 1305 5218 1534 5291; x_wconf 79' lang='grc' dir='ltr'>γαλήνῃ,</span> <span class='ocrx_word' id='word_1_792' title='bbox 1566 5218 1734 5272; x_wconf 75' lang='grc' dir='ltr'>εἰπὼν</span> <span class='ocrx_word' id='word_1_793' title='bbox 1768 5222 1836 5292; x_wconf 81' lang='grc' dir='ltr'>τῇ</span> 
     </span>
    </p>
   </div>
   <div class='ocr_carea' id='block_1_103' title="bbox 340 5370 1714 5439">
    <p class='ocr_par' dir='ltr' id='par_1_103' title="bbox 340 5370 1714 5439">
     <span class='ocr_line' id='line_1_103' title="bbox 340 5370 1714 5439; baseline 0.001 -11"><span class='ocrx_word' id='word_1_794' title='bbox 340 5371 387 5405; x_wconf 78' lang='grc'>⁸⁸</span> <span class='ocrx_word' id='word_1_795' title='bbox 408 5372 611 5428; x_wconf 78' lang='lat' dir='ltr'><strong>Ezech.</strong></span> <span class='ocrx_word' id='word_1_796' title='bbox 633 5387 817 5436; x_wconf 76' lang='lat' dir='ltr'><strong>xxxiv,</strong></span> <span class='ocrx_word' id='word_1_797' title='bbox 848 5370 903 5436; x_wconf 79' lang='lat'><strong>&#39;5,</strong></span> <span class='ocrx_word' id='word_1_798' title='bbox 940 5372 1025 5426; x_wconf 83' lang='grc' dir='ltr'><strong>ΓΙ.</strong></span> <span class='ocrx_word' id='word_1_799' title='bbox 1105 5372 1150 5405; x_wconf 82' lang='grc'>⁸⁷</span> <span class='ocrx_word' id='word_1_800' title='bbox 1180 5373 1380 5429; x_wconf 83' lang='lat' dir='ltr'><strong>Ezeeb.</strong></span> <span class='ocrx_word' id='word_1_801' title='bbox 1409 5391 1486 5439; x_wconf 83' lang='grc' dir='ltr'>ιιι,</span> <span class='ocrx_word' id='word_1_802' title='bbox 1512 5374 1600 5439; x_wconf 79' lang='lat' dir='ltr'><strong>i7,</strong></span> <span class='ocrx_word' id='word_1_803' title='bbox 1629 5375 1714 5430; x_wconf 77' lang='grc'><strong>18.</strong></span> 
     </span>
    </p>
   </div>
   <div class='ocr_carea' id='block_1_104' title="bbox 1828 5375 2278 5445">
    <p class='ocr_par' dir='ltr' id='par_1_104' title="bbox 1828 5375 2278 5445">
     <span class='ocr_line' id='line_1_104' title="bbox 1828 5375 2278 5445; baseline 0.004 -13"><span class='ocrx_word' id='word_1_804' title='bbox 1828 5377 1871 5409; x_wconf 81' lang='grc'><strong>⁸⁸</strong></span> <span class='ocrx_word' id='word_1_805' title='bbox 1894 5375 2028 5433; x_wconf 89' lang='lat' dir='ltr'><strong>Luc.</strong></span> <span class='ocrx_word' id='word_1_806' title='bbox 2052 5394 2164 5445; x_wconf 71' lang='lat' dir='ltr'><strong>xxx,</strong></span> <span class='ocrx_word' id='word_1_807' title='bbox 2189 5380 2278 5436; x_wconf 69' lang='grc' dir='ltr'>Ξῖ).</span> 
     </span>
    </p>
   </div>
   <div class='ocr_carea' id='block_1_105' title="bbox 1937 4669 3513 4744">
    <p class='ocr_par' dir='ltr' id='par_1_105' title="bbox 1937 4669 3513 4744">
     <span class='ocr_line' id='line_1_105' title="bbox 1937 4669 3513 4744; baseline -0.004 -16"><span class='ocrx_word' id='word_1_808' title='bbox 1937 4673 2035 4728; x_wconf 89' lang='lat' dir='ltr'><strong>sed</strong></span> <span class='ocrx_word' id='word_1_809' title='bbox 2069 4681 2131 4727; x_wconf 93' lang='lat' dir='ltr'><strong>ut</strong></span> <span class='ocrx_word' id='word_1_810' title='bbox 2162 4673 2469 4729; x_wconf 85' lang='lat' dir='ltr'><strong>scientibus</strong></span> <span class='ocrx_word' id='word_1_811' title='bbox 2507 4674 2774 4744; x_wconf 83' lang='lat' dir='ltr'><strong>suggessi.</strong></span> <span class='ocrx_word' id='word_1_812' title='bbox 2834 4673 3194 4742; x_wconf 85' lang='lat' dir='ltr'><strong>lmitatusque</strong></span> <span class='ocrx_word' id='word_1_813' title='bbox 3223 4669 3362 4725; x_wconf 84' lang='lat' dir='ltr'><strong>adeo</strong></span> <span class='ocrx_word' id='word_1_814' title='bbox 3394 4684 3513 4723; x_wconf 90' lang='lat' dir='ltr'><strong>sum</strong></span> 
     </span>
    </p>
   </div>
   <div class='ocr_carea' id='block_1_106' title="bbox 1937 4765 3516 4834">
    <p class='ocr_par' dir='ltr' id='par_1_106' title="bbox 1937 4765 3516 4834">
     <span class='ocr_line' id='line_1_106' title="bbox 1937 4765 3516 4834; baseline -0.003 -15"><span class='ocrx_word' id='word_1_815' title='bbox 1937 4765 2083 4829; x_wconf 92' lang='lat' dir='ltr'><strong>illos,</strong></span> <span class='ocrx_word' id='word_1_816' title='bbox 2138 4765 2234 4834; x_wconf 85' lang='lat' dir='ltr'><strong>qui</strong></span> <span class='ocrx_word' id='word_1_817' title='bbox 2284 4765 2340 4820; x_wconf 90' lang='lat' dir='ltr'><strong>in</strong></span> <span class='ocrx_word' id='word_1_818' title='bbox 2392 4774 2537 4819; x_wconf 88' lang='lat' dir='ltr'><strong>terra</strong></span> <span class='ocrx_word' id='word_1_819' title='bbox 2569 4767 2904 4829; x_wconf 86' lang='lat' dir='ltr'><strong>consistunt,</strong></span> <span class='ocrx_word' id='word_1_820' title='bbox 2939 4773 2997 4819; x_wconf 90' lang='lat' dir='ltr'><strong>et</strong></span> <span class='ocrx_word' id='word_1_821' title='bbox 3040 4779 3164 4819; x_wconf 93' lang='lat' dir='ltr'><strong>cum</strong></span> <span class='ocrx_word' id='word_1_822' title='bbox 3194 4768 3516 4832; x_wconf 86' lang='lat' dir='ltr'><strong>tempestate</strong></span> 
     </span>
    </p>
   </div>
   <div class='ocr_carea' id='block_1_107' title="bbox 1936 4851 3518 4926">
    <p class='ocr_par' dir='ltr' id='par_1_107' title="bbox 1936 4851 3518 4926">
     <span class='ocr_line' id='line_1_107' title="bbox 1936 4851 3518 4926; baseline -0.004 -15"><span class='ocrx_word' id='word_1_823' title='bbox 1936 4856 2382 4912; x_wconf 82' lang='lat' dir='ltr'><strong>conﬂictantibus</strong></span> <span class='ocrx_word' id='word_1_824' title='bbox 2401 4871 2562 4926; x_wconf 90' lang='lat' dir='ltr'><strong>opem</strong></span> <span class='ocrx_word' id='word_1_825' title='bbox 2586 4856 2788 4919; x_wconf 79' lang='lat' dir='ltr'><strong>ferunt,</strong></span> <span class='ocrx_word' id='word_1_826' title='bbox 2806 4866 2901 4911; x_wconf 90' lang='lat' dir='ltr'><strong>aut</strong></span> <span class='ocrx_word' id='word_1_827' title='bbox 2923 4854 3209 4924; x_wconf 88' lang='lat' dir='ltr'><strong>scopulum</strong></span> <span class='ocrx_word' id='word_1_828' title='bbox 3226 4851 3518 4908; x_wconf 87' lang='lat' dir='ltr'><strong>ostenden-</strong></span> 
     </span>
    </p>
   </div>
   <div class='ocr_carea' id='block_1_108' title="bbox 1939 4945 3510 5023">
    <p class='ocr_par' dir='ltr' id='par_1_108' title="bbox 1939 4945 3510 5023">
     <span class='ocr_line' id='line_1_108' title="bbox 1939 4945 3510 5023; baseline -0.004 -22"><span class='ocrx_word' id='word_1_829' title='bbox 1939 4955 2051 5009; x_wconf 88' lang='lat' dir='ltr'><strong>tes,</strong></span> <span class='ocrx_word' id='word_1_830' title='bbox 2099 4953 2194 5000; x_wconf 90' lang='lat' dir='ltr'><strong>aut</strong></span> <span class='ocrx_word' id='word_1_831' title='bbox 2237 4945 2428 5001; x_wconf 80' lang='lat' dir='ltr'><strong>brevia</strong></span> <span class='ocrx_word' id='word_1_832' title='bbox 2454 4946 2678 5000; x_wconf 88' lang='lat' dir='ltr'><strong>latentia</strong></span> <span class='ocrx_word' id='word_1_833' title='bbox 2724 4945 3063 5023; x_wconf 78' lang='lat' dir='ltr'><strong>indicantes,</strong></span> <span class='ocrx_word' id='word_1_834' title='bbox 3085 4952 3181 4999; x_wconf 85' lang='lat' dir='ltr'><strong>aut</strong></span> <span class='ocrx_word' id='word_1_835' title='bbox 3229 4950 3510 5012; x_wconf 89' lang='lat' dir='ltr'><strong>arreptum</strong></span> 
     </span>
    </p>
   </div>
   <div class='ocr_carea' id='block_1_109' title="bbox 1936 5031 3515 5107">
    <p class='ocr_par' dir='ltr' id='par_1_109' title="bbox 1936 5031 3515 5107">
     <span class='ocr_line' id='line_1_109' title="bbox 1936 5031 3515 5107; baseline -0.003 -17"><span class='ocrx_word' id='word_1_836' title='bbox 1936 5036 2121 5091; x_wconf 78' lang='lat' dir='ltr'><strong>funem</strong></span> <span class='ocrx_word' id='word_1_837' title='bbox 2162 5037 2522 5094; x_wconf 84' lang='lat' dir='ltr'><strong>attrahentes.</strong></span> <span class='ocrx_word' id='word_1_838' title='bbox 2573 5038 2719 5094; x_wconf 90' lang='lat' dir='ltr'><strong>Deus</strong></span> <span class='ocrx_word' id='word_1_839' title='bbox 2738 5055 2870 5094; x_wconf 89' lang='lat' dir='ltr'><strong>vero</strong></span> <span class='ocrx_word' id='word_1_840' title='bbox 2908 5037 3061 5107; x_wconf 90' lang='lat' dir='ltr'><strong>pacis</strong></span> <span class='ocrx_word' id='word_1_841' title='bbox 3083 5042 3331 5091; x_wconf 88' lang='lat' dir='ltr'><strong>conterat</strong></span> <span class='ocrx_word' id='word_1_842' title='bbox 3359 5031 3515 5087; x_wconf 84' lang='lat' dir='ltr'><strong>brevi</strong></span> 
     </span>
    </p>
   </div>
   <div class='ocr_carea' id='block_1_110' title="bbox 1938 5126 3518 5201">
    <p class='ocr_par' dir='ltr' id='par_1_110' title="bbox 1938 5126 3518 5201">
     <span class='ocr_line' id='line_1_110' title="bbox 1938 5126 3518 5201; baseline -0.005 -17"><span class='ocrx_word' id='word_1_843' title='bbox 1938 5128 2194 5185; x_wconf 86' lang='lat' dir='ltr'><strong>Satanam</strong></span> <span class='ocrx_word' id='word_1_844' title='bbox 2238 5131 2343 5187; x_wconf 88' lang='lat' dir='ltr'><strong>sub</strong></span> <span class='ocrx_word' id='word_1_845' title='bbox 2366 5131 2597 5201; x_wconf 86' lang='lat' dir='ltr'><strong>pedibus</strong></span> <span class='ocrx_word' id='word_1_846' title='bbox 2621 5130 2819 5186; x_wconf 89' lang='lat' dir='ltr'><strong>vestris</strong></span> <span class='ocrx_word' id='word_1_847' title='bbox 2837 5131 2914 5193; x_wconf 81' lang='lat'><strong>&quot;,</strong></span> <span class='ocrx_word' id='word_1_848' title='bbox 2966 5138 3022 5183; x_wconf 92' lang='lat' dir='ltr'><strong>et</strong></span> <span class='ocrx_word' id='word_1_849' title='bbox 3062 5126 3329 5182; x_wconf 86' lang='lat' dir='ltr'><strong>exbilaret</strong></span> <span class='ocrx_word' id='word_1_850' title='bbox 3356 5139 3518 5177; x_wconf 81' lang='lat' dir='ltr'><strong>aures</strong></span> 
     </span>
    </p>
   </div>
   <div class='ocr_carea' id='block_1_111' title="bbox 1936 5215 3514 5296">
    <p class='ocr_par' dir='ltr' id='par_1_111' title="bbox 1936 5215 3514 5296">
     <span class='ocr_line' id='line_1_111' title="bbox 1936 5215 3514 5296; baseline -0.006 -20"><span class='ocrx_word' id='word_1_851' title='bbox 1936 5230 2154 5278; x_wconf 89' lang='lat' dir='ltr'><strong>nostras</strong></span> <span class='ocrx_word' id='word_1_852' title='bbox 2178 5222 2576 5296; x_wconf 86' lang='lat' dir='ltr'><strong>tranquillitate</strong></span> <span class='ocrx_word' id='word_1_853' title='bbox 2602 5229 2807 5287; x_wconf 84' lang='lat' dir='ltr'><strong>vestra,</strong></span> <span class='ocrx_word' id='word_1_854' title='bbox 2825 5220 3033 5276; x_wconf 82' lang='lat' dir='ltr'><strong>furenti</strong></span> <span class='ocrx_word' id='word_1_855' title='bbox 3052 5220 3332 5289; x_wconf 89' lang='lat' dir='ltr'><strong>imperans</strong></span> <span class='ocrx_word' id='word_1_856' title='bbox 3349 5215 3514 5269; x_wconf 89' lang='lat' dir='ltr'><strong>mari:</strong></span> 
     </span>
    </p>
   </div>
   <div class='ocr_carea' id='block_1_112' title="bbox 2391 5371 3519 5446">
    <p class='ocr_par' dir='ltr' id='par_1_112' title="bbox 2391 5371 3519 5446">
     <span class='ocr_line' id='line_1_112' title="bbox 2391 5371 3519 5446; baseline -0.007 -12"><span class='ocrx_word' id='word_1_857' title='bbox 2391 5380 2434 5411; x_wconf 80' lang='lat'><strong>&quot;</strong></span> <span class='ocrx_word' id='word_1_858' title='bbox 2483 5379 2690 5435; x_wconf 87' lang='lat' dir='ltr'><strong>Thren.</strong></span> <span class='ocrx_word' id='word_1_859' title='bbox 2719 5394 2797 5446; x_wconf 86' lang='grc' dir='ltr'>ιιι,</span> <span class='ocrx_word' id='word_1_860' title='bbox 2826 5379 2914 5434; x_wconf 76' lang='lat'><strong>25.</strong></span> <span class='ocrx_word' id='word_1_861' title='bbox 3027 5377 3072 5410; x_wconf 79' lang='grc' dir='ltr'><strong><em>⁸ο</em></strong></span> <span class='ocrx_word' id='word_1_862' title='bbox 3099 5376 3143 5432; x_wconf 90' lang='lat' dir='ltr'><strong>ll</strong></span> <span class='ocrx_word' id='word_1_863' title='bbox 3166 5375 3293 5434; x_wconf 88' lang='lat' dir='ltr'><strong>Cor.</strong></span> <span class='ocrx_word' id='word_1_864' title='bbox 3330 5389 3426 5440; x_wconf 78' lang='lat' dir='ltr'><strong>xu,</strong></span> <span class='ocrx_word' id='word_1_865' title='bbox 3465 5371 3519 5427; x_wconf 89' lang='lat'><strong>9.</strong></span> 
     </span>
    </p>
   </div>
   <div class='ocr_carea' id='block_1_113' title="bbox 265 5441 1821 5513">
    <p class='ocr_par' dir='ltr' id='par_1_113' title="bbox 265 5441 1821 5511">
     <span class='ocr_line' id='line_1_113' title="bbox 265 5441 1821 5511; baseline 0.003 -14"><span class='ocrx_word' id='word_1_866' title='bbox 265 5442 307 5476; x_wconf 80' lang='lat'>&quot;</span> <span class='ocrx_word' id='word_1_867' title='bbox 345 5443 364 5497; x_wconf 92' lang='lat' dir='ltr'><strong>l</strong></span> <span class='ocrx_word' id='word_1_868' title='bbox 395 5444 589 5498; x_wconf 86' lang='lat' dir='ltr'><strong>Thess.</strong></span> <span class='ocrx_word' id='word_1_869' title='bbox 623 5458 677 5509; x_wconf 93' lang='lat' dir='ltr'><strong>v,</strong></span> <span class='ocrx_word' id='word_1_870' title='bbox 715 5442 801 5495; x_wconf 70' lang='grc'><strong>14.</strong></span> <span class='ocrx_word' id='word_1_871' title='bbox 877 5441 922 5473; x_wconf 81' lang='grc'><strong><em>⁸⁸</em></strong></span> <span class='ocrx_word' id='word_1_872' title='bbox 954 5442 1158 5497; x_wconf 83' lang='lat' dir='ltr'><strong>Ezech.</strong></span> <span class='ocrx_word' id='word_1_873' title='bbox 1186 5459 1369 5511; x_wconf 65' lang='grc' dir='ltr'>χχχιιι,</span> <span class='ocrx_word' id='word_1_874' title='bbox 1410 5444 1498 5499; x_wconf 77' lang='lat' dir='ltr'><strong>ll.</strong></span> <span class='ocrx_word' id='word_1_875' title='bbox 1575 5446 1622 5479; x_wconf 76' lang='lat'><strong>“</strong></span> <span class='ocrx_word' id='word_1_876' title='bbox 1664 5447 1821 5501; x_wconf 83' lang='lat' dir='ltr'><strong>Rom.</strong></span> 
     </span>
    </p>
   </div>
   <div class='ocr_carea' id='block_1_114' title="bbox 1922 5441 2086 5513">
    <p class='ocr_par' dir='ltr' id='par_1_114' title="bbox 1922 5448 2086 5513">
     <span class='ocr_line' id='line_1_114' title="bbox 1922 5448 2086 5513; baseline -0.006 -11"><span class='ocrx_word' id='word_1_877' title='bbox 1922 5463 1963 5513; x_wconf 85' lang='grc' dir='ltr'><strong>ι,</strong></span> <span class='ocrx_word' id='word_1_878' title='bbox 1998 5448 2086 5503; x_wconf 75' lang='lat'><strong>20.</strong></span> 
     </span>
    </p>
   </div>
   <div class='ocr_carea' id='block_1_115' title="bbox 345 5668 990 5741">
    <p class='ocr_par' dir='ltr' id='par_1_115' title="bbox 345 5668 990 5741">
     <span class='ocr_line' id='line_1_115' title="bbox 345 5668 990 5741; baseline -0.012 -14"><span class='ocrx_word' id='word_1_879' title='bbox 345 5668 454 5741; x_wconf 63' lang='grc' dir='ltr'><strong>ιω)</strong></span> <span class='ocrx_word' id='word_1_880' title='bbox 487 5670 789 5736; x_wconf 70' lang='grc' dir='ltr'>ἁκούσομεν</span> <span class='ocrx_word' id='word_1_881' title='bbox 822 5668 990 5736; x_wconf 75' lang='lat' dir='ltr'><strong>Neap.</strong></span> 
     </span>
    </p>
   </div>
   <div class='ocr_carea' id='block_1_116' title="bbox 343 5595 2048 5738">
    <p class='ocr_par' dir='ltr' id='par_1_116' title="bbox 343 5595 2048 5738">
     <span class='ocr_line' id='line_1_116' title="bbox 343 5595 2048 5738; baseline 0.002 -84"><span class='ocrx_word' id='word_1_882' title='bbox 343 5599 454 5738; x_wconf 51' lang='lat'><strong>(63;</strong></span> <span class='ocrx_word' id='word_1_883' title='bbox 487 5599 581 5655; x_wconf 84' lang='lat' dir='ltr'><strong>Sic.</strong></span> <span class='ocrx_word' id='word_1_884' title='bbox 604 5615 635 5654; x_wconf 89' lang='lat' dir='ltr'><strong>e</strong></span> <span class='ocrx_word' id='word_1_885' title='bbox 658 5597 930 5667; x_wconf 84' lang='lat' dir='ltr'><strong>Neapolit.</strong></span> <span class='ocrx_word' id='word_1_886' title='bbox 956 5597 1194 5668; x_wconf 88' lang='lat' dir='ltr'><strong>reposui.</strong></span> <span class='ocrx_word' id='word_1_887' title='bbox 1223 5595 1546 5655; x_wconf 88' lang='lat' dir='ltr'><strong>Sirmondus</strong></span> <span class='ocrx_word' id='word_1_888' title='bbox 1572 5600 1699 5655; x_wconf 86' lang='lat' dir='ltr'><strong>hab.</strong></span> <span class='ocrx_word' id='word_1_889' title='bbox 1731 5602 2048 5671; x_wconf 70' lang='grc' dir='ltr'>ἐπιμέλειαν</span> 
     </span>
     <span class='ocr_line' id='line_1_117' title="bbox 345 5668 990 5738; baseline -0.012 -11"><span class='ocrx_word' id='word_1_890' title='bbox 345 5672 432 5738; x_wconf 63' lang='grc' dir='ltr'>ιω</span> <span class='ocrx_word' id='word_1_891' title='bbox 487 5670 789 5736; x_wconf 70' lang='grc' dir='ltr'>ἁκούσομεν</span> <span class='ocrx_word' id='word_1_892' title='bbox 822 5668 990 5736; x_wconf 75' lang='lat' dir='ltr'><strong>Neap.</strong></span> 
     </span>
    </p>
   </div>
  </div>
