3924 6192
493 215 633 280 1255

1491 210 1977 271 THEODORETI
2016 207 2353 269 EPISCOPI
2389 207 2751 271 CYRENSIS

3618 217 3761 281 125'}

499 352 518 387 ι
543 334 706 398 Tace,
738 331 1061 387 obmutesce
1077 330 1174 383 ⁸⁸.)
1220 329 1326 384 Vos
1352 342 1482 381 vero
1514 342 1708 396 preces
1735 326 1815 379 illi
1848 341 1953 393 pro
1976 342 2075 379 no-

2190 326 2481 397 μαινομένῃ
2505 326 2762 397 θαλάττῃο
2792 346 2815 379 1
2849 326 3055 391 Σιώπα,
3094 329 3405 398 πεφίμωσο.
3429 350 3447 381 ι
3486 331 3683 403 Ὑμεῖς
3708 335 3764 388 ἃ

490 427 583 480 bis
614 425 829 480 offerte.
887 424 1146 493 Majoretn
1178 422 1379 489 quippe
1415 418 1672 472 ﬁduciam
1705 417 1941 483 habetis,
1977 418 2073 487 qui

490 515 675 571 oblata
708 529 810 584 pro
839 528 907 567 eo
938 511 1242 567 certamina
1272 508 1617 578 suscepistis.

842 708 1080 763 LXXIX.
1106 739 1177 748 —
1194 708 1447 763 Anatolio
1474 711 1721 780 patricio.

562 824 847 877 Maximam
883 822 1045 875 nobis
1078 822 1184 875 hoc
1215 829 1461 891 tempore
1502 820 1933 875 consolationem
1965 820 2075 873 Do-

490 916 674 969 minus
722 916 864 969 Deus
912 914 1140 969 indulsit
1184 914 1646 984 magniﬁcentiam
1700 924 1871 978 tuam,
1934 924 2077 968 tem-

490 1006 799 1077 pestatique
860 1013 1253 1075 congruentem
1305 1013 1525 1073 portum
1573 1004 1744 1057 dedit.
1813 1005 1967 1059 Unde
2023 1013 2079 1058 et

492 1098 859 1168 magnitudini
901 1106 1006 1150 tua:
1057 1112 1178 1166 quae
1208 1096 1435 1148 molesta
1467 1104 1596 1149 sunt
1628 1095 1859 1147 ﬁdenter
1888 1112 2081 1166 sugge-

494 1190 689 1242 rimus.
714 1189 931 1242 Dudum
955 1203 1087 1257 ergo
1108 1187 1450 1240 excellentia:
1474 1195 1668 1240 vestrm
1694 1186 2077 1250 indicavimus,

493 1279 975 1337 commonitorium
1025 1278 1185 1331 nobis
1231 1276 1537 1331 ostendisse
1590 1276 1792 1330 Rufum
1823 1278 2080 1331 comitem

494 1370 1095 1439 magniﬁcentissimum
1158 1367 1515 1436 imperatoria
1565 1384 1727 1421 manu
1774 1375 2078 1433 exaratum,

494 1461 640 1531 quod
692 1461 989 1513 fortissimo
1042 1459 1304 1528 magistro
1338 1457 1576 1511 militum
1626 1459 1980 1528 prmcipiebat
2024 1468 2083 1512 ut

495 1552 800 1622 prudenter
822 1551 1070 1619 sciteque
1099 1556 1319 1603 curaret
1345 1563 1445 1601 nos
1475 1548 1604 1619 Cyri
1629 1550 1952 1614 consistere,
1980 1566 2083 1605 nec

494 1641 561 1695 ad
593 1643 727 1695 alias
756 1641 1009 1694 civitates
1037 1639 1335 1708 proﬁcisci,
1373 1646 1434 1691 ut
1471 1640 1564 1708 qui
1594 1640 1833 1709 synodos
1863 1641 2081 1695 assidue
2116 1664 2159 1719 Β

494 1732 636 1803 apud
660 1732 1005 1795 Antiochiam
1054 1731 1265 1801 1135
1308 1746 1649 1801 cogeremus,
1672 1741 1727 1785 et
1749 1732 2085 1787 orthodoxos

496 1825 869 1879 turbaremus.
920 1823 1077 1876 Nunc
1110 1822 1292 1875 indico
1328 1838 1414 1875 me
1449 1821 1615 1892 regiis
1640 1822 1966 1876 obsecutum
1993 1821 2086 1875 lit-

492 1913 628 1967 teris
651 1912 851 1983 Cyrum
873 1912 1111 1976 venisse,
1148 1926 1230 1975 ac,
1260 1910 1459 1965 diebus
1482 1925 1577 1965 sex
1603 1918 1882 1979 septemve
1909 1919 2086 1964 trans-

495 2004 634 2059 actis
660 2046 674 2069 ,
722 2004 894 2058 misso
927 2003 995 2057 ad
1028 2018 1114 2057 me
1161 2001 1520 2057 devotissimo
1554 2001 1879 2070 Euphronio
1910 2002 2084 2071 magi-

495 2094 705 2149 striano
722 2094 1014 2164 ﬂagitasse,
1038 2102 1100 2147 ut
1119 2093 1323 2161 scripto
1344 2091 1637 2147 conﬁterer
1657 2091 1931 2147 exhibitas
1949 2093 2086 2147 mihi

497 2185 676 2255 regias
716 2184 927 2238 litteras
970 2184 1159 2237 fuisse.
1210 2182 1323 2252 Ego
1361 2196 1493 2234 vero
1527 2181 1634 2234 hoc
1671 2180 1837 2235 etiam
1872 2181 1996 2247 feci,
2031 2190 2089 2237 et

497 2275 728 2344 promisi
780 2290 867 2328 me
920 2274 1062 2343 apud
1112 2273 1314 2344 Cyrum
1367 2282 1423 2325 et
1470 2272 1525 2325 in
1567 2272 1669 2325 hac
1700 2272 1923 2343 regione
1957 2289 2087 2343 per-

498 2380 841 2431 mansurum,
897 2374 954 2418 et
993 2365 1270 2435 pascendo
1306 2364 1456 2434 gregi
1506 2362 1641 2416 mihi
1673 2365 1968 2419 commisso
2000 2364 2087 2420 in-

498 2457 795 2511 haesurum.
860 2457 1013 2524 Rogo
1058 2456 1244 2523 itaque
1292 2452 1757 2522 magniﬁcentiam
1783 2461 1955 2519 tuam,
1994 2470 2087 2509 ac-

498 2555 689 2601 curate
708 2558 769 2601 ut
784 2548 1058 2615 exquirat,
1088 2556 1143 2600 et
1171 2562 1240 2599 an
1259 2561 1387 2599 vere
1409 2546 1523 2600 haec
1541 2546 1614 2599 ita
1658 2545 1923 2614 imperata
1953 2546 2085 2611 sint,

497 2647 556 2693 et
572 2654 734 2708 quam
761 2638 832 2692 ob
858 2652 1101 2691 causam.
1134 2637 1248 2706 Ego
1273 2636 1420 2689 enim
1443 2636 1678 2690 aliorum
1700 2636 1925 2705 quidem
1950 2638 2090 2692 mul-

500 2739 681 2785 torum
717 2730 851 2783 mihi
882 2728 1214 2783 delictorum
1244 2727 1499 2782 conscius
1529 2743 1653 2781 sum
1691 2747 1704 2783 :
1740 2728 1880 2782 nihil
1906 2739 2089 2784 tamen

499 2820 587 2873 vel
616 2820 670 2872 in
696 2820 999 2873 Ecclesiam
1024 2819 1143 2883 Dei,
1176 2819 1262 2872 vel
1292 2818 1347 2871 in
1370 2832 1718 2871 communem
1740 2818 2089 2889 disciplinam

502 2927 757 2982 peccasse
804 2928 891 2965 me
938 2912 1139 2965 sentio.
1194 2910 1372 2979 Atque
1404 2911 1519 2965 haec
1549 2911 1766 2975 scribo,
1804 2927 1914 2966 non
1940 2912 2087 2981 quod

2173 416 2273 479 τάς
2329 416 2471 486 ὑπὲρ
2524 416 2683 487 ἡμῶν
2739 417 3053 487 προσευχὰς
3111 420 3260 489 αὐτῷ
3324 424 3764 493 προσενέγκατε.

2175 506 2407 561 Πλείονα
2438 509 2547 578 γάρ
2583 507 2733 577 ἔχετε
2764 510 3100 580 παρρησίαν,
3135 510 3371 591 ὼςντοὺς
3410 514 3559 585 ὑπὲρ
3600 516 3765 568 αὐτοῦ

2176 599 2455 662 κινδύνους
2490 598 2893 669 ἀναδεξάμενοι.

2508 708 2627 763 ΟΘ’.
2657 741 2728 750 -
2769 711 3092 779 Ἀνατολίῳ
3120 717 3433 782 πατρωίῳ.

2250 819 2493 873 Δέδωκεν
2527 821 2657 890 ἡμῖν
2684 822 2711 873 ὁ
2740 821 3016 892 Δεσπότης
3048 823 3181 887 Θεὸς
3214 825 3486 895 μεγίστην
3512 828 3767 896 παραιζυι

2178 913 2279 983 χὴν
2314 914 2372 965 ὲν
2408 912 2487 981 τῷ
2512 914 2740 983 παρόντι
2772 914 2949 984 καιρῷ
2980 915 3078 985 τὴν
3109 916 3381 987 ὑμετέραν
3414 922 3768 990 μεγαλοπρέ-

2181 1021 2360 1067 πειαν,
2402 1004 2495 1055 καὶ
2526 1003 2601 1072 τῷ
2625 1003 2853 1057 κλύδωνι
2876 1007 2963 1057 τὸν
2991 1005 3183 1075 λιμένα
3221 1009 3466 1077 παρέσχε
3496 1010 3772 1079 κατάλλη-

2179 1089 2288 1142 λον.
2319 1089 2417 1144 Διά
2447 1108 2527 1143 τοι
2555 1090 2755 1162 [τοῦτο]
2775 1090 3101 1163 Θαρροῦντες
3127 1098 3195 1147 τά
3212 1096 3491 1150 λυποῦντα
3526 1100 3777 1153 διδάσκο-

2185 1198 2282 1250 μεν
2301 1181 2360 1232 τὸ
2379 1182 2643 1251 ὑμέτερον
2668 1182 2915 1251 μέγεθος.
2943 1184 3138 1254 ῐῐρώην
3154 1186 3254 1255 μὲν
3276 1185 3368 1241 οὖν
3387 1191 3773 1260 ἐγνωρίσαμεν

2182 1269 2335 1340 ὑμῶν
2358 1272 2422 1340 τῇ
2454 1272 2816 1342 μεγαλοφυῖᾳ,
2846 1272 2921 1334 ὡς
2952 1273 3240 1339 ὑπέδειξαν
3265 1277 3399 1345 ἡμῖν
3426 1280 3483 1331 οἱ
3527 1282 3669 1349 περὶ
3698 1283 3779 1332 τόν

2186 1362 2769 1433 μεγαλοπρεπέστατον
2788 1364 3003 1433 κόμητα
3028 1364 3252 1435 Ῥοῦφον
3272 1368 3706 1438 ύπομνηστικὺν
3722 1376 3779 1439 τῇ

2187 1452 2439 1523 βασιλικῇ
2500 1455 2884 1525 γεγραμμένον
2921 1457 3090 1527 χειρὶ,
3131 1460 3664 1529 παρακελευόμενον
3714 1464 3782 1530 τῷ

2184 1543 2552 1617 ἀνδρειοτάτῳ
2594 1545 2905 1615 στρατηγῷ,
2942 1548 3078 1615 μετά
3107 1549 3420 1619 φρονήσεως
3470 1553 3574 1603 καὶ
3608 1554 3784 1621 ἐμμε-

2185 1632 2337 1697 λείας
2362 1636 2781 1705 παρασκευάσαι
2810 1638 2955 1706 ἡμᾶς
2991 1638 3047 1688 ὲν
3072 1642 3137 1708 τῇ
3176 1638 3343 1709 Κύρῳ
3385 1641 3508 1711 (65)
3541 1642 3782 1710 διάγειν,

2185 1723 2278 1777 καὶ
2308 1724 2387 1786 είς
2417 1723 2611 1794 ἑτέραν
2662 1726 2735 1794 μὴ
2765 1726 2983 1778 ἀπιέναι
3022 1727 3197 1789 πόλιν,
3237 1729 3311 1791 ὡς
3353 1731 3629 1796 συνόδους
3671 1750 3785 1785 συν-

2185 1813 2323 1883 εχῶς
2356 1814 2436 1876 εἰς
2461 1813 2559 1884 τὴν
2588 1814 2921 1886 Ἀντιόχειαν
2947 1816 3295 1884 συνάγοντας,
3326 1820 3420 1873 καὶ
3450 1838 3597 1883 τους
3634 1824 3787 1892 opeo-

2185 1904 2371 1970 δόξους
2392 1905 2779 1975 ταράττοντας.
2815 1907 2939 1959 Ἐπὶ
2965 1908 3019 1960 δὲ
3052 1907 3146 1960 τοῦ
3185 1910 3454 1980 παρόντος
3500 1916 3784 1983 γνωρίζω,

2185 1997 2260 2060 ὡς
2284 1996 2361 2067 τῷ
2396 1997 2659 2068 βασιλικῷ
2693 1999 2937 2063 πεισθεὶς
2965 2002 3253 2073 γράμματι
3281 2003 3380 2071 τὴν
3416 2006 3625 2075 Κύρου
3662 2025 3785 2060 κατε

2190 2087 2403 2142 έλαϐοψ
2434 2089 2527 2142 καὶ
2555 2089 2612 2155 ἒξ
2643 2089 2674 2160 ἢ
2715 2090 2855 2143 ἑπτά
2891 2092 3211 2147 διελθουσῶν
3232 2095 3488 2165 ἡμερῶν,
3528 2098 3785 2149 ἀπέστειο

2188 2179 2286 2232 λαν
2308 2180 2441 2251 πρός
2467 2198 2532 2250 με
2560 2181 2650 2233 τὸν
2674 2182 3094 2253 καθωσιωμένον
3123 2184 3451 2255 Εὐφρόνιον,
3480 2188 3584 2239 τὸν
3626 2205 3784 2256 στρα-

2188 2270 2529 2341 τηλατιανὸν,
2570 2272 2705 2340 μετὰ
2735 2273 3094 2343 γραμμάτων,
3135 2274 3500 2339 ἀπαιτοῦντες
3552 2295 3630 2347 με
3669 2279 3787 2330 καθ-

2190 2363 2523 2435 ομολογῆσαι
2548 2365 2861 2434 ἐγγράφως,
2896 2366 2971 2428 ὡς
2996 2366 3317 2438 ὲνεφανίσθη
3357 2385 3453 2438 μοι
3489 2369 3558 2421 τδ
3583 2370 3786 2438 Sumite

2191 2456 2287 2508 κὸν
2316 2456 2569 2525 γράμμα,
2594 2456 2687 2509 καὶ
2718 2457 3037 2526 ὑπεσχόμην
3064 2459 3129 2527 τῇ
3161 2457 3328 2528 Κύρῳ
3355 2460 3458 2511 καὶ
3486 2462 3560 2530 τῇ
3588 2461 3785 2530 ταύτης

2194 2544 2583 2614 προσεδρεύειν
2616 2544 2790 2615 χώρα,
2825 2546 2919 2597 καὶ
2940 2546 3038 2607 τὰς
3062 2547 3510 2617 ὲγχειρισθείσας
3550 2567 3651 2617 μοι
3684 2568 3785 2602 ποι-

2194 2638 2407 2708 μαίνειν
2439 2637 2637 2707 ψυχάς.
2681 2636 2993 2709 Παρακαλῶ
3018 2638 3327 2708 τοίνυνμτὴν
3358 2639 3666 2710 ὑμετέραν
3702 2659 3784 2709 μευ

2192 2728 2513 2796 γαλοφυῖαν,
2558 2727 2748 2796 μαθεῖν
2781 2728 3049 2798 ἀκριϐῶς,
3079 2728 3172 2781 καὶ
3223 2729 3270 2780 εί
3326 2729 3567 2797 άληθῶς
3624 2733 3783 2784 ταῦτα

2193 2818 2613 2889 προστέτακται,
2640 2818 2733 2871 καὶ
2762 2819 2849 2872 διὰ
2874 2819 3031 2872 ποίαν
3052 2812 3253 2872 αἰτίαν.
3297 2820 3448 2886 Ἐγὼ
3478 2824 3599 2891 γάρ
3637 2823 3784 2884 illa;

2186 2910 2295 2979 μὲν
2336 2910 2607 2980 ἁμαρτίας
2635 2910 2857 2981 ἐμαυτῷ
2887 2911 3086 2975 πολλάς
3120 2912 3357 2975 σύνοιδα,
3399 2915 3470 2966 ού
3511 2915 3685 2985 μῦςνῆ
3720 2919 3786 2977 εἰς

498 3003 797 3074 Cyrenscm
820 3002 1216 3057 habitationem
1241 3002 1469 3056 moleste
1494 3002 1684 3055 feram.
1709 3002 1844 3056 Nam
1868 3004 2088 3072 utquod

2190 3004 2289 3070 τὴν
2334 3002 2656 3072 Ἐκκλησίαν
2682 3004 2774 3056 τοῦ
2803 3003 2959 3067 Θεοῦ,
2999 3004 3029 3075 ἣ
3066 3006 3145 3067 εἰς
3180 3004 3277 3074 τὴν
3298 3006 3502 3077 κοινὴν
3538 3008 3785 3070 εὐταξίαν

500 3109 589 3147 res
616 3101 701 3147 est
725 3092 900 3146 dicam
928 3133 942 3156 ,
993 3092 1292 3146 clarissima
1322 3092 1517 3161 quavis
1540 3094 1761 3147 civitate
1789 3094 2085 3163 Optabilio-

504 3200 614 3239 rem
647 3183 789 3235 hanc
815 3182 979 3245 duco,
1014 3197 1081 3235 eo
1105 3182 1251 3251 quod
1278 3183 1411 3236 mihi
1443 3200 1472 3237 a
1497 3184 1606 3237 Deo
1634 3198 1754 3238 sors
1776 3184 1879 3237 ista
1904 3185 2087 3239 oblata

499 3286 605 3331 est.
639 3274 746 3328 Sed
779 3275 1105 3328 necessitate
1145 3276 1430 3328 astrictum
1459 3290 1599 3341 esse,
1638 3291 1748 3329 non
1779 3276 2085 3342 voluntate,

503 3367 794 3421 molestum
831 3366 1236 3436 quodammodo
1278 3366 1521 3430 videtur,
1558 3375 1611 3421 et
1644 3383 1830 3421 ansam
1860 3367 1954 3421 dat
1984 3369 2087 3422 im-

502 3459 712 3528 probis,
757 3467 817 3512 ut
853 3458 1177 3512 audaciores
1207 3457 1359 3521 ﬁant,
1400 3468 1455 3512 ct
1485 3459 1710 3513 monitis
1741 3459 1945 3513 nostris
1978 3476 2089 3514 non

505 3551 904 3619 obtemperent.
936 3549 1305 3615 Quamobrem
1337 3565 1435 3603 oro
1458 3549 1890 3619 magnitudinem
1917 3560 2086 3615 tuam,

511 3651 573 3695 ut
600 3642 643 3694 si
672 3642 777 3695 tale
811 3640 946 3693 nihil
978 3640 1305 3708 imperatum
1330 3647 1437 3703 est,
1467 3640 1757 3693 certiorem
1780 3654 1864 3693 me
1886 3639 2087 3693 facias:

506 3732 592 3787 sin
623 3746 812 3785 revera
841 3730 1068 3783 victoris
1102 3729 1332 3799 Augusti
1363 3730 1445 3783 ha:
1477 3738 1606 3783 sunt
1636 3729 1855 3793 litterae,
1893 3730 2091 3785 doceas

507 3824 629 3892 ejus
675 3822 935 3890 pietatem
961 3861 974 3884 ,
1029 3837 1140 3874 non
1169 3820 1328 3873 facile
1360 3818 1521 3873 ﬁdem
1553 3820 1755 3873 habere
1780 3820 2089 3886 calumniis,

509 3927 612 3967 nec
633 3912 765 3965 solis
786 3911 1199 3965 accusatoribus
1230 3926 1391 3964 aures
1412 3911 1678 3979 praebere,
1702 3909 1797 3963 sed
1819 3910 2091 3965 rationem

509 4018 539 4058 a
562 4017 656 4056 reo
679 4016 983 4069 reposcere.
1007 4000 1327 4070 Quanquam
1353 4006 1562 4069 poterat
1596 4001 1711 4069 ipsa
1735 4015 1920 4055 rerum
1942 4002 2094 4056 testi-

512 4092 694 4148 ficatio
723 4092 842 4161 ejus
863 4091 1053 4160 pietati
1078 4092 1412 4162 persuadere
1444 4092 1578 4145 falsa
1601 4106 1721 4146 esse
1754 4107 1875 4161 quae
1899 4101 2092 4149 contra

510 4198 614 4237 nos
629 4183 924 4252 jactantur.
952 4182 1249 4252 Ecquando
1271 4184 1417 4237 enim
1447 4183 1661 4253 1136
1676 4198 1777 4237 nos
1802 4185 1922 4255 ejus
1945 4201 2093 4241 sere-

512 4274 738 4328 nitatem
769 4273 836 4327 de
864 4274 1083 4344 negotio
1109 4274 1298 4342 aliquo
1325 4274 1797 4342 interpellavimus
1829 4276 1914 4330 vel
1939 4291 2089 4330 sum-

2187 3087 2305 3146 οἶδά
2333 3111 2382 3146 τι
2407 3093 2511 3164 πλη
2521 3095 2826 3165 μμελήσας.
2856 3096 2965 3149 Καὶ
2986 3094 3157 3149 ταῦτα
3178 3096 3397 3165 γράψω,
3431 3099 3545 3167 οὐχ
3567 3099 3647 3161 ὡς
3672 3102 3785 3150 δυτσ

2188 3183 2455 3255 χεραίνων
2503 3187 2602 3255 τὴν
2655 3187 2712 3238 ὲν
2758 3186 2927 3256 Κύρῳ
2971 3187 3263 3257 διαγωγήν
3304 3188 3381 3251 ὡς
3411 3188 3537 3259 γάρ
3564 3192 3667 3241 ἐπὶ
3694 3193 3779 3256 τῆς

2190 3276 2468 3343 ἀληθείας,
2502 3278 2680 3347 πάσης
2726 3259 2936 3340 πόλεως
2982 3278 3377 3349 λαμπροτάτης
3403 3282 3780 3350 αἱρετωτέραν

2188 3365 2392 3436 ταύτην
2422 3367 2682 3438 ἡγοῦμαι,
2722 3368 2810 3420 διὰ
2851 3358 2923 3421 τδ
2960 3369 3108 3440 παρά
3138 3369 3271 3422 Θεοῦ
3304 3371 3417 3434 (66)
3458 3389 3557 3440 μοι
3602 3374 3779 3425 τοῦτον

2190 3455 2433 3511 δεδόσθαι
2487 3457 2576 3511 τὸν
2622 3457 2841 3529 κλῆρον.
2893 3460 2967 3512 Τὸ
3004 3459 3059 3511 δὲ
3100 3460 3312 3529 ἀνάγκῃ
3359 3462 3776 3531 προσδεδέσθαι,

2190 3550 2286 3601 καὶ
2332 3549 2405 3618 μὴ
2445 3548 2659 3619 γνώμη,
2700 3549 2848 3601 δοκεῖ
2898 3567 3015 3612 πως
3047 3546 3185 3602 εἶναι
3220 3551 3479 3620 ἀνιαρὸν,
3522 3553 3625 3604 καὶ
3662 3555 3778 3623 πρὶς

2190 3638 2421 3701 τούτοις,
2459 3639 2731 3709 πρόφασιν
2758 3639 2940 3692 δίδωσι
2968 3643 3077 3703 τοῖς
3105 3640 3352 3693 ἀδικοῦσι
3382 3640 3776 3710 θρασύνεσδιι,

2191 3730 2287 3784 καὶ
2307 3733 2427 3793 ταῖς
2448 3732 2743 3801 ἡμετέραις
2773 3732 2846 3801 μὴ
2872 3732 3152 3785 πείΟεσΟαι
3177 3733 3608 3801 παραινέσεσιν.
3637 3732 3710 3789 (νῖ
3730 3738 3777 3801 ἐξ

2192 3819 2351 3889 χάριν
2376 3818 2682 3889 παρακαλῶ
2718 3818 2778 3871 τὺ
2808 3819 3067 3888 ὑμέτερον
3105 3819 3357 3889 μέγεθος,
3396 3826 3451 3873 εἰ
3498 3824 3611 3890 μὲν
3644 3826 3777 3876 οὑδὲ»

2191 3911 2401 3965 τοιοῦτο
2428 3910 2848 3981 προστέτακται,
2871 3909 3024 3979 δῆλόν
3053 3928 3142 3979 μοι
3164 3909 3323 3963 τοῦτο
3351 3912 3625 3981 ποιῆσαι-
3666 3918 3711 3966 εἰ

2192 4000 2410 4070 ἀληθῶς
2440 3998 2535 4052 τοῦ
2566 3998 2872 4052 καλλινίκου
2910 3998 3171 4067 βασιλέως
3199 4000 3318 4052 ἐστί
3336 4000 3402 4053 τά
3440 4004 3775 4073 γράμματι,

2190 4090 2397 4156 διδάξαι
2460 4090 2624 4144 αὑτοῦ
2686 4091 2785 4161 τὴν
2841 4090 3141 4151 εὐσέϐειαν,
3193 4090 3267 4161 μὴ
3331 4092 3639 4146 πείθεσθαι
3694 4098 3777 4162 :5;-

2190 4183 2320 4245 δὶως
2360 4182 2657 4246 διαϐολαῖς,
2689 4182 2822 4253 μηδὲ
2857 4182 3038 4252 μόνοις
3068 4184 3179 4245 τοῖς
3214 4185 3565 4254 κατηγόροις
3597 4188 3779 4239 δεῶνιι

2189 4272 2288 4336 τὰς
2308 4273 2497 4337 ἀκοάς,
2528 4272 2643 4326 ἀλλ’
2681 4273 2937 4326 ἀπαιτεῖν
2975 4271 3203 4335 εὐθύνας
3229 4272 3321 4325 τὸν
3366 4279 3781 4346 κατηγοροίημδ

510 4380 633 4421 mos
663 4366 1014 4435 magistratus
1038 4405 1052 4428 ,
1112 4373 1206 4418 aut
1238 4365 1670 4434 possessoribus,
1709 4367 1804 4436 qui
1835 4367 1926 4422 hic
1958 4377 2087 4422 sunt

2190 4379 2298 4415 νον.
2328 4363 2525 4431 Ἤρκει
2548 4360 2604 4413 δὲ
2635 4360 2727 4412 καὶ
2753 4360 2891 4430 αύτὴ
2919 4360 3026 4413 τῶν
3050 4362 3393 4431 πραγμάτιον
3417 4366 3452 4433 ἡ
3485 4367 3777 4433 μαρτυρία,

511 4458 672 4513 multi
705 4472 769 4512 ac
796 4456 1100 4526 splendidi,
1150 4472 1342 4527 graves
1366 4457 1714 4511 exstitimus?
1776 4457 1930 4525 Quod
1961 4474 2095 4514 vero

510 4545 1013 4602 ecclesiasticarum
1040 4560 1259 4615 quoque
1284 4545 1563 4599 redituum
1590 4555 1804 4616 partem
1837 4562 1947 4601 non
1976 4548 2094 4602 exi-

511 4654 672 4710 guam
703 4639 758 4693 in
781 4638 1018 4709 publicis
1032 4636 1278 4693 aediﬁciis
1298 4638 1824 4709 consumpserimus,
1850 4640 2098 4709 porticus

510 4731 815 4787 excitantes
848 4737 908 4785 et
936 4730 1172 4793 lavacra,
1208 4740 1266 4784 et
1285 4724 1481 4801 pontes
1511 4740 1881 4796 exstruentes,
1907 4739 1962 4785 et
1992 4748 2097 4801 pu—

513 4822 646 4877 blici
675 4839 809 4878 usus
840 4823 944 4876 alia
973 4832 1367 4891 procurantes,
1424 4823 1828 4893 magniﬁcentia
1854 4832 1947 4878 tua
1980 4840 2093 4879 non

515 4914 750 4985 ignorat.
812 4914 968 4981 Quod
1020 4914 1065 4967 si
1110 4925 1403 4984 propterea
1459 4914 1817 4984 indignantur
1846 4914 2100 4969 nonnulli

517 5004 663 5075 quod
684 5005 972 5060 Phoenices
994 5005 1365 5059 Ecclesiarum
1382 5006 1398 5021 ‘
1428 5004 1642 5057 ruinam
1666 5004 1933 5073 lugemus,
1960 5004 2100 5059 sciat

518 5094 841 5165 magnitudo
869 5103 1049 5151 vestra
1067 5136 1081 5160 ,
1135 5110 1246 5149 non
1271 5109 1432 5163 posse
1455 5109 1555 5148 nos
1584 5108 1695 5148 non
1718 5095 1936 5158 dolere,
1971 5111 2098 5149 cum

518 5187 829 5242 Juda’orum
855 5202 1027 5242 cornu
1064 5188 1117 5241 in
1142 5187 1311 5241 altum
1336 5180 1583 5239 erectum
1606 5227 1618 5248 ,
1676 5184 2020 5240 Christianos
2045 5185 2100 5239 in

520 5278 775 5349 lacrymis
797 5277 1058 5346 luctuque
1079 5277 1376 5340 cernimus,
1404 5275 1618 5329 etiamsi
1645 5275 1711 5327 ad
1736 5274 1955 5329 ultimas
1977 5289 2101 5329 oras

524 5371 913 5424 transmittant.
972 5370 1081 5424 Nec
1125 5386 1256 5424 vero
1308 5384 1601 5438 possumus
1652 5383 1755 5438 pro
1785 5366 2098 5437 apostolicis

595 5525 639 5561 “
666 5530 830 5584 Marc.
857 5543 929 5593 iv,
963 5528 1055 5583 59.

594 5642 706 5709 (65)
735 5640 936 5705 Κυρῤῳ
964 5638 1130 5706 Neap.
1160 5640 1383 5702 rectius,
1417 5641 1495 5692 sic
1528 5646 1583 5692 et
1618 5639 1671 5691 in
1697 5652 1849 5706 seqq.

2193 4456 2378 4506 πεῖσαι
2405 4452 2569 4505 αὑτοῦ
2590 4451 2696 4527 ¹τὴν
2721 4452 3023 4516 εὐσέϐειαν,
3054 4454 3129 4516 ὡς
3159 4454 3328 4524 ψευδῆ
3362 4454 3439 4508 τὰ
3478 4459 3609 4509 καθ’
3639 4459 3778 4529 ἡμὶν

2192 4544 2481 4615 εἰρημένα.
2541 4544 2676 4595 Πότε
2733 4543 2842 4613 γάρ
2871 4545 3031 4612 ἡμεῖς
3075 4543 3172 4614 τὴν
3218 4544 3384 4597 αὐτοῦ
3438 4548 3777 4617 rainy-$17.3

2194 4636 2324 4707 περὶ
2351 4636 2684 4706 πράγματος
2719 4633 3133 4704 ἡνωχλήσαμεν,
3159 4635 3189 4705 ἢ
3215 4635 3342 4697 τοὺς
3377 4640 3673 4705 μεγάλως
3702 4641 3779 4705 ἀπε·

2184 4744 2409 4799 χοντας,
2451 4726 2484 4796 ἢ
2530 4729 2642 4790 τοῖς
2690 4725 2923 4778 ἐνταῦθα
2963 4726 3340 4795 κεκτημένοις,
3376 4728 3617 4791 aenei;
3654 4727 3777 4781 οὖσιν

2194 4820 2289 4873 καὶ
2327 4818 2621 4887 λαμπροῖς,
2657 4816 2842 4887 βαρεῖς
2874 4817 3204 4887 ὲγενόμεθα;
3237 4818 3359 4869 Ὀτι
3386 4818 3452 4870 δὲ
3487 4823 3589 4872 καὶ

2193 4910 2295 4979 τῆς
2320 4907 2778 4977 ὲκκλησιαστικῆς
2813 4906 3073 4977 προσόδου
3103 4907 3182 4969 εὶς
3205 4906 3269 4958 τά
3301 4906 3555 4977 δημόσια
3583 4910 3775 4977 antas.

2200 5016 2374 5069 σαμεν
2409 4997 2837 5067 οἰκοδομήματα,
2880 4996 3042 5060 στοὰς
3083 4996 3387 5066 ἐγείροντες
3428 4999 3529 5050 καὶ
3573 5000 3777 5068 λουτρὲ,

2199 5090 2294 5143 καὶ
2337 5088 2581 5159 γεφύρας
2610 5087 3127 5150 κατασκευάζοντες,
3162 5087 3257 5139 καὶ
3303 5088 3416 5140 τῶν
3456 5092 3671 5143 κοινῶν
3696 5091 3778 5142 τε.

2200 5182 2375 5235 ἀλλων
2407 5178 2849 5250 ἐπιμελούμενοι,
2882 5177 3021 5232 οἶδεν
3055 5180 3088 5248 ἡ
3128 5179 3370 5249 ὑμετέρα
3411 5182 3775 5249 μεγαλοςυῖε,

2201 5277 2261 5328 Et
2310 5275 2368 5327 δὲ
2419 5274 2506 5326 διὰ
2554 5272 2712 5325 τοῦτό
2752 5289 2893 5334 τινες
2933 5271 3404 5341 δυσχεραίνουσιν,
3448 5274 3537 5325 ὅτι
3570 5275 3682 5326 τῶν
3706 5275 3781 5337 τῆς

2198 5364 2447 5433 Φοινίκης
2489 5361 2824 5432 Ἐκκλησιῶν
2859 5360 3161 5432 Θρηνοῦμεν
3197 5361 3296 5431 τὴν
3330 5364 3675 5427 κατάλυσιν,
3706 5382 3782 5415 τπ-

2278 5631 2387 5705 (66)
2418 5631 2511 5685 τοῦ
2548 5629 2681 5684 Θεοῦ
2712 5628 2881 5699 Neap.
