3924 6192
235 203 238 208 ’
279 244 413 313 1257

1553 249 1915 312 EPISTOLA
1955 255 2186 316 LXXX.

3375 259 3509 323 1258

267 357 474 414 πείσθω
501 356 653 430 ὑμῶν
679 358 738 412 τὸ
775 357 1020 429 μέγεθος,
1053 358 1128 421 ὡς
1171 361 1273 432 ὀὑχ
1320 357 1430 416 οἷόν
1477 379 1532 414 τε
1572 366 1720 434 ⁴ἡμᾶς
1756 367 1830 436 μὴ

1946 365 2284 436 dogmatibus
2314 380 2422 420 non
2454 382 2713 438 pugnare,
2747 383 3021 424 memores
3049 371 3359 439 apostolicae
3384 387 3511 426 sen-

268 453 472 522 ἀλγεῖν,
503 451 743 522 ὁρῶντας
762 450 868 505 τῶν
897 451 1162 505 Ἰουδαίων
1193 453 1254 506 τὸ
1281 453 1449 524 κέρας
1481 455 1562 519 είς
1590 455 1723 526 ὕψος
1751 459 1835 511 at-

273 543 515 614 ρόμενον,
559 539 651 593 καὶ
677 539 802 602 τοὺς
829 540 1186 610 Χριστιανοὺς
1213 541 1270 593 ἐν
1295 540 1549 612 ὀδυρμοῖς
1582 543 1672 596 καὶ
1701 543 1834 614 θρή-

269 650 399 696 νοις,
421 631 521 685 κᾶν
545 633 624 695 είς
644 631 814 694 αὑτάς
832 630 1087 701 πέμψωσι
1107 631 1203 695 τὰς
1221 632 1319 703 τῆς
1341 633 1665 705 οἰκουμένης
1681 636 1838 705 ἐσχαο

267 722 404 786 τιάς.
433 723 541 775 Καὶ
559 721 677 774 ’τῶν
697 721 1067 775 ἀποστολικῶν
1085 722 1141 775 δὲ
1163 723 1448 794 δογμάτων
1476 725 1551 795 μὴ
1582 725 1834 796 ὑπερμα-

267 814 378 882 χεῖν
420 813 480 866 οὑ
516 812 812 884 δυνάμεθαο
845 813 1173 884 μεμνήμεθα
1200 815 1306 886 γάρ
1347 817 1446 886 τῆς
1475 817 1838 886 ἁποστολικῆς

267 903 531 975 λεγούσης
556 905 757 976 φωνῆς·
796 925 814 957 ι
840 906 1161 977 Πειθαρχεῖν
1187 907 1266 960 δεῖ
1293 907 1409 979 Θεῷ
1447 908 1648 978 μᾶλλον
1674 908 1707 979 ἢ
1741 910 1836 962 ἀνα

269 995 526 1066 θρώποις.
565 1016 584 1048 ι
622 999 731 1052 Καὶ
755 998 864 1053 τῶν
904 1000 1137 1054 ἐνταῦθα
1164 1001 1220 1054 δὲ
1247 1001 1509 1072 λυπηρῶν
1538 1002 1598 1054 τὸ
1629 1000 1723 1055 τοῦ
1751 1004 1840 1055 Δε·

271 1088 466 1140 σπότου
492 1089 729 1160 Χριστοῦ
755 1089 1100 1162 δικαστήριον
1125 1093 1255 1162 ἡμῖν
1277 1091 1668 1164 φοόερώτερον’
1703 1092 1840 1146 ὲκεί-

269 1194 344 1246 νῳ
368 1177 478 1250 γὰρ
517 1179 717 1241 πάντες
748 1179 1233 1250 παραστησόμεθα,
1260 1179 1368 1232 τῶν
1413 1181 1716 1250 εἰρημένων
1743 1181 1838 1233 καὶ

1934 455 2120 510 tentia:
2157 475 2170 509 :
2216 476 2231 505 ι
2256 453 2492 511 Obcdire
2532 466 2749 527 oportet
2789 460 2902 514 Deo
2933 459 3105 530 magis
3138 476 3300 528 quam
3327 461 3508 515 homi~

1933 547 2178 601 nibus“.
2210 567 2227 598 ι
2287 548 2392 602 Sed
2420 557 2476 603 et
2505 549 2574 604 iis
2597 551 2853 606 omnibus
2888 567 3009 622 qua:
3038 551 3128 605 hic
3150 553 3346 607 acerba
3381 563 3513 610 sunt

1935 635 2337 691 formidabilius
2366 638 2525 692 nobis
2550 647 2632 692 est
2665 639 2880 694 Domini
2909 640 3176 705 tribunal,
3229 641 3316 695 cui
3347 642 3508 697 siste-

1925 741 2060 780 mur
2087 742 2297 793 omnes,
2335 727 2602 783 rationem
2635 730 2904 785 reddituri
2929 747 3119 786 eorum
3152 748 3272 802 quae
3298 732 3510 801 egimus

1934 819 2022 873 vel
2048 818 2219 872 locuti
2244 819 2512 872 sumus“.
2572 819 2888 877 Tribunalis
2919 823 3066 878 illius
3102 824 3273 894 gratia
3310 822 3500 879 tolera-

1937 910 2077 966 biles
2110 911 2272 966 nobis
2299 920 2428 966 sunt
2460 912 2584 967 vita:
2608 914 2894 982 praesentis
2924 916 3272 973 acerbitates.
3309 915 3510 972 Idonea

1935 1001 2083 1056 enim
2102 1001 2426 1055 aﬂlictorum
2441 1003 2740 1056 consolatio
2758 1019 2882 1072 spes
2898 1003 3113 1058 est-futu
3123 1020 3330 1058 rorum.
3346 1005 3515 1062 Nobis

1935 1106 2068 1146 vero
2094 1092 2318 1146 alteram
2341 1092 2542 1163 adjecit
2564 1092 2832 1162 benignus
2856 1095 3141 1158 Dominus,
3164 1095 3501 1166 magniﬁcen-

1937 1183 2067 1237 tiam
2101 1191 2248 1237 tuam
2282 1183 2388 1239 fide
2421 1199 2485 1238 ac
2510 1183 2715 1254 pietate
2739 1186 3124 1241 collucentem.

268 1274 670 1344 πεπραγμένων
695 1273 924 1335 εὐθύνας
955 1271 1260 1341 ὑφέξοντες.
1290 1273 1366 1324 Δι’
1395 1272 1569 1326 ἐκεῖνο
1594 1273 1654 1326 τὸ
1678 1273 2027 1344 δικαστήριον
2061 1277 2271 1346 φορητά
2334 1277 2464 1347 ἡμῖν
2527 1276 2620 1330 τοῦ
2654 1278 2919 1350 παρόντος
2982 1279 3098 1348 βίου
3165 1278 3229 1332 τὰ
3269 1276 3516 1349 σκυθρωο

269 1363 367 1418 πά.
402 1363 674 1435 Ἀρκοῦσα
713 1363 820 1435 γὰρ
866 1363 1191 1434 ψυχαγωγία
1241 1367 1349 1428 τοῖς
1389 1365 1764 1436 ἀδικουμένοις
1803 1365 1838 1436 η
1875 1365 1984 1419 τῶν
2045 1367 2344 1438 μελλόντων
2373 1368 2547 1432 ἐλπίς.
2587 1368 2749 1440 Ἡμῖν
2784 1368 2840 1422 δέ
2906 1371 3291 1441 προστέθεικεν
3333 1371 3360 1423 6
3400 1369 3519 1440 φιλ-

267 1456 551 1528 ἅνθρωπος
573 1455 849 1526 Δεσπότης
882 1455 974 1508 καὶ
1005 1453 1105 1526 τὴν
1135 1455 1408 1528 ὑμετέραν
1448 1456 1840 1528 μεγαλοφυῖαν,
1883 1457 2062 1511 πίστει
2088 1461 2179 1512 καὶ
2205 1458 2452 1530 φιλοθεῖᾳ
2485 1460 2972 1532 λαμπρυνομένην,

648 1567 731 1621 II'.
755 1597 824 1606 —
848 1568 1149 1636 Εὐτρεχίῳ
1176 1566 1442 1637 ὑπάρχῳ.

346 1678 667 1751 Ἐθαύμασα
691 1677 812 1731 λίαν
852 1677 935 1730 ὅτι
963 1678 1058 1741 τὰς
1098 1679 1218 1731 καθ’
1246 1678 1404 1749 ἡμῶν
1443 1677 1735 1742 ἐπιϐουλὰς
1774 1676 1834 1731 οὑ

269 1773 582 1844 μεμήνυκεν
614 1771 746 1840 ἡμῖν
779 1768 840 1820 τὸ
886 1769 1150 1840 ὑμέτερον
1191 1769 1438 1840 μέγεθος.
1473 1770 1547 1822 Τὸ
1593 1770 1690 1840 μὲν
1729 1767 1840 1838 γάρ

264 1864 514 1918 διαλῦσαι
547 1861 751 1926 ταύτας
781 1858 927 1931 εἶχεν
963 1862 1091 1923 ἴσως
1128 1859 1412 1914 δυσκολίαν
1442 1860 1583 1926 τινὰ,
1613 1859 1674 1914 τὸ
1701 1859 1838 1929 ψεῦ-

264 1963 354 2026 δος
387 1961 690 2030 ἐξελέγχειν
721 1959 780 2010 οὑ
815 1957 1150 2026 δυναμένοις
1183 1954 1244 2008 τὸ
1278 1956 1332 2009 δὲ
1365 1954 1626 2024 γνωρίσαι
1653 1954 1720 2007 τὰ
1743 1970 1838 2006 τυ-

271 2053 556 2122 ρευόμενα,
582 2050 642 2103 οὑ
667 2049 984 2110 δυναστείας
1013 2047 1266 2119 ἔχρῃζεν,
1300 2047 1414 2100 ἀλλ’
1450 2047 1698 2116 εὑνοῖκῆς
1722 2046 1838 2099 δια-

268 2144 489 2206 θέσεως.
524 2143 634 2197 Καὶ
681 2144 840 2214 ἡμεῖς
907 2141 1005 2212 μὲν
1043 2140 1378 2210 ἠλπίσαμεν,
1419 2137 1520 2209 τῆς
1571 2139 1841 2209 ὑμετέρας

270 2234 744 2307 μεγαλοπρεπείας
788 2235 869 2297 εἰς
913 2233 1009 2304 τὴν
1048 2231 1294 2300 βασιλίδα
1337 2230 1626 2300 κληθείσης
1667 2230 1838 2290 πόλιν,

269 2329 365 2383 καὶ
394 2328 488 2381 τὸν
530 2325 734 2397 ὑψηλὸν
766 2325 876 2378 τῶν
905 2324 1164 2394 ὑπάρχων
1211 2323 1397 2394 θρόνον
1426 2321 1696 2392 λαχούσης
1723 2321 1840 2374 δια-

269 2420 516 2488 κοσμεῖν,
568 2417 749 2469 πᾶσαν
789 2413 1247 2484 ἐκκλησιαστικὴν
1305 2411 1841 2483 κατευνασθήσεσθαι

267 2509 459 2578 ζάλην.
503 2503 905 2576 Ἐπειράθημεν
941 2504 998 2558 δὲ
1039 2503 1304 2574 θορύϐων,
1338 2503 1434 2566 οὓς
1468 2503 1589 2555 οὐδὲ
1619 2504 1675 2554 ἐν
1698 2503 1840 2574 ἀρχῇ

263 2603 362 2673 τῆς
395 2599 728 2661 διαστάσεως
764 2597 1108 2667 ἑωράκαμεν.
1140 2596 1230 2649 Ἐν
1263 2595 1479 2666 θρήνοις
1507 2592 1614 2664 γὰρ
1655 2593 1710 2645 αί
1741 2593 1842 2662 τῆς

263 2693 517 2762 Φοινίκης
548 2689 884 2760 Ἐκκλησίαν
910 2691 967 2741 ἐν
993 2687 1208 2758 θρήνοις
1234 2686 1291 2740 δὲ
1313 2688 1404 2740 καὶ
1435 2687 1488 2738 αἱ
1515 2683 1617 2756 τῆς
1641 2683 1844 2739 Παλαι-

269 2784 476 2854 στίνης,
507 2783 583 2845 ὡς
620 2781 858 2843 ἅπαντες
891 2777 1315 2846 ἀπαγγέλλουσιο
1344 2777 1493 2846 δηλοῖ
1530 2777 1586 2830 δὲ
1624 2778 1684 2830 τὸ
1717 2775 1844 2830 πέν-

268 2874 361 2938 θος
383 2872 478 2926 καὶ
496 2871 602 2924 τῶν
627 2869 1054 2938 θεοφιλεστάτων
1083 2867 1395 2920 ἐπισκόπων
1417 2867 1486 2920 τὰ
1513 2867 1839 2938 γράμματα.

266 2965 520 3018 Στένουσι
552 2961 607 3015 δέ
641 2961 690 3016 οἱ
719 2961 850 3032 παρ’
883 2963 1014 3030 ημῖν
1039 2959 1182 3028 ἆγιοι
1211 2959 1468 3022 ἀπαντες,
1500 2960 1593 3012 καὶ
1631 2960 1740 3022 πᾶς
1763 2959 1846 3011 εὑ-

266 3056 432 3126 σεῆὴς
467 3053 790 3125 ὀλοφύρεται
831 3051 1108 3118 σύλλογος·
1140 3053 1234 3104 καὶ
1265 3050 1476 3104 παῦλαν
1501 3051 1610 3102 τῶν
1642 3049 1839 3120 προτέ-

1946 3054 2296 3124 congregatio

270 3165 378 3220 ρων
432 3147 684 3219 ταραχῶν
718 3144 1144 3217 προσδοκῶντες,
1195 3145 1387 3216 ἐτέρας
1451 3144 1610 3199 πάλιν
1657 3144 1843 3211 ἐδεξά-

269 3239 427 3309 μεθα.
466 3239 575 3291 Καὶ
603 3236 712 3309 γὰρ
737 3237 898 3307 ἡμεῖς
923 3237 1004 3299 είς
1026 3236 1127 3306 τὴν
1150 3234 1330 3306 Κύρον
1375 3235 1840 3306 περιωρίσθημεν,

265 3332 424 3401 εἴπερ
451 3329 647 3399 ἀληθὲς
667 3329 728 3380 τὸ
755 3325 964 3397 δειχθὲν
985 3326 1097 3388 (6Ἰ)
1125 3328 1258 3396 ἡμῖν
1287 3324 1392 3396 [τὸ]
1416 3325 1840 3396 ὑπομνηστικδν,

265 3422 295 3474 ὃ
325 3437 486 3490 φασιν
519 3421 610 3473 ὑπ’
641 3416 807 3474 αὑτοῦ
860 3415 1170 3488 γεγράφθαι
1202 3416 1297 3470 τοῦ
1329 3415 1638 3470 καλλινίκου
1686 3416 1844 3487 ἡμῶν

267 3511 548 3582 βασιλέως·
585 3510 712 3580 ἔχει·
741 3509 798 3562 δὲ
847 3508 1038 3574 οὕτως·
1079 3527 1098 3561 ι
1130 3508 1345 3581 Ἐπειδὴ
1385 3511 1414 3562 6
1455 3509 1604 3562 δεῖνα
1646 3511 1674 3562 6
1715 3509 1845 3579 τῆσ-

267 3605 323 3658 δε
344 3597 444 3670 τῆς
471 3602 676 3666 πόλεως
701 3602 998 3666 ἐπίσκοπος
1034 3600 1272 3671 συνεχῶς
1295 3599 1537 3672 ἀθροίζει
1571 3601 1842 3664 συνόδους,

267 3695 362 3748 καὶ
414 3695 670 3764 ταράττει
734 3692 893 3746 τοῦτο
951 3692 1078 3756 τοὺς
1151 3692 1498 3763 ὀρθοδόξους,
1553 3693 1691 3764 μετὰ
1745 3693 1845 3762 τῆς

267 3785 648 3857 προσηκούσης
673 3771 970 3855 ἐμμελείας
1007 3783 1100 3836 καὶ
1140 3784 1455 3855 φρονήσεως
1488 3782 1844 3854 παρασκεύα-

269 3894 361 3930 σον
408 3877 572 3931 αὑτδν
625 3878 682 3930 ἐν
728 3879 796 3948 τῇ
853 3875 1021 3947 Κύρῳ
1079 3875 1309 3943 διάγειν,
1356 3874 1451 3928 καὶ
1510 3876 1591 3938 είς
1647 3873 1842 3944 ἐτέραν

271 3968 345 4038 μὴ
377 3968 597 4021 ἀπιέναι
640 3967 813 4023 πόλιν.
852 3986 870 4020 ι
923 3966 1065 4035 Ἐγὼ
1107 3965 1206 4037 μὲν
1235 3961 1328 4020 οὖν
1349 3964 1574 4038 ἔστερξα
1607 3966 1707 4037 τὴν
1738 3965 1843 4036 ψῆ-

268 4077 388 4128 φον,
423 4059 518 4114 καὶ
549 4058 646 4132 την
675 4058 904 4130 ἡσυχίαν
929 4058 1268 4129 ἀσπάζομαι.
1302 4059 1410 4111 Καὶ
1437 4058 1707 4130 μαρτυρεῖ
1737 4074 1841 4126 μου

266 4155 333 4224 τῇ
377 4151 569 4222 γνώμῃ
613 4151 674 4204 τὸ
701 4151 966 4222 ὑμέτερον
1018 4149 1266 4220 μέγεθος.
1294 4145 1416 4203 υίδε
1453 4150 1560 4220 γὰρ
1589 4151 1735 4212 ὅπως
1765 4151 1844 4214 είς

265 4244 365 4315 τὴν
407 4243 736 4314 Ἀντιόχειαν
760 4242 970 4305 εἰσιὼν,
1002 4241 1352 4305 ἀσυντάκτως
1376 4241 1574 4312 ἐξῄειν,
1602 4239 1690 4294 διὰ
1717 4243 1844 4304 τοὺς

268 4336 512 4405 ἐπισχεῖν
540 4333 727 4386 αὑτόοι
765 4349 831 4402 με
873 4332 1247 4403 βουλομένους.
1292 4329 1588 4401 Ἦδίκησαν
1617 4328 1676 4381 δέ
1706 4344 1841 4399 προ-

256 4401 451 4499 ξφανῶς
482 4428 531 4480 οἱ
561 4427 658 4489 τὰς
689 4401 882 4488 ἀκοὰς
907 4401 1172 4496 ἑκατέρας
1214 4413 1504 4485 δεδωκότες
1536 4423 1647 4484 τοῖς
1677 4437 1839 4473 συκο-
1878 4401 1918 4454 D

255 4517 518 4594 primum,
555 4519 648 4573 καὶ
684 4517 920 4589 θατέραν
949 4519 1081 4588 ἡμῖν
1112 4517 1173 4570 οὑ
1206 4515 1557 4586 φυλάξαντες.
1595 4515 1704 4568 Καὶ
1734 4514 1843 4584 γὰρ

276 4617 381 4678 τοῖς
405 4612 771 4683 ἀνδροφόνοις,
796 4609 890 4664 καὶ
922 4610 1034 4672 τοῖς
1056 4607 1154 4672 τὰς
1181 4606 1469 4679 ἀλλοτρίας
1496 4606 1844 4660 ἁποσυλῶσιν

275 4706 455 4768 εὑνάς,
487 4703 782 4772 ἀπολογίας
812 4702 1019 4756 δέδοται
1042 4700 1218 4770 χώρα,
1251 4699 1345 4751 καὶ
1377 4698 1437 4751 οὑ
1467 4697 1728 4768 πρότερον
1753 4696 1840 4748 δέ·

272 4814 452 4871 χονται
487 4796 587 4866 τῆς
623 4795 892 4866 τιμωρίας
935 4795 1034 4864 τὴν
1080 4791 1281 4862 ψῆφον,
1308 4789 1412 4853 ἕως
1446 4789 1513 4843 ἂν
1542 4788 1842 4858 ἐλεγχθῶσι

273 4888 560 4957 παρόντες,
595 4886 628 4956 ἢ
665 4885 1187 4957 συνομολογήσωσιν,
1215 4881 1289 4946 ὡς
1322 4881 1527 4953 ἀληθὴς
1564 4881 1598 4952 ἡ
1637 4880 1844 4951 γραφή.

270 4977 588 5048 Ἀρχιερεὺς
606 4977 662 5030 δὲ
683 4976 848 5030 πέντε
872 4976 968 5030 καὶ
998 4976 1170 5029 εἴκοσι
1199 4974 1576 5043 ἐπισκοπήσας
1605 4970 1721 5040 ἔτη,
1755 4971 1847 5022 καὶ

269 5070 362 5123 τὸν
411 5070 518 5141 πρὸ
551 5069 740 5123 τούτου
795 5068 985 5140 χρόνον
1034 5068 1092 5120 ἐν
1134 5064 1452 5136 ἁσκητηρίῳ
1495 5062 1716 5133 βιώσας,
1746 5062 1846 5114 οὑκ

271 5160 566 5231 ἐνοχλήσας
590 5160 720 5213 ποτὲ
743 5159 1108 5231 δικαστήριον,
1136 5156 1258 5212 οὑδέ
1289 5155 1444 5226 παρά
1488 5173 1582 5208 του
1631 5154 1847 5207 πώποτε

269 5251 489 5323 γραφὴν
533 5250 854 5321 ὑπομείνας.
896 5249 1260 5319 συκοφαντίας
1309 5246 1600 5317 γεγένηται
1640 5261 1848 5314 παραν-

268 5346 486 5415 άλωμα,
512 5344 635 5398 οὐδὲ
673 5345 786 5406 τοῖς
831 5342 1211 5414 τυμϐωρύχοις
1256 5339 1652 5413 παραπλησίως
1689 5337 1848 5404 ἀξιω-

345 5527 392 5560 ⁶⁵
423 5527 539 5584 Act.
567 5543 619 5591 v,
640 5524 730 5580 εν.
808 5524 852 5555 ⁸⁸
879 5523 1033 5577 Rom.
1061 5538 1166 5586 xtv,
1203 5521 1281 5576 10.

350 5683 472 5752 (67‘)
492 5682 550 5735 τὸ
572 5680 779 5750 δειχθέν
807 5677 988 5734 addidi
1015 5693 1046 5732 θ
1073 5677 1245 5746 Νηαρ.

459 5833 462 5836 .
519 5776 790 5836 Parnm"
836 5773 952 5832 (in.
1001 5768 1316 5830 LXXXIII.

2277 1568 2490 1624 LXXX.
2515 1601 2584 1608 —
2612 1569 2892 1626 Eutrechio
2922 1571 3178 1643 ρνωῙει-ῑο.

2014 1682 2183 1738 Valde
2220 1683 2452 1739 miratus
2487 1699 2629 1749 sum,
2658 1684 2726 1740 de
2755 1686 2984 1741 structis
3025 1697 3216 1741 contra
3251 1704 3352 1743 nos
3381 1691 3517 1746 insi-

1943 1773 2049 1828 diis
2077 1773 2214 1828 nihil
2240 1788 2361 1830 esse
2389 1774 2548 1829 nobis
2574 1791 2604 1829 a
2630 1775 3006 1846 magnitudine
3038 1787 3216 1833 vestra
3241 1781 3516 1850 signiﬁca-

1943 1875 2079 1920 tum.
2106 1866 2322 1920 Etenim
2358 1865 2456 1920 has
2485 1875 2733 1921 evertere
2767 1868 2999 1940 alicujus
3029 1869 3256 1925 fortasse
3282 1873 3516 1929 difﬁcul-

1943 1956 2072 2033 tatis
2101 1965 2222 2011 erat
2249 1957 2334 2020 iis,
2363 1957 2456 2026 qui
2482 1956 2696 2011 illarum
2725 1956 3019 2014 falsitatem
3048 1961 3376 2033 redarguere
3407 1980 3518 2022 non

1942 2032 2212 2119 possunt:
2249 2048 2316 2102 ad
2351 2064 2413 2102 ea
2446 2064 2576 2103 vero
2616 2050 2826 2120 1137
2856 2052 3144 2108 indicanda
3178 2032 3301 2124 qua:
3335 2067 3519 2114 struc-

1941 2141 2164 2205 bantur,
2189 2156 2298 2195 non
2322 2140 2565 2209 potentia
2589 2157 2728 2210 opus
2748 2142 2871 2207 fuit,
2891 2145 2985 2198 sed
3011 2145 3276 2201 benevolo
3296 2149 3519 2205 affectu.

1942 2232 2010 2287 Et
2042 2248 2141 2286 nos
2167 2232 2388 2301 quidem
2424 2232 2803 2302 sperabamus,
2838 2251 2964 2288 cum
3003 2235 3058 2289 in
3096 2237 3289 2291 urbem
3313 2241 3519 2310 regiam

1943 2325 2150 2379 accitus
2186 2340 2357 2390 esses,
2390 2332 2553 2395 atque
2588 2326 2858 2381 excelsam
2901 2327 3287 2397 prazfectorum
3333 2332 3520 2386 sedem

1945 2414 2240 2485 regendam
2285 2430 2622 2484 capesseres,
2659 2417 3063 2473 ecclesiasticos
3113 2428 3296 2474 motus
3331 2437 3524 2478 omnes

1945 2507 2356 2575 conquieturos.
2376 2507 2443 2561 At
2459 2521 2589 2562 vero
2615 2509 2806 2564 turbas
2827 2509 3034 2578 experti
3063 2526 3273 2576 sumus,
3291 2523 3525 2581 quantas

1944 2614 2045 2653 nec
2083 2600 2136 2652 in
2161 2599 2376 2652 discidii
2404 2598 2632 2653 exordio
2660 2600 2921 2655 vidimus.
2958 2600 3016 2654 In
3048 2602 3200 2656 luctu
3231 2603 3378 2656 enim
3402 2620 3526 2659 ver-

1943 2696 2136 2742 santur
2162 2688 2422 2765 Ecclesia:
2445 2689 2755 2754 Pbmnices,
2781 2691 3093 2760 pariterque
3135 2691 3190 2746 in
3221 2691 3372 2748 luctu
3403 2710 3526 2764 quae

1945 2778 2001 2832 in
2038 2779 2322 2834 Palaestina
2351 2785 2498 2844 sunt,
2523 2788 2586 2834 ut
2620 2780 2862 2835 referunt
2889 2796 3100 2848 omnes,
3127 2793 3185 2838 et
3212 2785 3305 2840 Dei
3335 2801 3525 2840 aman-

1947 2870 2283 2925 tissimorum
2309 2871 2694 2940 episc0porum
2721 2872 2922 2928 litterae
2939 2874 3157 2929 docent.
3175 2875 3414 2931 Gemunt
3429 2878 3526 2948 qui

1947 2961 2091 3029 apud
2127 2976 2229 3015 nos
2260 2971 2390 3016 sunt
2425 2962 2600 3016 sancti
2635 2975 2846 3026 omnes,
2870 2964 3183 3034 plangitque
3225 2967 3313 3036 pia
3347 2969 3528 3023 omnis

2356 3073 2368 3107 :
2423 3063 2479 3109 et
2533 3071 2658 3110 cum
2727 3056 3088 3125 pristinarum
3152 3059 3527 3114 molestiarum

1952 3144 2112 3200 finem
2159 3155 2624 3216 exspectaremus,
2662 3147 2716 3202 in
2755 3148 2890 3203 alias
2931 3164 3125 3204 rursus
3156 3151 3388 3221 conjecti
3431 3168 3527 3207 su-

1951 3255 2092 3292 mus.
2125 3239 2366 3306 Relegati
2395 3240 2541 3292 enim
2585 3255 2649 3293 ac
2691 3239 3096 3311 circumscripti
3139 3242 3281 3314 Cyro
3314 3260 3529 3310 sumus,

1951 3330 1995 3382 si
2048 3344 2239 3382 verum
2289 3338 2374 3383 est
2414 3329 2932 3392 commonitorium,
2983 3331 3130 3400 quod
3181 3336 3526 3404 accepimus,

1949 3419 2096 3489 quod
2123 3418 2348 3473 victoris
2378 3419 2551 3487 ipsius
2576 3418 2806 3488 Augusti
2834 3434 2997 3474 manu
3028 3423 3290 3490 scriptum
3324 3427 3528 3491 ferunt,

1949 3518 2006 3564 et
2063 3510 2138 3563 ita
2187 3524 2244 3564 se
2299 3508 2516 3562 habet:
2569 3527 2586 3558 ι
2625 3508 2894 3574 Quoniam
2948 3508 3038 3563 ille
3092 3510 3329 3566 civitatis
3383 3515 3531 3570 illius

1949 3601 2243 3670 episcopus
2299 3599 2519 3654 assidue
2572 3607 2869 3670 congregat
2914 3598 3186 3671 synodos,
3236 3603 3530 3673 turbatque

1949 3707 2015 3748 ea
2062 3707 2153 3746 res
2198 3690 2557 3754 orthodoxos,
2594 3690 2662 3744 da
2700 3704 2922 3760 operam
2963 3694 3285 3762 congruenti
3338 3695 3530 3750 mode-

1950 3780 2165 3834 ratione
2199 3795 2262 3834 ac
2291 3778 2604 3849 prudentia,
2641 3787 2703 3834 ut
2743 3779 2791 3835 is
2819 3779 2961 3852 Cyro
2998 3797 3058 3836 se
3098 3783 3395 3849 contineat,
3427 3801 3531 3841 nec

1949 3871 2019 3925 ad
2040 3870 2200 3924 aliam
2218 3870 2497 3924 civitatem
2531 3869 2964 3940 proficiscatur.»
2988 3872 3102 3942 Ego
3122 3873 3288 3944 igitur
3313 3875 3366 3929 in
3401 3891 3532 3931 sen-

1951 3960 2121 4016 tentia
2155 3960 2428 4029 acquievi,
2460 3969 2516 4014 et
2551 3961 2793 4030 quietem
2837 3961 3117 4031 amplexus
3150 3979 3293 4020 sum.
3321 3966 3531 4022 Testis-

1950 4069 2056 4124 que
2086 4051 2253 4106 animi
2290 4051 2396 4106 mei
2430 4061 2514 4106 est
2544 4052 2866 4123 magnitudo
2895 4057 2912 4075 '
2941 4063 3054 4110 tua.
3082 4054 3194 4111 Scit
3220 4057 3390 4124 enim,
3421 4074 3531 4129 quo

1949 4154 2138 4215 pacto,
2183 4143 2531 4199 Antiochiam
2581 4160 2707 4199 cum
2755 4145 3058 4210 venissem,
3099 4162 3209 4202 non
3261 4149 3534 4204 valedicto

1949 4237 2199 4301 exierim,
2241 4245 2468 4306 propter
2506 4251 2601 4291 eos
2640 4235 2734 4305 qui
2765 4251 2852 4292 me
2887 4237 3023 4292 inibi
3065 4238 3310 4294 detinere
3337 4243 3531 4310 cupie-

1951 4330 2101 4385 bant.
2138 4329 2245 4384 Sed
2279 4329 2466 4400 injurii
2499 4329 2691 4398 procul
2724 4328 2893 4384 dubio
2923 4328 3166 4395 fuerunt,
3206 4333 3300 4401 qui
3343 4332 3536 4386 ambas

1948 4438 2107 4478 aures
2148 4421 2639 4478 calumniatoribus
2667 4420 2961 4487 dederunt,
2986 4437 3090 4478 nec
3116 4423 3340 4479 alteram
3369 4423 3534 4478 nobis

1949 4523 2322 4570 reservarunt.
2370 4513 2506 4569 Nam
2556 4521 2612 4568 et
2661 4513 2976 4579 homicidis,
3020 4520 3078 4569 et
3122 4514 3332 4569 alienos
3380 4522 3534 4568 toros

1948 4607 2368 4669 invadentibus,
2423 4605 2762 4659 defensionis
2814 4605 2968 4661 locus
3023 4605 3377 4671 conceditur;
3429 4621 3532 4660 nec

1947 4701 2104 4770 prius
2155 4697 2525 4752 damnationis
2573 4696 2789 4766 1138
2844 4697 3167 4751 sententiam
3225 4696 3526 4767 excipiunt.

1948 4807 2112 4862 quam
2155 4797 2450 4861 praesentes
2491 4787 2728 4842 convicti
2767 4786 2993 4849 fuerint,
3031 4787 3115 4840 vel
3149 4786 3406 4850 confessi,
3438 4801 3534 4840 vc-

1955 4897 2071 4937 ram
2094 4895 2214 4936 esse
2244 4878 2705 4934 criminationem.
2735 4876 2802 4931 At
2826 4877 3090 4947 pontifex,
3117 4878 3210 4947 qui
3244 4877 3531 4946 episcopa-

1948 4990 2064 5033 tum
2117 4969 2313 5041 viginti
2359 4969 2603 5040 quinque
2653 4966 2812 5022 annis
2857 4967 3055 5038 gessit,
3111 4976 3166 5021 ct
3218 4966 3532 5036 priecedeus

1951 5081 2168 5139 tempus
2213 5066 2266 5120 in
2313 5063 2650 5119 monasterio
2693 5061 2870 5122 duxit,
2903 5059 2997 5129 qui
3028 5075 3130 5114 nec
3169 5058 3347 5113 forum
3377 5059 3532 5129 judi—

1949 5159 2089 5214 ciale
2149 5152 2518 5225 interpellavit
2566 5165 2830 5220 unquam,
2861 5165 2962 5203 nec
3014 5148 3083 5203 ab
3126 5147 3238 5200 ullo
3288 5161 3534 5216 unquam.

1952 5267 2082 5306 reus
2114 5257 2198 5304 est
2229 5256 2503 5317 peractus,
2541 5242 2830 5298 calumniae
2868 5241 3044 5295 factus
3082 5247 3165 5294 est
3202 5238 3528 5299 ludibrium,

1952 5357 2023 5396 ne
2061 5340 2113 5394 id
2151 5338 2371 5409 quidem
2401 5335 2545 5406 quod
2583 5333 2965 5406 sepulcrorum
3005 5331 3325 5387 cﬂ‘ractores
3355 5328 3532 5385 scient

3159 5754 3237 5816 40
