3924 6192
509 176 642 267 1259

1514 208 1995 267 TIIEODORETI
2037 208 2370 268 EI’ISCOPI
2411 210 2769 272 CYRENSIS
3541 237 3624 304 1350

505 326 854 382 consecutus,
883 327 944 372 ut
977 319 1405 389 interrogaretur
1445 336 1512 374 an
1544 337 1669 374 vera
1709 323 1818 376 sint
1851 323 1918 380 de
1957 324 2059 392 qui-

2187 323 2298 386 θεὶς
2341 325 2593 390 δέξασθαι
2637 328 2849 394 πεῦσιν,
2902 332 2948 382 εί
2989 333 3165 404 ἁληθῆ
3193 336 3256 390 τὰ
3287 353 3635 421 κατηγορήματα,

506 411 607 464 bus
646 397 1029 464 insimulatur.
1083 410 1340 479 Injuriam
1386 427 1517 480 ergo
1565 413 1642 466 illi
1688 412 1952 478 fecerunt,
1980 430 2080 484 ego

502 515 633 554 vero
661 499 917 570 injuriam
943 514 1052 554 non
1083 514 1202 553 sum
1241 516 1435 568 passus
1467 519 1479 553 :
1509 501 1639 570 quin
1671 511 1726 556 et
1753 504 1984 573 majores
2010 504 2076 557 ad

501 592 780 647 molestias
821 599 1046 661 paratus
1086 607 1227 645 sum.
1273 591 1428 645 Licet
1465 593 1610 646 enim
1657 594 1838 648 decies
1881 595 2078 649 millies

501 683 876 752 indignentur,
905 681 1050 749 quod
1097 681 1386 736 thnices
1417 682 1614 736 damna
1651 685 1846 746 defleo,
1884 685 1934 738 id
1975 701 2076 754 ego

499 773 678 828 facere
707 788 816 826 non
847 771 1114 835 desinam,
1141 773 1383 841 quandiu
1420 775 1535 828 haec
1563 775 1740 828 video.
1774 775 1902 845 Mihi
1928 777 2074 830 enim

499 863 846 918 formidabile
886 863 1060 916 solum
1095 872 1178 917 est
1214 864 1461 918 divinum
1487 866 1775 936 judicium.
1802 868 2073 921 Caeterum

497 955 607 1010 illis
629 953 850 1024 quidem
881 954 949 1007 ab
979 954 1360 1009 universorum
1391 958 1503 1012 Deo
1533 960 1744 1013 veniam
1769 968 1897 1029 opto
1925 978 1937 1012 :
1973 961 2072 1014 tibi

495 1062 647 1110 vero,
674 1055 734 1100 ut
770 1048 979 1116 integra
1008 1062 1224 1116 semper
1251 1048 1391 1102 fama
1430 1051 1600 1112 vivas,
1631 1061 1685 1104 et
1717 1052 1874 1106 bonis
1899 1052 2074 1106 omni-

498 1137 598 1190 bus
634 1138 889 1202 excellas,
926 1138 1211 1192 mendacio
1240 1139 1413 1194 libere
1443 1141 1697 1205 obsistas,
1734 1149 1788 1195 et
1826 1142 2073 1197 veritatis

495 1237 678 1297 partes
711 1237 918 1283 tueare.
953 1227 1138 1284 Sciant
1163 1245 1330 1298 porro
1353 1231 1446 1298 qui
1475 1232 1574 1285 ista
1601 1232 1892 1286 machinati
1920 1241 2068 1298 sunt,

493 1318 559 1371 ad
605 1319 827 1372 ultimas
857 1319 986 1372 licet
1021 1335 1146 1373 oras
1178 1328 1448 1373 terrarum
1481 1320 1778 1386 discedam,
1811 1339 1917 1377 non
1949 1341 2073 1393 per-

495 1411 788 1464 missurum
825 1410 994 1463 Deum
1021 1419 1079 1463 ut
1107 1410 1268 1479 impia
1300 1411 1549 1481 dogmata
1586 1411 1940 1478 invaleseant,
1973 1415 2068 1468 sed

493 1512 628 1556 nutu
661 1517 760 1556 suo
782 1502 1092 1557 deleturum
1118 1518 1214 1558 eos
1235 1504 1328 1573 qui
1354 1506 1558 1559 nefaria
1587 1507 1837 1576 dogmata
1864 1516 2070 1562 sectan-

495 1602 600 1647 tur.

868 1725 1113 1782 LXXXI.
1144 1759 1211 1766 -—
1247 1726 1411 1780 Nemo
1445 1730 1665 1782 consuli.

562 1867 719 1921 Brevi
755 1868 976 1936 quidem
1008 1869 1113 1923 dici
1143 1869 1410 1938 particula
1451 1870 1656 1937 potitus
1695 1887 1815 1925 sum
1859 1879 2070 1942 magni-

493 1957 707 2011 licentia
743 1965 854 2019 tua,
895 1972 1018 2010 cum
1049 1967 1234 2026 optato
1269 1973 1353 2010 me
1388 1958 1668 2012 orbaverit
1698 1960 1936 2014 violenta
1977 1956 2068 2015 n'e-

490 2048 717 2104 cessitas
746 2066 757 2099 :
790 2048 1075 2116 sperabam
1119 2058 1321 2110 tamen,
1363 2049 1446 2102 vel
1489 2050 1711 2104 brevem
1750 2051 1896 2106 hunc
1933 2069 2067 2107 eon-

488 2155 737 2210 gressum
769 2139 1011 2194 fomitem
1044 2140 1436 2195 benevolentia:
1468 2141 1906 2213 ardentiorisque
1938 2145 2070 2199 affe-

489 2239 610 2286 ctus
650 2231 916 2294 futurum,
963 2231 1058 2286 sed
1102 2247 1196 2300 spe
1240 2248 1358 2286 mea
1391 2232 1690 2288 frustratus
1729 2251 1870 2288 sum.
1906 2237 2068 2292 Binas

485 2321 633 2376 enim
673 2337 796 2375 cum
840 2323 1049 2376 litteras
1075 2323 1184 2392 jam
1218 2322 1555 2390 scripserim,
1587 2339 1907 2394 responsum
1941 2329 2066 2381 nul-

486 2412 600 2464 lum
632 2411 840 2479 accepi,
863 2420 914 2465 et
948 2412 1296 2480 imperatoris
1326 2412 1550 2467 decreto
1576 2413 1864 2482 Cyrestica:
1893 2419 2068 2486 regio-

485 2499 575 2552 nis
609 2499 810 2552 finibus
845 2500 1059 2569 1139
1089 2501 1275 2569 egredi
1321 2511 1497 2556 vetor.
1544 2503 1724 2560 Causa
1761 2522 1893 2570 vero
1937 2509 2067 2562 huic

486 2605 610 2660 quae
652 2589 872 2645 videtur
919 2590 1257 2646 damnationi
1306 2593 1552 2662 apposita
1599 2604 1683 2650 est
1725 2597 1908 2662 nulla,
1960 2599 2064 2656 nisi

486 2680 634 2750 quod
670 2680 1058 2750 episcoporum
1085 2683 1322 2750 synodos
1358 2699 1647 2757 congrege.
1675 2687 1740 2741 Et
1771 2703 1949 2759 neque
1979 2707 2067 2746 ae-

485 2773 768 2828 cusatione
814 2773 1110 2841 patefacta,
1148 2790 1326 2844 neque
1371 2785 1555 2832 actore
1602 2789 1918 2848 apparente,
1967 2798 2065 2838 ne-

483 2879 591 2933 que
621 2878 717 2918 reo
745 2864 1021 2928 convicto,
1058 2866 1271 2933 prolata
1315 2878 1400 2923 est
1442 2872 1736 2926 sententia.
1768 2874 1836 2927 Et
1867 2875 1923 2929 in
1963 2876 2064 2932 hac

483 2956 501 2973 '
529 2968 632 3008 nos
683 2951 1086 3022 acquiescimus
1131 2966 1318 3022 parata
1370 2960 1648 3026 Oppressis
1686 2963 1907 3030 praemia
1952 2981 2060 3019 non
2091 2982 2130 3035 ο

484 3043 816 3115 ignorantes.
839 3043 1060 3096 Festum
1083 3059 1212 3098 sane
1232 3046 1380 3110 novi,
1399 3049 1770 3105 Romanorum
1795 3053 1840 3106 is
1855 3069 2057 3122 praeses

482 3141 633 3197 erat,
679 3133 992 3187 Judmorum
1032 3134 1488 3190 administrationi
1537 3144 1880 3209 praepositus,
1929 3161 2054 3198 cum

483 3223 656 3279 divini
683 3223 835 3277 Pauli
863 3223 1064 3278 caedem
1088 3223 1392 3294 ﬂagitarent
1411 3229 1606 3292 Judaei,
1633 3232 1807 3300 palam
1835 3251 2059 3304 respon-

483 3314 630 3370 disse
679 3333 691 3367 :
741 3333 760 3364 ‹
806 3314 924 3369 Non
971 3322 1056 3368 est
1099 3316 1359 3373 Romanis
1403 3323 1747 3377 consuetudo
1795 3324 2055 3382 damnare

479 3407 720 3476 aliquem
778 3407 1090 3473 hominem,
1145 3409 1460 3478 priusquam
1517 3412 1564 3466 is
1615 3415 1710 3483 qui
1763 3425 2055 3472 accusatur

481 3506 780 3568 praesentes
835 3497 1036 3552 habeat
1087 3507 1468 3563 accusatores,
1520 3501 1812 3572 locumque
1862 3505 2053 3560 defen-

481 3587 645 3642 dendi
674 3587 908 3657 accipiat
933 3587 1000 3642 ad
1027 3587 1298 3642 abluenda
1327 3588 1559 3643 crimina
1584 3591 1647 3645 ⁸⁷.
1683 3611 1700 3642 δ
1734 3592 1912 3662 Atque
1940 3596 2054 3651 ιιωο

479 3677 702 3732 dicebat
739 3677 922 3741 homo,
953 3678 1047 3746 qui
1085 3677 1305 3733 Christo
1346 3679 1578 3735 Domino
1620 3697 1727 3736 non
1772 3685 2050 3750 credebat,

480 3769 576 3823 sed
620 3768 891 3823 idolorum
920 3769 1099 3823 errori
1127 3769 1420 3824 serviebat.
1449 3771 1562 3842 Ego
1592 3788 1724 3828 vero
1751 3791 1852 3830 nec
1880 3776 2052 3831 inter-

479 3867 700 3928 rogatus
733 3867 921 3914 utrum
963 3859 1201 3930 synodos
1243 3875 1587 3932 congregem,
1632 3880 1825 3930 necne,
1858 3875 1915 3922 et
1943 3885 2049 3938 qua

478 3948 546 4003 de
570 3964 731 4004 causa
760 3964 1107 4020 congregem,
1138 3959 1196 4006 et
1229 3951 1362 4021 quid
1386 3952 1511 4007 mali
1540 3968 1605 4008 ea
1637 3971 1724 4010 res
1750 3957 1942 4012 afferat
1964 3960 2048 4014 vel

475 4044 868 4100 ecclesiasticis
914 4046 1098 4111 rebus,
1124 4048 1212 4102 vel
1254 4047 1525 4118 publicis,
1572 4049 1800 4118 perinde
1850 4062 1910 4108 ut
1955 4055 2048 4124 qui

474 4135 796 4205 gravissime
819 4137 1171 4208 deliquerunt
1210 4139 1279 4194 ab
1313 4141 1435 4196 aliis
1463 4156 1657 4196 arceor
1693 4143 2046 4214 civitatibus;

475 4228 559 4281 vel
602 4228 784 4297 potius
824 4229 1036 4284 caeteris
1079 4230 1300 4300 quidem
1341 4231 1600 4285 omnibus
1633 4247 1823 4288 omnes
1863 4243 2050 4304 patent

2193 417 2333 469 οΑλλε
2379 421 2426 472 οε
2467 421 2565 490 μὲν
2602 421 2885 491 ἠδίκησαν,
2918 424 3028 492 ἐγὼ
3061 426 3116 478 δὲ
3153 428 3246 481 οὐκ
3274 417 3649 507 eamme—am.

2181 511 2274 561 καὶ
2307 512 2385 574 είς
2430 512 2648 581 μείζους
2687 515 2876 584 ἀηδίας
2909 516 3294 588 ηὐτρέπισμαι.
3322 525 3425 580 Κᾶν
3456 533 3540 603 γὰρ
3575 523 3649 605 μυ]

2181 597 2362 668 ριάκις
2421 599 2864 668 δυσχεραίνουσιν
2906 605 2986 656 δτι
3039 603 3219 676 Θρηνῶ
3241 610 3329 679 τῆς
3357 597 3559 690 Φοινίκης
3575 597 3642 691 τὰς

2180 691 2480 761 συμφορὰς,
2512 693 2573 744 οὐ
2613 693 2890 764 παύσομαι
2925 697 3079 751 τοῦτο
3106 701 3270 752 ποιῶν
3295 702 3387 767 ἕως
3421 708 3474 761 ἃν
3501 715 3644 782 ταύτας

2177 781 2304 850 ὁρῶ.
2334 782 2508 835 Μόνον
2545 785 2652 855 γάρ
2677 803 2766 854 μοι
2797 787 3023 857 φοϐερὸν
3048 789 3109 842 τὸ
3131 791 3266 845 θεῖον
3295 801 3548 871 κριτήριον.
3571 781 3644 860 Ai.

2175 873 2301 936 τοὺς
2346 873 2401 926 δὲ
2444 875 2592 945 ὅμως
2637 875 2866 949 εὔχομαι
2923 882 3248 953 συγγνώμης
3286 891 3420 960 παρὰ
3447 894 3524 946 τοῦ
3553 897 3646 953 Θειῦ

2174 963 2282 1014 τῶν
2318 964 2455 1017 ὅλων
2483 969 2682 1035 τυχεῖν
2713 969 2771 1021 τὸ
2795 969 2851 1023 δὲ
2876 971 3138 1044 ὑμέτερον
3173 975 3386 1045 μέγεθος
3404 982 3475 1035 ἀεὶ
3497 987 3571 1054 μὲν
3589 992 3647 1041 ti-

2175 1054 2437 1124 δοκιμεῖν,
2457 1057 2547 1109 καὶ
2566 1057 2885 1128 διαπρέπειν
2912 1065 2968 1115 ἐν
2995 1063 3166 1117 ἅπασι
3192 1069 3300 1131 τοῖς
3327 1071 3534 1140 ἀγαθοῖς,
3555 1082 3651 1132 κατὰ

2173 1145 2229 1198 δὲ
2273 1147 2363 1199 τοῦ
2406 1147 2633 1217 ψεύδους
2679 1154 3172 1224 παρρησιάζεσθαι,
3212 1160 3301 1211 καὶ
3349 1162 3435 1232 τῆς
3462 1165 3651 1236 ἀληθείας

2175 1237 2805 1308 ὑπερμαχείν.“’ῐστωσαν
2829 1244 2885 1296 δὲ
2923 1247 2970 1298 οἱ
3000 1247 3172 1302 ταῦτα
3215 1256 3652 1322 κατασκευάσαντες,

2177 1327 2252 1390 ὼς
2294 1329 2395 1381 κᾶν
2441 1333 2520 1393 εἰς
2557 1332 2656 1394 τὰς
2690 1333 2944 1403 ἐσχατιὰς
2991 1338 3092 1407 τῆς
3133 1341 3437 1413 οἰκουμένης
3475 1347 3651 1412 ἀπέλθω,

2173 1420 2272 1472 οὐκ
2311 1421 2462 1474 ἐάσει
2504 1421 2634 1486 Θεὸς
2670 1424 2740 1478 τὰ
2779 1426 3011 1499 δυσσεϐῆ
3051 1429 3294 1501 δόγματα
3343 1440 3654 1508 κρατυνθῆνσι,

2172 1508 2304 1560 ἀλλὰ
2351 1508 2547 1574 νεύσει,
2597 1512 2690 1564 καὶ
2744 1515 3036 1568 καταλύσει
3069 1519 3195 1582 τοὺς
3235 1520 3302 1573 τὰ
3343 1527 3532 1594 μυσαρὰ
3564 1527 3656 1597 θρη-

2177 1600 2464 1662 σκεύοντας
2497 1603 2759 1672 δόγματα.

2562 1735 2776 1791 ΠΑ’.-
2793 1741 2967 1808 Νόμῳ
2997 1742 3199 1807 ὑπάτῳ
3225 1745 3351 1813 (68).

2258 1851 2342 1900 Ἐν
2377 1849 2566 1920 βραχεί
2597 1852 2694 1921 μὲν
2733 1854 2944 1923 ἡμέρας
2980 1856 3153 1926 μορίῳ
3198 1860 3296 1927 τῆς
3329 1858 3562 1929 ὑμετέρας
3595 1879 3662 1930 μευ

2175 1941 2475 2010 ’,αλοςςυῖας
2511 1944 2825 2014 ἁπήλαυσα,
2855 1946 3036 2015 βιαίας
3072 1949 3318 2019 ἀνάγκης
3358 1967 3418 2020 με
3455 1954 3662 2022 στερησά-

2174 2050 2272 2099 σης
2292 2033 2384 2084 τοῦ
2416 2033 2765 2104 ποθουμένου.
2799 2037 3039 2090 Ἤλττισα
3061 2039 3116 2090 δὲ
3147 2041 3241 2092 καὶ
3272 2040 3366 2111 τὴν
3395 2044 3565 2112 μικρὰν
3584 2059 3667 2094 συν-

2171 2123 2358 2176 ουσίαν
2391 2122 2642 2194 ζώπυρον
2683 2126 2898 2189 εὐνοίας
2951 2127 3046 2180 καὶ
3095 2127 3307 2198 θερμῆς
3356 2129 3544 2184 ἔσεσθαι
3590 2131 3666 2183 δια·
3756 2135 3757 2170 l

2172 2213 2378 2276 θέσεως
2402 2231 2414 2244 ·
2454 2214 2723 2283 ἐψεύσθην
2763 2215 2818 2268 δὲ
2853 2216 2952 2285 τῆς
2983 2217 3215 2280 ἐλπίδος.
3249 2219 3338 2283 Δὶς
3372 2222 3460 2291 μὲν
3489 2221 3578 2293 γὰρ
3600 2223 3667 2292 ἤδη

2170 2304 2498 2375 γεγραφὼς,
2553 2306 2899 2376 ἀντιγράφων
2963 2309 3061 2362 οὐκ
3115 2309 3333 2381 ἔτυχονο
3377 2312 3590 2383 βασιλικῇ
3631 2315 3666 2364 δὲ

2168 2394 2334 2465 ψήφῳ
2363 2395 2463 2464 τῆς
2494 2397 2787 2465 Κυρεστῶν
2821 2397 2931 2467 (69)
2969 2397 3154 2468 χώρας
3201 2403 3329 2465 τοὺς
3367 2405 3511 2472 ὅρους
3553 2405 3664 2472 ὑπερ-

2169 2487 2374 2539 ϐαίνειν
2424 2487 2764 2558 κεκώλυμαι.
2816 2489 2973 2542 Αίτία
3029 2491 3086 2543 δὲ
3121 2493 3347 2564 οὐδεμία
3401 2497 3459 2566 τῇ
3499 2495 3668 2563 δοκοὲςῃ

2169 2579 2488 2650 πρόσκειται
2518 2581 2778 2652 τιμωρίᾳ,
2813 2579 2928 2634 ἀλλ’
2963 2581 3046 2634 ὅτι
3092 2584 3350 2648 συνόδους
3381 2587 3673 2646 ὲπισκοπιχᾶς

2168 2671 2525 2742 συναθροίζω.
2554 2674 2666 2726 Καὶ
2697 2673 2820 2726 οὔτε
2850 2674 3068 2744 γραφῆς
3097 2675 3469 2748 δεικνυμένης,
3488 2677 3587 2730 οὗτε
3608 2675 3670 2727 τοῦ

2166 2763 2452 2827 διώκοντος
2485 2765 2830 2833 φαινομένου,
2861 2765 2985 2818 οὒτε
3015 2766 3108 2819 τοῦ
3141 2769 3434 2838 φεύγοντος
3463 2766 3674 2836 ἐλεγχθέν-

2165 2873 2276 2919 τος,
2307 2858 2338 2926 ἡ
2370 2857 2547 2926 ψῆφος
2579 2857 2864 2926 ἐξηνέχθη.
2907 2859 3016 2909 Καὶ
3047 2858 3350 2928 στέργομεν
3383 2859 3484 2924 (70)
3507 2859 3670 2925 ταύτην,

2166 2947 2272 2998 τῶν
2302 2948 2673 3016 ἀδικουμένων
2699 2951 2797 3011 τὰς
2828 2949 3128 3012 ἀντιδόσεις
3163 2948 3521 3012 εἰδότες.οἶδα
3547 2950 3675 3020 μέντοι

2163 3038 2254 3090 τὸν
2276 3038 2484 3107 Φῆστον
2506 3039 2826 3110 (Ῥωμαίων
2859 3040 2915 3092 δὲ
2949 3035 3016 3111 ἦν
3038 3036 3195 3104 οὗτος
3226 3041 3446 3112 ἡγεμὼν
3473 3042 3558 3111 τὴν
3587 3041 3674 3092 Ίονο

2163 3129 2328 3183 δαίων
2360 3129 2615 3194 εὐταξίαν
2645 3131 3129 3200 πεπιστευμένος),
3166 3134 3449 3205 ᾑτηκότων
3467 3133 3558 3185 τῶν
3583 3132 3676 3184 ἰουο

2162 3220 2326 3274 δαίων
2356 3222 2456 3293 τὴν
2494 3220 2588 3273 τοῦ
2625 3221 2912 3276 θεσπεσίου
2953 3223 3168 3276 Παύλου
3220 3225 3454 3296 σφαγὴν,
3482 3224 3676 3291 ἄντικρυς

2163 3312 2425 3385 εἰρηκότα
2442 3330 2454 3340 '
2479 3332 2496 3363 ι
2519 3315 2630 3366 Οὐκ
2649 3311 2856 3376 ἔξεστιν
2879 3314 3011 3383 ἡμῖν
3046 3314 3350 3382 Ῥωμαίοις
3373 3309 3484 3367 οὖσι
3511 3308 3675 3382 χαρίζε-

2166 3406 2290 3460 σθαι
2331 3407 2652 3476 ἄνθρωπον,
2703 3407 2831 3476 πρὶν
2876 3406 2942 3460 ἂν
2991 3409 3020 3460 6
3071 3407 3541 3478 κατηγορούμενος
3579 3399 3679 3456 uti

2163 3497 2456 3566 πρόσωπον
2481 3496 2634 3566 σχοίη
2681 3497 2804 3559 τοὺς
2843 3498 3210 3567 κατηγόρους,
3244 3498 3413 3550 τόπον
3454 3512 3507 3549 τε
3537 3492 3676 3547 datio-

2161 3587 2284 3656 γίας
2307 3586 2461 3639 λάϐοι
2496 3587 2625 3657 ’περὶ¹
2651 3587 2742 3640 τοῦ
2774 3587 3143 3657 ἐγκλήματος.
3173 3607 3192 3638 ι
3229 3589 3346 3642 Καὶ
3373 3585 3530 3641 ταῦτα
3549 3586 3678 3648 θίγεν

2161 3679 2444 3749 ἄνθρωπος
2473 3680 2532 3732 οὐ
2559 3678 2938 3741 πεπιστευκὼς
2963 3678 3038 3748 τῷ
3069 3680 3324 3749 Δεσπότῃ
3351 3676 3567 3749 Χριστῷ,
3587 3670 3677 3726 ἀλλά

2159 3774 2224 3842 τῇ
2248 3769 2492 3840 πολυθέῳ
2517 3769 2693 3840 πλάνῃ
2714 3769 3000 3823 δουλεύων.
3035 3768 3181 3837 Ἐγὼ
3214 3771 3276 3824 δὲ
3303 3769 3427 3822 οὔτε
3454 3765 3678 3838 tanta“;

2160 3861 2270 3913 εἴτε
2299 3860 2514 3928 συνάγω
2542 3860 2813 3925 συνόδους,
2847 3860 2956 3911 εἴτε
2981 3859 3079 3930 μὴ,
3103 3859 3205 3912 καὶ
3241 3861 3338 3912 ἐπὶ
3366 3860 3468 3912 τίσι
3501 3855 3674 3919 συνάγω.

2160 3953 2255 4005 καὶ
2284 3952 2336 4004 τί
2389 3951 2546 4005 τοῦτο
2579 3950 2899 4021 λυμαίνεται
2939 3951 2970 4021 ἢ
3018 3953 3131 4014 τοῖς
3183 3943 3676 4019 ὲκκ).ησιαστικεῖ;,ῆ

2159 4050 2268 4109 τοῖς
2305 4048 2525 4108 κοινοῖς,
2544 4047 2657 4107 τοῖς
2683 4043 2916 4114 μέγιστα
2947 4042 3059 4117 (71)
3095 4043 3521 4114 παρανομήσασι
3551 4051 3674 4102 παρα·
3756 4051 3757 4092 l

2161 4136 2401 4206 πλησίως
2428 4135 2534 4189 τῶν
2556 4135 2730 4190 ἄλλων
2755 4135 3010 4205 εἴργομαι
3037 4134 3254 4186 πόλεων
3274 4150 3291 4165 ·
3332 4133 3522 4205 μᾶλλον
3545 4129 3589 4181 δὲ
3607 4125 3678 4182 τοῖς

2166 4183 2265 4206 ’“”Ἰ
2287 4183 2399 4200 ⁷⁷-ν
2438 4183 2527 4189 ⁷-⁷
2558 4183 2723 4190 ⁷”“““””’
2757 4183 3008 4205 "rl't“"'
3043 4183 3116 4186 7‘"
3146 4183 3244 4186 ""
3332 4183 3393 4205 ἵν’
3463 4183 3485 4184 ⁷⁷

2160 4235 2258 4299 μὲν
2298 4228 2479 4292 ἄλλοις
2531 4229 2703 4282 ἅπασι
2741 4227 2888 4280 πᾶσα
2934 4224 3088 4288 πόλις
3142 4225 3445 4294 ἀνέῳκται,
3485 4221 3538 4274 οὐ
3571 4217 3674 4286 μίγη
3755 4183 3757 4290 4

473 4317 744 4382 civitates,
776 4334 886 4374 non
919 4319 1036 4374 Arii
1076 4319 1242 4375 modo
1267 4330 1323 4375 et
1354 4317 1610 4374 Eunomii
1653 4303 2046 4391 sectatoribus,

2162 4324 2265 4384 τοῖς
2297 4320 2367 4373 τὰ
2401 4319 2611 4391 Ἀρείου
2647 4319 2740 4372 καὶ
2792 4317 3060 4388 Εὑνομίου
3097 4315 3427 4385 φρονοῦσιν,
3464 4307 3580 4366 ἀλλὰ
3622 4303 3680 4355 xz".

471 4425 663 4464 verum
694 4411 859 4465 etiam
891 4410 1204 4465 Manichzeis
1247 4419 1303 4466 et
1350 4411 1734 4479 Marcionistis,
1767 4423 1823 4468 et
1851 4415 2050 4470 Valen-

475 4500 573 4554 tini
622 4515 687 4556 ac
735 4499 978 4556 Montani
1031 4500 1226 4554 morbo
1268 4501 1665 4565 laborantibus,
1701 4508 1865 4572 atque
1913 4505 2050 4561 adeo

471 4595 768 4662 gentilibus
790 4602 846 4649 et
867 4593 1072 4650 Iudaeis
1107 4611 1120 4646 :
1147 4609 1248 4666 ego
1273 4609 1427 4656 vero,
1453 4594 1548 4664 qui
1577 4609 1677 4664 pro
1705 4595 2051 4664 dogmatibus

447 4683 803 4752 jevangelicis
847 4697 1051 4752 pugno,
1089 4682 1160 4738 ab
1196 4684 1346 4738 omni
1391 4684 1655 4740 excludor
1706 4685 1946 4742 civitate.
1981 4689 2050 4744 At

467 4773 614 4827 enim
645 4783 774 4828 sunt
795 4774 888 4844 qui
913 4773 1098 4830 dicant
1126 4775 1214 4830 his
1242 4776 1514 4832 contraria
1541 4793 1642 4834 nos
1669 4779 1894 4835 sentire.
1925 4779 2043 4835 Fiat

467 4863 636 4934 igitur
654 4866 946 4920 concilium
973 4884 985 4919 :
1007 4866 1194 4921 adsint
1213 4882 1280 4922 ex
1301 4867 1397 4922 Dei
1421 4870 1813 4926 amantissimis
1828 4872 2043 4942 episco-

467 4953 553 5024 pis
600 4956 692 5023 qui
742 4956 992 5033 judicare
1042 4959 1269 5020 norint,
1322 4959 1505 5014 adsint
1551 4975 1617 5015 ex
1670 4962 1951 5018 honoratis
1986 4973 2043 5018 et

465 5046 899 5117 magistratibus,
931 5049 1024 5118 qui
1074 5065 1160 5103 res
1206 5050 1422 5104 divinas
1467 5061 1594 5106 sunt
1639 5052 1847 5119 cdocti;
1889 5053 2038 5109 dica-

536 5200 576 5229 "
605 5199 725 5254 Act.
761 5217 880 5265 xxv,
913 5201 996 5254 16.

537 5350 644 5422 (68)
675 5352 924 5422 ὑπατικῷ
944 5352 1462 5415 volebatBaronius,
1481 5351 2034 5410 eontradicenteGar-

464 5421 620 5490 nerio
647 5423 711 5477 ad
753 5421 905 5477 hanc
927 5423 1232 5490 epistolam.

679 5489 1007 5562 ᾕυρρεστῶν
1041 5493 1208 5561 Neap.

536 5558 653 5630 (70),
679 5558 918 5630 ῌίέσκαὶ
947 5563 1130 5630 στέργ.
1150 5558 1221 5599 ἐς
1245 5561 1444 5624 εἰδότες
1473 5566 1555 5618 vel
1588 5582 1617 5620 a
1652 5566 1912 5622 Vaticano
1941 5580 2032 5618 co-

465 5627 585 5680 dice
610 5627 858 5690 abfuere,
886 5628 970 5680 vel
1017 5627 1074 5681 in
1104 5631 1558 5700 interpretatione
1604 5637 1718 5690 sive
1764 5653 1793 5690 a
1843 5635 2030 5698 Melie,

2150 4413 2493 4484 Μανιχαίοις,
2522 4412 2616 4464 καὶ
2659 4410 3130 4480 Μαρκιωνισταῖς,
3160 4408 3263 4460 καὶ
3310 4409 3430 4468 τοῖς
3455 4405 3516 4462 τὰ
3538 4398 3678 4452 3115"“

2148 4503 2315 4568 τίνου,
2342 4503 2435 4557 καὶ
2458 4501 2740 4557 Μοντανοῦ
2764 4500 3000 4564 νοσοῦσι,
3039 4498 3135 4552 καὶ
3169 4499 3370 4568 μέντοι
3412 4498 3502 4550 καὶ
3517 4490 3682 4555 Ἕλληει

2149 4593 2243 4645 καὶ
2277 4591 2550 4654 Ἰουδαίοις
2575 4608 2587 4620 ·
2618 4590 2728 4658 ἐγὼ
2757 4589 2834 4654 δὲ,
2874 4589 2984 4640 τῶν
3018 4587 3414 4655 εὐαγγελικῶν
3461 4586 3680 4671 ὑπεριῒξξθς

2146 4679 2424 4752 νιξὰμενος
2456 4679 2767 4750 δογμάτων,
2815 4677 2997 4746 πάσης
3029 4676 3302 4744 εῐργομαι
3339 4673 3555 4731 πόλεως.
3585 4661 3674 4752 ’Ᾱᾎλ

2147 4751 2362 4827 ἐναντία
2400 4773 2616 4843 φρονεῖν
2649 4771 2801 4840 ἡμᾶς
2851 4767 2982 4836 φασί
3026 4783 3192 4828 τινες.
3234 4763 3457 4818 Οὐκοῦν
3502 4751 3681 4826 γενέσθω

2149 4842 2454 4937 συνέδριον,
2486 4864 2846 4936 παρέστωσαν
2883 4858 2991 4913 τῶν
3032 4857 3486 4926 θεοφιλεστὰτων
3517 4842 3682 4940 me

2147 4975 2264 5012 πων
2293 4959 2342 5010 οἱ
2372 4955 2576 5028 κρίνειν
2600 4954 2821 5019 εἰδότες,
2846 4951 3211 5022 παρέστωσαν
3235 4950 3356 5003 τῶν
3378 4949 3439 5001 ὲν
3460 4945 3586 4998 τέλει
3623 4949 3682 5028 tu.1

2147 5049 2473 5120 ἀξιωμάτων
2506 5047 2557 5100 οί
2609 5046 2676 5100 τὰ
2721 5046 2841 5099 θεῖα
2891 5041 3370 5110 πεπαιδευμένον
3422 5021 3684 5103 εἴπωμενὶ

2139 5359 2254 5412 sive
2293 5375 2323 5412 a
2366 5359 2599 5412 Bamnio
2644 5357 3005 5426 praetermissa
3039 5357 3093 5410 in
3129 5355 3315 5424 hujus
3350 5342 3684 5426 danai-Ed};

2139 5411 2262 5492 “8,
2293 5411 2542 5486 tom.\’l.
2679 5411 2779 5490 53;
2827 5441 3135 5496 quanquam
3183 5411 3334 5479 s'unt
3381 5419 3532 5479 haud
3559 5411 3688 5472 dubi!

2143 5498 2490 5551 Theodoreti.
2527 5515 2578 5549 v.
2607 5499 2766 5566 epist.
2798 5499 2881 5547 θ’).

2213 5568 2323 5637 (Ἠ)
2360 5569 2426 5619 τὰ
2461 5568 2586 5636 μέγ.
2621 5569 2747 5634 Ne.

3755 4961 3757 5060 ι

3755 5139 3757 5232 l

3755 5323 3757 5416 l

3756 5525 3757 5596 ι

3755 4961 3757 5060 l

3755 5139 3757 5232 l

3755 5323 3757 5416 ί

3756 5525 3757 5596 l

3755 5703 3757 5822 l
