3924 6192
322 304 451 374 1261

1600 296 1962 359 EPISTULA
1996 296 2255 356 LXXXI.

3417 283 3552 347 1262

319 416 639 492 φρονοῦμεν,
675 417 984 470 εἰπάτωσαν
1020 415 1069 468 οἱ
1096 413 1393 485 κρίνοντες,
1437 411 1589 462 ποῖον
1623 409 1877 479 φρόνημα

1995 419 2100 458 nus
2125 402 2336 474 1140
2361 416 2459 456 nos
2478 415 2599 470 qua:
2622 398 2910 461 sentimus,
2938 392 3550 468 pronuntientjudices,

321 508 604 578 συμϐαίνει
631 509 696 577 τῇ
726 505 836 560 τῶν
861 504 1174 559 ἀποστόλων
1198 500 1534 570 διδασκαλίᾳ.

400 702 559 757 ’Δλλά
594 718 659 771 γε
689 700 862 756 ταῦτα
894 701 1168 772 γέγραφα,
1199 700 1325 754 οὑτε
1362 698 1459 769 τὴν
1493 699 1754 768 μεγίστην
1785 697 1874 749 πό⁸

318 793 398 848 λιν
427 793 553 847 ίδετν
582 792 889 864 ἐφιέμενος,
916 792 1041 845 οὔτε
1077 793 1157 856 είς
1183 790 1349 860 ἀλλην
1385 791 1595 861 ἀπᾶραι
1632 788 1884 863 γλιχόμεο

318 903 426 948 νος.
473 884 564 956 Τῷ
614 884 726 938 δντι
774 884 884 955 γὰρ
919 882 1119 953 μᾶλλον
1152 879 1468 952 ἀσπάζομαι
1519 879 1618 951 τὴν
1649 880 1882 949 ἡσυχίαν

316 973 426 1028 τῶν
456 975 513 1027 ὲν
539 972 818 1044 μοναχικῷ
848 975 1198 1045 προσχήματι
1237 974 1336 1036 τὰς
1377 971 1705 1041 Ἐκκλησίας
1741 974 1884 1024 οίκο-

319 1067 503 1136 νομεῖν
534 1065 892 1135 βουλομένων.
930 1066 1090 1118 Ἴστω
1116 1064 1225 1134 γὰρ
1252 1062 1405 1134 ὑμῶν
1438 1064 1500 1116 τὺ
1529 1062 1779 1133 μέγεθος,
1807 1062 1883 1125 ὡς

318 1153 443 1208 οὔτε
466 1156 558 1209 ἐπὶ
587 1154 679 1208 τοῦ
733 1154 1157 1227 μακαριωτάτου
1195 1155 1287 1209 καὶ
1312 1156 1369 1206 ὲν
1396 1154 1571 1221 ἁγίοις
1604 1152 1880 1218 Θεοδότου,

319 1244 441 1298 οὔτε
485 1245 579 1297 ἐπὶ
628 1243 720 1297 τοῦ
761 1244 859 1315 τῆς
891 1244 1169 1315 μακαρίας
1199 1244 1420 1314 μνήμης
1457 1243 1722 1307 Ἰωάννου,
1760 1239 1885 1295 οὔτε

321 1336 413 1390 ἐπὶ
431 1336 524 1390 τοῦ
561 1335 861 1403 ἀγιωτάτου
908 1335 1211 1389 ἐπισκόπου
1260 1334 1450 1406 κυρίου
1479 1333 1709 1404 Δόμνου,
1743 1330 1885 1387 ἑκὼν

321 1430 400 1490 είς
420 1427 522 1497 τὴν
561 1425 890 1496 Ἀντιόχειαν
923 1424 1130 1496 εἰσῄειν
1157 1442 1171 1456 ο
1208 1425 1343 1479 ἀλλά
1382 1425 1478 1478 καὶ
1507 1424 1768 1491 πεντάκις
1790 1422 1886 1477 καὶ

320 1517 504 1583 ἑξάκις
550 1515 884 1587 καλούμενος
935 1515 1086 1586 μόλις
1130 1516 1433 1585 ὑπήκουον·
1482 1515 1577 1569 καλ⁸
1615 1514 1886 1585 ὑπήκουον

317 1608 396 1679 τῷ
423 1605 862 1678 ὲκκλησιαστικῷ
891 1607 1076 1660 κανόνι
1099 1606 1441 1676 πειθόμενος,
1471 1604 1530 1669 ὃς
1556 1604 1886 1659 κινδυνεύειν

319 1698 754 1771 παρακελεύεται
788 1696 877 1751 τὸν
909 1696 1244 1767 καλούμενον
1277 1698 1357 1761 εἰς
1389 1696 1628 1757 σύνοδον,
1657 1696 1752 1749 καὶ
1779 1712 1885 1748 πα-

323 1766 637 1858 ραγίνεσθαι
667 1787 741 1858 μὴ
770 1766 1114 1857 βουλόμενον.
1142 1786 1420 1850 Είσιόντες
1466 1785 1524 1839 δὲ
1554 1786 1606 1839 τί
1637 1785 1745 1838 τῶν
1777 1785 1885 1837 άπ-
1918 1766 1961 1821 Β

319 1876 660 1948 ἀρεσκόντων
687 1874 805 1945 Θεῷ
833 1874 1250 1946 πεποιήκαμεν;
1278 1875 1360 1928 ὅτι
1389 1875 1480 1927 τδν
1506 1875 1651 1928 δεῖνα
1675 1876 1769 1929 καὶ
1798 1874 1887 1927 τὸν

318 1967 468 2021 δεῖνα
510 1966 669 2036 σιγῆς
723 1966 877 2033 ἀξίας
925 1966 1275 2037 παρανομίας
1328 1965 1732 2036 τετολμηκότας
1779 1964 1889 2017 τῶν

320 2056 483 2130 ἱερῶν
511 2056 857 2129 ἐχωρίσαμεν
890 2056 1245 2125 καταλόγων;
1279 2056 1361 2110 ὅτι
1406 2056 1532 2120 τοὺς
1558 2056 1888 2127 ἐπαινουμέ-

321 2166 443 2212 νους
474 2149 569 2202 καὶ
600 2147 700 2219 βίῳ
724 2147 1136 2218 κοσμουμένους
1163 2149 1228 2218 τῇ
1252 2147 1352 2217 τῆς
1382 2146 1684 2220 ἱερωσύνης
1709 2164 1891 2219 χειρο-

320 2240 471 2311 τονίᾳ
505 2240 885 2313 προσάγομεν;
922 2241 1005 2295 ὅτι
1044 2243 1158 2304 τοῖς
1188 2239 1338 2304 λαοῖς
1384 2240 1482 2311 τὴν
1533 2240 1891 2311 εὑαγγελικὴν

320 2330 671 2386 διδασκαλίαν
713 2333 1131 2405 προσφέρομενς
1181 2332 1244 2386 El
1298 2332 1471 2386 ταῦτα
1506 2334 1726 2402 γραφῆς
1767 2333 1892 2398 ἄξια

322 2419 419 2474 καὶ
447 2404 740 2492 τιμωρίας,
775 2422 868 2475 καὶ¹
901 2421 1000 2484 τὰς
1044 2421 1262 2492 μείζους
1292 2422 1433 2491 ὑπὲρ
1465 2421 1672 2475 τούτων
1700 2422 1891 2492 ἥδιστα

319 2511 588 2584 τιμωρίας
633 2511 918 2583 δεχόμεθα.
982 2511 1141 2565 Ἀλλὰ
1176 2512 1284 2584 γὰρ
1330 2512 1699 2580 ἀναγκάζουσί
1727 2530 1794 2584 με
1841 2514 1891 2566 οί

322 2601 673 2671 συκοφάνται.
720 2602 830 2655 Καὶ
880 2600 986 2674 πρὸ
1040 2601 1210 2670 αὐτῆς
1268 2602 1368 2671 τῆς
1421 2600 1734 2672 συλλήψεως
1791 2601 1893 2653 ὑπ-

321 2691 540 2763 έσχοντό
575 2709 645 2763 με
668 2691 745 2763 τῷ
774 2692 897 2762 Θεῷ
929 2694 1261 2764 προσφέρειν
1293 2695 1342 2746 oi
1389 2694 1679 2762 φύσαντες,
1707 2695 1801 2748 καὶ
1829 2696 1892 2747 ἐκ

325 2783 660 2854 σπαργάνων
689 2784 831 2837 κατά
864 2784 962 2848 τάς
994 2784 1327 2853 ἐπαγγελίας
1363 2785 1657 2855 ἀνέθηκαν,
1687 2785 1891 2855 τροφῆς

320 2872 579 2944 τοιαύτης
609 2873 870 2943 ἠξίωσαν.
902 2873 990 2927 Ἐν
1021 2875 1368 2945 μοναστηρίῳ
1392 2875 1484 2926 τὸν
1519 2875 1624 2946 πρὸ
1654 2874 1756 2944 τῆς
1778 2877 1894 2928 ἐπι-

327 2963 533 3034 σκοπῆς
558 2963 872 3027 διατελέσας
907 2964 1118 3035 χρόνον,
1151 2964 1298 3018 άκων
1328 2964 1425 3036 τὴν
1457 2966 1555 3035 τῆς
1585 2965 1893 3037 ἐπισκοπῆς

278 3052 591 3124 ,ἐδεξάμην
625 3054 977 3124 χειροτονίαν.
1031 3054 1199 3108 Πέντε
1248 3057 1343 3108 καὶ
1392 3056 1564 3108 εἴκοσι
1615 3057 1890 3110 διετέλεσα

323 3143 441 3213 ἔτη,
465 3142 587 3197 οὔτε
610 3144 1019 3213 κατεντευχθεὶς
1044 3144 1146 3197 ὑπό
1168 3162 1331 3209 τινος,
1353 3146 1412 3198 οὔ
1424 3164 1477 3199 τε
1506 3148 1891 3219 αίτιασάμενος

321 3237 528 3306 ἕτερον.
556 3235 630 3289 Οὔ
663 3235 1037 3307 προσήδρευσέ
1070 3254 1153 3298 τις
1180 3236 1515 3308 δικαστηρίῳ
1541 3238 1647 3292 τῶν
1676 3241 1769 3294 ὑπ’
1792 3240 1893 3310 ἐμὲ

324 3323 737 3378 εὑλαὸεστάτων
788 3323 1066 3396 κληρικῶν
1114 3324 1173 3375 ὲν
1218 3324 1495 3387 τοσούτοις
1545 3325 1743 3379 ἔτεσιν.
1781 3326 1895 3379 Ούκ

323 3414 526 3477 όϐολδν,
555 3415 653 3484 οὑχ
682 3415 898 3484 ἱμάτιον
930 3415 1080 3483 παρά
1100 3429 1245 3475 τινος
1268 3411 1558 3482 ἐδεξάμην,
1575 3413 1710 3465 Ἕνα
1733 3412 1895 3483 ἄρτον

325 3503 358 3573 ἢ
391 3502 495 3556 ὠὸν
521 3503 697 3566 οὐδεὶς
725 3502 836 3557 τῶν
891 3503 1042 3572 ἐμῶν
1081 3501 1344 3555 συνοίκων
1387 3500 1605 3567 ἐδέξατο
1651 3501 1892 3555 πώποτε.

329 3593 475 3662 Πλὴν
496 3592 606 3645 τῶν
636 3591 842 3664 ρακίων
866 3585 942 3646 ὧν
963 3608 1030 3645 πε
1039 3590 1258 3662 ριϐἐδλη
1269 3609 1388 3662 μαι,
1409 3592 1563 3645 οὐδὲν
1589 3591 1895 3662 κτήσασθαι

325 3683 657 3754 ἠνεσχόμην.
692 3682 970 3754 Δημοσίας
999 3682 1159 3746 στοὰς
1187 3683 1253 3735 ὲκ
1286 3683 1396 3735 τῶν
1425 3682 1897 3754 ἐκκλησιαστικῶν

326 3775 605 3846 προσόδων
647 3774 954 3844 ἀνέστησα·
993 3772 1242 3845 γεφύρας
1277 3773 1371 3827 δύο
1405 3773 1663 3844 μεγίστας
1697 3774 1896 3846 ᾠκοδό-

332 3884 505 3939 μησα,
534 3865 776 3935 λουτρῶν
805 3865 1150 3937 ἐπεμελήθην
1183 3864 1381 3919 κοινῶν
1406 3881 1421 3895 ⁸
1451 3867 1516 3919 ἐκ
1549 3866 1644 3919 τοῦ
1681 3868 1898 3938 παραρ-

330 3959 545 4031 ρέοντος
582 3955 829 4026 ποταμοῦ
879 3957 980 4027 τὴν
1037 3956 1192 4010 πόλιν
1247 3956 1321 4027 μὴ
1373 3956 1735 4028 ὑδρευομένην
1780 3957 1894 4030 (72)

330 4049 526 4119 εὑρὼν,
575 4048 668 4101 τὸν
702 4046 921 4116 ἀγωγὸν
967 4046 1366 4111 κατεσκεύασα,
1395 4046 1491 4100 καὶ
1526 4046 1624 4118 τὴν
1669 4047 1896 4119 ἄνυδρον

333 4142 485 4195 πόλιν
521 4141 726 4195 ὑδάτων
753 4140 1065 4212 ὲπλήρωσα.
1103 4141 1211 4193 Καὶ
1259 4140 1345 4193 ίνα
1384 4139 1555 4193 ταῦτα
1590 4140 1893 4202 καταλίπω,

330 4234 524 4305 κώμας
553 4231 697 4285 ὀκτὼ
726 4232 823 4301 τῆς
852 4231 1195 4301 Μαρκίωνος,
1229 4230 1323 4283 καὶ
1363 4230 1459 4294 τὰς
1506 4230 1666 4301 πέριξ
1704 4230 1896 4303 κειμέ-

328 4342 447 4388 νας,
477 4323 717 4393 ἀσμένας
739 4322 853 4391 (75)
912 4322 1046 4392 πρὸς
1080 4323 1179 4394 τὴν
1230 4322 1492 4392 ἀλήθειαν
1544 4322 1893 4393 ὲποδήγησα·

1920 3114 1963 3170 C

1982 508 2231 564 quamam
2265 491 2537 546 sententia
2568 490 2830 544 doctrinae
2867 486 3178 559 apostolica:
3215 485 3287 539 sit
3325 498 3554 538 consen-

1932 618 1939 625 -
1981 588 2162 633 tanea.

2052 690 2440 745 Verumtamen
2490 688 2604 743 luec
2653 689 2724 743 ita
2771 691 2986 760 scripsi,
3028 704 3135 743 non
3176 689 3323 759 quod
3366 689 3556 743 videre

1979 780 2196 850 cupiam
2227 782 2518 837 maximam
2559 782 2856 844 civitatem,
2883 784 2969 836 vel
3002 782 3056 835 in
3084 782 3243 835 aliam
3284 780 3558 849 proﬁcisci

1981 870 2311 927 desiderem.
2340 873 2550 927 Revera
2580 874 2726 928 enim
2759 874 2944 943 quiete
2977 873 3159 942 potius
3187 872 3433 926 delector
3460 886 3573 933 eo-_

1984 978 2106 1016 rum
2129 964 2221 1033 qui
2254 964 2307 1017 in
2342 972 2485 1018 statu
2520 963 2843 1018 monachico
2876 962 3145 1017 Ecclesias
3171 961 3559 1015 administrare

1984 1053 2194 1107 volunt.
2224 1054 2447 1109 Noverit
2479 1054 2628 1108 enim
2666 1053 2984 1123 magnitudo
3013 1061 3125 1116 tua,
3162 1067 3247 1106 me
3275 1066 3379 1106 nec
3419 1059 3559 1104 tem-

1983 1157 2118 1211 pore
2147 1143 2449 1197 beatissimi
2497 1143 2781 1212 sanctique
2813 1141 3103 1205 Theodoti,
3129 1156 3230 1195 nec
3261 1141 3362 1195 sub
3389 1141 3562 1195 beatae

1985 1236 2265 1290 memoriae
2288 1236 2518 1299 Joanne,
2545 1251 2647 1290 nec
2677 1235 2779 1290 sub
2813 1235 3154 1289 sanctissimo
3180 1235 3437 1303 episcopo
3460 1233 3562 1287 do-

1986 1326 2138 1379 mino
2194 1326 2427 1391 Domno,
2481 1335 2675 1396 sponte
2732 1342 2852 1380 mea
2902 1327 3135 1381 intrasse
3180 1326 3559 1387 Antiochiam,

1986 1416 2081 1472 sed
2110 1418 2404 1486 quinquies
2442 1433 2505 1471 ac
2541 1418 2719 1475 sexies
2750 1427 3000 1472 vocatum
3032 1419 3121 1473 vix
3154 1419 3420 1488 paruisse.
3459 1418 3563 1472 Pa-

1987 1508 2173 1562 rebam
2219 1516 2402 1562 autem
2450 1516 2509 1562 ut
2547 1508 2923 1563 ecclesiastico
2965 1509 3162 1564 canoni
3207 1510 3560 1577 obsequerer,

1988 1600 2081 1670 qui
2107 1615 2261 1654 reum
2289 1600 2477 1656 haberi
2500 1600 2657 1670 jubet
2680 1617 2803 1655 eum
2831 1603 2925 1671 qui
2954 1602 3022 1656 ad
3046 1603 3311 1674 synodum
3339 1612 3565 1658 vocatus

1988 1688 2182 1744 adesse
2208 1691 2471 1745 noluerit.
2496 1691 2728 1760 lngressi
2751 1698 2935 1746 autem
2972 1694 3103 1763 quid
3135 1693 3345 1764 egimus
3372 1708 3563 1748 eorum

1989 1804 2110 1858 qua:
2136 1790 2250 1843 Deo
2275 1805 2384 1844 non
2421 1789 2638 1859 placent
2659 1792 2681 1828 ν
2710 1806 2781 1844 an
2812 1789 2960 1859 quod
2986 1789 3134 1843 hunc
3163 1786 3247 1839 vel
3275 1785 3449 1850 illum,
3471 1784 3565 1853 qui

1991 1880 2152 1950 digna
2201 1880 2421 1934 silentio
2479 1879 2679 1951 ﬂagitia
2737 1887 3000 1950 patrarat,
3046 1894 3113 1933 ex
3154 1877 3324 1931 sacris
3367 1874 3567 1929 tabulis

1990 1972 2389 2041 expunximus?
2442 1973 2590 2042 quod
2645 1972 2895 2027 laudatos
2942 1972 3163 2039 vitaque
3214 1969 3452 2023 illustres
3497 1967 3597 2020 ad“

1992 2062 2283 2117 sacerdotii
2351 2062 2601 2117 ordinem
2673 2060 3097 2133 promovemus?
3145 2058 3291 2129 quod
3352 2057 3570 2127 populis

1991 2155 2359 2224 evangelieam
2396 2153 2701 2211 doctrinam
2751 2152 3149 2224 proponimus?
3190 2154 3208 2173 ⁰
3250 2150 3307 2205 Si
3347 2164 3572 2206 accusa-

1996 2244 2143 2301 tione
2174 2246 2290 2301 hzec
2329 2247 2492 2318 digna
2518 2256 2648 2302 sunt
2678 2254 2734 2300 et
2761 2245 3052 2315 supplicio,
3095 2244 3299 2314 majora
3342 2256 3443 2311 pro
3482 2240 3570 2294 his

1994 2336 2257 2405 supplicia
2288 2336 2525 2392 libenter
2550 2336 2912 2391 admittimus.
2956 2333 3248 2388 Enimvero
3276 2332 3460 2386 dicere
3483 2346 3570 2385 me

1994 2433 2197 2494 cogunt
2250 2427 2615 2497 symphantze.
2663 2426 2991 2494 Priusquam
3044 2439 3131 2478 me
3192 2420 3567 2491 conciperent,

1993 2514 2275 2571 oblaturos
2308 2531 2365 2571 se
2400 2516 2512 2571 Deo
2546 2514 2774 2585 polliciti
2818 2522 2946 2569 sunt
2973 2521 3250 2583 parentes,
3293 2521 3457 2580 atque
3502 2511 3571 2564 ab

1996 2605 2344 2661 incunabulis
2400 2614 2463 2660 ut
2515 2605 2881 2675 promiserant
2932 2603 3310 2667 devoverant,
3367 2610 3423 2656 et
3468 2603 3572 2658 hoc

1994 2696 2157 2750 modo
2190 2696 2513 2750 educartmt.
2553 2696 2612 2750 In
2653 2694 2987 2749 monasterio
3025 2702 3241 2763 tempus
3271 2693 3416 2763 quod
3453 2695 3573 2764 epi-

1994 2797 2278 2857 scopatum
2326 2786 2603 2857 prmeessit
2657 2801 2783 2841 cum
2836 2784 3159 2855 exegissem,
3195 2780 3402 2838 invitus
3451 2785 3570 2854 epi-

1997 2893 2196 2947 scopus
2228 2879 2516 2934 ordinatus
2560 2894 2702 2933 sum.
2753 2876 2942 2932 Annos
2980 2875 3174 2946 viginti
3215 2874 3459 2945 quinque
3500 2878 3573 2932 ita

1997 2967 2129 3033 vixi,
2152 2976 2212 3022 ut
2243 2984 2420 3038 neque
2445 2968 2500 3022 in
2520 2969 2612 3038 jus
2634 2974 2862 3021 vocatus
2889 2964 2991 3020 sim
3014 2980 3046 3018 a
3072 2979 3369 3034 quoquam,
3395 2979 3573 3033 neque

1999 3061 2116 3129 ipse
2155 3075 2483 3130 quemquam
2529 3058 2852 3114 aceusarim.
2893 3055 3086 3111 Nullus
3131 3055 3572 3127 religiosissimo-

1998 3166 2116 3203 rum
2156 3151 2487 3205 clericorum
2515 3149 2609 3220 qui
2639 3148 2743 3203 sub
2775 3162 2862 3201 me
2895 3145 3118 3201 fuerunt
3161 3145 3453 3200 tribunalia
3494 3153 3573 3200 tot

1996 3240 2155 3294 annis
2179 3240 2569 3308 frequentavit.
2598 3239 2718 3293 Non
2740 3238 2987 3303 obolum,
3010 3254 3119 3291 non
3148 3245 3354 3292 vestem
3378 3253 3408 3292 a
3433 3251 3574 3307 quo-

1996 3345 2159 3397 quam
2190 3329 2411 3397 accepi;
2453 3327 2658 3399 1141
2686 3342 2881 3396 panem
2906 3342 3099 3388 unum,
3128 3327 3211 3380 vel
3237 3344 3423 3390 ovum,
3453 3328 3577 3381 nul—

1997 3413 2082 3466 lus
2113 3412 2538 3468 domesticorum
2569 3428 2817 3467 meorum
2848 3414 3059 3480 accepit
3092 3429 3349 3482 unquam.
3375 3416 3578 3469 Praeter

1997 3504 2342 3574 panniculos,
2374 3505 2576 3575 quibus
2598 3505 2833 3559 amictus
2868 3520 3010 3565 sum,
3047 3504 3183 3557 nl'hil
3218 3507 3363 3559 volui
3400 3507 3575 3575 possi-

1998 3594 2149 3647 dere.
2189 3594 2446 3649 Publieas
2487 3595 2732 3664 porticus
2773 3610 2841 3649 ex
2880 3593 3151 3649 reditibus
3192 3595 3578 3651 ecclesiasticis

1996 3683 2170 3749 erexi,
2209 3693 2407 3753 pontes
2453 3685 2596 3740 duos
2637 3684 2904 3740 maximos
2947 3685 3215 3747 exstruxi,
3252 3684 3573 3741 balneorum

1997 3774 2343 3842 publicorum
2382 3790 2570 3829 curam
2604 3775 2781 3846 gessi;
2823 3790 2948 3836 eum
2981 3789 3048 3829 ex
3078 3774 3317 3829 alluente
3349 3775 3575 3832 ﬂumine

1998 3858 2167 3937 aquas
2219 3883 2328 3922 non
2382 3868 2730 3923 haurientem
2789 3867 3066 3923 civitatem
3118 3874 3310 3923 nactus
3363 3883 3573 3935 essem,

1998 3956 2382 4027 aqumductum
2424 3958 2667 4022 condidi,
2702 3967 2759 4014 et
2799 3966 3075 4013 carentem
3116 3957 3274 4028 aquis
3299 3958 3575 4015 civitatem

1998 4049 2156 4118 aquis
2199 4049 2428 4120 replevi.
2477 4051 2656 4119 Atque
2700 4058 2761 4105 ut
2808 4050 2911 4105 ista
2960 4048 3394 4120 praetermittam,
3428 4049 3580 4105 vicos

1997 4148 2123 4195 octo
2164 4140 2458 4195 Marcionis
2491 4140 2685 4195 heresi
2727 4150 3040 4210 corruptos,
3074 4156 3183 4196 una
3220 4157 3343 4196 cum
3383 4142 3579 4198 vicinis

2000 4231 2169 4295 locis,
2242 4232 2309 4286 ad
2378 4232 2665 4287 veritatem
2727 4231 2975 4286 volentes
3040 4231 3268 4301 perduxi
3323 4249 3336 4285 :
3391 4232 3577 4287 vicum

2001 4322 2169 4377 alium
2215 4322 2574 4378 Eunomianis
2607 4322 2893 4387 refertum,
2930 4332 2986 4378 et
3033 4323 3198 4376 alium
3231 4322 3468 4386 Arianis,
3498 4323 3583 4377 di-

329 4416 494 4486 ἀλλην
527 4414 719 4484 κώμην
737 4413 1088 4484 Εύνομιανῶν
1117 4414 1578 4486 πεπληρωμένην,
1605 4415 1700 4468 καὶ
1728 4414 1892 4486 ἄλλην

2002 4413 2143 4469 vina:
2194 4414 2523 4485 cognitionis
2569 4414 2692 4470 luce
2744 4415 3034 4476 illustravi.
3067 4415 3389 4483 nullumque
3435 4415 3579 4483 apud

340 4505 660 4577 Ἀρειανῶν,
697 4503 776 4574 τῷ
824 4505 963 4572 φωτὶ
996 4504 1097 4574 τῆς
1129 4503 1463 4572 θεογνωσίας
1522 4507 1895 4575 προσήγαγον,

331 4598 428 4651 καὶ
456 4597 544 4650 διὰ
571 4595 670 4667 τὴν
701 4594 850 4648 θείαν
881 4594 1040 4665 χάριν
1062 4594 1183 4648 οὐδὲ
1207 4594 1266 4648 ἓν
1286 4594 1414 4663 παρ’
1440 4596 1474 4665 ἡ
1483 4597 1576 4665 μίν
1602 4595 1899 4666 αἱρετικῶν

334 4687 631 4757 ὑπελείφθη
663 4687 920 4752 ζιζάνιον.
955 4686 1065 4739 Καὶ
1106 4683 1281 4738 ταῦτα
1314 4685 1416 4738 οὑκ
1458 4685 1757 4749 ἀκινδύνως
1798 4703 1896 4740 πε-

334 4778 556 4850 ποίηκα.
582 4777 717 4830 άλλά
743 4778 804 4831 τὸ
828 4773 967 4847 αἷμά
993 4793 1094 4846 μου
1128 4774 1387 4838 πολλάκις
1419 4775 1676 4846 ἑκχύσας,
1703 4777 1901 4831 πολλά·-

333 4885 420 4930 κις
454 4866 842 4929 καταλευσθεὶς
872 4866 963 4920 ὑπ’
1002 4865 1202 4926 αὐτῶν,
1231 4866 1323 4918 καὶ
1368 4867 1447 4927 εἰς
1484 4866 1656 4930 αὑτὰς
1687 4868 1900 4937 φθάσας

333 4957 426 5010 τοῦ
462 4957 590 5028 ᾆδον
634 4956 735 5020 τὰς
786 4956 982 5021 ⁸πύλας.
1031 4956 1192 5009 Ἀλλά
1240 4955 1350 5027 γὰρ
1399 4956 1587 5027 ἄφρων
1633 4959 1900 5030 ἐγενόμην

333 5047 687 5118 καυχώμενος
709 5063 725 5079 ο
753 5047 855 5117 τῆς
883 5048 938 5101 δὲ
993 5048 1277 5119 ἀνάγκης,
1321 5047 1382 5100 οὑ
1433 5047 1532 5117 τῆς
1570 5047 1796 5120 γνώμης
1831 5050 1902 5105 τὰ

332 5137 621 5208 εἰρημένα.
678 5136 851 5189 Τοῦτο
910 5136 966 5189 δὲ
1013 5136 1109 5190 καὶ
1157 5137 1186 5191 ὸ
1230 5134 1633 5209 τρισμακάριος
1691 5135 1902 5201 Παῦλος

332 5224 651 5296 mundtqu
685 5225 881 5296 δρᾶσαί
935 5242 1095 5288 ποτε,
1148 5226 1256 5279 τῶν
1309 5223 1758 5297 κατηγορούντων
1799 5228 1899 5297 ἑμ-

332 5318 589 5386 φράττων
647 5316 709 5369 τὸ
758 5316 948 5384 στόμα.
986 5317 1170 5384 Στέγω
1193 5316 1250 5369 δὲ
1308 5318 1459 5386 ὅμως
1487 5316 1588 5387 τὴν
1632 5315 1896 5389 δοκοῦσαν

333 5407 578 5478 ἀτιμίαν,
603 5408 699 5460 καὶ
724 5405 888 5475 τιμὴν
917 5406 1092 5475 ἄκραν
1135 5406 1499 5476 ὑπολαμϐάνω
1526 5423 1539 5436 ·
1574 5406 1755 5460 ἀκούω
1787 5409 1895 5478 γάρ

411 5609 523 5673 (γε)
557 5623 629 5675 μη
659 5605 969 5678 addendum
1001 5619 1142 5678 ,ςεεε
1171 5604 1259 5678 νεξί
1310 5620 1371 5678 s8
1454 5623 1575 5675 qua:
1630 5617 1934 5678 sequuntur

336 5672 643 5742 dt‘eent,'et
678 5674 935 5729 habuisse
964 5673 1181 5728 videtur
1220 5672 1527 5735 Vaticanus.

2002 4521 2122 4567 nos,
2174 4505 2270 4560 Dei
2317 4505 2607 4571 beneﬂcio,
2651 4506 2876 4562 haeresis
2926 4506 3116 4561 lolium
3171 4506 3423 4560 relictum
3471 4513 3575 4561 est.

2002 4598 2192 4667 Neque
2236 4611 2367 4652 vero
2410 4598 2512 4652 ista
2561 4598 2681 4653 sine
2728 4598 2988 4668 periculis
3040 4596 3292 4667 praestiti,
3331 4594 3425 4649 sed
3461 4594 3582 4650 l‘uso

2004 4699 2148 4753 smpe
2194 4698 2318 4737 meo
2361 4684 2645 4753 sanguine,
2679 4684 2953 4753 lapidatus
2997 4683 3068 4736 ab
3110 4683 3190 4736 eis
3226 4690 3490 4750 persaepe,
3525 4690 3582 4736 et

2005 4774 2072 4828 ad
2125 4772 2273 4844 ipsas
2320 4773 2437 4826 orci
2486 4783 2673 4842 portas
2719 4773 3006 4842 impulsus.
3060 4771 3263 4826 Verum
3317 4769 3583 4839 insipiens

2004 4865 2182 4920 factus
2212 4879 2354 4927 sum,
2385 4863 2517 4918 dum
2548 4864 2755 4933 glorior
2784 4881 2797 4917 :
2826 4872 2883 4918 at
2907 4863 3235 4918 necessitate
3281 4862 3395 4915 haec
3434 4860 3580 4915 dicta

2001 4963 2150 5017 sunt,
2219 4970 2326 5008 non
2383 4955 2682 5009 voluntate.
2744 4953 2923 5024 Atque
2988 4953 3093 5007 hoc
3158 4952 3342 5021 ipsum
3398 4950 3582 5004 lacere

2002 5046 2297 5115 aliquando
2325 5055 2550 5101 coaetus
2571 5053 2656 5100 est
2689 5044 3038 5101 beatissimus
3074 5042 3296 5107 Paulus,
3330 5048 3390 5095 ut
3414 5054 3582 5095 aecu-

2001 5139 2239 5193 santium
2264 5154 2327 5193 os
2353 5139 2687 5194 Obstrueret.
2719 5137 2857 5191 Fero
2885 5145 3065 5191 tamen
3104 5136 3245 5189 hanc
3276 5149 3398 5203 quae
3423 5132 3579 5202 igno-
3623 5192 3628 5197 η

2005 5227 2176 5282 minia
2197 5228 2438 5292 videtur,
2464 5235 2519 5283 et
2547 5241 2822 5282 summum
2855 5226 3118 5280 honorem
3150 5224 3311 5280 duco.
3347 5222 3580 5291 Aposto-
3617 5209 3629 5241 ‘

2002 5317 2169 5371 licam
2191 5318 2339 5371 enim
2373 5331 2562 5372 vocem
2601 5315 2764 5370 audio
2793 5315 3117 5369 clamantem
3150 5331 3163 5365 :
3207 5332 3224 5365 ι
3260 5312 3464 5367 Omnes
3486 5307 3579 5379 qui

1999 5410 2089 5481 pie
2121 5410 2311 5464 volunt
2351 5410 2536 5465 vivere
2585 5410 2639 5464 in
2695 5408 2914 5463 Christo
2960 5405 3089 5461 Jesu
3137 5403 3580 5477 persecutionem

2119 5609 2230 5679 (75)
2270 5606 2518 5678 ἀσμένως
2552 5608 2719 5677 Neap.
2747 5594 2813 5661 tet
2844 5606 3014 5661 Vatic.
