3924 6192
470 291 607 354 1963

471 410 750 474 patientur
784 401 848 454 θ’.
881 423 897 452 ›
942 401 1111 455 Tuam
1147 409 1328 454 autem
1361 399 1821 470 magnificentiam
1849 415 1965 462 oro,
1994 408 2053 451 ut

468 489 969 548 ecclesiasticarum
1018 503 1202 542 rerum
1240 503 1428 542 curam
1473 487 1754 556 suscipiat,
1797 494 1848 540 et
1878 495 2055 540 ortam

470 583 627 639 sedet
645 589 1030 651 tempestatem
1063 598 1074 632 :
1106 595 1295 633 revera
1319 579 1467 633 enim
1510 594 1612 634 nec
1647 580 1702 633 in
1740 579 1858 647 ipso
1888 577 2055 631 disci-

468 673 544 729 dii
578 673 804 727 exordio
835 679 979 724 tanta
1014 670 1315 723 Ecclesiam
1359 670 1537 724 tenuit
1571 670 1840 724 confusio.
1885 669 2056 722 Nemo

470 765 626 819 vobis
659 764 1032 832 periculorum
1077 761 1287 832 1142
1333 762 1766 833 magnitudinem
1809 761 2056 831 exponit,

468 853 909 909 Christianorum
944 850 1037 920 qui
1070 852 1124 904 in
1155 851 1412 906 Phoenice
1439 859 1567 906 sunt
1594 852 1793 915 luctus,
1824 851 2055 904 sanctis-

473 947 740 999 simorum
784 942 929 1012 apud
976 957 1074 995 nos
1117 943 1514 996 monachorum
1541 944 1840 997 ‘lamenta.
1883 941 2055 1007 Quam

472 1038 544 1090 ob
578 1051 799 1090 causam
834 1035 1082 1105 longiore
1117 1050 1249 1088 usus
1279 1051 1398 1088 sum
1435 1035 1705 1099 oratione,
1743 1043 1802 1087 ut
1843 1033 2061 1102 cognita

475 1128 849 1182 Ecclesiarum
900 1124 1174 1195 procella,
1217 1125 1358 1180 hanc
1418 1125 1824 1196 magniﬁcentia
1879 1129 2062 1177 vestra

473 1225 787 1288 componat,
815 1224 871 1270 et
903 1217 1265 1285 prodeuntem
1303 1216 1428 1271 inde
1457 1217 1752 1272 utilitatem
1787 1215 1990 1284 capiat.

1458 287 1941 347 TIIEODORETI
1984 287 2319 346 EPISCOPI
2359 289 2720 348 CYRENSIS

3536 288 3629 351 1265

2085 408 2122 460 Α
2158 400 2258 467 τῆς
2304 401 2668 471 ἁποστολικῆς
2717 400 2924 470 βοώσης
2970 397 3184 466 φωνῆς·
3225 415 3240 446 ε
3279 395 3458 459 Πάντες
3495 401 3533 450 οἱ
3573 401 3632 452 (ιέ-

2157 492 2341 554 λοντες
2375 489 2474 562 ζῇν
2529 490 2766 553 εὐσεϐῶς
2802 490 2860 542 ἐν
2922 485 3145 558 Χριστῷ
3178 485 3362 556 Ἰησοῦ,
3388 486 3648 556 διωχθήσοντ

2156 599 2265 634 ται.
2293 601 2310 633 ι
2342 581 2452 652 Τὴν
2482 582 2540 634 δὲ
2576 581 2850 653 ὑμετέραν
2889 577 3354 650 μεγαλοπρέπειαν
3383 581 3633 645 παρακαλῶ,

2159 670 2448 740 φροντίσαι
2469 671 2578 724 τῶν
2608 667 3080 740 ἐκκλησιαπικῶν
3117 665 3452 737 πραγμάτων,
3481 668 3554 718 καὶ
3573 668 3638 736 τὴν

2159 762 2546 816 ἐπαναστᾶσαν
2587 761 2922 816 κατευνάσαι
2955 759 3153 829 ζάληνο
3191 757 3265 828 τῷ
3303 757 3402 810 δντι
3438 762 3526 827 γὰρ
3557 760 3639 811 οἱδὶ

2158 855 2216 906 ἐν
2259 854 2400 925 ἀρχῇ
2443 858 2543 927 τῆς
2598 855 2932 917 διαστάσεως
2979 851 3202 920 τοιαύτη
3252 850 3341 920 τὴν
3390 851 3640 917 Ἐκκλησίαν

2160 945 2427 1000 κατέλαϐε
2461 947 2745 1016 σύγχυσις.
2796 944 2986 1008 Οὐδεὶς
3026 944 3172 1012 ὑμᾶς
3214 941 3432 994 διδάσκει
3456 941 3542 993 τῶν
3566 959 3641 993 κιν-

2160 1035 2333 1090 δύνων
2367 1037 2428 1088 τὸ
2465 1037 2714 1108 μέγεθος,
2756 1036 2866 1090 τῶν
2915 1038 2972 1089 ἐν
3004 1034 3226 1103 Φοινίκῃ
3249 1032 3546 1103 Χριστιανῶν
3567 1032 3641 1102 (il)

2163 1126 2289 1189 τοῦς
2319 1127 2575 1198 θρήνους,
2600 1129 2708 1182 τῶν
2739 1127 2871 1199 παρ’
2891 1128 3024 1198 ἡμῖν
3045 1124 3356 1194 ἁγιωτάτων
3384 1123 3644 1194 μοναζόντων

2163 1218 2288 1280 τοὺς
2319 1217 2610 1290 ὀδυρμούς.
2640 1212 2715 1273 OB
2737 1219 2800 1288 δὴ
2827 1218 2986 1290 χάριν
3021 1218 3117 1270 καὶ.
3146 1215 3385 1268 πλείοσιν.
3402 1213 3646 1284 ἐχρησάμην

475 1314 676 1381 λόγοις,
719 1313 806 1366 ἵνα
867 1311 1115 1383 μαθοῦσα
1168 1313 1321 1382 ὑμῶν
1370 1315 1403 1384 ή
1460 1313 1799 1383 μεγαλοφυῒα
1863 1311 1971 1364 τῶν
2023 1310 2360 1383 Ἐκκλησιῶν
2427 1316 2518 1369 τὸν
2567 1315 2833 1381 κλύδωνα,
2882 1312 3218 1383 καταπαύσῃ
3266 1311 3451 1375 τοῦτον,
3479 1310 3552 1361 καί
3585 1309 3648 1376 τὴν

475 1403 722 1458 ἐντεῦθεν
751 1403 1016 1472 ὠφέλειαν
1053 1421 1120 1457 κα
1131 1402 1437 1475 ρπώσηται.

705 1514 966 1568 LXXXII.
988 1545 1057 1553 --
1083 1514 1303 1568 Eusebio
1330 1517 1565 1586 episcopo
1595 1516 1837 1586 Ancyrw.

546 1652 844 1722 Sperabam
898 1667 985 1706 me
1034 1652 1258 1706 crebras
1308 1652 1411 1706 hoc
1467 1660 1711 1720 tempore
1750 1650 2056 1705 sanctitatis

477 1753 583 1798 tua:
633 1744 845 1798 litteras
893 1751 1268 1812 accepturum.
1324 1742 1820 1798 Manifestissimam
1854 1742 2056 1810 quippe

477 1835 804 1890 calumniam
833 1834 980 1904 passi
1009 1850 1133 1888 cum
1179 1849 1424 1888 essemus
1443 1874 1457 1897 ,
1499 1833 1738 1888 fraterna
1769 1832 2065 1902 egebamns

477 1923 896 1979 consolatione.
924 1923 1140 1978 Etenim
1174 1926 1269 1993 qui
1313 1923 1626 1986 Marcionis,
1667 1931 1723 1977 et
1763 1921 2060 1984 Valentini,

475 2023 530 2069 et
546 2014 1147 2085 Manetismliorumque
1165 2015 1478 2070 Docitarum
1497 2013 1731 2068 hatresin
1755 2013 1857 2066 hac
1876 2021 2063 2067 nostra

475 2107 802 2175 tempestate
837 2115 1123 2170 renovant,
1154 2121 1295 2174 aegre
1343 2105 1582 2160 ferentes
1624 2103 1856 2158 hazresin
1900 2119 1930 2158 a
1975 2119 2062 2157 me

477 2209 632 2248 suam
664 2200 852 2263 aperte
873 2193 1166 2256 confutari,
1189 2193 1535 2262 imperatoris
1564 2207 1724 2246 aures
1753 2192 2060 2246 circumve-

478 2283 596 2336 nire
615 2281 796 2336 conati
829 2289 977 2345 sunt,
995 2280 1284 2334 hmreticos
1305 2294 1406 2332 nos
1428 2279 1785 2348 appellantes,
1807 2284 1862 2329 et
1890 2286 2058 2330 um‘rn

478 2371 768 2424 Dominum
819 2379 1067 2425 nostrum
1115 2371 1300 2425 Jesum
1353 2368 1660 2431 Christum,
1718 2368 2060 2421 incarnatnm

480 2464 651 2516 Deum
675 2463 938 2526 Verbum,
962 2464 1017 2514 in
1039 2462 1176 2514 duos
1205 2461 1348 2514 filios
1368 2461 1614 2515 dividere
1637 2461 2057 2514 calumniantes.

479 2551 585 2606 Sed
603 2552 785 2605 verbis
801 2553 938 2615 suis,
954 2560 1013 2604 ut
1028 2552 1342 2620 sperabant,
1361 2566 1468 2604 non
1487 2561 1896 2620 persuaserunt.
1912 2552 2060 2617 Qua-

482 2658 541 2696 re
562 2643 826 2711 scriptum
852 2649 935 2695 est
949 2640 1428 2695 commonitorium
1442 2640 1982 2710 magnificentissimo
2005 2649 2062 2694 et

479 2732 876 2804 gloriosissimo
907 2732 1168 2807 magistro
1194 2732 1429 2785 militum
1455 2732 1689 2797 consuli,
1721 2733 1942 2787 haeresis
1972 2749 2064 2787 ac-

480 2824 823 2878 cusationem
873 2824 1080 2877 nullam
1123 2822 1434 2880 continens.
1481 2824 1576 2878 sed
1624 2825 1759 2877 alias
1797 2825 2060 2893 quasdam

481 2929 710 2975 causas,
757 2929 960 2982 easque
1013 2914 1194 2967 falsas.
1245 2913 1494 2984 Synodos
1531 2916 1676 2968 enim
1713 2915 1933 2969 aiebant
1974 2931 2061 2970 me

482 3001 797 3070 frequentes
839 3001 982 3070 apud
1034 3002 1380 3056 Antiochiam
1428 3020 1758 3069 convocare,
1798 3015 1855 3059 et
1894 3023 1954 3059 ea
2003 3023 2061 3062 re

481 3093 686 3147 offendi
723 3093 1043 3155 nonnullos;
1086 3094 1308 3162 proinde
1343 3095 1629 3163 quiescere
1669 3112 1754 3150 me
1785 3106 2059 3166 oportere,

482 3196 538 3240 et
570 3186 888 3240 commissas
912 3185 1048 3238 mihi
1089 3187 1361 3241 Ecclesias
1393 3187 1717 3255 gubernare.
1750 3187 1862 3242 Hoc
1896 3188 2062 3257 igitur

482 3283 705 3330 ostenso
748 3274 880 3327 mihi
923 3275 1365 3338 commonitorio,
1394 3275 1675 3330 decretum
1707 3278 1856 3330 velut
1887 3277 2062 3330 bono-

485 3379 605 3417 rum
648 3363 852 3418 fontem
899 3364 1130 3432 arripui.
1178 3364 1419 3418 Primum
1464 3367 1609 3418 enim
1665 3365 2061 3436 optatissimam

485 3454 698 3526 1143
736 3455 976 3523 quietem
1021 3454 1200 3523 recepi
1235 3473 1247 3507 :
1278 3455 1475 3509 deinde
1507 3457 1706 3511 multas
1738 3473 1898 3526 spero
1931 3475 2063 3528 pec-

481 3553 730 3599 catorum
761 3560 1010 3598 meorum
1037 3545 1215 3598 elutas
1243 3561 1362 3599 esse
1392 3548 1633 3600 maculas
1670 3559 1892 3618 propter
1929 3565 2063 3605 con-

481 3631 758 3686 cinnatam
799 3632 852 3684 in
890 3647 976 3685 me
1006 3647 1037 3685 a
1066 3633 1316 3687 veritatis
1357 3634 1609 3688 hostibus
1637 3636 2058 3706 improbitatem.

479 3720 733 3776 Ostendit
773 3732 956 3776 autem
1000 3738 1111 3775 non
1160 3723 1393 3776 obscure
1434 3727 1680 3780 omnium
1724 3729 2060 3794 moderator,

481 3822 742 3882 quantam
772 3828 1160 3882 oppressorum
1195 3815 1361 3868 etiam
1395 3816 1449 3868 in
1481 3817 1583 3871 hac
1612 3818 1722 3872 vita
1746 3836 1932 3874 curam
1967 3838 2061 3891 ge-

481 3908 586 3955 rat.
626 3901 761 3955 Nam
797 3918 921 3956 cum
961 3903 1133 3972 quieti
1173 3919 1480 3974 ageremus,
1519 3909 1819 3978 patriaeque
1861 3911 2062 3966 finibus

480 3992 915 4062 circumscripti,
962 4005 1125 4065 atque
1163 3996 1469 4054 Orientales
1501 4014 1694 4055 omnes
1743 4011 2056 4070 maererent,

479 4091 538 4137 et
577 4085 775 4138 acerbo
820 4085 874 4138 in
916 4085 1067 4140 luctu
1105 4099 1308 4155 essent,
1345 4090 1440 4144 sed
1488 4091 1650 4145 silere
1687 4093 1757 4146 ob
1801 4093 2059 4162 injectum

480 4184 685 4230 metum
717 4187 1042 4246 cogerentur
1066 4179 1207 4251 (qua:
1239 4183 1385 4236 enim
1417 4193 1565 4252 gesta
1602 4184 1654 4238 in
1690 4201 1790 4239 nos
1820 4185 2058 4252 fuerant,

480 4275 747 4319 terrorem
790 4267 1047 4323 omnibus
1092 4278 1408 4340 metumque
1445 4272 1837 4344 incusserunt),
1873 4277 2058 4336 Domi-

478 4373 584 4412 nus
616 4357 731 4428 ipse
763 4358 829 4413 de
863 4360 1004 4414 coelo
1047 4361 1349 4430 prospexit,
1372 4371 1428 4418 et
1453 4365 1739 4419 calumnia:
1767 4378 2055 4423 auctorum

452 4449 806 4504 calumniam
853 4451 1150 4522 redarguit,
1178 4461 1341 4523 atque
1381 4455 1603 4525 impiam
1646 4458 1863 4513 illorum
1906 4478 2058 4518 men-

460 4550 588 4595 -.tem
626 4543 902 4612 patefecit.
943 4545 1034 4600 Isti
1065 4553 1122 4599 et
1147 4547 1532 4602 Alexandriam
1559 4561 1752 4604 contra
1793 4569 1894 4608 nos
1922 4570 2056 4610 con-

456 4632 738 4697 citarunt,
762 4636 1006 4689 omnium
1037 4637 1265 4692 auribus
1291 4654 1385 4707 per
1405 4639 1601 4710 dignos
1623 4642 1754 4712 ipsis
1778 4645 2056 4702 ministros

458 4724 810 4793 ingerentes,
844 4741 943 4780 nos
961 4742 1070 4796 .pro
1103 4744 1212 4782 uno
1242 4729 1380 4784 duos
1418 4731 1560 4785 filios
1594 4734 1912 4802 prec-dicare.
1945 4737 2056 4807 Ego

477 4830 607 4868 vero
629 4815 696 4868 ab
727 4817 1061 4872 exsecranda
1087 4819 1188 4874 hac
1211 4822 1482 4876 sententia
1513 4831 1721 4876 tantum
1752 4825 1968 4892 absum,
1997 4836 2056 4881 ut

475 4921 599 4960 cum
637 4905 852 4975 aliquos
878 4923 909 4961 e
943 4909 1146 4963 sanctis
1169 4911 1184 4929 θ
1214 4911 1488 4975 Patribus,
1517 4913 1610 4981 qui
1642 4916 1783 4982 apud
1815 4916 2048 4972 Nicazam

475 5005 868 5061 convenerant,
907 4999 1176 5054 adversus
1206 4999 1323 5054 Arii
1356 5003 1632 5056 vesaniam
1669 5005 1722 5058 in
1753 5006 1911 5062 libris
1938 5009 2054 5063 suis

473 5083 841 5153 disputantes,
874 5088 945 5142 ob
987 5098 1301 5159 susceptum
1356 5099 1544 5145 contra
1594 5093 1716 5148 illos
1771 5105 2052 5154 certamen

475 5182 714 5238 coactos,
739 5175 908 5229 nimia
953 5193 1080 5232 usos
1117 5179 1390 5234 divisione
1426 5181 1878 5248 animadvertam,
1912 5202 2053 5255 aegre

477 5265 670 5330 feram,
697 5274 751 5321 et
778 5266 1102 5322 divisionem
1133 5271 1399 5340 ejusmodi
1434 5287 1543 5326 non
1571 5272 1858 5329 admittam
1883 5293 1898 5328 :
1924 5279 2053 5333 novi

549 5416 592 5447 ⁸⁸
616 5417 737 5471 Act.
771 5437 895 5485 xxv,
931 5421 1018 5476 l6.

685 5571 746 5652 [ιι
778 5574 970 5652 Yatic._
988 5574 1126 5652 forte
1152 5574 1904 5652 fuerite'basigxpicatavd’w.

551 5634 660 5707 (75)
689 5640 873 5713 Exstat
899 5644 1064 5713 etiam
1095 5647 1212 5700 lucc
1253 5634 1575 5713 epistola'in
1596 5634 1844 5706 'Baroniii
1867 5634 2053 5709 Ᾰηηα-

477 5707 614 5769 b'bus
643 5707 709 5762 ad
734 5722 861 5761 ann.
898 5711 1022 5774 H5,
1052 5721 1181 5766 tom.
1216 5707 1304 5779 Vl,
1337 5730 1390 5784 p.
1435 5721 1516 5784 15,
1552 5721 1740 5776 Latine
1774 5707 2052 5779 redditae

2263 1517 2389 1572 UB'.
2420 1549 2489 1557 —
2525 1518 2797 1582 Εὐσεϐίῳ
2825 1515 3139 1581 ἐπισκόπφ
3179 1515 3448 1582 Ἀγκύρας
3472 1512 3577 1582 (75).

2241 1627 2489 1681 Ἥλπισα
2523 1627 2733 1697 συχνὰς
2780 1628 2838 1680 ἐν
2890 1625 2969 1697 τῷ
3002 1625 3231 1695 παρόντι
3283 1623 3444 1693 καιρῷ
3467 1623 3654 1689 δέξασθαι

2161 1719 2264 1788 τῆς
2299 1719 2396 1788 σῆς
2445 1719 2758 1788 ἁγιωσύνης
2809 1715 3115 1779 ἐπιστολάς.
3181 1713 3550 1783 Προδηλοτάτην
3582 1715 3655 1780 γὰρ

2101 1809 2138 1862 Β
2169 1809 2647 1880 ὑπομεμενηκότες
2674 1807 3062 1878 συκοφαντίαν,
3087 1803 3406 1875 παραψυχῆς
3434 1803 3656 1871 ἀδελφικῆς

2168 1901 2448 1971 ἐδεόμεθα.
2497 1903 2559 1954 Οί
2600 1899 2710 1970 γὰρ
2759 1899 2856 1970 τὴν
2890 1897 3241 1970 Μαρκίωνος,
3274 1895 3364 1950 καὶ
3393 1895 3656 1956 Βαλεντίνου,

2171 1994 2263 2046 καὶ
2292 1993 2567 2063 Μάνητος,
2600 1993 2697 2047 καὶ
2729 1991 2837 2046 τῶν
2876 1991 3062 2044 ἄλλων
3118 1987 3355 2043 Δοκιτῶν
3399 1988 3573 2059 αἵρεσιν
3598 1988 3660 2039 ἐπὶ

2168 2081 2262 2134 τοῦ
2300 2082 2570 2152 παρόντος
2607 2079 3020 2150 ἀνανεούμενοι,
3053 2077 3477 2149 δυσχεραίνοντες
3508 2076 3573 2128 ὅτι
3596 2075 3659 2143 τὴν
3744 2147 3745 2152 η

2171 2175 2384 2245 αἵρεσιν
2434 2173 2615 2226 αὐτῶν
2653 2173 2913 2243 ἄντικρυς
2955 2169 3364 2242 στηλιτεύομενι
3397 2167 3660 2235 ἐξαπατῆσαί

2166 2268 2264 2326 τὰς
2303 2265 2586 2335 βασιλικάς
2622 2263 2999 2335 ἐπειράθησαν
3037 2263 3235 2326 ἀκοὰς,
3267 2261 3541 2333 αίρετικοὺς
3561 2259 3661 2327 tibi;

2169 2357 2590 2422 ἀποκαλοῦντες,
2618 2357 2712 2411 καὶ
2743 2358 2826 2419 είς
2859 2355 2953 2408 δύο
2999 2353 3246 2426 μερίζειν
3295 2353 3432 2415 υίοῦς
3462 2365 3659 2418 συκοφαν-

2166 2449 2388 2513 τοῦντες
2422 2448 2513 2502 τὸν
2545 2448 2644 2502 ἕνα
2677 2446 2884 2517 Κύριον
2925 2444 3082 2516 ἡμῶν
3129 2443 3339 2514 Ἰησοῦν
3367 2441 3582 2512 Χριστὸν,
3603 2439 3663 2488 τὸν

2167 2542 2668 2612 ἐνανθρωπήσαντα
2725 2538 2859 2591 Θεὸν
2916 2537 3111 2604 Λόγον.
3175 2533 3322 2588 Ἀλλ’
3366 2533 3456 2586 οὐκ
3501 2532 3660 2582 ἔπεισαν

2168 2632 2318 2685 ὥσπε
2327 2649 2358 2701 ρ
2391 2631 2623 2702 ἤλπισαν
2651 2619 3017 2697 λέγοντες.οὗ
3051 2627 3117 2697 δὴ
3149 2624 3313 2697 χάριν
3340 2619 3664 2692 ὑπομνηστικὶν

2168 2724 2384 2794 ἐγράφη
2407 2720 2485 2793 τῷ
2515 2719 3087 2792 μεγαλοπρεπεστάτῳ
3116 2719 3214 2772 καὶ
3239 2715 3532 2782 ἐνδοξοτάτῳ
3552 2727 3663 2781 mp1-

2165 2816 2319 2886 τηγῷ
2345 2816 2450 2869 -καὶ
2495 2815 2605 2885 (76)
2667 2814 2881 2883 ὑπάτῳ,
2929 2811 3200 2883 αἱρέσεως
3261 2809 3359 2879 μὲν
3408 2803 3664 2875 κατηγορίαν

2164 2907 2421 2974 οὐδεμίαν
2475 2905 2614 2976 ἕχον,
2646 2905 2811 2967 ἄλλας
2835 2903 2894 2956 δέ
2943 2919 3096 2965 τινας
3155 2900 3359 2964 αἰτίας,
3389 2898 3475 2950 καὶ
3521 2893 3664 2952 ταύτας

2163 2998 2398 3067 ψευδεῖς.
2432 2995 2693 3058 Συνόδους
2758 2995 2866 3063 γὰρ
2919 2993 3103 3061 ἔλεγόν
3142 3010 3214 3062 με
3271 2989 3458 3061 συχνὰς
3500 2988 3564 3049 είς
3600 2985 3664 3052 τὴν

2178 3087 2514 3157 Ἀντιόχειαν
2555 3085 2919 3157 συναγείρειν,
2971 3084 3064 3138 καὶ
3122 3083 3287 3136 τοῦτό
3335 3096 3476 3141 τινας
3515 3077 3663 3134 λυπεῖν,

2167 3180 2262 3232 καὶ
2290 3178 2381 3232 διὰ
2431 3176 2592 3231 τοῦτο
2639 3175 2835 3248 χρῆναί
2889 3192 2956 3245 με
3009 3173 3243 3246 ἡσυχίαν
3293 3173 3458 3241 ἄγειν,
3489 3169 3563 3221 καὶ
3602 3163 3666 3224 ti;

2166 3269 2655 3340 ἐγκεχειρισμένας
2679 3269 2993 3337 οἰκονομεῖν
3034 3263 3390 3336 Ἐκκλησίας.
3420 3260 3585 3314 Τούτου
3608 3271 3666 3323 μοι

2164 3364 2344 3416 τοίνυν
2394 3361 2488 3414 τοῦ
2541 3360 2951 3430 ύπομνηστικοῦ
3006 3357 3339 3429 δειχθέντος,
3383 3355 3574 3424 ἧρπασα
3603 3349 3667 3415 τὴν

2164 3453 2365 3524 ψῆφον,
2393 3451 2487 3515 ὡς.
2516 3449 2775 3522 πρόξενον
2826 3448 3068 3518 ἀγαθῶν.
3098 3447 3330 3526 Πρῶτον
3383 3445 3470 3516 μὲν
3501 3442 3584 3510 γὰρ
3604 3436 3667 3503 τὴν

2163 3545 2490 3615 τριπόθητον
2515 3542 2788 3596 ἀπέλαϐον
2827 3541 3080 3612 ἡσυχίαν.
3118 3533 3260 3592 Εἶτα
3290 3539 3347 3592 δὲ
3374 3533 3545 3596 πολλὰς
3566 3531 3666 3584 iisi-

2165 3636 2244 3700 ζω
2295 3635 2406 3689 τῶν
2459 3636 2551 3688 ὑπ’
2614 3632 2746 3705 ἐμοῦ
2811 3630 3328 3703 πλημμεληθέντων
3367 3622 3666 3692 ἐξαλειφθῆναι

2164 3728 2389 3797 κηλῖδας
2422 3726 2510 3780 διὰ
2539 3726 2638 3797 τὴν
2664 3725 3021 3795 τυρευθεῖσαν
3047 3722 3171 3776 καθ’
3214 3722 3370 3792 ήμῶν
3402 3716 3579 3773 ἀδικίαν
3600 3710 3668 3764 ὑπὸ

2162 3818 2271 3871 τῶν
2302 3820 2401 3890 τῆς
2434 3817 2691 3888 ἀληθείας
2716 3815 2945 3887 ἐχθρῶν.
2975 3813 3192 3879 Ἕδειξε
3225 3815 3284 3867 δέ
3311 3815 3404 3867 καὶ
3433 3811 3534 3864 λίαν
3561 3810 3667 3874 ἐναρ-

2163 3912 2276 3980 γῶς
2307 3911 2408 3964 κάν
2429 3910 2507 3980 τῷ
2532 3909 2761 3980 παρόντι
2802 3907 2902 3978 βίῳ
2931 3905 3038 3960 τῶν
3064 3905 3207 3959 ὅλων
3231 3909 3260 3960 ὁ
3299 3903 3560 3975 Πρύτανις,
3583 3899 3668 3963 im.”

2163 4003 2272 4057 τῶν
2302 4003 2674 4072 ἀδικουμένων
2720 4001 2960 4053 ποιεῖται
3012 3996 3372 4066 κηδεμονίαν.
3417 3988 3574 4060 Ἦμῶν
3600 3985 3668 4051 γὰρ

2161 4095 2394 4167 ἡσυχίαν
2422 4093 2685 4162 ἀγόντων,
2719 4091 2815 4145 καὶ
2861 4090 2993 4142 εἵσω
3039 4087 3148 4140 τῶν
3191 4087 3296 4157 τῆς
3322 4082 3556 4155 πατρίδος
3577 4077 3666 4147 ὅρων
3744 4077 3745 4118 1

2162 4189 2533 4260 εερῖὀμένων,
2575 4187 2670 4240 καὶ
2712 4183 2819 4239 τῶν
2859 4182 3000 4237 κατὰ
3059 4179 3161 4250 τὴν
3208 4176 3496 4247 Ἀνατολὴν
3519 4171 3669 4260 navita!

2161 4255 2478 4349 ἀνιωμένων
2527 4277 2647 4348 μὲν,
2691 4279 2786 4330 καὶ
2816 4273 3030 4346 πικρῶς
3073 4272 3456 4344 ὀδυρομένων.
3488 4263 3610 4332 σιγᾷν

2162 4369 2249 4423 διὰ
2276 4345 2337 4422 rb
2375 4345 2687 4440 προσπεσὸν
2735 4365 2852 4429 δέος
2881 4363 3325 4436 ἠναγκασμένων
3367 4360 3452 4430 (τὰ
3485 4357 3571 4424 γὰρ
3593 4345 3671 4403 καθ’

2092 4478 2132 4531 D
2163 4462 2320 4533 ἡμῶν
2366 4459 2730 4530 γεγενημένα,
2787 4458 2848 4510 τὸ
2899 4457 2998 4526 τῆς
3049 4455 3256 4518 δειλίας
3308 4455 3470 4506 πᾶσιν
3516 4443 3669 4533 ἐνέθηιέ

2161 4529 2324 4623 δέος),
2360 4551 2523 4615 αὐτὸς
2629 4549 2834 4620 Κύριος
2870 4549 2932 4600 ὲκ
2960 4545 3054 4598 τοῦ
3101 4545 3345 4618 ούρανοῦ
3387 4539 3593 4608 διέκυψε,
3615 4529 3673 4623 καὶ

2159 4641 2268 4695 τῶν
2297 4643 2395 4712 τὴν
2435 4638 2802 4708 συκοφαντίαν
2861 4636 3183 4706 ύφηνάντων
3224 4635 3329 4705 τὴν
3382 4621 3671 4696 συκοφαντίαν

2158 4730 2427 4801 διήλεγξε,
2460 4731 2555 4784 καὶ
2585 4730 2644 4781 τὸ
2665 4727 2923 4790 δυσσεϐὲς
2945 4727 3124 4780 αὐτῶν
3147 4725 3440 4794 ἐγύμνωσε
3467 4719 3672 4788 φρόνημα·

2161 4818 2322 4877 Οὗτοι
2357 4822 2451 4875 καὶ
2501 4821 2600 4891 τὴν
2644 4819 3054 4889 Ἀλεξάνδρειαν
3079 4815 3398 4881 ἐξώπλισαν
3427 4802 3671 4872 καθ’ἡμιῗλνν

2158 4917 2252 4969 καὶ
2283 4914 2381 4978 τὰς
2418 4913 2636 4966 πάντων
2668 4909 2836 4972 ἀκοὰς
2879 4925 2944 4960 πε
2957 4905 3280 4978 ριὸομδοῦσι
3313 4904 3404 4958 διὰ
3439 4902 3535 4954 τῶν
3566 4893 3676 4957 ἀξίαν

2161 5003 2340 5059 αὐτῶν
2372 5001 2685 5071 ὑπουργῶν,
2709 5000 2784 5063 ὡς
2818 5001 2977 5068 ἡμεῖς
3004 4997 3117 5051 ἀνθ’
3143 4997 3265 5060 ἐνὸς
3286 4995 3386 5050 δύο
3410 4989 3676 5063 κηρύττομεν

2160 5093 2331 5154 υἱούς.
2368 5090 2508 5159 Ἐγὼ
2536 5090 2592 5144 δὲ
2620 5087 2876 5142 τοσοῦτον
2909 5086 3100 5157 ἀπέχω
3131 5085 3230 5139 τοῦ
3275 5081 3520 5156 μυσαροῦ
3547 5073 3676 5131 τούτω

2163 5183 2529 5256 φρονήματθῖν
2572 5181 2653 5233 δτι
2686 5179 2773 5232 καί
2804 5195 2953 5241 τινας
3000 5177 3108 5230 τῶν
3144 5177 3326 5244 ἁγίων
3362 5161 3678 5242 Πατέρωντῶν

2160 5255 2220 5332 ἐν
2247 5278 2452 5348 Νικαία
2480 5273 2920 5346 συνεληλυθότων
2950 5270 3198 5342 εὑρηκὼς
3233 5269 3380 5340 πρὸς
3406 5268 3500 5337 τὴν
3527 5255 3681 5332 ’Δρεὲῢυ

2089 3144 2133 3202 C

2161 5589 2350 5644 codice
2375 5590 2658 5644 Vaticano.

2231 5660 2342 5739 (76)
2378 5661 2470 5714 καί
2508 5659 2659 5713 addit
2696 5657 2856 5726 Neap,
