3924 6192
520 280 648 348 1267

1497 288 1980 346 THEODORETI
2023 287 2356 347 EPISCO‘PI
2395 286 2756 346 CYREN’SIS

3579 288 3672 355 12M

514 395 832 448 conclusum
859 395 1236 464 vinctumque,
1265 404 1319 448 et
1353 396 1516 464 longo
1551 405 1796 464 tempore
1826 397 1878 448 in
1910 406 2080 450 custo-

2195 398 2286 450 καὶ
2316 397 2390 459 ὡς
2439 399 2615 464 γάμον
2654 393 2932 464 ἀλλότριον
2981 391 3322 463 διορύξαντα,
3357 395 3675 466 καθειρχθέντει

510 485 599 539 dia
646 482 966 548 detentum,
1013 483 1342 538 narrationis
1377 485 1538 553 huius
1589 485 1835 539 remedio
1879 486 2093 555 mitigat

509 576 755 629 dolorem
789 593 800 628 :
826 575 1130 643 eodemque
1153 575 1315 628 modo
1337 575 1685 629 mitissimum
1716 575 1882 630 David
1918 577 2092 630 anim-

507 667 836 728 adverteris,
880 665 974 734 qui
1023 681 1052 718 a
1086 664 1247 719 Saule
1298 649 1558 735 tanquam
1606 675 1867 737 tyrannus
1914 667 2092 720 fuerat

507 757 742 821 cjectus,
798 755 1080 809 inimicum
1139 756 1350 824 cepisse
1403 766 1458 811 et
1513 757 1741 812 illa-sum
1781 757 2091 823 dimisisse;

508 844 634 899 inde
692 862 882 900 rursus
931 846 1170 899 tristitia}
1216 845 1406 900 ntilcm
1461 847 1687 902 adhibet
1735 848 2087 903 medicinam.

508 945 644 991 bum
673 953 804 991 vero
841 939 1017 1006 ipsum
1045 937 1208 990 etiam
1241 937 1518 992 Christum
1549 939 1837 995 Dominum
1869 939 2087 1004 viderit,

509 1026 772 1082 factorem
811 1029 1159 1092 saeculorum,
1204 1029 1449 1082 omnium
1497 1030 1859 1092 conditorem,
1897 1046 2088 1084 verum

508 1119 698 1181 Deum,
734 1120 848 1173 veri
892 1119 985 1173 Dei
1031 1119 1250 1184 Filium,
1295 1121 1494 1174 iterum
1537 1137 1566 1174 a
1601 1122 1846 1177 scelestis
1885 1123 2090 1177 ludatis

505 1208 730 1263 edacem
770 1218 826 1264 et
871 1209 1210 1263 vinolentum
1255 1211 1619 1280 appellatum;
1665 1228 1772 1265 non
1802 1212 1912 1281 jam
1952 1227 2088 1266 con-

506 1299 829 1354 solationem
889 1301 1300 1365 tantummodo,
1354 1301 1450 1355 sed
1505 1301 1748 1356 laetitiam
1796 1301 2085 1356 maximam

505 1390 671 1460 capit,
699 1397 758 1446 ut
789 1390 886 1462 qui
918 1392 1304 1446 communium
1334 1391 1615 1446 Dominica
1638 1392 1837 1461 dignus
1866 1393 2087 1448 habitus

505 1482 599 1537 sit.

579 1765 794 1836 115.6
837 1766 961 1821 Haec
1005 1774 1186 1819 autem
1233 1780 1380 1818 nunc
1425 1772 1483 1817 ut
1526 1763 1821 1817 scriberem
1861 1769 2084 1814 coactus
2117 1747 2154 1797 θ

504 1867 649 1917 sum,
683 1869 806 1907 cum
841 1853 1149 1908 sanetitatis
1195 1861 1298 1906 tute
1341 1852 1556 1906 litteras
1597 1850 1848 1920 legissem
1885 1848 1950 1902 ad
1988 1847 2084 1901 do-

508 1945 715 2000 minum
755 1960 937 1997 meum
976 1945 1070 1998 Dei
1106 1943 1540 1998 amantissimum
1571 1941 2084 2008 sanctissimumquc

504 2037 976 2106 archiepiscopum
1012 2037 1280 2090 Domnum
1306 2036 1557 2104 scriptas.
1583 2035 1641 2088 in
1674 2032 1783 2088 illis
1803 2033 1949 2086 enim
1981 2031 2084 2084 hoc

506 2125 650 2182 inter
695 2136 892 2182 caetera
924 2127 1332 2189 continebatur,
1375 2125 1642 2194 quosdam
1687 2124 1755 2177 ad
1791 2123 2082 2176 maximam

505 2218 717 2282 urbem,
745 2235 865 2289 qua:
895 2234 924 2272 a
955 2218 1241 2272 sanctitate
1265 2225 1357 2270 tua
1384 2217 1611 2287 regitur,
1635 2231 1760 2269 cum
1781 2214 2082 2276 venissent,

504 2324 789 2366 accusasse
836 2326 970 2372 nos,
1019 2309 1174 2378 quasi
1221 2309 1275 2361 in
1321 2308 1461 2362 duos
1524 2307 1665 2362 ﬁlios
1713 2306 2085 2362 divideremus

505 2416 675 2454 unum
705 2402 995 2455 Dominum
1029 2411 1277 2455 nostrum
1315 2400 1502 2454 Jesum
1551 2399 1830 2453 Christum
1865 2416 1877 2451 :
1918 2398 2082 2467 idque

503 2506 630 2546 cum
679 2491 823 2560 apud
869 2491 1216 2545 Antiochiam
1275 2490 1708 2552 disscrcrcmus,
1757 2489 1849 2542 ubi
1900 2489 2084 2541 multa:

504 2581 778 2651 myriades
824 2581 1136 2634 auditorum
1187 2580 1254 2633 ad
1312 2579 1632 2633 concionem
1683 2585 2080 2632 convenerunt.

503 2669 574 2722 At
599 2683 729 2737 ergo
753 2669 876 2723 illos
904 2669 1125 2738 quidem
1162 2668 1466 2737 deploravi,
1494 2669 1590 2736 qui
1615 2668 1961 2722 manifestam
1989 2683 2081 2722 ca-

503 2757 764 2812 lumniam
807 2767 988 2813 texere
1027 2759 1146 2812 ausi
1189 2766 1335 2812 sunt.
1377 2758 1537 2812 Dolui
1572 2774 1723 2822 vero,
1758 2767 1814 2812 et
1838 2759 2080 2827 ignosce,

503 2849 744 2915 domine,
769 2848 898 2920 quia
928 2865 1117 2904 vocem
1151 2848 1410 2918 exprimit
1441 2847 1619 2910 dolor,
1649 2847 1794 2916 quod
1822 2847 1956 2901 mihi
1987 2863 2083 2902 au-

503 2955 621 2994 rem
666 2941 892 2995 alteram
949 2949 1038 2994 tua
1069 2939 1252 2993 divina
1282 2939 1606 2992 excellentia
1661 2939 1926 3007 integram
1971 2954 2080 2993 non

503 3033 898 3097 reservavcrit;
937 3032 1030 3085 sed
1072 3031 1158 3094 iis,
1191 3045 1314 3099 quae
1346 3029 1479 3082 falso
1509 3029 1576 3082 ab
1615 3028 1722 3083 illis
1757 3028 1900 3083 dicta
1930 3038 2077 3092 sunt,

502 3120 664 3176 ﬁdem
714 3122 904 3174 habuit
941 3139 953 3172 :
989 3129 1044 3173 et
1090 3120 1166 3174 illi
1207 3119 1429 3188 quidem
1478 3127 1587 3172 tres
1631 3127 1780 3181 sunt,
1814 3119 1896 3172 vel
1943 3135 2072 3188 qua-

504 3223 647 3277 tuor,
680 3214 764 3268 vel
805 3213 1142 3283 quindecim.
1189 3213 1302 3282 Ego
1338 3229 1470 3265 vero
1522 3211 1718 3265 multas
1763 3211 2076 3265 auditorum

505 3302 776 3374 myriades
818 3311 980 3357 rectae
1024 3302 1290 3356 doctrinm
1333 3311 1499 3355 tcstes
1546 3301 1740 3355 habeo.
1781 3301 1885 3356 Sex
1929 3302 2076 3356 enim

502 3393 779 3446 continuis
816 3394 976 3446 annis
1001 3392 1160 3446 docui
1196 3391 1296 3445 sub
1330 3391 1501 3445 beata:
1525 3401 1834 3461 sanctzeque
1867 3408 2076 3446 memo-

502 3482 600 3536 riae
636 3481 920 3537 Theodoto
958 3482 1412 3538 Antiochensium
1448 3482 1728 3552 episcopo,
1759 3483 1883 3536 vita:
1920 3483 2080 3537 clari—

503 3579 612 3625 tate
639 3580 693 3626 et
723 3571 1036 3626 divinorum
1071 3572 1386 3642 dogmatum
1419 3571 1648 3626 scientia
1682 3571 2027 3626 nobilissimo
2061 3591 2074 3624 :

503 3660 766 3715 tredecim
801 3677 991 3715 rursus
1015 3661 1137 3715 aliis
1165 3660 1267 3714 sub
1291 3669 1490 3715 sancta-
1515 3669 1570 3715 et
1603 3661 1772 3716 beata:
1799 3665 2078 3716 memoria:

498 3750 705 3806 Joanne
750 3753 1027 3822 episcopo,
1065 3752 1160 3821 qui
1206 3752 1606 3806 disserentibus
1647 3752 1807 3808 nobis
1840 3754 1918 3808 sic
1964 3755 2077 3808 alli-

500 3843 766 3906 ciebatur,
800 3852 859 3896 ut
891 3843 1083 3898 ambas
1113 3858 1309 3898 manus
1342 3852 1607 3906 moveret,
1640 3853 1696 3898 et
1723 3845 1790 3898 de
1819 3845 1948 3900 sede
1978 3862 2074 3901 sua

499 3945 882 4003 consurgeret;
917 3951 1078 4003 quem
1103 3934 1326 4003 quidem
1363 3933 1564 3988 divinis
1592 3934 1816 3990 Litteris
1843 3954 1873 3990 a
1903 3953 2077 4005 puero

501 4021 795 4084 imbutum,
830 4033 1076 4076 exactam
1105 4024 1415 4078 divinorum
1444 4024 1756 4094 dogmatum
1787 4027 2073 4082 scientiam

498 4113 758 4182 adeptum
795 4127 937 4177 esse,
971 4115 1232 4170 sanctitas
1258 4123 1349 4169 tua
1379 4114 1432 4168 in
1472 4115 1670 4170 litteris
1703 4116 1818 4172 suis
1861 4117 2072 4188 1147

497 4214 694 4260 testata
737 4215 840 4260 est.
885 4205 966 4258 Ad
1013 4205 1129 4261 hate
1173 4208 1440 4276 septimus
1489 4207 1579 4262 hic
1623 4225 1799 4264 annus
1838 4218 1921 4264 est
1962 4211 2074 4265 Deo

496 4296 805 4351 charissimi
830 4297 1230 4368 archiepiscOpi
1260 4298 1467 4352 domini
1495 4299 1710 4354 Domni.
1746 4299 1857 4354 Nec
1886 4301 1940 4353 in
1973 4301 2072 4355 ho-

2193 505 2254 540 τε
2292 488 2388 541 καὶ
2426 486 2744 556 πεδηθέντα,
2777 487 2870 538 καὶ
2903 483 3150 536 πλεῖστον
3183 485 3302 537 ὅσον
3333 485 3390 538 ἐν
3418 488 3577 560 εἰρκτῇ
3597 510 3676 562 σχο-

2194 580 2430 632 λάσαντα
2455 579 2566 648 (79)
2611 577 2824 647 χρόνον,
2854 575 2932 644 τῷ
2966 574 3058 628 τοῦ
3103 574 3431 644 διηγήματος
3466 583 3676 652 φαρμάκῳ

2195 668 2452 740 βαστάζει
2480 668 2589 738 (80)
2623 665 2720 732 τὴν
2750 667 3046 736 ἀλγηδόνα·
3075 667 3204 720 ὅταν
3231 666 3285 719 δὲ
3321 667 3473 720 πάλιν
3497 671 3588 740 (81)
3618 676 3676 726 εὖ.

2194 761 2356 832 ρίσκῃ
2394 760 2483 813 τὸν
2532 759 2835 831 πραότατον
2887 757 3050 810 Δαεὶδ
3096 756 3171 819 ὡς
3219 757 3469 826 τύραννον
3497 761 3581 813 ὑπὸ
3614 763 3677 814 τοῦ

2193 851 2363 904 Σαοὺλ
2399 849 2772 918 ἐλαυνόμενον,
2807 847 2895 900 τὸν
2921 847 2978 900 δὲ
3003 847 3094 898 τὸν
3125 845 3236 914 (89)
3265 846 3508 918 πολέμιον
3535 849 3676 918 θηρεύ.

2193 958 2381 1005 σαντα,
2426 940 2517 992 καὶ
2569 937 2847 1009 ἀλώδητον
2892 936 3265 1002 ἀπολύσαντα,
3312 937 3678 1008 ἀλεξιφάρμακον

2191 1033 2352 1086 πάλιν
2383 1029 2632 1085 ἐντεῦθεν
2658 1029 2756 1098 τῆς
2787 1028 3025 1098 ἀθυμίας
3059 1028 3346 1098 λαμϐάνει.
3376 1029 3527 1082 Ὅταν
3551 1031 3594 1084 δὲ
3616 1035 3677 1084 καὶ

2189 1122 2352 1175 αὐτὸν
2402 1122 2484 1192 ἴδῃ
2529 1121 2620 1174 τὸν
2678 1120 2958 1187 Δεσπότην
2991 1118 3227 1189 Χριστὸν
3255 1119 3346 1172 τὸν
3387 1120 3590 1191 Ποιητὴν
3607 1125 3678 1174 τῶν

2189 1210 2423 1271 αἰώνων,
2458 1209 2549 1262 τὸν
2573 1211 2681 1264 τῶν
2711 1207 2965 1261 ἁπάντων
2995 1206 3355 1276 Δημιουργὸν,
3385 1206 3466 1258 τὸν
3493 1207 3680 1276 ἀληθινὸν

2187 1303 2341 1367 Θεὸν,
2376 1303 2467 1354 καὶ
2513 1301 2606 1354 τοῦ
2639 1298 2894 1370 ἀληθινοῦ
2952 1297 3084 1350 Θεοῦ
3133 1297 3280 1361 Υἰὸν,
3321 1298 3471 1350 πάλιν
3497 1301 3680 1365 (85)ὺῇ

2187 1394 2291 1447 τῶν
2332 1391 2627 1462 ἀλιτηρίων
2662 1390 2928 1444 Ἰουδαίων
2979 1389 3152 1458 φάγον
3196 1389 3288 1440 καὶ
3315 1389 3570 1458 οἰνοπότην
3597 1391 3677 1442 ὀνο-

2189 1483 2519 1553 μαζόμενον,
2571 1481 2672 1534 ούκ
2720 1480 2800 1532 ἔτι
2853 1479 3015 1549 μόνον
3061 1477 3432 1548 ψυχαγωγίαν,
3472 1479 3584 1531 ἀλλὰ
3616 1483 3678 1533 καὶ

2186 1574 2450 1643 εὐθυμίαν
2487 1570 2794 1642 καρποῦται
2826 1569 3122 1640 μεγίστηνο
3165 1569 3261 1622 an
3285 1567 3346 1638 δὴ
3377 1566 3480 1636 (84)
3503 1568 3585 1636 τῆς
3610 1573 3676 1621 Δε-

2187 1666 2449 1736 σποτικῆς
2471 1662 2789 1732 ἀξιούμενος
2811 1661 3118 1723 κοινωνίας.

2256 1756 2440 1809 Ταῦτα
2470 1755 2526 1808 δὲ
2567 1754 2775 1826 γράψαι
2801 1753 2896 1807 νῦν
2929 1752 3304 1822 ἠναγκάσθην,
3351 1752 3561 1819 ἐντυχὼν
3602 1755 3677 1813 τοίς

2188 1849 2336 1918 παρὰ
2358 1848 2457 1916 τῆς
2476 1846 2574 1916 σῆς
2594 1845 2868 1914 ὁσιότητος
2885 1843 2996 1914 (85)
3019 1847 3279 1913 γραφεῖσι
3298 1843 3374 1913 τῷ
3390 1843 3490 1913 (89)
3506 1843 3677 1913 δεσπότῃ

2189 1959 2289 2011 μου
2335 1940 2413 2011 τῷ
2456 1938 2859 2008 θεοφιλεστάτῳ
2892 1937 2986 1991 καὶ
3021 1936 3314 2007 ἁγιωτάτῳ
3343 1935 3678 2005 άρχιεπισκόπι;›

2185 2032 2395 2101 Δόμνῳ.
2443 2028 2770 2100 Προσέκειτο
2799 2027 2908 2097 γὰρ
2949 2027 3136 2089 αὐτοῖς
3187 2027 3288 2079 καὶ
3325 2025 3449 2088 τόδε,
3490 2023 3554 2087 ὥς
3579 2040 3676 2083 τινες

2183 2121 2280 2192 τὴν
2312 2120 2575 2191 μεγίστην
2607 2118 2782 2181 πόλιν,
2811 2117 2906 2186 τὴν
2930 2117 3036 2169 ὑπὸ
3070 2117 3166 2185 τῆς
3200 2116 3304 2183 σῆς
3331 2115 3577 2183 ἁγιότητος
3601 2114 3674 2179 (87)

2187 2210 2526 2279 ίθυνομένην,
2553 2207 2960 2276 κατειληφότες,
2993 2205 3237 2274 ἔγραψαν
3269 2205 3375 2276 (88)
3399 2205 3527 2273 ἡμᾶς
3548 2203 3605 2266 ὠς
3623 2203 3675 2260 si;

2183 2299 2277 2353 δύο
2307 2299 2458 2362 υίοὺς
2490 2298 2810 2368 μερίζοντας
2852 2295 2944 2349 τόν
2974 2297 3070 2348 ἕνα
3107 2294 3318 2365 Κύριον
3353 2296 3494 2365 ἡμῶν
3526 2292 3678 2357 Ἰησοῦν

2184 2390 2442 2461 Χριστὸν,
2491 2390 2585 2442 καὶ
2625 2387 2798 2442 ταῦτα
2845 2389 2902 2440 ἐν
2965 2388 3273 2458 Ἀντιοχείᾳ
3321 2385 3674 2455 διαλεγομένους,

2183 2482 2309 2534 ἔνθα
2344 2480 2536 2533 πολλαὶ
2583 2479 2842 2551 μυριάδες
2874 2477 2984 2531 τῶν
3023 2477 3314 2548 ἀκροατῶν
3351 2477 3583 2548 πληροῦσι
3616 2475 3676 2526 τίν

2186 2573 2463 2640 σύλλογον.
2503 2573 2611 2625 Καὶ
2642 2572 2884 2632 ἐκείνους
2929 2571 3032 2640 μὲν
3062 2571 3343 2639 ἐθρήνησα
3370 2570 3439 2633 ὡς
3471 2568 3562 2639 (89)
3591 2585 3673 2637 πμρ

2185 2662 2328 2731 φανῆ
2365 2660 2729 2730 συκοφαντίαν
2788 2661 2989 2730 ὑφᾶναι
3040 2660 3456 2729 τετολμηκότας.
3491 2659 3675 2725 Ἱίλγησα

2181 2754 2260 2815 δὲ,
2297 2754 2388 2806 καί
2419 2771 2509 2823 μοι
2540 2753 2833 2822 σύγγνωθι,
2865 2753 3126 2815 δέσποτα,
3161 2753 3271 2805 ὑπὸ
3303 2753 3406 2821 (99)
3443 2751 3673 2820 ὀδύνηςὶέ-

2183 2862 2300 2912 γειν
2329 2845 2652 2915 βιαζομένῳ,
2684 2847 2764 2898 ὅτι
2801 2863 2901 2913 μοι
2939 2844 3173 2915 θατέραν
3200 2845 3314 2897 τῶν
3343 2845 3548 2913 axe-divi)
3581 2843 3674 2894 uti

2182 2935 2315 2988 Θεόν
2347 2952 2442 2988 σου
2492 2935 2768 3004 τελειότης
2817 2935 2918 2988 οὐκ
2968 2933 3229 3002 ἐφύλαξεν
3281 2935 3543 3005 ἀκεραίαν,
3584 2931 3673 2982 an

2182 3029 2294 3088 τοῖς
2340 3026 2552 3095 ψευδῶς
2606 3026 2738 3095 παρ’
2767 3026 2992 3079 ἐκείνων
3044 3025 3363 3096 εἰρημένοις
3403 3025 3671 3076 ἐπίστευσεν·

2184 3118 2426 3170 κάκεῖνοι
2459 3115 2571 3186 (91)
2617 3117 2717 3184 μὲν
2749 3118 2898 3187 τρεῖς
2951 3117 3088 3168 εἰσιν
3121 3116 3153 3186 ἤ
3203 3115 3480 3185 τέσσαρες,
3512 3111 3670 3182 ἧπέντε

2181 3208 2277 3261 καὶ
2327 3207 2479 3260 δέκα.
2527 3206 2669 3276 Ἐγὼ
2713 3208 2770 3261 δὲ
2835 3207 3034 3268 πολλάς
3085 3207 3193 3277 ἔχω
3250 3206 3502 3278 μυριάδας
3533 3205 3670 3272 ἀκροα-

2179 3297 2286 3349 τῶν
2313 3297 2424 3368 (92)
2457 3301 2522 3368 τῇ
2554 3301 2650 3368 τῆς
2678 3298 3031 3362 διδασκαλίας
3060 3298 3322 3369 ὀρθότητι
3355 3293 3667 3367 μαρτυρούσας-

2184 3389 2282 3453 Ἕξ
2315 3391 2414 3460 μὲν
2445 3390 2553 3461 γὰρ
2584 3390 2676 3460 ἐτη
2719 3391 2996 3443 διετέλεσα
3048 3391 3322 3444 διδάσκων
3380 3389 3464 3442 ἐπὶ
3503 3387 3573 3440 τοῦ
3608 3383 3670 3450 τῆς

2183 3481 2463 3550 μακαρίας
2494 3483 2585 3533 καὶ
2614 3481 2767 3545 ὁσίας
2806 3483 3031 3552 μνήμης
3071 3482 3334 3536 Θεοδότου
3359 3482 3450 3550 τῆς
3475 3479 3568 3545 (9⁵)
3599 3477 3668 3526 ἈΨ

2178 3569 2403 3639 τιοχέων
2434 3570 2754 3636 ἐπισκόπου,
2788 3571 2847 3633 ὃς
2884 3573 2978 3624 καὶ
3012 3572 3112 3643 βίῳ
3136 3572 3380 3643 λαμπρῷ
3411 3573 3493 3624 καὶ
3527 3572 3576 3637 τῇ
3599 3565 3669 3617 τῶν

2179 3661 2337 3712 θείων
2369 3661 2656 3730 δογμάτων
2709 3664 3054 3734 ἐκεκόσμητο
3084 3664 3322 3732 γνώσει·
3351 3664 3459 3733 τρὶς
3487 3661 3560 3713 καί
3580 3658 3668 3710 δέκα

2178 3754 2339 3806 πάλιν
2382 3753 2494 3823 (94)
2523 3753 2687 3824 ἕτερα
2721 3754 2814 3807 ἐπὶ
2856 3755 2950 3807 τοῦ
3010 3756 3108 3825 τῆς
3157 3756 3319 3819 ὁσίας
3347 3756 3437 3808 καὶ
3467 3750 3669 3823 μακαρίας

2181 3847 2402 3916 μνήμης
2431 3846 2542 3914 (95)
2594 3846 2842 3899 Ἰωάννου
2863 3846 2977 3900 -τοῦ
3029 3847 3354 3913 ἐπισκόπου,
3389 3847 3454 3928 .8;
3492 3841 3669 3896 τοσοῦτον

2177 3936 2439 4004 ἐγάννυτο
2476 3935 2876 4004 διαλεγομένων
2926 3937 3108 4006 ἡμῶν,
3142 3937 3218 4000 ὼς
3269 3939 3431 4008 ἄμφω
3468 3935 3532 3988 τὼ
3570 3934 3667 4000 χεῖρε

2175 4029 2370 4085 κινεῖν,
2407 4027 2500 4079 καὶ
2543 4025 2913 4080 διανίστασθαι
2951 4028 3212 4092 πολλάκις
3233 4047 3248 4060 ·
3281 4031 3361 4083 ὅτι
3391 4029 3460 4092 δὲ,
3486 4023 3666 4078 παιδὸθεν

2174 4122 2285 4180 τοῖς
2319 4116 2482 4179 Θείοις
2533 4117 2716 4185 λόγοις
2747 4117 2862 4187 (96)
2901 4119 3368 4190 ἐντεθραμμένος,
3398 4117 3570 4189 ἀκριϐῆ
3589 4113 3665 4164 λίιν

2173 4203 2285 4278 εἶχε
2312 4207 2419 4260 τῶν
2444 4208 2604 4261 θείων
2641 4209 2933 4280 δογμάτων
2974 4209 3069 4280 τὴν
3099 4211 3331 4280 εἴδησιν,
3366 4208 3665 4280 ἐμαρτύρησεν

2177 4303 2236 4353 ὲν
2259 4303 2370 4363 τοῖς
2401 4302 2776 4372 γράμμασι·αὴ
2804 4302 2870 4372 σὴ
2897 4303 3112 4372 όσιότης
3128 4303 3264 4372 (97).
3297 4303 3435 4374 Πρὸς
3456 4301 3504 4353 δὲ
3523 4297 3664 4352 τοῦπις

493 4386 748 4442 diernum
773 4403 944 4458 usque
968 4388 1134 4451 diem,
1150 4397 1302 4442 tanto
1326 4389 1587 4458 temporis
1610 4390 2070 4454 intervallo,ullus

2183 4391 2404 4461 ἱδδομόν
2433 4393 2582 4444 ἐστιν
2610 4393 2729 4456 ἔτος
2751 4393 2846 4446 τοῦ
2870 4393 3287 4464 θεοφιλεστάτου
3317 4390 3662 4466 ἀρχιεπισκόπω

493 4493 734 4548 unquam
769 4494 868 4534 nec
898 4480 1010 4533 Deo
1045 4479 1490 4534 charissiinorum
1523 4481 1930 4551 episcoporum,
1964 4498 2068 4539 nec

492 4571 1031 4641 religiosissimornm
1062 4571 1388 4625 clericorum
1418 4587 1504 4635 ea,
1534 4587 1655 4641 quae
1677 4587 1706 4626 a
1729 4572 1888 4628 nobis
1920 4573 2066 4630 dicta

487 4670 694 4724 essent,
737 4661 1111 4732 reprehendit.
1162 4662 1374 4726 Quanta
1420 4677 1552 4716 vero
1596 4679 1719 4717 cum
1761 4664 1929 4718 animi
1970 4679 2067 4719 vo-

489 4748 699 4821 luptate
731 4751 1028 4806 Christiani
1059 4750 1246 4821 populi
1274 4767 1558 4807 sermones
1596 4767 1750 4808 meos
1788 4753 2063 4820 audirent,

701 4905 1055 4975 διατρίψαντα
1095 4905 1259 4959 Sirm.

585 4973 673 5041 80)
706 4972 995 5041 θεραπεύει
1026 4975 1190 5028 Sirm.

585 4981 673 5038 δυ)
706 4981 995 5041 θεραπεύει
1026 4981 1190 5028 Sirm.

559 4981 670 5110 (81)
699 5042 843 5095 οὕτω
876 5045 1032 5098 πάλιν
1061 5046 1220 5099 Sirm.

701 5113 787 5190 δὶς
813 5113 904 5190 τὸν
937 5115 1103 5190 Idem.

565 5183 678 5255 (85)
730 5183 930 5234 πλάνον
980 5187 1084 5235 ὑπὸ
1131 5185 1238 5237 τῶν
1288 5184 1581 5255 ἀλιτηρίων
1620 5185 1886 5240 Ἰουδαίων
1927 5189 2059 5242 ὼνθ·

487 5253 785 5370 μασμένσν.
825 5255 987 5306 Sirm.
1025 5255 1128 5307 Pro
1168 5257 1308 5308 ἀλιτ.
1351 5253 1651 5310 Garnerius
1687 5257 1936 5312 ediderat
1964 5260 2058 5313 άλο

519 5334 730 5370 οτοιων-

519 5334 730 5376 οτοιων.

558 5393 667 5452 (Si)
694 5394 748 5444 δὲ
781 5395 1014 5447 habebat
1041 5394 1203 5447 (iam.

558 5461 668 5532 (85)
705 5463 989 5532 άγιὸτητος
1028 5462 1187 5517 Sirm.

884 5530 936 5584 κ.
971 5536 1157 5608 ἀγᾉιυτ.
1191 5537 1315 5606 ἀρχ.
1348 5537 1423 5607 τῷ
1461 5538 1633 5608 κυρίῳ
1658 5538 1865 5608 Δῦμνῳ.
1889 5537 2053 5594 Sirm.

557 5599 667 5670 (87)
694 5600 965 5670 ὁσιότητος
996 5599 1048 5653 Si
1060 5620 1155 5654 rnt.

558 5665 666 5741 (88)
698 5665 1000 5738 ὲγραῦξαντο
1037 5672 1198 5725 Sirm.

2171 4481 2266 4534 τοῦ
2301 4481 2487 4552 κυρίου
2512 4483 2736 4551 Δόμνου.
2767 4483 2878 4536 Καὶ
2914 4483 3076 4556 μέχρι
3115 4484 3211 4554 τῆς
3243 4486 3476 4554 σήμερον
3497 4479 3664 4548 ἡμέρας.

2171 4571 2429 4625 τοσούτου
2485 4573 2847 4645 παρελθόντος
2883 4575 2994 4645 (98)
3030 4575 3247 4646 χρόνον,
3284 4575 3454 4636 οὐδεὶς
3476 4571 3575 4624 οὗτε
3599 4565 3664 4616 τίν

2169 4661 2600 4731 Θεοφιλεστάτων
2630 4666 2968 4729 ἐπισκόπων,
3014 4665 3138 4719 οὒτε
3170 4665 3279 4718 τῶν
3338 4658 3664 4718 εὐλαϐεστάτων

2171 4757 2483 4828 κληρικῶν,
2534 4761 2647 4822 τοῖς
2705 4761 2837 4829 παρ’
2887 4758 3044 4828 ἡμῶν
3091 4757 3404 4828 εἰρημένοις
3453 4749 3665 4822 ἐμέμιὲατθ

2239 4912 2348 4982 (89)
2381 4914 2456 4977 ὼς
2489 4915 2643 4968 abest
2675 4932 2705 4969 a
2741 4915 2903 4970 Sirm.

2239 4983 2348 5050 (90)
2383 4986 2470 5035 ἐπ’
2501 4985 2665 5038 Sirm.

2241 5053 2352 5120 (9|)
2387 5056 2562 5106 καίτοι
2594 5056 2789 5108 ἐκεῖνοι
2820 5055 2986 5109 Idem.

2257 5124 2346 5188 92)
2376 5124 2677 5193 ἀνθρώπων
2716 5124 2878 5178 Sirm.

2261 5195 2351 5328 95)
2381 5193 2480 5261 τῆς
2508 5193 2660 5247 addit
2684 5196 2850 5248 idem.

2261 5266 2324 5317 95
2383 5263 2437 5315 δὲ
2464 5263 2569 5316 add
2599 5264 2761 5318 Sirm.

2259 5263 2346 5318 95)
2383 5263 2437 5315 δὲ
2464 5263 2569 5316 add
2599 5264 2761 5318 Sirm.

2265 5319 2354 5402 95)
2394 5335 2663 5402 μακαρίου
2708 5335 2955 5387 Ἰωάννου
2998 5334 3052 5396 ὃς
3101 5333 3344 5386 τοσοῦτον
3390 5332 3562 5384 ἰαίνετο
3594 5319 3658 5375 ὖτὲ

2168 5403 2370 5469 διαλεγ.
2403 5407 2501 5470 ἠμ.
2531 5405 2622 5458 Sic
2662 5404 2940 5457 Sirmondi
2969 5404 3136 5457 codex
3161 5403 3413 5457 habebat.

2241 5474 2350 5540 (9n)
2385 5477 2497 5535 τοῖς
2517 5474 2632 5541 λόγ.
2665 5491 2712 5525 τ.
2756 5476 2918 5535 θείοις
2945 5474 3106 5528 Sirm.
3146 5473 3344 5541 λογίοις
3375 5473 3528 5542 Neap.

2238 5545 2347 5606 (97)
2379 5545 2410 5611 ἡ
2442 5544 2661 5611 ἁγιότης
2693 5546 2726 5608 ἡ
2765 5545 2830 5611 σὴ
2864 5545 3027 5598 Sirm.

2237 5613 2347 5686 (98)
2375 5613 2741 5686 διεληλυθότος
2770 5616 2932 5668 Sirm.
