3924 6192
288 273 424 342 1269

1548 283 1912 344 EPISTULA
1953 287 2281 350 LXXXIII.

3411 285 3548 350 12ῖο

283 386 526 440 πώποτε.
553 387 690 442 Μεθ’
730 389 862 458 ὅσης
909 387 966 442 δὲ
994 359 1391 461 θυμηδίαςικαὶ
1439 393 1488 444 oi
1523 391 1851 463 φιλόχριστοι

1969 393 2123 451 facile
2159 405 2342 466 potest
2386 407 2478 454 tua
2523 399 2711 456 divina
2737 399 3062 456 excellentia
3093 407 3208 453 tum
3236 413 3306 454 ex
3333 397 3422 464 iis,
3447 397 3538 468 qui
3637 400 3645 406 ’

279 473 399 530 λαοὶ
426 475 535 529 τῶν
561 476 841 549 ἡμετέρων
870 478 1126 533 ἐπαΐουσι
1169 478 1281 550 (99)
1315 479 1510 548 λόγων,
1541 481 1723 553 ῥᾴδιόν
1768 499 1862 536 σου

280 567 378 638 τὴν
408 566 546 636 (99')
585 567 728 621 κατὰ
763 567 896 621 Θεὸν
945 569 1261 640 τελειότητα
1312 571 1464 641 παρὰ
1492 571 1601 626 τῶν
1655 573 1865 626 ἐκεῖθεν

280 659 512 712 ἐνταῦθα
568 662 1069 732 παραγενομένων,
1115 661 1211 716 καὶ
1265 662 1420 733 παρὰ
1462 663 1570 716 τῶν
1613 665 1865 718 ἐντεῦθεν

276 749 454 803 ἐκεῖσε
481 750 851 822 ἀφικομένων,
880 751 1092 823 μαθεῖν.

345 838 534 893 Ταῦτα
569 841 646 911 (1)
680 841 827 910 λέγω
871 844 932 897 οὐ
967 845 1389 917 σεμνυνόμενος,
1423 846 1539 900 ἀλλ’
1568 847 1860 916 ἀπολογεῖ-

278 925 399 982 σθαι
430 926 748 999 βιαζόμενος
785 929 1034 1002 (2),λοῦτε
1057 932 1162 1005 μὴν
1196 934 1586 1007 λαμπρότητα,
1621 936 1742 990 ἀλλ’
1766 939 1861 1008 ὁρ-

276 1020 478 1092 θότητα
495 1021 656 1092 μόνον
681 1022 759 1094 (5)
779 1025 890 1088 τοῖς
913 1024 1154 1094 ἐμαυτοῦ
1187 1027 1370 1096 λόγοις
1391 1029 1857 1100 προσμαρτυρῶν.

274 1110 387 1164 Καὶ
418 1113 447 1164 6
479 1111 651 1182 μέγας
681 1111 738 1164 δὲ
764 1111 862 1182 τῆς
887 1113 1214 1186 οἰκουμένης
1237 1114 1556 1179 διδάσκαλος
1579 1114 1682 1188 (4),
1706 1115 1862 1185 ἔσχα-

271 1218 364 1255 τον
402 1201 594 1256 ἑαυτὸν
623 1201 734 1256 τῶν
766 1203 941 1272 ἁγίων
974 1207 1070 1258 καὶ
1097 1205 1321 1276 πρῶτον
1351 1206 1464 1260 τῶν
1511 1207 1858 1278 ἁμαρτωλῶν

271 1291 553 1362 ὀνομάζων
581 1293 688 1358 ἀεὶ,
722 1295 1068 1366 ἠναγκάσθη,
1093 1296 1202 1348 τῶν
1230 1296 1582 1369 ψευδηγὸρων
1610 1299 1858 1369 ἐμφράτ-

271 1398 380 1435 των
426 1383 496 1436 τά
544 1383 812 1453 στόματα,
855 1385 947 1438 τὸν
993 1385 1101 1439 τῶν
1130 1387 1350 1441 οἰκείων
1399 1387 1578 1443 πόνων
1614 1388 1854 1442 ἐκθεῖναι

271 1473 591 1543 κατάλογον·
625 1476 721 1530 καὶ
753 1475 966 1542 δεικνὺς
994 1477 1070 1542 ὡς
1098 1479 1198 1549 τῆς
1227 1481 1476 1551 ἀνάγκης
1497 1476 1568 1551 ἦν
1599 1481 1696 1552 (5),
1737 1481 1855 1534 ἀλλ’

268 1561 332 1614 ού
365 1561 465 1634 τῆς
486 1561 734 1636 γνώμης,
765 1567 800 1636 ἠ
821 1565 930 1620 τῶν
965 1567 1306 1639 παθημάτων
1332 1571 1609 1642 διήγησις.
1640 1573 1853 1641 ἐπήγα-

270 1670 388 1722 γεν,
428 1674 447 1706 ι
493 1656 720 1728 ’Ἄφρων
763 1658 1030 1730 ἐγενόμην
1081 1660 1456 1733 καυχώμενος·
1489 1661 1648 1730 ὑμεῖς
1690 1662 1746 1714 δέ
1775 1662 1851 1734 (6)

274 1760 344 1814 με
369 1746 736 1815 ἠναγκάσατε.
767 1767 786 1801 ι

368 1835 495 1905 Εγὼ
526 1837 582 1891 δὲ
604 1838 788 1894 ἄθλιον
815 1841 1053 1912 ἐμαυτὸν
1083 1842 1181 1896 καὶ
1207 1843 1518 1916 τρισάθλιον
1551 1841 1689 1900 οἶδεν
1719 1847 1854 1900 πολ-

273 1929 384 1992 λοίς
421 1929 530 2000 γάρ
555 1929 918 2002 ὑποκείμενον
953 1933 1027 2004 (7)
1063 1933 1521 2006 πλημμελήμασι·
1555 1935 1644 1990 διὰ
1675 1937 1732 1990 δὲ
1760 1937 1856 2007 μό-

271 2037 371 2094 νης
399 2021 637 2086 πίστεως
678 2023 756 2096 (8)
787 2024 844 2078 ὲν
869 2026 935 2096 τῇ
969 2023 1069 2095 τῆς
1116 2025 1268 2089 θείας
1302 2026 1622 2096 ἐπιφανείας
1649 2025 1852 2099 ἡμέρᾳ,

273 2113 491 2182 φειδοῦς
510 2132 654 2179 τινος
671 2115 1076 2172 άπολαύσεσθαι
1109 2119 1415 2188 προσδοκῶ.
1445 2121 1572 2183 Τοῖς
1619 2119 1722 2188 μὲν
1747 2121 1854 2192 γὰρ

270 2201 378 2256 τῶν
421 2203 596 2271 άγίων
623 2203 885 2277 Πατέρων
933 2205 1250 2260 ἀκολουθεῖν
1294 2208 1488 2278 ῐχνεσι,
1527 2209 1621 2262 καὶ
1655 2208 1856 2280 προθυ-

273 2290 502 2362 μοῦμαι,
537 2295 634 2348 καὶ
665 2295 1042 2366 προσεύχομαι
1077 2298 1176 2368 (9),
1223 2299 1316 2352 καὶ
1347 2299 1445 2371 τὴν
1493 2299 1857 2371 εύαγγελικὴν

267 2383 642 2449 διδασκαλίαν,
675 2387 744 2456 ἣν
787 2387 847 2440 ὲν
876 2386 1158 2458 κεφαλαίῳ
1199 2387 1508 2460 παρέδοσαν
1542 2391 1678 2460 ἡμῖν
1717 2391 1768 2443 oi
1797 2393 1855 2445 ἐν

270 2475 476 2548 Νικαία
526 2477 626 2546 τῆς
661 2477 916 2542 Βιθυνίας
973 2479 1334 2550 συναχθέντες
1389 2479 1501 2551 (10)
1557 2481 1858 2550 ἁγιώτατοι

166 2603 182 2631 ,
271 2563 512 2635 Πατέρες
546 2563 681 2638 (11),
709 2565 996 2630 σπουδάζω
1029 2567 1316 2636 φυλάττειν
1343 2569 1644 2642 ἀκήρατον.

339 2654 450 2706 Καὶ
477 2652 667 2726 ῶσπερ
704 2655 801 2709 ἕνα
837 2657 1092 2712 πιστεύων
1127 2655 1266 2712 εἶναι
1296 2659 1432 2714 Θεδν
1472 2661 1726 2734 Πατέρα,
1759 2664 1854 2717 καὶ

269 2747 328 2799 ἓν
369 2747 596 2818 Πνεῦμα
645 2749 800 2818 ἅγιον
858 2751 923 2804 ὲκ
974 2751 1068 2805 τοῦ
1136 2754 1354 2824 Πατρδς
1389 2753 1852 2825 ἐκπορευόμενονο

268 2837 415 2893 οὕτω
465 2840 560 2892 κα).
604 2838 701 2894 ἕνα
741 2839 948 2913 Κύριον
1012 2842 1220 2912 Ἰησοῦν
1261 2844 1536 2914 Χριστὸν,
1573 2844 1704 2898 Υίδν
1759 2845 1854 2902 τοῦ

269 2926 404 2980 Θεοῦ
431 2926 542 3000 (12)
575 2930 861 3000 μονογενῆ.
886 2931 992 3002 πρὸ
1025 2932 1243 2986 πάντων
1279 2932 1389 2986 τῶν
1423 2934 1635 2988 αἰώνων
1667 2937 1733 2989 ὲκ
1761 2935 1856 2988 τοῦ

271 3019 486 3090 Πατρδς
511 3021 978 3094 γεγεν[ξν]ημένον,
1015 3023 1359 3096 ἀπαύγασμα
1385 3025 1485 3096 τῆς
1525 3025 1713 3096 δόξης,
1761 3026 1855 3080 καὶ

271 3114 594 3186 χαρακτῆρα
624 3115 720 3184 τῆς
747 3113 843 3168 τοῦ
876 3115 1084 3186 Πατρὸς
1114 3117 1488 3184 ὑποστάσεως,
1513 3118 1603 3172 διὰ
1626 3118 1725 3190 τὴν
1745 3118 1854 3173 τῶν

273 3204 597 3276 ἀνθρώπων
624 3207 902 3278 σωτηρίαν
963 3207 1316 3278 σαρκωθέντα
1363 3210 1457 3262 καὶ
1511 3209 1858 3282 ὲνανθρωπήο

269 3313 458 3361 σαντα,
496 3298 590 3351 καὶ
641 3298 783 3352 κατὰ
835 3299 1015 3372 σάρκα
1070 3300 1137 3353 ὲκ
1179 3301 1399 3372 Μαρίας
1443 3301 1542 3372 τῆς
1577 3300 1855 3372 Παρθένου

268 3387 550 3457 τεχθέντα.
585 3388 745 3442 Οῦτω
777 3389 887 3462 γάρ
942 3390 1088 3460 ἡμᾶς
1122 3391 1218 3444 καὶ
1249 3391 1278 3442 6
1302 3391 1578 3462 πάνσοφος
1616 3391 1856 3446 διδάσκει

269 3477 480 3540 Παῦλος
507 3475 642 3549 (15).
687 3497 704 3529 ι
742 3471 844 3532 Ὧν
883 3481 934 3534 οί
985 3480 1241 3552 πατέρες,
1285 3481 1440 3552 φησὶ,
1485 3483 1583 3536 καὶ
1633 3481 1694 3548 ἐξ
1723 3474 1798 3536 ὧν
1828 3485 1857 3535 6

269 3569 504 3640 Χριστδς
547 3570 610 3622 τὸ
642 3569 786 3628 κατὰ
818 3571 1022 3642 σάρκα.
1059 3573 1088 3626 6
1119 3570 1194 3626 ὢν
1241 3571 1335 3625 ἐπὶ
1367 3571 1583 3626 πάντων
1615 3572 1750 3638 Θεὸς
1773 3574 1858 3627 εὑ·

267 3661 498 3732 λογητὺς
525 3663 606 3725 είς
649 3663 777 3726 τους
819 3661 1024 3727 αἰῶνας
1051 3661 1187 3734 (14).
1220 3664 1418 3736 Ἀμήν.
1457 3684 1476 3718 ι
1513 3666 1626 3720 Καὶ
1663 3665 1848 3720 πάλιν·

278 3771 297 3800 ι
335 3755 472 3822 Περὶ
491 3751 587 3806 τοῦ
609 3751 740 3806 Υίοῦ
759 3752 895 3807 Θεοῦ
927 3753 1038 3827 (IS)
1069 3755 1162 3808 τοῦ
1191 3755 1484 3825 γενομένου
1504 3757 1568 3810 ἐκ
1595 3756 1852 3828 σπέρμα-

269 3862 361 3909 τος
381 3843 545 3898 Δαὸὶδ
560 3843 706 3929 κατθὰ
739 3845 938 3918 σάρκα,
967 3846 1062 3900 τοῦ
1093 3846 1406 3919 ὁρισθέντος
1429 3847 1562 3902 Υίοῦ
1583 3846 1722 3905 Θεοῦ
1740 3849 1854 3916 (16)

272 3937 331 3988 ὲν
361 3935 590 4007 δυνάμει
624 3937 770 3991 κατὰ
803 3936 1028 4009 Πνεῦμα
1049 3937 1380 4010 ἁγιωσύνης.
1424 3958 1444 3992 ι
1479 3939 1582 3994 Διὰ
1610 3939 1719 4010 γὰρ
1745 3941 1856 4011 (17)

274 4025 432 4080 τοῦτο
457 4029 552 4082 καὶ
587 4028 850 4082 Θεοτόκον
890 4029 1096 4084 ἁποκα)
1109 4030 1277 4100 οῦμεν
1305 4029 1404 4101 τὴν
1437 4030 1600 4096 ἁγίαν
1641 4032 1856 4104 Παρθέ-

274 4135 386 4183 νον,
419 4119 514 4173 κα).
553 4120 680 4183 τοὺς
711 4119 1214 4193 τὴνπροσηγορίαν
1246 4121 1452 4190 ταύτην
1487 4124 1860 4196 παραιτουμέο

276 4228 421 4278 νους,
451 4209 768 4284 ἀλλοτρίους
803 4211 906 4283 τῆς
935 4211 1219 4278 εὐσεϐείας
1249 4212 1552 4286 ἡγούμεθα.

357 4301 631 4365 Ὡσαύτως
685 4301 742 4355 δὲ
802 4301 897 4355 καὶ
939 4303 1066 4366 τοὺς
1111 4303 1192 4368 είς
1235 4301 1330 4357 δύο
1373 4303 1665 4375 πρόσωπα,
1705 4304 1859 4377 ἢδύο

1963 486 2116 541 illinc
2150 487 2258 544 huc
2285 489 2533 555 veniunt,
2567 501 2683 546 tum
2723 509 2789 548 ex
2829 492 2916 557 iis,
2949 491 3044 562 qui
3079 488 3210 545 hinc
3247 488 3342 543 illo
3380 487 3548 560 proli-

1962 577 2268 646 ciscuntur,
2302 595 2665 652 cognoscere..
3515 579 3520 589 ’

2033 859 2048 877 ⁴
2075 859 2408 915 llaec-autem
2441 859 2586 926 diea,
2613 879 2723 918 non
2753 863 3033 935 iactantiae
3061 879 3247 930 causa,
3280 863 3376 918 sed
3427 861 3532 918 de-

1959 947 2229 1005 fensionis
2259 950 2610 1015 necessitate,
2673 969 2854 1024 neque
2909 955 3262 1024 splendorem
3299 952 3538 1009 orationi

1961 1057 2116 1106 meas,
2141 1040 2238 1096 sed
2269 1050 2484 1098 tantum
2527 1059 2782 1100 asserens
2838 1045 3256 1101 rectitudinem.
3292 1043 3428 1100 Nam
3479 1051 3536 1098 et

1957 1147 2193 1202 magnus
2214 1147 2434 1202 quoque
2459 1132 2616 1189 orbis
2656 1133 2938 1204 magister,
2981 1134 3077 1204 qui
3109 1143 3453 1205 postremum
3477 1150 3537 1190 se

1957 1230 2350 1278 sanctorumet
2375 1221 2613 1292 primum
2656 1232 3002 1292 peccatorem
3057 1223 3332 1295 appellare
3373 1224 3533 1288 solet,

1959 1323 2019 1368 ut
2052 1329 2150 1368 ora
2203 1313 2554 1368 mendacium
2599 1314 2936 1380 ohstrueret,
2969 1329 3196 1370 suorum
3237 1313 3352 1384 ipse
3379 1314 3535 1369 labo-

1958 1421 2081 1460 rum
2115 1404 2352 1460 indicem
2382 1405 2634 1476 proferre
2657 1414 2882 1461 coactus
2907 1415 3014 1471 est,
3036 1417 3095 1460 et
3113 1405 3410 1462 ostendens
3439 1421 3537 1462 ne-

1955 1497 2228 1554 cessitatis
2253 1497 2445 1563 fuisse,
2479 1514 2591 1553 non
2639 1497 2830 1552 libera:
2871 1496 3198 1563 voluntatis,
3253 1511 3537 1552 aerumna-r

1956 1605 2077 1644 rum
2129 1591 2733 1655 commemorationem,
2774 1589 3026 1644 addidit:
3073 1590 3391 1660 clnsipiens
3446 1588 3540 1643 fa-

1954 1690 2078 1738 ctus
2099 1696 2220 1736 sum
2249 1681 2382 1736 dum
2419 1681 2646 1752 glorior.
2663 1696 2764 1738 vos
2795 1689 2979 1736 autem
3001 1697 3088 1736 me
3118 1681 3376 1752 coegistis
3402 1681 3501 1736 ⁷ο.»

2027 1858 2140 1929 Ego
2203 1873 2338 1912 vero
2390 1856 2656 1912 miserum
2704 1871 2814 1922 me,
2845 1872 2911 1912 ac
2958 1855 3334 1926 miserrimum
3378 1857 3536 1924 novi,“

1957 1947 2150 2002 multis
2201 1946 2350 2000 enim
2392 1946 2668 2002 obnoxius
2701 1961 2825 2000 sum
2888 1945 3112 2017 culpis:
3158 1945 3252 2000 sed
3307 1957 3529 2016 propter

1956 2041 2130 2096 solam
2167 2039 2332 2094 [idem
2383 2039 2440 2094 in
2483 2039 2574 2095 die
2626 2039 2801 2094 divini
2849 2037 3139 2104 adventus,
3186 2037 3405 2094 veniam
3445 2053 3532 2092 me

1957 2132 2289 2202 adepturum
2345 2129 2584 2186 conﬁdo.
2627 2129 2953 2187 Sanctorum
3015 2145 3251 2201 namque
3307 2130 3532 2184 Patrum

1957 2224 2186 2296 vestigia
2223 2225 2382 2296 sequi
2426 2225 2592 2295 cupio
2619 2223 2835 2296 1148
2885 2232 2942 2279 et
2967 2233 3126 2295 ’opto,
3163 2230 3220 2278 ct
3260 2221 3536 2306 evangeli-

1957 2334 2077 2375 cam
2102 2317 2433 2382 doctrinam,
2479 2332 2642 2387 quam
2697 2315 3028 2387 compendio
3081 2315 3242 2370 nobis
3293 2312 3534 2369 tradide-

1959 2418 2110 2472 runt,
2143 2411 2237 2480 qui
2269 2409 2416 2480 apud
2446 2409 2684 2464 Nicmam
2749 2407 3020 2480 Bithyniae
3054 2421 3365 2462 convenere
3409 2420 3535 2459 san-

1955 2499 2190 2556 ctissimi
2219 2501 2430 2565 Patres,
2459 2499 2725 2554 illibatam
2751 2497 2946 2554 studeo
2972 2509 3346 2552 conservare.

2025 2676 2097 2734 Et
2153 2675 2299 2730 sicut
2356 2689 2529 2728 unum
2583 2688 2706 2728 esse
2765 2671 2932 2728 credo
2971 2673 3144 2727 Deum
3193 2672 3434 2732 Patrem,
3479 2678 3558 2725 et-

1957 2781 2130 2822 unum
2165 2765 2436 2836 Spiritum
2485 2775 2738 2820 sanctum
2781 2777 2845 2818 ex
2885 2763 3048 2818 Patre
3096 2759 3532 2832 procedentem:

1957 2858 2038 2914 sic
2069 2866 2126 2912 et
2177 2873 2346 2913 unum
2395 2857 2686 2910 Dominum
2737 2855 2925 2910 Jesum
2977 2852 3282 2914 Christum,
3335 2849 3563 2906 Filium.

1931 2947 2055 3004 'Dei
2087 2947 2454 3018 unigenitum,
2487 2953 2616 3001 ante
2650 2944 2834 2999 omnia
2868 2943 3068 2998 saecula
3098 2943 3345 3014 genitum
3374 2957 3404 2995 a
3436 2940 3538 2995 Pa-

1909 3083 1924 3103 ,
1959 3048 2062 3105 tre,
2115 3039 2468 3110 splendorem
2521 3036 2730 3109 glorixe,
2767 3044 2822 3092 et
2869 3035 3246 3090 characterem
3296 3040 3538 3103 paternae

1957 3129 2300 3194 substantiae,
2330 3135 2562 3198 propter
2593 3125 2880 3180 hominum
2903 3123 3136 3179 salutem
3170 3121 3561 3181 incarnatum,.

1955 3227 2013 3274 ct
2043 3217 2322 3272 hominem
2353 3216 2583 3280 factum,
2635 3222 2692 3270 et
2725 3213 3029 3269 secundum
3075 3226 3296 3267 carnem
3347 3219 3535 3264 natum

1957 3327 2022 3365 ex
2055 3308 2224 3363 Maria
2247 3307 2492 3378 Virgine.
2544 3305 2638 3362 Sic
2667 3307 2817 3360 enim
2869 3310 2971 3359 no‘s
3000 3302 3192 3359 docuit
3238 3310 3295 3356 ct
3321 3299 3537 3370 sapien-

1959 3401 2204 3457 tissimus
2235 3398 2440 3454 Paulus
2467 3415 2482 3451 :
2512 3417 2529 3450 ι
2559 3397 2807 3464 Quorum
2839 3403 3026 3465 patres
3060 3401 3208 3458 sunt,
3241 3391 3439 3460 inquit,
3481 3397 3539 3444 et.

1956 3505 2024 3544 ex
2049 3487 2254 3558 quibus
2286 3495 2372 3543 est
2412 3484 2669 3542 Christus
2693 3483 2999 3540 secundum
3045 3497 3291 3546 carnem,
3321 3480 3418 3549 qui
3451 3485 3538 3532 est

1957 3597 2127 3652 super
2159 3580 2345 3635 omnia
2393 3579 2538 3634 Deus
2573 3576 2902 3632 benedictus
2947 3576 3002 3630 in
3039 3573 3238 3629 saecula
3304 3569 3540 3624 saeculo-

1960 3689 2100 3728 rum.
2127 3671 2302 3727 Amen
2332 3671 2402 3725 τί.
2440 3691 2458 3722 ι
2495 3671 2564 3726 Et
2586 3671 2817 3725 iterum:
2849 3687 2866 3719 ι
2891 3667 2968 3722 De
2998 3665 3136 3720 Filio
3181 3661 3300 3726 Dei,
3343 3659 3436 3732 qui
3461 3658 3540 3714 fa-

1957 3774 2080 3821 ctus
2104 3772 2190 3819 est
2221 3779 2286 3818 ex
2316 3763 2526 3818 semine
2561 3760 2786 3816 Davidis
2821 3757 3124 3814 secundmn
3163 3768 3410 3816 carnem,
3438 3749 3532 3820 qui

1958 3857 2270 3913 destinatus
2301 3863 2389 3910 est
2407 3853 2580 3910 Filius
2604 3852 2703 3908 Dei
2736 3852 2790 3906 in
2815 3851 3022 3906 virtute
3057 3845 3362 3903 secundum
3412 3842 3537 3912 Spi-

1959 3947 2126 4002 ritum
2157 3943 2704 4002 sanctiﬂcationis".
2735 3963 2752 3992 ι
2783 3943 3082 4012 Pr0pterea
3116 3937 3284 4010 igitur
3319 3943 3375 3991 et
3404 3933 3532 3988 Dci-

1959 4055 2146 4112 param
2173 4037 2516 4110 appellamus
2567 4044 2818 4092 sanctam
2857 4033 3164 4105 Virginem,
3213 4035 3269 4084 ct
3320 4042 3417 4083 eos
3441 4026 3536 4096 qui

1959 4148 2160 4187 nomen
2204 4131 2313 4186 hoc
2337 4129 2651 4200 repudiauit,
2685 4127 2896 4182 alienos
2925 4142 2955 4182 a
2984 4126 3186 4197 pietate
3211 4133 3524 4176 censemus.

2033 4311 2298 4368 Similiter
2321 4309 2606 4380 eteosqui
2646 4308 2701 4362 in
2753 4308 2890 4362 duas
2915 4318 3200 4374 personas,
3259 4300 3344 4354 vel
3397 4295 3540 4352 duos

279 4394 446 4459 υἱοὺς,
490 4393 522 4466 ἢ
557 4393 638 4458 είς
675 4392 768 4447 δύο
804 4393 1030 4466 κυρίους
1067 4392 1390 4467 μερίζοντας
1415 4395 1506 4449 τὸν
1533 4396 1631 4452 ἕνα
1652 4396 1851 4470 Κύριον

1969 4400 2130 4466 lilios,
2159 4400 2243 4456 vcl
2269 4400 2410 4455 duos
2440 4399 2695 4454 dominos
2744 4397 2999 4453 dividunt
3034 4408 3203 4448 unum
3240 4389 3534 4446 Dominum

278 4485 436 4554 ἡμῶν
479 4483 690 4555 Ἰησοῦν
739 4486 996 4555 Χριστὸν,
1041 4485 1328 4559 κιὸδήλους
1352 4487 1726 4560 ὀνομάζομεν,
1761 4490 1855 4544 κα).

278 4577 377 4646 τῆς
405 4577 512 4630 τῶν
545 4577 904 4650 φιλοχρέστων
944 4578 1314 4650 ἁποκρίνόμεν
1355 4580 1572 4653 μοίρας.

353 4731 397 4763 ’⁸
436 4731 478 4785 ll
509 4731 637 4786 Cor.
671 4749 761 4796 xu,
798 4733 882 4788 11.
961 4735 1002 4766 τ’
1037 4733 1198 4788 Rom.
1228 4750 1302 4799 ix,
1338 4734 1371 4787 ὃ
1395 4769 1432 4788 ,υ
1468 4735 1511 4764 τ’
1537 4735 1696 4790 Rom.
1729 4752 1765 4802 ι,
1796 4737 1848 4790 ’5.

353 4867 818 4940 (99)-ὲπακούουσι
845 4869 1012 4926 Sirm.
1739 4925 1742 4932 .

353 4937 488 5013 (99")
513 4939 578 5008 τῇ
615 4953 668 4990 κ.
693 4937 761 5013 Θ.
801 4941 1101 5013 τελειότητι
1147 4958 1208 4993 π.
1233 4957 1287 5013 τ.
1329 4941 1413 4994 ὲκ.
1453 4941 1644 4996 αὐτόσε
1679 4959 1858 5013 παρα-

281 5007 581 5132 γινομένων
623 5007 719 5062 καὶ
766 5011 952 5080 μέντοι
983 5007 1074 5065 καὶ
1104 5010 1256 5082 παρὰ
1284 5027 1334 5062 τ.
1363 5027 1410 5064 ε.
1445 5027 1490 5064 ε.
1525 5007 1861 5082 ἀφικνουμέ-

283 5093 390 5128 νων
464 5093 591 5132 irm.

283 5093 390 5128 νων
424 5093 568 5132 διτηι
577 5116 591 5130 ο

357 5146 435 5228 (ί)
471 5147 584 5228 Ξ(αὲ
611 5147 786 5228 Ταῦτα
819 5149 986 5228 §irm.

353 5215 430 5288 (ξ.)
471 5215 787 5288 βουλόμενος
818 5219 983 5274 Garn.

465 5285 644 5372 ην
663 5288 828 5372 §irm.

358 5356 433 5420 (1)
464 5356 798 5424 ρθεσπέσιος
828 5357 1037 5424 Παῦλος
1069 5360 1214 5415 Idem
1253 5362 1424 5418 addit.

358 5427 434 5495 (ἲὶ)
527 5427 688 5491 ἁλοὺς
717 5421 804 5499 ἦν.
841 5431 874 5499 ή
907 5421 1038 5490 τῶν,
1061 5440 1167 5484 etc.
1201 5433 1368 5486 Garn.

363 5501 436 5552 16)
501 5499 526 5552 ὲ
560 5497 716 5552 abest
743 5514 772 5552 a
806 5497 970 5552 Sirm.

363 5501 436 5570 (6)
468 5497 526 5570 δὲ
560 5497 716 5570 abest
743 5497 772 5553 a
806 5497 970 5570 Sirm.

373 5567 436 5638 [7)
471 5567 767 5638 ὑπόκειμαι
800 5568 966 5623 Sirm.

373 5571 436 5629 :7)
471 5571 767 5638 ὑπόκειμαι
800 5571 966 5623 Sirm.

465 5638 552 5690 διὰ
578 5637 754 5716 μόνην
779 5638 835 5692 δὲ
869 5639 1050 5716 πίστιν
1079 5637 1244 5692 Sirm.
1322 5712 1331 5716 _
1537 5713 1562 5716 Α
1701 5685 1708 5690 .

361 5707 438 5780 (9)
471 5707 914 5780 προθυμούμενον
939 5707 1032 5760 καὶ
1066 5712 1497 5784 προσευχόμενον
1527 5713 1692 5770 Garri.

415 5147 435 5355 ξ

1964 4501 2213 4547 nostrum
2241 4492 2428 4547 Iesum
2460 4491 2766 4554 Christum,
2797 4506 2908 4544 non
2937 4488 3182 4543 sinceros
3197 4483 3448 4547 dicimus,
3482 4487 3537 4535 ct

1963 4599 1996 4638 a
2024 4583 2468 4638 Christianorum
2509 4590 2654 4637 coetu
2688 4595 3057 4652 segregamus.

2041 4870 2152 4955 ἐμὲ)
2185 4870 2526 4955 saevam
2551 4871 2716 4955 Sirm-
2739 4869 3365 4955 τεθνξλτιέξυοεετες.Νςδν·

2039 4939 2152 5014 (11)
2191 4939 2548 5014 A_ddit_Garn.
2571 4943 2636 5010 ἥν
2669 4941 2762 4993 καὶ
2785 4942 2818 5009 ἡ
2841 4942 2900 5014 ὲν
2933 4939 3146 5008 Ἐφέσῳ
3169 4939 3301 5007 ἁγία
3315 4939 3536 5014 σύνοδος

1968 5009 2188 5082 κρατεῖν
2213 5009 2552 5084 διηγόρευσε,
2596 5009 2939 5084 quaespuria
2982 5025 3103 5084 esse
3143 5025 3253 5063 non
3300 5009 3532 5077 dubito;

1969 5079 2395 5152 unamiquidem
2444 5079 2664 5138 Nicena:
2715 5079 2840 5136 lid’ei
2889 5079 3270 5152 auctoritatem
3321 5093 3538 5150 semper

1968 5150 2345 5224 Theodoretus
2384 5153 2439 5207 in
2491 5151 2738 5224 epistolis
2783 5150 3132 5222 apologeticis
3191 5150 3306 5205 suis
3357 5159 3543 5224 urget.

1963 5223 2126 5291 epist.
2161 5221 2251 5283 84,
2281 5223 2369 5287 86,
2399 5228 2506 5278 etc.

2067 5291 2148 5347 12)
2183 5292 2274 5346 τοῦ
2310 5293 2370 5346 Θ.
2402 5292 2573 5347 addit.
2611 5291 2776 5346 Sirm.

2065 5361 2148 5426 15)
2176 5361 2412 5426 ἐδίδαξεν
2441 5363 2532 5415 κα).
2559 5363 2587 5416 6
2617 5378 2674 5414 π.
2707 5363 2773 5414 Π.
2803 5361 2968 5416 ldum.

2063 5431 2147 5486 14)
2172 5431 2281 5486 τῶν
2309 5431 2518 5485 αἰώνων
2545 5431 2698 5486 addit
2733 5432 2892 5486 Sirm.

2061 5499 2145 5572 15)
2179 5501 2342 5554 αὐτοῦ
2379 5500 2506 5572 add.
2533 5503 2694 5557 Sirm.
2727 5502 2890 5572 idque
2925 5502 3283 5570 conjunxerat
3317 5499 3539 5560 ϐοτηε--

1964 5571 2080 5626 rius
2117 5571 2239 5627 cum
2267 5571 2424 5625 Θεοῦ.

2037 5641 2146 5714 (16)
2182 5639 2584 5714 ὡρισθητοῦμθ.
2626 5643 2861 5697 ίιειὶιριιεη
2888 5641 3057 5698 Gam.

2037 5710 2152 5785 (17)
2181 5710 2258 5766 τοι
2289 5710 2439 5767 addit
2469 5712 2630 5767 Sirm.

2128 5291 2148 5573 ἓ
