3924 6192
262 277 396 347 1273

1494 296 1858 360 EPISTOLA
1896 302 2223 366 LXXXIII.

3360 314 3495 381 12H

254 390 402 453 θείας
434 390 756 464 κηρύττουσι
792 394 1023 464 φύσεως,
1058 397 1152 451 καὶ
1180 397 1277 468 τὴν
1307 400 1650 474 Δεσποτικὴν
1676 402 1806 470 σάρ-

1918 402 2149 474 factam;
2205 408 2355 464 illam
2407 419 2591 466 autem
2649 414 2672 433 “
2708 411 2766 466 in
2815 411 3121 471 divinitatis
3167 432 3492 478 conversam

257 500 326 535 κα
353 482 502 537 θείαν
529 485 629 555 μὲν
654 486 1038 553 ἀποκαλοῦσιν,
1068 488 1145 552 ὼς
1172 490 1267 544 τοῦ
1309 490 1443 544 Θεοῦ
1465 493 1656 561 -Λόγου
1702 493 1815 565 (34)

252 575 428 645 σάρκα
458 576 853 648 γεγενημένηνο
902 579 965 631 τὸ
1010 578 1069 632 δὲ
1106 580 1187 643 είς
1233 580 1486 652 θεότητος
1523 583 1693 655 αὐτὴν
1722 602 1819 654 με·

245 663 604 735 τασεδλῆσθαι
642 666 824 736 φύσιν,
847 667 923 733 ὥς
962 669 1157 731 ἀσεϐὲς
1182 671 1653 744 ἀποκηρύττουσιν
1681 675 1815 746 (55).

317 755 436 807 Ὅτι
462 754 518 807 δὲ
547 756 640 808 καὶ
664 758 692 810 ό
714 758 814 827 τῆς
849 759 1123 832 μακαρίας
1149 761 1260 833 (56)
1298 765 1402 835 μνή
1413 780 1521 835 μης
1547 765 1818 838 Κύριλλος

242 846 499 911 πολλάκις
530 849 663 919 ἡμὶν
706 850 1046 919 ἐπέστειλεν,
1097 849 1249 924 οϊμαι
1309 855 1402 909 καὶ
1446 858 1543 927 τὴν
1577 857 1674 929 σὴν
1717 875 1818 911 σα-

246 937 362 1005 φῶς
390 938 589 992 εἰδέναι
634 940 946 1011 τελειότητα
985 943 1123 1014 (37).
1155 946 1266 998 Kal.
1289 946 1449 1015 ἡνίκα
1478 947 1536 1001 δὲ
1576 947 1646 1002 τά
1674 946 1819 1002 κατά

253 1026 544 1081 Ἰουλιανοῦ
585 1029 992 1101 συγγράμματα
1020 1034 1101 1096 είς
1141 1033 1240 1104 τὴν
1282 1034 1613 1106 Ἀντιόχειαν
1652 1036 1818 1090 ἐκπέ-

242 1132 461 1189 πομφεν
502 1119 652 1188 (58),
687 1119 949 1187 ὡσαύτως
990 1122 1048 1177 δὲ
1093 1125 1191 1178 καὶ
1236 1124 1308 1178 τά
1336 1127 1538 1191 είςτὸν
1566 1128 1815 1197 ἀποπομ-

241 1213 400 1264 παΐον
441 1210 740 1283 γραφέντα,
772 1211 865 1266 τὸν
896 1214 1166 1287 μακάριον
1193 1213 1393 1287 ᾔτησεν
1435 1217 1696 1287 Ἰωάννην
1722 1218 1816 1272 τὸν

238 1297 339 1369 ei};
370 1301 688 1372 Ἀντιοχέων
718 1302 832 1373 (59)
863 1304 1182 1369 ἐπίσκοπον,
1214 1307 1477 1374 ἐπιδείξαι
1506 1307 1677 1362 ταῦτα
1702 1307 1813 1378 (40)

239 1395 351 1456 τοῖς
393 1392 537 1448 κατά
585 1394 682 1465 τὴν
711 1394 855 1466 ιῴαν
904 1396 1267 1470 διαπρέπουσι
1319 1400 1678 1466 διδασκάλοις,
1722 1403 1816 1456 καὶ

244 1481 307 1555 δὴ
335 1487 449 1550 τοῖς
488 1485 811 1558 γράμμασιν
850 1487 1001 1554 εἴξας
1049 1491 1079 1544 ό
1127 1491 1398 1562 μακάριος
1438 1490 1688 1565 Ἰωάννης
1715 1493 1812 1547 πέρ

240 1588 455 1644 πομφεν
482 1577 617 1647 ἡμῖν
658 1574 757 1640 τὰς
805 1575 1044 1646 βίϐλους,
1085 1580 1179 1633 καὶ
1215 1581 1539 1651 ἀναγνόντες
1571 1583 1814 1653 ἐθαυμά-

243 1678 437 1733 σαμεν,
502 1665 596 1718 καὶ
634 1664 1026 1738 επεστείλαμεν
1084 1667 1197 1740 (ll)
1242 1669 1320 1741 τῷ
1374 1672 1472 1740 τῆς
1535 1672 1812 1745 μακαρίας

1920 496 2091 553 fuisse
2115 508 2397 566 naturam,
2418 502 2571 557 velut
2590 502 2820 574 impium
2848 505 3126 576 rejiciunt.

1977 742 2167 814 ’Βεειαξ
2196 774 2365 829 porro
2385 763 2662 817 memoriae
2698 742 2963 835 Cyrillum
3010 781 3151 837 smpe
3179 767 3245 822 ad
3275 783 3377 824 nos
3403 770 3499 825 lit-

1919 858 2065 904 teras
2095 850 2313 906 dedisse
2345 862 2692 923 perspectum
2738 863 2843 922 est,
2878 857 3098 928 Opinor,
3152 861 3501 918 excellentiae.

1921 946 2048 993 tua}.
2077 937 2185 993 Sed
2210 948 2265 994 et
2294 940 2516 1009 quando
2541 957 2671 998 suos
2701 944 2968 1000 adversus
2990 947 3273 1003 Julianum
3319 949 3501 1006 libros

1916 1028 2068 1084 misit
2088 1028 2456 1097 Antiochiam,
2488 1032 2857 1104 similiterque
2906 1036 3111 1092 librum
3141 1039 3210 1094 de
3260 1041 3497 1097 emissa-

1917 1121 2024 1186 rio,
2067 1121 2274 1191 1151
2330 1122 2552 1177 beatum
2601 1124 2867 1181 Joannem
2912 1130 3128 1199 rogavit
3170 1132 3490 1204 episcopum

1914 1212 2345 1280 Antiochenum,
2378 1223 2442 1269 ut
2469 1216 2595 1271 illos
2625 1219 2884 1287 spectatis
2908 1234 3007 1291 per
3048 1220 3332 1280 Orientem
3368 1242 3489 1281 ma-

1916 1302 2108 1374 gistris
2150 1304 2488 1369 ostenderet,
2562 1305 2877 1377 litterisque
2923 1309 3236 1380 obsequens
3296 1314 3491 1371 beatus

1918 1393 2159 1448 Joannes
2196 1393 2358 1449 nobis
2389 1395 2563 1450 libros
2606 1396 2783 1461 misit,
2820 1414 2960 1467 quos
3015 1400 3266 1470 legentes
3296 1418 3492 1474 suspe-

1915 1484 2116 1547 ximus,
2147 1492 2205 1538 et
2255 1484 2430 1562 beata;
2479 1488 2760 1541 memoria:
2805 1487 3011 1559 Cyrillo
3050 1492 3404 1562 scripsimus:
3431 1504 3490 1552 et
3583 1495 3587 1499 ’

1917 1573 2008 1629 ille
2043 1574 2111 1629 ad
2146 1590 2247 1630 nos
2282 1560 2587 1646 rescripsit,
2647 1576 3101 1650 diligentiamque
3140 1560 3204 1637 ac
3248 1584 3487 1639 benevo-

1919 1665 2151 1720 lentiam
2175 1674 2422 1721 nostram
2447 1668 2888 1724 commendavit:
2933 1687 3054 1743 quae
3100 1674 3300 1730 litterae
3342 1676 3491 1747 apud

242 1753 463 1824 μνήμης
508 1755 780 1828 Κυρίλλῳ·
817 1757 914 1811 κα)⁵
945 1758 1254 1830 ἀντέγραψε
1289 1760 1401 1832 (42)
1450 1762 1613 1817 πάλιν
1656 1764 1806 1834 ἡμῖν,

1918 1770 2014 1811 nos
2043 1764 2355 1811 servantur.

238 1844 334 1898 καὶ
354 1845 642 1917 ἀκρίϐειαν
663 1848 796 1919 ἡμῖν
827 1849 924 1903 καὶ
952 1849 1190 1904 διάθεσιν
1221 1853 1536 1924 μαρτυρῶν·
1570 1854 1667 1910 καὶ
1704 1855 1811 1908 σώ-
1836 1857 1841 1863 ’

237 1933 392 2000 ζεται
427 1935 603 1992 ταῦτα
626 1937 695 1992 τὰ
725 1939 1028 2011 γράμματα
1058 1942 1187 2014 παρ’
1216 1942 1367 2014 ἡμῖν.

314 2025 435 2080 ὀτι
481 2026 538 2081 δὲ
573 2028 687 2099 (ιδ)
733 2029 829 2083 καὶ
871 2032 986 2094 τοῖς
1015 2030 1142 2102 περὶ
1171 2031 1466 2104 Νεστορίου
1498 2033 1810 2107 ὕπαγορευυ

239 2116 378 2170 θεῖσι
405 2117 595 2190 τόμοις
623 2118 728 2173 ὑπὸ
752 2119 849 2174 τοῦ
873 2122 972 2193 τῆς
994 2123 1272 2194 μακαρίας
1300 2125 1525 2196 μνήμης
1561 2126 1809 2180 Ἰωάννου

235 2205 317 2272 δὶς
349 2208 770 2282 ὑπεγράψαμεν,
805 2212 1175 2284 μαρτυροῦσιν
1209 2214 1341 2285 ἡμῖν
1364 2215 1635 2288 αίχεῖρες.
1669 2215 1809 2270 Ἀλλ’

232 2293 380 2354 οῦτοι
408 2302 583 2358 ταῦτα
622 2304 750 2375 περὶ
776 2304 935 2376 ἡμῶν
960 2306 1271 2377 θρυλλοῦσι,
1308 2308 1407 2380 τὴν
1429 2308 1635 2365 οἰκείαν
1656 2309 1810 2363 νόσον

232 2391 298 2461 τῇ
337 2389 460 2444 καθ’
490 2390 649 2462 ἡμῶν
675 2394 1012 2465 συκοφαντίᾳ
1040 2393 1353 2459 συσκιάζειν
1380 2390 1733 2468 πειρώμενοι.

350 2480 771 2554 Ᾱποστραφήτω
835 2483 947 2556 (44)
998 2484 1179 2539 τοίνυν
1227 2488 1262 2558 ἡ
1320 2486 1386 2557 σὴ
1436 2488 1655 2559 ὁσιότης
1693 2488 1805 2562 (15)

229 2570 356 2634 τοὺς
391 2569 503 2643 (46)
532 2572 825 2638 λαλοῦντας
850 2573 911 2627 τὸ
935 2574 1153 2644 ψεῦδος,
1182 2577 1278 2630 κα).
1303 2577 1400 2649 τῆς
1424 2577 1807 2649 ἐκκλησιαστι-

231 2658 339 2730 κῆς
359 2661 691 2731 φροντιζέτω
718 2663 984 2735 γαλήνης,
1012 2665 1109 2720 καὶ
1141 2667 1269 2730 τοὺς
1307 2665 1650 2738 διαφθείρειν
1686 2668 1807 2724 ὲπι-

233 2750 550 2823 χειροῦντας
604 2751 716 2825 (47)
765 2754 865 2825 τῆς
919 2755 1178 2827 ἀληθείας
1229 2757 1297 2810 τὰ
1330 2758 1596 2829 δόγματα,
1631 2758 1808 2830 ἢτοῖς

238 2841 953 2922 ἀλεξικάκοιςᾜεραπευέτω
976 2848 1306 2918 φαρμάκοις,
1327 2847 1362 2920 ἢ
1384 2849 1485 2921 τὴν
1510 2850 1807 2923 θεραπείαν

235 2930 312 3005 μὴ
350 2932 694 3004 δεχομένους,
751 2936 826 3000 ὡς
874 2938 1194 3007 ἀνηκέστως
1242 2937 1641 3010 διακειμένους,
1696 2943 1807 2998 τῶν

230 3022 497 3092 ποιμνίων
521 3024 847 3092 ὲξελασάτω,
881 3027 967 3081 ἳνα
997 3027 1071 3100 μὴ
1100 3028 1200 3098 τῆς
1229 3028 1450 3083 ἐκείνων
1480 3031 1665 3104 λώϐης
1698 3051 1801 3105 με-

228 3112 438 3186 ταλάχῃ
494 3113 607 3187 (43)
652 3116 719 3171 τὰ
769 3118 1039 3190 πρόϐατα,
1080 3121 1227 3191 ἡμᾶς
1276 3121 1335 3175 δὲ
1385 3123 1486 3194 τῆς
1540 3127 1804 3196 συνήθους

227 3198 461 3266 ἀξιούτω
490 3203 868 3275 προσρήσεως.
907 3207 1029 3261 Ὀτι
1057 3208 1168 3279 γὰρ
1198 3209 1234 3263 ἀ
1264 3211 1571 3283 φρονοῦμεν
1596 3215 1801 3285 γεγρά-

230 3307 412 3363 φαμεν
444 3292 577 3366 (49),
631 3298 904 3369 μαρτυρεῖ
934 3297 1030 3351 καὶ
1060 3299 1130 3353 τὰ
1174 3303 1305 3372 παρ’
1349 3302 1506 3373 ἡμῶν
1558 3321 1803 3376 συγγρα-

227 3383 398 3454 φέντα
422 3385 502 3448 είς
529 3385 630 3449 τὰς
671 3384 822 3450 θείας
866 3387 1120 3458 Γραφάς,
1162 3392 1259 3444 καὶ
1289 3392 1429 3447 κατά
1475 3393 1584 3448 τῶν
1610 3394 1679 3448 τά
1709 3395 1804 3449 τοῦ

239 3475 449 3548 ’Δρείου
482 3477 572 3530 κα)
606 3477 875 3549 Εὐνομίου
905 3481 1269 3550 φρονούντων.
1414 3494 1417 3497 ’

298 3588 444 3660 Πρὸς
488 3587 546 3642 δὲ
578 3588 787 3653 τούτοις
830 3591 926 3646 καὶ
969 3578 1236 3665 σύντομόν
1270 3596 1679 3667 ἀκροτελεύτιον
1723 3601 1806 3656 τί-

226 3677 385 3754 θημιο
421 3677 491 3733 Εἴ
514 3696 599 3744 τις
642 3680 740 3753 οὐχ
780 3680 1034 3752 ὁμολογεῖ
1063 3683 1174 3757 (50)
1200 3685 1300 3759 τὴν
1335 3688 1496 3757 ἁγίαν
1531 3691 1804 3763 Παρθένον

224 3769 511 3836 Θεοτόκον,
562 3770 596 3842 ῆ
639 3769 793 3840 ψιλὸν
824 3771 1113 3845 ἄνθρωπον
1146 3776 1414 3834 ἀποκαλεί
1454 3780 1545 3836 τὸν
1598 3782 1804 3855 Κύριον

222 3859 386 3931 ἡμῶν
422 3860 631 3932 Ἰησοῦν
678 3861 996 3938 Χριστὸν,ἢ
1027 3866 1108 3930 είς
1158 3866 1253 3921 δύο
1283 3868 1434 3934 υἱοὺς
1467 3871 1681 3944 μερίζει
1711 3874 1803 3930 τὸν

220 3950 322 4010 ἱνα
363 3951 669 4023 Μονογενῆ,
697 3955 793 4009 καὶ
821 3957 1169 4028 πρωτότοκον
1201 3959 1385 4034 πάσης
1414 3962 1516 4034 τῆς
1547 3965 1800 4032 κτίσεως,

226 4039 453 4097 ἀκπέσοι
486 4044 587 4115 τῆς
623 4045 705 4107 είς
733 4045 970 4118 Χριστὸν
1007 4047 1247 4118 ἐλπίδος,
1266 4052 1373 4106 καὶ
1400 4054 1617 4110 είπάτω
1641 4058 1750 4122 πᾶς
1773 4060 1803 4114 ό

221 4128 374 4198 λαός·
407 4132 642 4199 Γένοιτο,
671 4133 882 4203 γένοιτο
904 4137 918 4192 !

297 4222 412 4297 (51)
446 4224 665 4280 Τούτων
692 4226 750 4281 δὲ
778 4227 910 4300 παρ’
936 4228 1094 4300 ἡμῶν
1120 4230 1295 4297 οὓτως
1339 4216 1673 4306 είρημένων,
1702 4237 1803 4303 τὰς

222 4315 379 4387 ἱεράς
407 4333 502 4371 σου
550 4316 717 4388 εὐχὰς
755 4322 1059 4390 παρασχεῖν
1092 4339 1205 4393 μοι,
1244 4322 1499 4392 δάσποτα,
1534 4327 1803 4394 καταξιω-

1983 2058 2142 2126 Quod
2161 2074 2293 2114 vero
2318 2059 2524 2115 libellis
2547 2059 2615 2116 de
2634 2059 2889 2117 Nestorio
2922 2061 3219 2132 publicatis
3242 2078 3273 2117 a
3307 2061 3484 2118 beata

1909 2150 2191 2205 memoria:
2219 2151 2453 2214 Joanne,
2488 2151 2575 2205 bis
2617 2150 3070 2223 subscripsimus,
3105 2168 3301 2207 manus
3350 2154 3492 2223 ipsae

1910 2250 2116 2295 nostrae
2150 2249 2443 2296 testantur.
2467 2241 2573 2296 Sed
2599 2241 2702 2312 ipsi
2726 2243 2856 2297 talia
2882 2242 2950 2298 de
2970 2243 3133 2299 nobis
3163 2254 3483 2307 susurrant,

1910 2332 2005 2402 qui
2036 2332 2170 2387 vitia
2202 2346 2301 2387 sua
2330 2332 2627 2400 calumnia,
2649 2349 2758 2403 qua
2812 2348 2916 2389 nos
2960 2342 3179 2404 petunt,
3222 2334 3487 2405 obtegere

1909 2425 2213 2478 enituntur.

1978 2513 2160 2580 Quare
2192 2525 2478 2572 aversetur
2502 2516 2766 2571 sanctitas
2798 2524 2893 2572 tua
2933 2516 3226 2586 loquentes
3258 2514 3485 2570 menda-

1908 2603 2077 2670 cium,
2111 2612 2167 2660 et
2202 2605 2593 2661 ecclesiasticae
2625 2606 3046 2675 tranquillitatis
3081 2622 3268 2660 curam
3306 2605 3484 2661 susci-

1907 2694 2042 2765 piat,
2074 2710 2280 2766 eosque
2309 2696 2406 2767 qui
2443 2695 2747 2751 instituunt
2776 2696 3030 2753 veritatis
3079 2695 3337 2766 dogmata
3362 2711 3485 2751 cor-

1909 2800 2190 2856 rumpere,
2214 2793 2310 2841 aut
2336 2787 2673 2842 salutaribus
2711 2797 2869 2846 curet
2912 2787 3359 2853 medicamentis,
3388 2796 3485 2843 aut

1909 2877 2252 2932 curationem
2268 2885 2587 2933 recusantes
2613 2885 2871 2948 tanquam
2898 2878 3232 2932 insanabiles
3255 2894 3285 2932 a
3311 2877 3487 2932 caulis

1908 2968 2118 3040 eiiciat,
2146 2984 2217 3024 ne
2241 2968 2374 3038 quid
2406 2984 2473 3024 ex
2498 2969 2567 3024 iis
2592 2968 2936 3041 contagionis
2973 2969 3193 3034 trahant
3214 2985 3364 3035 oves,
3382 2985 3485 3024 nos

1829 3073 1873 3133 α
1908 3076 2040 3116 vero
2086 3069 2353 3115 consueto
2397 3059 2641 3130 alloquio
2668 3075 2738 3115 ne
2774 3059 3097 3115 frustretur.
3145 3060 3301 3126 Quod
3333 3060 3483 3115 enim

1906 3168 1971 3207 ea
2001 3152 2309 3207 sentiamus
2341 3167 2463 3221 quae
2526 3151 2875 3222 scripsimus,
2902 3151 3174 3222 libriipsi
3213 3159 3485 3206 testantur

1906 3257 2045 3314 quos
2086 3241 2386 3302 edidimus,
2432 3251 2548 3296 tum
2616 3243 2673 3296 in
2730 3258 2942 3297 sacram
2985 3242 3197 3314 1152
3225 3242 3481 3314 Scriptu-

1907 3346 2047 3395 ram,
2086 3339 2203 3386 tum
2232 3330 2500 3387 adversus
2523 3330 2761 3386 Arianos
2804 3340 2861 3385 et
2890 3331 3287 3388 Ennomianos.

1975 3609 2057 3665 Ad
2083 3609 2201 3667 haec
2245 3617 2433 3665 autem
2468 3608 2803 3664 succinctam
2849 3610 2993 3666 addo
3042 3612 3387 3679 coroni‘dem,
3428 3615 3475 3671 si

1903 3701 2030 3771 quis
2081 3707 2328 3757 sanctam
2361 3699 2641 3770 Virginem
2695 3700 2985 3771 Deiparam
3026 3718 3139 3757 non
3189 3704 3346 3769 dicit,
3382 3714 3481 3761 aut

1903 3807 2106 3863 purum
2139 3790 2423 3846 hominem
2455 3797 2617 3845 vocat
2666 3790 2960 3846 Dominum
2996 3801 3245 3848 nostrum
3288 3793 3476 3851 Jesum

1901 3880 2202 3947 Christum,
2236 3881 2325 3936 vel
2358 3879 2414 3935 in
2446 3879 2586 3937 duos
2622 3879 2763 3935 ﬁlios
2797 3880 2995 3936 dividit
3022 3899 3191 3938 unum
3217 3884 3481 3954 Unigeni-

1904 3973 2020 4020 tum
2033 3980 2097 4020 ac
2111 3965 2535 4037 primogenitum
2561 3966 2740 4020 omnis
2758 3976 3044 4035 creature,
3064 3986 3095 4025 a
3124 3986 3220 4040 spe
3237 3972 3290 4027 in
3306 3971 3474 4028 Chri-

1903 4065 2049 4111 stum
2077 4056 2314 4119 excidat,
2339 4064 2395 4112 et
2427 4055 2574 4112 dicet
2601 4056 2781 4113 omnis
2804 4056 3069 4130 pepulus:
3094 4060 3236 4127 Fiat,
3267 4062 3398 4117 ﬁat!

1973 4244 2069 4300 His
2097 4244 2172 4299 ita
2192 4241 2356 4299 dictis
2379 4228 2415 4297 al
2431 4241 2612 4307 nobis,
2639 4225 2859 4298 sanctas
2886 4259 3080 4315 preces
3108 4253 3231 4300 tuas
3272 4246 3477 4317 imper-

1905 4334 1996 4388 tiri
2014 4334 2175 4390 nobis
2196 4334 2444 4405 dignare,
2475 4340 2532 4386 et
2564 4334 2773 4390 mutuis
2829 4333 3066 4390 hilarare
3097 4335 3319 4400 litteris,
3353 4335 3476 4405 qui-

224 4422 338 4471 σον,
371 4407 469 4463 καὶ
517 4408 875 4480 ἀντιγράφοις
911 4410 1222 4482 εὐφρᾶναι,
1275 4413 1529 4485 δηλοῦσιν
1573 4417 1649 4485 ὡς
1693 4421 1800 4475 άπ-

1918 4438 2008 4478 Jus
2062 4401 2284 4494 pateﬁat
2344 4420 2691 4478 sanctitatem
2758 4431 2909 4479 tuam
2969 4423 3211 4479 aversari
3267 4401 3477 4479 calum-

222 4497 473 4570 εστράφη
495 4514 589 4551 σου
614 4499 648 4570 ἡ
685 4499 964 4573 ἀγιωσύνη
991 4503 1117 4567 τοὺς
1149 4505 1515 4577 συκοφάντας.

295 4666 408 4794 (ἐξ)
439 4669 612 4738 Λόγου
640 4672 831 4755 aberat
852 4689 882 4727 a
909 4672 1077 4730 Gam.

306 4798 316 4810 ,
390 4738 569 4810 )ᾼΗοο
622 4750 848 4809 rectius,
900 4758 1026 4802 cum
1068 4761 1077 4800 ι

306 4738 409 4810 [55)
430 4738 589 4815 _Hoc_
622 4743 871 4815 rectius,
900 4758 1026 4815 curm
1068 4753 1232 4802 antea
1282 4746 1355 4804 sit
1406 4749 1797 4814 ἀποκαλοῦσιν.

221 4804 399 4883 Si
430 4808 665 4883 habebat
702 4804 1073 4883 ἀπεκήρυξαν.

317 4879 407 4944 56)
438 4896 493 4932 κ.
521 4880 671 4944 όσίας
694 4880 847 4937 addit
868 4879 1050 4938 Ἔπη.

440 4949 636 5025 ειδέναι
669 4967 799 5025 sqq.
833 4952 1098 5025 ἀγιότητα
1120 4952 1290 5011 Sirm.

319 5018 408 5097 ἐξ)
439 5019 687 5097 πέπομφ-
719 5018 891 5097 Μίεφέ

438 5089 539 5161 τῆς
564 5086 902 5161 Δ’Ἀντιοχείας
937 5090 1105 5151 Sim).

320 5156 410 5214 40)
445 5156 605 5212 αὑτά.
641 5156 811 5214 Idem.

317 5226 408 5284 Ml
439 5228 634 5283 ἀπεστ.
665 5228 833 5284 Garn.

316 5294 406 5367 42)
437 5294 640 5367 ξγραψε
668 5296 835 5353 Garn.

439 5366 609 5451 Abest
639 5367 731 5448 llic
757 5369 911 5423 locus
936 5368 1057 5424 Ὅτι
1096 5373 1231 5451 6t:—
1257 5379 1593 5451 πειρώμενοι
1622 5397 1653 5437 a
1687 5380 1800 5437 Sir-

218 5435 411 5491 mondi
456 5437 811 5521 recensione;
847 5454 1032 5521 neque
1072 5444 1248 5521 audeo
1280 5435 1483 5521 dicere
1517 5435 1680 5521 quam
1703 5435 1800 5507 sit

217 5521 420 5580 verus;
452 5506 556 5580 nisi
598 5506 1075 5580 intelligatur'pax
1109 5506 1712 5577 Theodoretum'inter
1742 5506 1799 5576 et

214 5576 486 5659 Joannem
517 5575 918 5659 Antiocliehuin
954 5575 1181 5659 tandem
1215 5586 1509 5656 aliquando
1553 5575 1675 5659 post
1716 5592 1797 5645 in—

216 5647 473 5702 stitutnm
494 5646 826 5715 colloquium
860 5648 1022 5713 facta,
1059 5650 1128 5705 de
1150 5668 1256 5715 qua
1289 5646 1346 5710 r'e
1390 5646 1573 5713 noster
1612 5669 1797 5714 narrat

219 5668 826 5715 sutuulnicunoquium
860 5668 1022 5713 laeta,
1059 5668 1128 5705 ac
1190 5669 1256 5707 ua
1289 5672 1346 5710 re
1390 5670 1573 5713 noster
1612 5669 1795 5714 narrat

219 5717 276 5772 in
299 5716 552 5789 epistola,
592 5732 713 5788 qua:
753 5728 837 5773 est
883 5718 979 5778 162
1008 5668 1276 5792 synodici,
1321 5742 1556 5798 quocum
1584 5732 1795 5785 conl'crt

1904 4513 2170 4571 uiatores.

1901 4685 2044 4757 intra
2072 4687 2238 4757 epist.
2278 4687 2380 4752 86;
2410 4702 2724 4757 quanquam
2774 4687 2876 4744 ista
2920 4703 3023 4757 pax
3057 4658 3164 4741 non
3195 4686 3250 4740 in
3274 4685 3470 4740 Nesto-

1903 4756 2046 4810 rium
2069 4757 2245 4827 ipsnm
2276 4757 2462 4825 iniqua
2483 4756 2623 4820 erat,
2651 4757 2709 4811 in
2742 4758 2900 4827 cujus
2926 4756 3329 4810 damnationem
3359 4770 3469 4808 non

1903 4834 2255 4879 consenserat
2317 4825 2718 4879 Theodoretus.
2765 4826 2861 4879 sed
2916 4824 3212 4879 admiserat
3244 4823 3472 4879 Joannis

1901 4825 2255 4881 consenserat
2317 4825 2718 4891 Theodoretus,
2765 4825 2861 4881 sed
2916 4825 3212 4880 admiserat
3244 4825 3472 4879 Joannis

1899 4896 2164 4965 scriptum
2193 4895 2261 4966 de
2279 4895 2633 4966 dogmatibus
2662 4896 2719 4966 in
2745 4896 3118 4966 controversia
3146 4892 3472 4966 Nestoriana

1900 4962 2168 5035 tractatis.
2191 4965 2326 5021 Vide
2349 4962 2509 5035 epist.
2526 4965 2787 5035 ,synodici
2818 4965 2940 5032 159,
2976 4962 3077 5020 160
3098 4972 3154 5020 et
3183 4964 3304 5020 161.

1998 5036 2083 5106 14)
2112 5034 2483 5106 ἁπογραφήτω
2508 5034 2673 5090 Garn.

1995 5104 2084 5175 45)
2111 5104 2270 5175 ήνόσζ
2296 5104 2399 5175 σου
2425 5104 2591 5160 Sirm.

1984 5174 2082 5238 ξιδ)
2111 5174 2307 5238 αὐτούς
2360 5174 2531 5235 Garn,

1994 5243 2082 5313 47)
2110 5244 2422 5313 τολμῶντας
2454 5243 2617 5298 Sirm.
2724 5244 2729 5249 ’

1896 5313 2058 5452 at?

2104 5468 2262 5533 fsto.
2299 5450 2580 5533 exciderat
2602 5467 2632 5507 e
2652 5451 2818 5508 Garn.

1992 5521 2081 5603 ἓν)
2111 5522 2170 5603 2°
2199 5521 2343 5603 λέγει
2374 5521 2537 5576 δίτηι-
2621 5599 2632 5603 ,
3160 5598 3171 5603 -
3215 5589 3267 5603 η.

1896 5660 1928 5715 d
1969 5591 2080 5663 (51)
2111 5590 2242 5658 Qua:
2273 5591 2361 5647 hic
2402 5599 2728 5663 quuuntur,
2780 5607 2886 5647 non
2930 5591 3178 5649 ediderat
3214 5589 3466 5650 Sirmon-

1936 5678 2023 5715 us.

1936 5678 2023 5717 US;

2060 5036 2084 5384 γ

2665 5322 2808 5369 extr.
2834 5313 3000 5370 harn.
3031 5276 3270 5368 babebat
3301 5328 3465 5383 μετα-
