3924 6192
538 226 674 290 1275

609 346 624 361 '
657 345 1082 410 Fraternitatem
1125 374 1344 417 omnem
1400 366 1496 420 tibi
1547 371 1748 435 pietate
1791 376 1845 430 in
1883 380 2107 438 Christo

532 439 846 507 conjuncta,
885 454 940 498 et
985 462 1087 517 ego
1130 453 1314 509 valere
1345 457 1618 526 jubeo,et
1671 464 1707 518 ii
1744 470 1840 536 qui
1894 487 2110 529 mecum

530 537 680 583 sunt.

851 652 1133 712 LXXXIV.
1157 691 1227 699 —
1257 667 1519 737 Episcopis
1569 670 1788 729 Ciliciae.

593 759 929 829 Calumnias,
956 770 1157 836 quibus
1180 776 1410 842 appetiti
1441 794 1658 846 sumus,
1709 786 1926 844 audivit
1949 807 2108 862 pror~

522 862 616 902 sus
642 850 814 919 pietas
862 867 1063 912 vestra.
1125 862 1340 918 Etenim
1393 870 1489 936 qui
1555 874 1776 930 veritati
1826 885 2104 940 contraria

522 941 790 1007 sentiunt,
845 944 899 998 in
944 947 1084 1004 duos
1116 951 1257 1010 ﬁlios
1298 957 1547 1017 dividere
1595 981 1698 1021 nos
1744 970 1902 1026 aiunt
1931 991 2099 1032 unum

518 1030 816 1088 Dominum
869 1048 1120 1096 nostrum
1165 1044 1352 1101 Jesum
1401 1049 1704 1121 Christum,
1752 1063 2098 1133 unigenitum

409 1151 414 1157 ι
514 1121 608 1175 Dei
633 1123 851 1181 Filium.
878 1127 1017 1184 Sunt
1046 1143 1231 1188 autem
1259 1139 1353 1207 qui
1389 1121 1882 1208 dicantcalumnizg
1907 1172 2095 1213 ansam

504 1574 796 1646 Dominus,
827 1583 987 1641 Jesus
1010 1587 1287 1657 Christus,
1336 1612 1436 1665 per
1476 1615 1639 1668 quem
1662 1607 1846 1661 omnia
1869 1609 1933 1663 ⁸ο.
1966 1629 1982 1660 ι
2021 1613 2089 1666 Et

501 1666 734 1723 iterum:
781 1692 798 1723 ι
824 1675 977 1731 Unus
1018 1677 1304 1749 Dominus,
1345 1703 1452 1743 una
1480 1689 1635 1758 ﬁdes,
1686 1711 1856 1752 unum
1905 1701 2089 1772 bapti-

497 1771 613 1810 sma
643 1761 706 1813 “.
736 1782 752 1812 ι
782 1762 1082 1833 Oportebat
1118 1782 1174 1828 et
1215 1775 1518 1836 Dominica:
1565 1783 1689 1841 illos
1720 1789 1953 1862 obsequi
1977 1761 2084 1851 θος

495 1849 706 1905 ctrinze.
756 1855 876 1924 Ipse
934 1860 1206 1930 siquidem
1262 1868 1474 1942 1153
1529 1875 1795 1937 Dominus
1830 1849 1910 1939 sic
1958 1849 2070 1942 ait:

501 1957 518 1987 ι
543 1939 714 1996 Nemo
745 1949 995 2002 ascendit
1037 1951 1092 2006 in
1125 1957 1351 2023 coelum,
1382 1939 1491 2017 nisi
1541 1968 1636 2035 qui
1689 1969 1976 2033 descendit
2004 1977 2072 2033 de

490 2028 650 2093 cmlo,
705 2031 878 2089 Filius
937 2039 1197 2110 hominis,
1245 2049 1339 2116 qui
1409 2065 1493 2107 est
1549 2056 1604 2111 in
1643 2061 1784 2117 coelo
1834 2066 1900 2119 δ’.
1941 2087 1958 2118 ι
2005 2071 2073 2125 Et

488 2117 727 2174 iterum:
777 2143 795 2175 ι
827 2126 882 2182 Si
923 2131 1171 2190 videritis
1229 2138 1430 2195 Filium
1489 2145 1733 2206 hominis
1764 2158 2070 2214 ascenden-

488 2217 594 2262 tem
622 2212 712 2267 ubi
742 2225 861 2272 erat
890 2221 1046 2290 prius
1067 2225 1135 2279 ⁸³.
1163 2247 1180 2278 ι
1211 2229 1278 2285 Et
1313 2236 1490 2289 sancti
1517 2253 1736 2310 quoque
1763 2244 2068 2315 baptisma-

484 2301 554 2354 tis
589 2305 812 2363 traditio
873 2329 1045 2369 unum
1108 2334 1228 2376 esse
1295 2324 1495 2381 Filium
1555 2347 1656 2388 nos
1700 2335 1881 2403 docet,
1921 2343 2065 2399 sicut

485 2409 655 2449 unum
688 2400 926 2468 Patrem,
953 2416 1008 2460 et
1042 2426 1214 2466 unum
1254 2414 1520 2484 Spiritum
1551 2435 1822 2482 sanctum.
1865 2433 2065 2503 Digne—

491 2493 580 2536 tur
613 2502 745 2557 ergo
769 2495 1034 2551 sanctitas
1059 2511 1263 2567 vestra,
1297 2506 1341 2559 si
1379 2510 1473 2576 qui
1506 2524 1636 2569 sunt
1672 2532 1904 2584 prorsus
1933 2520 2059 2595 (ego

1403 2575 1409 2576 γ
1672 2575 1688 2584 _
1936 2575 2051 2595 νο-

475 2575 770 2634 enimnon
822 2586 1011 2655 credo)
1066 2593 1160 2660 qui
1205 2599 1525 2664 apostolicis
1573 2605 1923 2677 dogmatibus
1972 2632 2061 2671 re-

474 2666 776 2737 luctentur,
825 2675 1129 2746 reprimere
1188 2685 1330 2752 illos,
1376 2699 1431 2745 ct
1481 2696 1864 2757 ecclesiastico
1903 2722 2056 2764 more

471 2758 763 2829 castigare,
797 2774 852 2818 et
911 2768 1109 2826 docere
1171 2788 1488 2838 sanctorum
1524 2785 1748 2845 Patrum
1804 2797 2054 2869 vestigiis

1882 2849 2052 2869 ,,,U---

471 2849 747 2917 insistere,
768 2865 831 2925 et
857 2872 886 2910 a
916 2862 1122 2917 sanctis
1146 2864 1431 2940 beatisque
1455 2875 1713 2935 Patrihus
1742 2889 2056 2955 expositam-

467 2939 520 2992 in
554 2941 731 2998 Nicaea
774 2946 1038 3019 Bithyniae
1070 2955 1230 3014 ﬁdem
1263 2939 1527 3021 illibatam
1561 2939 2054 3050 servareIuthu'a-e

466 3036 838 3104 evangelicum
897 3047 1368 3122 apostolicamque
1400 3056 1706 3116 doctrinam
1721 3070 2045 3136 compendio

2158 3036 2253 3138 της
2287 3036 2538 3138 Βιθυνίας

466 3123 663 3180 tradat.
713 3129 878 3185 Decet
930 3136 1076 3189 enim
1114 3155 1231 3206 vos,
1266 3143 1360 3198 Dei
1390 3151 1778 3219 amantissimi,
1832 3168 1889 3214 et
1945 3161 2046 3216 Dei

461 3215 667 3284 glorim,
723 3229 778 3275 et
835 3230 1146 3285 communis
1195 3233 1352 3293 fama:
1402 3255 1589 3297 curam
1642 3245 1881 3306 habere:
1939 3270 2055 3310 nec.

459 3309 740 3375 aspernari
771 3327 1084 3373 manantem
1127 3323 1195 3377 ad
1226 3341 1418 3384 omnes
1468 3339 1858 3395 contumeliam
1913 3361 2044 3414 pro-

458 3404 580 3463 pter
609 3414 910 3467 paucorum
965 3408 1256 3468 hominum
1305 3418 1538 3476 istorum
1588 3423 1922 3497 imperitiam
1947 3439 2039 3494 vel

455 3486 892 3556 contentionem,
949 3493 994 3547 si
1054 3498 1148 3566 qui
1199 3512 1330 3557 sunt
1377 3521 1627 3574 prorsus,
1665 3519 1883 3572 tametsi
1919 3537 2032 3576 non

453 3575 718 3636 adversus
740 3582 892 3650 istos,
929 3588 1073 3643 sicut
1102 3603 1294 3650 contra
1330 3614 1432 3653 nos
1453 3601 1670 3673 linguas
1693 3624 2033 3670 exacuerunt

451 3669 816 3738 sycophanta).
852 3675 1162 3747 Dignamini
1198 3694 1382 3740 autem
1408 3698 1463 3743 et
1488 3695 1664 3748 nostri
1705 3700 2027 3760 meminisse

450 3759 506 3812 in
550 3765 808 3830 precibus
842 3771 1040 3827 vestris
1065 3774 1133 3828 ad
1162 3775 1372 3836 Deum:
1404 3782 1509 3840 hoc
1537 3788 1683 3842 enim
1713 3793 1910 3850 suadet
1943 3797 2029 3852 lex

447 3851 750 3910 charitatis.

447 3948 807 4014 μνημονεύειν
876 3955 1034 4025 ἡμῶν
1103 3961 1160 4013 ὲν
1221 3967 1338 4029 ταῖς
1379 3970 1514 4040 πρὸς
1575 3973 1667 4027 τὸν
1715 3980 1921 4053 Κύριον

487 4036 500 4053 ι

446 4036 624 4105 νόμος.

793 4163 1057 4225 LXXXV.
1087 4203 1154 4211 —
1170 4173 1369 4232 Basilio
1393 4183 1653 4255 episc0po.

510 4269 552 4322 Β
574 4287 788 4328 morum
826 4293 1096 4335 summam
1126 4285 1348 4344 divinus
1373 4291 1669 4362 Apostolus
1710 4305 2010 4372 appellavit

434 4361 780 4431 charitatem,
815 4379 871 4425 et
899 4372 1002 4428 hac
1034 4379 1237 4432 nutriri
1291 4382 1416 4438 ﬁdei
1438 4387 1690 4447 alumnos
1722 4400 2006 4469 prarcepit.

434 4450 609 4521 Hujus
634 4459 833 4526 Opibus
863 4462 1035 4519 ditata
1059 4467 1238 4537 pietas
1267 4474 1481 4548 1154
1508 4488 1691 4547 tua,et

433 4555 590 4599 erant
619 4553 906 4620 suggessit,
943 4564 998 4609 et
1027 4558 1273 4627 jucunda
1330 4569 1627 4626 nuntiavit.
1681 4553 1823 4642 Quid
1854 4553 2004 4636 enim

431 4635 754 4696 timentibus
785 4645 1081 4704 Dominum
1129 4653 1202 4707 sit
1231 4657 1560 4729 jucundius,
1620 4682 1783 4736 quam
1821 4685 2004 4730 recto-

430 4743 552 4782 rum
587 4733 901 4805 dogmatum
938 4741 1224 4815 integritas
1255 4759 1310 4804 et
1342 4733 1681 4814 consensus?
1708 4761 1800 4818 Sic
1836 4764 2006 4835 "igitur

429 4817 653 4889 habeto,
709 4827 805 4882 Dei
846 4835 1245 4905 amantissime,
1290 4843 1450 4900 valde
1484 4846 1698 4906 laetatos
1748 4817 2007 4916 illisunos

428 4925 548 4966 esse
581 4929 702 4983 qua:
732 4919 800 4974 de
829 4929 1108 4982 communi
1138 4933 1316 4987 amico
1330 4935 1623 4995 didicimus
1650 4961 1662 4994 :
1687 4957 2007 5020 quantoque-

428 5009 589 5055 antea
623 5004 948 5067 doloreonos
991 5015 1275 5086 aﬂ'ecerat,
1302 5026 1448 5092 quod
1496 5027 1648 5085 illum
1685 5049 1846 5091 unam
1881 5055 2002 5096 car-

427 5089 514 5145 nis
537 5100 593 5146 et
625 5094 848 5154 deitatis
875 5112 1129 5161 naturam
1166 5089 1354 5166 dicere
1403 5115 1785 5190 audiebamus,
1822 5129 1998 5196 quod-

426 5196 534 5248 que
560 5185 846 5244 manifeste
868 5190 1195 5262 impassibili
1229 5199 1420 5256 deitati
1465 5204 1758 5262 salutarem
1773 5185 1997 5280 passio-

427 5287 551 5326 nem
587 5275 894 5348 adaptaret,
926 5291 1137 5341 tantum
1197 5289 1402 5348 lwtitize
1449 5297 1699 5365 cepimus
1760 5317 1827 5356 ex

1515 234 2013 328 Tl-lEUDORETt
2044 273 2383 341 EPISCOPI
2421 287 2793 354 CYRENSIS

3689 310 3814 373 1276

2137 392 2180 446 Α
2281 393 2466 451 Πᾶσαν
2497 403 2597 473 τὴν
2645 405 2742 476 σὴν
2786 407 3069 484 Θεοσεόείᾳ
3097 413 3154 466 ἐν
3181 415 3402 488 Χριστῷ
3435 419 3806 495 ἀδελφότητα,

2214 483 2324 551 ἐγώ
2356 503 2414 542 τε
2446 493 2539 545 καὶ
2571 495 2620 546 oi
2657 497 2753 550 σὺν
2782 499 2902 570 ἐμοὶ
2933 483 3436 578 προσαγορεύομεν.

2422 692 2545 747 HA".
2571 724 2637 735 —
2661 696 2788 764 Τοῖς
2817 699 2887 753 ἐν
2917 704 3159 774 Κιλικίᾳ
3191 708 3588 778 ἐπισκόποις.

2278 800 2388 864 Τάς
2417 803 2540 856 καθ’
2578 805 2735 876 ήμῶν
2780 814 3152 884 γεγενημένας
3189 823 3567 890 συκοφαντίας
3627 831 3800 898 μεμά-

2206 887 2374 960 θηκεν
2402 893 2618 960 πάντως
2648 899 2680 969 ή
2707 899 2950 973 ὑμετέρα
2991 903 3256 973 φιλοθεῖα.
3285 887 3348 964 Oi
3382 914 3498 984 γάρ
3527 887 3796 974 τάναντία

2203 984 2268 1052 τῇ
2307 983 2537 1056 ἀληθείᾳ
2562 991 2907 1058 φρονοῦντες,
2941 996 3021 1058 είς
3047 995 3139 1050 δύο
3173 1001 3324 1065 υἱοὺς
3352 983 3621 1075 μερίζειν
3661 1011 3798 1078 ἡμᾶς

2202 1089 2334 1140 φασι
2374 1075 2465 1128 τὸν
2487 1076 2581 1132 ἕνα
2622 1079 2825 1152 Κύριον
2852 1086 3011 1155 ἡμῶν
3057 1089 3265 1160 Ἰησοῦν
3294 1093 3540 1165 Χριστὸν
3580 1075 3793 1170 τὸν-*μει-

2198 1164 2392 1232 νογενῆ
2437 1166 2530 1219 τοῦ
2572 1168 2706 1222 Θεοῦ
2759 1172 2900 1227 Υίόν.
2933 1174 3168 1245 Λέγουσι
3202 1179 3258 1232 δέ
3302 1199 3449 1247 τινες
3483 1185 3596 1256 τῆς
3638 1205 3792 1243 συκο-

2197 1257 2427 1324 φαντίας
2458 1259 2654 1324 αὐτοὺς
2703 1262 3002 1334 λαμϐάνειν
3042 1268 3142 1332 τὰς
3195 1272 3450 1342 ἀφορμὰς
3507 1277 3585 1332 ἐκ
3640 1297 3793 1334 τινων

2195 1348 2575 1420 εύαριθμήτων
2603 1355 2733 1425 παρ’
2769 1356 2896 1426 ὑμῖν
2932 1359 3046 1429 (52)
3079 1361 3252 1416 ταῦτα
3281 1367 3676 1435 φρονούντων,
3708 1377 3789 1425 καὶ

2193 1439 2272 1502 είς
2300 1438 2392 1493 δύο
2423 1440 2690 1513 πρόσωπα
2734 1445 3090 1519 διαιρούντων
3131 1455 3223 1508 τὸν
3272 1457 3790 1533 ὲνανθρωπήσαντι

2191 1529 2323 1583 Θεὸν
2379 1530 2572 1600 Λόγον.
2636 1534 2744 1598 Οὓς
2797 1536 2878 1590 δεῖ
2926 1539 3026 1612 τῆς
3068 1529 3789 1618 ἀποπολικῆςνὲπακοῦσαι

2192 1621 2374 1690 φωνῆς
2389 1623 2684 1696 διαρρήδην
2711 1626 2944 1700 βοώσηςο
2977 1651 2996 1682 ι
3020 1629 3115 1698 Εἷς
3137 1635 3360 1706 Κύριος,
3400 1640 3636 1709 Ἰησοῦς
3671 1646 3792 1716 Χρι-

2117 1728 2158 1782 B
2190 1711 2332 1776 στός,
2365 1713 2432 1766 δι’
2458 1709 2518 1770 οῦ
2564 1717 2632 1770 τὰ
2681 1719 2879 1775 πάντα.
2928 1741 2948 1774 ι
2992 1724 3101 1777 Καὶ
3134 1727 3316 1780 πάλιν·
3357 1749 3376 1780 ι
3413 1727 3516 1796 Εἷς
3544 1709 3785 1804 Κύριος,

2184 1802 2281 1872 μία
2311 1803 2514 1869 πίστις,
2543 1805 2600 1860 ἓν
2628 1805 2932 1880 βάπτισμα.
2976 1830 2994 1864 ι
3037 1815 3182 1869 Ἔδει
3206 1817 3262 1870 δὲ
3294 1819 3498 1886 αὐτοὺς
3522 1826 3636 1877 καὶ
3656 1802 3788 1890 sui;

2177 1895 2536 1960 Δεσποτικαῖς
2560 1899 2926 1971 ἀκολουθῆσαι
2957 1904 3344 1975 διδασκαλίαις.
3373 1915 3489 1967 Καὶ
3524 1917 3656 1988 γὰρ
3691 1922 3783 1972 αὖ·

2173 1984 2265 2047 τὸς
2295 1986 2323 2038 ὁ
2362 1986 2564 2057 Κύριος
2599 1989 2741 2044 οὕτω
2788 1967 2975 2064 φησίν·
3011 2016 3029 2048 ι
3073 1999 3264 2064 Οὐδεὶς
3294 1967 3667 2076 άναϐέδτίκεῗν
3709 2015 3780 2074 εἰς
3863 1967 3865 2058 ί

2171 2072 2262 2125 τὸν
2306 2074 2555 2147 οὐρανὸν,
2605 2082 2652 2133 εἰ
2708 2081 2781 2154 μὴ
2811 2086 2839 2137 ὁ
2902 2086 2966 2138 ἐκ
3009 2087 3102 2140 τοῦ
3129 2091 3382 2168 κούρανοῦ
3434 2098 3729 2164 καταϐὰς,
3757 2107 3781 2153 ὁ

2172 2164 2299 2230 Υἱὸς
2331 2167 2423 2220 τοῦ
2454 2169 2767 2240 ἀνθρώπου,
2812 2177 2840 2228 ὁ
2870 2176 2945 2230 ὣν
2973 2179 3031 2231 ὲν
3056 2180 3133 2251 τῷ
3149 2164 3392 2256 οὐρανῷ.
3438 2205 3458 2238 ι
3504 2190 3632 2242 Καὶ
3676 2196 3777 2246 πά-

2169 2252 2272 2307 λιν·
2315 2275 2333 2307 ι
2387 2259 2512 2312 Ἐὰν
2553 2260 2697 2331 ἴδητε
2747 2263 2839 2317 τὸν
2874 2267 3003 2322 Υίὸν
3046 2271 3141 2324 τοῦ
3191 2252 3489 2344 ἀνθρῶπου
3526 2280 3770 2336 ἀναϐαί-

2167 2363 2323 2400 νοντα
2352 2348 2484 2402 ὃπου
2529 2347 2596 2420 ἧν
2643 2354 2705 2406 τὸ
2737 2357 3021 2428 πρότερον.
3060 2380 3078 2412 ι
3123 2364 3233 2416 Καὶ
3281 2367 3313 2435 ή
3349 2370 3675 2438 παράδοσις
3713 2376 3770 2427 δὲ

2164 2436 2258 2488 τοῦ
2315 2437 2470 2505 άγίου
2515 2440 2889 2515 βαπτίσματος
2943 2450 3038 2504 ἕνα
3071 2451 3199 2506 Υἱὸν
3229 2455 3376 2524 ἡμᾶς
3411 2436 3568 2515 εἶναι
3627 2436 3768 2520 διδά-

2164 2542 2303 2591 σκει,
2346 2529 2421 2592 ὡς
2451 2530 2546 2584 ἕνα
2573 2534 2809 2606 Πατέρα,
2844 2539 2938 2592 καὶ
2989 2541 3048 2593 ἐν
3080 2543 3235 2610 ἅγιον
3266 2547 3522 2618 Πνεῦμα.
3564 2555 3762 2609 Κατα-

2161 2616 2408 2680 ξιωσάτω
2428 2624 2610 2677 τοίνυν
2638 2627 2670 2695 ἡ
2695 2627 2936 2699 ὑμετέρα
2971 2632 3237 2701 φιλοθεῖα,
3274 2616 3436 2710 εἴπερ
3463 2642 3583 2714 ἄρα
3615 2649 3761 2709 τινὲς

2158 2705 2293 2772 ὅλως
2331 2711 2468 2765 είσὶν
2500 2712 2632 2784 (ἐγὼ
2663 2716 2770 2787 γὰρ
2797 2721 2857 2772 ού
2886 2721 3190 2794 πείθομαι),
3222 2731 3334 2792 τοῖς
3357 2705 3770 2801 ἀποστολικοίξ

2155 2795 2420 2867 δόγμασιν
2451 2803 2827 2870 ἀπειθοῦντες,
2875 2810 2972 2862 καὶ
3011 2813 3360 2886 ἐπιστομίσαι
3385 2821 3622 2890 αὐτοὺς,
3668 2831 3758 2880 καὶ

2154 2888 2626 2960 ὲκκλησιαστικῶς
2670 2900 3037 2966 σωφρονίσαι,
3090 2908 3184 2959 καὶ
3228 2907 3439 2974 διδάξαι
3473 2918 3599 2979 τοῖς
3649 2919 3758 2970 τῶν

2152 2977 2320 3046 ἁγίων
2344 2983 2602 3055 Πατέρων
2634 2988 2944 3046 ἀκολουθεῖν
2977 2993 3167 3066 ἴχνεσι,
3202 3001 3292 3052 καὶ
3323 3001 3421 3073 τὴν
3445 3005 3508 3057 ὲν
3539 2977 3756 3081 nisi;

2580 3077 2892 3134 ἐκτεθεῖσαν
2924 3085 3110 3139 πίστιν
3145 3089 3251 3142 ὑπὸ
3283 3092 3395 3145 τῶν
3428 3096 3618 3164 ἁγίων
3657 3108 3750 3156 καὶ

2151 3162 2437 3232 μακαρίων
2486 3167 2743 3240 Πατέρων
2801 3174 3080 3245 ἀκήρατον
3130 3181 3454 3249 φυλάττειν,
3484 3162 3496 3164 —
3533 3190 3638 3242 ἅτε
3687 3193 3746 3262 δῖ

2145 3252 2243 3323 τὴν
2265 3254 2630 3330 εὐαγγελικὴν
2660 3263 2756 3316 καὶ
2781 3265 3144 3341 ἀποστολικὴν
3186 3273 3544 3332 διδασκαλίαν
3576 3284 3641 3334 ἐν

2142 3341 2356 3416 φαλαίῳ
2390 3347 2770 3407 διδάσκουσαν.
2799 3355 3006 3426 Πρέπει
3037 3361 3146 3431 γὰρ
3182 3364 3329 3434 ὑμῖν,
3375 3367 3742 3439 θεοφιλέστα-

2139 3451 2241 3497 τοι,
2279 3437 2371 3490 καὶ
2396 3439 2496 3508 τῆς
2520 3441 2615 3494 τοῦ
2643 3443 2780 3498 Θεοῦ
2809 3446 2989 3519 δόξης,
3019 3452 3110 3505 καὶ
3131 3454 3230 3524 τῆς
3257 3459 3446 3529 κοινῆς
3476 3464 3738 3529 εύκὶείας

2139 3529 2444 3597 φροντίσαι,
2478 3533 2572 3588 καὶ
2602 3533 2676 3606 μὴ
2712 3539 2974 3609 περιιδεῖν
2996 3543 3093 3614 τὴν
3126 3547 3267 3599 κατὰ.
3296 3552 3486 3606 κοινοῦ
3524 3559 3740 3626 χιι)μοῦ-

2139 3634 2238 3671 σαν
2267 3619 2530 3692 λοιδορίαν
2574 3625 2664 3679 διά
2691 3628 2789 3697 τὴν
2822 3629 2930 3684 τῶν
2957 3633 3156 3702 ὀλίγων
3183 3639 3390 3694 τούτων
3416 3645 3737 3717 ἀνθρώπων

2135 3709 2397 3778 ἀμαθίαν,
2515 3716 2865 3785 φιλονεικίαν,
2910 3723 3070 3796 εἴπερ
3116 3730 3258 3794 τινὲς
3292 3732 3429 3798 ὅλως
3461 3739 3642 3804 εἰσὶν,
3688 3747 3730 3795 εξ

2135 3803 2225 3854 καὶ
2256 3805 2329 3875 μὴ
2357 3809 2498 3861 κατὰ
2524 3810 3057 3887 τούτων,.ὡσπεροῦν
3087 3824 3182 3875 καὶ
3213 3825 3334 3878 καθ’
3365 3829 3554 3898 ἡμῶν,
3593 3852 3736 3907 παρα

2133 3893 2331 3964 έθηξαν
2377 3898 2475 3963 τὰς
2513 3901 2762 3968 γλώσσας
2793 3908 2843 3958 οἱ
2899 3914 3254 3980 συκοφάνται.
3292 3893 3650 3986 Καταξιοῦτε

1968 3995 2317 4061 προσευχαῖς.
2373 3994 2542 4047 Τοῦτο
2603 3999 2711 4068 γάρ
2758 4002 2788 4052 ὁ
2838 4003 2938 4074 τῆς
2994 4008 3214 4081 ἀγάπης
3276 4018 3732 4086 παρακελεύεται

2398 4200 2522 4254 llE'.
2543 4234 2610 4242 —
2631 4207 2930 4274 BGO’IJ'EZQ)
2961 4211 3271 4282 ἑπισκόπῳ

2193 4309 2502 4377 Κεφάλαιον
2530 4314 2640 4367 τῶν
2683 4317 2905 4386 ἀγαθῶν
2955 4322 3052 4392 τὴν
3098 4327 3321 4398 ἀγάπην
3359 4334 3388 4384 ό
3419 4333 3728 4408 θεσπέσιος

2117 4403 2521 4472 προσηγόρευσε
2558 4407 2783 4474 Παῦλος,
2815 4416 2906 4466 καὶ
2935 4417 3108 4490 ταύτῃ
3145 4421 3453 4490 τρέφεσθαι
3490 4431 3604 4500 τῆς
3637 4403 3724 4488 πξξ

2045 4493 2085 4545 D
2113 4507 2280 4553 στεως
2321 4493 2455 4555 τοὺς
2485 4496 2791 4565 τροφίμους
2819 4504 3274 4571 παρεκελεύσατο.
3302 4512 3525 4586 Ταύτης
3551 4520 3721 4590 ἐχου-

2115 4600 2181 4633 σα
2209 4583 2297 4634 τὸν
2329 4585 2552 4640 πλοῦτον
2580 4590 2611 4658 ἠ
2651 4591 2718 4662 σὴ
2750 4591 3049 4661 θεοσέϐεια,
3087 4599 3178 4652 καὶ
3210 4600 3354 4670 άπερ
3383 4607 3564 4678 ἐχρῆν
3598 4614 3719 4666 εἰσ·

2110 4675 2376 4745 ηγήσατο,
2407 4678 2500 4729 καὶ
2556 4680 2625 4732 τὰ
2665 4681 2885 4756 θυμήρη
2932 4690 3236 4760 μεμήνυκε.
3279 4694 3344 4746 Τί
3379 4675 3714 4773 γὰρ-Θυμη.

2121 4767 2376 4835 ρέστερον
2407 4771 2517 4832 τοῖς
2545 4771 2900 4844 φοϐουμένοις
2953 4779 3046 4833 τὸν
3091 4782 3295 4853 Κύριον
3323 4788 3420 4857 τῆς
3470 4791 3590 4844 τῶν
3621 4797 3714 4867 dp-

2111 4854 2220 4909 Οῶν
2274 4857 2561 4930 δογμάτων
2614 4865 2802 4932 ὑγείας
2844 4885 2902 4922 τε
2950 4873 3040 4924 καὶ
3091 4854 3444 4945 συμφωνίας;
3484 4879 3560 4937 Εὖ
3598 4854 3714 4940 ἴσθι

2106 4949 2303 5009 τοίνυν,
2329 4950 2729 5022 θεοφιλέστατε,
2765 4957 2838 5022 ὠς
2865 4959 3004 5029 άγαν
3033 4965 3284 5038 ἥσθημεν
3323 4971 3392 5023 τὰ
3426 4975 3565 5046 περὶ
3613 4982 3712 5031 τοῦ

2107 5040 2288 5093 κοινοῦ
2334 5042 2489 5110 φίλου
2527 5047 2927 5117 μεμαθηκότες
2960 5055 3054 5107 καὶ
3087 5057 3211 5108 ὅσον
3262 5060 3462 5133 πρώην
3522 5067 3707 5138 ὴλγήο

2104 5145 2299 5196 σαμεν,
2330 5131 2666 5198 ἀκούσαντες
2699 5136 2776 5200 ὡς
2815 5140 2946 5209 μίαν
2993 5139 3131 5199 εἶναι
3161 5148 3320 5217 φύσιν
3356 5157 3570 5223 σαρκὴ
3606 5163 3705 5214 καὶ

2100 5219 2360 5290 θεότητος,
2385 5223 2552 5289 λέγει,
2585 5228 2678 5280 καὶ
2707 5228 2784 5293 ὡς
2812 5232 3075 5305 ἄντικρυς
3117 5242 3181 5309 τῇ
3229 5241 3430 5296 ἀπαθεῖ
3471 5246 3700 5318 θεότητι

1871 5321 1996 5360 san-
2093 5311 2153 5363 τὸ
2198 5314 2465 5384 σωτήριον
2495 5317 2665 5383 πάθος
2704 5323 3025 5392 προσάπτει,
3073 5329 3246 5394 οὕτως
3287 5334 3698 5408 ηὐφράνθημεν

495 5427 540 5459 ³⁸
576 5430 594 5482 1
626 5431 752 5486 Cor.
781 5452 891 5499 vni,
919 5439 965 5492 6.
1048 5442 1087 5472 ⁸¹
1142 5445 1342 5514 Ephes.
1389 5467 1462 5518 ιγ,
1624 5457 1667 5486 ³³⁸
1710 5458 1864 5514 Joan.
1901 5481 1973 5527 ill,
2019 5467 2032 5518 l

2173 5470 2218 5500 "
2246 5470 2400 5526 Joan.
2450 5491 2521 5540 γι,
2556 5475 2642 5530 65.

494 5580 727 5688 ίζίἓίτὸψ
770 5607 864 5655 pro
896 5599 1021 5664 παρ’
1081 5603 1205 5669 ἡμῖν
1259 5607 1666 5667 "‘St‘ribendum
1715 5632 1831 5670 (τιςιο
1879 5622 1989 5688 iam

520 5657 552 5688 Il
611 5660 874 5688 .m-pnr'...”

421 5645 555 5702 Vidit
585 5645 898 5721 (larnci‘ius,

2172 5625 2281 5689 (55)
2313 5627 2501 5683 Latina
2534 5632 2693 5698 hujus
2722 5637 2962 5706 epistola
2985 5644 3162 5697 versio
3193 5656 3274 5699 est
3305 5648 3445 5717 apud
3477 5649 3682 5708 Barca.

2107 5703 2142 5748 ι.
2183 5696 2265 5763 Ἣ,
2300 5715 2350 5768 p.
2388 5702 2508 5768 ξρϋιὶ,
2547 5696 2622 5756 uti
2645 5721 2689 5758 .1.
2727 5696 2787 5760 (ἶ.
2823 5709 2940 5763 Ηδ.
