3924 6192
617 302 753 371 1279

1568 308 2056 368 THEODORETI
2084 308 2417 369 EPISCOPI
2451 310 2811 370 CYRENSIS

3664 317 3745 382 ΙΝ

612 413 850 467 lumnias
879 415 1164 478 tcxuisset,
1201 415 1467 470 nefandas
1516 426 1708 471 contra
1757 432 1858 472 nos
1906 416 2174 472 vocifera-

2291 416 2544 486 θορύὸους
2571 416 2793 480 τούτους
2827 415 3232 489 ἐργαζομένων,
3259 418 3575 486 ἐξαπατήσας
3598 425 3675 477 τῶν
3693 433 3747 483 :5.

603 505 793 560 tiones
815 506 1128 561 suscitavit.

684 781 797 836 Deo
827 790 1009 836 autem
1034 782 1395 836 eharissimus
1420 782 1714 852 episcopus
1741 781 2042 835 Dioscorus
2066 781 2187 850 epi-

612 874 808 928 stolam
834 875 901 928 ad
932 891 1033 928 nos
1051 873 1291 944 scripsit,
1326 890 1488 943 quam
1526 874 1594 927 ab
1649 889 1716 927 eo
1757 873 2021 942 scriptam
2076 888 2187 926 non

611 965 818 1029 decuit,
855 967 950 1036 qui
983 967 1052 1021 ab
1083 968 1470 1020 universorum
1518 967 1630 1020 Deo
1662 965 1952 1028 didicerat,
1993 981 2184 1020 vocem

613 1058 884 1112 mendacii
914 1073 1022 1111 non
1068 1059 1370 1127 suscipere.
1427 1057 1614 1112 Fidem
1675 1059 1823 1112 enim
1878 1058 1946 1111 iis
1976 1058 2188 1112 habens

610 1165 734 1218 quae
763 1157 955 1203 contra
989 1163 1090 1202 nos
1117 1148 1263 1203 dicta
1288 1148 1527 1212 fuerant,
1554 1149 1711 1218 quasi
1759 1156 2016 1203 accurate
2068 1149 2183 1202 sin-

610 1239 735 1308 gula
762 1239 1147 1302 examinasset,
1177 1255 1241 1294 ac
1285 1239 1580 1294 veritatem
1609 1255 1709 1309 per
1764 1247 2042 1294 tormenta
2081 1255 2180 1294 ex-

611 1330 927 1400 pressisset,
990 1332 1064 1384 ita
1121 1345 1220 1383 nos
1265 1330 1669 1384 condemnavit.
1729 1328 1834 1383 Sed
1859 1345 1962 1385 nos
1982 1329 2189 1383 calum-

611 1420 760 1473 niam
791 1418 918 1473 forti
945 1419 1131 1472 animo
1155 1419 1506 1488 pertulimus,
1547 1421 1710 1490 eique
1737 1419 1958 1474 blandis
1979 1419 2187 1474 litteris

611 1510 1018 1578 rescripsimus,
1055 1517 1112 1564 et
1145 1512 1336 1580 pietati
1369 1513 1489 1582 ejus
1514 1511 1860 1566 ostendimus
1905 1511 2040 1565 falsa
2064 1527 2185 1566 esse

611 1599 728 1654 haec
760 1601 963 1664 omnia,
994 1601 1318 1670 nullumque
1349 1602 1462 1656 Deo
1496 1603 1947 1657 cha—rissimorum
1983 1601 2184 1656 Orien-

611 1691 684 1744 tis
702 1691 1085 1759 episcoporum
1125 1691 1198 1745 ab
1226 1693 1556 1761 apostolicis
1587 1692 1934 1762 dogmatibus
1965 1693 2184 1746 dissen-

610 1783 734 1837 tire.
767 1781 922 1848 Quod
943 1791 998 1837 ct
1023 1784 1456 1853 religiosissimis
1481 1784 1725 1851 clericis,
1756 1785 1858 1854 qui
1883 1784 1952 1838 ab
1995 1799 2061 1839 eo
2093 1800 2188 1838 ve-
2219 1759 2262 1816 Β

610 1882 830 1939 nerant,
856 1873 974 1944 ipsa
1001 1890 1187 1930 rerum
1217 1875 1560 1944 experientia
1605 1891 1932 1946 persuasum
1977 1883 2092 1930 est.
2119 1875 2188 1930 At

611 1964 705 2018 ille
735 1965 993 2020 omnibus
1025 1967 1210 2022 valere
1232 1967 1420 2037 jussis,
1456 1977 1512 2022 et
1536 1968 2004 2022 calumniantibus
2024 1983 2198 2024 aures.

615 2057 860 2122 tradens,
901 2073 1016 2111 rem
1055 2055 1345 2128 aggressus
1387 2067 1491 2123 est,
1530 2075 1658 2128 quae
1687 2059 1839 2114 credi
1870 2060 2202 2116 nullatenus

609 2157 803 2216 queat,
840 2149 948 2203 nisi
983 2157 1180 2205 testem
1223 2150 1458 2206 haberet
1491 2151 1817 2206 Ecclesiam.
1843 2152 1997 2206 Tulit
2034 2153 2194 2206 enim

611 2239 737 2295 illos
763 2241 856 2310 qui
883 2242 1045 2296 nobis
1073 2243 1365 2297 anathema
1417 2243 1697 2309 dicebant,
1763 2260 2102 2314 snrgensque
2136 2253 2192 2298 et

612 2332 923 2386 acclamans
977 2333 1200 2387 illorum
1245 2349 1406 2388 voces
1451 2334 1811 2388 confirmavit.
1850 2334 2054 2389 Adlnec
2091 2336 2192 2390 ali-

612 2437 752 2489 quos
773 2437 839 2474 ex
867 2423 981 2476 Deo
1001 2422 1344 2477 charissimis
1373 2425 1652 2493 episcopis
1677 2426 1730 2478 in
1765 2425 1959 2480 urbem
1985 2427 2188 2496 regiam

610 2511 780 2578 misit,
823 2515 1239 2582 utaccepimus,
1297 2516 1538 2584 majores
1573 2532 1802 2586 sperans
1856 2528 2045 2571 contra
2086 2533 2186 2573 nos

615 2603 888 2655 tumultus
911 2603 1253 2658 excitandos.
1282 2605 1392 2658 Nos
1416 2620 1550 2659 vero
1567 2607 1806 2675 primum
1842 2608 2192 2663 defensorem

609 2692 874 2747 habemus
886 2694 1132 2747 omnium
1152 2693 1514 2764 inspectorem
1539 2697 1732 2750 Deum.
1759 2699 1862 2752 Pro
1901 2699 2103 2754 divinis
2126 2701 2198 2755 si-

607 2784 828 2854 quidem
845 2787 964 2856 ejns
979 2786 1324 2856 dogmatibus
1340 2785 1894 2842 dimicamus.Deinde
1904 2807 2032 2844 vero
2051 2799 2196 2846 tuam

607 2889 827 2944 quoque
854 2876 1197 2931 sanctitatem
1227 2875 1586 2938 obtestamur,
1631 2884 1689 2928 ut
1737 2887 2102 2946 oppugnatam
2134 2879 2198 2931 ll-

607 2964 734 3020 dem
766 2973 1004 3031 tueatur,
1042 2976 1098 3021 et
1126 2981 1226 3036 pro
1258 2967 1588 3020 conculcatis
1631 2966 1842 3038 1157
1895 2971 2201 3025 canonihus

2287 507 2400 560 τόθι
2436 507 2608 571 τινας,
2643 508 2737 560 καὶ
2769 507 2967 577 μυρίας
2995 507 3124 561 καθ’
3147 507 3298 579 ἡμῶν
3331 513 3648 578 συκοφαντίας
3669 519 3747 588 agt.

2286 616 2402 662 νας,
2456 599 2868 670 παρεσκεύασεν
2901 599 3176 670 ἀθέσμους
3229 599 3347 652 καθ’
3380 600 3528 670 ἡμῶν
3560 605 3746 676 sxw-.3,-

2284 689 2560 757 γενέσθαι.

2368 779 2427 832 Ὁ
2456 780 2513 832 δέ
2560 778 2974 847 θεοφιλέστατος
3019 779 3316 844 ἐπίσκοπος
3340 784 3744 856 Διόσκοροςγὲτςτ-

2288 888 2384 939 φεν
2415 873 2563 941 ἡμῖν·
2595 871 2906 940 ἐπιστολὴν,
2946 871 3013 941 ἢν
3059 872 3159 924 οὐκ
3193 871 3298 924 ἔδει
3328 872 3527 942 γράψαι
3564 875 3633 927 τὸν
3661 884 3744 949 περὶ

2285 960 2379 1013 τοῦ
2432 962 2542 1014 τῶν
2586 962 2725 1015 ὅλων
2753 961 2888 1015 Θεοῦ
2923 963 3281 1032 μεμαθηκότα
3314 963 3477 1034 άκοὴν
3518 968 3743 1034 ματαίαις)

2287 1053 2709 1124 παραδέχεσθαι.
2745 1054 3051 1117 Πιστεύσας
3085 1055 3195 1125 γάρ
3223 1057 3335 1118 τοῖς
3373 1055 3488 1109 καθ’
3516 1058 3744 1130 ἡμῶνεῐρῃο

2290 1143 2493 1214 μένοις,
2541 1142 2616 1206 ὡς
2657 1143 2900 1213 ἀκριϐῶς
2949 1143 3154 1197 τούτων
3199 1145 3427 1199 ἕκαστον
3456 1145 3678 1212 ἐξετάσας,
3698 1157 3743 1204 καὶ

2287 1235 2350 1287 ἐκ
2371 1237 2468 1305 τῆς
2496 1235 2728 1305 βασάνου
2784 1234 3118 1305 μεμαθηκὼς
3161 1232 3456 1306 [τ]αληθὲς,
3485 1237 3631 1300 οὕτως
3659 1241 3743 1308 lapis;

2287 1326 2715 1396 κατεψηφίσατο.
2755 1325 2895 1380 Ἀλλ’
2944 1327 3105 1396 ἡμεῖς
3153 1325 3409 1392 γενναίως
3447 1324 3535 1396 τὴν
3573 1345 3744 1396 «eroga-

2286 1415 2408 1470 τίαν
2457 1417 2786 1487 ἠνέγκαμεν,
2840 1416 2936 1471 καὶ
2975 1420 3230 1487 χρηστοῖς
3261 1417 3562 1486 γράμμασιν
3599 1420 3745 1488 ἠμειψά-

2292 1506 2452 1578 μεθα,
2509 1509 2601 1561 καὶ
2655 1508 2995 1579 πεπείκαμεν
3045 1507 3212 1561 αὑτοῦ
3264 1508 3367 1578 τὴν
3413 1506 3747 1572 θεοσέϐεισν,ὠς

2289 1600 2465 1654 πάντα
2487 1599 2657 1654 ταῦτα
2686 1599 2879 1669 ψευδῆ,
2905 1600 3000 1652 καὶ
3024 1599 3099 1662 ὡς
3119 1599 3291 1662 οὐδεὶς
3312 1600 3418 1652 τῶν
3443 1601 3533 1669 τῆς
3562 1601 3748 1666 Ἀνατοὶῆς

2290 1689 2720 1760 θεοφιλεστάτων
2751 1691 3066 1744 ἐπισκόπων
3097 1691 3316 1744 ἐναντία
3345 1694 3452 1754 τοῖς
3487 1693 3749 1746 ἀποστολικά

2293 1784 2483 1853 φρονεῖ
2507 1781 2800 1853 δόγμασιν.
2839 1781 3206 1853 Ἐπείσθησαν
3237 1782 3293 1835 δὲ
3325 1784 3417 1835 καὶ
3443 1783 3506 1834 δι’
3531 1784 3668 1852 αὐτῆς
3697 1785 3750 1834 τέι

2294 1873 2635 1943 πραγμάτων
2690 1873 2792 1942 τῆς
2836 1872 3032 1944 πείρας
3083 1874 3178 1927 καὶ
3224 1873 3273 1925 ot
3317 1872 3662 1935 ἀποσταλέντες
3683 1875 3748 1939 παρ’

2293 1964 2462 2019 αὕτοῦ
2491 1964 2875 2018 εὐλαϐέστατοι
2909 1965 3182 2035 κληρικοί.
3227 1966 3288 2017 ὐ
3313 1964 3369 2017 δὲ
3399 1965 3549 2016 πᾶσιν
3574 1965 3747 2032 etiam.

2295 2058 2530 2128 φράσας,
2579 2058 2673 2110 καὶ
2719 2059 2833 2119 τοῖς
2885 2055 3279 2124 συκοφαντοῦσι
3320 2055 3418 2120 τὰς
3461 2055 3745 2118 amnem.

2295 2151 2528 2220 πρᾶγμα
2562 2149 2862 2220 πεποίηκεν
2891 2147 3142 2216 οὐδαμῶς
3173 2146 3744 2216 πιστευθῆναιδυνάμεεεν,

2297 2241 2345 2293 εί
2401 2241 2475 2311 μὴ
2526 2242 2705 2294 πᾶσαν
2749 2235 2861 2310 εἶχε
2924 2238 3303 2310 μαρτυροῦσαν
3359 2237 3454 2306 τὴν
3515 2237 3744 2305 Ἐκκλῃςὲη.

2309 2331 2595 2404 Ἢνέσχετο
2617 2330 2714 2400 μὲν
2741 2330 2848 2401 γὰρ
2877 2329 2984 2382 τῶν
3014 2328 3512 2398 άναθεματιζόντων
3536 2329 3663 2397 ἡμᾶς·
3680 2328 3744 2376 iv:-

2299 2423 2431 2486 στάς
2470 2422 2527 2475 δὲ
2577 2421 2672 2475 καὶ
2722 2419 3124 2491 προσφωνήσας
3170 2417 3397 2470 ἐκείνων
3448 2416 3603 2486 φωνὰς
3637 2415 3744 2467 trait-

2302 2513 2526 2568 ϐαίωσε.
2558 2511 2704 2582 Πρὸς
2731 2511 2787 2564 δὲ
2819 2510 3048 2572 τούτοις,
3082 2509 3176 2562 καί
3201 2527 3358 2572 τινας
3389 2509 3490 2561 τῶν
3515 2507 3740 2575 omnem.

2298 2616 2405 2658 των
2433 2603 2746 2658 ἐπισκόπων
2773 2602 2854 2665 είς
2882 2601 2979 2673 τὴν
3013 2597 3406 2672 βασιλεύουσαν
3434 2594 3744 2652 (insaniam;

2299 2695 2564 2765 ἔγνωμεν,
2596 2693 2769 2757 πόλιν,
2814 2692 3045 2762 αὐξῆσαι
3085 2692 3211 2754 τοὺς
3256 2690 3382 2743 καθ’
3427 2688 3564 2760 ἡμῶν
3591 2686 3743 2756 Bap-Sina;

2302 2785 2553 2850 ἐλπίζων.
2599 2785 2791 2854 Ἡμεῖς
2833 2783 2888 2837 δὲ
2938 2783 3151 2854 πρῶτον
3185 2781 3281 2852 μὲν
3313 2781 3404 2835 τὸν
3436 2780 3533 2833 τῶν
3560 2778 3661 2831 ὅλων
3684 2776 3747 2826 ‘Ez-

2299 2877 2470 2947 όπτην
2493 2875 2777 2948 πρόμαχον
2808 2875 3025 2944 ἔχομεν’
3062 2872 3203 2942 ὑπὲρ
3223 2870 3336 2942 γὰρ
3376 2871 3478 2924 τῶν
3507 2869 3633 2922 θείων
3657 2864 3745 2919 aia}

2300 2968 2584 3038 δογμάτων
2639 2965 3039 3036 ἀγωνιζόμεθα.
3097 2966 3332 3020 Ἔπειτα
3374 2968 3431 3017 δὲ
3477 2963 3556 3015 καὶ
3594 2960 3664 3027 τὴν
3700 2957 3745 3020 εἱῗι

612 3055 881 3110 decertet.
916 3057 1084 3110 lnilla
1110 3058 1314 3125 quippe
1357 3057 1504 3126 regia
1542 3057 1677 3110 urbe
1704 3059 2015 3128 congregati
2051 3060 2189 3116 beati

2300 3059 2607 3128 ἁγιωσύνην
2631 3057 3055 3128 παρακαλοῦμεν
3082 3059 3177 3127 τῆς
3198 3055 3584 3125 πολεμουμένης

611 3144 948 3210 Patres,cum
975 3144 1043 3197 iis
1068 3145 1162 3212 qui
1179 3143 1324 3212 apud
1335 3143 1568 3197 Nicaeam
1584 3157 1956 3201 convenerant
1973 3152 2200 3219 conspi-

609 3241 812 3298 rantes,
839 3233 1106 3289 dimceses
1125 3234 1516 3298 distinxerunt.
1541 3245 1596 3289 et
1613 3252 1714 3290 sua
1734 3237 2032 3309 unicuique
2057 3241 2196 3295 dice-

608 3326 722 3380 cesi
765 3326 1135 3396 assignarunt,
1189 3334 1376 3396 aperte
1426 3327 1825 3382 interdiccntes
1879 3345 1946 3384 ex
2010 3331 2186 3387 altera

570 3431 575 3436 ·
610 3429 918 3484 quosquam
950 3414 1176 3470 dimcesi
1232 3416 1465 3470 alteram
1506 3418 1522 3436 ⁴
1578 3416 1838 3472 invadere
1873 3436 1888 3472 :
1923 3419 2019 3474 sed
2069 3421 2195 3477 Ale-

611 3506 850 3561 xandria:
879 3507 1196 3577 episcopum
1226 3507 1444 3580 Egypti
1471 3511 1850 3564 tantummodo
1896 3528 1984 3566 res
2014 3513 2193 3569 admi-

612 3598 939 3663 nistrare,et
959 3614 1055 3653 sua
1092 3599 1338 3670 singulas
1366 3599 1655 3656 dimccses.
1690 3601 1790 3658 llic
1816 3605 2184 3676 verolegibus

613 3689 734 3744 istis’
764 3690 1110 3759 acquiescere
1136 3706 1246 3744 non
1268 3691 1407 3755 vult,
1447 3691 1541 3746 sed
1583 3708 1802 3748 sursum
1842 3710 1905 3748 ac
1934 3695 2194 3752 deorsum

614 3782 760 3836 beati
782 3782 946 3836 Marci
965 3781 1150 3837 sedem
1172 3782 1424 3838 obtendit
1446 3801 1458 3836 :
1480 3783 1646 3854 idque
1663 3801 1786 3840 cum
1806 3787 2017 3856 liquido
2034 3789 2194 3844 intel-

611 3875 763 3944 ligat,
777 3874 1133 3945 MegaIOpolin
1146 3875 1618 3930 Antiochenorum
1638 3879 1818 3948 magni
1837 3879 1985 3934 Petri
2002 3879 2190 3936 sedem

613 3963 838 4029 habere,
869 3966 963 4034 qui
1019 3964 1166 4020 beati
1217 3965 1384 4020 Marci
1440 3966 1704 4036 magister
1743 3977 1886 4034 erat,
1918 3968 2189 4041 cborique

611 4053 986 4122 apostolorum
1036 4055 1294 4125 princeps
1339 4064 1397 4111 et
1447 4057 1794 4126 corypbaaus.
1837 4057 2042 4113 Verum
2089 4077 2190 4117 nos

612 4143 757 4198 sedis
787 4144 1181 4200 sublimitatem
1221 4146 1500 4201 novimus:
1527 4162 1627 4201 nos
1660 4147 1808 4217 ipsos
1839 4165 1972 4204 vero
1989 4167 2192 4222 cogno-

611 4235 814 4290 scimus
838 4244 895 4291 et
920 4237 1205 4293 metimur.
1241 4236 1620 4293 Humilitatem
1653 4242 1805 4296 enim
1829 4244 2186 4311 apostolicam

610 4341 642 4379 a
679 4327 950 4399 principio
968 4329 1287 4387 didicimus.
1321 4330 1680 4387 Sanetitatem
1715 4349 1884 4404 porro
1915 4343 2066 4390 tuam
2089 4337 2188 4392 ob-

2301 3152 2708 3224 ὑπερμαχῆσαι,
2737 3152 2830 3204 καὶ
2854 3149 2961 3203 τῶν
2985 3148 3341 3221 πατηθέντων
3369 3137 3745 3215 ὑπεραγωνίσαςθιί

2299 3245 2558 3298 κανόνων.
2597 3243 2685 3296 Ἐν
2712 3241 2894 3312 ἐκείνῃ
2919 3240 3028 3311 γάρ
3066 3243 3131 3310 τῇ
3182 3237 3530 3309 βασιλευούσῃ
3553 3233 3666 3287 πόλει
3687 3247 3744 3280 ra

2297 3335 2540 3398 ἐλθόντες
2587 3335 2636 3386 οἱ
2694 3333 2952 3402 μακάριοι
2998 3330 3259 3399 Πτατέρες,
3299 3325 3583 3398 συμφώνως
3612 3323 3692 3380 τοῖς

2296 3428 2500 3497 Νικαίᾳ
2556 3423 2987 3496 συναθροισθεῖσι
3060 3421 3160 3486 τὰς
3219 3421 3509 3491 διοικήσεις
3556 3413 3742 3481 διέκριναν,

2295 3521 2389 3574 καὶ
2444 3519 2646 3588 ἑκάστῃ
2697 3519 2962 3587 διοικήσει
3016 3515 3086 3568 τά
3121 3515 3326 3584 ἑαυτῆς
3366 3503 3742 3598 ἀπένειμαν,

2295 3630 2429 3683 κρυς
2486 3609 2964 3680 ἀπαγορεύσαντες
2985 3650 3010 3674 ,,
3063 3609 3121 3674 ἐξ
3178 3609 3445 3675 ἑκατέρας
3511 3600 3615 3670 (5-6)
3665 3606 3741 3647 τως

2292 3704 2609 3774 διοικήσεως
2663 3702 2826 3772 ἑτέρα
2881 3700 2956 3772 μὴ
3011 3699 3242 3753 ἐπιέναιξ
3303 3696 3450 3749 «illi
3485 3693 3561 3745 τὸν
3591 3685 3741 3746 Ἀλξξυ·

2292 3795 2477 3866 δρείας
2519 3793 2814 3847 ἐπίσκοπον
2864 3792 2934 3844 τὰ
2991 3792 3086 3860 τῆς
3145 3788 3428 3858 Αἰγύπτου
3456 3783 3572 3856 μόνα
3599 3774 3741 3832 διοικεῖν,

2292 3887 2388 3940 καὶ
2435 3886 2672 3954 ἑκάστην
2718 3885 2986 3954 διοίκησιν
3023 3883 3090 3936 τὰ
3119 3883 3316 3934 οίκεῖα.
3362 3881 3420 3933 '0
3447 3876 3497 3930 δὲ
3520 3867 3741 3930 τούτοις

2295 3976 2475 4048 μένειν
2505 3977 2615 4038 τοῖς
2646 3975 2791 4046 ὅροις
2837 3974 2898 4026 ού
2959 3971 3230 4042 βούλεται,
3257 3970 3376 4023 ἀλλ’
3423 3967 3524 4022 ἄνω
3563 3961 3636 4014 καὶ
3665 3955 3742 4054 aliis

2289 4067 2383 4122 τοῦ
2426 4064 2699 4137 μακαρίου
2728 4065 2956 4133 Μάρκου
2993 4063 3082 4116 τὸν
3130 4061 3320 4133 θρόνον
3357 4057 3742 4142 προϐάλλεταιομκξε

2288 4159 2461 4214 ταῦτα
2492 4136 2677 4226 σαφῶς
2708 4155 2882 4222 εἰδὼς,
2903 4155 2989 4219 ὡς,
3006 4154 3097 4208 τοῦ
3129 4152 3368 4224 μεγάλου
3393 4151 3575 4220 Πέτρου
3599 4143 3662 4195 τδν
3679 4136 3742 4201 δῖ)

2289 4269 2378 4306 νον
2427 4253 2460 4321 ἡ
2501 4250 2819 4320 Ἀντιοχέων
2869 4247 3228 4320 μεγαλόπολις
3255 4246 3392 4316 ἔχει,
3418 4245 3472 4308 ὃς
3497 4240 3578 4294 καὶ
3605 4232 3669 4324 τοῦ

2289 4343 2480 4412 καρίου
2530 4341 2760 4412 Μάρκου
2809 4337 3127 4401 διδάσκαλος
3170 4333 3259 4408 ἦν,
3309 4337 3405 4389 καί
3445 4332 3528 4386 τοῦ
3553 4321 3742 4410 κθρθῦ

609 4435 909 4487 secramus,
951 4432 1216 4493 utneque
1271 4433 1491 4480 sanctus
1549 4441 1790 4482 canones
1833 4431 2186 4498 proculcatos

2291 4433 2605 4488 ἀποστόλων
2653 4431 2868 4503 πρῶτος
2916 4430 3010 4484 καὶ
3051 4429 3370 4500 κορυφαῖος,
3413 4421 3537 4478 Ἀλλ’
3563 4416 3740 4503 ήμεῖετηί

609 4513 900 4584 despiciat,
918 4524 974 4571 et
989 4526 1190 4571 sancta:
1227 4517 1355 4573 fidei
1384 4519 1757 4577 defensionem
1793 4521 1958 4576 alacri
1992 4523 2180 4577 animo

611 4604 898 4674 suscipiat.
934 4605 992 4659 In
1019 4605 1123 4661 hac
1151 4622 1388 4677 namque
1423 4608 1660 4678 positam
1719 4608 1990 4664 habemus
2033 4625 2187 4679 spem

610 4696 929 4767 salutis,per
943 4713 1173 4770 eamque
1185 4716 1286 4754 nos
1302 4701 1518 4755 veniam
1529 4700 1827 4771 adepturos
1839 4701 2186 4757 confidimus.

2293 4525 2393 4596 μὲν
2427 4525 2537 4594 (55)
2567 4499 2756 4596 OPM-0"
2786 4523 2845 4578 τδ
2879 4521 3012 4592 ὕψος
3042 4499 3406 4588 ἐπιστάμεθα,
3430 4511 3622 4570 ἑαυτοὺς

2284 4616 2624 4686 γινώσκομεν
2671 4615 2766 4668 καί⁵
2811 4611 3141 4684 μετροῦμεν.
3194 4610 3306 4680 Τὴν
3344 4608 3449 4678 γὰρ
3497 4602 3740 4686 ἀποστολιῖτῇν

2286 4676 2788 4774 ταπεινοξνροσύνην
2811 4676 3040 4755 ’ἇνινθεηί
3088 4716 3151 4768 με
3162 4676 3503 4770 μασήκάίίεδ
3531 4689 3622 4758 Τὴν
3640 4676 3742 4741 δὲςῇ

608 4787 862 4859 ὁσιότητα
885 4791 1330 4864 παρακαλοῦμεν,
1365 4790 1504 4867 μήτε
1531 4796 1658 4858 τοὺς
1689 4795 1878 4863 ἁγίους
1895 4795 2121 4859 κανόνας
2148 4797 2522 4866 πατουμένους
2554 4794 2923 4866 παριδεῖν,καὶ
2945 4792 3036 4862 τῆς
3054 4791 3202 4854 θείας
3226 4790 3456 4850 πίστεως
3476 4786 3742 4878 ὑπερμαηπί

610 4882 926 4954 ﬁmoﬁmo"
947 4887 1038 4949 Εἰς
1060 4886 1262 4960 ταύτην
1282 4887 1389 4961 γὰρ
1417 4889 1612 4961 ἔχομεν
1647 4891 1832 4944 ἐλπίδα
1864 4892 1962 4961 τῆς
1994 4891 2289 4962 σωτηρίας,
2313 4892 2405 4946 καὶ
2425 4892 2509 4946 διὰ
2543 4890 2746 4958 ταύτην
2797 4891 2976 4960 τυχεῖν
3009 4884 3398 4957 προσδοκῶμεν
3434 4876 3742 4951 φιλανθρωπέκι

680 4997 750 5052 Ut
781 5009 966 5054 autem
993 5001 1098 5057 hoc
1125 5019 1344 5072 quoque
1374 5003 1636 5058 sanctitas
1667 5014 1757 5058 tua
1785 5021 1894 5059 non
1947 5006 2180 5075 ignoret,

611 5087 772 5152 scito,
809 5089 1054 5158 domine,
1088 5093 1229 5148 hanc
1259 5094 1414 5148 illum
1444 5094 1736 5148 adversum
1767 5110 1868 5149 nos
1900 5095 2185 5164 pusillani-

611 5183 857 5238 mitatem
879 5201 1092 5255 gerere,
1121 5203 1190 5242 ex
1212 5204 1322 5257 quo
1349 5187 1626 5259 synodicis
1654 5189 1855 5243 vestris
1883 5188 1987 5243 sub
2012 5189 2186 5245 beatae

613 5275 892 5339 memoria:
928 5277 1124 5334 Proclo
1149 5278 1310 5334 factis
1353 5289 1667 5334 sanctorum
1706 5280 1928 5334 Patrum
1985 5279 2188 5349 regulis

615 5371 953 5426 inhaerentes
983 5374 1351 5434 assensimus;
1379 5389 1444 5429 ac
1473 5373 1541 5429 de
1565 5374 1668 5429 hoc
1697 5387 1799 5427 nos
1827 5373 1995 5427 semel
2017 5381 2184 5442 atque

616 5460 816 5515 iterum
852 5461 1186 5532 increpasse,
1207 5465 1364 5536 quasi
1394 5475 1449 5520 et
1469 5464 1966 5530 Antiochenorum,
1999 5472 2060 5518 ut
2087 5463 2184 5528 ait,

617 5552 1182 5610 etAlcxandrinorum
1212 5559 1336 5629 jura
1367 5557 1794 5628 prodiderimus.
1836 5557 2038 5613 Horum
2071 5572 2185 5611 mc-

693 5704 802 5778 (54)
839 5709 1028 5779 ἐτέρας
1069 5713 1236 5782 Neap.

2357 5005 2476 5060 Ἵνα
2499 5005 2554 5058 δέ
2586 5005 2719 5075 μηδέ
2761 5003 2919 5057 τοῦτο
2960 5001 3202 5070 ἀγνοήσῃ
3256 4998 3415 5066 σου-ἡ
3446 4989 3646 5076 ὁσιότης,

2285 5098 2541 5160 δέσποτα,
2569 5098 2644 5157 ὼς
2686 5097 2785 5165 τὴν
2822 5095 2956 5164 πρὸς
2998 5094 3146 5162 ἡμᾶς
3200 5090 3324 5159 ἔσχε
3372 5075 3744 5160 μικροψυχίαν.

2287 5184 2346 5241 οὗ
2377 5191 2488 5252 τοῖς
2524 5187 2653 5257 παρ’
2689 5187 2818 5256 ὑμῖν
2863 5183 3256 5254 γεγενημένοις
3305 5176 3580 5234 συνοδικοίς
3606 5166 3672 5220 ἐπὶ

2286 5281 2386 5349 τῆς
2415 5278 2690 5349 μακαρίας
2722 5277 2941 5346 μνήμης
2973 5273 3217 5345 Πρόκλου
3249 5259 3744 5342 συνεθέμεθα,τοίς

2290 5371 2462 5439 ἁγίων
2507 5368 2764 5438 Πατέρων
2799 5365 3018 5420 κανόσιν
3069 5361 3547 5433 ἀκολουθήσαντες⁸
3577 5350 3651 5402 καὶ
3677 5351 3744 5401 7i?-

2290 5461 2485 5515 τούτου.
2529 5461 2621 5514 καὶ
2663 5458 2811 5523 ἅπαξ
2844 5459 2974 5528 ἡμῖν
3013 5457 3108 5509 καὶ
3146 5454 3226 5517 δὶς
3261 5440 3744 5576 ἐνεκάλεσενμὶιςῗθ

2295 5551 2378 5576 ολδ
2426 5555 2539 5576 --ι-.
2574 5554 2662 5576 --με
2697 5555 2790 5576 _:-
2818 5551 3133 5576 ta..-_-.-_'.
3175 5547 3399 5576 .7.-‘i1u..
3455 5540 3536 5576 νηὶ
3560 5536 3634 5576 ’ἰέ
3665 5529 3682 5576 ’.
3704 5536 3741 5569 -’-ί“

2291 5551 2543 5607 δεδωκόσι
2573 5554 2666 5607 καὶ
2696 5555 2790 5623 τῆς
2818 5551 3154 5620 Ἀντιοχέων,
3175 5548 3247 5612 ὡς
3264 5547 3426 5614 λέγει,
3455 5540 3539 5596 καὶ
3676 5536 3741 5577 3"“
3772 5595 3773 5600 η

2361 5710 2474 5781 (55)
2509 5711 2604 5782 μέν
2631 5708 2912 5764 addiderat
2951 5707 3118 5774 Neap.
