3924 6192
195 231 324 301 1281

1421 236 1779 299 EPISTOLA
1817 236 2190 299 LXXXVIII.

3305 238 3324 301 l
3336 239 3438 304 ?82

191 347 462 420 ξανδρέων
505 348 829 420 Ἑκκλησίας
873 348 940 402 τὰ
986 349 1195 404 δίκαια.
1232 347 1449 403 Τούτων
1474 345 1759 420 μεμνημὲ-

1876 361 2001 412 nor,
2036 358 2383 420 tempusque,
2418 359 2480 406 ut
2516 351 2568 407 ei
2599 351 2777 408 visum
2807 361 2912 414 est,
2938 359 3154 413 nactus,
3197 350 3438 409 inimici-

190 457 299 504 νος,
331 437 425 492 καὶ
470 437 660 506 καιρὸν
683 437 880 509 εὑρὼν,
910 439 987 502 ὡς
1025 440 1285 502 ὑπέλαϐε,
1316 439 1413 511 τὴν
1436 439 1759 508 δυσμένειαν

189 529 410 594 ἔδειξεν.
453 529 613 584 Ἀλλά
643 529 744 599 τῆς
770 530 1031 600 ἀληθείας
1059 531 1212 584 οὐδὲν
1243 529 1610 602 ἰσχυρότερον.
1637 523 1759 581 Οἷδε

189 621 299 693 γὰρ
343 620 484 692 αὕτη
527 621 623 674 καὶ
661 620 730 673 δι’
769 621 968 690 ὀλίγων
1008 624 1190 693 νικᾷν.
1225 621 1537 694 Παρακαλῶ
1575 619 1632 673 δέ
1668 637 1760 673 σου

188 713 288 784 τὴν
319 712 600 782 άγιότητα,
628 714 724 767 καὶ
762 712 1126 784 μνημονεύειν
1162 714 1320 785 ἡμῶν
1369 714 1427 765 ὲν
1469 715 1588 775 ταῖς
1625 710 1762 782 πρὸς

188 804 282 858 τὸν
325 803 528 877 Κύριον
594 810 946 877 προσευχαῖς,
998 807 1088 861 ἵνα
1134 807 1408 878 ἀντισχεῖν
1445 803 1763 875 δυνηθῶμεν

191 897 327 967 πρὸς
353 896 423 950 τὰ
448 896 680 968 διάφορα
704 897 945 968 κύματα.

395 1010 519 1064 ΠΖ’.
548 1040 620 1052 -
647 1010 850 1080 Δόμηρ
875 1011 1186 1078 ἐπισκόπῳ
1222 1013 1552 1082 Ἀπαμείας.

276 1117 335 1171 '0
377 1118 478 1188 μὲν
516 1120 618 1190 τῆς
667 1120 1018 1191 φιλαδελφίας
1085 1122 1284 1194 ἀπῄτει
1331 1123 1514 1194 νόμος,
1565 1121 1766 1186 πολλὰς

197 1210 342 1280 ἡμᾶς
373 1211 432 1264 ἐν
473 1209 551 1281 τῷ
590 1211 819 1282 παρόντι
852 1211 1029 1284 καιρῷ
1063 1212 1318 1278 δέξασθαι
1349 1214 1498 1284 παρὰ
1527 1213 1628 1284 τῆς
1666 1213 1766 1283 σῆς

193 1297 469 1368 «pacem;
519 1300 832 1365 ἐπιστολάς.
870 1304 1171 1376 Παρεγγυᾷ
1208 1304 1318 1376 γὰρ
1361 1307 1389 1359 ὁ
1421 1305 1565 1368 θεῖος
1604 1305 1767 1359 Ἀπό-

195 1389 401 1457 στολος,
437 1409 458 1442 ι
482 1389 689 1444 κλαίειν
743 1391 882 1462 μετά
915 1393 1230 1462 κλαιόντων,
1263 1395 1358 1449 καὶ
1387 1395 1598 1468 χαίρειν
1625 1395 1767 1467 μετά

192 1481 512 1552 χαιρόντων.
537 1501 556 1535 ι
603 1483 904 1555 Ἐδεξάμην
933 1484 989 1538 δὲ
1024 1486 1303 1558 οὑδεμίαν,
1361 1487 1540 1542 καίτοι
1588 1505 1768 1561 παρα-

191 1571 498 1642 γενομένων
519 1572 750 1646 ἔναγχος
772 1576 910 1647 πρὸς
938 1579 1086 1648 ἡμᾶς
1106 1577 1216 1632 τῶν
1240 1595 1298 1632 τε
1327 1579 1765 1635 θεοσεϐεστάτων

1864 438 1968 492 tias
1992 439 2276 508 patefecit.
2317 440 2426 496 Sed
2460 442 2694 498 veritate
2722 443 2860 496 nihil
2895 450 2978 497 εει
2998 441 3297 511 potentius.
3337 444 3440 498 Po-

1862 537 1971 584 test
2003 530 2152 585 enim
2189 531 2282 585 illa
2353 533 2572 604 1158
2608 533 2776 589 etiam
2808 547 2934 588 cum
2969 531 3160 601 paucis
3196 531 3438 587 vincere.

1862 618 1973 674 Oro
2002 628 2188 675 autem
2214 621 2562 676 sanctitatem
2624 630 2798 690 tuam,
2839 631 2902 676 ut
2929 619 3106 674 nostri
3173 619 3338 674 etiam
3386 623 3440 675 in

1864 709 1980 765 suis
1999 710 2068 764 ad
2104 711 2398 765 Dominum
2428 711 2689 780 precibus
2733 710 3078 774 recordetur,
3109 722 3219 776 quo
3267 710 3443 783 possi-

1863 817 1989 857 mus
2015 802 2251 857 diversis
2283 802 2547 859 ﬂuCtibus
2577 802 2858 858 resistere.

2077 1016 2384 1074 LXXXVII.
2425 1016 2633 1072 Damno
2676 1017 2914 1088 episcOpo
2942 1018 3208 1088 Apamea.

1936 1128 2254 1184 Postulabat
2277 1127 2508 1184 fraterni
2559 1128 2650 1185 lex
2682 1129 2909 1196 amoris,
2964 1137 3027 1184 ut
3073 1129 3299 1184 crebras
3337 1128 3444 1182 hoc

1867 1227 2116 1289 tempore
2154 1236 2184 1274 a
2213 1220 2418 1290 pietate
2450 1228 2543 1275 tua
2565 1219 2778 1275 litteras
2808 1220 3136 1290 acciperem.
3188 1220 3445 1289 Pmcipit

1866 1312 2015 1367 enim
2048 1312 2270 1368 divinus
2295 1311 2612 1383 Apostolus,
2653 1331 2673 1365 ι
2718 1312 2849 1369 flere
2899 1323 3024 1376 eum
3067 1311 3350 1377 ﬂentibus,
3381 1321 3446 1388 et

1867 1404 2105 1474 gaudere
2163 1419 2288 1458 cum
2321 1403 2690 1474 gaudentibus
2715 1402 2783 1457 ⁸³.
2848 1422 2867 1455 ›
2908 1404 3022 1474 Ego
3068 1419 3201 1459 vero
3265 1405 3446 1459 nullas

1868 1511 2096 1565 prorsus
2124 1495 2334 1565 accepi,
2368 1497 2586 1560 tametsi
2619 1512 2798 1568 nuper
2834 1497 2901 1552 ad
2939 1511 3042 1551 nos
3063 1496 3320 1552 venerint
3361 1510 3448 1549 re-

1869 1587 2205 1658 ligiosissimi
2231 1589 2486 1643 monachi
2503 1589 2824 1644 monasterii
2852 1589 3044 1655 vestri,
3067 1597 3124 1642 et
3148 1587 3448 1658 religiosis-

194 1663 537 1733 μοναζόντων
576 1667 678 1738 τῆς
717 1668 991 1740 ὑμετέρας
1028 1671 1219 1741 μονῆς,
1256 1671 1352 1725 καὶ
1393 1672 1488 1726 τοῦ
1521 1672 1766 1726 θεοσεϐε-

1876 1679 2040 1734 simus
2094 1679 2240 1734 Elias
2282 1681 2595 1753 presbyter.
2645 1684 2902 1735 Attamen
2930 1679 3134 1746 scribo,
3179 1685 3230 1733 et
3268 1678 3447 1732 saluto

192 1753 390 1808 στάτου
424 1756 608 1810 Ἠλίου
647 1758 740 1810 τοῦ
783 1759 1181 1830 πρεσϐυτέρου.
1223 1760 1364 1830 Ἐγὼ
1393 1762 1450 1815 δὲ
1491 1763 1764 1834 γέγραφα,

191 1844 286 1899 καὶ
323 1847 780 1920 προσφθέγγομαί
807 1867 901 1903 σου
949 1851 1049 1922 τὴν
1081 1852 1357 1923 ὁσιότητα,
1389 1854 1484 1908 καὶ
1515 1853 1767 1927 γνωρίζω

189 1936 267 2000 ὡς
299 1937 533 2008 ἦρκεσεν
563 1941 695 2010 ἡμῖν
727 1943 851 1996 ἀντὶ
894 1945 1112 2000 πάντων
1145 1947 1178 2018 ἡ
1213 1946 1305 2000 τοῦ
1330 1946 1602 2001 Δεσπότου
1629 1948 1769 2020 ψυχ-

191 2031 430 2098 αγωγία.
468 2029 558 2101 Τῷ
592 2033 707 2086 ὄντι
737 2033 868 2105 γὰρ,
905 2035 1015 2088 οὐδ’
1051 2037 1098 2090 εἰ
1134 2036 1401 2108 ἰσάριθμα
1423 2037 1532 2091 τῶν
1571 2039 1769 2109 ἡμετέ-

195 2139 306 2191 ρων
333 2122 536 2194 τριχῶν
570 2126 831 2197 σχοίημεν
863 2128 1128 2198 στόματα,
1148 2129 1387 2200 ὑμνῆσαι
1415 2129 1575 2183 αὑτὸν
1605 2129 1768 2193 ἀξίως

195 2212 478 2282 ίσχύομεν,
508 2214 596 2268 διά
621 2216 722 2286 τὴν
763 2219 844 2280 εἰς
871 2218 1034 2270 αὑτὸν
1057 2218 1351 2289 ὁμολογίαν
1372 2219 1472 2288 τῆς
1503 2217 1768 2290 δοκούσης

191 2304 420 2374 ἀτιμίας
441 2306 788 2371 ἀξιωθέντες,
820 2310 888 2378 ἢν
919 2310 1102 2380 πάσης
1128 2310 1298 2380 τιμῆς
1319 2310 1768 2381 σεϐασμιωτέραν

190 2395 492 2467 ἡγούμεθα.
533 2399 595 2452 Εί
629 2399 686 2454 δὲ
725 2400 820 2452 καὶ
861 2400 959 2462 τὰς
1006 2402 1266 2471 ἐσχατιὰς
1311 2401 1412 2471 τῆς
1444 2402 1769 2473 οἰκουμένης

193 2488 416 2559 οίκῆσαι
458 2490 906 2560 κατακριθῶμεν,
949 2490 1110 2544 πλέον
1143 2492 1308 2545 αὑτὸν
1356 2493 1766 2562 ἀνυμνήσομεν,

191 2581 303 2648 ὅσῳ
341 2579 608 2646 μειζόνων
663 2582 884 2650 ἀγαθῶν
918 2581 1238 2653 ἀξιούμεθα.
1273 2581 1538 2646 Εὑξάσθω
1569 2584 1684 2654 (56)
1721 2583 1767 2636 δ’

190 2668 344 2740 ὅμως
371 2671 404 2740 ἡ
433 2671 652 2742 ὁσιότης
688 2689 806 2737 σου,
836 2672 932 2724 καὶ
961 2674 1243 2745 αἰτησάτω
1275 2676 1396 2738 ταῖς
1425 2675 1611 2742 ἁγίαις
1645 2677 1769 2729 Ἐκ-

191 2760 446 2831 κλησίαις
476 2762 738 2832 γαλήνην.
764 2762 876 2832 Τῆς
909 2763 1018 2832 γάρ
1046 2763 1250 2818 τούτων
1286 2765 1450 2820 ἕνεκα
1479 2763 1648 2836 ζάλης
1675 2769 1770 2820 καὶ

191 2851 357 2920 ἡμεῖς
415 2850 745 2920 θρηνοῦμεν,
777 2852 869 2904 καλ⁸
916 2854 1197 2922 στένομεν,
1240 2856 1333 2907 καὶ
1370 2854 1767 2926 όλοφυρόμεθα.

193 2941 306 2994 Καὶ
334 2941 444 3009 γὰρ
474 2941 731 3008 ἐξέωσαν,
765 2942 844 3006 ὡς
886 2942 1151 3012 ἔγνωμεν,
1185 2943 1390 3014 ταύτην
1419 2947 1468 2998 οἰ
1499 2946 1607 2999 ἀπὸ
1645 2948 1767 2999 ’οσ-

1863 1769 2223 1824 sanctitatem
2243 1778 2415 1837 tuam,
2433 1770 2706 1840 nobisque
2731 1785 2830 1841 pro
2860 1769 3117 1825 omnibus
3134 1768 3447 1824 satistuisse

1868 1858 2087 1913 Domini
2118 1861 2549 1916 consolationem
2582 1860 2852 1931 significo.
2890 1861 3101 1916 Revera
3133 1859 3303 1923 enim,
3345 1873 3448 1913 nec

1869 1951 1917 2005 si
1943 1965 2041 2004 ora
2075 1951 2239 2006 nobis
2271 1959 2354 2006 tot
2381 1960 2568 2007 essent
2595 1960 2732 2021 quot
2759 1951 2967 2021 capilli,
3017 1950 3242 2005 laudare
3292 1948 3447 2002 illum

1868 2056 1970 2110 pro
2002 2041 2268 2111 dignitate
2289 2056 2400 2095 non
2430 2057 2745 2119 possumus,
2778 2042 2883 2096 ista
2911 2041 2982 2096 ob
3010 2042 3131 2110 ejus
3147 2039 3449 2099 confessio-

1869 2149 1996 2188 nem
2027 2134 2328 2203 ignominia
2356 2134 2611 2204 putatitia
2634 2133 2838 2200 affecti,
2857 2149 3020 2204 quam
3050 2134 3202 2189 omni
3236 2134 3448 2186 honore

1869 2224 2243 2294 augustiorem
2270 2224 2544 2279 ducimus.
2563 2222 2720 2290 Quod
2743 2223 2788 2278 si
2811 2225 2899 2278 vel
2928 2223 2996 2278 ad
3042 2224 3263 2278 ultimas
3288 2231 3450 2277 terrm

1871 2320 1887 2340 ‘
1928 2331 2054 2371 oras
2110 2315 2334 2386 relegati
2376 2315 2666 2382 fuerimus,
2727 2320 2882 2369 tanto
2945 2314 3098 2369 illum
3147 2311 3452 2382 impensius

1869 2406 2238 2470 laudabimus,
2266 2415 2476 2474 quanto
2509 2404 2814 2474 majoribus
2850 2404 3014 2458 bonis
3061 2404 3443 2458 honestamur.

1868 2497 2001 2551 Oret
2034 2497 2395 2551 nihilominus
2417 2497 2686 2552 sanctitas
2708 2505 2821 2560 tua,
2856 2504 2912 2549 et
2943 2493 3147 2549 sanctis
3191 2493 3453 2547 Ecclesiis

1871 2587 2329 2654 tranquillitatem
2347 2593 2630 2654 exposcat.
2674 2584 2901 2656 (Harum
2932 2583 3079 2637 enim
3112 2587 3452 2651 tempestatis

1871 2692 2037 2732 causa
2071 2677 2325 2746 lugemus
2345 2684 2401 2730 et
2430 2690 2553 2738 nos,
2578 2684 2636 2730 et
2664 2675 2935 2746 angimur,
2964 2683 3021 2728 et
3038 2671 3449 2742 lamentantur.)

1871 2768 2214 2837 Expulerunt
2270 2769 2413 2823 hanc
2467 2768 2692 2838 quippe,
2754 2776 2816 2821 ut
2848 2765 3225 2838 cognovimus,
3263 2763 3452 2818 clerici

1871 2859 2163 2926 Osroenes,
2199 2860 2294 2929 qui
2323 2860 2559 2930 plurima
2598 2867 2790 2913 contra
2842 2873 2946 2912 nos
3003 2871 3196 2911 omnes
3244 2854 3456 2908 effude-

1876 2958 2040 3016 runt;
2072 2952 2326 3020 quamvis
2349 2967 2451 3022 ego
2483 2965 2584 3005 nec
2610 2965 2719 3002 una
2735 2946 3055 3019 judicarim,
3087 2960 3190 3000 nec
3238 2945 3361 2998 lata:
3396 2944 3453 2998 in

196 3032 396 3103 ροηνῆς
421 3031 694 3100 κληρικοὶ,
733 3031 903 3102 μυρία
937 3032 1152 3085 πάντων
1193 3033 1350 3103 ἡμῶν
1381 3034 1763 3103 καταχέοντες,

1876 3040 1997 3097 illos
2021 3044 2309 3098 sententia:
2332 3021 2610 3113 particeps
2633 3040 2833 3095 fuerim
2866 3037 2995 3092 :sed
3012 3034 3453 3092 communionem

192 3123 372 3178 καίτοι
401 3122 539 3193 ἐμοῦ
565 3122 686 3176 οὑδὲ
731 3123 1174 3186 συνδικάσαντος,
1205 3124 1326 3176 οὑδὲ
1349 3127 1448 3195 τῆς
1477 3125 1564 3178 ἐπ’
1587 3126 1770 3190 αὑτοῖς

192 3215 626 3285 κοινωνήσαντος
659 3214 865 3286 ψήφου,
898 3214 1037 3279 ἀλλ’,
1065 3215 1140 3278 ὡς
1163 3211 1270 3268 οἷδέ
1320 3233 1412 3267 σου
1462 3218 1494 3286 ή
1532 3217 1768 3284 ὁσιότης,

192 3307 288 3359 καὶ
315 3305 416 3376 τὴν
452 3306 738 3359 κοινωνίαν
778 3307 964 3369 αὐτοῖς
1011 3306 1232 3376 δοθῆναι
1261 3305 1322 3358 τὸ
1355 3307 1545 3375 Πάσχα
1590 3325 1769 3377 παραυ

192 3395 552 3459 καλέσαντος.
611 3396 774 3449 Ἀλλὰ
819 3396 1000 3466 ῥᾴδιον
1047 3399 1158 3459 τοῖς
1199 3397 1563 3464 συκοφάνταις
1595 3398 1772 3467 λέγειν

191 3487 230 3542 ἃ
257 3487 560 3558 βούλονται.
607 3487 783 3557 Ἦμᾶς
801 3489 861 3540 δὲ
894 3489 922 3540 ὁ
943 3487 1038 3539 τοῦ
1063 3488 1336 3540 Δεσπότου
1363 3490 1772 3559 παραμυθεῖται

197 3581 567 3652 μακαρισμός.
617 3598 634 3630 ι
655 3579 934 3648 Μακάριοι
961 3579 1070 3650 γάρ
1096 3580 1240 3644 ἐστε,
1279 3581 1466 3650 φησὶν,
1489 3581 1618 3635 ὅταν
1637 3581 1776 3635 ὀνει-

191 3671 416 3726 δίσωσιν
445 3672 613 3740 ὑμᾶς,
645 3671 740 3723 καὶ
767 3668 1020 3735 διώξωσι,
1050 3671 1142 3723 καὶ
1173 3671 1368 3723 εἴπωσι
1399 3673 1508 3724 πᾶν
1537 3673 1773 3744 πονηρὸν

194 3761 351 3834 ῥῆμα
379 3760 502 3814 καθ’
539 3758 694 3829 ὑμῶν
723 3759 911 3812 ἕνεκεν
940 3758 1099 3828 ἐμοῦ,
1139 3759 1478 3830 ψευδόμενοι.
1522 3763 1772 3833 -Χαίρετε

192 3855 289 3907 καὶ
324 3851 682 3922 ἀγαλλιᾶσθε,
715 3852 796 3906 ὅτι
845 3851 902 3908 ὁ,
930 3852 1119 3922 μισθὸς
1170 3852 1325 3924 ὑμῶν
1367 3853 1537 3918 πολὺς
1576 3856 1632 3908 ὲν
1661 3859 1774 3922 τοῖς

191 3948 462 4018 οὐρανοῖς.
487 3966 506 4000 ι

582 4061 713 4114 IIII'.
747 4091 807 4100 —
842 4061 1041 4129 Ταύρῳ
1075 4064 1381 4130 πατρωίῳ.

275 4175 655 4246 ’Υπερόαίνειν
705 4192 772 4247 με
822 4178 948 4240 τοὺς
985 4177 1144 4247 ὅρους
1173 4180 1221 4231 οἱ
1275 4179 1609 4247 συκοφάνται
1655 4181 1774 4251 ﬁmi-

195 4265 396 4332 ζονται,
419 4267 512 4319 καὶ
529 4265 760 4338 γράφειν
786 4269 814 4320 ὑ
823 4271 932 4339 μῖν,
951 4269 1049 4332 τὰς
1082 4270 1341 4338 μεγίστας
1372 4273 1774 4344 κεκοσμηκόσιν

197 4358 392 4428 ἀρχὰς,
419 4361 516 4415 καὶ
559 4359 660 4424 τὰς
701 4362 1014 4433 ὑπερτάτας
1044 4362 1285 4433 εἰληχόσι
1312 4363 1499 4433 τιμὰς,
1524 4366 1771 4434 ἀναγκά-
1806 4351 1848 4404 D

194 4449 400 4512 ζουσιν.
435 4442 510 4503 Oh
536 4450 600 4522 δὴ
635 4451 1135 4522 χάριν,παρακαλῶ
1167 4453 1499 4525 συγγνώμης
1535 4455 1774 4525 μεταλα-

197 4544 332 4612 χεῖν.
365 4541 566 4612 Γράφω
611 4542 740 4614 γὰρ,
767 4543 868 4595 οὑκ
897 4543 1154 4615 αὐθαδείᾳ
1178 4544 1484 4615 χρώμενος,
1519 4547 1634 4601 ἀλλ’
1666 4548 1773 4602 ὑπὸ

193 4632 292 4702 τῆς
335 4633 526 4702 χρείας
576 4632 924 4704 ὠθούμενος·
953 4634 1074 4686 οὑδὲ
1124 4635 1184 4687 τὸ
1232 4635 1576 4706 σκυθρωποῖς
1629 4656 1772 4693 τισιν

195 4726 396 4788 ἀδίκως
428 4728 746 4796 περιπεσεῖν
791 4725 1143 4797 ὑφορώμενος
1190 4727 1374 4797 (τοῦτο
1410 4729 1521 4800 γάρ
1546 4731 1622 4792 ὼς
1653 4730 1775 4784 ὲπίσ-

197 4833 303 4868 παν
336 4814 668 4869 πεπόνθασιν
699 4815 935 4880 ἅπαντες
977 4818 1025 4870 οἱ
1057 4816 1134 4886 τῷ
1171 4817 1290 4886 Θεῷ
1323 4819 1561 4888 γνησίως
1593 4820 1772 4875 δεδου·

194 4908 492 4979 λευκότες),
539 4907 676 4962 ἀλλά
718 4908 816 4978 τὴν
849 4910 1123 4978 ὑμετέραν
1168 4910 1545 4980 μεγαλοφυΐαν
1589 4915 1772 4966 πεῖσαι

199 4998 542 5069 βουλόμενος,
588 4998 664 5062 ὡς
705 4999 922 5068 ψευδεῖς
957 5001 1076 5053 καθ’
1105 5000 1266 5071 ἡμῶν
1303 5001 1552 5055 ὠδίνουσι
1579 5003 1774 5072 λόγους

196 5094 246 5143 οἱ
281 5090 390 5144 τῶν
417 5092 703 5163 ἡμετέρων
753 5095 1189 5166 κατηγοροῦντες
1223 5095 1531 5165 δογμάτων.
1579 5097 1772 5170 Ἡμεῖς

200 5182 299 5252 μὲν
327 5182 456 5253 γὰρ,
491 5183 629 5254 μετά
669 5185 769 5256 τὴν
817 5188 1074 5258 μητρῴαν
1107 5188 1296 5260 θηλὴν,
1327 5191 1433 5262 τὴν
1473 5192 1771 5247 ἀποστολι-

199 5273 300 5344 κὴν
325 5275 530 5345 τροφὴν
552 5275 875 5346 ἐδεξάμεθα,
900 5280 989 5332 καὶ
1020 5279 1120 5350 τὴν
1145 5281 1459 5337 ὲκτεθεῖσαν
1485 5286 1542 5338 ἐν
1569 5286 1773 5359 Νικαίᾳ

201 5366 385 5421 πίστιν
415 5366 520 5419 ὑπὸ
561 5367 668 5421 τῶν
695 5367 867 5436 ἁγίων
901 5370 995 5424 καὶ
1023 5372 1309 5441 μακαρίων
1349 5375 1612 5456 Παξέρων
1671 5381 1766 5434 καὶ

270 5521 318 5555 ’⁵
350 5525 506 5577 non].
537 5540 629 5590 xu,
667 5525 750 5578 l5.
827 5523 874 5554 “
911 5527 1097 5580 Matth.
1132 5543 1186 5592 ν,
1218 5528 1305 5594 Η,
1348 5531 1436 5586 12.

1876 3134 1977 3200 eis,
2008 3135 2154 3203 quod
2181 3137 2443 3190 sanctitas
2472 3145 2565 3189 tua
2615 3132 2791 3199 novit,
2832 3129 3048 3200 1159
3089 3144 3188 3199 per
3243 3127 3455 3182 Pascha

1877 3223 1994 3278 dari
2023 3225 2279 3295 rogarim.
2305 3225 2509 3280 Verum
2542 3223 2701 3278 facile
2757 3231 2842 3276 est
2868 3219 3360 3276 calumniatoribus
3389 3235 3454 3276 ea

1875 3313 2062 3368 dicere
2087 3328 2208 3382 quae
2241 3315 2453 3367 volunt.
2483 3313 2596 3366 Nos
2647 3320 2832 3366 autem
2882 3311 3097 3364 Domini
3141 3311 3458 3366 consolatur

1875 3403 2241 3458 beatificatio:
2291 3423 2308 3454 ι
2338 3404 2486 3458 Beati
2527 3403 2674 3457 enim
2705 3401 2860 3466 estis,
2887 3401 3084 3470 inquit,
3117 3416 3242 3454 cum
3277 3402 3447 3455 male-

1875 3495 2115 3552 dixerint
2141 3494 2322 3560 vobis,
2354 3503 2410 3549 et
2447 3494 2722 3564 persecuti
2759 3508 2856 3547 vos
2875 3492 3103 3557 fuerint,
3142 3491 3457 3545 etdixerint

1876 3601 2040 3644 omne
2080 3585 2284 3640 malum
2353 3584 2645 3650 adversum
2707 3597 2806 3637 vos
2850 3582 3185 3638 mentientes
3229 3590 3457 3651 propter

1877 3691 1985 3732 me.
2023 3675 2268 3730 Gaudete
2289 3684 2345 3730 et
2375 3674 2670 3740 exsultate,
2697 3673 2960 3744 quoniam
3015 3687 3228 3730 merces
3273 3679 3456 3728 vestra

1876 3766 2098 3838 copiosa
2115 3777 2198 3822 est
2223 3766 2278 3820 in
2304 3767 2459 3822 caelis
2481 3765 2549 3822 ⁸⁸.
2595 3785 2615 3819 ι

2235 4077 2647 4134 LXXXVIII.—
2664 4078 2838 4133 Tauro
2862 4080 3102 4150 patricio.

1946 4192 2276 4264 Transgredi
2302 4209 2389 4248 me
2417 4193 2686 4248 terminos
2724 4205 2930 4264 cogunt
2983 4194 3350 4265 sycophanta,
3406 4204 3460 4252 et

1878 4287 2057 4352 vobis,
2083 4287 2178 4357 qui
2209 4287 2475 4341 maximas
2501 4286 2800 4358 dignitates
2830 4296 3090 4353 ornastis,
3145 4303 3460 4358 supremos-

1882 4393 1988 4449 que
2015 4377 2252 4432 honores
2281 4376 2462 4447 adepti
2481 4377 2634 4443 estis,
2660 4378 2902 4433 scribere
2932 4377 3292 4446 compellunt.
3314 4377 3460 4444 Quo-

1883 4470 2030 4525 circa
2062 4478 2123 4523 ut
2146 4469 2364 4523 veniam
2383 4484 2693 4538 consequar
2715 4483 2835 4522 oro.
2866 4468 3062 4522 Scribo
3116 4468 3285 4533 enim,
3350 4483 3460 4522 non

1883 4560 2194 4632 arrogantia
2213 4560 2432 4627 ductus,
2475 4559 2570 4614 sed
2592 4561 2862 4630 impulsus
2882 4559 3209 4614 necessitate
3242 4577 3254 4611 :
3280 4574 3460 4628 neque

1882 4653 2030 4723 quod
2065 4653 2268 4724 injuste
2293 4652 2428 4705 mihi
2458 4651 2638 4706 tristia
2665 4652 2911 4721 quaedam
2945 4650 3264 4720 impendere
3302 4649 3462 4703 intel-

1880 4743 2044 4814 ligam
2075 4743 2202 4814 (hoc
2235 4743 2383 4798 enim
2420 4743 2491 4797 iis
2526 4743 2642 4797 fere
2665 4743 2757 4813 qui
2784 4743 2996 4797 sincere
3025 4744 3138 4796 Deo
3165 4741 3465 4796 servierint

1881 4835 2140 4890 omnibus
2166 4851 2268 4888 usu
2295 4833 2489 4904 venit),
2517 4833 2611 4888 sed
2639 4842 2698 4888 ut
2728 4833 3148 4904 magniﬁcentiae
3171 4842 3278 4888 tua:
3301 4831 3462 4886 fidem

1883 4927 2102 4993 faciam,
2139 4927 2271 4980 falsa
2299 4927 2353 4980 in
2394 4941 2494 4981 nos
2525 4925 2594 4980 ab
2622 4926 2731 4981 illis
2790 4924 3008 4996 jactari,
3071 4923 3166 4993 qui
3210 4923 3464 4993 dogmata

1881 5027 2070 5072 nostra
2097 5017 2532 5086 reprehendunt.
2572 5017 2684 5073 Nos
2726 5018 2929 5087 quippe
2969 5023 3094 5086 post
3123 5017 3295 5071 ubera
3349 5031 3496 5070 mam

1885 5109 1984 5164 tris
2013 5109 2370 5179 apostolicam
2405 5124 2587 5164 escam
2639 5109 3006 5178 suscepimus,
3048 5106 3465 5177 expositamque

1878 5217 1908 5255 a
1934 5200 2113 5255 beatis
2145 5209 2201 5255 et
2228 5200 2434 5255 sanctis
2460 5200 2714 5255 Patribus
2741 5199 2934 5253 Nicaea:
2961 5198 3123 5252 fidem
3164 5208 3220 5252 et
3268 5195 3461 5252 didici-

1879 5308 2023 5358 mus,
2054 5300 2111 5346 et
2146 5291 2429 5357 docemus,
2453 5299 2509 5345 et
2533 5306 2628 5346 eos
2678 5290 2772 5360 qui
2811 5290 2974 5345 aliter
3027 5304 3191 5360 quam
3238 5288 3331 5344 illa
3376 5303 3466 5342 sa-

1876 5383 2041 5454 piunt
2076 5383 2374 5453 impietatis
2425 5383 2772 5438 damnamus.
2820 5381 2975 5450 Quod
3074 5383 3200 5454 quis
3251 5381 3319 5436 ab
3360 5379 3462 5435 hac

271 5637 385 5710 (56)
415 5639 592 5695 Locus
621 5650 701 5696 est
736 5639 898 5696 ctiam
926 5639 1116 5697 Latine
1153 5642 1295 5712 apud
1341 5643 1536 5702 Baron.
1595 5657 1632 5702 t.
1683 5647 1768 5714 Vl,
1809 5663 1865 5719 p.
1893 5647 1982 5715 7t,
2017 5647 2084 5703 ad
2108 5664 2136 5704 a
2166 5646 2226 5703 C.
2255 5647 2377 5705 448.
