4018 6216
508 292 647 362 1283

1424 288 1910 349 THEODORETI
1931 284 2276 346 EPiSCOPI
2304 285 2668 345 CYRENSIS

3611 283 3760 349 1284

506 415 722 466 diversa
748 419 847 458 nos
875 415 1073 457 oocere
1101 399 1406 460 contendit,
1442 398 1486 452 is
1522 399 1639 452 sine
1669 397 1986 452 vadimonio
2008 412 2078 449 ne

2187 397 2605 466 μεμαθήκαμεν,
2667 393 2761 447 καὶ
2813 393 3174 462 διδάσκομεν·
3227 391 3322 444 καὶ
3365 392 3494 454 τοὺς
3541 391 3670 445 ἄλλο
3707 412 3762 446 τι

503 506 746 562 accuset,
771 495 867 550 sed
895 499 1194 563 praasentes
1224 490 1532 545 convincat.
1594 489 1708 543 lloc
1736 489 1883 542 enim
1911 497 1966 542 et
1995 488 2080 542 di-

507 592 650 648 vinis
678 588 891 659 legibus
910 592 1130 639 cautum
1165 591 1269 646 est,
1309 590 1363 636 et
1398 580 1673 636 humanis.
1714 580 1879 634 Eccui
1939 595 2075 634 vero

505 682 723 751 injuriis
750 684 975 732 vexatos
1015 674 1311 729 defendere
1344 673 1515 743 magis
1545 673 1858 737 conveniat,
1913 687 2078 742 quam

508 772 630 834 tibi,
657 770 742 823 vir
764 765 1100 828 Christiane,
1137 763 1226 817 cui
1255 771 1311 816 et
1337 762 1553 831 generis
1579 761 1857 830 splendor,
1915 771 1971 813 et
2000 759 2083 814 di-

508 862 776 932 gnitatum
811 856 1140 920 sublimitas,
1195 860 1252 908 et
1312 852 1456 922 quod
1497 853 1553 906 in
1600 852 1812 921 legibus
1870 851 2083 921 1160

446 966 454 972 '
509 953 714 1021 primas
743 957 916 1010 tenes,
947 946 1180 1014 amplam
1219 944 1415 997 tribuit
1440 942 1789 996 facultatem?

2188 487 2338 557 παρά
2379 486 2581 555 ταύτην
2613 484 2942 556 φρονοῦντας
2981 483 3299 546 δυσσεϐείας
3321 483 3666 553 γραφόμεθα.
3697 486 3763 536 Ei

2181 579 2236 632 δέ
2271 596 2352 642 τις
2381 579 2543 649 ἕτερα
2580 577 2852 631 διδάσκειν
2883 577 3030 646 ἡμᾶς
3060 575 3212 646 παρά
3249 574 3455 645 ταύτην
3487 578 3766 646 ίσχυρίζε-

2179 683 2290 731 ται,
2326 667 2401 738 μὴ
2453 669 2667 738 ἐρήμην
2700 665 3100 738 κατηγορείτω,
3161 665 3297 719 ἀλλὰ
3347 666 3623 737 παρόντας
3670 668 3763 732 ἐξ·

2179 759 2470 826 ελεγξάτω.
2506 758 2676 812 Τοῦτο
2729 760 2838 830 γάρ
2893 760 2986 810 καὶ
3039 761 3152 820 τοῖς
3210 757 3373 821 θείοις
3410 759 3614 827 νόμοις,
3665 760 3764 812 καὶ

2179 855 2293 914 τοῖς
2331 851 2693 919 ἀνθρωπείοις
2723 852 2886 904 δοκεῖ.
2921 851 3040 903 Τίνι
3069 851 3124 904 δὲ
3173 851 3316 904 οὕτω
3356 851 3622 921 προσήκει
3649 853 3765 902 τῶν

2181 941 2550 1010 ἀδικουμένων
2599 942 2958 1010 ὑπερμαχεῖν,
3009 940 3087 1004 ὡς
3129 943 3281 1012 ὑμῖν,
3325 937 3371 994 ὧ
3397 941 3760 1014 φιλόχριστοι.

507 1045 588 1112 οἷς
619 1047 713 1100 καὶ
756 1045 850 1098 τοῦ
883 1044 1130 1112 γένουςή
1163 1041 1510 1113 περιφάνεια,
1557 1039 1651 1093 καὶ
1692 1038 1801 1091 τῶν
1838 1037 2168 1107 ἀξιωμάτων
2195 1038 2256 1089 τὸ
2288 1035 2442 1107 ὖψος,
2497 1037 2592 1090 καὶ
2646 1037 2827 1090 μέντοι
2894 1037 2987 1089 καί⁸
3035 1036 3098 1089 τὸ
3160 1036 3266 1090 τῶν
3296 1036 3542 1108 νομίμων
3609 1053 3768 1106 πρω-

507 1141 706 1205 τεύειν,
742 1138 972 1210 παρέχει
1003 1138 1100 1207 τὴν
1134 1135 1473 1207 παρῤησίανς

810 1251 1097 1306 LXXXIX.
1131 1283 1200 1290 —
1230 1251 1496 1304 Florentio
1527 1253 1770 1322 patricio.

579 1363 834 1431 Majorem
857 1375 1020 1430 quam
1049 1361 1182 1414 mihi
1211 1357 1505 1414 conveniat
1529 1376 1640 1414 rem
1662 1359 1972 1430 aggredior,
1988 1357 2081 1429 qui

509 1449 858 1517 amplitudini
892 1459 996 1502 tua:
1031 1449 1240 1501 litteras
1267 1449 1497 1501 mittam.
1557 1449 1754 1502 Verum
1787 1452 1798 1466 '
1838 1448 2081 1502 audacia:

511 1541 674 1610 hujus
700 1557 808 1593 non
849 1540 1129 1593 temeritas
1159 1550 1355 1593 auctor
1383 1540 1506 1605 fuit,
1537 1540 1632 1594 sed
1682 1540 1718 1592 ii
1761 1541 1855 1609 qui
1890 1547 2084 1593 contu-

511 1631 690 1685 meliis
715 1647 816 1685 nos
844 1639 1061 1685 vexant.
1102 1631 1295 1700 Operze
1345 1633 1582 1700 pretium
1644 1632 1794 1685 enim
1830 1631 2086 1685 duximus

509 1722 796 1792 religiosas
833 1737 994 1775 aures
1020 1731 1140 1774 tuas
1181 1721 1401 1787 docere,
1437 1722 1724 1775 manifesta
1772 1721 1826 1774 in
1863 1737 1965 1774 nos
1999 1735 2089 1774 ca-

511 1813 718 1866 lumnia
772 1827 868 1865 eos
921 1813 1002 1865 uti
1057 1813 1149 1882 qui
1185 1812 1437 1881 dogmata
1479 1821 1665 1866 nostra
1700 1811 2083 1865 criminantur.

509 1904 618 1958 Nos
640 1905 693 1958 in
719 1905 843 1958 aliis
875 1919 1002 1958 sane
1039 1905 1293 1973 plurimis
1320 1905 1619 1973 deliquisse
1664 1919 1771 1958 non
1800 1917 2084 1973 negamus.

509 1994 708 2050 Verum
739 1994 1099 2063 dogmaticam
1124 1995 1495 2064 apostolorum
1531 1995 1837 2048 doctrinam
1858 1993 1926 2046 ad
1949 1993 2089 2046 hanc

510 2098 684 2153 usque
745 2083 890 2138 diem
948 2085 1249 2139 retinemus
1302 2084 1560 2161 intactam
1596 2101 1610 2136 :
1648 2092 1810 2152 atque
1843 2083 1914 2137 ob
1949 2083 2090 2136 hanc

515 2189 681 2228 unam
710 2177 764 2227 in
798 2175 886 2228 die
922 2174 1195 2228 adventus
1223 2175 1491 2228 Dominici
1531 2173 1964 2228 misericordiam
1991 2188 2091 2226 no-

510 2264 597 2318 bis
637 2263 1054 2332 impertiendam
1082 2264 1431 2318 conﬁdimus.
1463 2265 1566 2318 Pro
1601 2263 1703 2317 hac
1727 2263 1876 2317 enim
1899 2264 2092 2318 adver-

511 2369 606 2409 sus
636 2355 873 2410 haereses
894 2371 1088 2410 omnes
1123 2355 1409 2410 decertare
1442 2372 1551 2410 non
1596 2353 1920 2417 desinimus,
1951 2355 2091 2407 hanc

509 2447 730 2518 pietatis
759 2447 998 2501 alumnis
1025 2447 1244 2502 assidue
1279 2448 1647 2517 suggerimus,
1691 2463 1788 2515 per
1834 2446 1976 2499 hanc
2005 2445 2089 2498 lu-

508 2555 610 2609 pos
636 2542 953 2595 innumeros
976 2542 1032 2595 in
1058 2557 1189 2595 oves
1231 2542 1648 2595 transformatos
1681 2541 1916 2610 principi
1973 2555 2091 2593 om-

509 2630 662 2683 nium
688 2638 933 2683 nostrum
963 2630 1166 2699 pastori
1189 2630 1566 2698 Salvatorique
1623 2630 1940 2683 obtulimus.
1966 2627 2089 2682 ﬂare

510 2737 676 2791 porro
707 2721 980 2775 tradidere
1038 2721 1216 2784 nobis,
1265 2735 1376 2773 non
1422 2721 1655 2789 apostoli
1685 2720 1851 2774 modo
1881 2729 1935 2774 et
1962 2736 2091 2788 pro-

509 2811 708 2881 phetae,
743 2825 935 2865 verum
962 2809 998 2865 ii
1021 2810 1185 2864 etiam
1230 2809 1325 2879 qui
1367 2809 1561 2862 horum
1589 2809 1758 2863 libros
1819 2810 2091 2879 interpre-

514 2905 610 2958 tati
644 2911 794 2967 sunt,
847 2902 1110 2973 Ignatius,
1147 2901 1502 2965 Eustathius,
1539 2900 1891 2967 Athanasius,
1942 2899 2092 2954 Basi—

2493 1247 2617 1302 IIB'.
2659 1278 2729 1288 —-
2759 1249 3100 1315 Φλωρεντίῳ
3139 1249 3441 1316 πατρικίῳ.

2259 1357 2484 1420 Μείζονι
2520 1357 2617 1426 μὲν
2667 1356 2699 1425 ἢ
2735 1357 2854 1409 κατ’
2880 1355 3116 1426 ὲμαυτδν
3169 1359 3401 1429 ἐγχειρῶ
3453 1359 3763 1429 πράγματι.

2187 1451 2265 1520 τῷ
2297 1449 2546 1519 ὑμετέρῳ
2604 1448 2824 1518 μεγέθει
2875 1449 3108 1518 πέμπων
3165 1450 3472 1512 ἐπιστολάς.
3529 1451 3674 1503 Ἀλλ’
3706 1455 3765 1502 οὐ

2188 1541 2465 1613 θρασύτης
2495 1540 2646 1594 αἰτία
2673 1541 2771 1610 τῆς
2815 1541 3038 1610 τόλμης,
3069 1541 3184 1593 ἀλλ’
3209 1543 3258 1592 oi
3295 1543 3414 1604 ταῖς
3448 1543 3572 1594 καθ’
3605 1544 3768 1611 ἡμῶν

2187 1631 2475 1702 λοιδορίαις
2519 1631 2878 1700 χρησάμενοι.
2919 1630 3204 1700 Προὺργου
3239 1632 3345 1700 γὰρ
3398 1623 3766 1702 ὑπελάϐομεν,

2149 1722 2160 1776 .'
2188 1724 2395 1788 διδάξαι
2419 1722 2517 1786 τὰς
2549 1724 2789 1786 ἀκλινεῖς
2822 1723 2975 1793 ὑμῶν
3005 1724 3196 1785 ἀκοὰς,
3228 1723 3304 1786 ὡς
3329 1723 3592 1792 ἄντικρυς
3620 1727 3769 1794 ἡμᾶς

2191 1813 2622 1884 συκοφαντοῦσιν
2647 1815 2698 1866 οἱ
2726 1814 2834 1867 τῶν
2874 1813 3158 1884 ἡμετέρων
3188 1813 3625 1884 κατηγοροῦντες
3649 1816 3768 1883 δογ-

2192 1905 2397 1976 μάτων.
2443 1907 2633 1975 Ἡμεῖς
2652 1906 2706 1959 δὲ
2729 1907 2894 1976 ἔτερα
2930 1907 3025 1974 μὲν
3049 1907 3274 1960 πλεῖστα
3301 1907 3766 1976 πεπλημμεληκέ-

2188 2015 2279 2050 ναι
2327 1998 2538 2068 φαμέν·
2571 2000 2671 2068 τὴν
2705 1997 2762 2050 δέ
2810 2015 2872 2066 γε
2917 1997 3252 2069 δογματικὴν
3297 1999 3406 2051 τῶν
3448 2001 3765 2052 ἀποστόλων

2185 2088 2539 2141 διδασκαλίαν
2585 2088 2746 2157 μέχρι
2768 2087 2863 2140 τοῦ
2892 2088 3161 2158 παρόντος
3189 2087 3467 2158 ἀλώϐητον
3496 2089 3766 2156 ἐφυλάξα-

2193 2195 2310 2247 μεν,
2342 2179 2435 2230 καὶ
2464 2178 2553 2230 διὰ
2589 2178 2792 2247 ταύτην
2821 2178 2988 2248 μόνην
3011 2179 3196 2231 οῖκτου
3234 2183 3417 2248 τυχεῖν
3459 2182 3556 2232 καὶ
3579 2181 3767 2249 φιλαν-

2190 2268 2436 2340 θρωπίας
2460 2271 2519 2322 ὲν
2552 2271 2616 2338 τῇ
2655 2269 2756 2338 τῆς
2791 2270 3133 2339 Δεσποτικῆς
3179 2269 3505 2338 ἐπιφανείας
3549 2271 3768 2332 ἐλπίζο-

2194 2377 2292 2430 μεν
2339 2361 2541 2431 ἡμέρᾳ.
2586 2359 2758 2429 Ὑπὲρ
2803 2360 2912 2430 γάρ
2949 2359 3154 2432 ταύτης
3196 2362 3331 2430 πρὸς
3370 2360 3468 2424 τὰς
3495 2363 3769 2414 παντοδα-

2191 2452 2301 2514 πὰς
2345 2454 2587 2523 αἱρέσεις
2613 2451 2963 2522 διατελοῦμεν
2997 2453 3420 2522 ἀγωνιζόμενοι·
3445 2447 3655 2524 ταύτην
3689 2455 3768 2507 δι-

2190 2544 2401 2613 ηνεκῶς
2441 2546 2554 2605 τοῖς
2578 2543 2868 2614 τροφίμοις
2911 2544 3010 2613 τῆς
3032 2545 3312 2606 εὐσεϐείας
3351 2547 3764 2615 προσφέρομεν·

2189 2631 2276 2684 διὰ
2313 2633 2516 2702 ταύτης
2546 2631 2744 2697 λύκους
2779 2634 3006 2705 μυρίους
3040 2636 3121 2698 είς
3163 2636 3407 2705 πρόϐατα
3438 2639 3772 2707 μεταϐαλόν·

2189 2739 2280 2785 τες
2304 2723 2438 2792 (57),
2471 2723 2548 2794 τῷ
2577 2725 2798 2777 πάντων
2827 2725 2981 2795 ἡμῶν
3021 2727 3368 2796 άρχιποιμένι
3414 2729 3510 2781 καὶ
3555 2730 3771 2800 Σωτῆρι

2192 2816 2692 2887 προσενηνόχαμεν.
2725 2816 2910 2870 Ταῦτα
2944 2817 2999 2870 δὲ
3029 2820 3160 2888 ἡμῖν
3178 2819 3483 2888 παρέδοσαν
3511 2821 3576 2872 οὑ
3612 2823 3772 2890 μόνον

2191 2909 2241 2959 oi
2273 2909 2561 2962 ἀπόστολοι
2610 2911 2706 2962 καὶ
2749 2911 3048 2981 προφῆται,
3082 2911 3220 2964 ἀλλά
3251 2912 3344 2965 καὶ
3373 2914 3422 2963 οἱ
3463 2912 3531 2964 τά
3561 2913 3773 2966 τούτων

511 2995 638 3060 lius,
679 2995 999 3065 Gregorius,
1034 2994 1294 3058 Joannes,
1333 3003 1387 3046 et
1415 2993 1622 3063 reliqua
1649 2992 1802 3046 orbis
1835 2992 2041 3046 lumina
2073 3007 2085 3042 :

2193 3000 2603 3070 ἡρμηνευκότες
2650 3002 3078 3071 συγγράμματα,
3126 3004 3405 3070 Ἰγνάτιος,
3447 3004 3772 3066 Εύστάθιος,

511 3095 567 3141 et
595 3095 720 3140 ante
738 3087 858 3149 hos,
894 3084 1068 3139 sancti
1106 3085 1298 3138 Patres
1319 3083 1465 3152 apud
1488 3083 1727 3137 Nicaeam
1747 3082 2086 3152 congregati,

513 3192 746 3246 quorum
787 3176 910 3229 ﬁdei
941 3175 1364 3238 confessionem,
1409 3167 1565 3227 velut
1598 3182 1879 3242 paternam
1919 3172 2091 3226 haere-

510 3267 761 3331 ditatem,
815 3265 1079 3319 illibatam
1130 3279 1542 3327 conservamus,
1587 3273 1644 3317 et
1683 3262 1779 3332 qui
1835 3263 2088 3332 dogmata

511 3358 628 3412 haec
657 3357 863 3411 audent
893 3355 1268 3426 praatergredi,
1295 3371 1392 3409 eos
1413 3355 1760 3409 adulterinos
1797 3370 1862 3408 ac
1889 3355 2090 3408 verita-

511 3450 584 3505 tis
634 3450 818 3502 hostes
863 3449 1221 3519 appellamus.
1265 3447 1376 3502 Oro
1427 3447 1593 3516 igitur
1622 3445 2084 3517 magniﬁcentiam

512 3553 682 3605 tuam,
711 3549 770 3595 ut
803 3540 870 3595 de
907 3542 993 3595 his
1013 3556 1112 3610 per
1139 3555 1240 3594 nos
1283 3539 1489 3593 certior
1537 3538 1678 3593 facta
1706 3537 1957 3592 obstruat
1991 3551 2087 3590 ora

510 3632 675 3688 nobis
712 3633 1159 3686 obtrectantium.
1200 3628 1517 3684 Absurdum
1567 3629 1772 3698 1161
1828 3641 2085 3695 namque.

509 3721 728 3790 Opinor,
765 3720 952 3784 fuerit,
995 3721 1064 3774 iis
1105 3735 1226 3788 qua:
1280 3727 1473 3772 contra
1529 3717 1786 3771 absentes
1828 3715 2089 3770 dicuntur

512 3811 672 3864 ﬁdem
701 3819 957 3879 tanquam
986 3808 1134 3869 ceris
1183 3807 1448 3862 adbibere
1485 3825 1498 3860 :
1531 3807 1742 3878 justqu
1781 3813 1966 3860 autem
2031 3813 2087 3858 et

510 3900 724 3970 legibus
761 3908 1215 3963 consentaneum,
1245 3911 1342 3951 eos
1381 3900 1476 3966 qui
1533 3896 1784 3951 criminis
1812 3895 2085 3949 actionem

509 3992 766 4061 persequi
795 3990 986 4056 velint,
1036 3989 1400 4060 praesentibus
1460 3988 1569 4042 reis
1616 4001 1896 4050 accusare,
1961 4001 2089 4055 pro-

511 4083 762 4137 bationes
818 4080 1036 4135 aﬂ'erre.
1077 4081 1167 4135 Sic
1223 4080 1370 4135 enim
1425 4095 1617 4133 verum
1663 4078 1876 4150 judices
1927 4076 2084 4131 facile

508 4180 768 4244 poterunt
807 4171 1072 4225 invenire.

891 4385 1001 4441 XC.
1030 4417 1099 4426 -——
1129 4386 1379 4456 Lupicino
1411 4385 1684 4455 magistro.

575 4496 889 4552 Juventutis
913 4497 1308 4551 certaminibus
1343 4495 1587 4550 defuncti
1609 4538 1624 4562 ,
1671 4495 2079 4565 senectutisque

507 4596 682 4643 metas
701 4587 952 4657 ingressi,
979 4603 1104 4641 cum
1143 4587 1338 4658 majori
1371 4603 1473 4642 nos
1511 4587 1565 4642 in
1615 4587 1828 4642 honore
1869 4587 2083 4641 futuros

506 4682 869 4751 speravimus,
907 4680 1412 4751 calumniaejaculis
1436 4679 1781 4751 conﬁgimur,
1816 4687 1873 4734 et
1919 4679 2085 4734 illatis

504 4771 952 4827 accusationibus
985 4771 1237 4841 cogimur
1259 4771 1455 4826 aﬁerre
1485 4769 2086 4837 defensionem.Quare

507 4860 964 4931 magniﬁcentiam
1001 4869 1148 4913 tuam
1191 4860 1460 4922 obtestor,
1483 4868 1544 4915 ut
1578 4860 1952 4915 accusantium
1983 4874 2084 4913 nos

506 4951 809 5007 mendaciis
846 4951 1007 5005 ﬁdem
1033 4967 1146 5005 non
1176 4951 1400 5007 habeas.
1438 4951 1658 5006 Etenim
1684 4949 1729 5005 si
1765 4950 1929 5004 vitam
1958 4965 2085 5020 age-

509 5057 623 5096 rem
647 5043 703 5096 in
732 5041 974 5106 silentio,
1026 5041 1256 5096 haberet
1304 5042 1535 5095 fortasse
1597 5042 1776 5096 locum
1811 5055 2082 5110 perversa:

503 5134 772 5190 doctrinae
834 5134 1093 5204 suspicio.
1148 5134 1219 5188 At
1267 5118 1391 5188 cum
1454 5135 1508 5188 in
1557 5133 1818 5188 Ecclesiis
1862 5133 2082 5189 assidue

502 5226 668 5282 verba
698 5219 982 5291 faciamus,
1011 5226 1330 5280 innumeros
1347 5240 1443 5295 per
1474 5224 1567 5280 Dei
1602 5224 1833 5296 gratiam
1859 5224 2082 5294 dogma-

503 5328 618 5374 tum
661 5324 830 5372 testes
861 5316 1148 5372 habemus.
1183 5317 1513 5386 Apostolicis
1552 5315 2081 5386 namquedeﬁnitio—

504 5411 666 5465 nibus
685 5425 749 5465 ac
772 5409 984 5479 legibus
1004 5409 1330 5476 insistimus,
1359 5413 1373 5428 '
1390 5409 1809 5480 expositamque
1831 5409 2024 5464 Nicmaa
2048 5422 2074 5463 α

502 5501 706 5555 sanctis
739 5511 796 5554 et
857 5501 1033 5555 beatis
1083 5501 1339 5557 Patribus
1388 5500 1572 5566 ﬁdem,
1630 5499 1781 5554 velut
1835 5500 2075 5570 regulam

577 5680 685 5750 (57)
718 5681 806 5736 Sic
838 5683 1000 5751 Neap.
1040 5683 1311 5738 Sirmond.
1350 5681 1794 5753 μεταϐάλλοντες.

2206 3091 2543 3155 ’Λθανάσιος,
2577 3091 2874 3155 Βασίλειος,
2907 3093 3228 3163 Γρηγόριος,
3273 3094 3546 3164 Ἰωάννης,
3599 3096 3700 3148 καὶ
3727 3099 3772 3149 oi

2193 3182 2343 3235 ἄλλοι
2373 3183 2471 3252 τῆς
2501 3183 2827 3253 οἰκουμένης
2863 3184 3181 3254 φωστῆρες·
3215 3186 3309 3236 καὶ
3347 3185 3452 3254 πρὸ
3479 3185 3692 3239 τούτων
3728 3189 3775 3238 οἱ

2191 3273 2248 3325 ἐν
2269 3273 2474 3343 Νικαίᾳ
2507 3272 2923 3344 συνεληλυθότες
2943 3273 3088 3340 ἅγιοι
3113 3275 3354 3342 Πατέρες
3374 3290 3388 3304 ·
3416 3268 3493 3327 ὧν
3516 3276 3620 3343 τὴν
3645 3279 3774 3345 όμο-

2190 3364 2375 3431 λογίαν
2411 3365 2507 3432 τῆς
2530 3364 2766 3427 πίστεως
2800 3364 2875 3427 ὼς
2912 3364 3163 3434 πατρῷον
3199 3365 3399 3434 κλῆρον
3421 3365 3771 3435 φυλάττομεν

2191 3454 2411 3520 ἄσυλον,
2439 3455 2534 3508 καὶ
2567 3456 2694 3518 τοὺς
2722 3455 2896 3508 ταῦτα
2935 3455 3299 3524 παραϐαίνειν
3344 3455 3669 3523 τολμῶντας
3707 3457 3770 3506 τὶ

2187 3546 2432 3614 δόγματα
2464 3547 2747 3615 κιϐδήλους
2799 3547 3206 3616 ἀποκαλοῦμεν,
3239 3547 3333 3600 καὶ
3379 3548 3477 3615 τῆς
3503 3546 3769 3617 ἀληθείας

2189 3639 2435 3710 ἐχθρούς.
2474 3638 2780 3710 Παρακαλῶ
2828 3639 3009 3691 τοίνυν
3051 3639 3149 3708 τὴν
3203 3639 3473 3709 ὑμετέραν
3531 3639 3768 3708 μεγαλο-

2189 3729 2374 3801 φυῖαν,
2406 3727 2577 3782 ταῦτα
2615 3729 2748 3799 παρ’
2784 3728 2940 3798 ἡμῶν
2989 3727 3354 3796 διδαχθεῖσαν,
3401 3726 3760 3796 ἐπιστομίσαι

2186 3820 2313 3882 τοὺς
2351 3818 2641 3888 λοιδορίαις
2689 3818 2811 3872 καθ’
2864 3819 3020 3890 ἡμῶν
3077 3819 3478 3888 χρησαμένους.
3528 3819 3765 3869 Ἀτοπον

2186 3911 2293 3983 γάρ
2342 3911 2498 3981 οἶμαι
2547 3913 2662 3974 τοῖς
2707 3909 2852 3964 κατὰ
2906 3909 3013 3964 τῶν
3058 3910 3307 3964 ἀπόντων
3348 3909 3666 3978 λεγομένοις
3692 3909 3766 3967 ib;

2185 4003 2414 4072 ἀληθέσι
2472 4002 2782 4056 πιστεύειν·
2840 4002 3062 4073 ἔννομον
3115 4001 3170 4054 δὲ
3222 4003 3316 4053 καὶ
3367 4001 3601 4062 δίκαιον,
3644 4002 3763 4061 τοὺς

2187 4095 2545 4164 βουλομένους
2567 4095 2788 4148 διώκειν
2815 4096 3102 4165 παρόντων
3143 4096 3471 4164 κατηγορεῖν
3503 4094 3614 4145 τῶν
3644 4111 3763 4160 φευ-

2183 4187 2411 4254 γόντων,
2448 4188 2543 4240 καὶ
2593 4188 2720 4250 τοὺς
2753 4187 3010 4262 ἐλέγχους
3059 4187 3346 4254 παράγειν.
3384 4184 3540 4238 Οὕτω
3569 4187 3679 4254 γὰρ
3711 4185 3762 4236 οἱ

2183 4276 2495 4339 δικάζοντες
2541 4277 2722 4348 εὑρεῖν
2764 4263 2994 4346 τάλῆθὲς
3043 4275 3240 4346 ῥαδίως
3267 4274 3377 4343 (58)
3415 4273 3760 4343 δυνήσονται.

2523 4392 2592 4456 ιη’.
2625 4418 2696 4427 —
2719 4387 3057 4450 Λουπικίνῳ
3088 4388 3414 4457 ,ιιαπ-Ιστρῳ.

2249 4495 2389 4561 Τοὺς
2425 4499 2524 4568 τῆς
2552 4497 2804 4567 νεότητος
2833 4495 3196 4562 διεξελθόντες
3230 4496 3470 4564 ἀγῶνας,
3505 4497 3601 4548 καί
3654 4495 3758 4547 τιίν

2177 4589 2274 4643 τοῦ
2303 4591 2488 4660 γήρως
2525 4591 2666 4661 ὅρων
2693 4589 2825 4643 εῖσω
2866 4575 3167 4660 γενόμενοι,
3197 4591 3290 4642 καὶ
3321 4588 3564 4649 πλείονος
3593 4587 3756 4656 τιμξς

2180 4683 2255 4746 ὡς
2285 4683 2658 4754 γεγηρακότες
2689 4683 3095 4737 ἀπολαύσεσθαι
3122 4682 3616 4753 προσδοκήσαντες,
3648 4685 3759 4742 τοῖς

2181 4773 2279 4842 τῆς
2329 4775 2695 4843 συκοφαντίας
2745 4775 3056 4846 βαλλόμεθα
3097 4775 3302 4844 βέλεσι,
3329 4775 3424 4826 καὶ
3473 4773 3610 4844 πρὸς
3660 4775 3760 4834 τάς

2185 4866 2554 4936 γεγενημένας
2627 4867 2961 4936 κατηγορίας
3040 4865 3338 4932 ἀπολογίαν
3427 4864 3758 4933 προσφέρειν

2184 4953 2644 5024 ἀναγκαζόμεθα·
2675 4949 2736 5008 οὗ
2768 4955 2832 5026 δὴ
2868 4955 3026 5025 χάριν
3057 4955 3150 5007 καὶ
3193 4956 3290 5025 τὴν
3335 4953 3613 5024 ὑμετέραν
3660 4969 3761 5004 πα-

2187 5045 2531 5115 ρακαλοῦμεν
2564 5045 3059 5116 μεγαλοπρέπειαν,
3098 5048 3220 5110 ταῖς
3249 5047 3357 5099 τῶν
3388 5044 3759 5116 κατηγορούν-

2185 5153 2292 5192 των
2330 5139 2478 5208 ἡμᾶς
2506 5138 2582 5208 μὴ
2629 5137 2917 5191 πιστεῦσαι
2969 5137 3364 5208 ψευδολογίαις.
3400 5137 3466 5191 Ei
3514 5137 3618 5207 μὲν
3658 5139 3762 5208 γάρ

2184 5229 2292 5282 τῶν
2333 5230 2543 5298 σιωπὴν
2590 5229 2989 5300 ἀσπαζομένων
3035 5230 3356 5300 ἐτύγχανον,
3391 5231 3523 5293 ίσως
3557 5231 3627 5284 ἂν
3653 5226 3762 5299 εἶχε

2186 5321 2367 5392 χώραν
2411 5323 2510 5393 τῆς
2558 5322 2864 5389 κενοδοξίας
2905 5326 2937 5392 ὴ
2993 5323 3215 5392 ὑποψία.
3262 5323 3478 5391 Ἐπειδὴ
3508 5323 3564 5375 δὲ
3600 5322 3762 5391 διηνε-

2187 5411 2297 5463 κῶς
2326 5409 2382 5460 ὲν
2412 5412 2531 5472 ταῖς
2581 5409 2930 5478 Ἐκκλησίαις
2983 5410 3364 5480 διαλεγόμεθα,
3431 5411 3637 5474 πολλὰς
3680 5408 3761 5462 διὰ

2185 5500 2282 5568 τὴν
2315 5499 2466 5553 θείαν
2500 5500 2659 5570 χάριν
2706 5500 2902 5571 ἔχομεν
2934 5502 3205 5573 μυριάδας
3235 5505 3303 5573 τῇ
3330 5502 3436 5556 τῶν
3477 5502 3760 5573 δογμάτων

2257 5681 2364 5748 (58)
2399 5681 2474 5735 ita
2506 5682 2670 5750 Neap.
2709 5682 2851 5736 Sirm
2911 5682 3109 5751 ῥᾴδιον.
