3924 6192
275 219 414 286 1285

1573 227 1929 288 EPISTOLA
1973 233 2095 292 XCI
2109 235 2154 293 Ι.

3371 255 3388 312 i
3401 256 3505 315 286

273 328 520 400 ὀρθότητι
549 329 948 400 μαρτυρούσας.
979 330 1101 394 Τοῖς
1131 330 1238 400 γὰρ
1273 331 1649 395 ἀποστολικοῖς
1681 333 1794 403 ὅροι

1929 339 2220 406 quamdam
2257 357 2320 396 ac
2351 358 2598 398 normam
2651 346 2838 402 verbis
2874 350 3082 406 nostris
3141 357 3500 427 applicantes.

271 425 364 478 καὶ
418 424 600 493 νόμοις
643 422 1063 496 ἀκολουθοῦμέν,
1115 426 1212 479 καὶ
1266 425 1366 496 τὴν
1414 425 1725 479 ἑκτεθεῖσαν
1771 427 1829 478 ἐν

265 517 468 588 Νικαία
499 516 679 568 πίστιν
715 515 820 569 ὑπὸ
847 515 954 569 τῶν
989 516 1159 584 ἁγίων
1196 518 1290 570 καὶ
1337 519 1624 588 μακαρίων
1659 517 1829 571 Πατέ-

268 624 396 677 ρων,
457 603 568 660 οἷόν
604 623 727 660 τινα
784 609 985 662 κανόνα
1038 609 1132 662 καὶ
1177 607 1429 678 γνώμονα
1482 612 1596 672 τοῖς
1651 609 1829 676 λόγοις

263 696 688 767 προσφέροντες,
715 697 814 769 τὴν
838 697 1185 752 διδασκαλίαν
1211 698 1524 769 εύθύνομεν.
1544 701 1605 752 Εἰ
1629 700 1684 752 δέ
1714 701 1826 771 (59)

260 802 344 849 τις
370 786 534 856 ἕτερά
556 804 677 841 τινα
719 788 872 859 παρά
900 789 1069 842 ταῦτα
1126 792 1339 861 φρονεῖν
1378 792 1522 861 ἡμᾶς
1557 791 1830 861 ἰσχυρίζε-

258 892 368 941 ται,
397 878 682 948 παρόντων
715 880 1110 950 κατηγορείτω,
1146 881 1221 951 μὴ
1273 881 1511 944 ἀπόντας
1564 899 1828 950 συκοφαν-

255 964 436 1019 τείτω.
471 967 691 1020 Δίκαιον
719 966 828 1038 γὰρ
860 967 1032 1036 λόγων
1067 968 1394 1040 μεταλαχεῖν
1435 969 1529 1022 καὶ
1561 969 1652 1023 τὸν
1699 970 1828 1038 φεύ-

254 1071 444 1121 γοντα.
470 1056 732 1126 καὶπρὸς
778 1058 877 1128 τὴν
923 1059 1294 1129 γεγενημένην
1353 1059 1687 1132 κατηγορίαν
1725 1060 1824 1128 τὴν

254 1145 547 1212 ἀπολογίαν
575 1147 926 1216 ποιήσασθαι,
966 1148 1058 1200 καὶ
1090 1149 1393 1219 τηνικαῦτα
1421 1150 1545 1214 τοὺς
1573 1149 1820 1214 δικάζον-

246 1253 351 1299 τας
408 1236 548 1291 κατὰ
600 1239 794 1306 νόμους
843 1238 943 1308 τὴν
985 1238 1166 1309 ψῆφον
1222 1240 1545 1309 ἐξενεγκεῖν.
1603 1241 1820 1294 Τούτων

251 1326 556 1379 ἀπολαῦσαι
585 1326 740 1395 κάγὼ
767 1327 853 1380 διὰ
887 1328 986 1398 τῆς
1025 1329 1295 1400 ὑμετέρας
1335 1329 1816 1402 μεγαλοπρεπείας

251 1417 571 1488 παρακαλῶ.
616 1420 677 1472 Εἰ
719 1418 762 1471 δ’
793 1421 1004 1490 ἐρήμην
1048 1420 1189 1484 τινὲς
1237 1421 1391 1490 ἡμῶν
1442 1420 1822 1490 καταψηερίσα-

246 1508 375 1562 σθαι
406 1509 703 1580 βούλονται,
735 1509 1027 1574 ἀσπαστῶς
1056 1512 1151 1564 καὶ
1195 1509 1292 1581 τὴν
1323 1511 1508 1564 ἄδικον
1550 1509 1821 1579 δεχόμεθα

243 1603 445 1674 ψῆφον.
494 1606 862 1677 Ἀναμένομεν
910 1606 1021 1677 γὰρ
1096 1606 1157 1659 τὸ
1211 1606 1306 1660 τοῦ
1385 1606 1662 1659 Δεσπότου
1718 1605 2021 1675 κριτήριον,
2095 1610 2220 1662 ἔνθα
2275 1613 2397 1667 εὖτε
2463 1621 2774 1692 μαρτύρων,
2825 1624 2945 1678 οὔτε

1934 428 2240 484 doctrinam
2275 431 2580 504 dirigimus.
2615 434 2770 503 Quod
2796 439 2842 493 si
2882 442 3171 510 quisquam
3207 446 3274 498 ab
3305 448 3391 504 his
3421 452 3506 508 iii—

1933 533 2090 573 versa
2113 535 2214 574 nos
2237 525 2443 578 sentire
2473 529 2774 595 contendit,
2810 543 3110 598 praesentes
3133 548 3374 601 accuset,
3400 557 3503 596 nec

1932 609 2187 665 absentes
2209 613 2593 671 calumnietur.
2619 619 2834 674 Justqu
2859 623 3002 676 enim
3027 635 3132 691 est,
3159 636 3217 681 ut
3240 628 3498 698 loquendi

1933 707 2118 767 partes
2141 699 2391 758 obtineat
2423 707 2587 760 etiam
2620 725 2766 776 reus,
2795 721 2958 781 atque
2991 715 3221 785 objectis
3275 735 3502 777 accusa-

1934 788 2177 846 tionibus
2212 796 2558 863 respondeat,
2591 808 2649 854 et
2684 800 2756 855 ita
2804 802 3024 858 demum
3059 809 3388 863 sententiam
3411 813 3502 882 ju-

1927 878 2079 933 dices
2099 896 2166 934 ex
2189 882 2399 952 legibus
2424 889 2806 954 pronuntient.
2844 892 2953 947 Has
2977 911 3078 966 ego
3103 907 3287 966 partes
3313 878 3499 969 quasso

1928 976 1987 1020 ut
2016 970 2150 1023 mihi
2185 988 2400 1043 quoque
2443 992 2540 1045 per
2593 980 2803 1051 1162
2854 986 3312 1055 magniﬁcentiam
3349 999 3497 1047 tuam

1924 1062 2187 1130 consequi
2238 1063 2419 1119 liceat.
2477 1066 2581 1123 Sed
2657 1071 2758 1124 etsi
2811 1090 2913 1129 nos
2974 1078 3231 1147 cuiquam
3287 1081 3495 1138 indicta

1923 1164 2084 1204 causa
2118 1152 2378 1211 damnare
2433 1159 2609 1213 visum
2679 1165 2772 1228 sit,
2815 1167 3044 1223 ferimus
3100 1172 3183 1224 vel
3238 1172 3494 1244 injustam

1917 1256 2073 1309 aequo
2095 1243 2278 1298 animo
2307 1250 2630 1305 sententiam
2660 1271 2672 1306 :
2702 1256 2830 1324 quia
2869 1259 3084 1314 Domini
3125 1263 3361 1318 tribunal
3397 1283 3492 1320 ex-

1920 1339 2251 1398 spectamus,
2293 1336 2383 1388 ubi
2423 1354 2523 1393 nec
2570 1344 2821 1408 testibus,
2879 1363 2979 1400 nec
3036 1350 3314 1408 advocatis
3351 1357 3493 1410 indi-

1917 1435 2126 1488 gemus,
2153 1439 2276 1477 cum
2303 1428 2476 1482 oculis
2513 1431 2651 1500 ejus,
2674 1442 2731 1486 ut
2757 1435 2833 1488 ait
2855 1441 3147 1506 Apostolus
3171 1444 3234 1508 ⁸⁷,
3267 1448 3408 1501 nuda
3435 1459 3490 1502 et

1920 1523 2109 1579 aperta
2141 1515 2250 1568 sint
2281 1520 2485 1573 omnia.

3006 1635 3322 1704 κατηγόρων
3377 1636 3490 1688 δεό-

245 1699 407 1769 μεθα.
443 1701 626 1754 Πάντα
679 1701 788 1771 γάρ
820 1702 1004 1771 γυμνὰ
1043 1701 1137 1755 καὶ
1176 1701 1648 1774 τετραχηλισμένα
1679 1699 1908 1754 ἐνώπιον
1932 1703 2092 1756 αὑτοῦ
2154 1708 2294 1761 κατὰ
2324 1711 2412 1764 τὸν
2441 1713 2584 1768 θεῖον
2629 1717 2971 1773 Ἀπόστολον.

603 1817 718 1885 ιιΑ’.
758 1849 828 1858 ——
851 1817 1148 1886 Εὐτρεχίῳ
1174 1817 1440 1887 ὑπάρχῳ.

311 1931 423 2001 Τὴν
472 1933 597 2004 περὶ
644 1933 792 2006 ἡμᾶς
845 1932 1083 1988 διάθεσιν
1126 1933 1226 2002 τῆς
1267 1933 1539 2005 ὑμετέρας
1581 1934 1812 2006 μεγαλο-

239 2025 508 2096 πρεπείας
570 2021 687 2080 οῖδα
722 2027 926 2095 σαφῶς,
957 2027 1050 2080 καὶ
1079 2025 1254 2093 λόγων
1287 2027 1347 2079 οὑ
1378 2027 1566 2098 δέομαι
1604 2027 1809 2098 ταύτην

243 2131 311 2184 με
342 2113 721 2168 διδασκόντων.
755 2115 1092 2186 Σαφέστερον
1122 2115 1232 2186 γὰρ
1278 2115 1518 2169 διδάσκει
1566 2116 1676 2168 τῶν
1723 2116 1810 2169 λό-

237 2223 349 2274 γων
380 2205 448 2260 τὰ
476 2205 793 2276 πράγματα.
827 2205 941 2274 Τῆς
991 2207 1046 2258 δὲ
1094 2205 1472 2275 γεγενημένης
1526 2208 1606 2270 είς
1653 2207 1804 2276 ἡμᾶς

234 2297 450 2360 ἀδικίας
504 2297 806 2366 ἐϐουλόμην
850 2297 950 2366 τὴν
1000 2296 1182 2349 αἰτίαν
1234 2297 1443 2366 μαθεῖν.
1478 2297 1806 2350 Καινότατον

233 2385 341 2456 γὰρ
392 2386 740 2456 ὑπομένομεν
773 2387 1024 2454 πρᾶγμα.
1060 2385 1202 2438 κατά
1234 2387 1446 2439 ταυτὸν
1479 2386 1682 2455 ἄγαμοι
1712 2388 1803 2439 καὶ

230 2475 448 2546 δίγαμοι
490 2474 906 2544 πολεμούμενοι.
939 2475 1003 2527 Et
1032 2475 1089 2528 δὲ
1125 2476 1174 2528 οί
1218 2475 1312 2528 νῦν
1357 2476 1455 2538 τὰς
1493 2476 1616 2529 καθ’
1643 2476 1802 2546 ήμῶν

232 2565 590 2634 συκοφαντίας
641 2566 945 2634 ὑφήναντες
1004 2565 1448 2636 παραχαράττειν
1509 2567 1656 2636 ἡμᾶς
1699 2566 1799 2636 τὴν

228 2655 588 2727 εὐαγγελικὴν
621 2655 966 2709 διδασκαλίαν
1015 2657 1198 2723 φασιν,
1236 2657 1288 2710 τί
1331 2657 1527 2726 δήποτε
1558 2657 1631 2728 μὴ
1658 2674 1799 2727 παρ-

2274 1826 2409 1882 XCl.
2437 1860 2506 1869 —
2539 1830 2824 1887 Eutreclu'o
2854 1836 3118 1904 praefecto.

1983 1936 2115 2002 Quae
2132 1941 2204 1994 sit
2222 1954 2348 2010 erga
2373 1957 2474 1996 nos
2496 1943 2918 2013 magnificentia:
2938 1956 3042 2002 tua:
3079 1949 3480 2020 benevolentia,

1912 2029 2044 2082 satis
2079 2043 2427 2098 perspectum
2462 2033 2653 2098 habeo,
2691 2051 2791 2091 nec
2817 2039 3000 2095 verbis
3045 2057 3182 2112 opus
3225 2055 3328 2109 est,
3361 2063 3482 2116 quae

1910 2118 2053 2174 hanc
2087 2121 2247 2175 nobis
2268 2122 2564 2178 declarent.
2608 2124 2823 2182 Clarius
2838 2131 3041 2200 quippe
3069 2135 3255 2190 verbis
3305 2140 3480 2193 omni-

1909 2210 2013 2266 bus
2043 2227 2132 2266 res
2157 2213 2377 2268 d'ocent.
2411 2216 2577 2270 Illatze
2612 2227 2793 2274 autem
2827 2223 2987 2277 nobis
3019 2223 3234 2295 injuria:
3256 2244 3475 2286 causam

1906 2302 2134 2356 avebam
2158 2319 2510 2374 cognoscere.
2542 2307 2675 2361 Rem
2712 2312 2859 2364 enim
2885 2314 3125 2382 patimur
3151 2318 3474 2384 inauditam,

1903 2393 1998 2461 qui
2025 2409 2135 2448 uno
2167 2403 2410 2464 tempore
2435 2398 2583 2453 velut
2627 2400 2839 2471 innupti
2867 2413 2920 2457 et
2945 2405 3143 2476 digami
3199 2426 3479 2482 oppugna-

1904 2498 2045 2536 mur.
2084 2484 2238 2550 Quod
2267 2487 2430 2557 siqui
2465 2505 2614 2544 nunc
2648 2501 2836 2546 contra
2879 2511 2980 2550 nos
3027 2499 3328 2555 calumnias
3364 2507 3472 2557 orsi

1900 2583 2048 2640 sunt,
2071 2578 2436 2647 evangelicam
2469 2581 2772 2637 doctrinam
2799 2585 3108 2643 adulterare
3135 2607 3233 2644 nos
3258 2593 3471 2659 dicunt,

1899 2678 1998 2717 cur
2032 2665 2248 2718 tandem
2287 2682 2397 2720 non
2436 2679 2733 2738 praesentes
2764 2684 3020 2743 arguunt,
3066 2677 3161 2731 sed
3215 2680 3472 2736 absentes

1897 2758 2194 2811 accusant?
2228 2759 2339 2814 lloc
2362 2761 2508 2815 enim
2549 2778 2740 2818 revera
2773 2765 3014 2834 ipsorum
3051 2771 3235 2837 potius
3284 2773 3476 2826 redar-

1897 2847 2016 2916 guit
2052 2849 2422 2904 mendacium.
2445 2852 2578 2906 Nam
2624 2870 2748 2908 cum
2781 2857 3090 2929 intelligant
3119 2862 3316 2917 multas
3367 2881 3469 2918 nos

225 2745 388 2810 όντας
435 2747 769 2817 ἐλέγχουσιν,
814 2746 929 2800 ἀλλ’
959 2747 1204 2800 ἀπόντων
1230 2747 1630 2819 κατηγοροῦσι;
1663 2747 1798 2800 Τοῦ-

228 2855 288 2892 το
321 2839 430 2910 γὰρ
464 2837 643 2890 αὐτῶν
684 2838 919 2899 μάλιστα
945 2837 1214 2908 διελέγχει
1250 2839 1311 2891 τὸ
1337 2837 1553 2908 ψεῦδος.
1580 2838 1796 2900 Είδότες

225 2928 335 3000 γάρ
362 2929 439 2992 ὡς
464 2930 664 2992 πολλὰς
697 2929 890 3000 ἕξομεν
929 2929 1216 2999 μυριάδας,
1259 2931 1373 2992 τοῖς
1413 2927 1794 3021 ἀποστολικοῖς

1899 2933 2097 2990 habere
2148 2937 2442 3008 myriades,
2499 2956 2621 3010 qua:
2692 2927 2991 3012 apostolica
3043 2963 3165 3002 esse
3213 2951 3467 3021 dogmata

225 3019 382 3090 ἡμῶν
404 3021 635 3090 δόγμασι
670 3020 1072 3093 μαρτυρούσας,
1097 3021 1310 3091 ἐρήμην
1345 3021 1666 3088 ἐποιήσαντο
1694 3019 1792 3091 τὴν

1899 3033 2079 3080 nostra
2112 3034 2402 3094 testentur,
2429 3031 2555 3087 ideo
2577 3034 2848 3089 actionem
2884 3037 3002 3092 sine
3029 3039 3343 3097 vadimonio
3378 3045 3465 3098 in-

222 3111 459 3181 γραφήν.
503 3109 661 3163 Ἀλλά
719 3111 826 3181 χρὴ
877 3112 1003 3175 τοὺς
1056 3111 1299 3180 ἐννόμως
1339 3110 1661 3222 δικάζοντάς
1712 3111 1790 3182 τῷ

1899 3113 2211 3169 stituerunt.
2238 3115 2345 3172 Sed
2371 3130 2588 3187 oportet
2625 3137 2812 3192 aequos
2833 3125 3050 3195 judices
3102 3144 3196 3182 reo
3235 3131 3464 3186 alteram

221 3199 679 3272 κατηγορουμένῳ
718 3201 952 3270 θατέραν
1001 3205 1122 3255 ταῖν
1176 3203 1368 3255 ἀκοαῖν
1403 3203 1668 3273 ἀκεραίαν
1695 3220 1794 3273 φυ-

1899 3218 2080 3257 aurem
2108 3220 2348 3260 servare.
2381 3207 2537 3274 Quod
2566 3212 2612 3264 si
2649 3213 3093 3272 adversariorum
3117 3223 3465 3280 sermonibus

219 3287 399 3353 λάξαι.
437 3291 502 3342 Ei
547 3290 602 3343 δὲ
661 3293 772 3354 τοῖς
814 3291 922 3345 τῶν
972 3291 1254 3345 ἀντιδίκων
1299 3291 1478 3360 λόγοις
1526 3291 1792 3364 ἑκατέραν

1899 3301 2178 3363 utramque
2216 3297 2480 3364 praebent,
2520 3308 2576 3354 et
2611 3319 2681 3356 ex
2735 3319 2926 3360 eorum
2955 3310 3190 3366 arbitrio
3236 3323 3461 3369 sentcn-

216 3381 604 3452 προσφέρουσι,
651 3383 744 3436 καὶ
785 3382 882 3452 τὴν
927 3382 1155 3445 ἐκείνοις
1195 3382 1454 3471 δοκοῦσαν
1497 3384 1788 3454 ἐκφέρουσι

1899 3384 2018 3438 tiam
2043 3396 2323 3454 promunt,
2353 3390 2748 3458 amplectcmur
2802 3394 3058 3466 injuriam
3092 3403 3244 3471 regni
3290 3407 3460 3459 caelo-

215 3469 418 3539 ψῆφον,
457 3469 753 3541 στέρξομεν
772 3470 870 3541 τὴν
905 3469 1138 3536 ἀδικίαν,
1167 3470 1242 3534 ὡς
1274 3470 1375 3541 τῆς
1411 3470 1519 3524 τῶν
1542 3472 1787 3544 οὐρανῶν

1899 3489 2008 3527 rum
2035 3475 2482 3542 conciliatricem,
2527 3479 2783 3534 etforum
2826 3483 2964 3538 illud
3021 3469 3456 3556 expectabimus,

215 3561 476 3631 πρόξενον
515 3563 825 3633 βασιλείαςο
859 3564 950 3616 καὶ
977 3565 1039 3617 τὸ
1069 3563 1286 3624 ἀκλινὲς
1331 3564 1506 3617 ἐκεῖνο
1531 3564 1788 3636 δικαστή-

1899 3566 1940 3617 in
1971 3581 2080 3634 quo
2120 3581 2230 3620 non
2261 3578 2554 3624 accusator
2613 3571 2852 3638 futurus,
2883 3591 2988 3630 nec
3013 3586 3297 3645 patronus,
3355 3598 3457 3638 nec

1885 3654 2060 3720 testis,
2085 3672 2190 3712 nec
2216 3658 2512 3714 discrimen
2562 3661 2910 3732 dignitatum,
2931 3668 3027 3722 sed
3052 3670 3322 3726 dictorum
3372 3675 3455 3729 fa-

1881 3754 2204 3818 ctorumque
2225 3750 2515 3819 judicium,
2542 3762 2600 3807 et
2625 3769 2864 3824 congrua
2899 3759 3109 3813 meritis
3141 3763 3451 3829 retributio,

1887 3851 1905 3884 ι
1944 3834 2148 3891 Omnes
2170 3838 2317 3892 enim
2349 3840 2635 3919 stabimus,
2668 3841 2864 3912 inquit,
2893 3849 3100 3919 1163
3131 3860 3257 3904 ante
3282 3853 3456 3908 tribu-

1877 3927 1967 3980 nal
1998 3926 2225 3995 Christi,
2246 3939 2308 3986 ut
2335 3915 2538 3988 referat
2570 3915 3217 4012 unusquisquepropria
3250 3960 3449 4016 corpo-

1875 4017 1953 4071 ris
1974 4026 2140 4086 prout
2163 4021 2350 4090 gessit,
2377 4022 2493 4078 sive
2521 4024 2742 4089 bonum,
2785 4027 2900 4083 sive
2935 4032 3140 4086 malum
3176 4033 3241 4088 ⁸⁸.
3280 4055 3300 4087 ι

217 3667 327 3721 ριον
359 3651 794 3724 προσμενοῦμεν,
826 3653 954 3706 ἔνθα
992 3652 1113 3706 οὔτε
1145 3657 1470 3726 κατήγορος,
1502 3653 1625 3708 οὔτε
1659 3671 1784 3707 συν-

211 3742 432 3812 ήγορος,
468 3740 590 3795 οὔτε
619 3743 848 3816 μάρτυς.
887 3743 1012 3797 οῦτε
1045 3743 1369 3814 ἀξιωμάτων
1386 3744 1639 3815 διαφορά,
1663 3744 1780 3798 ἀλλ’

209 3831 389 3903 ἔργων
419 3833 514 3886 καὶ
535 3833 710 3901 λόγων
740 3835 940 3903 κρίσις,
976 3836 1071 3888 καὶ
1090 3837 1123 3905 ἡ
1146 3836 1265 3888 κατ’
1293 3835 1450 3899 ἀξίαν
1480 3835 1774 3898 ἀντίδοσις.

215 3941 234 3972 ι
257 3923 463 3986 Πάντες
499 3924 626 3996 γὰρ,
661 3925 818 3994 φησὶ,
846 3925 1310 3996 παραστησόμεθα
1345 3925 1425 3996 τῷ
1449 3925 1653 3995 βήματι
1679 3927 1773 3980 τοῦ

209 4013 466 4084 Χριστοῦ,
496 4014 581 4068 ἵνα
627 4015 924 4086 κομίσηται
958 4016 1188 4080 ἕκαστος
1216 4018 1285 4071 τὰ
1321 4018 1428 4070 ῖδια
1455 4018 1546 4070 τοῦ
1583 4020 1769 4088 σώμα-

203 4121 294 4166 τος
320 4104 454 4176 πρὸς
477 4104 513 4160 ἃ
544 4106 796 4177 ἔπραξεν,
819 4108 929 4160 εῐτε
951 4107 1180 4176 ἀγαθὸν,
1211 4109 1321 4161 εἴτε
1347 4109 1536 4162 κακόν.
1569 4129 1587 4160 ι

538 4219 650 4285 ιιΒι.
681 4249 753 4259 -
791 4220 1104 4285 Ἀνατολίῳ
1133 4222 1437 4291 πατρικίφ.

269 4332 408 4394 Τοὺς
441 4335 538 4402 μὲν
566 4332 1018 4396 θεοσεόεστάτους
1054 4332 1387 4396 ἐπισκόπους
1417 4334 1499 4397 εἰς
1536 4335 1634 4406 τὴν
1673 4336 1768 4405 βα-

2244 4230 2401 4286 XCH.
2449 4261 2521 4272 —-—
2554 4233 2800 4290 Anatolio
2823 4240 3064 4307 patricio.

1940 4335 2173 4392 Profecti
2204 4339 2426 4408 quidem
2459 4354 2587 4398 sunt
2617 4344 2670 4398 in
2703 4347 2893 4402 urbem
2939 4351 3140 4420 regiam
3203 4359 3440 4412 sanctis-

200 4422 516 4477 σιλεύουσαν
557 4423 798 4477 ἀνελθεῖν
841 4422 1223 4493 παρεσκεύασε
1260 4424 1768 4491 πόλινόόσιώτατος

1904 4427 1995 4480 imi
2060 4429 2461 4502 archiepisc0pi
2529 4435 2722 4490 Domni
2799 4454 2965 4508 opera
3045 4443 3438 4514 religiosissimi

193 4516 623 4587 ἀρχιεπίσκοπος
648 4519 676 4569 ὁ
699 4515 890 4586 κύριος
918 4515 1141 4584 Δόμνος,
1170 4503 1312 4569 ὥστε
1343 4517 1440 4586 τὴν
1468 4518 1607 4571 κατά
1631 4521 1766 4573 πάν-

192 4625 300 4662 των
331 4609 486 4678 ὴμῶν
526 4608 898 4679 γεγενημένην
928 4607 1198 4676 διελέγξαι
1246 4609 1631 4676 συκοφαντίαν.
1657 4611 1767 4681 Τῆς

190 4699 248 4752 δέ
287 4699 557 4770 ὑμετέρας
616 4699 982 4769 μεγαλοφυῖας
1028 4697 1391 4768 διαφερόντως
1413 4699 1503 4750 ἐπὶ
1541 4699 1633 4751 τοῦ
1663 4718 1765 4752 πα-

192 4790 376 4860 ρόντος
404 4789 653 4859 δεόμεθα,
679 4789 863 4859 ἐπειδὴ
889 4788 995 4842 τῶν
1021 4789 1158 4842 ὅλων
1183 4791 1210 4841 ὁ
1235 4789 1440 4858 Κύριος
1460 4789 1554 4842 καὶ
1581 4791 1762 4845 πίστιν

192 4881 322 4948 ὑμῖν
352 4879 621 4950 εἱλικρινῆ
639 4878 860 4940 δέδωκε,
893 4881 986 4932 καὶ
1015 4877 1173 4949 ζῆλον
1223 4879 1362 4949 ὑπὲρ
1398 4879 1600 4950 ταύτης
1631 4879 1754 4951 θερ-

189 4965 309 5032 μὸν,
357 4968 449 5017 καὶ
486 4965 688 5036 φρένας
734 4968 942 5019 συνέσει
993 4967 1428 5037 κεκοσμημένας,
1481 4970 1574 5021 κα)⁸
1613 4970 1750 5040 πρὸς

183 5057 412 5120 τούτοις,
464 5057 694 5132 δύναμιν
741 5061 852 5120 τοῖς
902 5058 1124 5127 ἀγαθοῖς
1170 5058 1322 5128 ὑμῶν
1374 5059 1756 5130 ὑπουργοῦσαν

184 5146 562 5217 βουλεύμασιν.
609 5147 956 5218 Ἐπαμύνατε
993 5149 1279 5220 τοιγαροῦν
1313 5152 1425 5212 τοῖς
1459 5151 1754 5222 ἀδικουμέ⁴

180 5255 315 5302 νοις,
343 5240 437 5293 καὶ
465 5240 524 5291 τὸ
547 5239 740 5309 ψεῦδος
767 5241 1235 5309 καταγωνίσασθε,
1263 5243 1357 5296 καὶ
1387 5243 1486 5313 τῆς
1517 5244 1749 5297 ἀποστο-

178 5330 336 5402 λικῆς
404 5331 751 5394 διδασκαλίας
811 5331 1217 5403 πολεμουμένης
1287 5335 1744 5406 ὑπερμαχῆσατε.

241 5489 283 5520 ⁸⁷
308 5489 474 5545 Hebr.
500 5507 573 5556 iv,
620 5491 702 5546 13.
781 5491 826 5522 ⁸⁸
849 5491 892 5546 ll
913 5489 1037 5546 Cor.
1061 5505 1114 5564 γ,
1141 5488 1222 5542 l0.

1865 4518 2127 4588 episcopi,
2174 4530 2233 4574 ut
2263 4523 2587 4580 calumniam
2629 4527 2879 4584 refellant
2917 4551 3036 4602 qua:
3066 4537 3225 4592 nobis
3256 4541 3436 4594 omni-

1865 4609 1969 4663 bus
1993 4620 2075 4664 est
2110 4612 2361 4682 imposita
2394 4633 2407 4668 :
2443 4618 2538 4671 sed
2573 4627 2661 4673 tua
2702 4623 3047 4691 potissimum
3079 4629 3433 4698 magnificen-

1862 4699 1935 4752 tia
1962 4702 2119 4756 nobis
2167 4719 2304 4772 opus
2341 4714 2424 4760 est
2455 4707 2557 4763 hoc
2588 4719 2854 4781 tempore,
2911 4717 2999 4770 cui
3048 4719 3434 4778 universorum

1860 4792 2124 4849 Dominus
2157 4804 2210 4850 et
2246 4795 2406 4850 ﬁdem
2432 4799 2702 4856 sinceram
2738 4805 3019 4874 impertiit,
3050 4817 3104 4862 et
3136 4811 3429 4868 incensum

1858 4898 1956 4952 pro
1982 4899 2046 4938 ea
2087 4886 2286 4952 zelum,
2327 4899 2382 4944 et
2424 4899 2668 4946 ornatam
2701 4897 2990 4964 prudentia
3052 4911 3310 4970 mentem,
3364 4915 3423 4960 et

1857 4973 2017 5029 bonis
2065 4985 2329 5047 przeterea
2380 4982 2626 5037 consiliis
2676 4984 3144 5044 obsecundantem
3199 4992 3427 5048 faculta-

1857 5072 1982 5120 tem.
2019 5065 2372 5138 Opitulamini
2396 5087 2526 5141 ergo
2550 5073 2750 5144 injuste
2780 5078 2988 5134 vexatis
3008 5120 3022 5144 ,
3053 5089 3107 5135 et
3128 5080 3427 5139 falsitatem

1853 5155 2157 5228 profligate,
2191 5167 2245 5213 et
2274 5172 2639 5231 oppugnatam
2707 5166 3013 5224 doctrinam
3066 5173 3424 5240 apostolicam

1853 5246 2153 5303 defendite.
2203 5249 2396 5306 Aderit
2453 5254 2602 5307 enim
2635 5258 2823 5324 procul
2855 5259 3020 5315 dubio
3051 5262 3420 5319 Ecclesiarum

1851 5336 2115 5392 Dominus
2145 5347 2201 5391 et
2228 5339 2562 5408 gubernator
2588 5348 2804 5402 conatui
2845 5351 3258 5420 magniﬁcentia:
3287 5361 3425 5420 tum,

247 5598 356 5674 (59)
390 5607 510 5664 llaec
541 5619 664 5674 pars
693 5612 852 5674 epist.
885 5606 1071 5658 Latine
1101 5610 1185 5657 est
1227 5618 1304 5670 ap.
1347 5603 1543 5659 Baron.
1577 5614 1614 5659 t.
1647 5601 1734 5670 Ἣ,
1777 5621 1829 5676 p.
1868 5607 1950 5668 {6,
1982 5605 2043 5657 ad
2079 5622 2106 5657 a
2131 5608 2191 5659 (ἰ.
2230 5607 2344 5660 445.
