  <div class='ocr_page' id='page_1' title='image "/cluster/home/n/w/nwhite01/storage/ocr_20150623/83/hvd.32044073502072/649.png"; bbox 0 0 3924 6192; ppageno 0'>
   <div class='ocr_carea' id='block_1_1' title="bbox 537 259 3802 330">
    <p class='ocr_par' dir='ltr' id='par_1_1' title="bbox 537 259 3802 330">
     <span class='ocr_line' id='line_1_1' title="bbox 537 259 3802 330; baseline 0 -7"><span class='ocrx_word' id='word_1_1' title='bbox 537 263 674 330; x_wconf 76' lang='grc'><strong>1237</strong></span> <span class='ocrx_word' id='word_1_2' title='bbox 1559 260 2048 324; x_wconf 79' lang='lat' dir='ltr'><strong>THEODORETI</strong></span> <span class='ocrx_word' id='word_1_3' title='bbox 2077 259 2417 319; x_wconf 84' lang='lat' dir='ltr'><strong>EPISCOPI</strong></span> <span class='ocrx_word' id='word_1_4' title='bbox 2448 260 2813 319; x_wconf 76' lang='lat' dir='ltr'><strong>CYRENSIS</strong></span> <span class='ocrx_word' id='word_1_5' title='bbox 3664 259 3802 325; x_wconf 66' lang='lat'><strong>1383</strong></span> 
     </span>
    </p>
   </div>
   <div class='ocr_carea' id='block_1_2' title="bbox 534 372 2129 445">
    <p class='ocr_par' dir='ltr' id='par_1_2' title="bbox 534 372 2107 445">
     <span class='ocr_line' id='line_1_2' title="bbox 534 372 2107 445; baseline -0.003 -13"><span class='ocrx_word' id='word_1_6' title='bbox 534 376 858 445; x_wconf 64' lang='lat' dir='ltr'><strong>tristemque</strong></span> <span class='ocrx_word' id='word_1_7' title='bbox 893 372 1095 430; x_wconf 82' lang='lat' dir='ltr'><strong>nubem</strong></span> <span class='ocrx_word' id='word_1_8' title='bbox 1128 374 1432 429; x_wconf 71' lang='lat' dir='ltr'><strong>discutiens</strong></span> <span class='ocrx_word' id='word_1_9' title='bbox 1459 374 1729 444; x_wconf 83' lang='lat' dir='ltr'><strong>liquidam</strong></span> <span class='ocrx_word' id='word_1_10' title='bbox 1753 374 2107 430; x_wconf 75' lang='lat' dir='ltr'><strong>serenitatem</strong></span> 
     </span>
    </p>
   </div>
   <div class='ocr_carea' id='block_1_3' title="bbox 2237 372 3801 445">
    <p class='ocr_par' dir='ltr' id='par_1_3' title="bbox 2237 372 3801 445">
     <span class='ocr_line' id='line_1_3' title="bbox 2237 372 3801 445; baseline 0.001 -19"><span class='ocrx_word' id='word_1_11' title='bbox 2237 375 2540 445; x_wconf 74' lang='grc' dir='ltr'>ζυνεργήσει</span> <span class='ocrx_word' id='word_1_12' title='bbox 2594 374 2701 442; x_wconf 81' lang='grc' dir='ltr'><strong>γὰρ</strong></span> <span class='ocrx_word' id='word_1_13' title='bbox 2749 372 3018 444; x_wconf 88' lang='grc' dir='ltr'>δήπουθεν</span> <span class='ocrx_word' id='word_1_14' title='bbox 3068 374 3176 427; x_wconf 85' lang='grc' dir='ltr'><strong>τῶν</strong></span> <span class='ocrx_word' id='word_1_15' title='bbox 3218 372 3563 444; x_wconf 81' lang='grc' dir='ltr'>Ἐκκλησιῶν</span> <span class='ocrx_word' id='word_1_16' title='bbox 3622 375 3654 426; x_wconf 84' lang='grc' dir='ltr'>ὁ</span> <span class='ocrx_word' id='word_1_17' title='bbox 3709 380 3801 428; x_wconf 76' lang='grc' dir='ltr'><strong>Δε-</strong></span> 
     </span>
    </p>
   </div>
   <div class='ocr_carea' id='block_1_4' title="bbox 509 436 2129 537">
    <p class='ocr_par' dir='ltr' id='par_1_4' title="bbox 509 436 2107 537">
     <span class='ocr_line' id='line_1_4' title="bbox 509 436 2107 537; baseline -0.001 -15"><span class='ocrx_word' id='word_1_18' title='bbox 509 436 663 523; x_wconf 60' lang='grc' dir='ltr'><strong>ίηᾶοί</strong></span> <span class='ocrx_word' id='word_1_19' title='bbox 686 436 922 521; x_wconf 70' lang='lat' dir='ltr'><strong>alumnis</strong></span> <span class='ocrx_word' id='word_1_20' title='bbox 944 467 1361 537; x_wconf 83' lang='lat' dir='ltr'><strong>gratiﬁcabitur.</strong></span> <span class='ocrx_word' id='word_1_21' title='bbox 1386 436 1542 532; x_wconf 82' lang='lat' dir='ltr'><strong>Quod</strong></span> <span class='ocrx_word' id='word_1_22' title='bbox 1575 472 1621 521; x_wconf 85' lang='lat' dir='ltr'><strong>si</strong></span> <span class='ocrx_word' id='word_1_23' title='bbox 1646 466 1938 537; x_wconf 83' lang='lat' dir='ltr'><strong>procellam</strong></span> <span class='ocrx_word' id='word_1_24' title='bbox 1967 483 2107 536; x_wconf 72' lang='lat' dir='ltr'><strong>pra:-</strong></span> 
     </span>
    </p>
   </div>
   <div class='ocr_carea' id='block_1_5' title="bbox 2237 436 3803 537">
    <p class='ocr_par' dir='ltr' id='par_1_5' title="bbox 2237 436 3803 535">
     <span class='ocr_line' id='line_1_5' title="bbox 2237 436 3803 535; baseline 0.001 -20"><span class='ocrx_word' id='word_1_25' title='bbox 2237 436 2548 533; x_wconf 64' lang='grc' dir='ltr'>τπότηςκαὶ</span> <span class='ocrx_word' id='word_1_26' title='bbox 2580 436 2919 535; x_wconf 55' lang='grc' dir='ltr'>κυϐερνήτης</span> <span class='ocrx_word' id='word_1_27' title='bbox 2966 467 3034 534; x_wconf 82' lang='grc' dir='ltr'>τῇ</span> <span class='ocrx_word' id='word_1_28' title='bbox 3077 465 3179 534; x_wconf 81' lang='grc' dir='ltr'>τῆς</span> <span class='ocrx_word' id='word_1_29' title='bbox 3235 436 3508 534; x_wconf 77' lang='grc' dir='ltr'>ὑμετέρας</span> <span class='ocrx_word' id='word_1_30' title='bbox 3561 466 3803 533; x_wconf 79' lang='grc' dir='ltr'>μεγαλο-</span> 
     </span>
    </p>
   </div>
   <div class='ocr_carea' id='block_1_6' title="bbox 511 551 2129 630">
    <p class='ocr_par' dir='ltr' id='par_1_6' title="bbox 511 551 2107 630">
     <span class='ocr_line' id='line_1_6' title="bbox 511 551 2107 630; baseline -0.002 -18"><span class='ocrx_word' id='word_1_31' title='bbox 511 551 715 614; x_wconf 60' lang='grc' dir='ltr'>ίινειιοτθ</span> <span class='ocrx_word' id='word_1_32' title='bbox 749 559 1081 628; x_wconf 78' lang='lat' dir='ltr'><strong>permiserit,</strong></span> <span class='ocrx_word' id='word_1_33' title='bbox 1134 557 1455 630; x_wconf 79' lang='lat' dir='ltr'><strong>magnitudo</strong></span> <span class='ocrx_word' id='word_1_34' title='bbox 1510 558 1734 627; x_wconf 83' lang='lat' dir='ltr'><strong>quidem</strong></span> <span class='ocrx_word' id='word_1_35' title='bbox 1780 567 1871 611; x_wconf 86' lang='lat' dir='ltr'><strong>tua</strong></span> <span class='ocrx_word' id='word_1_36' title='bbox 1892 572 2107 610; x_wconf 89' lang='lat' dir='ltr'><strong>merce-</strong></span> 
     </span>
    </p>
   </div>
   <div class='ocr_carea' id='block_1_7' title="bbox 2237 551 3804 630">
    <p class='ocr_par' dir='ltr' id='par_1_7' title="bbox 2237 555 3804 629">
     <span class='ocr_line' id='line_1_7' title="bbox 2237 555 3804 629; baseline -0.002 -20"><span class='ocrx_word' id='word_1_37' title='bbox 2237 557 2486 629; x_wconf 85' lang='grc' dir='ltr'>τρεπείας</span> <span class='ocrx_word' id='word_1_38' title='bbox 2517 556 2746 628; x_wconf 82' lang='grc' dir='ltr'>σπουδῇ,</span> <span class='ocrx_word' id='word_1_39' title='bbox 2769 556 2865 609; x_wconf 74' lang='grc' dir='ltr'>καὶ</span> <span class='ocrx_word' id='word_1_40' title='bbox 2919 556 3162 609; x_wconf 79' lang='grc' dir='ltr'><strong>διαλύσει</strong></span> <span class='ocrx_word' id='word_1_41' title='bbox 3193 556 3253 609; x_wconf 84' lang='grc' dir='ltr'><strong>τὸ</strong></span> <span class='ocrx_word' id='word_1_42' title='bbox 3290 556 3450 624; x_wconf 76' lang='grc' dir='ltr'>νέφος</span> <span class='ocrx_word' id='word_1_43' title='bbox 3494 555 3564 608; x_wconf 80' lang='grc' dir='ltr'>τὸ</span> <span class='ocrx_word' id='word_1_44' title='bbox 3607 558 3804 624; x_wconf 52' lang='lat' dir='ltr'><strong>auc-.199.</strong></span> 
     </span>
    </p>
   </div>
   <div class='ocr_carea' id='block_1_8' title="bbox 533 645 2129 719">
    <p class='ocr_par' dir='ltr' id='par_1_8' title="bbox 533 648 2110 719">
     <span class='ocr_line' id='line_1_8' title="bbox 533 648 2110 719; baseline -0.001 -15"><span class='ocrx_word' id='word_1_45' title='bbox 533 650 659 705; x_wconf 91' lang='lat' dir='ltr'><strong>dem</strong></span> <span class='ocrx_word' id='word_1_46' title='bbox 678 650 945 718; x_wconf 81' lang='lat' dir='ltr'><strong>integram</strong></span> <span class='ocrx_word' id='word_1_47' title='bbox 968 648 1218 718; x_wconf 87' lang='lat' dir='ltr'><strong>recipiet,</strong></span> <span class='ocrx_word' id='word_1_48' title='bbox 1246 666 1347 704; x_wconf 90' lang='lat' dir='ltr'><strong>nos</strong></span> <span class='ocrx_word' id='word_1_49' title='bbox 1373 665 1507 704; x_wconf 78' lang='lat' dir='ltr'><strong>vero</strong></span> <span class='ocrx_word' id='word_1_50' title='bbox 1545 649 1858 719; x_wconf 82' lang='lat' dir='ltr'><strong>tempestati</strong></span> <span class='ocrx_word' id='word_1_51' title='bbox 1885 649 2110 717; x_wconf 87' lang='lat' dir='ltr'><strong>acquie-</strong></span> 
     </span>
    </p>
   </div>
   <div class='ocr_carea' id='block_1_9' title="bbox 2237 645 3805 719">
    <p class='ocr_par' dir='ltr' id='par_1_9' title="bbox 2237 645 3805 717">
     <span class='ocr_line' id='line_1_9' title="bbox 2237 645 3805 717; baseline 0.001 -19"><span class='ocrx_word' id='word_1_52' title='bbox 2237 646 2382 710; x_wconf 81' lang='grc' dir='ltr'>υπὸν,</span> <span class='ocrx_word' id='word_1_53' title='bbox 2412 646 2506 699; x_wconf 74' lang='grc' dir='ltr'><strong>καὶ</strong></span> <span class='ocrx_word' id='word_1_54' title='bbox 2528 646 2775 717; x_wconf 83' lang='grc' dir='ltr'>καθαρὰν</span> <span class='ocrx_word' id='word_1_55' title='bbox 2802 646 3023 717; x_wconf 80' lang='grc' dir='ltr'>αἰθρίαν</span> <span class='ocrx_word' id='word_1_56' title='bbox 3060 648 3333 716; x_wconf 78' lang='grc' dir='ltr'><strong>χαριεῖται</strong></span> <span class='ocrx_word' id='word_1_57' title='bbox 3362 649 3477 709; x_wconf 84' lang='grc' dir='ltr'>τοῖς</span> <span class='ocrx_word' id='word_1_58' title='bbox 3504 645 3805 716; x_wconf 71' lang='grc' dir='ltr'><strong>τροφίμοις</strong></span> 
     </span>
    </p>
   </div>
   <div class='ocr_carea' id='block_1_10' title="bbox 534 736 2129 809">
    <p class='ocr_par' dir='ltr' id='par_1_10' title="bbox 534 738 2105 809">
     <span class='ocr_line' id='line_1_10' title="bbox 534 738 2105 809; baseline -0.001 -17"><span class='ocrx_word' id='word_1_59' title='bbox 534 753 770 801; x_wconf 89' lang='lat' dir='ltr'><strong>scemus,</strong></span> <span class='ocrx_word' id='word_1_60' title='bbox 804 746 859 791; x_wconf 83' lang='lat' dir='ltr'><strong>et</strong></span> <span class='ocrx_word' id='word_1_61' title='bbox 889 751 1222 809; x_wconf 87' lang='lat' dir='ltr'><strong>quocunque</strong></span> <span class='ocrx_word' id='word_1_62' title='bbox 1248 753 1349 792; x_wconf 91' lang='lat' dir='ltr'><strong>nos</strong></span> <span class='ocrx_word' id='word_1_63' title='bbox 1377 738 1624 808; x_wconf 87' lang='lat' dir='ltr'><strong>ejecerit,</strong></span> <span class='ocrx_word' id='word_1_64' title='bbox 1654 754 1783 792; x_wconf 88' lang='lat' dir='ltr'><strong>cum</strong></span> <span class='ocrx_word' id='word_1_65' title='bbox 1814 738 2003 792; x_wconf 82' lang='lat' dir='ltr'><strong>laetitia</strong></span> <span class='ocrx_word' id='word_1_66' title='bbox 2026 738 2105 791; x_wconf 88' lang='lat' dir='ltr'><strong>vi-</strong></span> 
     </span>
    </p>
   </div>
   <div class='ocr_carea' id='block_1_11' title="bbox 2237 736 3804 809">
    <p class='ocr_par' dir='ltr' id='par_1_11' title="bbox 2237 736 3804 808">
     <span class='ocr_line' id='line_1_11' title="bbox 2237 736 3804 808; baseline 0.001 -20"><span class='ocrx_word' id='word_1_67' title='bbox 2237 736 2313 800; x_wconf 61' lang='grc' dir='ltr'><strong>πῆς</strong></span> <span class='ocrx_word' id='word_1_68' title='bbox 2341 737 2597 801; x_wconf 85' lang='grc' dir='ltr'>πίστεως.</span> <span class='ocrx_word' id='word_1_69' title='bbox 2638 736 2785 791; x_wconf 79' lang='grc' dir='ltr'>Είδὲ</span> <span class='ocrx_word' id='word_1_70' title='bbox 2846 738 2942 791; x_wconf 74' lang='grc' dir='ltr'><strong>καὶ</strong></span> <span class='ocrx_word' id='word_1_71' title='bbox 2994 739 3339 808; x_wconf 86' lang='grc' dir='ltr'>συγχωρήσοι</span> <span class='ocrx_word' id='word_1_72' title='bbox 3394 737 3491 790; x_wconf 75' lang='grc' dir='ltr'>τὸν</span> <span class='ocrx_word' id='word_1_73' title='bbox 3552 738 3804 806; x_wconf 71' lang='grc' dir='ltr'>χειμῶνα</span> 
     </span>
    </p>
   </div>
   <div class='ocr_carea' id='block_1_12' title="bbox 533 826 2129 898">
    <p class='ocr_par' dir='ltr' id='par_1_12' title="bbox 533 828 2108 898">
     <span class='ocr_line' id='line_1_12' title="bbox 533 828 2108 898; baseline 0 -15"><span class='ocrx_word' id='word_1_74' title='bbox 533 845 747 895; x_wconf 90' lang='lat' dir='ltr'><strong>vemus,</strong></span> <span class='ocrx_word' id='word_1_75' title='bbox 780 828 1023 882; x_wconf 88' lang='lat' dir='ltr'><strong>divinum</strong></span> <span class='ocrx_word' id='word_1_76' title='bbox 1061 828 1332 898; x_wconf 85' lang='lat' dir='ltr'><strong>judicium</strong></span> <span class='ocrx_word' id='word_1_77' title='bbox 1367 830 1767 898; x_wconf 76' lang='lat' dir='ltr'><strong>przestolantes.</strong></span> <span class='ocrx_word' id='word_1_78' title='bbox 1792 839 2108 898; x_wconf 87' lang='lat' dir='ltr'><strong>rcctamque</strong></span> 
     </span>
    </p>
   </div>
   <div class='ocr_carea' id='block_1_13' title="bbox 2237 826 3805 898">
    <p class='ocr_par' dir='ltr' id='par_1_13' title="bbox 2237 826 3805 898">
     <span class='ocr_line' id='line_1_13' title="bbox 2237 826 3805 898; baseline -0.003 -18"><span class='ocrx_word' id='word_1_79' title='bbox 2237 829 2457 898; x_wconf 74' lang='grc' dir='ltr'>νικῆσαι,</span> <span class='ocrx_word' id='word_1_80' title='bbox 2492 828 2554 881; x_wconf 82' lang='grc' dir='ltr'><strong>τὸ</strong></span> <span class='ocrx_word' id='word_1_81' title='bbox 2582 829 2681 898; x_wconf 83' lang='grc' dir='ltr'>μὲν</span> <span class='ocrx_word' id='word_1_82' title='bbox 2709 828 2976 898; x_wconf 83' lang='grc' dir='ltr'>ὑμέτερον</span> <span class='ocrx_word' id='word_1_83' title='bbox 3024 828 3253 898; x_wconf 84' lang='grc' dir='ltr'>μέγεθος</span> <span class='ocrx_word' id='word_1_84' title='bbox 3286 827 3495 881; x_wconf 85' lang='grc' dir='ltr'>τέλειον</span> <span class='ocrx_word' id='word_1_85' title='bbox 3520 826 3805 897; x_wconf 53' lang='grc' dir='ltr'>ἀπολήψε-</span> 
     </span>
    </p>
   </div>
   <div class='ocr_carea' id='block_1_14' title="bbox 535 918 2129 990">
    <p class='ocr_par' dir='ltr' id='par_1_14' title="bbox 535 920 1751 990">
     <span class='ocr_line' id='line_1_14' title="bbox 535 920 1751 990; baseline -0.002 -15"><span class='ocrx_word' id='word_1_86' title='bbox 535 921 682 975; x_wconf 81' lang='lat' dir='ltr'><strong>illam</strong></span> <span class='ocrx_word' id='word_1_87' title='bbox 701 921 969 989; x_wconf 89' lang='lat' dir='ltr'><strong>etjustam</strong></span> <span class='ocrx_word' id='word_1_88' title='bbox 999 920 1327 974; x_wconf 82' lang='lat' dir='ltr'><strong>sententiam</strong></span> <span class='ocrx_word' id='word_1_89' title='bbox 1350 929 1751 990; x_wconf 81' lang='lat' dir='ltr'><strong>exspectantes.</strong></span> 
     </span>
    </p>
   </div>
   <div class='ocr_carea' id='block_1_15' title="bbox 2237 918 3804 990">
    <p class='ocr_par' dir='ltr' id='par_1_15' title="bbox 2237 918 3804 989">
     <span class='ocr_line' id='line_1_15' title="bbox 2237 918 3804 989; baseline -0.002 -19"><span class='ocrx_word' id='word_1_90' title='bbox 2237 919 2423 972; x_wconf 74' lang='grc' dir='ltr'>ῖαιτδν</span> <span class='ocrx_word' id='word_1_91' title='bbox 2455 919 2667 989; x_wconf 79' lang='grc' dir='ltr'>μισθὸν,</span> <span class='ocrx_word' id='word_1_92' title='bbox 2722 922 2882 989; x_wconf 80' lang='grc' dir='ltr'>ἡμεῖς</span> <span class='ocrx_word' id='word_1_93' title='bbox 2917 920 2975 971; x_wconf 83' lang='grc' dir='ltr'>δὲ</span> <span class='ocrx_word' id='word_1_94' title='bbox 3031 918 3122 971; x_wconf 85' lang='grc' dir='ltr'><strong>τὸν</strong></span> <span class='ocrx_word' id='word_1_95' title='bbox 3168 918 3415 972; x_wconf 79' lang='grc' dir='ltr'><strong>κλύδωνα</strong></span> <span class='ocrx_word' id='word_1_96' title='bbox 3474 918 3804 988; x_wconf 77' lang='grc' dir='ltr'>στέρξομεν,</span> 
     </span>
    </p>
   </div>
   <div class='ocr_carea' id='block_1_16' title="bbox 534 1012 3805 1085">
    <p class='ocr_par' dir='ltr' id='par_1_16' title="bbox 534 1012 3805 1085">
     <span class='ocr_line' id='line_1_16' title="bbox 534 1012 3805 1085; baseline -0.002 -16"><span class='ocrx_word' id='word_1_97' title='bbox 534 1014 631 1069; x_wconf 72' lang='grc' dir='ltr'>καὶ</span> <span class='ocrx_word' id='word_1_98' title='bbox 656 1013 784 1068; x_wconf 75' lang='grc' dir='ltr'>ἔνθα</span> <span class='ocrx_word' id='word_1_99' title='bbox 815 1013 878 1066; x_wconf 81' lang='grc' dir='ltr'><strong>ἂν</strong></span> <span class='ocrx_word' id='word_1_100' title='bbox 919 1014 1065 1083; x_wconf 70' lang='grc' dir='ltr'>ἡμᾶς</span> <span class='ocrx_word' id='word_1_101' title='bbox 1106 1013 1304 1085; x_wconf 77' lang='grc' dir='ltr'>ἐξώσῃ,</span> <span class='ocrx_word' id='word_1_102' title='bbox 1342 1014 1481 1083; x_wconf 78' lang='grc' dir='ltr'>μετὰ</span> <span class='ocrx_word' id='word_1_103' title='bbox 1526 1013 1887 1083; x_wconf 77' lang='grc' dir='ltr'><strong>ψυχαγωγίας</strong></span> <span class='ocrx_word' id='word_1_104' title='bbox 1932 1012 2209 1082; x_wconf 76' lang='grc' dir='ltr'>διάξομεν,</span> <span class='ocrx_word' id='word_1_105' title='bbox 2241 1013 2303 1066; x_wconf 78' lang='grc' dir='ltr'>τὸ</span> <span class='ocrx_word' id='word_1_106' title='bbox 2370 1012 2512 1067; x_wconf 85' lang='grc' dir='ltr'>θεῖον</span> <span class='ocrx_word' id='word_1_107' title='bbox 2546 1014 2832 1085; x_wconf 78' lang='grc' dir='ltr'><strong>κριτήριον</strong></span> <span class='ocrx_word' id='word_1_108' title='bbox 2899 1014 3286 1084; x_wconf 80' lang='grc' dir='ltr'><strong>ἀναμένοντες,</strong></span> <span class='ocrx_word' id='word_1_109' title='bbox 3332 1012 3431 1066; x_wconf 72' lang='grc' dir='ltr'><strong>καὶ</strong></span> <span class='ocrx_word' id='word_1_110' title='bbox 3496 1012 3609 1084; x_wconf 75' lang='grc' dir='ltr'>τὴν</span> <span class='ocrx_word' id='word_1_111' title='bbox 3649 1012 3805 1082; x_wconf 55' lang='grc' dir='ltr'>ὀρθῇ</span> 
     </span>
    </p>
   </div>
   <div class='ocr_carea' id='block_1_17' title="bbox 534 1104 1794 1177">
    <p class='ocr_par' dir='ltr' id='par_1_17' title="bbox 534 1104 1794 1177">
     <span class='ocr_line' id='line_1_17' title="bbox 534 1104 1794 1177; baseline -0.001 -18"><span class='ocrx_word' id='word_1_112' title='bbox 534 1106 748 1175; x_wconf 77' lang='grc' dir='ltr'>ἐκείνην</span> <span class='ocrx_word' id='word_1_113' title='bbox 783 1105 877 1159; x_wconf 71' lang='grc' dir='ltr'><strong>καὶ</strong></span> <span class='ocrx_word' id='word_1_114' title='bbox 913 1104 1131 1158; x_wconf 82' lang='grc' dir='ltr'>δικαίαν</span> <span class='ocrx_word' id='word_1_115' title='bbox 1159 1106 1560 1177; x_wconf 73' lang='grc' dir='ltr'><strong>προσμένοντες</strong></span> <span class='ocrx_word' id='word_1_116' title='bbox 1591 1105 1794 1175; x_wconf 71' lang='grc' dir='ltr'>ψῆφον.</span> 
     </span>
    </p>
   </div>
   <div class='ocr_carea' id='block_1_18' title="bbox 908 1216 2129 1289">
    <p class='ocr_par' dir='ltr' id='par_1_18' title="bbox 908 1216 1743 1289">
     <span class='ocr_line' id='line_1_18' title="bbox 908 1216 1743 1289; baseline 0.002 -18"><span class='ocrx_word' id='word_1_117' title='bbox 908 1216 1091 1272; x_wconf 75' lang='lat' dir='ltr'><strong>XCIII.</strong></span> <span class='ocrx_word' id='word_1_118' title='bbox 1120 1248 1190 1257; x_wconf 89' lang='lat'><strong><em>—</em></strong></span> <span class='ocrx_word' id='word_1_119' title='bbox 1215 1216 1461 1273; x_wconf 80' lang='lat' dir='ltr'><strong>Senatori</strong></span> <span class='ocrx_word' id='word_1_120' title='bbox 1491 1219 1743 1289; x_wconf 83' lang='lat' dir='ltr'><strong>patricio.</strong></span> 
     </span>
    </p>
   </div>
   <div class='ocr_carea' id='block_1_19' title="bbox 2237 1216 3448 1289">
    <p class='ocr_par' dir='ltr' id='par_1_19' title="bbox 2541 1218 3448 1288">
     <span class='ocr_line' id='line_1_19' title="bbox 2541 1218 3448 1288; baseline -0.001 -14"><span class='ocrx_word' id='word_1_121' title='bbox 2541 1220 2654 1287; x_wconf 63' lang='lat' dir='ltr'><strong>LP.</strong></span> <span class='ocrx_word' id='word_1_122' title='bbox 2686 1250 2757 1261; x_wconf 86' lang='lat'><strong>—-</strong></span> <span class='ocrx_word' id='word_1_123' title='bbox 2779 1219 3117 1288; x_wconf 76' lang='grc' dir='ltr'>Σενατωρίῳ</span> <span class='ocrx_word' id='word_1_124' title='bbox 3146 1218 3448 1287; x_wconf 81' lang='grc' dir='ltr'>πατρικίῳ.</span> 
     </span>
    </p>
   </div>
   <div class='ocr_carea' id='block_1_20' title="bbox 605 1307 2129 1382">
    <p class='ocr_par' dir='ltr' id='par_1_20' title="bbox 605 1307 2116 1379">
     <span class='ocr_line' id='line_1_20' title="bbox 605 1307 2116 1379; baseline 0.001 -17"><span class='ocrx_word' id='word_1_125' title='bbox 605 1307 1058 1377; x_wconf 79' lang='lat' dir='ltr'><strong>Magnificentiam</strong></span> <span class='ocrx_word' id='word_1_126' title='bbox 1078 1318 1248 1369; x_wconf 86' lang='lat' dir='ltr'><strong>tuam,</strong></span> <span class='ocrx_word' id='word_1_127' title='bbox 1263 1310 1422 1379; x_wconf 88' lang='lat' dir='ltr'><strong>cujus</strong></span> <span class='ocrx_word' id='word_1_128' title='bbox 1446 1318 1767 1379; x_wconf 79' lang='lat' dir='ltr'><strong>perpetuam</strong></span> <span class='ocrx_word' id='word_1_129' title='bbox 1795 1309 2116 1364; x_wconf 82' lang='lat' dir='ltr'><strong>memoriam</strong></span> 
     </span>
    </p>
   </div>
   <div class='ocr_carea' id='block_1_21' title="bbox 2237 1307 3804 1382">
    <p class='ocr_par' dir='ltr' id='par_1_21' title="bbox 2281 1310 3804 1382">
     <span class='ocr_line' id='line_1_21' title="bbox 2281 1310 3804 1382; baseline -0.005 -14"><span class='ocrx_word' id='word_1_130' title='bbox 2281 1311 2392 1368; x_wconf 77' lang='lat' dir='ltr'><strong>Kal.</strong></span> <span class='ocrx_word' id='word_1_131' title='bbox 2429 1310 2517 1367; x_wconf 78' lang='grc' dir='ltr'>διὰ</span> <span class='ocrx_word' id='word_1_132' title='bbox 2545 1314 2653 1367; x_wconf 82' lang='grc' dir='ltr'><strong>τῶν</strong></span> <span class='ocrx_word' id='word_1_133' title='bbox 2693 1313 3122 1382; x_wconf 85' lang='grc' dir='ltr'>θεοφιλεστάτων</span> <span class='ocrx_word' id='word_1_134' title='bbox 3170 1312 3265 1366; x_wconf 74' lang='grc' dir='ltr'>καὶ</span> <span class='ocrx_word' id='word_1_135' title='bbox 3305 1310 3648 1365; x_wconf 80' lang='grc' dir='ltr'><strong>ὁσιωτάτων</strong></span> <span class='ocrx_word' id='word_1_136' title='bbox 3694 1316 3804 1367; x_wconf 66' lang='lat' dir='ltr'><strong>tm-</strong></span> 
     </span>
    </p>
   </div>
   <div class='ocr_carea' id='block_1_22' title="bbox 536 1398 2129 1476">
    <p class='ocr_par' dir='ltr' id='par_1_22' title="bbox 536 1398 2116 1472">
     <span class='ocr_line' id='line_1_22' title="bbox 536 1398 2116 1472; baseline -0.001 -16"><span class='ocrx_word' id='word_1_137' title='bbox 536 1398 887 1464; x_wconf 88' lang='lat' dir='ltr'><strong>circumfero,</strong></span> <span class='ocrx_word' id='word_1_138' title='bbox 915 1399 1078 1453; x_wconf 84' lang='lat' dir='ltr'><strong>etiam</strong></span> <span class='ocrx_word' id='word_1_139' title='bbox 1117 1415 1216 1469; x_wconf 90' lang='lat' dir='ltr'><strong>per</strong></span> <span class='ocrx_word' id='word_1_140' title='bbox 1244 1401 1355 1455; x_wconf 91' lang='lat' dir='ltr'><strong>Deo</strong></span> <span class='ocrx_word' id='word_1_141' title='bbox 1386 1401 1738 1455; x_wconf 86' lang='lat' dir='ltr'><strong>charissimos</strong></span> <span class='ocrx_word' id='word_1_142' title='bbox 1758 1409 1813 1455; x_wconf 86' lang='lat' dir='ltr'><strong>et</strong></span> <span class='ocrx_word' id='word_1_143' title='bbox 1835 1402 2116 1472; x_wconf 75' lang='lat' dir='ltr'><strong>sanctissi-</strong></span> 
     </span>
    </p>
   </div>
   <div class='ocr_carea' id='block_1_23' title="bbox 2237 1398 3810 1476">
    <p class='ocr_par' dir='ltr' id='par_1_23' title="bbox 2237 1402 3810 1476">
     <span class='ocr_line' id='line_1_23' title="bbox 2237 1402 3810 1476; baseline -0.002 -20"><span class='ocrx_word' id='word_1_144' title='bbox 2237 1406 2433 1459; x_wconf 73' lang='lat' dir='ltr'><strong>rx6mov</strong></span> <span class='ocrx_word' id='word_1_145' title='bbox 2478 1404 2933 1476; x_wconf 76' lang='grc' dir='ltr'>προσφθέγγομαι</span> <span class='ocrx_word' id='word_1_146' title='bbox 2970 1405 3072 1473; x_wconf 77' lang='grc' dir='ltr'><strong>τὴν</strong></span> <span class='ocrx_word' id='word_1_147' title='bbox 3128 1404 3402 1475; x_wconf 79' lang='grc' dir='ltr'>ὑμετέραν</span> <span class='ocrx_word' id='word_1_148' title='bbox 3462 1402 3810 1474; x_wconf 70' lang='grc' dir='ltr'>μεγαλοπρέο</span> 
     </span>
    </p>
   </div>
   <div class='ocr_carea' id='block_1_24' title="bbox 538 1486 2129 1569">
    <p class='ocr_par' dir='ltr' id='par_1_24' title="bbox 538 1488 2119 1560">
     <span class='ocr_line' id='line_1_24' title="bbox 538 1488 2119 1560; baseline 0.001 -18"><span class='ocrx_word' id='word_1_149' title='bbox 538 1504 658 1543; x_wconf 89' lang='lat' dir='ltr'><strong>mos</strong></span> <span class='ocrx_word' id='word_1_150' title='bbox 704 1489 995 1557; x_wconf 84' lang='lat' dir='ltr'><strong>episcopos</strong></span> <span class='ocrx_word' id='word_1_151' title='bbox 1032 1489 1234 1542; x_wconf 91' lang='lat' dir='ltr'><strong>saluto.</strong></span> <span class='ocrx_word' id='word_1_152' title='bbox 1281 1489 1396 1542; x_wconf 88' lang='lat' dir='ltr'><strong>Illis</strong></span> <span class='ocrx_word' id='word_1_153' title='bbox 1457 1488 1670 1560; x_wconf 61' lang='lat'><strong>1165</strong></span> <span class='ocrx_word' id='word_1_154' title='bbox 1715 1496 1898 1543; x_wconf 91' lang='lat' dir='ltr'><strong>autem</strong></span> <span class='ocrx_word' id='word_1_155' title='bbox 1968 1497 2028 1542; x_wconf 91' lang='lat' dir='ltr'><strong>ut</strong></span> <span class='ocrx_word' id='word_1_156' title='bbox 2062 1489 2119 1543; x_wconf 93' lang='lat' dir='ltr'><strong>in</strong></span> 
     </span>
    </p>
   </div>
   <div class='ocr_carea' id='block_1_25' title="bbox 2237 1486 3814 1569">
    <p class='ocr_par' dir='ltr' id='par_1_25' title="bbox 2237 1486 3814 1569">
     <span class='ocr_line' id='line_1_25' title="bbox 2237 1486 3814 1569; baseline -0.003 -19"><span class='ocrx_word' id='word_1_157' title='bbox 2237 1514 2394 1559; x_wconf 79' lang='grc' dir='ltr'>τειαν,</span> <span class='ocrx_word' id='word_1_158' title='bbox 2428 1490 2496 1569; x_wconf 85' lang='grc' dir='ltr'>ἦς</span> <span class='ocrx_word' id='word_1_159' title='bbox 2530 1498 2630 1568; x_wconf 79' lang='grc' dir='ltr'><strong>τὴν</strong></span> <span class='ocrx_word' id='word_1_160' title='bbox 2666 1486 2889 1568; x_wconf 79' lang='grc' dir='ltr'>μνήμην</span> <span class='ocrx_word' id='word_1_161' title='bbox 2912 1495 3025 1568; x_wconf 87' lang='grc'>(60)</span> <span class='ocrx_word' id='word_1_162' title='bbox 3046 1496 3309 1550; x_wconf 84' lang='grc' dir='ltr'>ἄσϐεστον</span> <span class='ocrx_word' id='word_1_163' title='bbox 3340 1493 3670 1567; x_wconf 74' lang='grc' dir='ltr'>περιφέρω.</span> <span class='ocrx_word' id='word_1_164' title='bbox 3710 1496 3814 1547; x_wconf 75' lang='grc' dir='ltr'><strong>Κα-</strong></span> 
     </span>
    </p>
   </div>
   <div class='ocr_carea' id='block_1_26' title="bbox 540 1579 2129 1660">
    <p class='ocr_par' dir='ltr' id='par_1_26' title="bbox 540 1579 2122 1649">
     <span class='ocr_line' id='line_1_26' title="bbox 540 1579 2122 1649; baseline 0 -15"><span class='ocrx_word' id='word_1_165' title='bbox 540 1580 735 1635; x_wconf 92' lang='lat' dir='ltr'><strong>urbem</strong></span> <span class='ocrx_word' id='word_1_166' title='bbox 762 1579 967 1649; x_wconf 79' lang='lat' dir='ltr'><strong>regiam</strong></span> <span class='ocrx_word' id='word_1_167' title='bbox 1011 1588 1307 1649; x_wconf 83' lang='lat' dir='ltr'><strong>pergerent</strong></span> <span class='ocrx_word' id='word_1_168' title='bbox 1350 1588 1544 1634; x_wconf 87' lang='lat' dir='ltr'><strong>auctor</strong></span> <span class='ocrx_word' id='word_1_169' title='bbox 1589 1579 1693 1635; x_wconf 87' lang='lat' dir='ltr'><strong>fuit</strong></span> <span class='ocrx_word' id='word_1_170' title='bbox 1743 1580 2122 1634; x_wconf 83' lang='lat' dir='ltr'><strong>sanctissimus</strong></span> 
     </span>
    </p>
   </div>
   <div class='ocr_carea' id='block_1_27' title="bbox 2237 1579 3813 1660">
    <p class='ocr_par' dir='ltr' id='par_1_27' title="bbox 2237 1585 3813 1660">
     <span class='ocr_line' id='line_1_27' title="bbox 2237 1585 3813 1660; baseline -0.003 -18"><span class='ocrx_word' id='word_1_171' title='bbox 2237 1588 2476 1643; x_wconf 71' lang='grc' dir='ltr'>εαλαϐεῖν</span> <span class='ocrx_word' id='word_1_172' title='bbox 2505 1590 2561 1642; x_wconf 82' lang='grc' dir='ltr'>δὲ</span> <span class='ocrx_word' id='word_1_173' title='bbox 2594 1589 2790 1652; x_wconf 75' lang='grc' dir='ltr'>αὐτοὺς</span> <span class='ocrx_word' id='word_1_174' title='bbox 2821 1587 2920 1659; x_wconf 79' lang='grc' dir='ltr'><strong>τὴν</strong></span> <span class='ocrx_word' id='word_1_175' title='bbox 2948 1587 3194 1660; x_wconf 81' lang='grc' dir='ltr'>βασιλίδα</span> <span class='ocrx_word' id='word_1_176' title='bbox 3225 1585 3634 1660; x_wconf 75' lang='grc' dir='ltr'>παρεσκεύασε</span> <span class='ocrx_word' id='word_1_177' title='bbox 3669 1586 3813 1639; x_wconf 68' lang='grc' dir='ltr'>πόλιν</span> 
     </span>
    </p>
   </div>
   <div class='ocr_carea' id='block_1_28' title="bbox 538 1670 2129 1753">
    <p class='ocr_par' dir='ltr' id='par_1_28' title="bbox 538 1670 2114 1740">
     <span class='ocr_line' id='line_1_28' title="bbox 538 1670 2114 1740; baseline -0.002 -16"><span class='ocrx_word' id='word_1_178' title='bbox 538 1671 834 1740; x_wconf 88' lang='lat' dir='ltr'><strong>episcopus</strong></span> <span class='ocrx_word' id='word_1_179' title='bbox 863 1670 1120 1724; x_wconf 89' lang='lat' dir='ltr'><strong>dominus</strong></span> <span class='ocrx_word' id='word_1_180' title='bbox 1152 1670 1418 1734; x_wconf 84' lang='lat' dir='ltr'><strong>Domnus,</strong></span> <span class='ocrx_word' id='word_1_181' title='bbox 1460 1677 1521 1724; x_wconf 91' lang='lat' dir='ltr'><strong>ut</strong></span> <span class='ocrx_word' id='word_1_182' title='bbox 1548 1678 1741 1724; x_wconf 83' lang='lat' dir='ltr'><strong>contra</strong></span> <span class='ocrx_word' id='word_1_183' title='bbox 1800 1683 1901 1724; x_wconf 83' lang='lat' dir='ltr'><strong>nos</strong></span> <span class='ocrx_word' id='word_1_184' title='bbox 1963 1684 2114 1723; x_wconf 88' lang='lat' dir='ltr'><strong>com-</strong></span> 
     </span>
    </p>
   </div>
   <div class='ocr_carea' id='block_1_29' title="bbox 2237 1670 3815 1753">
    <p class='ocr_par' dir='ltr' id='par_1_29' title="bbox 2237 1677 3815 1753">
     <span class='ocr_line' id='line_1_29' title="bbox 2237 1677 3815 1753; baseline -0.004 -17"><span class='ocrx_word' id='word_1_185' title='bbox 2237 1685 2250 1736; x_wconf 71' lang='lat' dir='ltr'><strong>l</strong></span> <span class='ocrx_word' id='word_1_186' title='bbox 2275 1682 2568 1746; x_wconf 84' lang='grc' dir='ltr'>ὁσιώτατος</span> <span class='ocrx_word' id='word_1_187' title='bbox 2596 1682 2892 1745; x_wconf 74' lang='grc' dir='ltr'>ἐπίσκοπος</span> <span class='ocrx_word' id='word_1_188' title='bbox 2929 1683 2958 1734; x_wconf 97' lang='lat'><strong>6</strong></span> <span class='ocrx_word' id='word_1_189' title='bbox 2996 1677 3186 1753; x_wconf 84' lang='grc' dir='ltr'>κύριος</span> <span class='ocrx_word' id='word_1_190' title='bbox 3216 1680 3444 1752; x_wconf 82' lang='grc' dir='ltr'>Δόμνος,</span> <span class='ocrx_word' id='word_1_191' title='bbox 3471 1680 3571 1733; x_wconf 83' lang='grc' dir='ltr'>ἵνα</span> <span class='ocrx_word' id='word_1_192' title='bbox 3602 1679 3673 1732; x_wconf 64' lang='grc' dir='ltr'>τὶ)</span> <span class='ocrx_word' id='word_1_193' title='bbox 3700 1681 3815 1732; x_wconf 56' lang='grc' dir='ltr'><strong><em>καῖ</em></strong></span> 
     </span>
    </p>
   </div>
   <div class='ocr_carea' id='block_1_30' title="bbox 542 1761 2115 1834">
    <p class='ocr_par' dir='ltr' id='par_1_30' title="bbox 542 1761 2115 1834">
     <span class='ocr_line' id='line_1_30' title="bbox 542 1761 2115 1834; baseline -0.002 -16"><span class='ocrx_word' id='word_1_194' title='bbox 542 1765 781 1834; x_wconf 91' lang='lat' dir='ltr'><strong>positum</strong></span> <span class='ocrx_word' id='word_1_195' title='bbox 804 1762 1399 1816; x_wconf 89' lang='lat' dir='ltr'><strong>diluantmendacium.</strong></span> <span class='ocrx_word' id='word_1_196' title='bbox 1426 1763 1686 1832; x_wconf 77' lang='lat' dir='ltr'><strong>Apertam</strong></span> <span class='ocrx_word' id='word_1_197' title='bbox 1716 1763 1861 1816; x_wconf 88' lang='lat' dir='ltr'><strong>enim</strong></span> <span class='ocrx_word' id='word_1_198' title='bbox 1892 1761 2115 1832; x_wconf 86' lang='lat' dir='ltr'><strong>quidam</strong></span> 
     </span>
    </p>
   </div>
   <div class='ocr_carea' id='block_1_31' title="bbox 540 1854 2120 1923">
    <p class='ocr_par' dir='ltr' id='par_1_31' title="bbox 540 1854 2120 1923">
     <span class='ocr_line' id='line_1_31' title="bbox 540 1854 2120 1923; baseline -0.001 -13"><span class='ocrx_word' id='word_1_199' title='bbox 540 1864 728 1910; x_wconf 82' lang='lat' dir='ltr'><strong>contra</strong></span> <span class='ocrx_word' id='word_1_200' title='bbox 746 1871 846 1909; x_wconf 91' lang='lat' dir='ltr'><strong>nos</strong></span> <span class='ocrx_word' id='word_1_201' title='bbox 867 1855 1195 1909; x_wconf 84' lang='lat' dir='ltr'><strong>calumniam</strong></span> <span class='ocrx_word' id='word_1_202' title='bbox 1218 1862 1532 1921; x_wconf 83' lang='lat' dir='ltr'><strong>texuerunt,</strong></span> <span class='ocrx_word' id='word_1_203' title='bbox 1555 1854 1905 1923; x_wconf 86' lang='lat' dir='ltr'><strong>tumultuque</strong></span> <span class='ocrx_word' id='word_1_204' title='bbox 1930 1855 2120 1908; x_wconf 86' lang='lat' dir='ltr'><strong>Eccle-</strong></span> 
     </span>
    </p>
   </div>
   <div class='ocr_carea' id='block_1_32' title="bbox 541 1946 2119 2017">
    <p class='ocr_par' dir='ltr' id='par_1_32' title="bbox 541 1946 2119 2017">
     <span class='ocr_line' id='line_1_32' title="bbox 541 1946 2119 2017; baseline -0.001 -16"><span class='ocrx_word' id='word_1_205' title='bbox 541 1948 651 2002; x_wconf 84' lang='lat' dir='ltr'><strong>sias</strong></span> <span class='ocrx_word' id='word_1_206' title='bbox 670 1948 1048 2017; x_wconf 89' lang='lat' dir='ltr'><strong>repleverunt,</strong></span> <span class='ocrx_word' id='word_1_207' title='bbox 1080 1962 1180 2016; x_wconf 92' lang='lat' dir='ltr'><strong>pro</strong></span> <span class='ocrx_word' id='word_1_208' title='bbox 1202 1947 1405 2017; x_wconf 89' lang='lat' dir='ltr'><strong>quibus</strong></span> <span class='ocrx_word' id='word_1_209' title='bbox 1424 1946 1677 2002; x_wconf 88' lang='lat' dir='ltr'><strong>Christus</strong></span> <span class='ocrx_word' id='word_1_210' title='bbox 1698 1947 1963 2000; x_wconf 90' lang='lat' dir='ltr'><strong>Dominus</strong></span> <span class='ocrx_word' id='word_1_211' title='bbox 1989 1962 2119 2000; x_wconf 82' lang='lat' dir='ltr'><strong>cru-</strong></span> 
     </span>
    </p>
   </div>
   <div class='ocr_carea' id='block_1_33' title="bbox 541 2037 2123 2109">
    <p class='ocr_par' dir='ltr' id='par_1_33' title="bbox 541 2037 2123 2109">
     <span class='ocr_line' id='line_1_33' title="bbox 541 2037 2123 2109; baseline -0.002 -15"><span class='ocrx_word' id='word_1_212' title='bbox 541 2054 663 2095; x_wconf 85' lang='lat' dir='ltr'><strong>cem</strong></span> <span class='ocrx_word' id='word_1_213' title='bbox 686 2039 858 2093; x_wconf 90' lang='lat' dir='ltr'><strong>subiit</strong></span> <span class='ocrx_word' id='word_1_214' title='bbox 880 2038 1180 2109; x_wconf 79' lang='lat' dir='ltr'><strong>ignominia</strong></span> <span class='ocrx_word' id='word_1_215' title='bbox 1212 2047 1566 2109; x_wconf 89' lang='lat' dir='ltr'><strong>contempta;</strong></span> <span class='ocrx_word' id='word_1_216' title='bbox 1615 2053 1716 2108; x_wconf 91' lang='lat' dir='ltr'><strong>pro</strong></span> <span class='ocrx_word' id='word_1_217' title='bbox 1744 2038 1947 2107; x_wconf 84' lang='lat' dir='ltr'><strong>quibus</strong></span> <span class='ocrx_word' id='word_1_218' title='bbox 1983 2037 2123 2091; x_wconf 81' lang='lat' dir='ltr'><strong>divi—</strong></span> 
     </span>
    </p>
   </div>
   <div class='ocr_carea' id='block_1_34' title="bbox 544 2129 2120 2199">
    <p class='ocr_par' dir='ltr' id='par_1_34' title="bbox 544 2129 2120 2199">
     <span class='ocr_line' id='line_1_34' title="bbox 544 2129 2120 2199; baseline -0.004 -13"><span class='ocrx_word' id='word_1_219' title='bbox 544 2146 650 2186; x_wconf 88' lang='lat' dir='ltr'><strong>nus</strong></span> <span class='ocrx_word' id='word_1_220' title='bbox 709 2131 1083 2199; x_wconf 87' lang='lat' dir='ltr'><strong>apostolorum</strong></span> <span class='ocrx_word' id='word_1_221' title='bbox 1138 2129 1363 2195; x_wconf 87' lang='lat' dir='ltr'><strong>chorus,</strong></span> <span class='ocrx_word' id='word_1_222' title='bbox 1419 2136 1475 2183; x_wconf 91' lang='lat' dir='ltr'><strong>et</strong></span> <span class='ocrx_word' id='word_1_223' title='bbox 1498 2129 1771 2183; x_wconf 88' lang='lat' dir='ltr'><strong>victorum</strong></span> <span class='ocrx_word' id='word_1_224' title='bbox 1816 2136 2120 2196; x_wconf 78' lang='lat' dir='ltr'><strong>martyrum</strong></span> 
     </span>
    </p>
   </div>
   <div class='ocr_carea' id='block_1_35' title="bbox 542 2219 2120 2293">
    <p class='ocr_par' dir='ltr' id='par_1_35' title="bbox 542 2219 2120 2293">
     <span class='ocr_line' id='line_1_35' title="bbox 542 2219 2120 2293; baseline -0.003 -18"><span class='ocrx_word' id='word_1_225' title='bbox 542 2236 734 2293; x_wconf 82' lang='lat' dir='ltr'><strong>greges</strong></span> <span class='ocrx_word' id='word_1_226' title='bbox 752 2222 936 2274; x_wconf 91' lang='lat' dir='ltr'><strong>omnia</strong></span> <span class='ocrx_word' id='word_1_227' title='bbox 963 2220 1161 2275; x_wconf 88' lang='lat' dir='ltr'><strong>mortis</strong></span> <span class='ocrx_word' id='word_1_228' title='bbox 1190 2235 1387 2290; x_wconf 87' lang='lat' dir='ltr'><strong>genera</strong></span> <span class='ocrx_word' id='word_1_229' title='bbox 1414 2219 1661 2289; x_wconf 88' lang='lat' dir='ltr'><strong>perpessi</strong></span> <span class='ocrx_word' id='word_1_230' title='bbox 1683 2226 1831 2272; x_wconf 89' lang='lat' dir='ltr'><strong>sunt.</strong></span> <span class='ocrx_word' id='word_1_231' title='bbox 1864 2219 1966 2272; x_wconf 87' lang='lat' dir='ltr'><strong>Pro</strong></span> <span class='ocrx_word' id='word_1_232' title='bbox 1987 2233 2120 2286; x_wconf 84' lang='lat' dir='ltr'><strong>pace</strong></span> 
     </span>
    </p>
   </div>
   <div class='ocr_carea' id='block_1_36' title="bbox 545 2309 2122 2380">
    <p class='ocr_par' dir='ltr' id='par_1_36' title="bbox 545 2309 2122 2380">
     <span class='ocr_line' id='line_1_36' title="bbox 545 2309 2122 2380; baseline -0.003 -14"><span class='ocrx_word' id='word_1_233' title='bbox 545 2320 608 2366; x_wconf 89' lang='lat' dir='ltr'><strong>ut</strong></span> <span class='ocrx_word' id='word_1_234' title='bbox 642 2312 910 2373; x_wconf 87' lang='lat' dir='ltr'><strong>decertes,</strong></span> <span class='ocrx_word' id='word_1_235' title='bbox 959 2327 1057 2366; x_wconf 92' lang='lat' dir='ltr'><strong>oro</strong></span> <span class='ocrx_word' id='word_1_236' title='bbox 1112 2310 1572 2380; x_wconf 81' lang='lat' dir='ltr'><strong>magnificentiam</strong></span> <span class='ocrx_word' id='word_1_237' title='bbox 1603 2319 1772 2366; x_wconf 88' lang='lat' dir='ltr'><strong>tuam.</strong></span> <span class='ocrx_word' id='word_1_238' title='bbox 1797 2310 1931 2363; x_wconf 82' lang='lat' dir='ltr'><strong>Nam</strong></span> <span class='ocrx_word' id='word_1_239' title='bbox 1964 2309 2122 2361; x_wconf 90' lang='lat' dir='ltr'><strong>facile</strong></span> 
     </span>
    </p>
   </div>
   <div class='ocr_carea' id='block_1_37' title="bbox 543 2400 2119 2467">
    <p class='ocr_par' dir='ltr' id='par_1_37' title="bbox 543 2400 2119 2467">
     <span class='ocr_line' id='line_1_37' title="bbox 543 2400 2119 2467; baseline -0.003 -10"><span class='ocrx_word' id='word_1_240' title='bbox 543 2404 721 2457; x_wconf 83' lang='lat' dir='ltr'><strong>fuerat</strong></span> <span class='ocrx_word' id='word_1_241' title='bbox 750 2405 1134 2458; x_wconf 90' lang='lat' dir='ltr'><strong>universorum</strong></span> <span class='ocrx_word' id='word_1_242' title='bbox 1172 2404 1303 2467; x_wconf 91' lang='lat' dir='ltr'><strong>Deo,</strong></span> <span class='ocrx_word' id='word_1_243' title='bbox 1343 2404 1519 2457; x_wconf 83' lang='lat' dir='ltr'><strong>tristia</strong></span> <span class='ocrx_word' id='word_1_244' title='bbox 1556 2404 1671 2457; x_wconf 72' lang='lat' dir='ltr'><strong>lucc</strong></span> <span class='ocrx_word' id='word_1_245' title='bbox 1698 2403 1814 2456; x_wconf 90' lang='lat' dir='ltr'><strong>solo</strong></span> <span class='ocrx_word' id='word_1_246' title='bbox 1848 2408 1984 2455; x_wconf 88' lang='lat' dir='ltr'><strong>nutu</strong></span> <span class='ocrx_word' id='word_1_247' title='bbox 2021 2400 2119 2454; x_wconf 82' lang='lat' dir='ltr'><strong>de-</strong></span> 
     </span>
    </p>
   </div>
   <div class='ocr_carea' id='block_1_38' title="bbox 545 2492 2122 2563">
    <p class='ocr_par' dir='ltr' id='par_1_38' title="bbox 545 2492 2122 2563">
     <span class='ocr_line' id='line_1_38' title="bbox 545 2492 2122 2563; baseline -0.003 -16"><span class='ocrx_word' id='word_1_248' title='bbox 545 2495 748 2563; x_wconf 85' lang='lat' dir='ltr'><strong>pellere</strong></span> <span class='ocrx_word' id='word_1_249' title='bbox 788 2495 1014 2548; x_wconf 85' lang='lat' dir='ltr'><strong>:differt</strong></span> <span class='ocrx_word' id='word_1_250' title='bbox 1066 2502 1268 2559; x_wconf 89' lang='lat' dir='ltr'><strong>tamen,</strong></span> <span class='ocrx_word' id='word_1_251' title='bbox 1322 2503 1439 2548; x_wconf 92' lang='lat' dir='ltr'><strong>tum</strong></span> <span class='ocrx_word' id='word_1_252' title='bbox 1470 2504 1530 2547; x_wconf 90' lang='lat' dir='ltr'><strong>ut</strong></span> <span class='ocrx_word' id='word_1_253' title='bbox 1563 2509 1755 2549; x_wconf 87' lang='lat' dir='ltr'><strong>eorum</strong></span> <span class='ocrx_word' id='word_1_254' title='bbox 1795 2493 1888 2562; x_wconf 86' lang='lat' dir='ltr'><strong>qui</strong></span> <span class='ocrx_word' id='word_1_255' title='bbox 1942 2492 2122 2560; x_wconf 91' lang='lat' dir='ltr'><strong>impu-</strong></span> 
     </span>
    </p>
   </div>
   <div class='ocr_carea' id='block_1_39' title="bbox 545 2583 2125 2654">
    <p class='ocr_par' dir='ltr' id='par_1_39' title="bbox 545 2583 2125 2654">
     <span class='ocr_line' id='line_1_39' title="bbox 545 2583 2125 2654; baseline -0.001 -17"><span class='ocrx_word' id='word_1_256' title='bbox 545 2594 785 2654; x_wconf 81' lang='lat' dir='ltr'><strong>gnantur</strong></span> <span class='ocrx_word' id='word_1_257' title='bbox 831 2584 1074 2639; x_wconf 88' lang='lat' dir='ltr'><strong>declaret</strong></span> <span class='ocrx_word' id='word_1_258' title='bbox 1126 2585 1533 2649; x_wconf 75' lang='lat' dir='ltr'><strong>fortitudinem,</strong></span> <span class='ocrx_word' id='word_1_259' title='bbox 1579 2593 1692 2639; x_wconf 90' lang='lat' dir='ltr'><strong>tum</strong></span> <span class='ocrx_word' id='word_1_260' title='bbox 1744 2592 1804 2638; x_wconf 90' lang='lat' dir='ltr'><strong>ut</strong></span> <span class='ocrx_word' id='word_1_261' title='bbox 1831 2583 1990 2636; x_wconf 88' lang='lat' dir='ltr'><strong>nobis</strong></span> <span class='ocrx_word' id='word_1_262' title='bbox 2035 2596 2125 2636; x_wconf 89' lang='lat' dir='ltr'><strong>ca-</strong></span> 
     </span>
    </p>
   </div>
   <div class='ocr_carea' id='block_1_40' title="bbox 546 2671 1672 2743">
    <p class='ocr_par' dir='ltr' id='par_1_40' title="bbox 546 2671 1672 2743">
     <span class='ocr_line' id='line_1_40' title="bbox 546 2671 1672 2743; baseline -0.002 -16"><span class='ocrx_word' id='word_1_263' title='bbox 546 2674 760 2743; x_wconf 71' lang='lat' dir='ltr'><strong>pienda:</strong></span> <span class='ocrx_word' id='word_1_264' title='bbox 790 2672 1044 2727; x_wconf 88' lang='lat' dir='ltr'><strong>utilitatis</strong></span> <span class='ocrx_word' id='word_1_265' title='bbox 1064 2671 1382 2728; x_wconf 89' lang='lat' dir='ltr'><strong>occasiones</strong></span> <span class='ocrx_word' id='word_1_266' title='bbox 1412 2673 1672 2742; x_wconf 63' lang='lat' dir='ltr'><strong>praebeat.</strong></span> 
     </span>
    </p>
   </div>
   <div class='ocr_carea' id='block_1_41' title="bbox 896 2880 1770 2951">
    <p class='ocr_par' dir='ltr' id='par_1_41' title="bbox 896 2880 1770 2951">
     <span class='ocr_line' id='line_1_41' title="bbox 896 2880 1770 2951; baseline 0 -16"><span class='ocrx_word' id='word_1_267' title='bbox 896 2880 1077 2936; x_wconf 81' lang='lat' dir='ltr'><strong>XCIV.</strong></span> <span class='ocrx_word' id='word_1_268' title='bbox 1100 2912 1169 2921; x_wconf 92' lang='lat'><strong><em>—</em></strong></span> <span class='ocrx_word' id='word_1_269' title='bbox 1200 2880 1483 2951; x_wconf 78' lang='lat' dir='ltr'><strong>Protogeni</strong></span> <span class='ocrx_word' id='word_1_270' title='bbox 1506 2880 1770 2951; x_wconf 67' lang='lat' dir='ltr'><strong>prafecto.</strong></span> 
     </span>
    </p>
   </div>
   <div class='ocr_carea' id='block_1_42' title="bbox 2224 1771 3815 1845">
    <p class='ocr_par' dir='ltr' id='par_1_42' title="bbox 2224 1771 3815 1845">
     <span class='ocr_line' id='line_1_42' title="bbox 2224 1771 3815 1845; baseline -0.003 -18"><span class='ocrx_word' id='word_1_271' title='bbox 2224 1772 2380 1845; x_wconf 77' lang='grc' dir='ltr'>ἡμῶν</span> <span class='ocrx_word' id='word_1_272' title='bbox 2421 1773 2673 1827; x_wconf 77' lang='grc' dir='ltr'>συντεθὲν</span> <span class='ocrx_word' id='word_1_273' title='bbox 2692 1772 2993 1827; x_wconf 82' lang='grc' dir='ltr'>διαλύσωσι</span> <span class='ocrx_word' id='word_1_274' title='bbox 3027 1771 3240 1841; x_wconf 74' lang='grc' dir='ltr'>ψεῦδος.</span> <span class='ocrx_word' id='word_1_275' title='bbox 3276 1771 3550 1843; x_wconf 74' lang='grc' dir='ltr'>Προφανῆ</span> <span class='ocrx_word' id='word_1_276' title='bbox 3589 1771 3714 1841; x_wconf 82' lang='grc' dir='ltr'><strong>γάρ</strong></span> <span class='ocrx_word' id='word_1_277' title='bbox 3744 1788 3815 1823; x_wconf 73' lang='grc' dir='ltr'><strong>τι·</strong></span> 
     </span>
    </p>
   </div>
   <div class='ocr_carea' id='block_1_43' title="bbox 2224 1866 3815 1939">
    <p class='ocr_par' dir='ltr' id='par_1_43' title="bbox 2224 1866 3815 1939">
     <span class='ocr_line' id='line_1_43' title="bbox 2224 1866 3815 1939; baseline -0.003 -17"><span class='ocrx_word' id='word_1_278' title='bbox 2224 1886 2313 1933; x_wconf 88' lang='grc' dir='ltr'><strong>νες</strong></span> <span class='ocrx_word' id='word_1_279' title='bbox 2344 1868 2467 1922; x_wconf 86' lang='grc' dir='ltr'>καθ’</span> <span class='ocrx_word' id='word_1_280' title='bbox 2504 1866 2663 1939; x_wconf 85' lang='grc' dir='ltr'>ἡμῶν</span> <span class='ocrx_word' id='word_1_281' title='bbox 2714 1866 3081 1936; x_wconf 80' lang='grc' dir='ltr'>συκοφαντίαν</span> <span class='ocrx_word' id='word_1_282' title='bbox 3141 1866 3435 1937; x_wconf 74' lang='grc' dir='ltr'>ἐξύφηναν,</span> <span class='ocrx_word' id='word_1_283' title='bbox 3491 1867 3603 1919; x_wconf 72' lang='grc' dir='ltr'><strong>καὶ</strong></span> <span class='ocrx_word' id='word_1_284' title='bbox 3658 1866 3815 1933; x_wconf 61' lang='grc' dir='ltr'>ζάλης</span> 
     </span>
    </p>
   </div>
   <div class='ocr_carea' id='block_1_44' title="bbox 2223 1950 3815 2031">
    <p class='ocr_par' dir='ltr' id='par_1_44' title="bbox 2223 1950 3815 2031">
     <span class='ocr_line' id='line_1_44' title="bbox 2223 1950 3815 2031; baseline -0.003 -17"><span class='ocrx_word' id='word_1_285' title='bbox 2223 1962 2325 2024; x_wconf 82' lang='grc' dir='ltr'><strong>τὰς</strong></span> <span class='ocrx_word' id='word_1_286' title='bbox 2380 1960 2707 2031; x_wconf 84' lang='grc' dir='ltr'>Ἐκκλησίας</span> <span class='ocrx_word' id='word_1_287' title='bbox 2769 1958 3094 2029; x_wconf 72' lang='grc' dir='ltr'>ἐνέπλησαν,</span> <span class='ocrx_word' id='word_1_288' title='bbox 3152 1958 3289 2028; x_wconf 80' lang='grc' dir='ltr'>ὑπὲρ</span> <span class='ocrx_word' id='word_1_289' title='bbox 3334 1950 3411 2011; x_wconf 82' lang='grc' dir='ltr'>ὧν</span> <span class='ocrx_word' id='word_1_290' title='bbox 3456 1958 3487 2010; x_wconf 86' lang='lat'><strong>6</strong></span> <span class='ocrx_word' id='word_1_291' title='bbox 3536 1958 3815 2021; x_wconf 68' lang='grc' dir='ltr'>Δεσπότης</span> 
     </span>
    </p>
   </div>
   <div class='ocr_carea' id='block_1_45' title="bbox 2226 2047 3815 2122">
    <p class='ocr_par' dir='ltr' id='par_1_45' title="bbox 2226 2047 3815 2122">
     <span class='ocr_line' id='line_1_45' title="bbox 2226 2047 3815 2122; baseline -0.006 -17"><span class='ocrx_word' id='word_1_292' title='bbox 2226 2050 2461 2122; x_wconf 83' lang='grc' dir='ltr'>Χριστὸς</span> <span class='ocrx_word' id='word_1_293' title='bbox 2521 2048 2751 2120; x_wconf 84' lang='grc' dir='ltr'>σταυρὸν</span> <span class='ocrx_word' id='word_1_294' title='bbox 2810 2048 3102 2117; x_wconf 81' lang='grc' dir='ltr'>ὑπέμεινεν</span> <span class='ocrx_word' id='word_1_295' title='bbox 3149 2047 3412 2117; x_wconf 74' lang='grc' dir='ltr'>αἰσχύνης</span> <span class='ocrx_word' id='word_1_296' title='bbox 3461 2054 3815 2117; x_wconf 66' lang='grc' dir='ltr'>καταφραέῇ-</span> 
     </span>
    </p>
   </div>
   <div class='ocr_carea' id='block_1_46' title="bbox 2228 2133 3813 2212">
    <p class='ocr_par' dir='ltr' id='par_1_46' title="bbox 2228 2133 3813 2212">
     <span class='ocr_line' id='line_1_46' title="bbox 2228 2133 3813 2212; baseline -0.004 -17"><span class='ocrx_word' id='word_1_297' title='bbox 2228 2159 2348 2206; x_wconf 89' lang='grc' dir='ltr'>σας,</span> <span class='ocrx_word' id='word_1_298' title='bbox 2382 2141 2521 2212; x_wconf 75' lang='grc' dir='ltr'>ὑπὲρ</span> <span class='ocrx_word' id='word_1_299' title='bbox 2552 2133 2625 2195; x_wconf 84' lang='grc' dir='ltr'>ὧν</span> <span class='ocrx_word' id='word_1_300' title='bbox 2657 2142 2685 2193; x_wconf 90' lang='lat'><strong>6</strong></span> <span class='ocrx_word' id='word_1_301' title='bbox 2716 2139 2825 2192; x_wconf 82' lang='grc' dir='ltr'><strong>τῶν</strong></span> <span class='ocrx_word' id='word_1_302' title='bbox 2855 2139 3016 2193; x_wconf 90' lang='grc' dir='ltr'>θείων</span> <span class='ocrx_word' id='word_1_303' title='bbox 3034 2139 3347 2193; x_wconf 83' lang='grc' dir='ltr'>ἀποστόλων</span> <span class='ocrx_word' id='word_1_304' title='bbox 3375 2138 3575 2208; x_wconf 78' lang='grc' dir='ltr'>χορὸς,</span> <span class='ocrx_word' id='word_1_305' title='bbox 3596 2139 3700 2191; x_wconf 76' lang='grc' dir='ltr'>καὶ</span> <span class='ocrx_word' id='word_1_306' title='bbox 3724 2139 3813 2189; x_wconf 64' lang='grc' dir='ltr'><strong>τῷη</strong></span> 
     </span>
    </p>
   </div>
   <div class='ocr_carea' id='block_1_47' title="bbox 2227 2230 3814 2301">
    <p class='ocr_par' dir='ltr' id='par_1_47' title="bbox 2227 2230 3814 2301">
     <span class='ocr_line' id='line_1_47' title="bbox 2227 2230 3814 2301; baseline -0.001 -18"><span class='ocrx_word' id='word_1_307' title='bbox 2227 2232 2538 2300; x_wconf 66' lang='grc' dir='ltr'>νικηφόρων</span> <span class='ocrx_word' id='word_1_308' title='bbox 2576 2231 2866 2301; x_wconf 85' lang='grc' dir='ltr'>μαρτύρων</span> <span class='ocrx_word' id='word_1_309' title='bbox 2921 2230 2970 2281; x_wconf 79' lang='grc' dir='ltr'>οἱ</span> <span class='ocrx_word' id='word_1_310' title='bbox 3023 2230 3206 2299; x_wconf 83' lang='grc' dir='ltr'>δῆμοι,</span> <span class='ocrx_word' id='word_1_311' title='bbox 3256 2232 3377 2291; x_wconf 86' lang='grc' dir='ltr'>ταῖς</span> <span class='ocrx_word' id='word_1_312' title='bbox 3433 2230 3814 2289; x_wconf 49' lang='grc' dir='ltr'>παντοδαως</span> 
     </span>
    </p>
   </div>
   <div class='ocr_carea' id='block_1_48' title="bbox 2227 2320 3813 2392">
    <p class='ocr_par' dir='ltr' id='par_1_48' title="bbox 2227 2320 3813 2392">
     <span class='ocr_line' id='line_1_48' title="bbox 2227 2320 3813 2392; baseline -0.005 -15"><span class='ocrx_word' id='word_1_313' title='bbox 2227 2322 2322 2377; x_wconf 76' lang='grc' dir='ltr'>τοῦ</span> <span class='ocrx_word' id='word_1_314' title='bbox 2353 2323 2587 2375; x_wconf 78' lang='grc' dir='ltr'>θανάτου</span> <span class='ocrx_word' id='word_1_315' title='bbox 2631 2322 3008 2392; x_wconf 77' lang='grc' dir='ltr'>παρεδόθησαν</span> <span class='ocrx_word' id='word_1_316' title='bbox 3044 2321 3229 2383; x_wconf 82' lang='grc' dir='ltr'><strong>ἰδέαις.</strong></span> <span class='ocrx_word' id='word_1_317' title='bbox 3268 2320 3445 2390; x_wconf 83' lang='grc' dir='ltr'>’Υπὲρ</span> <span class='ocrx_word' id='word_1_318' title='bbox 3474 2321 3585 2389; x_wconf 79' lang='grc' dir='ltr'>τῆς</span> <span class='ocrx_word' id='word_1_319' title='bbox 3620 2321 3813 2372; x_wconf 62' lang='grc' dir='ltr'>τούτων</span> 
     </span>
    </p>
   </div>
   <div class='ocr_carea' id='block_1_49' title="bbox 2230 2410 3813 2485">
    <p class='ocr_par' dir='ltr' id='par_1_49' title="bbox 2230 2410 3813 2485">
     <span class='ocr_line' id='line_1_49' title="bbox 2230 2410 3813 2485; baseline -0.004 -17"><span class='ocrx_word' id='word_1_320' title='bbox 2230 2416 2452 2485; x_wconf 82' lang='grc' dir='ltr'>εἰρήνης</span> <span class='ocrx_word' id='word_1_321' title='bbox 2507 2414 2606 2484; x_wconf 79' lang='grc' dir='ltr'>τὴν</span> <span class='ocrx_word' id='word_1_322' title='bbox 2668 2414 2940 2483; x_wconf 77' lang='grc' dir='ltr'>ὑμετέραν</span> <span class='ocrx_word' id='word_1_323' title='bbox 2998 2410 3366 2479; x_wconf 86' lang='grc' dir='ltr'>ἀγωνίσασθαι</span> <span class='ocrx_word' id='word_1_324' title='bbox 3436 2412 3813 2483; x_wconf 58' lang='grc' dir='ltr'>μεγαλοφυὶαδ</span> 
     </span>
    </p>
   </div>
   <div class='ocr_carea' id='block_1_50' title="bbox 2230 2498 3812 2578">
    <p class='ocr_par' dir='ltr' id='par_1_50' title="bbox 2230 2498 3812 2578">
     <span class='ocr_line' id='line_1_50' title="bbox 2230 2498 3812 2578; baseline -0.004 -18"><span class='ocrx_word' id='word_1_325' title='bbox 2230 2506 2557 2578; x_wconf 84' lang='grc' dir='ltr'>παρακαλῶ.</span> <span class='ocrx_word' id='word_1_326' title='bbox 2606 2504 2817 2574; x_wconf 74' lang='grc' dir='ltr'>Ῥᾴδιον</span> <span class='ocrx_word' id='word_1_327' title='bbox 2852 2503 2952 2574; x_wconf 86' lang='grc' dir='ltr'><strong>μὲν</strong></span> <span class='ocrx_word' id='word_1_328' title='bbox 2985 2503 3093 2573; x_wconf 87' lang='grc' dir='ltr'><strong>γὰρ</strong></span> <span class='ocrx_word' id='word_1_329' title='bbox 3142 2498 3209 2573; x_wconf 82' lang='grc' dir='ltr'>ἦν</span> <span class='ocrx_word' id='word_1_330' title='bbox 3247 2501 3325 2573; x_wconf 78' lang='grc' dir='ltr'>τῷ</span> <span class='ocrx_word' id='word_1_331' title='bbox 3358 2502 3472 2555; x_wconf 82' lang='grc' dir='ltr'>τῶν</span> <span class='ocrx_word' id='word_1_332' title='bbox 3501 2504 3658 2555; x_wconf 75' lang='grc' dir='ltr'>ὅλων</span> <span class='ocrx_word' id='word_1_333' title='bbox 3710 2503 3812 2571; x_wconf 64' lang='grc' dir='ltr'><strong>Θεᾷ</strong></span> 
     </span>
    </p>
   </div>
   <div class='ocr_carea' id='block_1_51' title="bbox 2229 2592 3810 2663">
    <p class='ocr_par' dir='ltr' id='par_1_51' title="bbox 2229 2592 3810 2663">
     <span class='ocr_line' id='line_1_51' title="bbox 2229 2592 3810 2663; baseline -0.004 -12"><span class='ocrx_word' id='word_1_334' title='bbox 2229 2598 2438 2659; x_wconf 75' lang='grc' dir='ltr'>νεῦσαι,</span> <span class='ocrx_word' id='word_1_335' title='bbox 2471 2597 2565 2649; x_wconf 66' lang='grc' dir='ltr'><strong>καὶ</strong></span> <span class='ocrx_word' id='word_1_336' title='bbox 2593 2594 2753 2648; x_wconf 79' lang='grc' dir='ltr'>λῦσαι</span> <span class='ocrx_word' id='word_1_337' title='bbox 2785 2596 2854 2647; x_wconf 84' lang='grc' dir='ltr'>τὰ</span> <span class='ocrx_word' id='word_1_338' title='bbox 2892 2593 3193 2663; x_wconf 73' lang='grc' dir='ltr'>σκυθρωπά</span> <span class='ocrx_word' id='word_1_339' title='bbox 3213 2609 3227 2622; x_wconf 89' lang='grc'><strong>·</strong></span> <span class='ocrx_word' id='word_1_340' title='bbox 3263 2592 3379 2646; x_wconf 86' lang='grc' dir='ltr'>ἀλλ’</span> <span class='ocrx_word' id='word_1_341' title='bbox 3417 2593 3810 2653; x_wconf 74' lang='grc' dir='ltr'>ἀναϐάλλεται,</span> 
     </span>
    </p>
   </div>
   <div class='ocr_carea' id='block_1_52' title="bbox 2231 2684 3813 2755">
    <p class='ocr_par' dir='ltr' id='par_1_52' title="bbox 2231 2684 3813 2755">
     <span class='ocr_line' id='line_1_52' title="bbox 2231 2684 3813 2755; baseline -0.004 -11"><span class='ocrx_word' id='word_1_342' title='bbox 2231 2689 2326 2744; x_wconf 78' lang='grc' dir='ltr'>καὶ</span> <span class='ocrx_word' id='word_1_343' title='bbox 2354 2690 2461 2740; x_wconf 80' lang='grc' dir='ltr'><strong>τῶν</strong></span> <span class='ocrx_word' id='word_1_344' title='bbox 2503 2685 2929 2755; x_wconf 83' lang='grc' dir='ltr'>πολεμουμένων</span> <span class='ocrx_word' id='word_1_345' title='bbox 2952 2686 3048 2755; x_wconf 80' lang='grc' dir='ltr'><strong>τὴν</strong></span> <span class='ocrx_word' id='word_1_346' title='bbox 3079 2686 3301 2755; x_wconf 79' lang='grc' dir='ltr'>ἀνδρίαν</span> <span class='ocrx_word' id='word_1_347' title='bbox 3335 2684 3695 2749; x_wconf 71' lang='grc' dir='ltr'>ὲπιδεικνὺς,</span> <span class='ocrx_word' id='word_1_348' title='bbox 3734 2688 3813 2739; x_wconf 72' lang='grc' dir='ltr'><strong>καὶ</strong></span> 
     </span>
    </p>
   </div>
   <div class='ocr_carea' id='block_1_53' title="bbox 2231 2775 3357 2852">
    <p class='ocr_par' dir='ltr' id='par_1_53' title="bbox 2231 2775 3357 2852">
     <span class='ocr_line' id='line_1_53' title="bbox 2231 2775 3357 2852; baseline -0.007 -15"><span class='ocrx_word' id='word_1_349' title='bbox 2231 2782 2362 2852; x_wconf 83' lang='grc' dir='ltr'>ἡμῖν</span> <span class='ocrx_word' id='word_1_350' title='bbox 2402 2778 2655 2849; x_wconf 68' lang='grc' dir='ltr'>ἀφορμὰς</span> <span class='ocrx_word' id='word_1_351' title='bbox 2680 2779 2758 2839; x_wconf 89' lang='grc' dir='ltr'><strong>είς</strong></span> <span class='ocrx_word' id='word_1_352' title='bbox 2790 2775 3056 2845; x_wconf 77' lang='grc' dir='ltr'>ὠφέλειαν</span> <span class='ocrx_word' id='word_1_353' title='bbox 3087 2778 3357 2847; x_wconf 82' lang='grc' dir='ltr'>παρέχων.</span> 
     </span>
    </p>
   </div>
   <div class='ocr_carea' id='block_1_54' title="bbox 2500 2885 3569 2960">
    <p class='ocr_par' dir='ltr' id='par_1_54' title="bbox 2500 2885 3569 2960">
     <span class='ocr_line' id='line_1_54' title="bbox 2500 2885 3569 2960; baseline 0.005 -22"><span class='ocrx_word' id='word_1_354' title='bbox 2500 2889 2609 2953; x_wconf 51' lang='grc' dir='ltr'>ιμ’.</span> <span class='ocrx_word' id='word_1_355' title='bbox 2647 2915 2717 2923; x_wconf 84' lang='grc'><strong><em>-</em></strong></span> <span class='ocrx_word' id='word_1_356' title='bbox 2746 2885 3109 2953; x_wconf 80' lang='grc' dir='ltr'>Πρωτογενεῖ</span> <span class='ocrx_word' id='word_1_357' title='bbox 3132 2885 3377 2954; x_wconf 81' lang='grc' dir='ltr'><strong>ὑπάρχῳ</strong></span> <span class='ocrx_word' id='word_1_358' title='bbox 3421 2887 3569 2960; x_wconf 78' lang='grc'><strong>(61).</strong></span> 
     </span>
    </p>
   </div>
   <div class='ocr_carea' id='block_1_55' title="bbox 613 2947 2129 3047">
    <p class='ocr_par' dir='ltr' id='par_1_55' title="bbox 613 2947 2119 3044">
     <span class='ocr_line' id='line_1_55' title="bbox 613 2947 2119 3044; baseline -0.003 -12"><span class='ocrx_word' id='word_1_359' title='bbox 613 2976 733 3033; x_wconf 86' lang='lat' dir='ltr'><strong>Jam</strong></span> <span class='ocrx_word' id='word_1_360' title='bbox 764 2974 894 3030; x_wconf 87' lang='lat' dir='ltr'><strong>olim</strong></span> <span class='ocrx_word' id='word_1_361' title='bbox 924 2974 1148 3044; x_wconf 86' lang='lat' dir='ltr'><strong>quidem</strong></span> <span class='ocrx_word' id='word_1_362' title='bbox 1174 2947 1445 3044; x_wconf 77' lang='lat' dir='ltr'><strong>benignus</strong></span> <span class='ocrx_word' id='word_1_363' title='bbox 1473 2947 1737 3028; x_wconf 80' lang='lat' dir='ltr'><strong>Dominus</strong></span> <span class='ocrx_word' id='word_1_364' title='bbox 1774 2973 2025 3027; x_wconf 82' lang='lat' dir='ltr'><strong>idoneam</strong></span> <span class='ocrx_word' id='word_1_365' title='bbox 2054 2974 2119 3028; x_wconf 90' lang='lat' dir='ltr'><strong>ad</strong></span> 
     </span>
    </p>
   </div>
   <div class='ocr_carea' id='block_1_56' title="bbox 2237 2947 3820 3047">
    <p class='ocr_par' dir='ltr' id='par_1_56' title="bbox 2299 2947 3820 3047">
     <span class='ocr_line' id='line_1_56' title="bbox 2299 2947 3820 3047; baseline -0.002 -18"><span class='ocrx_word' id='word_1_366' title='bbox 2299 2976 2475 3029; x_wconf 85' lang='grc' dir='ltr'>Πάλαι</span> <span class='ocrx_word' id='word_1_367' title='bbox 2523 2947 2627 3043; x_wconf 78' lang='grc' dir='ltr'>μὲν</span> <span class='ocrx_word' id='word_1_368' title='bbox 2679 2947 2911 3028; x_wconf 78' lang='grc' dir='ltr'>δέδωκεν</span> <span class='ocrx_word' id='word_1_369' title='bbox 2956 2947 3083 3046; x_wconf 73' lang='grc' dir='ltr'>ύμῖν</span> <span class='ocrx_word' id='word_1_370' title='bbox 3124 2977 3152 3029; x_wconf 90' lang='lat'><strong>6</strong></span> <span class='ocrx_word' id='word_1_371' title='bbox 3630 2982 3820 3035; x_wconf 66' lang='grc' dir='ltr'>Δεςπᾲ-</span> 
     </span>
    </p>
   </div>
   <div class='ocr_carea' id='block_1_57' title="bbox 544 3064 2121 3135">
    <p class='ocr_par' dir='ltr' id='par_1_57' title="bbox 544 3064 2121 3135">
     <span class='ocr_line' id='line_1_57' title="bbox 544 3064 2121 3135; baseline -0.004 -13"><span class='ocrx_word' id='word_1_372' title='bbox 544 3064 959 3135; x_wconf 73' lang='lat' dir='ltr'><strong>exsequendum</strong></span> <span class='ocrx_word' id='word_1_373' title='bbox 988 3064 1188 3118; x_wconf 87' lang='lat' dir='ltr'><strong>mentis</strong></span> <span class='ocrx_word' id='word_1_374' title='bbox 1215 3064 1507 3117; x_wconf 90' lang='lat' dir='ltr'><strong>consilium</strong></span> <span class='ocrx_word' id='word_1_375' title='bbox 1537 3064 1694 3117; x_wconf 83' lang='lat' dir='ltr'><strong>vobis</strong></span> <span class='ocrx_word' id='word_1_376' title='bbox 1727 3064 1922 3117; x_wconf 89' lang='lat' dir='ltr'><strong>tribuit</strong></span> <span class='ocrx_word' id='word_1_377' title='bbox 1947 3064 2121 3118; x_wconf 88' lang='lat' dir='ltr'><strong>facul-</strong></span> 
     </span>
    </p>
   </div>
   <div class='ocr_carea' id='block_1_58' title="bbox 548 3152 2124 3221">
    <p class='ocr_par' dir='ltr' id='par_1_58' title="bbox 548 3152 2124 3221">
     <span class='ocr_line' id='line_1_58' title="bbox 548 3152 2124 3221; baseline -0.005 -9"><span class='ocrx_word' id='word_1_378' title='bbox 548 3167 716 3212; x_wconf 89' lang='lat' dir='ltr'><strong>tatem</strong></span> <span class='ocrx_word' id='word_1_379' title='bbox 745 3173 759 3208; x_wconf 87' lang='lat'><strong>:</strong></span> <span class='ocrx_word' id='word_1_380' title='bbox 785 3154 880 3210; x_wconf 92' lang='lat' dir='ltr'><strong>sed</strong></span> <span class='ocrx_word' id='word_1_381' title='bbox 905 3153 1155 3207; x_wconf 84' lang='lat' dir='ltr'><strong>eamdem</strong></span> <span class='ocrx_word' id='word_1_382' title='bbox 1200 3152 1353 3206; x_wconf 81' lang='lat' dir='ltr'><strong>auxit</strong></span> <span class='ocrx_word' id='word_1_383' title='bbox 1394 3152 1500 3206; x_wconf 91' lang='lat' dir='ltr'><strong>hoc</strong></span> <span class='ocrx_word' id='word_1_384' title='bbox 1549 3160 1822 3221; x_wconf 89' lang='lat' dir='ltr'><strong>tempore,</strong></span> <span class='ocrx_word' id='word_1_385' title='bbox 1863 3154 1878 3171; x_wconf 84' lang='lat'><strong><em>&#39;</em></strong></span> <span class='ocrx_word' id='word_1_386' title='bbox 1914 3161 1974 3205; x_wconf 91' lang='lat' dir='ltr'><strong>ut</strong></span> <span class='ocrx_word' id='word_1_387' title='bbox 2008 3166 2124 3204; x_wconf 91' lang='lat' dir='ltr'><strong>ma-</strong></span> 
     </span>
    </p>
   </div>
   <div class='ocr_carea' id='block_1_59' title="bbox 547 3242 2124 3318">
    <p class='ocr_par' dir='ltr' id='par_1_59' title="bbox 547 3242 2124 3318">
     <span class='ocr_line' id='line_1_59' title="bbox 547 3242 2124 3318; baseline -0.004 -17"><span class='ocrx_word' id='word_1_388' title='bbox 547 3246 780 3318; x_wconf 82' lang='lat' dir='ltr'><strong>gnitudo</strong></span> <span class='ocrx_word' id='word_1_389' title='bbox 813 3253 993 3299; x_wconf 90' lang='lat' dir='ltr'><strong>vestra</strong></span> <span class='ocrx_word' id='word_1_390' title='bbox 1022 3244 1240 3298; x_wconf 83' lang='lat' dir='ltr'><strong>facilius</strong></span> <span class='ocrx_word' id='word_1_391' title='bbox 1263 3252 1319 3297; x_wconf 91' lang='lat' dir='ltr'><strong>et</strong></span> <span class='ocrx_word' id='word_1_392' title='bbox 1341 3244 1711 3312; x_wconf 84' lang='lat' dir='ltr'><strong>impugnatam</strong></span> <span class='ocrx_word' id='word_1_393' title='bbox 1741 3242 2001 3297; x_wconf 87' lang='lat' dir='ltr'><strong>defendat</strong></span> <span class='ocrx_word' id='word_1_394' title='bbox 2028 3257 2124 3296; x_wconf 89' lang='lat' dir='ltr'><strong>ve-</strong></span> 
     </span>
    </p>
   </div>
   <div class='ocr_carea' id='block_1_60' title="bbox 547 3331 2126 3402">
    <p class='ocr_par' dir='ltr' id='par_1_60' title="bbox 547 3331 2126 3402">
     <span class='ocr_line' id='line_1_60' title="bbox 547 3331 2126 3402; baseline -0.005 -10"><span class='ocrx_word' id='word_1_395' title='bbox 547 3340 766 3392; x_wconf 86' lang='lat' dir='ltr'><strong>ritatem</strong></span> <span class='ocrx_word' id='word_1_396' title='bbox 800 3344 855 3390; x_wconf 91' lang='lat' dir='ltr'><strong>et</strong></span> <span class='ocrx_word' id='word_1_397' title='bbox 877 3334 1223 3389; x_wconf 89' lang='lat' dir='ltr'><strong>mendacium</strong></span> <span class='ocrx_word' id='word_1_398' title='bbox 1248 3341 1483 3398; x_wconf 79' lang='lat' dir='ltr'><strong>evertat,</strong></span> <span class='ocrx_word' id='word_1_399' title='bbox 1528 3342 1881 3402; x_wconf 87' lang='lat' dir='ltr'><strong>optatamque</strong></span> <span class='ocrx_word' id='word_1_400' title='bbox 1931 3331 2126 3387; x_wconf 84' lang='lat' dir='ltr'><strong>Eccle-</strong></span> 
     </span>
    </p>
   </div>
   <div class='ocr_carea' id='block_1_61' title="bbox 548 3420 2126 3495">
    <p class='ocr_par' dir='ltr' id='par_1_61' title="bbox 548 3420 2126 3495">
     <span class='ocr_line' id='line_1_61' title="bbox 548 3420 2126 3495; baseline -0.006 -13"><span class='ocrx_word' id='word_1_401' title='bbox 548 3429 647 3482; x_wconf 89' lang='lat' dir='ltr'><strong>siis</strong></span> <span class='ocrx_word' id='word_1_402' title='bbox 724 3426 1178 3495; x_wconf 88' lang='lat' dir='ltr'><strong>tranquillitatem</strong></span> <span class='ocrx_word' id='word_1_403' title='bbox 1232 3423 1505 3476; x_wconf 85' lang='lat' dir='ltr'><strong>restituat.</strong></span> <span class='ocrx_word' id='word_1_404' title='bbox 1553 3420 1726 3487; x_wconf 87' lang='lat' dir='ltr'><strong>Quam</strong></span> <span class='ocrx_word' id='word_1_405' title='bbox 1771 3422 1920 3491; x_wconf 80' lang='lat' dir='ltr'><strong>gravi</strong></span> <span class='ocrx_word' id='word_1_406' title='bbox 1977 3420 2126 3475; x_wconf 88' lang='lat' dir='ltr'><strong>enim</strong></span> 
     </span>
    </p>
   </div>
   <div class='ocr_carea' id='block_1_62' title="bbox 548 3512 2127 3588">
    <p class='ocr_par' dir='ltr' id='par_1_62' title="bbox 548 3512 2127 3588">
     <span class='ocr_line' id='line_1_62' title="bbox 548 3512 2127 3588; baseline -0.004 -16"><span class='ocrx_word' id='word_1_407' title='bbox 548 3517 1051 3588; x_wconf 68' lang='lat' dir='ltr'><strong>procellaoppletze</strong></span> <span class='ocrx_word' id='word_1_408' title='bbox 1075 3515 1185 3569; x_wconf 79' lang='lat' dir='ltr'><strong>sint</strong></span> <span class='ocrx_word' id='word_1_409' title='bbox 1229 3512 1470 3568; x_wconf 88' lang='lat' dir='ltr'><strong>Orientis</strong></span> <span class='ocrx_word' id='word_1_410' title='bbox 1507 3512 1788 3577; x_wconf 64' lang='lat' dir='ltr'><strong>Ecclesiae,</strong></span> <span class='ocrx_word' id='word_1_411' title='bbox 1825 3520 1881 3565; x_wconf 87' lang='lat' dir='ltr'><strong>et</strong></span> <span class='ocrx_word' id='word_1_412' title='bbox 1910 3512 1980 3565; x_wconf 86' lang='lat' dir='ltr'><strong>ab</strong></span> <span class='ocrx_word' id='word_1_413' title='bbox 2005 3512 2127 3566; x_wconf 88' lang='lat' dir='ltr'><strong>aliis</strong></span> 
     </span>
    </p>
   </div>
   <div class='ocr_carea' id='block_1_63' title="bbox 549 3601 2128 3676">
    <p class='ocr_par' dir='ltr' id='par_1_63' title="bbox 549 3601 2128 3676">
     <span class='ocr_line' id='line_1_63' title="bbox 549 3601 2128 3676; baseline -0.004 -15"><span class='ocrx_word' id='word_1_414' title='bbox 549 3608 738 3662; x_wconf 78' lang='lat' dir='ltr'><strong>multis</strong></span> <span class='ocrx_word' id='word_1_415' title='bbox 765 3603 1168 3676; x_wconf 78' lang='lat' dir='ltr'><strong>magnificentia</strong></span> <span class='ocrx_word' id='word_1_416' title='bbox 1219 3611 1407 3657; x_wconf 89' lang='lat' dir='ltr'><strong>vestra</strong></span> <span class='ocrx_word' id='word_1_417' title='bbox 1459 3601 1674 3666; x_wconf 85' lang='lat' dir='ltr'><strong>didicit,</strong></span> <span class='ocrx_word' id='word_1_418' title='bbox 1725 3609 1781 3656; x_wconf 91' lang='lat' dir='ltr'><strong>et</strong></span> <span class='ocrx_word' id='word_1_419' title='bbox 1812 3602 2128 3655; x_wconf 88' lang='lat' dir='ltr'><strong>accuratius</strong></span> 
     </span>
    </p>
   </div>
   <div class='ocr_carea' id='block_1_64' title="bbox 548 3692 2130 3764">
    <p class='ocr_par' dir='ltr' id='par_1_64' title="bbox 548 3692 2130 3764">
     <span class='ocr_line' id='line_1_64' title="bbox 548 3692 2130 3764; baseline -0.004 -11"><span class='ocrx_word' id='word_1_420' title='bbox 548 3715 617 3754; x_wconf 80' lang='lat' dir='ltr'><strong>ex</strong></span> <span class='ocrx_word' id='word_1_421' title='bbox 639 3700 748 3752; x_wconf 88' lang='lat' dir='ltr'><strong>Deo</strong></span> <span class='ocrx_word' id='word_1_422' title='bbox 773 3696 1111 3751; x_wconf 86' lang='lat' dir='ltr'><strong>cbarissimis</strong></span> <span class='ocrx_word' id='word_1_423' title='bbox 1136 3695 1409 3764; x_wconf 85' lang='lat' dir='ltr'><strong>episcopis</strong></span> <span class='ocrx_word' id='word_1_424' title='bbox 1430 3693 1717 3763; x_wconf 91' lang='lat' dir='ltr'><strong>cognitura</strong></span> <span class='ocrx_word' id='word_1_425' title='bbox 1741 3701 1845 3757; x_wconf 90' lang='lat' dir='ltr'><strong>est,</strong></span> <span class='ocrx_word' id='word_1_426' title='bbox 1870 3693 1963 3761; x_wconf 90' lang='lat' dir='ltr'><strong>qui</strong></span> <span class='ocrx_word' id='word_1_427' title='bbox 1988 3692 2130 3746; x_wconf 88' lang='lat' dir='ltr'><strong>hanc</strong></span> 
     </span>
    </p>
   </div>
   <div class='ocr_carea' id='block_1_65' title="bbox 550 3785 2131 3860">
    <p class='ocr_par' dir='ltr' id='par_1_65' title="bbox 550 3785 2131 3860">
     <span class='ocr_line' id='line_1_65' title="bbox 550 3785 2131 3860; baseline -0.005 -16"><span class='ocrx_word' id='word_1_428' title='bbox 550 3791 766 3860; x_wconf 78' lang='lat' dir='ltr'><strong>longam</strong></span> <span class='ocrx_word' id='word_1_429' title='bbox 790 3786 1295 3859; x_wconf 86' lang='lat' dir='ltr'><strong>peregrinationem</strong></span> <span class='ocrx_word' id='word_1_430' title='bbox 1321 3785 1521 3839; x_wconf 88' lang='lat' dir='ltr'><strong>hiemis</strong></span> <span class='ocrx_word' id='word_1_431' title='bbox 1550 3792 1796 3852; x_wconf 88' lang='lat' dir='ltr'><strong>tempore</strong></span> <span class='ocrx_word' id='word_1_432' title='bbox 1840 3792 2131 3852; x_wconf 89' lang='lat' dir='ltr'><strong>propterea</strong></span> 
     </span>
    </p>
   </div>
   <div class='ocr_carea' id='block_1_66' title="bbox 550 3875 2129 3949">
    <p class='ocr_par' dir='ltr' id='par_1_66' title="bbox 550 3875 2129 3949">
     <span class='ocr_line' id='line_1_66' title="bbox 550 3875 2129 3949; baseline -0.004 -14"><span class='ocrx_word' id='word_1_433' title='bbox 550 3886 936 3949; x_wconf 87' lang='lat' dir='ltr'><strong>susceperunt,</strong></span> <span class='ocrx_word' id='word_1_434' title='bbox 960 3884 1157 3932; x_wconf 70' lang='lat' dir='ltr'><strong>vestrae</strong></span> <span class='ocrx_word' id='word_1_435' title='bbox 1183 3876 1454 3946; x_wconf 90' lang='lat' dir='ltr'><strong>imprimis</strong></span> <span class='ocrx_word' id='word_1_436' title='bbox 1480 3884 1605 3946; x_wconf 91' lang='lat' dir='ltr'><strong>post</strong></span> <span class='ocrx_word' id='word_1_437' title='bbox 1632 3875 1873 3929; x_wconf 88' lang='lat' dir='ltr'><strong>divinam</strong></span> <span class='ocrx_word' id='word_1_438' title='bbox 1900 3875 2129 3945; x_wconf 85' lang='lat' dir='ltr'><strong>gratiam</strong></span> 
     </span>
    </p>
   </div>
   <div class='ocr_carea' id='block_1_67' title="bbox 552 3963 2128 4037">
    <p class='ocr_par' dir='ltr' id='par_1_67' title="bbox 552 3963 2128 4037">
     <span class='ocr_line' id='line_1_67' title="bbox 552 3963 2128 4037; baseline -0.003 -14"><span class='ocrx_word' id='word_1_439' title='bbox 552 3969 900 4023; x_wconf 78' lang='lat' dir='ltr'><strong>auctoritatis</strong></span> <span class='ocrx_word' id='word_1_440' title='bbox 931 3966 1283 4037; x_wconf 84' lang='lat' dir='ltr'><strong>providentia</strong></span> <span class='ocrx_word' id='word_1_441' title='bbox 1316 3964 1465 4018; x_wconf 85' lang='lat' dir='ltr'><strong>freti.</strong></span> <span class='ocrx_word' id='word_1_442' title='bbox 1500 3963 1699 4018; x_wconf 86' lang='lat' dir='ltr'><strong>Sedate</strong></span> <span class='ocrx_word' id='word_1_443' title='bbox 1750 3965 1918 4034; x_wconf 92' lang='lat' dir='ltr'><strong>igitur</strong></span> <span class='ocrx_word' id='word_1_444' title='bbox 1948 3964 2128 4033; x_wconf 88' lang='lat' dir='ltr'><strong>nobis,</strong></span> 
     </span>
    </p>
   </div>
   <div class='ocr_carea' id='block_1_68' title="bbox 552 4056 2133 4127">
    <p class='ocr_par' dir='ltr' id='par_1_68' title="bbox 552 4056 2133 4127">
     <span class='ocr_line' id='line_1_68' title="bbox 552 4056 2133 4127; baseline -0.004 -11"><span class='ocrx_word' id='word_1_445' title='bbox 552 4061 761 4116; x_wconf 84' lang='lat' dir='ltr'><strong>Christi</strong></span> <span class='ocrx_word' id='word_1_446' title='bbox 803 4067 1073 4125; x_wconf 90' lang='lat' dir='ltr'><strong>amantes,</strong></span> <span class='ocrx_word' id='word_1_447' title='bbox 1119 4064 1521 4127; x_wconf 87' lang='lat' dir='ltr'><strong>tempestatem,</strong></span> <span class='ocrx_word' id='word_1_448' title='bbox 1570 4056 1975 4125; x_wconf 89' lang='lat' dir='ltr'><strong>obscuramque</strong></span> <span class='ocrx_word' id='word_1_449' title='bbox 2028 4070 2133 4110; x_wconf 91' lang='lat' dir='ltr'><strong>no-</strong></span> 
     </span>
    </p>
   </div>
   <div class='ocr_carea' id='block_1_69' title="bbox 555 4148 2135 4219">
    <p class='ocr_par' dir='ltr' id='par_1_69' title="bbox 555 4148 2135 4219">
     <span class='ocr_line' id='line_1_69' title="bbox 555 4148 2135 4219; baseline -0.004 -12"><span class='ocrx_word' id='word_1_450' title='bbox 555 4162 699 4208; x_wconf 90' lang='lat' dir='ltr'><strong>ctem</strong></span> <span class='ocrx_word' id='word_1_451' title='bbox 724 4153 779 4205; x_wconf 89' lang='lat' dir='ltr'><strong>in</strong></span> <span class='ocrx_word' id='word_1_452' title='bbox 806 4149 1071 4219; x_wconf 90' lang='lat' dir='ltr'><strong>liquidam</strong></span> <span class='ocrx_word' id='word_1_453' title='bbox 1101 4149 1455 4203; x_wconf 87' lang='lat' dir='ltr'><strong>serenitatem</strong></span> <span class='ocrx_word' id='word_1_454' title='bbox 1480 4148 1814 4213; x_wconf 89' lang='lat' dir='ltr'><strong>convertite,</strong></span> <span class='ocrx_word' id='word_1_455' title='bbox 1847 4156 1903 4201; x_wconf 91' lang='lat' dir='ltr'><strong>et</strong></span> <span class='ocrx_word' id='word_1_456' title='bbox 1934 4148 2135 4201; x_wconf 88' lang='lat' dir='ltr'><strong>incita-</strong></span> 
     </span>
    </p>
   </div>
   <div class='ocr_carea' id='block_1_70' title="bbox 556 4236 2130 4309">
    <p class='ocr_par' dir='ltr' id='par_1_70' title="bbox 556 4236 2130 4309">
     <span class='ocr_line' id='line_1_70' title="bbox 556 4236 2130 4309; baseline -0.004 -12"><span class='ocrx_word' id='word_1_457' title='bbox 556 4252 639 4297; x_wconf 78' lang='lat' dir='ltr'><strong>tas</strong></span> <span class='ocrx_word' id='word_1_458' title='bbox 671 4248 862 4295; x_wconf 92' lang='lat' dir='ltr'><strong>contra</strong></span> <span class='ocrx_word' id='word_1_459' title='bbox 892 4254 992 4294; x_wconf 92' lang='lat' dir='ltr'><strong>nos</strong></span> <span class='ocrx_word' id='word_1_460' title='bbox 1016 4240 1231 4309; x_wconf 88' lang='lat' dir='ltr'><strong>linguas</strong></span> <span class='ocrx_word' id='word_1_461' title='bbox 1268 4237 1480 4308; x_wconf 78' lang='lat'><strong>1165</strong></span> <span class='ocrx_word' id='word_1_462' title='bbox 1508 4236 1805 4291; x_wconf 88' lang='lat' dir='ltr'><strong>refrenate.</strong></span> <span class='ocrx_word' id='word_1_463' title='bbox 1839 4236 1949 4291; x_wconf 88' lang='lat' dir='ltr'><strong>Nos</strong></span> <span class='ocrx_word' id='word_1_464' title='bbox 1982 4238 2130 4291; x_wconf 87' lang='lat' dir='ltr'><strong>enim</strong></span> 
     </span>
    </p>
   </div>
   <div class='ocr_carea' id='block_1_71' title="bbox 556 4327 2134 4401">
    <p class='ocr_par' dir='ltr' id='par_1_71' title="bbox 556 4327 2134 4401">
     <span class='ocr_line' id='line_1_71' title="bbox 556 4327 2134 4401; baseline -0.003 -13"><span class='ocrx_word' id='word_1_465' title='bbox 556 4333 743 4389; x_wconf 86' lang='lat' dir='ltr'><strong>divina</strong></span> <span class='ocrx_word' id='word_1_466' title='bbox 785 4332 1003 4386; x_wconf 88' lang='lat' dir='ltr'><strong>favente</strong></span> <span class='ocrx_word' id='word_1_467' title='bbox 1046 4331 1243 4401; x_wconf 85' lang='lat' dir='ltr'><strong>gratia,</strong></span> <span class='ocrx_word' id='word_1_468' title='bbox 1276 4345 1376 4399; x_wconf 91' lang='lat' dir='ltr'><strong>pro</strong></span> <span class='ocrx_word' id='word_1_469' title='bbox 1426 4327 1752 4398; x_wconf 89' lang='lat' dir='ltr'><strong>apostolicis</strong></span> <span class='ocrx_word' id='word_1_470' title='bbox 1783 4328 2134 4398; x_wconf 87' lang='lat' dir='ltr'><strong>dogmatibus</strong></span> 
     </span>
    </p>
   </div>
   <div class='ocr_carea' id='block_1_72' title="bbox 554 4420 2136 4493">
    <p class='ocr_par' dir='ltr' id='par_1_72' title="bbox 554 4420 2136 4493">
     <span class='ocr_line' id='line_1_72' title="bbox 554 4420 2136 4493; baseline -0.004 -13"><span class='ocrx_word' id='word_1_471' title='bbox 554 4424 772 4480; x_wconf 87' lang='lat' dir='ltr'><strong>assidue</strong></span> <span class='ocrx_word' id='word_1_472' title='bbox 808 4438 1144 4493; x_wconf 91' lang='lat' dir='ltr'><strong>pugnamus,</strong></span> <span class='ocrx_word' id='word_1_473' title='bbox 1204 4421 1475 4489; x_wconf 83' lang='lat' dir='ltr'><strong>ﬁdemque</strong></span> <span class='ocrx_word' id='word_1_474' title='bbox 1508 4421 1703 4475; x_wconf 59' lang='lat' dir='ltr'><strong>Nicaea:</strong></span> <span class='ocrx_word' id='word_1_475' title='bbox 1735 4420 2038 4490; x_wconf 85' lang='lat' dir='ltr'><strong>expositam</strong></span> <span class='ocrx_word' id='word_1_476' title='bbox 2072 4422 2136 4474; x_wconf 93' lang='lat' dir='ltr'><strong>il-</strong></span> 
     </span>
    </p>
   </div>
   <div class='ocr_carea' id='block_1_73' title="bbox 552 4509 2130 4580">
    <p class='ocr_par' dir='ltr' id='par_1_73' title="bbox 552 4509 2130 4580">
     <span class='ocr_line' id='line_1_73' title="bbox 552 4509 2130 4580; baseline -0.003 -11"><span class='ocrx_word' id='word_1_477' title='bbox 552 4514 779 4569; x_wconf 89' lang='lat' dir='ltr'><strong>libatam</strong></span> <span class='ocrx_word' id='word_1_478' title='bbox 803 4528 1105 4576; x_wconf 85' lang='lat' dir='ltr'><strong>servamus,</strong></span> <span class='ocrx_word' id='word_1_479' title='bbox 1142 4520 1198 4566; x_wconf 90' lang='lat' dir='ltr'><strong>et</strong></span> <span class='ocrx_word' id='word_1_480' title='bbox 1236 4526 1332 4565; x_wconf 92' lang='lat' dir='ltr'><strong>eos</strong></span> <span class='ocrx_word' id='word_1_481' title='bbox 1367 4511 1462 4580; x_wconf 91' lang='lat' dir='ltr'><strong>qui</strong></span> <span class='ocrx_word' id='word_1_482' title='bbox 1492 4510 1608 4564; x_wconf 63' lang='lat' dir='ltr'><strong>haec</strong></span> <span class='ocrx_word' id='word_1_483' title='bbox 1634 4509 1843 4563; x_wconf 88' lang='lat' dir='ltr'><strong>violare</strong></span> <span class='ocrx_word' id='word_1_484' title='bbox 1880 4509 2130 4580; x_wconf 88' lang='lat' dir='ltr'><strong>dogmata</strong></span> 
     </span>
    </p>
   </div>
   <div class='ocr_carea' id='block_1_74' title="bbox 554 4599 2132 4677">
    <p class='ocr_par' dir='ltr' id='par_1_74' title="bbox 554 4599 2132 4677">
     <span class='ocr_line' id='line_1_74' title="bbox 554 4599 2132 4677; baseline -0.002 -20"><span class='ocrx_word' id='word_1_485' title='bbox 554 4618 665 4677; x_wconf 85' lang='lat' dir='ltr'><strong>non</strong></span> <span class='ocrx_word' id='word_1_486' title='bbox 693 4602 967 4665; x_wconf 87' lang='lat' dir='ltr'><strong>dubitant,</strong></span> <span class='ocrx_word' id='word_1_487' title='bbox 1026 4600 1225 4669; x_wconf 91' lang='lat' dir='ltr'><strong>impios</strong></span> <span class='ocrx_word' id='word_1_488' title='bbox 1279 4600 1638 4670; x_wconf 91' lang='lat' dir='ltr'><strong>appellamus.</strong></span> <span class='ocrx_word' id='word_1_489' title='bbox 1695 4599 1873 4669; x_wconf 86' lang='lat' dir='ltr'><strong>Atque</strong></span> <span class='ocrx_word' id='word_1_490' title='bbox 1933 4601 2132 4654; x_wconf 86' lang='lat' dir='ltr'><strong>horum</strong></span> 
     </span>
    </p>
   </div>
   <div class='ocr_carea' id='block_1_75' title="bbox 555 4691 2138 4761">
    <p class='ocr_par' dir='ltr' id='par_1_75' title="bbox 555 4691 2138 4761">
     <span class='ocr_line' id='line_1_75' title="bbox 555 4691 2138 4761; baseline -0.004 -11"><span class='ocrx_word' id='word_1_491' title='bbox 555 4702 724 4750; x_wconf 83' lang='lat' dir='ltr'><strong>testes</strong></span> <span class='ocrx_word' id='word_1_492' title='bbox 748 4693 909 4747; x_wconf 89' lang='lat' dir='ltr'><strong>nobis</strong></span> <span class='ocrx_word' id='word_1_493' title='bbox 935 4700 1064 4745; x_wconf 89' lang='lat' dir='ltr'><strong>sunt</strong></span> <span class='ocrx_word' id='word_1_494' title='bbox 1096 4691 1190 4760; x_wconf 92' lang='lat' dir='ltr'><strong>qui</strong></span> <span class='ocrx_word' id='word_1_495' title='bbox 1221 4691 1365 4761; x_wconf 90' lang='lat' dir='ltr'><strong>apud</strong></span> <span class='ocrx_word' id='word_1_496' title='bbox 1388 4705 1490 4745; x_wconf 89' lang='lat' dir='ltr'><strong>nos</strong></span> <span class='ocrx_word' id='word_1_497' title='bbox 1537 4698 1667 4745; x_wconf 91' lang='lat' dir='ltr'><strong>sunt</strong></span> <span class='ocrx_word' id='word_1_498' title='bbox 1731 4691 2138 4758; x_wconf 79' lang='lat' dir='ltr'><strong>catechumeni,</strong></span> 
     </span>
    </p>
   </div>
   <div class='ocr_carea' id='block_1_76' title="bbox 554 4782 2139 4855">
    <p class='ocr_par' dir='ltr' id='par_1_76' title="bbox 554 4782 2139 4855">
     <span class='ocr_line' id='line_1_76' title="bbox 554 4782 2139 4855; baseline 0 -17"><span class='ocrx_word' id='word_1_499' title='bbox 554 4784 650 4855; x_wconf 90' lang='lat' dir='ltr'><strong>qui</strong></span> <span class='ocrx_word' id='word_1_500' title='bbox 705 4800 735 4837; x_wconf 93' lang='lat' dir='ltr'><strong>a</strong></span> <span class='ocrx_word' id='word_1_501' title='bbox 759 4783 919 4836; x_wconf 90' lang='lat' dir='ltr'><strong>nobis</strong></span> <span class='ocrx_word' id='word_1_502' title='bbox 960 4782 1332 4851; x_wconf 88' lang='lat' dir='ltr'><strong>baptizantur,</strong></span> <span class='ocrx_word' id='word_1_503' title='bbox 1363 4782 1458 4851; x_wconf 91' lang='lat' dir='ltr'><strong>qui</strong></span> <span class='ocrx_word' id='word_1_504' title='bbox 1520 4792 1741 4837; x_wconf 90' lang='lat' dir='ltr'><strong>nostros</strong></span> <span class='ocrx_word' id='word_1_505' title='bbox 1796 4783 1851 4836; x_wconf 91' lang='lat' dir='ltr'><strong>in</strong></span> <span class='ocrx_word' id='word_1_506' title='bbox 1887 4782 2139 4838; x_wconf 78' lang='lat' dir='ltr'><strong>ecclesiis</strong></span> 
     </span>
    </p>
   </div>
   <div class='ocr_carea' id='block_1_77' title="bbox 557 4873 2137 4945">
    <p class='ocr_par' dir='ltr' id='par_1_77' title="bbox 557 4873 2137 4945">
     <span class='ocr_line' id='line_1_77' title="bbox 557 4873 2137 4945; baseline -0.003 -14"><span class='ocrx_word' id='word_1_507' title='bbox 557 4892 840 4931; x_wconf 85' lang='lat' dir='ltr'><strong>sermones</strong></span> <span class='ocrx_word' id='word_1_508' title='bbox 869 4874 1120 4929; x_wconf 89' lang='lat' dir='ltr'><strong>audiunt.</strong></span> <span class='ocrx_word' id='word_1_509' title='bbox 1163 4873 1320 4941; x_wconf 86' lang='lat' dir='ltr'><strong>Quod</strong></span> <span class='ocrx_word' id='word_1_510' title='bbox 1350 4876 1396 4929; x_wconf 90' lang='lat' dir='ltr'><strong>si</strong></span> <span class='ocrx_word' id='word_1_511' title='bbox 1444 4890 1708 4929; x_wconf 89' lang='lat' dir='ltr'><strong>accusare</strong></span> <span class='ocrx_word' id='word_1_512' title='bbox 1758 4874 2002 4945; x_wconf 84' lang='lat' dir='ltr'><strong>legitime</strong></span> <span class='ocrx_word' id='word_1_513' title='bbox 2037 4889 2137 4928; x_wconf 88' lang='lat' dir='ltr'><strong>vo-</strong></span> 
     </span>
    </p>
   </div>
   <div class='ocr_carea' id='block_1_78' title="bbox 556 4965 2140 5036">
    <p class='ocr_par' dir='ltr' id='par_1_78' title="bbox 556 4965 2140 5036">
     <span class='ocr_line' id='line_1_78' title="bbox 556 4965 2140 5036; baseline 0 -15"><span class='ocrx_word' id='word_1_514' title='bbox 556 4968 699 5034; x_wconf 91' lang='lat' dir='ltr'><strong>lunt,</strong></span> <span class='ocrx_word' id='word_1_515' title='bbox 731 4973 1032 5036; x_wconf 63' lang='lat' dir='ltr'><strong>prtesentes</strong></span> <span class='ocrx_word' id='word_1_516' title='bbox 1057 4965 1392 5035; x_wconf 82' lang='lat' dir='ltr'><strong>redarguere</strong></span> <span class='ocrx_word' id='word_1_517' title='bbox 1412 4974 1652 5034; x_wconf 89' lang='lat' dir='ltr'><strong>oportet,</strong></span> <span class='ocrx_word' id='word_1_518' title='bbox 1710 4981 1822 5019; x_wconf 88' lang='lat' dir='ltr'><strong>non</strong></span> <span class='ocrx_word' id='word_1_519' title='bbox 1882 4968 2140 5021; x_wconf 85' lang='lat' dir='ltr'><strong>absentes</strong></span> 
     </span>
    </p>
   </div>
   <div class='ocr_carea' id='block_1_79' title="bbox 558 5054 2142 5127">
    <p class='ocr_par' dir='ltr' id='par_1_79' title="bbox 558 5054 2142 5127">
     <span class='ocr_line' id='line_1_79' title="bbox 558 5054 2142 5127; baseline -0.001 -16"><span class='ocrx_word' id='word_1_520' title='bbox 558 5057 904 5111; x_wconf 83' lang='lat' dir='ltr'><strong>calumniari.</strong></span> <span class='ocrx_word' id='word_1_521' title='bbox 935 5055 1028 5111; x_wconf 86' lang='lat' dir='ltr'><strong>Sic</strong></span> <span class='ocrx_word' id='word_1_522' title='bbox 1057 5056 1204 5110; x_wconf 91' lang='lat' dir='ltr'><strong>enim</strong></span> <span class='ocrx_word' id='word_1_523' title='bbox 1234 5064 1290 5109; x_wconf 91' lang='lat' dir='ltr'><strong>et</strong></span> <span class='ocrx_word' id='word_1_524' title='bbox 1335 5054 1391 5108; x_wconf 90' lang='lat' dir='ltr'><strong>in</strong></span> <span class='ocrx_word' id='word_1_525' title='bbox 1432 5056 1557 5108; x_wconf 88' lang='lat' dir='ltr'><strong>aliis</strong></span> <span class='ocrx_word' id='word_1_526' title='bbox 1582 5056 1838 5124; x_wconf 86' lang='lat' dir='ltr'><strong>negotiis,</strong></span> <span class='ocrx_word' id='word_1_527' title='bbox 1869 5054 2002 5108; x_wconf 92' lang='lat' dir='ltr'><strong>dum</strong></span> <span class='ocrx_word' id='word_1_528' title='bbox 2053 5056 2142 5127; x_wconf 82' lang='lat' dir='ltr'><strong>ju-</strong></span> 
     </span>
    </p>
   </div>
   <div class='ocr_carea' id='block_1_80' title="bbox 558 5146 2142 5217">
    <p class='ocr_par' dir='ltr' id='par_1_80' title="bbox 558 5146 2142 5217">
     <span class='ocr_line' id='line_1_80' title="bbox 558 5146 2142 5217; baseline -0.001 -14"><span class='ocrx_word' id='word_1_529' title='bbox 558 5148 708 5203; x_wconf 84' lang='lat' dir='ltr'><strong>dicat</strong></span> <span class='ocrx_word' id='word_1_530' title='bbox 743 5146 1149 5217; x_wconf 83' lang='lat' dir='ltr'><strong>magnificentia</strong></span> <span class='ocrx_word' id='word_1_531' title='bbox 1178 5153 1382 5211; x_wconf 88' lang='lat' dir='ltr'><strong>vestra,</strong></span> <span class='ocrx_word' id='word_1_532' title='bbox 1439 5146 1769 5199; x_wconf 89' lang='lat' dir='ltr'><strong>sententiam</strong></span> <span class='ocrx_word' id='word_1_533' title='bbox 1800 5148 2023 5214; x_wconf 84' lang='lat' dir='ltr'><strong>promit,</strong></span> <span class='ocrx_word' id='word_1_534' title='bbox 2074 5162 2142 5201; x_wconf 86' lang='lat' dir='ltr'><strong>ex</strong></span> 
     </span>
    </p>
   </div>
   <div class='ocr_carea' id='block_1_81' title="bbox 555 5234 2145 5308">
    <p class='ocr_par' dir='ltr' id='par_1_81' title="bbox 555 5234 2145 5308">
     <span class='ocr_line' id='line_1_81' title="bbox 555 5234 2145 5308; baseline -0.003 -12"><span class='ocrx_word' id='word_1_535' title='bbox 555 5239 926 5296; x_wconf 81' lang='lat' dir='ltr'><strong>accusationis</strong></span> <span class='ocrx_word' id='word_1_536' title='bbox 948 5238 1394 5308; x_wconf 87' lang='lat' dir='ltr'><strong>defensionisque</strong></span> <span class='ocrx_word' id='word_1_537' title='bbox 1440 5235 1627 5290; x_wconf 90' lang='lat' dir='ltr'><strong>verbis</strong></span> <span class='ocrx_word' id='word_1_538' title='bbox 1662 5234 1791 5303; x_wconf 87' lang='lat' dir='ltr'><strong>quid</strong></span> <span class='ocrx_word' id='word_1_539' title='bbox 1851 5251 2038 5290; x_wconf 79' lang='lat' dir='ltr'><strong>verum</strong></span> <span class='ocrx_word' id='word_1_540' title='bbox 2073 5238 2145 5292; x_wconf 87' lang='lat' dir='ltr'><strong>sit</strong></span> 
     </span>
    </p>
   </div>
   <div class='ocr_carea' id='block_1_82' title="bbox 560 5332 1005 5406">
    <p class='ocr_par' dir='ltr' id='par_1_82' title="bbox 560 5332 1005 5406">
     <span class='ocr_line' id='line_1_82' title="bbox 560 5332 1005 5406; baseline -0.011 -18"><span class='ocrx_word' id='word_1_541' title='bbox 560 5332 1005 5406; x_wconf 79' lang='lat' dir='ltr'><strong>deprehendens.</strong></span> 
     </span>
    </p>
   </div>
   <div class='ocr_carea' id='block_1_83' title="bbox 558 5540 2134 5622">
    <p class='ocr_par' dir='ltr' id='par_1_83' title="bbox 558 5540 2134 5622">
     <span class='ocr_line' id='line_1_83' title="bbox 558 5540 2134 5622; baseline 0.007 -30"><span class='ocrx_word' id='word_1_542' title='bbox 558 5606 570 5619; x_wconf 47' lang='lat'><strong>.</strong></span> <span class='ocrx_word' id='word_1_543' title='bbox 631 5540 752 5621; x_wconf 78' lang='lat'><strong>(60)_</strong></span> <span class='ocrx_word' id='word_1_544' title='bbox 773 5541 862 5622; x_wconf 77' lang='lat' dir='ltr'><strong>S_ic_</strong></span> <span class='ocrx_word' id='word_1_545' title='bbox 898 5542 1067 5622; x_wconf 75' lang='lat' dir='ltr'><strong>Neap.</strong></span> <span class='ocrx_word' id='word_1_546' title='bbox 1098 5555 1154 5599; x_wconf 90' lang='lat' dir='ltr'><strong>ct</strong></span> <span class='ocrx_word' id='word_1_547' title='bbox 1182 5545 1436 5622; x_wconf 79' lang='lat' dir='ltr'><strong>Vatican._</strong></span> <span class='ocrx_word' id='word_1_548' title='bbox 1459 5549 1994 5622; x_wconf 75' lang='lat' dir='ltr'><strong>e_quo_priueipiun_t</strong></span> <span class='ocrx_word' id='word_1_549' title='bbox 2028 5549 2134 5622; x_wconf 81' lang='lat' dir='ltr'><strong>hu-</strong></span> 
     </span>
    </p>
   </div>
   <div class='ocr_carea' id='block_1_84' title="bbox 553 5612 2132 5675">
    <p class='ocr_par' dir='ltr' id='par_1_84' title="bbox 553 5612 2132 5675">
     <span class='ocr_line' id='line_1_84' title="bbox 553 5612 2132 5675; baseline 0.007 -15"><span class='ocrx_word' id='word_1_550' title='bbox 553 5612 642 5674; x_wconf 89' lang='lat' dir='ltr'><strong>jus</strong></span> <span class='ocrx_word' id='word_1_551' title='bbox 670 5612 913 5674; x_wconf 69' lang='lat' dir='ltr'><strong>epistnlxe</strong></span> <span class='ocrx_word' id='word_1_552' title='bbox 944 5612 1132 5668; x_wconf 86' lang='lat' dir='ltr'><strong>Latine</strong></span> <span class='ocrx_word' id='word_1_553' title='bbox 1172 5631 1392 5671; x_wconf 86' lang='lat' dir='ltr'><strong>versum</strong></span> <span class='ocrx_word' id='word_1_554' title='bbox 1424 5612 1589 5671; x_wconf 81' lang='lat' dir='ltr'><strong>habet</strong></span> <span class='ocrx_word' id='word_1_555' title='bbox 1619 5612 1889 5675; x_wconf 75' lang='lat' dir='ltr'><strong>Baronius</strong></span> <span class='ocrx_word' id='word_1_556' title='bbox 1918 5620 1984 5674; x_wconf 89' lang='lat' dir='ltr'><strong>ad</strong></span> <span class='ocrx_word' id='word_1_557' title='bbox 2013 5636 2039 5673; x_wconf 86' lang='lat' dir='ltr'><strong>a</strong></span> <span class='ocrx_word' id='word_1_558' title='bbox 2068 5620 2132 5673; x_wconf 69' lang='lat'><strong>(3.</strong></span> 
     </span>
    </p>
   </div>
   <div class='ocr_carea' id='block_1_85' title="bbox 556 5675 1595 5756">
    <p class='ocr_par' dir='ltr' id='par_1_85' title="bbox 556 5675 1595 5756">
     <span class='ocr_line' id='line_1_85' title="bbox 556 5675 1595 5756; baseline 0.008 -26"><span class='ocrx_word' id='word_1_559' title='bbox 556 5675 687 5740; x_wconf 63' lang='lat'><strong>649,</strong></span> <span class='ocrx_word' id='word_1_560' title='bbox 720 5686 758 5727; x_wconf 88' lang='grc' dir='ltr'><strong>ι.</strong></span> <span class='ocrx_word' id='word_1_561' title='bbox 792 5678 879 5743; x_wconf 70' lang='lat' dir='ltr'><strong>VI,</strong></span> <span class='ocrx_word' id='word_1_562' title='bbox 910 5695 965 5747; x_wconf 87' lang='lat' dir='ltr'><strong>p.</strong></span> <span class='ocrx_word' id='word_1_563' title='bbox 996 5696 1071 5739; x_wconf 91' lang='lat' dir='ltr'><strong>m.</strong></span> <span class='ocrx_word' id='word_1_564' title='bbox 1104 5684 1189 5738; x_wconf 75' lang='lat'><strong>72.</strong></span> <span class='ocrx_word' id='word_1_565' title='bbox 1218 5685 1381 5739; x_wconf 86' lang='lat' dir='ltr'><strong>Sirm.</strong></span> <span class='ocrx_word' id='word_1_566' title='bbox 1409 5688 1595 5756; x_wconf 82' lang='grc' dir='ltr'>τιμήν.</span> 
     </span>
    </p>
   </div>
   <div class='ocr_carea' id='block_1_86' title="bbox 2228 3068 3815 3145">
    <p class='ocr_par' dir='ltr' id='par_1_86' title="bbox 2228 3068 3815 3145">
     <span class='ocr_line' id='line_1_86' title="bbox 2228 3068 3815 3145; baseline 0.004 -24"><span class='ocrx_word' id='word_1_567' title='bbox 2228 3086 2327 3139; x_wconf 92' lang='grc' dir='ltr'><strong>της</strong></span> <span class='ocrx_word' id='word_1_568' title='bbox 2397 3068 2627 3138; x_wconf 84' lang='grc' dir='ltr'>δύναμιν</span> <span class='ocrx_word' id='word_1_569' title='bbox 2704 3068 2980 3140; x_wconf 83' lang='grc' dir='ltr'>ἀρκοῦσαν</span> <span class='ocrx_word' id='word_1_570' title='bbox 3039 3070 3377 3141; x_wconf 80' lang='grc' dir='ltr'>ὑπουργῆσαι</span> <span class='ocrx_word' id='word_1_571' title='bbox 3464 3076 3538 3143; x_wconf 80' lang='grc' dir='ltr'>τῇ</span> <span class='ocrx_word' id='word_1_572' title='bbox 3610 3076 3815 3145; x_wconf 56' lang='grc' dir='ltr'>γνώμῃ.</span> 
     </span>
    </p>
   </div>
   <div class='ocr_carea' id='block_1_87' title="bbox 2232 3158 3817 3233">
    <p class='ocr_par' dir='ltr' id='par_1_87' title="bbox 2232 3158 3817 3233">
     <span class='ocr_line' id='line_1_87' title="bbox 2232 3158 3817 3233; baseline 0.001 -22"><span class='ocrx_word' id='word_1_573' title='bbox 2232 3158 2449 3229; x_wconf 76' lang='grc' dir='ltr'>Ηύξησε</span> <span class='ocrx_word' id='word_1_574' title='bbox 2479 3159 2535 3211; x_wconf 85' lang='grc' dir='ltr'>δὲ</span> <span class='ocrx_word' id='word_1_575' title='bbox 2565 3159 2767 3229; x_wconf 88' lang='grc' dir='ltr'>ταύτην</span> <span class='ocrx_word' id='word_1_576' title='bbox 2825 3160 2919 3213; x_wconf 72' lang='grc' dir='ltr'>ἐπὶ</span> <span class='ocrx_word' id='word_1_577' title='bbox 2966 3158 3057 3214; x_wconf 82' lang='grc' dir='ltr'>τοῦ</span> <span class='ocrx_word' id='word_1_578' title='bbox 3089 3160 3381 3231; x_wconf 78' lang='grc' dir='ltr'>παρόντος,</span> <span class='ocrx_word' id='word_1_579' title='bbox 3438 3162 3532 3215; x_wconf 80' lang='grc' dir='ltr'><strong>ἵνα</strong></span> <span class='ocrx_word' id='word_1_580' title='bbox 3569 3166 3712 3233; x_wconf 55' lang='grc' dir='ltr'>ῥᾷον</span> <span class='ocrx_word' id='word_1_581' title='bbox 3742 3170 3817 3215; x_wconf 67' lang='grc' dir='ltr'><strong>καὶ</strong></span> 
     </span>
    </p>
   </div>
   <div class='ocr_carea' id='block_1_88' title="bbox 2230 3251 3816 3327">
    <p class='ocr_par' dir='ltr' id='par_1_88' title="bbox 2230 3251 3816 3327">
     <span class='ocr_line' id='line_1_88' title="bbox 2230 3251 3816 3327; baseline 0.003 -23"><span class='ocrx_word' id='word_1_582' title='bbox 2230 3251 2329 3322; x_wconf 80' lang='grc' dir='ltr'><strong>τῆς</strong></span> <span class='ocrx_word' id='word_1_583' title='bbox 2359 3251 2615 3321; x_wconf 82' lang='grc' dir='ltr'>ἀληθείας</span> <span class='ocrx_word' id='word_1_584' title='bbox 2648 3252 3060 3322; x_wconf 76' lang='grc' dir='ltr'>πολεμουμένης</span> <span class='ocrx_word' id='word_1_585' title='bbox 3090 3253 3464 3326; x_wconf 80' lang='grc' dir='ltr'>ὑπερμαχήσῃ</span> <span class='ocrx_word' id='word_1_586' title='bbox 3520 3256 3590 3308; x_wconf 77' lang='grc' dir='ltr'>τὸ</span> <span class='ocrx_word' id='word_1_587' title='bbox 3625 3258 3816 3327; x_wconf 72' lang='grc' dir='ltr'>ὑμέτεο</span> 
     </span>
    </p>
   </div>
   <div class='ocr_carea' id='block_1_89' title="bbox 2237 3342 3818 3415">
    <p class='ocr_par' dir='ltr' id='par_1_89' title="bbox 2237 3342 3818 3415">
     <span class='ocr_line' id='line_1_89' title="bbox 2237 3342 3818 3415; baseline 0.002 -19"><span class='ocrx_word' id='word_1_588' title='bbox 2237 3361 2327 3415; x_wconf 91' lang='grc' dir='ltr'><strong>ρον</strong></span> <span class='ocrx_word' id='word_1_589' title='bbox 2361 3344 2616 3414; x_wconf 86' lang='grc' dir='ltr'>μέγεθος,</span> <span class='ocrx_word' id='word_1_590' title='bbox 2646 3344 2743 3397; x_wconf 83' lang='grc' dir='ltr'><strong>καί</strong></span> <span class='ocrx_word' id='word_1_591' title='bbox 2772 3343 3054 3415; x_wconf 80' lang='grc' dir='ltr'>καταλύσῃ</span> <span class='ocrx_word' id='word_1_592' title='bbox 3083 3343 3142 3396; x_wconf 84' lang='grc' dir='ltr'>τὸ</span> <span class='ocrx_word' id='word_1_593' title='bbox 3164 3342 3381 3412; x_wconf 76' lang='grc' dir='ltr'>ψεῦδος,</span> <span class='ocrx_word' id='word_1_594' title='bbox 3415 3346 3517 3398; x_wconf 75' lang='grc' dir='ltr'><strong>καὶ</strong></span> <span class='ocrx_word' id='word_1_595' title='bbox 3547 3348 3675 3410; x_wconf 79' lang='grc' dir='ltr'>ταῖς</span> <span class='ocrx_word' id='word_1_596' title='bbox 3714 3348 3818 3399; x_wconf 74' lang='lat' dir='ltr'><strong>‘Ex-</strong></span> 
     </span>
    </p>
   </div>
   <div class='ocr_carea' id='block_1_90' title="bbox 2234 3428 3814 3509">
    <p class='ocr_par' dir='ltr' id='par_1_90' title="bbox 2234 3428 3814 3509">
     <span class='ocr_line' id='line_1_90' title="bbox 2234 3428 3814 3509; baseline -0.001 -19"><span class='ocrx_word' id='word_1_597' title='bbox 2234 3437 2483 3506; x_wconf 87' lang='grc' dir='ltr'>κλησίαις</span> <span class='ocrx_word' id='word_1_598' title='bbox 2539 3437 2637 3506; x_wconf 82' lang='grc' dir='ltr'><strong>τὴν</strong></span> <span class='ocrx_word' id='word_1_599' title='bbox 2706 3435 3047 3506; x_wconf 80' lang='grc' dir='ltr'>ποθουμένην</span> <span class='ocrx_word' id='word_1_600' title='bbox 3113 3428 3472 3508; x_wconf 80' lang='grc' dir='ltr'>πρυτανεύσῃ</span> <span class='ocrx_word' id='word_1_601' title='bbox 3558 3439 3814 3509; x_wconf 59' lang='grc' dir='ltr'>γαλήνῃ.</span> 
     </span>
    </p>
   </div>
   <div class='ocr_carea' id='block_1_91' title="bbox 2246 3526 3814 3598">
    <p class='ocr_par' dir='ltr' id='par_1_91' title="bbox 2246 3526 3814 3598">
     <span class='ocr_line' id='line_1_91' title="bbox 2246 3526 3814 3598; baseline 0.001 -18"><span class='ocrx_word' id='word_1_602' title='bbox 2246 3527 2481 3597; x_wconf 84' lang='grc' dir='ltr'>Ὀπόσης</span> <span class='ocrx_word' id='word_1_603' title='bbox 2497 3527 2605 3598; x_wconf 81' lang='grc' dir='ltr'><strong>γὰρ</strong></span> <span class='ocrx_word' id='word_1_604' title='bbox 2639 3527 3049 3597; x_wconf 76' lang='grc' dir='ltr'>ἐνεπλήσθησαν</span> <span class='ocrx_word' id='word_1_605' title='bbox 3092 3526 3260 3596; x_wconf 81' lang='grc' dir='ltr'>ζάλης</span> <span class='ocrx_word' id='word_1_606' title='bbox 3300 3528 3399 3596; x_wconf 81' lang='grc' dir='ltr'>τῆς</span> <span class='ocrx_word' id='word_1_607' title='bbox 3427 3528 3583 3596; x_wconf 82' lang='grc' dir='ltr'>έῴας</span> <span class='ocrx_word' id='word_1_608' title='bbox 3619 3532 3685 3583; x_wconf 77' lang='grc' dir='ltr'>αἱ</span> <span class='ocrx_word' id='word_1_609' title='bbox 3721 3532 3814 3582; x_wconf 79' lang='lat' dir='ltr'><strong>‘Ez-</strong></span> 
     </span>
    </p>
   </div>
   <div class='ocr_carea' id='block_1_92' title="bbox 2237 3612 3814 3689">
    <p class='ocr_par' dir='ltr' id='par_1_92' title="bbox 2237 3612 3814 3689">
     <span class='ocr_line' id='line_1_92' title="bbox 2237 3612 3814 3689; baseline 0.003 -22"><span class='ocrx_word' id='word_1_610' title='bbox 2237 3612 2477 3684; x_wconf 86' lang='grc' dir='ltr'>κλησίαι,</span> <span class='ocrx_word' id='word_1_611' title='bbox 2511 3613 2663 3685; x_wconf 86' lang='grc' dir='ltr'><strong>παρά</strong></span> <span class='ocrx_word' id='word_1_612' title='bbox 2697 3615 2909 3667; x_wconf 83' lang='grc' dir='ltr'>πολλῶν</span> <span class='ocrx_word' id='word_1_613' title='bbox 2952 3614 3051 3685; x_wconf 77' lang='grc' dir='ltr'><strong>μὲν</strong></span> <span class='ocrx_word' id='word_1_614' title='bbox 3101 3616 3197 3669; x_wconf 77' lang='grc' dir='ltr'><strong>καὶ</strong></span> <span class='ocrx_word' id='word_1_615' title='bbox 3242 3615 3426 3670; x_wconf 79' lang='grc' dir='ltr'>ἄλλων</span> <span class='ocrx_word' id='word_1_616' title='bbox 3489 3619 3527 3687; x_wconf 80' lang='grc' dir='ltr'>ἡ</span> <span class='ocrx_word' id='word_1_617' title='bbox 3588 3620 3814 3689; x_wconf 53' lang='grc' dir='ltr'>ὑμετέρα</span> 
     </span>
    </p>
   </div>
   <div class='ocr_carea' id='block_1_93' title="bbox 2240 3704 3814 3779">
    <p class='ocr_par' dir='ltr' id='par_1_93' title="bbox 2240 3704 3814 3779">
     <span class='ocr_line' id='line_1_93' title="bbox 2240 3704 3814 3779; baseline 0.001 -24"><span class='ocrx_word' id='word_1_618' title='bbox 2240 3704 2578 3773; x_wconf 78' lang='grc' dir='ltr'>μεγαλοφυῒα</span> <span class='ocrx_word' id='word_1_619' title='bbox 2624 3705 2966 3775; x_wconf 77' lang='grc' dir='ltr'>μεμάθηκεν,</span> <span class='ocrx_word' id='word_1_620' title='bbox 2994 3704 3385 3777; x_wconf 85' lang='grc' dir='ltr'>ἀκριϐέστερον</span> <span class='ocrx_word' id='word_1_621' title='bbox 3417 3708 3479 3760; x_wconf 77' lang='grc' dir='ltr'>δὲ</span> <span class='ocrx_word' id='word_1_622' title='bbox 3515 3712 3689 3779; x_wconf 68' lang='grc' dir='ltr'>παρὰ</span> <span class='ocrx_word' id='word_1_623' title='bbox 3732 3711 3814 3761; x_wconf 61' lang='grc' dir='ltr'><strong>τέ’)</strong></span> 
     </span>
    </p>
   </div>
   <div class='ocr_carea' id='block_1_94' title="bbox 2240 3796 3816 3873">
    <p class='ocr_par' dir='ltr' id='par_1_94' title="bbox 2240 3796 3816 3873">
     <span class='ocr_line' id='line_1_94' title="bbox 2240 3796 3816 3873; baseline -0.004 -24"><span class='ocrx_word' id='word_1_624' title='bbox 2240 3796 2675 3864; x_wconf 81' lang='grc' dir='ltr'>θεοφιλεστάτων</span> <span class='ocrx_word' id='word_1_625' title='bbox 2712 3798 3030 3851; x_wconf 75' lang='grc' dir='ltr'>ἐπισκόπων</span> <span class='ocrx_word' id='word_1_626' title='bbox 3078 3799 3320 3872; x_wconf 76' lang='grc' dir='ltr'>μαθήσῃ,</span> <span class='ocrx_word' id='word_1_627' title='bbox 3364 3801 3421 3853; x_wconf 76' lang='grc' dir='ltr'>οἳ</span> <span class='ocrx_word' id='word_1_628' title='bbox 3471 3801 3585 3870; x_wconf 76' lang='grc' dir='ltr'>τῆς</span> <span class='ocrx_word' id='word_1_629' title='bbox 3625 3806 3816 3873; x_wconf 50' lang='grc' dir='ltr'><strong>μαγῄ</strong></span> 
     </span>
    </p>
   </div>
   <div class='ocr_carea' id='block_1_95' title="bbox 2237 3887 3814 3961">
    <p class='ocr_par' dir='ltr' id='par_1_95' title="bbox 2237 3887 3814 3961">
     <span class='ocr_line' id='line_1_95' title="bbox 2237 3887 3814 3961; baseline 0 -22"><span class='ocrx_word' id='word_1_630' title='bbox 2237 3887 2441 3957; x_wconf 84' lang='grc' dir='ltr'>ταύτης</span> <span class='ocrx_word' id='word_1_631' title='bbox 2489 3888 2795 3958; x_wconf 80' lang='grc' dir='ltr'>ἀποδημίας</span> <span class='ocrx_word' id='word_1_632' title='bbox 2834 3890 2891 3942; x_wconf 81' lang='grc' dir='ltr'>ὲν</span> <span class='ocrx_word' id='word_1_633' title='bbox 2950 3889 3068 3961; x_wconf 67' lang='grc' dir='ltr'><strong>ὥρᾳ.</strong></span> <span class='ocrx_word' id='word_1_634' title='bbox 3112 3889 3381 3959; x_wconf 85' lang='grc' dir='ltr'>χειμῶνος</span> <span class='ocrx_word' id='word_1_635' title='bbox 3424 3889 3635 3945; x_wconf 85' lang='grc' dir='ltr'>τούτου</span> <span class='ocrx_word' id='word_1_636' title='bbox 3682 3896 3814 3961; x_wconf 47' lang='lat' dir='ltr'><strong>ﬁeri</strong></span> 
     </span>
    </p>
   </div>
   <div class='ocr_carea' id='block_1_96' title="bbox 2240 3978 3813 4053">
    <p class='ocr_par' dir='ltr' id='par_1_96' title="bbox 2240 3978 3813 4053">
     <span class='ocr_line' id='line_1_96' title="bbox 2240 3978 3813 4053; baseline 0.004 -23"><span class='ocrx_word' id='word_1_637' title='bbox 2240 3978 2556 4048; x_wconf 72' lang='grc' dir='ltr'>ἠνέσχοντο,</span> <span class='ocrx_word' id='word_1_638' title='bbox 2595 3980 2733 4049; x_wconf 76' lang='grc' dir='ltr'>μετὰ</span> <span class='ocrx_word' id='word_1_639' title='bbox 2773 3981 2871 4049; x_wconf 74' lang='grc' dir='ltr'><strong>τὴν</strong></span> <span class='ocrx_word' id='word_1_640' title='bbox 2903 3980 3053 4035; x_wconf 88' lang='grc' dir='ltr'>θείαν</span> <span class='ocrx_word' id='word_1_641' title='bbox 3101 3982 3260 4051; x_wconf 85' lang='grc' dir='ltr'>χάριν</span> <span class='ocrx_word' id='word_1_642' title='bbox 3288 3983 3353 4051; x_wconf 75' lang='grc' dir='ltr'>τῇ</span> <span class='ocrx_word' id='word_1_643' title='bbox 3408 3981 3513 4049; x_wconf 75' lang='grc' dir='ltr'>τῆς</span> <span class='ocrx_word' id='word_1_644' title='bbox 3567 3983 3813 4053; x_wconf 66' lang='grc' dir='ltr'>ὑμετέρας</span> 
     </span>
    </p>
   </div>
   <div class='ocr_carea' id='block_1_97' title="bbox 2241 4071 3811 4143">
    <p class='ocr_par' dir='ltr' id='par_1_97' title="bbox 2241 4071 3811 4143">
     <span class='ocr_line' id='line_1_97' title="bbox 2241 4071 3811 4143; baseline 0 -20"><span class='ocrx_word' id='word_1_645' title='bbox 2241 4072 2489 4136; x_wconf 70' lang='grc' dir='ltr'>ἔξουσίας</span> <span class='ocrx_word' id='word_1_646' title='bbox 2514 4072 2822 4142; x_wconf 77' lang='grc' dir='ltr'>προμηθείᾳ</span> <span class='ocrx_word' id='word_1_647' title='bbox 2852 4071 3201 4143; x_wconf 71' lang='grc' dir='ltr'>θαρροῦντες.</span> <span class='ocrx_word' id='word_1_648' title='bbox 3219 4072 3435 4125; x_wconf 79' lang='grc' dir='ltr'>Λύσατε</span> <span class='ocrx_word' id='word_1_649' title='bbox 3460 4073 3659 4125; x_wconf 81' lang='grc' dir='ltr'>τοίνυν</span> <span class='ocrx_word' id='word_1_650' title='bbox 3688 4078 3811 4143; x_wconf 57' lang='grc' dir='ltr'>ἡμὴ,</span> 
     </span>
    </p>
   </div>
   <div class='ocr_carea' id='block_1_98' title="bbox 2244 4156 3871 4234">
    <p class='ocr_par' dir='ltr' id='par_1_98' title="bbox 2244 4156 3871 4234">
     <span class='ocr_line' id='line_1_98' title="bbox 2244 4156 3871 4234; baseline -0.001 -19"><span class='ocrx_word' id='word_1_651' title='bbox 2244 4156 2290 4215; x_wconf 82' lang='grc' dir='ltr'><strong>ὦ</strong></span> <span class='ocrx_word' id='word_1_652' title='bbox 2325 4162 2678 4233; x_wconf 80' lang='grc' dir='ltr'>φιλόχριστοι,</span> <span class='ocrx_word' id='word_1_653' title='bbox 2738 4163 2829 4216; x_wconf 78' lang='grc' dir='ltr'><strong>τδν</strong></span> <span class='ocrx_word' id='word_1_654' title='bbox 2886 4163 3150 4233; x_wconf 84' lang='grc' dir='ltr'>χειμῶνα,</span> <span class='ocrx_word' id='word_1_655' title='bbox 3188 4165 3281 4216; x_wconf 70' lang='grc' dir='ltr'>καὶ</span> <span class='ocrx_word' id='word_1_656' title='bbox 3319 4164 3421 4233; x_wconf 74' lang='grc' dir='ltr'>τὴν</span> <span class='ocrx_word' id='word_1_657' title='bbox 3482 4170 3812 4234; x_wconf 41' lang='grc' dir='ltr'>σκοτομήνρτε</span> <span class='ocrx_word' id='word_1_658' title='bbox 3870 4206 3871 4233; x_wconf 35' lang='grc' dir='ltr'><strong>η</strong></span> 
     </span>
    </p>
   </div>
   <div class='ocr_carea' id='block_1_99' title="bbox 2240 4252 3811 4326">
    <p class='ocr_par' dir='ltr' id='par_1_99' title="bbox 2240 4252 3811 4326">
     <span class='ocr_line' id='line_1_99' title="bbox 2240 4252 3811 4326; baseline 0.002 -22"><span class='ocrx_word' id='word_1_659' title='bbox 2240 4254 2319 4315; x_wconf 88' lang='grc' dir='ltr'><strong>είς</strong></span> <span class='ocrx_word' id='word_1_660' title='bbox 2354 4252 2573 4323; x_wconf 83' lang='grc' dir='ltr'>αἰθρίαν</span> <span class='ocrx_word' id='word_1_661' title='bbox 2598 4254 2845 4324; x_wconf 77' lang='grc' dir='ltr'>καθαρὰν</span> <span class='ocrx_word' id='word_1_662' title='bbox 2873 4254 3228 4325; x_wconf 79' lang='grc' dir='ltr'>μεταϐάλετε,</span> <span class='ocrx_word' id='word_1_663' title='bbox 3265 4256 3355 4307; x_wconf 71' lang='grc' dir='ltr'><strong>καὶ</strong></span> <span class='ocrx_word' id='word_1_664' title='bbox 3381 4255 3486 4318; x_wconf 81' lang='grc' dir='ltr'><strong>τὰς</strong></span> <span class='ocrx_word' id='word_1_665' title='bbox 3525 4258 3658 4311; x_wconf 77' lang='grc' dir='ltr'>καθ’</span> <span class='ocrx_word' id='word_1_666' title='bbox 3680 4257 3811 4326; x_wconf 46' lang='lat' dir='ltr'><strong>eget</strong></span> 
     </span>
    </p>
   </div>
   <div class='ocr_carea' id='block_1_100' title="bbox 2239 4344 3812 4421">
    <p class='ocr_par' dir='ltr' id='par_1_100' title="bbox 2239 4344 3812 4421">
     <span class='ocr_line' id='line_1_100' title="bbox 2239 4344 3812 4421; baseline 0.003 -24"><span class='ocrx_word' id='word_1_667' title='bbox 2239 4344 2555 4414; x_wconf 86' lang='grc' dir='ltr'>κινηθείσας</span> <span class='ocrx_word' id='word_1_668' title='bbox 2578 4344 2911 4416; x_wconf 84' lang='grc' dir='ltr'>χαλινώσατε</span> <span class='ocrx_word' id='word_1_669' title='bbox 2942 4346 3184 4414; x_wconf 82' lang='grc' dir='ltr'>γλώττας</span> <span class='ocrx_word' id='word_1_670' title='bbox 3254 4348 3448 4416; x_wconf 82' lang='grc' dir='ltr'>Ἡμεῖς</span> <span class='ocrx_word' id='word_1_671' title='bbox 3478 4350 3601 4421; x_wconf 71' lang='grc' dir='ltr'><strong>γάρ</strong></span> <span class='ocrx_word' id='word_1_672' title='bbox 3632 4351 3717 4401; x_wconf 67' lang='grc' dir='ltr'><strong>διὰ</strong></span> <span class='ocrx_word' id='word_1_673' title='bbox 3742 4351 3812 4413; x_wconf 58' lang='grc' dir='ltr'><strong>ττι</strong></span> 
     </span>
    </p>
   </div>
   <div class='ocr_carea' id='block_1_101' title="bbox 2241 4435 3871 4510">
    <p class='ocr_par' dir='ltr' id='par_1_101' title="bbox 2241 4435 3871 4510">
     <span class='ocr_line' id='line_1_101' title="bbox 2241 4435 3871 4510; baseline -0.002 -22"><span class='ocrx_word' id='word_1_674' title='bbox 2241 4435 2391 4488; x_wconf 82' lang='grc' dir='ltr'>θείαν</span> <span class='ocrx_word' id='word_1_675' title='bbox 2419 4435 2606 4505; x_wconf 84' lang='grc' dir='ltr'>χάριν,</span> <span class='ocrx_word' id='word_1_676' title='bbox 2634 4436 2741 4487; x_wconf 80' lang='grc' dir='ltr'>τῶν</span> <span class='ocrx_word' id='word_1_677' title='bbox 2773 4436 3144 4489; x_wconf 81' lang='grc' dir='ltr'>ἀποστολικῶν</span> <span class='ocrx_word' id='word_1_678' title='bbox 3169 4437 3438 4507; x_wconf 81' lang='grc' dir='ltr'>διηνεκῶς</span> <span class='ocrx_word' id='word_1_679' title='bbox 3472 4438 3809 4510; x_wconf 57' lang='grc' dir='ltr'><strong>ὑπερμαΓρ⁸</strong></span> <span class='ocrx_word' id='word_1_680' title='bbox 3870 4488 3871 4491; x_wconf 33' lang='grc' dir='ltr'><strong>η</strong></span> 
     </span>
    </p>
   </div>
   <div class='ocr_carea' id='block_1_102' title="bbox 2244 4527 3805 4603">
    <p class='ocr_par' dir='ltr' id='par_1_102' title="bbox 2244 4527 3805 4603">
     <span class='ocr_line' id='line_1_102' title="bbox 2244 4527 3805 4603; baseline 0.004 -25"><span class='ocrx_word' id='word_1_681' title='bbox 2244 4544 2342 4596; x_wconf 87' lang='grc' dir='ltr'><strong>μεν</strong></span> <span class='ocrx_word' id='word_1_682' title='bbox 2378 4527 2680 4596; x_wconf 78' lang='grc' dir='ltr'>δογμάτων,</span> <span class='ocrx_word' id='word_1_683' title='bbox 2710 4528 2804 4579; x_wconf 75' lang='grc' dir='ltr'><strong>καὶ</strong></span> <span class='ocrx_word' id='word_1_684' title='bbox 2834 4527 2933 4598; x_wconf 74' lang='grc' dir='ltr'><strong>τὴν</strong></span> <span class='ocrx_word' id='word_1_685' title='bbox 2972 4528 3284 4579; x_wconf 80' lang='grc' dir='ltr'>ἐκτεθείσαν</span> <span class='ocrx_word' id='word_1_686' title='bbox 3318 4530 3375 4580; x_wconf 86' lang='grc' dir='ltr'><strong>έν</strong></span> <span class='ocrx_word' id='word_1_687' title='bbox 3407 4530 3629 4603; x_wconf 63' lang='lat' dir='ltr'><strong>Num-1;</strong></span> <span class='ocrx_word' id='word_1_688' title='bbox 3658 4535 3805 4584; x_wconf 58' lang='grc' dir='ltr'>πίστι</span> 
     </span>
    </p>
   </div>
   <div class='ocr_carea' id='block_1_103' title="bbox 2243 4618 3803 4694">
    <p class='ocr_par' dir='ltr' id='par_1_103' title="bbox 2243 4618 3803 4694">
     <span class='ocr_line' id='line_1_103' title="bbox 2243 4618 3803 4694; baseline 0.003 -23"><span class='ocrx_word' id='word_1_689' title='bbox 2243 4618 2584 4689; x_wconf 74' lang='grc' dir='ltr'>φυλάττομεν</span> <span class='ocrx_word' id='word_1_690' title='bbox 2614 4618 2828 4678; x_wconf 80' lang='grc' dir='ltr'>ἄσυλον,</span> <span class='ocrx_word' id='word_1_691' title='bbox 2869 4618 2965 4671; x_wconf 73' lang='grc' dir='ltr'>καὶ</span> <span class='ocrx_word' id='word_1_692' title='bbox 3004 4620 3131 4681; x_wconf 71' lang='grc' dir='ltr'>τοὺς</span> <span class='ocrx_word' id='word_1_693' title='bbox 3162 4618 3335 4671; x_wconf 82' lang='grc' dir='ltr'>ταῦτα</span> <span class='ocrx_word' id='word_1_694' title='bbox 3372 4626 3803 4694; x_wconf 59' lang='grc' dir='ltr'>παραχαράττεη</span> 
     </span>
    </p>
   </div>
   <div class='ocr_carea' id='block_1_104' title="bbox 2240 4710 3804 4782">
    <p class='ocr_par' dir='ltr' id='par_1_104' title="bbox 2240 4710 3804 4782">
     <span class='ocr_line' id='line_1_104' title="bbox 2240 4710 3804 4782; baseline -0.002 -19"><span class='ocrx_word' id='word_1_695' title='bbox 2240 4712 2559 4780; x_wconf 84' lang='grc' dir='ltr'>τολμῶντας</span> <span class='ocrx_word' id='word_1_696' title='bbox 2612 4711 2683 4763; x_wconf 85' lang='grc' dir='ltr'>τὰ</span> <span class='ocrx_word' id='word_1_697' title='bbox 2737 4710 2985 4777; x_wconf 78' lang='grc' dir='ltr'>δόγματα</span> <span class='ocrx_word' id='word_1_698' title='bbox 3025 4710 3241 4773; x_wconf 84' lang='grc' dir='ltr'>ἀσεϐεῖς</span> <span class='ocrx_word' id='word_1_699' title='bbox 3285 4711 3670 4782; x_wconf 75' lang='grc' dir='ltr'>ὀνομάζομεν,</span> <span class='ocrx_word' id='word_1_700' title='bbox 3733 4717 3804 4765; x_wconf 62' lang='lat' dir='ltr'><strong>Ii;</strong></span> 
     </span>
    </p>
   </div>
   <div class='ocr_carea' id='block_1_105' title="bbox 2241 4801 3803 4874">
    <p class='ocr_par' dir='ltr' id='par_1_105' title="bbox 2241 4801 3803 4874">
     <span class='ocr_line' id='line_1_105' title="bbox 2241 4801 3803 4874; baseline -0.003 -19"><span class='ocrx_word' id='word_1_701' title='bbox 2241 4803 2444 4855; x_wconf 87' lang='grc' dir='ltr'>τούτων</span> <span class='ocrx_word' id='word_1_702' title='bbox 2496 4802 2771 4872; x_wconf 81' lang='grc' dir='ltr'>μάρτυρες</span> <span class='ocrx_word' id='word_1_703' title='bbox 2821 4804 2869 4854; x_wconf 77' lang='grc' dir='ltr'>οἱ</span> <span class='ocrx_word' id='word_1_704' title='bbox 2922 4803 3048 4872; x_wconf 82' lang='grc' dir='ltr'>παρ’</span> <span class='ocrx_word' id='word_1_705' title='bbox 3106 4801 3265 4871; x_wconf 83' lang='grc' dir='ltr'>ἡμῶν</span> <span class='ocrx_word' id='word_1_706' title='bbox 3319 4806 3754 4874; x_wconf 68' lang='grc' dir='ltr'>κατηχούμενος,</span> <span class='ocrx_word' id='word_1_707' title='bbox 3784 4824 3803 4851; x_wconf 84' lang='lat'>:</span> 
     </span>
    </p>
   </div>
   <div class='ocr_carea' id='block_1_106' title="bbox 2245 4893 3805 4965">
    <p class='ocr_par' dir='ltr' id='par_1_106' title="bbox 2245 4893 3805 4965">
     <span class='ocr_line' id='line_1_106' title="bbox 2245 4893 3805 4965; baseline -0.003 -19"><span class='ocrx_word' id='word_1_708' title='bbox 2245 4895 2376 4965; x_wconf 82' lang='grc' dir='ltr'>παρ’</span> <span class='ocrx_word' id='word_1_709' title='bbox 2409 4894 2565 4963; x_wconf 81' lang='grc' dir='ltr'>ἡμῶν</span> <span class='ocrx_word' id='word_1_710' title='bbox 2592 4893 3007 4963; x_wconf 73' lang='grc' dir='ltr'>βαπτιζόμενοι,</span> <span class='ocrx_word' id='word_1_711' title='bbox 3036 4895 3085 4945; x_wconf 87' lang='grc' dir='ltr'>οἱ</span> <span class='ocrx_word' id='word_1_712' title='bbox 3117 4893 3225 4945; x_wconf 82' lang='grc' dir='ltr'>τῶν</span> <span class='ocrx_word' id='word_1_713' title='bbox 3257 4894 3315 4945; x_wconf 80' lang='grc' dir='ltr'>ὲν</span> <span class='ocrx_word' id='word_1_714' title='bbox 3341 4897 3472 4955; x_wconf 86' lang='grc' dir='ltr'>ταῖς</span> <span class='ocrx_word' id='word_1_715' title='bbox 3508 4898 3805 4965; x_wconf 49' lang='grc' dir='ltr'>ἐκκλησίας</span> 
     </span>
    </p>
   </div>
   <div class='ocr_carea' id='block_1_107' title="bbox 2243 4985 3807 5057">
    <p class='ocr_par' dir='ltr' id='par_1_107' title="bbox 2243 4985 3807 5057">
     <span class='ocr_line' id='line_1_107' title="bbox 2243 4985 3807 5057; baseline -0.002 -20"><span class='ocrx_word' id='word_1_716' title='bbox 2243 4985 2531 5051; x_wconf 84' lang='grc' dir='ltr'>διαλέξεων</span> <span class='ocrx_word' id='word_1_717' title='bbox 2584 4987 2889 5048; x_wconf 75' lang='grc' dir='ltr'>ἐπαΐοντες.</span> <span class='ocrx_word' id='word_1_718' title='bbox 2955 4987 3018 5038; x_wconf 77' lang='grc' dir='ltr'><strong>Εἰ</strong></span> <span class='ocrx_word' id='word_1_719' title='bbox 3067 4985 3123 5038; x_wconf 83' lang='grc' dir='ltr'>δὲ</span> <span class='ocrx_word' id='word_1_720' title='bbox 3180 4989 3522 5057; x_wconf 74' lang='grc' dir='ltr'>κατηγορεῖν</span> <span class='ocrx_word' id='word_1_721' title='bbox 3602 4990 3807 5054; x_wconf 43' lang='grc' dir='ltr'><strong>ὲνεόέω</strong></span> 
     </span>
    </p>
   </div>
   <div class='ocr_carea' id='block_1_108' title="bbox 2243 5075 3809 5146">
    <p class='ocr_par' dir='ltr' id='par_1_108' title="bbox 2243 5075 3809 5146">
     <span class='ocr_line' id='line_1_108' title="bbox 2243 5075 3809 5146; baseline -0.002 -20"><span class='ocrx_word' id='word_1_722' title='bbox 2243 5075 2509 5139; x_wconf 76' lang='grc' dir='ltr'>ἐθέλουσι,</span> <span class='ocrx_word' id='word_1_723' title='bbox 2543 5076 2646 5146; x_wconf 83' lang='grc' dir='ltr'><strong>χρὴ</strong></span> <span class='ocrx_word' id='word_1_724' title='bbox 2675 5076 2948 5146; x_wconf 81' lang='grc' dir='ltr'>παρόντας</span> <span class='ocrx_word' id='word_1_725' title='bbox 2979 5075 3239 5145; x_wconf 77' lang='grc' dir='ltr'>ἐλέγχειν,</span> <span class='ocrx_word' id='word_1_726' title='bbox 3268 5076 3369 5127; x_wconf 75' lang='grc' dir='ltr'><strong>οὐκ</strong></span> <span class='ocrx_word' id='word_1_727' title='bbox 3393 5077 3657 5142; x_wconf 65' lang='grc' dir='ltr'>άπῧντας</span> <span class='ocrx_word' id='word_1_728' title='bbox 3688 5096 3809 5130; x_wconf 58' lang='grc' dir='ltr'>πυτ)-</span> 
     </span>
    </p>
   </div>
   <div class='ocr_carea' id='block_1_109' title="bbox 2243 5166 3809 5240">
    <p class='ocr_par' dir='ltr' id='par_1_109' title="bbox 2243 5166 3809 5240">
     <span class='ocr_line' id='line_1_109' title="bbox 2243 5166 3809 5240; baseline -0.004 -19"><span class='ocrx_word' id='word_1_729' title='bbox 2243 5169 2486 5236; x_wconf 87' lang='grc' dir='ltr'>φαντεῖν.</span> <span class='ocrx_word' id='word_1_730' title='bbox 2527 5166 2683 5219; x_wconf 74' lang='grc' dir='ltr'>Οὕτω</span> <span class='ocrx_word' id='word_1_731' title='bbox 2711 5167 2820 5238; x_wconf 84' lang='grc' dir='ltr'>γὰρ</span> <span class='ocrx_word' id='word_1_732' title='bbox 2852 5167 2948 5220; x_wconf 74' lang='grc' dir='ltr'><strong>καὶ</strong></span> <span class='ocrx_word' id='word_1_733' title='bbox 2985 5169 3097 5230; x_wconf 85' lang='grc' dir='ltr'>τοῖς</span> <span class='ocrx_word' id='word_1_734' title='bbox 3129 5167 3309 5228; x_wconf 83' lang='grc' dir='ltr'>ἄλλοις</span> <span class='ocrx_word' id='word_1_735' title='bbox 3352 5169 3387 5237; x_wconf 81' lang='grc' dir='ltr'>ἡ</span> <span class='ocrx_word' id='word_1_736' title='bbox 3432 5168 3695 5240; x_wconf 69' lang='grc' dir='ltr'>ὑμετέρα</span> 
     </span>
    </p>
   </div>
   <div class='ocr_carea' id='block_1_110' title="bbox 2242 5257 3809 5330">
    <p class='ocr_par' dir='ltr' id='par_1_110' title="bbox 2242 5257 3809 5330">
     <span class='ocr_line' id='line_1_110' title="bbox 2242 5257 3809 5330; baseline 0.001 -19"><span class='ocrx_word' id='word_1_737' title='bbox 2242 5258 2515 5327; x_wconf 80' lang='grc' dir='ltr'>γαλοφυῖα</span> <span class='ocrx_word' id='word_1_738' title='bbox 2544 5257 2839 5323; x_wconf 76' lang='grc' dir='ltr'>δικάζουσα</span> <span class='ocrx_word' id='word_1_739' title='bbox 2866 5258 3185 5328; x_wconf 83' lang='grc' dir='ltr'>πράγμασιν</span> <span class='ocrx_word' id='word_1_740' title='bbox 3213 5260 3445 5329; x_wconf 73' lang='grc' dir='ltr'>ἐκφέρει</span> <span class='ocrx_word' id='word_1_741' title='bbox 3465 5260 3580 5323; x_wconf 70' lang='grc' dir='ltr'><strong>τὰς</strong></span> <span class='ocrx_word' id='word_1_742' title='bbox 3609 5263 3809 5330; x_wconf 55' lang='grc' dir='ltr'>ψήςσος,</span> 
     </span>
    </p>
   </div>
   <div class='ocr_carea' id='block_1_111' title="bbox 2241 5346 3809 5418">
    <p class='ocr_par' dir='ltr' id='par_1_111' title="bbox 2241 5346 3809 5418">
     <span class='ocr_line' id='line_1_111' title="bbox 2241 5346 3809 5418; baseline -0.003 -17"><span class='ocrx_word' id='word_1_743' title='bbox 2241 5350 2309 5401; x_wconf 74' lang='grc' dir='ltr'>ὲκ</span> <span class='ocrx_word' id='word_1_744' title='bbox 2340 5348 2450 5401; x_wconf 82' lang='grc' dir='ltr'>τῶν</span> <span class='ocrx_word' id='word_1_745' title='bbox 2491 5349 2591 5418; x_wconf 78' lang='grc' dir='ltr'>τῆς</span> <span class='ocrx_word' id='word_1_746' title='bbox 2642 5346 2977 5418; x_wconf 82' lang='grc' dir='ltr'>κατηγορίας</span> <span class='ocrx_word' id='word_1_747' title='bbox 3011 5348 3107 5400; x_wconf 76' lang='grc' dir='ltr'>καὶ</span> <span class='ocrx_word' id='word_1_748' title='bbox 3135 5346 3439 5415; x_wconf 88' lang='grc' dir='ltr'>ἀπολογίας</span> <span class='ocrx_word' id='word_1_749' title='bbox 3480 5348 3676 5418; x_wconf 76' lang='grc' dir='ltr'>λόγων</span> <span class='ocrx_word' id='word_1_750' title='bbox 3726 5366 3809 5401; x_wconf 67' lang='lat' dir='ltr'><strong>m-</strong></span> 
     </span>
    </p>
   </div>
   <div class='ocr_carea' id='block_1_112' title="bbox 2243 5440 2761 5512">
    <p class='ocr_par' dir='ltr' id='par_1_112' title="bbox 2243 5440 2761 5512">
     <span class='ocr_line' id='line_1_112' title="bbox 2243 5440 2761 5512; baseline 0.002 -20"><span class='ocrx_word' id='word_1_751' title='bbox 2243 5440 2427 5512; x_wconf 79' lang='grc' dir='ltr'>ορῶσα</span> <span class='ocrx_word' id='word_1_752' title='bbox 2452 5440 2512 5492; x_wconf 82' lang='grc' dir='ltr'><strong>τὸ</strong></span> <span class='ocrx_word' id='word_1_753' title='bbox 2533 5440 2761 5493; x_wconf 82' lang='grc' dir='ltr'>δίκαιον.</span> 
     </span>
    </p>
   </div>
   <div class='ocr_carea' id='block_1_113' title="bbox 2316 5554 3809 5641">
    <p class='ocr_par' dir='ltr' id='par_1_113' title="bbox 2316 5554 3809 5641">
     <span class='ocr_line' id='line_1_113' title="bbox 2316 5554 3809 5641; baseline 0.013 -33"><span class='ocrx_word' id='word_1_754' title='bbox 2316 5554 2438 5635; x_wconf 76' lang='grc'><strong>(61)⁸</strong></span> <span class='ocrx_word' id='word_1_755' title='bbox 2460 5555 2651 5641; x_wconf 73' lang='lat' dir='ltr'><strong>Latina</strong></span> <span class='ocrx_word' id='word_1_756' title='bbox 2682 5556 3063 5627; x_wconf 87' lang='lat' dir='ltr'><strong>interpretatio</strong></span> <span class='ocrx_word' id='word_1_757' title='bbox 3090 5558 3255 5632; x_wconf 82' lang='lat' dir='ltr'><strong>hujus</strong></span> <span class='ocrx_word' id='word_1_758' title='bbox 3285 5560 3549 5634; x_wconf 74' lang='lat' dir='ltr'><strong>epistola:</strong></span> <span class='ocrx_word' id='word_1_759' title='bbox 3589 5576 3678 5625; x_wconf 80' lang='lat' dir='ltr'><strong>est</strong></span> <span class='ocrx_word' id='word_1_760' title='bbox 3706 5564 3809 5641; x_wconf 55' lang='lat' dir='ltr'><strong>Ipsi</strong></span> 
     </span>
    </p>
   </div>
   <div class='ocr_carea' id='block_1_114' title="bbox 2245 5624 2686 5680">
    <p class='ocr_par' dir='ltr' id='par_1_114' title="bbox 2245 5624 2686 5680">
     <span class='ocr_line' id='line_1_114' title="bbox 2245 5624 2686 5680; baseline 0.002 -2"><span class='ocrx_word' id='word_1_761' title='bbox 2245 5624 2536 5679; x_wconf 84' lang='lat' dir='ltr'><strong>Baronium</strong></span> <span class='ocrx_word' id='word_1_762' title='bbox 2571 5628 2602 5679; x_wconf 94' lang='grc' dir='ltr'><strong>Ι.</strong></span> <span class='ocrx_word' id='word_1_763' title='bbox 2638 5644 2686 5680; x_wconf 86' lang='lat' dir='ltr'><strong>c.</strong></span> 
     </span>
    </p>
   </div>
  </div>
