3924 6192
230 282 246 348 i
257 286 353 349 ΞΜ)

582 394 697 460 Lﬁ'.
733 420 801 431 --
842 388 1114 457 Ἀντιόχῳ
1146 383 1409 453 ὑπάρχῳ.

286 509 398 580 Τῆς
433 507 692 580 μεγίστης
724 502 900 574 ἀρχῆς
928 500 1023 564 τὰς
1053 499 1150 570 μὲν
1176 496 1460 568 φροντίδας
1493 493 1779 552 ἀπέθεσθε,

217 602 278 654 τὸ
308 601 364 654 δὲ
414 600 567 661 κλέος
617 595 769 666 ὑμῶν
826 592 978 664 παρὰ
1024 593 1189 644 πᾶσιν
1222 587 1391 642 ἀνθεῖ.
1422 588 1482 639 Ol
1535 586 1644 656 γὰρ
1685 585 1783 646 τὰς

223 690 487 762 ὑμετέρας
510 685 828 759 εὐεργεσίας
856 683 1225 755 τρυγήσαντες
1259 679 1441 752 ᾄδουσι
1470 676 1670 740 ταὺτας
1699 677 1782 728 ὲν-

217 764 491 852 δελεῃζῦς),
537 778 777 831 πλεῖστοι
831 774 886 828 δὲ
946 768 1094 827 οὗτοι
1118 815 1133 837 ,
1188 772 1297 836 καὶ,
1338 766 1613 839 πανταχοῦ
1667 766 1783 836 (καὶ

220 873 428 935 πολλοῖς
451 871 548 934 τὰς
568 870 840 939 εὐφημίας
864 865 1285 938 προσφέροντες,
1317 862 1412 916 καὶ
1434 862 1533 925 τὰς
1560 862 1782 914 ἐκείνων

219 961 458 1030 γλώττας
505 959 669 1012 πάλιν
722 960 799 1020 εἰς
852 954 1105 1016 ἐπαίνους
1165 950 1465 1013 κινοῦντες.
1528 947 1667 1017 Ἐγὼ
1725 949 1782 1001 δὲ

217 1053 510 1122 γάννυμαι,
547 1048 770 1119 θεωρῶν
810 1046 901 1100 τὸν
937 1044 1256 1114 ἀξιέραστον
1289 1040 1520 1113 καρπὸν,
1553 1040 1653 1111 τήν
1680 1055 1778 1092 πο-

215 1142 571 1213 λυθρὺλλητον
603 1136 906 1207 ώραῖζοντα
954 1134 1130 1206 ῥίζαν.
1172 1125 1249 1186 Ob
1280 1132 1343 1197 δὴ
1377 1132 1536 1202 χάριν
1574 1131 1667 1183 ἐπὶ
1714 1129 1781 1182 τὰ

219 1233 387 1303 μείζω
433 1232 526 1284 καὶ
570 1228 882 1299 τελειότερα
926 1226 1025 1295 τήν
1081 1223 1353 1294 ὑμετέραν
1407 1220 1778 1292 μεγαλοιρυῖαν

217 1322 538 1395 παρακαλῶ,
568 1322 661 1375 καὶ
696 1320 792 1390 τῆς
817 1318 928 1372 τῶν
966 1316 1304 1387 Ἐκκλησιῶν
1335 1313 1470 1380 ἁξιῶ
1495 1312 1779 1385 φροντίσαι

218 1416 478 1485 γαλήνης.
521 1411 721 1467 Πολλοῦ
742 1410 851 1481 γὰρ
877 1408 1077 1473 ταύτας
1105 1407 1371 1479 χειμῶνος
1399 1406 1698 1475 ἐνέπλησαν
1731 1404 1797 1457 οίς

217 1506 312 1568 τὰς
335 1503 457 1558 καθ’
479 1501 634 1574 ἡμῶν
668 1498 1032 1569 συκοφαντίας
1057 1499 1379 1569 ὑφήναντες.
1396 1496 1496 1549 Διά
1522 1512 1602 1549 τοι
1624 1494 1780 1547 τοῦτο

211 1596 301 1648 καὶ
311 1596 360 1648 οί
373 1592 772 1662 θεοφιλέστατοι
787 1590 1091 1655 ἐπίσκοποι,
1105 1589 1198 1642 καὶ
1220 1589 1435 1659 μακρᾶς
1449 1585 1776 1656 ὁδοιπορίας,

211 1688 303 1740 καὶ
338 1684 643 1748 ἀσθενείας,
674 1682 770 1736 καὶ
805 1683 993 1753 γήρως
1022 1680 1557 1750 καταφρονήσαντες,
1578 1676 1682 1768 καὶ
1712 1675 1777 1726 τὰ
1810 1714 1853 1768 Β

212 1777 447 1848 σφέτερα
475 1774 702 1845 ποίμνια
746 1770 1141 1834 καταλιπόντες
1181 1770 1515 1839 ἀποίμαντα,
1539 1766 1636 1837 τὴν
1671 1783 1776 1836 μα-

210 1868 345 1939 κρὰν
376 1866 578 1937 ταύτην
615 1864 840 1935 πορείαν
872 1864 1202 1925 ἐστείλαντο,
1239 1860 1506 1928 διελέγξαι
1538 1859 1599 1911 τὸ
1635 1858 1778 1912 κατᾶ

210 1962 424 2015 πάντων
453 1957 608 2029 ἡμῶν
637 1958 885 2011 συντεθὲν
909 1958 1252 2028 ἐπειγόμενοι
1282 1953 1497 2025 ψεῦδος.
1536 1954 1779 2021 Ἐπαμυ-

207 2047 350 2101 νάτω
376 2047 556 2102 τοίνυν
590 2047 773 2110 αὐτοῖς
817 2047 879 2100 τὸ
918 2045 1185 2118 ὑμέτερον
1234 2044 1485 2115 μέγεθος,
1537 2044 1633 2098 καί
1674 2044 1777 2113 τῆς

208 2137 715 2208 συκοφαντουμένης
756 2137 898 2207 ἑῴας
925 2136 1241 2207 κηδόμενον,
1282 2136 1378 2189 καὶ
1407 2124 1508 2205 τῆς
1539 2134 1774 2189 ἀποστο-

205 2230 361 2299 λικῆς
425 2228 880 2300 προμηθούμενον
934 2228 1192 2291 πίστεως.
1235 2227 1444 2299 Πρέπει
1495 2224 1605 2297 γὰρ
1648 2224 1776 2294 ὑμῖν

202 2324 317 2384 τοῖς
355 2320 536 2384 ἄλλοις
593 2320 986 2392 κατορθώμασι
1041 2320 1137 2373 καὶ⁵
1183 2318 1302 2373 τόδε
1351 2317 1667 2388 προσθεῖναι
1715 2316 1777 2368 τὸ

204 2411 381 2472 κλέος.

598 2529 732 2593 ῌῖη
759 2552 831 2565 -—
858 2525 1033 2594 Νόμῳ
1067 2524 1371 2593 πατρικίφ.

270 2637 364 2698 Δὶς
391 2636 488 2707 μὲν
527 2636 630 2708 ἤδη
662 2637 901 2708 γράψας,
939 2633 1091 2707 οἶμαι
1118 2638 1165 2691 δ’
1201 2639 1281 2691 ὅτι
1321 2637 1415 2691 καὶ
1446 2634 1592 2708 τρὶς,
1622 2638 1770 2690 ἀντι-

202 2728 432 2799 γράφων
470 2730 571 2782 οὑκ
599 2729 809 2800 ἔτυχον·
854 2730 949 2782 καὶ
982 2730 1203 2799 σιγῆσαι
1234 2729 1419 2783 λοιπὸν
1462 2728 1769 2800 βουληθεὶς,

202 2819 295 2873 καὶ
329 2817 427 2872 νῦν
459 2818 585 2888 γοῦν
624 2820 862 2891 ἐμαυτόν
886 2837 945 2873 τε
985 2822 1208 2889 γνῶναι,
1240 2823 1335 2874 καὶ
1371 2821 1479 2874 τῶν
1517 2820 1771 2885 ἐξουσιῶν

199 2911 264 2966 τὸ
308 2912 539 2984 μέγεθος
582 2914 902 2981 ἐπιγνῶναι,
953 2913 1173 2982 ἄμεινον
1213 2912 1400 2983 ᾠήθην
1436 2908 1591 2975 αὖθις
1637 2913 1772 2984 γρά-

199 3004 438 3074 quam!
484 3003 870 3076 παρακαλέσαι
911 3002 1102 3074 μαθεῖν
1144 3003 1244 3074 τὴν
1286 3004 1466 3058 αἰτίαν
1511 3005 1611 3072 τῆς
1640 3020 1769 3061 ctu).-

369 3095 459 3166 Τῷ
488 3068 604 3149 ὄντι
634 3096 744 3167 γὰρ
772 3095 871 3148 οὑκ
899 3068 1015 3149 όῑδά
1042 3112 1096 3148 τι
1134 3068 1534 3166 πλημμελήσας
1562 3068 1641 3158 είς
1672 3095 1769 3165 τὴν
1799 3068 1840 3126 C

203 3185 475 3257 ὑμετέραν
498 3183 990 3257 μεγαλοπρέπειαν.
1019 3184 1236 3253 Ἐπειδὴ
1262 3183 1322 3236 δὲ
1342 3185 1405 3237 οὑ
1437 3184 1595 3254 μόνον
1618 3183 1768 3237 ἐκόν-

198 3260 312 3341 τες,
340 3276 476 3330 ἀλλὰ
501 3277 593 3329 καὶ
621 3276 843 3341 ἄκοντες
874 3274 1162 3345 πταίομεν,
1186 3275 1277 3329 καὶ
1303 3273 1602 3344 ἀγνοοῦμεν
1623 3272 1768 3326 ἔστιν

198 3367 287 3419 ὅτε
336 3365 373 3420 ἃ
407 3365 857 3436 πλημμελοῦμεν,
907 3368 941 3437 ή
975 3364 1219 3436 ὑμετέρα
1260 3364 1617 3434 μεγαλοφυῒα,
1660 3362 1770 3417 τῶν

198 3455 363 3510 θείων
392 3457 573 3527 νόμων
630 3457 1074 3525 ἀναμνησθεῖσα,
1118 3457 1167 3509 οἳ
1213 3455 1514 3527 διαρρήδην
1560 3471 1770 3524 παρεγ-

194 3546 424 3615 γυῶσιν,
463 3564 481 3597 ι
507 3544 630 3599 Ἐὰν
652 3545 872 3616 ἁμάρτῃ
907 3546 936 3596 ὀ
961 3543 1184 3611 ἁδελφός
1212 3561 1305 3596 σου
1338 3545 1415 3606 εἰς
1450 3543 1531 3608 σὲ,
1555 3538 1769 3609 ἔλεγξον

195 3637 362 3693 αὑτὸν
397 3638 601 3708 μεταξὺ
642 3635 736 3690 σοῦ
771 3637 930 3707 μόνον
956 3638 1049 3691 καὶ
1080 3636 1267 3699 αὑτοῦ,
1294 3656 1310 3687 ι
1346 3635 1512 3706 δήλην
1549 3651 1640 3705 μοι
1666 3634 1769 3703 τῆς

194 3726 376 3796 λύπης
425 3727 651 3796 ποιῆσαι
710 3725 1104 3792 καταξιωσάτω
1148 3726 1246 3797 τὴν
1298 3725 1571 3795 ἀφορμὴν,
1607 3725 1690 3776 ἵνα
1732 3724 1765 3794 ἢ

192 3819 372 3873 ἀθῶον
412 3819 646 3889 ἐμαυτὸν
678 3817 956 3882 ἐπιδείξω,
982 3818 1016 3887 ἢ
1062 3819 1223 3885 γνοὺς
1272 3818 1332 3869 τὸ
1386 3816 1768 3886 πλημμέλημα

195 3909 529 3979 συγγνώμην
578 3912 809 3978 αἰτήσω.
860 3910 1098 3974 Ἐλπίζω
1130 3909 1187 3963 δὲ
1244 3909 1305 3961 τὸ
1338 3908 1603 3980 πρότερον
1651 3907 1769 3959 ἐσε-

193 4000 345 4067 οθαι,
379 4005 446 4071 τῇ
477 4002 571 4055 τοῦ
621 4001 925 4066 συνειδότος
982 4001 1256 4073 μαρτυρίᾳ
1286 4000 1522 4073 Θαρῤών.
1554 4001 1767 4064 Πάντας

195 4094 299 4163 μὲν
349 4088 443 4146 οὖν
491 4092 812 4164 ἀνθρώπους
861 4095 894 4164 ἠ
961 4093 1332 4165 μεγαλοψυχία
1385 4096 1617 4164 κοσμεῖ,
1669 4094 1767 4164 οὐχ

190 4184 398 4251 ἥκιστα
447 4184 505 4237 δὲ
559 4186 685 4249 τοὺς
741 4184 882 4238 κατὰ
918 4184 1017 4256 τήν
1070 4185 1342 4256 ὑμετέραν
1399 4185 1766 4255 μεγαλοφυῖαν

191 4274 291 4327 καὶ
321 4275 412 4329 διὰ
449 4276 550 4341 τῆς
588 4276 826 4348 θύραθεν
863 4277 1111 4340 παιδείας
1144 4277 1499 4347 ἡγουμένους,
1549 4278 1644 4331 καὶ
1696 4276 1766 4331 τὰ

1524 270 1884 333 EPISTULA
1924 271 2095 335 XCVI
2107 324 2117 335 .

3321 291 3340 353 1
3354 291 3456 357 Ξίὶθ

2274 384 2429 441 XCV.
2450 418 2517 426 ——
2530 386 2568 441 Α
2580 390 2782 444 ntiorho
2809 394 3071 462 profecto.

1956 493 2170 547 Maximi
2210 497 2560 567 magistratus
2605 516 2766 557 curas
2819 505 3039 574 quidem
3102 509 3453 580 deposuistis,

1884 583 1976 636 sed
2001 585 2171 654 gloria
2203 598 2380 641 vestra
2408 592 2549 659 apud
2582 608 2772 648 omnes
2795 594 2973 651 ﬂoret.
3021 599 3121 664 Qui
3170 603 3316 657 enim
3355 605 3457 661 be—

1884 676 2093 729 neficiis
2114 679 2313 733 vestris
2336 678 2513 734 ornati
2547 682 2791 750 fuerunt,
2824 689 3044 745 assidue
3080 692 3170 746 illa
3219 708 3455 750 comme-

1883 775 2098 819 morant
2138 769 2379 837 (plurimi
2420 782 2602 826 autem
2629 774 2665 828 ii
2700 786 2847 841 sunt,
2874 787 2928 833 et
2958 780 3206 855 ubique),
3240 783 3460 841 laudes-

1883 872 1989 926 que
2022 867 2232 913 vestras
2265 862 2405 930 apud
2438 863 2576 919 alios
2606 867 2928 935 prtedicant,
2959 882 3014 926 et
3063 873 3130 926 ad
3185 877 3455 944 prmeonia

1883 957 2062 1002 vestra
2118 949 2333 1005 illorum
2387 953 2550 1007 etiam
2599 956 2812 1026 linguas
2865 972 3109 1017 movent.
3159 966 3272 1036 Ego
3322 983 3455 1022 vero

1882 1054 2207 1109 magnopere
2247 1041 2420 1107 laetor,
2465 1046 2752 1102 amabilem
2802 1049 3038 1107 fructum
3073 1071 3325 1123 cernens,
3360 1060 3455 1130 qui

1882 1128 2181 1183 multorum
2249 1146 2346 1186 ore
2403 1134 2735 1191 celebratam
2801 1140 3040 1197 radicem
3102 1128 3453 1204 condecorat.

1881 1218 2249 1287 Quamobrem
2280 1223 2347 1277 ad
2379 1227 2583 1294 majora
2626 1236 2683 1281 et
2721 1229 3051 1297 perfectiora
3098 1236 3453 1306 magniﬁcen-

1885 1310 2013 1375 tiam
2066 1321 2303 1368 vestram
2358 1314 2550 1380 invito,
2608 1326 2772 1389 atque
2820 1330 2879 1376 ut
2912 1323 3279 1383 Ecclesiarum
3308 1338 3457 1386 tran-

1881 1403 2170 1472 quillitatis
2218 1421 2404 1460 curam
2455 1424 2612 1477 geras
2655 1412 2922 1468 obtestor.
2970 1417 3191 1488 Magnos
3219 1421 3365 1475 enim
3396 1422 3453 1478 in

1881 1493 1968 1547 liis
2027 1493 2227 1549 ﬂuctus
2280 1498 2591 1554 excitarunt
2645 1502 2740 1570 qui
2780 1515 2968 1559 contra
3013 1522 3116 1563 nos
3151 1510 3456 1569 calumnias

1880 1584 2175 1638 commenti
2234 1595 2382 1642 sunt.
2437 1588 2552 1655 Qua
2603 1591 2671 1647 de
2709 1608 2873 1648 causa
2920 1604 2977 1651 et
3005 1597 3116 1653 Deo
3147 1600 3452 1658 cbarissimi

1879 1675 2145 1745 episcopi,
2173 1687 2230 1731 et
2264 1678 2520 1734 itinerum
2553 1683 2913 1754 longitudine,
2943 1698 3001 1743 et
3055 1690 3254 1745 virium
3293 1692 3453 1748 infir«

1880 1766 2090 1829 mitate,
2149 1776 2205 1822 et
2264 1769 2422 1823 senili
2472 1779 2630 1827 aelate
2689 1785 3030 1847 contempta,
3089 1782 3454 1854 gregibusque

1881 1855 2000 1911 sine
2050 1867 2268 1927 pastore
2312 1860 2537 1928 relictis,
2587 1864 2800 1935 longam
2858 1854 3017 1923 i‘stam
3058 1873 3457 1942 peregrinatio-

1881 1960 2006 1999 nem
2059 1961 2441 2021 suseeperunt,
2491 1952 2784 2011 conﬂatum
2835 1957 2890 2012 in
2932 1974 3033 2014 nos
3059 1961 3406 2018 mendacium
3437 1967 3463 1997 '-

1883 2034 2130 2089 refellere
2151 2049 2523 2107 properantes.
2553 2042 2785 2114 Adjuvet
2821 2061 2952 2116 ergo
2992 2047 3116 2103 illos
3142 2051 3454 2120 amplitudo

1884 2127 2100 2199 1166
2154 2137 2354 2196 vestra,
2403 2139 2459 2187 et
2510 2135 2781 2191 calumnia
2830 2152 3092 2208 oppresso
3148 2145 3445 2202 consulens

1879 2218 2116 2285 Orienti,
2151 2228 2206 2275 et
2241 2220 2367 2278 ﬁdei
2418 2228 2730 2298 apostolicae
2769 2230 3134 2301 prospiciens.
3185 2233 3454 2293 Convenit

1876 2308 2025 2361 enim
2074 2326 2172 2365 vos
2193 2313 2261 2366 ad
2285 2324 2483 2371 caetera
2509 2318 2770 2388 praeclara
2793 2320 3036 2379 facinora
3064 2324 3205 2382 hanc
3232 2343 3453 2399 quoque

1876 2399 2104 2468 gloriam
2134 2402 2369 2474 adjicere
2388 2448 2404 2465 .

2298 2519 2387 2575 XC
2397 2520 2480 2576 VI.
2498 2550 2559 2563 -η
2580 2523 2746 2578 Νοιηο
2784 2530 3023 2596 patricio.

1943 2623 2033 2680 Bis
2077 2628 2187 2697 jam
2236 2646 2361 2684 eum
2421 2634 2756 2703 scripserim,
2789 2652 2852 2693 ac
2889 2648 2971 2695 ter
3004 2643 3189 2710 etiam,
3226 2647 3444 2715 opinor,

1874 2734 2196 2788 responsum
2244 2738 2357 2776 non
2410 2727 2636 2795 accepi:
2690 2738 2747 2783 et
2799 2746 2921 2784 cum
2972 2732 3136 2789 silere
3191 2735 3449 2808 deinceps

1874 2817 2193 2873 statuerem,
2235 2828 2299 2867 ac
2328 2830 2474 2870 nunc
2512 2816 2728 2873 tandem
2763 2836 2848 2875 me
2873 2837 3056 2887 nosse,
3084 2832 3445 2894 potestatum.

1873 2913 1979 2966 que
2047 2902 2480 2971 magnitudinem
2532 2923 2855 2977 agnoscere,
2907 2913 3081 2968 satius
3138 2917 3445 2973 existimavi

1873 2991 2113 3047 scribere
2156 2995 2378 3060 iterum,
2419 2998 2744 3070 silentiique-
2778 3018 2997 3058 causam
3034 3013 3096 3059 ut
3126 3007 3326 3063 doceas
3359 3026 3448 3064 ro-

1872 3099 2021 3152 gare.
2071 3085 2282 3142 Revera
2328 3089 2475 3143 enim
2529 3092 2793 3150 adversus
2841 3096 3302 3167 magnificentiam
3353 3118 3447 3157 ve-

1872 3182 2042 3226 stram
2083 3189 2343 3243 peccasse
2367 3193 2452 3233 me
2477 3181 2774 3251 quidquam
2802 3174 3010 3253 nescio.
3043 3184 3150 3241 Sed
3173 3187 3302 3257 quia
3333 3203 3445 3244 non

1871 3263 2119 3318 volentes
2147 3266 2332 3331 modo,
2359 3269 2456 3323 sed
2485 3271 2735 3327 nolentes
2754 3288 2973 3344 quoque
2995 3276 3252 3343 labimur,
3287 3279 3445 3349 igno-

1870 3367 2163 3423 ramusque
2196 3355 2474 3411 interdum
2503 3359 2560 3414 in
2582 3361 2783 3429 quibus
2807 3362 3202 3432 delinquimus,
3234 3369 3444 3439 magni-

1870 3443 2090 3497 ficentia
2134 3453 2316 3499 vestra
2370 3447 2680 3504 divinarum
2724 3467 2936 3507 memor
2985 3455 3189 3526 legum,
3234 3461 3328 3529 qui
3355 3463 3445 3516 di-

1870 3544 2016 3590 sorte
2046 3537 2408 3606 praecipiunt:
2449 3559 2466 3590 ι
2501 3540 2556 3595 Si
2591 3544 2899 3610 peccaverit
2926 3545 2979 3599 in
3008 3556 3059 3601 te
3092 3547 3265 3602 frater
3290 3558 3439 3615 tuus,

1868 3626 2084 3695 corripe
2107 3642 2233 3681 eum
2269 3628 2413 3682 inter
2444 3637 2496 3683 te
2525 3640 2579 3684 et
2607 3631 2784 3700 ipsum
2807 3634 2981 3688 solum
3023 3636 3091 3700 ⁸⁵,
3118 3656 3136 3687 ι
3177 3638 3443 3695 molestiae

1869 3730 2089 3769 causam
2114 3717 2250 3771 mihi
2279 3733 2552 3788 exponere
2584 3736 2653 3776 ne
2705 3731 2981 3792 gravetur,
3030 3735 3092 3780 ut
3141 3727 3228 3782 vel
3279 3727 3441 3783 inno-

1868 3817 2085 3862 centem
2118 3824 2240 3864 esse
2262 3825 2349 3866 me
2378 3813 2683 3877 ostendam,
2706 3814 2793 3868 vel
2822 3816 3001 3885 agnita
3034 3817 3193 3888 culpa
3224 3820 3439 3875 venian-

1869 3913 2043 3953 orem.
2072 3898 2393 3971 Quanquam
2418 3902 2573 3972 prius
2604 3903 2736 3959 illud
2772 3905 3018 3962 futurum
3050 3908 3288 3986 conﬁdo,
3331 3910 3443 3967 fre-

1869 3998 1959 4045 tus
1995 3992 2349 4047 conscientiae
2372 3995 2704 4049 testimonio.
2736 3996 2904 4051 Porro
2935 4005 3163 4057 cunctos
3190 3999 3442 4055 homines

1870 4095 1993 4135 cum
2040 4090 2201 4136 ornet
2252 4083 2690 4153 magnanimitas,
2739 4091 2854 4138 tum
2884 4086 3007 4141 illos
3037 4089 3291 4154 maxime,
3344 4092 3439 4161 qui

1868 4187 2079 4243 magnas
2102 4181 2207 4227 tua:
2242 4172 2444 4228 indolis
2469 4174 2739 4244 exemplo,
2772 4185 2829 4230 et
2854 4178 3097 4234 externis
3128 4179 3440 4251 disciplinis

1867 4265 2092 4330 exculti,
2115 4274 2172 4319 et
2195 4263 2399 4319 divinis
2419 4264 2645 4330 eruditi,
2664 4266 2995 4335 apostolicas
3020 4267 3167 4337 leges
3187 4270 3437 4328 audiant.

192 4364 314 4419 θεῖα
363 4368 852 4437 πεπαιδευμένους,
885 4369 981 4423 καὶ
1021 4368 1130 4422 τῶν
1155 4368 1523 4422 ἀποστολικῶν
1541 4369 1760 4422 ἐπαΐονο-

1876 4358 2019 4411 clara
2048 4372 2181 4410 voce
2213 4357 2635 4427 pronuntiantes
2665 4374 2679 4410 :
2720 4375 2738 4407 ι
2762 4357 2853 4412 Sol
2876 4372 2985 4411 non
3024 4358 3237 4413 occidat
3258 4374 3455 4429 super»

188 4474 291 4521 τας
316 4457 519 4527 νόμων,
540 4458 801 4531 ἄντικρυς
823 4459 1089 4529 βοώντων·
1115 4479 1134 4511 ‹
1159 4459 1250 4528 Μὴ
1279 4460 1585 4512 ἐπιδυέτωό
1611 4458 1762 4528 ἥλιος

188 4548 287 4601 ἐπὶ
331 4548 409 4618 τῷ
457 4550 821 4621 παροργισμῷ
878 4549 1065 4620 ὑμῶν·
1106 4569 1125 4601 ι
1174 4550 1269 4603 καὶ
1310 4549 1416 4602 τῶν
1450 4549 1761 4622 Ὁμηρικῶν

191 4653 261 4709 με
270 4656 374 4710 μνη
383 4641 575 4709 μένους
610 4640 771 4696 ἐπῶν.

316 4789 330 4803 .
496 4791 510 4804 .
553 4791 567 4805 .
608 4752 692 4805 Σὺ
722 4752 788 4805 δὲ
814 4753 1190 4823 μεγγτλήτορα
1222 4755 1413 4823 θυμὸν

191 4820 368 4890 Ἴσκε
388 4820 477 4873 ἐνί
509 4822 829 4887 στήθεσσι·
856 4820 1274 4894 φιλοφροσύνη
1294 4820 1410 4894 ’γὰρ
1443 4824 1717 4896 ἀμείνων.

262 4928 445 4982 Ταῦτα
469 4926 525 4982 δὲ
554 4929 615 4983 οὑ
638 4929 901 4985 διδάσκων
926 4930 1083 5004 ἔφην,
1105 4932 1219 4986 ἀλλ’
1243 4935 1672 5007 ἀναμιμνήσκων
1699 4939 1757 4990 ὲν

185 5020 404 5084 πολλοῖς
447 5019 612 5075 οὖσαν
650 5024 749 5092 τὴν
787 5024 1061 5095 ὑμετέραν
1114 5025 1588 5095 μεγαλοπρέπειαν
1614 5043 1626 5057 ⁸
1666 5029 1759 5082 καὶ

186 5111 376 5183 μέντοι
420 5114 512 5166 καὶ¹
547 5112 653 5166 τῶν
682 5112 777 5167 τοῦ
834 5115 1040 5187 Κυρίου
1069 5115 1414 5186 μεμνημένος
1453 5117 1656 5188 νόμων,
1707 5119 1756 5170 οἳ

180 5202 359 5258 ταῦτα
404 5205 848 5276 διαγορεὺουσιν·
904 5226 923 5257 ι
976 5208 1100 5262 Ἐὰν
1129 5209 1443 5283 προσφέρῃς
1484 5210 1546 5264 τὸ
1582 5210 1754 5282 δῶρόν

180 5310 281 5346 σου
316 5294 410 5347 ἐπὶ
443 5293 504 5346 τὸ
535 5294 935 5365 θυσιαστήριον,
971 5298 1131 5350 κάκεῖ
1160 5297 1404 5369 μνησθῇς
1434 5299 1516 5352 ὅτι
1549 5299 1661 5369 ἔχει
1696 5316 1748 5353 τι

175 5386 207 5437 ὁ
244 5381 471 5452 ἀδελφός
511 5400 603 5436 σου
657 5383 800 5436 κατὰ
845 5383 959 5448 σοῦ,
986 5386 1121 5454 ἄφες
1174 5390 1290 5441 ἐκεῖ
1334 5388 1394 5443 τὸ
1438 5388 1609 5461 δῶρόν
1656 5408 1751 5445 σου

177 5471 494 5544 ἔμπροσθεν
541 5472 636 5525 τοῦ
672 5471 1082 5545 θυσιαστηρίου,
1133 5476 1228 5529 καὶ
1267 5475 1481 5546 ὕπαγε,
1534 5478 1752 5550 πρῶτον

1871 4449 2212 4502 iracundiam
2249 4456 2488 4501 vestram
2505 4449 2585 4515 '°;
2610 4467 2628 4498 ι
2660 4457 2715 4502 et
2748 4449 3050 4505 Homericae
3076 4450 3367 4505 sententia:
3389 4451 3432 4482 “

1870 4540 2241 4594 meminerint.

1978 4785 1991 4798 .
2028 4788 2039 4798 .
2077 4788 2088 4799 .
2132 4785 2144 4798 .
2182 4784 2195 4798 .
2246 4787 2256 4798 .
2296 4784 2308 4798 .
2344 4745 2416 4798 Tu
2446 4747 2623 4815 magni
2644 4747 2862 4815 pectoris
2895 4749 3031 4802 iram

1973 4815 2290 4885 Comprime,
2322 4831 2445 4869 nam
2471 4814 2692 4886 placida:
2712 4817 2900 4871 melior
2920 4817 3199 4871 clementia
3223 4817 3431 4874 mentis.

1861 4924 2072 4997 1167
2127 4926 2252 4982 Haec
2274 4935 2456 4981 autem
2518 4942 2628 4981 non
2662 4926 2896 4982 docendi
2929 4927 3111 4982 studio
3142 4926 3279 4994 dixi,
3333 4929 3429 4983 sed

1855 5028 1917 5075 ut
1971 5019 2388 5091 magnificentiae
2435 5025 2542 5074 tua:
2575 5019 2630 5073 in
2665 5019 2850 5075 multis
2875 5026 3151 5089 occupatae
3177 5033 3429 5074 revocent

1856 5111 1910 5166 in
1940 5111 2283 5175 memoriam,
2312 5126 2436 5166 cum
2466 5109 2680 5165 Domini
2704 5126 2921 5181 quoque
2951 5111 3131 5181 legum
3158 5111 3342 5166 veniat
3373 5111 3429 5164 in

1859 5212 2118 5267 mentem,
2167 5216 2288 5272 quae
2343 5200 2445 5256 ista
2494 5202 2860 5271 praecipiunt:
2897 5220 2915 5253 ‹
2944 5200 2999 5255 Si
3043 5200 3432 5255 oil‘ersmuhus

1862 5304 2015 5349 tuum
2041 5295 2107 5350 ad
2142 5295 2332 5354 altare,
2364 5301 2419 5348 et
2448 5293 2522 5347 ibi
2552 5293 2870 5348 recordatus
2889 5291 3080 5358 fueris,
3098 5293 3242 5363 quod
3262 5291 3433 5346 frater

1860 5398 1987 5441 tuus
2017 5386 2217 5440 habeat
2249 5385 2457 5455 aliquid
2494 5384 2785 5439 adversum
2823 5393 2896 5448 te,
2923 5384 3172 5454 relinque
3201 5383 3278 5438 ibi
3309 5398 3432 5436 mu-

1859 5495 1963 5533 nus
2017 5485 2172 5531 tuum
2228 5485 2353 5533 ante
2401 5478 2590 5540 altare,
2636 5485 2689 5529 et
2732 5476 2866 5532 vade
2904 5476 3058 5545 prius
3085 5472 3429 5532 reconciliari

246 5649 295 5683 ⁸⁹
313 5638 501 5705 Matth.
524 5666 670 5714 xvut,
694 5650 778 5703 15.
855 5650 900 5681 ⁹⁰
922 5649 1121 5719 Ephcs.
1149 5666 1219 5713 tv,
1252 5650 1339 5704 96.
1416 5654 1457 5685 ⁹¹
1482 5644 1643 5710 Iliad.
1682 5672 1717 5712 Ι.
1749 5655 1871 5710 256.

550 5768 817 5825 ιἈτιιοι..
859 5765 903 5825 G
919 5786 977 5825 ιι.
1020 5765 1343 5826 LXXXIII.

2990 5775 3058 5827 41
