3924 6192
450 233 574 296 1.291

1436 234 1924 296 THEODORETI
1961 231 2300 294 EPISCOPI
2342 236 2703 294 Cl'RENSiS

3571 238 3716 300 12°13

446 346 601 402 fratri
630 354 745 409 tuo,
779 354 831 402 et
855 355 985 402 tunc
1016 347 1241 401 veniens
1263 345 1462 402 oﬂ’eres
1492 363 1694 403 munus
1725 358 1881 403 tuum
1912 348 1979 399 θ’.
2002 364 2021 396 ι

2135 349 2454 419 διαλλάγηθι
2500 350 2577 420 τῷ
2624 347 2840 418 ἀδελφῴ
2870 366 2988 413 σου,
3031 349 3125 402 καὶ
3169 349 3288 403 τότε
3335 350 3507 405 ἐλθὼν
3540 369 3723 424 προσ·
3783 387 3786 390 ~

444 440 544 495 llis
588 440 919 510 obsequens,
953 448 1382 494 consentaneum
1424 440 1556 494 duxi
1581 443 1746 496 etiam
1778 456 1877 510 per
1915 440 2026 495 Deo

446 529 802 587 charissimos
822 529 1112 599 episcopos
1135 529 1569 600 magnitudinem
1590 537 1737 586 tuam
1761 531 2023 594 salutare,

447 626 504 679 et
541 637 699 678 orare
740 630 800 676 ut
831 621 1036 691 quietis
1070 620 1440 675 Ecclesiarum
1465 638 1654 676 curam
1687 631 1858 692 gerat.
1895 622 2023 675 Flu-

448 715 628 771 ctibus
652 715 800 770 enim
830 713 1250 783 quamplurimis
1284 714 1517 784 oppleta
1558 725 1706 770 sunt.

788 919 1124 975 Μῖνα-ο
1179 918 1431 990 Sporacio
1487 918 1709 972 comiti.’

517 1037 872 1091 Delectarunt
913 1048 1004 1088 me
1027 1032 1226 1086 litterae
1255 1030 1671 1101 mgniﬁcentia:
1702 1037 1805 1085 tuae
1832 1049 1844 1083 :
1875 1032 2025 1084 auxit

446 1143 578 1184 vero
593 1127 838 1183 laetitiam
861 1127 972 1180 Deo
990 1123 1345 1180 charissimus
1362 1122 1645 1194 presbyter
1658 1130 1712 1177 et
1728 1121 2030 1176 monachus

445 1221 803 1283 Jamblichus,
817 1218 1098 1292 ardentem
1117 1216 1292 1270 zelum
1309 1224 1549 1270 vestrum
1568 1229 2024 1280 commemorans,

447 1321 503 1365 et
548 1311 791 1366 studium
820 1325 1003 1366 rerum
1029 1309 1361 1369 divinarum,
1387 1315 1444 1360 et
1468 1307 1740 1360 sinceram
1766 1321 1895 1376 erga
1925 1320 2028 1359 nos

447 1403 910 1460 benevolentiam.
938 1401 1051 1470 Ego
1075 1415 1229 1464 vero,
1253 1397 1576 1459 hisauditis,
1599 1396 1873 1466 simulque
1889 1411 2030 1466 quos

450 1511 552 1565 pro
592 1493 755 1549 nobis
808 1493 1024 1547 labores
1048 1491 1315 1546 sustineat
1338 1488 1764 1559 gloriosissimus
1789 1487 2030 1542 Christi-

447 1603 555 1658 que
608 1601 797 1640 amans
841 1584 1100 1639 dominus
1153 1581 1439 1644 Patricius,
1487 1581 1843 1650 apostolicam
1872 1579 2031 1634 vobis

449 1678 893 1733 benedictionem
953 1675 1194 1744 profero,
1229 1689 1393 1743 quam
1421 1672 1617 1726 beatus
1651 1671 2029 1742 Onesiphorus

445 1786 480 1824 a
503 1776 688 1823 sancta
716 1767 806 1820 illa
827 1767 1010 1836 lingua
1042 1765 1341 1834 reportavit
1371 1782 1382 1817 :
1423 1784 1441 1816 ι
1467 1766 1568 1819 Det
1592 1764 2026 1819 misericordiam

448 1861 714 1915 Dominus
764 1858 972 1925 (domui
1017 1855 1256 1926 vestrm),
1298 1857 1427 1926 quia
1471 1869 1614 1925 saepe
1661 1870 1748 1909 me
1797 1855 2026 1926 refrige-

450 1953 611 2017 ravit,
665 1960 723 2007 et
773 1959 1022 2006 catenam
1061 1964 1236 2003 meam
1278 1964 1388 2002 non
1426 1948 1667 2002 erubuit.
1723 1949 1824 2002 Det
1872 1949 2030 2004 vobis

449 2045 712 2101 Dominus
738 2043 984 2098 invenire
1008 2040 1441 2096 misericordiam
1482 2055 1514 2095 a
1554 2039 1788 2094 Domino
1828 2041 1885 2094 in
1937 2040 2028 2095 illa

447 2137 537 2192 die
559 2137 624 2190 ³³.
665 2154 684 2187 ι
727 2136 853 2190 Haec
875 2133 1034 2188 vobis
1055 2141 1275 2202 exopto,
1303 2132 1433 2186 licet
1475 2131 1780 2198 majoribus
1804 2146 1891 2186 me
1933 2147 2031 2186 ve-

447 2230 628 2285 ritatis
667 2229 856 2284 hostes
887 2227 1147 2283 aerumnis
1196 2226 1412 2295 1168
1465 2225 1768 2295 implicent,
1814 2236 1875 2280 ut
1929 2241 2033 2295 pu-

447 2329 588 2376 tant.
644 2317 992 2389 Propositum
1043 2317 1192 2372 enim
1248 2323 1304 2371 et
1333 2323 1573 2371 mentem
1610 2324 1859 2385 spectare
1882 2315 2029 2370 didi-

446 2412 642 2466 cimus.
697 2411 815 2465 Hoc
871 2424 1004 2464 vero
1053 2418 1231 2463 ratum
1263 2407 1428 2462 etiam
1474 2408 1672 2462 habeat
1711 2407 2029 2478 magnitudo

444 2512 650 2566 vestra,
705 2501 867 2555 nobis
893 2499 1350 2570 jucundissimam
1375 2514 1496 2554 esse
1525 2500 1872 2569 conjunctam
1901 2515 2028 2553 cum

446 2594 651 2663 pietate
698 2600 931 2646 mortem
977 2600 1034 2644 et
1083 2591 1303 2644 ultimas
1360 2605 1485 2644 oras
1521 2597 1812 2644 terrarum.
1864 2589 2029 2660 Angit

446 2693 630 2738 tamen
657 2699 759 2738 nos
781 2682 1043 2736 Ecclesia:
1068 2690 1388 2751 tempestas,
1421 2695 1586 2750 quam
1618 2680 1812 2735 sedare
1847 2688 2028 2750 potest

445 2773 709 2829 Dominus
739 2773 1140 2828 universorum.

907 2976 1138 3032 XCVIII.
1155 2975 1563 3029 —-Panchario.

518 3090 786 3158 Angimur
847 3103 946 3141 nos
1007 3087 1231 3156 quidem
1296 3086 1666 3140 Eeclesiarum
1727 3075 2093 3166 procella-mc

447 3190 739 3235 cernentes
769 3196 780 3232 :
826 3179 1022 3232 harum
1081 3181 1263 3233 autem
1314 3179 1580 3232 Dominus
1605 3187 1660 3233 ct
1690 3178 2028 3249 gubernator

448 3287 550 3340 per
575 3270 909 3324 decumanos
937 3268 1135 3324 ﬂuctus
1168 3269 1490 3339 sapientiam
1513 3286 1666 3323 suam
1694 3270 2026 3340 potentiam-

446 3379 555 3433 que
604 3361 924 3415 hominibus
975 3361 1284 3431 patefacere
1335 3362 1492 3416 solet.
1546 3363 1834 3432 Extemplo
1880 3364 2028 3417 enim

445 3461 638 3510 ventos
669 3453 937 3522 increpat,
964 3461 1019 3506 et
1040 3453 1496 3522 tranquillitatem
1527 3453 1656 3508 facit
1682 3454 1727 3485 ⁸³
1755 3473 1768 3508 :
1805 3453 1952 3524 quod
1974 3465 2029 3510 et

445 3546 499 3599 in
535 3545 904 3614 apostolorum
931 3545 1146 3614 navigio
1169 3546 1440 3615 praestitit.
1480 3547 1866 3601 Verumtamen
1901 3563 2025 3602 cum

443 3639 585 3692 hanc
613 3636 910 3691 Salvatoris
955 3637 1129 3690 nostri
1165 3639 1468 3707 potentiam
1526 3653 1636 3691 non
1689 3638 2024 3707 ignoremus,

442 3735 498 3781 et.
529 3727 664 3781 alias
687 3727 806 3796 ejus
855 3727 1294 3796 dispensationes
1342 3736 1657 3797 perspectas
1702 3729 2023 3794 habeamus,

444 3818 488 3872 si
511 3819 644 3888 quid
675 3819 888 3872 adversi
929 3818 1239 3888 contigerit,
1268 3819 1496 3888 gratiam
1523 3820 1810 3884 habemus,
1835 3830 1890 3875 et
1914 3830 2028 3875 tan-

443 3925 609 3978 quam
653 3927 683 3963 a
734 3910 846 3963 Deo
897 3909 1084 3964 datum
1132 3925 1332 3963 munus
1375 3911 1700 3980 accipimus.
1731 3913 2025 3968 Praesentia

443 4003 715 4071 siquidem
761 4004 1066 4072 aspernari,
1096 4012 1150 4058 et
1193 4021 1314 4074 qum
1335 4015 1627 4074 sperantur
1648 4007 1791 4061 bona
1826 4024 2023 4078 exspe-

442 4101 594 4145 ctare
648 4090 1478 4162 didicimus:Magniﬁcentiam
1529 4111 1692 4164 porro
1751 4105 1897 4152 tuam
1954 4100 2022 4154 ad

442 4182 754 4251 apostolica)
804 4181 928 4236 fidei
968 4184 1343 4238 defensionem
1389 4187 1631 4241 studium
1673 4204 1832 4242 suum
1889 4207 2022 4244 con-

440 4275 586 4326 ferre
637 4274 914 4338 convenit,
972 4284 1032 4329 ut
1080 4275 1200 4344 ejus
1253 4277 1752 4332 remunerationem
1804 4279 1873 4334 ab
1903 4282 2023 4335 uni-

440 4380 722 4420 versorum
754 4365 866 4420 Deo
896 4375 1285 4434 consequatur.

717 4482 902 4537 XCIX.
917 4513 988 4521 --
1003 4482 1298 4538 Claudiano
1316 4487 1732 4556 antigraphario--

505 4599 679 4665 Quam
715 4597 1003 4653 manifesta
1023 4597 1411 4663 sitcalumnia,
1452 4615 1574 4668 quae
1606 4600 1661 4655 in
1688 4617 1790 4657 nos
1817 4604 2020 4672 jactata

435 4697 543 4754 est,
593 4700 741 4744 tuam
783 4704 1002 4759 quoque
1047 4688 1530 4760 magniﬁcentiam,
1568 4691 1698 4746 licet
1727 4693 2018 4748 nobiscum

436 4781 684 4838 nondum
711 4782 782 4837 sit
803 4796 1116 4851 congressa,
1147 4795 1310 4835 nosse
1334 4781 1596 4836 arbitror.
1629 4785 1646 4802 ‘
1686 4782 1838 4852 Saepe
1867 4784 2018 4838 enim

438 4887 538 4927 nos
566 4873 620 4926 in
663 4871 894 4928 ecclesia
932 4871 1266 4926 disserentes
1292 4871 1524 4936 audivit,
1555 4887 1681 4927 cum
1717 4889 1886 4928 unum
1910 4873 2015 4928 Do-

439 4964 649 5018 minum
694 4974 944 5020 nostrum
991 4963 1177 5018 Jesum
1227 4963 1510 5017 Christum
1563 4965 2014 5032 prredicaremus,

435 5064 511 5122 et,
545 5071 666 5125 qua:
715 5056 770 5111 in
799 5072 865 5111 eo
891 5054 1214 5117 divinitatis,
1253 5069 1483 5123 quaeque
1515 5055 1876 5111 humanitatis
1907 5057 2017 5114 sint

436 5147 659 5219 propria
703 5147 1141 5203 ostenderemus.
1197 5145 1389 5214 Neque
1419 5145 1568 5199 enim
1613 5147 1666 5200 in
1700 5147 1841 5204 duos
1871 5149 2016 5206 ﬁlios

435 5255 608 5295 unum
640 5237 959 5304 dividimus,
999 5237 1094 5292 sed
1126 5251 1296 5291 unum
1323 5235 1674 5306 Unigenitum
1697 5237 2012 5308 adorantes,

522 5373 568 5407 "
601 5373 791 5428 Matth.
821 5387 874 5437 v,
903 5371 994 5436 23,
1026 5371 1116 5426 9.4.
1209 5371 1256 5403 ⁸³
1294 5371 1338 5424 ll
1379 5370 1621 5426 Timoth.
1652 5389 1689 5436 ι,
1720 5374 1905 5432 16-18.

505 5487 614 5562 (62)
647 5487 985 5562 S_ic_sempe‘r
1031 5486 1423 5562 scribitn_r,_ut
1460 5503 1626 5562 supra
1673 5490 1727 5544 in
1777 5493 2004 5562 epistola

433 5555 624 5645 spuria
653 5556 720 5645 de
749 5556 1022 5645 Nestoﬁrti‘o,
1051 5555 1393 5645 2;:Odlﬁ‘in
1409 5555 1560 5645 Iactis
1586 5555 2008 5645 concilii-ﬁlia]-

433 5624 624 5678 cedon.
659 5633 720 5677 ut
747 5641 869 5695 pag.
904 5625 1026 5683 56d.
1051 5625 1174 5689 940,
1223 5625 1354 5678 edit.
1409 5626 1578 5680 Mans.
1611 5637 1666 5683 et
1711 5631 1858 5685 alibi.
1893 5632 2007 5686 Sir-

435 5693 668 5748 mondus
694 5694 961 5752 habebat:
987 5695 1310 5765 Σφωρακίῳ.
1343 5695 1610 5751 Baronius
1639 5698 1706 5753 ad
1732 5715 1762 5754 a
1786 5700 1847 5756 C.
1879 5702 2003 5768 449,

2048 4419 2100 4478 D

2134 443 2321 513 φέρεις
2347 443 2408 496 τὸ
2427 442 2600 513 δῶρόν
2633 459 2748 496 σου.
2783 461 2800 493 ι
2837 442 3061 508 Τούτοις
3091 445 3380 515 ἑπόμενος,
3411 448 3726 514 ἀναγκαῖον

2131 533 2318 606 ᾠήθην
2346 535 2440 587 καὶ
2469 534 2556 587 διὰ
2600 535 2709 588 τῶν
2737 534 3169 604 θεοφιλεστάτων
3201 537 3522 592 ἐπισκόπων
3555 557 3726 608 προσ-

2131 625 2306 676 ειπεῖν
2337 623 2492 694 ὑμῶν
2519 625 2579 676 τὸ
2607 625 2860 694 μέγεθος,
2886 626 2982 678 καὶ
3015 629 3396 698 παρακαλέσαι
3431 631 3726 701 φροντὶσαι

2128 710 2229 780 τῆς
2268 710 2375 763 τῶν
2416 712 2752 782 Ἑκκλησιῶν
2800 715 3067 786 γαλήνης.
3104 719 3438 791 Παμπὸλλης
3480 722 3603 791 γὰρ
3635 723 3729 774 ἐν.

2131 802 2487 875 επλήσθησαν
2519 804 2707 875 ζάλης.

2440 921 2552 986 ιηῑυ.
2587 951 2657 960 -—
2691 925 3000 990 Σπορακίῳ
3029 925 3234 993 κόμητι
3265 926 3400 996 (62).

2215 1029 2647 1102 Ἐψυχαγώγησέ
2680 1050 2747 1102 με
2785 1033 2887 1103 τῆς
2927 1036 3202 1104 ὑμετέρας
3235 1038 3732 1109 μεγαλοπρεπεῖας

2131 1121 2197 1174 τὰ
2220 1121 2558 1190 γράμματα’
2600 1122 2802 1192 ηὔξησε
2835 1123 2891 1176 δέ
2948 1142 3048 1194 μου
3095 1125 3192 1196 τὴν
3236 1127 3512 1198 θυμηδίαν
3565 1133 3666 1182 καὶ
3707 1135 3731 1183 ὁ

2133 1211 2547 1280 θεοφιλέστατος
2577 1215 2952 1286 πρεσϐύτερος
2982 1217 3078 1270 καὶ
3104 1218 3349 1286 μονάζων
3385 1221 3730 1292 “ﬁgam-.10;

2131 1304 2222 1358 τὸν
2257 1305 2460 1376 θερμὸν
2489 1305 2644 1375 ὑμῶν
2673 1305 3082 1377 διηγησάμενος
3113 1308 3292 1378 ζῆλον,
3324 1313 3424 1363 καὶ
3458 1312 3575 1381 τὴν
3609 1314 3733 1381 περὶ

2131 1395 2201 1448 τά
2227 1396 2346 1448 θεῖα
2379 1397 2636 1468 σπουδὴν,
2658 1390 2770 1450 ’καὶ
2804 1397 2904 1467 τὴν
2945 1399 3071 1468 περὶ
3101 1400 3246 1469 ἡμᾶς
3268 1402 3512 1470 γνησίαν
3551 1403 3733 1455 διάθε-

2136 1502 2239 1541 σιν.
2284 1486 2426 1554 Ἐγὼ
2454 1487 2507 1540 δὲ
2537 1487 2630 1540 καὶ
2664 1488 2836 1542 ταῦτα
2873 1489 3082 1560 μαθὼν,
3112 1492 3206 1545 καὶ
3231 1492 3325 1545 τοῦ
3363 1493 3730 1560 ἐνδοξοτάτου

2135 1577 2230 1630 καὶ
2287 1577 2637 1648 φιλοχρίστου
2678 1580 2872 1651 κυρίου
2918 1581 3014 1634 τοῦ
3062 1583 3359 1655 Πατρικίου
3391 1586 3530 1648 τοὺς
3590 1587 3737 1655 ὑπὲρ

2135 1666 2292 1737 ἡμῶν
2317 1668 2534 1735 ἀγῶνας
2559 1668 2795 1733 ἀκούων,
2840 1669 2938 1742 τὴν
2989 1671 3357 1743 ἀποστολικὴν
3394 1676 3536 1744 ὑμῖν
3577 1676 3742 1728 εὐλε-

2134 1758 2260 1826 γίαν
2301 1760 2620 1832 προσφέρω,
2653 1763 2718 1832 ἢν
2752 1764 2780 1814 ὁ
2822 1763 3093 1834 μακάριος
3132 1766 3491 1838 Ὀνησιφόρος
3529 1769 3604 1820 ἐκ
3639 1769 3743 1837 τῆς

2135 1849 2298 1917 ἁγίας
2346 1851 2562 1922 ἐκείνης
2603 1852 2968 1922 ἐκαρπώσατο
3013 1855 3295 1926 γλώσσης·
3347 1877 3367 1906 σ
3409 1857 3545 1927 Acin]
3591 1859 3742 1919 ξλεις

2136 1940 2342 2010 Κύριος
2364 1941 2461 2012 (τῷ
2486 1943 2651 2010 ὑμετέ
2663 1961 2738 2013 ρῳ
2761 1944 2942 2014 οἴκῳ),
2967 1947 3050 2000 ὅτι
3082 1947 3337 2010 πολλάκις
3367 1965 3438 2017 με
3465 1948 3741 2017 ἀνέψυξῖ,

2135 2031 2231 2084 καὶ
2261 2033 2362 2102 τὴν
2386 2032 2575 2087 ἅλυσίν
2603 2051 2704 2104 μου
2734 2036 2836 2090 οὑκ
2866 2037 3181 2109 ὲπῃσχύνθη
3201 2055 3215 2067 ο
3241 2039 3351 2108 δῴη
3389 2040 3532 2106 ὑμῖν
3565 2044 3597 2094 ὁ
3627 2043 3744 2095 K23-

2137 2139 2254 2194 ριος
2285 2123 2434 2187 ἔλεος
2458 2126 2640 2195 εὑρεῖν
2664 2129 2816 2199 παρά
2845 2130 3049 2200 Κυρίου
3084 2131 3144 2182 ἐν
3172 2132 3351 2203 ἐκείνῃ
3385 2136 3455 2203 τῇ
3478 2135 3688 2205 ἡμέρα
3719 2153 3740 2186 ο

2136 2218 2323 2272 Ταῦτα
2379 2221 2510 2291 ὑμῖν
2539 2222 2865 2293 ἐπεύχομαι,
2917 2228 3022 2278 κᾶν
3068 2226 3309 2295 μείζοσιν
3351 2230 3403 2281 οἱ
3451 2229 3570 2298 τῆς
3604 2230 3742 2299 ἁλη-

2137 2309 2288 2375 θείας
2319 2312 2504 2382 ἐχθροὶ
2549 2315 2922 2385 περιϐάλλωσί
2954 2335 3022 2388 με
3050 2318 3333 2390 λυπηροῖς,
3360 2321 3441 2384 ὼς
3465 2323 3745 2391 νομίζουο

2138 2421 2242 2456 σιν.
2278 2405 2372 2467 Εἰς
2403 2405 2510 2476 γὰρ
2543 2407 2643 2477 τὴν
2667 2409 2928 2479 πρόθεσιν
2957 2412 3168 2482 ἀφορᾷν
3195 2411 3603 2482 ἐδιδάχθημεν.
3632 2417 3744 2468 Καὶ

2134 2494 2290 2548 τοῦτο
2317 2494 2372 2548 δὲ
2400 2497 2533 2549 ἴστω
2559 2497 2714 2567 ὑμῶν
2751 2500 2812 2554 τὸ
2845 2500 3094 2570 μέγεθος,
3132 2502 3204 2566 ὼς
3240 2503 3384 2574 μετά
3435 2506 3544 2574 τῆς
3581 2507 3742 2558 εὖτε-

2137 2583 2289 2646 6είας
2336 2585 2430 2636 καὶ
2476 2586 2505 2637 ὁ
2547 2584 2774 2649 θάνατος
2819 2589 2953 2658 ἡμῖν
2990 2589 3226 2658 ἥδιστος,
3272 2593 3364 2644 καὶ
3418 2594 3477 2645 αξ
3518 2594 3630 2666 τῆς
3669 2599 3742 2646 cE-

2134 2675 2412 2746 κουιμένης
2451 2677 2719 2747 ἐσχατιαί.
2783 2680 2932 2750 Ἀνιᾷ
2985 2681 3042 2734 δὲ
3074 2683 3224 2752 ὅμως
3261 2685 3415 2753 ἡμᾶς
3447 2685 3573 2736 τῶν
3615 2686 3742 2740 Ἐκ-

2137 2766 2376 2837 κλησιῶν
2413 2770 2440 2822 ὁ
2499 2769 2737 2840 χειμὼν,
2786 2771 2845 2824 ὃν
2895 2773 3123 2837 δυνατὸς
3159 2772 3320 2828 λῦσαι
3371 2775 3488 2828 τῶν
3533 2777 3684 2830 ὅλων
3715 2781 3743 2832 6

2135 2856 2371 2930 Κύριος.

2637 2977 2756 3042 [ιη’.
2787 3007 2857 3016 -
2887 2980 3221 3047 Παγχαρίῳ.

2212 3081 2401 3157 Ἡμεῖς
2450 3087 2550 3158 μὲν
2582 3088 2864 3159 ἀνιώμεθα
2906 3090 3016 3143 τῶν
3059 3091 3403 3161 Ἐκκλησιῶν
3453 3093 3558 3146 τὸν
3609 3095 3745 3147 xli-

2132 3178 2275 3232 δωνα
2309 3179 2630 3248 βλέποντες·
2663 3181 2690 3231 ὁ
2723 3181 2778 3233 δὲ
2815 3180 3024 3235 τούτων
3065 3183 3346 3253 Δεσπότης
3392 3186 3494 3237 καὶ
3522 3187 3743 3254 x9639—

2131 3273 2303 3340 νήτης.
2327 3271 2414 3323 ἀεὶ
2441 3270 2530 3324 διὰ
2565 3272 2874 3340 τρικνμιῶν
2905 3273 3070 3336 ἔδειξε
3109 3276 3221 3337 τοῖς
3263 3273 3596 3343 ἀνθρώποις
3638 3281 3742 3344 1+;-

2130 3363 2338 3415 οἰκείαν
2375 3363 2570 3432 σοφίαν
2605 3364 2698 3416 καὶ
2726 3363 2982 3434 δύναμιν.
3022 3365 3316 3434 Ἐξαίφνης
3345 3365 3461 3437 γὰρ
3493 3369 3742 3438 ἐπιτιμᾷ

2129 3456 2242 3517 τοῖς
2266 3454 2514 3523 ἀνέμοις,
2545 3455 2638 3508 καὶ
2676 3456 2774 3525 τὴν
2799 3455 3042 3526 γαλήνην
3080 3457 3372 3527 ἐργάζεται
3400 3476 3415 3487 ’
3463 3459 3642 3512 τοῦτο
3685 3463 3740 3511 ἑὲ

2130 3546 2226 3599 καὶ
2253 3547 2362 3616 (63)
2391 3548 2484 3601 ἐπὶ
2521 3547 2612 3601 τοῦ
2640 3549 2887 3618 σκάφους
2909 3549 3019 3602 τῶν
3042 3550 3359 3603 ἀποστόλων
3389 3553 3736 3622 πεποὲηκεν.

2141 3639 2282 3693 Ἀλλ’
2314 3641 2464 3710 ὅμως
2497 3641 2590 3693 καὶ
2631 3640 2837 3709 ταύτην
2870 3642 2964 3695 τοῦ
3007 3642 3258 3712 Σωτῆρος
3293 3643 3460 3711 ἡμῶν
3492 3645 3607 3715 τὴν
3649 3647 3738 3697 δὲ-

2129 3749 2293 3802 ναμιν
2324 3733 2696 3803 ἐπιστάμενοι,
2728 3734 2821 3786 καὶ
2849 3734 2948 3797 τὰς
2982 3734 3149 3798 ἄλλας
3180 3735 3346 3788 αὑτοῦ
3383 3736 3564 3790 πάλιν
3595 3740 3738 3790 οἱκο-

2129 3824 2323 3894 νομίας
2361 3823 2583 3887 εἰδότες,
2626 3825 2728 3877 κᾶν
2771 3843 2822 3878 τι
2875 3825 2984 3878 τῶν
3032 3826 3292 3878 ἐναντίων
3337 3826 3483 3896 ἐκϐῇ
3512 3868 3527 3887 ,
3575 3830 3738 3897 χάριν

2127 3912 2388 3981 ὀμολογοῧ
2398 3931 2516 3984 μεν,
2538 3913 2633 3966 καλ⁵
2658 3913 2733 3976 ὡς
2760 3913 3042 3966 θεόσδοτον
3066 3914 3333 3984 δεχόμεθα
3361 3915 3581 3985 δῶρον.
3617 3919 3740 3970 τίς,

2127 4003 2236 4074 γὰρ
2291 4003 2577 4072 παρόντων
2627 4005 3013 4073 καταφρονεῖν,
3066 4004 3136 4057 τὰ
3174 4004 3232 4056 δὲ
3283 4006 3736 4078 προσδοκώμενα

2129 4094 2460 4164 προσμένειν
2510 4094 2872 4163 ἐδιδάχθημεν
2906 4094 3106 4162 ἀγαθά.
3152 4095 3263 4164 Τὴν
3293 4095 3350 4148 δὲ
3408 4097 3517 4164 σὴν
3560 4117 3737 4166 μεγεο

2127 4186 2458 4255 λοπρέπειαν
2489 4186 2588 4253 τὴν
2632 4186 2771 4256 ὑπὲρ
2799 4186 2897 4255 τῆς
2944 4186 3308 4256 ἀποστολικῆς
3336 4188 3596 4252 πίστεως
3626 4194 3738 4243 εἰς·

2127 4280 2374 4345 ενεγκεῖν
2425 4279 2692 4348 προσήκει
2752 4277 3018 4347 σπουδὴν,
3063 4277 3150 4330 ἵνα
3189 4277 3286 4347 τὴν
3338 4279 3490 4331 ύπὲο
3521 4282 3738 4352 ταύτης

2127 4372 2394 4424 ἀντίδοσιν
2426 4369 2578 4442 παρὰ
2609 4370 2743 4422 Θεοῦ
2770 4370 2880 4422 τῶν
2903 4370 3042 4422 ὂλων
3068 4369 3387 4440 κομίσηται.

2407 4482 2525 4550 ἥθ’.
2557 4515 2626 4522 -—
2662 4482 3016 4547 Κλαυδιανῷ
3047 4483 3412 4551 ἀντιτραφεῐ

2193 4594 2361 4669 Οἶμαι
2401 4599 2496 4650 καί
2539 4598 2635 4668 τὴν
2672 4598 2770 4666 σὴν
2801 4596 2997 4650 εἰδέναι
3051 4597 3572 4666 μεγαλοπρέπειαν,
3609 4602 3730 4654 χαί-

2121 4709 2203 4744 τοι
2244 4689 2470 4762 μηδέπω
2501 4689 2864 4758 συναφθεῖσαν
2891 4691 3045 4760 ἡμῖν,
3077 4689 3175 4758 τῆς
3207 4687 3328 4742 καθ’
3357 4690 3391 4757 ἡ
3404 4689 3533 4757 μῶν
3569 4709 3732 4760 γεγε-

2123 4781 2367 4852 νημένης
2404 4781 2771 4848 συκοφαντίας
2817 4779 2878 4832 τὸ
2928 4779 3227 4850 προφανές.
3277 4777 3575 4845 Πολλάκις
3630 4786 3735 4853 Ti;

2124 4872 2284 4944 ἡμῶν
2324 4873 2382 4924 ἐν
2425 4871 2694 4942 ἐκκλησίᾳ
2727 4871 3130 4940 διαλεγομένων
3183 4873 3449 4939 ἀκήκοεν,
3487 4879 3602 4926 καὶ
3647 4877 3734 4926 τὶν

2125 4965 2221 5017 ἕνα
2252 4963 2456 5033 Κύριον
2490 4962 2699 5033 Ἰησοῦν
2729 4963 3131 5034 κηρυττόντων,
3161 4963 3253 5014 καὶ⁵
3283 4961 3644 5018 δεικνύντων
3673 4969 3736 5017 τὰ

2124 5072 2182 5108 τε
2215 5055 2314 5124 τῆς
2348 5054 2622 5124 θεότητος,
2661 5053 2739 5106 τά
2755 5071 2812 5104 τε
2849 5054 2950 5122 τῆς
2999 5052 3425 5123 άνθρωπότητος
3482 5054 3634 5109 ἴδια.
3665 5060 3735 5108 (Ἰᾷ

2124 5147 2233 5217 γὰρ
2263 5149 2341 5210 εἰς
2369 5145 2463 5198 δύο
2492 5147 2642 5208 υἱοὺς
2691 5146 2781 5198 τὸν
2808 5143 2904 5197 ἕνα
2943 5144 3279 5216 διαιροῦμεν,
3313 5143 3438 5196 ἀλλ’
3466 5145 3582 5198 ἕνα
3619 5149 3737 5201 Mo-

2125 5240 2317 5310 νογενῆ
2347 5237 2801 5310 προσκυνοῦντες,
2839 5238 3043 5311 σαρκὸς
3068 5238 3161 5290 καὶ
3204 5236 3466 5306 θεότητος
3498 5237 3739 5295 δείκνυ-

2003 5378 2051 5412 “
2078 5376 2269 5433 Matth.
2303 5391 2418 5439 VIII,
2451 5375 2543 5429 96.

2115 5493 2206 5548 ubi
2226 5492 2382 5546 ‘hanc
2410 5491 2693 5562 epistolam
2725 5491 2894 5545 latine
2926 5489 3171 5557 exhibet,
3209 5505 3264 5561 p.
3301 5488 3431 5555 109,
3458 5490 3536 5548 ad
3583 5509 3741 5550 nia!-

2115 5563 2296 5630 ginem
2327 5562 2632 5630 Σποραδίῳ.

2187 5632 2300 5706 (65)·
2339 5615 2644 5687 xac'addi‘di
2673 5646 2704 5688 e
2732 5631 2902 5700 Neap.
