3924 6192
243 256 375 322 i263

1614 245 1971 309 EPISTULA
2007 247 2078 306 CI

3346 248 3481 315 1294

245 389 343 443 μεν
364 373 425 423 τὸ
448 369 725 438 διάφορον.
743 366 911 419 Τοῦτο
937 365 1017 425 δὲ.
1044 364 1117 427 ὼς
1140 360 1311 433 οἰμαι,
1339 360 1493 414 καὶοὶ
1515 358 1581 412 τὰ
1596 359 1805 428 Ἀρείου

1927 356 2131 429 [169
2162 358 2341 414 carnis
2366 368 2423 415 et
2453 360 2756 417 divinitatis
2784 361 3150 418 differentiam
3198 365 3484 423 docemus.

243 458 566 532 φρονοῦντες
604 453 943 527 ὁμολογοῦσι,
979 456 1073 508 καὶ
1117 454 1178 507 οὑ
1227 451 1451 506 καλοῦσι
1492 450 1590 521 τὴν
1635 450 1811 521 σάρκα

244 552 493 620 θεότητα,
527 548 647 602 οὔτε
685 547 793 618 μὴν
814 547 915 617 τὴν
956 545 1186 614 θεότητα
1223 544 1400 614 σάρκα
1439 540 1812 615 προσαγορεύ-

243 660 387 696 ουσι.
435 639 628 710 Σαφῶς
671 638 780 710 γὰρ
828 639 978 709 ήμᾶς
1011 639 1046 707 ή
1083 636 1205 691 θεία
1252 634 1443 706 Γραφὴ
1486 634 1577 689 καὶ
1607 632 1813 703 ταύτην

242 731 784 803 κάκείνην’διδάσκει
828 729 928 800 τὴν
985 727 1167 798 φύσιν.
1216 727 1355 781 Ἀλλ’
1386 729 1555 796 ὅμως,
1607 726 1813 780 τούτων

242 822 385 877 οὕτω
426 824 555 893 παρ’
586 822 743 892 ἡμῶν
777 822 1084 893 εἰρημένων
1114 820 1220 884 ἀεὶ,
1254 820 1472 889 ψευδεῖς
1509 835 1652 881 τινες
1690 816 1812 871 καθ’

241 914 401 986 ἡμῶν
457 913 746 984 ὑφαίνουσι
799 912 1011 983 λόγους.
1074 913 1265 983 Ἡμεῖς
1312 912 1370 965 δὲ
1418 908 1495 980 τῷ
1554 908 1847 962 συνειδότι¹

244 1005 596 1079 θαρροῦντες,
635 1005 730 1058 καὶ
770 1004 1022 1076 μάρτυρα
1062 1003 1159 1074 τῆς
1197 1001 1548 1065 διδασκαλίας
1599 1000 1814 1069 ἔχοντες

242 1094 350 1147 τῶν
376 1092 591 1147 ἐννοιῶν
617 1094 705 1147 τὸν
743 1093 1036 1164 Ἑπόπτην,
1082 1093 1226 1146 ἰστὸν
1254 1092 1521 1164 ἀράχνης,
1553 1089 1693 1143 κατά
1719 1088 1813 1142 τὸν

245 1186 557 1256 Προφήτην,
590 1183 1044 1254 ὑπολαμϐάνομεν
1075 1182 1142 1236 τὰ
1166 1183 1265 1253 τῆς
1293 1182 1651 1250 συκοφαντίας
1679 1180 1817 1248 ὑφά-

246 1294 446 1346 σματα.
486 1277 695 1331 Ἐκεῖνο
730 1276 838 1346 γὰρ
888 1276 1268 1347 προσμένομεν
1300 1275 1363 1328 τὺ
1416 1276 1716 1346 κριτήριον,
1756 1274 1818 1327 τὸ

247 1366 323 1438 μὴ
345 1367 597 1437 δεόμενον
634 1367 826 1435 λόγων,
856 1366 989 1420 ἀλλά
1020 1367 1155 1437 δῆλα
1211 1364 1401 1420 ποιοῦν
1425 1367 1495 1419 τά
1525 1365 1666 1428 τέως
1692 1365 1818 1418 λαν-

246 1454 501 1511 θάνοντα,
544 1453 730 1508 Ταῦτα
758 1454 846 1508 διά
890 1453 998 1510 τῶν
1028 1455 1457 1525 θεοφιλεστάτων
1500 1455 1815 1509 ἐπισκόπων

245 1544 462 1616 γράφω,
512 1542 788 1616 προῦργου
838 1546 1068 1615 νομίσας
1120 1548 1440 1617 προσειπεῖν
1471 1546 1572 1618 τήν
1618 1546 1718 1618 σὴν
1746 1546 1814 1599 δι’

244 1638 424 1693 αὑτῶν
476 1637 971 1708 μεγαλοπρέπειαν,
1024 1637 1119 1691 καὶ
1158 1639 1257 1708 τῆς
1296 1637 1642 1707 ὑποσχέσεως
1688 1637 1817 1701 ἀνα-

249 1692 639 1799 μνῆσαιέΟὑδὲ
683 1692 791 1798 γάρ
844 1692 1253 1799 πολέμοὺμενός
1295 1728 1390 1781 τοῦ
1424 1692 1675 1800 θηηρεὺειν
1709 1694 1815 1782 ἀπ·
1848 1692 1890 1747 Β

248 1818 465 1890 έχομαι.
494 1813 626 1873 υἰδα
653 1817 761 1888 γὰρ
791 1817 887 1871 καὶ
924 1817 1050 1879 τοὺς
1090 1816 1270 1887 ἱεροὺς
1309 1815 1641 1880 ἀποστόλους
1680 1815 1818 1885 μετά

246 1907 342 1961 τοῦ
387 1906 673 1978 βάλλεσθαι
702 1909 769 1978 τῇ
817 1909 1163 1977 πνευματικῇ
1201 1907 1411 1978 σαγήνῃ
1442 1905 1821 1978 χρησαμένους

246 1999 359 2054 ἀει.

663 2109 742 2163 P'.
768 2138 837 2147 —
879 2105 1237 2176 Ἀλεξάνδρᾳ
1271 2106 1402 2177 (64).

332 2218 635 2289 Ἐδεξάμην
686 2218 875 2289 πρώην
913 2220 1011 2291 τῆς
1069 2219 1339 2290 ὑμετέρας
1387 2219 1822 2289 σεμνοπρεπείας

244 2309 319 2363 τὰ
349 2310 676 2382 γράμματα,
726 2313 821 2363 καὶ
857 2309 1046 2381 μαθὼν
1099 2311 1473 2379 γεγενημένην
1528 2311 1658 2378 ὑμῖν
1683 2310 1822 2379 ὑπὲρ

245 2400 407 2471 ήμῶν
440 2400 698 2469 σπουδὴν,
726 2401 887 2470 χάριν
917 2400 1266 2470 ὡμολόγησα,
1306 2402 1400 2455 καὶ
1431 2402 1521 2455 τὸν
1545 2400 1654 2454 τῶν
1686 2400 1822 2455 ὅλων

246 2492 526 2561 Δεσπότην
558 2491 835 2553 ἱκέτευσα,
865 2492 960 2544 καὶ
989 2491 1060 2543 τὰ
1093 2493 1335 2563 παρόντα
1358 2494 1488 2561 ὑμῖν
1510 2492 1692 2560 ἁγαθά
1720 2510 1820 2561 φυ-

248 2582 428 2648 λάξαι,
470 2583 565 2637 καὶ
616 2586 737 2646 ταῖς
766 2582 1103 2653 προσθήκαις
1133 2583 1390 2654 αὐξῆσαι,
1422 2584 1516 2636 καί
1553 2584 1662 2637 τῶν
1694 2584 1822 2653 μελ-

249 2672 450 2727 λόντων
486 2675 582 2727 καὶ
617 2673 850 2728 αἰωνίων
884 2674 1215 2745 χαρίσασθαι
1245 2677 1344 2746 τὴν
1367 2674 1687 2729 ἀπόλαυσιν.
1724 2677 1822 2729 Πι-

251 2760 515 2831 στεὺομεν
542 2762 598 2815 δὲ
632 2761 794 2815 αὑτὸν
832 2764 927 2815 καὶ⁵
954 2762 1062 2816 τῶν
1100 2764 1550 2834 περιωρισμένων
1577 2764 1818 2829 ἀκούειν,

252 2851 456 2923 μᾶλλον
484 2852 540 2905 δὲ
598 2852 778 2924 πολλῷ
841 2852 1004 2906 πλέον
1051 2853 1254 2907 τούτων
1275 2894 1290 2919 ,
1344 2854 1533 2925 ἐπειδὴ
1580 2855 1669 2908 διὰ
1723 2856 1821 2925 τὴν

255 2941 408 2997 θείαν
439 2941 602 2996 αὑτοῦ
643 2943 991 2997 διδασκαλίαν
1027 2944 1124 3015 τὴν
1152 2944 1415 2998 δοκοῦσαν
1464 2945 1823 3015 ὑπομένουσιν

254 3032 459 3089 αἰτίαν.
501 3033 686 3087 Ταῦτα
738 3034 827 3088 διά
875 3033 986 3089 τῶν
1038 3034 1466 3103 θεοφιλεστάτων
1512 3037 1824 3092 ἐπισκόπων
1849 3015 1894 3073 C

254 3124 471 3194 γράφω,
502 3126 839 3196 παρακαλῶν
874 3127 973 3197 τῆς
1002 3127 1269 3199 ὑμετέρας
1292 3128 1501 3190 αὐτοὺς·
1520 3128 1826 3184 ἀπολαῦσαι

256 3216 600 3287 κηδεμονίας.
649 3217 761 3288 Τῆς
811 3219 920 3289 γὰρ
963 3218 1325 3289 εὑαγγελικῆς
1365 3220 1528 3274 ἕνεκα
1566 3220 1824 3284 πίστεως,

256 3309 353 3365 καὶ
376 3309 476 3379 τῆς
506 3308 613 3361 τῶν
648 3308 983 3378 Ἐκκλησιῶν
1016 3310 1175 3380 χάριν
1215 3309 1456 3379 εἰρήνης,
1475 3308 1577 3378 τὴν
1612 3307 1827 3378 μακρὰν

256 3402 458 3472 ταύτην
487 3400 798 3471 ἀποδημίαν
835 3399 1062 3452 εἴλοντο.

613 3515 737 3570 ΡΑ’.
765 3543 838 3554 ——
877 3512 1168 3581 Κελερίνῃ
1200 3511 1473 3577 διακόνῳ.

339 3630 578 3702 Ἐξήφθη
612 3627 774 3682 πάλιν
806 3629 834 3680 ό
863 3625 983 3679 καθ’
1010 3624 1168 3696 ήμῶν
1189 3624 1446 3694 πόλεμος,
1466 3623 1561 3677 καὶ
1595 3619 1827 3693 σμικρδν

254 3722 440 3786 ἐνδοὺς
485 3722 515 3774 ὁ
563 3718 673 3772 τῶν
719 3715 1024 3789 ἀνθρώπων
1075 3712 1348 3784 ἀλάστωρ,
1383 3712 1545 3767 πάλιν
1588 3711 1829 3766 ὥπλικεν

255 3815 378 3869 καθ’
400 3811 558 3884 ἡμῶν
582 3812 708 3873 τοὺς
735 3808 812 3878 τῷ
830 3807 1017 3878 ψεύδει
1053 3805 1579 3876 συντεθραμμένους,
1606 3803 1668 3857 υἳ
1694 3820 1828 3875 προ-

258 3904 444 3976 φανῶς
485 3904 634 3973 ήμᾶς
665 3896 1155 3968 συκοφαντοῦντες,
1185 3897 1265 3960 εἰς
1294 3895 1388 3949 δύο
1417 3895 1631 3963 λέγουσι
1665 3894 1824 3966 μερί-

256 3998 373 4062 ζειν
396 3995 546 4064 ήμᾶς
580 3993 728 4055 υἱοὺς
777 3990 868 4043 τὸν
895 3989 989 4042 ἕνα
1018 3987 1217 4056 Κύριον
1262 3987 1422 4057 ήμῶν
1451 3985 1658 4057 Ἰησοῦν
1690 3986 1825 4057 Χρι-

258 4084 405 4139 στόν.
439 4084 633 4152 Ἡμεῖς
664 4082 724 4134 θὲ
768 4080 1021 4149 θεότητος
1066 4079 1164 4149 μὲν
1193 4080 1288 4132 καὶ
1318 4076 1738 4147 ἀνθρωπότητος
1765 4076 1826 4130 τὸ

252 4176 511 4245 διάφορον
542 4170 909 4241 ἐπιστάμεθαο
945 4170 1042 4223 ἕνα
1067 4168 1123 4222 δὲ
1154 4167 1524 4240 ὁμολογοῦμεν
1551 4167 1701 4231 Υἱὸν,
1732 4167 1825 4220 τὸν
1856 4230 1865 4240 ,

255 4264 754 4336 ὲνανθρωπήσαντα
776 4261 909 4315 Θεὸν
927 4261 1119 4329 Λόγον.
1151 4260 1261 4313 Καὶ
1288 4259 1450 4312 αὑτὸν
1481 4254 1619 4311 εἷναί
1646 4272 1825 4328 φαμεν

253 4355 391 4410 Θεὸν
437 4353 781 4425 προαιώνιον.
831 4353 923 4406 καὶ
974 4352 1260 4418 ἄνθρωπον
1311 4352 1399 4405 ἐπ’
1440 4351 1668 4421 ἐσχάτου
1712 4349 1822 4404 τῶν

1930 4349 2164 4405 dicimus
2203 4350 2374 4404 Deum
2418 4356 2546 4403 ante
2596 4348 2815 4413 saecula,
2865 4355 2921 4403 et
2967 4348 3246 4403 hominem
3294 4350 3351 4403 in
3389 4349 3499 4404 ﬁne
3588 4366 3593 4375 ί

254 4445 480 4517 ἡμερῶν
508 4444 817 4513 γενόμενον,
847 4442 907 4495 οὑ
940 4444 1005 4512 τῇ
1040 4443 1215 4512 τροπῇ
1250 4440 1349 4508 τῆς
1380 4439 1653 4510 θεότητος,
1686 4438 1824 4493 ἀλλὰ

174 4535 178 4539 ⁴
255 4538 323 4605 τῇ
359 4534 661 4605 προσλήψει
697 4533 796 4602 τῆς
831 4531 1266 4602 άνθρωπότητος.
1307 4529 1468 4582 Ἀλλά
1501 4529 1609 4600 γάρ
1638 4546 1824 4600 περιτ-

254 4625 347 4678 τὸν
381 4623 521 4676 ποιῶ
548 4624 646 4696 τὴν
679 4622 774 4694 σὴν
822 4621 1090 4676 διδάσκων
1119 4620 1394 4691 φιλοθεταν
1441 4619 1583 4689 ἅπερ
1617 4619 1821 4690 φρονῶ,

253 4712 356 4784 τὴν
411 4711 654 4781 ἀκριδῶς
704 4713 907 4766 εἰδυῖαν
958 4711 1101 4781 άπερ
1149 4708 1511 4781 κηρύττομεν,
1548 4710 1643 4762 καὶ
1697 4710 1826 4771 τοὺς

257 4799 584 4871 ἀγνοοῦντας
633 4800 973 4871 διδάσκομεν.
1023 4797 1333 4870 Παρακαλῶ
1378 4799 1585 4859 τοίνυν,
1634 4798 1822 4870 ἐπειδὴ

257 4893 474 4947 πάντων
505 4890 640 4963 ὁμοῦ
664 4892 772 4947 τῶν
797 4894 897 4963 τῆς
926 4891 1216 4961 Ἀνατολῆς
1238 4890 1665 4961 θεοφιλεστάτων
1703 4893 1824 4944 ἐπι-

259 4983 476 5039 σκόπων
496 4985 761 5055 κατέχεαν
793 4985 890 5054 τὴν
910 4982 1178 5055 λοιδορίαν
1205 4983 1255 5036 οἰ
1281 4982 1375 5036 τοῦ
1405 4981 1632 5052 ψεύδους
1662 4984 1825 5054 ἐργά-

255 5093 368 5141 ται.
407 5076 501 5131 καὶ
532 5076 630 5139 τὰς
675 5073 998 5145 Ἐκκλησίας
1028 5073 1198 5143 ζάλης
1248 5070 1572 5141 ἐνέπλησαν,
1604 5071 1705 5141 τὴν
1732 5071 1824 5123 δυ-

257 5168 424 5237 νατὴν
476 5166 616 5235 ὑπὲρ
669 5164 777 5218 τῶν
823 5165 1193 5234 εὐαγγελικῶν
1225 5163 1530 5235 δογμάτων,
1583 5165 1676 5217 καὶ
1722 5163 1825 5233 τῆς

257 5259 367 5312 τῶν
414 5256 748 5326 Ἐκκλησιῶν
797 5256 1039 5329 εἰρήνης,
1089 5257 1419 5325 εἰσενεγκεῖν
1452 5254 1690 5325 σπουδὴν
1728 5255 1825 5326 τὴν

261 5346 358 5418 σήν
379 5345 705 5401 θεοσέϐειαν.
741 5344 838 5398 Διὰ
874 5344 981 5415 γὰρ
1028 5346 1092 5414 δὴ
1140 5345 1310 5400 ταῦτα
1357 5347 1451 5399 καὶ
1494 5346 1544 5398 οἰ
1579 5344 1822 5415 θεοφιλέ-

354 5486 542 5556 νἼειι.
581 5516 684 5565 us,

1914 448 2030 504 Hoc
2063 465 2215 516 vero,
2255 452 2313 505 ni
2365 451 2543 518 fallor,
2595 454 2711 509 Arii
2753 470 2971 525 quoque
3016 464 3315 515 sectatores
3353 476 3487 516 con-

1915 541 2156 606 fitentur,
2181 552 2238 597 et
2259 559 2438 614 neque
2464 560 2682 600 carnem
2718 546 3062 604 divinitatem
3113 561 3332 616 vocant,
3379 570 3481 608 ne-

1912 647 2020 701 que
2054 631 2329 688 divinitati
2359 635 2546 690 carnis
2574 651 2776 693 nomen
2816 639 3086 704 tribuunt,
3118 656 3243 695 cum
3278 651 3488 697 utram-

1913 739 2020 794 que
2040 733 2290 780 naturam
2310 729 2598 798 perspicue
2618 731 2802 786 divina
2831 730 3112 802 Scriptura
3143 749 3244 789 nos
3269 735 3483 791 doceat.
3514 744 3525 771 τ

1914 814 1983 869 Ει
2006 822 2213 881 tamen,
2238 832 2362 871 cum
2384 818 2499 873 haec
2525 820 2597 875 ita
2623 837 2839 892 semper
2867 839 2897 877 a
2924 824 3084 880 nobis
3133 825 3280 881 dicta
3330 839 3482 893 sunt,
3532 874 3533 879 η

1916 904 2080 961 falsos
2128 907 2349 976 quidam
2403 918 2594 965 contra
2654 928 2756 967 nos
2795 930 3077 970 sermones
3126 924 3333 971 texunt.
3375 919 3486 973 Nos

1916 1005 2119 1060 autem,
2140 996 2482 1052 conscientia
2501 998 2517 1052 l
2525 1001 2649 1064 reti,
2679 1010 2982 1073 testemque
3006 1004 3270 1060 doctrina:
3286 1016 3487 1061 nostra:

1917 1086 2309 1158 cogitationum
2344 1089 2712 1159 lnspectorcm
2750 1092 3034 1159 habentes,
3064 1095 3226 1149 telam
3250 1110 3485 1160 araneae,

1912 1179 2066 1248 juxta
2103 1180 2426 1248 prOphetam
2470 1181 2536 1245 ³⁸,
2577 1180 2863 1235 calumnia:
2888 1189 3032 1238 texta
3060 1182 3333 1238 ducimus.
3365 1184 3488 1239 Tri-

1918 1267 2081 1321 bunal
2123 1284 2356 1338 namque
2406 1270 2538 1324 illud
2568 1279 2965 1341 exspectamus,
2994 1272 3142 1342 quod
3170 1273 3354 1329 verbis
3376 1290 3485 1328 non

1918 1366 2061 1430 eget,
2092 1359 2188 1413 sed
2229 1360 2517 1415 manifesta
2545 1362 2709 1417 faciet
2736 1379 2857 1432 quae
2887 1363 3106 1418 interim
3142 1364 3331 1420 latent.
3363 1366 3488 1420 llrec

1917 1466 2019 1522 ego
2058 1466 2157 1521 per
2206 1452 2317 1507 Deo
2361 1452 2713 1508 charissimos
2762 1454 3051 1525 episcopos
3101 1456 3305 1521 scribo,
3354 1457 3490 1511 utile

1922 1551 2075 1596 ratus
2131 1542 2591 1613 magniﬁcentiam
2647 1553 2794 1599 tuam
2849 1560 2949 1614 per
2990 1545 3113 1598 illos
3143 1546 3400 1611 salutare,
3435 1556 3491 1601 ct

1920 1629 2332 1698 pollicitationis
2366 1632 2855 1688 commonefacere.
2891 1633 3025 1687 Nam
3055 1635 3329 1703 appetitus
3365 1635 3493 1689 licet

1921 1730 2256 1794 vexatusque
2286 1725 2474 1780 venari
2498 1741 2608 1780 non
2641 1725 2854 1780 desino.
2887 1724 3012 1781 Scio
3051 1727 3253 1796 quippe
3306 1742 3491 1781 sacros

1919 1815 2215 1882 aposwlos,
2247 1815 2412 1869 etiam
2441 1830 2566 1870 cum
2598 1816 2969 1881 caedebantur,
2998 1816 3266 1886 spirituali
3294 1832 3492 1888 sagena

1919 1916 2051 1957 USOS
2069 1918 2208 1958 CSSC.

2448 2107 2511 2163 C.
2528 2138 2597 2147 —
2611 2106 2951 2163 Alexandra.

1991 2220 2287 2277 Gravitatis
2316 2230 2420 2275 tua:
2462 2220 2677 2275 litteras
2698 2235 2877 2290 nuper
2928 2223 3133 2292 accepi.
3181 2224 3261 2278 Ex
3290 2224 3495 2295 quibus

1923 2324 2049 2363 cum
2079 2308 2393 2364 didicissem
2419 2323 2531 2377 quo
2554 2306 2738 2363 studio
2766 2322 2855 2364 res
2876 2320 3095 2365 nostras
3123 2314 3371 2383 amplexa
3393 2315 3491 2379 sis,

1921 2399 2149 2469 gratiam
2174 2399 2362 2463 habui,
2386 2399 2788 2470 Dominamque
2825 2399 3207 2458 universorum
3240 2413 3497 2474 precatus

1926 2504 2047 2544 sum
2086 2496 2148 2543 ut
2177 2490 2469 2559 prasentia
2490 2490 2648 2544 vobis
2670 2491 2812 2546 dona
2864 2494 3155 2559 custodiat,
3209 2502 3267 2551 et
3311 2497 3494 2551 incre-

1923 2580 2123 2635 mentis
2151 2589 2366 2649 augeat,
2388 2589 2445 2635 et
2466 2582 2773 2639 futurorum
2794 2593 3235 2655 aeternorumque
3253 2587 3493 2641 fructum

1923 2672 2208 2742 largiatur.
2240 2670 2531 2727 Credimus
2569 2684 2751 2729 autem
2803 2675 2959 2729 illum
3008 2676 3175 2731 etiam
3226 2679 3498 2748 relegatos

1927 2762 2141 2828 audire,
2199 2770 2363 2832 atque
2385 2763 2525 2818 adeo
2552 2764 2688 2820 istos
2719 2766 2893 2821 multo
2921 2767 3113 2836 magis,
3149 2769 3496 2840 quandoqui-

1930 2853 2054 2909 dem
2105 2854 2178 2909 ob
2220 2855 2460 2910 divinam
2485 2856 2606 2925 ejus
2622 2855 2927 2911 doctrinam
2950 2858 3198 2914 criminis
3220 2860 3497 2917 intamiam

1938 2946 2150 3015 n70
2183 2945 2477 3001 sustinent.
2528 2945 2655 3000 limo
2699 2960 2801 3017 ego
2848 2962 2949 3017 per
2990 2947 3102 3009 Deo
3146 2948 3500 3006 charissima;

1926 3035 2214 3106 episcopos
2233 3035 2441 3101 scribo,
2470 3050 2673 3106 rogans
2709 3045 2773 3092 ut
2801 3045 2951 3092 tuam
3000 3036 3109 3092 illis
3150 3052 3342 3093 curam
3396 3039 3500 3094 im-

1927 3127 2150 3196 pertias.
2184 3127 2523 3197 Evangelicae
2552 3126 2825 3197 siquidem
2873 3125 3000 3182 ﬁdei
3047 3128 3241 3199 gratia,
3288 3141 3346 3185 et
3394 3130 3500 3187 Ec-

1927 3216 2219 3271 clesiarum
2248 3217 2400 3286 pacis
2427 3232 2612 3282 causa,
2645 3216 2861 3288 longam
2896 3216 3057 3273 istam
3102 3219 3500 3291 peregrinatio:

1926 3321 2052 3362 nem
2082 3306 2341 3361 inierunt.

2347 3506 2432 3561 Cl.
2454 3537 2523 3546 —
2540 3506 2796 3562 σείει-ἱκοῦ
2818 3508 3072 3563 αἱαοοηω.

1998 3618 2216 3672 Exarsit
2267 3616 2463 3671 iterum
2508 3626 2700 3671 contra
2745 3631 2845 3671 nos
2870 3616 3097 3682 bellum,
3126 3627 3182 3671 et
3210 3634 3334 3673 cum
3365 3636 3499 3689 pan-

1926 3710 2101 3765 lulum
2160 3710 2463 3765 remisisset
2519 3709 2802 3763 hominum
2839 3708 3268 3773 hostis,‘iterum
3305 3719 3497 3766 contra

1926 3816 2027 3856 nos
2070 3801 2303 3855 armavit
2354 3800 2606 3855 homines
2663 3797 2951 3853 mendacio
3002 3798 3355 3864 assuefactos,
3401 3803 3496 3870 qui

1926 3898 2112 3961 aperta
2169 3890 2441 3946 calumnia
2484 3891 2538 3944 in
2580 3889 2719 3945 duos
2744 3889 2887 3945 ﬁlios
2912 3890 3158 3946 dividere
3182 3903 3282 3945 nos
3307 3889 3500 3947 dicunt

1926 4001 2098 4040 unum
2127 3983 2421 4040 Dominum
2456 3984 2471 4003 ³
2500 3990 2751 4037 nostrum
2795 3982 2982 4038 Iesum
3035 3981 3337 4038 Christum.
3386 3984 3499 4040 Nos

1925 4093 2058 4133 vero
2112 4074 2417 4131 divinitatis
2465 4073 2687 4144 quidem
2716 4082 2771 4128 et
2806 4073 3163 4129 humanitatis
3199 4074 3494 4130 discrimen

1926 4168 2228 4223 novimus:
2278 4182 2449 4221 unum
2508 4175 2692 4220 autem
2748 4164 3074 4221 confitemur
3123 4166 3341 4233 Filium,
3401 4168 3497 4236 qui

1926 4258 2092 4313 homo
2136 4257 2314 4313 factus
2360 4265 2464 4322 est,
2522 4257 2693 4311 Deum
2743 4256 3025 4312 Verbum:
3060 4265 3117 4312 et
3160 4258 3338 4328 ipsum
3375 4273 3500 4313 esse

1929 4441 2144 4497 dierum
2196 4441 2420 4507 factum,
2466 4457 2573 4495 non
2609 4442 2913 4496 mutatione
2933 4440 3257 4505 divinitatis,
3288 4441 3383 4497 sed
3408 4456 3500 4497 as-

1930 4533 2241 4603 sumptione
2297 4532 2670 4587 humanitatis.
2723 4531 2830 4588 Sed
2890 4546 3357 4603 supervacaneum
3392 4542 3497 4595 est,

1930 4623 2076 4694 quod
2112 4624 2370 4694 pietatem
2410 4634 2558 4678 tuam
2614 4623 2841 4679 doceam
2884 4623 3018 4694 quid
3071 4624 3323 4689 sentiam,
3373 4640 3500 4678 cum

1931 4714 2177 4783 apprime
2210 4715 2323 4784 ipsa
2348 4713 2494 4768 norit
2523 4714 2655 4783 quid
2691 4714 3072 4784 praedicemus,
3092 4730 3157 4769 ac
3189 4715 3503 4784 ignorantes

1931 4805 2246 4862 doceamus.
2284 4804 2395 4860 Oro
2423 4805 2612 4877 igitur,
2642 4805 2903 4875 quoniam
2928 4821 3120 4864 omnes
3146 4807 3259 4861 Deo
3285 4806 3498 4861 charis-

1932 4898 2101 4952 simos
2160 4896 2399 4952 Orientis
2470 4897 2758 4968 episcopos
2827 4898 3075 4953 convicio
3147 4907 3502 4969 asperserunt

1933 4987 2204 5043 mendacii
2258 4986 2516 5053 artiﬁces,
2565 4995 2620 5063 et
2658 4986 2934 5042 Ecclesias
2979 4987 3215 5042 tumultu
3250 4987 3501 5058 repleve-

1933 5085 2083 5143 runt,
2115 5085 2196 5143 ut,
2232 5092 2332 5147 pro
2367 5076 2699 5148 evangelicis
2727 5073 3074 5146 dogmatibus
3102 5074 3502 5130 Ecclesiarum-

1932 5183 2038 5239 que
2062 5183 2215 5238 pace,
2247 5183 2409 5238 quam
2442 5168 2642 5237 poterit
2670 5155 2894 5236 operam
2916 5165 3164 5220 conferat
3182 5165 3357 5235 pietas
3385 5174 3497 5219 tua.

1934 5259 2046 5314 Hac
2069 5259 2214 5314 enim
2238 5257 2305 5313 de
2339 5272 2501 5312 causa
2543 5266 2601 5312 et
2642 5256 2937 5320 Ecclesias,
2992 5255 3194 5325 quibus
3236 5263 3499 5325 praesunt,

1934 5349 2277 5420 reliquerunt
2333 5349 2444 5405 Deo
2501 5345 2807 5403 charissimi
2857 5345 3136 5417 episcopi,
3184 5353 3260 5410 et,
3300 5344 3497 5402 hiemis

329 5640 441 5717 (tit)
474 5642 660 5699 Latine
690 5641 831 5697 hanc
861 5639 1148 5711 epistolam
1180 5638 1344 5696 habet
1372 5638 1565 5698 Baron.
1600 5641 1637 5695 l.
1682 5656 1731 5698 c.
1761 5656 1816 5711 p.
1864 5639 1982 5694 l08.
