4018 6216
540 438 562 496 1
577 434 681 498 είοθ

1527 451 2015 515 THEODORETI
2053 457 2390 517 EPISCOPI
2429 460 2792 521 CYRENSIS

3654 459 3784 522 1300

541 544 670 596 bum
703 543 859 600 aiunt
882 561 1104 602 carnem
1155 551 1420 608 duntaxat
1465 560 1846 629 assumpsisse,
1887 563 2097 618 anima:-

2218 565 2497 636 ειληφέναι
2526 569 2618 622 τὸν
2641 571 2772 623 Θεὸν
2800 568 2971 636 Λόγον
3000 572 3180 638 φασιν,
3207 571 3368 623 αὑτὸν
3397 571 3450 624 δὲ
3479 571 3578 641 τῆς
3607 573 3785 643 ψυχῆς

537 652 646 705 que
679 637 826 692 vices
860 639 1152 708 ipsummct
1182 643 1235 696 in
1267 660 1496 716 corpore
1525 652 1884 720 supplevisse.
1909 655 2114 725 Apolli—

540 727 692 782 naris
727 740 910 784 autem
941 733 1242 790 animatum
1281 739 1504 807 quidem
1531 758 1734 813 corpus
1763 747 2110 805 Domi-nicum

538 827 719 884 vocat,
769 821 866 875 sed
912 833 1150 880 mentem
1187 839 1419 896 peracta:
1442 833 1631 889 salutis
1656 845 1926 892 exsortem
1958 839 2107 906 facit,

539 913 724 965 nescio
751 913 895 968 unde
927 917 1124 972 anima:
1161 921 1469 992 mentisque
1502 924 1825 982 divisionem
1858 929 2106 987 edoctus.

540 1004 607 1054 At
647 1001 959 1058 divinorum
986 1009 1359 1075 apostolorum
1390 1017 1408 1032 '
1436 1014 1725 1085 disciplina
1753 1019 1988 1074 animam
2024 1038 2082 1076 ra
2106 1052 2112 1060 -

539 1092 687 1146 tione
741 1103 796 1147 et
849 1095 1210 1169 intelligentia
1236 1103 1517 1172 praeditam
1546 1123 1671 1162 eum
1701 1125 1865 1165 carne
1891 1128 2105 1166 assum-

532 1183 709 1250 psisse
765 1186 944 1253 docet,
1008 1191 1414 1264 perfectamque
1469 1199 1700 1254 salutem
1756 1203 2107 1259 credentibus

533 1272 844 1340 pollicetur.

602 1366 697 1419 Est
739 1383 905 1437 porro
951 1381 1005 1426 et
1053 1374 1284 1430 alterum
1339 1393 1534 1450 agmen
1583 1382 1971 1439 hmreticorum
2018 1387 2104 1441 his

531 1461 802 1514 contraria
834 1464 1224 1531 profitentium.
1252 1470 1520 1528 Photinus
1558 1475 1727 1540 enim,
1775 1488 1831 1532 et
1879 1479 2104 1534 Marcel-

531 1548 636 1611 lus,
685 1557 739 1603 et
781 1551 983 1606 Paulus
1033 1554 1442 1627 Samosatenus,
1472 1563 1751 1618 hominem
1782 1566 1956 1619 solum
1983 1583 2104 1622 esse

528 1640 683 1694 aiunt
731 1643 1024 1698 Dominum
1079 1663 1143 1702 ac
1196 1650 1368 1704 Deum
1420 1661 1689 1708 nostrum.
1741 1655 1889 1721 Quos
1910 1665 2104 1711 contra

527 1747 652 1783 cum
699 1731 1042 1800 disserimus,
1076 1753 1301 1795 necesse
1330 1750 1414 1795 est
1446 1758 1547 1796 nos
1573 1743 1916 1798 divinitatem
1951 1762 2101 1800 asse-

528 1821 703 1874 rentia
763 1824 1075 1880 testimonia
1129 1811 1396 1896 proferre,
1448 1841 1504 1885 et
1565 1832 1762 1888 docere
1821 1834 2099 1889 Christum

526 1913 818 1968 Dominum
849 1916 1012 1970 etiam
1045 1929 1171 1974 ante
1197 1923 1392 1976 sarcula
1418 1924 1592 1978 Deum
1631 1925 1823 1981 fuisse.
1860 1926 2100 1982 Alteram
2136 1905 2174 1958 Β

525 2019 656 2059 vero
683 2013 916 2060 turmam
947 2025 1070 2062 cum
1107 2011 1510 2083 impugnamus,
1539 2032 1661 2086 quae
1690 2018 1863 2073 Deum
1893 2028 2103 2074 tantum

525 2097 763 2164 appellat
806 2099 992 2153 Jcsum
1047 2102 1324 2157 Christum
1373 2107 1664 2162 Dominum
1712 2119 1984 2175 nostrum,
2017 2111 2103 2165 di-

525 2187 705 2240 vinam
735 2188 843 2242 illis
870 2190 1214 2261 Scripturam
1255 2212 1555 2266 opponere,
1586 2216 1652 2254 ex
1677 2217 1851 2271 eaque
1891 2203 2102 2274 1175

524 2288 820 2348 assumpta!
872 2281 1228 2341 humanitatis
1281 2289 1592 2344 testimonia
1622 2291 1964 2361 depromere.
1995 2293 2105 2347 Me-

524 2366 710 2420 dicum
755 2370 903 2423 enim
955 2384 1174 2442 oportet
1217 2381 1653 2448 congruentibus
1675 2381 1742 2435 ad
1768 2382 1992 2436 morbos
2022 2382 2101 2434 uti

522 2457 806 2526 remediis,
851 2472 908 2517 et
958 2467 1106 2534 quod
1152 2468 1450 2538 unicuique
1475 2473 1766 2526 conveniat
1786 2473 2098 2526 admovere.

520 2548 630 2602 Oro
687 2549 856 2620 igitur
915 2557 1260 2611 sanctitatem
1309 2568 1479 2625 tuam,
1514 2571 1575 2616 ut
1604 2561 1890 2617 conflatam
1918 2563 1972 2616 in
2000 2578 2102 2618 nos

520 2641 853 2696 calumniam
881 2646 1149 2715 destruat,
1177 2661 1233 2703 et
1267 2651 1542 2705 incassum
1573 2653 1735 2707 nobis
1782 2654 2090 2707 obtrectan-

519 2741 606 2786 tes
624 2730 836 2801 linguas
855 2746 1188 2806 compescat.
1219 2739 1329 2794 Nos
1352 2741 1556 2809 quippe
1586 2756 1755 2794 unum
1784 2743 1948 2796 etiam
1975 2750 2098 2812 post

519 2825 952 2883 incarnationem
1006 2830 1106 2884 Dci
1157 2831 1354 2886 Filium
1400 2833 1714 2899 adoramus,
1753 2841 1809 2888 et
1851 2849 1966 2899 eos,
2003 2835 2096 2904 qui

517 2916 682 2972 aliter
735 2921 974 2989 sapiant,
1026 2921 1226 2990 impios
1285 2939 1565 2977 vocamus.
1619 2923 1846 2978 Sanctas
1879 2939 2097 2994 quoque

516 3025 713 3079 preces
758 3020 880 3067 tuas
923 3014 1104 3079 nobis,
1151 3015 1392 3081 domine,
1434 3014 1708 3084 impertiri
1733 3015 1997 3085 digneris,
2033 3026 2096 3072 ut

515 3102 701 3155 divina
748 3102 1132 3158 benevolentia
1178 3105 1420 3169 subnixi,
1456 3105 1716 3174 periculis
1749 3107 1971 3176 plenum
1994 3123 2092 3176 pe-

514 3191 670 3261 lagus
720 3194 1178 3262 transmittamus,
1226 3206 1389 3266 atque
1430 3197 1497 3252 ad
1533 3198 1861 3267 tranquillos
1899 3198 2090 3253 Salva-

510 3283 652 3337 toris
673 3293 862 3352 portus
888 3287 1226 3356 appellamus
1243 3328 1262 3346 .

917 3567 1027 3623 CV.
1053 3600 1122 3608 —
1148 3570 1372 3642 Eulogia
1399 3589 1684 3627 wconomo.

579 3678 710 3745 Qua:
763 3681 1063 3737 certamina
1107 3699 1208 3753 pro
1251 3686 1454 3755 pietate
1501 3688 1752 3762 religiosa
1798 3705 1954 3744 mens
1999 3699 2088 3745 tua

511 3771 800 3837 sustineat,
835 3788 865 3826 a
906 3773 1092 3830 multis
1126 3778 1440 3846 accepimus
1477 3798 1490 3833 :
1526 3796 1742 3850 aequum
1781 3792 1962 3836 autem
2007 3792 2091 3838 est

513 3871 564 3915 te
606 3862 772 3916 etiam
821 3863 871 3917 ei
923 3865 1016 3934 qui
1074 3867 1403 3922 calumniam
1455 3871 1600 3926 illius
1644 3887 1809 3927 causa
1851 3874 2091 3944 patiatur

511 3963 764 4024 prompto
797 3956 980 4010 animo
1013 3959 1328 4023 subvenire,
1365 3962 1898 4034 obtrectantiumque
1941 3965 2089 4020 falsi-

511 4051 675 4097 tatem
707 4045 1057 4116 redarguere.
1093 4050 1307 4104 Etenim
1342 4053 1587 4122 apprime
1614 4055 1779 4120 nosti,
1813 4056 1924 4110 Deo
1955 4057 2087 4112 cha-

511 4132 746 4197 rissimc,
784 4136 916 4204 quid
951 4139 1272 4204 sentiamus,
1305 4151 1359 4195 ct
1393 4142 1524 4212 quid
1561 4143 1877 4210 doceamus,
1908 4148 2087 4218 quod-

509 4243 616 4294 que
644 4226 783 4282 duos
816 4227 956 4284 filios
983 4232 1166 4286 nullus
1197 4249 1436 4304 unquam
1472 4237 1834 4306 prmdicantes
1863 4256 1964 4295 nos
1992 4258 2086 4297 au-

508 4319 692 4375 dierit.
735 4320 964 4380 Exserat
1013 4339 1146 4394 ergo
1195 4325 1286 4380 hic
1327 4328 1493 4382 etiam
1545 4330 1719 4399 pietas
1763 4338 1855 4387 tua
1906 4333 2085 4389 zelum

507 4410 789 4476 divinum,
837 4422 892 4467 et
934 4413 1186 4468 obstruat
1233 4431 1327 4470 ora
1376 4417 1717 4489 loquentium
1772 4420 1978 4494 iniqua.
2024 4424 2083 4479 lu

508 4502 821 4572 hnjusmodi
854 4505 1000 4561 enim
1035 4508 1432 4563 certaminibus
1465 4514 1742 4576 convenit,
1771 4530 1878 4569 non
1907 4517 2080 4571 solum

508 4611 605 4662 pro
639 4596 852 4660 amicis,
885 4598 978 4653 sed
1023 4599 1188 4654 etiam
1232 4614 1335 4669 pro
1378 4603 1446 4658 iis
1484 4604 1578 4674 qui
1619 4606 1857 4661 laeserint
1889 4607 2082 4664 decer-

509 4698 642 4742 tare.

887 4801 1018 4858 CVI.
1045 4835 1114 4843 ——
1143 4806 1368 4862 Abt-alue
1393 4825 1677 4866 aeconomo.

577 4907 645 4960 Et
690 4909 879 4978 pietati
936 4922 1042 4970 tum
1087 4933 1188 4986 per
1233 4919 1346 4974 Deo
1389 4921 1741 4979 charissimos
1793 4926 2080 4996 episc0pos
2118 4948 2134 4964 ι

506 4997 736 5054 salutem
779 5002 922 5064 dico,
958 5015 1014 5060 et
1049 5007 1314 5073 obtestor,
1353 5020 1413 5065 ut
1448 5015 1858 5083 tranquillitatis
1889 5016 2080 5071 Eccle-

505 5086 708 5142 siarum
747 5106 936 5148 curam
979 5111 1156 5164 geras,
1199 5100 1595 5172 ealumniaeque
1635 5105 1848 5176 1176
1883 5106 2082 5162 ﬂuctus

506 5180 522 5194 °
553 5176 788 5249 frangas.
843 5200 861 5232 ‹
895 5181 1050 5249 Quod
1091 5185 1239 5241 enim
1281 5188 1638 5245 seminaverit
1675 5192 1860 5258 homo,
1893 5195 1996 5250 hoc
2026 5205 2082 5251 et

505 5278 694 5335 metet,
729 5289 746 5321 ›
791 5283 850 5325 ut
882 5273 1102 5331 divinus
1133 5277 1209 5331 ait
1248 5279 1544 5348 Apostolus
1567 5284 1607 5336 ⁸.
1651 5281 1828 5348 Quare
1855 5286 1948 5355 qui
1981 5304 2082 5355 pro

505 5361 852 5433 dogmatibus
873 5369 1187 5436 apostolicis
1208 5370 1527 5437 decertarit,
1550 5376 1903 5443 apostolicam
1925 5393 2084 5448 pror-

504 5466 600 5508 sus
633 5453 1074 5513 benedictionem
1099 5462 1342 5530 recipiet,
1368 5472 1423 5518 et
1451 5463 1667 5520 illorum
1695 5471 2080 5526 communione

505 5543 840 5609 perfruetur.

576 5689 597 5716 ⁸
621 5698 796 5752 Calat.
833 5718 904 5766 vt,
948 5705 999 5756 7.

577 5852 684 5922 (65)
721 5855 928 5906 συντεθ.
963 5855 1107 5910 addit
1141 5857 1302 5928 heap.

2216 657 2272 708 ὲν
2302 657 2380 727 τῷ
2420 657 2632 728 σώματι
2673 660 2959 731 πληρῶσαι
3006 660 3104 731 τὴν
3139 662 3347 732 χρείαν.
3411 663 3784 733 ’Δπολινάρικ

2213 745 2267 798 δὲ
2299 746 2540 818 ἔμψυχον
2573 750 2671 819 μὲν
2715 750 2776 802 τὸ
2805 753 3141 806 Δεσποτικδν
3187 754 3344 823 σῶμα
3384 753 3559 819 καλεῖ,
3607 755 3699 806 τον
3729 754 3784 806 δὲ

2213 838 2334 890 νοῦν
2362 839 2459 909 τῆς
2486 843 2853 914 γεγενημένης
2880 845 3153 915 σωτηρίας
3192 846 3516 916 ἀποστερεῖ,
3542 847 3645 898 οὐκ
3666 841 3784 898 οἶδα

2212 927 2376 980 πόθεν
2409 929 2598 998 μαθὼν
2624 930 2800 1002 ψυχῆς
2827 934 2920 986 καὶ
2946 935 3035 988 νοῦ
3056 936 3153 1006 τὴν
3172 936 3456 1006 διαίρεσιν.
3503 937 3566 988 Ἠ
3593 936 3650 988 δὲ
3674 937 3784 988 τῶν

2212 1015 2372 1070 θείων
2408 1017 2745 1074 Ἀποστὸλων
2783 1022 3102 1077 διδασκαλία
3137 1023 3314 1094 ψυχὴν
3344 1024 3570 1094 λογικήν
3603 1043 3662 1077 τε
3692 1028 3784 1080 καὶ

2209 1108 2401 1177 νοερὰν
2436 1110 2575 1180 μετὰ
2612 1113 2811 1180 σαρκὸς
2840 1115 3235 1184 προσειλῆφθαι
3272 1115 3532 1179 διδάσκει,
3569 1118 3666 1169 καὶ
3700 1133 3785 1170 τε-

2207 1193 2355 1249 λείαν
2382 1199 2493 1261 τοῖς
2517 1197 2861 1253 πιστεύουσιν
2896 1201 3235 1270 ὑπισχνεῖται
3260 1203 3357 1273 τὴν
3381 1204 3680 1273 σωτηρίαν.

2281 1369 2434 1422 Ἔστι
2479 1371 2535 1424 δὲ
2595 1372 2688 1424 καὶ
2730 1372 2915 1441 ἕτερον
2963 1375 3148 1441 στῖφος
3194 1375 3487 1446 αἱρετικῶν
3525 1377 3786 1429 τάναντία

2204 1459 2412 1522 τούτοις
2462 1460 2786 1532 θρησκεύον.
2820 1465 3083 1528 amem;
3123 1465 3253 1536 γὰρ,
3301 1468 3395 1520 καὶ
3437 1469 3780 1538 Μάρκελλος,

2205 1550 2298 1602 καὶ
2328 1551 2360 1603 ὁ
2388 1553 2451 1604 ὲκ
2481 1553 2810 1623 Σαμοσάτων
2851 1555 3085 1620 Παῦλος,
3118 1555 3402 1627 ἄνθρωπον
3435 1560 3600 1629 μόνον
3646 1557 3788 1612 εἶναι

2204 1640 2422 1708 λέγουσι
2456 1644 2549 1696 τὸν
2590 1644 2795 1716 Κύριον
2816 1646 2970 1716 ήμῶν
2990 1651 3084 1700 καὶ
3111 1649 3263 1702 Θεὸν.
3300 1650 3536 1721 Ἀνάγκη
3565 1652 3622 1703 δὲ
3649 1653 3786 1721 πρὸς

2203 1735 2424 1798 τούτους
2463 1737 2561 1806 μὲν
2604 1738 3016 1811 διαλεγομένους
3049 1741 3192 1810 ἡμᾶς
3221 1739 3318 1802 τὰς
3357 1743 3484 1810 περὶ
3528 1741 3786 1812 θεότητος

2207 1827 2511 1897 μαρτυρίας
2563 1830 2912 1901 προσφέρειν,
2962 1833 3055 1884 καὶ
3085 1830 3355 1884 δεικνύναι
3399 1831 3475 1895 ὡς
3505 1833 3603 1885 καὶ
3651 1833 3786 1896 69;;

2205 1914 2528 1982 προαιώνιος
2551 1919 2579 1969 ὁ
2608 1919 2888 1990 Δεσπότης
2915 1920 3148 1990 Χριστός
3170 1936 3182 1947 ·
3214 1920 3348 1990 πρὸς
3374 1919 3430 1971 δὲ
3462 1921 3564 1988 τὴν
3592 1920 3788 1989 ἑτέραν

2209 2002 2640 2075 ἀγωνιζομένους
2692 2008 3022 2078 συμμορίαν,
3070 2009 3103 2078 ἢ
3146 2007 3276 2060 Θεὸν
3318 2009 3475 2076 μόνον
3515 2009 3789 2061 ἀποκαλεῖ

2207 2095 2297 2147 τὸν
2323 2094 2524 2166 Κύριον
2559 2098 2714 2168 ἡμῶν
2755 2099 2962 2170 Ἰησοῦν
2996 2101 3249 2171 Χριστὸν,
3287 2101 3384 2170 τὴν
3419 2100 3571 2153 θείαν
3602 2102 3784 2164 αὐτοῖς

2207 2184 2543 2238 ἀντιτάττειν
2581 2188 2824 2259 Γραφὴν,
2871 2189 2966 2241 καὶ
3015 2188 3115 2248 τὰς
3154 2188 3282 2258 περὶ
3330 2189 3438 2258 τῆς.
3478 2189 3786 2258 ληφθείσης

2205 2277 2618 2348 ἀνθρωπότητος
2638 2280 2843 2332 ἐκεῖθεν
2863 2281 3168 2351 μαρτυρίας
3198 2280 3494 2347 συλλέγειν.
3521 2282 3644 2350 Χρὴ
3677 2283 3782 2352 γὰρ

2204 2365 2295 2419 τὸν
2323 2367 2508 2438 ἰατρὸν
2536 2368 2814 2438 ἁρμοδίοις
2842 2369 2978 2439 πρὸς
3004 2371 3070 2422 τὰ
3099 2369 3243 2440 πάθη
3293 2369 3599 2439 κεχρῆσθαι
3636 2388 3783 2440 φαρ-

2207 2458 2424 2527 μάκοις,
2470 2461 2566 2512 καὶ
2603 2461 2818 2530 ἑκάστῳ
2852 2461 3184 2532 προσφέρειν
3208 2461 3268 2514 τὺ
3297 2461 3629 2532 πρόσφορον.
3670 2463 3783 2514 [Ια-

2209 2548 2428 2618 ρακαλῶ
2467 2549 2650 2602 τοίνυν
2696 2551 2798 2620 τὴν
2837 2549 2934 2622 σὴν
2981 2551 3291 2622 ἁγιωσύνην
3335 2552 3434 2622 τὴν
3465 2552 3590 2604 καθ’
3622 2551 3786 2621 ἡμῶν

2205 2636 2552 2692 συντεθεῖσαν
2570 2639 2682 2710 (65)
2698 2639 2943 2694 διαλῦσαι
2963 2641 3347 2711 συκοφαντίαν,
3370 2643 3462 2694 καὶ
3485 2640 3582 2704 τὰς
3603 2645 3784 2710 μάτην

2201 2729 2330 2799 ἡμῖν
2362 2729 2776 2801 λοιδορουμένας
2817 2730 3112 2799 χαλινῶσαι
3135 2729 3400 2799 γλώττας.
3449 2731 3644 2799 Ἡμεῖς
3676 2730 3792 2799 γὰρ

2202 2821 2296 2876 καὶ
2325 2821 2460 2891 μετὰ
2486 2822 2582 2892 τὴν
2616 2821 3025 2893 ὲνανθρὼπησιν
3072 2823 3167 2875 ἕνα
3200 2821 3615 2893 προσκυνοῦμεν
3654 2822 3788 2874 Tib»

2200 2913 2290 2968 τοῦ
2311 2913 2444 2966 Θεοῦ
2469 2913 2559 2974 τὸν
2588 2914 2788 2985 Κύριον
2814 2915 2970 2986 ἡμῶν
3010 2914 3217 2984 Ἰησοῦν
3249 2913 3502 2983 Χριστὸν,
3532 2914 3628 2965 καὶ
3659 2914 3788 2974 τοὺς

2199 3004 2326 3057 ἄλλο
2349 3022 2398 3057 τι
2421 3004 2753 3076 φρονοῦντας
2773 3004 3054 3069 δυσσεϐεῖς
3079 3005 3438 3076 ὀνομάζομεν.
3457 3005 3788 3074 Παρασχεῖν

2196 3096 2252 3149 δὲ
2273 3096 2402 3166 ἡμῖν
2431 3098 2525 3150 καὶ
2556 3099 2651 3160 τὰς
2675 3099 2835 3167 ἁγίας
2863 3117 2956 3152 σου
2988 3098 3319 3169 προσευχὰς,
3341 3097 3601 3159 δέσποτα,
3637 3113 3788 3148 κατι

2196 3186 2446 3252 αξίωσον,
2485 3189 2570 3242 ἵνα
2609 3192 2708 3260 τῆς
2758 3189 2909 3253 θείας
2953 3189 3318 3252 ἀπολαύοντες
3360 3188 3683 3257 εὐμενείας,
3725 3189 3792 3240 τὸ

2194 3279 2454 3336 κινδύνων
2491 3284 2684 3353 μεστὸν
2720 3283 3255 3355 διαπεραι[ὡ]σωμεν
3282 3283 3538 3348 πέλαγος,
3567 3281 3673 3334 καὶ
3707 3282 3788 3341 εἰς

2190 3373 2318 3436 τοὺς
2363 3375 2680 3445 ἀπηνέμους
2729 3373 2824 3428 τοῦ
2882 3376 3135 3446 Σωτῆρος
3184 3370 3648 3446 μεθορμισθῶμεν
3702 3372 3786 3422 lu

2196 3461 2383 3531 μένας.

2542 3577 2664 3630 PE'.
2703 3607 2772 3615 ——
2799 3575 3069 3645 Εὑλογίῳ
3103 3579 3407 3642 οἰκονόμῳ.

2261 3689 2398 3751 Τοὺς
2447 3671 2544 3759 μέν
2593 3689 2731 3760 ὑπὲρ
2789 3688 2888 3759 τῆς
2947 3689 3227 3751 εὐσεϐείας
3264 3686 3479 3755 ἀγῶνας
3522 3686 3627 3755 τῆς
3681 3687 3782 3754 σῆς

2192 3776 2469 3846 φιλοθεῒας
2509 3777 2661 3848 παρὰ
2695 3777 2904 3830 πολλῶν
2967 3776 3385 3848 μεμαθήκαμεν.
3454 3775 3685 3826 Δίκαιον
3723 3775 3779 3826 δὲ

2189 3870 2282 3920 καὶ
2310 3867 2387 3938 τῷ
2417 3867 2503 3921 διὰ
2530 3866 2736 3939 ταύτην
2765 3867 3251 3937 συκοφαντουμένῳ
3293 3864 3593 3936 προθύμως
3645 3881 3776 3916 συν-

2188 3959 2428 4029 ηγορεῖν,
2465 3959 2559 4010 καὶ
2606 3957 2900 4026 διελέγχειν
2933 3957 3042 4009 τῶν
3079 3955 3505 4026 λοιδορουμένων
3540 3954 3603 4006 τὸ
3635 3953 3777 4023 ψεῦ-

2187 4047 2294 4109 δος.
2349 4047 2617 4117 Ἀκριϐῶς
2657 4046 2766 4117 γὰρ
2817 4044 2995 4108 οἶσθα,
3046 4044 3445 4114 θεοφιλέστατε,
3500 4044 3598 4095 καὶ
3653 4043 3774 4095 τίνα

2189 4139 2514 4210 φρονοῦμεν,
2549 4139 2640 4192 καὶ
2670 4139 2789 4192 τίνα
2813 4138 3156 4208 διδάσκομεν,
3186 4137 3281 4190 καὶ
3307 4137 3386 4188 ὅτι
3419 4134 3514 4187 δύο
3561 4153 3771 4205 κηροῖο

2187 4233 2384 4284 τόντων
2419 4232 2568 4293 υἱοὺς
2596 4231 2770 4294 οὐδεὶς
2805 4231 2961 4300 ἡμῶν
2999 4230 3204 4299 ἀκήκοε
3252 4227 3493 4280 πώποτε.
3539 4227 3771 4298 Χρησέ-

2189 4320 2299 4374 σθω
2331 4321 2563 4390 τοίνυνή
2591 4320 2656 4390 σὴ
2701 4319 2977 4373 θεοσέϐεια
3007 4317 3289 4371 κάνταῦθα
3322 4317 3399 4386 τῷ
3438 4315 3569 4385 θείῳ
3596 4315 3769 4386 ζήλῳ,

2187 4413 2280 4466 καὶ
2306 4411 2636 4483 ὲμφραξὰτω
2669 4413 2914 4482 στόματα
2943 4410 3285 4480 λαλουμένων
3320 4408 3498 4462 ἄδικα.
3547 4409 3638 4459 Ἐν
3663 4410 3766 4474 γὰρ

2185 4507 2296 4566 τοῖς
2317 4504 2577 4564 τοιούτοις
2611 4501 2836 4571 ἀγῶσιν,
2861 4503 2920 4554 οὗ
2952 4502 3112 4572 μόνον
3143 4502 3406 4570 προσήκει
3427 4498 3538 4550 τῶν
3573 4499 3764 4566 φίλων,

2115 4572 2159 4627 D
2188 4593 2324 4648 ἀλλὰ
2364 4595 2457 4647 καὶ
2497 4594 2603 4647 τῶν
2632 4594 3011 4664 λελυπηκοτων
3051 4593 3407 4662 ὑπερμαχεῖν.

2500 4808 2638 4873 PG".
2664 4835 2734 4844 —-
2787 4802 3091 4872 Ἀϐραὰμῳ
3127 4803 3440 4870 οἰκονόμῳ.

2256 4922 2362 4976 Καὶ
2387 4921 2472 4973 διὰ
2497 4920 2605 4972 τῶν
2639 4918 3064 4986 θεοφιλεστὰτων
3093 4915 3410 4969 ἐπισκόπων
3441 4913 3761 4983 προσᾷθέγο

2181 5013 2348 5082 γομαί
2379 5027 2471 5064 σου
2520 5012 2618 5080 τὴν
2651 5009 2982 5071 θεοσέϐειαν,
3026 5009 3118 5061 καὶ
3160 5005 3462 5075 παρακαλῶ
3514 5005 3614 5074 τῆς
3655 5005 3768 5056 τῶν

2193 5103 2531 5175 Ἐκκλησιῶν
2556 5102 2836 5173 φροντίσαι
2866 5103 3132 5172 γαλήνης,
3157 5101 3250 5152 καὶ
3273 5101 3370 5168 τῆς
3397 5097 3772 5163 συκοφαντίας

2185 5195 2432 5249 διαλῦσαι
2465 5193 2536 5246 τὰ
2572 5193 2808 5263 κύματα.
2831 5213 2848 5243 ς
2879 5194 2944 5245 Ὃ
2981 5193 3087 5263 γὰρ
3127 5191 3191 5244 ἂν
3218 5189 3418 5260 σπείρῃ
3449 5187 3774 5257 ἄνθρωπος,

2181 5288 2338 5341 τοῦτο
2363 5287 2456 5341 καὶ
2487 5287 2710 5358 θερίσει,
2745 5304 2764 5336 ι
2802 5283 2943 5337 κατὰ
2983 5285 3072 5337 τὸν
3108 5283 3248 5336 θεῖον
3303 5279 3652 5333 Ἀπόστολο-ν.
3701 5276 3780 5328 Ὀ

2179 5380 2356 5434 τοίνυν
2380 5380 2488 5432 τῶν
2507 5379 2880 5433 ἀποστολικῶν
2905 5377 3238 5448 ὑπερμαχῶν
3264 5373 3580 5444 δογμάτων,
3603 5370 3778 5439 Salsa

2177 5470 2259 5522 ὅτι
2289 5469 2387 5539 τὴν
2404 5470 2762 5540 ἁποστολικὴν
2781 5468 3034 5533 εὐλογίαν
3065 5469 3348 5540 τρυγήσει,
3375 5466 3473 5518 καὶ
3501 5465 3600 5534 τῆς
3621 5462 3705 5514 ix:
3723 5465 3782 5514 Ξ-

2179 5577 2284 5613 νων
2315 5560 2681 5616 ἀπολαύσεται
2711 5561 3008 5624 κοινωνίας.
