3924 6192
187 373 316 440 ι301

255 601 369 654 Ούκ
399 599 587 655 ἔλαθον
614 601 661 655 oi
690 600 788 674 τῆς
818 592 916 674 σῆς
948 604 1220 674 φιλοθεῖας
1244 608 1475 677 ἀγῶνες,
1507 610 1599 676 οῦς
1626 611 1764 683 ὑπὲρ

185 692 294 745 τῶν
338 692 707 749 ἀποστολικῶν
760 699 992 767 ἀνεδέξω
1046 701 1331 771 δογμάτων
1357 716 1371 732 ο
1412 701 1530 754 ἀλλ’
1581 702 1764 774 ᾄδουσι

186 783 402 847 τούτους
425 785 487 837 οὐ
528 785 686 857 μόνον
718 789 768 840 oi
791 790 956 862 πείρᾳ
984 792 1389 861 μεμαθηκότες,
1422 792 1562 847 ἀλλὰ
1587 794 1682 847 καὶ
1714 796 1762 847 oi

188 874 336 946 παρά
359 875 563 931 τούτων
594 876 913 949 ἀκηκοότες.
940 881 1103 953 Ἐχου
1126 883 1327 948 τοίνυν,
1362 876 1407 937 ὦ
1434 883 1562 953 φίλη
1597 898 1768 953 κεφα-

185 963 271 1037 λὴ,
326 965 433 1021 τῶν
484 966 729 1036 ἀγώνων,
789 971 881 1025 καὶ
931 971 1039 1025 τῶν
1088 972 1357 1044 πατρῴων
1392 974 1767 1046 ύπερόιθλησον

182 1056 489 1130 δογμάτων.
531 1059 702 1130 ’Υπὲρ
724 1052 801 1115 ὧν
827 1063 920 1116 καὶ
941 1064 1103 1133 ἡμεῖς
1134 1063 1461 1135 πολλαχόθεν
1500 1064 1767 1135 βαλλόμε-

183 1149 276 1214 θα,
328 1150 551 1215 καὶτὰς
591 1152 886 1223 τρικυμίας
935 1154 1215 1228 δεχόμενοι
1265 1156 1358 1209 τὸν
1410 1155 1767 1228 κυϐερνήτην

183 1238 567 1311 ἀντιϐολοῦμεν
605 1243 638 1312 ἢ
693 1242 902 1304 νεῦσαι,
951 1245 1046 1297 καὶ
1091 1244 1182 1298 τὸν
1223 1244 1469 1298 κλύδωνα
1506 1242 1686 1311 λῦσαι,
1730 1244 1764 1315 ἢ

183 1335 296 1396 τοῖς
327 1331 802 1405 κλυδωνιζομένοις
832 1335 1053 1407 ἀνδρίαν
1087 1335 1435 1407 χαρίσασθαι.

496 1446 626 1500 PH'.
662 1476 732 1487 —
776 1447 1029 1513 Ἀκακίῳ
1047 1451 1443 1521 πρεσϐυτέρῳ.

267 1563 497 1634 Ἀληθὴς
528 1565 637 1637 ἄρα
674 1567 707 1636 ἠ
744 1565 844 1635 τῆς
897 1568 1190 1639 Δαυῖτικῆς
1236 1568 1503 1640 μελῳδίας
1532 1571 1767 1642 ὑπόσχε-

184 1670 270 1717 σις
293 1670 304 1683 ·
336 1655 399 1708 τὸ
421 1655 530 1726 γὰρ
556 1657 778 1728 Πνεῦμα
798 1660 898 1729 τῆς
927 1657 1184 1729 ἀληθείας
1218 1659 1286 1713 δι’
1314 1661 1524 1715 ἐκείνου
1561 1661 1767 1732 ταύτην

185 1747 550 1818 προσενήνοχε
587 1752 701 1810 τοῖς
730 1750 1076 1804 πιστεύουσιν
1097 1767 1111 1780 ⁸
1150 1769 1169 1802 ι
1221 1752 1598 1822 Ἀποκάλυψον
1630 1753 1769 1825 πρὸς

1549 392 1909 454 EPISTOLA
1947 396 2093 456 CIX.

500 488 618 542 PZ'.
648 517 716 529 --
742 488 1007 554 Θεοδότῳ
1040 493 1439 564 πρεσϐυτέρῳ.
1791 510 1837 564 Α

3315 380 3449 446 1302

2209 498 2365 555 CVIII
2396 529 2466 538 —
2493 497 2752 552 Theodoto
2786 494 3103 567 presbytero.

1940 609 2058 663 Non
2081 610 2269 679 jacent
2300 608 2359 663 in
2386 607 2630 664 tenebris
2661 607 2983 670 certamina,
3011 618 3132 675 quae
3159 603 3336 675 pietas
3359 611 3451 659 tua

1871 715 1972 771 pro
1997 700 2318 771 apostolicis
2347 701 2695 772 dogmatibus
2727 697 3030 754 sustinuit:
3064 696 3158 752 sed
3190 695 3281 750 illa
3314 711 3447 766 prae-

1872 786 2058 846 dicant
2087 806 2197 847 non
2231 791 2269 846 ii
2301 790 2484 857 modo,
2521 790 2615 861 qui
2652 789 2832 859 reipsa
2862 787 3074 859 experti
3111 794 3259 849 sunt,
3293 782 3388 839 sed
3414 783 3452 838 ii
3546 842 3549 843 ν

1871 882 2036 938 etiam
2066 882 2158 953 qui
2188 898 2254 937 ex
2283 882 2396 937 illis
2427 881 2741 936 audierunt.
2767 880 2962 935 Insiste
2987 879 3176 950 igitur,
3199 892 3233 932 o
3255 875 3449 940 amice,

1873 974 1929 1028 in
1977 974 2392 1039 certaminibus,
2436 981 2493 1029 et
2538 972 2715 1043 patria
2758 971 2991 1025 defende
3040 969 3310 1039 dogmata.
3344 967 3453 1022 Pro

1872 1065 2075 1135 quibus
2098 1072 2153 1119 et
2183 1078 2285 1119 nos
2308 1063 2440 1118 hinc
2472 1061 2600 1117 inde
2623 1059 2981 1131 percutimur,
3005 1057 3454 1130 gravissimisque

1873 1156 2067 1229 agitari
2104 1156 2362 1227 procellis
2398 1155 2821 1227 gubernatorem
2864 1167 3107 1215 oramus,
3140 1158 3200 1205 ut
3230 1150 3316 1205 vel
3352 1165 3448 1204 an—

1871 1254 2008 1303 nuat
2042 1246 2305 1316 sedetque
2338 1252 2740 1315 tempestatem,
2770 1242 2855 1297 vel
2887 1246 3209 1311 tempestate
3237 1236 3452 1310 iactatis

1873 1338 2042 1394 animi
2072 1338 2222 1393 vires
2248 1336 2534 1407 largiatur.

2221 1447 2400 1503 CVIII.
2437 1477 2504 1486 —
2537 1446 2726 1501 Atracio
2770 1444 3088 1516 presbytero.

1942 1562 2082 1617 Vera
2131 1567 2216 1615 est
2258 1559 2449 1627 utique
2498 1556 2744 1613 Davidici
2797 1563 2993 1610 cautus
3036 1549 3388 1622 repromissio
3435 1567 3451 1603 :

1873 1657 2020 1713 hanc
2052 1655 2200 1710 enim
2233 1669 2331 1724 per
2362 1653 2513 1707 illum
2546 1650 2788 1721 Spiritus
2817 1646 3065 1704 veritatis
3099 1642 3457 1700 credentibus

1875 1745 2106 1817 protulit
2136 1763 2149 1797 :
2190 1763 2207 1795 ι
2242 1743 2445 1798 Revela
2476 1740 2705 1796 Domino
2736 1739 2879 1793 viam
2916 1744 3085 1799 tuam,
3118 1741 3175 1791 et
3205 1746 3367 1801 spera
3400 1731 3457 1784 in

186 1837 390 1909 Κύριον
415 1840 516 1911 τὴν
551 1841 668 1894 ὁδόν
698 1858 815 1907 σου,
844 1843 938 1896 καὶ
963 1842 1187 1897 ἐλπισον
1218 1845 1307 1897 ἐπ’
1331 1844 1520 1907 αῦτδν,
1545 1846 1641 1899 καὶ
1671 1845 1771 1899 αύ-

1883 1857 1962 1906 eo,
1994 1849 2051 1896 et
2083 1840 2200 1910 ipse
2238 1837 2422 1905 faciet,
2454 1846 2511 1892 et
2547 1834 2747 1890 educet
2783 1830 2937 1903 quasi
2969 1829 3154 1884 lumen
3184 1825 3454 1896 justitiam

184 1929 279 1993 τὸς
325 1932 561 2000 ποιήσει,
615 1934 709 1985 καὶ
761 1931 957 1998 ἐξοίσει
1003 1934 1080 1996 ὼς
1113 1932 1230 2003 φῶς
1277 1934 1378 2006 τὴν
1423 1935 1771 2009 δικαιοσύνην

188 2038 306 2087 σου,
332 2022 424 2075 καὶ
458 2022 518 2074 τὸ
546 2023 722 2093 κρίμά
774 2041 867 2077 σου
902 2023 975 2088 ὡς
1012 2024 1377 2096 μεσημϐρίαν.
1413 2044 1430 2076 ι
1467 2026 1640 2080 Τοῦτο
1677 2025 1771 2080 καὶ

186 2114 280 2167 ἐπὶ
340 2116 439 2184 τῆς
485 2114 584 2185 σῆς
626 2114 932 2180 θεοσεϐείας
988 2115 1356 2187 γεγενημένον
1416 2118 1768 2189 εὑρίσκομεν.

198 2203 432 2274 Ὀπόσην
456 2201 563 2276 γὰρ
591 2205 701 2258 τῶν
729 2206 996 2276 ὀρφανίαν
1025 2206 1368 2278 ὀδυρομένων
1397 2211 1634 2262 ποιεῖται
1664 2226 1769 2279 κη-

183 2293 435 2363 δεμονίαν
465 2296 498 2365 ἡ
550 2294 617 2365 σὴ
665 2294 965 2362 θεοσέϐεια,
998 2297 1093 2350 καὶ
1129 2298 1278 2360 ὅπως
1311 2297 1450 2368 ὑπὲρ
1485 2298 1593 2351 τῶν
1632 2300 1770 2353 ἀπο-

186 2387 449 2441 στολικῶν
485 2388 727 2460 ἀγωνίζῃ
760 2389 1071 2459 δογμάτων,
1112 2389 1300 2461 ᾅδουσι
1339 2390 1564 2453 πάντες,
1594 2388 1770 2459 δήλων

183 2478 326 2533 κατὰ
359 2480 462 2550 τὴν
498 2480 837 2552 προφητείαν
876 2481 986 2534 τῶν
1045 2480 1443 2550 κεκρυμμένων
1470 2480 1770 2550 γεγενημέ-

182 2588 310 2625 νων.
336 2570 538 2624 Τούτου
561 2571 625 2639 δὴ
654 2571 814 2642 χάριν
843 2570 1001 2639 κάγὼ
1021 2571 1148 2634 τοὺς
1187 2570 1538 2635 ἁξιεπαίνους
1571 2571 1769 2634 πόνους

184 2664 286 2730 τῆς
333 2664 431 2732 σῆς
482 2662 756 2730 φιλοθεῖας
814 2661 1153 2733 μεμαθηκὼς
1195 2663 1416 2732 γράφω,
1462 2661 1559 2715 καὶ
1605 2678 1774 2729 προσ-

184 2751 556 2821 φθεγγόμενός
608 2768 691 2814 σε,
721 2751 1123 2821 θεοφιλέστατε,
1173 2752 1269 2804 καὶ
1311 2750 1645 2820 παρακαλῶν
1671 2751 1771 2804 αὐ-

185 2843 350 2909 ξῆσαι
394 2842 454 2896 τὸ
487 2842 643 2905 κλέος
684 2845 750 2914 τῇ
800 2843 1093 2914 προσθήκῃ
1136 2842 1246 2897 τῶν
1283 2843 1483 2907 πόνων,
1536 2843 1631 2896 καὶ
1670 2842 1774 2913 τῆς

186 2931 555 3001 εὐαγγελικῆς
584 2932 976 3004 ὑπερμαχῆσαι
1014 2932 1388 2996 διδασκαλίας,
1430 2932 1517 2985 ἵνα
1547 2931 1644 2985 καὶ
1680 2933 1773 2986 τὸν

1877 1943 2059 1997 tuam,
2109 1940 2166 1986 et
2210 1930 2480 2000 judicium
2532 1934 2684 1982 tuum
2724 1934 2983 1992 tauquam
3032 1917 3320 1974 meridiem
3344 1916 3387 1968 ⁷.
3429 1934 3450 1966 ι

1876 2025 1993 2080 Hoc
2026 2031 2083 2079 et
2127 2023 2183 2076 in
2228 2022 2433 2091 pietate
2464 2028 2557 2074 tua
2605 2017 2809 2072 factum
2850 2013 3149 2070 cernimus.
3186 2009 3456 2076 Quantam

1874 2115 2024 2172 enim
2060 2113 2353 2169 orbitatem
2388 2109 2694 2182 lugentium
2728 2108 2906 2177 pietas
2930 2114 3025 2159 tua
3055 2117 3241 2158 curam
3279 2106 3454 2171 gerat.

1875 2217 1932 2263 et
1960 2222 2070 2277 quo
2111 2214 2271 2276 pacto
2313 2218 2415 2274 pro
2453 2198 2769 2272 apostolicis
2807 2194 3157 2268 dogmatibus
3188 2192 3455 2252 decertet,

1876 2301 1932 2355 in
1977 2315 2076 2355 ore
2111 2307 2197 2353 est
2228 2297 2496 2360 omnium,
2531 2291 2859 2355 manifestis,
2891 2290 3044 2361 juxta
3088 2284 3456 2358 prophetiam,

1876 2392 2037 2447 factis
2068 2390 2136 2446 iis
2169 2405 2294 2460 qua:
2335 2388 2553 2444 occulta
2595 2394 2775 2441 erant.
2821 2383 2974 2438 lianc
2999 2380 3071 2436 ob
3097 2393 3315 2435 causam
3355 2392 3458 2445 ego

1876 2498 2098 2552 quoque
2130 2482 2227 2551 qui
2260 2479 2567 2535 laudabiles
2593 2477 2809 2532 labores
2842 2482 2966 2529 tuos
2996 2470 3219 2535 edidici,
3252 2467 3454 2530 scribo,

1872 2580 1929 2627 et
1962 2571 2196 2626 salutem
2247 2570 2459 2639 1177
2494 2567 2686 2622 dicens
2724 2564 2843 2628 tibi,
2871 2564 2984 2617 Deo
3021 2559 3365 2620 cbarissime,
3401 2565 3461 2611 et

1873 2662 2194 2726 exhortans,
2229 2672 2290 2715 ut
2314 2660 2565 2714 laborum
2587 2654 2902 2712 accessione
2924 2652 3151 2725 gloriam
3185 2649 3458 2715 cumules,

1870 2760 1927 2807 et
1951 2767 2050 2821 pro
2074 2749 2391 2821 evangelica
2440 2747 2689 2805 doctrina
2717 2745 2966 2810 dimices,
2998 2750 3058 2799 ut
3083 2750 3141 2797 et
3172 2747 3458 2811 paternam

1873 2842 2249 2899 baareditatem
2304 2841 2566 2895 intactam
2613 2853 2920 2901 servemus,
2955 2847 3011 2891 et
3061 2834 3321 2890 talentum
3354 2831 3460 2885 Do-

1878 2932 2030 2986 mino
2055 2946 2182 2986 cum
2219 2929 2420 2999 insigni
2453 2939 2665 2999 quaestu
2697 2927 3014 2981 oneramus.

187 3019 445 3091 πατρῷον
476 3020 678 3092 κλῆρον
727 3020 1058 3091 φυλάξωμεν
1095 3021 1311 3085 ἄσυλον,
1350 3020 1444 3073 καὶ
1482 3020 1542 3074 τὸ
1604 3020 1865 3075 τάλαντον
1902 3021 1979 3092 τῷ
2003 3020 2249 3091 Δεσπότῃ
2309 3018 2448 3090 μετὰ
2484 3019 2583 3090 τῆς
2619 3017 2792 3089 καλῆς
2852 3013 3304 3088 προσενέγκωμεν
3366 3011 3458 3085 ἑρ-

188 3113 412 3182 γασίας.
490 3153 501 3159 -

378 3246 501 3302 PB'.
543 3273 598 3288 -ν
633 3249 902 3316 Εὑσεϐίῳ
925 3248 1238 3317 ἐπισκόπφ
1274 3249 1577 3319 Ἀγκύρας.

261 3358 434 3412 Πολλά
467 3358 567 3429 μὲν
595 3359 662 3412 τὰ
684 3359 803 3412 καθ’
827 3359 982 3429 ἡμῶν
1006 3361 1368 3431 τυρευόμενα,
1396 3362 1491 3415 καὶ
1518 3362 1587 3414 δι’
1607 3361 1769 3433 ἡμῶν

186 3447 334 3501 κατὰ
355 3447 451 3518 τῆς
478 3447 839 3517 ἀποστολικῆς
861 3448 1201 3519 καττυόμενα
1223 3450 1477 3514 πίστεως.
1504 3450 1776 3522 Ψυχαγω-

182 3540 281 3608 ys?
310 3538 365 3592 δὲ
407 3540 553 3610 ἡμᾶς
595 3539 663 3593 τὰ
717 3539 827 3593 τῶν
864 3540 1035 3609 ἁγίων
1082 3540 1404 3612 παθήματα,
1455 3544 1772 3616 προφητῶν,

182 3631 525 3696 ἀποστόλων,
558 3630 874 3702 μαρτύρων,
906 3632 1002 3685 καὶ
1028 3631 1138 3685 τῶν
1167 3633 1227 3686 ἐν
1256 3636 1379 3698 ταῖς
1423 3633 1775 3706 Ἑκκλησίαις

84 3730 85 3733 “
182 3722 607 3795 διαπρεψάντων
640 3725 698 3775 ὲν
723 3722 802 3793 τῷ
824 3722 971 3794 λόγῳ
1010 3724 1111 3793 τῆς
1132 3723 1352 3796 χάριτος
1372 3742 1385 3756 ο
1412 3725 1548 3797 πρὸς
1569 3726 1626 3779 δὲ
1656 3727 1778 3782 τού-

183 3830 307 3876 τοις
340 3814 435 3867 καὶ
456 3813 512 3866 αί
534 3811 626 3866 τοῦ
652 3812 789 3867 Θεοῦ
826 3813 920 3867 καὶ
943 3814 1196 3885 Σωτῆρος
1231 3814 1389 3885 ἡμῶν
1428 3816 1775 3885 ἐπαγγελίαι.

84 3905 92 3935 ⁵
183 3902 360 3955 Οὐδὲν
399 3902 507 3973 γὰρ
550 3902 683 3973 ἡμῖν
728 3902 786 3955 ἐν
827 3901 904 3973 τῷ
942 3901 1171 3973 παρόντι
1215 3902 1316 3973 βίῳ
1359 3905 1610 3976 τερπνὸν,
1657 3905 1778 3959 οὐδὲ

84 4024 89 4030 ι
184 3998 435 4064 Θυαῆρες
480 3993 769 4065 ὑπέσχετο,
822 3994 960 4048 ἀλλὰ
1003 3993 1213 4064 θλίψεις
1270 3996 1366 4048 καὶ
1416 3997 1635 4061 πόνους,
1684 3999 1779 4051 καὶ

83 4086 97 4125 ⁵
183 4090 510 4151 κινδύνους,
562 4085 657 4139 καὶ
706 4084 981 4154 πολεμίων
1034 4084 1449 4148 ἐπαναστάσεις.
1514 4105 1532 4138 ι
1573 4087 1661 4140 Ἐν
1701 4086 1779 4158 τῷ

84 4178 101 4223 i'
189 4178 384 4246 κόσμῳ
413 4178 541 4247 γὰρ,
577 4176 733 4247 φησὶ,
779 4174 957 4245 θλίψιν
987 4174 1159 4245 ἔχετε.
1193 4193 1211 4227 ι
1269 4175 1378 4228 Καί
1420 4193 1433 4204 ’
1501 4193 1519 4227 ι
1574 4176 1638 4231 Et
1678 4176 1779 4248 ἐμὲ

86 4276 105 4311 ’J
190 4269 443 4334 ἐδίωξαν,
480 4270 575 4322 κα)⁸
607 4269 751 4340 ὑμᾶς
796 4267 1071 4334 διώξουσι.
1113 4285 1130 4318 ι
1180 4265 1321 4321 Καί·
1375 4286 1393 4318 ι
1425 4268 1486 4321 Εἰ
1517 4267 1607 4321 τὸν
1634 4270 1780 4323 οἰκο-

84 4364 110 4413 ‘5'
191 4359 463 4429 δεσπότην
506 4357 836 4423 Βεελξεϐοῦλ
881 4357 1167 4421 ἐκάλεσαν,
1214 4356 1367 4427 πόσῳ
1415 4357 1615 4426 μᾶλλον
1653 4358 1780 4421 τοὺς

84 4462 113 4507 ..ῖ
193 4450 503 4512 οἰκειακοῦς
533 4447 732 4513 αὐτοῦ;
782 4467 800 4499 ι
841 4448 951 4502 Καί
976 4465 992 4479 ο
1028 4466 1049 4499 ι
1085 4449 1344 4520 Ἔρχεται
1379 4449 1520 4523 ὥρα,
1559 4452 1646 4505 ίνα
1673 4452 1781 4515 πᾶς

84 4558 115 4603 ς

1798 3211 1840 3268 C

2746 3146 2753 3153 ο

2150 3246 2288 3301 CIX.
2323 3276 2393 3285 —
2423 3246 2650 3299 Eusebio
2679 3248 2917 3317 episcopo
2948 3245 3188 3318 Ancyrw,

1948 3360 2115 3416 Multa
2144 3360 2366 3431 quidem
2409 3369 2538 3415 sunt
2577 3375 2700 3429 qua:
2728 3370 2922 3415 contra
2952 3377 3055 3416 nos
3086 3363 3301 3417 occulte
3341 3363 3461 3435 agi-

1875 3460 2099 3516 tantur,
2158 3459 2216 3506 et
2271 3467 2372 3521 per
2418 3465 2520 3505 nos
2578 3449 2843 3504 adversus
2897 3450 3058 3505 fidem
3104 3454 3460 3521 apostolicam

1876 3549 2188 3595 struuntur.
2225 3538 2335 3596 Sed
2378 3548 2635 3594 recreant
2678 3555 2780 3594 nos
2821 3550 3138 3594 sanctorum
3179 3556 3460 3605 azrumnae,

1876 3633 2294 3705 prophetarum,
2341 3632 2739 3703 apostolorum,
2785 3640 3109 3704 martyrum,
3157 3648 3462 3703 eorumque

1876 3724 1973 3793 qui
2020 3721 2078 3777 in
2126 3721 2389 3777 Ecclesiis
2432 3721 2489 3776 in
2531 3721 2781 3777 doctrina
2825 3723 3012 3794 gratiae
3050 3723 3293 3780 illustres
3338 3724 3461 3780 fue-

1878 3820 2031 3869 runt.
2079 3813 2313 3882 Insuper
2357 3820 2541 3868 autem
2588 3821 2643 3868 et
2682 3812 2782 3867 Dei
2835 3811 3242 3885 Salvatorisque
3288 3815 3461 3871 nostri

1879 3906 2334 3977 pollicitationes.
2377 3904 2526 3961 Nihil
2566 3905 2712 3962 enim
2759 3906 2923 3961 nobis
2965 3907 3019 3961 in
3061 3908 3315 3978 praesenti
3352 3907 3464 3962 vita

1874 3997 2202 4069 jucundum,
2230 3997 2369 4052 nihil
2400 4012 2567 4052 suave
2600 3996 2855 4068 promisit
2882 4013 2895 4050 :
2923 3996 3017 4052 sed
3054 3997 3463 4065 tribulationes,

1879 4099 1935 4147 et
1968 4095 1983 4110 '
2020 4090 2269 4155 labores,
2313 4099 2369 4146 et
2415 4090 2655 4160 pericula
2676 4130 2691 4154 ,
2722 4098 2778 4144 et
2810 4090 3051 4145 hostium
3096 4090 3461 4146 incursiones.

1887 4201 1906 4234 ι
1939 4183 1999 4238 ιιι
2034 4182 2241 4238 mundo
2261 4183 2429 4247 enim,
2460 4182 2558 4249 ait,
2581 4198 2899 4253 pressuram
2932 4182 3261 4240 babebitis'.
3289 4204 3307 4236 ι
3350 4184 3420 4240 ΕΙ.
3446 4201 3462 4239 :

1889 4293 1909 4327 ι
1952 4275 2010 4330 Si
2046 4291 2133 4331 me
2183 4275 2464 4345 persecuti
2508 4283 2657 4338 sunt,
2689 4282 2745 4329 et
2780 4290 2879 4330 vos
2925 4284 3327 4346 persequentur
3356 4276 3399 4331 ’.
3438 4294 3457 4328 ι

1882 4368 1953 4423 Et
2003 4384 2020 4420 :
2071 4386 2089 4419 ι
2142 4366 2199 4422 Si
2250 4366 2702 4437 patremfamilias
2751 4366 3041 4422 Beelzebul
3092 4374 3462 4430 vocaverunt,

1883 4467 2090 4530 quanto
2143 4458 2316 4528 magis
2363 4458 2702 4515 domesticos
2745 4460 2866 4530 ejus
2902 4459 2983 4512 ὀἳ
3021 4478 3038 4509 ι
3091 4460 3205 4514 Et:
3248 4478 3267 4511 ‹
3302 4459 3466 4515 Venit

196 4542 227 4593 ὁ
270 4540 591 4603 ἀποκτείνας
641 4541 784 4610 ὑμᾶς
835 4537 960 4614 δόξῃ
1007 4539 1265 4609 λατρείαν
1318 4543 1648 4612 προσφέρειν
1701 4540 1773 4612 τῷ

1884 4549 2039 4613 hora,
2079 4558 2140 4603 ut
2172 4550 2353 4604 omnis
2395 4549 2490 4619 qui
2532 4549 2792 4605 interﬁcit
2827 4567 2926 4605 vos
2965 4550 3268 4605 arbitretur
3300 4550 3464 4605 obse-

86 4656 115 4714 .5.
196 4628 339 4700 Θεῷ.
371 4648 389 4681 ι
426 4630 570 4683 Καί·
603 4650 621 4681 ι
656 4631 822 4700 Στενὴ
849 4632 883 4701 ἡ
910 4630 1072 4700 πύλη,
1107 4631 1201 4683 καὶ
1228 4630 1562 4702 τεθλιμμένη
1593 4633 1627 4701 ἡ
1653 4631 1773 4699 ea);

1883 4639 2075 4711 quium
2118 4655 2177 4695 se
2217 4649 2476 4709 praestare
2511 4638 2625 4694 Deo
2654 4640 2717 4694 υ.
2752 4659 2768 4691 ι
2808 4640 2918 4695 Et:
2957 4661 2974 4690 ι
3007 4640 3249 4710 Angusta
3285 4649 3463 4709 porta,

86 4874 110 4914 ι

88 5074 127 5125 ᾧ

91 5166 130 5223 9.

199 4724 234 4793 ή
261 4720 550 4788 ἀπάγουσα
579 4723 658 4785 εἰς
681 4722 776 4791 τὴν
803 4720 969 4792 ζωήν.
1010 4741 1028 4772 ι
1069 4722 1213 4776 Καί·
1250 4741 1269 4774 ι
1304 4723 1473 4776 Ὅταν
1506 4720 1773 4777 διώκωσιν

1883 4739 1934 4784 et
1964 4738 2114 4784 arcta
2142 4729 2230 4783 via
2254 4736 2360 4793 est,
2384 4744 2506 4797 quze
2529 4728 2683 4783 ducit
2709 4730 2776 4783 ad
2808 4730 2975 4784 vitam
3000 4731 3063 4783 δ’.
3085 4749 3103 4781 ι
3141 4729 3208 4783 Et
3232 4747 3248 4782 :
3283 4748 3302 4780 ‹
3326 4724 3469 4784 Cum

104 4870 121 4895 Α,
200 4813 347 4882 ὑμᾶς
375 4814 433 4865 ὲν
462 4815 528 4884 τῇ
561 4812 709 4866 πόλει
750 4812 944 4886 ταύτῃ,
982 4813 1213 4883 φεύγετε
1245 4815 1326 4878 είς
1354 4815 1455 4884 τὴν
1505 4815 1721 4886 ἑτέραν.
1754 4833 1773 4867 ι

1883 4820 2156 4890 persecuti
2207 4835 2308 4875 vos
2356 4819 2565 4874 fuerint
2615 4820 2671 4874 in
2727 4820 2950 4875 civitate
3004 4820 3144 4886 ista,
3191 4819 3362 4891 fugite
3410 4818 3466 4874 in

200 4906 312 4960 Καὶ
339 4904 439 4959 ὅσα
466 4904 673 4969 τούτοις
710 4905 829 4958 ἐστὶ
866 4901 1502 4978 παραπλήσιαθΣυνῳδά
1544 4905 1602 4959 δέ
1648 4923 1773 4977 φησι

1883 4913 2043 4968 aliam
2079 4913 2143 4967 ¹³.
2177 4932 2194 4964 ι
2231 4912 2298 4967 Et
2327 4918 2602 4982 quotquot
2644 4911 2749 4965 alia
2783 4919 2912 4965 sunt
2945 4909 3032 4966 his
3066 4911 3288 4965 similia.
3319 4910 3466 4967 Con-

204 4996 299 5050 καὶ
324 4997 353 5049 ὁ
383 4996 521 5061 θεῖος
563 4997 886 5060 Ἀπόστολος
913 5014 928 5029 ο
988 5017 1006 5050 ι
1038 4998 1245 5060 Πάντες
1284 4998 1333 5050 oi
1388 4997 1636 5061 θέλοντες
1683 4998 1773 5070 ζῇν

1885 5019 2019 5059 sona
2065 5003 2230 5058 etiam
2268 5001 2406 5057 dicit
2449 5000 2672 5056 divinus
2720 4998 3014 5069 Apostolus
3043 5015 3056 5051 :
3089 5016 3106 5048 ι
3140 4997 3343 5053 Omnes
3372 4998 3466 5068 qui

203 5088 443 5152 εὐσεϐῶς
482 5090 540 5141 ἐν
584 5087 809 5159 Χριστῷ
849 5089 1053 5160 Ἰησοῦ,
1092 5088 1519 5159 διωχθήσονταν
1554 5089 1773 5159 πονηροῖ

1887 5094 1977 5164 pie
2017 5094 2211 5149 volunt
2243 5093 2429 5148 vivere
2473 5092 2528 5146 in
2566 5090 2788 5146 Christo
2822 5090 2982 5155 Jesu,
3028 5090 3468 5159 persecutionem

203 5180 263 5236 δὲ
290 5180 566 5251 ἄνθρωποι
596 5182 690 5233 καὶ
714 5179 909 5249 γόητες
947 5179 1309 5251 προκόψουσιν
1355 5180 1450 5233 ἐπὶ
1490 5179 1550 5232 τὸ
1579 5182 1782 5249 χεῖρον,

84 5260 131 5325 ἑτέ
205 5271 520 5335 πλανῶντες
568 5272 661 5325 καὶ
693 5269 1052 5340 πλανώμενοι.
1088 5290 1106 5324 ι
1144 5270 1327 5324 Ταῦτα
1389 5271 1488 5341 μὲν
1522 5265 1615 5324 οὖν
1652 5272 1787 5342 ἡμῖν

84 5362 121 5421 τε

84 5450 137 5506 at

84 5506 100 5531 ’ὑ

103 5542 137 5575 με

83 5594 103 5612 ,1

207 5363 538 5438 παραψυχὴν
591 5366 649 5417 ὲν
714 5362 843 5433 τῇδε
894 5365 960 5433 τῇ
999 5361 1136 5436 ζάλῃ
1197 5362 1437 5434 παρέσχε
1502 5361 1807 5439 μεγίστην,

218 5454 440 5525 Ἐπειδὴ
474 5454 530 5507 δὲ
567 5454 714 5515 εἰκὸς
758 5452 852 5506 καὶ
884 5453 1044 5523 μέχρι
1070 5453 1168 5523 τῆς
1200 5453 1296 5522 σῆς
1348 5453 1658 5524 ἁγιωσύνης
1688 5453 1788 5516 τὰς

83 5542 137 5612 βτί
208 5546 333 5603 καθ’
363 5546 519 5617 ἡμῶν
543 5545 795 5615 διαϐῆναι
837 5544 1218 5612 συκοφαντίας,
1248 5542 1548 5614 παρακαλῶ
1573 5560 1665 5597 σου
1688 5544 1788 5614 τὴν

281 5725 302 5755 ⁷
335 5723 475 5777 I’sal.
515 5739 694 5783 xxxvi,
736 5722 785 5775 5.
865 5722 885 5751 ⁸
918 5719 1072 5775 Joan.
1101 5735 1208 5782 xw,
1234 5718 1349 5787 55.,
1399 5718 1420 5749 ’
1444 5719 1598 5776 Joan.
1628 5719 1824 5787 xv,20.

219 5783 261 5817 ’³
292 5794 480 5849 Matth.
517 5809 569 5860 ιι,
609 5793 696 5848 ‘23.
779 5790 819 5822 "‘
854 5791 899 5846 Il
922 5790 1161 5845 Timoth.
1192 5805 1270 5859 ιιι,
1300 5786 1381 5842 l2.

1888 5183 2168 5252 patientur
2194 5199 2208 5236 :
2240 5181 2367 5237 mali
2397 5188 2580 5236 autem
2616 5180 2869 5235 homines
2898 5187 2955 5235 et
2987 5178 3307 5234 seductores
3338 5193 3468 5249 pro-

1890 5261 2176 5328 ficient'in
2227 5273 2405 5343 pejus,
2444 5279 2697 5328 errantes
2742 5282 2799 5327 et
2847 5273 2904 5327 in
2952 5287 3196 5327 errorem
3241 5270 3469 5327 mitten-

1890 5358 1974 5418 tes
2014 5364 2077 5416 “.
2114 5382 2133 5414 ι
2174 5362 2301 5418 Ilaec
2333 5362 2502 5432 igitur
2561 5363 2993 5417 consolationem
3052 5362 3214 5417 nobis
3264 5363 3319 5417 in
3369 5364 3470 5417 hac

1891 5461 2216 5522 tempestate
2246 5452 2539 5507 maximam
2571 5451 2787 5522 1178
2807 5451 3180 5522 prmbuerunt.
3210 5450 3316 5506 Sed
3341 5452 3467 5521 quia

1892 5543 2194 5598 verisimile
2231 5550 2317 5599 est
2356 5541 2424 5597 ad
2467 5550 2614 5595 tuam
2658 5557 2831 5611 usque
2871 5542 3218 5596 sanctitatem
3270 5556 3468 5611 pervc-

1910 5721 1950 5751 ¹⁰
1979 5719 2164 5774 Matth.
2194 5736 2246 5787 κ,
2284 5719 2366 5773 15.
2446 5719 2481 5750 ¹¹
2509 5718 2790 5786 Joan.xv1,
2826 5719 2879 5772 2.
2958 5719 2998 5749 "
3034 5718 3221 5772 Matth.
3254 5733 3346 5783 vn,
3382 5716 3474 5772 H.
