3924 6192
496 362 632 428 i303

1481 364 1966 423 THEODORETI
2010 363 2344 425 EI’ISCOPI
2387 366 2746 424 CYRENSIS

3656 353 3788 417 HM

491 488 640 533 nlsse
675 477 979 531 calumnias
1020 476 1222 546 quibus
1259 492 1538 540 vexamur,
1579 495 1677 532 oro
1714 488 1875 548 atque
1912 479 2063 532 obte-

2185 479 2426 549 5σιότητα
2471 478 2592 549 μηδ’
2624 476 2758 537 ὅλως
2795 474 3050 541 ὑποσχεῖν
3093 472 3210 533 ταῖς
3251 469 3360 522 τῶν
3403 470 3788 537 συκοφαντῶν

491 586 608 628 stor
647 588 716 628 ne
757 573 1216 627 calumniatorum
1261 573 1561 629 mendaciis
1604 575 1875 628 ullatenus
1911 589 2074 627 aures

491 665 777 720 adhibeas.
811 665 922 733 Ego
959 665 1106 718 enim
1155 680 1242 718 me
1283 665 1336 718 in
1381 665 1520 721 duos
1563 666 1896 721 credendum
1935 665 2075 718 lilios

494 756 760 811 hactenus
782 755 1036 809 docuisse
1062 756 1318 810 conscius
1341 773 1448 810 non
1473 773 1611 812 sum.
1644 758 1701 812 ln
1728 774 1897 812 unum
1925 758 2072 811 enim

493 867 510 899 (
529 847 719 902 redere
741 846 908 900 didici
932 846 1281 917 Unigenitum
1308 848 1596 902 Dominum
1620 859 1866 902 nostrum
1886 849 2073 902 Jesum

491 939 795 1000 Christum,
827 936 1104 990 hominem
1137 937 1339 991 factum
1375 938 1546 991 Deum
1586 939 1846 993 Verbum.
1881 938 2074 993 Carnis

493 1045 623 1084 sane
659 1029 1072 1097 divinitatisque
1111 1029 1406 1084 discrimen
1455 1031 1602 1092 novi,
1641 1040 1696 1084 ct
1738 1031 1901 1100 impie
1939 1031 2073 1084 mihi

493 1137 656 1191 agere
710 1121 992 1186 videntur,
1034 1129 1149 1174 tum
1197 1122 1291 1191 qui
1341 1122 1395 1176 in
1448 1123 1587 1178 duos
1638 1123 1776 1177 filios
1821 1122 2075 1176 dividunt

498 1231 665 1269 unum
699 1215 991 1269 Dominum
1021 1226 1270 1271 nostrum
1301 1217 1485 1271 Jesum
1513 1217 1814 1282 Christum,
1843 1229 1954 1272 tum
1981 1219 2077 1288 qui

493 1306 828 1360 contrariam
865 1307 952 1361 his
995 1308 1139 1360 viam
1195 1309 1445 1377 ingressi,
1492 1327 1654 1364 unam
1697 1322 1942 1365 naturam
1977 1328 2074 1363 vo-

495 1406 621 1451 cant
664 1397 1010 1452 divinitatem
1051 1398 1253 1452 Christi
1300 1401 1514 1454 Domini
1557 1410 1611 1455 et
1657 1401 2072 1453 humanitatcn‘i.

493 1487 755 1557 Opposita
800 1489 946 1542 enim
993 1489 1094 1544 sibi
1147 1501 1338 1544 mutuo
1391 1499 1518 1544 sunt
1559 1491 1674 1544 haec
1718 1491 2016 1560 praecipitia
2059 1509 2071 1544 :

495 1577 676 1632 inedia
725 1589 908 1633 autem
959 1581 1403 1649 evangelicorum
1453 1581 1766 1651 dogmatum
1807 1582 1915 1644 via,
1949 1598 2076 1635 san-

495 1677 710 1724 ctorum
751 1672 1124 1740 apostolorum
1153 1674 1655 1743 pr0phetarumque
1691 1683 1878 1727 ornata
1907 1673 2076 1727 vesti-

495 1761 620 1830 giis,
655 1770 710 1816 et
753 1778 945 1817 eorum
988 1764 1081 1832 qui
1135 1773 1257 1832 post
1310 1764 1433 1818 illos
1471 1764 1704 1818 docendi
1750 1765 1922 1834 gratia
1964 1767 2079 1818 cla-

497 1864 747 1908 ruerunt.
782 1855 1084 1924 Cupiebam
1127 1866 1308 1910 autem
1354 1856 1502 1925 ipsas
1542 1857 1735 1910 bormn
1777 1859 2078 1910 sententias

498 1943 556 1998 in
598 1945 839 1999 medium
892 1945 1109 2008 all‘erre,
1147 1956 1200 2000 et
1252 1947 1434 2000 sensui
1483 1955 1672 2000 nostro
1719 1946 2079 2015 sull‘ragantes

497 2037 808 2091 ostendere.
860 2037 966 2091 Sed
1007 2038 1260 2106 pluribus
1303 2037 1486 2091 verbis
1531 2054 1669 2108 opus
1717 2047 1877 2101 esset,
1915 2052 2082 2105 quam

499 2127 696 2182 modus
756 2128 898 2181 lerat
947 2128 1210 2197 epistolae.
1271 2127 1616 2197 Quapropter
1657 2128 1968 2181 summatim
2017 2142 2080 2179 ea

497 2220 838 2288 complexus,
871 2235 991 2288 qua:
1036 2219 1104 2273 de
1152 2219 1430 2290 Unigcniti
1468 2220 1843 2273 incarnatione
1887 2218 2083 2272 didici-

497 2326 642 2371 mus,
689 2311 756 2364 ad
805 2319 952 2365 tuam
990 2311 1230 2364 divinam
1269 2310 1646 2365 excellentiam
1689 2309 1831 2363 misi.
1875 2309 2084 2378 Scripsi

498 2407 704 2463 autem,
739 2416 847 2454 non
892 2407 954 2452 ut
993 2401 1135 2453 alios
1171 2399 1416 2458 doceam.
1451 2398 1544 2454 sed
1583 2409 1636 2452 ut
1675 2399 1943 2467 imposita:
1989 2417 2083 2453 ea-

498 2490 720 2545 lumnire
766 2491 1150 2559 respondeam.
1188 2501 1243 2543 et
1291 2505 1511 2544 sensum
1559 2508 1739 2544 meum
1794 2491 1860 2544 iis
1905 2492 2082 2558 expli-

499 2594 617 2632 cem
660 2579 754 2647 qui
798 2579 1070 2649 ignorant.
1104 2579 1228 2634 llzec
1263 2580 1428 2648 igitur
1465 2581 1556 2633 ubi
1593 2581 1784 2650 legerit
1819 2581 2082 2635 sanctitas

497 2676 702 2731 vestra,
743 2669 788 2721 si
836 2668 1058 2736 quidem
1104 2670 1306 2737 scripta
1353 2678 1538 2723 nostra
1593 2687 1717 2724 cum
1769 2673 2084 2740 apostolicis

498 2756 848 2826 dogmatibus
899 2756 1212 2812 consentire
1261 2758 1558 2822 invenerit,
1594 2775 1694 2813 suo
1734 2759 1799 2813 ad
1847 2777 1946 2814 nos
1991 2777 2080 2815 re-

499 2865 700 2918 sponso
736 2865 958 2904 sensum
1007 2860 1256 2903 nostrum
1299 2851 1607 2904 conﬁrmet.
1640 2852 1708 2905 At
1745 2853 1788 2906 si
1826 2853 1957 2922 quid
1997 2853 2081 2906 in-

499 2941 674 2994 (litum
698 2940 949 3009 estquod
975 2957 1098 2994 cum
1123 2941 1306 2995 divina
1330 2945 1344 2959 ‘
1368 2942 1615 2996 doctrina
1649 2959 1755 2997 non
1790 2944 2079 3008 cohzereat,

499 3033 608 3087 hac
635 3033 800 3087 etiam
845 3048 874 3086 a
917 3033 1204 3088 sanctitate
1242 3042 1331 3086 tua
1362 3034 1544 3088 doceri
1580 3037 1761 3104 cupio.
1791 3036 1903 3089 Etsi
1933 3039 2079 3090 enim

497 3123 722 3195 longum
753 3124 805 3176 in
837 3123 1085 3178 docendo
1122 3132 1335 3193 tempus
1372 3126 1586 3195 1179
1615 3129 2076 3197 consumpsimus,
2108 3161 2153 3222 Ο

501 3214 680 3270 adhuc
715 3224 895 3269 tamen
935 3217 1160 3270 doctore
1195 3217 1521 3286 indigemus.
1566 3237 1583 3268 ‹
1623 3219 1698 3272 Ex
1737 3229 1889 3289 parte
1921 3237 2078 3274 natu-

501 3325 629 3377 que,
673 3318 733 3363 ut
773 3310 850 3363 ait
895 3309 1118 3365 divinus
1168 3311 1482 3380 Apostolus,
1524 3314 1905 3381 cognoscimus
1937 3316 2000 3369 ¹²⁵.
2055 3335 2072 3366 ι

501 3399 646 3466 Quin
701 3410 756 3454 et
808 3402 1008 3455 iterum
1064 3403 1338 3456 dicentem
1386 3403 1746 3456 audivimus:
1796 3424 1811 3454 ι
1854 3405 1909 3459 Si
1956 3407 2081 3474 quis

501 3501 685 3546 autem
717 3507 774 3545 se
804 3491 1082 3546 existimat
1111 3493 1252 3546 scire
1287 3493 1514 3562 aliquid,
1548 3494 1788 3546 uetulum
1825 3497 2082 3565 cognovit

501 3579 966 3650 quemadmodum
1012 3586 1263 3649 oporteat
1307 3594 1433 3631 eum
1476 3579 1617 3631 scire
1647 3580 1710 3631 ’6.
1748 3599 1764 3628 ι
1815 3578 1986 3632 Simul
2027 3590 2082 3634 et

501 3687 692 3723 verum
729 3685 761 3723 a
797 3669 1083 3723 sanctitate
1113 3678 1203 3722 tua
1234 3677 1292 3721 ut
1328 3668 1532 3722 discam
1573 3684 1689 3730 oro,
1724 3677 1777 3721 et
1813 3679 1869 3723 ut
1902 3670 2081 3724 eccle-

502 3761 734 3815 siasticae
771 3761 1184 3830 tranquillitatis
1227 3777 1412 3814 curam
1453 3777 1630 3831 geras,
1662 3767 1717 3814 et
1747 3777 1848 3830 pro
1880 3761 2082 3815 divinis

502 3852 850 3922 dogmatibus
911 3851 1156 3904 dimices.
1223 3851 1430 3904 llorum
1488 3851 1689 3920 quippe
1745 3853 1920 3921 gratia
1971 3853 2083 3907 Deo

502 3945 667 3998 etiam
717 3942 1023 3997 charissimi
1072 3941 1338 4012 episc0pi,
1387 3951 1441 3997 et
1488 3941 1702 3996 itineris
1751 3944 1988 4006 labores,
2028 3954 2084 3998 et

503 4034 702 4088 hiemis
751 4037 1102 4102 asperitatem
1148 4042 1584 4096 contemnentes,
1631 4033 1695 4086 ad
1741 4035 1943 4103 regiam
1987 4051 2082 4087 ur-

505 4127 627 4180 bem
670 4125 900 4194 profecti
937 4135 1085 4188 sunt,
1130 4136 1187 4178 ut
1227 4125 1434 4179 exitum
1468 4125 1704 4194 aliquem
1746 4127 2084 4196 tempestatis

501 4220 814 4289 exquirant.
863 4220 928 4274 lit
975 4220 1095 4274 illos
1143 4220 1309 4290 igitur
1358 4235 1581 4288 precum
1627 4229 1842 4273 tuarum
1885 4221 2084 4274 viatico

505 4310 798 4376 instruere,
843 4323 897 4367 et
943 4327 1044 4366 nos
1096 4311 1288 4365 iisdem
1339 4309 1553 4364 ﬁrmare
1606 4327 1668 4364 ac
1719 4311 1966 4365 stabilire
2015 4328 2082 4366 ne

502 4403 761 4476 graveris.

751 4514 864 4569 CX.
896 4546 964 4554 ——
1003 4515 1205 4568 Damno
1243 4517 1480 4586 episcopo
1514 4517 1820 4570 Amice/tim.

573 4625 756 4679 Lectis
806 4624 1006 4678 litteris
1053 4625 1162 4678 tuis
1215 4625 1535 4681 recordatus
1583 4643 1702 4681 sum
1758 4628 2084 4684 bealissinne

503 4719 790 4781 liusannte,
823 4732 947 4786 qua:
977 4715 1216 4772 nefarios
1247 4717 1370 4772 illos
1399 4733 1651 4782 cernens,
1675 4729 1729 4774 et
1759 4721 1927 4776 Deum
1967 4723 2085 4774 uni-

505 4823 798 4862 versorum
829 4816 1154 4878 praesentem
1189 4809 1441 4872 credens,
1479 4811 1790 4879 praeclaram
1819 4812 1964 4866 illam
1994 4830 2086 4864 vo-

505 4909 626 4952 rem
676 4900 907 4954 emisit:
951 4919 968 4951 ι
1006 4900 1284 4971 Augustin:
1328 4909 1456 4956 sunt
1499 4903 1631 4956 mihi
1683 4904 1924 4974 undique
1959 4907 2021 4958 ¹⁷.
2062 4926 2076 4956 ι

507 4991 577 5044 At
624 4999 805 5047 tamen
852 4993 906 5046 in
957 4993 1244 5047 calumnia
1302 4995 1526 5063 laqueos
1579 4995 1818 5049 incidere
1871 4997 2081 5060 maluit,

507 5097 674 5150 quam
715 5083 923 5152 justum
966 5083 1207 5154 judicem
1254 5093 1626 5138 contemnere.
1668 5085 1734 5138 Et
1779 5103 1944 5149 nunc,
1983 5087 2082 5140 do-

511 5172 682 5236 mine,
715 5173 861 5242 quod
904 5189 1045 5244 smpe
1075 5175 1332 5236 diximus,
1358 5174 1468 5228 duo
1502 5184 1629 5229 sunt
1664 5176 1958 5245 proposita,
1992 5188 2084 5233 aut

511 5265 680 5318 lutum
705 5263 982 5318 oll'enderc
1009 5272 1063 5318 et
1089 5264 1477 5318 conscientiam
1499 5265 1716 5328 lazderc,
1741 5277 1834 5322 aut
1858 5268 2086 5338 injustas

511 5353 566 5408 in
613 5355 897 5408 hominum
939 5353 1238 5408 sententias
1283 5354 1583 5408 incurrere.
1627 5353 1754 5407 Mihi
1791 5371 1921 5410 vero
1952 5356 2089 5411 nihil

513 5439 706 5494 horum
749 5442 968 5511 penitus
1006 5442 1148 5496 scire
1190 5443 1406 5497 videtur
1443 5442 1727 5512 piissimus
1769 5443 2086 5514 imperator.

510 5529 650 5592 Quid
689 5532 834 5584 enim
880 5532 1251 5601 prohibuisset
1300 5535 1453 5588 illum
1497 5535 1739 5589 scribere
1785 5537 2090 5592 ordinatio-

587 5663 627 5692 ³⁵
664 5665 831 5720 lCor.
858 5685 970 5730 xiu,
1001 5669 1051 5720 9.
1124 5670 1210 5723 ¹⁸1
1245 5672 1372 5726 Cor.
1396 5673 1591 5735 v1;t,‘2.

586 5778 698 5846 (66)
734 5778 1084 5845 βεὸαιωσάτω
1120 5786 1283 5854 Neap.

1673 5674 1714 5704 ¹⁷
1752 5675 1884 5729 Dan.
1922 5692 2034 5740 xui,
2061 5675 2148 5730 9‘2.

2175 570 2547 639 ψευδολογίαις
2572 567 2669 630 τὰς
2693 565 2882 628 ἀκοάς.
2917 561 3060 632 Ἐγὼ
3084 561 3192 633 γὰρ
3213 562 3310 615 οὐκ
3331 557 3456 614 οἶδα
3487 560 3673 630 μέχρι
3701 562 3785 613 to;

2177 661 2442 732 παρόντος
2487 660 2702 724 διδάξας
2748 659 2827 720 εἰς
2859 655 2952 709 δύο
3008 653 3282 709 πιστεύειν
3319 651 3508 716 υἱούς.
3549 653 3658 715 Εἰς
3697 653 3788 704 ἕνα

2175 751 2284 822 γὰρ
2315 751 2594 822 ἐδιδάχθην
2631 749 2908 804 πιστεύειν
2931 745 3210 814 Μονογενῆ
3237 745 3328 797 τὸν
3363 743 3597 814 Κύριον
3633 743 3788 812 ἠμέν

2189 843 2394 914 Ἰησοῦν
2436 841 2690 912 Χριστὸν,
2722 839 2815 893 τὸν
2859 838 3361 909 ἐνανθρωπήσαντα
3399 835 3556 888 Θεὸν
3591 835 3786 901 Λόγον.

2175 935 2385 1006 Σαρκδς
2417 933 2598 1004 μέντοι
2633 933 2726 984 καὶ
2752 930 3005 1000 θεότητος
3049 929 3348 996 ἐπίσταμαι
3378 925 3445 979 τὸ
3493 926 3787 994 διάφοροι,

2174 1027 2270 1078 καὶ
2293 1023 2570 1078 δυστεϐεῖν
2607 1038 2695 1091 μοι
2723 1018 2971 1072 δοκοῦσιν
3001 1019 3052 1070 οἱ
3087 1019 3165 1080 είς
3195 1017 3288 1068 δύο
3319 1017 3487 1077 υἱοὺς
3530 1015 3785 1084 μερίζον-

2174 1133 2264 1180 τες
2290 1114 2378 1168 τὸν
2406 1114 2500 1166 ἕνα
2555 1111 2758 1182 Κύριον
2805 1109 2962 1180 ἡμῶν
3005 1106 3213 1178 Ἰησοῦν
3253 1106 3540 1176 Χριστὸν,
3599 1107 3704 1157 καὶ
3746 1109 3784 1156 οἱ

2173 1210 2272 1278 τὴν
2300 1206 2545 1261 ἐναντίαν
2579 1203 2788 1266 τούτοις
2809 1200 3102 1264 ὁδεύοντες,
3138 1199 3232 1251 καὶ
3267 1199 3400 1268 μίαν
3428 1198 3626 1265 φύσιν
3660 1199 3787 1249 απε-

2176 1297 2466 1358 καλοῦντες
2507 1295 2607 1364 τὴν
2652 1292 2880 1362 θεότητα
2923 1288 3014 1342 τοῦ
3051 1289 3320 1341 Δεσπότου
3361 1285 3667 1357 Χριστοῦ,
3711 1295 3786 1338 καὶ

2174 1387 2274 1456 τὴν
2327 1382 2737 1454 ἀνθρωπότητα.
2813 1377 3072 1455 Ἐναντίοι
3133 1377 3241 1446 γὰρ
3295 1376 3587 1446 ἀλλήλοις
3655 1368 3786 1427 οὗτοι

2177 1476 2445 1548 κρημνοί·
2493 1475 2632 1546 μέση
2677 1473 2733 1526 δὲ
2789 1473 2822 1542 ἡ
2874 1469 2983 1523 τῶν
3044 1467 3420 1536 εὐαγγελικῶν
3489 1469 3788 1536 δογμᾱτεις-.

2176 1569 2314 1634 ὁδὸς,
2368 1569 2482 1630 τοῖς
2529 1563 2640 1618 τῶν
2689 1561 2860 1631 ἁγίων
2921 1559 3213 1630 προφητῶν
3281 1559 3378 1611 καὶ
3453 1557 3792 1609 ἀποστόλων

2181 1661 2349 1732 ἴχνεσι
2385 1653 2756 1727 κοσμουμένη,
2784 1653 2879 1707 καὶ
2900 1651 3014 1704 τῶν
3049 1648 3188 1721 μετὰ
3219 1649 3454 1711 τούτους
3489 1650 3562 1700 ἐν
3605 1648 3695 1718 τῷ
3724 1648 3794 1700 δι-

2178 1749 2488 1820 δασκαλικῷ
2515 1744 2933 1816 διαπρεψὰντων
2981 1742 3300 1814 χαρίσματι.
3345 1739 3724 1808 Ἐϐουλόμην

2180 1846 2274 1899 καὶ
2311 1844 2409 1906 τὰς
2442 1841 2644 1894 τούτων
2692 1836 3015 1908 παραθεῖναι
3067 1835 3305 1903 χρήσεις,
3355 1833 3457 1882 καὶ
3493 1831 3693 1895 δεῖξαι
3729 1832 3796 1898 τεξν

2181 1935 2432 2008 ἡμετέρῳ
2483 1950 2556 2003 μα
2564 1949 2660 2002 ρτυ
2670 1929 2760 2000 ρού
2769 1945 2864 1991 σας
2911 1945 2946 1996 φ
2956 1927 3082 1996 ρονή
3092 1941 3242 1994 ματι.
3293 1924 3349 1975 ’Δ
3358 1922 3468 1975 λλὲ
3529 1923 3641 1974 πλε
3650 1923 3794 1975 ιάτω

2179 2030 2258 2082 δεῖ
2290 2045 2378 2098 μοι
2407 2027 2598 2093 λόγων,
2629 2023 2660 2094 ἢ
2691 2021 2829 2076 κατὰ
2855 2019 3050 2090 μέτρον
3069 2015 3380 2083 ἐπιστολῆς.
3412 2010 3502 2068 Οἵ)
3535 2015 3610 2086 δὴ
3644 2016 3794 2085 χαρτι

2182 2124 2238 2174 ἐν
2287 2119 2562 2188 κεφαλαίῳ
2597 2115 2834 2184 γράψας,
2877 2111 2911 2166 ἃ.
2958 2112 3084 2181 περὶ
3126 2109 3225 2178 τῆς
3274 2107 3372 2159 1:95
3429 2107 3794 2174 Μονογενείς

2182 2211 2648 2282 ὲνανθρωπήσεως
2707 2203 3142 2276 μεμαθήκαμεν,
3194 2198 3517 2253 ἀπέστειλά
3589 2217 3692 2251 σου
3740 2202 3790 2266 τῇ

2183 2305 2323 2360 κατὰ
2348 2303 2478 2355 Θεὸν
2517 2299 2829 2369 τελειότητι.
2867 2296 3122 2364 Ἔγραψα
3156 2294 3209 2346 δὲ
3239 2294 3340 2345 οὐκ
3379 2292 3592 2353 ἄλλοις
3629 2309 3789 2361 προσ.

2183 2397 2364 2467 φέρων
2389 2392 2752 2452 διδασκαλίαν,
2794 2389 2928 2443 ἀλλὰ
2962 2388 3094 2458 πρὸς
3127 2387 3225 2457 τὴν
3256 2387 3673 2455 γεγενημένην
3715 2403 3794 2436 τ..-

2185 2487 2476 2554 κοςραντίαν
2543 2481 2836 2548 ἀπολογίαν
2890 2479 3229 2548 ποιούμενος,
3281 2477 3379 2530 καὶ
3430 2477 3504 2528 τὸ
3549 2476 3788 2547 ἐμαυτοῦ

2184 2579 2438 2649 φρόνημα
2476 2578 2589 2637 τοῖς
2623 2571 2874 2641 ἀγνοοῦσι
2928 2569 3085 2622 τοῦτο
3125 2569 3361 2631 δεικνύς.
3431 2569 3788 2636 Ἀναγνῡῦσα

2182 2669 2358 2724 τοίνυν
2387 2671 2418 2736 ἠ
2448 2665 2723 2736 ἀγιωσύνη
2763 2681 2876 2725 σου,
2911 2665 2958 2714 εἰ
2995 2662 3094 2732 μὲν
3125 2661 3277 2732 εὖροι
3301 2660 3371 2714 τὰ
3402 2663 3788 2732 γεγραμμένα

2181 2765 2293 2824 τοῖς
2340 2758 2715 2820 ἀποστολικοῖς
2763 2753 3127 2824 συμϐαίνοντα
3162 2752 3421 2820 δόγμασι,
3476 2755 3608 2814 τοῖς
3663 2751 3786 2818 πρὶς

2184 2856 2330 2925 ἡμᾶς
2352 2851 2702 2921 ἀντιγράφοις
2732 2847 3030 2918 βεδαιούτω
3058 2845 3172 2914 (66)
3205 2845 3264 2896 τὸ
3299 2843 3602 2914 φρόνημα.
3637 2845 3707 2897 ΕΞ
3741 2845 3787 2895 δὲ

2183 2964 2234 2999 τι
2268 2945 2375 2997 τῶν
2409 2939 2744 3011 ἐγκειμένων
2773 2941 2838 3009 τῇ
2875 2936 3192 3006 διδασκαλίᾳ
3231 2939 3298 3005 τῇ
3331 2935 3458 3006 θείᾳ
3527 2935 3612 3005 μὴ
3657 2953 3787 3004 συμ-

2185 3038 2370 3106 φωνεῖ.
2432 3035 2524 3086 καὶ
2578 3033 2736 3086 τοῦτο
2769 3030 2960 3098 μαθεῖν
3005 3029 3154 3098 παρὰ
3197 3028 3294 3097 τῆς
3345 3026 3446 3094 σῆς
3494 3026 3792 3095 ὁσιότητος

2184 3128 2337 3194 ἀξιῶ.
2372 3127 2477 3178 Καὶ
2507 3126 2613 3195 γὰρ
2644 3123 2809 3176 πολὺν
2843 3123 2901 3174 ὲν
2931 3124 2996 3191 τῇ
3027 3120 3345 3189 διδασκαλία
3386 3118 3790 3177 ἀναλώσαντες

2185 3221 2396 3292 χρόνον,
2436 3217 2514 3269 ἔτι
2565 3214 2798 3286 δεόμεθα
2839 3213 2932 3267 τοῦ
2970 3212 3327 3274 διδάσκοντος.
3369 3229 3390 3262 ι
3437 3211 3548 3264 Ἐκ
3579 3210 3789 3281 μέρους

2183 3314 2310 3383 Tit).
2368 3311 2530 3380 φησὶν
2591 3311 2620 3362 ὁ
2692 3307 2834 3371 θεῖος
2913 3305 3256 3366 Ἀπόστολος,
3308 3302 3709 3372 γινώσκομεν,
3767 3321 3784 3349 ι

2197 3404 2540 3474 Ἦκούσαμεν
2592 3402 2647 3454 δὲ
2687 3399 2848 3455 αὐτοῦ
2892 3399 3054 3452 πάλιν
3099 3398 3346 3465 λέγοντος
3374 3411 3387 3424 ⁸
3431 3415 3450 3446 ι
3481 3396 3552 3448 ΕΞ
3598 3395 3667 3448 δέ
3719 3413 3786 3457 τις

2183 3499 2330 3552 δοκεῖ
2356 3494 2652 3562 ἐγνωκέναι
2677 3510 2748 3556 τι,
2779 3491 2990 3544 οὐδέπω
3013 3490 3153 3557 ἔγνω
3175 3487 3355 3550 καθὼς
3387 3487 3469 3539 δεῖ
3491 3487 3745 3555 γνῶναι.
3767 3509 3779 3533 ι

2185 3589 2295 3642 Καὶ
2324 3585 2555 3655 τάληθὲς
2601 3583 2779 3636 τοίνυν
2814 3581 2969 3652 παρὰ
2998 3581 3096 3651 τῆς
3129 3578 3229 3649 σῆς
3264 3579 3561 3648 ὁσιότητος
3609 3597 3784 3648 παρα-

2186 3676 2457 3747 καλοῦμεν
2489 3675 2701 3746 μαθεῖν,
2737 3671 2831 3726 καὶ
2862 3673 2959 3743 τῆς
2994 3669 3457 3740 ὲκκλησιαστικῆς
3493 3671 3781 3737 φροντίσαι

2185 3765 2446 3835 γαλήνης,
2511 3762 2604 3815 καὶ
2651 3760 2764 3813 τῶν
2811 3758 2970 3812 θείων
3019 3757 3411 3829 ὑπερμαχῆσαι
3459 3759 3779 3826 δογμὲτωιι.

2185 3855 2402 3907 Τούτων
2429 3853 2535 3923 γὰρ
2567 3853 2632 3922 δὴ
2667 3851 2846 3922 χάριν,
2893 3849 2988 3921 καί
3017 3852 3064 3902 οἱ
3097 3848 3512 3917 θεοφιλέστατοι
3563 3849 3783 3901 ἐπίσποι

2188 3963 2298 4008 ποι,
2323 3945 2416 3998 καὶ
2445 3944 2553 3996 τῶν
2577 3945 2676 4012 τῆς
2709 3939 3018 4012 ὁδοιπορίας
3047 3940 3242 4003 πόνων,
3271 3939 3363 3990 καὶ
3393 3938 3502 4007 τῆς
3537 3956 3781 4009 χειμερι-

2186 4040 2282 4108 νῆς
2323 4037 2831 4106 καταορρσνήσαντες
2877 4032 3045 4105 ὥρας,
3101 4033 3192 4084 ἐπὶ
3224 4030 3320 4100 τὴν
3373 4030 3778 4100 βασιλεύουσι-ι

2185 4128 2452 4200 ὥρμησαν
2486 4128 2659 4192 πόλιν,
2697 4126 2848 4178 λύσιν
2884 4126 3003 4179 τινὰ
3027 4125 3245 4194 πορίσαι
3290 4122 3368 4194 τῷ
3413 4123 3657 4176 κλύδωνι

2187 4217 2508 4290 χανὼμενοι.
2541 4216 2647 4270 Καὶ
2672 4217 2868 4278 αὐτοὺς
2895 4215 3072 4268 τοίνυν
3099 4213 3382 4284 ὲιροδιάσαι
3437 4218 3570 4277 ταῖς
3618 4231 3777 4284 προς-

2187 4311 2392 4379 ευχαῖς,
2456 4309 2548 4361 καὶ
2607 4310 2750 4379 ἡμᾶς
2803 4306 3027 4370 ταύταις
3092 4307 3297 4377 ἐρεῖσαι
3358 4307 3777 4378 παρακλήθητε,

2184 4401 2436 4454 δέσποτα.

2365 4512 2460 4567 l‘l'.
2511 4543 2579 4551 —-
2608 4513 2810 4582 Δόμνῳ
2842 4512 3156 4576 ἐπισκόπει)
3203 4511 3612 4579 Ἀντιοχείας,

2273 4627 2563 4695 Ἀναγνοὺς
2597 4625 2664 4678 τὰ
2712 4626 3040 4696 γράμματα,
3075 4625 3171 4696 τῆς
3212 4626 3664 4695 μακαριωτάτης
3705 4629 3782 4678 ἁτ-

2189 4718 2468 4789 εμνήσθην
2525 4718 2850 4788 Σουσάννης,
2907 4719 2941 4788 ἣ
2992 4717 3118 4781 τοὺς
3167 4716 3478 4788 ἀλάστορας
3542 4719 3776 4773 ἐκείνους

2191 4812 2395 4881 ὁρῶσα,
2427 4810 2518 4862 καὶ
2555 4810 2644 4862 τὸν
2669 4809 2778 4862 τὼν
2804 4811 2940 4863 ὅλων
2963 4809 3094 4862 Θεὸν
3127 4810 3382 4880 παρεῖναι
3418 4810 3776 4866 mata-505$,

2191 4902 2289 4972 τὴν
2326 4901 2632 4971 θαυμασίαν
2674 4902 2889 4970 ἐκείνην
2923 4901 3102 4970 ἀφῆκε
3133 4901 3318 4968 φωνήν
3356 4915 3369 4929 ·

2195 4993 2476 5048 πάντοθεν.
2512 5012 2529 5042 ι
2582 4992 2718 5044 Ἀλλ’
2761 4993 2908 5062 ὅμως
2947 4993 3120 5044 είλετο
3157 4990 3353 5061 μᾶλλον
3383 4991 3513 5051 ταῖς
3559 4991 3667 5059 τῆς
3708 5006 3780 5040 :3-

2194 5087 2487 5155 κοφαντίας
2521 5086 2723 5153 πάγαις
2754 5087 3093 5154 περιπεσεῖν,
3139 5084 3170 5154 ἢ
3221 5081 3314 5134 τοῦ
3364 5081 3781 5140 δικαίου,κατιι-

2193 5177 2463 5248 φρονῆσαι
2512 5175 2720 5246 κριτοῦ.
2753 5178 2863 5230 Καὶ
2893 5177 3008 5237 νύν,
3038 5175 3292 5236 δέσποτα,
3335 5171 3434 5225 δύο
3465 5175 3778 5244 πρόκειται.

2193 5269 2363 5322 Τοῦτο
2395 5269 2452 5322 δὲ
2476 5269 2734 5332 πολλάκις
2769 5270 3073 5339 εἰρήκαμεν
3108 5283 3120 5295 ·
3158 5267 3189 5335 ἢ
3217 5265 3336 5335 Θεῷ
3367 5265 3782 5334 προσκροῦσαι,

2189 5361 2280 5412 καὶ
2309 5360 2507 5429 βλάψαι
2551 5359 2611 5412 τὸ
2642 5358 2900 5423 συνειδξς,
2947 5359 2978 5429 ἦ
3013 5360 3132 5420 ταῖς
3173 5356 3378 5418 ἀδίκοις
3415 5356 3533 5408 τῶν
3582 5356 3783 5427 ἀνθρώ-

2190 5467 2307 5503 πων
2333 5450 2531 5520 ψήφοις
2557 5451 2892 5518 περιπεσεῖν.
2956 5449 3110 5519 Ἐμοὶ
3137 5447 3190 5500 δὲ
3227 5445 3347 5500 οὐδὲ
3377 5445 3539 5498 δοκεί
3587 5449 3782 5501 τούτων

2193 5540 2388 5593 εἰδέναι
2419 5557 2470 5592 τι
2495 5542 2585 5595 τὸν
2613 5541 3002 5595 εὐσεϐέστατον
3040 5540 3283 5611 βασιλέα.
3324 5540 3387 5592 Τί
3432 5540 3553 5612 γὰρ
3594 5541 3785 5594 ἐκώλυ-

3425 4918 3443 4948 c
3485 4899 3677 4952 Στενᾶ
3707 4917 3778 4968 μα

2825 5743 2841 5768 ι’
2871 5743 2875 5747 ”
2938 5743 2945 5753 ⁸
