3924 6192
449 262 468 327 Ῑ
480 265 579 325 307

837 366 971 423 CXI.
1009 399 1078 408 --
1110 367 1358 422 Anatolio
1392 372 1634 438 patricio.

512 481 912 535 Beneficiorum
948 497 1078 552 erga
1121 497 1222 537 nos
1261 498 1487 538 suorum
1521 486 2022 554 compensationem

441 574 510 628 ab
543 573 925 628 universorum
955 574 1066 627 Deo
1111 574 1515 644 magniﬁcentia
1553 586 1734 631 vestra
1769 579 2018 648 recipiet.

441 663 717 733 Quidquid
753 663 900 718 enim
940 663 1090 717 illius
1124 664 1196 718 sit
1232 665 1426 735 gratia,
1460 669 1475 686 '
1507 668 1817 722 mercedem
1857 669 2023 726 habet

441 755 730 808 adnexam.
753 753 867 823 Ego
889 753 1110 822 quidem
1133 754 1588 810 calumniatorum
1613 757 2021 814 multitudinem

444 846 621 900 rideo.
647 845 889 914 Corpora
910 846 1138 910 etenim,
1164 863 1285 916 quae
1309 847 1691 904 vehementius
1712 849 2018 916 carduntur,

441 937 691 990 dolorem
722 952 830 989 non
859 937 1122 999 sentiunt,
1152 947 1399 992 emortua
1428 941 1536 1009 jam
1575 956 1740 996 carne
1763 956 1886 1010 qua:
1915 957 2020 995 caa-

439 1027 610 1080 dilur.
654 1027 906 1080 Attamen
937 1027 1360 1084 eﬂ‘rcnatissima
1396 1045 1489 1084 ora
1532 1030 1696 1086 falsos
1741 1048 2022 1088 sermones

439 1117 777 1186 proferentia
815 1117 1008 1171 deﬂeo.
1041 1118 1158 1184 Qua
1199 1121 1348 1174 enim
1390 1137 1419 1174 a
1464 1122 1622 1177 nobis
1664 1123 1862 1194 injuria
1907 1124 2018 1179 laesi

437 1219 790 1264 accusatores
837 1209 944 1264 Iba:
986 1209 1098 1263 Deo
1152 1212 1364 1281 1182
1416 1213 1724 1268 charissimi
1777 1215 2019 1285 episcopi

435 1302 560 1358 istis
593 1309 785 1356 contra
815 1318 915 1357 nos
952 1305 1254 1359 mendaciis
1287 1307 1554 1359 utuntur?
1585 1307 1827 1362 Primum
1854 1324 1884 1362 e
1917 1325 2020 1362 nu-

439 1393 848 1462 merojudicum
871 1410 972 1464 ego
994 1412 1102 1451 non
1123 1397 1221 1462 fui,
1241 1398 1442 1467 quippe
1463 1400 1556 1468 qui
1573 1399 1789 1470 Cyrrbi,
1815 1401 2019 1470 princi-

440 1486 522 1555 pis
549 1487 728 1555 jussu,
780 1486 1074 1542 haerebam.
1128 1489 1356 1553 Deinde,
1401 1499 1523 1544 uta
1567 1491 1756 1546 multis
1809 1493 2018 1561 accepi,

439 1577 744 1630 absentiam
774 1593 991 1646 quoque
1021 1587 1264 1633 nostram
1299 1581 1525 1635 moleste
1561 1581 1832 1636 ferebant.
1883 1583 2020 1636 Nam

440 1678 499 1722 ut
529 1669 770 1738 mystica:
806 1671 1208 1724 communionis
1242 1688 1340 1740 per
1373 1673 1614 1727 salutare
1652 1674 1856 1728 Pascha
1891 1691 2018 1744 par-
2055 1709 2095 1765 Β

439 1760 632 1828 ticipes
662 1759 854 1813 ﬁerent
882 1776 983 1830 ego
1023 1762 1231 1826 curavi,
1267 1773 1323 1817 ct
1358 1779 1498 1832 smpe
1529 1779 1883 1834 congressum
1921 1781 2008 1819 no-

439 1861 613 1903 strum
640 1865 763 1902 cum
792 1861 1134 1919 expeterent,
1171 1853 1384 1922 placide
1407 1855 1620 1923 excepi,
1646 1862 1701 1909 et
1728 1871 1848 1924 quae
1881 1871 2020 1925 opus

439 1951 599 1994 erant
621 1943 888 2011 suggessi.
922 1944 991 1998 Ut
1025 1955 1208 1998 autem
1237 1946 1401 2000 etiam
1426 1963 1526 2015 pro
1551 1947 1664 2000 Deo
1693 1948 2018 2004 cbarissimo

438 2033 699 2103 episcopo
751 2035 976 2089 domino
1017 2038 1225 2091 [)omno
1276 2038 1658 2107 respondeam,
1699 2040 1830 2108 quid
1868 2041 2017 2093 illum

439 2125 622 2180 facere
653 2127 966 2194 Oportebat,
1004 2128 1096 2197 qui
1139 2129 1218 2182 sic
1257 2138 1444 2197 aperte
1483 2131 1921 2200 oppugnabatur,
1962 2140 2020 2186 et

439 2214 698 2283 synodica
743 2217 1014 2270 sententia
1053 2217 1334 2287 depositos
1378 2219 1432 2271 in
1476 2219 1639 2272 aliam
1681 2219 2018 2289 provinciam

440 2306 638 2359 missos
675 2307 917 2371 videbat,
969 2309 1154 2379 ibique
1194 2310 1565 2364 sacerdotium
1609 2319 1799 2366 contra
1838 2313 2019 2367 eccle-

439 2395 694 2450 siasticas
733 2398 882 2468 leges
917 2415 1217 2462 resumere.
1249 2409 1303 2454 et
1334 2416 1484 2454 sacra
1514 2418 1577 2455 ac
1609 2402 1794 2456 divina
1822 2404 1892 2457 ab
1918 2404 2019 2457 bo—

439 2487 620 2541 stibus
649 2489 894 2543 veritatis
917 2489 1083 2542 rideri
1117 2500 1172 2543 et
1198 2491 1438 2544 ludibrio
1462 2492 1695 2545 haberi?
1724 2493 2021 2562 Propterea

441 2585 502 2628 ut
538 2575 651 2629 hanc
683 2578 958 2645 cognovit,
1000 2579 1266 2647 judicium
1294 2581 1359 2633 ad
1397 2581 1534 2634 alios
1566 2582 1888 2644 transmisit,
1921 2599 2022 2637 nec

439 2667 508 2720 ad
545 2667 656 2721 Deo
683 2668 1065 2723 charissimum
1098 2670 1381 2724 dominum
1417 2671 1564 2725 Ibam
1603 2674 1800 2737 solum,
1827 2689 2018 2728 verum

439 2760 605 2813 etiam
627 2761 693 2814 ad
723 2763 1126 2818 sanctissimum
1155 2763 1474 2833 cpisc0pum
1507 2764 1715 2819 Amidae
1738 2766 2020 2820 dominum

442 2854 778 2915 Simeonem,
816 2865 876 2909 ut
907 2855 1141 2910 duarum
1171 2856 1580 2925 provinciarum
1618 2858 2020 2928 Metropolitani

442 2943 710 3013 integram
729 2960 906 3000 causa:
927 2947 1298 3016 cognitionem
1325 2947 1689 3016 susciperent.
1715 2947 1818 3014 Qui
1838 2958 2020 3003 autem

1436 265 1920 326 TilEODORETI
1965 267 2299 328 EPISCOPI
2340 270 2700 330 CYRENSIS

3578 262 3733 324 1393

2377 379 2527 430 PIA'.
2557 405 2625 415 —
2664 374 2978 439 Ἀνατολίῳ
3001 375 3293 442 Πατρικίῳ
3319 371 3456 444 (68).

2206 489 2269 541 Ἠ
2304 490 2400 558 μὲν
2426 489 2670 560 ὑμετέρα
2706 487 3048 558 μεγαλοφυῖα
3093 487 3200 539 τῶν
3235 489 3313 550 είς
3348 487 3504 556 ἡμᾶς
3553 486 3733 555 εὐερ-

2125 580 2324 648 γεσιῶν
2347 581 2496 650 παρά
2522 579 2617 632 τοῦ
2647 578 2783 632 Θεοῦ
2813 579 2922 631 τῶν
2950 579 3088 632 ὅλων
3125 580 3398 647 κομιεῖται
3429 578 3539 639 τὰς
3565 578 3729 630 ἀντιο

2124 671 2317 734 δύσεις.
2383 673 2499 725 Πᾶν
2560 671 2668 741 γὰρ
2715 668 2896 724 ὁτιοῦν
2953 668 3122 724 αὑτοῦ
3170 670 3330 740 χάριν
3380 669 3724 738 γινόμε·.ον,

2128 763 2318 833 μισθὸν
2352 762 2934 832 ἓχεισυνεζευγμένον.
2983 761 3128 829 Ἐγὼ
3174 761 3356 829 μέντοι
3391 760 3511 812 τῶν
3558 776 3734 812 συκο-

2125 853 2364 922 φαντιῶν
2395 853 2454 905 τὸ
2478 852 2678 922 πλῆθος
2711 852 2872 920 γελῶ.
2929 853 3038 904 Καὶ
3077 851 3185 922 γάρ
3228 851 3295 903 τὰ
3343 850 3732 920 σφοδρότερον

2125 942 2447 1013 αἱκιζόμενα
2467 943 2710 1014 σώματα,
2732 945 2830 1014 τῆς
2852 943 3044 1014 ὀδύνης
3063 945 3162 997 οὐκ
3179 942 3614 1006 ἐπαισθάνεται,
3645 959 3734 994 νε-

2124 1034 2430 1105 κρωθείσης
2447 1034 2631 1086 λοιπὸν
2665 1035 2762 1102 τῆς
2790 1033 3148 1103 αίκιζομένης
3174 1034 3396 1103 σαρκός.
3425 1032 3651 1102 Θρηνῶ
3673 1033 3730 1084 ἃ

2123 1127 2272 1194 ὅμως
2298 1122 2366 1176 τὰ
2399 1123 2722 1191 ἀθυρὼτατα
2752 1124 2994 1192 στόματα
3022 1123 3372 1192 ψευδολογίας
3395 1121 3731 1191 προφέρον-

2123 1231 2222 1267 τα·
2251 1213 2303 1266 τί
2337 1214 2444 1283 γάρ
2476 1215 2606 1283 παρ’
2646 1214 2802 1284 ἡμῶν
2833 1213 3182 1283 ἀδικηθέντες
3228 1216 3277 1267 oi
3311 1213 3406 1266 τοῦ
3461 1211 3733 1280 θεοφιλεο

2126 1306 2320 1359 στάτου
2346 1305 2648 1358 ἐπισκόπου
2668 1305 2786 1357 Ἰϐα
2804 1307 3124 1374 κατήγοροι,
3148 1303 3372 1367 ταύταις
3394 1302 3534 1355 καθ’
3558 1303 3598 1371 ἡ
3609 1301 3732 1370 μῶν

2123 1401 2242 1462 ταῖς
2273 1396 2647 1467 ψευδολογίαις
2673 1398 3008 1467 ἐχρήσαντο;
3044 1396 3264 1466 Πρῶτον
3292 1394 3394 1463 μὲν
3427 1392 3555 1461 γὰρ
3600 1392 3732 1444 οὐδὲ

2124 1491 2230 1544 τῶν
2257 1489 2461 1560 κριτῶν
2492 1491 2640 1559 ἥμην
2670 1489 2782 1556 ἐγώ
2802 1505 2815 1518 ·
2855 1487 2996 1540 κατά
3022 1487 3130 1555 γὰρ
3162 1487 3258 1555 τὴν
3286 1484 3597 1555 βασιλικὴν
3622 1484 3737 1552 ψῆο

2126 1599 2222 1650 φον
2250 1584 2306 1634 ἐν
2331 1583 2396 1650 τῇ
2433 1580 2639 1651 1(ύρρῳ
2668 1580 2872 1650 διῆγον.
2913 1579 3143 1630 Ἔπειτα
3185 1577 3262 1639 δέ,
3291 1577 3367 1639 ῶς
3398 1576 3569 1646 παρά
3607 1575 3736 1627 πολ-

2125 1672 2233 1723 λῶν
2255 1673 2488 1742 ἀκήκοα,
2515 1672 2608 1723 καὶ
2639 1670 3084 1740 δυσχεραίνοντες
3114 1669 3388 1720 διετέλουν
3431 1667 3546 1736 τὴν
3585 1669 3736 1735 ἡμε-

2127 1765 2290 1835 τέραν
2313 1763 2596 1830 ἀπόλειψιν
2618 1779 2630 1792 °
2656 1763 2748 1816 καὶ
2771 1763 2878 1831 γάρ
2899 1761 2997 1830 τῆς
3027 1760 3292 1830 μυστικῆς
3315 1759 3529 1819 αὐτοὺς
3561 1761 3629 1808 ὲν
3661 1757 3738 1825 τῷ

2130 1856 2382 1926 σωτηρίῳ
2427 1856 2622 1924 Πάσχα
2677 1853 2999 1923 μεταλαχείν
3051 1851 3334 1912 κοινωνίας
3395 1849 3520 1916 ἐγὼ
3587 1866 3738 1917 παρ-

2128 1946 2400 1999 εσκεύασα
2420 1962 2433 1976 ο
2462 1945 2556 1998 καὶ
2585 1943 2846 2007 πολλάκις
2875 1944 3010 2012 ημῖν
3034 1943 3311 2008 συντυχεῖν
3338 1939 3738 2008 ἐθελήσαντας

2127 2037 2369 2108 εὐμενῶς
2423 2036 2711 2106 ἐδεξάμην,
2747 2036 2840 2088 καὶ
2897 2035 3278 2104 εἰσηγησάμην
3323 2033 3475 2101 άπερ
3531 2032 3732 2102 ἐχρῆν.

2129 2131 2247 2184 ἰνα
2273 2129 2330 2182 δέ
2376 2131 2468 2182 καὶ
2511 2128 2650 2198 ὑπὲρ
2686 2126 2780 2180 τοῦ
2815 2126 3227 2196 θεοφιλεστάτου
3277 2125 3610 2177 ἐπισκόπου
3643 2123 3736 2176 τοῦ

2129 2220 2319 2291 κυρίου
2350 2219 2554 2288 Δὸμνου
2599 2217 3071 2287 ἀπολογήσωμαι,
3125 2216 3176 2268 τί
3225 2217 3329 2268 ἔδει
3364 2215 3595 2285 πρᾶξαι
3648 2214 3734 2265 τὸν

2130 2314 2274 2367 οὕτω
2328 2311 2576 2382 φανερῶς
2625 2309 3068 2380 πολεμούμενον,
3121 2309 3213 2361 καὶ
3272 2307 3571 2377 θεώμενον
3607 2309 3736 2368 τοὺς

2127 2406 2291 2476 ψήφῳ
2325 2404 2574 2473 συνοδικῇ
2602 2401 3068 2472 καθαιρουμένους
3097 2402 3172 2463 εἰς
3206 2400 3401 2470 ἑτέραν
3440 2400 3734 2467 διοίκησιν

2129 2495 2542 2565 πεμπομένους,
2578 2493 2672 2547 καὶ
2717 2493 2868 2563 παρά
2918 2493 3046 2554 τούς
3090 2491 3608 2558 ἐκκλησιαστικοὺς
3649 2491 3734 2542 θε-

2130 2587 2300 2656 σμοὺς
2321 2584 2418 2654 τὴν
2447 2583 2746 2654 ἱερωσύνην
2779 2581 3284 2650 ἀπολαμϐάνοντας,
3316 2580 3414 2631 καὶ
3439 2579 3521 2630 τὰ
3555 2582 3732 2631 σεπτά

2129 2675 2222 2728 καὶ
2259 2673 2380 2726 θεῖα
2413 2672 2561 2744 παρὰ
2598 2671 2708 2724 τῶν
2736 2671 2948 2742 ἐχθρῶν
2991 2672 3090 2741 τῆς
3134 2670 3397 2740 ἀληθείας
3425 2670 3735 2738 γελὼμνά

2128 2783 2187 2819 τε
2218 2768 2310 2818 καὶ
2355 2765 2793 2835 κωμῳδούμενας
2840 2763 3042 2816 Τούτου
3092 2765 3268 2834 χάριν,
3305 2761 3381 2824 ὡς
3423 2762 3608 2826 ἔγνω,
3638 2761 3730 2829 τὴν

2130 2857 2311 2928 κρίσιν
2341 2855 2548 2925 ἑτέροις
2576 2855 2928 2925 παρέπεμψε,
2953 2855 3046 2907 καὶ
3077 2854 3140 2907 ού
3173 2854 3330 2924 μόνον
3355 2853 3439 2921 τῷ
3466 2852 3729 2919 Georg-.15-

2132 2951 2310 3019 στάτῳ
2334 2948 2410 3017 τῷ
2435 2947 2608 3016 κυρίῳ
2639 2946 2792 3016 Ἴδᾳ,
2838 2945 2975 3000 ἀλλὰ
3014 2947 3109 2998 καλ⁸
3145 2946 3222 3016 τῷ
3267 2946 3584 3014 ἁγιωτάτῳ
3624 2947 3730 2995 ἐπι·

439 3049 658 3102 aequum
697 3043 783 3088 est
821 3035 1043 3088 eosdem
1081 3044 1138 3090 et
1182 3035 1523 3090 crudelitatis
1567 3045 1622 3091 et
1663 3037 2018 3092 humanitatis

2132 3040 2316 3110 σκόπῳ
2340 3039 2418 3110 τῷ
2447 3038 2621 3110 κυρίῳ
2652 3037 2899 3108 Συμεῶνι
2922 3038 3000 3108 τῷ
3045 3037 3289 3106 Ἀμίδης,
3313 3036 3458 3089 ὥστε
3490 3036 3622 3088 τῶν
3641 3035 3728 3087 δύο

441 3124 664 3178 nomine
681 3125 961 3178 accusari?
981 3126 1198 3180 Etenim
1224 3128 1269 3181 si
1293 3127 1564 3198 ejicimus,
1605 3129 1984 3198 periclitamur
2006 3147 2018 3182 :

443 3216 488 3268 si
521 3231 630 3270 non
671 3217 943 3287 ejicimus,
981 3219 1289 3288 periculum
1330 3235 1441 3274 non
1481 3220 1789 3284 evadimus,
1829 3231 1885 3275 et
1919 3221 2022 3275 soli

442 3305 705 3361 omnibus
755 3307 812 3361 in
858 3309 1023 3363 terris
1071 3325 1474 3379 oppugnantur.
1523 3311 1590 3364 Et
1636 3311 1756 3364 alite
1799 3310 2022 3380 quidem

444 3397 716 3454 dimceses
743 3400 944 3469 quieta:
977 3403 1194 3465 vivunt,
1225 3418 1324 3457 nos
1357 3419 1487 3458 vero
1523 3404 1624 3458 soli
1659 3404 2024 3458 calumniato-

445 3490 600 3545 ribus
631 3493 865 3561 expositi
892 3509 1083 3548 sumus
1114 3512 1126 3547 :
1157 3503 1319 3564 atque
1353 3510 1455 3565 ego
1486 3496 1778 3565 praecipue,
1808 3499 2025 3552 tametsi

443 3599 546 3638 nec
570 3600 676 3638 una
703 3585 1016 3655 judicarim,
1044 3597 1100 3640 et
1118 3586 1266 3639 omni
1301 3601 1528 3655 prorsus
1553 3587 1714 3656 culpa
1740 3603 1948 3642 vacem.

2131 3133 2409 3204 ἐπαρχιῶν
2441 3133 2566 3194 τοὺς
2601 3129 3001 3200 μητροπολίτας
3035 3127 3318 3181 διακοῦσαι
3358 3127 3472 3180 τῶν
3521 3125 3724 3178 ὑποθέο

2134 3241 2289 3277 σεων.
2333 3224 2456 3286 Πῶς
2479 3223 2535 3276 δὲ
2568 3222 2777 3275 δίκαιον
2796 3222 2919 3284 τοὺς
2942 3221 3134 3282 αὐτοὺς
3161 3219 3425 3288 ὠμότητα
3469 3217 3582 3270 καὶ
3612 3216 3726 3284 ςιλ-

2133 3317 2446 3388 ανθρωπίαν
2462 3314 2917 3386 κατηγορεῖσθαις
2949 3313 3059 3366 Καὶ
3079 3313 3186 3383 γάρ
3212 3311 3589 3373 ἐκϐάλλοντες
3613 3327 3722 3362 κινο

2132 3409 2442 3479 δυνεύομεν,
2498 3407 2590 3460 καὶ
2628 3407 2702 3477 μὴ
2744 3405 3096 3467 ἐκϐάλλοντες
3145 3404 3271 3466 τοὺς
3320 3402 3622 3463 κινδύνους
3667 3402 3727 3452 ού

2132 3500 2530 3569 διαφεύγομεν·
2567 3497 2662 3551 καὶ
2711 3498 2862 3566 μόνοι
2902 3493 3288 3564 πολεμούμεθα
3336 3493 3498 3562 παρά
3543 3495 3726 3546 πᾶσαν

2134 3594 2233 3663 τὴν
2257 3591 2601 3660 οἰκουμένην.
2635 3589 2746 3642 Καὶ
2773 3591 2828 3641 αἱ
2859 3589 2958 3658 μὲν
2985 3588 3142 3642 ἄλλαι
3171 3587 3473 3655 διοικήσεις
3502 3588 3574 3638 ὲν
3600 3587 3729 3654 ἠσυ-

443 3675 538 3744 χίᾳ
558 3675 837 3745 διάγουσιν
861 3693 872 3707 ·
907 3678 1068 3746 ἡμεῖς
1097 3677 1151 3728 δὲ
1180 3677 1330 3746 μόνοι
1354 3681 1468 3740 τοῖς
1497 3679 1864 3747 συκοφάνταις
1908 3685 2248 3756 προκείμεθα
2275 3703 2287 3716 ·
2326 3684 2435 3754 ἐγὼ
2471 3683 2526 3737 δέ
2571 3681 2955 3752 διαφερόντως,
3022 3682 3198 3734 καίτοι
3259 3682 3397 3750 μήτε
3462 3679 3725 3731 συνδικά-

447 3782 567 3828 σας,
601 3766 695 3819 καὶ
729 3767 1006 3830 παντελῶς
1036 3769 1331 3830 ἀνεύθυνος
1361 3768 1458 3824 ῶν.

515 3855 640 3910 llaec
673 3873 837 3926 porro
868 3868 927 3913 ut
965 3860 1268 3916 scriberem
1300 3863 1460 3917 lectis
1495 3864 1887 3934 magnitudinis
1919 3875 2026 3923 tua:

445 3948 645 4001 litteris
677 3965 798 4002 sum
827 3961 1071 4016 coaetus,
1113 3968 1238 4007 cum
1269 3970 1334 4008 ex
1369 3955 1476 4009 illis
1507 3956 1820 4012 didicissem
1853 3960 2026 4013 maxi-

445 4051 595 4089 mum
623 4049 848 4106 propter
879 4039 981 4093 ista
1011 4042 1346 4096 concitatum
1384 4052 1590 4097 motum
1620 4045 1675 4098 in
1698 4061 1798 4100 nos
1831 4046 2021 4110 fuisse,

445 4127 699 4181 homines
733 4130 1022 4199 relegatos,
1050 4133 1261 4202 1183
1289 4144 1345 4188 et
1372 4135 1612 4204 quietem
1641 4137 1938 4206 amplexos,
1967 4148 2022 4192 et

442 4219 538 4288 qui
574 4235 676 4273 nec
719 4236 843 4275 cum
888 4226 1184 4292 provinciae
1224 4227 1332 4280 Deo
1363 4227 1705 4283 charissimis
1749 4229 2024 4299 episcopis

442 4311 686 4365 solemus
713 4315 1030 4370 convenire.
1066 4317 1276 4370 Revera
1315 4318 1462 4372 enim
1490 4319 1632 4373 bina:
1653 4320 1765 4390 jam
1800 4320 1854 4374 in
1892 4336 2022 4390 pro-

443 4401 624 4454 vincia
654 4411 839 4456 nostra
862 4405 1251 4475 episcoporum
1282 4407 1660 4463 ordinationes
1690 4408 1846 4465 facta:
1871 4420 2019 4476 sunt,

442 4492 648 4559 quibus
693 4510 802 4547 non
851 4495 1095 4550 interfui.
1128 4497 1285 4563 Quod
1324 4500 1367 4554 si
1411 4501 1562 4570 regio
1603 4501 1860 4557 mandato
1911 4520 2022 4558 non

441 4583 745 4650 detinerer,
796 4587 1005 4643 abirem
1048 4591 1333 4659 profecto,
1375 4602 1430 4646 et
1468 4604 1738 4649 remotum
1783 4594 2022 4666 aliquem

442 4690 720 4730 secessum
746 4689 958 4748 petens,
989 4684 1004 4702 ‘
1029 4681 1103 4735 ibi
1137 4683 1380 4752 reliquos
1398 4685 1522 4740 vitae
1541 4685 1659 4740 dies
1681 4703 2018 4758 peragerent.
2056 4715 2102 4773 υ

443 4766 631 4822 Ὶίῐιάοι
663 4771 809 4825 enim
837 4771 1090 4837 istorum,
1126 4791 1248 4844 qua:
1279 4777 1332 4830 in
1358 4791 1441 4830 me
1463 4787 1775 4832 struuntur.
1803 4779 1936 4834 Nam
1967 4790 2023 4836 et

441 4859 751 4916 Edesscnos
777 4864 910 4918 istos
944 4865 1188 4921 arbitror
1217 4884 1324 4922 non
1352 4885 1450 4924 sua
1484 4881 1680 4940 sponte
1707 4872 1848 4925 hanc
1887 4887 2020 4926 con-

442 4958 526 5003 tra
554 4964 655 5002 nos
685 4951 1015 5008 calumniam
1041 4957 1301 5022 texuisse,
1340 4959 1434 5012 sed
1467 4959 1535 5013 de
1575 4960 1734 5013 nobis
1764 4961 2023 5013 didicisse

438 5057 507 5094 ex
548 5040 675 5104 illis,
712 5043 804 5111 qui
841 5045 918 5098 ibi
957 5057 1108 5112 sunt,
1159 5048 1480 5104 hominibus
1511 5051 1759 5104 veritatis
1788 5051 2022 5104 amanti-

442 5133 564 5188 bus.
591 5133 778 5190 Gratia
804 5146 988 5194 autem
1009 5141 1255 5195 omnium
1274 5142 1576 5206 Servatori,
1601 5143 1746 5212 quod
1773 5159 1857 5198 me
1883 5144 2024 5197 indi-

442 5240 608 5289 gnum
637 5227 766 5283 licet
793 5232 1124 5301 evangelicis
1158 5233 1598 5289 beatitudinibus
1634 5235 1894 5304 dignatus
1919 5243 2021 5290 est.

444 5310 555 5367 liae
574 5316 641 5370 dc
668 5336 830 5374 causa
851 5329 906 5375 et
930 5323 1316 5392 relegationem
1342 5342 1466 5380 cum
1485 5326 1762 5394 voluptate
1785 5325 2021 5393 suscepi,

446 5408 773 5464 etexsilium
802 5424 1079 5483 exspecto,
1102 5425 1157 5469 et
1191 5418 1456 5488 quidquid
1501 5418 1704 5472 inferre
1743 5417 2023 5470 voluerint

522 5545 630 5626 (fit?)
662 5547 862 5626 Ead_e_t_n
904 5557 1132 5624 epistola
1189 5556 1306 5609 Lat.
1341 5569 1419 5610 est
1451 5557 1594 5626 apud
1636 5557 1832 5611 Barea.
1866 5555 1929 5608 ad
1964 5571 2014 5607 ﬂ-

447 5613 571 5677 διδ.
606 5626 736 5692 tota.
770 5621 858 5680 VI,
893 5613 954 5689 pf
978 5627 1045 5675 70
1075 5642 1187 5692 seq.

520 5691 628 5752 (6.³)
662 5687 786 5739 Sive
834 5687 906 5755 μή
960 5687 1269 5746 addendum
1305 5707 1405 5750 est.
1450 5698 1560 5748 sive
1617 5697 1716 5748 hoc
1763 5695 2010 5760 φιλαλήθ.

2206 3863 2390 3918 Ταῦτα
2433 3864 2788 3933 ἠναγκάσθην
2843 3863 3053 3934 γράψαι
3117 3866 3229 3926 τοῖς
3286 3863 3382 3917 τού
3443 3867 3721 3938 ὑμετέρου

2137 3957 2404 4027 μεγέθους
2433 3956 2758 4026 γράμμασιν
2780 3955 3038 4025 ἐντυχὼν,
3063 3957 3158 4008 καὶ
3191 3955 3378 4024 μαθὼν
3411 3957 3484 4010 δι’
3515 3962 3717 4020 αὐτῶν,

2129 4047 2204 4110 ὡς
2231 4047 2323 4100 καὶ
2345 4047 2430 4099 διὰ
2451 4045 2621 4100 ταῦτα
2652 4047 2864 4115 κίνησις
2903 4047 3135 4116 μεγίστη
3153 4047 3342 4114 γέγονε
3370 4048 3502 4101 καθ’
3540 4051 3718 4120 ἡμῶν,

2130 4139 2339 4207 ἀνδρῶν
2373 4139 2857 4208 κριορισθέντων,
2905 4139 2998 4190 καὶ
3037 4138 3265 4208 ἡσυχίαν
3301 4139 3590 4206 ἀγόντων,
3637 4143 3719 4192 καὶ

2130 4229 2248 4282 οὐδὲ
2286 4232 2397 4291 τοῖς
2443 4229 2544 4296 τῆς
2583 4228 2848 4297 ἐπαρχίας
2904 4227 3339 4294 θεοφιλεστάτοις
3388 4230 3718 4291 ἐπισκόποις

2134 4319 2578 4389 συνεδρευόντων.
2607 4319 2698 4388 Τῷ
2720 4319 2833 4370 ὄντι
2851 4318 2959 4387 γάρ
2982 4318 3064 4380 δὶς
3091 4319 3191 4387 ήδη
3225 4321 3588 4387 χειροτονίας
3611 4324 3718 4374 ἐπι·

2134 4410 2403 4478 σκοπικῆς
2454 4411 2510 4460 ἐν
2539 4411 2603 4478 τῇ
2640 4410 2878 4480 ἐπαρχία
2927 4412 2990 4480 τῇ
3026 4410 3274 4479 ἡμετέρα
3307 4413 3716 4481 γεγενημένης,

2128 4503 2384 4572 οὐδεμιᾶς
2413 4501 2766 4571 ἐκοινώνησα.
2804 4504 2862 4554 Εἰ
2893 4501 2947 4554 δέ
2986 4502 3061 4572 μὴ
3107 4502 3184 4570 τῷ
3227 4502 3494 4572 βασιλικῷ
3541 4523 3717 4558 κατει-

2130 4594 2306 4664 χὸμην
2338 4593 2519 4662 νόμῳ,
2551 4593 2655 4662 ἀρα
2691 4593 2754 4644 ἂν
2794 4593 3064 4664 ἀπέστην,
3100 4593 3193 4646 καί
3221 4610 3339 4645 τινα
3385 4585 3718 4647 καταλαϐὼν

2130 4685 2407 4756 ἐσχατιάν,
2439 4686 2554 4736 ἐκεῖ
2581 4686 2677 4746 τας
2711 4685 3042 4754 λειπομένας
3085 4686 3296 4754 ἡμέρας
3334 4685 3559 4755 διῆγον.
3597 4689 3718 4739 ’Λπο

2131 4779 2330 4849 είρηκα
2363 4776 2472 4846 γάρ
2513 4777 2647 4847 πρὸς
2672 4777 2740 4828 τὰ
2777 4779 2900 4828 κατ’
2923 4776 3055 4846 ἐμοῦ
3081 4778 3442 4846 τυρευὸμενα.
3468 4781 3592 4832 Καὶ
3616 4779 3717 4846 γὰρ

2130 4869 2354 4931 τούτους
2387 4869 2582 4930 αὐτοὺς
2618 4869 2742 4929 τοὺς
2786 4868 3100 4937 Ἐδεσηνοίις
3138 4870 3235 4920 οὐκ
3270 4867 3424 4939 οἶμαι
3471 4872 3716 4940 αὐτομά-

2130 4977 2238 5021 τως
2269 4957 2471 5027 ταύτην
2505 4957 2625 5008 καθ’
2661 4955 2818 5025 ἡμῶν
2840 4957 2937 5026 τὴν
2963 4959 3324 5024 συκοφαντίαν
3349 4960 3585 5028 ὐιρῆναι,
3608 4960 3714 5011 ἀλλ’

2134 5051 2239 5104 ὑπὸ
2276 5050 2382 5102 τῶν
2437 5047 2622 5101 arma;
2679 5046 2989 5116 φιλαλήθων
3024 5047 3136 5115 (69)
3185 5047 3493 5118 ἀνθρώπων
3544 5049 3713 5103 ταῦτα

2133 5143 2254 5196 καθ’
2294 5141 2449 5212 ἡμῶν
2478 5139 2810 5209 διδαχθῆναι.
2862 5139 2971 5190 Καὶ
3017 5140 3176 5208 χάρις
3226 5140 3302 5208 τῷ
3341 5141 3566 5207 2min:
3611 5141 3713 5193 τῶν

2131 5235 2289 5296 ὅλων,
2322 5235 2404 5285 ὅτι
2454 5249 2518 5300 με
2550 5230 2765 5293 ἀνάξιον
2797 5229 2927 5282 ὄντα
2957 5230 3065 5281 τῶν
3115 5231 3490 5298 εύαγγελικῶν
3513 5234 3711 5302 ἠξίωσε

2135 5323 2518 5395 μακαρισμῶν.
2548 5323 2645 5374 ,ιιά
2673 5337 2751 5372 τοι
2773 5319 2929 5371 τοῦτο
2961 5322 3052 5372 καὶ
3077 5321 3169 5373 τὸν
3203 5323 3572 5392 περιορισμὸν
3600 5323 3711 5393 μεθ’

2132 5415 2321 5486 ἡδονῆς
2359 5414 2647 5481 ἐδεξάμην,
2677 5412 2768 5464 καὶ
2798 5410 2893 5480 τὴν
2926 5411 3140 5480 ἐξορίαν
3176 5413 3550 5482 προσδέχομαι
3577 5433 3590 5444 ·
3625 5413 3708 5466 καὶ

2129 5554 2332 5608 ironiee
2382 5550 2780 5619 accipiendum.
2832 5550 3014 5616 qualia
3058 5564 3220 5616 quam
3270 5549 3506 5618 plurima
3564 5559 3705 5607 sunt,

2127 5640 2250 5678 cum
2281 5624 2347 5677 de
2381 5622 2616 5674 inimicis
2659 5620 2918 5688 loquitur,
2975 5621 3027 5671 in
3079 5621 3322 5690 epistolis
3352 5620 3704 5674 Theodoreti.
