3924 6192
378 279 517 348 1309

1784 294 2151 354 EPISTULA
2187 296 2365 356 CXII.

3492 295 3633 362 1310

375 394 485 447 πᾶν
508 394 646 466 ὅπερ
673 393 739 448 ἂν
760 393 1064 465 ἐπαγαγεῖν
1091 396 1370 462 ἐθέλωσιν,
1399 400 1693 465 ἀσπαστῶς
1723 402 1946 474 δέχομαι

2053 415 2279 475 propter
2309 404 2607 475 repositam
2627 418 2779 474 spem
2798 403 3039 459 libenter
3061 405 3379 474 amplector.
3402 405 3507 460 Pro
3537 415 3631 461 tua

370 485 458 539 δια
488 485 586 557 τὴν
605 486 976 558 ἀποκειμένην
1009 487 1218 542 ἐλπίδα.
1254 490 1367 560 Τῆς
1389 491 1445 545 δέ
1470 492 1742 565 ὑμετέρας
1776 512 1946 565 μεγα-

370 573 595 644 λοφυὩς
654 574 917 645 διηνεκῶς
972 577 1343 650 ύπερεύχομαι
1367 621 1383 644 ,
1438 581 1534 635 καὶ⁵
1581 584 1709 648 τοὺς
1759 584 1946 654 ἁγίους

371 667 617 730 ἅπαντας
647 671 923 722 κοινωνεῖν
958 681 1053 739 μοι
1085 670 1191 725 τῶν
1224 670 1400 742 εὐχῶν
1438 673 1687 729 ἱκετεύω.

437 779 588 834 PIB'.
622 808 691 822 —-
722 781 928 850 Δόμνφ
970 783 1285 849 ἐπισκόπῳ
1334 785 1707 856 Ἀντιοχείας
1738 786 1875 859 (70).

451 891 790 964 Ἦλπίσαμεν
814 895 1125 951 πεπαῦσθαι
1152 897 1221 952 τὰ
1252 899 1589 972 σκυθρωπὰ,
1621 901 1783 955 τινῶν
1816 903 1947 973 ἡμῖν

371 982 769 1051 μεμηνυκότων
801 984 878 1048 ὡς
906 986 1137 1057 ἐσϐέσθη
1169 989 1265 1059 μὲν
1294 991 1326 1058 ἠ
1372 989 1466 1042 τοῦ
1512 990 1820 1043 καλλινίκου
1853 992 1949 1062 βα-

369 1072 561 1135 σιλέως
587 1075 942 1147 μικροψυχία,
973 1078 1314 1147 καταλλαγαὶ
1339 1079 1397 1132 δὲ
1422 1080 1624 1151 μεταξὺ
1662 1082 1828 1135 αὑτοῦ
1854 1082 1947 1135 καὶΙ

366 1163 461 1215 τοῦ
484 1163 896 1232 θεοφιλεστάτου
924 1168 1220 1223 ἐπισκόπου
1247 1170 1587 1240 γεγένηνται,
1619 1172 1709 1225 καὶ
1731 1172 1946 1227 πέπαυ-

368 1269 457 1306 ται
493 1254 646 1326 μένή
678 1255 779 1326 τῆς
800 1257 1021 1312 συνόδου
1061 1261 1270 1331 κλῆσις,
1301 1267 1333 1336 ἡ
1365 1266 1422 1319 δὲ
1455 1265 1565 1318 τῶν
1608 1268 1946 1337 Ἐκκλησιῶν

370 1344 670 1413 ἐπανῆλθεν
700 1347 912 1419 εἰρήνη.
940 1349 1022 1402 Τὰ
1041 1350 1096 1404 δὲ
1116 1351 1212 1405 νῦν
1234 1356 1387 1426 παρὰ
1407 1356 1505 1425 τῆς
1538 1357 1640 1427 σῆς
1669 1358 1947 1429 ὁσιότητος

369 1438 645 1506 γραφέντα
685 1439 889 1511 σφόδρα
916 1441 1064 1512 ἡμᾶς
1081 1444 1321 1512 ἠνίασεν.
1363 1448 1528 1501 Οὐδὲν
1561 1448 1670 1519 γάρ
1703 1449 1849 1502 ἔστιν
1882 1451 1946 1505 ἐκ

365 1528 465 1594 τῆς
487 1528 894 1599 θρυλλουμένης
927 1534 1145 1588 συνόδου
1192 1538 1560 1609 προσδοκῆσαι
1602 1542 1859 1610 χρηστὸν,
1897 1545 1945 1596 εί

371 1616 446 1687 μὴ
476 1618 584 1688 ἄρα
613 1621 641 1673 ό
665 1619 1047 1692 φιλάνθρωπος
1079 1626 1355 1695 Δεσπότης
1379 1667 1393 1690 ,
1426 1631 1494 1699 τῇ
1529 1629 1748 1701 συνήθει
1789 1632 1948 1702 κηδε-

2053 511 2186 550 vero
2216 495 2619 567 magniﬁcentia
2643 496 2762 550 sine
2786 494 3196 551 intermissione
3218 512 3409 566 preces
3436 497 3628 561 fundo,

2051 596 2109 641 et
2135 596 2357 642 sanctos
2395 603 2585 643 omnes
2617 596 2679 643 ut
2709 588 2764 643 in
2796 588 3241 643 communionem
3274 602 3497 658 precum
3532 603 3628 644 ve-

2053 679 2209 739 niant
2235 694 2354 735 oro.

2294 788 2454 845 CXII.
2486 822 2556 830 —-
2578 789 2782 844 Damno
2814 792 3051 863 episcopo
3073 790 3379 846 Antiochiw.

2124 902 2378 958 Cessasse
2402 903 2581 958 tristia
2607 904 2972 973 speravimus,
3009 919 3133 959 cum
3170 904 3506 959 iudicassent
3533 919 3633 958 no-

2056 994 2141 1049 bis
2181 994 2405 1064 quidam
2450 994 2780 1049 exstinctam
2828 1010 2951 1050 esse
3007 995 3238 1051 victoris
3282 995 3635 1066 imperatoris

2056 1086 2456 1156 impotentiam,
2493 1085 2801 1155 factamque
2832 1087 2977 1142 inter
2997 1088 3174 1157 ipsum
3205 1096 3263 1143 et
3283 1088 3395 1143 Deo
3418 1089 3629 1145 charis-

2053 1176 2256 1231 simum
2288 1175 2606 1245 episcopum
2638 1175 3161 1243 reconciliationem,
3184 1194 3250 1234 ac
3283 1179 3477 1251 synodi
3504 1181 3618 1250 quii

2055 1268 2181 1324 dem
2245 1268 2697 1323 convocationem
2743 1268 3007 1334 desiisse,
3065 1270 3441 1327 Ecelesiarum
3497 1285 3639 1326 vero

2052 1375 2243 1430 pacem
2296 1359 2545 1414 rediisse.
2599 1359 2708 1415 Sed
2752 1376 2875 1429 qua:
2919 1361 3084 1417 modo
3124 1378 3156 1418 a
3201 1364 3491 1419 sanctitate
3537 1370 3630 1418 tua

2054 1452 2259 1522 scripta
2293 1461 2421 1506 sunt
2448 1451 2688 1520 graviter
2715 1467 2816 1506 nos
2846 1454 3265 1509 contristarunt.
3298 1456 3448 1510 Nihil
3481 1456 3629 1509 enim

2052 1540 2183 1595 boni
2210 1556 2278 1596 ex
2301 1541 2503 1611 jactata
2527 1538 2736 1611 synodo
2758 1541 2973 1612 1184
2993 1552 3311 1612 exspectare
3351 1544 3499 1607 licet,
3525 1544 3628 1599 nisi

2054 1631 2369 1688 misericors
2397 1629 2684 1695 Dominus,
2732 1631 2891 1685 solita
2923 1646 3058 1685 usus
3098 1632 3464 1701 providentia,
3506 1643 3627 1687 tur-

371 1707 530 1778 μονία
552 1711 917 1781 χρησάμενος,
938 1713 1047 1766 τῶν
1067 1717 1399 1786 ταραχωδῶν
1418 1718 1685 1791 δαιμόνων
1705 1721 1945 1777 διαλύσει

2056 1722 2407 1777 bulentorum
2436 1720 2746 1774 daemonum
2782 1719 3067 1774 machinas
3100 1719 3365 1775 destruat.
3405 1721 3540 1775 Nam
3571 1729 3628 1775 et

367 1797 469 1861 τὰς
497 1803 765 1871 μηχανάς.
798 1804 907 1856 Καὶ
937 1804 1043 1876 γὰρ
1072 1807 1129 1859 ἐν
1169 1810 1234 1878 τῇ
1268 1809 1479 1881 μεγάλῃ
1513 1811 1714 1882 συνόδῳ
1737 1853 1751 1878 ,
1781 1816 1847 1883 τῇ
1887 1815 1946 1866 ἐν

370 1890 576 1964 Νικαίᾳ
602 1894 767 1946 συναθ
777 1895 1050 1968 ροισθείσῃ
1071 1915 1144 1969 φη
1154 1898 1236 1968 μὶ,
1257 1900 1691 1971 συνεψηφίσαντο
1716 1904 1816 1974 μὲν
1835 1907 1949 1970 τοῖς

368 1984 671 2055 όρθοδόξοις
691 1990 738 2041 oi
761 1989 857 2059 τῆς
891 1990 1102 2061 Ἀρείου
1131 1994 1460 2065 συμμορίας,
1496 1996 1591 2050 καὶ
1618 1999 1683 2068 τῇ
1713 1999 1945 2051 ἀποστο-

369 2076 493 2148 λικῇ
539 2078 626 2131 διὰ
653 2079 762 2131 τῶν
807 2081 1006 2152 χειρῶν
1039 2083 1254 2138 ἐκθέσει
1287 2085 1588 2141 συνέθεντο.
1631 2089 1947 2142 Διετέλεσαν

371 2168 427 2221 δὲ
451 2171 516 2240 τῇ
538 2170 762 2242 ἀληθείᾳ
788 2173 1169 2243 πολεμοῦντες,
1195 2175 1300 2240 ἓως
1328 2177 1385 2231 τὸ
1408 2178 1568 2249 σῶμα
1588 2181 1688 2249 τῆς
1714 2181 1946 2253 Ἐκκλησ-

371 2258 491 2322 σίας
538 2261 848 2332 διέρρηξαν.
893 2264 1003 2316 Καὶ
1054 2265 1350 2335 τριάκοντα
1383 2269 1483 2339 μὲν
1519 2269 1613 2340 ἔτη
1644 2271 1949 2327 διετέλεσαν

369 2350 751 2414 κοινωνοῦντες
777 2353 1049 2426 ἀλληλοις,
1090 2356 1144 2408 οῖ
1182 2374 1237 2410 τε
1271 2359 1382 2412 τῶν
1427 2362 1795 2416 ἁποστολικῶν
1824 2365 1949 2418 άντ-

368 2440 617 2511 εχόμενοι
655 2443 966 2511 δογμάτων,
1000 2446 1093 2498 καὶ
1124 2447 1172 2499 οἱ
1218 2447 1316 2519 τὴν
1358 2450 1566 2520 Ἀρείου
1601 2452 1947 2523 βλασῃμίαν

368 2533 669 2598 νοσοῦντες.
709 2537 798 2589 Ἐν
831 2537 1156 2615 ⁸Ἀντιοχείᾳ
1200 2539 1255 2591 δὲ
1289 2539 1389 2609 τῆς
1443 2541 1676 2615 ἐσχάτης
1728 2546 1945 2600 συνόδου

370 2627 762 2698 γεγενημένης,
795 2627 882 2680 ὅτε
913 2628 1003 2680 τὸν
1035 2628 1129 2681 τοῦ
1167 2629 1301 2683 Θεοῦ
1330 2630 1615 2701 ἄνθρωπον
1638 2634 1729 2688 τὸν
1773 2636 1947 2707 μέγαν

371 2716 631 2770 Μελέτιον
669 2720 781 2781 τοῖς
826 2719 1204 2784 ἀποπολικοῖς
1245 2721 1474 2787 ἐκείνοις
1524 2724 1810 2796 ἐνίδρυσαν
1840 2726 1946 2780 θὼ-

371 2823 505 2870 κοις,
530 2803 650 2860 εἶτα
682 2808 800 2879 μετ’
829 2808 1019 2878 ὀλίγας
1042 2810 1206 2864 αὑτὸν
1240 2813 1453 2883 ἡμέρας
1486 2814 1573 2867 διὰ
1614 2819 1711 2887 τῆς
1741 2817 1951 2886 βασιλια

371 2896 472 2965 κῆς
510 2896 763 2961 ἐξέϐαλον
812 2898 1164 2963 δυναστείας,
1210 2902 1516 2974 προεϐλήθη
1571 2904 1667 2974 μὲν
1712 2906 1948 2973 Εύζώῖος

371 2988 622 3058 προφανῆ
651 2989 749 3058 τὴν
791 2990 999 3061 Ἀρείου
1041 2992 1425 3063 περικείμενος
1470 2993 1670 3066 λύμην,
1702 2997 1945 3071 ἀπέστη-

2052 1816 2106 1870 in
2155 1829 2348 1884 magna
2390 1812 2597 1884 synodo
2638 1812 2851 1883 (Nicaea:
2881 1820 3259 1884 congregatam
3288 1812 3472 1883 dico),
3508 1813 3627 1867 suf-

2049 1906 2245 1976 fragati
2276 1904 2501 1975 quidem
2535 1912 2664 1958 sunt
2690 1903 3014 1960 orthodoxis
3036 1904 3094 1968 ii,
3123 1904 3217 1973 qui
3246 1904 3361 1958 Arii
3390 1904 3629 1974 partium

2049 2007 2230 2061 erant,
2265 2001 2321 2048 et
2349 1993 2664 2063 apostolicae
2698 1991 2825 2045 ﬁdei
2858 1992 3189 2061 expositioni
3223 1993 3480 2047 manibus
3510 1994 3631 2048 suis

2050 2101 2356 2142 assensere.
2387 2085 2761 2139 Perrexerunt
2808 2091 2990 2136 tamen
3028 2083 3248 2136 veritati
3301 2082 3505 2136 bellum
3541 2082 3628 2136 in-

2049 2179 2215 2243 ferre,
2238 2176 2418 2247 quoad
2452 2174 2708 2230 Ecclesiae
2733 2189 2935 2242 corpus
2962 2173 3395 2243 discerpserunt.
3429 2173 3499 2228 Et
3525 2173 3626 2229 tri-

2049 2272 2199 2341 ginta
2247 2267 2473 2339 quidem
2518 2282 2617 2337 per
2660 2282 2835 2321 annos
2868 2267 3013 2321 inter
3061 2281 3118 2320 se
3159 2266 3631 2321 communicantes

2050 2363 2435 2434 perstiterunt,
2467 2370 2583 2416 tum
2611 2360 2702 2431 qui
2736 2358 3053 2429 apostolicis
3081 2358 3430 2429 dogmatibus
3461 2358 3631 2413 iuba:-

2051 2454 2267 2517 rebant,
2297 2462 2410 2507 tum
2436 2453 2531 2524 qui
2561 2452 2677 2507 Arii
2700 2451 3040 2520 blasphemia
3069 2451 3411 2505 laborabant.
3439 2451 3637 2506 Antio-

2049 2546 2186 2599 ehize
2224 2560 2382 2609 vero,
2429 2552 2707 2614 postrema
2743 2541 2952 2613 synodo
2996 2550 3237 2610 peracta,
3273 2540 3495 2610 quando
3532 2540 3629 2594 Dei

2048 2637 2329 2692 hominem
2355 2649 2613 2705 magnum
2638 2632 2917 2687 Meletium
2952 2632 3007 2684 in
3038 2631 3339 2701 apostolica
3378 2630 3468 2685 illa
3499 2629 3630 2685 sede

2049 2730 2410 2793 collocarunt,
2435 2742 2499 2783 ac
2529 2726 2720 2797 paucis
2740 2734 2864 2796 post
2895 2723 3092 2781 diebus
3122 2721 3267 2792 regia
3300 2720 3631 2777 auctoritate

2050 2821 2204 2875 illum
2228 2821 2531 2889 eiecerunt,
2564 2825 2853 2888 promotus
2881 2815 3106 2886 quidem
3135 2821 3220 2869 est
3250 2813 3491 2867 Euzoius
3508 2812 3629 2868 Arii

2052 2912 2177 2967 tabe
2222 2910 2433 2981 liquido
2480 2908 2737 2973 infectus,
2788 2921 3063 2962 recessere
3098 2914 3283 2960 autem
3324 2920 3355 2960 e
3396 2903 3631 2974 vestigio

2050 3002 2144 3073 qui
2189 3001 2501 3071 evangelica
2538 3001 2790 3071 dogmata
2829 2998 3271 3070 propugnabant,
3316 2993 3628 3065 mansitque

371 3098 472 3136 σαν
520 3081 577 3136 δὲ
621 3085 937 3155 παραυτίκα
994 3087 1045 3139 οἱ
1106 3086 1215 3139 τῶν
1252 3088 1625 3157 εὐαγγελικῶν
1665 3091 1946 3162 δογμάτων

2051 3110 2117 3149 es
2149 3094 2242 3148 illo
2279 3103 2522 3163 tempore
2553 3092 2775 3147 divisio.

371 3170 854 3246 θπερασπίζοντες,
887 3178 982 3230 καὶ
1015 3176 1073 3244 ἐξ
1099 3178 1308 3231 ἐκείνου
1335 3178 1645 3250 μεμένηκεν
1671 3183 1704 3253 ἡ
1742 3182 1946 3254 διαίρε-

370 3281 473 3328 σις.

439 3357 535 3423 Εἰς
579 3359 762 3414 ἐκεῖνα
799 3359 1059 3431 ἀφορῶσα
1103 3358 1198 3413 καὶ
1237 3360 1307 3414 τὰ
1360 3364 1520 3432 ὃμοια
1568 3363 1856 3433 προορῶσα
1911 3365 1943 3435 ἡ

369 3447 530 3502 ἀθλία
555 3449 700 3521 ψυχή
741 3468 840 3520 μου
896 3450 1069 3504 στένει
1106 3452 1199 3504 καὶ
1239 3451 1510 3523 ὀδύρεται,
1535 3452 1684 3507 οὐδὲν
1717 3437 1947 3524 καραδο-

369 3539 539 3611 κοῦσα
585 3541 840 3611 χρηστόν.
878 3540 1012 3593 Οὑδέ
1060 3540 1169 3612 γὰρ
1203 3541 1382 3595 ἴσασιν
1437 3542 1487 3594 ol
1536 3544 1601 3595 ἐκ
1634 3543 1740 3595 τῶν
1774 3543 1947 3596 ἄλλων

369 3631 686 3703 διοικήσεων
731 3631 821 3684 τὸν
872 3632 1186 3702 ἐγκείμενον
1236 3635 1348 3695 τοῖς
1382 3632 1589 3687 δώδεκα
1633 3634 1947 3702 κεφαλαίοις

373 3726 491 3778 ιόν’
533 3724 669 3778 ἀλλὰ
716 3728 781 3797 τῇ
844 3726 1175 3797 περιιρανείσν⁸
1230 3726 1324 3779 τοῦ
1372 3725 1550 3781 ταῦτα
1608 3728 1947 3797 γεγραφότος

370 3817 751 3888 προσέχοντες,
785 3818 937 3872 οὐδὲν
965 3816 1329 3872 ὑποπτεύουσι
1369 3816 1609 3889 φλαῦρον
1633 3835 1648 3848 ·
1681 3818 1773 3872 καὶ
1793 3815 1946 3888 οἶμαι

368 3909 443 3972 ὡς
465 3910 493 3961 ό
516 3908 608 3962 τὸν
634 3910 843 3962 ἐκείνου
866 3909 1247 3979 διαδεξάμενος
1274 3909 1461 3981 θρόνον
1491 3912 1670 3964 πάντα
1697 3928 1949 3982 πραγμα-

367 4000 607 4064 τεύεται,
634 4001 776 4054 ὥστε
806 4002 1037 4073 δευτέρα
1084 4001 1256 4054 ταῦτα
1305 4001 1571 4071 κρατῦναι
1623 4002 1843 4073 συνόδῳ.
1888 4003 1945 4055 '(l

369 4091 477 4163 γάρ
504 4091 564 4157 ἐξ
610 4091 986 4163 ἐπιτάγματος
1038 4091 1261 4144 τοιαῦτα
1315 4091 1426 4160 (7|)
1465 4091 1654 4163 πρώην
1687 4091 1905 4162 γράψας
1929 4135 1943 4157 ,

373 4185 462 4238 καὶ
484 4184 888 4255 ἁναθεματίσας
915 4186 1040 4248 τοὺς
1063 4183 1271 4246 τούτοις
1300 4184 1562 4254 ἐμμένειν
1596 4182 1670 4254 μὴ
1693 4183 1949 4254 βουλομέ-

370 4290 514 4337 νους,
554 4275 607 4327 τί
648 4277 748 4329 οὐκ
795 4275 862 4330 ἂν
909 4276 1167 4347 πράξειεν
1201 4278 1552 4348 οἱκουμενικῇ
1606 4276 1946 4348 προκαθίσας

372 4366 608 4438 συνόδῳς
663 4368 771 4419 Καὶ
800 4362 858 4420 εὖ
908 4367 1035 4431 ἴσθι,
1068 4367 1326 4430 δέσποτα,
1366 4367 1441 4431 ὡς
1480 4368 1654 4431 οὐδεὶς
1702 4366 1814 4420 τῶν
1846 4367 1945 4438 τὴν

2120 3361 2245 3419 llaec
2284 3364 2508 3418 intuens
2534 3373 2591 3419 et
2625 3364 2824 3418 similia
2858 3365 3202 3434 prospiciens
3232 3366 3417 3421 infelix
3444 3365 3629 3421 anima

2049 3471 2192 3520 mea,
2242 3455 2514 3525 suspirat,
2563 3456 2859 3526 lugetque,
2914 3456 3052 3511 nihil
3093 3467 3418 3527 exspectans
3470 3458 3628 3512 boni.

2048 3546 2236 3614 Neque
2269 3544 2415 3599 enim
2452 3545 2679 3598 insitum
2720 3546 2775 3598 in
2816 3546 3111 3601 duodecim
3153 3545 3424 3614 capitibus
3456 3562 3627 3602 vene-

2048 3651 2180 3689 num
2224 3642 2430 3689 norunt
2460 3637 2477 3655 '
2511 3633 2607 3704 qui
2649 3634 2880 3689 aliarum
2921 3642 3050 3690 sunt
3096 3635 3418 3690 ditecesium
3469 3653 3483 3688 :
3527 3636 3627 3691 sed

2046 3727 2165 3796 ejus
2180 3725 2273 3796 qui
2291 3726 2381 3780 illa
2401 3726 2622 3797 scripsit
2636 3726 2937 3781 claritatem
2952 3726 3316 3790 attendentes,
3336 3727 3470 3781 nihil
3493 3727 3627 3782 sini—

2049 3826 2225 3873 strum
2247 3819 2594 3890 suspicantur
2614 3839 2626 3873 :
2650 3828 2705 3874 et
2721 3821 2815 3891 qui
2836 3823 2957 3892 ejus
2973 3819 3090 3877 sedi
3114 3819 3398 3883 successit,
3418 3821 3625 3882 omnia,

2048 3912 2264 3982 opinor,
2298 3922 2503 3979 movet,
2536 3926 2596 3968 ut
2627 3914 2798 3969 altera
2834 3912 3044 3985 synodo
3073 3912 3162 3967 illa
3189 3911 3496 3966 conﬁrmet.
3521 3912 3627 3979 Qui

2048 4001 2195 4056 enim
2231 4018 2330 4072 pro
2354 4003 2587 4072 imperio
2609 4019 2786 4073 nuper
2810 4003 2936 4057 talia
2969 4002 3207 4072 scripsit,
3243 4011 3299 4056 et
3320 4001 3386 4058 iis
3410 4003 3505 4074 qui
3531 4017 3633 4058 σοι

2049 4094 2335 4165 quiescere
2355 4096 2439 4150 his
2455 4096 2663 4150 nollent
2679 4096 2969 4150 anathema
2991 4095 3149 4159 dixit,
3170 4095 3302 4164 quid
3327 4093 3628 4165 praesidens

2049 4184 2287 4238 concilio
2344 4200 2457 4239 non
2508 4185 2670 4255 aget?
2716 4184 2786 4239 At
2839 4184 3001 4247 scito,
3060 4184 3301 4251 domine,
3345 4184 3621 4239 neminem

2047 4289 2238 4329 eorum
2274 4276 2366 4345 qui
2403 4275 2621 4330 insitam
2656 4275 2712 4329 in
2748 4275 2834 4330 his
2872 4274 3105 4329 hmresin
3139 4282 3364 4339 norunt,
3412 4271 3626 4342 1185

2049 4366 2348 4422 adductum
2378 4366 2446 4420 iri
2478 4376 2538 4422 ut
2567 4383 2628 4421 ea
2666 4368 2915 4437 recipiat,
2957 4367 3207 4437 quamvis
3234 4367 3402 4437 duplo
3431 4365 3621 4435 plures

371 4455 697 4529 ἐγκειμένην
725 4458 908 4523 αὐτοῖς
946 4458 1158 4528 αἵρεσιν
1178 4458 1496 4525 ἐγνωκότων
1534 4459 1777 4527 ἀνέξεται
1807 4458 1945 4513 αὐτὰ

2051 4456 2368 4512 decernant.
2398 4457 2515 4513 Jam
2544 4457 2788 4527 quidem,
2825 4457 3039 4512 etiamsi
3070 4458 3259 4527 plures
3289 4465 3495 4510 temere
3524 4454 3625 4508 ista

370 4548 645 4617 δέξασθαι,
677 4552 781 4606 κᾶν
801 4554 882 4617 δὶς
913 4552 1157 4607 τοσοῦτοι
1179 4552 1545 4623 ψηφίσωνται.
1569 4554 1681 4607 Καὶ
1709 4554 1816 4625 γάρ
1844 4554 1945 4624 ἤδη

371 4642 467 4696 καὶ
494 4641 751 4697 πλειόνων
792 4644 867 4709 ὡς
918 4644 1077 4715 ἔτυχε
1122 4644 1295 4698 ταῦτα
1340 4644 1780 4715 βεϐαιωσάντων,
1818 4647 1948 4699 ἀντ-

368 4732 607 4805 έστημεν
629 4734 687 4786 ἐν
728 4735 956 4805 Ἐφέσῳ,
990 4735 1083 4789 καὶ
1113 4735 1173 4788 οὐ
1215 4736 1479 4807 πρότερον
1505 4737 1945 4808 ἐκοινωνήσαμεν

367 4822 447 4893 τῷ
476 4822 647 4876 ταῦτα
673 4825 995 4894 γεγραφότι,
1041 4824 1146 4887 ἓως
1168 4827 1281 4888 τοῖς
1309 4824 1444 4894 παρ’
1487 4824 1644 4895 ἡμῶν
1678 4826 1946 4880 ἐκτεθείσι

371 4913 716 4986 συνθέμενος,
746 4916 1035 4986 σύμφωνον
1058 4916 1241 4979 αὐτοῖς
1263 4915 1610 4969 διδασκαλίαν
1637 4918 1948 4988 προσήρμο-

369 5024 483 5071 σεν,
534 5008 790 5078 οὐδεμίαν
822 5009 931 5061 τῶν
966 5007 1278 5078 κεφαλαίων
1312 5006 1539 5059 ἐκείνων
1580 5008 1944 5077 ποιησάμενος

372 5099 614 5170 μνήμην.
646 5100 755 5153 Καὶ
782 5099 936 5154 τοῦτο
969 5101 1148 5171 ῥᾴδιον
1175 5098 1380 5167 γνῶναι
1400 5098 1500 5168 τὴν
1537 5096 1637 5169 σὴν
1663 5097 1941 5168 ὁσιότητα,

350 5190 706 5263 ,κελεύσασαν
728 5188 1026 5262 ζητηθῆναι
1065 5190 1132 5243 τὰ
1170 5188 1555 5260 πεπραγμένα.
1602 5188 1943 5242 Ἀπόκεινται

352 5260 476 5351 δγάρ
501 5278 737 5342 πάντως,
772 5260 912 5333 κατὰ
933 5280 993 5332 τὸ
1015 5264 1503 5350 παρακολουθῆσαν
1525 5278 1664 5342 ἔθος,
1696 5279 1793 5348 τῆς
1816 5295 1942 5331 συνη-

367 5368 486 5424 όδου
509 5369 604 5433 τὰς
630 5370 953 5439 ὑπογραφάς
982 5370 1193 5441 ἔχοντα.
1225 5370 1381 5423 Ἔστι
1413 5370 1468 5424 δέ
1510 5370 1781 5441 πλείοναῆ
1812 5386 1940 5423 πεν-

366 5462 605 5533 τήκοντα
628 5460 900 5526 συνοδικὰ,
923 5462 1021 5532 τὴν
1053 5461 1385 5532 κατηγορίαν
1405 5462 1511 5515 τῶν
1541 5460 1747 5514 δώδεκα
1773 5478 1942 5531 κεφα-

2047 4549 2372 4614 sanxissent,
2400 4548 2701 4604 restitimus
2724 4549 2868 4619 apud
2891 4550 3170 4619 Ephesum
3198 4566 3211 4602 :
3237 4561 3339 4601 nec
3362 4544 3518 4616 prius
3542 4544 3624 4599 illi

2045 4637 2138 4705 qui
2169 4638 2285 4692 hzec
2312 4637 2608 4708 scripserat
2630 4639 3181 4702 communicavimus,
3215 4652 3379 4707 quam
3407 4636 3474 4690 iis
3501 4650 3624 4704 qua:

2045 4743 2474 4797 cxposueramus
2517 4728 2823 4783 assentiens
2854 4743 3153 4783 consonam
3191 4728 3278 4781 bis
3312 4725 3620 4780 doctrinam

2045 4818 2501 4882 accommodavit,
2559 4819 2764 4873 nullam
2823 4819 3068 4888 capitum
3132 4818 3352 4872 illorum
3413 4815 3625 4870 faciens

2044 4909 2401 4965 mentionem.
2464 4910 2621 4978 Quod
2684 4911 2907 4981 quidem
2956 4909 3230 4966 sanctitati
3296 4918 3403 4964 ture
3462 4907 3622 4963 facile

2043 5001 2209 5057 fuerit
2226 5003 2556 5073 perspicere,
2576 5002 2619 5057 si
2647 5010 2766 5057 acta
2801 5002 3050 5071 conquiri
3073 5001 3264 5072 jubeat
3293 5018 3306 5053 :
3337 5013 3624 5054 asservan-

2044 5103 2137 5148 tur
2165 5094 2311 5149 enim
2343 5111 2572 5165 prorsus
2599 5112 2666 5150 ex
2696 5110 2848 5149 more
2882 5110 3006 5149 cum
3038 5093 3231 5166 synodi
3261 5090 3623 5159 subscriptio-

2041 5184 2225 5239 nibus.
2268 5186 2496 5241 Exstant
2543 5195 2727 5241 autem
2766 5186 3027 5256 synodica
3071 5186 3193 5255 plus
3235 5199 3400 5254 quam
3454 5181 3619 5251 quit:-

2042 5276 2335 5345 quaginta,
2395 5292 2515 5345 quae
2562 5276 2854 5331 duodecim
2912 5276 3152 5345 capitum
3213 5271 3619 5328 accusationem

2043 5367 2441 5423 demonstrant.
2470 5369 2605 5423 Nam
2638 5378 2694 5422 et
2725 5368 3043 5438 priusquam
3078 5365 3357 5436 Ephesum
3390 5363 3614 5421 iremus,

2042 5460 2237 5515 beatus
2266 5460 2505 5516 Joannes
2534 5460 2600 5515 ad
2632 5461 2741 5515 Deo
2771 5459 3127 5515 charissimos
3159 5456 3449 5528 episcopos
3480 5451 3620 5510 scri-

437 5614 548 5685 (70)
581 5613 845 5670 Baronius
871 5615 935 5667 ad
968 5630 1016 5667 τι.
1048 5612 1108 5666 C.
1141 5612 1263 5685 ιιι),
1300 5623 1427 5667 tom.
1458 5613 1544 5676 Vl,
1580 5629 1702 5685 pag.
1734 5614 1821 5679 78,
1844 5612 1933 5680 79,
1974 5615 2219 5671 eamdem
2250 5614 2534 5685 epistolam
2562 5614 2748 5670 Latine
2778 5628 2987 5671 versam
3020 5612 3262 5683 protulit.

434 5681 544 5745 (τις
578 5687 667 5742 Sic
696 5685 861 5756 Neap.
899 5685 1057 5741 Sirm.
1092 5681 1281 5737 ταῦτα.
