3924 6192
326 296 456 361 1311

1309 304 1800 364 THEODORETI
1840 303 2178 364 EPISCOPI
2219 299 2579 361 CYRENSIS

3454 290 3646 353 1312‘.

319 410 452 480 j-tit,
486 407 816 463 Eutherium
855 410 1186 481 Tyanorum,
1232 413 1474 468 Firmum
1516 414 1798 479 Caesarem,
1841 422 1896 469 ct

2007 414 2163 466 λαίων
2197 410 2498 466 δεικνύντα.
2529 407 2641 479 Πρὸ
2674 404 2771 476 μὲν
2793 403 2903 476 γὰρ
2927 403 3025 473 τῆς
3058 405 3138 467 είς
3169 403 3413 473 Ἔφεσον
3450 405 3645 457 ἀπο-

321 498 353 552 ’1
369 496 667 553 heodotum
708 497 955 569 Ancyrae,
997 500 1332 569 Apollinaris
1372 502 1674 558 doctrinam
1717 504 1894 572 capita

321 588 440 645 hac
480 588 780 658 appellans.
847 589 916 642 Et
971 590 1118 659 apud
1172 591 1471 660 Ephesum,
1532 593 1892 649 Alexandrini

322 679 692 748 Ephesinique
711 677 1096 747 depositionis,
1122 696 1285 749 quam
1310 681 1563 746 fecimus,
1596 697 1759 737 causa
1794 681 1896 736 fuit

322 769 563 838 capitum
588 768 819 822 istorum
844 770 1116 839 expositio
1139 779 1194 824 et
1225 771 1591 826 confirmatio.
1625 771 1895 843 Synodica

321 876 487 930 porro
518 860 720 929 Ephesi
746 861 917 915 multa
948 870 1060 915 tum
1090 862 1154 917 ad
1188 863 1450 919 victorem
1485 865 1893 935 imperatorem,

322 960 438 1004 tum
504 950 573 1004 ad
630 966 874 1005 summos
932 953 1281 1022 magistratus
1327 954 1395 1009 de
1450 955 1643 1010 iisdem
1694 956 1896 1025 scripta

318 1047 467 1103 sunt,
513 1039 755 1109 itemque
791 1041 859 1093 ad
905 1042 1168 1111 populum
1204 1042 1893 1116 Constantinopolitanum,

319 1137 376 1182 et
398 1128 465 1183 ad
494 1130 1016 1185 reverendissimum
1040 1134 1271 1187 elerum.
1295 1133 1606 1199 Quinetiam
1630 1135 1898 1191 Constan-

322 1220 590 1289 tinopolin
630 1222 877 1286 evocati,
927 1224 1272 1294 cognitiones
1321 1234 1591 1295 praesente
1638 1227 1757 1297 ipso
1791 1228 1898 1282 im-

319 1318 572 1380 peratore
601 1313 798 1381 quinas
826 1313 1139 1379 habuimus,
1160 1325 1215 1370 et
1242 1325 1355 1372 tres
1387 1319 1624 1386 posthaec
1654 1318 1719 1372 ad
1747 1334 1900 1371 eum—

327 1400 453 1454 dem
495 1402 920 1469 protestationes
955 1403 1227 1458 misimus.
1263 1405 1339 1460 De
1376 1405 1463 1460 his
1493 1407 1657 1461 etiam
1695 1406 1763 1461 ad
1800 1408 1897 1462 Dei

328 1491 736 1547 amantissimos
800 1495 1089 1564 episcopos
1167 1496 1514 1563 Occidentis,
1587 1499 1896 1565 Mediolani,

325 1583 610 1653 Aquilcize,
660 1594 717 1639 et
765 1586 1039 1640 Ravennae
1077 1588 1416 1657 scripsimus,
1464 1591 1901 1661 Apollinarisque

331 1670 590 1730 novitatis
640 1677 801 1746 plena
850 1694 970 1732 esse
1012 1679 1318 1757 docuimus.
1359 1681 1465 1736 Sed
1519 1693 1575 1738 et
1615 1683 1680 1736 ad
1725 1684 1898 1752 ipsum

1996 506 2058 576 δη
2068 504 2227 576 μίας,
2256 504 2285 556 6
2316 502 2583 574 μακάριος
2601 497 2880 568 γέγραφεν
2916 493 3163 565 Ἰωάννης
3186 498 3299 559 τοῖς
3332 495 3487 565 περὶ
3518 499 3645 547 τὸν

1997 594 2405 665 θεοφιλέστατον
2433 591 2735 645 ἐπίσκοπον
2765 587 3028 658 Εύθήριον
3058 586 3166 640 τῶν
3201 587 3478 648 Τυάνων,
3513 592 3643 639 καὶ

1994 688 2192 757 Φίλμον
2216 684 2305 738 τὸν
2339 680 2698 752 Καισαρείας,
2727 677 2819 731 καί¹
2848 676 3104 733 Θεόδοτον
3137 675 3230 729 τὸν
3274 674 3639 747 Ἀγκύρας,

2010 774 2385 844 Ἀπολιναρίου
2421 768 2771 824 διδασκαλίαν
2804 768 2872 821 τὰ
2902 766 3175 837 κεφάλαια
3202 766 3385 820 ταῦτα
3419 767 3643 820 καλέε-

1999 886 2117 932 σας.
2166 868 2277 920 Καὶ
2326 866 2384 918 ὲν
2429 863 2641 933 Ἐφέσῳ
2687 861 2743 915 δὲ
2796 862 2830 932 ἡ
2862 862 2990 929 παρ’
3034 859 3192 930 ἡμῶν
3231 860 3633 929 γεγενημένη

1999 958 2316 1030 καθαίρεσις
2367 954 2460 1008 τοῦ
2516 971 2577 1006 τε
2627 953 2727 1022 τῆς
2776 951 3169 1022 ’Δλεξανδρέων
3218 952 3310 1005 καί¹
3354 951 3454 1003 τοῦ
3498 950 3638 1018 τῆς

2010 1050 2295 1119 Ἐφεσίων,
2354 1048 2532 1102 αἰτίαν
2577 1045 2691 1117 ἔχει
2748 1044 2843 1115 τὴν
2871 1045 2979 1097 τῶν
3018 1044 3329 1112 κεφαλαίων
3376 1043 3634 1097 τούτων

2000 1143 2214 1196 ἔκθεσιν
2252 1140 2348 1194 καὶ
2389 1136 2696 1210 βεϐαίωσιν.
2756 1136 2869 1190 Kal.
2917 1134 3171 1189 συνοδικὰ
3206 1135 3263 1189 δὲ
3314 1134 3511 1187 πολλὰ
3556 1135 3631 1185 ἐν

2010 1233 2221 1303 Ἐφέσῳ
2256 1230 2392 1302 πρός
2414 1246 2473 1282 τε
2501 1229 2594 1282 τὸν
2630 1226 2938 1280 καλλίνικον
2980 1224 3206 1294 βασιλέα
3229 1264 3246 1289 ,
3295 1224 3396 1278 καὶ
3450 1224 3633 1296 πρὸς

1998 1327 2123 1389 τοὺς
2149 1323 2421 1395 μεγάλους
2447 1321 2713 1392 ἄρχοντας
2738 1318 2868 1388 περὶ
2897 1316 3102 1371 τούτων
3133 1315 3347 1388 ἐγράφη
3368 1334 3383 1347 ·
3416 1316 3630 1370 ὡσαύ-

1999 1433 2107 1479 τως
2134 1416 2189 1468 δὲ
2220 1415 2313 1468 καί
2345 1414 2480 1483 πρὸς
2505 1411 2596 1465 τὸν
2626 1412 2683 1463 ὲν
2707 1409 3276 1463 Κωνσταντινουπόλει
3304 1408 3464 1473 λαὸν,
3496 1408 3628 1461 καὶ

2003 1508 2136 1578 πρὸς
2175 1507 2267 1560 τὸν
2299 1504 2689 1558 εύλαϐἐστατον
2722 1502 2938 1573 κλῆρον.
2981 1501 3093 1555 Καὶ
3141 1502 3237 1572 μὲν
3264 1501 3328 1570 δὴ
3372 1502 3472 1555 καί
3513 1502 3629 1562 εἰς

2002 1600 2098 1671 τὴν
2138 1596 2706 1652 Κωνσταντινούπολιν
2729 1594 3041 1663 κληθέντες,
3064 1593 3221 1645 πέντε
3254 1589 3622 1660 διαγνώσεις

2004 1693 2090 1744 ἐπ’
2122 1690 2287 1743 αὑτοῦ
2317 1687 2408 1741 τοῦ
2449 1686 2712 1757 βασιλέως
2743 1685 3080 1754 ἐσχήκαμεν,
3110 1683 3200 1736 καὶ
3235 1685 3384 1752 τρεῖς
3428 1679 3623 1733 ὕστε-

337 1767 552 1837 1186
581 1766 775 1821 horum
806 1777 1087 1823 auctorem
1127 1787 1225 1841 per
1256 1772 1476 1827 beatum
1509 1775 1734 1830 Paulum
1766 1777 1899 1831 scri-

2012 1798 2101 1853 ρον
2124 1779 2272 1849 αύτῷ
2297 1775 2695 1848 διαμαρτυρίας
2731 1773 3081 1844 ἐπέμψαμεν.
3111 1773 3221 1825 Καὶ
3255 1775 3367 1835 τοῖς
3398 1770 3619 1837 θεοφι-

334 1858 468 1911 lens
505 1856 698 1911 beatus
730 1858 988 1924 Joannes,
1020 1871 1206 1930 aperte
1239 1863 1326 1918 illa
1357 1864 1653 1935 redarguit,
1678 1866 1901 1921 eodem-

331 1962 441 2015 que
485 1949 646 2003 modo
683 1958 738 2003 et
786 1949 961 2005 beatae
995 1954 1275 2008 memoria:
1315 1956 1544 2010 Aeacius
1583 1973 1597 2010 :
1633 1967 1798 2027 atque
1844 1967 1904 2013 ut

328 2042 654 2111 compendio
678 2059 791 2096 rem
813 2043 995 2098 videat
1018 2046 1281 2100 sanctitas
1306 2056 1415 2111 tua,
1443 2050 1749 2118 exemplum
1781 2050 1902 2105 misi

330 2144 445 2187 tum
474 2134 718 2203 epistolae
752 2136 898 2190 beati
933 2137 1138 2202 Acacii,
1177 2149 1291 2194 tum
1330 2141 1476 2195 illius
1511 2157 1673 2210 quam
1710 2143 1903 2197 beatus

330 2223 566 2285 Joannes
599 2225 667 2279 ad
700 2227 922 2281 beatum
952 2227 1211 2299 Cyrillum
1245 2230 1482 2301 scripsit,
1517 2243 1576 2287 ut
1608 2247 1905 2302 cognoscas

330 2315 473 2378 illos,
505 2324 620 2370 tum
672 2320 839 2373 etiam
888 2336 1014 2374 cum
1062 2321 1131 2375 de
1176 2323 1552 2392 pacilicatione
1601 2327 1617 2343 ‘
1661 2324 1727 2378 ad
1776 2339 1902 2378 eum

326 2408 652 2473 scriberent,
685 2411 863 2478 capita
899 2413 1000 2466 ista
1034 2412 1400 2468 insimulasse.
1434 2414 1552 2483 Ipse
1578 2414 1745 2469 etiam
1772 2414 1903 2469 bca-

330 2509 418 2554 tus
464 2498 718 2571 Cyrillus,
777 2518 901 2556 cum
946 2502 1012 2556 ad
1054 2502 1274 2556 beatum
1314 2504 1571 2557 Acacium
1614 2504 1898 2567 scriberet,

325 2590 692 2659 capitulorum
762 2593 991 2646 istorum
1036 2609 1259 2664 scopum
1328 2594 1610 2658 indicavit,
1664 2595 1897 2650 dicens:

334 2700 354 2733 ‹
377 2680 501 2735 Ηαδο
529 2680 793 2736 adversus
830 2683 993 2753 hujus
1018 2684 1290 2738 novitates
1317 2684 1657 2753 scripsimus,
1681 2694 1737 2740 ct
1771 2703 1902 2756 pace

324 2770 465 2824 facta
494 2769 947 2824 declarabuntur.
976 2791 993 2822 ›
1036 2772 1156 2841 Ipsa
1179 2788 1309 2843 ergo
1332 2772 1581 2828 defensio
1602 2778 1904 2832 accusatio-

322 2876 447 2914 nem
474 2861 781 2916 eonﬁrmat.
814 2863 948 2917 .Misi
985 2874 1168 2919 autem
1213 2865 1431 2921 illorum
1467 2884 1588 2937 qua:
1617 2870 1685 2924 ab
1708 2870 1901 2925 eodem

323 2951 722 3021 pacificationis
769 2960 1012 3024 tempore
1053 2957 1257 3026 scripta
1306 2969 1433 3014 sunt
1469 2961 1802 3031 exemplum,
1843 2971 1904 3016 ut

321 3057 640 3114 cognoscas,
672 3044 916 3109 domine,
940 3046 1148 3099 nullam
1201 3047 1399 3101 horum
1438 3051 1775 3106 mentionem
1820 3051 1901 3107 fe-

321 3134 465 3190 cisse
496 3153 511 3189 :
538 3145 594 3190 et
619 3135 768 3205 quod
791 3144 1041 3207 oporteat
1069 3138 1191 3193 illos
1219 3140 1312 3209 qui
1347 3141 1415 3194 ad
1442 3143 1708 3212 synodum
1739 3143 1902 3215 profi-

322 3222 608 3279 ciscuntur
627 3241 692 3279 ea
716 3241 838 3295 qua:
859 3225 1255 3296 pacificationis
1283 3237 1525 3298 tempore
1553 3233 1752 3302 scripta
1774 3244 1902 3286 sunt

326 3315 593 3384 proferre,
628 3324 683 3370 et
711 3326 899 3386 aperte
928 3317 1113 3372 dicere
1141 3334 1391 3387 qumnam
1424 3320 1716 3374 discidium
1754 3320 1900 3376 fece-

328 3403 438 3458 rint
462 3413 519 3458 et
548 3420 659 3474 quo
688 3413 848 3475 pacto
878 3404 1092 3460 divulsa
1122 3406 1447 3460 coaluerint.
1484 3407 1591 3461 Eos
1621 3408 1767 3462 enim
1805 3407 1899 3477 qui

324 3496 394 3551 ad
448 3497 703 3551 tuendam
747 3497 1010 3567 pietatem
1059 3507 1347 3561 vocantur,
1392 3499 1638 3553 laborem
1681 3514 1900 3553 omnem

325 3588 604 3658 suscipere
649 3596 889 3658 oportet,
921 3588 1282 3658 divinumque
1320 3590 1583 3644 auxilium
1622 3590 1898 3655 invocare,

326 3689 389 3734 ut
413 3680 656 3734 relictam
683 3681 842 3735 nobis
861 3697 891 3734 a
917 3681 1216 3752 majoribus
1237 3682 1615 3737 litereditatem
1639 3682 1899 3737 intactam

324 3786 734 3827 conservemus.
773 3773 945 3827 Simul
969 3773 1138 3828 etiam
1164 3789 1233 3828 ex
1248 3773 1345 3828 Dei
1372 3773 1763 3829 amantissimis
1788 3774 1903 3843 epi-

327 3864 509 3932 scopis
543 3877 640 3919 eos
679 3864 1030 3919 considerare
1081 3871 1300 3934 Oportet
1335 3865 1682 3919 sanctitatem
1727 3873 1898 3927 tuam,

324 3954 423 4023 qui
442 3954 686 4025 ejusdem
712 3963 841 4009 sunt
864 3956 1169 4019 sententiae,
1198 3971 1402 4026 eosque
1427 3955 1785 4026 profectionis
1806 3971 1900 4010 co-

325 4045 487 4100 mites
526 4046 792 4100 adbibere
825 4064 837 4100 :
877 4053 1042 4115 atque
1075 4064 1142 4103 ex
1177 4036 1651 4103 reverendis‘simis
1683 4049 1902 4104 clericis

322 4149 421 4189 eos
453 4133 547 4204 qui
586 4136 805 4190 tuenda:
830 4135 1047 4205 pietatis
1089 4138 1208 4192 zelo
1247 4139 1460 4208 prmditi
1482 4148 1631 4204 sunt,
1666 4148 1727 4193 ut
1764 4155 1832 4194 ne
1870 4154 1901 4192 a

324 4224 644 4280 domesticis
664 4226 798 4296 ipsis
819 4228 1045 4298 proditi,
1072 4230 1156 4284 vel
1183 4228 1359 4285 faccre
1384 4230 1589 4300 aliquid
1615 4245 1899 4301 cogamur,

323 4316 471 4386 quod
505 4318 617 4372 Deo
656 4318 1038 4375 universorum
1087 4322 1394 4390 displiceat,
1446 4323 1527 4376 vel
1565 4322 1666 4377 soli
1724 4323 1900 4378 relicti

2003 1871 2281 1930 ’λεστάτοις
2302 1868 2357 1921 δὲ
2382 1869 2480 1937 τῆς
2502 1866 2719 1927 Δύσεως
2740 1863 3083 1926 ἐπισκόποις,
3130 1862 3211 1931 τῷ
3249 1861 3615 1916 Μεδιολάνου

2006 1961 2168 2031 φημὶ,
2216 1958 2308 2013 καὶ
2346 1957 2423 2029 τῷ
2462 1955 2767 2018 ’Δκυλιείας
2791 1994 2806 2017 ,
2852 1953 2944 2007 καὶ
2971 1951 3049 2023 τῷ
3091 1953 3417 2023 Ῥαϐέννης,
3459 1950 3610 2020 περὶ

2004 2052 2208 2105 τούτων
2241 2050 2580 2122 ἐγράψαμεν,
2612 2046 3109 2116 διαμαρτυράμενοι
3137 2043 3212 2107 ὡς
3235 2042 3336 2111 τῆς
3368 2040 3611 2094 ’Δπολι-

2005 2140 2192 2209 νῖρίου
2223 2138 2394 2191 ταῦτα
2425 2134 2769 2205 καινοτομίας
2810 2130 3197 2201 πεπλήρωται·
3226 2130 3318 2181 καὶ
3344 2125 3499 2197 αύτῷ
3530 2124 3608 2178 δὲ

2004 2231 2081 2301 τῷ
2111 2229 2284 2282 ταῦτα
2308 2226 2581 2298 γράψαντι
2607 2226 2640 2277 δ’
2667 2222 2934 2294 μακάριος
2962 2219 3291 2275 ἐπιστέλλων
3325 2217 3605 2285 Ἰωάννης

2005 2323 2091 2376 διὰ
2117 2321 2210 2376 τοῦ
2245 2320 2513 2391 μακαρίου
2538 2315 2771 2376 Παύλου,
2806 2313 3099 2383 προφανῶς
3125 2312 3304 2373 αὐτοῖς
3330 2307 3601 2378 ἐπεμέμ-

2004 2417 2144 2485 ψατο
2170 2431 2182 2443 ·
2208 2412 2469 2473 ὡσαύτως
2498 2408 2555 2462 δὲ
2580 2408 2674 2462 καὶ
2693 2407 2723 2458 6
2748 2408 2845 2477 τῆς
2875 2403 3151 2476 μακαρίας
3182 2403 3400 2473 μνήμης
3423 2400 3598 2452 ’Δκάο

2006 2521 2140 2567 κιος,
2173 2504 2281 2556 Καὶ
2320 2503 2405 2554 ἶνα
2445 2498 2724 2567 συντόμως
2777 2494 2922 2565 μάθῃ
2966 2509 3061 2545 σου
3108 2493 3142 2561 ἠ
3184 2490 3428 2559 ἁγιότης,
3478 2488 3596 2541 ἀπ-

2006 2594 2222 2648 έστειλα
2247 2594 2344 2658 τῆς
2377 2609 2436 2645 τε
2457 2589 2549 2643 τοῦ
2575 2586 2841 2660 μακαρίου
2868 2583 3125 2638 ’Δκακίου
3154 2581 3463 2652 ἐπιστολῆς,
3490 2581 3595 2631 καὶ

2002 2688 2102 2757 τῆς
2134 2685 2228 2739 τοῦ
2267 2684 2537 2755 μακαρίου
2576 2681 2825 2737 Ἰωάννου
2851 2679 2986 2750 πρὸς
3010 2678 3101 2729 τὸν
3136 2673 3443 2747 μακαρίτην
3472 2671 3590 2724 Κύ-

2009 2778 2185 2850 ριλλον
2229 2776 2536 2847 γραφείσης
2582 2772 2643 2825 τὸ
2696 2773 2811 2825 ἴσον
2839 2787 2852 2801 °
2884 2771 2971 2822 ἴνα
3010 2768 3154 2837 γνῷς
3199 2768 3274 2830 ὡς
3308 2763 3403 2818 καὶ
3451 2762 3586 2834 περὶ

2007 2869 2330 2940 συμϐάσεως
2378 2865 2526 2936 αύτῷ
2583 2864 2909 2935 γράφοντες,
2964 2863 3063 2931 τὴν
3111 2858 3219 2912 τῶν
3272 2854 3587 2924 κεφαλαίων

2003 2963 2209 3015 τούτων
2245 2958 2581 3029 κατηγορίαν
2605 2958 2952 3027 ἐποιήσαντο.
2992 2950 3106 3006 Καὶ
3135 2951 3296 3013 αὐτὸς
3322 2949 3378 3002 δὲ
3408 2950 3437 3002 6
3468 2964 3582 3017 μαο

2005 3052 2234 3122 καρίτης
2264 3050 2571 3120 Κύριλλος,
2610 3047 2840 3129 γράφων
2889 3043 2966 3115 τῷ
3011 3042 3269 3113 μακαρίῳ
3317 3039 3577 3105 Ἀκακίῳ.

2004 3145 2096 3197 τὸν
2128 3142 2237 3195 τῶν
2264 3141 2577 3210 κεφαλαίων
2620 3138 2822 3192 τούτων
2850 3135 3204 3206 παρεδήλωσε
3256 3131 3475 3195 σκοπὸν,
3506 3130 3582 3181 εί-

2008 3232 2212 3305 ρηκὼς,
2252 3233 2332 3285 ὅτι
2374 3251 2391 3282 ι
2441 3231 2654 3283 Ἐκεῖνα
2702 3227 2839 3298 πρὸς
2873 3226 2972 3288 τὰς
3021 3224 3179 3277 τοῦδε
3230 3220 3581 3283 καινοτομίας

2006 3323 2359 3395 ἐγράψαμεν,
2427 3322 2523 3375 καὶ
2577 3321 2658 3373 ὅτι
2707 3319 2807 3389 τῆς
2861 3318 3085 3388 εἰρήνης
3146 3313 3440 3384 γενομένης
3483 3313 3582 3363 ἐκοο

2004 3415 2446 3487 λευκανθὴσεται.
2479 3432 2497 3464 ι
2532 3411 2639 3464 Καὶ
2658 3409 2793 3480 αὕτη
2825 3408 3003 3461 τοίνυν
3028 3410 3061 3477 ή
3088 3403 3352 3474 ἀπολογία
3378 3401 3581 3473 βεϐαιοῖ

2005 3504 2104 3572 τὴν
2137 3500 2492 3573 κατηγορίαν.
2538 3497 2860 3551 Ἀπέστειλα
2890 3496 2947 3549 δὲ
2985 3496 3078 3549 καὶ
3097 3494 3206 3548 τῶν
3249 3494 3375 3565 παρ’
3418 3490 3577 3547 αὐτοῦ

2005 3591 2323 3663 γραφέντων
2353 3594 2409 3643 ἐν
2439 3588 2517 3659 τῷ
2540 3588 2638 3658 τῆς
2666 3587 2993 3656 συμϐάσεως
3031 3584 3210 3655 καιρῷ
3236 3585 3297 3638 τὸ
3327 3583 3578 3655 ἀντίγραο

2007 3699 2125 3753 φον,
2159 3682 2247 3735 ἵνα
2266 3680 2429 3750 γνῷς,
2457 3679 2714 3741 δέσποτα,
2738 3678 2811 3743 ὼς
2848 3677 3100 3747 οὐδεμίαν
3146 3674 3352 3729 τούτων
3399 3675 3575 3745 ἐποιή-

2008 3792 2136 3829 σατο
2183 3776 2439 3846 μνήμηνν
2484 3774 2578 3827 καὶ
2622 3772 2698 3833 ὡς
2738 3772 2844 3843 χρὴ
2890 3771 3015 3835 τοὺς
3063 3771 3323 3833 ἀπιόντας
3376 3771 3452 3832 είς
3479 3768 3572 3839 τὴν

2008 3867 2219 3921 σύνοδον
2251 3866 2321 3918 τὰ
2364 3867 2421 3918 ὲν
2463 3864 2539 3934 τῷ
2574 3863 2751 3934 καιρῷ
2792 3864 2892 3932 τῆς
2932 3860 3259 3931 συμϐάσεως
3306 3860 3571 3930 γραφέντα

2007 3962 2414 4030 προσενεγκεῖν,
2450 3957 2543 4010 καὶ
2575 3955 2760 4025 σαφῶς
2798 3956 2974 4008 εἰπεῖν
3007 3953 3129 4005 τίνα
3160 3953 3259 4021 μὲν
3295 3951 3572 4021 εἰργάσατο

2004 4050 2102 4122 τὴν
2145 4050 2446 4111 διάστασιν,
2482 4047 2575 4101 ἐπὶ
2603 4046 2746 4099 τίσιν
2779 4046 2835 4099 δὲ
2874 4044 2944 4098 τὰ
2992 4043 3258 4096 διεστῶτα
3314 4040 3565 4113 συνήφθη.

2005 4143 2143 4204 Τοὺς
2180 4141 2288 4211 γὰρ
2339 4141 2417 4201 εἰς
2456 4137 2546 4191 τὸν
2580 4136 2721 4207 ὑπὲρ
2763 4135 2862 4206 τῆς
2892 4133 3177 4198 εὐσεϐείας
3222 4133 3572 4202 καλουμένους

2004 4232 2212 4301 ἀγῶνα,
2250 4230 2426 4283 πάντα
2450 4228 2611 4281 πόνον
2652 4226 3012 4291 ἀναδέξασθαι
3032 4227 3161 4296 χρὴ,
3191 4226 3285 4278 καὶ
3314 4226 3413 4291 τὴν
3436 4223 3571 4277 θείαν

2006 4319 2430 4377 ἐπικαλέσασθαι
2461 4316 2797 4389 συμμαχίαν,
2828 4317 2914 4370 ἴνα
2950 4317 3041 4370 τὸν
3070 4317 3222 4386 παρὰ
3243 4315 3349 4369 τῶν
3389 4314 3569 4382 προγό-

323 4407 394 4463 ab
423 4409 675 4465 hostibus
699 4412 817 4482 capi
852 4412 1013 4467 facile
1033 4413 1327 4482 possimus.
1361 4414 1572 4483 1187
1602 4413 1762 4469 Fides
1794 4424 1898 4478 est,

2007 4432 2112 4469 νων
2143 4415 2273 4483 ἡμῖν
2296 4409 2724 4479 καταλειφθέντα
2767 4410 2966 4482 κλῆρον
3007 4409 3427 4480 διατηρήσωμεν
3455 4408 3567 4461 dcu-

322 4499 571 4566 obsecro,
608 4502 663 4556 in
697 4519 803 4573 qua
833 4504 1026 4559 salutis
1056 4504 1262 4574 positas
1293 4520 1418 4573 spes
1454 4505 1741 4569 habemus,
1782 4522 1900 4560 om-

323 4606 560 4662 nemque
598 4603 816 4664 oportet
862 4594 1099 4664 lapidem
1137 4610 1380 4659 movere,
1419 4605 1481 4651 ut
1527 4596 1665 4650 nihil
1695 4597 1750 4651 in
1781 4613 1901 4652 eam

323 4685 573 4754 spurium
628 4686 949 4751 inferamus,
1002 4702 1141 4742 neve
1189 4689 1544 4758 apostolicam
1593 4689 1900 4744 doctrinam

2000 4504 2109 4556 λον.
2143 4500 2263 4570 Χρὴ
2288 4500 2345 4552 δὲ
2383 4499 2652 4568 σκοπῆσαί
2688 4515 2780 4551 σου
2835 4500 2938 4569 τὴν
2996 4499 3311 4569 ἁγιωσύνην
3359 4498 3567 4551 καὶτῶν

2002 4592 2429 4662 θεοφιλεστάτων
2478 4591 2793 4644 ἐπισκόπων
2847 4593 2973 4655 τοὺς
3021 4590 3441 4662 ὁμογνώμονας,
3485 4591 3565 4641 καὶ

2003 4685 2291 4747 κοινωνοὺς
2327 4684 2424 4753 τῆς
2461 4682 2769 4753 ἀποδημίας
2815 4682 3178 4753 ποιήσασθαι·
3215 4683 3312 4736 καὶ
3355 4681 3458 4734 τῶν
3484 4682 3561 4733 ea-

325 4790 760 4848 corrumpamus.
805 4776 931 4832 Haec
967 4793 1099 4848 ergo
1122 4780 1314 4848 procul
1353 4781 1567 4850 positus
1607 4780 1799 4835 dolens
1842 4797 1899 4836 ac

2007 4776 2349 4832 λαϐεστάτων
2389 4775 2667 4846 κληρικὼν
2702 4776 2826 4838 τοὺς
2862 4776 2952 4828 τὸν
2984 4775 3125 4846 ὑπὲρ
3161 4776 3262 4845 τῆς
3308 4774 3562 4836 εὐσεϐείας

323 4866 515 4938 lugens
543 4868 749 4931 scribo,
776 4876 833 4923 et
858 4883 1205 4923 communem
1231 4871 1521 4924 Dominum
1544 4871 1810 4934 obtestor,
1843 4879 1903 4925 ut

324 4955 539 5011 tristem
566 4957 708 5012 hanc
733 4957 935 5011 nubem
958 4956 1240 5035 dissolvat,
1266 4968 1322 5013 et
1347 4975 1540 5029 puram
1566 4959 1726 5013 nobis
1753 4975 1901 5014 scre-

321 5049 550 5105 nitatem
586 5049 868 5120 largiatur.

2007 4868 2231 4938 ἐχοντας
2269 4865 2450 4937 ζῆλον,
2481 4866 2567 4919 ἵνα
2601 4865 2675 4937 μὴ
2703 4867 2796 4918 καὶ
2827 4865 2976 4935 παρὰ
3012 4865 3122 4917 τῶν
3145 4865 3362 4919 οἰκείων
3394 4862 3560 4935 προδοο

2007 4960 2210 5023 θέντες.
2236 4959 2268 5029 ἦ
2301 4958 2736 5027 ἀναγκασθῶμεν
2766 4974 2820 5010 τι
2862 4955 3064 5027 πρᾶξαι
3096 4957 3205 5010 τῶν
3246 4956 3561 5028 ἀπαρεσκόν·

2004 5069 2111 5105 των
2153 5050 2230 5121 τῷ
2259 5050 2369 5103 τῶν
2390 5050 2525 5103 ὅλων
2555 5048 2694 5120 Θεῷ,
2736 5048 2769 5118 ἢ
2815 5049 3153 5118 μονωθέντες
3183 5046 3560 5117 εύεπιχείρητοι

321 5148 436 5208 τοῖς
483 5145 783 5218 πολεμοῦσι
838 5148 1148 5221 γενώμεθα.
1194 5147 1383 5210 Πίστις
1433 5147 1569 5209 ἐστὶ,
1613 5145 1934 5216 παρακαλῶ,
1973 5140 2094 5219 ὲνῇ
2149 5147 2247 5207 τὰς
2302 5147 2524 5209 ἐλπίδας
2580 5146 2775 5214 ἔχομεν
2820 5144 2920 5214 τῆς
2977 5142 3286 5213 σωτηρίας·
3348 5142 3441 5193 καί
3472 5142 3556 5210 χρὴ

326 5239 503 5293 πάντα
536 5240 756 5311 κινῆσαι
788 5240 973 5311 πόρον,
1003 5242 1145 5295 ὥστε
1173 5238 1337 5311 μηδὲν
1374 5238 1511 5309 αὐτῇ
1542 5236 1694 5291 νόθον
1755 5238 2169 5309 ἐπεισαχθῆναι,
2203 5238 2337 5311 μηδὲ
2398 5239 2496 5309 τὴν
2532 5236 2894 5306 ἀποστολικὴν
2951 5235 3373 5307 παραφθαρῆναι
3442 5235 3559 5288 διόα·

327 5335 573 5391 σκαλίαν.
604 5337 790 5391 Ταῦτα
837 5336 948 5406 ἐγὼ
989 5337 1081 5392 καὶ
1120 5335 1401 5410 πόρρωθεν
1451 5333 1547 5399 ὢν,
1593 5334 1794 5388 στένων
1827 5336 1918 5388 καὶ
1959 5334 2175 5406 θρηνῶν
2204 5334 2423 5404 γράφω,
2455 5332 2668 5387 καὶτὸν
2710 5332 2886 5387 κοινὸν
2917 5330 3195 5402 Δεσπότην
3244 5327 3560 5383 ἀντιϐολῶτὸ

326 5428 553 5495 στυγνὸν
603 5430 759 5483 τοῦτο
814 5430 1064 5485 διαλῦσαι
1118 5431 1298 5501 νέφος,
1349 5431 1442 5483 καὶ
1496 5428 1742 5500 καθαρὰν
1774 5430 1904 5500 ἡμῖν
1944 5430 2160 5499 αἰθρίαν
2183 5429 2530 5500 χαρίσασθαι.

550 5522 735 5578 CXIII.
766 5554 836 5565 ο-
866 5526 980 5596 (72)
1018 5527 1177 5580 Leoni
1213 5528 1448 5598 episcopo
1473 5523 1669 5579 Roman

398 5612 456 5667 Si
484 5613 706 5676 Paulus,
748 5631 929 5684 praeco
964 5620 1229 5678 veritatis.
1271 5618 1401 5673 tuba
1435 5618 1672 5689 Spiritus
1706 5621 1899 5685 sancti,

2151 5527 2215 5579 PI
2246 5527 2282 5578 Γ
2284 5533 2317 5579 ’.
2344 5557 2414 5566 ——
2453 5524 2660 5579 Λέοντι
2700 5525 3011 5589 ἑπισκόπῳ
3058 5523 3283 5593 Ῥώμης
3308 5523 3445 5595 (72).

2084 5618 2143 5672 Ei
2180 5617 2387 5677 Παῦλος
2412 5659 2425 5678 ,
2463 5618 2561 5685 τῆς
2614 5617 2873 5685 ἀληθείας
2905 5620 2935 5671 6
2974 5616 3168 5689 κήρυξ,
3217 5619 3249 5684 ὴ
3302 5615 3397 5669 τοῦ
3430 5614 3555 5682 ἁγίου

400 5727 509 5799 σε)
544 5727 753 5798 Stepius
792 5732 936 5785 edita
972 5732 1084 5789 haec
1128 5744 1207 5789 est
1265 5736 1495 5804 epistola
1536 5751 1657 5790 eum
1707 5735 1902 5791 Leonis
1949 5736 2324 5805 responsione,
2358 5734 2540 5789 Graece
2574 5733 2794 5803 quidem
2841 5742 2980 5787 inter
3047 5732 3219 5803 Opera
3288 5731 3475 5786 Leonis
3500 5726 3553 5782 ll;
