  <div class='ocr_page' id='page_1' title='image "/cluster/home/n/w/nwhite01/storage/ocr_20150623/83/hvd.32044073502072/662.png"; bbox 0 0 3924 6192; ppageno 0'>
   <div class='ocr_carea' id='block_1_1' title="bbox 295 247 430 313">
    <p class='ocr_par' dir='ltr' id='par_1_1' title="bbox 295 247 430 313">
     <span class='ocr_line' id='line_1_1' title="bbox 295 247 430 313; baseline 0.007 -1"><span class='ocrx_word' id='word_1_1' title='bbox 295 247 430 313; x_wconf 77' lang='grc'><strong>1313</strong></span> 
     </span>
    </p>
   </div>
   <div class='ocr_carea' id='block_1_2' title="bbox 1590 244 2230 306">
    <p class='ocr_par' dir='ltr' id='par_1_2' title="bbox 1590 244 2230 306">
     <span class='ocr_line' id='line_1_2' title="bbox 1590 244 2230 306; baseline -0.002 0"><span class='ocrx_word' id='word_1_2' title='bbox 1590 245 1949 306; x_wconf 67' lang='lat' dir='ltr'><strong>EPISTULA</strong></span> <span class='ocrx_word' id='word_1_3' title='bbox 2015 244 2230 305; x_wconf 69' lang='lat' dir='ltr'><strong>CXIII.</strong></span> 
     </span>
    </p>
   </div>
   <div class='ocr_carea' id='block_1_3' title="bbox 3404 247 3538 312">
    <p class='ocr_par' dir='ltr' id='par_1_3' title="bbox 3404 247 3538 312">
     <span class='ocr_line' id='line_1_3' title="bbox 3404 247 3538 312; baseline 0.007 -1"><span class='ocrx_word' id='word_1_4' title='bbox 3404 247 3538 312; x_wconf 70' lang='lat' dir='ltr'><strong>13H</strong></span> 
     </span>
    </p>
   </div>
   <div class='ocr_carea' id='block_1_4' title="bbox 292 341 1870 428">
    <p class='ocr_par' dir='ltr' id='par_1_4' title="bbox 292 341 1862 428">
     <span class='ocr_line' id='line_1_4' title="bbox 292 341 1862 428; baseline -0.004 -18"><span class='ocrx_word' id='word_1_5' title='bbox 292 354 612 428; x_wconf 85' lang='grc' dir='ltr'>Πνεὺματος</span> <span class='ocrx_word' id='word_1_6' title='bbox 640 347 896 426; x_wconf 72' lang='grc' dir='ltr'>σάλπιγξ,</span> <span class='ocrx_word' id='word_1_7' title='bbox 920 357 1057 428; x_wconf 73' lang='grc' dir='ltr'>πρὸς</span> <span class='ocrx_word' id='word_1_8' title='bbox 1084 355 1174 408; x_wconf 71' lang='grc' dir='ltr'><strong>τὸν</strong></span> <span class='ocrx_word' id='word_1_9' title='bbox 1201 341 1372 425; x_wconf 80' lang='grc' dir='ltr'>μέγαν</span> <span class='ocrx_word' id='word_1_10' title='bbox 1401 353 1602 426; x_wconf 79' lang='grc' dir='ltr'>ἔδραμε</span> <span class='ocrx_word' id='word_1_11' title='bbox 1635 354 1862 422; x_wconf 76' lang='grc' dir='ltr'>Πέτρον,</span> 
     </span>
    </p>
   </div>
   <div class='ocr_carea' id='block_1_5' title="bbox 1971 341 3542 428">
    <p class='ocr_par' dir='ltr' id='par_1_5' title="bbox 1971 352 3542 428">
     <span class='ocr_line' id='line_1_5' title="bbox 1971 352 3542 428; baseline 0.008 -24"><span class='ocrx_word' id='word_1_12' title='bbox 1971 352 2034 405; x_wconf 87' lang='lat' dir='ltr'><strong>ad</strong></span> <span class='ocrx_word' id='word_1_13' title='bbox 2059 359 2312 422; x_wconf 84' lang='lat' dir='ltr'><strong>magnum</strong></span> <span class='ocrx_word' id='word_1_14' title='bbox 2329 353 2547 407; x_wconf 78' lang='lat' dir='ltr'><strong>Petrum</strong></span> <span class='ocrx_word' id='word_1_15' title='bbox 2567 370 2622 409; x_wconf 87' lang='lat' dir='ltr'><strong>se</strong></span> <span class='ocrx_word' id='word_1_16' title='bbox 2649 355 2900 416; x_wconf 83' lang='lat' dir='ltr'><strong>contulit.</strong></span> <span class='ocrx_word' id='word_1_17' title='bbox 2923 366 2982 411; x_wconf 88' lang='lat' dir='ltr'><strong>ut</strong></span> <span class='ocrx_word' id='word_1_18' title='bbox 3006 357 3090 422; x_wconf 85' lang='lat' dir='ltr'><strong>iis,</strong></span> <span class='ocrx_word' id='word_1_19' title='bbox 3115 360 3207 428; x_wconf 90' lang='lat' dir='ltr'><strong>qui</strong></span> <span class='ocrx_word' id='word_1_20' title='bbox 3235 360 3542 417; x_wconf 69' lang='lat' dir='ltr'><strong>Antiochia:</strong></span> 
     </span>
    </p>
   </div>
   <div class='ocr_carea' id='block_1_6' title="bbox 293 442 1867 519">
    <p class='ocr_par' dir='ltr' id='par_1_6' title="bbox 293 442 1867 519">
     <span class='ocr_line' id='line_1_6' title="bbox 293 442 1867 519; baseline -0.004 -19"><span class='ocrx_word' id='word_1_21' title='bbox 293 447 435 502; x_wconf 82' lang='grc' dir='ltr'>ὥστε</span> <span class='ocrx_word' id='word_1_22' title='bbox 467 449 580 511; x_wconf 74' lang='grc' dir='ltr'>τοῖς</span> <span class='ocrx_word' id='word_1_23' title='bbox 617 449 674 500; x_wconf 83' lang='grc' dir='ltr'>ὲν</span> <span class='ocrx_word' id='word_1_24' title='bbox 725 447 1022 519; x_wconf 69' lang='grc' dir='ltr'>Ἀντιοχείᾳ</span> <span class='ocrx_word' id='word_1_25' title='bbox 1063 448 1190 516; x_wconf 71' lang='grc' dir='ltr'>περὶ</span> <span class='ocrx_word' id='word_1_26' title='bbox 1224 445 1486 516; x_wconf 74' lang='grc' dir='ltr'>τῆς-κατά</span> <span class='ocrx_word' id='word_1_27' title='bbox 1516 443 1680 514; x_wconf 80' lang='grc' dir='ltr'>νόμον</span> <span class='ocrx_word' id='word_1_28' title='bbox 1716 442 1867 495; x_wconf 82' lang='grc' dir='ltr'>πολι-</span> 
     </span>
    </p>
   </div>
   <div class='ocr_carea' id='block_1_7' title="bbox 294 533 1867 610">
    <p class='ocr_par' dir='ltr' id='par_1_7' title="bbox 294 533 1867 610">
     <span class='ocr_line' id='line_1_7' title="bbox 294 533 1867 610; baseline -0.003 -20"><span class='ocrx_word' id='word_1_29' title='bbox 294 536 446 601; x_wconf 77' lang='grc' dir='ltr'>τείας</span> <span class='ocrx_word' id='word_1_30' title='bbox 483 537 886 608; x_wconf 69' lang='grc' dir='ltr'>ἀμφισϐητοῦσι</span> <span class='ocrx_word' id='word_1_31' title='bbox 918 539 1048 610; x_wconf 74' lang='grc' dir='ltr'>παρ’</span> <span class='ocrx_word' id='word_1_32' title='bbox 1083 537 1248 591; x_wconf 80' lang='grc' dir='ltr'>αὑτοῦ</span> <span class='ocrx_word' id='word_1_33' title='bbox 1279 537 1504 608; x_wconf 79' lang='grc' dir='ltr'>κομίσαι</span> <span class='ocrx_word' id='word_1_34' title='bbox 1547 535 1646 604; x_wconf 75' lang='grc' dir='ltr'><strong>τὴν</strong></span> <span class='ocrx_word' id='word_1_35' title='bbox 1692 533 1867 597; x_wconf 85' lang='grc' dir='ltr'>λύσιν,</span> 
     </span>
    </p>
   </div>
   <div class='ocr_carea' id='block_1_8' title="bbox 295 625 1868 700">
    <p class='ocr_par' dir='ltr' id='par_1_8' title="bbox 295 625 1868 700">
     <span class='ocr_line' id='line_1_8' title="bbox 295 625 1868 700; baseline -0.003 -18"><span class='ocrx_word' id='word_1_36' title='bbox 295 628 476 699; x_wconf 76' lang='grc' dir='ltr'>πολλῷ</span> <span class='ocrx_word' id='word_1_37' title='bbox 510 628 708 696; x_wconf 79' lang='grc' dir='ltr'>μᾶλλον</span> <span class='ocrx_word' id='word_1_38' title='bbox 743 631 920 700; x_wconf 83' lang='grc' dir='ltr'>ἡμεῖς’</span> <span class='ocrx_word' id='word_1_39' title='bbox 948 631 999 682; x_wconf 81' lang='grc' dir='ltr'>οἱ</span> <span class='ocrx_word' id='word_1_40' title='bbox 1029 629 1266 694; x_wconf 72' lang='grc' dir='ltr'><strong>εὐτελεῖς</strong></span> <span class='ocrx_word' id='word_1_41' title='bbox 1316 629 1410 683; x_wconf 68' lang='grc' dir='ltr'>καὶ</span> <span class='ocrx_word' id='word_1_42' title='bbox 1444 628 1686 700; x_wconf 76' lang='grc' dir='ltr'>σμικροὶ,</span> <span class='ocrx_word' id='word_1_43' title='bbox 1733 625 1868 695; x_wconf 74' lang='grc' dir='ltr'>πρὸς</span> 
     </span>
    </p>
   </div>
   <div class='ocr_carea' id='block_1_9' title="bbox 295 719 1871 793">
    <p class='ocr_par' dir='ltr' id='par_1_9' title="bbox 295 719 1871 793">
     <span class='ocr_line' id='line_1_9' title="bbox 295 719 1871 793; baseline -0.004 -15"><span class='ocrx_word' id='word_1_44' title='bbox 295 723 388 778; x_wconf 81' lang='grc' dir='ltr'>τὸν</span> <span class='ocrx_word' id='word_1_45' title='bbox 421 721 776 775; x_wconf 77' lang='grc' dir='ltr'>ἀποστολικὸν</span> <span class='ocrx_word' id='word_1_46' title='bbox 807 721 963 792; x_wconf 88' lang='grc' dir='ltr'>ὑμῶν</span> <span class='ocrx_word' id='word_1_47' title='bbox 983 722 1250 793; x_wconf 86' lang='grc' dir='ltr'>τρέχομεν</span> <span class='ocrx_word' id='word_1_48' title='bbox 1283 721 1503 793; x_wconf 84' lang='grc' dir='ltr'>θρόνον,</span> <span class='ocrx_word' id='word_1_49' title='bbox 1551 719 1692 773; x_wconf 76' lang='grc' dir='ltr'>ὥστε</span> <span class='ocrx_word' id='word_1_50' title='bbox 1741 719 1871 789; x_wconf 85' lang='grc' dir='ltr'>παρ’</span> 
     </span>
    </p>
   </div>
   <div class='ocr_carea' id='block_1_10' title="bbox 296 811 1868 885">
    <p class='ocr_par' dir='ltr' id='par_1_10' title="bbox 296 811 1868 885">
     <span class='ocr_line' id='line_1_10' title="bbox 296 811 1868 885; baseline -0.003 -17"><span class='ocrx_word' id='word_1_51' title='bbox 296 813 446 885; x_wconf 84' lang='grc' dir='ltr'>ὑμῶν</span> <span class='ocrx_word' id='word_1_52' title='bbox 473 813 660 866; x_wconf 88' lang='grc' dir='ltr'>λαϐεῖν</span> <span class='ocrx_word' id='word_1_53' title='bbox 689 815 801 876; x_wconf 81' lang='grc' dir='ltr'>τοῖς</span> <span class='ocrx_word' id='word_1_54' title='bbox 825 813 934 866; x_wconf 84' lang='grc' dir='ltr'><strong>τῶν</strong></span> <span class='ocrx_word' id='word_1_55' title='bbox 973 814 1310 884; x_wconf 81' lang='grc' dir='ltr'>Ἐκκλησιῶν</span> <span class='ocrx_word' id='word_1_56' title='bbox 1333 813 1518 867; x_wconf 72' lang='grc' dir='ltr'>ἕλκεσι</span> <span class='ocrx_word' id='word_1_57' title='bbox 1549 811 1868 883; x_wconf 73' lang='grc' dir='ltr'><strong>θεραπείαν.</strong></span> 
     </span>
    </p>
   </div>
   <div class='ocr_carea' id='block_1_11' title="bbox 295 902 1872 976">
    <p class='ocr_par' dir='ltr' id='par_1_11' title="bbox 295 902 1872 976">
     <span class='ocr_line' id='line_1_11' title="bbox 295 902 1872 976; baseline -0.003 -18"><span class='ocrx_word' id='word_1_58' title='bbox 295 905 394 958; x_wconf 82' lang='grc' dir='ltr'><strong>Διὰ</strong></span> <span class='ocrx_word' id='word_1_59' title='bbox 418 905 597 958; x_wconf 77' lang='grc' dir='ltr'>πάντα</span> <span class='ocrx_word' id='word_1_60' title='bbox 615 903 726 975; x_wconf 84' lang='grc' dir='ltr'><strong>γάρ</strong></span> <span class='ocrx_word' id='word_1_61' title='bbox 757 905 885 974; x_wconf 83' lang='grc' dir='ltr'>ὑμῖν</span> <span class='ocrx_word' id='word_1_62' title='bbox 906 903 967 958; x_wconf 82' lang='grc' dir='ltr'><strong>τὸ</strong></span> <span class='ocrx_word' id='word_1_63' title='bbox 997 904 1298 976; x_wconf 79' lang='grc' dir='ltr'><strong>πρωτεύειν</strong></span> <span class='ocrx_word' id='word_1_64' title='bbox 1333 905 1612 975; x_wconf 87' lang='grc' dir='ltr'>ἀρμόττει.</span> <span class='ocrx_word' id='word_1_65' title='bbox 1651 902 1872 965; x_wconf 77' lang='grc' dir='ltr'><strong>Πολλοῖς</strong></span> 
     </span>
    </p>
   </div>
   <div class='ocr_carea' id='block_1_12' title="bbox 295 995 1867 1070">
    <p class='ocr_par' dir='ltr' id='par_1_12' title="bbox 295 995 1867 1070">
     <span class='ocr_line' id='line_1_12' title="bbox 295 995 1867 1070; baseline -0.004 -19"><span class='ocrx_word' id='word_1_66' title='bbox 295 998 402 1070; x_wconf 77' lang='grc' dir='ltr'>γὰρ</span> <span class='ocrx_word' id='word_1_67' title='bbox 439 1001 469 1053; x_wconf 97' lang='lat'><strong>6</strong></span> <span class='ocrx_word' id='word_1_68' title='bbox 517 996 782 1068; x_wconf 81' lang='grc' dir='ltr'>ὑμέτερος</span> <span class='ocrx_word' id='word_1_69' title='bbox 839 995 1028 1066; x_wconf 81' lang='grc' dir='ltr'>θρόνος</span> <span class='ocrx_word' id='word_1_70' title='bbox 1083 999 1369 1066; x_wconf 81' lang='grc' dir='ltr'>κοσμεῖται</span> <span class='ocrx_word' id='word_1_71' title='bbox 1418 995 1867 1064; x_wconf 74' lang='grc' dir='ltr'><strong>πλεονεκτήμασι.</strong></span> 
     </span>
    </p>
   </div>
   <div class='ocr_carea' id='block_1_13' title="bbox 295 1083 1868 1161">
    <p class='ocr_par' dir='ltr' id='par_1_13' title="bbox 295 1083 1868 1161">
     <span class='ocr_line' id='line_1_13' title="bbox 295 1083 1868 1161; baseline 0 -22"><span class='ocrx_word' id='word_1_72' title='bbox 295 1090 406 1152; x_wconf 79' lang='grc' dir='ltr'>Τὰς</span> <span class='ocrx_word' id='word_1_73' title='bbox 437 1090 536 1161; x_wconf 80' lang='grc' dir='ltr'>μὲν</span> <span class='ocrx_word' id='word_1_74' title='bbox 573 1089 684 1158; x_wconf 86' lang='grc' dir='ltr'>γὰρ</span> <span class='ocrx_word' id='word_1_75' title='bbox 733 1088 898 1152; x_wconf 73' lang='grc' dir='ltr'>ἄλλας</span> <span class='ocrx_word' id='word_1_76' title='bbox 937 1088 1120 1151; x_wconf 89' lang='grc' dir='ltr'>πόλεις</span> <span class='ocrx_word' id='word_1_77' title='bbox 1165 1089 1198 1160; x_wconf 87' lang='grc' dir='ltr'>ἢ</span> <span class='ocrx_word' id='word_1_78' title='bbox 1235 1087 1488 1158; x_wconf 87' lang='grc' dir='ltr'>μέγεθος,</span> <span class='ocrx_word' id='word_1_79' title='bbox 1526 1087 1558 1156; x_wconf 82' lang='grc' dir='ltr'><strong>ἢ</strong></span> <span class='ocrx_word' id='word_1_80' title='bbox 1588 1086 1799 1148; x_wconf 83' lang='grc' dir='ltr'>κάλλος,</span> <span class='ocrx_word' id='word_1_81' title='bbox 1835 1083 1868 1154; x_wconf 83' lang='grc' dir='ltr'><strong>ἦ</strong></span> 
     </span>
    </p>
   </div>
   <div class='ocr_carea' id='block_1_14' title="bbox 296 1176 1872 1250">
    <p class='ocr_par' dir='ltr' id='par_1_14' title="bbox 296 1176 1872 1250">
     <span class='ocr_line' id='line_1_14' title="bbox 296 1176 1872 1250; baseline -0.004 -16"><span class='ocrx_word' id='word_1_82' title='bbox 296 1181 499 1250; x_wconf 76' lang='grc' dir='ltr'>πλῆθος</span> <span class='ocrx_word' id='word_1_83' title='bbox 527 1181 637 1234; x_wconf 81' lang='grc' dir='ltr'><strong>τῶν</strong></span> <span class='ocrx_word' id='word_1_84' title='bbox 658 1180 961 1250; x_wconf 79' lang='grc' dir='ltr'><strong>οἰκητόρων</strong></span> <span class='ocrx_word' id='word_1_85' title='bbox 983 1182 1180 1250; x_wconf 85' lang='grc' dir='ltr'>κοσμεῖ</span> <span class='ocrx_word' id='word_1_86' title='bbox 1201 1196 1216 1210; x_wconf 89' lang='grc'><strong>·</strong></span> <span class='ocrx_word' id='word_1_87' title='bbox 1245 1179 1394 1241; x_wconf 81' lang='grc' dir='ltr'>ἐνίας</span> <span class='ocrx_word' id='word_1_88' title='bbox 1411 1177 1468 1231; x_wconf 83' lang='grc' dir='ltr'>δὲ</span> <span class='ocrx_word' id='word_1_89' title='bbox 1495 1176 1698 1231; x_wconf 88' lang='grc' dir='ltr'>τούτων</span> <span class='ocrx_word' id='word_1_90' title='bbox 1721 1177 1872 1229; x_wconf 77' lang='grc' dir='ltr'>ἐστε-</span> 
     </span>
    </p>
   </div>
   <div class='ocr_carea' id='block_1_15' title="bbox 299 1268 1876 1345">
    <p class='ocr_par' dir='ltr' id='par_1_15' title="bbox 299 1268 1876 1345">
     <span class='ocr_line' id='line_1_15' title="bbox 299 1268 1876 1345; baseline -0.014 -4"><span class='ocrx_word' id='word_1_91' title='bbox 299 1272 539 1345; x_wconf 80' lang='grc' dir='ltr'>ρημένας</span> <span class='ocrx_word' id='word_1_92' title='bbox 575 1275 688 1342; x_wconf 84' lang='lat'><strong>(75)</strong></span> <span class='ocrx_word' id='word_1_93' title='bbox 727 1271 1077 1342; x_wconf 83' lang='grc' dir='ltr'>πνευματικά</span> <span class='ocrx_word' id='word_1_94' title='bbox 1106 1287 1226 1324; x_wconf 88' lang='grc' dir='ltr'>τινα</span> <span class='ocrx_word' id='word_1_95' title='bbox 1259 1269 1568 1340; x_wconf 79' lang='grc' dir='ltr'>λαμπρύνει</span> <span class='ocrx_word' id='word_1_96' title='bbox 1599 1268 1876 1340; x_wconf 82' lang='grc' dir='ltr'>χαρίσμαέ</span> 
     </span>
    </p>
   </div>
   <div class='ocr_carea' id='block_1_16' title="bbox 293 1361 1873 1436">
    <p class='ocr_par' dir='ltr' id='par_1_16' title="bbox 293 1361 1873 1436">
     <span class='ocr_line' id='line_1_16' title="bbox 293 1361 1873 1436; baseline -0.003 -18"><span class='ocrx_word' id='word_1_97' title='bbox 293 1383 362 1420; x_wconf 86' lang='grc' dir='ltr'><strong>τα</strong></span> <span class='ocrx_word' id='word_1_98' title='bbox 381 1382 396 1396; x_wconf 86' lang='grc'><strong>·</strong></span> <span class='ocrx_word' id='word_1_99' title='bbox 427 1369 492 1436; x_wconf 82' lang='grc' dir='ltr'>τῇ</span> <span class='ocrx_word' id='word_1_100' title='bbox 515 1365 570 1419; x_wconf 83' lang='grc' dir='ltr'>δὲ</span> <span class='ocrx_word' id='word_1_101' title='bbox 593 1364 836 1436; x_wconf 81' lang='grc' dir='ltr'>ὑμετέρᾳ</span> <span class='ocrx_word' id='word_1_102' title='bbox 863 1365 1036 1434; x_wconf 80' lang='grc' dir='ltr'>φορὰν</span> <span class='ocrx_word' id='word_1_103' title='bbox 1063 1363 1262 1418; x_wconf 76' lang='grc' dir='ltr'>ἔδωκεν</span> <span class='ocrx_word' id='word_1_104' title='bbox 1291 1362 1509 1432; x_wconf 84' lang='grc' dir='ltr'>ἀγαθῶν</span> <span class='ocrx_word' id='word_1_105' title='bbox 1528 1363 1557 1414; x_wconf 90' lang='lat'><strong>6</strong></span> <span class='ocrx_word' id='word_1_106' title='bbox 1593 1361 1703 1416; x_wconf 86' lang='grc' dir='ltr'><strong>τῶν</strong></span> <span class='ocrx_word' id='word_1_107' title='bbox 1735 1363 1873 1429; x_wconf 78' lang='grc' dir='ltr'>ἀγαο</span> 
     </span>
    </p>
   </div>
   <div class='ocr_carea' id='block_1_17' title="bbox 295 1453 1876 1528">
    <p class='ocr_par' dir='ltr' id='par_1_17' title="bbox 295 1453 1876 1528">
     <span class='ocr_line' id='line_1_17' title="bbox 295 1453 1876 1528; baseline -0.002 -19"><span class='ocrx_word' id='word_1_108' title='bbox 295 1457 402 1509; x_wconf 85' lang='grc' dir='ltr'><strong>θῶν</strong></span> <span class='ocrx_word' id='word_1_109' title='bbox 433 1455 686 1528; x_wconf 89' lang='grc' dir='ltr'>χορηγός.</span> <span class='ocrx_word' id='word_1_110' title='bbox 719 1456 784 1509; x_wconf 84' lang='grc' dir='ltr'><strong>Ἦ</strong></span> <span class='ocrx_word' id='word_1_111' title='bbox 814 1455 922 1526; x_wconf 86' lang='grc' dir='ltr'>γὰρ</span> <span class='ocrx_word' id='word_1_112' title='bbox 939 1455 1077 1524; x_wconf 79' lang='grc' dir='ltr'>αὑτὴ</span> <span class='ocrx_word' id='word_1_113' title='bbox 1109 1455 1298 1508; x_wconf 86' lang='grc' dir='ltr'>πασῶν</span> <span class='ocrx_word' id='word_1_114' title='bbox 1331 1453 1582 1526; x_wconf 83' lang='grc' dir='ltr'>μεγίστη,</span> <span class='ocrx_word' id='word_1_115' title='bbox 1619 1453 1716 1506; x_wconf 68' lang='grc' dir='ltr'>καὶ</span> <span class='ocrx_word' id='word_1_116' title='bbox 1735 1453 1876 1522; x_wconf 79' lang='grc' dir='ltr'>λαμ·</span> 
     </span>
    </p>
   </div>
   <div class='ocr_carea' id='block_1_18' title="bbox 295 1542 1874 1620">
    <p class='ocr_par' dir='ltr' id='par_1_18' title="bbox 295 1542 1874 1620">
     <span class='ocr_line' id='line_1_18' title="bbox 295 1542 1874 1620; baseline -0.003 -20"><span class='ocrx_word' id='word_1_117' title='bbox 295 1548 560 1620; x_wconf 86' lang='grc' dir='ltr'>προτάτη,</span> <span class='ocrx_word' id='word_1_118' title='bbox 594 1547 688 1601; x_wconf 74' lang='grc' dir='ltr'><strong>καὶ</strong></span> <span class='ocrx_word' id='word_1_119' title='bbox 717 1549 817 1619; x_wconf 81' lang='grc' dir='ltr'>τῆς</span> <span class='ocrx_word' id='word_1_120' title='bbox 849 1547 1175 1618; x_wconf 78' lang='grc' dir='ltr'>οἰκουμένης</span> <span class='ocrx_word' id='word_1_121' title='bbox 1205 1545 1620 1618; x_wconf 84' lang='grc' dir='ltr'>προκαθημένη,</span> <span class='ocrx_word' id='word_1_122' title='bbox 1673 1544 1768 1598; x_wconf 69' lang='grc' dir='ltr'><strong>καὶ</strong></span> <span class='ocrx_word' id='word_1_123' title='bbox 1795 1542 1874 1613; x_wconf 79' lang='grc' dir='ltr'>τῷ</span> 
     </span>
    </p>
   </div>
   <div class='ocr_carea' id='block_1_19' title="bbox 295 1622 1870 1712">
    <p class='ocr_par' dir='ltr' id='par_1_19' title="bbox 295 1622 1870 1712">
     <span class='ocr_line' id='line_1_19' title="bbox 295 1622 1870 1712; baseline -0.003 -20"><span class='ocrx_word' id='word_1_124' title='bbox 295 1639 489 1712; x_wconf 83' lang='grc' dir='ltr'>πλήθει</span> <span class='ocrx_word' id='word_1_125' title='bbox 517 1639 628 1693; x_wconf 79' lang='grc' dir='ltr'><strong>τῶν</strong></span> <span class='ocrx_word' id='word_1_126' title='bbox 658 1622 959 1710; x_wconf 75' lang='grc' dir='ltr'>οἰκητόρων</span> <span class='ocrx_word' id='word_1_127' title='bbox 985 1639 1350 1710; x_wconf 85' lang='grc' dir='ltr'>κυμαίνουσα.</span> <span class='ocrx_word' id='word_1_128' title='bbox 1393 1638 1535 1707; x_wconf 82' lang='grc' dir='ltr'>Πρὸς</span> <span class='ocrx_word' id='word_1_129' title='bbox 1560 1637 1617 1690; x_wconf 78' lang='grc' dir='ltr'><strong>δὲ</strong></span> <span class='ocrx_word' id='word_1_130' title='bbox 1640 1635 1870 1698; x_wconf 87' lang='grc' dir='ltr'>τούτοις.</span> 
     </span>
    </p>
   </div>
   <div class='ocr_carea' id='block_1_20' title="bbox 1969 441 3540 518">
    <p class='ocr_par' dir='ltr' id='par_1_20' title="bbox 1969 441 3540 518">
     <span class='ocr_line' id='line_1_20' title="bbox 1969 441 3540 518; baseline 0.008 -24"><span class='ocrx_word' id='word_1_131' title='bbox 1969 441 2036 495; x_wconf 86' lang='lat' dir='ltr'><strong>de</strong></span> <span class='ocrx_word' id='word_1_132' title='bbox 2065 442 2224 512; x_wconf 84' lang='lat' dir='ltr'><strong>legali</strong></span> <span class='ocrx_word' id='word_1_133' title='bbox 2260 443 2674 499; x_wconf 89' lang='lat' dir='ltr'><strong>conversatione</strong></span> <span class='ocrx_word' id='word_1_134' title='bbox 2707 447 3074 516; x_wconf 72' lang='lat' dir='ltr'><strong>ambigebant.</strong></span> <span class='ocrx_word' id='word_1_135' title='bbox 3123 448 3540 518; x_wconf 68' lang='lat' dir='ltr'><strong>explicationem</strong></span> 
     </span>
    </p>
   </div>
   <div class='ocr_carea' id='block_1_21' title="bbox 1969 535 3542 612">
    <p class='ocr_par' dir='ltr' id='par_1_21' title="bbox 1969 535 3542 612">
     <span class='ocr_line' id='line_1_21' title="bbox 1969 535 3542 612; baseline 0.006 -24"><span class='ocrx_word' id='word_1_136' title='bbox 1969 535 2037 588; x_wconf 91' lang='lat' dir='ltr'><strong>ab</strong></span> <span class='ocrx_word' id='word_1_137' title='bbox 2069 535 2161 589; x_wconf 92' lang='lat' dir='ltr'><strong>illo</strong></span> <span class='ocrx_word' id='word_1_138' title='bbox 2192 535 2446 598; x_wconf 79' lang='lat' dir='ltr'><strong>referret,</strong></span> <span class='ocrx_word' id='word_1_139' title='bbox 2472 537 2644 592; x_wconf 89' lang='lat' dir='ltr'><strong>multo</strong></span> <span class='ocrx_word' id='word_1_140' title='bbox 2677 539 2848 608; x_wconf 81' lang='lat' dir='ltr'><strong>magis</strong></span> <span class='ocrx_word' id='word_1_141' title='bbox 2875 555 2974 594; x_wconf 89' lang='lat' dir='ltr'><strong>nos</strong></span> <span class='ocrx_word' id='word_1_142' title='bbox 3010 540 3245 595; x_wconf 89' lang='lat' dir='ltr'><strong>humiles</strong></span> <span class='ocrx_word' id='word_1_143' title='bbox 3269 551 3325 595; x_wconf 90' lang='lat' dir='ltr'><strong>et</strong></span> <span class='ocrx_word' id='word_1_144' title='bbox 3358 545 3542 612; x_wconf 82' lang='lat' dir='ltr'><strong>pusilli</strong></span> 
     </span>
    </p>
   </div>
   <div class='ocr_carea' id='block_1_22' title="bbox 1969 625 3544 694">
    <p class='ocr_par' dir='ltr' id='par_1_22' title="bbox 1969 625 3544 694">
     <span class='ocr_line' id='line_1_22' title="bbox 1969 625 3544 694; baseline 0.004 -14"><span class='ocrx_word' id='word_1_145' title='bbox 1969 625 2035 680; x_wconf 92' lang='lat' dir='ltr'><strong>ad</strong></span> <span class='ocrx_word' id='word_1_146' title='bbox 2062 626 2415 694; x_wconf 83' lang='lat' dir='ltr'><strong>apostolicam</strong></span> <span class='ocrx_word' id='word_1_147' title='bbox 2439 627 2622 682; x_wconf 89' lang='lat' dir='ltr'><strong>sedem</strong></span> <span class='ocrx_word' id='word_1_148' title='bbox 2640 639 2876 682; x_wconf 75' lang='lat' dir='ltr'><strong>vestram</strong></span> <span class='ocrx_word' id='word_1_149' title='bbox 2893 631 3252 694; x_wconf 89' lang='lat' dir='ltr'><strong>accurrimus,</strong></span> <span class='ocrx_word' id='word_1_150' title='bbox 3271 642 3330 686; x_wconf 88' lang='lat' dir='ltr'><strong>ut</strong></span> <span class='ocrx_word' id='word_1_151' title='bbox 3353 633 3544 688; x_wconf 88' lang='lat' dir='ltr'><strong>Eccle-</strong></span> 
     </span>
    </p>
   </div>
   <div class='ocr_carea' id='block_1_23' title="bbox 1973 715 3542 791">
    <p class='ocr_par' dir='ltr' id='par_1_23' title="bbox 1973 715 3542 791">
     <span class='ocr_line' id='line_1_23' title="bbox 1973 715 3542 791; baseline 0.004 -22"><span class='ocrx_word' id='word_1_152' title='bbox 1973 715 2179 769; x_wconf 89' lang='lat' dir='ltr'><strong>siarum</strong></span> <span class='ocrx_word' id='word_1_153' title='bbox 2225 715 2507 770; x_wconf 83' lang='lat' dir='ltr'><strong>ulceribus</strong></span> <span class='ocrx_word' id='word_1_154' title='bbox 2561 717 2866 772; x_wconf 83' lang='lat' dir='ltr'><strong>remedium</strong></span> <span class='ocrx_word' id='word_1_155' title='bbox 2911 735 2940 773; x_wconf 88' lang='lat' dir='ltr'><strong>a</strong></span> <span class='ocrx_word' id='word_1_156' title='bbox 2991 720 3145 774; x_wconf 83' lang='lat' dir='ltr'><strong>vobis</strong></span> <span class='ocrx_word' id='word_1_157' title='bbox 3185 721 3542 791; x_wconf 84' lang='lat' dir='ltr'><strong>accipiamus.</strong></span> 
     </span>
    </p>
   </div>
   <div class='ocr_carea' id='block_1_24' title="bbox 1971 805 3544 876">
    <p class='ocr_par' dir='ltr' id='par_1_24' title="bbox 1971 805 3544 876">
     <span class='ocr_line' id='line_1_24' title="bbox 1971 805 3544 876; baseline 0.004 -16"><span class='ocrx_word' id='word_1_158' title='bbox 1971 805 2139 860; x_wconf 75' lang='lat' dir='ltr'><strong>Vobis</strong></span> <span class='ocrx_word' id='word_1_159' title='bbox 2185 807 2336 860; x_wconf 88' lang='lat' dir='ltr'><strong>enim</strong></span> <span class='ocrx_word' id='word_1_160' title='bbox 2377 807 2582 876; x_wconf 84' lang='lat' dir='ltr'><strong>primas</strong></span> <span class='ocrx_word' id='word_1_161' title='bbox 2628 807 2682 862; x_wconf 94' lang='lat' dir='ltr'><strong>in</strong></span> <span class='ocrx_word' id='word_1_162' title='bbox 2720 809 2978 863; x_wconf 88' lang='lat' dir='ltr'><strong>omnibus</strong></span> <span class='ocrx_word' id='word_1_163' title='bbox 3030 819 3217 864; x_wconf 89' lang='lat' dir='ltr'><strong>tenere</strong></span> <span class='ocrx_word' id='word_1_164' title='bbox 3264 812 3544 867; x_wconf 73' lang='lat' dir='ltr'><strong>convenit.</strong></span> 
     </span>
    </p>
   </div>
   <div class='ocr_carea' id='block_1_25' title="bbox 1971 895 3542 968">
    <p class='ocr_par' dir='ltr' id='par_1_25' title="bbox 1971 895 3542 968">
     <span class='ocr_line' id='line_1_25' title="bbox 1971 895 3542 968; baseline 0.005 -19"><span class='ocrx_word' id='word_1_165' title='bbox 1971 895 2152 950; x_wconf 89' lang='lat' dir='ltr'><strong>Multis</strong></span> <span class='ocrx_word' id='word_1_166' title='bbox 2190 895 2460 966; x_wconf 87' lang='lat' dir='ltr'><strong>siquidem</strong></span> <span class='ocrx_word' id='word_1_167' title='bbox 2492 899 2865 968; x_wconf 65' lang='lat' dir='ltr'><strong>prmrogativis</strong></span> <span class='ocrx_word' id='word_1_168' title='bbox 2897 909 3127 954; x_wconf 90' lang='lat' dir='ltr'><strong>ornatur</strong></span> <span class='ocrx_word' id='word_1_169' title='bbox 3154 901 3313 956; x_wconf 84' lang='lat' dir='ltr'><strong>sedes</strong></span> <span class='ocrx_word' id='word_1_170' title='bbox 3341 911 3542 957; x_wconf 85' lang='lat' dir='ltr'><strong>vestra.</strong></span> 
     </span>
    </p>
   </div>
   <div class='ocr_carea' id='block_1_26' title="bbox 1971 985 3549 1062">
    <p class='ocr_par' dir='ltr' id='par_1_26' title="bbox 1971 985 3549 1062">
     <span class='ocr_line' id='line_1_26' title="bbox 1971 985 3549 1062; baseline 0.004 -24"><span class='ocrx_word' id='word_1_171' title='bbox 1971 985 2184 1038; x_wconf 87' lang='lat' dir='ltr'><strong>Etenim</strong></span> <span class='ocrx_word' id='word_1_172' title='bbox 2207 986 2341 1041; x_wconf 89' lang='lat' dir='ltr'><strong>alias</strong></span> <span class='ocrx_word' id='word_1_173' title='bbox 2358 986 2525 1041; x_wconf 88' lang='lat' dir='ltr'><strong>urbes</strong></span> <span class='ocrx_word' id='word_1_174' title='bbox 2549 997 2709 1042; x_wconf 89' lang='lat' dir='ltr'><strong>ornat</strong></span> <span class='ocrx_word' id='word_1_175' title='bbox 2730 989 2816 1043; x_wconf 75' lang='lat' dir='ltr'><strong>vel</strong></span> <span class='ocrx_word' id='word_1_176' title='bbox 2834 990 3174 1060; x_wconf 77' lang='lat' dir='ltr'><strong>magnitudo,</strong></span> <span class='ocrx_word' id='word_1_177' title='bbox 3194 993 3278 1045; x_wconf 86' lang='lat' dir='ltr'><strong>vel</strong></span> <span class='ocrx_word' id='word_1_178' title='bbox 3305 992 3549 1062; x_wconf 75' lang='lat' dir='ltr'><strong>pulchri-</strong></span> 
     </span>
    </p>
   </div>
   <div class='ocr_carea' id='block_1_27' title="bbox 1971 1077 3543 1148">
    <p class='ocr_par' dir='ltr' id='par_1_27' title="bbox 1971 1077 3543 1148">
     <span class='ocr_line' id='line_1_27' title="bbox 1971 1077 3543 1148; baseline 0.004 -18"><span class='ocrx_word' id='word_1_179' title='bbox 1971 1077 2124 1144; x_wconf 88' lang='lat' dir='ltr'><strong>tudo,</strong></span> <span class='ocrx_word' id='word_1_180' title='bbox 2156 1079 2240 1132; x_wconf 93' lang='lat' dir='ltr'><strong>vcl</strong></span> <span class='ocrx_word' id='word_1_181' title='bbox 2263 1078 2631 1133; x_wconf 84' lang='lat' dir='ltr'><strong>habitatorum</strong></span> <span class='ocrx_word' id='word_1_182' title='bbox 2653 1079 2960 1148; x_wconf 79' lang='lat' dir='ltr'><strong>frequentia</strong></span> <span class='ocrx_word' id='word_1_183' title='bbox 2989 1099 3002 1134; x_wconf 89' lang='lat'><strong>:</strong></span> <span class='ocrx_word' id='word_1_184' title='bbox 3031 1083 3326 1136; x_wconf 86' lang='lat' dir='ltr'><strong>nonnullas</strong></span> <span class='ocrx_word' id='word_1_185' title='bbox 3357 1083 3543 1144; x_wconf 87' lang='lat' dir='ltr'><strong>etiam.</strong></span> 
     </span>
    </p>
   </div>
   <div class='ocr_carea' id='block_1_28' title="bbox 1971 1167 3546 1240">
    <p class='ocr_par' dir='ltr' id='par_1_28' title="bbox 1971 1167 3546 1240">
     <span class='ocr_line' id='line_1_28' title="bbox 1971 1167 3546 1240; baseline 0.005 -20"><span class='ocrx_word' id='word_1_186' title='bbox 1971 1183 2092 1236; x_wconf 63' lang='lat' dir='ltr'><strong>quae</strong></span> <span class='ocrx_word' id='word_1_187' title='bbox 2134 1167 2220 1222; x_wconf 88' lang='lat' dir='ltr'><strong>his</strong></span> <span class='ocrx_word' id='word_1_188' title='bbox 2268 1178 2479 1234; x_wconf 89' lang='lat' dir='ltr'><strong>carent,</strong></span> <span class='ocrx_word' id='word_1_189' title='bbox 2522 1174 2536 1188; x_wconf 87' lang='lat'><strong><em>‘</em></strong></span> <span class='ocrx_word' id='word_1_190' title='bbox 2579 1169 2884 1240; x_wconf 89' lang='lat' dir='ltr'><strong>spiritualia</strong></span> <span class='ocrx_word' id='word_1_191' title='bbox 2932 1173 3176 1240; x_wconf 64' lang='lat' dir='ltr'><strong>quaedam</strong></span> <span class='ocrx_word' id='word_1_192' title='bbox 3230 1173 3372 1228; x_wconf 90' lang='lat' dir='ltr'><strong>dona</strong></span> <span class='ocrx_word' id='word_1_193' title='bbox 3417 1174 3546 1228; x_wconf 86' lang='lat' dir='ltr'><strong>illu-</strong></span> 
     </span>
    </p>
   </div>
   <div class='ocr_carea' id='block_1_29' title="bbox 1970 1261 3546 1320">
    <p class='ocr_par' dir='ltr' id='par_1_29' title="bbox 1970 1261 3546 1320">
     <span class='ocr_line' id='line_1_29' title="bbox 1970 1261 3546 1320; baseline 0.004 -6"><span class='ocrx_word' id='word_1_194' title='bbox 1970 1266 2145 1314; x_wconf 89' lang='lat' dir='ltr'><strong>strant</strong></span> <span class='ocrx_word' id='word_1_195' title='bbox 2177 1278 2191 1312; x_wconf 88' lang='lat'>:</span> <span class='ocrx_word' id='word_1_196' title='bbox 2228 1268 2426 1316; x_wconf 64' lang='lat' dir='ltr'><strong>vestrm</strong></span> <span class='ocrx_word' id='word_1_197' title='bbox 2452 1277 2584 1316; x_wconf 86' lang='lat' dir='ltr'><strong>vero</strong></span> <span class='ocrx_word' id='word_1_198' title='bbox 2613 1261 2886 1316; x_wconf 88' lang='lat' dir='ltr'><strong>honorum</strong></span> <span class='ocrx_word' id='word_1_199' title='bbox 2913 1262 3246 1318; x_wconf 86' lang='lat' dir='ltr'><strong>aﬁluentiam</strong></span> <span class='ocrx_word' id='word_1_200' title='bbox 3274 1264 3546 1320; x_wconf 89' lang='lat' dir='ltr'><strong>bonorum</strong></span> 
     </span>
    </p>
   </div>
   <div class='ocr_carea' id='block_1_30' title="bbox 1971 1350 3547 1420">
    <p class='ocr_par' dir='ltr' id='par_1_30' title="bbox 1971 1350 3547 1420">
     <span class='ocr_line' id='line_1_30' title="bbox 1971 1350 3547 1420; baseline 0.006 -18"><span class='ocrx_word' id='word_1_201' title='bbox 1971 1350 2198 1420; x_wconf 79' lang='lat' dir='ltr'><strong>largitor</strong></span> <span class='ocrx_word' id='word_1_202' title='bbox 2219 1351 2391 1404; x_wconf 87' lang='lat' dir='ltr'><strong>dedit.</strong></span> <span class='ocrx_word' id='word_1_203' title='bbox 2429 1351 2525 1405; x_wconf 88' lang='lat' dir='ltr'><strong>Illa</strong></span> <span class='ocrx_word' id='word_1_204' title='bbox 2554 1351 2700 1405; x_wconf 87' lang='lat' dir='ltr'><strong>enim</strong></span> <span class='ocrx_word' id='word_1_205' title='bbox 2729 1352 2976 1406; x_wconf 87' lang='lat' dir='ltr'><strong>omnium</strong></span> <span class='ocrx_word' id='word_1_206' title='bbox 3004 1355 3234 1408; x_wconf 78' lang='lat' dir='ltr'><strong>maxima</strong></span> <span class='ocrx_word' id='word_1_207' title='bbox 3271 1364 3326 1410; x_wconf 91' lang='lat' dir='ltr'><strong>et</strong></span> <span class='ocrx_word' id='word_1_208' title='bbox 3353 1356 3547 1411; x_wconf 84' lang='lat' dir='ltr'><strong>claris-</strong></span> 
     </span>
    </p>
   </div>
   <div class='ocr_carea' id='block_1_31' title="bbox 1973 1439 3546 1512">
    <p class='ocr_par' dir='ltr' id='par_1_31' title="bbox 1973 1439 3546 1512">
     <span class='ocr_line' id='line_1_31' title="bbox 1973 1439 3546 1512; baseline 0.004 -18"><span class='ocrx_word' id='word_1_209' title='bbox 1973 1439 2134 1503; x_wconf 89' lang='lat' dir='ltr'><strong>sima,</strong></span> <span class='ocrx_word' id='word_1_210' title='bbox 2165 1455 2288 1509; x_wconf 78' lang='lat' dir='ltr'><strong>quae</strong></span> <span class='ocrx_word' id='word_1_211' title='bbox 2313 1449 2370 1495; x_wconf 85' lang='lat' dir='ltr'><strong>et</strong></span> <span class='ocrx_word' id='word_1_212' title='bbox 2397 1441 2518 1494; x_wconf 86' lang='lat' dir='ltr'><strong>orbi</strong></span> <span class='ocrx_word' id='word_1_213' title='bbox 2551 1450 2818 1496; x_wconf 89' lang='lat' dir='ltr'><strong>terrarum</strong></span> <span class='ocrx_word' id='word_1_214' title='bbox 2847 1444 3126 1512; x_wconf 64' lang='lat' dir='ltr'><strong>praesidet,</strong></span> <span class='ocrx_word' id='word_1_215' title='bbox 3161 1456 3218 1500; x_wconf 92' lang='lat' dir='ltr'><strong>et</strong></span> <span class='ocrx_word' id='word_1_216' title='bbox 3243 1445 3546 1502; x_wconf 87' lang='lat' dir='ltr'><strong>incolarum</strong></span> 
     </span>
    </p>
   </div>
   <div class='ocr_carea' id='block_1_32' title="bbox 1973 1532 3545 1606">
    <p class='ocr_par' dir='ltr' id='par_1_32' title="bbox 1973 1532 3545 1606">
     <span class='ocr_line' id='line_1_32' title="bbox 1973 1532 3545 1606; baseline 0.006 -22"><span class='ocrx_word' id='word_1_217' title='bbox 1973 1532 2328 1588; x_wconf 79' lang='lat' dir='ltr'><strong>multitudine</strong></span> <span class='ocrx_word' id='word_1_218' title='bbox 2351 1533 2730 1588; x_wconf 82' lang='lat' dir='ltr'><strong>redundat.Ad</strong></span> <span class='ocrx_word' id='word_1_219' title='bbox 2747 1535 2862 1590; x_wconf 67' lang='lat' dir='ltr'><strong>haec</strong></span> <span class='ocrx_word' id='word_1_220' title='bbox 2879 1536 3170 1604; x_wconf 90' lang='lat' dir='ltr'><strong>imperium</strong></span> <span class='ocrx_word' id='word_1_221' title='bbox 3189 1539 3335 1606; x_wconf 86' lang='lat' dir='ltr'><strong>quod</strong></span> <span class='ocrx_word' id='word_1_222' title='bbox 3359 1554 3545 1594; x_wconf 89' lang='lat' dir='ltr'><strong>rerum</strong></span> 
     </span>
    </p>
   </div>
   <div class='ocr_carea' id='block_1_33' title="bbox 1975 1626 3546 1700">
    <p class='ocr_par' dir='ltr' id='par_1_33' title="bbox 1975 1626 3546 1700">
     <span class='ocr_line' id='line_1_33' title="bbox 1975 1626 3546 1700; baseline 0.004 -23"><span class='ocrx_word' id='word_1_223' title='bbox 1975 1639 2125 1678; x_wconf 90' lang='lat' dir='ltr'><strong>nunc</strong></span> <span class='ocrx_word' id='word_1_224' title='bbox 2154 1627 2383 1693; x_wconf 87' lang='lat' dir='ltr'><strong>potitur,</strong></span> <span class='ocrx_word' id='word_1_225' title='bbox 2420 1633 2475 1679; x_wconf 90' lang='lat' dir='ltr'><strong>et</strong></span> <span class='ocrx_word' id='word_1_226' title='bbox 2507 1640 2665 1679; x_wconf 91' lang='lat' dir='ltr'><strong>suum</strong></span> <span class='ocrx_word' id='word_1_227' title='bbox 2697 1626 2813 1695; x_wconf 90' lang='lat' dir='ltr'><strong>ipsa</strong></span> <span class='ocrx_word' id='word_1_228' title='bbox 2847 1641 3045 1680; x_wconf 89' lang='lat' dir='ltr'><strong>nomen</strong></span> <span class='ocrx_word' id='word_1_229' title='bbox 3077 1627 3313 1682; x_wconf 88' lang='lat' dir='ltr'><strong>subditis</strong></span> <span class='ocrx_word' id='word_1_230' title='bbox 3343 1629 3546 1700; x_wconf 88' lang='lat' dir='ltr'><strong>imper-</strong></span> 
     </span>
    </p>
   </div>
   <div class='ocr_carea' id='block_1_34' title="bbox 295 1703 1870 1800">
    <p class='ocr_par' dir='ltr' id='par_1_34' title="bbox 295 1726 1870 1800">
     <span class='ocr_line' id='line_1_34' title="bbox 295 1726 1870 1800; baseline -0.003 -18"><span class='ocrx_word' id='word_1_231' title='bbox 295 1729 389 1782; x_wconf 75' lang='grc' dir='ltr'>καὶ</span> <span class='ocrx_word' id='word_1_232' title='bbox 435 1728 530 1784; x_wconf 75' lang='grc' dir='ltr'>νῦν</span> <span class='ocrx_word' id='word_1_233' title='bbox 575 1729 884 1800; x_wconf 77' lang='grc' dir='ltr'>κρατοῦσαν</span> <span class='ocrx_word' id='word_1_234' title='bbox 922 1729 1220 1799; x_wconf 80' lang='grc' dir='ltr'>ἠγεμονίαν</span> <span class='ocrx_word' id='word_1_235' title='bbox 1270 1728 1598 1796; x_wconf 74' lang='grc' dir='ltr'>ἐϐλάστησεο</span> <span class='ocrx_word' id='word_1_236' title='bbox 1636 1726 1731 1779; x_wconf 66' lang='grc' dir='ltr'>καὶ</span> <span class='ocrx_word' id='word_1_237' title='bbox 1773 1727 1870 1794; x_wconf 80' lang='grc' dir='ltr'>τῆς</span> 
     </span>
    </p>
   </div>
   <div class='ocr_carea' id='block_1_35' title="bbox 1971 1703 3550 1800">
    <p class='ocr_par' dir='ltr' id='par_1_35' title="bbox 1975 1717 3550 1794">
     <span class='ocr_line' id='line_1_35' title="bbox 1975 1717 3550 1794; baseline 0.005 -25"><span class='ocrx_word' id='word_1_238' title='bbox 1975 1717 2082 1770; x_wconf 90' lang='lat' dir='ltr'><strong>tiit.</strong></span> <span class='ocrx_word' id='word_1_239' title='bbox 2107 1718 2388 1789; x_wconf 67' lang='lat' dir='ltr'><strong>Prazcipne</strong></span> <span class='ocrx_word' id='word_1_240' title='bbox 2415 1729 2597 1772; x_wconf 90' lang='lat' dir='ltr'><strong>autem</strong></span> <span class='ocrx_word' id='word_1_241' title='bbox 2623 1719 2768 1773; x_wconf 89' lang='lat' dir='ltr'><strong>illam</strong></span> <span class='ocrx_word' id='word_1_242' title='bbox 2795 1719 2930 1773; x_wconf 89' lang='lat' dir='ltr'><strong>ﬁdes</strong></span> <span class='ocrx_word' id='word_1_243' title='bbox 2950 1728 3128 1784; x_wconf 88' lang='lat' dir='ltr'><strong>ornat,</strong></span> <span class='ocrx_word' id='word_1_244' title='bbox 3157 1721 3372 1792; x_wconf 89' lang='lat'><strong>1188</strong></span> <span class='ocrx_word' id='word_1_245' title='bbox 3393 1724 3550 1794; x_wconf 80' lang='lat' dir='ltr'><strong>cujus</strong></span> 
     </span>
    </p>
   </div>
   <div class='ocr_carea' id='block_1_36' title="bbox 293 1816 1868 1892">
    <p class='ocr_par' dir='ltr' id='par_1_36' title="bbox 293 1816 1868 1892">
     <span class='ocr_line' id='line_1_36' title="bbox 293 1816 1868 1892; baseline -0.004 -18"><span class='ocrx_word' id='word_1_246' title='bbox 293 1821 504 1886; x_wconf 76' lang='grc' dir='ltr'>οἰκείας</span> <span class='ocrx_word' id='word_1_247' title='bbox 531 1821 904 1890; x_wconf 79' lang='grc' dir='ltr'>προσηγορίας</span> <span class='ocrx_word' id='word_1_248' title='bbox 931 1822 1044 1884; x_wconf 82' lang='grc' dir='ltr'>τοῖς</span> <span class='ocrx_word' id='word_1_249' title='bbox 1073 1819 1396 1892; x_wconf 80' lang='grc' dir='ltr'>ἀρχομένοις</span> <span class='ocrx_word' id='word_1_250' title='bbox 1441 1816 1730 1886; x_wconf 82' lang='grc' dir='ltr'>μετέδωκε.</span> <span class='ocrx_word' id='word_1_251' title='bbox 1761 1817 1868 1868; x_wconf 84' lang='grc' dir='ltr'><strong>Κο-</strong></span> 
     </span>
    </p>
   </div>
   <div class='ocr_carea' id='block_1_37' title="bbox 296 1905 1873 1982">
    <p class='ocr_par' dir='ltr' id='par_1_37' title="bbox 296 1905 1873 1982">
     <span class='ocr_line' id='line_1_37' title="bbox 296 1905 1873 1982; baseline -0.003 -17"><span class='ocrx_word' id='word_1_252' title='bbox 296 1914 424 1982; x_wconf 85' lang='grc' dir='ltr'>σμεῖ</span> <span class='ocrx_word' id='word_1_253' title='bbox 466 1905 524 1965; x_wconf 78' lang='grc' dir='ltr'>δὲ</span> <span class='ocrx_word' id='word_1_254' title='bbox 575 1912 745 1982; x_wconf 80' lang='grc' dir='ltr'>αὑτὴν</span> <span class='ocrx_word' id='word_1_255' title='bbox 786 1911 1152 1982; x_wconf 74' lang='grc' dir='ltr'>διαφερόντως</span> <span class='ocrx_word' id='word_1_256' title='bbox 1195 1913 1228 1978; x_wconf 84' lang='grc' dir='ltr'><strong>ἡ</strong></span> <span class='ocrx_word' id='word_1_257' title='bbox 1277 1911 1494 1973; x_wconf 78' lang='grc' dir='ltr'>πίστις·</span> <span class='ocrx_word' id='word_1_258' title='bbox 1547 1909 1638 1962; x_wconf 70' lang='grc' dir='ltr'>καὶ</span> <span class='ocrx_word' id='word_1_259' title='bbox 1665 1908 1873 1978; x_wconf 71' lang='grc' dir='ltr'>μάρτυς</span> 
     </span>
    </p>
   </div>
   <div class='ocr_carea' id='block_1_38' title="bbox 291 1995 1873 2072">
    <p class='ocr_par' dir='ltr' id='par_1_38' title="bbox 291 1995 1873 2072">
     <span class='ocr_line' id='line_1_38' title="bbox 291 1995 1873 2072; baseline -0.004 -18"><span class='ocrx_word' id='word_1_260' title='bbox 291 2000 591 2072; x_wconf 78' lang='grc' dir='ltr'>ἀξιόχρεως</span> <span class='ocrx_word' id='word_1_261' title='bbox 621 2001 652 2054; x_wconf 85' lang='grc' dir='ltr'><strong>ό</strong></span> <span class='ocrx_word' id='word_1_262' title='bbox 675 2000 818 2064; x_wconf 79' lang='grc' dir='ltr'>θεῖος</span> <span class='ocrx_word' id='word_1_263' title='bbox 863 1999 1183 2062; x_wconf 85' lang='grc' dir='ltr'>Ἀπόστολος</span> <span class='ocrx_word' id='word_1_264' title='bbox 1225 1998 1382 2069; x_wconf 82' lang='grc' dir='ltr'>βοῶν,</span> <span class='ocrx_word' id='word_1_265' title='bbox 1416 1999 1496 2051; x_wconf 84' lang='grc' dir='ltr'><strong>ὅτι</strong></span> <span class='ocrx_word' id='word_1_266' title='bbox 1535 2015 1553 2048; x_wconf 74' lang='grc' dir='ltr'><strong>ε</strong></span> <span class='ocrx_word' id='word_1_267' title='bbox 1598 1997 1660 2049; x_wconf 87' lang='lat' dir='ltr'><strong>&#39;H</strong></span> <span class='ocrx_word' id='word_1_268' title='bbox 1690 1995 1873 2058; x_wconf 83' lang='grc' dir='ltr'>πίστις</span> 
     </span>
    </p>
   </div>
   <div class='ocr_carea' id='block_1_39' title="bbox 293 2085 1872 2162">
    <p class='ocr_par' dir='ltr' id='par_1_39' title="bbox 293 2085 1872 2162">
     <span class='ocr_line' id='line_1_39' title="bbox 293 2085 1872 2162; baseline -0.004 -18"><span class='ocrx_word' id='word_1_269' title='bbox 293 2091 450 2162; x_wconf 84' lang='grc' dir='ltr'>ὑμῶν</span> <span class='ocrx_word' id='word_1_270' title='bbox 477 2091 904 2160; x_wconf 81' lang='grc' dir='ltr'>καταγγέλλεται</span> <span class='ocrx_word' id='word_1_271' title='bbox 934 2092 992 2144; x_wconf 84' lang='grc' dir='ltr'>ὲν</span> <span class='ocrx_word' id='word_1_272' title='bbox 1016 2089 1124 2161; x_wconf 83' lang='grc' dir='ltr'><strong>ὅλῳ</strong></span> <span class='ocrx_word' id='word_1_273' title='bbox 1153 2088 1230 2160; x_wconf 80' lang='grc' dir='ltr'>τῷ</span> <span class='ocrx_word' id='word_1_274' title='bbox 1261 2089 1470 2161; x_wconf 84' lang='grc' dir='ltr'>κόσμῳ.</span> <span class='ocrx_word' id='word_1_275' title='bbox 1497 2106 1516 2139; x_wconf 84' lang='grc'><strong>›</strong></span> <span class='ocrx_word' id='word_1_276' title='bbox 1545 2087 1607 2141; x_wconf 84' lang='lat' dir='ltr'><strong>Ei</strong></span> <span class='ocrx_word' id='word_1_277' title='bbox 1631 2086 1688 2140; x_wconf 83' lang='grc' dir='ltr'>δὲ</span> <span class='ocrx_word' id='word_1_278' title='bbox 1713 2085 1872 2150; x_wconf 78' lang='grc' dir='ltr'>εὐθὺς</span> 
     </span>
    </p>
   </div>
   <div class='ocr_carea' id='block_1_40' title="bbox 322 2179 1869 2254">
    <p class='ocr_par' dir='ltr' id='par_1_40' title="bbox 322 2179 1869 2254">
     <span class='ocr_line' id='line_1_40' title="bbox 322 2179 1869 2254; baseline -0.005 -18"><span class='ocrx_word' id='word_1_279' title='bbox 322 2183 558 2254; x_wconf 77' lang='grc' dir='ltr'>εξαμένη</span> <span class='ocrx_word' id='word_1_280' title='bbox 592 2183 658 2237; x_wconf 77' lang='grc' dir='ltr'><strong>τὰ</strong></span> <span class='ocrx_word' id='word_1_281' title='bbox 691 2182 784 2236; x_wconf 83' lang='grc' dir='ltr'>τοῦ</span> <span class='ocrx_word' id='word_1_282' title='bbox 823 2181 1094 2254; x_wconf 80' lang='grc' dir='ltr'>σωτηρίου</span> <span class='ocrx_word' id='word_1_283' title='bbox 1151 2181 1502 2252; x_wconf 77' lang='grc' dir='ltr'>κηρύγματος</span> <span class='ocrx_word' id='word_1_284' title='bbox 1556 2179 1869 2250; x_wconf 78' lang='grc' dir='ltr'>σπέρματα,</span> 
     </span>
    </p>
   </div>
   <div class='ocr_carea' id='block_1_41' title="bbox 291 2255 1874 2344">
    <p class='ocr_par' dir='ltr' id='par_1_41' title="bbox 291 2255 1874 2344">
     <span class='ocr_line' id='line_1_41' title="bbox 291 2255 1874 2344; baseline -0.003 -18"><span class='ocrx_word' id='word_1_285' title='bbox 291 2277 404 2338; x_wconf 85' lang='grc' dir='ltr'>τοῖς</span> <span class='ocrx_word' id='word_1_286' title='bbox 436 2275 786 2342; x_wconf 78' lang='grc' dir='ltr'>ἀξιαγάστοις</span> <span class='ocrx_word' id='word_1_287' title='bbox 807 2273 1017 2335; x_wconf 81' lang='grc' dir='ltr'>τούτοις</span> <span class='ocrx_word' id='word_1_288' title='bbox 1044 2255 1320 2344; x_wconf 70' lang='grc' dir='ltr'>ἐϐεϐρίθει</span> <span class='ocrx_word' id='word_1_289' title='bbox 1347 2272 1604 2342; x_wconf 80' lang='grc' dir='ltr'>καρποῖς,</span> <span class='ocrx_word' id='word_1_290' title='bbox 1631 2269 1715 2332; x_wconf 86' lang='grc' dir='ltr'><strong>τίς</strong></span> <span class='ocrx_word' id='word_1_291' title='bbox 1739 2269 1874 2322; x_wconf 85' lang='grc' dir='ltr'>ἀπό-</span> 
     </span>
    </p>
   </div>
   <div class='ocr_carea' id='block_1_42' title="bbox 293 2359 1872 2435">
    <p class='ocr_par' dir='ltr' id='par_1_42' title="bbox 293 2359 1872 2435">
     <span class='ocr_line' id='line_1_42' title="bbox 293 2359 1872 2435; baseline -0.002 -18"><span class='ocrx_word' id='word_1_292' title='bbox 293 2382 398 2435; x_wconf 86' lang='grc' dir='ltr'>χρη</span> <span class='ocrx_word' id='word_1_293' title='bbox 424 2363 580 2432; x_wconf 79' lang='grc' dir='ltr'>λόγος</span> <span class='ocrx_word' id='word_1_294' title='bbox 606 2365 705 2434; x_wconf 72' lang='grc' dir='ltr'>τὴν</span> <span class='ocrx_word' id='word_1_295' title='bbox 743 2365 840 2420; x_wconf 84' lang='grc' dir='ltr'>νῦν</span> <span class='ocrx_word' id='word_1_296' title='bbox 867 2366 924 2416; x_wconf 85' lang='grc' dir='ltr'>ὲν</span> <span class='ocrx_word' id='word_1_297' title='bbox 951 2365 1086 2435; x_wconf 76' lang='grc' dir='ltr'>αὐτῇ</span> <span class='ocrx_word' id='word_1_298' title='bbox 1122 2362 1550 2431; x_wconf 77' lang='grc' dir='ltr'>πολιτευομένην</span> <span class='ocrx_word' id='word_1_299' title='bbox 1591 2359 1872 2414; x_wconf 78' lang='grc' dir='ltr'>εὐσέϐειαν</span> 
     </span>
    </p>
   </div>
   <div class='ocr_carea' id='block_1_43' title="bbox 291 2451 1872 2525">
    <p class='ocr_par' dir='ltr' id='par_1_43' title="bbox 291 2451 1872 2525">
     <span class='ocr_line' id='line_1_43' title="bbox 291 2451 1872 2525; baseline -0.002 -18"><span class='ocrx_word' id='word_1_300' title='bbox 291 2455 646 2525; x_wconf 72' lang='grc' dir='ltr'>εὑφημῆσαις</span> <span class='ocrx_word' id='word_1_301' title='bbox 684 2455 837 2524; x_wconf 80' lang='grc' dir='ltr'>Ἔχει</span> <span class='ocrx_word' id='word_1_302' title='bbox 870 2454 926 2507; x_wconf 83' lang='grc' dir='ltr'>δὲ</span> <span class='ocrx_word' id='word_1_303' title='bbox 959 2455 1055 2507; x_wconf 80' lang='grc' dir='ltr'><strong>καὶ</strong></span> <span class='ocrx_word' id='word_1_304' title='bbox 1093 2453 1202 2506; x_wconf 84' lang='grc' dir='ltr'>τῶν</span> <span class='ocrx_word' id='word_1_305' title='bbox 1237 2453 1432 2506; x_wconf 83' lang='grc' dir='ltr'>κοινῶν</span> <span class='ocrx_word' id='word_1_306' title='bbox 1481 2451 1740 2519; x_wconf 85' lang='grc' dir='ltr'>Πατέρων</span> <span class='ocrx_word' id='word_1_307' title='bbox 1777 2451 1872 2504; x_wconf 76' lang='grc' dir='ltr'><strong>καὶ</strong></span> 
     </span>
    </p>
   </div>
   <div class='ocr_carea' id='block_1_44' title="bbox 217 2542 1874 2617">
    <p class='ocr_par' dir='ltr' id='par_1_44' title="bbox 217 2542 1874 2617">
     <span class='ocr_line' id='line_1_44' title="bbox 217 2542 1874 2617; baseline -0.003 -19"><span class='ocrx_word' id='word_1_308' title='bbox 217 2556 228 2568; x_wconf 91' lang='grc'><strong>·</strong></span> <span class='ocrx_word' id='word_1_309' title='bbox 290 2545 626 2600; x_wconf 70' lang='grc' dir='ltr'>διδασκάλων</span> <span class='ocrx_word' id='word_1_310' title='bbox 675 2546 774 2615; x_wconf 83' lang='grc' dir='ltr'>τῆς</span> <span class='ocrx_word' id='word_1_311' title='bbox 827 2544 1087 2617; x_wconf 78' lang='grc' dir='ltr'>ἀληθείας</span> <span class='ocrx_word' id='word_1_312' title='bbox 1131 2543 1345 2615; x_wconf 85' lang='grc' dir='ltr'>’Πέτρου</span> <span class='ocrx_word' id='word_1_313' title='bbox 1395 2544 1486 2596; x_wconf 67' lang='grc' dir='ltr'><strong>καὶ</strong></span> <span class='ocrx_word' id='word_1_314' title='bbox 1534 2542 1747 2594; x_wconf 86' lang='grc' dir='ltr'>Παύλου</span> <span class='ocrx_word' id='word_1_315' title='bbox 1775 2542 1874 2605; x_wconf 82' lang='grc' dir='ltr'><strong>τὰς</strong></span> 
     </span>
    </p>
   </div>
   <div class='ocr_carea' id='block_1_45' title="bbox 293 2631 1872 2706">
    <p class='ocr_par' dir='ltr' id='par_1_45' title="bbox 293 2631 1872 2706">
     <span class='ocr_line' id='line_1_45' title="bbox 293 2631 1872 2706; baseline -0.004 -16"><span class='ocrx_word' id='word_1_316' title='bbox 293 2635 488 2706; x_wconf 79' lang='grc' dir='ltr'>θήκας,</span> <span class='ocrx_word' id='word_1_317' title='bbox 541 2635 650 2688; x_wconf 82' lang='grc' dir='ltr'>τῶν</span> <span class='ocrx_word' id='word_1_318' title='bbox 695 2636 901 2690; x_wconf 81' lang='grc' dir='ltr'>πιστῶν</span> <span class='ocrx_word' id='word_1_319' title='bbox 954 2635 1054 2699; x_wconf 75' lang='grc' dir='ltr'>τὰς</span> <span class='ocrx_word' id='word_1_320' title='bbox 1089 2633 1266 2704; x_wconf 67' lang='grc' dir='ltr'>ψυχὰς</span> <span class='ocrx_word' id='word_1_321' title='bbox 1316 2631 1677 2702; x_wconf 77' lang='grc' dir='ltr'>φωτιζούσας.</span> <span class='ocrx_word' id='word_1_322' title='bbox 1716 2631 1779 2684; x_wconf 83' lang='lat' dir='ltr'><strong>&#39;ll</strong></span> <span class='ocrx_word' id='word_1_323' title='bbox 1816 2631 1872 2684; x_wconf 85' lang='grc' dir='ltr'><strong>δὲ</strong></span> 
     </span>
    </p>
   </div>
   <div class='ocr_carea' id='block_1_46' title="bbox 291 2723 1872 2799">
    <p class='ocr_par' dir='ltr' id='par_1_46' title="bbox 291 2723 1872 2799">
     <span class='ocr_line' id='line_1_46' title="bbox 291 2723 1872 2799; baseline -0.004 -19"><span class='ocrx_word' id='word_1_324' title='bbox 291 2727 666 2799; x_wconf 71' lang='grc' dir='ltr'>τρισμακαρία</span> <span class='ocrx_word' id='word_1_325' title='bbox 699 2727 907 2780; x_wconf 86' lang='grc' dir='ltr'>τούτων</span> <span class='ocrx_word' id='word_1_326' title='bbox 949 2727 1044 2780; x_wconf 78' lang='grc' dir='ltr'>καὶ</span> <span class='ocrx_word' id='word_1_327' title='bbox 1089 2726 1210 2780; x_wconf 83' lang='grc' dir='ltr'>θεία</span> <span class='ocrx_word' id='word_1_328' title='bbox 1241 2725 1474 2797; x_wconf 70' lang='grc' dir='ltr'>ξυνωρὶς</span> <span class='ocrx_word' id='word_1_329' title='bbox 1503 2723 1742 2778; x_wconf 83' lang='grc' dir='ltr'>ἀνέτειλε</span> <span class='ocrx_word' id='word_1_330' title='bbox 1773 2723 1872 2793; x_wconf 74' lang='grc' dir='ltr'><strong>μὲν</strong></span> 
     </span>
    </p>
   </div>
   <div class='ocr_carea' id='block_1_47' title="bbox 292 2815 1872 2891">
    <p class='ocr_par' dir='ltr' id='par_1_47' title="bbox 292 2815 1872 2891">
     <span class='ocr_line' id='line_1_47' title="bbox 292 2815 1872 2891; baseline -0.004 -19"><span class='ocrx_word' id='word_1_331' title='bbox 292 2823 350 2872; x_wconf 83' lang='grc' dir='ltr'><strong>έν</strong></span> <span class='ocrx_word' id='word_1_332' title='bbox 369 2822 435 2890; x_wconf 76' lang='grc' dir='ltr'>τῇ</span> <span class='ocrx_word' id='word_1_333' title='bbox 468 2819 600 2891; x_wconf 66' lang='grc' dir='ltr'>ἑῴα,</span> <span class='ocrx_word' id='word_1_334' title='bbox 634 2819 730 2872; x_wconf 69' lang='grc' dir='ltr'><strong>καὶ</strong></span> <span class='ocrx_word' id='word_1_335' title='bbox 763 2819 1001 2872; x_wconf 73' lang='grc' dir='ltr'>πάντοσε</span> <span class='ocrx_word' id='word_1_336' title='bbox 1035 2817 1133 2878; x_wconf 84' lang='grc' dir='ltr'><strong>τὰς</strong></span> <span class='ocrx_word' id='word_1_337' title='bbox 1173 2819 1397 2878; x_wconf 85' lang='grc' dir='ltr'>ἀκτῖνας</span> <span class='ocrx_word' id='word_1_338' title='bbox 1438 2815 1744 2885; x_wconf 71' lang='grc' dir='ltr'>ἐξέπεμψεν</span> <span class='ocrx_word' id='word_1_339' title='bbox 1764 2832 1780 2846; x_wconf 75' lang='grc' dir='ltr'><strong>ο</strong></span> <span class='ocrx_word' id='word_1_340' title='bbox 1814 2815 1872 2866; x_wconf 78' lang='grc' dir='ltr'>ἐν</span> 
     </span>
    </p>
   </div>
   <div class='ocr_carea' id='block_1_48' title="bbox 291 2904 1870 2982">
    <p class='ocr_par' dir='ltr' id='par_1_48' title="bbox 291 2904 1870 2982">
     <span class='ocr_line' id='line_1_48' title="bbox 291 2904 1870 2982; baseline -0.005 -18"><span class='ocrx_word' id='word_1_341' title='bbox 291 2911 348 2964; x_wconf 76' lang='grc' dir='ltr'><strong>δὲ</strong></span> <span class='ocrx_word' id='word_1_342' title='bbox 379 2913 445 2982; x_wconf 82' lang='grc' dir='ltr'>τῇ</span> <span class='ocrx_word' id='word_1_343' title='bbox 479 2910 637 2964; x_wconf 85' lang='grc' dir='ltr'>Δύσει</span> <span class='ocrx_word' id='word_1_344' title='bbox 669 2909 967 2981; x_wconf 85' lang='grc' dir='ltr'>προθύμως</span> <span class='ocrx_word' id='word_1_345' title='bbox 997 2907 1216 2972; x_wconf 77' lang='grc' dir='ltr'>ἐδέξατο</span> <span class='ocrx_word' id='word_1_346' title='bbox 1242 2907 1340 2971; x_wconf 79' lang='grc' dir='ltr'>τὰς</span> <span class='ocrx_word' id='word_1_347' title='bbox 1366 2905 1460 2960; x_wconf 78' lang='grc' dir='ltr'>τοῦ</span> <span class='ocrx_word' id='word_1_348' title='bbox 1495 2905 1611 2976; x_wconf 87' lang='grc' dir='ltr'>βίου</span> <span class='ocrx_word' id='word_1_349' title='bbox 1641 2904 1870 2975; x_wconf 77' lang='grc' dir='ltr'>δυσμὰς,</span> 
     </span>
    </p>
   </div>
   <div class='ocr_carea' id='block_1_49' title="bbox 293 2991 1871 3071">
    <p class='ocr_par' dir='ltr' id='par_1_49' title="bbox 293 2991 1871 3071">
     <span class='ocr_line' id='line_1_49' title="bbox 293 2991 1871 3071; baseline -0.004 -17"><span class='ocrx_word' id='word_1_350' title='bbox 293 3001 548 3056; x_wconf 86' lang='grc' dir='ltr'>κάκεῖθεν</span> <span class='ocrx_word' id='word_1_351' title='bbox 583 2999 679 3054; x_wconf 77' lang='grc' dir='ltr'>νῦν</span> <span class='ocrx_word' id='word_1_352' title='bbox 712 2999 1047 3068; x_wconf 80' lang='grc' dir='ltr'>καταυγάζει</span> <span class='ocrx_word' id='word_1_353' title='bbox 1073 2998 1172 3071; x_wconf 74' lang='grc' dir='ltr'>τὴν</span> <span class='ocrx_word' id='word_1_354' title='bbox 1207 2997 1552 3070; x_wconf 76' lang='grc' dir='ltr'>οἰκουμένην.</span> <span class='ocrx_word' id='word_1_355' title='bbox 1594 2991 1752 3052; x_wconf 75' lang='grc' dir='ltr'>Οὗτοι</span> <span class='ocrx_word' id='word_1_356' title='bbox 1779 2996 1871 3050; x_wconf 74' lang='grc' dir='ltr'><strong>τὸν</strong></span> 
     </span>
    </p>
   </div>
   <div class='ocr_carea' id='block_1_50' title="bbox 293 3087 1864 3166">
    <p class='ocr_par' dir='ltr' id='par_1_50' title="bbox 293 3087 1864 3166">
     <span class='ocr_line' id='line_1_50' title="bbox 293 3087 1864 3166; baseline -0.004 -20"><span class='ocrx_word' id='word_1_357' title='bbox 293 3093 558 3166; x_wconf 86' lang='grc' dir='ltr'>ὑμέτερον</span> <span class='ocrx_word' id='word_1_358' title='bbox 611 3091 1073 3164; x_wconf 70' lang='grc' dir='ltr'>περιφανέστατον</span> <span class='ocrx_word' id='word_1_359' title='bbox 1126 3091 1237 3162; x_wconf 71' lang='grc'><strong>(74)</strong></span> <span class='ocrx_word' id='word_1_360' title='bbox 1296 3089 1583 3161; x_wconf 81' lang='grc' dir='ltr'>ἀπέφηναν</span> <span class='ocrx_word' id='word_1_361' title='bbox 1643 3087 1864 3160; x_wconf 83' lang='grc' dir='ltr'>θρόνον”</span> 
     </span>
    </p>
   </div>
   <div class='ocr_carea' id='block_1_51' title="bbox 293 3177 1871 3254">
    <p class='ocr_par' dir='ltr' id='par_1_51' title="bbox 293 3177 1871 3254">
     <span class='ocr_line' id='line_1_51' title="bbox 293 3177 1871 3254; baseline -0.003 -16"><span class='ocrx_word' id='word_1_362' title='bbox 293 3177 447 3249; x_wconf 74' lang='grc' dir='ltr'>οὗτος</span> <span class='ocrx_word' id='word_1_363' title='bbox 478 3185 586 3238; x_wconf 83' lang='grc' dir='ltr'>τῶν</span> <span class='ocrx_word' id='word_1_364' title='bbox 622 3183 844 3254; x_wconf 81' lang='grc' dir='ltr'>ἀγαθῶν</span> <span class='ocrx_word' id='word_1_365' title='bbox 893 3183 1002 3238; x_wconf 81' lang='grc' dir='ltr'><strong>τῶν</strong></span> <span class='ocrx_word' id='word_1_366' title='bbox 1051 3184 1334 3254; x_wconf 84' lang='grc' dir='ltr'>ὑμετέρων</span> <span class='ocrx_word' id='word_1_367' title='bbox 1370 3185 1400 3236; x_wconf 85' lang='grc' dir='ltr'><strong>ὁ</strong></span> <span class='ocrx_word' id='word_1_368' title='bbox 1429 3179 1694 3251; x_wconf 79' lang='grc' dir='ltr'>κολοφὼν.</span> <span class='ocrx_word' id='word_1_369' title='bbox 1735 3181 1793 3232; x_wconf 90' lang='lat'><strong>&#39;0</strong></span> <span class='ocrx_word' id='word_1_370' title='bbox 1824 3181 1871 3234; x_wconf 90' lang='grc' dir='ltr'>δ’</span> 
     </span>
    </p>
   </div>
   <div class='ocr_carea' id='block_1_52' title="bbox 293 3276 1890 3350">
    <p class='ocr_par' dir='ltr' id='par_1_52' title="bbox 293 3276 1890 3350">
     <span class='ocr_line' id='line_1_52' title="bbox 293 3276 1890 3350; baseline -0.004 -16"><span class='ocrx_word' id='word_1_371' title='bbox 293 3282 516 3336; x_wconf 79' lang='grc' dir='ltr'>ἐκείνων</span> <span class='ocrx_word' id='word_1_372' title='bbox 544 3282 677 3346; x_wconf 78' lang='grc' dir='ltr'>Θεὸς</span> <span class='ocrx_word' id='word_1_373' title='bbox 703 3283 796 3336; x_wconf 69' lang='grc' dir='ltr'><strong>καὶ</strong></span> <span class='ocrx_word' id='word_1_374' title='bbox 824 3281 920 3336; x_wconf 75' lang='grc' dir='ltr'>νῦν</span> <span class='ocrx_word' id='word_1_375' title='bbox 949 3281 1040 3334; x_wconf 68' lang='grc' dir='ltr'>τὸν</span> <span class='ocrx_word' id='word_1_376' title='bbox 1077 3281 1304 3335; x_wconf 84' lang='grc' dir='ltr'>ἐκείνων</span> <span class='ocrx_word' id='word_1_377' title='bbox 1339 3279 1654 3350; x_wconf 78' lang='grc' dir='ltr'>ὲλάμπρυνε</span> <span class='ocrx_word' id='word_1_378' title='bbox 1681 3276 1890 3349; x_wconf 73' lang='grc' dir='ltr'>ϐρόνον,</span> 
     </span>
    </p>
   </div>
   <div class='ocr_carea' id='block_1_53' title="bbox 291 3372 1165 3446">
    <p class='ocr_par' dir='ltr' id='par_1_53' title="bbox 291 3372 1165 3446">
     <span class='ocr_line' id='line_1_53' title="bbox 291 3372 1165 3446; baseline -0.002 -16"><span class='ocrx_word' id='word_1_379' title='bbox 291 3375 470 3443; x_wconf 78' lang='grc' dir='ltr'>δοξίας</span> <span class='ocrx_word' id='word_1_380' title='bbox 509 3377 604 3439; x_wconf 76' lang='grc' dir='ltr'><strong>τὰς</strong></span> <span class='ocrx_word' id='word_1_381' title='bbox 635 3377 860 3440; x_wconf 88' lang='grc' dir='ltr'>ἀκτῖνας</span> <span class='ocrx_word' id='word_1_382' title='bbox 893 3372 1165 3446; x_wconf 74' lang='grc' dir='ltr'>ἀφιεῖσαν.</span> 
     </span>
    </p>
   </div>
   <div class='ocr_carea' id='block_1_54' title="bbox 363 3466 1869 3540">
    <p class='ocr_par' dir='ltr' id='par_1_54' title="bbox 363 3466 1869 3540">
     <span class='ocr_line' id='line_1_54' title="bbox 363 3466 1869 3540; baseline -0.003 -18"><span class='ocrx_word' id='word_1_383' title='bbox 363 3471 473 3524; x_wconf 75' lang='grc' dir='ltr'><strong>Καὶ</strong></span> <span class='ocrx_word' id='word_1_384' title='bbox 508 3469 697 3522; x_wconf 87' lang='grc' dir='ltr'>τούτου</span> <span class='ocrx_word' id='word_1_385' title='bbox 725 3468 896 3522; x_wconf 78' lang='grc' dir='ltr'>πολλᾶ</span> <span class='ocrx_word' id='word_1_386' title='bbox 937 3469 1037 3539; x_wconf 74' lang='grc' dir='ltr'><strong>μὲν</strong></span> <span class='ocrx_word' id='word_1_387' title='bbox 1085 3467 1232 3522; x_wconf 78' lang='grc' dir='ltr'>ἐστιν</span> <span class='ocrx_word' id='word_1_388' title='bbox 1286 3469 1468 3540; x_wconf 80' lang='grc' dir='ltr'>εὑρεῖν</span> <span class='ocrx_word' id='word_1_389' title='bbox 1494 3467 1589 3520; x_wconf 71' lang='grc' dir='ltr'><strong>καὶ</strong></span> <span class='ocrx_word' id='word_1_390' title='bbox 1617 3466 1752 3522; x_wconf 85' lang='grc' dir='ltr'>ἄλλα</span> <span class='ocrx_word' id='word_1_391' title='bbox 1783 3483 1869 3518; x_wconf 82' lang='grc' dir='ltr'>τε·</span> 
     </span>
    </p>
   </div>
   <div class='ocr_carea' id='block_1_55' title="bbox 292 3559 1874 3634">
    <p class='ocr_par' dir='ltr' id='par_1_55' title="bbox 292 3559 1874 3634">
     <span class='ocr_line' id='line_1_55' title="bbox 292 3559 1874 3634; baseline -0.003 -19"><span class='ocrx_word' id='word_1_392' title='bbox 292 3562 506 3634; x_wconf 77' lang='grc' dir='ltr'>κμὴρια</span> <span class='ocrx_word' id='word_1_393' title='bbox 529 3579 543 3594; x_wconf 75' lang='grc' dir='ltr'><strong>ο</strong></span> <span class='ocrx_word' id='word_1_394' title='bbox 577 3563 738 3634; x_wconf 86' lang='grc' dir='ltr'>ἀρκεῖ</span> <span class='ocrx_word' id='word_1_395' title='bbox 759 3561 815 3616; x_wconf 80' lang='grc' dir='ltr'>δὲ</span> <span class='ocrx_word' id='word_1_396' title='bbox 853 3562 1003 3630; x_wconf 79' lang='grc' dir='ltr'>ὑμῶν</span> <span class='ocrx_word' id='word_1_397' title='bbox 1035 3561 1129 3614; x_wconf 71' lang='grc' dir='ltr'><strong>καὶ</strong></span> <span class='ocrx_word' id='word_1_398' title='bbox 1157 3563 1186 3614; x_wconf 88' lang='lat'><strong>6</strong></span> <span class='ocrx_word' id='word_1_399' title='bbox 1218 3562 1361 3614; x_wconf 72' lang='grc' dir='ltr'>κατὰ</span> <span class='ocrx_word' id='word_1_400' title='bbox 1393 3561 1502 3614; x_wconf 83' lang='grc' dir='ltr'>τῶν</span> <span class='ocrx_word' id='word_1_401' title='bbox 1539 3559 1874 3629; x_wconf 84' lang='grc' dir='ltr'>δυσωνύμων</span> 
     </span>
    </p>
   </div>
   <div class='ocr_carea' id='block_1_56' title="bbox 292 3646 1872 3720">
    <p class='ocr_par' dir='ltr' id='par_1_56' title="bbox 292 3646 1872 3720">
     <span class='ocr_line' id='line_1_56' title="bbox 292 3646 1872 3720; baseline -0.001 -16"><span class='ocrx_word' id='word_1_402' title='bbox 292 3649 609 3720; x_wconf 81' lang='grc' dir='ltr'>Μανιχαίων</span> <span class='ocrx_word' id='word_1_403' title='bbox 635 3651 794 3720; x_wconf 77' lang='grc' dir='ltr'>ζῆλος</span> <span class='ocrx_word' id='word_1_404' title='bbox 821 3689 836 3712; x_wconf 91' lang='grc'><strong>,</strong></span> <span class='ocrx_word' id='word_1_405' title='bbox 873 3649 932 3703; x_wconf 83' lang='grc' dir='ltr'>ὃν</span> <span class='ocrx_word' id='word_1_406' title='bbox 963 3652 1156 3720; x_wconf 82' lang='grc' dir='ltr'>πρώην</span> <span class='ocrx_word' id='word_1_407' title='bbox 1207 3647 1359 3719; x_wconf 82' lang='grc' dir='ltr'>ὑμῶν</span> <span class='ocrx_word' id='word_1_408' title='bbox 1393 3651 1427 3719; x_wconf 82' lang='grc' dir='ltr'><strong>ή</strong></span> <span class='ocrx_word' id='word_1_409' title='bbox 1481 3648 1696 3720; x_wconf 84' lang='grc' dir='ltr'>ὁσιότης</span> <span class='ocrx_word' id='word_1_410' title='bbox 1743 3646 1872 3714; x_wconf 67' lang='grc' dir='ltr'>ὲγύτ</span> 
     </span>
    </p>
   </div>
   <div class='ocr_carea' id='block_1_57' title="bbox 294 3735 1873 3813">
    <p class='ocr_par' dir='ltr' id='par_1_57' title="bbox 294 3735 1873 3813">
     <span class='ocr_line' id='line_1_57' title="bbox 294 3735 1873 3813; baseline -0.003 -18"><span class='ocrx_word' id='word_1_411' title='bbox 294 3759 494 3813; x_wconf 84' lang='grc' dir='ltr'>μνωσε,</span> <span class='ocrx_word' id='word_1_412' title='bbox 521 3740 742 3806; x_wconf 77' lang='grc' dir='ltr'>δείξασα</span> <span class='ocrx_word' id='word_1_413' title='bbox 772 3741 872 3812; x_wconf 80' lang='grc' dir='ltr'><strong>τὴν</strong></span> <span class='ocrx_word' id='word_1_414' title='bbox 900 3742 1028 3812; x_wconf 70' lang='grc' dir='ltr'>περὶ</span> <span class='ocrx_word' id='word_1_415' title='bbox 1052 3740 1120 3794; x_wconf 81' lang='grc' dir='ltr'><strong>τὰ</strong></span> <span class='ocrx_word' id='word_1_416' title='bbox 1149 3739 1268 3794; x_wconf 81' lang='grc' dir='ltr'>θεῖα</span> <span class='ocrx_word' id='word_1_417' title='bbox 1295 3735 1398 3809; x_wconf 82' lang='grc' dir='ltr'>τῆς</span> <span class='ocrx_word' id='word_1_418' title='bbox 1426 3737 1700 3810; x_wconf 77' lang='grc' dir='ltr'>ὑμετέρας</span> <span class='ocrx_word' id='word_1_419' title='bbox 1725 3738 1873 3808; x_wconf 84' lang='grc' dir='ltr'>φιλο-</span> 
     </span>
    </p>
   </div>
   <div class='ocr_carea' id='block_1_58' title="bbox 291 3827 1874 3902">
    <p class='ocr_par' dir='ltr' id='par_1_58' title="bbox 291 3827 1874 3902">
     <span class='ocr_line' id='line_1_58' title="bbox 291 3827 1874 3902; baseline -0.004 -16"><span class='ocrx_word' id='word_1_420' title='bbox 291 3831 442 3895; x_wconf 80' lang='grc' dir='ltr'>θεῒας</span> <span class='ocrx_word' id='word_1_421' title='bbox 477 3829 735 3902; x_wconf 76' lang='grc' dir='ltr'>σπουδήν.</span> <span class='ocrx_word' id='word_1_422' title='bbox 786 3829 1028 3901; x_wconf 78' lang='grc' dir='ltr'>’Λπόχρη</span> <span class='ocrx_word' id='word_1_423' title='bbox 1052 3831 1147 3883; x_wconf 70' lang='grc' dir='ltr'><strong>καὶ</strong></span> <span class='ocrx_word' id='word_1_424' title='bbox 1169 3829 1236 3883; x_wconf 83' lang='grc' dir='ltr'>τὰ</span> <span class='ocrx_word' id='word_1_425' title='bbox 1265 3829 1360 3883; x_wconf 82' lang='grc' dir='ltr'>νῦν</span> <span class='ocrx_word' id='word_1_426' title='bbox 1399 3829 1529 3900; x_wconf 87' lang='grc' dir='ltr'>παρ’</span> <span class='ocrx_word' id='word_1_427' title='bbox 1559 3827 1715 3898; x_wconf 85' lang='grc' dir='ltr'>ὑμῶν</span> <span class='ocrx_word' id='word_1_428' title='bbox 1740 3843 1874 3898; x_wconf 82' lang='grc' dir='ltr'>γρα-</span> 
     </span>
    </p>
   </div>
   <div class='ocr_carea' id='block_1_59' title="bbox 287 3915 1870 3992">
    <p class='ocr_par' dir='ltr' id='par_1_59' title="bbox 287 3915 1870 3992">
     <span class='ocr_line' id='line_1_59' title="bbox 287 3915 1870 3992; baseline -0.001 -18"><span class='ocrx_word' id='word_1_429' title='bbox 287 3921 458 3991; x_wconf 84' lang='grc' dir='ltr'>φέντα</span> <span class='ocrx_word' id='word_1_430' title='bbox 495 3920 587 3976; x_wconf 79' lang='grc' dir='ltr'>τὸν</span> <span class='ocrx_word' id='word_1_431' title='bbox 628 3920 987 3974; x_wconf 76' lang='grc' dir='ltr'>ἀποστολικδν</span> <span class='ocrx_word' id='word_1_432' title='bbox 1037 3919 1191 3992; x_wconf 86' lang='grc' dir='ltr'>ὑμῶν</span> <span class='ocrx_word' id='word_1_433' title='bbox 1233 3919 1558 3992; x_wconf 77' lang='grc' dir='ltr'>χαρακτῆρα</span> <span class='ocrx_word' id='word_1_434' title='bbox 1609 3915 1870 3990; x_wconf 82' lang='grc' dir='ltr'>δηλῶσαι.</span> 
     </span>
    </p>
   </div>
   <div class='ocr_carea' id='block_1_60' title="bbox 303 4010 1875 4084">
    <p class='ocr_par' dir='ltr' id='par_1_60' title="bbox 303 4010 1875 4084">
     <span class='ocr_line' id='line_1_60' title="bbox 303 4010 1875 4084; baseline -0.001 -20"><span class='ocrx_word' id='word_1_435' title='bbox 303 4013 776 4084; x_wconf 78' lang='grc' dir='ltr'>Ἐντετυχήκαμεν</span> <span class='ocrx_word' id='word_1_436' title='bbox 813 4013 922 4083; x_wconf 79' lang='grc' dir='ltr'><strong>γὰρ</strong></span> <span class='ocrx_word' id='word_1_437' title='bbox 967 4016 1081 4076; x_wconf 84' lang='grc' dir='ltr'>τοῖς</span> <span class='ocrx_word' id='word_1_438' title='bbox 1128 4013 1282 4084; x_wconf 70' lang='grc' dir='ltr'>ποιρά</span> <span class='ocrx_word' id='word_1_439' title='bbox 1322 4010 1423 4082; x_wconf 79' lang='grc' dir='ltr'>τῆς</span> <span class='ocrx_word' id='word_1_440' title='bbox 1464 4012 1559 4082; x_wconf 79' lang='grc' dir='ltr'>σῆς</span> <span class='ocrx_word' id='word_1_441' title='bbox 1613 4015 1875 4083; x_wconf 71' lang='grc' dir='ltr'>γραφεῖσι</span> 
     </span>
    </p>
   </div>
   <div class='ocr_carea' id='block_1_61' title="bbox 289 4092 1873 4175">
    <p class='ocr_par' dir='ltr' id='par_1_61' title="bbox 289 4092 1873 4175">
     <span class='ocr_line' id='line_1_61' title="bbox 289 4092 1873 4175; baseline -0.002 -18"><span class='ocrx_word' id='word_1_442' title='bbox 289 4103 566 4174; x_wconf 82' lang='grc' dir='ltr'>ὁσιότητος</span> <span class='ocrx_word' id='word_1_443' title='bbox 593 4103 721 4175; x_wconf 74' lang='grc' dir='ltr'>περὶ</span> <span class='ocrx_word' id='word_1_444' title='bbox 743 4104 842 4174; x_wconf 84' lang='grc' dir='ltr'>τῆς</span> <span class='ocrx_word' id='word_1_445' title='bbox 867 4103 961 4157; x_wconf 82' lang='grc' dir='ltr'>τοῦ</span> <span class='ocrx_word' id='word_1_446' title='bbox 983 4102 1118 4156; x_wconf 88' lang='grc' dir='ltr'><strong>Θεοῦ</strong></span> <span class='ocrx_word' id='word_1_447' title='bbox 1143 4104 1236 4156; x_wconf 75' lang='grc' dir='ltr'><strong>καὶ</strong></span> <span class='ocrx_word' id='word_1_448' title='bbox 1269 4103 1519 4174; x_wconf 82' lang='grc' dir='ltr'>Σωτῆρος</span> <span class='ocrx_word' id='word_1_449' title='bbox 1540 4101 1699 4174; x_wconf 75' lang='grc' dir='ltr'>ἡμῶν</span> <span class='ocrx_word' id='word_1_450' title='bbox 1718 4092 1873 4156; x_wconf 58' lang='grc' dir='ltr'>ὲνανὲ</span> 
     </span>
    </p>
   </div>
   <div class='ocr_carea' id='block_1_62' title="bbox 293 4191 1872 4268">
    <p class='ocr_par' dir='ltr' id='par_1_62' title="bbox 293 4191 1872 4268">
     <span class='ocr_line' id='line_1_62' title="bbox 293 4191 1872 4268; baseline 0 -20"><span class='ocrx_word' id='word_1_451' title='bbox 293 4195 646 4266; x_wconf 75' lang='grc' dir='ltr'>θρωπησεως,</span> <span class='ocrx_word' id='word_1_452' title='bbox 677 4195 774 4248; x_wconf 76' lang='grc' dir='ltr'>καὶ</span> <span class='ocrx_word' id='word_1_453' title='bbox 799 4193 1188 4266; x_wconf 74' lang='grc' dir='ltr'>ἐθαυμάσαμεν</span> <span class='ocrx_word' id='word_1_454' title='bbox 1211 4192 1309 4266; x_wconf 77' lang='grc' dir='ltr'><strong>τὴν</strong></span> <span class='ocrx_word' id='word_1_455' title='bbox 1336 4193 1445 4248; x_wconf 84' lang='grc' dir='ltr'><strong>τῶν</strong></span> <span class='ocrx_word' id='word_1_456' title='bbox 1474 4191 1872 4268; x_wconf 74' lang='grc' dir='ltr'>γεγραμμένων</span> 
     </span>
    </p>
   </div>
   <div class='ocr_carea' id='block_1_63' title="bbox 293 4284 1873 4358">
    <p class='ocr_par' dir='ltr' id='par_1_63' title="bbox 293 4284 1873 4358">
     <span class='ocr_line' id='line_1_63' title="bbox 293 4284 1873 4358; baseline 0.002 -21"><span class='ocrx_word' id='word_1_457' title='bbox 293 4285 598 4358; x_wconf 86' lang='grc' dir='ltr'>ἀκρίϐειαν.</span> <span class='ocrx_word' id='word_1_458' title='bbox 653 4285 968 4356; x_wconf 84' lang='grc' dir='ltr'>Ἀμφότερα</span> <span class='ocrx_word' id='word_1_459' title='bbox 994 4286 1100 4355; x_wconf 83' lang='grc' dir='ltr'><strong>γὰρ</strong></span> <span class='ocrx_word' id='word_1_460' title='bbox 1127 4285 1269 4340; x_wconf 82' lang='grc' dir='ltr'><strong>κατά</strong></span> <span class='ocrx_word' id='word_1_461' title='bbox 1297 4284 1493 4339; x_wconf 75' lang='grc' dir='ltr'>ταυτὸν</span> <span class='ocrx_word' id='word_1_462' title='bbox 1527 4285 1738 4358; x_wconf 80' lang='grc' dir='ltr'>ἐδήλου,</span> <span class='ocrx_word' id='word_1_463' title='bbox 1779 4285 1873 4340; x_wconf 70' lang='grc' dir='ltr'><strong>καὶ</strong></span> 
     </span>
    </p>
   </div>
   <div class='ocr_carea' id='block_1_64' title="bbox 290 4376 1872 4460">
    <p class='ocr_par' dir='ltr' id='par_1_64' title="bbox 290 4376 1872 4460">
     <span class='ocr_line' id='line_1_64' title="bbox 290 4376 1872 4460; baseline 0.001 -30"><span class='ocrx_word' id='word_1_464' title='bbox 290 4379 388 4450; x_wconf 78' lang='grc' dir='ltr'>τὴν</span> <span class='ocrx_word' id='word_1_465' title='bbox 417 4378 482 4432; x_wconf 81' lang='grc' dir='ltr'>ἐκ</span> <span class='ocrx_word' id='word_1_466' title='bbox 528 4376 623 4432; x_wconf 80' lang='grc' dir='ltr'>τοῦ</span> <span class='ocrx_word' id='word_1_467' title='bbox 657 4377 828 4431; x_wconf 80' lang='grc' dir='ltr'>ἀϊδίου</span> <span class='ocrx_word' id='word_1_468' title='bbox 861 4377 1072 4449; x_wconf 65' lang='lat' dir='ltr'><strong>Harpe;</strong></span> <span class='ocrx_word' id='word_1_469' title='bbox 1101 4377 1270 4431; x_wconf 80' lang='grc' dir='ltr'>ἀΐδιον</span> <span class='ocrx_word' id='word_1_470' title='bbox 1299 4377 1528 4448; x_wconf 89' lang='grc' dir='ltr'>θεότητα</span> <span class='ocrx_word' id='word_1_471' title='bbox 1561 4377 1670 4432; x_wconf 83' lang='grc' dir='ltr'>τοῦ·</span> <span class='ocrx_word' id='word_1_472' title='bbox 1695 4379 1872 4460; x_wconf 58' lang='grc' dir='ltr'>Μονοτ</span> 
     </span>
    </p>
   </div>
   <div class='ocr_carea' id='block_1_65' title="bbox 292 4465 1872 4542">
    <p class='ocr_par' dir='ltr' id='par_1_65' title="bbox 292 4465 1872 4542">
     <span class='ocr_line' id='line_1_65' title="bbox 292 4465 1872 4542; baseline -0.001 -22"><span class='ocrx_word' id='word_1_473' title='bbox 292 4467 482 4538; x_wconf 83' lang='grc' dir='ltr'>γενοῢς</span> <span class='ocrx_word' id='word_1_474' title='bbox 505 4511 519 4534; x_wconf 95' lang='grc'><strong>,</strong></span> <span class='ocrx_word' id='word_1_475' title='bbox 555 4468 650 4522; x_wconf 76' lang='grc' dir='ltr'>καὶ</span> <span class='ocrx_word' id='word_1_476' title='bbox 698 4466 796 4538; x_wconf 81' lang='grc' dir='ltr'><strong>τὴν</strong></span> <span class='ocrx_word' id='word_1_477' title='bbox 850 4468 913 4520; x_wconf 82' lang='grc' dir='ltr'><strong>ἐκ</strong></span> <span class='ocrx_word' id='word_1_478' title='bbox 948 4465 1260 4537; x_wconf 84' lang='grc' dir='ltr'>σπέρματος</span> <span class='ocrx_word' id='word_1_479' title='bbox 1303 4465 1552 4537; x_wconf 68' lang='grc' dir='ltr'>Ἀϐραὰμ</span> <span class='ocrx_word' id='word_1_480' title='bbox 1581 4466 1674 4520; x_wconf 74' lang='grc' dir='ltr'><strong>καὶ</strong></span> <span class='ocrx_word' id='word_1_481' title='bbox 1705 4465 1872 4542; x_wconf 72' lang='grc' dir='ltr'>Δαϐίδ</span> 
     </span>
    </p>
   </div>
   <div class='ocr_carea' id='block_1_66' title="bbox 291 4556 1870 4629">
    <p class='ocr_par' dir='ltr' id='par_1_66' title="bbox 291 4556 1870 4629">
     <span class='ocr_line' id='line_1_66' title="bbox 291 4556 1870 4629; baseline 0.001 -18"><span class='ocrx_word' id='word_1_482' title='bbox 291 4557 684 4629; x_wconf 88' lang='grc' dir='ltr'>ἀνθρωπότητα</span> <span class='ocrx_word' id='word_1_483' title='bbox 705 4575 718 4588; x_wconf 91' lang='grc'><strong>·</strong></span> <span class='ocrx_word' id='word_1_484' title='bbox 756 4560 848 4612; x_wconf 74' lang='grc' dir='ltr'><strong>καὶ</strong></span> <span class='ocrx_word' id='word_1_485' title='bbox 881 4559 962 4612; x_wconf 80' lang='grc' dir='ltr'>ὅτι</span> <span class='ocrx_word' id='word_1_486' title='bbox 997 4556 1138 4610; x_wconf 85' lang='grc' dir='ltr'><strong>κατά</strong></span> <span class='ocrx_word' id='word_1_487' title='bbox 1169 4558 1342 4611; x_wconf 83' lang='grc' dir='ltr'>πάντα</span> <span class='ocrx_word' id='word_1_488' title='bbox 1377 4557 1509 4628; x_wconf 80' lang='grc' dir='ltr'>ἡμῖν</span> <span class='ocrx_word' id='word_1_489' title='bbox 1537 4559 1570 4626; x_wconf 84' lang='grc' dir='ltr'><strong>ἡ</strong></span> <span class='ocrx_word' id='word_1_490' title='bbox 1604 4556 1870 4628; x_wconf 78' lang='grc' dir='ltr'>ληφθεῖσα</span> 
     </span>
    </p>
   </div>
   <div class='ocr_carea' id='block_1_67' title="bbox 293 4635 1868 4719">
    <p class='ocr_par' dir='ltr' id='par_1_67' title="bbox 293 4635 1868 4719">
     <span class='ocr_line' id='line_1_67' title="bbox 293 4635 1868 4719; baseline -0.001 -19"><span class='ocrx_word' id='word_1_491' title='bbox 293 4647 452 4717; x_wconf 82' lang='grc' dir='ltr'>φύσις</span> <span class='ocrx_word' id='word_1_492' title='bbox 485 4646 670 4718; x_wconf 79' lang='grc' dir='ltr'>ἐῴκει,</span> <span class='ocrx_word' id='word_1_493' title='bbox 701 4647 862 4719; x_wconf 89' lang='grc' dir='ltr'>μόνον</span> <span class='ocrx_word' id='word_1_494' title='bbox 887 4635 942 4702; x_wconf 58' lang='lat' dir='ltr'><strong>8‘s</strong></span> <span class='ocrx_word' id='word_1_495' title='bbox 981 4647 1236 4718; x_wconf 87' lang='grc' dir='ltr'>ἀνόμοιος</span> <span class='ocrx_word' id='word_1_496' title='bbox 1265 4641 1334 4717; x_wconf 81' lang='grc' dir='ltr'>ἦν</span> <span class='ocrx_word' id='word_1_497' title='bbox 1362 4645 1438 4716; x_wconf 79' lang='grc' dir='ltr'>τῷ</span> <span class='ocrx_word' id='word_1_498' title='bbox 1475 4646 1652 4717; x_wconf 82' lang='grc' dir='ltr'>πάσης</span> <span class='ocrx_word' id='word_1_499' title='bbox 1688 4646 1868 4718; x_wconf 84' lang='grc' dir='ltr'>ἀμαρ-</span> 
     </span>
    </p>
   </div>
   <div class='ocr_carea' id='block_1_68' title="bbox 290 4735 1864 4809">
    <p class='ocr_par' dir='ltr' id='par_1_68' title="bbox 290 4735 1864 4809">
     <span class='ocr_line' id='line_1_68' title="bbox 290 4735 1864 4809; baseline 0 -19"><span class='ocrx_word' id='word_1_500' title='bbox 290 4737 412 4809; x_wconf 78' lang='grc' dir='ltr'>τίας</span> <span class='ocrx_word' id='word_1_501' title='bbox 437 4737 683 4809; x_wconf 84' lang='grc' dir='ltr'>ἀμύητος</span> <span class='ocrx_word' id='word_1_502' title='bbox 715 4738 986 4809; x_wconf 85' lang='grc' dir='ltr'>διαμεῖναι</span> <span class='ocrx_word' id='word_1_503' title='bbox 1008 4755 1024 4771; x_wconf 78' lang='grc'><strong><em>⁸</em></strong></span> <span class='ocrx_word' id='word_1_504' title='bbox 1060 4737 1360 4809; x_wconf 76' lang='grc' dir='ltr'>ἐπειδήπερ</span> <span class='ocrx_word' id='word_1_505' title='bbox 1395 4737 1495 4790; x_wconf 89' lang='grc' dir='ltr'><strong>οὑκ</strong></span> <span class='ocrx_word' id='word_1_506' title='bbox 1529 4737 1594 4790; x_wconf 84' lang='grc' dir='ltr'>ὲκ</span> <span class='ocrx_word' id='word_1_507' title='bbox 1630 4735 1864 4805; x_wconf 87' lang='grc' dir='ltr'>φύσεως,</span> 
     </span>
    </p>
   </div>
   <div class='ocr_carea' id='block_1_69' title="bbox 292 4807 1870 4904">
    <p class='ocr_par' dir='ltr' id='par_1_69' title="bbox 292 4807 1870 4904">
     <span class='ocr_line' id='line_1_69' title="bbox 292 4807 1870 4904; baseline -0.001 -20"><span class='ocrx_word' id='word_1_508' title='bbox 292 4807 407 4884; x_wconf 69' lang='grc' dir='ltr'>ἀλλ’</span> <span class='ocrx_word' id='word_1_509' title='bbox 435 4807 500 4884; x_wconf 80' lang='grc' dir='ltr'>ὲκ</span> <span class='ocrx_word' id='word_1_510' title='bbox 526 4807 900 4904; x_wconf 78' lang='grc' dir='ltr'>προαιρέσεως</span> <span class='ocrx_word' id='word_1_511' title='bbox 931 4828 1071 4900; x_wconf 76' lang='grc' dir='ltr'>αὕτη</span> <span class='ocrx_word' id='word_1_512' title='bbox 1101 4807 1476 4898; x_wconf 48' lang='grc' dir='ltr'>φύεταιξΕἶχε</span> <span class='ocrx_word' id='word_1_513' title='bbox 1503 4826 1562 4880; x_wconf 84' lang='grc' dir='ltr'><strong>δὲ</strong></span> <span class='ocrx_word' id='word_1_514' title='bbox 1589 4826 1685 4880; x_wconf 70' lang='grc' dir='ltr'><strong>καὶ</strong></span> <span class='ocrx_word' id='word_1_515' title='bbox 1711 4827 1870 4882; x_wconf 79' lang='grc' dir='ltr'>τοῦτο</span> 
     </span>
    </p>
   </div>
   <div class='ocr_carea' id='block_1_70' title="bbox 291 4917 1864 4995">
    <p class='ocr_par' dir='ltr' id='par_1_70' title="bbox 291 4917 1864 4995">
     <span class='ocr_line' id='line_1_70' title="bbox 291 4917 1864 4995; baseline 0.006 -21"><span class='ocrx_word' id='word_1_516' title='bbox 291 4923 359 4976; x_wconf 76' lang='grc' dir='ltr'>τὰ</span> <span class='ocrx_word' id='word_1_517' title='bbox 376 4923 700 4995; x_wconf 76' lang='grc' dir='ltr'>γράμματα,</span> <span class='ocrx_word' id='word_1_518' title='bbox 731 4922 806 4986; x_wconf 83' lang='grc' dir='ltr'>ὡς</span> <span class='ocrx_word' id='word_1_519' title='bbox 836 4917 915 4987; x_wconf 78' lang='grc' dir='ltr'>εἷς</span> <span class='ocrx_word' id='word_1_520' title='bbox 945 4923 1042 4992; x_wconf 83' lang='grc' dir='ltr'>μὲν</span> <span class='ocrx_word' id='word_1_521' title='bbox 1073 4923 1102 4976; x_wconf 89' lang='lat'><strong>6</strong></span> <span class='ocrx_word' id='word_1_522' title='bbox 1123 4918 1414 4992; x_wconf 79' lang='grc' dir='ltr'>μονογενὴς</span> <span class='ocrx_word' id='word_1_523' title='bbox 1443 4917 1536 4970; x_wconf 71' lang='grc' dir='ltr'><strong>τοῦ</strong></span> <span class='ocrx_word' id='word_1_524' title='bbox 1559 4917 1696 4971; x_wconf 71' lang='grc' dir='ltr'>Θεοῦ</span> <span class='ocrx_word' id='word_1_525' title='bbox 1717 4917 1864 4983; x_wconf 78' lang='grc' dir='ltr'><strong>Υἱὸς,</strong></span> 
     </span>
    </p>
   </div>
   <div class='ocr_carea' id='block_1_71' title="bbox 290 5009 1868 5087">
    <p class='ocr_par' dir='ltr' id='par_1_71' title="bbox 290 5009 1868 5087">
     <span class='ocr_line' id='line_1_71' title="bbox 290 5009 1868 5087; baseline -0.004 -20"><span class='ocrx_word' id='word_1_526' title='bbox 290 5012 505 5087; x_wconf 74' lang='grc' dir='ltr'>ἀπαθὴς</span> <span class='ocrx_word' id='word_1_527' title='bbox 531 5013 588 5067; x_wconf 81' lang='grc' dir='ltr'>δὲ</span> <span class='ocrx_word' id='word_1_528' title='bbox 609 5013 769 5067; x_wconf 74' lang='grc' dir='ltr'>αὑτοῧ</span> <span class='ocrx_word' id='word_1_529' title='bbox 803 5015 837 5084; x_wconf 77' lang='grc' dir='ltr'><strong>ἡ</strong></span> <span class='ocrx_word' id='word_1_530' title='bbox 859 5013 1049 5084; x_wconf 88' lang='grc' dir='ltr'>θεότης</span> <span class='ocrx_word' id='word_1_531' title='bbox 1069 5055 1084 5078; x_wconf 88' lang='grc'><strong>,</strong></span> <span class='ocrx_word' id='word_1_532' title='bbox 1133 5011 1226 5066; x_wconf 76' lang='grc' dir='ltr'><strong>καὶ</strong></span> <span class='ocrx_word' id='word_1_533' title='bbox 1256 5011 1523 5081; x_wconf 79' lang='grc' dir='ltr'>ἄτρεπτος</span> <span class='ocrx_word' id='word_1_534' title='bbox 1541 5051 1556 5075; x_wconf 89' lang='grc'><strong>,</strong></span> <span class='ocrx_word' id='word_1_535' title='bbox 1589 5009 1681 5062; x_wconf 74' lang='grc' dir='ltr'><strong>καὶ</strong></span> <span class='ocrx_word' id='word_1_536' title='bbox 1709 5011 1868 5064; x_wconf 76' lang='grc' dir='ltr'>ἀναλ·</span> 
     </span>
    </p>
   </div>
   <div class='ocr_carea' id='block_1_72' title="bbox 290 5101 1870 5182">
    <p class='ocr_par' dir='ltr' id='par_1_72' title="bbox 290 5101 1870 5182">
     <span class='ocr_line' id='line_1_72' title="bbox 290 5101 1870 5182; baseline -0.001 -24"><span class='ocrx_word' id='word_1_537' title='bbox 290 5105 529 5170; x_wconf 86' lang='grc' dir='ltr'>λοίωτος,</span> <span class='ocrx_word' id='word_1_538' title='bbox 565 5104 814 5178; x_wconf 80' lang='grc' dir='ltr'>καθάπερ</span> <span class='ocrx_word' id='word_1_539' title='bbox 850 5107 879 5158; x_wconf 87' lang='grc' dir='ltr'>ὁ</span> <span class='ocrx_word' id='word_1_540' title='bbox 913 5107 1176 5178; x_wconf 79' lang='grc' dir='ltr'>γεννήσας</span> <span class='ocrx_word' id='word_1_541' title='bbox 1221 5103 1384 5157; x_wconf 77' lang='grc' dir='ltr'>αὑτὸν</span> <span class='ocrx_word' id='word_1_542' title='bbox 1416 5101 1628 5173; x_wconf 76' lang='grc' dir='ltr'>Πατὴρ,</span> <span class='ocrx_word' id='word_1_543' title='bbox 1671 5104 1766 5156; x_wconf 62' lang='grc' dir='ltr'><strong>κα)⁸</strong></span> <span class='ocrx_word' id='word_1_544' title='bbox 1809 5101 1870 5182; x_wconf 73' lang='grc' dir='ltr'><strong>τδ</strong></span> 
     </span>
    </p>
   </div>
   <div class='ocr_carea' id='block_1_73' title="bbox 289 5191 1869 5266">
    <p class='ocr_par' dir='ltr' id='par_1_73' title="bbox 289 5191 1869 5266">
     <span class='ocr_line' id='line_1_73' title="bbox 289 5191 1869 5266; baseline -0.002 -18"><span class='ocrx_word' id='word_1_545' title='bbox 289 5195 555 5264; x_wconf 84' lang='grc' dir='ltr'>πανάγιον</span> <span class='ocrx_word' id='word_1_546' title='bbox 581 5194 804 5264; x_wconf 78' lang='grc' dir='ltr'>Πνεῦμα</span> <span class='ocrx_word' id='word_1_547' title='bbox 830 5212 842 5225; x_wconf 89' lang='grc'>·</span> <span class='ocrx_word' id='word_1_548' title='bbox 881 5195 974 5248; x_wconf 74' lang='grc' dir='ltr'><strong>καὶ</strong></span> <span class='ocrx_word' id='word_1_549' title='bbox 999 5196 1087 5250; x_wconf 70' lang='grc' dir='ltr'><strong>διὰ</strong></span> <span class='ocrx_word' id='word_1_550' title='bbox 1116 5195 1274 5248; x_wconf 76' lang='grc' dir='ltr'>τοῦτο</span> <span class='ocrx_word' id='word_1_551' title='bbox 1298 5194 1397 5266; x_wconf 87' lang='grc' dir='ltr'><strong>τὴν</strong></span> <span class='ocrx_word' id='word_1_552' title='bbox 1435 5193 1684 5265; x_wconf 83' lang='grc' dir='ltr'>παθητὴν</span> <span class='ocrx_word' id='word_1_553' title='bbox 1710 5191 1869 5246; x_wconf 78' lang='grc' dir='ltr'>ἔλαϐε</span> 
     </span>
    </p>
   </div>
   <div class='ocr_carea' id='block_1_74' title="bbox 363 5319 736 5393">
    <p class='ocr_par' dir='ltr' id='par_1_74' title="bbox 363 5319 736 5393">
     <span class='ocr_line' id='line_1_74' title="bbox 363 5319 736 5393; baseline -0.003 -9"><span class='ocrx_word' id='word_1_554' title='bbox 363 5331 404 5363; x_wconf 74' lang='grc'><strong>⁸⁸</strong></span> <span class='ocrx_word' id='word_1_555' title='bbox 433 5331 592 5384; x_wconf 83' lang='lat' dir='ltr'><strong>Rom.</strong></span> <span class='ocrx_word' id='word_1_556' title='bbox 623 5319 736 5393; x_wconf 64' lang='lat'><strong>1,8.</strong></span> 
     </span>
    </p>
   </div>
   <div class='ocr_carea' id='block_1_75' title="bbox 291 5450 1867 5520">
    <p class='ocr_par' dir='ltr' id='par_1_75' title="bbox 291 5450 1867 5520">
     <span class='ocr_line' id='line_1_75' title="bbox 291 5450 1867 5520; baseline -0.004 -9"><span class='ocrx_word' id='word_1_557' title='bbox 291 5454 422 5512; x_wconf 79' lang='lat' dir='ltr'><strong>odit.</strong></span> <span class='ocrx_word' id='word_1_558' title='bbox 453 5453 869 5508; x_wconf 87' lang='lat' dir='ltr'><strong>Balleriniorum</strong></span> <span class='ocrx_word' id='word_1_559' title='bbox 903 5459 1033 5504; x_wconf 89' lang='lat' dir='ltr'><strong>tom.</strong></span> <span class='ocrx_word' id='word_1_560' title='bbox 1063 5451 1104 5510; x_wconf 88' lang='grc' dir='ltr'>Ι,</span> <span class='ocrx_word' id='word_1_561' title='bbox 1137 5465 1192 5518; x_wconf 90' lang='lat' dir='ltr'><strong>p.</strong></span> <span class='ocrx_word' id='word_1_562' title='bbox 1234 5450 1330 5504; x_wconf 68' lang='lat' dir='ltr'><strong>9H</strong></span> <span class='ocrx_word' id='word_1_563' title='bbox 1369 5465 1488 5518; x_wconf 86' lang='lat' dir='ltr'><strong>seq.</strong></span> <span class='ocrx_word' id='word_1_564' title='bbox 1519 5465 1586 5504; x_wconf 80' lang='lat' dir='ltr'><strong>ex</strong></span> <span class='ocrx_word' id='word_1_565' title='bbox 1617 5451 1733 5520; x_wconf 88' lang='lat' dir='ltr'><strong>ipsa</strong></span> <span class='ocrx_word' id='word_1_566' title='bbox 1767 5452 1867 5505; x_wconf 88' lang='lat' dir='ltr'><strong>hac</strong></span> 
     </span>
    </p>
   </div>
   <div class='ocr_carea' id='block_1_76' title="bbox 292 5520 1866 5584">
    <p class='ocr_par' dir='ltr' id='par_1_76' title="bbox 292 5520 1866 5584">
     <span class='ocr_line' id='line_1_76' title="bbox 292 5520 1866 5584; baseline -0.004 -4"><span class='ocrx_word' id='word_1_567' title='bbox 292 5524 568 5581; x_wconf 87' lang='lat' dir='ltr'><strong>Sirmondi</strong></span> <span class='ocrx_word' id='word_1_568' title='bbox 596 5523 864 5584; x_wconf 86' lang='lat' dir='ltr'><strong>editione,</strong></span> <span class='ocrx_word' id='word_1_569' title='bbox 896 5520 1086 5574; x_wconf 86' lang='lat' dir='ltr'><strong>Latine</strong></span> <span class='ocrx_word' id='word_1_570' title='bbox 1126 5520 1195 5572; x_wconf 91' lang='lat' dir='ltr'><strong>ab</strong></span> <span class='ocrx_word' id='word_1_571' title='bbox 1233 5520 1470 5573; x_wconf 86' lang='lat' dir='ltr'><strong>llerveto</strong></span> <span class='ocrx_word' id='word_1_572' title='bbox 1515 5530 1642 5574; x_wconf 86' lang='lat' dir='ltr'><strong>ante</strong></span> <span class='ocrx_word' id='word_1_573' title='bbox 1691 5522 1866 5574; x_wconf 50' lang='lat' dir='ltr'><strong>inter;-</strong></span> 
     </span>
    </p>
   </div>
   <div class='ocr_carea' id='block_1_77' title="bbox 290 5588 1868 5663">
    <p class='ocr_par' dir='ltr' id='par_1_77' title="bbox 290 5588 1868 5663">
     <span class='ocr_line' id='line_1_77' title="bbox 290 5588 1868 5663; baseline -0.004 -13"><span class='ocrx_word' id='word_1_574' title='bbox 290 5595 654 5663; x_wconf 86' lang='lat' dir='ltr'><strong>pretationem</strong></span> <span class='ocrx_word' id='word_1_575' title='bbox 703 5590 1224 5663; x_wconf 69' lang='lat' dir='ltr'><strong>commentariorum</strong></span> <span class='ocrx_word' id='word_1_576' title='bbox 1263 5588 1595 5663; x_wconf 76' lang='lat' dir='ltr'><strong>Theodoreti</strong></span> <span class='ocrx_word' id='word_1_577' title='bbox 1638 5590 1690 5644; x_wconf 90' lang='lat' dir='ltr'><strong>in</strong></span> <span class='ocrx_word' id='word_1_578' title='bbox 1739 5591 1868 5663; x_wconf 72' lang='lat' dir='ltr'><strong>Epi—</strong></span> 
     </span>
    </p>
   </div>
   <div class='ocr_carea' id='block_1_78' title="bbox 291 5657 1866 5738">
    <p class='ocr_par' dir='ltr' id='par_1_78' title="bbox 291 5657 1866 5738">
     <span class='ocr_line' id='line_1_78' title="bbox 291 5657 1866 5738; baseline -0.004 -17"><span class='ocrx_word' id='word_1_579' title='bbox 291 5657 461 5721; x_wconf 68' lang='lat' dir='ltr'><strong>stolas</strong></span> <span class='ocrx_word' id='word_1_580' title='bbox 481 5663 633 5720; x_wconf 82' lang='lat' dir='ltr'><strong>Pauli</strong></span> <span class='ocrx_word' id='word_1_581' title='bbox 660 5661 909 5738; x_wconf 86' lang='lat' dir='ltr'><strong>apostoli,</strong></span> <span class='ocrx_word' id='word_1_582' title='bbox 943 5660 1084 5730; x_wconf 88' lang='lat' dir='ltr'><strong>apud</strong></span> <span class='ocrx_word' id='word_1_583' title='bbox 1132 5657 1684 5728; x_wconf 82' lang='lat' dir='ltr'><strong>Baronium‘qquue</strong></span> <span class='ocrx_word' id='word_1_584' title='bbox 1715 5657 1866 5716; x_wconf 48' lang='lat' dir='ltr'><strong>ad&#39;a.</strong></span> 
     </span>
    </p>
   </div>
   <div class='ocr_carea' id='block_1_79' title="bbox 1977 1811 3548 1879">
    <p class='ocr_par' dir='ltr' id='par_1_79' title="bbox 1977 1811 3548 1879">
     <span class='ocr_line' id='line_1_79' title="bbox 1977 1811 3548 1879; baseline 0.001 -12"><span class='ocrx_word' id='word_1_585' title='bbox 1977 1811 2132 1867; x_wconf 90' lang='lat' dir='ltr'><strong>testis</strong></span> <span class='ocrx_word' id='word_1_586' title='bbox 2155 1812 2386 1866; x_wconf 88' lang='lat' dir='ltr'><strong>idoneus</strong></span> <span class='ocrx_word' id='word_1_587' title='bbox 2413 1821 2496 1868; x_wconf 88' lang='lat' dir='ltr'><strong>est</strong></span> <span class='ocrx_word' id='word_1_588' title='bbox 2518 1812 2738 1868; x_wconf 89' lang='lat' dir='ltr'><strong>divinus</strong></span> <span class='ocrx_word' id='word_1_589' title='bbox 2765 1813 2985 1879; x_wconf 84' lang='lat' dir='ltr'><strong>Paulus,</strong></span> <span class='ocrx_word' id='word_1_590' title='bbox 3022 1814 3262 1868; x_wconf 88' lang='lat' dir='ltr'><strong>clamans</strong></span> <span class='ocrx_word' id='word_1_591' title='bbox 3292 1832 3305 1868; x_wconf 91' lang='lat'><strong>:</strong></span> <span class='ocrx_word' id='word_1_592' title='bbox 3341 1835 3358 1866; x_wconf 79' lang='grc' dir='ltr'><strong>ι</strong></span> <span class='ocrx_word' id='word_1_593' title='bbox 3387 1817 3548 1871; x_wconf 81' lang='lat' dir='ltr'><strong>Fides</strong></span> 
     </span>
    </p>
   </div>
   <div class='ocr_carea' id='block_1_80' title="bbox 1973 1903 3545 1972">
    <p class='ocr_par' dir='ltr' id='par_1_80' title="bbox 1973 1903 3545 1972">
     <span class='ocr_line' id='line_1_80' title="bbox 1973 1903 3545 1972; baseline 0.003 -17"><span class='ocrx_word' id='word_1_594' title='bbox 1973 1911 2155 1958; x_wconf 87' lang='lat' dir='ltr'><strong>vestra</strong></span> <span class='ocrx_word' id='word_1_595' title='bbox 2202 1903 2564 1958; x_wconf 86' lang='lat' dir='ltr'><strong>annuntiatur</strong></span> <span class='ocrx_word' id='word_1_596' title='bbox 2595 1903 2652 1956; x_wconf 89' lang='lat' dir='ltr'><strong>in</strong></span> <span class='ocrx_word' id='word_1_597' title='bbox 2693 1903 2952 1957; x_wconf 86' lang='lat' dir='ltr'><strong>universo</strong></span> <span class='ocrx_word' id='word_1_598' title='bbox 2978 1903 3186 1957; x_wconf 88' lang='lat' dir='ltr'><strong>mundo</strong></span> <span class='ocrx_word' id='word_1_599' title='bbox 3220 1903 3282 1956; x_wconf 79' lang='lat'><strong>&quot;&#39;.</strong></span> <span class='ocrx_word' id='word_1_600' title='bbox 3327 1923 3344 1955; x_wconf 71' lang='grc' dir='ltr'><strong>ι</strong></span> <span class='ocrx_word' id='word_1_601' title='bbox 3390 1903 3545 1972; x_wconf 83' lang='lat' dir='ltr'><strong>Quod</strong></span> 
     </span>
    </p>
   </div>
   <div class='ocr_carea' id='block_1_81' title="bbox 1974 1993 3546 2066">
    <p class='ocr_par' dir='ltr' id='par_1_81' title="bbox 1974 1993 3546 2066">
     <span class='ocr_line' id='line_1_81' title="bbox 1974 1993 3546 2066; baseline 0.002 -18"><span class='ocrx_word' id='word_1_602' title='bbox 1974 1994 2018 2048; x_wconf 91' lang='lat' dir='ltr'><strong>si</strong></span> <span class='ocrx_word' id='word_1_603' title='bbox 2045 1993 2226 2048; x_wconf 89' lang='lat' dir='ltr'><strong>statim</strong></span> <span class='ocrx_word' id='word_1_604' title='bbox 2263 2001 2387 2065; x_wconf 91' lang='lat' dir='ltr'><strong>post</strong></span> <span class='ocrx_word' id='word_1_605' title='bbox 2427 2005 2680 2065; x_wconf 89' lang='lat' dir='ltr'><strong>suscepta</strong></span> <span class='ocrx_word' id='word_1_606' title='bbox 2717 1996 2975 2050; x_wconf 89' lang='lat' dir='ltr'><strong>salutaris</strong></span> <span class='ocrx_word' id='word_1_607' title='bbox 3011 1994 3420 2066; x_wconf 65' lang='lat' dir='ltr'><strong>praedicationis</strong></span> <span class='ocrx_word' id='word_1_608' title='bbox 3455 2011 3546 2051; x_wconf 88' lang='lat' dir='ltr'><strong>se-</strong></span> 
     </span>
    </p>
   </div>
   <div class='ocr_carea' id='block_1_82' title="bbox 1973 2084 3550 2156">
    <p class='ocr_par' dir='ltr' id='par_1_82' title="bbox 1973 2084 3550 2156">
     <span class='ocr_line' id='line_1_82' title="bbox 1973 2084 3550 2156; baseline 0.003 -18"><span class='ocrx_word' id='word_1_609' title='bbox 1973 2085 2122 2138; x_wconf 86' lang='lat' dir='ltr'><strong>mina</strong></span> <span class='ocrx_word' id='word_1_610' title='bbox 2150 2084 2433 2139; x_wconf 87' lang='lat' dir='ltr'><strong>mirabiles</strong></span> <span class='ocrx_word' id='word_1_611' title='bbox 2471 2086 2571 2140; x_wconf 84' lang='lat' dir='ltr'><strong>hos</strong></span> <span class='ocrx_word' id='word_1_612' title='bbox 2595 2085 2806 2141; x_wconf 85' lang='lat' dir='ltr'><strong>fruetus</strong></span> <span class='ocrx_word' id='word_1_613' title='bbox 2833 2086 3110 2141; x_wconf 89' lang='lat' dir='ltr'><strong>uberrime</strong></span> <span class='ocrx_word' id='word_1_614' title='bbox 3136 2086 3385 2156; x_wconf 87' lang='lat' dir='ltr'><strong>protulit,</strong></span> <span class='ocrx_word' id='word_1_615' title='bbox 3412 2102 3550 2156; x_wconf 77' lang='lat' dir='ltr'><strong>pra:-</strong></span> 
     </span>
    </p>
   </div>
   <div class='ocr_carea' id='block_1_83' title="bbox 1974 2175 3552 2249">
    <p class='ocr_par' dir='ltr' id='par_1_83' title="bbox 1974 2175 3552 2249">
     <span class='ocr_line' id='line_1_83' title="bbox 1974 2175 3552 2249; baseline 0 -18"><span class='ocrx_word' id='word_1_616' title='bbox 1974 2175 2222 2232; x_wconf 72' lang='lat' dir='ltr'><strong>dicauda:</strong></span> <span class='ocrx_word' id='word_1_617' title='bbox 2247 2191 2368 2246; x_wconf 64' lang='lat' dir='ltr'><strong>quae</strong></span> <span class='ocrx_word' id='word_1_618' title='bbox 2401 2177 2457 2230; x_wconf 90' lang='lat' dir='ltr'><strong>in</strong></span> <span class='ocrx_word' id='word_1_619' title='bbox 2486 2192 2550 2232; x_wconf 91' lang='lat' dir='ltr'><strong>ca</strong></span> <span class='ocrx_word' id='word_1_620' title='bbox 2575 2193 2724 2233; x_wconf 90' lang='lat' dir='ltr'><strong>nunc</strong></span> <span class='ocrx_word' id='word_1_621' title='bbox 2771 2179 2918 2249; x_wconf 87' lang='lat' dir='ltr'><strong>viget</strong></span> <span class='ocrx_word' id='word_1_622' title='bbox 2945 2177 3134 2248; x_wconf 88' lang='lat' dir='ltr'><strong>pietati</strong></span> <span class='ocrx_word' id='word_1_623' title='bbox 3171 2193 3422 2247; x_wconf 70' lang='lat' dir='ltr'><strong>quaenam</strong></span> <span class='ocrx_word' id='word_1_624' title='bbox 3448 2192 3552 2248; x_wconf 87' lang='lat' dir='ltr'><strong>par</strong></span> 
     </span>
    </p>
   </div>
   <div class='ocr_carea' id='block_1_84' title="bbox 1973 2267 3546 2340">
    <p class='ocr_par' dir='ltr' id='par_1_84' title="bbox 1973 2267 3546 2340">
     <span class='ocr_line' id='line_1_84' title="bbox 1973 2267 3546 2340; baseline 0.001 -18"><span class='ocrx_word' id='word_1_625' title='bbox 1973 2283 2094 2323; x_wconf 90' lang='lat' dir='ltr'><strong>esse</strong></span> <span class='ocrx_word' id='word_1_626' title='bbox 2142 2267 2316 2337; x_wconf 87' lang='lat' dir='ltr'><strong>possit</strong></span> <span class='ocrx_word' id='word_1_627' title='bbox 2373 2268 2594 2322; x_wconf 88' lang='lat' dir='ltr'><strong>oratio?</strong></span> <span class='ocrx_word' id='word_1_628' title='bbox 2629 2267 2804 2324; x_wconf 78' lang='lat' dir='ltr'><strong>liabet</strong></span> <span class='ocrx_word' id='word_1_629' title='bbox 2852 2277 3117 2340; x_wconf 74' lang='lat' dir='ltr'><strong>praeterea</strong></span> <span class='ocrx_word' id='word_1_630' title='bbox 3175 2269 3546 2324; x_wconf 88' lang='lat' dir='ltr'><strong>communium</strong></span> 
     </span>
    </p>
   </div>
   <div class='ocr_carea' id='block_1_85' title="bbox 1974 2358 3553 2429">
    <p class='ocr_par' dir='ltr' id='par_1_85' title="bbox 1974 2358 3553 2429">
     <span class='ocr_line' id='line_1_85' title="bbox 1974 2358 3553 2429; baseline 0.002 -15"><span class='ocrx_word' id='word_1_631' title='bbox 1974 2360 2195 2414; x_wconf 87' lang='lat' dir='ltr'><strong>Patrum</strong></span> <span class='ocrx_word' id='word_1_632' title='bbox 2222 2358 2719 2429; x_wconf 80' lang='lat' dir='ltr'><strong>magistrorumque</strong></span> <span class='ocrx_word' id='word_1_633' title='bbox 2749 2361 2999 2416; x_wconf 79' lang='lat' dir='ltr'><strong>veritatis</strong></span> <span class='ocrx_word' id='word_1_634' title='bbox 3026 2361 3172 2417; x_wconf 91' lang='lat' dir='ltr'><strong>Petri</strong></span> <span class='ocrx_word' id='word_1_635' title='bbox 3197 2369 3253 2417; x_wconf 90' lang='lat' dir='ltr'><strong>et</strong></span> <span class='ocrx_word' id='word_1_636' title='bbox 3275 2362 3429 2418; x_wconf 87' lang='lat' dir='ltr'><strong>Pauli</strong></span> <span class='ocrx_word' id='word_1_637' title='bbox 3464 2377 3553 2417; x_wconf 87' lang='lat' dir='ltr'><strong>se—</strong></span> 
     </span>
    </p>
   </div>
   <div class='ocr_carea' id='block_1_86' title="bbox 1974 2439 3548 2522">
    <p class='ocr_par' dir='ltr' id='par_1_86' title="bbox 1974 2439 3548 2522">
     <span class='ocr_line' id='line_1_86' title="bbox 1974 2439 3548 2522; baseline 0.004 -18"><span class='ocrx_word' id='word_1_638' title='bbox 1974 2439 2184 2520; x_wconf 86' lang='lat' dir='ltr'><strong>pulcra,</strong></span> <span class='ocrx_word' id='word_1_639' title='bbox 2220 2450 2461 2506; x_wconf 89' lang='lat' dir='ltr'><strong>ﬁdelium</strong></span> <span class='ocrx_word' id='word_1_640' title='bbox 2497 2454 2708 2508; x_wconf 84' lang='lat' dir='ltr'><strong>animas</strong></span> <span class='ocrx_word' id='word_1_641' title='bbox 2732 2452 3120 2509; x_wconf 89' lang='lat' dir='ltr'><strong>illuminantia.</strong></span> <span class='ocrx_word' id='word_1_642' title='bbox 3145 2453 3385 2522; x_wconf 86' lang='lat' dir='ltr'><strong>Quorum</strong></span> <span class='ocrx_word' id='word_1_643' title='bbox 3418 2455 3548 2510; x_wconf 87' lang='lat' dir='ltr'><strong>bea-</strong></span> 
     </span>
    </p>
   </div>
   <div class='ocr_carea' id='block_1_87' title="bbox 1973 2542 3548 2615">
    <p class='ocr_par' dir='ltr' id='par_1_87' title="bbox 1973 2542 3548 2615">
     <span class='ocr_line' id='line_1_87' title="bbox 1973 2542 3548 2615; baseline 0.005 -21"><span class='ocrx_word' id='word_1_644' title='bbox 1973 2542 2245 2596; x_wconf 89' lang='lat' dir='ltr'><strong>tissimum</strong></span> <span class='ocrx_word' id='word_1_645' title='bbox 2261 2558 2325 2598; x_wconf 91' lang='lat' dir='ltr'><strong>ac</strong></span> <span class='ocrx_word' id='word_1_646' title='bbox 2341 2544 2590 2599; x_wconf 86' lang='lat' dir='ltr'><strong>divinum</strong></span> <span class='ocrx_word' id='word_1_647' title='bbox 2610 2561 2728 2614; x_wconf 87' lang='lat' dir='ltr'><strong>par,</strong></span> <span class='ocrx_word' id='word_1_648' title='bbox 2747 2545 2802 2599; x_wconf 88' lang='lat' dir='ltr'><strong>in</strong></span> <span class='ocrx_word' id='word_1_649' title='bbox 2821 2543 3044 2600; x_wconf 85' lang='lat' dir='ltr'><strong>Oriente</strong></span> <span class='ocrx_word' id='word_1_650' title='bbox 3059 2547 3282 2615; x_wconf 91' lang='lat' dir='ltr'><strong>quidem</strong></span> <span class='ocrx_word' id='word_1_651' title='bbox 3297 2556 3548 2602; x_wconf 77' lang='lat' dir='ltr'><strong>exortum</strong></span> 
     </span>
    </p>
   </div>
   <div class='ocr_carea' id='block_1_88' title="bbox 1973 2621 3551 2706">
    <p class='ocr_par' dir='ltr' id='par_1_88' title="bbox 1973 2621 3551 2706">
     <span class='ocr_line' id='line_1_88' title="bbox 1973 2621 3551 2706; baseline 0.004 -19"><span class='ocrx_word' id='word_1_652' title='bbox 1973 2641 2076 2697; x_wconf 91' lang='lat' dir='ltr'><strong>est,</strong></span> <span class='ocrx_word' id='word_1_653' title='bbox 2091 2641 2146 2688; x_wconf 90' lang='lat' dir='ltr'><strong>et</strong></span> <span class='ocrx_word' id='word_1_654' title='bbox 2158 2635 2340 2689; x_wconf 89' lang='lat' dir='ltr'><strong>radios</strong></span> <span class='ocrx_word' id='word_1_655' title='bbox 2356 2651 2795 2706; x_wconf 84' lang='lat' dir='ltr'><strong>quaquaversum</strong></span> <span class='ocrx_word' id='word_1_656' title='bbox 2814 2621 3034 2692; x_wconf 73' lang='lat' dir='ltr'><strong>diffudit.</strong></span> <span class='ocrx_word' id='word_1_657' title='bbox 3049 2655 3062 2692; x_wconf 88' lang='lat'>:</span> <span class='ocrx_word' id='word_1_658' title='bbox 3076 2637 3172 2693; x_wconf 91' lang='lat' dir='ltr'><strong>sed</strong></span> <span class='ocrx_word' id='word_1_659' title='bbox 3189 2639 3242 2692; x_wconf 90' lang='lat' dir='ltr'><strong>in</strong></span> <span class='ocrx_word' id='word_1_660' title='bbox 3257 2637 3551 2694; x_wconf 87' lang='lat' dir='ltr'><strong>Occidente</strong></span> 
     </span>
    </p>
   </div>
   <div class='ocr_carea' id='block_1_89' title="bbox 1973 2724 3550 2798">
    <p class='ocr_par' dir='ltr' id='par_1_89' title="bbox 1973 2724 3550 2798">
     <span class='ocr_line' id='line_1_89' title="bbox 1973 2724 3550 2798; baseline 0.005 -20"><span class='ocrx_word' id='word_1_661' title='bbox 1973 2724 2098 2778; x_wconf 73' lang='lat' dir='ltr'><strong>vitae</strong></span> <span class='ocrx_word' id='word_1_662' title='bbox 2120 2739 2374 2780; x_wconf 89' lang='lat' dir='ltr'><strong>occasum</strong></span> <span class='ocrx_word' id='word_1_663' title='bbox 2401 2727 2547 2781; x_wconf 90' lang='lat' dir='ltr'><strong>ultro</strong></span> <span class='ocrx_word' id='word_1_664' title='bbox 2575 2727 2766 2792; x_wconf 88' lang='lat' dir='ltr'><strong>subiit,</strong></span> <span class='ocrx_word' id='word_1_665' title='bbox 2805 2735 2968 2798; x_wconf 89' lang='lat' dir='ltr'><strong>atque</strong></span> <span class='ocrx_word' id='word_1_666' title='bbox 3003 2728 3130 2784; x_wconf 90' lang='lat' dir='ltr'><strong>inde</strong></span> <span class='ocrx_word' id='word_1_667' title='bbox 3174 2745 3324 2786; x_wconf 89' lang='lat' dir='ltr'><strong>nunc</strong></span> <span class='ocrx_word' id='word_1_668' title='bbox 3356 2730 3550 2786; x_wconf 86' lang='lat' dir='ltr'><strong>orbem</strong></span> 
     </span>
    </p>
   </div>
   <div class='ocr_carea' id='block_1_90' title="bbox 1976 2813 3548 2876">
    <p class='ocr_par' dir='ltr' id='par_1_90' title="bbox 1976 2813 3548 2876">
     <span class='ocr_line' id='line_1_90' title="bbox 1976 2813 3548 2876; baseline 0.006 -10"><span class='ocrx_word' id='word_1_669' title='bbox 1976 2813 2294 2870; x_wconf 89' lang='lat' dir='ltr'><strong>universum</strong></span> <span class='ocrx_word' id='word_1_670' title='bbox 2327 2816 2634 2873; x_wconf 89' lang='lat' dir='ltr'><strong>collustrat.</strong></span> <span class='ocrx_word' id='word_1_671' title='bbox 2681 2817 2746 2872; x_wconf 82' lang='lat' dir='ltr'><strong>Hi</strong></span> <span class='ocrx_word' id='word_1_672' title='bbox 2785 2819 2968 2874; x_wconf 87' lang='lat' dir='ltr'><strong>sedem</strong></span> <span class='ocrx_word' id='word_1_673' title='bbox 3001 2828 3236 2875; x_wconf 78' lang='lat' dir='ltr'><strong>vestram</strong></span> <span class='ocrx_word' id='word_1_674' title='bbox 3268 2821 3548 2876; x_wconf 85' lang='lat' dir='ltr'><strong>nobilissi-</strong></span> 
     </span>
    </p>
   </div>
   <div class='ocr_carea' id='block_1_91' title="bbox 1977 2905 3550 2968">
    <p class='ocr_par' dir='ltr' id='par_1_91' title="bbox 1977 2905 3550 2968">
     <span class='ocr_line' id='line_1_91' title="bbox 1977 2905 3550 2968; baseline 0.007 -11"><span class='ocrx_word' id='word_1_675' title='bbox 1977 2919 2119 2958; x_wconf 89' lang='lat' dir='ltr'><strong>mam</strong></span> <span class='ocrx_word' id='word_1_676' title='bbox 2168 2905 2531 2962; x_wconf 90' lang='lat' dir='ltr'><strong>reddiderunt</strong></span> <span class='ocrx_word' id='word_1_677' title='bbox 2572 2925 2586 2961; x_wconf 91' lang='lat'><strong>:</strong></span> <span class='ocrx_word' id='word_1_678' title='bbox 2633 2908 2727 2963; x_wconf 85' lang='lat' dir='ltr'><strong>hic</strong></span> <span class='ocrx_word' id='word_1_679' title='bbox 2773 2908 3045 2964; x_wconf 88' lang='lat' dir='ltr'><strong>bonorum</strong></span> <span class='ocrx_word' id='word_1_680' title='bbox 3106 2921 3416 2966; x_wconf 88' lang='lat' dir='ltr'><strong>vestrorum</strong></span> <span class='ocrx_word' id='word_1_681' title='bbox 3464 2923 3550 2968; x_wconf 86' lang='lat' dir='ltr'><strong>est</strong></span> 
     </span>
    </p>
   </div>
   <div class='ocr_carea' id='block_1_92' title="bbox 1899 2997 3551 3090">
    <p class='ocr_par' dir='ltr' id='par_1_92' title="bbox 1899 2997 3551 3090">
     <span class='ocr_line' id='line_1_92' title="bbox 1899 2997 3551 3090; baseline 0.005 -41"><span class='ocrx_word' id='word_1_682' title='bbox 1899 3035 1941 3090; x_wconf 66' lang='grc' dir='ltr'><strong>ο</strong></span> <span class='ocrx_word' id='word_1_683' title='bbox 1975 3011 2133 3065; x_wconf 83' lang='lat' dir='ltr'><strong>apex.</strong></span> <span class='ocrx_word' id='word_1_684' title='bbox 2173 2997 2240 3052; x_wconf 84' lang='lat' dir='ltr'><strong>At</strong></span> <span class='ocrx_word' id='word_1_685' title='bbox 2277 2999 2494 3054; x_wconf 91' lang='lat' dir='ltr'><strong>illorum</strong></span> <span class='ocrx_word' id='word_1_686' title='bbox 2540 3000 2728 3055; x_wconf 87' lang='lat' dir='ltr'><strong>sedem</strong></span> <span class='ocrx_word' id='word_1_687' title='bbox 2761 3016 2912 3056; x_wconf 86' lang='lat' dir='ltr'><strong>nunc</strong></span> <span class='ocrx_word' id='word_1_688' title='bbox 2943 3002 3108 3056; x_wconf 88' lang='lat' dir='ltr'><strong>etiam</strong></span> <span class='ocrx_word' id='word_1_689' title='bbox 3147 3002 3362 3057; x_wconf 90' lang='lat' dir='ltr'><strong>illorum</strong></span> <span class='ocrx_word' id='word_1_690' title='bbox 3403 3003 3551 3058; x_wconf 87' lang='lat' dir='ltr'><strong>Deus</strong></span> 
     </span>
    </p>
   </div>
   <div class='ocr_carea' id='block_1_93' title="bbox 1977 3087 3550 3155">
    <p class='ocr_par' dir='ltr' id='par_1_93' title="bbox 1977 3087 3550 3155">
     <span class='ocr_line' id='line_1_93' title="bbox 1977 3087 3550 3155; baseline 0.004 -14"><span class='ocrx_word' id='word_1_691' title='bbox 1977 3087 2289 3155; x_wconf 83' lang='lat' dir='ltr'><strong>illustravit,</strong></span> <span class='ocrx_word' id='word_1_692' title='bbox 2309 3089 2442 3144; x_wconf 92' lang='lat' dir='ltr'><strong>dum</strong></span> <span class='ocrx_word' id='word_1_693' title='bbox 2469 3091 2524 3144; x_wconf 89' lang='lat' dir='ltr'><strong>in</strong></span> <span class='ocrx_word' id='word_1_694' title='bbox 2542 3107 2606 3146; x_wconf 89' lang='lat' dir='ltr'><strong>ea</strong></span> <span class='ocrx_word' id='word_1_695' title='bbox 2626 3092 2972 3147; x_wconf 87' lang='lat' dir='ltr'><strong>sanctitatem</strong></span> <span class='ocrx_word' id='word_1_696' title='bbox 2989 3102 3224 3148; x_wconf 87' lang='lat' dir='ltr'><strong>vestram</strong></span> <span class='ocrx_word' id='word_1_697' title='bbox 3244 3103 3406 3150; x_wconf 78' lang='lat' dir='ltr'><strong>recta:</strong></span> <span class='ocrx_word' id='word_1_698' title='bbox 3425 3094 3550 3150; x_wconf 87' lang='lat' dir='ltr'><strong>ﬁdei</strong></span> 
     </span>
    </p>
   </div>
   <div class='ocr_carea' id='block_1_94' title="bbox 1979 3181 2838 3240">
    <p class='ocr_par' dir='ltr' id='par_1_94' title="bbox 1979 3181 2838 3240">
     <span class='ocr_line' id='line_1_94' title="bbox 1979 3181 2838 3240; baseline 0.007 -6"><span class='ocrx_word' id='word_1_699' title='bbox 1979 3182 2162 3235; x_wconf 89' lang='lat' dir='ltr'><strong>radios</strong></span> <span class='ocrx_word' id='word_1_700' title='bbox 2181 3181 2500 3238; x_wconf 83' lang='lat' dir='ltr'><strong>fundentem</strong></span> <span class='ocrx_word' id='word_1_701' title='bbox 2533 3184 2838 3240; x_wconf 84' lang='lat' dir='ltr'><strong>constituit.</strong></span> 
     </span>
    </p>
   </div>
   <div class='ocr_carea' id='block_1_95' title="bbox 1929 3275 3550 3354">
    <p class='ocr_par' dir='ltr' id='par_1_95' title="bbox 1929 3275 3550 3354">
     <span class='ocr_line' id='line_1_95' title="bbox 1929 3275 3550 3354; baseline 0.005 -26"><span class='ocrx_word' id='word_1_702' title='bbox 1929 3275 2028 3346; x_wconf 79' lang='grc' dir='ltr'><strong>τὴν</strong></span> <span class='ocrx_word' id='word_1_703' title='bbox 2056 3277 2326 3347; x_wconf 83' lang='grc' dir='ltr'>ὑμετέραν</span> <span class='ocrx_word' id='word_1_704' title='bbox 2356 3277 2666 3349; x_wconf 83' lang='grc' dir='ltr'>ἁγιωσύνην</span> <span class='ocrx_word' id='word_1_705' title='bbox 2707 3280 2928 3348; x_wconf 79' lang='grc' dir='ltr'>ίδρύσας</span> <span class='ocrx_word' id='word_1_706' title='bbox 2965 3281 3024 3335; x_wconf 83' lang='grc' dir='ltr'>ὲν</span> <span class='ocrx_word' id='word_1_707' title='bbox 3061 3281 3230 3352; x_wconf 81' lang='grc' dir='ltr'>τούτῳ</span> <span class='ocrx_word' id='word_1_708' title='bbox 3256 3282 3370 3353; x_wconf 75' lang='grc' dir='ltr'>τῆς·</span> <span class='ocrx_word' id='word_1_709' title='bbox 3393 3281 3550 3354; x_wconf 81' lang='grc' dir='ltr'>ὀρθο-</span> 
     </span>
    </p>
   </div>
   <div class='ocr_carea' id='block_1_96' title="bbox 1989 3455 3552 3540">
    <p class='ocr_par' dir='ltr' id='par_1_96' title="bbox 1989 3455 3552 3540">
     <span class='ocr_line' id='line_1_96' title="bbox 1989 3455 3552 3540; baseline 0.008 -25"><span class='ocrx_word' id='word_1_710' title='bbox 1989 3455 1996 3460; x_wconf 81' lang='grc'><em>’</em></span> <span class='ocrx_word' id='word_1_711' title='bbox 2041 3460 2210 3529; x_wconf 80' lang='lat' dir='ltr'><strong>Cujus</strong></span> <span class='ocrx_word' id='word_1_712' title='bbox 2236 3461 2460 3540; x_wconf 87' lang='lat' dir='ltr'><strong>quidem</strong></span> <span class='ocrx_word' id='word_1_713' title='bbox 2486 3462 2563 3516; x_wconf 90' lang='lat' dir='ltr'><strong>rei</strong></span> <span class='ocrx_word' id='word_1_714' title='bbox 2593 3479 2718 3518; x_wconf 90' lang='lat' dir='ltr'><strong>cum</strong></span> <span class='ocrx_word' id='word_1_715' title='bbox 2743 3463 2846 3518; x_wconf 90' lang='lat' dir='ltr'><strong>alia</strong></span> <span class='ocrx_word' id='word_1_716' title='bbox 2874 3465 3044 3520; x_wconf 86' lang='lat' dir='ltr'><strong>multa</strong></span> <span class='ocrx_word' id='word_1_717' title='bbox 3074 3465 3128 3520; x_wconf 89' lang='lat' dir='ltr'><strong>in</strong></span> <span class='ocrx_word' id='word_1_718' title='bbox 3156 3480 3409 3540; x_wconf 89' lang='lat' dir='ltr'><strong>promptu</strong></span> <span class='ocrx_word' id='word_1_719' title='bbox 3441 3473 3552 3529; x_wconf 86' lang='lat' dir='ltr'><strong>sint</strong></span> 
     </span>
    </p>
   </div>
   <div class='ocr_carea' id='block_1_97' title="bbox 1971 3537 3551 3623">
    <p class='ocr_par' dir='ltr' id='par_1_97' title="bbox 1971 3537 3551 3623">
     <span class='ocr_line' id='line_1_97' title="bbox 1971 3537 3551 3623; baseline 0.008 -17"><span class='ocrx_word' id='word_1_720' title='bbox 1971 3558 2312 3623; x_wconf 78' lang='lat' dir='ltr'><strong>argumenta,</strong></span> <span class='ocrx_word' id='word_1_721' title='bbox 2358 3537 2557 3606; x_wconf 72' lang='lat' dir='ltr'><strong>Sufﬁcit</strong></span> <span class='ocrx_word' id='word_1_722' title='bbox 2588 3554 2740 3608; x_wconf 89' lang='lat' dir='ltr'><strong>zelus</strong></span> <span class='ocrx_word' id='word_1_723' title='bbox 2787 3563 2970 3611; x_wconf 86' lang='lat' dir='ltr'><strong>vester</strong></span> <span class='ocrx_word' id='word_1_724' title='bbox 3010 3558 3272 3612; x_wconf 89' lang='lat' dir='ltr'><strong>adversus</strong></span> <span class='ocrx_word' id='word_1_725' title='bbox 3321 3561 3551 3618; x_wconf 81' lang='lat' dir='ltr'><strong>infames</strong></span> 
     </span>
    </p>
   </div>
   <div class='ocr_carea' id='block_1_98' title="bbox 1971 3642 3551 3721">
    <p class='ocr_par' dir='ltr' id='par_1_98' title="bbox 1971 3642 3551 3721">
     <span class='ocr_line' id='line_1_98' title="bbox 1971 3642 3551 3721; baseline 0.009 -25"><span class='ocrx_word' id='word_1_726' title='bbox 1971 3642 2320 3706; x_wconf 74' lang='lat' dir='ltr'><strong>Manichacus,</strong></span> <span class='ocrx_word' id='word_1_727' title='bbox 2349 3659 2512 3712; x_wconf 87' lang='lat' dir='ltr'><strong>quem</strong></span> <span class='ocrx_word' id='word_1_728' title='bbox 2539 3645 2799 3701; x_wconf 88' lang='lat' dir='ltr'><strong>sanctitas</strong></span> <span class='ocrx_word' id='word_1_729' title='bbox 2822 3656 3002 3704; x_wconf 86' lang='lat' dir='ltr'><strong>vestra</strong></span> <span class='ocrx_word' id='word_1_730' title='bbox 3033 3667 3211 3721; x_wconf 91' lang='lat' dir='ltr'><strong>nuper</strong></span> <span class='ocrx_word' id='word_1_731' title='bbox 3231 3653 3468 3718; x_wconf 84' lang='lat' dir='ltr'><strong>exeruit,</strong></span> <span class='ocrx_word' id='word_1_732' title='bbox 3495 3667 3551 3711; x_wconf 90' lang='lat' dir='ltr'><strong>et</strong></span> 
     </span>
    </p>
   </div>
   <div class='ocr_carea' id='block_1_99' title="bbox 1971 3732 3552 3804">
    <p class='ocr_par' dir='ltr' id='par_1_99' title="bbox 1971 3732 3552 3804">
     <span class='ocr_line' id='line_1_99' title="bbox 1971 3732 3552 3804; baseline 0.008 -16"><span class='ocrx_word' id='word_1_733' title='bbox 1971 3750 2081 3804; x_wconf 83' lang='lat' dir='ltr'><strong>quo</strong></span> <span class='ocrx_word' id='word_1_734' title='bbox 2108 3749 2288 3788; x_wconf 87' lang='lat' dir='ltr'><strong>rerum</strong></span> <span class='ocrx_word' id='word_1_735' title='bbox 2307 3732 2618 3790; x_wconf 90' lang='lat' dir='ltr'><strong>divinarum</strong></span> <span class='ocrx_word' id='word_1_736' title='bbox 2639 3737 2822 3792; x_wconf 88' lang='lat' dir='ltr'><strong>studio</strong></span> <span class='ocrx_word' id='word_1_737' title='bbox 2838 3748 3020 3794; x_wconf 88' lang='lat' dir='ltr'><strong>vester</strong></span> <span class='ocrx_word' id='word_1_738' title='bbox 3039 3741 3092 3795; x_wconf 91' lang='lat' dir='ltr'><strong>in</strong></span> <span class='ocrx_word' id='word_1_739' title='bbox 3119 3742 3288 3797; x_wconf 84' lang='lat' dir='ltr'><strong>Deum</strong></span> <span class='ocrx_word' id='word_1_740' title='bbox 3306 3744 3376 3798; x_wconf 92' lang='lat' dir='ltr'><strong>sit</strong></span> <span class='ocrx_word' id='word_1_741' title='bbox 3395 3762 3552 3801; x_wconf 89' lang='lat' dir='ltr'><strong>amor</strong></span> 
     </span>
    </p>
   </div>
   <div class='ocr_carea' id='block_1_100' title="bbox 1971 3823 3552 3908">
    <p class='ocr_par' dir='ltr' id='par_1_100' title="bbox 1971 3823 3552 3908">
     <span class='ocr_line' id='line_1_100' title="bbox 1971 3823 3552 3908; baseline 0.009 -30"><span class='ocrx_word' id='word_1_742' title='bbox 1971 3825 2248 3894; x_wconf 85' lang='lat' dir='ltr'><strong>patefecit.</strong></span> <span class='ocrx_word' id='word_1_743' title='bbox 2289 3823 2580 3879; x_wconf 85' lang='lat' dir='ltr'><strong>Sulliciunt</strong></span> <span class='ocrx_word' id='word_1_744' title='bbox 2624 3837 2680 3882; x_wconf 91' lang='lat' dir='ltr'><strong>et</strong></span> <span class='ocrx_word' id='word_1_745' title='bbox 2719 3843 2840 3898; x_wconf 76' lang='lat' dir='ltr'><strong>quae</strong></span> <span class='ocrx_word' id='word_1_746' title='bbox 2887 3845 3035 3887; x_wconf 91' lang='lat' dir='ltr'><strong>nunc</strong></span> <span class='ocrx_word' id='word_1_747' title='bbox 3083 3848 3112 3886; x_wconf 91' lang='lat' dir='ltr'><strong>a</strong></span> <span class='ocrx_word' id='word_1_748' title='bbox 3149 3833 3305 3889; x_wconf 84' lang='lat' dir='ltr'><strong>vobis</strong></span> <span class='ocrx_word' id='word_1_749' title='bbox 3349 3837 3552 3908; x_wconf 86' lang='lat' dir='ltr'><strong>scripta</strong></span> 
     </span>
    </p>
   </div>
   <div class='ocr_carea' id='block_1_101' title="bbox 1971 3917 3548 3986">
    <p class='ocr_par' dir='ltr' id='par_1_101' title="bbox 1971 3917 3548 3986">
     <span class='ocr_line' id='line_1_101' title="bbox 1971 3917 3548 3986; baseline 0.006 -13"><span class='ocrx_word' id='word_1_750' title='bbox 1971 3924 2120 3980; x_wconf 90' lang='lat' dir='ltr'><strong>sunt,</strong></span> <span class='ocrx_word' id='word_1_751' title='bbox 2156 3924 2214 3970; x_wconf 91' lang='lat' dir='ltr'><strong>ut</strong></span> <span class='ocrx_word' id='word_1_752' title='bbox 2248 3917 2612 3986; x_wconf 87' lang='lat' dir='ltr'><strong>apostolicum</strong></span> <span class='ocrx_word' id='word_1_753' title='bbox 2656 3919 3034 3978; x_wconf 88' lang='lat' dir='ltr'><strong>characterem</strong></span> <span class='ocrx_word' id='word_1_754' title='bbox 3080 3931 3324 3979; x_wconf 89' lang='lat' dir='ltr'><strong>vestrum</strong></span> <span class='ocrx_word' id='word_1_755' title='bbox 3359 3937 3548 3983; x_wconf 82' lang='lat' dir='ltr'><strong>osten-</strong></span> 
     </span>
    </p>
   </div>
   <div class='ocr_carea' id='block_1_102' title="bbox 1971 4007 3548 4084">
    <p class='ocr_par' dir='ltr' id='par_1_102' title="bbox 1971 4007 3548 4084">
     <span class='ocr_line' id='line_1_102' title="bbox 1971 4007 3548 4084; baseline 0.007 -21"><span class='ocrx_word' id='word_1_756' title='bbox 1971 4007 2120 4064; x_wconf 89' lang='lat' dir='ltr'><strong>dant.</strong></span> <span class='ocrx_word' id='word_1_757' title='bbox 2155 4009 2453 4064; x_wconf 86' lang='lat' dir='ltr'><strong>lncidimus</strong></span> <span class='ocrx_word' id='word_1_758' title='bbox 2483 4025 2720 4080; x_wconf 89' lang='lat' dir='ltr'><strong>namque</strong></span> <span class='ocrx_word' id='word_1_759' title='bbox 2764 4010 2820 4066; x_wconf 91' lang='lat' dir='ltr'><strong>in</strong></span> <span class='ocrx_word' id='word_1_760' title='bbox 2844 4012 2957 4078; x_wconf 89' lang='lat' dir='ltr'><strong>illa,</strong></span> <span class='ocrx_word' id='word_1_761' title='bbox 2992 4031 3113 4084; x_wconf 72' lang='lat' dir='ltr'><strong>qua:</strong></span> <span class='ocrx_word' id='word_1_762' title='bbox 3139 4015 3206 4070; x_wconf 89' lang='lat' dir='ltr'><strong>de</strong></span> <span class='ocrx_word' id='word_1_763' title='bbox 3237 4017 3332 4072; x_wconf 88' lang='lat' dir='ltr'><strong>Dei</strong></span> <span class='ocrx_word' id='word_1_764' title='bbox 3361 4017 3548 4074; x_wconf 82' lang='lat' dir='ltr'><strong>Salva-</strong></span> 
     </span>
    </p>
   </div>
   <div class='ocr_carea' id='block_1_103' title="bbox 1975 4097 3548 4173">
    <p class='ocr_par' dir='ltr' id='par_1_103' title="bbox 1975 4097 3548 4173">
     <span class='ocr_line' id='line_1_103' title="bbox 1975 4097 3548 4173; baseline 0.007 -17"><span class='ocrx_word' id='word_1_765' title='bbox 1975 4097 2222 4173; x_wconf 79' lang='lat' dir='ltr'><strong>torisque</strong></span> <span class='ocrx_word' id='word_1_766' title='bbox 2261 4102 2434 4157; x_wconf 87' lang='lat' dir='ltr'><strong>nostri</strong></span> <span class='ocrx_word' id='word_1_767' title='bbox 2479 4102 2858 4159; x_wconf 87' lang='lat' dir='ltr'><strong>incarnatione</strong></span> <span class='ocrx_word' id='word_1_768' title='bbox 2900 4107 3162 4163; x_wconf 90' lang='lat' dir='ltr'><strong>sanctitas</strong></span> <span class='ocrx_word' id='word_1_769' title='bbox 3195 4118 3377 4164; x_wconf 86' lang='lat' dir='ltr'><strong>vestra</strong></span> <span class='ocrx_word' id='word_1_770' title='bbox 3408 4112 3548 4167; x_wconf 88' lang='lat' dir='ltr'><strong>scri-</strong></span> 
     </span>
    </p>
   </div>
   <div class='ocr_carea' id='block_1_104' title="bbox 1931 4191 3546 4278">
    <p class='ocr_par' dir='ltr' id='par_1_104' title="bbox 1931 4191 3546 4278">
     <span class='ocr_line' id='line_1_104' title="bbox 1931 4191 3546 4278; baseline 0.009 -36"><span class='ocrx_word' id='word_1_771' title='bbox 1931 4235 1940 4242; x_wconf 92' lang='lat'><strong>.</strong></span> <span class='ocrx_word' id='word_1_772' title='bbox 1971 4191 2100 4263; x_wconf 85' lang='lat' dir='ltr'><strong>psit,</strong></span> <span class='ocrx_word' id='word_1_773' title='bbox 2133 4201 2188 4248; x_wconf 89' lang='lat' dir='ltr'><strong>et</strong></span> <span class='ocrx_word' id='word_1_774' title='bbox 2214 4193 2470 4249; x_wconf 86' lang='lat' dir='ltr'><strong>admirati</strong></span> <span class='ocrx_word' id='word_1_775' title='bbox 2499 4211 2688 4249; x_wconf 89' lang='lat' dir='ltr'><strong>sumus</strong></span> <span class='ocrx_word' id='word_1_776' title='bbox 2707 4205 2950 4252; x_wconf 78' lang='lat' dir='ltr'><strong>exactam</strong></span> <span class='ocrx_word' id='word_1_777' title='bbox 2979 4201 3162 4268; x_wconf 83' lang='lat' dir='ltr'><strong>operis</strong></span> <span class='ocrx_word' id='word_1_778' title='bbox 3187 4199 3546 4278; x_wconf 84' lang='lat' dir='ltr'><strong>diligentiam.</strong></span> 
     </span>
    </p>
   </div>
   <div class='ocr_carea' id='block_1_105' title="bbox 1971 4271 3549 4358">
    <p class='ocr_par' dir='ltr' id='par_1_105' title="bbox 1971 4271 3549 4358">
     <span class='ocr_line' id='line_1_105' title="bbox 1971 4271 3549 4358; baseline 0.005 -18"><span class='ocrx_word' id='word_1_779' title='bbox 1971 4271 2213 4355; x_wconf 73' lang='lat' dir='ltr'><strong>Utraque</strong></span> <span class='ocrx_word' id='word_1_780' title='bbox 2240 4286 2388 4341; x_wconf 88' lang='lat' dir='ltr'><strong>enim</strong></span> <span class='ocrx_word' id='word_1_781' title='bbox 2409 4286 2612 4340; x_wconf 73' lang='lat' dir='ltr'><strong>“eadem</strong></span> <span class='ocrx_word' id='word_1_782' title='bbox 2643 4302 2809 4358; x_wconf 79' lang='lat' dir='ltr'><strong>Opera</strong></span> <span class='ocrx_word' id='word_1_783' title='bbox 2831 4287 3168 4355; x_wconf 87' lang='lat' dir='ltr'><strong>declarabat,</strong></span> <span class='ocrx_word' id='word_1_784' title='bbox 3201 4274 3257 4347; x_wconf 84' lang='lat' dir='ltr'><strong>et</strong></span> <span class='ocrx_word' id='word_1_785' title='bbox 3285 4271 3549 4348; x_wconf 65' lang='lat' dir='ltr'><strong>aeternam</strong></span> 
     </span>
    </p>
   </div>
   <div class='ocr_carea' id='block_1_106' title="bbox 1971 4375 3548 4451">
    <p class='ocr_par' dir='ltr' id='par_1_106' title="bbox 1971 4375 3548 4451">
     <span class='ocr_line' id='line_1_106' title="bbox 1971 4375 3548 4451; baseline 0.004 -23"><span class='ocrx_word' id='word_1_786' title='bbox 1971 4391 2039 4428; x_wconf 79' lang='lat' dir='ltr'><strong>ex</strong></span> <span class='ocrx_word' id='word_1_787' title='bbox 2082 4385 2290 4431; x_wconf 73' lang='lat' dir='ltr'><strong>aeterno</strong></span> <span class='ocrx_word' id='word_1_788' title='bbox 2328 4376 2490 4430; x_wconf 89' lang='lat' dir='ltr'><strong>Patre</strong></span> <span class='ocrx_word' id='word_1_789' title='bbox 2517 4375 2798 4448; x_wconf 87' lang='lat' dir='ltr'><strong>Unigeniti</strong></span> <span class='ocrx_word' id='word_1_790' title='bbox 2827 4376 3190 4444; x_wconf 87' lang='lat' dir='ltr'><strong>divinitatem,</strong></span> <span class='ocrx_word' id='word_1_791' title='bbox 3215 4391 3272 4434; x_wconf 91' lang='lat' dir='ltr'><strong>et</strong></span> <span class='ocrx_word' id='word_1_792' title='bbox 3303 4381 3548 4451; x_wconf 86' lang='lat' dir='ltr'><strong>ejusdem</strong></span> 
     </span>
    </p>
   </div>
   <div class='ocr_carea' id='block_1_107' title="bbox 1972 4453 3556 4529">
    <p class='ocr_par' dir='ltr' id='par_1_107' title="bbox 1972 4453 3556 4529">
     <span class='ocr_line' id='line_1_107' title="bbox 1972 4453 3556 4529; baseline 0.005 -8"><span class='ocrx_word' id='word_1_793' title='bbox 1972 4453 2036 4522; x_wconf 79' lang='lat' dir='ltr'><strong>ex</strong></span> <span class='ocrx_word' id='word_1_794' title='bbox 2077 4467 2308 4522; x_wconf 80' lang='lat' dir='ltr'><strong>Abrahae</strong></span> <span class='ocrx_word' id='word_1_795' title='bbox 2342 4474 2398 4522; x_wconf 90' lang='lat' dir='ltr'><strong>et</strong></span> <span class='ocrx_word' id='word_1_796' title='bbox 2424 4467 2651 4522; x_wconf 88' lang='lat' dir='ltr'><strong>Davidis</strong></span> <span class='ocrx_word' id='word_1_797' title='bbox 2683 4469 2892 4524; x_wconf 90' lang='lat' dir='ltr'><strong>semine</strong></span> <span class='ocrx_word' id='word_1_798' title='bbox 2918 4469 3315 4526; x_wconf 89' lang='lat' dir='ltr'><strong>humanitatem</strong></span> <span class='ocrx_word' id='word_1_799' title='bbox 3347 4491 3359 4529; x_wconf 86' lang='lat'><strong>:</strong></span> <span class='ocrx_word' id='word_1_800' title='bbox 3387 4490 3451 4528; x_wconf 91' lang='lat' dir='ltr'><strong>ac</strong></span> <span class='ocrx_word' id='word_1_801' title='bbox 3477 4475 3556 4529; x_wconf 88' lang='lat' dir='ltr'><strong>si-</strong></span> 
     </span>
    </p>
   </div>
   <div class='ocr_carea' id='block_1_108' title="bbox 1975 4558 3546 4632">
    <p class='ocr_par' dir='ltr' id='par_1_108' title="bbox 1975 4558 3546 4632">
     <span class='ocr_line' id='line_1_108' title="bbox 1975 4558 3546 4632; baseline 0.004 -21"><span class='ocrx_word' id='word_1_802' title='bbox 1975 4559 2158 4614; x_wconf 88' lang='lat' dir='ltr'><strong>milem</strong></span> <span class='ocrx_word' id='word_1_803' title='bbox 2191 4575 2288 4629; x_wconf 91' lang='lat' dir='ltr'><strong>per</strong></span> <span class='ocrx_word' id='word_1_804' title='bbox 2308 4559 2492 4612; x_wconf 88' lang='lat' dir='ltr'><strong>omnia</strong></span> <span class='ocrx_word' id='word_1_805' title='bbox 2525 4558 2686 4614; x_wconf 89' lang='lat' dir='ltr'><strong>nobis</strong></span> <span class='ocrx_word' id='word_1_806' title='bbox 2713 4559 2884 4614; x_wconf 84' lang='lat' dir='ltr'><strong>fuisse</strong></span> <span class='ocrx_word' id='word_1_807' title='bbox 2912 4569 3245 4632; x_wconf 89' lang='lat' dir='ltr'><strong>assumptam</strong></span> <span class='ocrx_word' id='word_1_808' title='bbox 3270 4574 3546 4627; x_wconf 88' lang='lat' dir='ltr'><strong>naturam,</strong></span> 
     </span>
    </p>
   </div>
   <div class='ocr_carea' id='block_1_109' title="bbox 1974 4647 3551 4726">
    <p class='ocr_par' dir='ltr' id='par_1_109' title="bbox 1974 4647 3551 4726">
     <span class='ocr_line' id='line_1_109' title="bbox 1974 4647 3551 4726; baseline 0.003 -22"><span class='ocrx_word' id='word_1_809' title='bbox 1974 4647 2079 4705; x_wconf 86' lang='lat' dir='ltr'><strong>hoc</strong></span> <span class='ocrx_word' id='word_1_810' title='bbox 2129 4667 2238 4706; x_wconf 91' lang='lat' dir='ltr'><strong>uno</strong></span> <span class='ocrx_word' id='word_1_811' title='bbox 2281 4653 2625 4717; x_wconf 89' lang='lat' dir='ltr'><strong>dissimilem,</strong></span> <span class='ocrx_word' id='word_1_812' title='bbox 2663 4652 2810 4722; x_wconf 88' lang='lat' dir='ltr'><strong>quod</strong></span> <span class='ocrx_word' id='word_1_813' title='bbox 2849 4653 3058 4724; x_wconf 91' lang='lat' dir='ltr'><strong>peccati</strong></span> <span class='ocrx_word' id='word_1_814' title='bbox 3099 4668 3296 4724; x_wconf 76' lang='lat' dir='ltr'><strong>expers</strong></span> <span class='ocrx_word' id='word_1_815' title='bbox 3335 4655 3551 4726; x_wconf 83' lang='lat'><strong>1189</strong></span> 
     </span>
    </p>
   </div>
   <div class='ocr_carea' id='block_1_110' title="bbox 1972 4743 3548 4814">
    <p class='ocr_par' dir='ltr' id='par_1_110' title="bbox 1972 4743 3548 4814">
     <span class='ocr_line' id='line_1_110' title="bbox 1972 4743 3548 4814; baseline 0.001 -16"><span class='ocrx_word' id='word_1_816' title='bbox 1972 4743 2255 4809; x_wconf 90' lang='lat' dir='ltr'><strong>manserit,</strong></span> <span class='ocrx_word' id='word_1_817' title='bbox 2279 4744 2491 4814; x_wconf 88' lang='lat' dir='ltr'><strong>quippe</strong></span> <span class='ocrx_word' id='word_1_818' title='bbox 2517 4759 2638 4814; x_wconf 84' lang='lat' dir='ltr'><strong>quae</strong></span> <span class='ocrx_word' id='word_1_819' title='bbox 2667 4760 2775 4798; x_wconf 91' lang='lat' dir='ltr'><strong>non</strong></span> <span class='ocrx_word' id='word_1_820' title='bbox 2806 4761 2873 4799; x_wconf 84' lang='lat' dir='ltr'><strong>ex</strong></span> <span class='ocrx_word' id='word_1_821' title='bbox 2898 4755 3115 4808; x_wconf 89' lang='lat' dir='ltr'><strong>natura,</strong></span> <span class='ocrx_word' id='word_1_822' title='bbox 3152 4743 3248 4799; x_wconf 89' lang='lat' dir='ltr'><strong>sed</strong></span> <span class='ocrx_word' id='word_1_823' title='bbox 3273 4759 3338 4799; x_wconf 84' lang='lat' dir='ltr'><strong>ex</strong></span> <span class='ocrx_word' id='word_1_824' title='bbox 3373 4745 3548 4800; x_wconf 90' lang='lat' dir='ltr'><strong>libera</strong></span> 
     </span>
    </p>
   </div>
   <div class='ocr_carea' id='block_1_111' title="bbox 1972 4833 3548 4905">
    <p class='ocr_par' dir='ltr' id='par_1_111' title="bbox 1972 4833 3548 4905">
     <span class='ocr_line' id='line_1_111' title="bbox 1972 4833 3548 4905; baseline 0.002 -18"><span class='ocrx_word' id='word_1_825' title='bbox 1972 4833 2251 4888; x_wconf 88' lang='lat' dir='ltr'><strong>voluntate</strong></span> <span class='ocrx_word' id='word_1_826' title='bbox 2298 4835 2560 4890; x_wconf 88' lang='lat' dir='ltr'><strong>nascitur.</strong></span> <span class='ocrx_word' id='word_1_827' title='bbox 2609 4835 2677 4888; x_wconf 88' lang='lat' dir='ltr'><strong>Et</strong></span> <span class='ocrx_word' id='word_1_828' title='bbox 2706 4835 2811 4890; x_wconf 90' lang='lat' dir='ltr'><strong>hoc</strong></span> <span class='ocrx_word' id='word_1_829' title='bbox 2843 4844 3107 4905; x_wconf 66' lang='lat' dir='ltr'><strong>prtetcrea</strong></span> <span class='ocrx_word' id='word_1_830' title='bbox 3141 4833 3338 4891; x_wconf 76' lang='lat' dir='ltr'><strong>litterae</strong></span> <span class='ocrx_word' id='word_1_831' title='bbox 3369 4836 3548 4892; x_wconf 89' lang='lat' dir='ltr'><strong>conti-</strong></span> 
     </span>
    </p>
   </div>
   <div class='ocr_carea' id='block_1_112' title="bbox 1971 4905 3550 4997">
    <p class='ocr_par' dir='ltr' id='par_1_112' title="bbox 1971 4905 3550 4997">
     <span class='ocr_line' id='line_1_112' title="bbox 1971 4905 3550 4997; baseline 0.003 -20"><span class='ocrx_word' id='word_1_832' title='bbox 1971 4923 2177 4977; x_wconf 90' lang='lat' dir='ltr'><strong>nebant</strong></span> <span class='ocrx_word' id='word_1_833' title='bbox 2212 4939 2382 4977; x_wconf 88' lang='lat' dir='ltr'><strong>unum</strong></span> <span class='ocrx_word' id='word_1_834' title='bbox 2421 4939 2542 4979; x_wconf 89' lang='lat' dir='ltr'><strong>esse</strong></span> <span class='ocrx_word' id='word_1_835' title='bbox 2576 4905 2917 4996; x_wconf 72' lang='lat' dir='ltr'><strong>unigenitum</strong></span> <span class='ocrx_word' id='word_1_836' title='bbox 2940 4924 3035 4978; x_wconf 88' lang='lat' dir='ltr'><strong>Dei</strong></span> <span class='ocrx_word' id='word_1_837' title='bbox 3059 4923 3352 4990; x_wconf 82' lang='lat' dir='ltr'><strong>Filium,et</strong></span> <span class='ocrx_word' id='word_1_838' title='bbox 3380 4927 3550 4997; x_wconf 89' lang='lat' dir='ltr'><strong>impa-</strong></span> 
     </span>
    </p>
   </div>
   <div class='ocr_carea' id='block_1_113' title="bbox 1977 5013 3548 5087">
    <p class='ocr_par' dir='ltr' id='par_1_113' title="bbox 1977 5013 3548 5087">
     <span class='ocr_line' id='line_1_113' title="bbox 1977 5013 3548 5087; baseline 0.003 -19"><span class='ocrx_word' id='word_1_839' title='bbox 1977 5013 2189 5070; x_wconf 90' lang='lat' dir='ltr'><strong>tibilem</strong></span> <span class='ocrx_word' id='word_1_840' title='bbox 2215 5013 2336 5086; x_wconf 85' lang='lat' dir='ltr'><strong>ejus</strong></span> <span class='ocrx_word' id='word_1_841' title='bbox 2368 5015 2734 5081; x_wconf 87' lang='lat' dir='ltr'><strong>divinitatem,</strong></span> <span class='ocrx_word' id='word_1_842' title='bbox 2771 5031 2893 5086; x_wconf 76' lang='lat' dir='ltr'><strong>qua:</strong></span> <span class='ocrx_word' id='word_1_843' title='bbox 2925 5027 3026 5070; x_wconf 90' lang='lat' dir='ltr'><strong>nec</strong></span> <span class='ocrx_word' id='word_1_844' title='bbox 3052 5015 3192 5070; x_wconf 87' lang='lat' dir='ltr'><strong>verti</strong></span> <span class='ocrx_word' id='word_1_845' title='bbox 3227 5027 3409 5087; x_wconf 89' lang='lat' dir='ltr'><strong>queat,</strong></span> <span class='ocrx_word' id='word_1_846' title='bbox 3445 5035 3548 5073; x_wconf 90' lang='lat' dir='ltr'><strong>nec</strong></span> 
     </span>
    </p>
   </div>
   <div class='ocr_carea' id='block_1_114' title="bbox 1973 5094 3548 5178">
    <p class='ocr_par' dir='ltr' id='par_1_114' title="bbox 1973 5094 3548 5178">
     <span class='ocr_line' id='line_1_114' title="bbox 1973 5094 3548 5178; baseline 0.003 -20"><span class='ocrx_word' id='word_1_847' title='bbox 1973 5094 2198 5170; x_wconf 73' lang='lat' dir='ltr'><strong>imitari,</strong></span> <span class='ocrx_word' id='word_1_848' title='bbox 2234 5105 2452 5160; x_wconf 90' lang='lat' dir='ltr'><strong>sicutet</strong></span> <span class='ocrx_word' id='word_1_849' title='bbox 2475 5105 2569 5176; x_wconf 86' lang='lat' dir='ltr'><strong>qui</strong></span> <span class='ocrx_word' id='word_1_850' title='bbox 2599 5105 2776 5175; x_wconf 88' lang='lat' dir='ltr'><strong>ipsum</strong></span> <span class='ocrx_word' id='word_1_851' title='bbox 2799 5103 2989 5176; x_wconf 79' lang='lat' dir='ltr'><strong>genuit</strong></span> <span class='ocrx_word' id='word_1_852' title='bbox 3011 5105 3192 5172; x_wconf 88' lang='lat' dir='ltr'><strong>Pater,</strong></span> <span class='ocrx_word' id='word_1_853' title='bbox 3224 5113 3280 5162; x_wconf 88' lang='lat' dir='ltr'><strong>et</strong></span> <span class='ocrx_word' id='word_1_854' title='bbox 3311 5105 3548 5178; x_wconf 84' lang='lat' dir='ltr'><strong>Spiritus</strong></span> 
     </span>
    </p>
   </div>
   <div class='ocr_carea' id='block_1_115' title="bbox 1975 5196 3548 5269">
    <p class='ocr_par' dir='ltr' id='par_1_115' title="bbox 1975 5196 3548 5269">
     <span class='ocr_line' id='line_1_115' title="bbox 1975 5196 3548 5269; baseline 0.001 -19"><span class='ocrx_word' id='word_1_855' title='bbox 1975 5200 2198 5252; x_wconf 79' lang='lat' dir='ltr'><strong>sanctus</strong></span> <span class='ocrx_word' id='word_1_856' title='bbox 2233 5216 2246 5252; x_wconf 89' lang='lat'>:</span> <span class='ocrx_word' id='word_1_857' title='bbox 2293 5197 2527 5266; x_wconf 87' lang='lat' dir='ltr'><strong>ideoque</strong></span> <span class='ocrx_word' id='word_1_858' title='bbox 2564 5196 2847 5267; x_wconf 87' lang='lat' dir='ltr'><strong>patibilem</strong></span> <span class='ocrx_word' id='word_1_859' title='bbox 2892 5205 3144 5250; x_wconf 89' lang='lat' dir='ltr'><strong>naturam</strong></span> <span class='ocrx_word' id='word_1_860' title='bbox 3186 5197 3506 5269; x_wconf 85' lang='lat' dir='ltr'><strong>sumpsisse,</strong></span> <span class='ocrx_word' id='word_1_861' title='bbox 3531 5200 3548 5220; x_wconf 84' lang='lat'><strong>‘</strong></span> 
     </span>
    </p>
   </div>
   <div class='ocr_carea' id='block_1_116' title="bbox 1971 5449 3015 5523">
    <p class='ocr_par' dir='ltr' id='par_1_116' title="bbox 1971 5449 3015 5523">
     <span class='ocr_line' id='line_1_116' title="bbox 1971 5449 3015 5523; baseline 0.006 -19"><span class='ocrx_word' id='word_1_862' title='bbox 1971 5449 2033 5504; x_wconf 87' lang='lat' dir='ltr'><strong>C.</strong></span> <span class='ocrx_word' id='word_1_863' title='bbox 2067 5453 2194 5514; x_wconf 68' lang='lat' dir='ltr'><strong>H9,</strong></span> <span class='ocrx_word' id='word_1_864' title='bbox 2227 5451 2386 5523; x_wconf 44' lang='grc' dir='ltr'>ιηνι,</span> <span class='ocrx_word' id='word_1_865' title='bbox 2419 5469 2472 5523; x_wconf 89' lang='lat' dir='ltr'><strong>p.</strong></span> <span class='ocrx_word' id='word_1_866' title='bbox 2508 5453 2610 5506; x_wconf 76' lang='lat' dir='ltr'><strong>l03</strong></span> <span class='ocrx_word' id='word_1_867' title='bbox 2635 5468 2753 5523; x_wconf 84' lang='lat' dir='ltr'><strong>seq.</strong></span> <span class='ocrx_word' id='word_1_868' title='bbox 2786 5461 2842 5508; x_wconf 90' lang='lat' dir='ltr'><strong>et</strong></span> <span class='ocrx_word' id='word_1_869' title='bbox 2865 5453 3015 5510; x_wconf 90' lang='lat' dir='ltr'><strong>alibi.</strong></span> 
     </span>
    </p>
   </div>
   <div class='ocr_carea' id='block_1_117' title="bbox 2047 5521 2919 5592">
    <p class='ocr_par' dir='ltr' id='par_1_117' title="bbox 2047 5521 2919 5592">
     <span class='ocr_line' id='line_1_117' title="bbox 2047 5521 2919 5592; baseline 0.002 -16"><span class='ocrx_word' id='word_1_870' title='bbox 2047 5523 2157 5592; x_wconf 75' lang='lat' dir='ltr'><strong>(T5)</strong></span> <span class='ocrx_word' id='word_1_871' title='bbox 2187 5521 2406 5575; x_wconf 80' lang='grc' dir='ltr'>Τούτων</span> <span class='ocrx_word' id='word_1_872' title='bbox 2420 5521 2484 5576; x_wconf 74' lang='grc' dir='ltr'>δὲ</span> <span class='ocrx_word' id='word_1_873' title='bbox 2514 5525 2692 5592; x_wconf 80' lang='grc' dir='ltr'>ἐστερ.</span> <span class='ocrx_word' id='word_1_874' title='bbox 2719 5521 2919 5578; x_wconf 80' lang='lat' dir='ltr'><strong>Baller.</strong></span> 
     </span>
    </p>
   </div>
   <div class='ocr_carea' id='block_1_118' title="bbox 1973 5591 2878 5663">
    <p class='ocr_par' dir='ltr' id='par_1_118' title="bbox 1973 5591 2878 5663">
     <span class='ocr_line' id='line_1_118' title="bbox 1973 5591 2878 5663; baseline 0 -17"><span class='ocrx_word' id='word_1_875' title='bbox 1973 5619 1980 5630; x_wconf 88' lang='lat'><strong>-</strong></span> <span class='ocrx_word' id='word_1_876' title='bbox 2051 5591 2160 5662; x_wconf 62' lang='grc'><strong>(74)</strong></span> <span class='ocrx_word' id='word_1_877' title='bbox 2195 5591 2676 5663; x_wconf 63' lang='grc' dir='ltr'>περιφανέστερονι</span> <span class='ocrx_word' id='word_1_878' title='bbox 2706 5593 2878 5663; x_wconf 84' lang='lat' dir='ltr'><strong>Neap.</strong></span> 
     </span>
    </p>
   </div>
  </div>
