3924 6192
435 225 574 290 1315

1421 214 1773 274 TIIEODOR
1785 211 1902 270 ΕΤΙ
1943 209 2278 272 EPISCOPI
2319 213 2678 275 CYRENSIS

3541 219 3691 282 131$

432 331 562 401 quia
595 327 780 383 divina
826 334 1019 381 natura
1059 328 1366 396 passionem
1408 340 1518 377 non
1567 322 1866 390 recipiebat
1898 339 1909 372 :
1945 329 2001 372 ut

2125 320 2288 385 ρύσιν,
2321 322 2610 392 ἐπειδήπερ
2659 325 2690 390 ἡ
2723 320 2840 373 θεία
2873 322 3029 390 φύσις
3066 325 3162 376 οὐκ
3202 325 3412 394 ἐδέχετο
3447 331 3649 394 ’πάθος
3674 350 3690 362 ’

431 438 531 491 per
558 419 742 474 carnis
773 419 1007 488 propria:
1046 417 1354 486 pas<ionem
1397 413 1896 482 impassibilitatem
1938 411 2004 464 iis

431 511 528 582 qui
564 512 620 566 in
657 511 832 580 ipsum
873 509 1162 563 crederent
1194 507 1510 576 largiretur.
1543 504 1666 560 Ηωο
1691 513 1747 558 et
1781 503 1888 556 alia
1917 503 2004 556 his

431 613 660 675 cognata
683 602 882 656 litteris
903 599 1344 654 continebantur.
1376 597 1486 651 Nos
1509 613 1640 651 vero
1663 597 2002 666 spiritualem

433 695 754 765 sapientiam
783 703 928 746 tuam
967 689 1242 752 admirati,
1269 689 1508 758 Spiritus
1537 688 1712 742 sancti
1750 687 2000 758 gratiam,

431 801 556 854 qua:
596 800 692 853 per
716 798 816 836 vos
852 782 1034 834 locuta
1063 788 1168 844 est,
1200 779 1456 833 laudibus
1487 778 1802 842 extulimus,
1846 792 2002 847 roga-

433 889 684 944 musque,
727 883 784 927 et
803 873 1176 932 obsecramus,
1220 881 1274 923 et
1300 884 1611 938 precamur,
1651 875 1706 921 et
1731 867 2004 936 supplices

433 982 654 1021 oramus
681 964 1023 1018 sanctitatem
1049 972 1220 1026 tuam,
1249 970 1308 1014 ut
1331 967 1650 1030 tempestate
1669 958 1886 1032 jactatis
1907 958 2003 1012 Dei

433 1058 693 1113 Ecclesiis
716 1072 873 1125 opem
899 1055 1056 1110 ferat.

504 1149 642 1202 Cum
672 1147 817 1202 enim
861 1162 958 1215 per
988 1160 1084 1198 eos
1119 1159 1258 1212 quos
1293 1143 1553 1197 sanctitas
1597 1151 1689 1196 tua
1725 1140 2004 1210 Ephesum

436 1239 607 1302 misit,
633 1235 972 1305 tempestatis
997 1236 1202 1288 exitum
1229 1248 1597 1303 speraremus,
1618 1233 1675 1285 in
1701 1233 2005 1301 graviorem

437 1329 733 1400 procellam
775 1327 981 1396 delapsi
1009 1342 1219 1380 sumus.
1270 1325 1763 1379 Alexandrinorum
1804 1325 2006 1394 quippe

432 1421 774 1491 justissimus
824 1419 1053 1472 antistes
1103 1417 1528 1486 haudquaquam
1572 1425 1864 1470 contentus
1903 1414 2008 1469 fuit

440 1514 622 1581 iniqua
666 1512 768 1564 hac
806 1519 861 1564 et
905 1509 1260 1580 injustissima
1299 1508 1640 1582 depositione
1681 1506 2008 1560 sanctissimi

439 1604 659 1672 Deoque
684 1601 988 1655 charissimi
1012 1598 1742 1666 Constantinopolitanorum
1765 1593 2006 1664 episcopi

2105 410 2191 462 ἵνα
2221 410 2295 480 τῷ
2323 411 2479 465 πάθει
2501 413 2596 482 τῆς
2627 413 2762 476 ἰδίας
2787 414 2986 482 σαρκὸς
3022 413 3120 483 τὴν
3147 416 3415 470 ἀπάθειαν
3443 423 3562 482 τοῖς
3614 425 3695 485 εἰς

2105 501 2265 556 αὐτὸν
2301 505 2686 556 πεπιστευκόσι
2710 504 3019 574 χαρίσηται.
3054 506 3260 571 Ταῦτα,
3289 511 3383 563 καὶ
3423 513 3529 564 ὅσα
3563 515 3695 566 τοῦ-

2104 608 2217 655 τοις
2241 594 2357 646 ἐστὶ
2394 599 2652 667 συγγενῆ,
2677 602 2919 668 περιεῖχε
2947 597 3017 650 τὰ
3045 600 3366 670 γράμματα.
3405 603 3613 672 Ἦμείς
3639 606 3697 656 δέ

2105 682 2202 753 τὴν
2250 688 2624 757 πνευματικήν
2680 705 2770 740 σου
2809 688 3000 757 σοφίαν
3047 689 3450 760 θαυμάσαντες,
3488 697 3599 766 τὴν
3629 697 3698 749 δι’

2107 775 2257 844 ὑμῶν
2281 777 2660 848 φθεγξαμένην
2692 778 2784 831 τοῦ
2823 779 2978 847 ἁγίου
3013 782 3328 852 Πνεῦματος
3361 786 3694 856 ἁνυμνήσα-

2110 881 2208 933 μεν
2253 867 2446 936 χάριν
2484 869 2576 920 καὶ
2619 869 3042 940 παρακαλοῦμεν
3068 910 3084 935 ,
3135 873 3226 926 καὶ
3273 875 3698 947 ἀντιϐολοῦμεν,

2107 958 2201 1007 καὶ
2237 956 2470 1026 δεόμεθα
2498 998 2513 1022 ,
2565 960 2657 1012 καὶ
2697 961 3008 1031 ίκετεύομέν
3050 979 3142 1014 σου
3199 963 3298 1034 τὴν
3351 965 3698 1036 ἁγιωσύνην,

2107 1048 2384 1118 ἐπαμῦναι
2418 1054 2536 1114 ταῖς
2568 1051 2660 1104 τοῦ
2682 1051 2816 1104 Θεοῦ
2855 1052 3203 1123 Ἐκκλησίαις
3231 1058 3695 1126 χειμαζομέναις.

2179 1138 2349 1193 Λύσιν
2388 1139 2496 1210 γὰρ
2536 1140 2754 1194 ἔσεσθαι
2785 1140 2879 1194 τοῦ
2914 1143 3180 1208 κλύδωνος
3214 1147 3698 1218 προσδοκήσαντες

2106 1230 2192 1284 διὰ
2218 1230 2324 1284 τῶν
2356 1231 2507 1302 παρὰ
2530 1233 2626 1302 τῆς
2648 1233 2917 1303 ὑμετέρας
2940 1235 3244 1306 ἁγιωσύνης
3279 1239 3357 1301 είς
3387 1238 3489 1308 τὴν
3517 1241 3666 1306 Ἔφε
3683 1270 3696 1278 -

2112 1336 2207 1372 σον
2254 1321 2708 1387 ἀποσταλέντων,
2760 1324 3121 1396 χαλεπωτέρα
3179 1329 3699 1399 περιπεπτώκαμεν

2111 1409 2268 1485 ζάλῃ.
2332 1414 2389 1467 '0
2437 1415 2544 1486 γὰρ
2576 1417 2674 1486 τῆς
2724 1416 3129 1486 Ἀλεξανδρείας
3172 1419 3512 1483 δικαιότατος
3553 1424 3701 1490 ’πρ-ὁρ

2111 1502 2262 1571 εδρος
2294 1507 2394 1557 οὐκ
2439 1505 2679 1577 ἠρκέσθη
2730 1510 2795 1579 τῇ
2823 1509 3007 1579 ἀνόμῳ
3035 1509 3208 1580 ταύτῃ
3243 1511 3333 1562 καὶ
3361 1513 3694 1582 ἀδικωτάτη

2111 1592 2428 1664 καθαιρέσει
2471 1594 2564 1647 τοῦ
2613 1597 2918 1664 άγιωτάτου
2977 1599 3072 1650 καὶ
3127 1598 3538 1667 θεοφιλεστάτου
3592 1603 3700 1672 τῆς

439 1693 647 1748 domini
671 1692 933 1756 Flaviani,
958 1705 1134 1760 neque
1155 1690 1326 1759 ipsius
1355 1689 1592 1742 animam
1616 1689 1854 1758 explevit
1875 1703 2008 1742 con-

2125 1684 2756 1738 Κωνσταντινουπολιτῶν
2783 1689 3084 1741 ἐπισκόπου
3116 1690 3208 1742 τοῦ
3231 1691 3414 1763 κυρίου
3441 1693 3699 1746 Φλαϐια-

441 1782 637 1836 similis
675 1789 884 1850 strages
909 1780 1143 1833 aliorum
1176 1778 1585 1847 episcoporum,
1627 1777 1721 1831 sed
1758 1792 1845 1830 me
1875 1791 2012 1846 quo-

440 1889 546 1944 que
570 1873 851 1927 absentem
879 1872 1089 1926 calamo
1114 1870 1364 1925 similiter
1390 1869 1680 1939 jugulavit,
1707 1884 1810 1922 nec
1839 1869 1891 1921 in
1923 1869 2012 1938 jus

440 1973 716 2026 vocatum,
753 1978 856 2017 nec
885 1972 1207 2032 praesentem
1224 1961 1551 2031 judicatum,
1583 1975 1685 2024 nec
1705 1960 2012 2029 interroga-

443 2067 580 2120 tum,
610 2055 677 2108 dc
709 2055 804 2108 Dei
839 2069 903 2108 ac
931 2053 1234 2108 Salvatoris
1260 2052 1434 2106 nostri
1471 2051 1848 2106 incarnatione
1879 2051 2014 2120 quid

442 2147 697 2200 sentiam.
725 2145 792 2198 Et
826 2143 1128 2197 homicidas
1154 2143 1398 2211 quidem,
1428 2156 1492 2194 ac
1520 2141 1900 2209 sepulcrorum
1931 2139 2014 2195 ef-

444 2236 726 2298 fractores,
765 2233 1176 2300 alienarumque
1214 2231 1532 2299 nuptiarum
1569 2229 1871 2293 invasores,
1904 2245 2016 2284 non

443 2328 597 2398 prius
618 2326 983 2381 condemnant
994 2322 1230 2394 judices,
1249 2339 1412 2393 quam
1438 2320 1518 2375 vel
1543 2321 1643 2390 ipsi
1669 2321 1884 2390 objecta
1905 2321 2016 2374 cri—

442 2419 591 2472 mina
623 2416 964 2472 confessione
1000 2432 1096 2470 sua
1129 2413 1420 2474 ﬁrmarint,
1453 2412 1539 2466 vel
1573 2411 1641 2465 ab
1672 2411 1794 2464 aliis
1828 2419 2017 2480 aperte

444 2509 653 2563 fuerint
674 2507 932 2562 convicti.
952 2504 1062 2558 Nos
1081 2510 1264 2556 autem
1289 2502 1380 2554 hic
1403 2503 1456 2554 in
1483 2503 1525 2568 1
1539 2501 1697 2570 190
1725 2500 1927 2554 divinis
1941 2501 2019 2554 le-

445 2600 604 2670 gibus
619 2597 898 2650 enutritus
914 2595 1137 2664 triginta
1153 2593 1399 2662 quinque
1415 2592 1791 2644 mansionibus
1807 2591 2015 2644 distan-

444 2698 530 2744 tes
557 2687 940 2742 condemnavit
962 2694 1020 2738 ut
1040 2683 1231 2737 voluit.
1250 2683 1437 2750 Neque
1478 2696 1624 2735 nunc
1654 2689 1869 2734 tantum
1915 2680 2020 2733 hoc

446 2779 596 2840 fecit,
616 2777 713 2831 sed
739 2791 882 2830 anno
905 2774 1070 2828 etiam
1106 2773 1411 2842 superiore,
1441 2787 1564 2825 cum
1590 2786 1655 2825 eo
1681 2770 1912 2840 profecti
1935 2785 2021 2823 es-

447 2880 570 2928 sent
591 2870 702 2924 duo
717 2869 821 2922 viri
844 2867 1174 2938 Apollinaris
1191 2864 1384 2918 morbo
1403 2862 1612 2926 infecti,
1639 2870 1695 2916 et
1716 2860 2020 2916 calumnias

447 2963 503 3016 in
533 2977 634 3016 nos
671 2960 992 3022 texuissent,
1022 2971 1358 3026 consurgens
1394 2955 1448 3007 in
1480 2953 1714 3009 ecclesia
1743 2967 1845 3006 nos
1879 2966 2013 3004 ana-

449 3049 689 3102 themate
724 3046 947 3100 conﬁxit
981 3063 992 3097 :
1032 3044 1198 3113 idque
1229 3058 1352 3096 cum
1394 3041 1461 3095 ad
1491 3056 1618 3095 eum
1647 3039 2015 3110 scripsissem,

447 3147 505 3192 et
525 3153 646 3207 qua!
663 3136 926 3190 sentirem
956 3149 1056 3202 per
1081 3133 1295 3186 litteras
1323 3131 1720 3200 exposuissem.

521 3419 635 3489 Ego
665 3432 788 3471 vero
820 3415 1080 3471 Ecclesiae
1109 3429 1239 3469 sane
1276 3421 1659 3482 tempestatem
1684 3410 1880 3474 deﬂeo,
1913 3427 2020 3466 ca:-

451 3521 632 3566 tcrum
675 3509 847 3578 quieti
906 3507 1121 3560 studeo.
1168 3505 1274 3560 Sex
1313 3504 1461 3559 enim
1519 3514 1576 3558 et
1624 3503 1818 3572 viginti
1866 3502 2024 3556 annis

451 3601 798 3656 commissam
845 3598 980 3651 mihi
1021 3597 1089 3651 ab
1123 3596 1510 3650 universorum
1545 3595 1658 3648 Deo
1697 3592 2020 3656 Ecclesiam,

453 3707 676 3762 precum
701 3698 1006 3744 vestrarum
1035 3687 1239 3741 auxilio
1263 3701 1387 3742 cum
1423 3685 1681 3747 rexerim,
1717 3699 1896 3752 neque
1922 3681 2024 3737 sub

453 3781 770 3836 beatissimo
805 3779 1090 3832 Theodoto
1126 3778 1370 3830 antistite
1405 3774 1663 3836 Orientis,
1705 3788 1885 3842 neque
1924 3771 2026 3827 sub

454 3871 522 3925 iis
539 3871 629 3940 qui
666 3871 744 3924 illi
770 3869 822 3923 in
857 3869 1325 3922 Antiochenorum
1353 3867 1484 3920 sede
1511 3872 1914 3929 successerunt,
1939 3866 2022 3918 vel

455 3962 736 4015 minimam
760 3959 1240 4030 reprehensionem
1277 3958 1534 4024 sustinui,
1557 3958 1652 4012 sed
1674 3957 1861 4014 divina
1887 3957 2020 4010 mihi

453 4060 784 4121 cooperante
835 4051 1025 4121 gratia,
1082 4065 1248 4120 supra
1286 4050 1433 4104 mille
1473 4049 1682 4103 animas
1735 4047 2026 4102 Marcionis

459 4145 650 4198 morbo
682 4143 930 4205 liberavi,
957 4143 1264 4211 multasque
1297 4141 1431 4195 alias
1466 4156 1532 4194 ex
1550 4140 1672 4192 .Arii
1693 4149 1748 4193 et
1772 4137 2026 4193 Eunomii

457 4234 703 4305 partibus
742 4232 809 4286 ad
836 4228 1113 4286 Chris'tum
1144 4231 1436 4286 Dominum
1475 4229 1723 4300 perduxi.
1751 4230 1818 4283 Et
1851 4229 2029 4283 octin-

2110 1769 2226 1836 νοῦ,
2260 1772 2379 1824 οὐδὲ
2406 1773 2700 1844 ἐνέπλησεν
2729 1776 2893 1829 αὐτοῦ
2917 1778 3007 1830 τὸν
3035 1777 3206 1848 θυμὸν
3234 1781 3340 1834 τῶν
3365 1782 3543 1838 ἄλλων
3576 1787 3704 1836 ἐπι-

2115 1861 2332 1915 σκόπων
2353 1863 2385 1932 ή
2417 1864 2774 1936 παραπλησία
2795 1871 2976 1937 σφαγή
2998 1885 3010 1895 ·
3038 1868 3172 1922 ἀλλὰ
3195 1870 3336 1939 κάμὲ
3363 1870 3456 1924 τὸν
3478 1872 3702 1925 ἀπόντα

2112 1955 2314 2024 ὁμοίως
2345 1955 2578 2027 καλάμῳ
2603 1957 2960 2027 κατέσφαξεν,
2984 1959 3106 2013 οὔτε
3131 1961 3362 2026 καλέσας
3388 1965 3468 2025 είς
3493 1967 3700 2034 κριτή-

2118 2063 2250 2116 ριον,
2284 2046 2408 2100 οὔτε
2435 2049 2674 2119 παρόντα
2701 2051 2912 2122 κρίνας,
2943 2053 3042 2104 οὐκ
3063 2053 3341 2124 ἐρωτήσας
3361 2056 3488 2108 τίνα
3509 2057 3700 2126 φρονῶ

2114 2140 2243 2209 περὶ
2272 2138 2372 2209 τῆς
2417 2139 2510 2193 τοῦ
2557 2140 2690 2194 Θεοῦ
2737 2143 2832 2194 καὶ
2866 2143 3112 2214 Σωτῆρος
3141 2145 3298 2215 ἡμῶν
3332 2146 3701 2219 ἐνανθρωπήο

2117 2245 2274 2292 σεως.
2308 2229 2420 2283 Kal.
2447 2231 2570 2294 τοὺς
2603 2231 2704 2302 μὲν
2739 2232 3114 2304 ἀνδροφόνους,
3143 2238 3236 2289 κα)⁸
3271 2238 3700 2310 τυμϐωρύχους,

2118 2321 2211 2374 καὶ
2232 2322 2358 2384 τοὺς
2376 2321 2475 2386 τὰς
2491 2322 2773 2394 ἀλλοτρίας
2791 2325 3125 2395 συλήσαντας
3147 2327 3324 2390 εὐνὰς,
3341 2329 3401 2381 οὐ
3425 2331 3702 2400 πρότερον

2116 2414 2534 2482 κατακρίνουσιν
2587 2416 2636 2467 οἱ
2687 2415 3035 2484 δικάζοντες,
3083 2419 3188 2481 ἕως
3226 2421 3356 2490 ἄνῆ
3404 2423 3563 2475 αὐτοὶ
3597 2424 3703 2486 τὰς

2117 2503 2451 2573 κατηγορίας
2484 2507 2602 2568 ταῖς
2626 2506 2934 2575 ὁμολογίαις
2968 2509 3310 2578 κυρώσωσιν,
3341 2511 3374 2580 ἢ
3403 2515 3536 2582 παρ’
3573 2514 3702 2564 ἐτέο

2122 2607 2228 2659 ρων
2251 2591 2494 2661 ἐναργῶς
2519 2593 2864 2664 ἐλεγχθῶσιν.
2910 2596 3086 2665 Ἦμᾶς
3118 2597 3174 2648 δὲ
3201 2599 3228 2650 ό
3259 2601 3370 2661 τοῖς
3408 2597 3579 2662 θείοις
3609 2601 3704 2652 νό-

2120 2699 2242 2751 μοις
2285 2682 2723 2754 ἐντεθραμμένος
2771 2685 2930 2739 πέντε
2959 2689 3051 2739 καὶ
3095 2688 3388 2758 τριάκοντα
3429 2690 3704 2760 σταθμοῖς

2117 2775 2490 2845 ἀφεστηκότας
2523 2777 2842 2848 κατέκρινεν
2874 2779 2950 2842 ὡς
2983 2778 3236 2852 ἠθέλησε.
3282 2782 3392 2834 Καὶ
3430 2781 3600 2834 τοῦτο
3640 2785 3703 2834 οὗ

2120 2863 2215 2917 νῦν
2247 2865 2407 2934 μόνον
2442 2868 2762 2936 πεποίηκεν,
2791 2869 2925 2922 ἀλλὰ
2956 2870 3050 2923 καὶ
3086 2872 3281 2941 πέρυσι
3313 2873 3452 2942 μετὰ
3477 2874 3576 2926 δύο
3609 2878 3706 2930 ἆν-

2122 2952 2252 3024 δρας
2308 2954 2414 3008 τῶν
2470 2955 2568 3027 τὴν
2654 2958 3028 3030 Ἀπολιναρίου
3082 2963 3236 3014 νόσον
3294 2963 3705 3034 εἰσδεξαμένων

2123 3047 2302 3097 ἐκεῖσε
2331 3045 2659 3116 δραμόντας,
2691 3051 2785 3102 καὶ
2817 3052 3178 3118 συκοφαντίας
3211 3052 3330 3106 καθ’
3364 3054 3526 3123 ἡμῶν
3558 3057 3706 3132 ὑφῇ-

2121 3153 2336 3201 ναντας,
2379 3139 2617 3202 ἀναστάς
2671 3142 2758 3192 ἐπ’
2787 3141 3080 3211 ἐκκλησίας
3133 3144 3280 3212 ἡμᾶς
3311 3143 3701 3213 ἁνεθεμάτισε·

2122 3224 2217 3276 καὶ
2247 3225 2419 3278 ταῦτα
2447 3225 2580 3295 ἐμοῦ
2604 3226 2913 3295 γράψαντος
2940 3229 3075 3298 πρὸς
3113 3229 3294 3294 αὐτὸν,
3325 3232 3418 3283 καὶ
3447 3230 3485 3284 ἃ
3516 3233 3708 3302 φρονῶ

2121 3313 2208 3366 διὰ
2233 3315 2574 3385 γραμμάτων
2595 3318 2950 3387 δηλώσαντος.

2205 3405 2348 3472 Ἐγὼ
2379 3407 2435 3459 δὲ
2471 3407 2731 3478 ὀδύρομαι
2763 3410 2859 3479 μέν
2886 3410 2984 3479 τῆς
3019 3411 3337 3481 Ἐκκλησίας
3365 3412 3456 3464 τὸν
3489 3413 3710 3467 κλύδω-

2089 3507 2091 3511 ’
2123 3513 2208 3561 να,
2241 3497 2340 3566 τὴν
2377 3497 2432 3550 δέ
2459 3499 2684 3568 ἡσυχίαν
2730 3501 3067 3572 ἀσπάζομαι.
3108 3503 3205 3570 Ἓξ
3245 3505 3349 3573 γάρ
3385 3506 3478 3557 καὶ
3519 3505 3710 3558 εἴκοσι

2124 3586 2216 3656 ἐτη
2247 3585 2342 3657 τὴν
2375 3589 2804 3660 ἐγχειρισθεῖσάν
2848 3610 2937 3662 μοι
2976 3595 3124 3664 παρὰ
3146 3596 3239 3648 τοῦ
3266 3597 3400 3648 Θεοῦ
3422 3599 3532 3649 τῶν
3559 3599 3710 3651 ὅλων

2141 3680 2468 3750 Ἐκκλησίαν
2507 3680 2688 3744 ἰθύνας
2713 3682 2799 3735 διὰ
2823 3684 2922 3748 τὰς
2953 3684 3222 3756 ὑμετέρας
3251 3688 3435 3757 εὐχάς,
3474 3690 3581 3742 οὐκ
3613 3691 3711 3741 ἐπὶ

2123 3767 2216 3820 τοῦ
2244 3770 2658 3840 μακαριωτάτου
2685 3771 2936 3825 Θεοδότου
2971 3775 3063 3826 τοῦ
3090 3776 3186 3845 τῆς
3228 3776 3520 3844 ’Δνατολῆς
3566 3795 3710 3849 προ-

2125 3860 2299 3930 έδρου,
2330 3862 2428 3912 οὐκ
2457 3862 2548 3914 ἐπὶ
2571 3861 2677 3915 τῶν
2717 3865 2832 3932 μετ’
2869 3868 3095 3931 ἐκεῖνον,
3128 3866 3234 3921 τῶν
3262 3867 3350 3920 τὸν
3379 3869 3711 3940 Ἀντιοχέων

2124 3951 2518 4020 διαδεξαμένων
2557 3951 2764 4022 θρόνον,
2793 3956 2891 4025 τὴν
2931 3955 3197 4025 τυχοῦσαν
3237 3957 3439 4027 μέμψιν
3470 3959 3711 4030 ὑπέμειο

2126 4058 2212 4106 να,
2231 4042 2363 4094 ἀλλὰ
2385 4043 2485 4112 τῆς
2508 4043 2654 4106 θείας
2678 4061 2766 4112 μοι
2784 4046 3004 4117 χάριτος
3024 4049 3454 4120 συνεργησάσης,
3483 4053 3712 4113 πλείους

2130 4134 2230 4204 μὲν
2263 4134 2295 4204 ἢ
2331 4136 2506 4206 χιλίας
2527 4137 2703 4206 ψυχάς
2732 4137 3082 4209 ἠλευθέρωσα
3109 4140 3208 4210 τῆς
3249 4142 3577 4211 Μαρκίωνος
3619 4146 3713 4196 νό-

2131 4247 2247 4296 σου,
2284 4232 2508 4295 πολλοὺς
2534 4233 2588 4284 δὲ
2617 4232 2811 4296 ἄλλους
2839 4234 2903 4285 ἐκ
2932 4233 3031 4303 τῆς
3077 4234 3286 4305 Ἀρείου
3313 4236 3408 4288 καὶ
3433 4237 3714 4306 Εὐνομία.»

457 4335 741 4398 gentarum
767 4325 1135 4381 Ecclesiarum
1174 4324 1500 4392 pastoralem
1533 4337 1720 4376 curam
1750 4323 1763 4338 '
1799 4321 2016 4375 sortitus

2135 4322 2446 4392 συμμορίας
2481 4323 2829 4393 προσήγαγον
2860 4322 2939 4393 τῷ
2981 4325 3226 4396 Δεσπότῃ
3247 4325 3497 4395 Χριστῷ⁶
3526 4327 3624 4378 καὶ
3654 4328 3714 4377 ἐν

460 4432 613 4483 sum;
637 4425 716 4471 tot
743 4416 889 4470 enim
919 4413 1580 4486 Cyrushabetparmcias,
1601 4413 1652 4466 in
1675 4411 1875 4482 quibus
1898 4427 2023 4481 pre-

455 4523 581 4561 cum
607 4515 914 4560 vestrarum
939 4505 1142 4557 auxilio
1175 4503 1365 4557 lolium
1395 4503 1605 4556 nullum
1642 4501 1892 4559 relictum
1919 4509 2023 4564 est,

456 4599 550 4654 sed
578 4598 834 4652 omnibus
850 4596 1121 4650 haereticis
1143 4595 1426 4649 erroribus
1448 4610 1576 4665 grex
1598 4604 1785 4649 noster
1805 4599 2026 4660 ereptus

458 4699 560 4745 cst.
592 4689 754 4745 Novit
780 4693 874 4758 qui
900 4687 1084 4741 omnia
1113 4687 1400 4756 conspicit,
1440 4696 1574 4756 quot
1603 4685 1812 4755 lapides
1837 4685 1906 4738 ab
1938 4684 2024 4738 in-

459 4783 636 4836 fandis
673 4781 945 4836 haereticis
977 4780 1031 4833 in
1063 4795 1150 4833 me
1194 4781 1472 4850 conjectos
1504 4777 1814 4848 exceperim
1849 4795 1861 4829 :
1891 4785 2025 4846 quot

461 4873 592 4926 mihi
635 4872 822 4926 multis
855 4871 913 4924 in
940 4870 1172 4924 urbibus
1199 4870 1442 4925 Orientis
1488 4869 1787 4925 certamina
1820 4867 2030 4923 fuerint

459 4965 721 5018 adversus
775 4964 1026 5046 gentiles,
1073 4962 1334 5017 adversus
1370 4962 1608 5025 Iudaeos,
1659 4969 1714 5014 et
1767 4960 2030 5014 adversus

459 5069 704 5111 errorem
734 5070 949 5110 omnem
979 5053 1319 5108 haereticum.
1369 5053 1436 5105 Et
1477 5063 1598 5122 post
1640 5060 1820 5105 tantos
1862 5051 2030 5106 sudo-

465 5159 557 5199 res
591 5159 656 5199 ac
693 5144 910 5199 labores
959 5145 1164 5201 indicta
1203 5159 1368 5198 causa
1383 5143 1790 5198 condemnatus
1815 5160 1956 5198 sum.

535 5321 606 5375 At
640 5336 742 5390 ego
780 5321 1092 5390 apostolica
1118 5329 1312 5376 vestra:
1350 5319 1494 5374 sedis
1528 5330 1785 5389 exspecto
1811 5328 2032 5374 senten-

463 5413 616 5476 tiam,
667 5422 723 5467 ct
765 5427 863 5466 oro
917 5421 1080 5481 atque
1129 5413 1376 5468 obtestor
1429 5411 1635 5482 119],
1687 5412 2030 5466 sanctitatem

468 5509 638 5566 tuam,
657 5513 717 5557 ut
739 5502 874 5556 mihi
893 5502 960 5556 ad
990 5510 1198 5557 rectum
1219 5505 1501 5575 acjustum
1527 5503 1766 5558 tribunal
1790 5513 2032 5558 vestrum

468 5595 784 5661 provocanti
817 5594 1170 5668 opcm_ferat,
1195 5596 1492 5666 jubeatque
1518 5596 1583 5650 ad
1611 5612 1709 5651 vos
1743 5597 1951 5662 venire,
1979 5605 2034 5650 et

2130 4413 2476 4477 ὀκτακοσίαις
2508 4413 2856 4481 Ἐκκλησίαις
2881 4413 3070 4483 ἔλαχον
3085 4417 3388 4484 ποιμαίνειν
3409 4417 3716 4480 ’τοσαύτας

2134 4505 2241 4574 γάρ
2265 4506 2294 4574 ἡ
2321 4503 2534 4574 Κύρῤος
2569 4504 2855 4575 παροικίας
2879 4504 3009 4574 ἔχει,
3037 4506 3094 4558 ἐν
3127 4500 3212 4569 αἶς
3256 4507 3375 4560 οὐδὲ
3408 4507 3464 4559 ἓν
3490 4508 3582 4560 διὰ
3610 4510 3720 4573 τὰς

2140 4595 2412 4666 ὑμετέρας
2467 4595 2631 4664 εὐχὰς
2677 4595 2953 4666 μεμένηκε
3008 4595 3278 4660 ζιζάνιον·
3331 4598 3466 4651 ἀλλὰ
3524 4601 3722 4671 πάσης

2141 4685 2424 4757 αἱρετικῆς
2447 4685 2813 4755 ἡλευθέρωται
2843 4686 3048 4756 πλάνης
3063 4688 3124 4740 τὸ
3146 4688 3410 4758 ἡμέτερον
3432 4691 3718 4761 ποίμνιον.

2142 4775 2290 4831 Οἶδεν
2319 4778 2348 4828 ὁ
2378 4778 2552 4829 πάντα
2590 4777 2802 4847 ἐφορῶν
2836 4779 3034 4842 πόσους
3071 4778 3338 4850 ἐδεξάμην
3379 4781 3566 4845 λίθους
3609 4785 3726 4838 ὑπὸ

2138 4869 2245 4922 τῶν
2281 4868 2608 4939 δυσωνύμων
2648 4871 2769 4922 κατ’
2817 4870 2950 4938 ἐμοῦ
2996 4871 3346 4940 πεμφθέντας
3392 4874 3725 4941 αἱρετικῶν,

2137 4964 2336 5024 πόσους
2362 4963 2417 5013 ἐν
2439 4963 2558 5024 ταῖς
2597 4961 2805 5014 πλείοσι
2832 4963 2932 5032 τῆς
2974 4962 3261 5031 Ἀνατολῆς
3306 4963 3528 5016 πόλεσιν
3561 4963 3728 5035 ἑηῃν

2135 5053 2350 5120 ἀγῶνας
2375 5053 2509 5122 πρὸς
2534 5052 2820 5123 Ἕλληνας,
2850 5053 2986 5124 πρὸς
3030 5051 3335 5116 Ἰουδαίους,
3363 5052 3501 5122 πρὸς
3538 5058 3731 5107 πᾶσαν

2137 5145 2348 5214 πλάνην
2380 5144 2684 5214 αίρετικήν.
2723 5145 2828 5196 Καὶ
2863 5143 3002 5213 μετά
3029 5143 3315 5207 τοσούτους
3351 5142 3589 5212 ἱδρῶτας
3628 5147 3733 5197 καὶ

2141 5235 2335 5296 πόνους
2366 5234 2439 5303 μὴ
2470 5233 2830 5302 δικασάμενος
2858 5233 3207 5304 κατεκρίθην.

2225 5324 2366 5392 Ἐγὼ
2391 5325 2448 5376 δὲ
2493 5324 2584 5376 τοῦ
2621 5325 2978 5379 ἀποστολικοῦ
3015 5326 3167 5395 ὑμῶν
3206 5313 3393 5397 θρόνου
3428 5327 3731 5395 περιμένω

2143 5411 2240 5481 τὴν
2269 5412 2466 5482 ψῆφονο
2497 5412 2593 5464 καὶ
2619 5413 2864 5478 ἱκετεύω,
2900 5414 2990 5466 καὶ
3014 5414 3275 5467 ἀντιϐολῶ
3299 5415 3395 5483 τὴν
3427 5415 3531 5484 σὴν
3561 5416 3732 5481 617:6-

2142 5520 2301 5574 τητα,
2332 5502 2608 5573 ἐπαμῦναί
2640 5521 2728 5573 μοι
2756 5506 2818 5557 τὸ
2843 5503 3001 5573 ὀρθὸν
3033 5504 3184 5574 ὑμῶν
3224 5507 3315 5558 καὶ
3346 5505 3560 5557 δίκαιον
3599 5506 3736 5556 ἐπι-

2146 5596 2462 5665 καλουμένῳ
2511 5597 2812 5667 κριτήριον,
2870 5596 2963 5648 καὶ
2997 5594 3248 5650 κελεῦσαι
3292 5595 3526 5666 δραμεῖν
3581 5599 3738 5665 πρλς
