3924 6192
284 241 421 307 131Ἷ

1622 244 1977 305 EPISTULA
2018 242 2231 336 exui.

3386 240 3522 308 1313

288 359 430 427 ὑμᾶς
468 353 604 424 (75),
645 354 736 407 καὶ
779 353 1041 417 ἐπιδεῖξαί
1083 371 1182 424 μου
1217 354 1315 424 τὴν
1354 353 1705 408 διδασκαλίαν
1739 356 1849 416 τοῖς

1960 352 2258 407 doctrinam
2300 367 2477 407 meam
2525 349 2841 423 apostolicis
2878 353 3123 424 vestigiis
3164 354 3522 412 inhaerentem

287 447 659 509 ἁποστολικοῖς
687 445 889 515 ῖχνεσιν
918 444 1208 515 ἑπομένην.
1230 446 1384 529 ξεστι
1413 445 1522 515 γάρ
1548 462 1634 515 μοι
1655 443 1723 497 τὰ
1750 445 1848 514 μὲν

291 538 392 609 πρὸ
418 537 585 592 εἴκοσι
612 535 746 589 ἐτῶν
771 535 1255 606 συγγεγραμμένα,
1275 537 1344 590 τὰ
1369 536 1424 589 δὲ
1451 534 1557 606 πρὸ
1581 534 1850 588 ὀκτωκαί-

285 633 437 692 δεκα,
459 628 529 682 τὰ
550 628 607 681 δὲ
634 627 740 698 πρὸ
770 627 1183 690 πεντεκαίδεκα,
1215 627 1283 681 τὰ
1308 628 1364 680 δὲ
1386 626 1492 697 πρὸ
1511 626 1847 687 δυοκαίδεκα,

283 721 352 774 τὰ
380 721 476 791 μιν
508 719 647 789 πρὸς
675 716 982 789 Ἀρειανοὺς
1013 721 1105 774 καὶ
1133 720 1516 790 Εὐνομιανοὺς,
1541 718 1609 772 τὰ
1634 719 1690 771 δὲ
1717 719 1852 787 πρὸς

298 812 582 875 Ἰουδαίους
605 812 699 865 καὶ
725 812 1014 881 Ἕλληνας,
1037 812 1105 865 τὰ
1128 812 1186 865 δὲ
1224 812 1358 882 πρὸς
1396 812 1523 874 τοὺς
1546 812 1604 863 ὲν
1630 810 1852 879 Περσίδι

293 903 518 975 μάγους,
548 902 684 955 ἄλλα
727 901 855 972 περὶ
891 902 993 970 τῆς
1021 900 1248 955 καθόλου
1284 900 1564 970 Προνοίας.
1595 899 1756 970 ἕτερα
1795 897 1854 950 δὲ

292 995 414 1063 περὶ
436 993 712 1061 θεολογίας
758 993 853 1047 καὶ
880 993 978 1062 τῆς
1011 992 1161 1056 θείας
1189 991 1670 1061 ὲνανθρωπὴσεως.
1721 990 1854 1059 Ἤρ-

294 1081 554 1155 μήνευταί
584 1097 672 1151 μοι
707 1080 793 1133 διὰ
816 1078 913 1150 τὴν
948 1078 1101 1132 θείαν
1128 1078 1311 1147 χάριν,
1339 1075 1434 1130 καὶ
1466 1075 1534 1128 τὰ
1563 1073 1854 1127 ἀποστολι-

289 1174 364 1228 κὰ
400 1172 831 1242 συγγράμματα,
888 1171 981 1222 καὶ
1023 1168 1094 1221 τὰ
1140 1166 1451 1239 προφητικὰ
1488 1164 1849 1233 θεσπίσματα.

293 1265 400 1320 Καὶ
441 1264 620 1334 ῥᾴδιον
655 1265 717 1316 ὲκ
758 1261 958 1314 τούτων
992 1259 1349 1330 καταμαθεῖν,
1392 1258 1503 1309 εἴτε
1544 1253 1736 1325 ἀκλινῆ
1764 1254 1855 1306 τὸν

285 1356 484 1410 κανόνα
539 1353 639 1422 τῆς
698 1352 929 1414 πίστεως
989 1352 1319 1421 διετήρησα,
1371 1347 1481 1401 εἴτε
1535 1346 1633 1416 τὴν
1678 1345 1866 1398 τούτου

293 1446 535 1518 παρέϐην
579 1443 867 1513 εὐθύτητα.
904 1442 1066 1496 Ἀλλὰ
1108 1444 1182 1512 μὴ
1237 1439 1567 1509 διαπτύσητέ
1613 1455 1711 1508 μου
1758 1436 1855 1506 τὴν

294 1538 546 1599 ίκετείαν,
584 1534 908 1606 παρακαλῶ,
948 1532 1080 1604 μηδὲ
1106 1533 1207 1602 τὴν
1234 1531 1420 1586 ἀθλίαν
1467 1547 1567 1600 μου
1597 1527 1856 1598 παρίδητε

290 1626 480 1680 πολιὰν
505 1626 642 1696 μετὰ
675 1623 892 1686 πολλοὺς
915 1621 1248 1693 ὑϐρισμένην
1272 1619 1574 1689 καμάτους.

1951 445 2262 500 ostendere.
2299 442 2438 499 Sunt
2458 445 2606 500 enim
2632 446 2790 509 mihi,
2822 461 2944 515 quae
2966 446 3163 515 partim
3198 454 3323 501 ante
3351 462 3525 504 annos

1949 534 2163 604 viginti,
2200 535 2402 604 partim
2448 544 2573 590 ante
2619 535 2947 599 octodecim,
2980 534 3177 605 partim
3207 544 3331 590 ante
3357 536 3523 606 quin-

1951 624 2151 691 decim,
2165 627 2365 695 partim
2382 634 2507 681 ante
2526 626 2814 681 duodecim
2838 626 3052 697 scripsi,
3067 626 3315 696 quaadam
3335 636 3531 682 contra

1950 720 2182 774 Arianos
2210 727 2265 773 et
2291 719 2683 782 Eunomianos,
2720 719 2967 788 quaedam
2999 725 3187 773 contra
3219 717 3437 772 Iudaeos
3470 727 3522 772 et

1951 810 2202 880 gentiles,
2236 810 2482 879 quaedam
2505 816 2696 864 contra
2719 824 2906 879 magos
2924 809 3019 879 qui
3044 817 3172 864 sunt
3200 808 3255 862 in
3276 807 3522 870 Perside,

1953 902 2057 956 alia
2101 901 2171 955 de
2215 900 2513 955 universali
2562 900 2933 965 Providentia,
2979 915 3036 954 et
3083 900 3189 954 alia
3226 914 3418 953 rursus
3457 898 3526 954 de

1955 993 2245 1062 theologia,
2262 992 2438 1062 deque
2454 993 2638 1046 divina
2669 991 3065 1047 incarnatione.
3084 992 3341 1062 Exposita
3359 994 3527 1048 etiam

1954 1090 2082 1137 sunt
2114 1097 2145 1136 a
2174 1097 2260 1135 me
2286 1097 2384 1151 per
2406 1080 2647 1135 divinam
2668 1079 2898 1150 gratiam
2927 1088 3041 1133 tum
3073 1079 3372 1147 apostolica
3392 1080 3528 1134 scri-

1953 1183 2064 1243 pta,
2106 1182 2220 1227 tum
2276 1172 2595 1242 prophetica
2635 1170 2875 1225 oracula.
2917 1171 2985 1224 Et
3024 1169 3181 1224 facile
3213 1177 3297 1224 est
3334 1185 3401 1224 ex
3440 1169 3527 1225 his

1952 1279 2302 1335 cognoscere,
2334 1280 2402 1317 an
2434 1263 2685 1318 stabilem
2710 1262 2834 1316 fidei
2869 1263 3107 1331 regulam
3135 1265 3422 1327 servarint,
3454 1278 3526 1317 an

1953 1356 2022 1410 ab
2047 1357 2165 1427 ejus
2199 1354 2527 1409 rectitudine
2561 1352 2896 1408 deﬂexerim.
2925 1352 3032 1407 Sed
3060 1353 3249 1418 nolite,
3272 1353 3525 1418 obsecro,

1954 1448 2231 1517 supplices
2247 1461 2396 1501 meas
2419 1460 2613 1516 preces
2635 1456 2916 1513 respuere,
2941 1458 3042 1498 nec
3065 1445 3321 1499 miseram
3347 1460 3525 1499 meam

1954 1543 2209 1597 canitiem
2244 1550 2369 1611 post
2412 1540 2614 1595 multos
2654 1540 2870 1595 labores
2902 1540 3295 1595 contumeliose
3331 1548 3528 1595 tracta-

1959 1640 2067 1687 tam
2095 1632 2399 1702 despicere.

357 1716 473 1787 Πρὸ
505 1717 562 1769 δὲ
596 1717 839 1776 πάντων,
867 1711 1059 1782 μαθεῖν
1089 1709 1352 1764 ἀντιϐολῶ
1384 1709 1514 1779 παρ’
1546 1707 1720 1778 ὑμῶν,
1746 1705 1856 1758 εἴτε

2028 1724 2166 1779 Ante
2189 1724 2370 1779 omnia
2400 1732 2462 1779 ut
2499 1740 2528 1777 a
2562 1723 2718 1777 vobis
2752 1721 2952 1776 docear
2990 1735 3107 1786 oro,
3138 1737 3207 1776 an
3241 1735 3328 1775 me
3359 1735 3526 1791 opor-

292 1809 395 1879 χρή
426 1824 492 1877 με
518 1806 740 1876 στέρξαι
768 1805 868 1874 τὴν
904 1805 1085 1858 ἄδικον
1122 1802 1324 1873 ταύτην
1365 1800 1705 1869 καθαίρεσιν,
1746 1798 1856 1850 εἴτε

296 1901 389 1970 μὴ’
420 1899 518 1968 τὴν
540 1897 648 1967 γὰρ
683 1895 951 1966 ὑμετέραν
976 1892 1267 1965 προσμένω
1295 1891 1494 1960 ψῆφον.
1531 1888 1649 1943 Κᾶν
1680 1886 1861 1942 κελεύ-

293 2006 423 2062 σητε
457 1991 570 2052 τοῖς
602 1985 1145 2056 καταψηφισαμένοις
1173 1985 1446 2053 ἐμμεῖναι,
1489 1979 1730 2050 έμμενῶ,
1764 1977 1861 2032 καὶ

291 2084 466 2137 οὐδενὶ
510 2081 812 2153 ἀνθρώπων
861 2078 1134 2148 ἐνοχλήσω
1172 2075 1377 2137 λοιπὸν,
1425 2073 1559 2127 ἀλλὰ
1611 2072 1755 2143 μενῶ
1799 2069 1860 2124 τὸ

293 2175 507 2239 eum;
526 2174 621 2228 τοῦ
640 2172 773 2226 Θεοῦ
801 2172 896 2225 καὶ
917 2171 1170 2240 Σωτῆρος
1196 2167 1351 2237 ήμῶν
1381 2166 1682 2236 κριτήριον.
1707 2162 1860 2232 Ἐμοὶ

292 2268 371 2334 δὲ,
403 2267 479 2330 ὡς
521 2269 551 2320 ό
583 2265 856 2336 Δεσπότης
907 2260 1174 2334 μαρτυρεῖ
1205 2259 1356 2323 Θεὸς,
1398 2258 1461 2310 οὐ
1502 2257 1665 2327 τιμῆς
1711 2254 1858 2325 μέλει

294 2360 388 2412 καὶ
423 2356 598 2428 δόξης,
630 2356 767 2408 ἀλλὰ
816 2355 974 2418 μόνον
1007 2352 1102 2405 τοῦ
1141 2349 1507 2420 γεγενημένου
1541 2346 1855 2400 σκανδάλουο

291 2452 373 2504 ὅτι
407 2450 591 2503 πολλοὶ
614 2446 724 2501 τῶν
762 2444 1163 2512 ἁπλουστέρων,
1192 2444 1288 2495 καὶ
1313 2440 1546 2511 μάλιστα
1568 2440 1618 2491 οἱ
1654 2439 1719 2490 ὲκ
1743 2437 1858 2490 δια-

292 2543 473 2613 φόρων
510 2539 774 2611 αἱρέσεων
805 2538 938 2607 παρ’
964 2535 1119 2606 ἡμῶν
1157 2532 1554 2602 ζωγρηθέντες,
1579 2527 1657 2597 τῷ
1686 2528 1860 2596 θρόνῳ

292 2629 402 2684 τῶν
447 2628 896 2699 κατακρινάντων
941 2624 1319 2696 προσέχοντες,
1377 2618 1685 2691 αἱρετικοὺς
1729 2617 1860 2678 ἴσως

292 2722 442 2791 ἡμᾶς
498 2718 900 2786 ὑπολήψονται,
952 2716 1053 2786 τὴν
1110 2713 1204 2767 τοῦ
1252 2713 1514 2782 δόγματος
1575 2709 1858 2780 ἀκρίϐειαν

293 2810 533 2864 κατιδεῖν
576 2809 638 2861 οὐ
676 2807 984 2875 δυνάμενοι.
1014 2804 1135 2857 Ὀτι
1162 2803 1217 2855 δὲ
1246 2802 1359 2870 (76)
1392 2799 1642 2854 τοσοῦτον
1671 2798 1860 2868 χρόνον

296 2900 723 2963 έπισκοπεύσας,
768 2898 867 2950 οὐκ
913 2896 1090 2950 οἰκίαν
1148 2892 1485 2963 ἐκτησάμην,
1531 2892 1632 2944 οὐκ
1672 2876 1861 2959 ἀγρὸν,

295 2993 395 3045 οὐκ
428 2989 635 3054 ὀϐολὸν,
712 2988 771 3039 οὔ
831 2987 1022 3055 τάφον,
1061 2984 1199 3038 ἀλλὰ
1234 2985 1335 3053 τὴν
1371 2981 1686 3053 αὐθαίρετον
1747 2980 1859 3050 (77)

296 3083 632 3154 ἡσπασάμην
661 3080 870 3141 πενίαν,
918 3076 1014 3130 καὶ
1049 3077 1116 3130 τὰ
1167 3075 1318 3147 παρὰ
1355 3074 1463 3128 τῶν
1500 3072 1863 3156 πατέρωνοείς

297 3176 444 3247 ἡμᾶς
502 3173 721 3227 ἐλθόντα
773 3168 909 3241 μετὰ
963 3168 1065 3239 τὴν
1127 3168 1348 3220 ἐκείνων
1403 3164 1657 3233 τελευτὴν
1701 3162 1863 3225 εὐθὺς

296 3265 576 3334 διανείμας
602 3302 617 3327 ,
674 3262 855 3315 ἴσασιν
901 3264 1142 3321 ἅπαντες
1193 3258 1251 3311 οι
1299 3255 1399 3326 τὴν
1434 3254 1607 3324 Ἐᾠαν
1653 3252 1865 3306 οἰκοῦν-

297 3373 408 3410 τες.

371 3445 481 3517 Πρὸ
516 3444 575 3497 δὲ
615 3443 854 3508 πάντων,
888 3422 1113 3492 ἱκετεύω
1145 3436 1246 3505 τὴν
1275 3434 1426 3506 ἱερὰν
1459 3433 1612 3505 ὑμῶν
1653 3432 1746 3485 καὶ
1784 3431 1864 3503 τῷ

298 3538 416 3608 Θεῷ
451 3536 611 3607 φίλην
635 3533 898 3603 κεφαλὴν,
939 3531 1241 3601 παρασχεῖν
1275 3543 1365 3596 μοι
1403 3525 1513 3579 τῶν
1545 3523 1863 3595 προσευχῶν

298 3630 394 3699 τὴν
420 3628 692 3699 βοήθειαν.
722 3623 907 3677 Ταῦτα
942 3622 1030 3674 διὰ
1064 3620 1174 3673 τῶν
1200 3617 1607 3681 εὐ).α6εστάτων
1634 3615 1728 3668 καὶ
1748 3614 1865 3668 θεο·

301 3718 633 3790 φιλεστάτων
674 3712 1061 3785 πρεσϐυτέρων
1102 3710 1358 3762 ’Υπατίου
1412 3708 1507 3761 καὶ
1565 3706 1862 3777 Ἀϐραμίου

297 3810 410 3864 τῶν
439 3805 889 3879 χωρεπισκόπων,
924 3804 1018 3856 καὶ
1058 3801 1313 3854 Ἀλυπίου
1360 3798 1456 3853 τοῦ
1491 3798 1724 3868 ἐξάρχου
1751 3799 1862 3851 τῶν

300 3900 431 3971 παρ’
456 3901 590 3970 ἡμῖν
629 3895 966 3967 μοναζὸντων
996 3894 1094 3965 τὴν
1128 3892 1399 3962 ὑμετέραν
1424 3889 1730 3960 ἁγιωσύνην
1756 3891 1859 3944 ὲδί·

299 3993 452 4058 δαξα·
483 3989 779 4060 ἐπειδήπερ
810 3985 909 4056 ἐμὲ
933 3985 1159 4057 δραμεῖν
1194 3982 1330 4055 πρὸς
1360 3984 1503 4054 ὑμᾶς
1531 3983 1599 4036 τὰ
1629 3984 1736 4037 τῶν
1764 3983 1863 4054 βα-

303 4081 523 4136 σιλικῶν
570 4078 916 4151 γραμμάτων
958 4076 1154 4145 ἐπέσχε
1209 4074 1404 4144 δεσμὰ,
1449 4073 1732 4145 ῶσπεροῦν
1770 4075 1865 4128 καὶ

300 4174 427 4236 τοὺς
460 4170 676 4234 ἄλλους.
704 4169 814 4222 Καὶ
838 4165 1138 4239 παρακαλῶ
1166 4164 1265 4237 τὴν
1296 4164 1566 4236 ὑμετέραν
1588 4165 1860 4235 ὁσιότητα,

1962 1823 2073 1869 teat
2097 1814 2150 1869 in
2177 1815 2278 1869 hac
2300 1815 2502 1884 iniusta
2524 1812 2864 1883 depositione
2886 1811 3260 1881 acquiescere,
3285 1826 3353 1864 an
3374 1825 3482 1866 non
3509 1827 3524 1863 :

1961 1912 2195 1957 vestram
2217 1902 2366 1957 enim
2389 1902 2716 1957 sententiam
2739 1908 3019 1970 exspecto.
3054 1898 3209 1966 Quod
3232 1899 3277 1952 si
3300 1898 3355 1952 in
3375 1898 3526 1968 judi-

1960 1992 2099 2046 catis
2150 2007 2372 2047 manere
2423 2008 2511 2046 me
2554 1990 2850 2063 jusseritis,
2905 1990 3160 2054 manebo,
3207 2004 3385 2058 neque
3427 1988 3528 2043 ulli

1960 2080 2244 2134 hominum
2278 2080 2540 2149 deinceps
2577 2079 2843 2134 molestus
2871 2094 2986 2143 ero,
3034 2078 3131 2133 sed
3178 2088 3391 2132 rectum
3427 2076 3526 2132 Dei

1961 2171 2380 2242 Salvatorisque-
2406 2172 2581 2226 nostri
2610 2170 2882 2243 judicium
2907 2169 3258 2240 exspectabo.
3284 2168 3367 2223 Me
3400 2167 3527 2237 qui-

1960 2263 2106 2328 dem,
2149 2264 2304 2319 testis
2341 2272 2424 2318 est
2455 2263 2717 2318 Dominus
2753 2263 2919 2327 Deus,
2970 2261 3198 2316 honoris
3243 2269 3299 2315 et
3338 2260 3530 2331 gloriae

1960 2368 2093 2409 cura
2124 2369 2234 2409 non
2267 2355 2471 2425 tangit,
2507 2354 2602 2409 sed
2635 2352 2877 2408 scandali
2910 2351 3056 2422 quod
3098 2352 3355 2422 injectum
3387 2359 3472 2405 est
3510 2367 3525 2403 :

1959 2445 2089 2513 quia
2122 2445 2279 2499 multi
2315 2460 2346 2499 e
2385 2443 2835 2513 simplicioribus,
2881 2451 3047 2512 atque
3073 2443 3110 2496 ii
3145 2442 3399 2504 maxime,
3431 2441 3528 2510 qui

1959 2550 2027 2589 ex
2048 2534 2284 2590 diversis
2306 2535 2610 2589 hteresibus
2637 2550 2805 2604 Opera
2830 2544 3016 2589 nostra
3047 2542 3412 2599 emerserunt,
3438 2549 3528 2589 sc-

1960 2623 2083 2677 dem
2115 2623 2334 2677 illorum
2361 2623 2453 2692 qui
2482 2622 2921 2677 condemnarunt
2952 2622 3320 2687 attendentes,
3359 2623 3530 2677 lucre-

1960 2712 2096 2767 ticos
2122 2727 2225 2767 nos
2256 2712 2487 2767 fortasse
2522 2712 2933 2776 existimabunt,
2958 2728 3083 2767 cum
3104 2712 3374 2783 dogmatis
3400 2728 3528 2783 per-

1961 2802 2250 2858 fectionem
2279 2803 2591 2873 perspicere
2614 2818 2723 2858 non
2756 2804 2984 2873 possint.
3021 2803 3233 2873 1192
3263 2803 3529 2873 Quodque

1961 2895 2275 2964 episcopatu
2299 2902 2379 2949 tot
2405 2897 2563 2950 annis
2579 2905 2754 2966 gesto,
2775 2911 2884 2950 non
2908 2895 3132 2949 domum
3155 2896 3527 2965 acquisierint,

1963 3001 2071 3038 non
2094 3001 2304 3056 agrum,
2329 3001 2441 3040 non
2471 2985 2716 3051 oholum,
2738 3001 2850 3040 non
2881 2986 3218 3055 sepulcrum,
3242 2987 3337 3041 sed
3362 3002 3531 3056 spon-

1966 3082 2177 3129 taneam
2217 3076 2237 3096 ‘
2269 3083 2649 3146 paupertatem
2685 3077 2967 3146 amplexus
3003 3077 3128 3140 sim,
3163 3088 3220 3133 et
3245 3094 3310 3134 ea
3348 3095 3469 3149 quae
3500 3096 3533 3135 a

1960 3167 2283 3235 parentibus
2300 3168 2367 3221 ad
2392 3182 2494 3222 nos
2510 3176 2893 3238 pervenerant,
2915 3177 3039 3239 post
3060 3168 3277 3224 illorum
3298 3181 3530 3226 mortem

1962 3253 2148 3306 statim
2180 3253 2578 3318 distribuerim,
2610 3256 2793 3311 sciunt
2829 3272 3019 3313 omnes
3048 3258 3143 3328 qui
3187 3259 3439 3317 habitant
3474 3261 3532 3317 in

1963 3340 2204 3396 Oriente.

2032 3434 2151 3488 Prae
2179 3433 2436 3489 omnibus
2477 3438 2660 3491 autem
2691 3451 2906 3491 sacrum
2927 3438 3150 3508 Deoque
3180 3441 3405 3496 charum
3436 3459 3530 3498 ca-

1961 3533 2063 3596 put
2109 3532 2353 3580 vestrum
2396 3526 2652 3592 obsecro,
2690 3536 2753 3582 ut
2790 3529 3052 3598 precibus
3088 3529 3223 3585 mihi
3276 3547 3435 3601 Opem
3475 3542 3532 3587 ct

1963 3616 2227 3671 auxilium
2276 3616 2439 3672 ferat.
2476 3616 2601 3671 Haec
2639 3633 2738 3687 per
2773 3620 3263 3676 reverendissimos
3306 3624 3532 3694 Deoquc

1961 3706 2314 3761 charissimos
2357 3708 2726 3779 presbyteros,
2786 3708 3080 3780 Hypatium
3119 3720 3175 3766 et
3211 3714 3532 3769 Abramium

1963 3800 2409 3869 chorepiscopos,
2449 3812 2505 3855 et
2543 3800 2796 3872 Alypium
2836 3803 3233 3858 monachorum
3263 3807 3359 3875 qui
3387 3808 3534 3877 apud

1963 3904 2065 3944 nos
2119 3898 2247 3943 sunt
2297 3890 2596 3944 exarchum
2654 3890 2933 3945 sanctitati
2979 3900 3177 3953 vestrae
3226 3895 3469 3965 suggessi
3515 3913 3531 3949 :

1964 3980 2409 4051 quandoquidem
2455 3997 2524 4036 ne
2569 3981 2637 4035 ad
2674 3997 2774 4037 vos
2821 3983 3209 4039 contenderem
3258 3988 3532 4057 regiarum

1963 4072 2273 4128 litterarum
2314 4073 2532 4128 vincula
2567 4074 2939 4138 retinuerunt,
2979 4076 3437 4145 quemadmodum
3474 4088 3533 4134 ct

1964 4164 2119 4218 alios.
2146 4164 2213 4219 Et
2244 4165 2591 4220 sanctitatem
2624 4175 2861 4221 vestram
2886 4181 3005 4230 oro,
3038 4176 3099 4221 ut
3124 4176 3179 4222 et
3202 4178 3428 4238 paterno
3447 4171 3531 4225 af-

303 4263 398 4313 καὶ
442 4259 570 4313 ίδεῖν
605 4258 802 4331 αὐτοὺς
836 4254 1138 4326 πατρικῶς,
1181 4254 1276 4307 καὶ
1312 4253 1412 4318 τὰς
1438 4253 1674 4317 ἀκλινεῖς
1709 4253 1858 4324 ὑμῶν

1966 4254 2111 4310 fectu
2161 4255 2284 4331 illos
2330 4255 2537 4320 videat,
2588 4266 2643 4311 et
2679 4256 2919 4311 sinceras
2968 4273 3132 4312 aures
3179 4269 3391 4315 vestras
3425 4261 3535 4315 illis

304 4349 471 4412 ἀκοὰς
504 4330 754 4419 εὐμενεῖς
795 4348 977 4410 αὐτοῖς
1014 4348 1335 4417 παρασχεῖν,
1370 4346 1465 4398 καὶ
1499 4345 1559 4398 τὸ
1597 4364 1858 4416 συκοφαν-

1966 4330 2231 4416 benignas
2282 4346 2544 4416 praebeat,
2583 4355 2639 4402 et
2686 4347 2976 4401 calumniis
3013 4355 3261 4419 vexatam
3303 4364 3367 4404 ac
3413 4351 3533 4404 sine

302 4416 692 4508 codpewv'xa't
741 4438 918 4508 μάτην
974 4416 1379 4506 πολεμούμενόν
1423 4453 1525 4507 μου
1559 4436 1736 4507 γῆρας
1763 4438 1858 4507 τῆς

1966 4451 2130 4490 causa
2155 4435 2523 4507 impugnatam
2549 4445 2888 4493 senectutem
2919 4416 3095 4492 meain
3123 4438 3307 4494 studio
3325 4446 3381 4494 et
3407 4455 3535 4509 pro-

306 4528 574 4598 ὑμετέρας
609 4527 838 4593 ἀξιῶσαι
873 4525 1216 4597 κηδεμονίας,
1256 4525 1352 4577 καὶ
1380 4525 1486 4594 πρὸ
1522 4525 1741 4579 πάντων
1768 4526 1858 4596 τῆς

1965 4527 2207 4582 videntia
2231 4537 2412 4582 vestra
2441 4528 2716 4599 dignetur,
2752 4537 2867 4583 tum
2903 4537 3029 4585 ante
3066 4530 3248 4585 omnia
3285 4530 3409 4585 lldei
3446 4531 3532 4585 in-

306 4616 826 4687 ὲπιϐεϐουλευμένης
858 4617 1093 4679 πίστεως
1135 4616 1299 4670 παντὶ
1343 4616 1516 4670 σθένει
1564 4617 1858 4688 φροντίσαι,

1966 4617 2123 4672 sidiis
2156 4618 2408 4688 appetita:
2429 4634 2591 4687 quam
2613 4620 2904 4674 maximam
2929 4627 3112 4689 potest
3137 4634 3323 4675 curam
3358 4630 3531 4691 gerat,

307 4708 403 4761 καὶ
449 4708 680 4778 φυλάξαι
722 4712 841 4773 ταῖς
869 4703 1215 4778 Ἐκκλησίαις
1248 4708 1337 4760 τὸν
1381 4706 1629 4777 πατρῷον
1668 4707 1768 4775 κλῆ
1779 4722 1858 4777 ρον

1965 4716 2359 4778 paternamque
2399 4709 2772 4765 hereditatem
2818 4711 3080 4765 Ecclesiis
3122 4711 3388 4781 integram
3434 4727 3534 4766 cu-

305 4799 602 4872 ἀκὴρατοψ
638 4799 729 4853 ῖνα
756 4799 851 4853 καὶ
876 4799 975 4862 τὰς
1002 4798 1122 4853 ἀντὶ
1152 4797 1355 4851 τούτων
1388 4797 1686 4861 ἀντιδόσεις
1713 4798 1858 4868 δέξη-

1970 4798 2193 4862 stodiat,
2228 4807 2289 4853 ut
2318 4813 2421 4869 pro
2444 4799 2532 4853 his
2562 4800 2728 4855 etiam
2758 4811 2974 4870 paratas
3007 4802 3478 4856 remunerationes
3503 4817 3534 4856 a

305 4907 394 4946 ται
428 4889 582 4961 ὑμῶν
620 4890 655 4961 ἡ
690 4890 911 4961 ἀγιότης
949 4889 1098 4960 παρὰ
1125 4886 1218 4942 τοῦ
1252 4885 1623 4959 μεγαλοδώρου
1666 4887 1858 4941 Δεσπό-

1970 4889 2230 4945 muniﬁco
2274 4899 2329 4946 et
2374 4889 2590 4946 liberali
2628 4891 2862 4947 Domino
2914 4893 3174 4948 sanctitas
3222 4900 3401 4948 vestra
3447 4908 3535 4947 rc-

306 5000 422 5039 του.

1972 4980 2159 5050 cipiat.

403 5135 490 5207 75)
523 5139 651 5207 παρ’
688 5137 789 5207 up.
812 5136 982 5206 Neap.

404 5136 490 5207 75)
523 5139 651 5207 παρ’
688 5137 783 5205 ὑμ.
812 5136 982 5206 Neap.

404 5208 490 5277 76)
522 5207 731 5277 Bégpost
778 5206 859 5258 ὅτι
913 5207 1098 5277 aberat
1137 5221 1167 5259 a
1207 5202 1370 5277 Sirm.
1416 5202 1509 5273 qui
1545 5202 1708 5277 paulo
1730 5212 1858 5277 post

1972 5148 2123 5189 mum
2145 5136 2299 5190 verbi
2330 5136 2649 5206 αὐθαίρετον
2670 5145 2728 5191 et
2754 5138 2971 5192 initium
2999 5139 3279 5206 sequentis
3305 5138 3534 5208 ὴσπασ..

1970 5219 2092 5277 qua:
2126 5202 2280 5259 facile
2309 5206 2500 5277 sarciri
2542 5206 3215 5277 conjectandopoterant,
3249 5208 3294 5277 si
3323 5208 3425 5277 vel
3451 5223 3534 5261 ca-

1970 5219 2092 5276 quze
2126 5202 2280 5259 facile
2309 5202 2507 5276 sarciri
2542 5206 2899 5276 conjeetando
2944 5202 3215 5276 poterant,
3249 5208 3294 5261 si
3323 5202 3406 5262 vel
3451 5223 3540 5261 ca-

305 5272 544 5331 ‘nabebat
574 5272 651 5338 di;
687 5276 893 5329 tcaaw:
941 5274 1252 5329 Lectionem
1306 5273 1474 5342 Neap.
1519 5281 1575 5327 et
1625 5272 1867 5328 Vatican.
1971 5274 2273 5342 ruissemus
2325 5275 2593 5330 beneficio
2644 5272 2846 5330 codicis
2886 5272 3362 5340 Vi'ndobonensis;
3414 5276 3537 5330 Bal-

308 5346 450 5417 apugd
476 5346 776 5417 fllervetum
801 5352 862 5417 et
889 5343 1084 5417 Baron.
1114 5345 1230 5412 ipse
1268 5340 1462 5417 sensus
1488 5343 1745 5417 postulat.

1971 5340 2154 5417 lerinii
2186 5345 2325 5399 male
2356 5344 2749 5414 rescripserant
2791 5345 2928 5399 ἀλλὰ
2957 5346 3055 5417 τὴν
3092 5345 3402 5417 αὐτομάτην
3442 5361 3539 5398 πε·-

378 5414 492 5487 (77)
539 5413 676 5471 Cum
716 5414 852 5469 vitio
898 5411 1300 5484 typothetarum
1347 5413 1640 5469 excidisset
1691 5421 1899 5467 ωηο-ο
1975 5411 2118 5467 νίαν.
