3924 6192
414 211 542 275 13ζο

1446 205 1931 293 ΤΙΙΕΟΒΟΒΕΤ]
1972 200 2306 268 EPISCOPI
2347 203 2706 270 CYRENSIS

3527 192 3677 258 13:20

1270 336 1431 388 (LXIII
1466 337 1559 388 bis.
1593 367 1660 372 ——-
1697 336 1805 404 (78)
1839 350 1882 387 s.
1919 349 2099 386 Lcoxts
2129 351 2268 386 var/5
2299 352 2359 386 λι)
2389 348 2785 387 wrononermr.

483 475 694 546 1193
732 475 1093 529 Dilectissimo
1132 473 1280 527 fratri
1321 474 1656 528 Theodorito
1685 475 1974 544 episcopo,
2010 483 2048 534 Α
2079 492 2187 530 non
2231 477 2547 540 crediderit,
2588 474 3046 529 condemnabitur
3077 476 3140 527 ὀ.
3177 492 3195 525 ι
3249 475 3391 531 Solis
3426 477 3673 546 justtlix:

407 569 520 624 Leo
556 569 867 637 episcopus.

480 660 870 715 Remeantibus
929 657 994 711 ad
1069 673 1169 711 nos
1235 657 1498 710 fratribus
1561 666 1615 709 ct
1689 671 1976 709 consacer-

407 752 630 808 dotibus
663 751 888 811 nostris,
926 765 1064 817 quos
1098 749 1165 802 ad
1201 757 1448 801 sanetum
1491 747 1791 801 concilium
1821 746 1980 799 sedes

409 845 554 898 beati
607 842 752 897 Petri
805 841 1024 902 direxit,
1073 841 1394 909 agnovimus
1437 838 1784 892 dilectionem
1830 846 1977 889 tuam

407 949 646 1004 superno
695 931 968 1000 adjutorio
1017 930 1301 984 nobiscum
1349 939 1452 982 tam
1492 929 1826 982 Nestorianzc
1873 927 1977 979 im-

406 1025 648 1095 pietatis,
690 1038 854 1092 quam
893 1023 1244 1090 Eutychiana:
1293 1023 1546 1086 vesaniae,
1588 1022 1860 1075 exstitisse
1893 1021 1979 1072 vi-

407 1113 654 1166 ctricem.
683 1110 836 1166 Unde
861 1111 1157 1179 gloriamur
1187 1110 1240 1163 in
1265 1110 1493 1163 Domino
1514 1151 1526 1173 ,
1554 1126 1678 1163 cum
1708 1109 1978 1178 Propheta

407 1213 668 1258 canentes
696 1221 708 1256 :
743 1223 760 1253 ‹
788 1203 1133 1272 Adjutorium
1157 1213 1406 1256 nostrum
1430 1205 1483 1256 in
1506 1203 1725 1258 nomine
1743 1203 1976 1265 Domini,

407 1300 500 1370 qui
529 1299 657 1353 fecit
689 1298 889 1352 coelum
923 1307 977 1350 et
1011 1307 1211 1351 terram
1249 1297 1314 1359 ‘9,
1352 1317 1369 1345 ι
1412 1295 1504 1364 qui
1541 1295 1750 1348 nullum
1790 1309 1890 1346 nos
1924 1294 1978 1346 in

406 1388 610 1444 nostris
657 1387 917 1441 fratribus
962 1385 1350 1440 detrimentum
1392 1384 1667 1438 sustinere
1711 1383 1977 1451 permisit,

417 1482 511 1536 sed
553 1497 673 1550 quae
720 1487 906 1532 nostro
946 1478 1098 1547 prius
1144 1476 1449 1530 ministerio
1493 1475 1802 1537 definierat,
1850 1473 1977 1526 uni-

408 1589 580 1627 versa:
600 1569 960 1624 fraternitatis
985 1566 1372 1621 irretractabili
1395 1565 1629 1629 ﬁrmavit
1645 1579 1894 1626 assensu,
1914 1573 1974 1616 ut

409 1678 537 1716 vere
569 1679 599 1716 a
626 1678 682 1715 se
714 1659 983 1731 prodiisse
1020 1657 1354 1721 ostenderet,
1384 1656 1528 1726 quod
1558 1657 1710 1725 prius
1744 1671 1773 1708 a
1807 1655 1981 1724 prima

409 1753 655 1806 omnium
686 1751 813 1806 sede
845 1751 1136 1804 formatum
1158 1791 1172 1813 ,
1201 1749 1369 1803 totius
1392 1748 1688 1804 Christiani
1714 1747 1866 1801 orbis
1888 1747 1979 1816 ju-

2076 569 2260 636 jubar,
2285 569 2468 622 densis
2491 585 2586 637 per
2611 567 2891 622 Orientem
2921 567 3157 620 Nestorii
3189 576 3244 620 et
3272 568 3539 638 Eutycius
3573 587 3675 622 ne—

2081 656 2226 710 bulis
2263 658 2609 727 impeditum,
2660 673 2797 726 pure
2836 657 2905 710 ab
2947 656 3246 711 Occidente
3293 659 3671 728 resplenduit,

2083 749 2176 802 ubi
2224 750 2440 803 culmen
2491 765 2764 803 summum
2816 750 2870 802 in
2924 750 3188 818 apostolis
3228 759 3285 803 et
3331 750 3675 805 doctoribus

2079 837 2458 906 principaliter
2490 838 2796 891 collocavit.
2841 836 3099 902 Quamvis
3127 852 3230 892 nec
3269 838 3382 892 illic
3413 854 3673 908 unquam

2081 927 2321 980 defuisse
2349 927 2653 983 credendus
2673 928 2765 990 sit,
2787 943 2896 996 quo
2918 927 3262 982 confessores
3281 929 3384 982 sibi
3405 931 3676 998 egregios

2083 1019 2385 1076 reservavit
2419 1036 2432 1072 :
2469 1019 2541 1073 ita
2569 1027 2646 1081 ut,
2679 1018 2809 1071 dum
2839 1018 3020 1072 denuo
3047 1030 3342 1073 conaretur
3361 1018 3540 1074 hostis
3562 1035 3682 1072 an-

2087 1110 2292 1178 tiquus,
2319 1125 2420 1178 per
2447 1108 2673 1164 secundi
2703 1109 3003 1163 Pharaonis
3030 1109 3379 1178 impcenitens
3398 1125 3500 1164 cor
3527 1110 3671 1163 fidei

2079 1201 2312 1254 Abrahae
2342 1215 2527 1254 semen
2560 1209 2615 1253 et
2643 1199 2782 1254 ﬁlios
2816 1199 3254 1269 repromissionis
3280 1201 3666 1270 exstinguere,

2079 1290 2190 1344 Deo
2227 1291 2543 1353 miserante,
2579 1289 2956 1358 languescens,
2989 1288 3093 1341 nisi
3129 1288 3258 1352 sibi,
3283 1304 3484 1344 nocere
3513 1291 3671 1343 nihil

2081 1391 2282 1450 posset.
2316 1383 2391 1434 De
2425 1397 2534 1450 quo
2561 1390 2615 1434 et
2652 1380 2785 1433 illud
2813 1381 3161 1448 omnipotens
3183 1381 3492 1436 mirabilius
3516 1384 3668 1452 egit,

2082 1473 2209 1541 quia
2244 1479 2299 1527 et
2325 1487 2463 1542 quos
2487 1472 2593 1526 sibi
2619 1473 2800 1526 socios
2835 1471 2900 1525 ad
2945 1472 3229 1528 lsraelitici
3256 1473 3439 1543 populi
3473 1476 3671 1530 caedes

2083 1565 2372 1626 asciverat,
2411 1581 2521 1618 non
2557 1579 2680 1618 cum
2725 1564 3031 1634 tyrannidis
3066 1575 3290 1620 auctore
3331 1566 3666 1628 submersit.

2082 1654 2176 1708 sed
2209 1667 2332 1708 cum
2366 1668 2468 1708 suo
2490 1653 2712 1724 populo
2750 1654 3120 1723 congregavit,
3156 1663 3230 1718 et,
3275 1654 3414 1708 sicut
3455 1671 3667 1709 rev-era

2083 1762 2142 1800 se
2167 1747 2414 1816 dignum,
2446 1755 2501 1800 et
2531 1746 2630 1801 soli
2659 1745 2763 1799 sibi
2802 1746 3062 1815 possibile
3103 1746 3226 1800 fons
3259 1747 3670 1802 misericordia:

409 1847 614 1902 dicium
648 1844 960 1913 recepisset,
989 1851 1050 1896 ut
1079 1843 1130 1895 in
1157 1843 1261 1896 hoc
1283 1856 1502 1911 quoque
1527 1839 1694 1909 capiti
1726 1839 1975 1894 membra
2014 1831 2052 1886 Β
2083 1843 2329 1900 noverat,
2355 1836 2530 1889 victos
2553 1849 2582 1888 a
2603 1833 2764 1891 nobis
2783 1835 3069 1889 nobiseum
3094 1835 3224 1889 fecit
3246 1849 3364 1889 esse
3385 1837 3663 1892 victores.

410 1935 746 1992 concordent
782 1952 794 1987 :
831 1934 886 1988 in
927 1949 1036 2002 quo
1071 1932 1304 2002 amplior
1356 1931 1516 1986 nobis
1554 1929 1820 1985 accrescit
1851 1944 1981 1999 gau-

409 2028 573 2082 dendi
602 2025 846 2089 materia,
877 2025 1006 2079 dum
1045 2033 1195 2078 tanto
1227 2024 1398 2092 magis
1433 2038 1490 2076 se
1530 2021 1766 2091 perculit
1793 2020 1978 2073 inimi-

409 2137 526 2184 cus,
555 2128 759 2190 quanto
788 2126 979 2174 contra
1011 2117 1213 2171 Christi
1255 2115 1536 2169 ministros
1567 2113 1766 2167 szevius
1799 2111 1982 2166 insur-

412 2213 570 2266 rexit.
593 2212 727 2265 Nam
753 2225 819 2264 ne
844 2209 1074 2262 aliarum
1098 2207 1309 2261 sedium
1334 2204 1396 2258 ad
1421 2219 1561 2267 eam,
1586 2217 1748 2271 quam
1771 2199 1982 2254 caeteris

409 2305 655 2358 omnium
686 2302 948 2358 Dominus
982 2299 1174 2354 statuit
1207 2295 1522 2368 przesidere,
1560 2308 1858 2348 consensus
1890 2306 1978 2344 as-

411 2393 647 2448 sentatio
693 2391 997 2456 videretur,
1063 2396 1157 2442 aut
1211 2389 1313 2442 alia
1371 2386 1630 2456 qua-libet
1681 2383 1979 2452 subrepere

411 2494 594 2555 posset
623 2484 850 2538 adversa
888 2481 1151 2549 suspirio,
1184 2477 1390 2532 inventi
1428 2477 1581 2545 prius
1619 2482 1748 2530 sunt
1783 2473 1876 2542 qui
1912 2472 1979 2526 de

405 2576 634 2648 judiciis
658 2575 864 2628 nostris
885 2572 1248 2641 ambigerem.
1272 2570 1336 2622 Et
1358 2568 1487 2621 dum
1514 2566 1786 2629 nonnulli,
1815 2581 1844 2617 a
1870 2564 1980 2617 dis-

410 2666 680 2721 scnsionis
705 2663 912 2719 incitati
944 2671 1189 2725 auctore,
1221 2660 1287 2714 ad
1313 2659 1809 2713 contradictionum
1839 2657 1978 2711 bella

409 2756 723 2826 prosiliunt,
761 2754 828 2808 ad
860 2753 1034 2822 majus
1069 2752 1271 2805 bonum
1292 2790 1305 2814 ,
1337 2751 1479 2804 malo
1504 2751 1625 2819 ejus
1653 2756 1877 2802 auctore
1901 2756 1981 2800 to-

410 2843 520 2897 tius
558 2842 820 2896 bonitatis
854 2841 1226 2909 dispensante,
1261 2847 1585 2908 perventum
1619 2845 1722 2892 est.
1758 2837 1981 2890 Dulcius

409 2932 680 3001 siquidem
707 2947 932 2986 munera
959 2929 1146 3000 gratia:
1168 2930 1363 2984 divimc
1388 2929 1736 2998 proveniunt,
1765 2927 1981 2996 quoties

411 3039 520 3076 non
556 3023 671 3075 sine
702 3021 911 3091 magnis
949 3020 1244 3074 sudoribus
1269 3020 1634 3088 acquiruntur
1666 3035 1678 3069 :
1706 3025 1761 3070 et
1797 3016 1980 3070 minus

409 3114 614 3166 bonum
641 3112 812 3166 videri
840 3111 979 3164 solet
997 3126 1097 3179 pax
1127 3109 1443 3164 continuata
1466 3125 1563 3178 per
1587 3109 1780 3171 otium,
1815 3123 1978 3177 quam

411 3202 625 3255 reddita
654 3217 751 3270 per
783 3201 1047 3255 laborem.
1076 3201 1193 3270 Ipsa
1220 3217 1438 3270 quoque
1464 3200 1669 3254 veritas
1697 3209 1751 3254 et
1777 3199 1979 3253 clarius

411 3290 712 3355 renitescit,
745 3300 799 3345 et
822 3290 1020 3344 fortius
1043 3290 1333 3354 retinetur,
1371 3289 1500 3344 dum
1526 3306 1646 3359 quae
1673 3289 1808 3343 fides
1829 3289 1979 3358 prius

409 3384 694 3447 docuerat,
730 3384 843 3438 haec
870 3391 1056 3453 postea
1087 3381 1417 3437 examinatio
1451 3382 1808 3436 conﬁrmarit.
1845 3381 1979 3434 Mul-

413 3482 524 3526 tum
578 3473 816 3542 denique
867 3473 1220 3527 sacerdotalis
1277 3471 1438 3526 ofﬁcii
1490 3472 1744 3525 meritum
1801 3470 1980 3540 splen-

408 3565 602 3626 descit,
645 3565 738 3619 ubi
773 3566 851 3620 sic
886 3580 1227 3618 summorum
1263 3572 1510 3618 servatur
1546 3563 1843 3617 auctoritas
1865 3603 1878 3626 ,
1920 3571 1980 3614 ut

410 3655 465 3707 in
500 3654 650 3707 nullo
694 3653 1014 3707 inferiorum
1043 3661 1264 3722 putetur
1304 3651 1589 3704 imminuta
1622 3651 1848 3704 libertas
1880 3668 1892 3701 :
1925 3659 1981 3704 et

408 3745 476 3798 ad
525 3745 783 3815 majorem
833 3744 927 3798 Dei
978 3744 1206 3814 gloriam
1256 3741 1470 3811 proﬁcit
1523 3741 1644 3793 ﬁnis
1692 3739 1978 3802 examinis,

410 3835 628 3904 quando
654 3834 720 3888 ad
749 3834 850 3888 hoc
875 3849 932 3887 se
957 3833 1155 3901 accipit
1178 3832 1438 3886 excrendi
1466 3831 1683 3895 fiducia,
1709 3840 1768 3884 ut
1793 3829 1979 3883 vinca-

409 3940 500 3980 tur
533 3916 950 3988 advcrsitas,'ne
986 3923 1132 3994 quod
1158 3939 1254 3991 per
1280 3939 1336 3976 se
1373 3923 1636 3992 probatur
1665 3922 1980 3991 reprobum,

409 4016 612 4070 silentii
650 4014 968 4084 prmjudicio
998 4013 1248 4067 videatur
1278 4028 1619 4082 Oppressum.

481 4107 702 4161 Exsulta
738 4106 922 4175 igitur,
953 4105 1272 4159 charissime
1304 4104 1492 4166 frater,
1522 4113 1576 4156 et
1608 4103 1660 4156 in
1695 4103 1856 4156 unico
1885 4102 1978 4155 Dei

410 4197 546 4252 Filio
583 4197 755 4250 victor
783 4197 1016 4249 exsulta.
1054 4197 1193 4251 Vicit
1217 4211 1313 4263 per
1342 4210 1442 4247 nos
1470 4193 1558 4246 ille
1592 4207 1690 4261 pro
1716 4208 1794 4254 se,
1827 4192 1982 4261 cujus

407 4289 589 4344 carnis
619 4288 818 4342 veritas
852 4288 1152 4358 negabatur
1185 4304 1197 4338 :
1230 4286 1363 4338 vicit
1402 4301 1499 4354 per
1532 4301 1632 4337 nos
1664 4292 1720 4338 et
1756 4300 1855 4353 pro
1884 4299 1984 4336 no-

410 4381 494 4434 bis
531 4381 640 4444 ille,
668 4381 756 4434 cui
803 4379 1053 4433 vicimus.
1095 4377 1344 4431 Secunda
1393 4386 1476 4431 est
1518 4384 1639 4445 post
1687 4375 1980 4428 adventant

2083 1926 2216 1981 Nam
2242 1926 2370 1980 dum
2404 1927 2554 1982 solus
2584 1941 2712 1981 vere
2744 1926 2816 1980 sit
2838 1926 3062 1980 humani
3094 1929 3310 1997 generis
3335 1929 3511 1983 hostis
3538 1931 3670 2000 spi-

2083 2020 2224 2073 ritus
2247 2017 2459 2090 1194
2477 2017 2752 2082 falsitatis,
2771 2032 2962 2072 omnes
2983 2017 3049 2071 de
3071 2018 3164 2072 illo
3175 2020 3285 2088 jam
3310 2020 3663 2090 triumphare

2081 2127 2189 2165 non
2220 2110 2446 2164 dubium
2474 2119 2576 2174 est,
2611 2125 2752 2179 quos
2776 2109 2879 2164 sibi
2910 2110 3114 2164 veritas
3145 2111 3460 2166 vindicavit.
3491 2113 3665 2167 Nunc

2081 2218 2308 2273 prorsus
2355 2203 2444 2256 illa
2484 2202 2869 2271 Redemptoris
2899 2204 3072 2256 nostri
3114 2203 3283 2268 dicta,
3327 2221 3493 2274 quam
3537 2207 3666 2260 sint

2081 2295 2278 2350 divina:
2321 2295 2684 2359 auctoritatis,
2740 2304 2985 2365 apparet,
3035 2294 3165 2350 dum
3226 2306 3412 2352 contra
3460 2296 3664 2350 hostes

2083 2389 2206 2443 ﬁdei
2237 2390 2316 2443 sic
2343 2396 2620 2457 aptantur,
2655 2394 2716 2441 ut
2742 2386 2810 2442 de
2853 2385 2984 2456 ipsis
3007 2385 3215 2440 dictum
3245 2402 3365 2440 esse
3391 2386 3664 2440 dubitare

2082 2496 2192 2534 non
2219 2481 2399 2534 liceat.
2436 2499 2452 2530 ι
2486 2480 2614 2544 Vos,
2653 2479 2852 2548 inquit,
2885 2494 2951 2532 ex
2980 2488 3136 2548 patre
3161 2477 3380 2532 diabolo
3404 2479 3565 2543 estis,
3602 2491 3662 2532 ct

2081 2566 2353 2620 desideria
2378 2567 2553 2635 patris
2583 2567 2750 2621 vestri
2778 2567 2944 2620 vultis
2972 2567 3220 2636 implere.
3251 2567 3344 2621 llle
3370 2567 3662 2622 homicida

2082 2657 2182 2711 fuit
2206 2658 2274 2711 ab
2306 2658 2482 2721 initio,
2510 2669 2566 2712 et
2600 2659 2653 2712 in
2682 2659 2909 2712 veritate
2937 2675 3044 2713 non
3083 2659 3254 2722 stetit,
3284 2660 3411 2727 quia
3441 2661 3664 2713 veritas

2082 2745 2136 2798 in
2164 2759 2230 2797 eo
2255 2761 2363 2798 non
2390 2754 2492 2800 est.
2528 2744 2758 2810 Quando
2787 2745 3028 2814 loquitur
3051 2745 3413 2810 mendacium,
3437 2763 3507 2800 ex
3535 2750 3665 2802 suis

2081 2835 2344 2904 loquitur,
2373 2835 2500 2904 quia
2525 2836 2760 2890 mendax
2786 2845 2889 2899 est,
2919 2845 2976 2890 et
2999 2846 3154 2905 pater
3172 2837 3290 2905 ejus
3309 2838 3370 2889 ²¹.
3391 2857 3410 2889 ι

2150 2927 2294 2980 Nihil
2340 2942 2470 2997 ergo
2501 2927 2810 2981 mirandum
2845 2936 2928 2980 est
2970 2927 3116 2996 quod
3159 2927 3237 2992 hi,
3278 2927 3370 2997 qui
3407 2929 3465 2982 in
3498 2931 3661 2983 veri-

2082 3024 2190 3070 tate
2234 3016 2330 3072 Dei
2379 3023 2581 3071 nostra:
2622 3027 2831 3072 natura:
2871 3017 3216 3074 mendacium
3263 3018 3658 3079 crediderunt.

2081 3107 2219 3176 patri
2247 3123 2348 3162 suo
2379 3118 2435 3162 et
2470 3109 2616 3162 circa
2648 3109 2748 3162 ista
2773 3109 3132 3172 concordant,
3157 3109 3419 3178 quidquid
3443 3112 3658 3174 visum.

2081 3200 2347 3269 quidquid
2387 3200 2656 3264 auditum,
2702 3201 2971 3270 quidquid
3008 3201 3244 3269 denique
3289 3211 3422 3256 teste
3471 3203 3661 3256 Evan-

2079 3291 2218 3360 gelio
2243 3299 2441 3345 tactum
2475 3299 2556 3346 est
2577 3300 2739 3361 atque
2775 3292 3053 3360 palpatum
3085 3291 3137 3345 in
3169 3293 3330 3345 unico
3363 3293 3457 3346 Dei
3489 3293 3656 3354 Filio,

2079 3397 2187 3435 non
2219 3383 2337 3450 ejus
2369 3383 2525 3452 cujus
2561 3382 2852 3452 probatum
2891 3391 2975 3438 est
3004 3392 3331 3447 asserentes,
3377 3383 3470 3437 sed
3501 3399 3658 3438 eoa!-

2081 3479 2250 3525 ternae
2269 3481 2324 3526 et
2347 3471 2724 3526 coessentialis
2744 3471 2891 3526 Patri
2915 3471 3083 3526 fuisse
3107 3472 3422 3526 substantirc
3447 3490 3460 3524 ε
3484 3475 3660 3542 quasi

2081 3574 2174 3617 aut
2209 3563 2515 3618 divinitatis
2543 3575 2738 3618 natura
2773 3565 2953 3620 crucis
2978 3565 3126 3634 ligno
3149 3565 3401 3619 transﬁxa
3434 3566 3525 3627 sit,
3551 3578 3657 3620 aut

2083 3656 2518 3712 inconvertibilis
2547 3672 2796 3711 crescere
2829 3672 2928 3726 per
2963 3664 3172 3718 aetates,
3207 3666 3264 3710 et
3296 3656 3349 3709 in
3381 3656 3656 3724 sapientia

2082 3747 2346 3816 proﬁcere
2366 3747 2631 3816 sapientia
2653 3746 3008 3815 sempiterna,
3032 3748 3114 3800 vel
3139 3747 3346 3816 Spiritu
3371 3748 3535 3809 Deus,
3553 3749 3658 3817 qui

2083 3835 2307 3903 spiritus
2327 3843 2431 3897 est,
2453 3835 2687 3888 subinde
2712 3835 2909 3904 repleri
2933 3837 3195 3903 potuerit.
3219 3837 3276 3890 ln
3302 3836 3405 3891 hoc
3427 3853 3654 3906 quoque

2081 3943 2138 3981 se
2168 3928 2364 3982 acerba
2394 3928 2612 3981 vesania
2645 3943 2711 3982 ex
2733 3943 2840 3996 quo
2873 3936 3094 3983 auctore
3123 3930 3414 3984 accesserit
3444 3929 3658 3999 prodit,

2082 4016 2225 4085 quod
2248 4025 2510 4086 quantum
2533 4017 2589 4070 in
2609 4033 2668 4071 se
2683 4026 2785 4081 est,
2806 4018 3077 4073 universis
3098 4035 3298 4074 nocere
3329 4021 3516 4074 molita
3543 4033 3654 4074 est.

2082 4106 2216 4159 Nam
2247 4107 2340 4176 qui
2371 4123 2468 4161 vos
2504 4109 2886 4177 persequendo
2918 4108 3127 4174 afflixit,
3159 4118 3387 4164 caeteros
3413 4110 3480 4164 ad
3513 4125 3655 4164 con-

2082 4212 2303 4252 sensum
2326 4199 2546 4253 sceleris
2568 4199 2895 4268 impellendo
2916 4200 3250 4270 depravavit.
3272 4201 3378 4255 Sed
3403 4217 3504 4256 nec
3525 4213 3656 4262 ηοξ,

2080 4289 2209 4344 licet
2262 4289 2317 4342 in
2369 4290 2597 4359 singulis
2645 4279 2925 4355 fratribus,
2980 4292 3110 4361 quia
3157 4292 3404 4346 membra
3459 4301 3657 4346 nostra

2083 4391 2232 4442 sunt,
2264 4381 2624 4443 vulnerasset,
2661 4397 2690 4434 a
2730 4382 2950 4450 speciali
2983 4382 3173 4437 dolore
3210 4382 3342 4437 fecit
3365 4393 3658 4452 exceptos.

410 4473 624 4526 Domini
655 4472 768 4525 hcce
803 4471 923 4525 orbi
973 4470 1260 4524 festivitas.
1307 4469 1599 4522 Redditqu
1635 4467 1834 4522 satculo
1873 4475 1976 4530 est,
2011 4484 2056 4541 D
2083 4471 2284 4540 quibus
2330 4487 2469 4524 nova
2523 4480 2578 4525 et
2622 4471 2867 4526 inaudita
2899 4473 3072 4541 prius,
3124 4481 3289 4542 atque
3337 4473 3658 4527 incredibili

410 4564 666 4633 prmdone
692 4571 984 4633 prostrato,
1009 4560 1401 4616 incarnationis
1423 4560 1620 4614 divinae
1642 4557 1980 4630 mysterium,

2079 4561 2305 4616 audacia
2337 4562 2538 4616 inferre
2573 4571 2761 4616 contra
2799 4579 2956 4616 suum
2990 4573 3157 4632 caput
3194 4573 3281 4618 est
3311 4565 3536 4623 molitus
3563 4564 3660 4618 iu-

408 4655 553 4724 quod
604 4654 828 4708 humani
878 4653 1095 4723 generis
1142 4652 1421 4715 inimicus,
1473 4651 1599 4720 quia
1643 4650 1809 4704 rebus
1855 4649 1986 4718 ipsis
2076 4654 2299 4724 juriam.
2327 4653 2432 4707 Sed
2456 4653 2664 4707 utinam
2683 4655 2765 4708 vel
2801 4663 3019 4723 posttot
3039 4656 3272 4724 pessima
3296 4657 3660 4726 resipiscens,

407 4745 626 4800 auferre
665 4762 770 4799 non
809 4753 1060 4814 poterat,
1095 4743 1385 4798 calumniis
1427 4742 1777 4797 obscurabat.
1812 4740 1984 4806 Quin-

409 4835 518 4889 imo
541 4836 609 4889 ab
632 4834 1040 4889 incredulorum
1071 4833 1243 4887 corde
1268 4833 1506 4902 perierat
1538 4831 1844 4885 immortale
1873 4846 1989 4899 my-

407 4922 656 4984 sterium,
697 4922 823 4990 quia
855 4922 993 4975 nihil
1033 4921 1256 4990 prodest
1297 4929 1442 4974 tanta
1477 4921 1624 4974 salus
1659 4919 1972 4982 incredulis,

410 5011 525 5081 ipsa
557 5011 797 5064 \‘eritate
830 5011 945 5065 suis
983 5010 1201 5064 dicente
1231 5008 1516 5078 discipulis
1549 5026 1560 5060 :
1600 5027 1618 5058 ‹
1655 5008 1758 5073 Qui
1793 5007 1975 5062 credi—

407 5103 570 5166 derit,
605 5109 660 5155 ct
695 5102 1001 5170 baptizatus
1032 5100 1220 5162 fuerit,
1265 5099 1449 5153 salvus
1475 5097 1582 5152 erit
1615 5117 1626 5151 :
1655 5099 1749 5168 qui
1791 5108 1973 5152 autem

491 5258 531 5290 ³³
569 5257 706 5311 Psal.
737 5270 917 5319 exsul,
949 5256 1000 5309 8.
1077 5256 1123 5285 ²⁰
1155 5254 1320 5308 Marc.
1353 5269 1462 5317 xvi,
1507 5253 1591 5308 16.

483 5397 592 5468 (78)
622 5397 757 5451 Cum
787 5396 1110 5468 Sirmondus
1147 5396 1285 5450 hanc
1324 5395 1730 5468 Si.iil.eonis_P.
1778 5395 1968 5468 Μυῖα-

411 5465 756 5532 sponsionem
797 5467 1114 5533 subjecissct
1179 5478 1325 5519 torno
1355 5467 1419 5520 ιν
1457 5466 1596 5533 Opp.
1627 5465 1976 5530 Theodoreti,

413 5549 480 5584 ne.
510 5536 637 5600 quid
670 5538 737 5588 ab
766 5553 832 5588 eo
860 5537 1064 5588 editum
1106 5547 1303 5589 nostra:
1344 5534 1570 5588 editioni
1621 5535 1853 5596 deesset,
1901 5537 1978 5587 vi-

412 5616 533 5656 sum
563 5612 644 5656 est
673 5622 788 5658 eam
821 5621 941 5657 cum
973 5604 1297 5660 Theodoreti
1333 5604 1527 5657 litteris
1565 5605 1913 5673 conjungere,
1945 5623 1976 5657 e

2081 4761 2191 4800 non
2225 4761 2325 4799 nos
2352 4746 2515 4799 etiam
2548 4745 2615 4799 de
2645 4758 2745 4799 suo
2779 4753 2998 4800 aeternae
3029 4746 3398 4802 damnationis
3421 4747 3664 4805 interitu

2085 4834 2482 4887 contristasset.
2505 4833 2676 4899 Quam
2701 4850 3014 4888 mensuram
3032 4836 3256 4890 sceleris
3280 4837 3666 4905 praetermisit,

2086 4925 2173 4977 cui
2216 4941 2285 4978 ne
2320 4925 2423 4980 hoc
2457 4925 2706 4980 sufﬁcere
2747 4927 2944 4995 potuit,
2974 4927 3119 4996 quod
3166 4943 3266 4981 nec
3298 4931 3311 4947 '
3347 4929 3490 4981 vivis
3526 4946 3667 4998 par-

2084 5011 2279 5074 cendo,
2311 5029 2412 5068 nec
2445 5014 2710 5077 mortuis,
2751 5015 2914 5068 etiam
2962 5015 3017 5068 in
3049 5017 3312 5085 sanguine
3342 5016 3670 5072 innocentis

2085 5111 2140 5155 et
2165 5103 2419 5156 catholici
2446 5103 2748 5158 sacerdotis
2769 5105 3005 5172 pollutas
3023 5105 3374 5174 jampridem,
3400 5105 3668 5160 abdicata

1666 5253 1710 5282 ’ί
1741 5253 1897 5309 Joan.
1936 5271 2050 5318 vui,
2090 5256 2175 5309 il.

2079 5401 2394 5474 recensione
2427 5411 2604 5456 tamen
2638 5404 2738 5457 FF.
2772 5404 3207 5468 Balleriniorum,
3238 5406 3330 5474 qui
3360 5420 3483 5460 eam
3528 5414 3667 5460 tau-

2085 5484 2246 5544 quam
2278 5473 2560 5544 epistolam
2595 5474 2695 5526 19.0
2723 5474 3016 5529 ediderunt
3056 5477 3198 5530 inter
3225 5477 3398 5544 Opera
3453 5475 3679 5532 [κει-ωδ

2085 5538 2152 5591 Μ.
2189 5540 2249 5591 Τ.
2285 5538 2388 5610 Ιίρ.
2427 5543 2556 5594 1218
2582 5560 2693 5610 seq.
