3924 6192
336 242 470 309 I321

1694 248 2054 311 EPISTOLA
2091 253 2304 321 CXIII.

3433 263 3570 332 1322

333 359 563 415 veritate
595 366 756 431 atque
793 360 1092 431 approbata
1136 347 1392 429 falsitate,
1416 378 1611 418 manus
1634 364 1895 419 intinxit?
1924 369 1967 423 Α
2001 367 2166 425 tinaci
2201 373 2406 439 animo,
2446 375 2491 430 si
2531 383 2711 432 tamen
2744 392 2853 433 non
2891 378 2999 451 iam
3044 394 3170 434 cum
3210 380 3432 438 diabolo
3472 398 3575 453 pro

336 445 404 502 Et
439 464 563 503 cum
612 450 877 519 scriptum
919 451 993 506 sit
1040 470 1055 504 :
1092 471 1110 504 ι
1142 452 1247 519 Qui
1281 453 1399 508 odit
1435 452 1663 509 fratrem
1714 470 1896 521 suum,

330 538 608 593 homicida
641 546 726 594 est
755 542 821 604 ",
858 560 875 592 ι
913 541 1003 597 ille
1039 544 1187 613 quod
1217 544 1346 599 odio
1370 530 1481 616 jam
1515 545 1709 602 fecisse
1741 548 1898 602 addi-

329 638 454 683 ctus
475 638 577 692 est,
604 629 852 700 implevit
873 634 1158 703 operibus,
1180 636 1335 705 quasi
1362 652 1465 691 nec
1495 637 1611 691 haec
1635 639 1896 704 audisset,

327 734 432 773 nec
456 718 591 773 illud
625 721 771 790 quod
806 723 1072 779 Dominus
1103 725 1181 779 ait
1217 743 1229 779 :
1273 745 1291 776 ι
1331 727 1533 783 Discite
1571 744 1600 782 a
1629 745 1735 789 mc,
1769 729 1899 799 quia

327 809 481 864 mitis
513 825 636 865 sum
664 822 729 867 et
758 813 984 871 humilis
1015 817 1202 881 corde,
1240 826 1296 873 et
1325 818 1619 875 invenietis
1652 822 1899 891 requiem

324 902 616 957 animabus
640 905 860 960 vestris.
898 907 1097 978 Iugum
1124 909 1272 964 enim
1299 926 1481 965 meum
1515 928 1681 967 suave
1713 921 1816 976 est,
1844 921 1900 968 et

323 1005 467 1046 onus
514 1008 698 1047 meum
747 995 865 1050 leve
893 997 959 1049 ⁸³.
1016 1016 1034 1047 ι
1073 998 1279 1069 Dignus
1319 1000 1576 1055 diabolici
1633 1002 1899 1070 praedica-

322 1092 415 1137 tur
462 1086 675 1140 erroris
706 1085 996 1158 Egyptius
1040 1098 1279 1145 vastator
1327 1092 1585 1148 inventus
1625 1100 1729 1156 est,
1780 1094 1896 1163 qui,

324 1182 588 1244 tanquam
638 1177 972 1232 saevissimus
1009 1186 1276 1250 tyrannus
1319 1181 1598 1246 Ecclesiae,
1634 1182 1899 1238 nefandas

324 1265 701 1335 blasphemias
723 1282 823 1336 per
845 1268 1140 1323 violentam
1166 1271 1554 1327 seditiosorum
1585 1273 1821 1337 turbam,
1843 1282 1900 1328 et

324 1370 425 1424 per
459 1363 722 1410 cruentas
753 1371 950 1412 manus
988 1359 1222 1413 militum
1266 1363 1593 1417 venerandis
1639 1363 1899 1418 fratribus

318 1445 661 1515 imponebat.
688 1447 757 1500 Et
786 1462 910 1502 cum
937 1464 1073 1503 voce
1099 1448 1486 1520 Redemptoris
1515 1452 1690 1506 nostri
1725 1452 1769 1485 “
1801 1452 1897 1506 tiro

319 1543 549 1592 matum'
574 1539 679 1604 sit,
724 1555 896 1595 unum
937 1542 1299 1612 eamdemque
1345 1543 1627 1598 homicidii
1677 1559 1799 1600 esse
1843 1552 1900 1600 et

316 1627 576 1684 falsitatis
620 1641 920 1698 auctorem,
959 1633 1052 1687 ille
1078 1635 1285 1703 pariter
1312 1644 1608 1706 utrumque
1659 1637 1899 1705 comple-

1998 477 2097 516 sua
2124 463 2402 533 impietate
2423 467 2712 525 damnatus
2734 479 2839 539 est,
2875 473 3093 553 valeant
3122 475 3370 531 suadere.

2073 558 2224 613 Unde
2280 561 2385 616 hoc
2430 578 2647 633 quoque
2689 581 2790 621 nos
2837 575 3026 622 contra
3072 568 3259 623 hostes
3310 569 3572 628 Ecclesiae

1998 647 2289 716 providere
2353 652 2684 722 condignum
2736 664 2840 720 est,
2885 665 2945 710 ut
2987 657 3070 712 eis
3110 658 3316 712 nullam
3358 660 3569 714 calum-

1998 738 2187 793 niandi
2233 742 2600 809 occasionem,
2650 746 2796 815 quod
2838 747 2906 802 ad
2946 762 3047 803 nos
3088 749 3302 813 attinet,
3350 750 3572 820 penitus

2000 826 2395 897 relinquamus,
2443 847 2546 887 nec
2578 850 2821 903 unquam
2855 845 3045 892 contra
3075 838 3448 906 Nestorianos,
3475 850 3566 897 aut

1997 916 2367 989 Eutychianos
2394 930 2641 992 agentes,
2675 926 2863 981 alteris
2894 943 3085 982 eorum
3110 930 3395 984 videamur
3423 940 3569 1003 terga

1997 1010 2249 1076 vertisse,
2294 1012 2390 1066 sed
2442 1022 2703 1085 utrosque
2754 1015 2960 1072 Christi
3012 1019 3199 1075 hostes
3227 1037 3387 1091 atqua
3413 1024 3567 1079 lance

1996 1096 2233 1153 vitemus
2266 1109 2429 1169 atque
2459 1101 2814 1170 damnemus;
2864 1105 2938 1159 ita
2986 1115 3044 1160 ut
3078 1122 3194 1173 eos,
3229 1109 3445 1177 quoties
3475 1126 3571 1165 au-

1997 1184 2265 1241 dientium
2302 1189 2643 1257 quantalibet
2678 1192 2855 1260 poscit
2903 1192 3132 1258 utilitas,
3183 1196 3306 1248 cum
3350 1195 3569 1266 dogma-

1997 1276 2146 1331 tibus
2185 1293 2375 1332 eorum
2402 1279 2566 1350 digno
2595 1282 2942 1337 anathemate
2978 1285 3381 1352 promptissime
3405 1293 3569 1355 atque

1997 1366 2409 1422 evidentissime
2432 1367 2711 1434 feriamus,
2734 1386 2803 1425 ne
2843 1373 2888 1425 si
2906 1372 3011 1425 hoc
3031 1387 3060 1425 a
3080 1373 3240 1427 nobis
3261 1383 3355 1427 aut
3373 1374 3571 1430 obscu-

1997 1458 2115 1513 rius
2168 1457 2286 1512 Iieri
2314 1459 2586 1525 videatur,
2630 1470 2726 1515 aut
2771 1462 3000 1527 tardius,
3042 1456 3272 1533 putetur
3313 1466 3566 1520 invitum.

1998 1548 2152 1615 Quod
2206 1551 2458 1617 quamvis
2503 1551 2852 1620 prudentiam
2904 1560 3054 1607 tuam
3100 1570 3188 1609 res
3235 1555 3351 1625 ipsa
3383 1556 3572 1613 admo-

1999 1652 2131 1691 nere
2148 1636 2398 1703 sufﬁciat,
2423 1640 2534 1710 jam
2561 1648 2742 1695 tamen
2765 1649 2822 1695 et
2843 1640 3214 1710 experimenta
3239 1643 3566 1700 docuerunt.

318 1718 420 1782 vit,
449 1720 605 1788 quasi
638 1736 751 1775 non
791 1730 851 1775 ut
895 1702 1216 1788 caveantur,
1249 1726 1365 1789 sed,
1395 1733 1461 1780 ut
1486 1702 1893 1795 perpetrentur,
1927 1702 1969 1756 Β
2000 1725 2107 1780 Sed
2142 1726 2470 1782 benedictus
2504 1727 2650 1782 Deus
2680 1735 2891 1795 noster,
2926 1730 3082 1799 cujus
3110 1730 3447 1787 invincibilis
3477 1745 3572 1787 ve-

319 1810 523 1879 scripta
557 1811 688 1875 sint,
727 1811 795 1866 ad
831 1813 1158 1881 perditionis
1185 1830 1297 1870 suze
1315 1817 1598 1871 cumulum
1646 1818 1892 1883 trahens,

320 1915 443 1969 qua:
484 1900 580 1955 Dci
620 1901 792 1955 Filius
833 1903 1049 1957 monuit
1095 1905 1164 1957 ad
1209 1906 1479 1971 salutem;
1512 1905 1645 1959 illud
1675 1921 1896 1975 quoque

320 1989 488 2045 surda
524 1991 689 2045 nimis
726 2007 862 2047 aure
898 1994 1243 2062 pra‘teriens,
1278 1996 1426 2065 quod
1466 1996 1537 2051 ab
1562 1997 1757 2052 eodem
1788 1997 1895 2051 Do-

320 2083 473 2137 mino
514 2084 720 2139 dictum
758 2094 842 2140 est
880 2103 894 2139 :
936 2105 953 2137 ‹
993 2086 1107 2158 Ego
1148 2088 1294 2157 quod
1347 2088 1457 2142 vidi
1502 2089 1647 2158 apud
1678 2090 1894 2145 Patrem

317 2189 503 2228 meum
539 2176 757 2244 loquor,
800 2185 857 2231 et
900 2193 997 2232 vos
1042 2178 1188 2247 quod
1231 2178 1450 2235 vidistis
1486 2180 1632 2250 apud
1677 2190 1890 2250 patrem

319 2275 561 2320 vestrum
596 2266 774 2321 facitis
800 2269 865 2321 ".
896 2286 915 2319 ι

390 2356 563 2426 Igitur
596 2358 727 2412 dum
752 2372 953 2414 sanctae
975 2361 1254 2416 memorize
1276 2361 1534 2417 Flaviano
1565 2362 1732 2416 vitam
1758 2377 1896 2432 pla:-

318 2447 493 2500 sentis
521 2449 707 2502 saeculi
737 2450 1027 2504 moliretur
1058 2452 1276 2505 auferre
1300 2492 1314 2515 ,
1358 2468 1416 2507 se
1448 2468 1589 2507 vera:
1624 2454 1748 2508 vita:
1772 2454 1894 2509 luce

316 2536 573 2606 privavit.
617 2540 756 2593 Dum
812 2556 910 2594 vos
949 2541 1019 2594 ab
1056 2542 1315 2597 Ecclesiis
1349 2543 1546 2597 veStris
1595 2551 1890 2598 conaretur

319 2629 615 2696 expellere,
653 2645 710 2685 se
755 2647 785 2685 a
821 2631 1258 2687 Christianorum
1303 2633 1534 2703 collegio
1565 2634 1890 2704 segregavit.

321 2717 462 2771 Dum
497 2719 950 2790 trahitplurimos
983 2730 1039 2775 et
1081 2722 1313 2792 impellit
1355 2724 1423 2777 ad
1459 2724 1666 2778 erroris
1702 2739 1893 2779 assen-

319 2824 466 2873 sum,
503 2810 796 2879 multiplici
839 2812 1078 2866 animam
1127 2828 1283 2866 suam
1313 2814 1541 2867 vulnere
1580 2815 1891 2870 sauciavit:

321 2902 473 2955 solus
503 2901 647 2954 ultra
681 2916 894 2967 omnes,
935 2909 991 2956 et
1031 2919 1130 2973 per
1164 2918 1379 2968 omnes,
1411 2919 1474 2958 ac
1502 2920 1603 2974 pro
1638 2906 1897 2962 omnibus

1995 1815 2130 1869 ritas
2174 1815 2242 1870 ab
2294 1816 2444 1870 omni
2494 1816 2767 1872 hzereseos
2808 1818 3019 1872 macula
3062 1818 3326 1873 mundum
3362 1826 3437 1886 te,
3483 1833 3570 1876 se-

1990 1904 2237 1958 cundum
2279 1905 2426 1960 sedis
2476 1906 2785 1975 apostolica:
2824 1907 3115 1977 judicium,
3152 1907 3568 1963 demonstravit.

1993 1994 2095 2050 Cui
2141 1996 2357 2067 dignam
2399 1998 2674 2053 retribues
2727 2014 2829 2067 pro
2870 2007 2948 2054 tot
2990 2000 3273 2055 laboribus
3313 1999 3564 2069 gratiam,

1994 2087 2044 2141 si
2062 2087 2225 2141 talem
2259 2095 2335 2153 te,
2353 2089 2570 2157 qualem
2607 2088 2962 2158 probavimus
2999 2103 3063 2143 ac
3085 2088 3406 2158 probamus,
3443 2088 3568 2143 uni-

1992 2177 2224 2232 versalis
2256 2178 2513 2235 Ecclesire
2541 2179 2848 2233 defensioni
2890 2179 3217 2234 servaveris.
3245 2179 3379 2233 Nam
3420 2180 3564 2248 quod

1994 2270 2141 2325 Deus
2179 2271 2425 2325 omnium
2461 2270 2922 2324 calumniosorum
2963 2269 3205 2324 fallacias
3244 2269 3426 2333 solvit,
3454 2284 3569 2324 ma-

1993 2362 2196 2437 ximam
2238 2362 2538 2418 beatissimi
2571 2361 2718 2417 Pctri
2768 2376 2955 2416 curam
2992 2374 3092 2430 pro
3138 2360 3301 2415 nobis
3350 2361 3567 2415 cunctis

1993 2452 2363 2521 agnoscimus,
2403 2451 2519 2521 qui,
2549 2459 2839 2521 postquam
2872 2466 2985 2505 suae
3019 2450 3165 2506 sedis
3188 2448 3457 2520 judicium
3510 2449 3563 2502 in

1996 2542 2122 2597 fidei
2183 2542 2502 2597 definitione
2557 2541 2816 2606 ﬁrmavit,
2873 2547 2978 2595 nec
3033 2541 3179 2595 circa
3242 2540 3566 2620 cujusquam

1994 2641 2261 2697 vestrum,
2287 2634 2381 2702 qui
2409 2632 2693 2687 nobiscum
2714 2646 2817 2701 pro
2837 2630 3104 2685 catholica
3121 2630 3226 2683 fide
3255 2629 3565 2697 laborastis,

1993 2738 2285 2795 personam
2339 2723 2642 2793 quidquam
2700 2722 2999 2791 reprobum
3051 2721 3231 2776 videri
3279 2722 3564 2791 permisit;

1995 2815 2247 2885 quiavnec
2266 2822 2497 2884 poterat,
2515 2813 2725 2883 Spiritu
2743 2820 2932 2867 sancto
2948 2812 3250 2883 judicante,
3277 2813 3565 2882 quisquam

1995 2919 2063 2958 ex
2092 2904 2174 2958 eis
2196 2919 2310 2957 non
2343 2903 2521 2957 victor
2558 2904 2733 2967 exire,
2768 2917 3001 2971 quorum
3041 2903 3151 2972 jam
3179 2902 3387 2956 vicerat
3408 2901 3564 2957 fides.

322 3006 474 3055 reus,
513 2992 608 3061 qui
634 3007 796 3046 causa
830 3002 1017 3047 reatus
1044 2993 1303 3049 omnibus
1335 2994 1460 3049 fuit.
1499 2994 1605 3050 Sed
1645 2995 1775 3052 licet
1805 2997 1893 3052 his
1920 3022 1962 3079 ο
2064 2992 2219 3059 Quod
2267 3000 2536 3059 superest,
2573 2992 2948 3057 exhortamur,
2975 2998 3056 3056 ut,
3100 2991 3228 3060 quia
3266 2991 3388 3045 illic
3432 3005 3560 3045 non—

321 3090 417 3137 tua
459 3082 799 3149 fraternitas,
840 3083 1014 3138 solido
1052 3083 1176 3138 cibo
1223 3084 1458 3149 firmata,
1502 3085 1749 3156 indigere
1787 3087 1893 3141 mi-

320 3172 470 3227 nime
491 3172 763 3237 videatur,
780 3181 963 3228 tamen
990 3181 1050 3227 ut
1075 3173 1222 3243 quod
1236 3175 1413 3229 nostri
1439 3175 1542 3230 loci
1568 3185 1652 3230 est
1672 3177 1897 3246 implea-

320 3275 464 3325 mus,
500 3261 647 3315 circa
693 3275 884 3317 vocem
924 3260 1161 3316 dicentis
1199 3261 1447 3330 Apostoli
1484 3280 1497 3315 :
1545 3282 1564 3314 ι
1589 3263 1795 3318 Praeter
1830 3280 1894 3319 ea

319 3366 443 3420 qua
471 3351 816 3406 extrinsecus
869 3358 1029 3415 sunt,
1078 3351 1341 3405 instantia
1390 3368 1512 3407 mea
1554 3354 1892 3422 quotidiana,

320 3441 633 3498 sollicitudo
678 3441 925 3496 omnium
959 3441 1329 3496 Ecclesiarum
1357 3460 1370 3495 :
1403 3443 1528 3512 quis
1563 3443 1890 3511 infirmatur,

320 3540 376 3589 et
394 3548 498 3605 ego
530 3548 643 3588 non
667 3532 963 3587 inﬁrmor?
984 3532 1109 3602 quis
1132 3532 1552 3598 scandalizatur,
1583 3543 1638 3588 et
1655 3549 1756 3605 ego
1784 3551 1894 3590 non

320 3640 454 3680 uror
478 3624 555 3677 "‘i
581 3642 599 3675 ο
649 3623 757 3677 hoc
790 3624 1063 3693 praecipue
1090 3624 1345 3692 pmsenti
1383 3624 1670 3679 occasione
1709 3614 1895 3680 credi-'

319 3733 445 3772 mus
470 3715 907 3776 admonendum,
950 3715 1120 3770 frater
1155 3715 1508 3781 charissime,
1552 3724 1615 3770 ut
1646 3717 1892 3786 quoties-

320 3820 562 3876 cunque,
595 3805 778 3861 divina
811 3806 987 3875 gratia
1014 3805 1455 3872 administrante,
1486 3805 1610 3860 illos
1635 3806 1728 3876 qui
1758 3807 1891 3863 foris

322 3905 452 3953 sunt
512 3896 664 3951 fonte
694 3895 957 3952 doctrinae
987 3903 1083 3950 aut
1130 3896 1663 3966 submergimus,aut
1695 3913 1892 3970 purga-

320 4003 465 4055 mus,
492 3990 550 4045 in
577 3989 731 4043 nullo
764 3989 833 4044 ab
873 3988 1087 4060 1195
1113 3988 1243 4054 illis,
1278 4004 1415 4059 quas
1439 3988 1679 4059 Spiritus
1716 3992 1889 4047 sancti

320 4077 576 4134 divinitas
634 4078 689 4132 in
722 4077 1156 4133 Chalcedonensi
1189 4077 1423 4132 concilio
1478 4078 1727 4147 protulit,
1761 4079 1888 4134 fidei

319 4169 524 4239 regulis
572 4169 929 4233 recedentes,
985 4169 1129 4223 inter
1185 4178 1477 4239 utrumque
1522 4169 1734 4225 hostem
1790 4177 1923 4225 no-'

317 4262 472 4317 vellat
491 4261 729 4332 perfidia:
749 4275 1056 4316 sermonem
1079 4268 1330 4315 nostrum
1356 4277 1479 4316 cum
1504 4261 1652 4316 omni
1674 4261 1887 4316 cautela

1994 3085 2174 3139 nullas
2217 3082 2545 3154 Eutychiani
2577 3098 2643 3138 ac
2684 3081 2994 3136 Nestoriani
3051 3081 3256 3138 erroris
3302 3082 3568 3151 reliquias

1994 3176 2348 3245 cognovimus
2380 3173 2728 3239 remansisse,
2752 3188 2899 3227 nunc
2925 3173 3089 3227 etiam
3111 3173 3227 3228 sedi
3257 3173 3568 3242 apostolicae
3658 3226 3661 3229 .

1995 3265 2318 3320 collabores.
2352 3264 2591 3318 Victoria
2617 3265 2787 3328 enim,
2816 3279 2981 3333 quam
3013 3264 3267 3320 Christus
3298 3265 3565 3320 Dominus

1995 3364 2183 3410 noster
2207 3370 2318 3409 suae
2348 3354 2571 3408 donavit
2593 3354 2869 3419 Ecclesiae,
2892 3355 3134 3423 quandiu
3157 3356 3212 3409 in
3235 3356 3340 3410 hoc
3358 3357 3565 3412 mundo

1994 3462 2314 3511 versamur,
2372 3446 2502 3499 licet
2554 3444 2811 3498 fiduciam
2862 3447 3125 3515 majorem
3172 3446 3397 3514 tribuat,
3452 3462 3564 3502 non

1995 3546 2178 3592 tamen
2208 3536 2263 3589 in
2286 3541 2458 3611 tptum
2478 3533 2906 3588 sollicitudinem
2938 3536 3180 3604 perimit,
3213 3550 3315 3589 nec
3344 3544 3405 3589 ut
3429 3536 3559 3591 dor—

1994 3628 2227 3682 miamus
2251 3625 2446 3679 donata
2466 3631 2569 3689 est,
2608 3622 2703 3676 sed
2731 3630 2790 3675 ut
2810 3623 3032 3677 suavius
3056 3622 3386 3678 laboremus.
3408 3621 3561 3678 Unde

1994 3720 2052 3774 in
2093 3718 2197 3771 hoc
2236 3706 2454 3786 quoque
2499 3723 2606 3768 tua:
2647 3714 2941 3784 vigilantia:
2988 3713 3359 3769 sollicitudine
3405 3714 3559 3769 volu-

1992 3824 2115 3863 mus
2135 3805 2404 3879 adjuvari,
2437 3814 2514 3871 ut,
2544 3813 2633 3859 tua
2661 3803 2925 3858 relatione
2952 3808 3229 3868 currente,
3258 3802 3387 3872 quid
3416 3803 3560 3873 apud

1992 3899 2112 3954 illas
2143 3898 2393 3968 regiones
2426 3895 2675 3951 doctrina
2712 3894 2996 3949 Dominica
3037 3892 3308 3963 proficiat,
3342 3901 3556 3963 aposto-

1990 3988 2152 4043 licam
2200 3986 2385 4042 sedem
2432 3986 2662 4041 festines
2708 3985 3034 4039 instruere:
3086 3992 3356 4055 quatenus
3410 3984 3553 4041 illius

1990 4078 2230 4149 regionis
2271 4076 2603 4143 sacerdotes,
2653 4075 2707 4129 in
2750 4090 3077 4145 quocunque
3125 4091 3256 4130 usus
3289 4076 3554 4147 exegerit,

1989 4171 2329 4241 adjuvcmus.
2362 4168 2438 4223 De
2460 4168 2549 4223 his
2571 4182 2723 4233 vero,
2752 4181 2872 4236 quae
2903 4165 2958 4220 in
2987 4181 3128 4236 saepe
3152 4166 3299 4222 dicto
3323 4166 3558 4222 concilio

1990 4258 2180 4314 illicita
2227 4266 2419 4313 contra
2461 4256 2805 4311 venerabiles
2858 4255 3109 4311 Niczenos
3145 4271 3384 4311 canones
3418 4271 3559 4325 pra:-

315 4353 604 4418 libremus,
642 4368 754 4407 non
772 4353 884 4423 jam
911 4350 1077 4423 (quod
1101 4351 1299 4421 absit!)
1329 4358 1587 4421 tanquam
1608 4350 1676 4405 de
1707 4351 1890 4406 dubiis
1919 4360 1966 4417 ι)
1993 4351 2301 4421 sumptione
2326 4356 2528 4403 tentata
2561 4356 2708 4413 sunt,
2734 4344 2801 4400 ad
2833 4344 3054 4400 fratrem
3087 4356 3144 4400 et
3171 4346 3554 4417 coepiscopum

318 4443 708 4514 disceptantes,
741 4442 838 4497 sed
869 4442 1200 4496 auctoritate
1224 4457 1439 4497 summa
1469 4457 1590 4512 quae
1617 4442 1758 4496 bene
1793 4446 1888 4497 de-

318 4534 473 4588 finita
503 4541 632 4589 sunt
675 4540 988 4588 astruentes
1018 4548 1031 4583 :
1062 4546 1187 4586 cum
1213 4540 1271 4586 et
1309 4532 1365 4585 in
1398 4532 1712 4602 apostolicae
1739 4531 1888 4588 sedis

317 4624 567 4693 epistola,
594 4623 923 4679 universalis
952 4629 1156 4677 sanctae
1180 4622 1373 4693 synodi
1395 4637 1623 4677 assensu
1650 4621 1883 4687 firmata,

316 4722 466 4770 tanta
492 4714 689 4769 divinae
713 4713 1053 4769 auctoritatis
1084 4712 1399 4768 testimonia
1425 4713 1744 4769 rfoverimus
1765 4730 1886 4771 esse

315 4814 595 4875 congesta,
633 4813 695 4858 ut
741 4805 926 4859 nullus
967 4812 1134 4874 queat
1186 4804 1417 4857 ulterius
1458 4803 1733 4868 dubitare,
1778 4804 1887 4860 nisi

314 4893 409 4964 qui
440 4891 767 4962 sibimetipsi
807 4907 1058 4947 errorum
1081 4891 1335 4947 tenebras
1361 4891 1566 4948 inferre
1592 4894 1883 4962 maluerit;

315 4995 370 5038 ct
402 4983 680 5054 synodalia
732 4991 902 5054 gesta,
950 4984 1036 5038 vel
1091 4984 1292 5053 quibus
1344 4984 1582 5053 primum
1635 4983 1887 5040 definitio

318 5074 443 5127 fidei
473 5074 673 5143 legitur
709 5089 831 5129 esse
865 5074 1120 5140 formata,
1167 5076 1253 5129 vel
1290 5074 1492 5144 quibus
1532 5075 1772 5145 praafata:
1795 5077 1881 5133 lit-

318 5174 446 5218 tera:
465 5165 778 5233 apostolica:
804 5165 972 5229 sedis,
994 5166 1160 5221 etiam
1188 5175 1292 5220 tua:
1318 5165 1671 5222 fraternitatis
1698 5168 1879 5223 studio

315 5255 555 5310 defensae
589 5264 736 5321 sunt,
765 5264 822 5310 et
842 5258 1076 5313 maxime
1102 5259 1168 5312 ad
1196 5258 1471 5329 piissimus
1497 5260 1773 5331 principes
1797 5270 1880 5317 to-

317 5350 423 5402 tius
451 5348 667 5402 concilii
699 5348 1074 5415 allocutio,tot
1104 5351 1173 5404 sit
1200 5353 1625 5420 praacedentium
1655 5353 1875 5408 Patrum

315 5437 646 5492 testimoniis
676 5438 960 5505 roborata,
990 5447 1050 5494 ut
1085 5440 1260 5495 cuivis
1296 5442 1629 5513 imprudenti
1663 5459 1726 5499 ac
1755 5461 1879 5514 per-

398 5607 479 5663 ”l
503 5612 661 5669 Joan.
704 5628 782 5674 ιιι.
814 5613 899 5667 15.
975 5615 1023 5646 ’³
1050 5613 1237 5668 Matth.
1267 5629 1336 5677 xx,
1360 5616 1449 5678 ἓξ),
1490 5616 1578 5671 50.

630 5702 902 5767 Parnm.
947 5704 1060 5765 GR.
1111 5704 1211 5763 LX
1226 5704 1441 5770 XXIII.

1660 5618 1705 5651 "
1734 5619 1890 5678 Joan.
1923 5637 2038 5687 vm,
2065 5619 2152 5676 M.
2231 5617 2276 5651 ’⁸
2302 5617 2436 5673 ibid.
2466 5617 2556 5674 '58.

1987 4450 2234 4496 nostrum
2297 4437 2650 4493 Antiochense
2685 4434 2832 4491 sedis
2871 4434 3160 4505 praesulem
3201 4434 3548 4503 scripsimus,

1988 4530 2311 4601 adjicientcs
2350 4537 2406 4583 et
2449 4525 2583 4581 illud
2621 4525 2768 4596 quod
2836 4524 2998 4578 nobis
3033 4529 3259 4593 propter
3289 4521 3557 4591 improbi-

1990 4631 2154 4677 tatem
2202 4620 2600 4675 monachorum
2651 4614 3014 4688 quorumdam
3074 4614 3314 4686 regionis
3360 4621 3557 4670 vestrae

1984 4713 2157 4768 verbo
2204 4709 2473 4766 mandasti
2502 4722 2601 4777 per
2642 4708 2879 4762 vicarios
2924 4713 3158 4769 nostros,
3198 4713 3254 4759 et
3288 4705 3394 4760 hoc
3434 4720 3558 4774 spe-

1987 4802 2201 4858 cialiter
2241 4806 2563 4860 staluentes,
2618 4802 2679 4849 ut
2727 4804 2927 4864 przeter
2977 4792 3194 4847 Domini
3244 4793 3558 4848 sacerdotes

1989 4891 2173 4948 nullus
2201 4888 2401 4944 audeat
2446 4886 2765 4957 prasdicare,
2810 4900 2906 4938 seu
2952 4882 3273 4947 monachus,
3309 4882 3423 4937 sive
3467 4884 3555 4937 ille

1987 4984 2057 5040 sit
2102 4982 2295 5045 laicus,
2341 4980 2435 5049 qui
2480 4976 2774 5047 cujuslibet
2816 4975 3063 5030 scientiae
3095 4975 3317 5029 nomine
3357 4974 3556 5044 glorie-

1984 5086 2095 5132 tur.
2146 5075 2292 5143 Quas
2319 5081 2500 5127 tamen
2542 5071 2752 5124 litteras
2795 5084 2894 5138 pro
2947 5065 3182 5121 utilitate
3228 5066 3555 5120 universalis

1986 5169 2262 5234 Ecclesia),
2302 5181 2401 5236 per
2448 5162 2766 5234 praedictum
2815 5159 3041 5213 fratrem
3069 5167 3124 5212 et
3167 5158 3553 5228 coepiscopum

1987 5270 2235 5315 nostrum
2280 5255 2593 5318 Maximum,
2641 5250 2708 5305 ad
2758 5248 3005 5304 omnium
3047 5250 3324 5304 voluimus
3360 5262 3554 5319 perve-

1985 5354 2105 5408 nire
2160 5348 2413 5405 notitiam
2468 5364 2481 5399 :
2530 5355 2586 5400 et
2634 5342 2705 5397 ob
2752 5342 2856 5396 hoc
2899 5339 2988 5395 his
3039 5340 3322 5396 noluimus
3362 5354 3547 5396 earum

1984 5442 2264 5511 exemplar
2322 5437 2581 5509 adjicere,
2646 5432 2776 5504 quia
2818 5446 2939 5502 quae
2980 5432 3246 5502 praedicto
3296 5429 3450 5489 fratri
3487 5441 3546 5487 et

2650 5620 2696 5651 ¹⁶
2724 5619 2769 5674 Il
2795 5615 2923 5673 Cor.
2952 5630 3030 5673 χι.
3054 5614 3141 5678 28,
3174 5615 3265 5679 9.9.

3143 5703 3215 5767 42
