3924 6192
395 254 528 317 1323

1370 237 1852 301 TIIEODORETI
1892 235 2221 295 EPISCOPI
2268 236 2626 296 CYRENSIS

3482 204 3667 289 1m

398 359 716 431 coepiscopo
761 362 949 407 nostro
983 347 1341 420 injuuximus,
1379 359 1488 397 non
1516 342 1835 396 dubitamus
1862 338 1964 391 im-

2106 339 2200 403 iat,
2233 337 2399 393 frater
2420 335 2764 393 charissime.
2796 336 2928 391 Data
2952 332 3119 390 tertio
3138 331 3266 387 ldus
3293 330 3466 397 Junii,
3497 331 3674 401 Opi-

396 450 607 524 plenda.
648 444 717 501 Et
751 444 863 499 alia
892 457 1097 507 manu:
1139 440 1282 493 Deus
1313 446 1365 489 te
1400 435 1728 488 incolumem
1777 442 1958 486 custo-

1991 575 2059 587 ..ης

760 653 974 724 1196
1016 647 1198 704 CXIV.
1216 675 1285 685 —-
1304 643 1574 699 Andiberi.

463 770 927 843 Religiosissimus
965 762 1253 834 presbyter
1292 758 1489 812 Petrus
1516 748 1804 808 sacerdotii
1841 747 1962 816 qui-

397 871 521 925 dem
566 837 793 921 ornatur
826 856 1109 928 dignitate,
1169 858 1398 905 ornatur
1426 860 1559 900 vero
1601 852 1656 897 et
1706 837 1960 910 prudenti

397 969 692 1027 corporum
734 948 1038 1004 curatione.
1072 943 1257 1010 Longo
1309 947 1489 992 autem
1528 932 1668 1003 apud
1698 946 1796 985 nos
1822 938 1956 983 tem-

397 1065 529 1122 pore
545 1053 813 1108 versatus,
845 1053 1055 1093 morum
1080 1033 1344 1104 elegantia
1366 1030 1469 1084 sibi
1493 1040 1683 1080 omnes
1703 1019 1964 1076 devinxit.

399 1118 450 1196 ls
478 1154 621 1193 nunc
639 1133 857 1204 cognito
883 1129 1125 1184 discessu
1154 1140 1275 1179 meo
1293 1122 1492 1193 Cyrum
1521 1118 1831 1187 relinquere
1860 1124 1968 1166 Sta-

401 1210 523 1285 tuit.
562 1226 828 1293 Quocirca
863 1216 1185 1275 commendo
1217 1216 1367 1269 illum
1391 1206 1806 1280 magniﬁcentia:
1841 1212 1965 1266 tuas,

400 1333 456 1377 et
497 1335 596 1374 oro
631 1326 692 1371 ut
736 1322 914 1368 vestra
950 1311 1102 1364 illum
1134 1303 1477 1378 providentia
1500 1298 1749 1362 foveatis,
1783 1304 1842 1349 ut
1872 1295 1967 1364 qui

402 1413 555 1466 utilis
586 1407 791 1463 civitati
823 1419 942 1458 esse
984 1407 1146 1471 queat
1190 1419 1203 1451 :
1239 1396 1441 1466 quippe
1491 1391 1586 1461 qui
1631 1386 1971 1443 Alexandriae

402 1501 655 1557 habitans
695 1496 825 1551 huic
868 1494 971 1547 arti
1021 1504 1245 1561 operam
1296 1484 1467 1540 dedit.

946 1766 1103 1825 CXV.
1124 1796 1194 1805 --
1212 1762 1433 1835 Apellae.

476 1890 603 1963 Cyri
621 1884 1016 1959 gubernatione
1040 1883 1311 1947 suscepta,
1348 1871 1688 1929 necessarias
1721 1868 1798 1923 illi
1832 1874 1979 1920 artes

2065 430 2209 485 lione
2243 432 2361 487 viro
2393 430 2696 485 clarissimo
2730 427 2972 483 consule.

2554 634 2698 686 PIA’.
2717 663 2788 672 —
2819 631 3127 717 Ἀγδίὸερα

2146 744 2206 794 '0
2255 741 2641 805 εὐλαϐέστατος
2686 739 3052 811 πρεσϐύτερος
3088 738 3293 809 Πέτρος
3350 739 3680 805 κοσμεῖται

2073 835 2169 902 μὲν
2200 837 2268 902 τῇ
2301 835 2397 904 τῆς
2422 832 2719 904 ἱερωσύνης
2756 831 2902 901 ἀξία,
2934 833 3216 899 κοσμεῖται
3245 829 3300 881 δὲ
3329 828 3424 881 καὶ
3441 831 3512 895 τῇ
3535 826 3679 878 τῶν

2072 927 2342 993 σωμάτων
2380 923 2571 992 λογικῇ
2602 920 2886 993 θεραπείᾳ.
2920 920 3120 988 Συχνδν
3145 919 3201 971 δὲ
3232 918 3363 987 παρ’
3392 919 3528 987 ἡμῖν
3566 917 3677 968 οἱ-

2071 1016 2242 1084 κήσας
2273 1013 2482 1083 χρόνον,
2511 1007 2649 1065 εἶλεν
2692 1011 2938 1072 ἅπαντας
2974 1012 3039 1079 τῇ
3077 1009 3186 1061 τῶν
3219 1007 3368 1076 ἠθῶν
3406 1007 3683 1075 εὐαρμο-

2073 1104 2218 1173 στίᾳ,
2256 1096 2423 1165 Οὗτος
2455 1102 2549 1156 νῦν
2584 1101 2682 1171 τὴν
2719 1100 2935 1171 Κύρῤον
2968 1098 3283 1151 καταλιπεῖν
3326 1096 3678 1165 ἐδοκίμασε,

2071 1194 2169 1265 τὴν
2208 1194 2344 1264 ἐμὴν
2379 1192 2642 1264 ἐκδημίαν
2683 1189 3037 1263 μεμαθηκώς.
3083 1181 3159 1241 Οὐ
3198 1186 3261 1258 δὴ
3290 1187 3451 1257 χάριν
3483 1185 3685 1237 αὐτὸν

2072 1289 2139 1357 τῇ
2192 1284 2432 1357 ὑμετέρᾳ
2485 1282 2926 1354 μεγαλοπρεπείᾳ
2973 1280 3281 1350 συνίστημι,
3334 1278 3429 1331 καὶ
3469 1293 3685 1346 παρις

2076 1377 2223 1431 καλῶ
2260 1377 2357 1446 τῆς
2392 1374 2664 1446 ὑμετέρας
2708 1373 2869 1426 αὐτὸν
2907 1370 3246 1443 προμηθείας
3272 1370 3477 1438 τυχεῖν,
3518 1367 3685 1436 χρή-

2080 1483 2237 1537 σιμον
2302 1465 2465 1519 αὐτὸν
2523 1467 2591 1535 τῇ
2651 1462 2805 1515 πόλει
2862 1461 3117 1531 γενέσθαι
3162 1460 3475 1528 δυνάμενον.
3541 1456 3682 1525 Τὴν

2078 1562 2186 1631 γάρ
2227 1557 2630 1627 Ἀλεξάνδρειαν
2658 1558 2883 1626 οἰκήσας
2912 1554 3010 1622 τὴν
3036 1550 3289 1620 τοιαύτην
3319 1551 3537 1620 ἡσκησε
3562 1547 3684 1599 τέ-

2079 1670 2233 1722 χνην.

2507 1757 2655 1812 PIE’.
2687 1787 2759 1798 -
2790 1754 3047 1824 Ἀπελλῇ
3087 1755 3220 1824 (79).

2148 1874 2258 1943 Τὴν
2296 1872 2512 1942 Κύρῤον
2548 1870 2747 1924 ἰθύνειν
2789 1867 2969 1939 λαχὼν
3019 1868 3118 1929 τὰς
3162 1866 3466 1933 ἀναγκαίας
3513 1866 3681 1935 αὐτῇ

410 1955 770 2051 undequaque
814 1970 1125 2043 comparavi
1161 1987 1174 2022 :
1221 1976 1338 2022 tum
1378 1972 1561 2019 autem
1605 1973 1663 2017 et
1697 1959 1981 2015 medicinae

2098 1964 2345 2019 πάντοθεν
2383 1962 2611 2032 ὲπόρισα
2632 1962 2847 2031 τέχνας’
2881 1958 3020 2029 πρὸς
3064 1958 3121 2010 δὲ
3152 1956 3355 2018 τούτοις
3392 1956 3492 2007 καὶ
3530 1955 3682 2016 τοὺς

408 2049 632 2147 peritos,
663 2078 725 2125 ut
774 2084 893 2122 eam
945 2064 1267 2124 incolerent,
1297 2059 1549 2112 hortatus
1592 2068 1735 2108 sum.
1775 2051 1979 2105 Horum

2098 2057 2179 2126 τῆς
2246 2056 2493 2127 ἰατρικῆς
2551 2054 2920 2123 ἐπιστήμονας
2980 2050 3200 2119 οἰκῆσαι
3256 2049 3462 2119 ταύτην
3523 2064 3681 2116 προ-

412 2136 552 2220 unus
587 2136 669 2218 est
711 2157 1157 2229 religiosissimus
1194 2151 1482 2222 presbyter
1525 2147 1747 2207 Petrus,
1791 2142 1885 2211 qui
1928 2149 1984 2194 et

2098 2144 2305 2217 ἰτρεψα.
2332 2138 2427 2207 Εἷς
2466 2145 2670 2196 τούτων
2709 2142 2854 2194 ἐστὶν
2887 2143 2914 2194 ὁ
2936 2140 3324 2200 εὐλαϐέστατος
3350 2136 3678 2208 πρεσϐύτε-

408 2263 579 2310 artem
622 2249 921 2321 prudenter
954 2252 1170 2308 tractat,
1201 2254 1257 2296 et
1288 2241 1430 2295 hanc
1461 2235 1709 2290 moribus
1734 2238 1980 2287 exornat.

408 2344 566 2399 Nunc
607 2317 788 2393 autem
834 2333 1167 2390 abeuntibus
1207 2329 1366 2383 nobis
1417 2326 1511 2381 alii
1558 2337 1778 2393 quoque
1827 2317 1985 2372 multi

411 2434 553 2488 hanc
604 2431 974 2498 relinquunt:
1024 2424 1176 2478 abire
1220 2430 1402 2476 autem
1456 2426 1511 2473 et
1559 2418 1674 2486 ipse
1727 2411 1983 2466 instituit.

316 2514 320 2519 ’
410 2524 591 2590 Quare
627 2518 1090 2589 magniﬁcentiam
1137 2522 1289 2567 tuam
1321 2525 1442 2576 oro,
1498 2516 1560 2563 ut
1606 2506 1756 2561 illius
1804 2516 1986 2557 curam

414 2619 585 2682 gerat.
613 2611 849 2664 ldoneus
880 2607 1030 2661 enim
1064 2612 1151 2659 est
1176 2605 1271 2675 qui
1295 2605 1309 2623 '
1332 2610 1387 2659 et
1418 2598 1579 2671 aegris
1626 2611 1785 2668 Opem
1828 2593 1985 2658 ferat,

414 2710 471 2757 et
503 2700 726 2757 morbos
757 2706 1059 2769 oppugnet.

779 2908 962 2965 CXVI.
985 2938 1054 2947 —
1074 2906 1276 2961 Renato
1305 2903 1623 2975 presbytero.

491 3022 852 3093 Cognovimus
890 3019 1170 3074 ardentem
1203 3018 1518 3085 iustumque
1551 3012 1729 3065 zelum
1778 3009 1995 3078 pietatis

2089 2255 2178 2308 ρος
2206 2236 2429 2306 Πέτρος,
2460 2234 2693 2302 λογικῶς
2739 2234 2837 2303 μὲν
2878 2231 3265 2303 μεταχειρὶζων
3298 2231 3396 2300 τὴν
3435 2229 3679 2298 τέχνην,

2086 2328 2303 2398 κοσμῶν
2330 2328 2386 2381 δὲ
2413 2325 2613 2396 ταύτην
2636 2327 2747 2388 τοῖς
2774 2325 2979 2396 ἤθεσιν.
3023 2323 3184 2376 Ἀλλὰ
3227 2321 3319 2375 νῦν
3358 2320 3685 2391 ἐκδημούνο

2084 2439 2193 2475 των
2243 2420 2400 2489 ἡμῶν
2444 2418 2628 2471 πολλοί
2674 2417 2771 2486 μὲν
2811 2418 2904 2469 καὶ
2934 2416 3080 2471 ἄλλοι
3126 2414 3329 2482 ταύτην
3365 2414 3681 2473 ἀπέλιπον,

2088 2510 2394 2579 ἐκδημῆσαι
2413 2508 2471 2560 δὲ
2504 2507 2599 2559 καὶ
2636 2505 2796 2568 αὐτὸς
2822 2504 3130 2575 ἐδοκίμασε.
3160 2503 3261 2557 Διά
3285 2520 3364 2555 τοι
3386 2503 3547 2555 τοῦτο
3568 2502 3679 2570 τὴν

2089 2600 2187 2671 σὴν
2236 2597 2539 2669 παρακαλῶ
2598 2596 3070 2668 μεγαλοπρέπειαν
3122 2595 3448 2666 κηδεμονίας
3496 2595 3681 2647 αὐτὸν

2090 2695 2338 2762 ἀξιῶσαι.
2398 2694 2604 2756 Ἱκανὸς
2641 2694 2749 2763 γάρ
2791 2695 2939 2745 ἐστιν
2988 2691 3342 2764 ἐπικουρῆσαι
3394 2693 3508 2755 τοῖς
3567 2691 3683 2744 κά-

2096 2802 2306 2856 μνουσι,
2344 2785 2439 2838 καλ⁴
2463 2782 2769 2854 πολεμῆσαι
2793 2785 2912 2844 ταῖς
2932 2780 3127 2844 νόσοις.

2300 2902 2464 2967 Ple'.
2499 2929 2567 2937 —
2618 2897 2872 2963 Ῥενάτῳ
2902 2895 3283 2965 πρεσϐυτέρῳ
3316 2895 3447 2966 (80).

2169 3012 2454 3079 Ἔγνωμεν
2480 3008 2569 3062 τὸν
2594 3007 2793 3080 θερμὸν
2833 3007 2926 3060 καὶ
2956 3006 3162 3060 δίκαιον
3188 3009 3288 3076 τῆς
3325 3006 3422 3075 σῆς
3450 3006 3675 3075 όσιὸτηυ

418 3118 545 3176 tute,
561 3072 982 3179 gtjustissimam
998 3120 1061 3158 ac
1082 3103 1376 3172 legitimam
1393 3100 1723 3163 libertatem,
1743 3115 1849 3167 qua
1868 3113 1989 3151 usus

2098 3122 2188 3168 τος
2218 3072 2397 3171 ζῆλον,
2432 3104 2527 3156 καὶ
2566 3072 2670 3171 τὴν,
2697 3072 3046 3172 δικαιοτάτην
3072 3101 3164 3153 καὶ
3189 3072 3407 3169 ἔννομον
3436 3072 3669 3169 παῤῥηξ

412 3214 498 3263 es,
524 3212 648 3251 cum
688 3212 753 3251 ea
782 3210 903 3265 qua:
935 3193 1080 3263 apud
1110 3190 1387 3262 Ephesum
1420 3200 1626 3244 temere
1656 3189 1997 3257 licenterque

416 3299 539 3345 acta
566 3296 695 3343 sunt
723 3284 1182 3357 reprehenderes.
1215 3283 1328 3337 Nec
1359 3282 1460 3336 soli
1512 3296 1614 3335 nos
1658 3278 1867 3350 1197
1894 3280 1997 3333 ista

418 3378 717 3435 didicimus
768 3374 917 3431 :sed
965 3375 1021 3428 in
1063 3389 1283 3428 omnem
1334 3381 1535 3427 terram
1588 3379 1750 3425 recta:
1800 3369 1998 3423 mentis

421 3482 529 3526 tua;
569 3483 739 3525 sonus
762 3467 949 3532 exivit,
978 3474 1031 3520 et
1053 3482 1241 3521 omnes
1266 3464 1556 3537 justitiam,
1584 3463 1783 3527 zelum,
1825 3462 1997 3515 liber-

423 3571 612 3626 tatem,
643 3568 698 3614 et
735 3559 998 3613 adversus
1029 3557 1374 3626 iniquitatem
1410 3556 1638 3625 injectas
1666 3569 1696 3607 a
1730 3562 1783 3607 te
1822 3554 1998 3606 minas

422 3649 734 3705 decantant.
780 3647 847 3700 Et
885 3645 1001 3699 haec
1048 3643 1269 3714 quidem
1316 3645 1428 3714 egit
1478 3643 1656 3712 pietas
1701 3650 1813 3707 tua,
1866 3656 1991 3694 cum

424 3738 638 3794 unicam
666 3737 868 3791 eandem
899 3735 1290 3804 conspexisset.
1320 3733 1475 3799 Quod
1508 3732 1552 3787 si
1580 3740 1803 3787 exteras
1832 3731 1996 3785 etiam

423 3829 657 3884 vidisses
690 3843 812 3896 quae
856 3832 985 3894 post
1018 3823 1320 3879 discessum
1371 3832 1525 3879 tuum
1570 3831 1797 3893 patratae
1846 3832 1995 3889 sunt,

423 3921 686 3975 Phineem
716 3919 868 3971 illum
901 3917 1132 3971 fortasse
1178 3916 1423 3969 imitatus
1467 3930 1636 3968 esses.
1686 3913 1765 3968 Ex
1799 3913 1865 3968 iis
1903 3931 2000 3968 au-

427 4021 533 4066 tem
560 4051 575 4075 ,
611 4008 705 4079 qui
738 4016 861 4077 post
889 4008 1008 4061 haec
1041 4007 1283 4061 damnati
1326 4005 1499 4071 fuere,
1531 4020 1675 4057 unus
1714 4020 1815 4074 ego
1852 4021 1993 4072 sum,

425 4116 493 4154 ne
530 4100 660 4153 illuc
707 4099 843 4151 irem
892 4098 1058 4167 regiis
1100 4097 1304 4151 litteris
1351 4095 1685 4166 prohibitus,
1724 4103 1781 4149 et
1816 4103 1997 4149 tamen

424 4189 622 4243 absens
666 4187 1081 4243 condemnatus.
1108 4189 1237 4242 Post
1281 4202 1375 4242 sex
1404 4187 1550 4241 enim
1580 4196 1635 4241 et
1667 4186 1860 4257 viginti
1883 4186 1999 4255 epi-

426 4288 682 4351 sc0patus
706 4295 897 4346 annos,
918 4288 1041 4349 post
1070 4278 1315 4334 infinitos
1338 4278 1573 4346 labores,
1598 4288 1721 4349 post
1744 4290 1999 4349 suscepta

426 4386 525 4440 pro
562 4371 763 4441 pietate
792 4371 1117 4435 certamina,
1146 4380 1269 4440 post
1299 4370 1511 4425 oblatas
1539 4370 1784 4426 omnium
1812 4370 2000 4425 Salva-

429 4461 529 4516 tori
557 4463 754 4516 multas
774 4462 1166 4516 haereticorum
1194 4477 1223 4515 a
1250 4461 1485 4531 pristino
1517 4462 1780 4517 abductas
1812 4478 2000 4518 errore

428 4548 720 4619 myriadas,
753 4548 1060 4603 sacerdotio
1088 4565 1175 4603 me
1210 4549 1535 4618 Spoliarunt,
1570 4550 1908 4620 ejiciuntque
1934 4566 2002 4605 ex

428 4639 667 4703 civitate,
714 4654 817 4694 nec
851 4648 1188 4694 senectutem
1218 4640 1465 4707 reveriti,
1510 4656 1614 4697 nec
1642 4640 1900 4696 canitiem
1944 4642 2001 4697 in

429 4730 629 4799 pietate
653 4732 935 4784 nutritam.
964 4730 1135 4797 Quam
1173 4731 1243 4786 ob
1271 4748 1491 4787 causam
1515 4749 1614 4788 oro
1646 4736 1994 4790 sanctitatem

432 4826 596 4883 tuam,
634 4820 978 4875 sanctissimo
1008 4830 1062 4875 et
1090 4822 1406 4878 beatissimo
1435 4824 1848 4896 archiepiscopo
1880 4842 2004 4896 per-

430 4910 653 4964 suadeat
682 4919 743 4963 ut
794 4913 1091 4981 apostolica
1129 4922 1397 4983 potestate
1434 4924 1621 4969 utatur
1659 4904 1726 4971 'et
1771 4916 1840 4971 ad
1874 4932 2006 4972 con-

429 5000 617 5053 cilium
672 5010 920 5055 vestrum
974 5002 1230 5059 advolare
1284 5005 1585 5075 prmcipiat.
1638 5006 1813 5062 Habet
1856 5009 2005 5061 enim

430 5087 773 5143 sanctissima
833 5090 927 5146 illa
983 5092 1142 5149 sedes
1188 5095 1559 5150 Ecclesiarum
1592 5114 1713 5166 qua:
1768 5099 1823 5153 in
1887 5109 2006 5155 toto

430 5188 556 5231 sunt
610 5176 745 5231 orbe
788 5179 1154 5249 principatum
1211 5181 1396 5236 multis
1447 5184 1782 5249 nominibus,
1838 5193 2002 5253 atque

431 5265 537 5321 hoc
581 5276 706 5324 ante
736 5271 939 5335 omnia,
982 5273 1126 5340 quod
1177 5273 1245 5328 ab
1278 5274 1533 5329 hzeretica
1573 5274 1697 5329 tabe
1746 5275 2008 5332 immunis

432 5362 650 5427 mansit,
684 5377 788 5416 nec
835 5361 978 5416 ullus
1012 5366 1284 5418 contraria
1320 5366 1566 5422 sentiens
1615 5367 1670 5421 in
1714 5368 1805 5422 illa
1837 5368 2001 5436 sedit,

434 5530 741 5665 “(57,925?
762 5546 819 5592 et
858 5536 1001 5607 apud
1032 5537 1229 5596 Baron.
1262 5547 1394 5596 tom.
1434 5541 1518 5607 Vl,
1548 5556 1602 5611 p.
1635 5540 1725 5606 28,
1758 5541 1825 5597 ad
1856 5558 1907 5596 a.
1931 5541 1993 5597 C.

2099 3197 2238 3260 σίαν,
2335 3195 2698 3265 χρησάμενος.
2725 3192 2979 3256 δέσποτα,
3009 3191 3078 3245 τά
3120 3195 3181 3245 ὲν
3222 3191 3429 3261 Ἐφέσῳ
3462 3191 3679 3259 τολμη-

2098 3287 2255 3339 θέντα
2294 3287 2545 3356 ῆλεγξας.
2598 3286 2710 3354 Οὐχ
2756 3286 2917 3354 ἡμεῖς
2958 3284 3014 3337 δὲ
3060 3284 3209 3353 μόνοι
3266 3282 3679 3353 μεμαθήκαμεν

2096 3377 2289 3440 ταῦτα,
2326 3376 2439 3430 ἀλλ’
2494 3377 2574 3438 εἰς
2621 3377 2799 3428 πᾶσαν
2847 3374 2944 3438 τὴν
2982 3374 3084 3444 γῆν
3112 3374 3211 3443 τῆς
3243 3374 3340 3443 σῆς
3378 3372 3683 3442 ὀρθότητος

2098 3466 2315 3539 ἐξῆλθεν
2346 3470 2373 3519 ὁ
2405 3467 2659 3535 φθόγγος,
2692 3465 2786 3518 καὶ
2818 3465 3016 3528 πάντες
3051 3464 3236 3535 ᾅδουσι
3274 3465 3373 3533 τὴν
3393 3463 3683 3516 δικαιοσύ-

2097 3578 2215 3631 νην,
2249 3560 2338 3612 τὸν
2363 3557 2541 3628 ζῆλον,
2572 3556 2670 3626 τὴν
2704 3557 3035 3629 παρρησίαν,
3065 3556 3162 3619 τὰς
3192 3556 3333 3609 κατὰ
3357 3555 3456 3623 τῆς
3483 3569 3681 3624 παρα-

2098 3650 2289 3719 νομίας
2326 3650 2454 3720 παρ’
2487 3648 2641 3717 ὑμῶν
2672 3647 3044 3718 γεγενημένας
3079 3646 3326 3709 ἀπειλάς.
3361 3647 3469 3698 Καὶ
3493 3645 3681 3700 ταῦτα

2098 3742 2287 3812 ἔδρασέ
2317 3757 2409 3793 σου
2438 3741 2471 3809 ὴ
2495 3740 2731 3809 ὁσιότης,
2777 3740 2875 3810 τῆν
2909 3739 3038 3809 μίαν
3081 3738 3387 3808 θεασαμένη
3430 3738 3679 3807 σφαγήν.

2098 3833 2160 3885 Εἰ
2182 3832 2238 3884 δὲ
2275 3831 2369 3883 καὶ
2400 3832 2499 3894 τὰς
2528 3829 2692 3893 άλλας
2732 3830 2997 3901 ὲωράκεις
3023 3828 3121 3891 τὰς
3155 3828 3291 3897 μετά
3322 3828 3416 3896 τὴν
3444 3826 3544 3895 σήν
3574 3827 3683 3879 ὲκ·-

2097 3919 2749 3999 δημίανγγεγενημένας,
2803 3920 2943 3989 τάχα
2992 3918 3059 3972 ἂν
3101 3918 3193 3971 τὸν
3230 3916 3412 3979 Φινεὲς
3460 3917 3681 3968 ἐκεῖνον

2099 4011 2397 4082 ὲξήλωσας.
2441 4006 2535 4074 Εἷς
2567 4012 2623 4065 δὲ
2670 4011 2779 4063 τῶν
2830 4007 2968 4080 μετὰ
3012 4008 3182 4063 ταῦτα
3234 4007 3680 4077 κατακριθέντων

2099 4102 2231 4172 ἐγὼ,
2263 4103 2490 4173 δραμεῖν
2528 4102 2626 4172 μὲν
2673 4100 2860 4156 αὐτόθι
2906 4100 3168 4163 κωλυθεὶς
3212 4099 3298 4153 διά
3327 4097 3680 4169 γραμμάτων

2102 4195 2412 4266 βασιλικῶν·
2467 4194 2620 4247 ἀπὼν
2657 4194 2714 4247 δὲ
2744 4192 3111 4264 κατακριθεκ.
3144 4192 3297 4246 Μετὰ
3331 4192 3439 4261 γὰρ
3482 4190 3544 4254 ἒξ
3577 4189 3681 4242 καὶ

2100 4286 2300 4338 εἴκοσιν
2326 4284 2419 4354 ἐτη
2446 4283 2545 4353 τῆς
2568 4284 2889 4353 ἐπισκοπῆς.
2910 4284 3047 4352 μετὰ
3068 4284 3191 4345 τοὺς
3215 4281 3439 4341 πολλοὺς
3462 4279 3556 4332 καὶ
3578 4297 3681 4348 μυο

2107 4374 2251 4445 ρίους
2274 4374 2486 4437 πόνους,
2518 4372 2655 4442 μετά
2675 4374 2801 4435 τούς
2831 4373 2969 4442 ὑπὲρ
2996 4372 3092 4441 τῆς
3120 4370 3401 4432 εὐσεϐείας
3429 4369 3678 4435 ἀγῶνας,

2108 4467 2246 4535 μετὰ
2274 4466 2335 4519 τὸ
2356 4465 2718 4535 προσενέγκαι
2738 4464 2815 4535 τῷ
2843 4465 3054 4534 Σωτῆρι
3074 4464 3181 4517 τῶν
3207 4463 3348 4516 ὅλων
3374 4462 3571 4521 πολλάς
3595 4462 3685 4513 αἱ·

2108 4558 2337 4629 ρετικῶν
2370 4556 2636 4628 μυριάδας
2660 4556 2760 4625 τῆς
2788 4556 3059 4626 προτέρας
3092 4555 3297 4623 πλάνης
3320 4551 3685 4623 ἀπηλλαγμέ-

2105 4667 2221 4712 νας,
2272 4648 2592 4720 ἐγύμνωσαν
2626 4649 2724 4719 μὲν
2762 4646 3082 4717 ἱερωσύνης,
3118 4646 3461 4712 ἐξελαύνουσι
3492 4644 3553 4695 δὲ
3580 4644 3683 4697 καὶ

2108 4740 2337 4803 πόλεως,
2374 4739 2494 4791 οὐδὲ
2524 4738 2583 4791 τὸ
2603 4738 2779 4807 γῆρας
2811 4736 3167 4811 αἰδεσθέντες,
3192 4734 3312 4787 οὐδὲ
3348 4733 3443 4804 τὴν
3482 4732 3685 4785 πολιὰν

2107 4830 2205 4899 τὴν
2237 4830 2293 4880 ὲν
2315 4828 2565 4899 εὐσεϐείᾳ
2591 4830 2907 4897 τραφεῖσαν.
2944 4826 3043 4877 Διά
3060 4842 3144 4877 τοι
3176 4824 3333 4877 τούτο
3362 4826 3458 4893 τὴν
3480 4824 3687 4892 ὑμετέο

2111 4933 2211 4985 ραν
2236 4914 2542 4983 ἁγιωσύνην
2565 4913 2889 4985 παρακαλῶ,
2924 4916 3107 4966 πεῖσαι
3136 4914 3228 4966 τὸν
3255 4912 3555 4980 ἁγιώτατον
3584 4914 3687 4965 καὶ

2108 5003 2403 5058 ὁσιώτατον
2459 5005 2885 5073 άρχιεπίσκοπον
2914 5006 2980 5073 τῇ
3012 5000 3341 5072 άποστολικῇ
3370 5003 3693 5072 χρήσασθαι

2107 5094 2342 5166 ἐξουσίᾳ.
2376 5094 2469 5147 καὶ
2515 5096 2591 5156 εἰς
2632 5095 2693 5147 τὸ
2743 5095 3007 5165 ὑμέτερον
3048 5093 3379 5163 ἀναδραμεῖν
3423 5092 3691 5145 κελεῦσαι

2110 5187 2403 5257 συνέδριον.
2439 5188 2593 5257 Ἔχει
2622 5186 2729 5255 γὰρ
2757 5186 2784 5239 ὁ
2815 5187 3075 5252 πανάγιος
3110 5184 3295 5255 θρόνος
3338 5186 3537 5244 ἐκεῖνος
3576 5184 3692 5234 τῶν

2115 5279 2255 5331 κατὰ
2292 5277 2388 5347 τὴν
2427 5278 2750 5346 οἰκουμένην
2786 5274 3120 5344 Ἐκκλησιῶν
3148 5275 3245 5344 τὴν
3277 5274 3567 5344 ἡγεμονίαν
3598 5272 3691 5324 δά

2117 5367 2303 5428 πολλὰ,
2342 5369 2432 5420 καὶ
2472 5368 2574 5436 πρὸ
2607 5366 2712 5418 τῶν
2750 5365 2924 5418 ἄλλων
2968 5364 3239 5432 ἁπάντων,
3279 5365 3361 5417 ὅτι
3397 5360 3687 5433 αἱρετικῆς

2110 5539 2293 5665 M(98.0)
2323 5541 2509 5594 Exstat
2556 5540 2690 5595 ibid.
2739 5550 2871 5596 tom.
2903 5541 2991 5607 Vl,
3027 5558 3088 5611 p.
3129 5541 3229 5597 105
3256 5555 3371 5610 seq.
3416 5539 3482 5594 ad
3521 5554 3575 5593 ι.
3617 5538 3685 5595 C.
