3924 6192
405 333 536 397 132⁵1

1347 329 1829 392 TllEUl)l_iltE'l‘1
1873 326 2204 390 EPISCOPI
2246 324 2606 384 CYRENSIS

3517 315 3669 377 1328

400 451 626 510 gnantes
660 439 878 503 docere,
916 458 1024 496 non
1058 441 1240 494 omnia
1269 440 1493 508 exsequi
1519 454 1612 492 eos
1655 453 1830 506 posse,
1875 436 1966 504 qui

2084 435 2167 504 τὴν
2215 433 2446 494 ἀδικίαν,
2504 430 2598 484 καὶ
2652 429 2857 494 διδάξαι
2914 429 3037 490 τοὺς
3083 427 3224 480 κατά
3256 428 3353 496 τῆς
3386 425 3670 493 ἀληθείας

403 534 629 586 licenter
667 534 936 604 quidlibet
987 533 1202 604 aggredi
1239 541 1527 586 conantur.

715 762 942 817 CXVIII.
961 794 1031 802 —
1048 765 1427 818 Archidiacono
1458 763 1652 816 Roman

465 877 621 930 Saeva
642 875 864 928 omnino
890 882 1181 943 tempestas
1202 883 1416 927 nostras
1439 872 1712 926 Ecclesias
1732 869 1961 922 invasit:

400 973 493 1033 qui
513 981 644 1020 vero
666 966 790 1019 lidei
815 965 1086 1020 adlizerenl
1111 965 1442 1033 apostolicae,
1467 964 1522 1016 in
1548 961 1835 1017 sanctitate
1877 972 1966 1013 tua

402 1055 749 1110 commodum
797 1055 1001 1107 habent
1047 1063 1265 1123 portum
1311 1063 1367 1107 et
1422 1052 1795 1121 tranquillum.
1848 1051 1965 1103 Non

400 1150 547 1202 enim
569 1164 668 1217 pro
691 1147 1018 1217 evangelicis
1042 1147 1388 1217 dogmatibus
1412 1145 1665 1214 pugnatis
1683 1144 1964 1205 duntaxat,

400 1239 497 1292 sed
528 1238 724 1291 factam
758 1237 811 1290 in
840 1253 940 1290 nos
968 1237 1179 1305 1200
1202 1236 1455 1306 injuriam
1493 1235 1712 1303 penitus
1734 1233 1967 1285 detesta-

403 1329 560 1382 mini.
595 1329 789 1382 Procul
818 1328 966 1380 enim
995 1337 1220 1396 agentes
1244 1343 1362 1392 nos,
1388 1335 1443 1379 et
1469 1326 1687 1394 triginta
1723 1323 1966 1392 quinque

403 1419 748 1474 mansionum
794 1427 1036 1472 remotos
1078 1417 1363 1471 intervallo
1423 1417 1857 1469 condemnarunt
1912 1421 1969 1465 ut

402 1513 584 1576 libuit,
613 1512 827 1583 judices
851 1512 1173 1581 aequissimi,
1199 1511 1518 1580 abjeetaque
1545 1508 1814 1570 doctrina,
1849 1522 1970 1575 qua:

401 1621 433 1660 a
484 1604 580 1658 Dei
615 1613 670 1658 et
700 1603 997 1658 Salvatoris
1033 1603 1208 1656 nostri
1245 1601 1485 1654 adventu
1529 1599 1583 1652 in
1632 1599 1774 1652 hanc
1796 1612 1968 1666 usque

403 1693 549 1748 diem
599 1693 654 1746 in
705 1692 967 1747 Ecelesiis
1015 1691 1277 1754 obtinuit,
1313 1705 1508 1744 novam
1567 1688 1859 1758 quamdam
1905 1704 1970 1742 ac

405 1784 666 1854 spuriam,
713 1793 768 1838 et
813 1784 1127 1854 apostolicae
1167 1782 1448 1856 traditioni
1487 1796 1714 1850 prorsus
1756 1791 1972 1834 contra-

405 1873 540 1926 riam
586 1872 941 1938 induxerunt,
1000 1881 1055 1925 et
1104 1872 1172 1926 iis
1219 1872 1314 1941 qui
1363 1871 1584 1940 antiqua
1647 1869 1974 1922 documenta

401 1964 646 2017 retinent
671 1973 854 2034 aperte
872 1963 1074 2016 bellum
1102 1962 1367 2016 indicunt.
1399 1963 1630 2033 Dignare
1658 1963 1840 2032 igitur,
1864 1963 1976 2016 Deo

405 2054 779 2117 dilectissime,
826 2053 1154 2108 sanctissimi
1194 2054 1344 2106 omni
1405 2069 1472 2107 ex
1523 2062 1675 2122 parte
1730 2052 1977 2106 beatissi-

403 2144 588 2213 mique
642 2143 1035 2213 archiepiscopi
1084 2144 1260 2196 zelum
1293 2143 1610 2206 accendere,
1646 2150 1704 2195 ut
1741 2140 1979 2194 Orientis

404 2235 566 2288 etiam
612 2235 870 2289 Eeelesim
919 2234 1284 2288 sollicitudine
1337 2244 1517 2288 vestra
1575 2233 1864 2296 fruantur;
1914 2247 1976 2285 ac

405 2326 679 2394 praecipue
730 2327 982 2380 traditam
1032 2326 1100 2379 ab
1159 2327 1317 2381 initio
1368 2341 1397 2378 a
1461 2326 1666 2380 sanctis
1717 2322 1980 2393 apostolis

406 2415 582 2467 tidem-
613 2415 929 2479 defendere,
976 2425 1029 2469 ct
1081 2417 1333 2470 intactam
1387 2424 1667 2484 paternam
1694 2412 1980 2466 haeredita-

406 2512 512 2556 tem
565 2519 914 2566 conservare,
951 2511 1006 2556 et
1051 2505 1458 2557 incumbentem
1505 2505 1759 2558 nebulam
1804 2502 1984 2555 discu-

407 2600 545 2655 tere,
600 2600 654 2645 et
705 2609 802 2661 pro
860 2602 1020 2646 nocte
1062 2593 1292 2645 obseura
1340 2593 1602 2661 liquidam
1632 2592 1980 2645 serenitatem

405 2680 636 2746 r-ﬂicere,
671 2690 726 2735 et
769 2684 966 2752 injuste
1008 2683 1059 2735 in
1119 2698 1218 2736 nos
1257 2692 1520 2752 patratam
1563 2683 1764 2737 caedem
1795 2682 1983 2736 redar-

405 2789 593 2842 guere.
649 2775 818 2828 Decet
869 2773 1015 2826 enim
1070 2773 1413 2828 sanctitatem
1472 2783 1619 2828 tuam
1671 2775 1737 2828 ad
1783 2783 1980 2829 caetera

405 2862 621 2932 egregia
671 2860 910 2916 facinora
957 2876 1054 2914 sua
1085 2861 1229 2914 hunc
1257 2861 1420 2915 etiam
1451 2863 1629 2916 zelum
1663 2863 1980 2934 adiungere.

2075 527 2526 597 (θρασυνομένους,
2561 523 2634 584 ως
2671 523 2733 572 οὑ
2764 522 2937 573 πάντα
2981 520 3113 590 δρᾷν
3159 519 3334 584 ἔξεστι
3380 519 3507 578 τοῖς
3556 519 3670 568 πᾶν

2074 618 2245 670 ὁτιοῦν
2274 616 2444 678 ἀδεῶς
2470 616 2643 667 ποιεῖν
2671 611 3050 681 πειρωμένοις.

2247 750 2398 801 Plll'.
2421 779 2490 786 —
2521 745 2604 811 Τῷ
2639 746 3034 816 ἀρχιὸιακόνῳ
3082 743 3299 812 Ῥώμης
3329 742 3476 812 (8|).

2144 862 2497 929 Πσ-γχάλεπος
2511 858 2716 929 χειμὼν
2741 860 2858 919 ταῖς
2883 856 3010 922 παρ’
3025 859 3156 925 ἡμῖν
3175 856 3545 926 Ἐκκλησίαις
3575 857 3672 907 ἐπ-

2075 953 2331 1021 ἔσκηψεν·
2370 954 2417 1004 οἱ
2447 953 2501 1002 δὲ
2524 952 2618 1019 τῆς
2647 948 3011 1015 ἀποστολικῆς
3039 949 3387 1017 ἀντεχόμενοι
3417 951 3674 1010 πίστεως

2073 1046 2170 1113 τὴν
2206 1044 2474 1113 ὑμετέραν
2503 1043 2809 1111 ἁγιωσύνην
2835 1040 3084 1094 εὕστολον
3110 1041 3218 1109 (8'2;
3243 1041 3428 1110 ἔχουσι
3459 1043 3672 1110 λιμένα

2075 1136 2171 1187 καὶ
2204 1134 2395 1187 εὖδιον.
2449 1135 2522 1187 Οὐ
2555 1133 2663 1202 γὰρ
2703 1132 2810 1184 τῶν
2865 1131 3236 1200 εὑαγγελικῶν
3274 1136 3674 1202 ὑπερμαχεῐτε

2073 1227 2358 1296 δογμάτων
2393 1227 2573 1295 μόνον,
2605 1224 2740 1276 ἀλλά
2768 1226 2857 1276 καὶ
2885 1224 2984 1292 τὴν
3009 1224 3132 1276 καθ’
3156 1225 3310 1294 ἡμῶν
3331 1227 3673 1293 γεγενης-ιέο

2073 1336 2171 1386 νην
2212 1317 2424 1369 ἀδικίαν
2463 1317 2676 1378 παντως
2719 1313 3071 1382 μυσάττεσθε.
3112 1315 3304 1385 Πόρῤω
3340 1320 3456 1384 γὰρ
3513 1318 3676 1383 ἡμᾶς

2073 1410 2376 1476 διάγοντας.
2424 1407 2518 1458 καὶ
2568 1407 2730 1458 πέντε
2780 1405 2874 1458 καὶ
2911 1405 3201 1473 τριάκοντα
3244 1406 3519 1474 σταθμοῖς
3564 1408 3678 1472 ἀσιτ-

2075 1499 2396 1569 εστηκότας,
2440 1497 2762 1567 κατέκριναν
2803 1497 2878 1558 ὠς
2913 1494 3186 1566 ἠθέλησαν
3223 1498 3270 1548 οί
3315 1497 3679 1550 δικαιότατα

2075 1590 2350 1653 δικασταὶ,
2386 1589 2482 1641 καὶ
2517 1588 2617 1657 τὴν
2659 1588 2724 1639 ἐκ
2771 1586 2871 1657 τῆς
2914 1587 3182 1647 τοῆὙΘεοῦ
3217 1588 3469 1657 Incipe;
3519 1605 3680 1657 παρ-

2075 1681 2264 1742 ουσίας
2301 1680 2466 1750 μέχρι
2501 1680 2594 1731 καὶ
2624 1680 2860 1747 τήμερον
2893 1678 2950 1730 ὲν
2977 1679 3098 1740 ταῖς
3136 1678 3482 1746 Ἐκκλησίσις
3522 1697 3681 1748 κρα-

2077 1775 2320 1840 τήσασαν
2369 1770 2714 1824 διδασκαλίαν
2782 1769 3203 1839 παραλιπόντες,
3254 1771 3453 1838 καινήν
3509 1789 3675 1828 τινα,

2080 1865 2175 1917 καὶ
2214 1863 2384 1927 νόθον,
2414 1863 2508 1915 καὶ
2536 1863 2792 1931 ἄντικρυς
2823 1861 3069 1913 ἐναντίαν
3108 1864 3172 1931 τῇ
3209 1847 3508 1930 παραδόσεί
3555 1862 3681 1912 τῶν

2080 1955 2394 2009 ἀποστόλων
2442 1953 2756 2022 εἰσήγαγον,
2790 1951 2882 2004 καὶ
2911 1953 3022 2014 τοῖς
3052 1953 3119 2004 τά
3157 1953 3356 2004 παλαιὰ
3388 1953 3679 2021 nepa-misr.

2081 2044 2409 2114 κηρύγματα
2444 2041 2735 2111 προφανῶς
2777 2041 3094 2110 πολεμοῦσι.
3137 2042 3486 2105 Καταξῖιιισον
3547 2044 3677 2094 τοί-

2085 2153 2199 2198 νυν,
2230 2134 2625 2202 θεοφιλέστατε,
2665 2132 2970 2201 πυρσ;ὖσαι
3008 2133 3096 2185 τὸν
3124 2131 3280 2201 ζῆλον
3303 2132 3396 2184 τοῦ
3423 2134 3492 2184 τὰ
3520 2134 3674 2184 πάν-

2082 2244 2151 2279 τα
2204 2225 2507 2292 ἀγιωτάτου
2556 2225 2649 2274 καὶ
2690 2224 2981 2290 όσιωτάτου
3031 2224 3481 2294 ἀρχιεπισκόπου,
3514 2224 3675 2276 ὥστε

2084 2318 2178 2370 καὶ
2235 2317 2333 2378 τάς
2389 2316 2483 2383 τῆς
2545 2314 2827 2384 Ἀνατολῆς
2869 2314 3189 2384 Ἐῑκλησίας
3237 2314 3331 2382 τῆς
3380 2316 3678 2383 ὑμετέρας

2083 2407 2386 2462 ἀπολαῦσαι
2417 2406 2760 2473 κηδεμονίας·
2793 2406 2884 2457 καὶ
2925 2406 3284 2475 διαφερόντως
3314 2405 3410 2470 τῆς
3447 2405 3674 2458 ἀνι-,θεν

2084 2501 2236 2570 παρὰ
2265 2501 2369 2553 τῶν
2397 2499 2554 2569 ἱερῶν
2579 2497 2886 2550 ἀποστόλων
2917 2496 3311 2566 παραδοθείσης
3335 2497 3675 2565 ὑπερμαχῆ-

2085 2611 2176 2646 σαι
2201 2592 2454 2653 πίστεως,
2491 2590 2584 2641 καὶ
2615 2589 2804 2642 ἄσυλον
2827 2589 2915 2640 τὸν
2945 2587 3195 2656 πατρᾷον
3230 2588 3426 2656 κλῆρον
3454 2589 3664 2656 διατρε-

2083 2684 2260 2748 λάΞαι,
2297 2683 2391 2735 καὶ
2432 2681 2528 2750 τὴν
2577 2680 2927 2748 ἐπικειμένην
2972 2679 3201 2748 ὀμίχλην
3257 2679 3669 2736 ἀποσκεδάσαι,

2084 2778 2178 2828 καὶ
2210 2775 2330 2828 ἀντὶ
2360 2774 2454 2841 τῆς
2491 2772 2828 2841 σκοτομήνης
2860 2769 3104 2840 καθαρὰν
3153 2769 3368 2840 αἰθρίαν
3409 2771 3668 2838 ἐργάσα-

2086 2862 2229 2922 σθαι,
2253 2861 2345 2914 καὶ
2370 2860 2464 2930 τὴν
2489 2859 2608 2912 καθ’
2634 2859 2789 2928 ἡμῶν
2821 2859 3015 2921 ἀδίκως
3037 2861 3412 2928 γεγενημένην
3433 2861 3663 2926 ἐξελέγ-

399 2952 494 3019 ’ξαι
525 2953 756 3024 σταγήν.
791 2951 997 3022 Πρέπει
1029 2953 1136 3022 γάρ
1172 2969 1266 3003 σου
1296 2955 1360 3023 τῇ
1387 2953 1623 3024 ὁσιότητι
1654 2957 1764 3018 τοῖς
1799 2955 1976 3018 ἄλλοις
2013 2953 2182 3021 αὐτῆς
2229 2950 2614 3022 κατορθώμασι
2649 2950 2739 3002 καὶ
2777 2949 2959 3002 τοῦτον
3000 2949 3308 3019 προσθεῖναι
3340 2952 3429 3002 τὸν
3469 2949 3667 3020 ζῆλον.

780 3082 968 3136 CXIX.
986 3113 1054 3120 —
1074 3081 1318 3135 Anatolio
1363 3084 1607 3152 patricio.

473 3194 831 3266 Magnitudini
873 3202 1070 3248 vestra:
1107 3210 1334 3263 prorsus
1373 3207 1500 3250 nota
1547 3205 1674 3250 sunt
1718 3197 1810 3251 illa
1863 3213 1983 3267 quze

403 3287 693 3358 justissimi
741 3285 884 3356 apud
933 3286 1206 3354 Ephesum
1249 3287 1464 3357 judices
1491 3297 1739 3359 egerunt.
1781 3291 1840 3342 ln
1869 3305 1985 3342 om-

401 3395 532 3434 nem
582 3377 783 3447 quippe
807 3384 1007 3430 terram
1053 3376 1221 3430 exivit
1250 3392 1417 3432 sonus
1445 3394 1657 3442 eorum,
1685 3389 1739 3433 et
1770 3380 1823 3432 in
1851 3379 1985 3434 tines

397 3467 561 3521 orbis
589 3475 746 3521 terra:
775 3465 1076 3519 rectissima
1099 3466 1367 3519 sententia
1393 3481 1582 3520 eorum
1603 3469 1670 3519 ’⁷.
1691 3467 1820 3532 Quae
1836 3469 1980 3522 enim

407 3555 654 3611 Ecclesia
690 3563 1015 3608 commotam
1047 3551 1173 3606 inde
1221 3561 1598 3622 tempestatem
1633 3567 1740 3606 non
1775 3553 1985 3606 sensit?

407 3647 542 3702 Nam
570 3645 823 3716 injuriam
851 3643 940 3696 alii
972 3642 1296 3707 intulerunt,
1353 3643 1446 3696 alii
1477 3651 1841 3712 acceperunt;
1889 3643 1981 3712 qui

406 3753 539 3792 vero
575 3753 675 3790 nee
715 3735 826 3789 laesi
863 3742 988 3788 sunt
1012 3733 1137 3802 ipsi,
1166 3748 1269 3786 nec
1301 3733 1578 3797 lmserunt,
1607 3741 1662 3786 et
1692 3733 1984 3786 condolent

409 3826 478 3880 iis
505 3826 706 3894 quibus
741 3824 942 3894 injuria
975 3823 1118 3876 facta
1168 3830 1271 3886 est,
1297 3831 1352 3878 et
1381 3838 1476 3876 eos
1503 3822 1690 3893 lugent
1715 3823 1805 3893 qui
1843 3823 1984 3877 fece-

408 3927 558 3979 runt,
622 3923 681 3967 ut
727 3913 822 3982 qui
867 3912 1247 3967 crudelissime
1274 3919 1329 3966 et
1357 3921 1548 3966 contra
1589 3913 1736 3984 leges
1771 3930 1978 3978 omnes,

413 4007 619 4076 1201
670 4014 783 4057 tum
838 4003 1072 4068 divinas,
1098 4013 1211 4058 tum
1244 4004 1529 4067 humanas,
1557 4005 1778 4073 prOpria
1814 4018 1983 4060 mem-

408 4096 508 4149 bra
555 4095 890 4164 jugularunt.
941 4094 1237 4149 Enimvero
1295 4095 1614 4149 etfraetores
1668 4097 1721 4150 in
1775 4098 1981 4152 scelere

408 4185 780 4254 deprehensos
810 4185 1059 4255 judicant
1088 4186 1348 4256 primum,
1381 4193 1493 4239 tum
1518 4186 1714 4256 deinde
1747 4189 1983 4256 puniunt

403 4276 618 4348 judices
658 4293 670 4329 :
709 4278 727 4296 θ
761 4278 1068 4346 eodemque
1115 4276 1277 4330 modo
1322 4285 1376 4330 et
1413 4277 1733 4356 homicidas,
1789 4289 1844 4334 et
1892 4296 1979 4334 se-

406 4367 724 4438 pulcrorum
762 4367 1069 4434 eﬂossores,
1111 4373 1166 4420 et
1199 4366 1373 4419 aliena
1399 4367 1648 4437 conjugia
1691 4367 1976 4436 violantes,

407 4468 574 4530 agunt
614 4460 768 4530 prius
806 4459 860 4512 in
907 4459 1172 4529 judicium
1208 4466 1263 4512 et
1316 4467 1660 4513 accusatores
1708 4461 1976 4514 actionem

405 4551 695 4606 intendere
744 4549 940 4621 jubent
977 4567 988 4602 :
1025 4559 1080 4603 et
1128 4550 1351 4604 testium
1397 4560 1637 4604 mentem
1687 4552 1979 4620 explorant

405 4658 474 4696 an
523 4640 893 4695 testimonium
938 4640 992 4693 in
1047 4651 1426 4694 accusatorum
1479 4643 1706 4713 gratiam
1771 4644 1974 4710 dicant,

403 4746 471 4785 an
505 4730 718 4784 infenso
757 4730 811 4783 in
846 4744 969 4783 reos
1001 4729 1312 4783 sintanimo
1335 4747 1350 4796 ;
1375 4738 1430 4784 et
1452 4741 1572 4801 post
1607 4732 1722 4787 hate
1754 4750 1977 4804 respon-

402 4821 520 4876 c‘eri
574 4821 988 4876 accusatoribus
1032 4822 1250 4892 jubent.
1298 4821 1474 4892 Atque
1524 4825 1627 4879 hoc
1679 4826 1766 4880 bis
1805 4836 1974 4892 terve,

404 4909 680 4963 interdum
735 4911 898 4964 etiam
947 4920 1142 4979 quater
1183 4911 1393 4965 faciunt
1431 4930 1442 4963 :
1487 4929 1550 4967 ae
1595 4924 1708 4966 tum
1759 4915 1976 4969 domum

405 5001 655 5071 indagata
681 5017 747 5055 ex
778 5009 1136 5070 utrorumque
1168 5003 1350 5056 verbis
1385 5005 1615 5058 veritate
1651 5008 1976 5061 sententiam

404 5099 681 5160 promunt.
715 5091 811 5145 Isti
844 5106 974 5146 vero
1008 5091 1463 5159 quemadmodum
1509 5093 1576 5145 de
1613 5094 1734 5148 aliis
1769 5096 1983 5166 judica-

403 5185 512 5238 rint
535 5198 644 5237 non
667 5181 864 5248 dicam,
893 5200 958 5237 ne
984 5183 1145 5236 nimis
1178 5182 1409 5252 diligens
1437 5191 1490 5237 et
1514 5184 1765 5240 curiosus
1792 5187 1980 5242 videar

402 5276 458 5331 .'tn
488 5277 682 5332 alienis
709 5294 722 5330 :
748 5277 816 5332 de
854 5293 940 5330 me
979 5291 1088 5330 uno
1126 5275 1322 5346 injnsla
1355 5275 1668 5345 impellente
1696 5280 1976 5334 vexatione

407 5370 586 5423 dicere
631 5384 812 5438 cogor.
858 5367 991 5420 Nam
1022 5382 1143 5421 cum
1197 5383 1280 5419 me
1323 5367 1466 5420 domi
1513 5368 1597 5422 lex
1631 5369 1773 5439 regia
1820 5386 1976 5427 coer-

481 5499 525 5528 ³⁷
551 5501 692 5554 Psal.
720 5518 864 5564 xviii,
885 5503 954 5565 5;
995 5502 1151 5555 Rom.
1187 5518 1238 5565 χ,
1275 5503 1360 5556 18.

2405 3081 2548 3136 ΡΙΘ¹.
2581 3113 2652 3120 -
2688 3082 3001 3147 Ἀνατολίῳ
3030 3083 3329 3150 πατρικίῳ.

2161 3195 2341 3261 Ἔγνω
2372 3194 2586 3258 πάντως
2624 3194 2686 3246 τὸ
2714 3194 2975 3264 ὑμέτερον
3005 3193 3232 3264 μέγεθος
3262 3193 3327 3246 τὰ
3363 3195 3512 3266 ποτρά
3542 3195 3666 3249 τῶν

2083 3284 2433 3338 δικαιοτάτων
2472 3287 2527 3338 ὲν
2565 3283 2774 3355 Ἐφέσῳ
2803 3285 3065 3354 γενόμενα
3097 3285 3381 3338 δικαστῶν.
3420 3287 3514 3350 Εἰς
3549 3291 3668 3341 πᾶ-

2087 3394 2184 3429 σαν
2210 3377 2317 3446 γάρ
2369 3378 2466 3446 τὴν
2495 3377 2596 3444 γῆν
2638 3375 2859 3446 ἐξῆλθεν
2895 3378 2920 3428 ό
2948 3376 3182 3444 φθόγγος
3213 3376 3411 3440 αὐτῶν,
3446 3378 3542 3430 καὶ
3570 3381 3667 3443 εἰς

2082 3467 2151 3519 τὰ
2183 3467 2392 3537 πέρατα
2419 3468 2516 3536 τῆς
2542 3467 2915 3538 οἰκουμένηςὴ
2949 3467 3210 3536 ὀρθοτάτη
3241 3468 3417 3536 ψῆφος
3448 3469 3663 3524 αὐτῶν.

2085 3558 2220 3610 Ποία
2251 3557 2358 3628 γὰρ
2391 3557 2683 3628 Ἐκκλησία
2729 3557 2824 3628 τὴν
2853 3557 3098 3610 ἐντεῦθεν
3138 3559 3515 3612 ὲπαναστᾶσαν
3549 3563 3665 3614 οὐκ

2084 3649 2299 3713 ἐδέξατο
2335 3649 2522 3718 ξάληνς
2549 3650 2611 3700 Oi
2655 3649 2752 3719 μὲν
2778 3649 2886 3719 γάρ
2914 3649 3198 3719 ἠδίκησαν,
3228 3651 3276 3702 οἱ
3312 3651 3367 3702 δὲ
3397 3651 3660 3722 ἠδικήθη-

2087 3755 2204 3791 σαν·
2233 3742 2282 3792 οί
2307 3739 2364 3792 δὲ
2387 3739 2541 3792 τοῦτο
2567 3741 2703 3810 μήτε
2733 3740 3140 3809 ὑπομείναντες,
3175 3741 3310 3812 μήτε
3332 3742 3656 3812 δράσαντες,

2083 3832 2193 3892 τοῖς
2229 3831 2326 3900 μὲν
2352 3830 2697 3900 ἠδικημένοις
2727 3830 3068 3898 συναλγοῦσι,
3096 3833 3221 3893 τοὺς
3239 3832 3295 3883 δὲ
3325 3832 3658 3901 ἠδικηκότας

2084 3921 2389 3992 θρηνοῦσιν,
2419 3921 2491 3984 ὡς
2521 3919 2686 3989 ὠμῶς
2711 3921 2850 3989 ἄγαν
2882 3921 2976 3975 καὶ
3005 3921 3152 3992 παρὰ
3180 3922 3388 3984 πάντας
3415 3925 3540 3985 τοὺς
3565 3927 3656 3977 νό-

2087 4029 2239 4080 μους,
2264 4011 2385 4074 τούς
2417 4028 2475 4063 τε
2505 4010 2698 4075 θείους,
2723 4013 2847 4074 τούς
2873 4031 2932 4065 τε
2961 4013 3348 4084 ἀνθρωπίνους,
3382 4014 3448 4066 τὰ
3476 4015 3651 4068 οἰκεῖα

2083 4103 2534 4172 κατασφάξαντας
2597 4105 2752 4174 μέλη.
2785 4106 2920 4168 Τοὺς
2973 4106 3068 4176 μὲν
3132 4105 3239 4175 γὰρ
3283 4105 3651 4176 τοιχωρύχους

2082 4192 2472 4264 ἁλισκομένους
2505 4194 2590 4246 ἐπ’
2627 4195 2929 4266 αὐτοφώρῳ
2980 4195 3222 4265 κρίνουσι
3272 4196 3506 4266 πρῶτον,
3547 4198 3648 4250 εἶθ’

2082 4283 2224 4336 οὕτω
2262 4284 2576 4348 κολάζουσιν
2603 4287 2652 4337 oi
2680 4285 3007 4348 δικάζοντες·
3039 4287 3134 4338 καὶ
3175 4287 3361 4357 μέντοι
3397 4288 3489 4340 καὶ
3520 4288 3649 4351 τοὺς

2083 4377 2460 4446 ἀνδροφόνους,
2502 4378 2594 4430 καὶ
2635 4379 2760 4441 τοὺς
2800 4379 3228 4450 τυμϐωρύχους,·
3252 4381 3342 4434 καὶ
3385 4383 3507 4444 τοὺς
3549 4381 3650 4442 τάς

2081 4466 2364 4538 ἀλλοτρίας
2419 4468 2801 4532 ἀποσυλῶντας
2847 4470 3026 4534 εὐνὰς,
3061 4470 3338 4538 εἰσάγουσι
3390 4473 3649 4542 πρότερον

2080 4560 2159 4619 εἰς
2189 4559 2247 4609 τὸ
2278 4559 2579 4630 κριτήριον,
2615 4561 2708 4614 καὶ
2743 4564 2854 4623 τοῖς
2889 4562 3217 4633 κατηγόροις
3254 4563 3520 4615 ποιεῖσθαι
3560 4581 3650 4616 κε-

2078 4649 2291 4710 λεύουσι
2328 4651 2426 4714 τὰς
2447 4653 2681 4722 γραφὰς,
2710 4653 2921 4706 καὶτὸν
2961 4655 3070 4708 τῶν
3115 4655 3405 4724 μαρτύρων
3451 4656 3651 4708 σκοπὸν

2080 4743 2443 4807 ἐξετάζουσιν,
2489 4747 2535 4797 εἰ
2561 4744 2634 4815 μὴ
2669 4745 2801 4817 πρὸς
2834 4746 2992 4814 χάριν
3021 4746 3359 4821 μαρτυροῦσι
3390 4745 3498 4798 τῶν
3526 4746 3651 4798 διω-

2080 4835 2305 4891 κόντων.
2353 4838 2399 4888 εί
2445 4836 2518 4906 μὴ
2574 4836 2680 4889 τῶν
2719 4838 3026 4904 φευγόντων
3072 4839 3180 4890 εἰσὶ
3223 4837 3524 4906 δυσμενεῖς,
3557 4837 3653 4888 καὶ

2084 4925 2218 4994 πρὸς
2252 4926 2458 4989 τούτοις
2487 4927 2871 4994 ἀπολογεῖσθαι
2901 4931 3011 4990 τοῖς
3042 4927 3366 4999 κατηγόροις
3399 4925 3656 4980 κελεύου-

2083 5027 2154 5064 σι.
2194 5014 2300 5064 Καὶ
2343 5013 2501 5066 τοῦτο
2530 5014 2609 5076 δἰς
2646 5015 2854 5083 γίνεται
2893 5017 2986 5069 καὶ
3029 5018 3168 5088 τρὶς,
3196 5017 3310 5070 ἐστι
3337 5016 3392 5069 δὲ
3438 5016 3527 5068 ὅτε
3559 5018 3657 5068 καὶ

2082 5103 2355 5173 τετράκις·
2391 5107 2484 5158 καὶ
2514 5107 2633 5159 τότε
2680 5107 2864 5161 λοιπὸν
2910 5112 2967 5162 ἐν
3003 5112 3114 5172 τοῖς
3146 5109 3348 5162 τούτων
3386 5108 3658 5162 κάκείνων

2081 5192 2259 5260 λόγοις
2294 5194 2626 5265 ζητήσαντες
2676 5198 2774 5267 τὴν
2823 5200 3096 5270 ἀλήθειαν,
3126 5200 3223 5270 τὴν
3267 5199 3445 5269 ψῆφον
3493 5199 3661 5266 ἐκφέ-

2089 5301 2259 5352 ρουσι.
2293 5280 2451 5339 Οὗτοι
2474 5288 2530 5340 δὲ
2552 5289 2697 5351 ὅπως
2723 5291 2820 5359 μὲν
2850 5295 2960 5354 τοῖς
2987 5292 3165 5355 ἄλλοις
3195 5291 3468 5354 ἐδίκασαν,
3503 5289 3658 5342 οὐδὲν

2087 5377 2216 5446 ἐρῶ,
2252 5378 2338 5430 ἵνα
2371 5378 2445 5448 μὴ
2471 5378 2605 5443 δόξω
2635 5383 2886 5451 περιττός
2917 5401 3001 5446 τις
3036 5377 3175 5438 εἶναι
3210 5384 3302 5436 καὶ
3335 5382 3659 5452 πολυπραγ-

615 5615 815 5698 ῐίριιοηι
840 5617 1069 5698 cpistola
1103 5617 1293 5669 latine
1319 5630 1398 5671 est
1438 5618 1578 5686 apud
1607 5619 1802 5673 Baron.
1835 5628 1962 5675 toni.
2005 5625 2092 5693 Vl,
2122 5642 2178 5696 p.
2213 5625 2313 5682 105
2343 5641 2456 5698 seq.
2486 5627 2551 5683 ad
2573 5644 2625 5683 a.
2649 5630 2708 5688 C.
2750 5627 2874 5684 449.

477 5681 584 5750 (82)
618 5681 900 5754 εὔστομον.
933 5686 1082 5754 Neap
1099 5733 1101 5736 .
