3924 6192
337 344 468 409 1329

1666 346 2022 406 FPlS'I‘OLA
2060 348 2229 409 CXX.

3434 355 3453 414 1
3466 354 3571 414 330

336 460 516 530 μονεῖν
551 455 618 510 τά
658 454 927 526 ἀλλότρια·
966 455 1107 525 ὑπὲρ
1153 452 1389 524 ἐμαυτοῦ
1431 453 1487 507 δὲ
1519 453 1699 523 λέγειν
1735 455 1895 525 μόνου

2033 466 2169 521 cret,
2215 469 2377 528 atque
2413 468 2566 515 extra
2616 461 2920 517 commissa:
2970 463 3104 516 mibi
3155 462 3392 517 civitatis
3442 467 3581 521 lines

335 547 614 619 βιάζομαι,
644 546 742 615 τῆς
772 545 965 599 ἀδίκου
994 561 1061 615 με
1097 542 1615 614 κατανάγκαζούσης
1665 546 1898 615 σφαγῆς.

336 640 485 693 Οίκοι
505 637 615 707 γάρ
642 654 710 708 με
743 636 838 689 τοῦ
868 634 1144 706 βασιλικοῦ
1180 634 1559 705 καθείργοντος
1592 637 1777 706 νόμου,
1810 636 1903 689 καὶ

340 730 651 801 περαιτέρω
675 729 784 782 τῶν
815 729 959 800 ὅρων
974 728 1071 798 τῆς
1094 728 1183 781 ὑπ’
1207 726 1340 796 ἐμοῦ
1366 727 1790 797 ποιμαινομένης
1815 726 1904 779 πό-

339 818 473 882 λεως
514 817 829 890 προϐαίνειν
860 815 1178 881 κωλύοντος,
1206 814 1466 870 ἐκάθισαν
1509 814 1631 869 κατ’
1667 815 1800 885 ἐμοῦ
1845 814 1906 867 τδ

343 908 641 981 συνέδριον,
706 907 798 961 τὸν
850 907 908 960 δὲ
961 908 1123 960 πέντε
1166 907 1260 959 καὶ
1309 905 1600 977 τριάκοντα
1648 905 1906 975 σταθμοῖς

340 998 701 1070 ἀφεστηκότα“
722 996 1066 1068 κατέκριναν.
1093 996 1203 1049 Καὶ
1238 995 1268 1047 6
1310 996 1408 1066 μὲν
1451 994 1559 1048 τῶν
1606 995 1743 1048 ὅλων
1772 995 1906 1059 Θεὸς

344 1089 481 1160 πρὸς
525 1089 617 1143 τὸν
659 1089 999 1160 πατριάρχην
1040 1087 1290 1159 Ἀϐραὰμ
1335 1087 1462 1160 περὶ
1512 1089 1759 1156 Σοδόμων
1804 1087 1905 1157 ἔφη

344 1179 438 1232 καὶ
511 1177 836 1251 Γομόρρωνυ
890 1197 908 1229 ι
956 1177 1186 1248 Κραυγὴ
1246 1177 1492 1248 Σοδόμων
1546 1179 1641 1230 καὶ
1698 1176 1907 1247 Γομόρ-

346 1269 455 1339 ῥων
499 1267 867 1338 πεπλήθυνται
919 1267 1054 1337 πρός
1108 1285 1207 1338 με,
1258 1267 1351 1322 καὶ
1403 1269 1457 1321 αἱ
1514 1266 1776 1338 ἁμαρτίαι
1813 1266 1911 1319 αὖ·

343 1358 452 1411 τῶν
493 1356 725 1427 μεγάλαι
752 1355 976 1426 σφόδρα.
1017 1357 1276 1422 Καταϐἀς
1303 1352 1396 1410 οῦν
1435 1356 1656 1426 ὄψομαι,
1682 1355 1730 1408 εί
1772 1354 1911 1408 κατά

344 1451 440 1521 τὴν
473 1451 719 1521 κραυγὴν
758 1450 938 1503 αὐτῶν
969 1450 1068 1520 τὴν
1106 1449 1406 1521 ἐρχομένην
1440 1446 1644 1513 ταύτην
1672 1446 1806 1515 πρός
1845 1460 1911 1514 με

346 1542 739 1596 συντελοῦνται.
774 1543 837 1595 Ei
869 1542 923 1595 δὲ
968 1541 1065 1612 μὴ,
1107 1540 1193 1594 ἵνα
1228 1540 1362 1609 γνῶ.
1402 1558 1420 1590 ι
1486 1537 1677 1591 Καίτοι
1728 1533 1913 1602 σαφῶς

247 1688 254 1695 .
347 1634 461 1706 ᾔδει
482 1634 589 1689 τῶν
623 1633 922 1706 ἀνθρώπων
946 1634 1166 1686 ἐκείνων
1187 1632 1283 1703 τὴν
1306 1629 1588 1701 πονηρίαν·
1620 1627 1734 1681 ἀλλ’
1766 1626 1916 1694 ὅμως

347 1725 471 1795 ἔφη*
513 1744 533 1776 ι
569 1725 828 1789 Καταϐὰς
853 1724 1074 1795 ὄψομαι,
1110 1742 1129 1774 ι
1162 1722 1426 1777 διδάσκων
1456 1719 1602 1790 ἡμᾶς
1627 1717 1915 1785 ἀναμένειν

2002 549 2187 619 egredi
2205 558 2432 616 vetaret,
2451 552 2718 621 judicium
2742 554 3029 608 adversum
3053 569 3137 607 me
3154 554 3577 619 constituerunt,

2003 644 2061 689 et
2095 636 2316 706 triginta
2348 639 2597 710 quinque
2632 642 3010 697 mansionibus
3040 642 3292 697 dissilum
3322 642 3581 696 condem-

2004 734 2225 779 narunt.
2253 727 2322 781 Et
2370 729 2517 784 Deus
2548 731 2769 799 quidem
2808 731 3212 794 universorum,
3250 729 3314 783 ad
3349 731 3583 799 patriar-

2004 817 2162 871 cham
2184 818 2553 875 Abrahamum
2573 822 2641 876 de
2665 822 2915 877 Sodomis
2929 832 2983 877 et
2999 821 3300 876 Gomorrha
3319 820 3575 889 loquens,

2015 923 2033 954 ι
2056 904 2293 971 Clamor,
2326 909 2423 974 ait,
2470 910 2837 965 Sodomorum
2876 922 2932 968 et
2971 911 3287 968 Gomorrhae
3321 909 3583 979 multipli-

2008 1005 2165 1050 catus
2203 1005 2287 1050 est
2321 997 2389 1051 ad
2425 1014 2532 1063 me,
2575 1009 2630 1055 et
2679 1012 2900 1069 peccata
2943 1018 3130 1056 eorum
3179 1016 3369 1070 magna
3402 1000 3579 1054 valde.

2010 1086 2342 1141 Descendam
2387 1082 2571 1159 igitur,
2621 1100 2678 1145 et
2721 1092 2918 1146 videbo
2951 1101 3132 1146 utrum
3163 1093 3455 1145 clamorem
3492 1091 3583 1159 qui

2010 1175 2160 1229 venit
2215 1177 2283 1230 ad
2343 1193 2428 1231 me
2491 1194 2656 1248 opere
2712 1181 3041 1250 compleant.
3101 1180 3195 1234 Sin
3248 1179 3458 1242 minus,
3526 1189 3586 1230 ut

2011 1265 2178 1320 sciam
2207 1264 2271 1319 ’⁸.
2306 1288 2323 1318 ι
2372 1268 2487 1322 Etsi
2532 1278 2872 1339 perspectam
2925 1271 3160 1334 habebat
3203 1271 3486 1323 bomimnn
3524 1269 3588 1321 il-

2013 1353 2193 1407 lorum
2231 1355 2554 1423 nequitiam,
2585 1365 2823 1411 attamen
2857 1376 2875 1408 ι
2906 1358 3261 1422 Descendunt,
3304 1357 3503 1425 inquit,
3532 1364 3589 1410 et

2010 1446 2262 1523 videbo,»
2286 1446 2488 1502 docens
2512 1464 2613 1503 nos
2640 1464 2822 1503 rerum
2848 1449 3239 1519 experientiam
3269 1448 3588 1517 12020;;—

2016 1536 2204 1605 periri.
2239 1535 2309 1589 At
2337 1534 2427 1591 isti
2465 1553 2567 1592 nos
2598 1554 2701 1593 nec
2745 1538 2801 1591 in
2840 1537 3110 1608 judicium
3160 1547 3438 1594 vocantes,
3487 1550 3588 1588 nec

2016 1641 2205 1681 vocem
2244 1635 2489 1681 nostram
2534 1629 2846 1693 audientes,
2889 1644 2990 1683 nec
3018 1644 3085 1682 ex
3114 1627 3274 1680 nobis
3303 1625 3440 1695 quid.
3460 1640 3587 1679 sen-

2021 1718 2222 1772 tiamus
2281 1733 2610 1788 cognoscere
2668 1720 3004 1782 laborantes,
3060 1716 3302 1772 veritatis
3347 1714 3594 1771 hostium

347 1817 455 1870 τῶν
488 1816 825 1888 πραγμάτων
858 1816 958 1889 τὴν
988 1818 1203 1886 πεῖραν.
1231 1807 1391 1867 Οὗτοι
1432 1812 1489 1865 δὲ
1524 1812 1624 1864 οὐκ
1661 1810 1738 1871 εἰς
1760 1807 1914 1861 δικα-

2031 1806 2188 1862 'urori
2233 1808 2562 1880 jugulandos
2608 1825 2709 1865 nos
2748 1809 3129 1880 prodiderunt.

352 1910 570 1981 στήριον
595 1911 743 1980 ἡμᾶς
776 1910 1125 1973 καλέσαντες,
1159 1908 1220 1961 οὐ
1272 1907 1458 1976 φωνῆς
1493 1904 1652 1975 ἡμῶν
1713 1900 2157 1970 ἐπακούσαντες,
2204 1905 2263 1957 ού
2319 1904 2372 1957 τί
2442 1906 2745 1977 φρονοῦμεν
2783 1905 2974 1975 μαθεῖν
3018 1905 3147 1976 παρ’
3194 1902 3348 1974 ἡμῶν
3404 1901 3587 1972 ἐθελή-

352 2015 564 2065 σαντες,
594 1999 670 2068 τῷ
696 1999 851 2070 θυμῷ
875 1997 984 2052 τῶν
1012 1999 1110 2068 τῆς
1139 1997 1397 2068 ἀληθείας
1425 1994 1633 2067 ἐχθρῶν
1662 1994 1757 2065 τὴν
1785 1992 2058 2064 ἡμετέραν
2086 1994 2299 2067 σφαγὴν
2323 1996 2663 2066 ἐχαρίσαντο.

422 2091 563 2161 Ἐγὼ
587 2093 644 2146 δὲ
667 2093 766 2164 τὴν
794 2093 890 2162 μὲν
920 2092 1148 2164 ἡσυχίαν
1167 2092 1501 2162 ἀσπάζομαι,
1528 2090 1620 2145 καὶ
1637 2088 1918 2161 διαφερόνο

354 2200 460 2247 τως
492 2184 550 2236 ἐν
588 2183 665 2254 τῷ
703 2183 930 2254 παρόντι
967 2182 1166 2254 καιρῷ,
1211 2183 1325 2236 τῶν
1356 2180 1728 2236 ἀποστολικῶν
1767 2179 1919 2251 παρά

355 2273 566 2338 πόλλοις
620 2272 1023 2344 διαφθαρέντων
1072 2274 1377 2345 δογμάτων,
1425 2273 1521 2327 καὶ
1584 2276 1685 2343 τῆς
1729 2272 1920 2341 καινῆς

355 2363 744 2435 κρατυνθείσης
764 2364 1048 2436 αἱρέσεως.
1074 2365 1188 2419 Ἵνα
1213 2365 1270 2418 δὲ
1303 2366 1376 2435 μή
1415 2383 1501 2429 τις
1523 2365 1632 2419 τῶν
1664 2362 1918 2433 ἀγνοούν-

354 2471 461 2507 των
489 2455 637 2525 ἠμᾶς
674 2454 872 2525 ἀληθὲς
905 2452 1038 2508 εἶναι
1073 2455 1339 2526 πιστεύσῃ
1367 2455 1467 2519 τὰς
1496 2455 1616 2508 καθ’
1645 2454 1803 2525 ἡμῶν
1829 2471 1931 2522 γε-¹

354 2545 660 2616 γενημένας
692 2545 966 2609 διαϐολὰς,
997 2546 1091 2598 καὶ
1122 2546 1479 2617 σκανδαλισθῇ
1506 2546 1733 2616 νομίσας
1757 2545 1922 2614 ἕτερα

361 2639 513 2708 παρά
541 2637 640 2707 τὴν
671 2636 1031 2706 εὐαγγελικὴν
1056 2635 1403 2691 διδασκαλίαν
1446 2637 1682 2707 φρονεῖν,
1712 2636 1923 2688 ἀντιϐο-

359 2724 437 2777 λῶ
462 2724 570 2795 (8'5)
603 2724 701 2795 τὴν
731 2724 1001 2795 ὑμετέραν
1028 2723 1521 2794 μεγαλοπρέπειαν,
1551 2720 1754 2792 ταύτην
1777 2720 1925 2789 αίτῆ-

363 2831 454 2869 σαι
480 2814 577 2886 τὴν
605 2814 764 2886 χάριν
791 2814 889 2885 τὴν
920 2813 1224 2869 καλλίνικον
1251 2812 1518 2885 κορυφὴν,
1553 2811 1691 2864 ὥστε
1731 2827 1794 2880 με
1828 2811 1927 2879 τὴν

375 2906 645 2978 Ἑσπέραν
689 2905 1036 2969 καταλαϐεῖν,
1067 2904 1164 2959 καὶ
1195 2906 1345 2975 παρὰ
1371 2906 1483 2966 τοῖς
1508 2904 1565 2956 ἐν
1599 2901 1782 2974 ἐκείνῃ
1808 2899 1928 2952 θεο-

368 2996 707 3067 φιλεστάτοις
738 2995 832 3049 καὶ
865 2995 1188 3064 ἁγιωτάτοις
1230 2993 1550 3054 ἐπισκόποις
1580 2987 1925 3043 δικάσασθαι·

367 3090 462 3142 καὶ
485 3091 532 3141 εί
556 3088 774 3158 ὀφθείην
800 3087 972 3158 βραχὺ
999 3086 1128 3155 γοῦν
1158 3103 1211 3138 τι
1238 3082 1615 3156 παρεκϐαίνων
1652 3081 1746 3135 τοῦ
1776 3081 1932 3135 κανό-

367 3198 457 3244 νος
481 3180 582 3250 τῆς
603 3180 857 3243 πίστεως,
884 3176 1031 3247 αὐτῷ
1052 3194 1117 3247 με
1143 3174 1509 3247 παραδοθῆναι
1530 3172 1606 3243 τῷ
1626 3171 1933 3242 μεσαιτάτῳ

2090 2091 2202 2162 Ego
2245 2101 2427 2148 autem
2459 2093 2738 2148 silentium
2765 2091 2947 2147 libens
2993 2098 3173 2154 teneo,
3211 2089 3315 2144 hoc
3360 2088 3590 2145 maxime

2020 2190 2287 2252 tempore,
2316 2200 2441 2239 cum
2464 2184 2762 2255 apostolica
2788 2184 3041 2254 dogmata
3070 2180 3215 2251 apud
3248 2181 3448 2235 multos
3472 2196 3592 2233 cor-

2020 2282 2181 2343 rupta
2228 2282 2376 2339 sunt,
2429 2282 2486 2329 et
2535 2289 2676 2329 nova
2718 2273 2943 2329 hatresis
2972 2273 3118 2327 vires
3159 2286 3222 2325 ac
3253 2270 3420 2323 robur
3450 2268 3593 2323 obti-

2019 2362 2160 2416 nuit.
2181 2362 2383 2417 Verum
2412 2378 2482 2417 ne
2511 2362 2635 2432 quis
2659 2376 2847 2416 eorum
2872 2361 3074 2431 quibus
3102 2358 3218 2413 noti
3245 2373 3356 2411 non
3380 2372 3589 2422 sumus,

2021 2467 2181 2507 veras
2223 2451 2411 2506 credat
2438 2466 2559 2507 esse
2603 2452 2926 2516 calumnias,
2954 2465 3075 2519 qum
3102 2449 3155 2501 in
3207 2461 3307 2501 nos
3339 2447 3594 2515 conjecta:

2023 2550 2170 2606 sunt,
2212 2541 2651 2611 oll‘endaturque,
2683 2541 2897 2596 diversa
2930 2556 3031 2595 nos
3064 2540 3133 2593 ab
3162 2537 3473 2607 evangelica
3499 2530 3597 2589 do-

2023 2631 2198 2688 ctrina
2225 2632 2432 2686 sentire
2471 2632 2812 2696 existimans,
2852 2628 3280 2701 magnitudinem
3310 2635 3460 2681 tuam
3494 2625 3595 2679 ob-

2034 2731 2227 2789 testor,
2261 2722 2405 2776 banc
2446 2737 2478 2776 a
2503 2722 2729 2788 .victore
2781 2720 3028 2792 Augusto
3072 2720 3299 2791 gratiam
3339 2725 3507 2787 petat,
3539 2725 3599 2770 ut

2031 2816 2087 2870 in
2138 2813 2491 2870 Occidentem
2530 2814 2768 2879 veniam,
2812 2813 3001 2882 ibique
3041 2827 3070 2865 a
3117 2812 3228 2865 Deo
3261 2808 3602 2877 charissimis

2028 2905 2497 2974 sanctissimisque
2548 2904 2822 2973 episcopis
2872 2902 3089 2974 judieer
3129 2918 3143 2954 ε
3188 2916 3251 2955 ac
3282 2900 3327 2954 si
3360 2901 3445 2953 vel
3496 2898 3602 2952 mi—

2028 2998 2237 3051 nimum
2271 3013 2303 3051 a
2333 2996 2456 3053 ﬁdei
2497 2997 2683 3067 regula
2712 2995 3001 3051 deﬂectere
3036 2992 3244 3055 videar,
3275 2993 3332 3046 in
3363 2990 3603 3046 medium

2029 3085 2198 3142 maris
2254 3086 2585 3157 profundum
2635 3086 2883 3157 dejiciar.
2933 3082 3089 3151 Quod
3118 3083 3166 3137 si
3212 3083 3298 3137 bis
3345 3081 3604 3152 precibus

2032 3178 2231 3232 vestris
2272 3194 2382 3236 non
2428 3178 2608 3243 cedet,
2665 3177 2915 3234 habitare
2961 3192 3049 3232 me
3093 3175 3284 3230 saltem
3326 3173 3513 3244 jubeat
3549 3172 3606 3225 in

370 3270 468 3339 τῆς
500 3268 766 3338 θαλάττης
801 3266 967 3338 βυθῷ.
1023 3267 1086 3319 Et
1133 3265 1190 3317 δὲ
1230 3264 1351 3318 οὐδὲ
1394 3262 1599 3331 ταύτην
1647 3261 1801 3329 ὑμῶν
1837 3260 1929 3329 τὴν

2035 3268 2365 3337 monasterio
2390 3277 2600 3332 nostro,
2626 3269 2773 3339 quod
2800 3266 3022 3338 quidem
3050 3284 3079 3321 a
3102 3266 3412 3339 Cyrrestica
3438 3271 3453 3287 '
3480 3265 3606 3319 mil-

368 3359 552 3428 δέησιν
579 3359 811 3427 δέχεται,
834 3357 1053 3425 οἰκῆσαι
1083 3355 1212 3424 γοῦν
1237 3372 1303 3425 με
1324 3352 1634 3407 κελευσάτω
1658 3351 1719 3403 τὸ
1740 3352 1771 3420 ἡ
1779 3350 1929 3417 μέτε-

2037 3357 2268 3413 liaribus
2311 3359 2464 3414 abest
2516 3365 2736 3412 centum
2783 3366 2840 3411 et
2876 3356 3094 3427 viginti,
3148 3357 3217 3409 ab
3267 3355 3609 3410 Antiochena

374 3466 466 3521 ρον
502 3450 881 3520 μοναστήριον,
933 3447 962 3499 ὃ
1010 3446 1110 3516 τῆς
1145 3448 1243 3515 μὲν
1277 3443 1607 3518 Κυρῤεστῶν
1643 3443 1814 3495 εῖκοσι
1843 3441 1936 3493 καὶ

371 3540 566 3593 ἑκατὸν
589 3538 784 3609 μιλίοις
813 3536 1109 3606 ἀφέστηκε,
1140 3533 1239 3604 τῆς
1262 3535 1319 3588 δὲ
1351 3532 1619 3601 Ἀντιόχου
1654 3531 1815 3582 πέντε
1844 3530 1937 3582 καὶ

374 3630 763 3701 ἐϐδομήκοντα,
820 3628 927 3681 ἀπὺ
967 3627 1025 3681 δὲ
1064 3626 1229 3698 τριῶν
1278 3625 1465 3696 μιλίων
1500 3624 1599 3692 τῆς
1650 3620 1939 3690 Ἀπαμέων

373 3721 642 3774 διάκειται
666 3719 891 3781 πόλεως.
929 3716 1165 3781 Τούτων,
1188 3717 1235 3769 εί
1269 3716 1365 3784 μὲν
1397 3713 1637 3777 δυνατὸν,
1662 3712 1723 3765 τδ
1751 3712 1944 3781 πρότε-

380 3822 497 3879 ρον’
536 3808 587 3861 εί
619 3807 675 3860 δὲ
711 3808 808 3877 μὴ,
839 3806 898 3859 τὸ
929 3804 1058 3873 γοῦν
1104 3803 1352 3873 δεύτερον
1396 3797 1800 3870 παρασχεθῆναί
1854 3812 1944 3863 μοι

378 3901 467 3954 διά
492 3898 587 3953 τοῦ
621 3898 888 3969 ὑμετέρου
922 3896 1182 3968 μεγέθους
1216 3891 1537 3967 παρακαλῶ.
1573 3885 1648 3944 Ob
1682 3888 1779 3960 τὴν
1812 3887 1945 3957 μνή-

382 4007 492 4062 μην
512 3990 612 4044 κάν
632 3992 698 4061 τῇ
715 3987 943 4059 διανοίᾳ,
958 3987 1059 4040 κάν
1085 3988 1150 4057 τῇ
1174 3984 1407 4055 γλώττῃ,
1430 3980 1689 4052 διηνεκῶς
1716 3979 1943 4049 περιφέ-

383 4099 573 4156 ρομεν,
600 4079 936 4143 ἱκετεύοντες
964 4079 1056 4131 τὸν
1083 4077 1192 4130 τῶν
1221 4075 1502 4145 δυνάμεων
1543 4070 1764 4141 Κύριον,
1792 4066 1948 4139 ἀμεί-

379 4172 583 4243 ψασθαι
612 4171 710 4243 τὴν
737 4170 1014 4242 ὑμετέραν
1041 4162 1538 4238 μεγαλοπρέπειαν,
1559 4165 1650 4216 καὶ
1677 4164 1788 4224 τοῖς
1811 4176 1947 4231 παρ-

381 4263 523 4329 οῦσι,
554 4264 650 4316 καὶ
676 4264 789 4324 τοῖς
826 4260 1111 4331 μέλλουσιν
1147 4256 1392 4326 ἀγαθοῖς.
1426 4253 1610 4308 Ταῦτα
1650 4253 1706 4305 δὲ
1739 4249 1947 4321 γράψαι

384 4353 479 4407 νῦν
528 4350 901 4424 ἠναγκάσθην,
933 4346 1120 4418 μαθὼν
1149 4347 1225 4410 ῶς
1248 4363 1392 4410 τινες
1428 4343 1523 4398 καὶ
1560 4342 1657 4414 τὴν
1704 4339 1950 4395 ἐντεῦθεν

389 4457 480 4512 μοι
500 4439 790 4493 καττύουσι
816 4438 1146 4509 μετάστασιν
1172 4435 1306 4507 (84).

917 4547 1050 4602 PK’.
1082 4575 1152 4586 —-
1178 4548 1496 4613 Λουπικίφ.

2038 3447 2277 3517 quinque
2297 3456 2351 3501 et
2373 3446 2734 3517 septuaginta,
2765 3447 2942 3501 tribus
2975 3455 3156 3500 autem
3190 3444 3517 3499 milliaribus
3542 3445 3610 3498 ab

2040 3538 2177 3593 urbe
2224 3538 2388 3593 distat
2433 3539 2729 3608 Apamena.
2763 3536 2989 3602 Horum,
3021 3535 3067 3591 si
3112 3535 3334 3606 quidem
3376 3534 3493 3588 ﬁeri
3517 3549 3614 3604 po-

2040 3636 2169 3694 test,
2230 3629 2383 3698 prius
2430 3629 2594 3695 illud;
2643 3630 2730 3683 sin
2777 3628 2981 3707 minus,
3027 3628 3260 3682 alterum
3311 3635 3460 3680 certe
3500 3640 3617 3679 ma-

2041 3719 2346 3791 gnitudinis
2377 3728 2568 3775 vestra:
2590 3735 2755 3790 opera
2778 3718 3009 3775 concedi
3032 3718 3166 3772 mihi
3190 3717 3426 3787 postulo.
3447 3716 3617 3786 Cujus

2045 3828 2147 3867 nos
2180 3812 2498 3867 memoriam
2528 3819 2584 3866 et
2603 3811 2786 3865 animo
2812 3820 2866 3866 et
2891 3812 3073 3882 lingua
3088 3816 3354 3881 perpetuo
3383 3808 3618 3863 circum-

2043 3906 2293 3971 ferimus,
2344 3907 2608 3961 virtutum
2647 3905 2941 3960 Dominum
2984 3904 3354 3966 obsecrantes,
3401 3908 3461 3954 ut
3502 3915 3617 3954 ma-

2046 3999 2411 4069 gniﬁcentiam
2435 4006 2671 4054 vestram
2701 4006 2757 4052 et
2780 3995 3140 4067 praesentibus
3159 4002 3215 4049 et
3232 3992 3434 4048 futuris
3456 3991 3618 4047 bonis

2047 4100 2379 4146 remuneret.
2415 4090 2541 4145 Haec
2581 4104 2712 4144 vero
2758 4104 2909 4144 nunc
2957 4096 3019 4142 ut
3064 4087 3363 4143 scriberem
3398 4098 3466 4139 eo
3494 4098 3615 4139 sum

2049 4182 2296 4249 adactus,
2329 4182 2537 4252 1203
2570 4180 2718 4252 quod
2765 4189 2829 4235 ut
2872 4180 3003 4236 hinc
3027 4180 3192 4235 etiam
3234 4178 3386 4234 abire
3419 4175 3614 4251 iubear

2050 4271 2230 4326 moliri
2277 4271 2542 4343 quosdam
2590 4271 2838 4345 cognovi.
3504 4262 3515 4268 ’

2575 4552 2736 4610 CXX.
2762 4583 2832 4593 —
2858 4553 3090 4625 Lupicio.

456 4660 622 4734 Οῑμαι
648 4665 740 4716 καὶ
770 4664 896 4727 τοὺς
923 4665 1023 4733 τῆς
1053 4660 1308 4732 ἀληθείας
1359 4658 1695 4728 σχετλιάζειν
1724 4661 1929 4733 ἐχθροῖιι

2124 4662 2377 4718 Arbitror
2399 4663 2563 4718 etiam
2592 4664 2742 4734 ipsos
2767 4666 3021 4721 veritatis
3042 4650 3229 4720 hostes
3256 4664 3524 4735 indignari
3548 4664 3621 4718 ob

389 4755 483 4806 ἐπὶ
530 4756 649 4816 ταῖς
697 4753 902 4816 ἀδίκοις
954 4753 1110 4822 ἡμῶν
1162 4750 1255 4802 καὶ
1303 4749 1639 4819 παρανόμοις
1695 4756 1948 4820 σφαγαῖς.

390 4842 658 4914 Πολλῷ’ὃὲ
690 4842 872 4907 πλέον,
904 4841 980 4905 ὠς
1023 4841 1188 4907 είκδς,
1222 4841 1346 4911 ἀνιᾷ
1380 4841 1828 4912 τοὺςτροφεμους
1853 4846 1952 4915 τῆς

388 4934 669 4998 εὐσεϐείας
711 4936 744 5005 ή
787 4933 946 5005 καινὴ
986 4932 1125 5003 αὕτη
1162 4933 1258 4985 καὶ
1298 4930 1602 5003 παράδοξος
1652 4934 1949 5004 τραγῳδία,

389 5019 465 5079 ὧν
500 5028 535 5095 ἡ
582 5023 823 5095 ὑμετέρα
878 5021 1144 5094 πρωτεύει
1193 5018 1652 5090 μεγαλοπρέπεια.
1682 5019 1954 5091 Προσήκει

391 5116 451 5169 δὲ
481 5115 605 5178 τοὺς
664 5114 846 5168 πλεῖον
893 5112 1189 5181 ἀλγοῦντας
1222 5111 1440 5164 πλείονα
1487 5109 1722 5180 σπουδήν
1760 5127 1819 5163 τε
1861 5110 1955 5163 καὶ

396 5204 702 5276 προθυμίαν
740 5205 1088 5271 εἰσενεγκεῖν,
1116 5201 1257 5256 ὥστε
1292 5201 1362 5255 τὰ
1388 5201 1661 5264 δυσσεϐῶς
1687 5201 1782 5254 καὶ⁸
1812 5217 1954 5271 παρ-

391 5297 607 5367 ανόμως
652 5296 995 5365 γεγενημένα
1033 5296 1188 5349 λύσιν
1219 5294 1421 5360 λαϐεῖν,
1451 5293 1514 5348 τὸ
1533 5294 1589 5346 δέ
1614 5291 1951 5362 διασπασθῆ-

389 5407 477 5447 ναι
499 5388 808 5445 κινδυνεῦον
834 5388 992 5460 σῶμα
1014 5391 1115 5461 τῆς
1158 5388 1481 5460 Ἑκκλησίας
1515 5390 1593 5453 είς
1630 5389 1730 5458 τὴν
1751 5388 1951 5458 προτέ-

451 5546 496 5578 ²⁸
520 5543 655 5601 Gen.
682 5560 829 5609 xvnl,
858 5543 949 5610 2|,
975 5544 1063 5598 22.

2058 4753 2290 4823 injustas
2316 4762 2373 4807 et
2395 4753 2612 4823 iniquas
2635 4756 2954 4810 vexationes
2985 4771 3122 4824 quas
3144 4755 3402 4824 patimur.
3455 4754 3623 4809 Multo

2057 4849 2243 4897 autem
2265 4843 2456 4913 magis,
2493 4849 2553 4896 ut
2576 4858 2677 4912 par
2701 4854 2807 4908 est,
2843 4845 3061 4914 pietatis
3084 4845 3354 4909 alumnos,
3389 4859 3624 4915 quorum

2056 4932 2315 5003 princeps
2337 4942 2423 4989 est
2452 4934 2854 5005 magnificentia
2884 4945 2993 5002 tua,
3040 4936 3327 4990 contristat
3350 4935 3466 4990 haec
3484 4951 3625 4990 nova

2059 5030 2114 5078 et
2136 5022 2381 5078 inaudita
2405 5024 2690 5094 tragazdia.
2717 5024 3182 5080 Convenitautem
3213 5032 3272 5079 ut
3293 5025 3385 5094 qui
3407 5023 3627 5096 gravius

2058 5115 2373 5182 condolent,
2402 5116 2661 5188 majorem
2686 5125 2942 5171 conatum
2964 5126 3020 5171 et
3041 5117 3449 5171 contentionem
3472 5115 3602 5170 adhi

2058 5205 2252 5272 beant,
2303 5214 2365 5261 ut
2389 5223 2511 5277 quae
2536 5207 2700 5278 impie
2726 5215 2781 5262 et
2808 5208 2995 5277 inique
3020 5217 3140 5263 acta
3163 5215 3291 5262 sunt
3318 5205 3616 5261 dissolvan-

2057 5307 2167 5364 tur,
2201 5298 2425 5369 etquod
2456 5298 2509 5352 in
2536 5298 2940 5353 dilacerationis
2962 5298 3210 5368 periculo
3234 5307 3484 5352 versatur
3507 5312 3613 5352 cor.

2055 5402 2159 5457 pus
2195 5387 2486 5451 Ecclesiae,
2521 5386 2588 5441 ad
2630 5386 2918 5455 pristinam
2963 5383 3152 5440 redeat
3189 5386 3620 5440 consensionem.

463 5657 575 5728 (85)
607 5657 783 5711 Locus
811 5665 990 5713 exstat
1036 5657 1202 5711 etiam
1248 5655 1390 5725 apud
1436 5655 1656 5719 Baron.,
1692 5662 1731 5708 t.
1781 5653 1871 5720 Ἣ,
1909 5668 1961 5723 p.
2000 5652 2119 5717 106,
2153 5652 2220 5709 ad
2244 5669 2292 5708 a.
2330 5650 2389 5708 C.
2424 5651 2545 5708 449.

464 5720 518 5795 (8
532 5720 574 5799 ί)
608 5729 915 5798 μετανάσται
929 5745 1025 5783 σιν.
1065 5728 1231 5796 Neap.
