  <div class='ocr_page' id='page_1' title='image "/cluster/home/n/w/nwhite01/storage/ocr_20150623/83/hvd.32044073502072/671.png"; bbox 0 0 3924 6192; ppageno 0'>
   <div class='ocr_carea' id='block_1_1' title="bbox 408 340 541 407">
    <p class='ocr_par' dir='ltr' id='par_1_1' title="bbox 408 340 541 407">
     <span class='ocr_line' id='line_1_1' title="bbox 408 340 541 407; baseline 0.023 -3"><span class='ocrx_word' id='word_1_1' title='bbox 408 340 541 407; x_wconf 75' lang='lat'><strong>1331</strong></span> 
     </span>
    </p>
   </div>
   <div class='ocr_carea' id='block_1_2' title="bbox 1391 349 2649 413">
    <p class='ocr_par' dir='ltr' id='par_1_2' title="bbox 1391 349 2649 413">
     <span class='ocr_line' id='line_1_2' title="bbox 1391 349 2649 413; baseline 0.003 -4"><span class='ocrx_word' id='word_1_2' title='bbox 1391 351 1875 412; x_wconf 80' lang='lat' dir='ltr'><strong>TIIEDDORETI</strong></span> <span class='ocrx_word' id='word_1_3' title='bbox 1915 349 2253 411; x_wconf 81' lang='lat' dir='ltr'><strong>EPISCOPI</strong></span> <span class='ocrx_word' id='word_1_4' title='bbox 2290 354 2649 413; x_wconf 82' lang='lat' dir='ltr'><strong>CYRENSIS</strong></span> 
     </span>
    </p>
   </div>
   <div class='ocr_carea' id='block_1_3' title="bbox 3526 348 3685 413">
    <p class='ocr_par' dir='ltr' id='par_1_3' title="bbox 3526 348 3685 413">
     <span class='ocr_line' id='line_1_3' title="bbox 3526 348 3685 413; baseline 0.013 -2"><span class='ocrx_word' id='word_1_5' title='bbox 3526 348 3685 413; x_wconf 77' lang='grc'><strong>1332</strong></span> 
     </span>
    </p>
   </div>
   <div class='ocr_carea' id='block_1_4' title="bbox 405 454 1974 532">
    <p class='ocr_par' dir='ltr' id='par_1_4' title="bbox 405 454 1974 528">
     <span class='ocr_line' id='line_1_4' title="bbox 405 454 1974 528; baseline 0.001 -17"><span class='ocrx_word' id='word_1_6' title='bbox 405 455 771 523; x_wconf 86' lang='lat' dir='ltr'><strong>Quamobrem</strong></span> <span class='ocrx_word' id='word_1_7' title='bbox 803 471 901 509; x_wconf 88' lang='lat' dir='ltr'><strong>oro</strong></span> <span class='ocrx_word' id='word_1_8' title='bbox 927 454 1356 525; x_wconf 73' lang='lat' dir='ltr'><strong>magnitudinem</strong></span> <span class='ocrx_word' id='word_1_9' title='bbox 1384 466 1554 523; x_wconf 90' lang='lat' dir='ltr'><strong>tuam,</strong></span> <span class='ocrx_word' id='word_1_10' title='bbox 1594 467 1654 511; x_wconf 91' lang='lat' dir='ltr'><strong>ut</strong></span> <span class='ocrx_word' id='word_1_11' title='bbox 1677 458 1974 528; x_wconf 86' lang='lat' dir='ltr'><strong>spiritualis</strong></span> 
     </span>
    </p>
   </div>
   <div class='ocr_carea' id='block_1_5' title="bbox 2081 454 3682 532">
    <p class='ocr_par' dir='ltr' id='par_1_5' title="bbox 2088 458 3682 532">
     <span class='ocr_line' id='line_1_5' title="bbox 2088 458 3682 532; baseline 0.002 -20"><span class='ocrx_word' id='word_1_12' title='bbox 2088 475 2184 527; x_wconf 83' lang='grc' dir='ltr'><strong>ραν</strong></span> <span class='ocrx_word' id='word_1_13' title='bbox 2236 460 2550 530; x_wconf 74' lang='grc' dir='ltr'><strong>συμφωνίαν</strong></span> <span class='ocrx_word' id='word_1_14' title='bbox 2586 458 2923 514; x_wconf 79' lang='grc' dir='ltr'>ἐπανελθεῖν.</span> <span class='ocrx_word' id='word_1_15' title='bbox 2953 460 3155 514; x_wconf 87' lang='grc' dir='ltr'>Τούτου</span> <span class='ocrx_word' id='word_1_16' title='bbox 3176 461 3239 531; x_wconf 78' lang='grc' dir='ltr'>δὴ</span> <span class='ocrx_word' id='word_1_17' title='bbox 3276 461 3442 532; x_wconf 83' lang='grc' dir='ltr'>χάριν</span> <span class='ocrx_word' id='word_1_18' title='bbox 3480 476 3682 531; x_wconf 75' lang='grc' dir='ltr'>παρα-</span> 
     </span>
    </p>
   </div>
   <div class='ocr_carea' id='block_1_6' title="bbox 406 548 1977 619">
    <p class='ocr_par' dir='ltr' id='par_1_6' title="bbox 406 548 1977 619">
     <span class='ocr_line' id='line_1_6' title="bbox 406 548 1977 619; baseline 0.001 -16"><span class='ocrx_word' id='word_1_19' title='bbox 406 548 793 619; x_wconf 82' lang='lat' dir='ltr'><strong>negotiationis</strong></span> <span class='ocrx_word' id='word_1_20' title='bbox 822 564 1009 602; x_wconf 88' lang='lat' dir='ltr'><strong>ansam</strong></span> <span class='ocrx_word' id='word_1_21' title='bbox 1055 564 1294 617; x_wconf 60' lang='lat' dir='ltr'><strong>prmscns</strong></span> <span class='ocrx_word' id='word_1_22' title='bbox 1342 556 1556 619; x_wconf 83' lang='lat' dir='ltr'><strong>tempus</strong></span> <span class='ocrx_word' id='word_1_23' title='bbox 1591 566 1714 605; x_wconf 89' lang='lat' dir='ltr'><strong>esse</strong></span> <span class='ocrx_word' id='word_1_24' title='bbox 1751 558 1977 615; x_wconf 89' lang='lat' dir='ltr'><strong>statuat,</strong></span> 
     </span>
    </p>
   </div>
   <div class='ocr_carea' id='block_1_7' title="bbox 403 638 1980 709">
    <p class='ocr_par' dir='ltr' id='par_1_7' title="bbox 403 638 1980 709">
     <span class='ocr_line' id='line_1_7' title="bbox 403 638 1980 709; baseline 0 -16"><span class='ocrx_word' id='word_1_25' title='bbox 403 650 461 693; x_wconf 91' lang='lat' dir='ltr'><strong>et</strong></span> <span class='ocrx_word' id='word_1_26' title='bbox 499 653 601 708; x_wconf 89' lang='lat' dir='ltr'><strong>pro</strong></span> <span class='ocrx_word' id='word_1_27' title='bbox 641 638 843 692; x_wconf 90' lang='lat' dir='ltr'><strong>tuenda</strong></span> <span class='ocrx_word' id='word_1_28' title='bbox 879 638 1080 706; x_wconf 81' lang='lat' dir='ltr'><strong>pietate</strong></span> <span class='ocrx_word' id='word_1_29' title='bbox 1116 645 1431 708; x_wconf 89' lang='lat' dir='ltr'><strong>promptum</strong></span> <span class='ocrx_word' id='word_1_30' title='bbox 1467 639 1585 709; x_wconf 83' lang='lat' dir='ltr'><strong>ipsa</strong></span> <span class='ocrx_word' id='word_1_31' title='bbox 1615 638 1861 694; x_wconf 85' lang='lat' dir='ltr'><strong>studium</strong></span> <span class='ocrx_word' id='word_1_32' title='bbox 1897 640 1980 693; x_wconf 79' lang='lat' dir='ltr'><strong>af-</strong></span> 
     </span>
    </p>
   </div>
   <div class='ocr_carea' id='block_1_8' title="bbox 405 731 1979 799">
    <p class='ocr_par' dir='ltr' id='par_1_8' title="bbox 405 731 1979 799">
     <span class='ocr_line' id='line_1_8' title="bbox 405 731 1979 799; baseline 0.001 -13"><span class='ocrx_word' id='word_1_33' title='bbox 405 736 572 797; x_wconf 75' lang='lat' dir='ltr'><strong>ferat,</strong></span> <span class='ocrx_word' id='word_1_34' title='bbox 620 731 974 799; x_wconf 71' lang='lat' dir='ltr'><strong>vicissimque</strong></span> <span class='ocrx_word' id='word_1_35' title='bbox 1004 746 1034 784; x_wconf 93' lang='lat' dir='ltr'><strong>a</strong></span> <span class='ocrx_word' id='word_1_36' title='bbox 1059 731 1319 785; x_wconf 80' lang='lat' dir='ltr'><strong>muniﬁco</strong></span> <span class='ocrx_word' id='word_1_37' title='bbox 1342 732 1595 796; x_wconf 90' lang='lat' dir='ltr'><strong>Domino,</strong></span> <span class='ocrx_word' id='word_1_38' title='bbox 1628 742 1684 787; x_wconf 90' lang='lat' dir='ltr'><strong>et</strong></span> <span class='ocrx_word' id='word_1_39' title='bbox 1712 749 1979 788; x_wconf 88' lang='lat' dir='ltr'><strong>summam</strong></span> 
     </span>
    </p>
   </div>
   <div class='ocr_carea' id='block_1_9' title="bbox 405 819 1980 891">
    <p class='ocr_par' dir='ltr' id='par_1_9' title="bbox 405 819 1980 891">
     <span class='ocr_line' id='line_1_9' title="bbox 405 819 1980 891; baseline 0.002 -17"><span class='ocrx_word' id='word_1_40' title='bbox 405 819 460 874; x_wconf 83' lang='lat' dir='ltr'><strong>in</strong></span> <span class='ocrx_word' id='word_1_41' title='bbox 489 822 591 875; x_wconf 90' lang='lat' dir='ltr'><strong>hac</strong></span> <span class='ocrx_word' id='word_1_42' title='bbox 614 821 727 875; x_wconf 91' lang='lat' dir='ltr'><strong>vita</strong></span> <span class='ocrx_word' id='word_1_43' title='bbox 752 820 1175 890; x_wconf 74' lang='lat' dir='ltr'><strong>providentiam,</strong></span> <span class='ocrx_word' id='word_1_44' title='bbox 1201 829 1257 873; x_wconf 91' lang='lat' dir='ltr'><strong>et</strong></span> <span class='ocrx_word' id='word_1_45' title='bbox 1281 821 1337 874; x_wconf 91' lang='lat' dir='ltr'><strong>in</strong></span> <span class='ocrx_word' id='word_1_46' title='bbox 1360 820 1543 875; x_wconf 83' lang='lat' dir='ltr'><strong>futura</strong></span> <span class='ocrx_word' id='word_1_47' title='bbox 1566 838 1792 891; x_wconf 79' lang='lat' dir='ltr'><strong>regnum</strong></span> <span class='ocrx_word' id='word_1_48' title='bbox 1815 823 1980 877; x_wconf 72' lang='lat' dir='ltr'><strong>cmlo-</strong></span> 
     </span>
    </p>
   </div>
   <div class='ocr_carea' id='block_1_10' title="bbox 406 912 800 983">
    <p class='ocr_par' dir='ltr' id='par_1_10' title="bbox 406 912 800 983">
     <span class='ocr_line' id='line_1_10' title="bbox 406 912 800 983; baseline -0.008 -16"><span class='ocrx_word' id='word_1_49' title='bbox 406 929 526 967; x_wconf 92' lang='lat' dir='ltr'><strong>rum</strong></span> <span class='ocrx_word' id='word_1_50' title='bbox 548 912 800 983; x_wconf 88' lang='lat' dir='ltr'><strong>accipiat.</strong></span> 
     </span>
    </p>
   </div>
   <div class='ocr_carea' id='block_1_11' title="bbox 790 1087 1587 1193">
    <p class='ocr_par' dir='ltr' id='par_1_11' title="bbox 790 1087 1587 1193">
     <span class='ocr_line' id='line_1_11' title="bbox 790 1087 1587 1193; baseline -0.003 -14"><span class='ocrx_word' id='word_1_51' title='bbox 790 1124 972 1179; x_wconf 80' lang='lat' dir='ltr'><strong>CXXI.</strong></span> <span class='ocrx_word' id='word_1_52' title='bbox 993 1156 1061 1164; x_wconf 92' lang='lat'><strong><em>—-</em></strong></span> <span class='ocrx_word' id='word_1_53' title='bbox 1076 1125 1323 1179; x_wconf 78' lang='lat' dir='ltr'><strong>Anatolio</strong></span> <span class='ocrx_word' id='word_1_54' title='bbox 1347 1087 1587 1193; x_wconf 46' lang='lat' dir='ltr'><strong>patricio.</strong></span> 
     </span>
    </p>
   </div>
   <div class='ocr_carea' id='block_1_12' title="bbox 473 1234 2057 1303">
    <p class='ocr_par' dir='ltr' id='par_1_12' title="bbox 473 1234 2057 1303">
     <span class='ocr_line' id='line_1_12' title="bbox 473 1234 2057 1303; baseline -0.005 -13"><span class='ocrx_word' id='word_1_55' title='bbox 473 1235 739 1291; x_wconf 83' lang='lat' dir='ltr'><strong>Patefecit</strong></span> <span class='ocrx_word' id='word_1_56' title='bbox 785 1250 968 1289; x_wconf 89' lang='lat' dir='ltr'><strong>rerum</strong></span> <span class='ocrx_word' id='word_1_57' title='bbox 990 1235 1233 1288; x_wconf 87' lang='lat' dir='ltr'><strong>omnium</strong></span> <span class='ocrx_word' id='word_1_58' title='bbox 1260 1235 1538 1303; x_wconf 84' lang='lat' dir='ltr'><strong>inspector</strong></span> <span class='ocrx_word' id='word_1_59' title='bbox 1564 1241 1622 1288; x_wconf 90' lang='lat' dir='ltr'><strong>et</strong></span> <span class='ocrx_word' id='word_1_60' title='bbox 1660 1234 1977 1288; x_wconf 84' lang='lat' dir='ltr'><strong>moderator</strong></span> <span class='ocrx_word' id='word_1_61' title='bbox 2052 1278 2057 1282; x_wconf 88' lang='lat'><strong>.</strong></span> 
     </span>
    </p>
   </div>
   <div class='ocr_carea' id='block_1_13' title="bbox 400 1321 1978 1393">
    <p class='ocr_par' dir='ltr' id='par_1_13' title="bbox 400 1321 1978 1393">
     <span class='ocr_line' id='line_1_13' title="bbox 400 1321 1978 1393; baseline -0.004 -12"><span class='ocrx_word' id='word_1_62' title='bbox 400 1325 665 1381; x_wconf 90' lang='lat' dir='ltr'><strong>Dominus</strong></span> <span class='ocrx_word' id='word_1_63' title='bbox 685 1332 741 1379; x_wconf 89' lang='lat' dir='ltr'><strong>et</strong></span> <span class='ocrx_word' id='word_1_64' title='bbox 764 1323 1119 1393; x_wconf 87' lang='lat' dir='ltr'><strong>apostolicam</strong></span> <span class='ocrx_word' id='word_1_65' title='bbox 1146 1321 1459 1392; x_wconf 83' lang='lat' dir='ltr'><strong>dogmatum</strong></span> <span class='ocrx_word' id='word_1_66' title='bbox 1487 1330 1805 1375; x_wconf 89' lang='lat' dir='ltr'><strong>nostrorum</strong></span> <span class='ocrx_word' id='word_1_67' title='bbox 1830 1322 1978 1375; x_wconf 89' lang='lat' dir='ltr'><strong>veri-</strong></span> 
     </span>
    </p>
   </div>
   <div class='ocr_carea' id='block_1_14' title="bbox 404 1410 1975 1488">
    <p class='ocr_par' dir='ltr' id='par_1_14' title="bbox 404 1410 1975 1488">
     <span class='ocr_line' id='line_1_14' title="bbox 404 1410 1975 1488; baseline -0.005 -16"><span class='ocrx_word' id='word_1_68' title='bbox 404 1426 589 1483; x_wconf 87' lang='lat' dir='ltr'><strong>tatem,</strong></span> <span class='ocrx_word' id='word_1_69' title='bbox 612 1418 894 1488; x_wconf 72' lang='lat' dir='ltr'><strong>etjactata:</strong></span> <span class='ocrx_word' id='word_1_70' title='bbox 920 1414 975 1468; x_wconf 92' lang='lat' dir='ltr'><strong>in</strong></span> <span class='ocrx_word' id='word_1_71' title='bbox 999 1428 1100 1469; x_wconf 90' lang='lat' dir='ltr'><strong>nos</strong></span> <span class='ocrx_word' id='word_1_72' title='bbox 1117 1413 1408 1468; x_wconf 75' lang='lat' dir='ltr'><strong>calumnia:</strong></span> <span class='ocrx_word' id='word_1_73' title='bbox 1428 1410 1975 1467; x_wconf 79' lang='lat' dir='ltr'><strong>falsitatem.Etenim</strong></span> 
     </span>
    </p>
   </div>
   <div class='ocr_carea' id='block_1_15' title="bbox 402 1504 1976 1579">
    <p class='ocr_par' dir='ltr' id='par_1_15' title="bbox 402 1504 1976 1579">
     <span class='ocr_line' id='line_1_15' title="bbox 402 1504 1976 1579; baseline -0.001 -20"><span class='ocrx_word' id='word_1_74' title='bbox 402 1524 524 1579; x_wconf 66' lang='lat' dir='ltr'><strong>qua;</strong></span> <span class='ocrx_word' id='word_1_75' title='bbox 554 1525 585 1562; x_wconf 85' lang='lat' dir='ltr'><strong>a</strong></span> <span class='ocrx_word' id='word_1_76' title='bbox 608 1509 717 1562; x_wconf 89' lang='lat' dir='ltr'><strong>Deo</strong></span> <span class='ocrx_word' id='word_1_77' title='bbox 739 1507 1064 1562; x_wconf 81' lang='lat' dir='ltr'><strong>charissima</strong></span> <span class='ocrx_word' id='word_1_78' title='bbox 1104 1514 1160 1560; x_wconf 89' lang='lat' dir='ltr'><strong>et</strong></span> <span class='ocrx_word' id='word_1_79' title='bbox 1186 1504 1532 1559; x_wconf 90' lang='lat' dir='ltr'><strong>sanctissimo</strong></span> <span class='ocrx_word' id='word_1_80' title='bbox 1559 1518 1767 1573; x_wconf 59' lang='lat' dir='ltr'><strong>magna;</strong></span> <span class='ocrx_word' id='word_1_81' title='bbox 1789 1504 1976 1557; x_wconf 68' lang='lat' dir='ltr'><strong>Romae</strong></span> 
     </span>
    </p>
   </div>
   <div class='ocr_carea' id='block_1_16' title="bbox 402 1594 1975 1665">
    <p class='ocr_par' dir='ltr' id='par_1_16' title="bbox 402 1594 1975 1665">
     <span class='ocr_line' id='line_1_16' title="bbox 402 1594 1975 1665; baseline -0.003 -14"><span class='ocrx_word' id='word_1_82' title='bbox 402 1597 820 1665; x_wconf 84' lang='lat' dir='ltr'><strong>archiepisc0po</strong></span> <span class='ocrx_word' id='word_1_83' title='bbox 865 1595 1089 1648; x_wconf 91' lang='lat' dir='ltr'><strong>domino</strong></span> <span class='ocrx_word' id='word_1_84' title='bbox 1128 1594 1313 1648; x_wconf 88' lang='lat' dir='ltr'><strong>Leone</strong></span> <span class='ocrx_word' id='word_1_85' title='bbox 1350 1594 1417 1647; x_wconf 92' lang='lat' dir='ltr'><strong>ad</strong></span> <span class='ocrx_word' id='word_1_86' title='bbox 1458 1600 1659 1647; x_wconf 69' lang='lat' dir='ltr'><strong>sancta:</strong></span> <span class='ocrx_word' id='word_1_87' title='bbox 1697 1594 1975 1647; x_wconf 64' lang='lat' dir='ltr'><strong>memoriae</strong></span> 
     </span>
    </p>
   </div>
   <div class='ocr_carea' id='block_1_17' title="bbox 403 1686 1975 1757">
    <p class='ocr_par' dir='ltr' id='par_1_17' title="bbox 403 1686 1975 1757">
     <span class='ocr_line' id='line_1_17' title="bbox 403 1686 1975 1757; baseline -0.003 -14"><span class='ocrx_word' id='word_1_88' title='bbox 403 1690 740 1753; x_wconf 77' lang='lat' dir='ltr'><strong>Flavianum,</strong></span> <span class='ocrx_word' id='word_1_89' title='bbox 756 1688 1002 1757; x_wconf 83' lang='lat' dir='ltr'><strong>aliosque</strong></span> <span class='ocrx_word' id='word_1_90' title='bbox 1016 1688 1159 1757; x_wconf 85' lang='lat' dir='ltr'><strong>apud</strong></span> <span class='ocrx_word' id='word_1_91' title='bbox 1174 1686 1451 1755; x_wconf 82' lang='lat' dir='ltr'><strong>Ephesum</strong></span> <span class='ocrx_word' id='word_1_92' title='bbox 1464 1693 1822 1756; x_wconf 81' lang='lat' dir='ltr'><strong>congregatos</strong></span> <span class='ocrx_word' id='word_1_93' title='bbox 1837 1686 1975 1740; x_wconf 89' lang='lat' dir='ltr'><strong>scri-</strong></span> 
     </span>
    </p>
   </div>
   <div class='ocr_carea' id='block_1_18' title="bbox 400 1777 1970 1852">
    <p class='ocr_par' dir='ltr' id='par_1_18' title="bbox 400 1777 1970 1852">
     <span class='ocr_line' id='line_1_18' title="bbox 400 1777 1970 1852; baseline -0.002 -19"><span class='ocrx_word' id='word_1_94' title='bbox 400 1789 493 1852; x_wconf 89' lang='lat' dir='ltr'><strong>pta</strong></span> <span class='ocrx_word' id='word_1_95' title='bbox 532 1791 680 1846; x_wconf 89' lang='lat' dir='ltr'><strong>sunt,</strong></span> <span class='ocrx_word' id='word_1_96' title='bbox 727 1796 850 1835; x_wconf 91' lang='lat' dir='ltr'><strong>cum</strong></span> <span class='ocrx_word' id='word_1_97' title='bbox 884 1780 949 1834; x_wconf 89' lang='lat' dir='ltr'><strong>iis</strong></span> <span class='ocrx_word' id='word_1_98' title='bbox 978 1779 1198 1848; x_wconf 85' lang='lat' dir='ltr'><strong>penitus</strong></span> <span class='ocrx_word' id='word_1_99' title='bbox 1227 1777 1579 1831; x_wconf 89' lang='lat' dir='ltr'><strong>consentiunt</strong></span> <span class='ocrx_word' id='word_1_100' title='bbox 1607 1792 1729 1846; x_wconf 68' lang='lat' dir='ltr'><strong>qua:</strong></span> <span class='ocrx_word' id='word_1_101' title='bbox 1754 1792 1857 1831; x_wconf 91' lang='lat' dir='ltr'><strong>nos</strong></span> <span class='ocrx_word' id='word_1_102' title='bbox 1885 1777 1970 1830; x_wconf 82' lang='lat' dir='ltr'><strong>vel</strong></span> 
     </span>
    </p>
   </div>
   <div class='ocr_carea' id='block_1_19' title="bbox 401 1868 1971 1943">
    <p class='ocr_par' dir='ltr' id='par_1_19' title="bbox 401 1868 1971 1943">
     <span class='ocr_line' id='line_1_19' title="bbox 401 1868 1971 1943; baseline -0.004 -14"><span class='ocrx_word' id='word_1_103' title='bbox 401 1871 848 1943; x_wconf 86' lang='lat' dir='ltr'><strong>conscripsimus,</strong></span> <span class='ocrx_word' id='word_1_104' title='bbox 874 1871 960 1925; x_wconf 88' lang='lat' dir='ltr'><strong>vel</strong></span> <span class='ocrx_word' id='word_1_105' title='bbox 994 1871 1050 1924; x_wconf 91' lang='lat' dir='ltr'><strong>in</strong></span> <span class='ocrx_word' id='word_1_106' title='bbox 1079 1869 1339 1923; x_wconf 87' lang='lat' dir='ltr'><strong>Ecclesiis</strong></span> <span class='ocrx_word' id='word_1_107' title='bbox 1369 1876 1637 1939; x_wconf 87' lang='lat' dir='ltr'><strong>perpetuo</strong></span> <span class='ocrx_word' id='word_1_108' title='bbox 1664 1868 1971 1923; x_wconf 91' lang='lat' dir='ltr'><strong>docuimus.</strong></span> 
     </span>
    </p>
   </div>
   <div class='ocr_carea' id='block_1_20' title="bbox 400 1959 1976 2034">
    <p class='ocr_par' dir='ltr' id='par_1_20' title="bbox 400 1959 1976 2034">
     <span class='ocr_line' id='line_1_20' title="bbox 400 1959 1976 2034; baseline -0.004 -14"><span class='ocrx_word' id='word_1_109' title='bbox 400 1966 690 2032; x_wconf 85' lang='lat' dir='ltr'><strong>Quocirca,</strong></span> <span class='ocrx_word' id='word_1_110' title='bbox 724 1962 938 2034; x_wconf 65' lang='grc'><strong>1204</strong></span> <span class='ocrx_word' id='word_1_111' title='bbox 970 1963 1133 2016; x_wconf 90' lang='lat' dir='ltr'><strong>simul</strong></span> <span class='ocrx_word' id='word_1_112' title='bbox 1161 1976 1225 2015; x_wconf 89' lang='lat' dir='ltr'><strong>ac</strong></span> <span class='ocrx_word' id='word_1_113' title='bbox 1263 1977 1355 2016; x_wconf 89' lang='lat' dir='ltr'><strong>eas</strong></span> <span class='ocrx_word' id='word_1_114' title='bbox 1397 1961 1607 2015; x_wconf 84' lang='lat' dir='ltr'><strong>litteras</strong></span> <span class='ocrx_word' id='word_1_115' title='bbox 1650 1959 1782 2030; x_wconf 83' lang='lat' dir='ltr'><strong>legi,</strong></span> <span class='ocrx_word' id='word_1_116' title='bbox 1823 1959 1976 2014; x_wconf 89' lang='lat' dir='ltr'><strong>beni-</strong></span> 
     </span>
    </p>
   </div>
   <div class='ocr_carea' id='block_1_21' title="bbox 400 2049 1977 2127">
    <p class='ocr_par' dir='ltr' id='par_1_21' title="bbox 400 2049 1977 2127">
     <span class='ocr_line' id='line_1_21' title="bbox 400 2049 1977 2127; baseline -0.003 -18"><span class='ocrx_word' id='word_1_117' title='bbox 400 2071 567 2127; x_wconf 79' lang='lat' dir='ltr'><strong>gnum</strong></span> <span class='ocrx_word' id='word_1_118' title='bbox 589 2055 880 2108; x_wconf 92' lang='lat' dir='ltr'><strong>Dominum</strong></span> <span class='ocrx_word' id='word_1_119' title='bbox 903 2051 1141 2114; x_wconf 78' lang='lat' dir='ltr'><strong>laudavi,</strong></span> <span class='ocrx_word' id='word_1_120' title='bbox 1160 2050 1304 2120; x_wconf 93' lang='lat' dir='ltr'><strong>quod</strong></span> <span class='ocrx_word' id='word_1_121' title='bbox 1330 2049 1601 2105; x_wconf 87' lang='lat' dir='ltr'><strong>Ecclesias</strong></span> <span class='ocrx_word' id='word_1_122' title='bbox 1622 2065 1731 2103; x_wconf 91' lang='lat' dir='ltr'><strong>non</strong></span> <span class='ocrx_word' id='word_1_123' title='bbox 1750 2064 1977 2119; x_wconf 86' lang='lat' dir='ltr'><strong>prorsus</strong></span> 
     </span>
    </p>
   </div>
   <div class='ocr_carea' id='block_1_22' title="bbox 400 2140 1972 2209">
    <p class='ocr_par' dir='ltr' id='par_1_22' title="bbox 400 2140 1972 2209">
     <span class='ocr_line' id='line_1_22' title="bbox 400 2140 1972 2209; baseline -0.004 -8"><span class='ocrx_word' id='word_1_124' title='bbox 400 2145 732 2209; x_wconf 88' lang='lat' dir='ltr'><strong>deseruerit,</strong></span> <span class='ocrx_word' id='word_1_125' title='bbox 771 2143 866 2199; x_wconf 92' lang='lat' dir='ltr'><strong>sed</strong></span> <span class='ocrx_word' id='word_1_126' title='bbox 902 2150 1065 2198; x_wconf 79' lang='lat' dir='ltr'><strong>rectae</strong></span> <span class='ocrx_word' id='word_1_127' title='bbox 1090 2141 1355 2196; x_wconf 74' lang='lat' dir='ltr'><strong>doctrina:</strong></span> <span class='ocrx_word' id='word_1_128' title='bbox 1389 2140 1686 2195; x_wconf 88' lang='lat' dir='ltr'><strong>scintillam</strong></span> <span class='ocrx_word' id='word_1_129' title='bbox 1716 2141 1972 2207; x_wconf 78' lang='lat' dir='ltr'><strong>servarit,</strong></span> 
     </span>
    </p>
   </div>
   <div class='ocr_carea' id='block_1_23' title="bbox 399 2231 1976 2309">
    <p class='ocr_par' dir='ltr' id='par_1_23' title="bbox 399 2231 1976 2309">
     <span class='ocr_line' id='line_1_23' title="bbox 399 2231 1976 2309; baseline -0.005 -15"><span class='ocrx_word' id='word_1_130' title='bbox 399 2240 485 2294; x_wconf 82' lang='lat' dir='ltr'><strong>vel</strong></span> <span class='ocrx_word' id='word_1_131' title='bbox 510 2237 694 2309; x_wconf 89' lang='lat' dir='ltr'><strong>potius</strong></span> <span class='ocrx_word' id='word_1_132' title='bbox 721 2251 829 2291; x_wconf 91' lang='lat' dir='ltr'><strong>non</strong></span> <span class='ocrx_word' id='word_1_133' title='bbox 854 2235 1170 2295; x_wconf 88' lang='lat' dir='ltr'><strong>scintillam,</strong></span> <span class='ocrx_word' id='word_1_134' title='bbox 1196 2232 1290 2288; x_wconf 90' lang='lat' dir='ltr'><strong>sed</strong></span> <span class='ocrx_word' id='word_1_135' title='bbox 1317 2231 1493 2286; x_wconf 81' lang='lat' dir='ltr'><strong>facem</strong></span> <span class='ocrx_word' id='word_1_136' title='bbox 1516 2231 1829 2296; x_wconf 77' lang='lat' dir='ltr'><strong>maximam,</strong></span> <span class='ocrx_word' id='word_1_137' title='bbox 1854 2247 1976 2301; x_wconf 67' lang='lat' dir='ltr'><strong>quae</strong></span> 
     </span>
    </p>
   </div>
   <div class='ocr_carea' id='block_1_24' title="bbox 399 2328 1979 2400">
    <p class='ocr_par' dir='ltr' id='par_1_24' title="bbox 399 2328 1979 2400">
     <span class='ocr_line' id='line_1_24' title="bbox 399 2328 1979 2400; baseline -0.003 -13"><span class='ocrx_word' id='word_1_138' title='bbox 399 2332 590 2387; x_wconf 86' lang='lat' dir='ltr'><strong>orbem</strong></span> <span class='ocrx_word' id='word_1_139' title='bbox 622 2339 890 2385; x_wconf 90' lang='lat' dir='ltr'><strong>terrarum</strong></span> <span class='ocrx_word' id='word_1_140' title='bbox 914 2328 1214 2385; x_wconf 89' lang='lat' dir='ltr'><strong>accendere</strong></span> <span class='ocrx_word' id='word_1_141' title='bbox 1238 2339 1295 2384; x_wconf 90' lang='lat' dir='ltr'><strong>et</strong></span> <span class='ocrx_word' id='word_1_142' title='bbox 1317 2328 1627 2384; x_wconf 86' lang='lat' dir='ltr'><strong>illuminare</strong></span> <span class='ocrx_word' id='word_1_143' title='bbox 1652 2328 1845 2400; x_wconf 89' lang='lat' dir='ltr'><strong>possit.</strong></span> <span class='ocrx_word' id='word_1_144' title='bbox 1872 2328 1979 2383; x_wconf 80' lang='lat' dir='ltr'><strong>Re-</strong></span> 
     </span>
    </p>
   </div>
   <div class='ocr_carea' id='block_1_25' title="bbox 398 2422 1975 2493">
    <p class='ocr_par' dir='ltr' id='par_1_25' title="bbox 398 2422 1975 2493">
     <span class='ocr_line' id='line_1_25' title="bbox 398 2422 1975 2493; baseline -0.001 -16"><span class='ocrx_word' id='word_1_145' title='bbox 398 2440 529 2478; x_wconf 79' lang='lat' dir='ltr'><strong>vera</strong></span> <span class='ocrx_word' id='word_1_146' title='bbox 554 2426 571 2445; x_wconf 81' lang='grc'>⁶</span> <span class='ocrx_word' id='word_1_147' title='bbox 593 2424 740 2479; x_wconf 89' lang='lat' dir='ltr'><strong>enim</strong></span> <span class='ocrx_word' id='word_1_148' title='bbox 765 2423 1129 2493; x_wconf 89' lang='lat' dir='ltr'><strong>apostolicum</strong></span> <span class='ocrx_word' id='word_1_149' title='bbox 1151 2422 1207 2478; x_wconf 90' lang='lat' dir='ltr'><strong>in</strong></span> <span class='ocrx_word' id='word_1_150' title='bbox 1228 2422 1450 2492; x_wconf 89' lang='lat' dir='ltr'><strong>scriptis</strong></span> <span class='ocrx_word' id='word_1_151' title='bbox 1467 2422 1583 2476; x_wconf 91' lang='lat' dir='ltr'><strong>suis</strong></span> <span class='ocrx_word' id='word_1_152' title='bbox 1599 2422 1975 2477; x_wconf 88' lang='lat' dir='ltr'><strong>characterem</strong></span> 
     </span>
    </p>
   </div>
   <div class='ocr_carea' id='block_1_26' title="bbox 399 2513 1978 2584">
    <p class='ocr_par' dir='ltr' id='par_1_26' title="bbox 399 2513 1978 2584">
     <span class='ocr_line' id='line_1_26' title="bbox 399 2513 1978 2584; baseline -0.003 -14"><span class='ocrx_word' id='word_1_153' title='bbox 399 2524 622 2571; x_wconf 81' lang='lat' dir='ltr'><strong>secutus</strong></span> <span class='ocrx_word' id='word_1_154' title='bbox 647 2522 732 2569; x_wconf 86' lang='lat' dir='ltr'><strong>est</strong></span> <span class='ocrx_word' id='word_1_155' title='bbox 755 2555 770 2579; x_wconf 93' lang='lat'><strong>,</strong></span> <span class='ocrx_word' id='word_1_156' title='bbox 825 2522 881 2569; x_wconf 88' lang='lat' dir='ltr'><strong>et</strong></span> <span class='ocrx_word' id='word_1_157' title='bbox 924 2529 1047 2584; x_wconf 63' lang='lat' dir='ltr'><strong>qua:</strong></span> <span class='ocrx_word' id='word_1_158' title='bbox 1078 2529 1108 2568; x_wconf 93' lang='lat' dir='ltr'><strong>a</strong></span> <span class='ocrx_word' id='word_1_159' title='bbox 1139 2513 1347 2568; x_wconf 90' lang='lat' dir='ltr'><strong>sanctis</strong></span> <span class='ocrx_word' id='word_1_160' title='bbox 1375 2513 1662 2584; x_wconf 88' lang='lat' dir='ltr'><strong>beatisque</strong></span> <span class='ocrx_word' id='word_1_161' title='bbox 1690 2513 1978 2583; x_wconf 86' lang='lat' dir='ltr'><strong>pr0phetis</strong></span> 
     </span>
    </p>
   </div>
   <div class='ocr_carea' id='block_1_27' title="bbox 398 2602 1972 2675">
    <p class='ocr_par' dir='ltr' id='par_1_27' title="bbox 398 2602 1972 2675">
     <span class='ocr_line' id='line_1_27' title="bbox 398 2602 1972 2675; baseline -0.003 -16"><span class='ocrx_word' id='word_1_162' title='bbox 398 2613 454 2660; x_wconf 86' lang='lat' dir='ltr'><strong>ct</strong></span> <span class='ocrx_word' id='word_1_163' title='bbox 482 2606 776 2675; x_wconf 88' lang='lat' dir='ltr'><strong>apostolis,</strong></span> <span class='ocrx_word' id='word_1_164' title='bbox 830 2612 887 2659; x_wconf 91' lang='lat' dir='ltr'><strong>et</strong></span> <span class='ocrx_word' id='word_1_165' title='bbox 940 2604 1104 2658; x_wconf 89' lang='lat' dir='ltr'><strong>abiis</strong></span> <span class='ocrx_word' id='word_1_166' title='bbox 1155 2603 1251 2673; x_wconf 88' lang='lat' dir='ltr'><strong>qui</strong></span> <span class='ocrx_word' id='word_1_167' title='bbox 1291 2609 1415 2674; x_wconf 87' lang='lat' dir='ltr'><strong>post</strong></span> <span class='ocrx_word' id='word_1_168' title='bbox 1464 2603 1588 2658; x_wconf 88' lang='lat' dir='ltr'><strong>illos</strong></span> <span class='ocrx_word' id='word_1_169' title='bbox 1612 2602 1972 2671; x_wconf 80' lang='lat' dir='ltr'><strong>Evangelium</strong></span> 
     </span>
    </p>
   </div>
   <div class='ocr_carea' id='block_1_28' title="bbox 398 2693 1975 2770">
    <p class='ocr_par' dir='ltr' id='par_1_28' title="bbox 398 2693 1975 2770">
     <span class='ocr_line' id='line_1_28' title="bbox 398 2693 1975 2770; baseline -0.004 -17"><span class='ocrx_word' id='word_1_170' title='bbox 398 2698 788 2770; x_wconf 69' lang='lat' dir='ltr'><strong>praedicarunt,</strong></span> <span class='ocrx_word' id='word_1_171' title='bbox 815 2711 1043 2767; x_wconf 65' lang='lat' dir='ltr'><strong>quaeque</strong></span> <span class='ocrx_word' id='word_1_172' title='bbox 1066 2712 1094 2750; x_wconf 87' lang='lat' dir='ltr'><strong>a</strong></span> <span class='ocrx_word' id='word_1_173' title='bbox 1119 2696 1325 2751; x_wconf 87' lang='lat' dir='ltr'><strong>sanctis</strong></span> <span class='ocrx_word' id='word_1_174' title='bbox 1348 2695 1605 2751; x_wconf 89' lang='lat' dir='ltr'><strong>Patrihus</strong></span> <span class='ocrx_word' id='word_1_175' title='bbox 1630 2693 1824 2749; x_wconf 68' lang='lat' dir='ltr'><strong>Nicaea:</strong></span> <span class='ocrx_word' id='word_1_176' title='bbox 1844 2708 1975 2747; x_wconf 89' lang='lat' dir='ltr'><strong>con-</strong></span> 
     </span>
    </p>
   </div>
   <div class='ocr_carea' id='block_1_29' title="bbox 399 2784 1977 2864">
    <p class='ocr_par' dir='ltr' id='par_1_29' title="bbox 399 2784 1977 2864">
     <span class='ocr_line' id='line_1_29' title="bbox 399 2784 1977 2864; baseline -0.004 -19"><span class='ocrx_word' id='word_1_177' title='bbox 399 2789 638 2864; x_wconf 78' lang='lat' dir='ltr'><strong>gregatis</strong></span> <span class='ocrx_word' id='word_1_178' title='bbox 663 2789 861 2844; x_wconf 90' lang='lat' dir='ltr'><strong>tradita</strong></span> <span class='ocrx_word' id='word_1_179' title='bbox 887 2798 1035 2855; x_wconf 89' lang='lat' dir='ltr'><strong>sunt,</strong></span> <span class='ocrx_word' id='word_1_180' title='bbox 1071 2788 1263 2843; x_wconf 89' lang='lat' dir='ltr'><strong>eadem</strong></span> <span class='ocrx_word' id='word_1_181' title='bbox 1288 2788 1344 2843; x_wconf 93' lang='lat' dir='ltr'><strong>in</strong></span> <span class='ocrx_word' id='word_1_182' title='bbox 1373 2787 1460 2841; x_wconf 91' lang='lat' dir='ltr'><strong>his</strong></span> <span class='ocrx_word' id='word_1_183' title='bbox 1482 2786 1684 2841; x_wconf 89' lang='lat' dir='ltr'><strong>litteris</strong></span> <span class='ocrx_word' id='word_1_184' title='bbox 1712 2784 1859 2840; x_wconf 91' lang='lat' dir='ltr'><strong>nacti</strong></span> <span class='ocrx_word' id='word_1_185' title='bbox 1885 2800 1977 2839; x_wconf 91' lang='lat' dir='ltr'><strong>su-</strong></span> 
     </span>
    </p>
   </div>
   <div class='ocr_carea' id='block_1_30' title="bbox 398 2879 1976 2953">
    <p class='ocr_par' dir='ltr' id='par_1_30' title="bbox 398 2879 1976 2953">
     <span class='ocr_line' id='line_1_30' title="bbox 398 2879 1976 2953; baseline -0.004 -15"><span class='ocrx_word' id='word_1_186' title='bbox 398 2898 522 2938; x_wconf 90' lang='lat' dir='ltr'><strong>mus</strong></span> <span class='ocrx_word' id='word_1_187' title='bbox 573 2901 585 2937; x_wconf 93' lang='lat'><strong>:</strong></span> <span class='ocrx_word' id='word_1_188' title='bbox 634 2882 836 2953; x_wconf 88' lang='lat' dir='ltr'><strong>quibus</strong></span> <span class='ocrx_word' id='word_1_189' title='bbox 863 2890 918 2936; x_wconf 88' lang='lat' dir='ltr'><strong>et</strong></span> <span class='ocrx_word' id='word_1_190' title='bbox 944 2897 1045 2937; x_wconf 88' lang='lat' dir='ltr'><strong>nos</strong></span> <span class='ocrx_word' id='word_1_191' title='bbox 1091 2881 1347 2941; x_wconf 88' lang='lat' dir='ltr'><strong>insistere</strong></span> <span class='ocrx_word' id='word_1_192' title='bbox 1370 2879 1727 2950; x_wconf 84' lang='lat' dir='ltr'><strong>proﬁtemur,</strong></span> <span class='ocrx_word' id='word_1_193' title='bbox 1781 2886 1837 2932; x_wconf 90' lang='lat' dir='ltr'><strong>et</strong></span> <span class='ocrx_word' id='word_1_194' title='bbox 1880 2892 1976 2932; x_wconf 92' lang='lat' dir='ltr'><strong>eos</strong></span> 
     </span>
    </p>
   </div>
   <div class='ocr_carea' id='block_1_31' title="bbox 397 2969 1971 3045">
    <p class='ocr_par' dir='ltr' id='par_1_31' title="bbox 397 2969 1971 3045">
     <span class='ocr_line' id='line_1_31' title="bbox 397 2969 1971 3045; baseline -0.005 -16"><span class='ocrx_word' id='word_1_195' title='bbox 397 2975 493 3045; x_wconf 94' lang='lat' dir='ltr'><strong>qui</strong></span> <span class='ocrx_word' id='word_1_196' title='bbox 525 2973 594 3029; x_wconf 87' lang='lat' dir='ltr'><strong>ab</strong></span> <span class='ocrx_word' id='word_1_197' title='bbox 622 2974 709 3028; x_wconf 89' lang='lat' dir='ltr'><strong>his</strong></span> <span class='ocrx_word' id='word_1_198' title='bbox 741 2972 958 3027; x_wconf 90' lang='lat' dir='ltr'><strong>diversa</strong></span> <span class='ocrx_word' id='word_1_199' title='bbox 988 2971 1265 3035; x_wconf 89' lang='lat' dir='ltr'><strong>sentiunt,</strong></span> <span class='ocrx_word' id='word_1_200' title='bbox 1306 2969 1605 3038; x_wconf 88' lang='lat' dir='ltr'><strong>impietatis</strong></span> <span class='ocrx_word' id='word_1_201' title='bbox 1629 2969 1971 3023; x_wconf 88' lang='lat' dir='ltr'><strong>damnamus.</strong></span> 
     </span>
    </p>
   </div>
   <div class='ocr_carea' id='block_1_32' title="bbox 396 3057 1973 3125">
    <p class='ocr_par' dir='ltr' id='par_1_32' title="bbox 396 3057 1973 3125">
     <span class='ocr_line' id='line_1_32' title="bbox 396 3057 1973 3125; baseline -0.007 -4"><span class='ocrx_word' id='word_1_202' title='bbox 396 3066 532 3121; x_wconf 89' lang='lat' dir='ltr'><strong>Cum</strong></span> <span class='ocrx_word' id='word_1_203' title='bbox 574 3066 663 3120; x_wconf 89' lang='lat' dir='ltr'><strong>his</strong></span> <span class='ocrx_word' id='word_1_204' title='bbox 697 3075 880 3119; x_wconf 90' lang='lat' dir='ltr'><strong>autem</strong></span> <span class='ocrx_word' id='word_1_205' title='bbox 916 3063 1118 3116; x_wconf 88' lang='lat' dir='ltr'><strong>litteris</strong></span> <span class='ocrx_word' id='word_1_206' title='bbox 1140 3060 1278 3113; x_wconf 90' lang='lat' dir='ltr'><strong>meis</strong></span> <span class='ocrx_word' id='word_1_207' title='bbox 1306 3073 1470 3112; x_wconf 88' lang='lat' dir='ltr'><strong>unam</strong></span> <span class='ocrx_word' id='word_1_208' title='bbox 1502 3073 1569 3111; x_wconf 85' lang='lat' dir='ltr'><strong>ex</strong></span> <span class='ocrx_word' id='word_1_209' title='bbox 1596 3057 1844 3125; x_wconf 83' lang='lat' dir='ltr'><strong>epistolis</strong></span> <span class='ocrx_word' id='word_1_210' title='bbox 1876 3071 1973 3110; x_wconf 87' lang='lat' dir='ltr'><strong>co-</strong></span> 
     </span>
    </p>
   </div>
   <div class='ocr_carea' id='block_1_33' title="bbox 2086 552 3684 624">
    <p class='ocr_par' dir='ltr' id='par_1_33' title="bbox 2086 552 3684 624">
     <span class='ocr_line' id='line_1_33' title="bbox 2086 552 3684 624; baseline 0.001 -20"><span class='ocrx_word' id='word_1_211' title='bbox 2086 552 2236 604; x_wconf 84' lang='grc' dir='ltr'>καλῶ</span> <span class='ocrx_word' id='word_1_212' title='bbox 2268 553 2327 605; x_wconf 74' lang='grc' dir='ltr'>τὸ</span> <span class='ocrx_word' id='word_1_213' title='bbox 2366 554 2629 623; x_wconf 82' lang='grc' dir='ltr'>ὑμέτερον</span> <span class='ocrx_word' id='word_1_214' title='bbox 2669 553 2917 623; x_wconf 84' lang='grc' dir='ltr'>μέγεθος,</span> <span class='ocrx_word' id='word_1_215' title='bbox 2960 554 3338 621; x_wconf 76' lang='grc' dir='ltr'><strong>πνευματικῆς</strong></span> <span class='ocrx_word' id='word_1_216' title='bbox 3391 555 3684 624; x_wconf 76' lang='grc' dir='ltr'><strong>ἐμπορίας</strong></span> 
     </span>
    </p>
   </div>
   <div class='ocr_carea' id='block_1_34' title="bbox 2084 643 3679 715">
    <p class='ocr_par' dir='ltr' id='par_1_34' title="bbox 2084 643 3679 715">
     <span class='ocr_line' id='line_1_34' title="bbox 2084 643 3679 715; baseline 0.002 -20"><span class='ocrx_word' id='word_1_217' title='bbox 2084 643 2336 715; x_wconf 79' lang='grc' dir='ltr'>ἀφορμὴν</span> <span class='ocrx_word' id='word_1_218' title='bbox 2380 645 2597 714; x_wconf 86' lang='grc' dir='ltr'>νομίσαι</span> <span class='ocrx_word' id='word_1_219' title='bbox 2638 644 2729 696; x_wconf 86' lang='grc' dir='ltr'><strong>τὸν</strong></span> <span class='ocrx_word' id='word_1_220' title='bbox 2758 643 3002 714; x_wconf 68' lang='grc' dir='ltr'>παρόντα</span> <span class='ocrx_word' id='word_1_221' title='bbox 3046 644 3269 715; x_wconf 78' lang='grc' dir='ltr'>καιρόν·</span> <span class='ocrx_word' id='word_1_222' title='bbox 3301 646 3397 697; x_wconf 76' lang='grc' dir='ltr'><strong>καὶ</strong></span> <span class='ocrx_word' id='word_1_223' title='bbox 3425 645 3526 714; x_wconf 72' lang='grc' dir='ltr'><strong>τὴν</strong></span> <span class='ocrx_word' id='word_1_224' title='bbox 3560 648 3679 715; x_wconf 72' lang='grc' dir='ltr'>μὲν</span> 
     </span>
    </p>
   </div>
   <div class='ocr_carea' id='block_1_35' title="bbox 2086 734 3647 805">
    <p class='ocr_par' dir='ltr' id='par_1_35' title="bbox 2086 734 3647 805">
     <span class='ocr_line' id='line_1_35' title="bbox 2086 734 3647 805; baseline 0.001 -19"><span class='ocrx_word' id='word_1_225' title='bbox 2086 735 2224 805; x_wconf 74' lang='grc' dir='ltr'>ὑπὲρ</span> <span class='ocrx_word' id='word_1_226' title='bbox 2253 736 2353 805; x_wconf 84' lang='grc' dir='ltr'>τῆς</span> <span class='ocrx_word' id='word_1_227' title='bbox 2404 734 2688 797; x_wconf 73' lang='grc' dir='ltr'>εὐσεϐείας</span> <span class='ocrx_word' id='word_1_228' title='bbox 2718 737 3051 801; x_wconf 82' lang='grc' dir='ltr'><strong>εἰσενεγκεῖν</strong></span> <span class='ocrx_word' id='word_1_229' title='bbox 3081 735 3407 805; x_wconf 77' lang='grc' dir='ltr'><strong>προθυμίαν,</strong></span> <span class='ocrx_word' id='word_1_230' title='bbox 3444 735 3647 788; x_wconf 63' lang='lat' dir='ltr'><strong>Mla</strong></span> 
     </span>
    </p>
   </div>
   <div class='ocr_carea' id='block_1_36' title="bbox 2088 802 3680 895">
    <p class='ocr_par' dir='ltr' id='par_1_36' title="bbox 2088 802 3680 895">
     <span class='ocr_line' id='line_1_36' title="bbox 2088 802 3680 895; baseline -0.002 -19"><span class='ocrx_word' id='word_1_231' title='bbox 2088 802 2206 876; x_wconf 61' lang='grc' dir='ltr'>δεῖν</span> <span class='ocrx_word' id='word_1_232' title='bbox 2245 802 2492 895; x_wconf 19' lang='grc' dir='ltr'>δὲνπαρὰ</span> <span class='ocrx_word' id='word_1_233' title='bbox 2534 823 2627 877; x_wconf 86' lang='grc' dir='ltr'><strong>τοῦ</strong></span> <span class='ocrx_word' id='word_1_234' title='bbox 2674 823 3049 894; x_wconf 81' lang='grc' dir='ltr'><strong>μεγαλοδώρου</strong></span> <span class='ocrx_word' id='word_1_235' title='bbox 3107 802 3407 887; x_wconf 65' lang='grc' dir='ltr'>Δεσπδτου,</span> <span class='ocrx_word' id='word_1_236' title='bbox 3446 825 3551 877; x_wconf 85' lang='grc' dir='ltr'><strong>κάν</strong></span> <span class='ocrx_word' id='word_1_237' title='bbox 3582 824 3680 892; x_wconf 75' lang='grc' dir='ltr'>τῷ</span> 
     </span>
    </p>
   </div>
   <div class='ocr_carea' id='block_1_37' title="bbox 2082 913 3674 986">
    <p class='ocr_par' dir='ltr' id='par_1_37' title="bbox 2082 913 3674 986">
     <span class='ocr_line' id='line_1_37' title="bbox 2082 913 3674 986; baseline -0.002 -19"><span class='ocrx_word' id='word_1_238' title='bbox 2082 915 2313 984; x_wconf 78' lang='grc' dir='ltr'><strong>παρόντι</strong></span> <span class='ocrx_word' id='word_1_239' title='bbox 2344 914 2443 985; x_wconf 80' lang='grc' dir='ltr'><strong>βίῳ</strong></span> <span class='ocrx_word' id='word_1_240' title='bbox 2478 914 2575 986; x_wconf 81' lang='grc' dir='ltr'><strong>τὴν</strong></span> <span class='ocrx_word' id='word_1_241' title='bbox 2600 913 2870 984; x_wconf 78' lang='grc' dir='ltr'><strong>μεγίστην</strong></span> <span class='ocrx_word' id='word_1_242' title='bbox 2901 914 3247 983; x_wconf 67' lang='grc' dir='ltr'><strong>κηδεμονίαν,</strong></span> <span class='ocrx_word' id='word_1_243' title='bbox 3278 916 3381 967; x_wconf 84' lang='grc' dir='ltr'><strong>κάν</strong></span> <span class='ocrx_word' id='word_1_244' title='bbox 3418 914 3498 983; x_wconf 79' lang='grc' dir='ltr'>τῷ</span> <span class='ocrx_word' id='word_1_245' title='bbox 3530 914 3674 984; x_wconf 69' lang='grc' dir='ltr'><strong>μὲλ-</strong></span> 
     </span>
    </p>
   </div>
   <div class='ocr_carea' id='block_1_38' title="bbox 2082 1003 3092 1076">
    <p class='ocr_par' dir='ltr' id='par_1_38' title="bbox 2082 1003 3092 1076">
     <span class='ocr_line' id='line_1_38' title="bbox 2082 1003 3092 1076; baseline 0.001 -20"><span class='ocrx_word' id='word_1_246' title='bbox 2082 1006 2228 1058; x_wconf 80' lang='grc' dir='ltr'>λοντι</span> <span class='ocrx_word' id='word_1_247' title='bbox 2255 1006 2355 1074; x_wconf 78' lang='grc' dir='ltr'><strong>τὴν</strong></span> <span class='ocrx_word' id='word_1_248' title='bbox 2376 1004 2485 1057; x_wconf 88' lang='grc' dir='ltr'><strong>τῶν</strong></span> <span class='ocrx_word' id='word_1_249' title='bbox 2519 1003 2764 1076; x_wconf 83' lang='grc' dir='ltr'>οὐρανῶν</span> <span class='ocrx_word' id='word_1_250' title='bbox 2791 1005 3092 1073; x_wconf 82' lang='grc' dir='ltr'>βασιλείαν.</span> 
     </span>
    </p>
   </div>
   <div class='ocr_carea' id='block_1_39' title="bbox 2383 1118 3346 1186">
    <p class='ocr_par' dir='ltr' id='par_1_39' title="bbox 2383 1118 3346 1186">
     <span class='ocr_line' id='line_1_39' title="bbox 2383 1118 3346 1186; baseline 0.002 -15"><span class='ocrx_word' id='word_1_251' title='bbox 2383 1118 2556 1174; x_wconf 82' lang='lat' dir='ltr'><strong>PKA&#39;.</strong></span> <span class='ocrx_word' id='word_1_252' title='bbox 2593 1149 2664 1158; x_wconf 89' lang='lat'>-</span> <span class='ocrx_word' id='word_1_253' title='bbox 2692 1118 3011 1184; x_wconf 74' lang='grc' dir='ltr'>Ἀνατολίῳ</span> <span class='ocrx_word' id='word_1_254' title='bbox 3047 1122 3346 1186; x_wconf 53' lang='lat' dir='ltr'><strong>«mpm/qr.</strong></span> 
     </span>
    </p>
   </div>
   <div class='ocr_carea' id='block_1_40' title="bbox 2154 1228 3678 1300">
    <p class='ocr_par' dir='ltr' id='par_1_40' title="bbox 2154 1228 3678 1300">
     <span class='ocr_line' id='line_1_40' title="bbox 2154 1228 3678 1300; baseline -0.001 -18"><span class='ocrx_word' id='word_1_255' title='bbox 2154 1228 2395 1295; x_wconf 80' lang='grc' dir='ltr'>Ἐδειξεν</span> <span class='ocrx_word' id='word_1_256' title='bbox 2452 1231 2481 1281; x_wconf 88' lang='grc' dir='ltr'>ὁ</span> <span class='ocrx_word' id='word_1_257' title='bbox 2538 1231 2605 1284; x_wconf 65' lang='grc' dir='ltr'>τὰ</span> <span class='ocrx_word' id='word_1_258' title='bbox 2664 1230 2819 1282; x_wconf 80' lang='grc' dir='ltr'>πάντ’</span> <span class='ocrx_word' id='word_1_259' title='bbox 2875 1229 3089 1300; x_wconf 78' lang='grc' dir='ltr'>ἐφορῶν</span> <span class='ocrx_word' id='word_1_260' title='bbox 3154 1230 3246 1282; x_wconf 77' lang='grc' dir='ltr'><strong>καὶ</strong></span> <span class='ocrx_word' id='word_1_261' title='bbox 3300 1230 3678 1300; x_wconf 71' lang='grc' dir='ltr'>πρυτανεύων</span> 
     </span>
    </p>
   </div>
   <div class='ocr_carea' id='block_1_41' title="bbox 2078 1318 3677 1390">
    <p class='ocr_par' dir='ltr' id='par_1_41' title="bbox 2078 1318 3677 1390">
     <span class='ocr_line' id='line_1_41' title="bbox 2078 1318 3677 1390; baseline -0.001 -17"><span class='ocrx_word' id='word_1_262' title='bbox 2078 1322 2378 1390; x_wconf 80' lang='grc' dir='ltr'>Δεσπότης.</span> <span class='ocrx_word' id='word_1_263' title='bbox 2407 1322 2503 1373; x_wconf 74' lang='grc' dir='ltr'><strong>καὶ</strong></span> <span class='ocrx_word' id='word_1_264' title='bbox 2539 1321 2637 1389; x_wconf 79' lang='grc' dir='ltr'><strong>τὴν</strong></span> <span class='ocrx_word' id='word_1_265' title='bbox 2684 1320 3051 1389; x_wconf 72' lang='grc' dir='ltr'>άποστολικὴν</span> <span class='ocrx_word' id='word_1_266' title='bbox 3078 1318 3185 1371; x_wconf 87' lang='grc' dir='ltr'><strong>τῶν</strong></span> <span class='ocrx_word' id='word_1_267' title='bbox 3216 1319 3499 1389; x_wconf 77' lang='grc' dir='ltr'><strong>ἡμετέρων</strong></span> <span class='ocrx_word' id='word_1_268' title='bbox 3539 1321 3677 1387; x_wconf 74' lang='grc' dir='ltr'>δογ-</span> 
     </span>
    </p>
   </div>
   <div class='ocr_carea' id='block_1_42' title="bbox 2081 1410 3678 1482">
    <p class='ocr_par' dir='ltr' id='par_1_42' title="bbox 2081 1410 3678 1482">
     <span class='ocr_line' id='line_1_42' title="bbox 2081 1410 3678 1482; baseline -0.002 -17"><span class='ocrx_word' id='word_1_269' title='bbox 2081 1412 2264 1481; x_wconf 82' lang='grc' dir='ltr'>μάτων</span> <span class='ocrx_word' id='word_1_270' title='bbox 2307 1410 2583 1480; x_wconf 83' lang='grc' dir='ltr'>ἀλήθειαν,</span> <span class='ocrx_word' id='word_1_271' title='bbox 2632 1411 2727 1464; x_wconf 75' lang='grc' dir='ltr'>καὶ</span> <span class='ocrx_word' id='word_1_272' title='bbox 2777 1411 2881 1480; x_wconf 82' lang='grc' dir='ltr'>τῆς</span> <span class='ocrx_word' id='word_1_273' title='bbox 2929 1410 3050 1464; x_wconf 88' lang='grc' dir='ltr'>καθ’</span> <span class='ocrx_word' id='word_1_274' title='bbox 3078 1410 3235 1482; x_wconf 76' lang='grc' dir='ltr'>ἡμῶν</span> <span class='ocrx_word' id='word_1_275' title='bbox 3279 1413 3678 1481; x_wconf 62' lang='grc' dir='ltr'>γεγενημένης</span> 
     </span>
    </p>
   </div>
   <div class='ocr_carea' id='block_1_43' title="bbox 2079 1501 3675 1573">
    <p class='ocr_par' dir='ltr' id='par_1_43' title="bbox 2079 1501 3675 1573">
     <span class='ocr_line' id='line_1_43' title="bbox 2079 1501 3675 1573; baseline 0.001 -19"><span class='ocrx_word' id='word_1_276' title='bbox 2079 1502 2439 1570; x_wconf 66' lang='grc' dir='ltr'><strong>συκοφαντίας</strong></span> <span class='ocrx_word' id='word_1_277' title='bbox 2478 1503 2536 1555; x_wconf 83' lang='grc' dir='ltr'><strong>τὸ</strong></span> <span class='ocrx_word' id='word_1_278' title='bbox 2563 1501 2779 1572; x_wconf 77' lang='grc' dir='ltr'>ψεῦδος.</span> <span class='ocrx_word' id='word_1_279' title='bbox 2824 1502 2907 1555; x_wconf 76' lang='grc' dir='ltr'><strong>Τὰ</strong></span> <span class='ocrx_word' id='word_1_280' title='bbox 2933 1502 3043 1573; x_wconf 80' lang='grc' dir='ltr'><strong>γάρ</strong></span> <span class='ocrx_word' id='word_1_281' title='bbox 3082 1502 3235 1573; x_wconf 70' lang='grc' dir='ltr'>παρὰ</span> <span class='ocrx_word' id='word_1_282' title='bbox 3267 1501 3358 1555; x_wconf 85' lang='grc' dir='ltr'><strong>τοῦ</strong></span> <span class='ocrx_word' id='word_1_283' title='bbox 3407 1503 3675 1572; x_wconf 73' lang='grc' dir='ltr'>θεοφιλε-</span> 
     </span>
    </p>
   </div>
   <div class='ocr_carea' id='block_1_44' title="bbox 2081 1592 3672 1665">
    <p class='ocr_par' dir='ltr' id='par_1_44' title="bbox 2081 1592 3672 1665">
     <span class='ocr_line' id='line_1_44' title="bbox 2081 1592 3672 1665; baseline 0 -19"><span class='ocrx_word' id='word_1_284' title='bbox 2081 1593 2279 1647; x_wconf 89' lang='grc' dir='ltr'>στάτου</span> <span class='ocrx_word' id='word_1_285' title='bbox 2317 1594 2412 1647; x_wconf 71' lang='grc' dir='ltr'><strong>καὶ</strong></span> <span class='ocrx_word' id='word_1_286' title='bbox 2456 1593 2760 1660; x_wconf 83' lang='grc' dir='ltr'>άγιωτάτου</span> <span class='ocrx_word' id='word_1_287' title='bbox 2803 1592 2899 1663; x_wconf 73' lang='grc' dir='ltr'>τῆς</span> <span class='ocrx_word' id='word_1_288' title='bbox 2944 1592 3187 1662; x_wconf 82' lang='grc' dir='ltr'>μεγάλης</span> <span class='ocrx_word' id='word_1_289' title='bbox 3221 1592 3437 1664; x_wconf 83' lang='grc' dir='ltr'>Ῥώμης</span> <span class='ocrx_word' id='word_1_290' title='bbox 3463 1595 3672 1665; x_wconf 80' lang='grc' dir='ltr'>ἀρχιε-</span> 
     </span>
    </p>
   </div>
   <div class='ocr_carea' id='block_1_45' title="bbox 2077 1683 3674 1756">
    <p class='ocr_par' dir='ltr' id='par_1_45' title="bbox 2077 1683 3674 1756">
     <span class='ocr_line' id='line_1_45' title="bbox 2077 1683 3674 1756; baseline -0.001 -18"><span class='ocrx_word' id='word_1_291' title='bbox 2077 1685 2346 1740; x_wconf 82' lang='grc' dir='ltr'>πισκόπου</span> <span class='ocrx_word' id='word_1_292' title='bbox 2400 1683 2590 1754; x_wconf 83' lang='grc' dir='ltr'>κυρίου</span> <span class='ocrx_word' id='word_1_293' title='bbox 2632 1684 2879 1747; x_wconf 85' lang='grc' dir='ltr'>Λέοντος,</span> <span class='ocrx_word' id='word_1_294' title='bbox 2916 1684 2983 1736; x_wconf 87' lang='grc' dir='ltr'><strong>τά</strong></span> <span class='ocrx_word' id='word_1_295' title='bbox 3029 1685 3165 1756; x_wconf 64' lang='grc' dir='ltr'>πρὸς</span> <span class='ocrx_word' id='word_1_296' title='bbox 3209 1685 3303 1737; x_wconf 69' lang='grc' dir='ltr'>τὸν</span> <span class='ocrx_word' id='word_1_297' title='bbox 3352 1686 3451 1755; x_wconf 78' lang='grc' dir='ltr'>τῆς</span> <span class='ocrx_word' id='word_1_298' title='bbox 3497 1687 3674 1747; x_wconf 78' lang='grc' dir='ltr'>ὁσίας</span> 
     </span>
    </p>
   </div>
   <div class='ocr_carea' id='block_1_46' title="bbox 2080 1775 3671 1848">
    <p class='ocr_par' dir='ltr' id='par_1_46' title="bbox 2080 1775 3671 1848">
     <span class='ocr_line' id='line_1_46' title="bbox 2080 1775 3671 1848; baseline -0.001 -19"><span class='ocrx_word' id='word_1_299' title='bbox 2080 1780 2299 1848; x_wconf 77' lang='grc' dir='ltr'>μνήμης</span> <span class='ocrx_word' id='word_1_300' title='bbox 2335 1775 2653 1842; x_wconf 80' lang='grc' dir='ltr'>Φλαόιανὸν,</span> <span class='ocrx_word' id='word_1_301' title='bbox 2705 1776 2802 1828; x_wconf 75' lang='grc' dir='ltr'><strong>καὶ</strong></span> <span class='ocrx_word' id='word_1_302' title='bbox 2846 1775 2982 1845; x_wconf 76' lang='grc' dir='ltr'>πρὸς</span> <span class='ocrx_word' id='word_1_303' title='bbox 3030 1777 3157 1838; x_wconf 78' lang='grc' dir='ltr'>τοὺς</span> <span class='ocrx_word' id='word_1_304' title='bbox 3195 1775 3385 1838; x_wconf 81' lang='grc' dir='ltr'>ἄλλους</span> <span class='ocrx_word' id='word_1_305' title='bbox 3428 1775 3559 1838; x_wconf 74' lang='grc' dir='ltr'>τοὺς</span> <span class='ocrx_word' id='word_1_306' title='bbox 3602 1779 3671 1828; x_wconf 80' lang='grc' dir='ltr'>ἐν</span> 
     </span>
    </p>
   </div>
   <div class='ocr_carea' id='block_1_47' title="bbox 2090 1866 3677 1940">
    <p class='ocr_par' dir='ltr' id='par_1_47' title="bbox 2090 1866 3677 1940">
     <span class='ocr_line' id='line_1_47' title="bbox 2090 1866 3677 1940; baseline -0.004 -17"><span class='ocrx_word' id='word_1_307' title='bbox 2090 1871 2302 1940; x_wconf 81' lang='grc' dir='ltr'>Ἐφέσῳ</span> <span class='ocrx_word' id='word_1_308' title='bbox 2330 1866 2815 1938; x_wconf 82' lang='grc' dir='ltr'>συναθροισθέντας</span> <span class='ocrx_word' id='word_1_309' title='bbox 2847 1866 3153 1937; x_wconf 79' lang='grc' dir='ltr'>γραφέντα,</span> <span class='ocrx_word' id='word_1_310' title='bbox 3195 1866 3333 1933; x_wconf 81' lang='grc' dir='ltr'>ἄγαν</span> <span class='ocrx_word' id='word_1_311' title='bbox 3373 1868 3677 1934; x_wconf 72' lang='grc' dir='ltr'>συμφωνεῖ</span> 
     </span>
    </p>
   </div>
   <div class='ocr_carea' id='block_1_48' title="bbox 2075 1956 3671 2031">
    <p class='ocr_par' dir='ltr' id='par_1_48' title="bbox 2075 1956 3671 2031">
     <span class='ocr_line' id='line_1_48' title="bbox 2075 1956 3671 2031; baseline -0.005 -16"><span class='ocrx_word' id='word_1_312' title='bbox 2075 1964 2189 2026; x_wconf 78' lang='grc' dir='ltr'>τοῖς</span> <span class='ocrx_word' id='word_1_313' title='bbox 2224 1962 2354 2031; x_wconf 77' lang='grc' dir='ltr'>παρ’</span> <span class='ocrx_word' id='word_1_314' title='bbox 2390 1959 2546 2030; x_wconf 78' lang='grc' dir='ltr'>ἡμῶν</span> <span class='ocrx_word' id='word_1_315' title='bbox 2592 1959 2684 2011; x_wconf 74' lang='grc' dir='ltr'>καὶ</span> <span class='ocrx_word' id='word_1_316' title='bbox 2722 1960 3103 2026; x_wconf 83' lang='grc' dir='ltr'>συγγραφεῖσι,</span> <span class='ocrx_word' id='word_1_317' title='bbox 3157 1958 3252 2010; x_wconf 77' lang='grc' dir='ltr'>καὶ</span> <span class='ocrx_word' id='word_1_318' title='bbox 3295 1956 3382 2008; x_wconf 81' lang='grc' dir='ltr'><strong>ἐπ’</strong></span> <span class='ocrx_word' id='word_1_319' title='bbox 3427 1958 3671 2026; x_wconf 73' lang='grc' dir='ltr'>Ἐκκλη-</span> 
     </span>
    </p>
   </div>
   <div class='ocr_carea' id='block_1_49' title="bbox 2079 2045 3670 2123">
    <p class='ocr_par' dir='ltr' id='par_1_49' title="bbox 2079 2045 3670 2123">
     <span class='ocr_line' id='line_1_49' title="bbox 2079 2045 3670 2123; baseline -0.004 -15"><span class='ocrx_word' id='word_1_320' title='bbox 2079 2056 2200 2116; x_wconf 89' lang='grc' dir='ltr'>σίας</span> <span class='ocrx_word' id='word_1_321' title='bbox 2246 2050 2601 2123; x_wconf 79' lang='grc' dir='ltr'>κηρυχθεῖσιν</span> <span class='ocrx_word' id='word_1_322' title='bbox 2634 2050 2739 2103; x_wconf 87' lang='grc' dir='ltr'>ἀεί.</span> <span class='ocrx_word' id='word_1_323' title='bbox 2790 2045 2863 2103; x_wconf 80' lang='grc' dir='ltr'>Οῦ</span> <span class='ocrx_word' id='word_1_324' title='bbox 2901 2049 2964 2120; x_wconf 82' lang='grc' dir='ltr'><strong>δὴ</strong></span> <span class='ocrx_word' id='word_1_325' title='bbox 3003 2050 3163 2119; x_wconf 81' lang='grc' dir='ltr'>χάριν</span> <span class='ocrx_word' id='word_1_326' title='bbox 3216 2048 3376 2111; x_wconf 73' lang='grc' dir='ltr'>εὐθὺς</span> <span class='ocrx_word' id='word_1_327' title='bbox 3414 2049 3670 2118; x_wconf 78' lang='grc' dir='ltr'>ἐντυχὼν</span> 
     </span>
    </p>
   </div>
   <div class='ocr_carea' id='block_1_50' title="bbox 2078 2139 3671 2215">
    <p class='ocr_par' dir='ltr' id='par_1_50' title="bbox 2078 2139 3671 2215">
     <span class='ocr_line' id='line_1_50' title="bbox 2078 2139 3671 2215; baseline -0.006 -17"><span class='ocrx_word' id='word_1_328' title='bbox 2078 2144 2295 2215; x_wconf 77' lang='grc' dir='ltr'>ὕμνησα</span> <span class='ocrx_word' id='word_1_329' title='bbox 2323 2144 2417 2196; x_wconf 72' lang='grc' dir='ltr'><strong>τὸν</strong></span> <span class='ocrx_word' id='word_1_330' title='bbox 2446 2141 2826 2213; x_wconf 85' lang='grc' dir='ltr'>φιλάνθρωπον</span> <span class='ocrx_word' id='word_1_331' title='bbox 2854 2141 3078 2210; x_wconf 79' lang='grc' dir='ltr'>Κύριον,</span> <span class='ocrx_word' id='word_1_332' title='bbox 3102 2141 3183 2193; x_wconf 80' lang='grc' dir='ltr'>ὅτι</span> <span class='ocrx_word' id='word_1_333' title='bbox 3214 2141 3274 2193; x_wconf 73' lang='grc' dir='ltr'><strong>οὐ</strong></span> <span class='ocrx_word' id='word_1_334' title='bbox 3297 2140 3394 2203; x_wconf 77' lang='grc' dir='ltr'>τὰς</span> <span class='ocrx_word' id='word_1_335' title='bbox 3426 2139 3671 2210; x_wconf 74' lang='grc' dir='ltr'>Ἐκκλη-</span> 
     </span>
    </p>
   </div>
   <div class='ocr_carea' id='block_1_51' title="bbox 2079 2232 3667 2304">
    <p class='ocr_par' dir='ltr' id='par_1_51' title="bbox 2079 2232 3667 2304">
     <span class='ocr_line' id='line_1_51' title="bbox 2079 2232 3667 2304; baseline -0.006 -11"><span class='ocrx_word' id='word_1_336' title='bbox 2079 2242 2200 2302; x_wconf 85' lang='grc' dir='ltr'>σίας</span> <span class='ocrx_word' id='word_1_337' title='bbox 2234 2239 2512 2303; x_wconf 79' lang='grc' dir='ltr'>παντελῶς</span> <span class='ocrx_word' id='word_1_338' title='bbox 2554 2235 2966 2301; x_wconf 80' lang='grc' dir='ltr'>καταλέλοιπεν,</span> <span class='ocrx_word' id='word_1_339' title='bbox 3002 2235 3115 2288; x_wconf 84' lang='grc' dir='ltr'>ἀλλ’</span> <span class='ocrx_word' id='word_1_340' title='bbox 3150 2234 3382 2304; x_wconf 78' lang='grc' dir='ltr'>ἐφύλαξε</span> <span class='ocrx_word' id='word_1_341' title='bbox 3416 2234 3509 2286; x_wconf 78' lang='grc' dir='ltr'><strong>τὸν</strong></span> <span class='ocrx_word' id='word_1_342' title='bbox 3552 2232 3667 2302; x_wconf 75' lang='grc' dir='ltr'><strong>τῆς</strong></span> 
     </span>
    </p>
   </div>
   <div class='ocr_carea' id='block_1_52' title="bbox 2081 2324 3667 2404">
    <p class='ocr_par' dir='ltr' id='par_1_52' title="bbox 2081 2324 3667 2404">
     <span class='ocr_line' id='line_1_52' title="bbox 2081 2324 3667 2404; baseline -0.005 -19"><span class='ocrx_word' id='word_1_343' title='bbox 2081 2332 2389 2404; x_wconf 79' lang='grc' dir='ltr'>ὀρθοδοξίας</span> <span class='ocrx_word' id='word_1_344' title='bbox 2422 2330 2721 2401; x_wconf 78' lang='grc' dir='ltr'>σπινθῆρα·</span> <span class='ocrx_word' id='word_1_345' title='bbox 2759 2330 2958 2400; x_wconf 79' lang='grc' dir='ltr'>μᾶλλον</span> <span class='ocrx_word' id='word_1_346' title='bbox 3001 2328 3057 2381; x_wconf 77' lang='grc' dir='ltr'><strong>δὲ</strong></span> <span class='ocrx_word' id='word_1_347' title='bbox 3096 2328 3155 2380; x_wconf 84' lang='grc' dir='ltr'><strong>οὐ</strong></span> <span class='ocrx_word' id='word_1_348' title='bbox 3187 2326 3484 2396; x_wconf 75' lang='grc' dir='ltr'>σπινθῆρα,</span> <span class='ocrx_word' id='word_1_349' title='bbox 3515 2324 3667 2378; x_wconf 70' lang='grc' dir='ltr'>ἀλλὰ</span> 
     </span>
    </p>
   </div>
   <div class='ocr_carea' id='block_1_53' title="bbox 2076 2412 3668 2494">
    <p class='ocr_par' dir='ltr' id='par_1_53' title="bbox 2076 2412 3668 2494">
     <span class='ocr_line' id='line_1_53' title="bbox 2076 2412 3668 2494; baseline -0.006 -19"><span class='ocrx_word' id='word_1_350' title='bbox 2076 2421 2283 2494; x_wconf 68' lang='grc' dir='ltr'>πυρσὸν</span> <span class='ocrx_word' id='word_1_351' title='bbox 2334 2421 2610 2491; x_wconf 86' lang='grc' dir='ltr'>μέγιστον,</span> <span class='ocrx_word' id='word_1_352' title='bbox 2667 2419 2851 2471; x_wconf 79' lang='grc' dir='ltr'>ἱκανὸν</span> <span class='ocrx_word' id='word_1_353' title='bbox 2897 2417 3092 2487; x_wconf 71' lang='grc' dir='ltr'>ἐξάψαι</span> <span class='ocrx_word' id='word_1_354' title='bbox 3138 2417 3231 2469; x_wconf 76' lang='grc' dir='ltr'><strong>καὶ</strong></span> <span class='ocrx_word' id='word_1_355' title='bbox 3277 2414 3511 2483; x_wconf 79' lang='grc' dir='ltr'>φωτίσαι</span> <span class='ocrx_word' id='word_1_356' title='bbox 3552 2412 3668 2483; x_wconf 72' lang='grc' dir='ltr'>τὴν</span> 
     </span>
    </p>
   </div>
   <div class='ocr_carea' id='block_1_54' title="bbox 2075 2500 3661 2584">
    <p class='ocr_par' dir='ltr' id='par_1_54' title="bbox 2075 2500 3661 2584">
     <span class='ocr_line' id='line_1_54' title="bbox 2075 2500 3661 2584; baseline -0.015 -6"><span class='ocrx_word' id='word_1_357' title='bbox 2075 2514 2419 2584; x_wconf 69' lang='grc' dir='ltr'>οἰκουμένην.</span> <span class='ocrx_word' id='word_1_358' title='bbox 2480 2511 2719 2581; x_wconf 78' lang='grc' dir='ltr'><strong>Ἀληθῶς</strong></span> <span class='ocrx_word' id='word_1_359' title='bbox 2769 2512 2879 2581; x_wconf 73' lang='grc' dir='ltr'><strong>γὰρ</strong></span> <span class='ocrx_word' id='word_1_360' title='bbox 2934 2510 3023 2563; x_wconf 70' lang='grc' dir='ltr'>τὸν</span> <span class='ocrx_word' id='word_1_361' title='bbox 3078 2508 3429 2564; x_wconf 73' lang='grc' dir='ltr'>άποστολικδν</span> <span class='ocrx_word' id='word_1_362' title='bbox 3471 2508 3530 2559; x_wconf 82' lang='grc' dir='ltr'>ἐν</span> <span class='ocrx_word' id='word_1_363' title='bbox 3570 2500 3661 2569; x_wconf 77' lang='grc' dir='ltr'>οἷς</span> 
     </span>
    </p>
   </div>
   <div class='ocr_carea' id='block_1_55' title="bbox 2076 2599 3660 2676">
    <p class='ocr_par' dir='ltr' id='par_1_55' title="bbox 2076 2599 3660 2676">
     <span class='ocr_line' id='line_1_55' title="bbox 2076 2599 3660 2676; baseline -0.006 -17"><span class='ocrx_word' id='word_1_364' title='bbox 2076 2606 2281 2676; x_wconf 72' lang='grc' dir='ltr'>ἔγραψε</span> <span class='ocrx_word' id='word_1_365' title='bbox 2338 2604 2624 2675; x_wconf 80' lang='grc' dir='ltr'>διεφύλαξε</span> <span class='ocrx_word' id='word_1_366' title='bbox 2680 2605 3045 2674; x_wconf 71' lang='grc' dir='ltr'>χαρακτῆρα,</span> <span class='ocrx_word' id='word_1_367' title='bbox 3108 2601 3291 2655; x_wconf 77' lang='grc' dir='ltr'>καὶτὰ</span> <span class='ocrx_word' id='word_1_368' title='bbox 3338 2600 3488 2670; x_wconf 71' lang='grc' dir='ltr'>παρὰ</span> <span class='ocrx_word' id='word_1_369' title='bbox 3542 2599 3660 2651; x_wconf 81' lang='grc' dir='ltr'><strong>τῶν</strong></span> 
     </span>
    </p>
   </div>
   <div class='ocr_carea' id='block_1_56' title="bbox 2077 2692 3662 2767">
    <p class='ocr_par' dir='ltr' id='par_1_56' title="bbox 2077 2692 3662 2767">
     <span class='ocr_line' id='line_1_56' title="bbox 2077 2692 3662 2767; baseline -0.006 -16"><span class='ocrx_word' id='word_1_370' title='bbox 2077 2698 2245 2766; x_wconf 83' lang='grc' dir='ltr'>ἁγίων</span> <span class='ocrx_word' id='word_1_371' title='bbox 2276 2698 2369 2750; x_wconf 61' lang='grc' dir='ltr'><strong>κοιλ⁵</strong></span> <span class='ocrx_word' id='word_1_372' title='bbox 2402 2696 2687 2767; x_wconf 79' lang='grc' dir='ltr'>μακαρίων</span> <span class='ocrx_word' id='word_1_373' title='bbox 2732 2694 3023 2767; x_wconf 75' lang='grc' dir='ltr'>προφητῶν</span> <span class='ocrx_word' id='word_1_374' title='bbox 3057 2694 3151 2747; x_wconf 72' lang='grc' dir='ltr'><strong>καὶ</strong></span> <span class='ocrx_word' id='word_1_375' title='bbox 3190 2692 3521 2753; x_wconf 83' lang='grc' dir='ltr'>ἀποστόλων,</span> <span class='ocrx_word' id='word_1_376' title='bbox 3556 2692 3662 2743; x_wconf 66' lang='grc' dir='ltr'><strong>καὶ</strong></span> 
     </span>
    </p>
   </div>
   <div class='ocr_carea' id='block_1_57' title="bbox 2075 2780 3662 2860">
    <p class='ocr_par' dir='ltr' id='par_1_57' title="bbox 2075 2780 3662 2860">
     <span class='ocr_line' id='line_1_57' title="bbox 2075 2780 3662 2860; baseline -0.006 -17"><span class='ocrx_word' id='word_1_377' title='bbox 2075 2790 2182 2843; x_wconf 89' lang='grc' dir='ltr'><strong>τῶν</strong></span> <span class='ocrx_word' id='word_1_378' title='bbox 2235 2789 2352 2860; x_wconf 79' lang='grc' dir='ltr'>μετ’</span> <span class='ocrx_word' id='word_1_379' title='bbox 2404 2787 2643 2850; x_wconf 81' lang='grc' dir='ltr'>ἐκείνους</span> <span class='ocrx_word' id='word_1_380' title='bbox 2675 2785 3027 2857; x_wconf 79' lang='grc' dir='ltr'>κηρυξάντων</span> <span class='ocrx_word' id='word_1_381' title='bbox 3070 2785 3131 2838; x_wconf 82' lang='grc' dir='ltr'><strong>τὸ</strong></span> <span class='ocrx_word' id='word_1_382' title='bbox 3166 2783 3515 2851; x_wconf 80' lang='grc' dir='ltr'>Εύαγγὲλιον,</span> <span class='ocrx_word' id='word_1_383' title='bbox 3554 2780 3662 2834; x_wconf 74' lang='grc' dir='ltr'>καὶ</span> 
     </span>
    </p>
   </div>
   <div class='ocr_carea' id='block_1_58' title="bbox 2081 2872 3661 2952">
    <p class='ocr_par' dir='ltr' id='par_1_58' title="bbox 2081 2872 3661 2952">
     <span class='ocr_line' id='line_1_58' title="bbox 2081 2872 3661 2952; baseline -0.006 -18"><span class='ocrx_word' id='word_1_384' title='bbox 2081 2880 2264 2952; x_wconf 86' lang='grc' dir='ltr'>μέντοι</span> <span class='ocrx_word' id='word_1_385' title='bbox 2306 2880 2402 2932; x_wconf 70' lang='grc' dir='ltr'><strong>καὶ</strong></span> <span class='ocrx_word' id='word_1_386' title='bbox 2437 2879 2544 2932; x_wconf 87' lang='grc' dir='ltr'><strong>τῶν</strong></span> <span class='ocrx_word' id='word_1_387' title='bbox 2581 2880 2640 2931; x_wconf 84' lang='grc' dir='ltr'>ὲν</span> <span class='ocrx_word' id='word_1_388' title='bbox 2682 2878 2887 2948; x_wconf 84' lang='grc' dir='ltr'>Νικαίᾳ</span> <span class='ocrx_word' id='word_1_389' title='bbox 2933 2874 3427 2948; x_wconf 79' lang='grc' dir='ltr'>συναθροισθέντων</span> <span class='ocrx_word' id='word_1_390' title='bbox 3479 2872 3661 2940; x_wconf 80' lang='grc' dir='ltr'>ἁγίων</span> 
     </span>
    </p>
   </div>
   <div class='ocr_carea' id='block_1_59' title="bbox 2077 2960 3660 3043">
    <p class='ocr_par' dir='ltr' id='par_1_59' title="bbox 2077 2960 3660 3043">
     <span class='ocr_line' id='line_1_59' title="bbox 2077 2960 3660 3043; baseline -0.006 -18"><span class='ocrx_word' id='word_1_391' title='bbox 2077 2971 2358 3043; x_wconf 85' lang='grc' dir='ltr'>Πατέρων,</span> <span class='ocrx_word' id='word_1_392' title='bbox 2411 2969 2643 3041; x_wconf 77' lang='grc' dir='ltr'>εὕρομεν</span> <span class='ocrx_word' id='word_1_393' title='bbox 2688 2971 2745 3022; x_wconf 85' lang='grc' dir='ltr'>ὲν</span> <span class='ocrx_word' id='word_1_394' title='bbox 2802 2971 2913 3029; x_wconf 87' lang='grc' dir='ltr'>τοῖς</span> <span class='ocrx_word' id='word_1_395' title='bbox 2959 2968 3251 3039; x_wconf 85' lang='grc' dir='ltr'>γράμμασι</span> <span class='ocrx_word' id='word_1_396' title='bbox 3301 2965 3535 3029; x_wconf 76' lang='grc' dir='ltr'>τούτοις·</span> <span class='ocrx_word' id='word_1_397' title='bbox 3566 2960 3660 3028; x_wconf 78' lang='grc' dir='ltr'>οἷς</span> 
     </span>
    </p>
   </div>
   <div class='ocr_carea' id='block_1_60' title="bbox 2075 3056 3658 3133">
    <p class='ocr_par' dir='ltr' id='par_1_60' title="bbox 2075 3056 3658 3133">
     <span class='ocr_line' id='line_1_60' title="bbox 2075 3056 3658 3133; baseline -0.004 -19"><span class='ocrx_word' id='word_1_398' title='bbox 2075 3062 2334 3133; x_wconf 76' lang='grc' dir='ltr'>ἐμμένειν</span> <span class='ocrx_word' id='word_1_399' title='bbox 2364 3060 2755 3132; x_wconf 83' lang='grc' dir='ltr'>ὁμολογοῦμεν,</span> <span class='ocrx_word' id='word_1_400' title='bbox 2785 3061 2879 3113; x_wconf 74' lang='grc' dir='ltr'>καὶ</span> <span class='ocrx_word' id='word_1_401' title='bbox 2909 3059 3037 3122; x_wconf 78' lang='grc' dir='ltr'>τοὺς</span> <span class='ocrx_word' id='word_1_402' title='bbox 3068 3059 3197 3113; x_wconf 76' lang='grc' dir='ltr'>ἄλλο</span> <span class='ocrx_word' id='word_1_403' title='bbox 3226 3075 3279 3110; x_wconf 85' lang='grc' dir='ltr'><strong>τι</strong></span> <span class='ocrx_word' id='word_1_404' title='bbox 3307 3057 3455 3127; x_wconf 72' lang='grc' dir='ltr'>παρὰ</span> <span class='ocrx_word' id='word_1_405' title='bbox 3477 3056 3658 3110; x_wconf 84' lang='grc' dir='ltr'>ταῦτα.</span> 
     </span>
    </p>
   </div>
   <div class='ocr_carea' id='block_1_61' title="bbox 397 3149 1974 3227">
    <p class='ocr_par' dir='ltr' id='par_1_61' title="bbox 397 3150 1967 3227">
     <span class='ocr_line' id='line_1_61' title="bbox 397 3150 1967 3227; baseline -0.004 -18"><span class='ocrx_word' id='word_1_406' title='bbox 397 3156 602 3227; x_wconf 87' lang='lat' dir='ltr'><strong>pulavi,</strong></span> <span class='ocrx_word' id='word_1_407' title='bbox 640 3170 762 3223; x_wconf 72' lang='lat' dir='ltr'><strong>quae</strong></span> <span class='ocrx_word' id='word_1_408' title='bbox 788 3155 856 3207; x_wconf 91' lang='lat' dir='ltr'><strong>ab</strong></span> <span class='ocrx_word' id='word_1_409' title='bbox 882 3153 978 3207; x_wconf 92' lang='lat' dir='ltr'><strong>illo</strong></span> <span class='ocrx_word' id='word_1_410' title='bbox 1010 3151 1287 3220; x_wconf 89' lang='lat' dir='ltr'><strong>Ephesum</strong></span> <span class='ocrx_word' id='word_1_411' title='bbox 1319 3150 1497 3203; x_wconf 75' lang='lat' dir='ltr'><strong>missa:</strong></span> <span class='ocrx_word' id='word_1_412' title='bbox 1519 3157 1648 3203; x_wconf 90' lang='lat' dir='ltr'><strong>sunt</strong></span> <span class='ocrx_word' id='word_1_413' title='bbox 1684 3165 1697 3200; x_wconf 93' lang='lat'>:</span> <span class='ocrx_word' id='word_1_414' title='bbox 1734 3155 1815 3213; x_wconf 91' lang='lat' dir='ltr'><strong>ut,</strong></span> <span class='ocrx_word' id='word_1_415' title='bbox 1841 3162 1967 3202; x_wconf 91' lang='lat' dir='ltr'><strong>cum</strong></span> 
     </span>
    </p>
   </div>
   <div class='ocr_carea' id='block_1_62' title="bbox 2081 3149 3654 3227">
    <p class='ocr_par' dir='ltr' id='par_1_62' title="bbox 2081 3149 3654 3223">
     <span class='ocr_line' id='line_1_62' title="bbox 2081 3149 3654 3223; baseline -0.003 -17"><span class='ocrx_word' id='word_1_416' title='bbox 2081 3152 2405 3223; x_wconf 78' lang='grc' dir='ltr'>φρονοῦντας</span> <span class='ocrx_word' id='word_1_417' title='bbox 2432 3150 2687 3213; x_wconf 81' lang='grc' dir='ltr'>ἀσεϐείας</span> <span class='ocrx_word' id='word_1_418' title='bbox 2705 3149 3047 3223; x_wconf 77' lang='grc' dir='ltr'>γραφόμεθα.</span> <span class='ocrx_word' id='word_1_419' title='bbox 3087 3150 3360 3216; x_wconf 77' lang='grc' dir='ltr'>Συνὲταξα</span> <span class='ocrx_word' id='word_1_420' title='bbox 3390 3150 3446 3203; x_wconf 81' lang='grc' dir='ltr'>δὲ</span> <span class='ocrx_word' id='word_1_421' title='bbox 3470 3150 3654 3202; x_wconf 82' lang='grc' dir='ltr'>τοῖσδε</span> 
     </span>
    </p>
   </div>
   <div class='ocr_carea' id='block_1_63' title="bbox 397 3240 1968 3315">
    <p class='ocr_par' dir='ltr' id='par_1_63' title="bbox 397 3240 1968 3315">
     <span class='ocr_line' id='line_1_63' title="bbox 397 3240 1968 3315; baseline -0.006 -14"><span class='ocrx_word' id='word_1_422' title='bbox 397 3261 519 3301; x_wconf 82' lang='lat' dir='ltr'><strong>eam</strong></span> <span class='ocrx_word' id='word_1_423' title='bbox 562 3245 757 3315; x_wconf 83' lang='lat' dir='ltr'><strong>legerit</strong></span> <span class='ocrx_word' id='word_1_424' title='bbox 800 3240 1205 3312; x_wconf 82' lang='lat' dir='ltr'><strong>magnificentia</strong></span> <span class='ocrx_word' id='word_1_425' title='bbox 1244 3250 1366 3307; x_wconf 90' lang='lat' dir='ltr'><strong>tua,</strong></span> <span class='ocrx_word' id='word_1_426' title='bbox 1424 3255 1617 3295; x_wconf 87' lang='lat' dir='ltr'><strong>eorum</strong></span> <span class='ocrx_word' id='word_1_427' title='bbox 1645 3240 1968 3294; x_wconf 89' lang='lat' dir='ltr'><strong>recordetur</strong></span> 
     </span>
    </p>
   </div>
   <div class='ocr_carea' id='block_1_64' title="bbox 398 3330 1961 3408">
    <p class='ocr_par' dir='ltr' id='par_1_64' title="bbox 398 3330 1961 3408">
     <span class='ocr_line' id='line_1_64' title="bbox 398 3330 1961 3408; baseline -0.003 -18"><span class='ocrx_word' id='word_1_428' title='bbox 398 3352 521 3408; x_wconf 72' lang='lat' dir='ltr'><strong>qua:</strong></span> <span class='ocrx_word' id='word_1_429' title='bbox 563 3351 592 3389; x_wconf 91' lang='lat' dir='ltr'><strong>a</strong></span> <span class='ocrx_word' id='word_1_430' title='bbox 629 3334 790 3389; x_wconf 89' lang='lat' dir='ltr'><strong>nobis</strong></span> <span class='ocrx_word' id='word_1_431' title='bbox 816 3333 1014 3403; x_wconf 68' lang='lat' dir='ltr'><strong>saepius</strong></span> <span class='ocrx_word' id='word_1_432' title='bbox 1049 3333 1104 3387; x_wconf 91' lang='lat' dir='ltr'><strong>in</strong></span> <span class='ocrx_word' id='word_1_433' title='bbox 1130 3332 1377 3388; x_wconf 86' lang='lat' dir='ltr'><strong>Ecclesia</strong></span> <span class='ocrx_word' id='word_1_434' title='bbox 1409 3339 1539 3386; x_wconf 88' lang='lat' dir='ltr'><strong>sunt</strong></span> <span class='ocrx_word' id='word_1_435' title='bbox 1560 3331 1705 3386; x_wconf 87' lang='lat' dir='ltr'><strong>dicta</strong></span> <span class='ocrx_word' id='word_1_436' title='bbox 1728 3373 1742 3398; x_wconf 93' lang='lat'><strong>,</strong></span> <span class='ocrx_word' id='word_1_437' title='bbox 1778 3338 1835 3386; x_wconf 90' lang='lat' dir='ltr'><strong>ct</strong></span> <span class='ocrx_word' id='word_1_438' title='bbox 1864 3330 1961 3385; x_wconf 73' lang='lat' dir='ltr'><strong>dO&lt;</strong></span> 
     </span>
    </p>
   </div>
   <div class='ocr_carea' id='block_1_65' title="bbox 395 3422 1968 3502">
    <p class='ocr_par' dir='ltr' id='par_1_65' title="bbox 395 3422 1968 3502">
     <span class='ocr_line' id='line_1_65' title="bbox 395 3422 1968 3502; baseline -0.005 -19"><span class='ocrx_word' id='word_1_439' title='bbox 395 3436 636 3502; x_wconf 75' lang='lat' dir='ltr'><strong>gmatum</strong></span> <span class='ocrx_word' id='word_1_440' title='bbox 659 3426 1077 3482; x_wconf 87' lang='lat' dir='ltr'><strong>consensionem</strong></span> <span class='ocrx_word' id='word_1_441' title='bbox 1099 3436 1378 3495; x_wconf 83' lang='lat' dir='ltr'><strong>agnoscat,</strong></span> <span class='ocrx_word' id='word_1_442' title='bbox 1400 3439 1604 3501; x_wconf 75' lang='lat' dir='ltr'><strong>eosque</strong></span> <span class='ocrx_word' id='word_1_443' title='bbox 1623 3422 1751 3477; x_wconf 91' lang='lat' dir='ltr'><strong>odio</strong></span> <span class='ocrx_word' id='word_1_444' title='bbox 1770 3422 1968 3476; x_wconf 90' lang='lat' dir='ltr'><strong>habeat</strong></span> 
     </span>
    </p>
   </div>
   <div class='ocr_carea' id='block_1_66' title="bbox 394 3515 1967 3590">
    <p class='ocr_par' dir='ltr' id='par_1_66' title="bbox 394 3515 1967 3590">
     <span class='ocr_line' id='line_1_66' title="bbox 394 3515 1967 3590; baseline -0.003 -16"><span class='ocrx_word' id='word_1_445' title='bbox 394 3521 489 3590; x_wconf 85' lang='lat' dir='ltr'><strong>qui</strong></span> <span class='ocrx_word' id='word_1_446' title='bbox 514 3520 815 3588; x_wconf 90' lang='lat' dir='ltr'><strong>loquuntur</strong></span> <span class='ocrx_word' id='word_1_447' title='bbox 839 3516 1209 3581; x_wconf 89' lang='lat' dir='ltr'><strong>mendacium,</strong></span> <span class='ocrx_word' id='word_1_448' title='bbox 1235 3515 1442 3585; x_wconf 90' lang='lat' dir='ltr'><strong>quique</strong></span> <span class='ocrx_word' id='word_1_449' title='bbox 1465 3516 1731 3570; x_wconf 89' lang='lat' dir='ltr'><strong>adversus</strong></span> <span class='ocrx_word' id='word_1_450' title='bbox 1748 3524 1967 3584; x_wconf 87' lang='lat' dir='ltr'><strong>aposto-</strong></span> 
     </span>
    </p>
   </div>
   <div class='ocr_carea' id='block_1_67' title="bbox 395 3605 1684 3680">
    <p class='ocr_par' dir='ltr' id='par_1_67' title="bbox 395 3605 1684 3680">
     <span class='ocr_line' id='line_1_67' title="bbox 395 3605 1684 3680; baseline -0.003 -16"><span class='ocrx_word' id='word_1_451' title='bbox 395 3610 498 3664; x_wconf 89' lang='lat' dir='ltr'><strong>lica</strong></span> <span class='ocrx_word' id='word_1_452' title='bbox 528 3609 781 3680; x_wconf 82' lang='lat' dir='ltr'><strong>dogmata</strong></span> <span class='ocrx_word' id='word_1_453' title='bbox 815 3622 1007 3662; x_wconf 85' lang='lat' dir='ltr'><strong>novam</strong></span> <span class='ocrx_word' id='word_1_454' title='bbox 1040 3606 1271 3661; x_wconf 79' lang='lat' dir='ltr'><strong>haeresin</strong></span> <span class='ocrx_word' id='word_1_455' title='bbox 1296 3605 1684 3661; x_wconf 89' lang='lat' dir='ltr'><strong>condiderunt.</strong></span> 
     </span>
    </p>
   </div>
   <div class='ocr_carea' id='block_1_68' title="bbox 652 3901 1717 3974">
    <p class='ocr_par' dir='ltr' id='par_1_68' title="bbox 652 3901 1717 3974">
     <span class='ocr_line' id='line_1_68' title="bbox 652 3901 1717 3974; baseline -0.001 -17"><span class='ocrx_word' id='word_1_456' title='bbox 652 3902 870 3957; x_wconf 81' lang='lat' dir='ltr'><strong>CXXII.</strong></span> <span class='ocrx_word' id='word_1_457' title='bbox 896 3933 966 3942; x_wconf 88' lang='lat'>—</span> <span class='ocrx_word' id='word_1_458' title='bbox 1004 3901 1202 3957; x_wconf 77' lang='lat' dir='ltr'><strong>Urania</strong></span> <span class='ocrx_word' id='word_1_459' title='bbox 1233 3904 1469 3974; x_wconf 75' lang='lat' dir='ltr'><strong>episcopo</strong></span> <span class='ocrx_word' id='word_1_460' title='bbox 1494 3903 1717 3957; x_wconf 64' lang='lat' dir='ltr'><strong>Emesaa.</strong></span> 
     </span>
    </p>
   </div>
   <div class='ocr_carea' id='block_1_69' title="bbox 464 4013 1965 4086">
    <p class='ocr_par' dir='ltr' id='par_1_69' title="bbox 464 4013 1965 4086">
     <span class='ocr_line' id='line_1_69' title="bbox 464 4013 1965 4086; baseline 0.004 -21"><span class='ocrx_word' id='word_1_461' title='bbox 464 4013 621 4078; x_wconf 83' lang='lat' dir='ltr'><strong>Quod</strong></span> <span class='ocrx_word' id='word_1_462' title='bbox 669 4014 951 4083; x_wconf 88' lang='lat' dir='ltr'><strong>conjuncti</strong></span> <span class='ocrx_word' id='word_1_463' title='bbox 982 4028 1173 4068; x_wconf 75' lang='lat' dir='ltr'><strong>sumus</strong></span> <span class='ocrx_word' id='word_1_464' title='bbox 1222 4013 1278 4067; x_wconf 91' lang='lat' dir='ltr'><strong>in</strong></span> <span class='ocrx_word' id='word_1_465' title='bbox 1308 4014 1531 4079; x_wconf 88' lang='lat' dir='ltr'><strong>litteris,</strong></span> <span class='ocrx_word' id='word_1_466' title='bbox 1566 4015 1662 4084; x_wconf 87' lang='lat' dir='ltr'><strong>qui</strong></span> <span class='ocrx_word' id='word_1_467' title='bbox 1684 4017 1965 4086; x_wconf 86' lang='lat' dir='ltr'><strong>conjuncti</strong></span> 
     </span>
    </p>
   </div>
   <div class='ocr_carea' id='block_1_70' title="bbox 394 4105 1967 4172">
    <p class='ocr_par' dir='ltr' id='par_1_70' title="bbox 394 4105 1967 4172">
     <span class='ocr_line' id='line_1_70' title="bbox 394 4105 1967 4172; baseline 0.002 -13"><span class='ocrx_word' id='word_1_468' title='bbox 394 4105 595 4159; x_wconf 85' lang='lat' dir='ltr'><strong>animis</strong></span> <span class='ocrx_word' id='word_1_469' title='bbox 649 4119 870 4158; x_wconf 85' lang='lat' dir='ltr'><strong>eramus</strong></span> <span class='ocrx_word' id='word_1_470' title='bbox 894 4144 909 4167; x_wconf 91' lang='lat'><strong>,</strong></span> <span class='ocrx_word' id='word_1_471' title='bbox 961 4105 1256 4172; x_wconf 89' lang='lat' dir='ltr'><strong>plurimum</strong></span> <span class='ocrx_word' id='word_1_472' title='bbox 1282 4105 1497 4160; x_wconf 55' lang='lat' dir='ltr'><strong>laetatus</strong></span> <span class='ocrx_word' id='word_1_473' title='bbox 1521 4121 1663 4159; x_wconf 90' lang='lat' dir='ltr'><strong>sum.</strong></span> <span class='ocrx_word' id='word_1_474' title='bbox 1698 4106 1769 4160; x_wconf 85' lang='lat' dir='ltr'><strong>At</strong></span> <span class='ocrx_word' id='word_1_475' title='bbox 1797 4107 1967 4162; x_wconf 83' lang='lat' dir='ltr'><strong>verba</strong></span> 
     </span>
    </p>
   </div>
   <div class='ocr_carea' id='block_1_71' title="bbox 396 4190 1967 4251">
    <p class='ocr_par' dir='ltr' id='par_1_71' title="bbox 396 4190 1967 4251">
     <span class='ocr_line' id='line_1_71' title="bbox 396 4190 1967 4251; baseline 0.004 -7"><span class='ocrx_word' id='word_1_476' title='bbox 396 4192 487 4245; x_wconf 78' lang='lat' dir='ltr'><strong>illa</strong></span> <span class='ocrx_word' id='word_1_477' title='bbox 541 4205 653 4244; x_wconf 85' lang='lat' dir='ltr'><strong>non</strong></span> <span class='ocrx_word' id='word_1_478' title='bbox 714 4190 952 4246; x_wconf 73' lang='lat' dir='ltr'><strong>intellexi</strong></span> <span class='ocrx_word' id='word_1_479' title='bbox 1002 4209 1015 4243; x_wconf 91' lang='lat'>:</span> <span class='ocrx_word' id='word_1_480' title='bbox 1061 4193 1253 4248; x_wconf 84' lang='lat' dir='ltr'><strong>Nonne</strong></span> <span class='ocrx_word' id='word_1_481' title='bbox 1328 4193 1418 4247; x_wconf 86' lang='lat' dir='ltr'><strong>isti</strong></span> <span class='ocrx_word' id='word_1_482' title='bbox 1485 4204 1615 4248; x_wconf 88' lang='lat' dir='ltr'><strong>sunt</strong></span> <span class='ocrx_word' id='word_1_483' title='bbox 1680 4210 1967 4251; x_wconf 87' lang='lat' dir='ltr'><strong>sermones</strong></span> 
     </span>
    </p>
   </div>
   <div class='ocr_carea' id='block_1_72' title="bbox 393 4283 1967 4357">
    <p class='ocr_par' dir='ltr' id='par_1_72' title="bbox 393 4283 1967 4357">
     <span class='ocr_line' id='line_1_72' title="bbox 393 4283 1967 4357; baseline 0.004 -20"><span class='ocrx_word' id='word_1_484' title='bbox 393 4283 538 4338; x_wconf 87' lang='lat' dir='ltr'><strong>mei?</strong></span> <span class='ocrx_word' id='word_1_485' title='bbox 590 4283 725 4337; x_wconf 87' lang='lat' dir='ltr'><strong>Nam</strong></span> <span class='ocrx_word' id='word_1_486' title='bbox 772 4283 817 4338; x_wconf 87' lang='lat' dir='ltr'><strong>si</strong></span> <span class='ocrx_word' id='word_1_487' title='bbox 866 4285 1304 4354; x_wconf 89' lang='lat' dir='ltr'><strong>compcllationis</strong></span> <span class='ocrx_word' id='word_1_488' title='bbox 1351 4287 1522 4340; x_wconf 87' lang='lat' dir='ltr'><strong>solius</strong></span> <span class='ocrx_word' id='word_1_489' title='bbox 1567 4287 1744 4357; x_wconf 82' lang='lat' dir='ltr'><strong>gratia</strong></span> <span class='ocrx_word' id='word_1_490' title='bbox 1788 4288 1841 4342; x_wconf 91' lang='lat' dir='ltr'><strong>id</strong></span> <span class='ocrx_word' id='word_1_491' title='bbox 1881 4288 1967 4343; x_wconf 86' lang='lat' dir='ltr'><strong>di-</strong></span> 
     </span>
    </p>
   </div>
   <div class='ocr_carea' id='block_1_73' title="bbox 394 4374 1967 4445">
    <p class='ocr_par' dir='ltr' id='par_1_73' title="bbox 394 4374 1967 4445">
     <span class='ocr_line' id='line_1_73' title="bbox 394 4374 1967 4445; baseline 0.003 -17"><span class='ocrx_word' id='word_1_492' title='bbox 394 4384 543 4429; x_wconf 86' lang='lat' dir='ltr'><strong>ctum</strong></span> <span class='ocrx_word' id='word_1_493' title='bbox 566 4382 671 4439; x_wconf 88' lang='lat' dir='ltr'><strong>cst,</strong></span> <span class='ocrx_word' id='word_1_494' title='bbox 705 4389 817 4428; x_wconf 90' lang='lat' dir='ltr'><strong>non</strong></span> <span class='ocrx_word' id='word_1_495' title='bbox 842 4376 994 4445; x_wconf 80' lang='lat' dir='ltr'><strong>angit</strong></span> <span class='ocrx_word' id='word_1_496' title='bbox 1017 4391 1104 4430; x_wconf 90' lang='lat' dir='ltr'><strong>me</strong></span> <span class='ocrx_word' id='word_1_497' title='bbox 1151 4374 1396 4441; x_wconf 90' lang='lat' dir='ltr'><strong>dictum;</strong></span> <span class='ocrx_word' id='word_1_498' title='bbox 1448 4376 1532 4430; x_wconf 92' lang='lat' dir='ltr'><strong>sin</strong></span> <span class='ocrx_word' id='word_1_499' title='bbox 1574 4388 1756 4432; x_wconf 90' lang='lat' dir='ltr'><strong>autem</strong></span> <span class='ocrx_word' id='word_1_500' title='bbox 1784 4378 1967 4433; x_wconf 88' lang='lat' dir='ltr'><strong>consi-</strong></span> 
     </span>
    </p>
   </div>
   <div class='ocr_carea' id='block_1_74' title="bbox 394 4450 1967 4537">
    <p class='ocr_par' dir='ltr' id='par_1_74' title="bbox 394 4450 1967 4537">
     <span class='ocr_line' id='line_1_74' title="bbox 394 4450 1967 4537; baseline 0.003 -16"><span class='ocrx_word' id='word_1_501' title='bbox 394 4468 454 4522; x_wconf 82' lang='lat' dir='ltr'><strong>lii</strong></span> <span class='ocrx_word' id='word_1_502' title='bbox 482 4476 708 4522; x_wconf 80' lang='lat' dir='ltr'><strong>renovat</strong></span> <span class='ocrx_word' id='word_1_503' title='bbox 730 4469 1074 4531; x_wconf 88' lang='lat' dir='ltr'><strong>memoriam,</strong></span> <span class='ocrx_word' id='word_1_504' title='bbox 1120 4483 1230 4537; x_wconf 94' lang='lat' dir='ltr'><strong>quo</strong></span> <span class='ocrx_word' id='word_1_505' title='bbox 1259 4467 1540 4522; x_wconf 90' lang='lat' dir='ltr'><strong>silentium</strong></span> <span class='ocrx_word' id='word_1_506' title='bbox 1580 4450 1879 4536; x_wconf 77' lang='lat' dir='ltr'><strong>suadehas,</strong></span> <span class='ocrx_word' id='word_1_507' title='bbox 1910 4480 1967 4525; x_wconf 88' lang='lat' dir='ltr'><strong>et</strong></span> 
     </span>
    </p>
   </div>
   <div class='ocr_carea' id='block_1_75' title="bbox 394 4559 1966 4631">
    <p class='ocr_par' dir='ltr' id='par_1_75' title="bbox 394 4559 1966 4631">
     <span class='ocr_line' id='line_1_75' title="bbox 394 4559 1966 4631; baseline 0.003 -17"><span class='ocrx_word' id='word_1_508' title='bbox 394 4574 558 4630; x_wconf 92' lang='lat' dir='ltr'><strong>quam</strong></span> <span class='ocrx_word' id='word_1_509' title='bbox 588 4559 866 4629; x_wconf 85' lang='lat' dir='ltr'><strong>appellant</strong></span> <span class='ocrx_word' id='word_1_510' title='bbox 894 4559 1383 4629; x_wconf 81' lang='lat' dir='ltr'><strong>dispensationem,</strong></span> <span class='ocrx_word' id='word_1_511' title='bbox 1417 4561 1645 4629; x_wconf 75' lang='lat' dir='ltr'><strong>gratiam</strong></span> <span class='ocrx_word' id='word_1_512' title='bbox 1678 4562 1966 4631; x_wconf 84' lang='lat' dir='ltr'><strong>habemus,</strong></span> 
     </span>
    </p>
   </div>
   <div class='ocr_carea' id='block_1_76' title="bbox 391 4650 1974 4724">
    <p class='ocr_par' dir='ltr' id='par_1_76' title="bbox 391 4650 1974 4724">
     <span class='ocr_line' id='line_1_76' title="bbox 391 4650 1974 4724; baseline 0.002 -18"><span class='ocrx_word' id='word_1_513' title='bbox 391 4652 488 4706; x_wconf 87' lang='lat' dir='ltr'><strong>sed</strong></span> <span class='ocrx_word' id='word_1_514' title='bbox 520 4652 833 4707; x_wconf 89' lang='lat' dir='ltr'><strong>suasionem</strong></span> <span class='ocrx_word' id='word_1_515' title='bbox 862 4666 973 4705; x_wconf 90' lang='lat' dir='ltr'><strong>non</strong></span> <span class='ocrx_word' id='word_1_516' title='bbox 1003 4651 1320 4720; x_wconf 89' lang='lat' dir='ltr'><strong>recipimus.</strong></span> <span class='ocrx_word' id='word_1_517' title='bbox 1360 4650 1647 4707; x_wconf 88' lang='lat' dir='ltr'><strong>Contraria</strong></span> <span class='ocrx_word' id='word_1_518' title='bbox 1666 4654 1814 4708; x_wconf 90' lang='lat' dir='ltr'><strong>enim</strong></span> <span class='ocrx_word' id='word_1_519' title='bbox 1840 4670 1974 4724; x_wconf 60' lang='lat' dir='ltr'><strong>prae-</strong></span> 
     </span>
    </p>
   </div>
   <div class='ocr_carea' id='block_1_77' title="bbox 393 4741 1971 4813">
    <p class='ocr_par' dir='ltr' id='par_1_77' title="bbox 393 4741 1971 4813">
     <span class='ocr_line' id='line_1_77' title="bbox 393 4741 1971 4813; baseline 0.001 -18"><span class='ocrx_word' id='word_1_520' title='bbox 393 4742 530 4812; x_wconf 90' lang='lat' dir='ltr'><strong>cipit</strong></span> <span class='ocrx_word' id='word_1_521' title='bbox 561 4741 783 4797; x_wconf 87' lang='lat' dir='ltr'><strong>divinus</strong></span> <span class='ocrx_word' id='word_1_522' title='bbox 825 4741 1120 4811; x_wconf 88' lang='lat' dir='ltr'><strong>Apostolus</strong></span> <span class='ocrx_word' id='word_1_523' title='bbox 1174 4759 1187 4796; x_wconf 90' lang='lat'>:</span> <span class='ocrx_word' id='word_1_524' title='bbox 1250 4742 1441 4797; x_wconf 73' lang='lat' dir='ltr'><strong>«lnsta</strong></span> <span class='ocrx_word' id='word_1_525' title='bbox 1484 4751 1814 4813; x_wconf 86' lang='lat' dir='ltr'><strong>opportune,</strong></span> <span class='ocrx_word' id='word_1_526' title='bbox 1865 4744 1971 4797; x_wconf 90' lang='lat' dir='ltr'><strong>im-</strong></span> 
     </span>
    </p>
   </div>
   <div class='ocr_carea' id='block_1_78' title="bbox 391 4834 1970 4905">
    <p class='ocr_par' dir='ltr' id='par_1_78' title="bbox 391 4834 1970 4905">
     <span class='ocr_line' id='line_1_78' title="bbox 391 4834 1970 4905; baseline -0.001 -16"><span class='ocrx_word' id='word_1_527' title='bbox 391 4836 720 4905; x_wconf 82' lang='lat' dir='ltr'><strong>portune&quot;;</strong></span> <span class='ocrx_word' id='word_1_528' title='bbox 746 4854 763 4887; x_wconf 74' lang='grc' dir='ltr'><strong>ι</strong></span> <span class='ocrx_word' id='word_1_529' title='bbox 798 4845 855 4890; x_wconf 91' lang='lat' dir='ltr'><strong>et</strong></span> <span class='ocrx_word' id='word_1_530' title='bbox 876 4835 1140 4890; x_wconf 91' lang='lat' dir='ltr'><strong>Dominus</strong></span> <span class='ocrx_word' id='word_1_531' title='bbox 1167 4834 1297 4890; x_wconf 89' lang='lat' dir='ltr'><strong>huic</strong></span> <span class='ocrx_word' id='word_1_532' title='bbox 1326 4834 1535 4905; x_wconf 78' lang='lat'><strong>1205</strong></span> <span class='ocrx_word' id='word_1_533' title='bbox 1564 4836 1667 4905; x_wconf 89' lang='lat' dir='ltr'><strong>ipsi</strong></span> <span class='ocrx_word' id='word_1_534' title='bbox 1693 4836 1928 4905; x_wconf 80' lang='lat' dir='ltr'><strong>praeconi</strong></span> <span class='ocrx_word' id='word_1_535' title='bbox 1956 4854 1970 4888; x_wconf 90' lang='lat'><strong>:</strong></span> 
     </span>
    </p>
   </div>
   <div class='ocr_carea' id='block_1_79' title="bbox 398 4926 1971 4996">
    <p class='ocr_par' dir='ltr' id='par_1_79' title="bbox 398 4926 1971 4996">
     <span class='ocr_line' id='line_1_79' title="bbox 398 4926 1971 4996; baseline 0.001 -18"><span class='ocrx_word' id='word_1_536' title='bbox 398 4948 417 4978; x_wconf 72' lang='grc' dir='ltr'><strong>ε</strong></span> <span class='ocrx_word' id='word_1_537' title='bbox 444 4926 691 4996; x_wconf 87' lang='lat' dir='ltr'><strong>Loquere</strong></span> <span class='ocrx_word' id='word_1_538' title='bbox 721 4936 864 4983; x_wconf 90' lang='lat' dir='ltr'><strong>etne</strong></span> <span class='ocrx_word' id='word_1_539' title='bbox 890 4934 1070 4981; x_wconf 86' lang='lat' dir='ltr'><strong>taceas</strong></span> <span class='ocrx_word' id='word_1_540' title='bbox 1088 4928 1185 4993; x_wconf 79' lang='grc'><strong>³⁰;›</strong></span> <span class='ocrx_word' id='word_1_541' title='bbox 1221 4934 1276 4982; x_wconf 89' lang='lat' dir='ltr'><strong>et</strong></span> <span class='ocrx_word' id='word_1_542' title='bbox 1301 4926 1450 4981; x_wconf 77' lang='lat' dir='ltr'><strong>lsaiae</strong></span> <span class='ocrx_word' id='word_1_543' title='bbox 1478 4944 1490 4980; x_wconf 93' lang='lat'><strong>:</strong></span> <span class='ocrx_word' id='word_1_544' title='bbox 1524 4946 1541 4978; x_wconf 78' lang='grc' dir='ltr'><strong>ι</strong></span> <span class='ocrx_word' id='word_1_545' title='bbox 1564 4927 1751 4982; x_wconf 89' lang='lat' dir='ltr'><strong>Clama</strong></span> <span class='ocrx_word' id='word_1_546' title='bbox 1779 4928 1833 4981; x_wconf 92' lang='lat' dir='ltr'><strong>in</strong></span> <span class='ocrx_word' id='word_1_547' title='bbox 1860 4927 1971 4981; x_wconf 86' lang='lat' dir='ltr'><strong>for-</strong></span> 
     </span>
    </p>
   </div>
   <div class='ocr_carea' id='block_1_80' title="bbox 390 5016 1969 5086">
    <p class='ocr_par' dir='ltr' id='par_1_80' title="bbox 390 5016 1969 5086">
     <span class='ocr_line' id='line_1_80' title="bbox 390 5016 1969 5086; baseline 0.001 -15"><span class='ocrx_word' id='word_1_548' title='bbox 390 5016 629 5071; x_wconf 88' lang='lat' dir='ltr'><strong>titudine</strong></span> <span class='ocrx_word' id='word_1_549' title='bbox 660 5026 773 5083; x_wconf 90' lang='lat' dir='ltr'><strong>tua,</strong></span> <span class='ocrx_word' id='word_1_550' title='bbox 799 5026 853 5071; x_wconf 87' lang='lat' dir='ltr'><strong>et</strong></span> <span class='ocrx_word' id='word_1_551' title='bbox 876 5018 1279 5086; x_wconf 66' lang='lat' dir='ltr'><strong>ne-parcas&quot;;i</strong></span> <span class='ocrx_word' id='word_1_552' title='bbox 1314 5026 1370 5071; x_wconf 91' lang='lat' dir='ltr'><strong>ct</strong></span> <span class='ocrx_word' id='word_1_553' title='bbox 1392 5018 1524 5072; x_wconf 85' lang='lat' dir='ltr'><strong>Mosi</strong></span> <span class='ocrx_word' id='word_1_554' title='bbox 1550 5034 1563 5070; x_wconf 92' lang='lat'>:</span> <span class='ocrx_word' id='word_1_555' title='bbox 1595 5018 1969 5073; x_wconf 68' lang='lat' dir='ltr'><strong>«Descendens</strong></span> 
     </span>
    </p>
   </div>
   <div class='ocr_carea' id='block_1_81' title="bbox 390 5109 1970 5179">
    <p class='ocr_par' dir='ltr' id='par_1_81' title="bbox 390 5109 1970 5179">
     <span class='ocr_line' id='line_1_81' title="bbox 390 5109 1970 5179; baseline 0.001 -17"><span class='ocrx_word' id='word_1_556' title='bbox 390 5117 701 5164; x_wconf 79' lang='lat' dir='ltr'><strong>contestare</strong></span> <span class='ocrx_word' id='word_1_557' title='bbox 724 5110 986 5178; x_wconf 87' lang='lat' dir='ltr'><strong>p0pulum</strong></span> <span class='ocrx_word' id='word_1_558' title='bbox 1011 5109 1157 5163; x_wconf 92' lang='lat' dir='ltr'><strong>hunc</strong></span> <span class='ocrx_word' id='word_1_559' title='bbox 1176 5109 1271 5161; x_wconf 68' lang='grc' dir='ltr'><strong>υ.»</strong></span> <span class='ocrx_word' id='word_1_560' title='bbox 1302 5109 1438 5163; x_wconf 82' lang='lat' dir='ltr'><strong>Item</strong></span> <span class='ocrx_word' id='word_1_561' title='bbox 1461 5109 1736 5164; x_wconf 89' lang='lat' dir='ltr'><strong>Ezechieli</strong></span> <span class='ocrx_word' id='word_1_562' title='bbox 1762 5128 1775 5164; x_wconf 91' lang='lat'>:</span> <span class='ocrx_word' id='word_1_563' title='bbox 1809 5109 1970 5179; x_wconf 71' lang='lat' dir='ltr'><strong>«Spe-</strong></span> 
     </span>
    </p>
   </div>
   <div class='ocr_carea' id='block_1_82' title="bbox 392 5196 1966 5264">
    <p class='ocr_par' dir='ltr' id='par_1_82' title="bbox 392 5196 1966 5264">
     <span class='ocr_line' id='line_1_82' title="bbox 392 5196 1966 5264; baseline -0.002 -10"><span class='ocrx_word' id='word_1_564' title='bbox 392 5201 695 5254; x_wconf 89' lang='lat' dir='ltr'><strong>culatorem</strong></span> <span class='ocrx_word' id='word_1_565' title='bbox 728 5197 854 5253; x_wconf 90' lang='lat' dir='ltr'><strong>dcdi</strong></span> <span class='ocrx_word' id='word_1_566' title='bbox 883 5208 935 5253; x_wconf 88' lang='lat' dir='ltr'><strong>te</strong></span> <span class='ocrx_word' id='word_1_567' title='bbox 962 5199 1149 5253; x_wconf 90' lang='lat' dir='ltr'><strong>domui</strong></span> <span class='ocrx_word' id='word_1_568' title='bbox 1178 5198 1372 5264; x_wconf 84' lang='lat' dir='ltr'><strong>Israel;</strong></span> <span class='ocrx_word' id='word_1_569' title='bbox 1424 5206 1476 5252; x_wconf 90' lang='lat' dir='ltr'><strong>et</strong></span> <span class='ocrx_word' id='word_1_570' title='bbox 1504 5196 1616 5261; x_wconf 88' lang='lat' dir='ltr'><strong>tiet,</strong></span> <span class='ocrx_word' id='word_1_571' title='bbox 1660 5199 1705 5252; x_wconf 87' lang='lat' dir='ltr'><strong>si</strong></span> <span class='ocrx_word' id='word_1_572' title='bbox 1730 5214 1841 5252; x_wconf 92' lang='lat' dir='ltr'><strong>non</strong></span> <span class='ocrx_word' id='word_1_573' title='bbox 1864 5214 1966 5251; x_wconf 84' lang='lat' dir='ltr'><strong>an-</strong></span> 
     </span>
    </p>
   </div>
   <div class='ocr_carea' id='block_1_83' title="bbox 395 5291 1967 5360">
    <p class='ocr_par' dir='ltr' id='par_1_83' title="bbox 395 5291 1967 5360">
     <span class='ocr_line' id='line_1_83' title="bbox 395 5291 1967 5360; baseline 0 -17"><span class='ocrx_word' id='word_1_574' title='bbox 395 5291 742 5346; x_wconf 79' lang='lat' dir='ltr'><strong>nuntiaveris</strong></span> <span class='ocrx_word' id='word_1_575' title='bbox 793 5291 1046 5359; x_wconf 78' lang='lat' dir='ltr'><strong>impio”,</strong></span> <span class='ocrx_word' id='word_1_576' title='bbox 1078 5309 1094 5339; x_wconf 84' lang='grc'>›</span> <span class='ocrx_word' id='word_1_577' title='bbox 1126 5300 1182 5345; x_wconf 89' lang='lat' dir='ltr'><strong>ct</strong></span> <span class='ocrx_word' id='word_1_578' title='bbox 1216 5306 1338 5359; x_wconf 66' lang='lat' dir='ltr'><strong>qum</strong></span> <span class='ocrx_word' id='word_1_579' title='bbox 1382 5298 1690 5360; x_wconf 89' lang='lat' dir='ltr'><strong>sequuntur</strong></span> <span class='ocrx_word' id='word_1_580' title='bbox 1722 5307 1736 5343; x_wconf 90' lang='lat'><strong>:</strong></span> <span class='ocrx_word' id='word_1_581' title='bbox 1772 5305 1967 5359; x_wconf 84' lang='lat' dir='ltr'><strong>super-</strong></span> 
     </span>
    </p>
   </div>
   <div class='ocr_carea' id='block_1_84' title="bbox 391 5379 1966 5450">
    <p class='ocr_par' dir='ltr' id='par_1_84' title="bbox 391 5379 1966 5450">
     <span class='ocr_line' id='line_1_84' title="bbox 391 5379 1966 5450; baseline 0.001 -19"><span class='ocrx_word' id='word_1_582' title='bbox 391 5395 689 5434; x_wconf 84' lang='lat' dir='ltr'><strong>vacaneum</strong></span> <span class='ocrx_word' id='word_1_583' title='bbox 714 5382 861 5433; x_wconf 82' lang='lat' dir='ltr'><strong>enim</strong></span> <span class='ocrx_word' id='word_1_584' title='bbox 891 5388 975 5434; x_wconf 90' lang='lat' dir='ltr'><strong>est</strong></span> <span class='ocrx_word' id='word_1_585' title='bbox 1003 5380 1146 5449; x_wconf 90' lang='lat' dir='ltr'><strong>apud</strong></span> <span class='ocrx_word' id='word_1_586' title='bbox 1173 5395 1321 5445; x_wconf 88' lang='lat' dir='ltr'><strong>cum,</strong></span> <span class='ocrx_word' id='word_1_587' title='bbox 1345 5380 1439 5450; x_wconf 88' lang='lat' dir='ltr'><strong>qui</strong></span> <span class='ocrx_word' id='word_1_588' title='bbox 1459 5380 1632 5443; x_wconf 89' lang='lat' dir='ltr'><strong>novit,</strong></span> <span class='ocrx_word' id='word_1_589' title='bbox 1661 5379 1966 5449; x_wconf 86' lang='lat' dir='ltr'><strong>producere</strong></span> 
     </span>
    </p>
   </div>
   <div class='ocr_carea' id='block_1_85' title="bbox 388 5469 1963 5538">
    <p class='ocr_par' dir='ltr' id='par_1_85' title="bbox 388 5469 1963 5538">
     <span class='ocr_line' id='line_1_85' title="bbox 388 5469 1963 5538; baseline 0.004 -19"><span class='ocrx_word' id='word_1_590' title='bbox 388 5478 720 5523; x_wconf 76' lang='lat' dir='ltr'><strong>sermonem.</strong></span> <span class='ocrx_word' id='word_1_591' title='bbox 756 5473 943 5538; x_wconf 86' lang='lat' dir='ltr'><strong>Itaque</strong></span> <span class='ocrx_word' id='word_1_592' title='bbox 974 5486 1085 5524; x_wconf 90' lang='lat' dir='ltr'><strong>non</strong></span> <span class='ocrx_word' id='word_1_593' title='bbox 1123 5469 1287 5524; x_wconf 91' lang='lat' dir='ltr'><strong>modo</strong></span> <span class='ocrx_word' id='word_1_594' title='bbox 1331 5486 1439 5524; x_wconf 88' lang='lat' dir='ltr'><strong>non</strong></span> <span class='ocrx_word' id='word_1_595' title='bbox 1474 5471 1838 5536; x_wconf 87' lang='lat' dir='ltr'><strong>concidimus,</strong></span> <span class='ocrx_word' id='word_1_596' title='bbox 1869 5472 1963 5526; x_wconf 88' lang='lat' dir='ltr'><strong>sed</strong></span> 
     </span>
    </p>
   </div>
   <div class='ocr_carea' id='block_1_86' title="bbox 461 5617 2004 5693">
    <p class='ocr_par' dir='ltr' id='par_1_86' title="bbox 461 5617 2004 5693">
     <span class='ocr_line' id='line_1_86' title="bbox 461 5617 2004 5693; baseline 0.008 -24"><span class='ocrx_word' id='word_1_597' title='bbox 461 5617 506 5649; x_wconf 68' lang='grc' dir='ltr'>’θ</span> <span class='ocrx_word' id='word_1_598' title='bbox 533 5618 578 5670; x_wconf 88' lang='grc' dir='ltr'><strong>ιι</strong></span> <span class='ocrx_word' id='word_1_599' title='bbox 609 5618 751 5673; x_wconf 86' lang='lat' dir='ltr'><strong>Tim.</strong></span> <span class='ocrx_word' id='word_1_600' title='bbox 784 5638 859 5685; x_wconf 72' lang='grc' dir='ltr'><strong>ιγ,</strong></span> <span class='ocrx_word' id='word_1_601' title='bbox 894 5620 948 5673; x_wconf 74' lang='grc'><strong>2.</strong></span> <span class='ocrx_word' id='word_1_602' title='bbox 1026 5624 1069 5654; x_wconf 87' lang='grc'><strong>²⁰</strong></span> <span class='ocrx_word' id='word_1_603' title='bbox 1104 5622 1223 5677; x_wconf 81' lang='lat' dir='ltr'><strong>Act.</strong></span> <span class='ocrx_word' id='word_1_604' title='bbox 1250 5626 1471 5687; x_wconf 77' lang='lat' dir='ltr'><strong>xvm,9.</strong></span> <span class='ocrx_word' id='word_1_605' title='bbox 1550 5628 1589 5656; x_wconf 82' lang='grc'><strong>³¹</strong></span> <span class='ocrx_word' id='word_1_606' title='bbox 1624 5627 1726 5683; x_wconf 77' lang='lat' dir='ltr'><strong>lsa.</strong></span> <span class='ocrx_word' id='word_1_607' title='bbox 1762 5645 1907 5693; x_wconf 78' lang='lat' dir='ltr'><strong>mn,</strong></span> <span class='ocrx_word' id='word_1_608' title='bbox 1951 5629 2004 5682; x_wconf 73' lang='grc'><strong>1.</strong></span> 
     </span>
    </p>
   </div>
   <div class='ocr_carea' id='block_1_87' title="bbox 2079 3241 3657 3317">
    <p class='ocr_par' dir='ltr' id='par_1_87' title="bbox 2079 3241 3657 3317">
     <span class='ocr_line' id='line_1_87' title="bbox 2079 3241 3657 3317; baseline -0.004 -19"><span class='ocrx_word' id='word_1_609' title='bbox 2079 3263 2179 3317; x_wconf 92' lang='grc' dir='ltr'><strong>μου</strong></span> <span class='ocrx_word' id='word_1_610' title='bbox 2208 3247 2320 3309; x_wconf 84' lang='grc' dir='ltr'>τοῖς</span> <span class='ocrx_word' id='word_1_611' title='bbox 2344 3244 2666 3315; x_wconf 87' lang='grc' dir='ltr'>γράμμασιν</span> <span class='ocrx_word' id='word_1_612' title='bbox 2702 3243 2831 3313; x_wconf 89' lang='grc' dir='ltr'>μίαν</span> <span class='ocrx_word' id='word_1_613' title='bbox 2856 3242 2970 3295; x_wconf 90' lang='grc' dir='ltr'><strong>τῶν</strong></span> <span class='ocrx_word' id='word_1_614' title='bbox 3016 3243 3097 3305; x_wconf 78' lang='grc' dir='ltr'><strong>εἰς</strong></span> <span class='ocrx_word' id='word_1_615' title='bbox 3124 3241 3223 3312; x_wconf 81' lang='grc' dir='ltr'>τὴν</span> <span class='ocrx_word' id='word_1_616' title='bbox 3256 3242 3490 3311; x_wconf 83' lang='grc' dir='ltr'>Ἔφεσον</span> <span class='ocrx_word' id='word_1_617' title='bbox 3519 3241 3657 3308; x_wconf 84' lang='grc' dir='ltr'>παρ’</span> 
     </span>
    </p>
   </div>
   <div class='ocr_carea' id='block_1_88' title="bbox 2078 3332 3658 3406">
    <p class='ocr_par' dir='ltr' id='par_1_88' title="bbox 2078 3332 3658 3406">
     <span class='ocr_line' id='line_1_88' title="bbox 2078 3332 3658 3406; baseline -0.004 -15"><span class='ocrx_word' id='word_1_618' title='bbox 2078 3336 2238 3392; x_wconf 75' lang='grc' dir='ltr'>αὐτοῦ</span> <span class='ocrx_word' id='word_1_619' title='bbox 2270 3334 2621 3406; x_wconf 86' lang='grc' dir='ltr'>πεμφθεισῶν</span> <span class='ocrx_word' id='word_1_620' title='bbox 2655 3334 2977 3399; x_wconf 77' lang='grc' dir='ltr'>ἐπιστολῶν,</span> <span class='ocrx_word' id='word_1_621' title='bbox 3017 3334 3103 3386; x_wconf 84' lang='grc' dir='ltr'>ἵνα</span> <span class='ocrx_word' id='word_1_622' title='bbox 3147 3333 3441 3404; x_wconf 78' lang='grc' dir='ltr'>ἐντυχοῦσα</span> <span class='ocrx_word' id='word_1_623' title='bbox 3493 3332 3658 3401; x_wconf 79' lang='grc' dir='ltr'>ὑμῶν</span> 
     </span>
    </p>
   </div>
   <div class='ocr_carea' id='block_1_89' title="bbox 2075 3423 3663 3501">
    <p class='ocr_par' dir='ltr' id='par_1_89' title="bbox 2075 3423 3663 3501">
     <span class='ocr_line' id='line_1_89' title="bbox 2075 3423 3663 3501; baseline -0.01 -17"><span class='ocrx_word' id='word_1_624' title='bbox 2075 3432 2108 3501; x_wconf 79' lang='grc' dir='ltr'><strong>ἡ</strong></span> <span class='ocrx_word' id='word_1_625' title='bbox 2141 3429 2497 3500; x_wconf 81' lang='grc' dir='ltr'>μεγαλοφυΐα,</span> <span class='ocrx_word' id='word_1_626' title='bbox 2534 3428 2643 3480; x_wconf 89' lang='grc' dir='ltr'><strong>τῶν</strong></span> <span class='ocrx_word' id='word_1_627' title='bbox 2671 3427 2798 3497; x_wconf 79' lang='grc' dir='ltr'>παρ’</span> <span class='ocrx_word' id='word_1_628' title='bbox 2821 3426 2977 3497; x_wconf 77' lang='grc' dir='ltr'>ἡμῶν</span> <span class='ocrx_word' id='word_1_629' title='bbox 3005 3424 3264 3487; x_wconf 83' lang='grc' dir='ltr'>πολλάκις</span> <span class='ocrx_word' id='word_1_630' title='bbox 3304 3424 3387 3477; x_wconf 73' lang='grc' dir='ltr'><strong>ἐπ’</strong></span> <span class='ocrx_word' id='word_1_631' title='bbox 3417 3423 3663 3493; x_wconf 69' lang='grc' dir='ltr'>Ἐκκλη-</span> 
     </span>
    </p>
   </div>
   <div class='ocr_carea' id='block_1_90' title="bbox 2076 3517 3662 3592">
    <p class='ocr_par' dir='ltr' id='par_1_90' title="bbox 2076 3517 3662 3592">
     <span class='ocr_line' id='line_1_90' title="bbox 2076 3517 3662 3592; baseline -0.006 -15"><span class='ocrx_word' id='word_1_632' title='bbox 2076 3524 2196 3587; x_wconf 88' lang='grc' dir='ltr'>σίας</span> <span class='ocrx_word' id='word_1_633' title='bbox 2226 3521 2533 3592; x_wconf 78' lang='grc' dir='ltr'>εἰρημένων</span> <span class='ocrx_word' id='word_1_634' title='bbox 2569 3520 2911 3591; x_wconf 79' lang='grc' dir='ltr'>ὰναμνησθῇ,</span> <span class='ocrx_word' id='word_1_635' title='bbox 2946 3520 3041 3572; x_wconf 72' lang='grc' dir='ltr'><strong>καὶ</strong></span> <span class='ocrx_word' id='word_1_636' title='bbox 3082 3519 3194 3588; x_wconf 81' lang='grc' dir='ltr'><strong>γνῷ</strong></span> <span class='ocrx_word' id='word_1_637' title='bbox 3227 3518 3339 3570; x_wconf 86' lang='grc' dir='ltr'><strong>τῶν</strong></span> <span class='ocrx_word' id='word_1_638' title='bbox 3364 3517 3662 3584; x_wconf 83' lang='grc' dir='ltr'>δογμάτων</span> 
     </span>
    </p>
   </div>
   <div class='ocr_carea' id='block_1_91' title="bbox 2073 3606 3658 3683">
    <p class='ocr_par' dir='ltr' id='par_1_91' title="bbox 2073 3606 3658 3683">
     <span class='ocr_line' id='line_1_91' title="bbox 2073 3606 3658 3683; baseline -0.005 -16"><span class='ocrx_word' id='word_1_639' title='bbox 2073 3613 2172 3683; x_wconf 78' lang='grc' dir='ltr'><strong>τὴν</strong></span> <span class='ocrx_word' id='word_1_640' title='bbox 2205 3611 2546 3682; x_wconf 87' lang='grc' dir='ltr'>συμφωνίαν,</span> <span class='ocrx_word' id='word_1_641' title='bbox 2580 3611 2673 3664; x_wconf 70' lang='grc' dir='ltr'><strong>καὶ</strong></span> <span class='ocrx_word' id='word_1_642' title='bbox 2720 3612 2927 3681; x_wconf 82' lang='grc' dir='ltr'>μισήσῃ</span> <span class='ocrx_word' id='word_1_643' title='bbox 2953 3612 3079 3672; x_wconf 83' lang='grc' dir='ltr'>τοὺς</span> <span class='ocrx_word' id='word_1_644' title='bbox 3111 3608 3405 3671; x_wconf 77' lang='grc' dir='ltr'>λαλοῦντας</span> <span class='ocrx_word' id='word_1_645' title='bbox 3428 3608 3483 3661; x_wconf 67' lang='grc' dir='ltr'>τὸ</span> <span class='ocrx_word' id='word_1_646' title='bbox 3510 3606 3658 3676; x_wconf 70' lang='grc' dir='ltr'>ψεῦο</span> 
     </span>
    </p>
   </div>
   <div class='ocr_carea' id='block_1_92' title="bbox 2072 3699 3660 3772">
    <p class='ocr_par' dir='ltr' id='par_1_92' title="bbox 2072 3699 3660 3772">
     <span class='ocr_line' id='line_1_92' title="bbox 2072 3699 3660 3772; baseline -0.004 -15"><span class='ocrx_word' id='word_1_647' title='bbox 2072 3705 2185 3769; x_wconf 86' lang='grc' dir='ltr'>δος,</span> <span class='ocrx_word' id='word_1_648' title='bbox 2217 3702 2311 3756; x_wconf 69' lang='grc' dir='ltr'><strong>καὶ</strong></span> <span class='ocrx_word' id='word_1_649' title='bbox 2343 3702 2468 3765; x_wconf 78' lang='grc' dir='ltr'>τοὺς</span> <span class='ocrx_word' id='word_1_650' title='bbox 2501 3702 2598 3772; x_wconf 83' lang='grc' dir='ltr'><strong>τὴν</strong></span> <span class='ocrx_word' id='word_1_651' title='bbox 2627 3702 2817 3772; x_wconf 79' lang='grc' dir='ltr'>καινὴν</span> <span class='ocrx_word' id='word_1_652' title='bbox 2846 3702 3061 3770; x_wconf 76' lang='grc' dir='ltr'>αἵρεσιν</span> <span class='ocrx_word' id='word_1_653' title='bbox 3091 3700 3235 3753; x_wconf 81' lang='grc' dir='ltr'>κατά</span> <span class='ocrx_word' id='word_1_654' title='bbox 3281 3699 3389 3752; x_wconf 84' lang='grc' dir='ltr'><strong>τῶν</strong></span> <span class='ocrx_word' id='word_1_655' title='bbox 3418 3700 3660 3751; x_wconf 79' lang='grc' dir='ltr'>ἀποστο-</span> 
     </span>
    </p>
   </div>
   <div class='ocr_carea' id='block_1_93' title="bbox 2074 3791 3016 3861">
    <p class='ocr_par' dir='ltr' id='par_1_93' title="bbox 2074 3791 3016 3861">
     <span class='ocr_line' id='line_1_93' title="bbox 2074 3791 3016 3861; baseline -0.002 -13"><span class='ocrx_word' id='word_1_656' title='bbox 2074 3794 2244 3848; x_wconf 83' lang='grc' dir='ltr'>λικῶν</span> <span class='ocrx_word' id='word_1_657' title='bbox 2272 3791 2684 3855; x_wconf 82' lang='grc' dir='ltr'>συντεθεικότας</span> <span class='ocrx_word' id='word_1_658' title='bbox 2709 3791 3016 3861; x_wconf 86' lang='grc' dir='ltr'>δογμάτων.</span> 
     </span>
    </p>
   </div>
   <div class='ocr_carea' id='block_1_94' title="bbox 2180 3901 3525 3975">
    <p class='ocr_par' dir='ltr' id='par_1_94' title="bbox 2180 3901 3525 3975">
     <span class='ocr_line' id='line_1_94' title="bbox 2180 3901 3525 3975; baseline -0.004 -15"><span class='ocrx_word' id='word_1_659' title='bbox 2180 3908 2355 3960; x_wconf 82' lang='lat' dir='ltr'><strong>PKB’.</strong></span> <span class='ocrx_word' id='word_1_660' title='bbox 2380 3936 2451 3946; x_wconf 91' lang='lat'><strong><em>—</em></strong></span> <span class='ocrx_word' id='word_1_661' title='bbox 2472 3906 2741 3973; x_wconf 73' lang='grc' dir='ltr'>Οὐρανίῳ</span> <span class='ocrx_word' id='word_1_662' title='bbox 2764 3904 3077 3970; x_wconf 76' lang='grc' dir='ltr'>ἐπισκόπῳ</span> <span class='ocrx_word' id='word_1_663' title='bbox 3115 3904 3369 3974; x_wconf 75' lang='grc' dir='ltr'>Ἐμέσης</span> <span class='ocrx_word' id='word_1_664' title='bbox 3393 3901 3525 3975; x_wconf 83' lang='grc'><strong>(85).</strong></span> 
     </span>
    </p>
   </div>
   <div class='ocr_carea' id='block_1_95' title="bbox 2146 4014 3651 4091">
    <p class='ocr_par' dir='ltr' id='par_1_95' title="bbox 2146 4014 3651 4091">
     <span class='ocr_line' id='line_1_95' title="bbox 2146 4014 3651 4091; baseline -0.005 -19"><span class='ocrx_word' id='word_1_665' title='bbox 2146 4020 2268 4072; x_wconf 85' lang='grc' dir='ltr'>Ὅτι</span> <span class='ocrx_word' id='word_1_666' title='bbox 2308 4018 2405 4089; x_wconf 79' lang='grc' dir='ltr'>μὲν</span> <span class='ocrx_word' id='word_1_667' title='bbox 2436 4014 2869 4086; x_wconf 79' lang='grc' dir='ltr'>συνεζεύχθημεν</span> <span class='ocrx_word' id='word_1_668' title='bbox 2903 4016 2960 4068; x_wconf 87' lang='grc' dir='ltr'>ὲν</span> <span class='ocrx_word' id='word_1_669' title='bbox 2992 4018 3104 4078; x_wconf 84' lang='grc' dir='ltr'>τοῖς</span> <span class='ocrx_word' id='word_1_670' title='bbox 3136 4015 3459 4091; x_wconf 87' lang='grc' dir='ltr'>γράμμασιν</span> <span class='ocrx_word' id='word_1_671' title='bbox 3498 4014 3544 4066; x_wconf 76' lang='grc' dir='ltr'>οἱ</span> <span class='ocrx_word' id='word_1_672' title='bbox 3581 4015 3651 4082; x_wconf 82' lang='grc' dir='ltr'>τῇ</span> 
     </span>
    </p>
   </div>
   <div class='ocr_carea' id='block_1_96' title="bbox 2074 4107 3654 4178">
    <p class='ocr_par' dir='ltr' id='par_1_96' title="bbox 2074 4107 3654 4178">
     <span class='ocr_line' id='line_1_96' title="bbox 2074 4107 3654 4178; baseline -0.006 -12"><span class='ocrx_word' id='word_1_673' title='bbox 2074 4111 2309 4166; x_wconf 88' lang='grc' dir='ltr'>διαθέσει</span> <span class='ocrx_word' id='word_1_674' title='bbox 2347 4108 2791 4178; x_wconf 74' lang='grc' dir='ltr'>συνεζευγμένοι,</span> <span class='ocrx_word' id='word_1_675' title='bbox 2827 4108 2946 4160; x_wconf 90' lang='grc' dir='ltr'>λίαν</span> <span class='ocrx_word' id='word_1_676' title='bbox 2987 4107 3255 4178; x_wconf 77' lang='grc' dir='ltr'>ἥσθημεν.</span> <span class='ocrx_word' id='word_1_677' title='bbox 3286 4107 3361 4159; x_wconf 85' lang='grc' dir='ltr'>Ού</span> <span class='ocrx_word' id='word_1_678' title='bbox 3395 4107 3654 4174; x_wconf 79' lang='grc' dir='ltr'>νενοήκα-</span> 
     </span>
    </p>
   </div>
   <div class='ocr_carea' id='block_1_97' title="bbox 2078 4193 3654 4272">
    <p class='ocr_par' dir='ltr' id='par_1_97' title="bbox 2078 4193 3654 4272">
     <span class='ocr_line' id='line_1_97' title="bbox 2078 4193 3654 4272; baseline -0.006 -17"><span class='ocrx_word' id='word_1_679' title='bbox 2078 4219 2178 4272; x_wconf 88' lang='grc' dir='ltr'><strong>μεν</strong></span> <span class='ocrx_word' id='word_1_680' title='bbox 2209 4202 2265 4254; x_wconf 86' lang='grc' dir='ltr'>δὲ</span> <span class='ocrx_word' id='word_1_681' title='bbox 2304 4200 2383 4264; x_wconf 82' lang='grc' dir='ltr'><strong>τὸ,</strong></span> <span class='ocrx_word' id='word_1_682' title='bbox 2428 4200 2509 4252; x_wconf 77' lang='grc' dir='ltr'>ὅτι</span> <span class='ocrx_word' id='word_1_683' title='bbox 2540 4200 2652 4268; x_wconf 84' lang='grc' dir='ltr'><strong>Οὐχ</strong></span> <span class='ocrx_word' id='word_1_684' title='bbox 2699 4193 2842 4253; x_wconf 76' lang='grc' dir='ltr'>οὗτοι</span> <span class='ocrx_word' id='word_1_685' title='bbox 2871 4198 2919 4250; x_wconf 82' lang='lat' dir='ltr'><strong>oi</strong></span> <span class='ocrx_word' id='word_1_686' title='bbox 2949 4197 3097 4264; x_wconf 84' lang='grc' dir='ltr'>λόγοι</span> <span class='ocrx_word' id='word_1_687' title='bbox 3129 4211 3260 4266; x_wconf 76' lang='grc' dir='ltr'>μους</span> <span class='ocrx_word' id='word_1_688' title='bbox 3290 4196 3355 4248; x_wconf 84' lang='grc' dir='ltr'>Εἰ</span> <span class='ocrx_word' id='word_1_689' title='bbox 3402 4194 3498 4263; x_wconf 83' lang='grc' dir='ltr'><strong>μὲν</strong></span> <span class='ocrx_word' id='word_1_690' title='bbox 3540 4193 3654 4261; x_wconf 67' lang='grc' dir='ltr'><strong>γὰρ</strong></span> 
     </span>
    </p>
   </div>
   <div class='ocr_carea' id='block_1_98' title="bbox 2077 4285 3651 4364">
    <p class='ocr_par' dir='ltr' id='par_1_98' title="bbox 2077 4285 3651 4364">
     <span class='ocr_line' id='line_1_98' title="bbox 2077 4285 3651 4364; baseline -0.005 -19"><span class='ocrx_word' id='word_1_691' title='bbox 2077 4293 2434 4364; x_wconf 86' lang='grc' dir='ltr'>προσρήσεως</span> <span class='ocrx_word' id='word_1_692' title='bbox 2479 4290 2638 4360; x_wconf 84' lang='grc' dir='ltr'>χάριν</span> <span class='ocrx_word' id='word_1_693' title='bbox 2681 4289 2899 4359; x_wconf 75' lang='grc' dir='ltr'>εἴρηται</span> <span class='ocrx_word' id='word_1_694' title='bbox 2949 4289 3138 4359; x_wconf 87' lang='grc' dir='ltr'>μόνης,</span> <span class='ocrx_word' id='word_1_695' title='bbox 3187 4289 3287 4340; x_wconf 77' lang='grc' dir='ltr'><strong>οὐκ</strong></span> <span class='ocrx_word' id='word_1_696' title='bbox 3314 4288 3442 4358; x_wconf 73' lang='grc' dir='ltr'>ἀνιᾷ</span> <span class='ocrx_word' id='word_1_697' title='bbox 3474 4287 3532 4339; x_wconf 60' lang='lat' dir='ltr'><strong>rh</strong></span> <span class='ocrx_word' id='word_1_698' title='bbox 3558 4285 3651 4337; x_wconf 83' lang='grc' dir='ltr'>λε-</span> 
     </span>
    </p>
   </div>
   <div class='ocr_carea' id='block_1_99' title="bbox 2078 4377 3651 4452">
    <p class='ocr_par' dir='ltr' id='par_1_99' title="bbox 2078 4377 3651 4452">
     <span class='ocr_line' id='line_1_99' title="bbox 2078 4377 3651 4452; baseline -0.004 -17"><span class='ocrx_word' id='word_1_699' title='bbox 2078 4382 2239 4452; x_wconf 82' lang='grc' dir='ltr'>χθέν·</span> <span class='ocrx_word' id='word_1_700' title='bbox 2267 4383 2316 4433; x_wconf 88' lang='grc' dir='ltr'><strong>εί</strong></span> <span class='ocrx_word' id='word_1_701' title='bbox 2344 4380 2400 4433; x_wconf 78' lang='grc' dir='ltr'>δὲ</span> <span class='ocrx_word' id='word_1_702' title='bbox 2427 4377 2736 4450; x_wconf 77' lang='grc' dir='ltr'>συμϐουλῆς</span> <span class='ocrx_word' id='word_1_703' title='bbox 2772 4379 3177 4448; x_wconf 80' lang='grc' dir='ltr'>ἀναμιμνήσκει</span> <span class='ocrx_word' id='word_1_704' title='bbox 3206 4377 3365 4448; x_wconf 83' lang='grc' dir='ltr'>σιγὴν</span> <span class='ocrx_word' id='word_1_705' title='bbox 3388 4392 3651 4446; x_wconf 75' lang='grc' dir='ltr'>παραινε-</span> 
     </span>
    </p>
   </div>
   <div class='ocr_carea' id='block_1_100' title="bbox 2079 4466 3652 4543">
    <p class='ocr_par' dir='ltr' id='par_1_100' title="bbox 2079 4466 3652 4543">
     <span class='ocr_line' id='line_1_100' title="bbox 2079 4466 3652 4543; baseline -0.005 -18"><span class='ocrx_word' id='word_1_706' title='bbox 2079 4474 2275 4543; x_wconf 85' lang='grc' dir='ltr'>σάσης,</span> <span class='ocrx_word' id='word_1_707' title='bbox 2305 4470 2399 4523; x_wconf 73' lang='grc' dir='ltr'>καὶ</span> <span class='ocrx_word' id='word_1_708' title='bbox 2422 4471 2521 4541; x_wconf 82' lang='grc' dir='ltr'>τὴν</span> <span class='ocrx_word' id='word_1_709' title='bbox 2549 4469 2890 4539; x_wconf 84' lang='grc' dir='ltr'>καλουμένην</span> <span class='ocrx_word' id='word_1_710' title='bbox 2910 4469 3244 4539; x_wconf 75' lang='grc' dir='ltr'>οἰκονομίαν,</span> <span class='ocrx_word' id='word_1_711' title='bbox 3274 4468 3434 4539; x_wconf 83' lang='grc' dir='ltr'>χάριν</span> <span class='ocrx_word' id='word_1_712' title='bbox 3461 4466 3652 4536; x_wconf 79' lang='grc' dir='ltr'>ὁμολο-</span> 
     </span>
    </p>
   </div>
   <div class='ocr_carea' id='block_1_101' title="bbox 2073 4559 3652 4633">
    <p class='ocr_par' dir='ltr' id='par_1_101' title="bbox 2073 4559 3652 4633">
     <span class='ocr_line' id='line_1_101' title="bbox 2073 4559 3652 4633; baseline -0.003 -17"><span class='ocrx_word' id='word_1_713' title='bbox 2073 4563 2301 4633; x_wconf 87' lang='grc' dir='ltr'>γοῦμεν,</span> <span class='ocrx_word' id='word_1_714' title='bbox 2337 4562 2411 4633; x_wconf 84' lang='grc' dir='ltr'>μὴ</span> <span class='ocrx_word' id='word_1_715' title='bbox 2458 4562 2743 4632; x_wconf 81' lang='grc' dir='ltr'>δεξάμενοι</span> <span class='ocrx_word' id='word_1_716' title='bbox 2786 4562 2888 4633; x_wconf 81' lang='grc' dir='ltr'><strong>τὴν</strong></span> <span class='ocrx_word' id='word_1_717' title='bbox 2913 4562 3217 4631; x_wconf 75' lang='grc' dir='ltr'>εἰσήγησιν.</span> <span class='ocrx_word' id='word_1_718' title='bbox 3269 4559 3330 4613; x_wconf 84' lang='grc' dir='ltr'>Ὀ</span> <span class='ocrx_word' id='word_1_719' title='bbox 3360 4561 3467 4631; x_wconf 85' lang='grc' dir='ltr'><strong>γάρ</strong></span> <span class='ocrx_word' id='word_1_720' title='bbox 3504 4559 3652 4622; x_wconf 87' lang='grc' dir='ltr'>θεῖος</span> 
     </span>
    </p>
   </div>
   <div class='ocr_carea' id='block_1_102' title="bbox 2087 4651 3652 4725">
    <p class='ocr_par' dir='ltr' id='par_1_102' title="bbox 2087 4651 3652 4725">
     <span class='ocr_line' id='line_1_102' title="bbox 2087 4651 3652 4725; baseline -0.004 -15"><span class='ocrx_word' id='word_1_721' title='bbox 2087 4656 2408 4719; x_wconf 82' lang='grc' dir='ltr'>Ἀπόστολος</span> <span class='ocrx_word' id='word_1_722' title='bbox 2444 4656 2703 4708; x_wconf 86' lang='grc' dir='ltr'>τάναντία</span> <span class='ocrx_word' id='word_1_723' title='bbox 2737 4655 3025 4725; x_wconf 80' lang='grc' dir='ltr'>παρεγγυᾷ</span> <span class='ocrx_word' id='word_1_724' title='bbox 3047 4670 3061 4684; x_wconf 86' lang='grc'><strong>·</strong></span> <span class='ocrx_word' id='word_1_725' title='bbox 3091 4673 3110 4705; x_wconf 77' lang='grc' dir='ltr'><strong>ι</strong></span> <span class='ocrx_word' id='word_1_726' title='bbox 3149 4652 3429 4722; x_wconf 80' lang='grc' dir='ltr'>Ἐπίστηθι</span> <span class='ocrx_word' id='word_1_727' title='bbox 3460 4651 3652 4704; x_wconf 80' lang='grc' dir='ltr'>εὐκαί-</span> 
     </span>
    </p>
   </div>
   <div class='ocr_carea' id='block_1_103' title="bbox 2076 4739 3654 4817">
    <p class='ocr_par' dir='ltr' id='par_1_103' title="bbox 2076 4739 3654 4817">
     <span class='ocr_line' id='line_1_103' title="bbox 2076 4739 3654 4817; baseline -0.005 -18"><span class='ocrx_word' id='word_1_728' title='bbox 2076 4762 2204 4817; x_wconf 85' lang='grc' dir='ltr'>ρως,</span> <span class='ocrx_word' id='word_1_729' title='bbox 2245 4744 2509 4815; x_wconf 74' lang='grc' dir='ltr'>ἀκαίρως.</span> <span class='ocrx_word' id='word_1_730' title='bbox 2540 4763 2558 4796; x_wconf 74' lang='grc' dir='ltr'><strong>ι</strong></span> <span class='ocrx_word' id='word_1_731' title='bbox 2598 4743 2708 4796; x_wconf 73' lang='grc' dir='ltr'><strong>Καὶ</strong></span> <span class='ocrx_word' id='word_1_732' title='bbox 2733 4744 2761 4795; x_wconf 86' lang='grc' dir='ltr'>ὁ</span> <span class='ocrx_word' id='word_1_733' title='bbox 2797 4742 3073 4813; x_wconf 79' lang='grc' dir='ltr'>Δεσπότης</span> <span class='ocrx_word' id='word_1_734' title='bbox 3100 4741 3246 4812; x_wconf 77' lang='grc' dir='ltr'>αὐτῷ</span> <span class='ocrx_word' id='word_1_735' title='bbox 3268 4758 3332 4807; x_wconf 85' lang='grc' dir='ltr'><strong>γε</strong></span> <span class='ocrx_word' id='word_1_736' title='bbox 3364 4740 3537 4809; x_wconf 88' lang='grc' dir='ltr'>τούτῳ</span> <span class='ocrx_word' id='word_1_737' title='bbox 3573 4739 3654 4808; x_wconf 80' lang='grc' dir='ltr'>τῷ</span> 
     </span>
    </p>
   </div>
   <div class='ocr_carea' id='block_1_104' title="bbox 2073 4830 3647 4907">
    <p class='ocr_par' dir='ltr' id='par_1_104' title="bbox 2073 4830 3647 4907">
     <span class='ocr_line' id='line_1_104' title="bbox 2073 4830 3647 4907; baseline -0.004 -17"><span class='ocrx_word' id='word_1_738' title='bbox 2073 4838 2278 4907; x_wconf 81' lang='grc' dir='ltr'>κήρυκι</span> <span class='ocrx_word' id='word_1_739' title='bbox 2298 4852 2313 4867; x_wconf 91' lang='grc'><strong>·</strong></span> <span class='ocrx_word' id='word_1_740' title='bbox 2344 4854 2363 4886; x_wconf 73' lang='grc' dir='ltr'><strong>ι</strong></span> <span class='ocrx_word' id='word_1_741' title='bbox 2384 4835 2571 4903; x_wconf 85' lang='grc' dir='ltr'>Λάλει,</span> <span class='ocrx_word' id='word_1_742' title='bbox 2602 4835 2695 4888; x_wconf 75' lang='grc' dir='ltr'>καὶ</span> <span class='ocrx_word' id='word_1_743' title='bbox 2719 4833 2794 4905; x_wconf 86' lang='grc' dir='ltr'><strong>μὴ</strong></span> <span class='ocrx_word' id='word_1_744' title='bbox 2818 4834 3120 4904; x_wconf 74' lang='grc' dir='ltr'>σιωπήσῃς.</span> <span class='ocrx_word' id='word_1_745' title='bbox 3142 4851 3161 4883; x_wconf 75' lang='grc' dir='ltr'><strong>ι</strong></span> <span class='ocrx_word' id='word_1_746' title='bbox 3182 4833 3291 4885; x_wconf 73' lang='grc' dir='ltr'><strong>Καὶ</strong></span> <span class='ocrx_word' id='word_1_747' title='bbox 3318 4831 3397 4902; x_wconf 83' lang='grc' dir='ltr'>τῷ</span> <span class='ocrx_word' id='word_1_748' title='bbox 3424 4830 3647 4901; x_wconf 73' lang='grc' dir='ltr'>Ἡσαΐᾳ·</span> 
     </span>
    </p>
   </div>
   <div class='ocr_carea' id='block_1_105' title="bbox 2087 4920 3653 4995">
    <p class='ocr_par' dir='ltr' id='par_1_105' title="bbox 2087 4920 3653 4995">
     <span class='ocr_line' id='line_1_105' title="bbox 2087 4920 3653 4995; baseline -0.002 -19"><span class='ocrx_word' id='word_1_749' title='bbox 2087 4945 2106 4976; x_wconf 75' lang='grc' dir='ltr'><strong>ι</strong></span> <span class='ocrx_word' id='word_1_750' title='bbox 2130 4924 2459 4995; x_wconf 78' lang='grc' dir='ltr'>Ἀναϐόησον</span> <span class='ocrx_word' id='word_1_751' title='bbox 2486 4927 2552 4995; x_wconf 78' lang='grc' dir='ltr'>τῇ</span> <span class='ocrx_word' id='word_1_752' title='bbox 2592 4925 2737 4994; x_wconf 81' lang='grc' dir='ltr'>ἰσχύϊ</span> <span class='ocrx_word' id='word_1_753' title='bbox 2771 4940 2886 4987; x_wconf 84' lang='grc' dir='ltr'>σου,</span> <span class='ocrx_word' id='word_1_754' title='bbox 2921 4923 3018 4975; x_wconf 74' lang='grc' dir='ltr'>καὶ</span> <span class='ocrx_word' id='word_1_755' title='bbox 3054 4922 3130 4994; x_wconf 79' lang='grc' dir='ltr'>μὴ</span> <span class='ocrx_word' id='word_1_756' title='bbox 3166 4922 3347 4992; x_wconf 81' lang='grc' dir='ltr'>φείσῃ.</span> <span class='ocrx_word' id='word_1_757' title='bbox 3372 4940 3392 4972; x_wconf 73' lang='grc' dir='ltr'><strong>ι</strong></span> <span class='ocrx_word' id='word_1_758' title='bbox 3428 4921 3533 4974; x_wconf 73' lang='grc' dir='ltr'>Καὶ</span> <span class='ocrx_word' id='word_1_759' title='bbox 3572 4920 3653 4990; x_wconf 81' lang='grc' dir='ltr'>τῷ</span> 
     </span>
    </p>
   </div>
   <div class='ocr_carea' id='block_1_106' title="bbox 2071 5011 3647 5087">
    <p class='ocr_par' dir='ltr' id='par_1_106' title="bbox 2071 5011 3647 5087">
     <span class='ocr_line' id='line_1_106' title="bbox 2071 5011 3647 5087; baseline -0.005 -16"><span class='ocrx_word' id='word_1_760' title='bbox 2071 5019 2282 5087; x_wconf 80' lang='grc' dir='ltr'>Μωῢσῇ</span> <span class='ocrx_word' id='word_1_761' title='bbox 2304 5034 2317 5049; x_wconf 88' lang='grc'><strong>·</strong></span> <span class='ocrx_word' id='word_1_762' title='bbox 2359 5037 2375 5069; x_wconf 81' lang='grc' dir='ltr'><strong>ι</strong></span> <span class='ocrx_word' id='word_1_763' title='bbox 2400 5016 2655 5079; x_wconf 81' lang='grc' dir='ltr'>Καταὸὰς</span> <span class='ocrx_word' id='word_1_764' title='bbox 2692 5016 3057 5086; x_wconf 82' lang='grc' dir='ltr'>διαμάρτυραι</span> <span class='ocrx_word' id='word_1_765' title='bbox 3105 5013 3199 5084; x_wconf 57' lang='grc' dir='ltr'>τῷ,</span> <span class='ocrx_word' id='word_1_766' title='bbox 3226 5011 3340 5082; x_wconf 88' lang='grc' dir='ltr'>λαῷ</span> <span class='ocrx_word' id='word_1_767' title='bbox 3400 5011 3597 5081; x_wconf 84' lang='grc' dir='ltr'>τούτῳ.</span> <span class='ocrx_word' id='word_1_768' title='bbox 3627 5030 3647 5063; x_wconf 70' lang='grc' dir='ltr'><strong>ο</strong></span> 
     </span>
    </p>
   </div>
   <div class='ocr_carea' id='block_1_107' title="bbox 2072 5104 3644 5180">
    <p class='ocr_par' dir='ltr' id='par_1_107' title="bbox 2072 5104 3644 5180">
     <span class='ocr_line' id='line_1_107' title="bbox 2072 5104 3644 5180; baseline -0.006 -16"><span class='ocrx_word' id='word_1_769' title='bbox 2072 5111 2184 5164; x_wconf 72' lang='grc' dir='ltr'>Καὶ</span> <span class='ocrx_word' id='word_1_770' title='bbox 2228 5110 2411 5180; x_wconf 82' lang='grc' dir='ltr'>μέντοι</span> <span class='ocrx_word' id='word_1_771' title='bbox 2445 5111 2540 5163; x_wconf 77' lang='grc' dir='ltr'>καὶ</span> <span class='ocrx_word' id='word_1_772' title='bbox 2581 5108 2661 5179; x_wconf 80' lang='grc' dir='ltr'>τῷ</span> <span class='ocrx_word' id='word_1_773' title='bbox 2711 5107 3010 5177; x_wconf 78' lang='grc' dir='ltr'>Ἱεζεκιήλ·</span> <span class='ocrx_word' id='word_1_774' title='bbox 3052 5125 3071 5159; x_wconf 76' lang='grc' dir='ltr'><strong>ι</strong></span> <span class='ocrx_word' id='word_1_775' title='bbox 3101 5105 3310 5159; x_wconf 82' lang='grc' dir='ltr'>Σκοπὸν</span> <span class='ocrx_word' id='word_1_776' title='bbox 3337 5104 3547 5159; x_wconf 83' lang='grc' dir='ltr'>δέδωκά</span> <span class='ocrx_word' id='word_1_777' title='bbox 3585 5120 3644 5156; x_wconf 85' lang='grc' dir='ltr'>σς</span> 
     </span>
    </p>
   </div>
   <div class='ocr_carea' id='block_1_108' title="bbox 2070 5193 3646 5272">
    <p class='ocr_par' dir='ltr' id='par_1_108' title="bbox 2070 5193 3646 5272">
     <span class='ocr_line' id='line_1_108' title="bbox 2070 5193 3646 5272; baseline -0.005 -19"><span class='ocrx_word' id='word_1_778' title='bbox 2070 5202 2148 5272; x_wconf 84' lang='grc' dir='ltr'>τῷ</span> <span class='ocrx_word' id='word_1_779' title='bbox 2191 5203 2324 5268; x_wconf 78' lang='grc' dir='ltr'>οἴκῳ</span> <span class='ocrx_word' id='word_1_780' title='bbox 2363 5200 2613 5272; x_wconf 85' lang='grc' dir='ltr'>Ἰσραήλ·</span> <span class='ocrx_word' id='word_1_781' title='bbox 2657 5199 2749 5252; x_wconf 73' lang='grc' dir='ltr'><strong>καὶ</strong></span> <span class='ocrx_word' id='word_1_782' title='bbox 2794 5198 2973 5262; x_wconf 77' lang='grc' dir='ltr'>ἔσται,</span> <span class='ocrx_word' id='word_1_783' title='bbox 2996 5198 3091 5252; x_wconf 71' lang='grc' dir='ltr'><strong>ἐὰν</strong></span> <span class='ocrx_word' id='word_1_784' title='bbox 3138 5197 3215 5267; x_wconf 83' lang='grc' dir='ltr'>μὴ</span> <span class='ocrx_word' id='word_1_785' title='bbox 3258 5194 3537 5266; x_wconf 74' lang='grc' dir='ltr'>διαστείλῃ</span> <span class='ocrx_word' id='word_1_786' title='bbox 3562 5193 3646 5264; x_wconf 82' lang='grc' dir='ltr'>τῷ</span> 
     </span>
    </p>
   </div>
   <div class='ocr_carea' id='block_1_109' title="bbox 2078 5285 3647 5362">
    <p class='ocr_par' dir='ltr' id='par_1_109' title="bbox 2078 5285 3647 5362">
     <span class='ocr_line' id='line_1_109' title="bbox 2078 5285 3647 5362; baseline -0.006 -17"><span class='ocrx_word' id='word_1_787' title='bbox 2078 5293 2288 5362; x_wconf 84' lang='grc' dir='ltr'>ἀνόμῳ,</span> <span class='ocrx_word' id='word_1_788' title='bbox 2318 5310 2337 5342; x_wconf 75' lang='grc' dir='ltr'><strong>ι</strong></span> <span class='ocrx_word' id='word_1_789' title='bbox 2394 5292 2491 5345; x_wconf 77' lang='grc' dir='ltr'><strong>καὶ</strong></span> <span class='ocrx_word' id='word_1_790' title='bbox 2534 5291 2601 5343; x_wconf 78' lang='grc' dir='ltr'>τὰ</span> <span class='ocrx_word' id='word_1_791' title='bbox 2653 5289 2863 5354; x_wconf 82' lang='grc' dir='ltr'>τούτοις</span> <span class='ocrx_word' id='word_1_792' title='bbox 2907 5288 3212 5343; x_wconf 75' lang='grc' dir='ltr'>ἀκόλουθα·</span> <span class='ocrx_word' id='word_1_793' title='bbox 3251 5286 3510 5357; x_wconf 80' lang='grc' dir='ltr'>περιττὸν</span> <span class='ocrx_word' id='word_1_794' title='bbox 3535 5285 3647 5355; x_wconf 80' lang='grc' dir='ltr'><strong>γὰρ</strong></span> 
     </span>
    </p>
   </div>
   <div class='ocr_carea' id='block_1_110' title="bbox 2075 5376 3647 5454">
    <p class='ocr_par' dir='ltr' id='par_1_110' title="bbox 2075 5376 3647 5454">
     <span class='ocr_line' id='line_1_110' title="bbox 2075 5376 3647 5454; baseline -0.001 -17"><span class='ocrx_word' id='word_1_795' title='bbox 2075 5383 2211 5454; x_wconf 83' lang='grc' dir='ltr'>πρὸς</span> <span class='ocrx_word' id='word_1_796' title='bbox 2243 5383 2421 5435; x_wconf 79' lang='grc' dir='ltr'>εἰδότα</span> <span class='ocrx_word' id='word_1_797' title='bbox 2449 5381 2730 5451; x_wconf 81' lang='grc' dir='ltr'>μηκύνειν.</span> <span class='ocrx_word' id='word_1_798' title='bbox 2760 5383 2835 5437; x_wconf 82' lang='grc' dir='ltr'><strong>Οὐ</strong></span> <span class='ocrx_word' id='word_1_799' title='bbox 2870 5382 3029 5451; x_wconf 87' lang='grc' dir='ltr'>μόνον</span> <span class='ocrx_word' id='word_1_800' title='bbox 3058 5380 3237 5434; x_wconf 77' lang='grc' dir='ltr'>τοίνυν</span> <span class='ocrx_word' id='word_1_801' title='bbox 3259 5380 3363 5433; x_wconf 78' lang='grc' dir='ltr'><strong>οὐκ</strong></span> <span class='ocrx_word' id='word_1_802' title='bbox 3391 5376 3647 5446; x_wconf 78' lang='grc' dir='ltr'>ἀλύομεν.</span> 
     </span>
    </p>
   </div>
   <div class='ocr_carea' id='block_1_111' title="bbox 2074 5466 3654 5544">
    <p class='ocr_par' dir='ltr' id='par_1_111' title="bbox 2074 5466 3654 5544">
     <span class='ocr_line' id='line_1_111' title="bbox 2074 5466 3654 5544; baseline -0.004 -19"><span class='ocrx_word' id='word_1_803' title='bbox 2074 5472 2358 5544; x_wconf 73' lang='grc' dir='ltr'>παρρησίᾳ.</span> <span class='ocrx_word' id='word_1_804' title='bbox 2402 5472 2756 5543; x_wconf 82' lang='grc' dir='ltr'>χρησάμενοι,</span> <span class='ocrx_word' id='word_1_805' title='bbox 2815 5472 2951 5526; x_wconf 72' lang='grc' dir='ltr'>ἀλλὰ</span> <span class='ocrx_word' id='word_1_806' title='bbox 3014 5471 3111 5524; x_wconf 73' lang='grc' dir='ltr'>καὶ</span> <span class='ocrx_word' id='word_1_807' title='bbox 3159 5470 3494 5541; x_wconf 85' lang='grc' dir='ltr'>γαννύμεθα,</span> <span class='ocrx_word' id='word_1_808' title='bbox 3554 5466 3654 5521; x_wconf 74' lang='grc' dir='ltr'>καὶ</span> 
     </span>
    </p>
   </div>
   <div class='ocr_carea' id='block_1_112' title="bbox 2079 5628 3216 5694">
    <p class='ocr_par' dir='ltr' id='par_1_112' title="bbox 2079 5628 3216 5694">
     <span class='ocr_line' id='line_1_112' title="bbox 2079 5628 3216 5694; baseline 0.001 -11"><span class='ocrx_word' id='word_1_809' title='bbox 2079 5629 2122 5660; x_wconf 80' lang='grc'><strong>³²</strong></span> <span class='ocrx_word' id='word_1_810' title='bbox 2155 5628 2329 5683; x_wconf 75' lang='lat' dir='ltr'><strong>Exod.</strong></span> <span class='ocrx_word' id='word_1_811' title='bbox 2372 5645 2480 5682; x_wconf 72' lang='lat' dir='ltr'><strong>xu.</strong></span> <span class='ocrx_word' id='word_1_812' title='bbox 2526 5628 2617 5682; x_wconf 69' lang='lat'><strong>21.</strong></span> <span class='ocrx_word' id='word_1_813' title='bbox 2699 5631 2743 5663; x_wconf 82' lang='grc'><strong>³³</strong></span> <span class='ocrx_word' id='word_1_814' title='bbox 2778 5630 2978 5685; x_wconf 84' lang='lat' dir='ltr'><strong>Ezech.</strong></span> <span class='ocrx_word' id='word_1_815' title='bbox 3019 5645 3101 5694; x_wconf 79' lang='lat' dir='ltr'><strong>tu,</strong></span> <span class='ocrx_word' id='word_1_816' title='bbox 3129 5629 3216 5684; x_wconf 79' lang='grc'><strong>17.</strong></span> 
     </span>
    </p>
   </div>
   <div class='ocr_carea' id='block_1_113' title="bbox 461 5756 1974 5842">
    <p class='ocr_par' dir='ltr' id='par_1_113' title="bbox 461 5756 1954 5835">
     <span class='ocr_line' id='line_1_113' title="bbox 461 5756 1954 5835; baseline 0.005 -24"><span class='ocrx_word' id='word_1_817' title='bbox 461 5756 571 5827; x_wconf 71' lang='grc'>(85)</span> <span class='ocrx_word' id='word_1_818' title='bbox 605 5756 757 5825; x_wconf 82' lang='lat' dir='ltr'><strong>Apud</strong></span> <span class='ocrx_word' id='word_1_819' title='bbox 790 5759 1009 5823; x_wconf 83' lang='lat' dir='ltr'><strong>Baron.,</strong></span> <span class='ocrx_word' id='word_1_820' title='bbox 1037 5769 1074 5813; x_wconf 87' lang='grc' dir='ltr'><strong>ι,</strong></span> <span class='ocrx_word' id='word_1_821' title='bbox 1111 5763 1195 5823; x_wconf 60' lang='grc' dir='ltr'><strong>τι,</strong></span> <span class='ocrx_word' id='word_1_822' title='bbox 1230 5779 1281 5829; x_wconf 87' lang='lat' dir='ltr'><strong>p.</strong></span> <span class='ocrx_word' id='word_1_823' title='bbox 1314 5764 1407 5819; x_wconf 75' lang='grc' dir='ltr'><strong>1οῑ</strong></span> <span class='ocrx_word' id='word_1_824' title='bbox 1440 5782 1552 5835; x_wconf 74' lang='lat' dir='ltr'><strong>st‘q.</strong></span> <span class='ocrx_word' id='word_1_825' title='bbox 1588 5768 1651 5821; x_wconf 87' lang='lat' dir='ltr'><strong>ad</strong></span> <span class='ocrx_word' id='word_1_826' title='bbox 1683 5786 1711 5823; x_wconf 85' lang='lat' dir='ltr'><strong>a</strong></span> <span class='ocrx_word' id='word_1_827' title='bbox 1746 5771 1804 5823; x_wconf 81' lang='lat' dir='ltr'><strong>C.</strong></span> <span class='ocrx_word' id='word_1_828' title='bbox 1836 5773 1954 5835; x_wconf 62' lang='grc'><strong>419,</strong></span> 
     </span>
    </p>
   </div>
   <div class='ocr_carea' id='block_1_114' title="bbox 2081 5756 2579 5842">
    <p class='ocr_par' dir='ltr' id='par_1_114' title="bbox 2081 5770 2579 5842">
     <span class='ocr_line' id='line_1_114' title="bbox 2081 5770 2579 5842; baseline 0.006 -19"><span class='ocrx_word' id='word_1_829' title='bbox 2081 5774 2183 5825; x_wconf 74' lang='lat' dir='ltr'><strong>lcm</strong></span> <span class='ocrx_word' id='word_1_830' title='bbox 2216 5781 2299 5825; x_wconf 85' lang='lat' dir='ltr'><strong>est</strong></span> <span class='ocrx_word' id='word_1_831' title='bbox 2335 5770 2579 5842; x_wconf 81' lang='lat' dir='ltr'><strong>cpistola.</strong></span> 
     </span>
    </p>
   </div>
  </div>
