3924 6192
374 323 510 386 I333

1647 315 2005 394 EPISTULA
2042 317 2214 376 CXXI
2233 318 2247 374 l
2263 318 2307 376 Ι.

3466 308 3606 378 ιεξιι

369 435 648 508 γεγήμεθα
674 433 802 505 (86),
839 433 934 488 καὶ
959 434 1049 488 τὸν
1080 434 1282 488 τούτων
1307 435 1450 504 ἡμᾶς
1483 432 1792 498 ἀξιώσαντα
1823 433 1932 486 τῶν

2050 432 2364 489 iducialiter
2390 436 2625 507 agimus,
2655 435 2762 489 imo
2789 440 2845 488 et
2865 432 3164 504 gaudemus
3188 440 3245 484 et
3269 432 3534 494 laetamur,
3553 447 3606 488 «ει

367 531 700 598 παθηματιυν
743 524 1039 595 ὑμνοῦμεν,
1074 527 1166 579 καὶ
1207 525 1305 594 μὲν
1360 524 1424 595 δὴ
1459 527 1553 578 καὶ
1621 524 1746 587 τοὺς
1810 541 1937 576 συν-

366 622 516 692 ήθεις
546 619 636 671 ἐπὶ
657 619 782 682 τοὺς
811 617 1007 680 αὐτοὺς
1032 617 1250 684 ἀγῶνας
1274 617 1717 688 παρακαλοῦμεν.
1752 618 1812 670 Εἰ
1841 617 1939 686 μὲν

367 711 474 778 γὰρ
501 708 675 760 ἴσασιν
702 710 846 778 ἡμᾶς
868 707 958 760 τὸν
975 707 1328 760 ἀποστολικὺν
1355 707 1550 760 κανόνα
1571 707 1670 776 τῆς
1703 706 1938 769 πίστεως

371 801 444 871 μὴ
477 799 864 868 φυλάττοντας,
890 798 1367 862 ἀλλ’ἐκκλίνοντας
1391 798 1542 863 δεξιά
1573 799 1606 868 ἢ
1641 799 1932 868 ἀριστερὰ,

368 891 460 944 καί
498 890 888 960 μισησάτωσαν
914 930 928 954 ,
972 890 1068 944 καὶ
1120 888 1217 958 τῆς
1286 889 1535 954 ἐναντίας
1597 889 1940 957 γενέσθωσαν

371 981 582 1053 μοίρας.
616 981 709 1034 καὶ
746 981 884 1050 μετά
923 980 1032 1034 τῶν
1061 979 1442 1050 πολεμούντων
1471 980 1838 1050 τετάχθωσαν.
1876 980 1939 1032 El

367 1074 425 1128 δὲ
452 1073 550 1145 τὴν
579 1072 743 1144 ὀρθὴν
767 1072 860 1126 τοῦ
893 1071 1248 1140 εύαγγελικοῦ
1281 1071 1633 1142 κηρύγματος
1659 1089 1942 1143 προσμαρ-

368 1165 620 1234 τυροῦσιν
666 1165 796 1233 ἡμῖν
847 1163 1216 1227 διδασκαλίαν,
1258 1162 1470 1234 βοῶμεν
1527 1163 1663 1233 πρὸς
1707 1161 1936 1225 αὐτούς’

376 1275 394 1309 ι
415 1256 584 1325 Στῆτε
612 1256 704 1309 κα)⁵
739 1256 896 1324 ὑμεῖς
939 1255 1373 1325 περιζωσάμενοι
1411 1255 1508 1318 τὰς
1541 1255 1746 1324 ὀσφύας
1790 1253 1941 1324 ὑμῶν

371 1349 428 1400 ἐν
462 1347 705 1417 ἀληθείᾳ,
743 1346 836 1398 καὶ
872 1346 1271 1416 ὑποδησάμενοι
1312 1347 1436 1408 τοὺς
1487 1346 1654 1408 πόδας
1694 1347 1752 1398 ἐν
1803 1347 1942 1398 ἐτοι-

373 1438 544 1508 μασίᾳ
583 1437 675 1491 τοῦ
722 1436 1052 1505 Εὑαγγελίου
1092 1439 1189 1506 τῆς
1223 1438 1464 1507 εἰρήνης,
1508 1456 1526 1487 ι
1576 1438 1667 1489 καὶ
1693 1435 1763 1489 τά
1792 1436 1938 1505 ἑξῆς.

368 1529 505 1581 Φασὶ
549 1527 656 1599 γάρ
704 1527 802 1598 τὴν
843 1526 1064 1597 ἀρετὴν,
1120 1528 1181 1580 οὐ
1231 1528 1390 1597 μόνον
1433 1527 1803 1598 σωφροσύνην,
1849 1527 1943 1580 καὶ

369 1613 740 1684 δικαιοσύνην,
769 1615 861 1667 καὶ
901 1614 1185 1683 φρόνησιν,
1219 1615 1356 1668 ἀλλά
1392 1617 1486 1670 καὶ
1525 1617 1745 1686 ἀνδρίαν
1775 1617 1941 1686 ἔχειν,

371 1704 466 1756 καὶ
493 1704 580 1757 διά
621 1705 826 1774 ταύτης
861 1704 1257 1774 κατορθοῦσθαι
1287 1706 1571 1770 κάκείνας.
1601 1709 1711 1760 Καὶ
1756 1710 1863 1780 γὰρ
1906 1711 1938 1780 ὴ

371 1793 683 1862 δικαιοσύνη
718 1794 799 1856 είς
835 1794 926 1846 τὸν
969 1794 1106 1847 κατά
1133 1794 1248 1862 (87)
1285 1796 1385 1865 τῆς
1437 1797 1653 1861 ἀδικίας
1705 1799 1941 1868 πόλεμον

372 1883 544 1936 δεῖται
590 1885 688 1954 τῆς
745 1885 966 1954 ἀνδρίας
1022 1887 1334 1956 συμμάχου,
1386 1888 1479 1941 καὶ
1526 1890 1558 1958 ή
1617 1888 1940 1960 σωφροσύνη

375 1973 622 2044 συνεργῷ
656 1977 722 2045 τῇ
762 1975 954 2046 ἀνδρίᾳ
999 1977 1260 2046 χρωμένη
1302 1978 1403 2047 τὴν
1449 1979 1745 2032 ἀκολασίαν
1793 1981 1938 2050 νικᾷ.

374 2064 474 2116 Διά
507 2081 590 2116 τοι
629 2063 787 2118 τοῦτο
809 2067 903 2118 καὶ
931 2068 960 2118 ὁ
988 2067 1095 2119 τῶν
1117 2066 1255 2120 ὅλων
1289 2067 1420 2131 Θεὸς
1448 2069 1585 2139 πρὸς
1619 2069 1709 2122 τὸν
1729 2071 1946 2141 Προφή-

373 2171 473 2225 την
507 2155 609 2227 ἐφη
632 2173 646 2185 θ
683 2176 700 2209 ι
751 2159 808 2210 Ὀ
837 2157 894 2211 δὲ
939 2158 1146 2221 δίκαιός
1189 2177 1290 2230 μου
1329 2163 1393 2213 ἐκ
1425 2161 1662 2225 πίστεως
1695 2163 1942 2234 ζήσεται,

375 2246 470 2298 καὶ
505 2246 598 2298 ἐὰν
646 2248 1049 2316 ὑποστείληται,
1095 2249 1196 2302 ούκ
1249 2251 1460 2304 εὐδοκεῖ
1505 2253 1537 2321 ἠ
1577 2251 1722 2321 ψυχή
1755 2271 1854 2324 μου
1887 2255 1946 2307 ἐν

373 2335 546 2406 αὐτῷ.
588 2357 607 2388 ι
661 2337 993 2410 ’Υποστολὴν
1014 2338 1070 2391 δὲ
1099 2339 1198 2408 τὴν
1230 2339 1433 2394 δειλίαν
1464 2341 1735 2411 ὠνόμασε.
1779 2344 1945 2413 Ἐχου

374 2429 576 2492 τοίνυν,
606 2422 650 2481 ὦ
676 2429 804 2499 φίλη
834 2430 1065 2500 κεφαλὴ,
1094 2430 1202 2483 τῶν
1230 2432 1604 2486 ἀποπολικῶν
1639 2433 1944 2504 δογμάτων.

379 2537 398 2568 ι
427 2519 586 2584 Ἥξει
624 2519 732 2588 γὰρ
768 2521 889 2572 ὅσον
922 2521 1046 2572 ὅσον
1077 2521 1105 2572 ό
1143 2521 1457 2590 ἐρχόμενος,
1493 2523 1586 2575 καὶ
1623 2522 1684 2575 ού
1723 2527 1948 2594 χρονιεῖ,

374 2610 467 2661 καὶ
513 2608 776 2661 ἀποδώσει
822 2608 1035 2679 ἑκάστῳ
1083 2609 1224 2663 κατὰ
1265 2611 1335 2663 τά
1384 2609 1518 2682 ἔργα
1566 2611 1750 2665 αὐτοῦ.
1801 2614 1950 2681 Παρ-

377 2698 502 2766 άγει
536 2699 644 2767 γὰρ
681 2699 742 2751 τδ
775 2698 960 2767 σχῆμα
987 2697 1082 2750 τοῦ
1119 2698 1327 2768 κόσμου
1359 2699 1574 2763 τούτου,
1600 2719 1616 2752 ι
1654 2701 1748 2753 καὶ
1776 2702 1952 2770 ἐμφα-

376 2790 600 2860 νήσεται
638 2792 671 2859 ἡ
704 2789 810 2842 τῶν
839 2789 1184 2859 πραγμάτων
1212 2788 1459 2860 ἀλήθεια.

789 2904 960 2959 PKI".
993 2934 1064 2943 —
1089 2903 1172 2969 Τῷ
1195 2903 1354 2968 αὑτῷ
1383 2903 1515 2976 (88).

448 3013 558 3065 Καὶ
594 3013 780 3084 μακρά
812 3015 845 3084 ἠ
877 3014 1154 3084 ἐπιστολὴ,
1198 3015 1291 3068 καὶ
1322 3017 1607 3087 χαρίεσσα,
1637 3023 1732 3074 καὶ
1765 3023 1826 3076 τὸ
1855 3024 1953 3094 τῆς

377 3101 598 3171 ἀγάπης
648 3102 846 3172 θερμόν
888 3120 950 3155 τε
1001 3104 1095 3156 καὶ
1142 3085 1364 3176 γνήσιον
1397 3085 1797 3176 ήύποφαίνουσα.
1979 3085 2020 3145 c

376 3192 641 3262 τοσαύτης
679 3210 745 3263 με
793 3194 1061 3264 θυμηδίας
1102 3195 1420 3265 ἐνέπλησεν,
1444 3197 1584 3252 ὥστε
1630 3201 1832 3268 ἥκιστα
1855 3221 1951 3272 με-

375 3287 668 3352 ταγνῶναι,
706 3286 786 3338 ὅτι
822 3287 887 3356 δὴ
933 3287 1124 3356 ἐτέραν
1159 3286 1304 3356 ἔχειν
1348 3289 1590 3342 ἐτόπασα
1619 3290 1856 3345 διάνοιαν
1891 3293 1951 3346 τὸ

376 3376 473 3445 τῆς
523 3377 791 3446 προτέρας
847 3376 1154 3446 προοίμιον.
1205 3377 1311 3430 Τοῦ
1345 3378 1452 3449 γὰρ
1489 3379 1580 3432 νοῦ
1625 3381 1733 3434 τῶν
1766 3399 1950 3452 γραμ-

380 3466 635 3536 μάτωνή
685 3464 877 3533 ἄγνοια
941 3465 1031 3517 τὸν
1083 3466 1184 3535 τῆς
1226 3466 1518 3538 άδελφικῆς
1572 3469 1950 3544 φιλοστοργίας

376 3559 696 3628 ἀπεκάλυψε
730 3559 1023 3630 θησαυρὸν,
1052 3560 1147 3614 καὶ
1189 3561 1250 3614 τὸ
1293 3563 1392 3632 τῆς
1420 3564 1655 3629 πίστεως
1685 3566 1950 3637 ἐδήλωσεν

375 3651 700 3722 ἀκραιφνὲς,
765 3651 859 3704 καὶ
906 3651 996 3704 τὸν
1044 3652 1172 3722 περὶ
1218 3652 1314 3724 τήν
1362 3654 1640 3709 εὐσέϐειαν
1686 3657 1948 3726 ἐγνώρισε

379 3741 561 3810 ζῆλον.
599 3738 706 3792 Τοῦ
749 3741 932 3811 μέντοι
969 3745 1244 3812 προφήτου
1295 3745 1421 3808 τοὺς
1457 3744 1649 3812 λόγους
1697 3748 1791 3801 καὶ
1830 3765 1948 3801 πει-

380 3833 623 3902 ρασμοὺς
656 3831 1064 3902 διενειμάμεθα,
1109 3833 1205 3886 καὶ
1249 3835 1281 3904 ἡ
1329 3834 1428 3904 μὲν
1455 3837 1674 3907 ὁσιότης
1708 3855 1802 3892 σου
1831 3841 1948 3910 τοῖς

375 3922 558 3990 ὶόγοις
590 3924 891 3994 ἐχρήσατο·
934 3926 1093 3994 ἡμεῖς
1138 3925 1193 3977 δὲ
1222 3927 1344 3988 ταῖς
1375 3928 1656 3995 καταιγίσι
1703 3931 1798 3983 καὶ
1825 3948 1945 4002 τριη

379 4015 603 4084 κυμίαις
632 4013 955 4086 βαλλόμεθα,
994 4015 1086 4068 καὶ
1129 4013 1271 4068 κατὰ
1310 4014 1418 4068 τῶν
1455 4018 1516 4070 τὸ
1552 4019 1758 4088 σκάφος
1798 4022 1948 4093 ὲρετ.

378 4107 576 4160 τόντων
609 4109 727 4176 μετ’
761 4107 972 4161 ἐκείνου
999 4109 1240 4180 βοῶμενο
1275 4131 1293 4165 ι
1317 4111 1714 4181 Φυλασσόμενοι
1744 4114 1948 4184 μάταια

381 4200 474 4251 καὶ
516 4198 706 4269 ψευδῆ.
748 4198 894 4252 ἔλεον
928 4200 1108 4254 αὐτῶν
1153 4202 1529 4269 ἐγκατέλιπον.
1557 4220 1576 4252 ι
1615 4203 1842 4273 Παρέξει
1892 4206 1948 4258 δὲ

381 4292 509 4354 ἴσως
536 4293 565 4344 ὁ
590 4291 678 4345 καὶ
713 4289 869 4362 ήμῶν
902 4291 1155 4345 κάκείνου
1185 4295 1484 4363 Δεσπότης,
1520 4295 1612 4347 καὶ
1641 4296 1790 4365 ἡμᾶς
1818 4297 1948 4350 ἀνα.

379 4379 554 4440 δῦναι,
589 4380 685 4434 καὶ
723 4378 814 4433 τοῦ
855 4381 1056 4449 κήτους
1092 4381 1472 4452 ἀπαλλαγῆναι
1528 4384 1590 4436 El
1620 4382 1674 4436 δὲ
1705 4384 1800 4438 καὶ
1830 4385 1949 4449 ζέον

381 4470 635 4544 ἐπιμείνῃ
663 4471 723 4524 τὸ
771 4471 969 4542 ῥόθιον,
1005 4471 1294 4542 ἐλπίζομεν
1333 4475 1427 4526 καὶ
1455 4475 1628 4538 οὕτως
1663 4476 1764 4545 τῆς
1797 4477 1948 4542 θείας

381 4559 779 4614 ἁπολαύσεσθαι
811 4562 1170 4631 προμηθείας,
1208 4563 1301 4618 καὶ
1322 4567 1386 4635 τῇ
1424 4566 1588 4637 πείρᾳ
1613 4568 1826 4636 μαθεῖν,
1863 4568 1940 4634 ὡς

382 4653 416 4720 ή
439 4648 666 4720 δύναμις
689 4652 851 4705 αὑτοῦ
879 4654 936 4706 ἐν
960 4653 1218 4723 ἀσθενείᾳ
1243 4654 1573 4709 τελειοῦται·
1597 4660 1690 4712 καὶ
1713 4657 1820 4730 γὰρ
1851 4659 1949 4712 αύ-

380 4741 509 4803 τοὺς
549 4742 674 4803 τοὺς
729 4742 1009 4806 κινδύνους
1050 4746 1116 4814 τῇ
1171 4743 1427 4815 ἀσθενείᾳ
1461 4745 1617 4815 ἡμῶν
1653 4748 1945 4820 ἐμέτρησε.

381 4833 486 4885 Τὸν
519 4833 619 4903 μὲν
649 4833 755 4904 γάρ
790 4833 929 4887 θεῖον
961 4837 1168 4888 ἐκεῖνον
1197 4835 1481 4906 προφήτην
1521 4837 1763 4902 ἅπαντες
1821 4840 1952 4893 καθ·-

379 4925 520 4994 ἦκαν
555 4926 634 4987 εἰς
675 4924 731 4976 τὸ
769 4925 1001 4993 πέλαγος
1033 4926 1081 4978 οί
1105 4925 1487 4990 συμπλέοντες*
1508 4927 1629 4996 ἐι.ιοὶ⁵
1654 4927 1710 4981 δὲ
1741 4929 1830 4982 καὶ
1855 4929 1951 5001 τὴν

380 5018 480 5085 τῆς
512 5019 610 5087 σῆς
638 5019 915 5086 ὁσιότητος
949 5019 1219 5088 παρέσχεν
1255 5017 1602 5088 παραψυχὴν,
1645 5020 1736 5073 καὶ
1771 5021 1952 5091 μέντοι

383 5106 478 5158 καὶ
514 5106 687 5159 ἄλλων
740 5106 1002 5175 θεοφιλῶν
1041 5106 1284 5176 ἀνδρῶν·
1329 5104 1422 5169 οὓς
1451 5106 1550 5175 τῆς
1601 5106 1951 5178 Ὀνησιφόρου

269 5218 280 5230 ο
383 5194 476 5247 τοῦ
505 5195 811 5265 θαυμασίου
851 5201 1031 5266 τυχεῖν
1078 5198 1326 5266 εὐλογίας
1358 5197 1498 5268 μετά
1523 5197 1622 5265 τῆς
1654 5200 1752 5268 σῆς
1801 5201 1951 5269 φιλο-

383 5285 530 5349 θεῖας
550 5286 938 5357 προσεύχομαι,
963 5288 1154 5358 ὄτιτήν
1178 5289 1366 5342 ἅλυσιν
1384 5289 1540 5360 ἡμῶν
1553 5290 1653 5343 οὐκ
1679 5293 1954 5366 ἐπῃσχύν-

455 5468 502 5536 ‘5
530 5464 728 5536 Eplies.
755 5480 844 5536 AW,
886 5463 970 5518 ll.

382 5550 442 5600 ιι,
475 5535 529 5591 9.
576 5533 648 5567 ’³⁸
674 5534 717 5588 ιι
741 5533 868 5589 Cor.
895 5550 988 5598 xu,
1022 5534 1074 5589 9.

454 5657 566 5725 (86)
599 5656 914 5725 γεγήθαμεν
938 5657 1002 5710 Ν.

456 5721 565 5798 (87)
606 5721 694 5782 Sic
719 5721 867 5782 recte
902 5725 1069 5798 Neap.
1098 5728 1143 5781 Α
1179 5725 1465 5786 Sirmondo
1497 5730 1684 5785 uberat
1717 5732 1874 5786 κατὰ.

1079 5465 1122 5495 ³³
1149 5464 1348 5521 Ilabac.
1381 5486 1438 5535 ιι,
1467 5471 1499 5526 4
1526 5489 1540 5537 ;
1570 5470 1734 5528 Hebr.
1769 5490 1821 5537 ι,
1857 5474 1946 5528 38.

2041 522 2195 577 illum
2243 525 2532 580 laudamus
2579 526 2673 596 qui
2706 526 2792 579 bis
2817 540 2917 578 nos
2943 522 3202 578 {erumnis
3229 523 3482 590 dignatus
3506 535 3593 576 est

2039 623 2204 684 atque
2252 616 2392 670 adeo
2423 617 2722 671 familiares
2771 617 2839 670 ad
2869 615 3090 670 eosdem
3122 629 3324 684 agones
3348 614 3611 668 adhorta-

2040 721 2185 759 mur.
2249 707 2467 761 Etenim
2522 709 2567 762 si
2617 723 2719 761 nos
2756 708 2943 761 sciunt
2983 705 3337 775 apostolicam
3372 707 3614 774 regulam

2042 813 2151 851 non
2193 813 2435 863 scrvare,
2495 799 2592 854 sed
2627 799 2697 853 ad
2721 798 2970 852 dextram
3017 797 3102 851 vel
3133 796 3202 850 ad
3228 796 3415 850 laevam
3445 796 3613 850 delle-

2041 896 2213 952 ctere,
2261 887 2480 941 oderint
2512 895 2684 952 certe,
2721 887 3188 956 adversarumque
3213 885 3325 939 sint
3356 885 3614 954 partium,

2041 986 2097 1033 et
2139 977 2249 1032 illis
2277 987 2642 1049 aggrcgcntur
2691 980 2786 1049 qui
2814 979 3019 1034 bellum
3051 985 3244 1032 contra
3272 991 3374 1029 nos
3397 985 3611 1044 gerunt.

2039 1067 2110 1122 At
2127 1067 2172 1122 si
2193 1076 2399 1122 rectam
2420 1069 2748 1139 evangelica:
2771 1067 3176 1138 praedicationis
3195 1065 3499 1120 doctrinam
3519 1078 3617 1118 n0:

2043 1167 2228 1213 tenere
2257 1159 2359 1228 ipsi
2385 1167 2513 1213 sunt
2539 1167 2727 1223 testes,
2747 1158 2816 1212 ad
2841 1158 2988 1228 ipsos
3014 1158 3315 1212 clamamus
3349 1173 3362 1207 :
3397 1175 3414 1206 ι
3443 1154 3615 1226 State,

2040 1255 2097 1302 et
2127 1262 2244 1311 vos,
2278 1248 2546 1302 succincti
2577 1248 2795 1304 lumbos
2824 1257 3038 1304 vestros
3071 1247 3128 1301 in
3151 1246 3402 1309 veritate,
3421 1253 3476 1302 et
3503 1247 3617 1298 calo

2042 1339 2182 1393 ceati
2215 1339 2384 1408 pedes
2413 1339 2467 1392 in
2495 1341 2892 1410 praaparatione
2924 1339 3208 1410 Evangelii
3232 1338 3383 1408 pacis
3401 1337 3466 1402 "‘,
3489 1357 3507 1389 ι
3561 1346 3620 1391 et

1987 1441 1991 1447 ‘
2042 1439 2260 1486 caetera.
2299 1432 2315 1449 '
2354 1429 2626 1485 Virtutem
2666 1431 2814 1484 enim
2859 1430 3043 1484 ferunt
3094 1446 3204 1483 non
3243 1429 3418 1483 solum
3475 1439 3616 1484 tem-

2043 1519 2370 1589 perantiam,
2415 1527 2472 1574 et
2507 1520 2798 1590 justitiam,
2833 1529 2887 1574 et
2926 1520 3271 1590 prudentiam
3302 1517 3614 1587 complecti,

2043 1608 2138 1662 sed
2161 1609 2329 1664 etiam
2361 1608 2767 1674 fortitudinem,
2798 1617 2854 1664 et
2880 1624 2978 1679 per
3001 1610 3144 1663 hanc
3177 1609 3296 1662 illas
3324 1609 3424 1661 rite
3451 1607 3614 1676 perli-

2045 1712 2191 1753 cere.
2246 1698 2469 1754 Justitia
2505 1700 2706 1769 quippe
2753 1699 2820 1753 ad
2867 1699 3246 1754 debellandam
3291 1698 3614 1767 injustitiam

2042 1789 2328 1844 auxiliaria
2380 1805 2521 1859 opus
2563 1790 2732 1845 habet
2773 1789 3116 1854 fortitudine,
3170 1798 3226 1843 et
3258 1788 3618 1858 temperantia

2041 1896 2146 1950 ope
2172 1881 2301 1936 nixa
2326 1880 2668 1937 fortitudinis
2691 1881 3171 1951 intemperantiam
3200 1879 3463 1934 devincit.
3487 1880 3620 1933 Pro-

2044 1977 2230 2039 pterea
2252 1971 2638 2027 universorum
2663 1973 2810 2027 Deus
2835 1973 3121 2043 propheta:
3143 1972 3223 2027 ait
3249 1990 3262 2026 :
3292 1973 3506 2027 «Justus
3523 1987 3621 2026 au-

2047 2068 2155 2116 tem
2203 2077 2361 2118 meus
2416 2077 2484 2118 ex
2531 2062 2637 2119 fide
2674 2064 2852 2129 vivet;
2915 2065 3062 2134 quod
3098 2065 3144 2118 si
3169 2063 3505 2118 subtraxerit
3536 2078 3614 2129 se,

2046 2170 2155 2209 non
2175 2155 2413 2224 placebit
2433 2156 2632 2211 anima:
2655 2172 2790 2212 mea:
2809 2157 2853 2188 ”
2879 2175 2891 2210 :
2915 2177 2931 2208 ι
2963 2156 3176 2227 1206
3189 2155 3620 2211 subtractionem

2047 2246 2328 2315 appellans
2355 2248 2723 2302 timiditatem.
2753 2247 3078 2303 Adlizeresce
3111 2248 3299 2320 igitur,
3335 2264 3368 2302 ο
3391 2248 3620 2303 charum

2049 2344 2232 2406 caput,
2264 2337 2613 2408 dogmatibus
2651 2339 2968 2411 apostolicis
3001 2356 3016 2392 :
3053 2358 3070 2391 ι
3093 2339 3291 2395 Veniet
3318 2340 3625 2409 enim-pom

2052 2430 2331 2484 modicum
2380 2431 2784 2502 aliquantulum
2835 2433 2929 2502 qui
2978 2440 3245 2486 venturus
3275 2439 3379 2495 est,
3425 2437 3625 2485 etnon

2057 2520 2297 2576 tardabit
2329 2541 2342 2575 :
2368 2532 2425 2578 et
2449 2523 2643 2578 reddet
2660 2523 2957 2593 unicuique
2979 2521 3282 2576 secundum
3303 2536 3469 2591 opera
3483 2522 3622 2591 ejus.

2051 2611 2302 2666 Prmterit
2346 2614 2494 2666 enim
2543 2612 2715 2684 figura
2771 2613 2935 2684 hujus
2991 2612 3182 2667 mundi
3199 2612 3264 2678 “,
3293 2631 3312 2664 ι
3351 2619 3407 2666 et
3440 2625 3626 2666 rerum

2054 2703 2259 2757 veritas
2287 2703 2746 2760 manifestabitur.

2549 2901 2784 2957 CXXIII.
2821 2931 2890 2942 —
2925 2901 3143 2955 Eidem-

2130 3017 2196 3071 Et
2227 3015 2436 3086 prolixa
2469 3015 2573 3070 fuit
2602 3015 2853 3085 epistola,
2890 3022 2946 3070 ct
2973 3014 3204 3076 urbana,
3239 3012 3631 3084 ﬂagrantisque

2053 3123 2118 3161 ac
2149 3124 2422 3179 germanae
2453 3108 2619 3163 index
2651 3108 2938 3163 charitatis
2967 3115 3092 3163 tuas.
3130 3109 3302 3164 Tanta
3326 3117 3510 3166 autem
3539 3109 3638 3166 la“.-

2052 3199 2171 3255 titia
2217 3215 2304 3252 me
2352 3199 2623 3268 replevit,
2683 3199 2997 3254 utminime
3026 3202 3311 3270 pceniteat,
3349 3201 3510 3255 aliam
3543 3214 3631 3254 me

2051 3290 2383 3343 sententiam
2423 3291 2479 3343 in
2511 3291 2716 3358 prioris
2746 3291 2976 3345 exordio
3009 3294 3369 3362 conjectasse.
3407 3293 3629 3363 Ignora-

2052 3375 2130 3429 tio
2157 3377 2304 3431 enim
2340 3391 2536 3431 sensus
2566 3377 2873 3432 litterarum
2910 3378 3138 3432 fraterni
3168 3379 3373 3436 amoris
3407 3380 3628 3434 thesau-

2051 3481 2172 3520 rum
2201 3467 2438 3534 aperuit,
2467 3474 2523 3521 et
2551 3466 2678 3522 ﬁdei
2701 3467 3074 3522 sinceritatem
3097 3468 3357 3530 ostendit,
3383 3476 3438 3522 et
3459 3469 3631 3537 pieta-

2053 3557 2126 3611 tis
2176 3559 2354 3613 zelum
2403 3558 2681 3629 patefecit.
2742 3557 3015 3612 Caeterum
3063 3558 3344 3628 prapbeta‘.
3368 3559 3536 3612 verba
3575 3569 3630 3616 et

2049 3665 2325 3709 arrumnas
2355 3650 2499 3704 inter
2527 3656 2630 3702 nes
2664 3647 2978 3714 divisimus,
3033 3658 3090 3704 et
3117 3649 3382 3704 sanctitas
3404 3647 3628 3720 quidem

2054 3757 2147 3804 tua
2181 3743 2366 3797 verbis
2399 3757 2495 3795 usa
2521 3747 2626 3802 est.
2685 3755 2787 3794 nos
2821 3755 2952 3795 vero
3001 3741 3258 3812 procellis
3289 3749 3344 3794 et
3371 3740 3631 3796 ﬂuctibus

2043 3837 2339 3910 jactamur,
2369 3841 2425 3890 et
2451 3831 2715 3887 adversus
2738 3831 2862 3886 illos
2887 3833 2982 3902 qui
3007 3833 3190 3886 navim
3221 3833 3387 3888 remis
3413 3834 3630 3903 propel-

2049 3927 2190 3990 lunt,
2219 3940 2343 3980 cum
2377 3924 2496 3993 ipso
2521 3924 2821 3978 clamamus
2856 3940 2869 3976 :
2911 3943 2928 3974 ι
2951 3922 3056 3990 Qui
3080 3923 3396 3979 custodiunt
3416 3925 3627 3980 vanita-

2049 4028 2134 4076 tes
2164 4025 2220 4073 et
2252 4014 2538 4072 mendacia
2560 4054 2575 4080 ,
2633 4015 3072 4070 misericordiam
3115 4031 3268 4070 suam
3313 4015 3627 4086 derelique-

2049 4109 2290 4170 runt".»
2329 4107 2606 4164 Coucedet
2631 4114 2814 4162 autem
2839 4107 3070 4164 fortasse
3101 4117 3158 4164 et
3177 4118 3367 4164 noster
3395 4117 3451 4164 et
3474 4110 3627 4168 illius

2047 4203 2352 4266 Dominus,
2407 4211 2468 4254 ut
2520 4214 2866 4269 emergamus
2919 4208 2976 4254 et
3026 4216 3160 4266 nos,
3217 4201 3635 4271 liberemurque

2047 4308 2079 4350 a
2109 4301 2251 4348 ceto.
2309 4290 2464 4358 Quod
2501 4290 2546 4344 si
2576 4290 2808 4345 szeviens
2840 4290 3081 4358 procella
3111 4299 3320 4360 pergat,
3356 4292 3437 4345 sic
3459 4291 3628 4346 etiam

1979 4417 2028 4475 D
2052 4383 2250 4438 divina:
2277 4381 2639 4452 providentia:
2661 4389 2942 4450 compotes
2963 4380 3179 4435 futuros
3200 4396 3300 4435 nos
3319 4397 3624 4450 speramus,

2051 4471 2108 4531 et
2155 4474 2496 4544 experientia
2529 4481 2914 4542 comperturos
2954 4471 3217 4527 virtutem
3243 4473 3363 4542 ejus
3393 4472 3446 4526 in
3471 4472 3626 4526 infir-

2051 4567 2240 4622 mitate
2265 4563 2455 4636 perlici
2476 4563 2520 4595 ³⁸
2547 4581 2560 4618 :
2593 4564 2721 4634 quia
2752 4563 2996 4634 pericula
3017 4563 3133 4632 ipsa
3161 4579 3286 4618 cum
3307 4562 3628 4618 infirmitate

2051 4667 2239 4713 nostra
2267 4672 2616 4712 commensus
2649 4665 2754 4710 est.
2780 4657 3008 4712 Etenim
3043 4655 3290 4710 divinum
3315 4655 3468 4713 illum
3495 4672 3625 4725 pro-

2052 4748 2271 4820 plictam
2306 4756 2484 4802 nauta:
2508 4763 2700 4801 omnes
2731 4747 3002 4801 miserunt
3031 4747 3085 4800 in
3113 4763 3263 4800 mare
3295 4765 3309 4799 ε
3343 4747 3477 4800 mihi
3496 4762 3628 4802 vero

2051 4849 2109 4897 et
2137 4839 2448 4894 sanctitatis
2475 4847 2581 4892 tua:
2611 4837 2867 4893 solatium
2898 4837 3152 4906 praebuit,
3180 4837 3389 4906 1207
3409 4844 3466 4892 et
3491 4836 3627 4891 alio.

2053 4948 2176 4986 rum
2206 4931 2372 4986 etiam
2410 4930 2522 4984 Deo
2548 4929 2875 4984 dilectarum
2901 4929 3165 4982 virorum.
3202 4929 3413 4994 Quibus
3443 4936 3502 4982 ut
3527 4927 3626 4981 ad-

2054 5019 2292 5078 mirandi
2320 5018 2650 5088 Onesipbori
2675 5017 3116 5073 benedictionem
3153 5033 3260 5070 una
3283 5032 3404 5071 cum
3425 5017 3626 5086 pietate

2054 5122 2145 5167 tua
2193 5118 2599 5182 consequantur
2649 5119 2808 5180 opto,
2866 5110 2992 5178 quia
3026 5117 3273 5163 catenam
3305 5124 3480 5163 meam
3516 5123 3624 5168 non

2053 5203 2374 5266 erubuistis,
2401 5202 2493 5256 sed
2514 5201 2951 5266 tribulationum,
2974 5216 3110 5268 quas
3133 5215 3232 5271 pro
3258 5200 3461 5270 pietate
3481 5200 3624 5270 passi

2054 5311 2266 5360 sumus,
2303 5293 2600 5364 participes
2629 5291 2831 5348 fuistis.
2867 5290 2982 5345 Iloc
3001 5291 3245 5361 quidem,
3279 5289 3522 5355 domine,
3545 5288 3648 5390 sic!

2075 5475 2120 5506 "
2151 5473 2314 5528 llebr.
2353 5489 2403 5536 ιι,
2439 5472 2538 5535 57;
2574 5471 2732 5525 Rom.
2776 5485 2834 5535 ιι,
2879 5468 2988 5534 6;I
3020 5469 3147 5525 Cor.
3190 5485 3280 5531 vn,
3311 5469 3362 5522 7.
3428 5468 3474 5502 "’
3495 5467 3621 5525 Jon.

2060 5662 2230 5786 10ξιὸ)
2260 5661 2326 5717 Et
2355 5661 2470 5716 haec
2513 5666 2688 5715 exstat
2726 5656 2957 5728 epistola
2991 5655 3134 5727 apud
3165 5655 3364 5710 Barmi.
3391 5654 3525 5720 l.c.,
3560 5669 3614 5722 p.
