3924 6192
367 302 502 367 1335
1340 302 1386 358 Τ
1390 300 1760 358 llEUDUllE’
1757 301 1791 358 Γ
1799 301 1821 358 Ι
1862 300 1952 359 ΕΡ

2061 298 2196 360 ἰΟΡΙ
2219 299 2580 359 CYRENSIS
3479 292 3640 357 133G

361 414 563 468 liabeto
585 427 597 463 ε
625 408 858 463 aliorum
882 426 964 464 me
983 410 1092 465 Deo
1113 410 1594 464 dilectissimorum
1620 414 1635 430 ⁶
1654 411 1936 481 episeopo-

2061 415 2170 482 lqrs
2191 429 2204 442 ·
2245 412 2379 465 ἀλλὰ
2407 411 2515 462 τῶν
2543 408 2681 476 ὑπὲρ
2707 407 2802 476 τῆς
2837 405 3073 468 πίστεως
3113 408 3243 476 ἡμῖν
3285 409 3644 476 κεκοινωνήο

360 519 483 560 rum
528 501 773 570 eulogias
832 499 897 553 ad
947 517 1034 553 mc
1087 501 1279 554 missas
1330 517 1436 554 non
1464 503 1739 570 accepisse
1769 519 1783 555 :
1818 519 1927 556 non

366 594 506 666 quod
561 609 658 648 eos
695 594 789 660 qui
840 591 1101 644 miserant
1145 601 1574 655 contemnerem,
1607 593 1776 646 absit!
1833 592 1934 646 sed‘

362 688 508 759 quod
551 684 916 740 necessarium
956 683 1159 736 vietum
1207 682 1276 735 ab
1303 698 1368 736 eo
1397 683 1604 736 interea
1632 699 1926 746 sumerem,

365 780 455 848 qui
491 778 635 832 hunc
663 777 828 830 etiam
857 774 1036 828 corvis
1063 773 1409 828 abundanter
1430 775 1762 842 suppeditat.
1792 776 1929 844 Erga

366 878 514 922 tuam
537 883 674 922 vero»
698 868 956 937 pietatem
984 864 1089 918 tale
1115 864 1248 918 nihil
1276 865 1381 933 egi.
1411 865 1550 918 Vicit
1570 865 1714 918 enim
1741 881 1931 918 revera

365 959 648 1014 charitatis
687 957 851 1010 ardor
887 955 940 1009 id
971 955 1116 1024 quod
1146 955 1279 1008 mihi
1313 955 1498 1008 tandiu
1529 955 1708 1008 fuerat
1733 969 1932 1024 pr0p0-

367 1048 553 1103 situm.
603 1046 735 1100 Nam
767 1053 821 1098 et
849 1060 914 1098 ex
941 1059 1050 1113 quo
1077 1044 1250 1098 crevit
1283 1044 1427 1098 inter
1450 1059 1550 1098 nos
1573 1043 1930 1106 consuetudo,

365 1136 746 1192 vehementius
776 1135 1052 1189 incensam
1080 1151 1200 1188 esse.
1247 1136 1355 1188 vim
1382 1136 1586 1189 amoris
1611 1147 1932 1204 persuasum

369 1227 566 1282 habeat
592 1228 702 1281 Deo
723 1227 922 1282 dilecta
949 1228 1126 1280 anima
1156 1237 1268 1281 tua.

683 1524 914 1579 CXXIV.
939 1556 1005 1564 -—
1034 1524 1274 1583 Humum
1297 1523 1619 1577 scholastica.

437 1638 551 1706 Ego
575 1651 796 1707 quoque
841 1636 1244 1690 ecclesiasticas
1279 1634 1454 1690 deﬂeo
1493 1633 1848 1696 calamitates,
1885 1641 1947 1686 et

370 1728 779 1783 incumbentem
833 1727 1008 1781 deﬂeo
1056 1735 1460 1796 tempestatem.
1522 1725 1589 1778 Et
1632 1724 1764 1778 mihi
1809 1739 1939 1777 sane

370 1819 614 1889 gratulor
640 1818 734 1887 qui
764 1833 829 1871 ex
855 1816 1184 1871 tumultibus
1205 1817 1496 1882 eraserim,
1522 1816 1765 1884 mihique
1790 1824 1942 1885 grata

373 1915 520 1968 fruar
545 1913 968 1982 tranquillitate.
1027 1911 1175 1978 Quos
1195 1927 1326 1966 vero
1354 1927 1502 1966 nunc
1523 1911 1687 1966 etiam
1718 1910 1945 1964 infestos

372 2020 491 2059 esse
536 2004 775 2059 eruditio
807 2012 900 2057 tua
931 2003 1185 2071 scripsit,
1244 2003 1564 2072 propediem
1599 2018 1790 2056 eorum
1825 2017 1947 2070 qua:

374 2095 560 2166 inique
593 2098 751 2149 nunc
784 2103 951 2165 agunt
984 2111 1176 2165 pmnas
1201 2095 1372 2148 luent.
1421 2093 1616 2150 Omnia
1638 2094 1783 2150 enim
1809 2109 1947 2163 pon-

374 2186 508 2242 dere
541 2201 607 2240 ac
640 2201 895 2240 mensura
931 2187 1201 2256 gubernat
1251 2187 1640 2240 universorum
1663 2186 1808 2239 Deus
1845 2202 1858 2237 :
1896 2193 1953 2239 et

375 2293 500 2332 cum
541 2277 609 2332 ad
641 2277 988 2332 immodicam
1046 2277 1391 2346 iniquitatem
1438 2278 1677 2346 prolapsi
1707 2276 1951 2346 quipiam

377 2367 602 2433 fuerint,
635 2383 744 2421 non
767 2367 1002 2436 amplius
1025 2367 1281 2430 sustinet,
1308 2367 1403 2421 sed
1425 2367 1664 2438 judicem
1691 2367 1953 2435 deinceps

378 2475 545 2530 agens
562 2461 818 2514 vindictae
839 2473 1055 2530 poenam
1084 2459 1308 2526 irrogat.
1339 2456 1470 2522 Qua:
1496 2471 1597 2509 nos
1617 2454 1953 2525 prospicien-

382 2558 484 2614 tes,
515 2555 577 2602 ut
604 2563 634 2602 a
660 2548 831 2602 nimia
854 2545 1077 2600 licentia
1104 2543 1373 2598 desistant
1397 2558 1640 2605 oramus,
1667 2556 1735 2593 ne
1761 2539 1806 2592 si
1837 2552 1952 2606 pte-

380 2636 467 2691 nis
487 2635 712 2690 aﬂ'ectos
732 2633 1056 2697 viderimus,
1078 2632 1268 2700 lugere
1288 2631 1436 2700 ipsos
1455 2630 1655 2682 iterum
1674 2641 1950 2696 cogamur.

380 2725 839 2782 Admirabilitatis
888 2738 1054 2792 porro
1102 2731 1209 2776 tuae
1266 2709 1508 2774 assidue
1561 2717 1953 2781 recordamur,

380 2829 838 2886 communemque
883 2813 1208 2876 Dominum,
1267 2821 1326 2866 ut
1355 2809 1576 2864 domum
1610 2816 1756 2860 tuam
1788 2805 1958 2859 bene-

381 2902 624 2958 dictione
654 2903 884 2973 repleat,
921 2916 1164 2957 oramus.

2037 519 2166 555 κατε
2216 501 2467 571 θλίψεων.
2517 498 2688 552 Τοῦτο
2741 497 2921 566 μέντοι
2969 490 3027 547 εὖ
3082 495 3208 560 ἴσθι,
3245 496 3514 554 δέσποτα,
3554 498 3640 548 ὡς

2037 594 2128 645 καὶ
2180 592 2382 661 ἑτέρων
2411 609 2500 660 μοι
2534 586 2864 657 πεμψάντων
2914 582 3346 652 θεοφιλεστάτων
3393 584 3643 636 ἐπισκό-

2037 700 2154 736 πων
2198 682 2448 748 εὐλογίαν
2486 681 2586 732 οὑκ
2618 677 2922 747 ἐδεξάμηνο
2955 675 3052 744 οὐχ
3081 677 3157 737 ὡς
3198 675 3433 746 ὑϐρίζων
3493 675 3642 733 τοὺς

2039 771 2416 840 πεπομφότας,
2452 771 2525 838 μὴ
2579 769 2827 836 γένοιτο’
2887 767 3103 828 ἀλλ’ὡς
3153 766 3250 834 τὴν
3306 763 3644 832 ἀναγκαίαν

2037 862 2242 934 τροςὴν
2289 862 2424 925 τέως
2458 859 2810 929 ποριζόμενος
2840 859 2988 928 παρὰ
3024 858 3116 910 τοῦ
3151 859 3243 910 καὶ
3273 861 3384 920 τοῖς
3421 856 3638 925 κόραξι

2039 952 2242 1022 ταύτην
2291 950 2537 1018 ἀφθόνως
2569 949 2917 1020 παρέχοντος.
2956 949 3078 1001 Ἐπὶ
3111 948 3165 1000 δὲ
3200 949 3298 1016 τῆς
3334 949 3432 1017 σῆς
3467 947 3640 1014 φιλο-

2041 1045 2190 1106 θεῖας
2221 1043 2370 1096 οὐδὲν
2408 1040 2645 1093 τοιοῦτον
2700 1041 2993 1108 πεποίηκα.
3019 1039 3108 1109 Τῷ
3137 1039 3248 1091 ὄντι
3296 1039 3404 1107 γὰρ
3433 1038 3641 1107 ἐνίκη-

2042 1153 2132 1188 σεν
2170 1138 2202 1204 ἡ
2256 1135 2353 1203 τῆς
2403 1133 2622 1200 ἀγάπης
2671 1131 2940 1199 θερμότης
2995 1130 3087 1182 τὸν
3131 1129 3494 1198 ἐγγενόμενον
3539 1145 3640 1195 μοι

2041 1228 2177 1290 τέως
2209 1226 2425 1278 σκοπόν.
2458 1226 2581 1276 Ὅτι
2619 1224 2728 1294 γὰρ
2758 1222 2815 1286 ἐξ
2847 1217 2906 1274 οὗ
2932 1221 2996 1273 τὰ
3022 1221 3123 1288 τῆς
3157 1219 3443 1287 συνηθείας
3487 1220 3644 1284 ἡμῖν

2044 1316 2281 1387 ηὐξήθη,
2331 1315 2424 1368 καὶ
2468 1315 2526 1367 τὸ
2581 1314 2803 1382 φίλτρον
2844 1311 3200 1380 σφοδρότερον
3230 1309 3460 1379 ἐξήφθη.
3503 1324 3644 1357 πειο

2047 1408 2224 1460 θέσθω
2257 1408 2288 1475 ἡ
2321 1405 2575 1473 θεοφιλής
2612 1420 2711 1456 σου.
2739 1401 2905 1471 ψυχή.

2337 1517 2498 1572 ΡΚΔ⁹.
2528 1546 2598 1556 -
2631 1513 2878 1583 Μαρὰνᾳ
2911 1511 3315 1581 σχολαστικῷ.

2116 1637 2226 1698 Τὰς
2271 1634 2368 1704 μὲν
2405 1629 2868 1703 ἑκκλησιαστικὰς
2914 1627 3258 1698 ὀλρφὺρομαι
3295 1626 3446 1693 κάγὼ
3479 1642 3638 1694 συμ-

1978 1761 2018 1814 Β
2047 1727 2240 1798 φορὰς,
2304 1725 2398 1778 καὶ
2454 1725 2546 1777 τὸν
2619 1723 2965 1792 ἐπικείμενον
3037 1720 3296 1791 ὀδύρομαι
3348 1719 3641 1770 κλύδων-α.

2060 1815 2313 1889 Ἐμαυτῷ
2343 1816 2526 1885 μέντοι
2557 1814 2854 1885 συνήδομαι
2898 1811 3142 1882 θορύϐων
3189 1810 3636 1879 ἀπηλλαγμένῳ,

2048 1911 2142 1964 καὶ
2175 1910 2415 1978 γαλήνης
2464 1905 2795 1960 ἀπολαύοντι
2836 1903 2933 1971 τῆς
2979 1901 3248 1972 ὲρασμίας
3281 1918 3390 1969 μοι.
3425 1899 3540 1962 Οὓς
3574 1899 3640 1950 δὲ

2049 2004 2142 2056 καὶ
2200 2001 2294 2054 νῦν
2345 2001 2552 2054 ἀδικεῖν
2600 1999 2633 2067 ἡ
2683 1997 2750 2066 σὴ
2800 1995 3078 2056 παίδευσις
3129 1994 3368 2061 εἴρηκεν,
3410 1993 3516 2044 οὑκ
3549 1994 3638 2053 εἰς

2054 2091 2262 2164 μακρὸν
2309 2091 2518 2142 τίσουσι
2564 2087 2716 2150 δίκας
2748 2080 2822 2140 ὧν
2851 2085 2944 2138 νῦν
2980 2085 3307 2155 παρανόμως
3355 2083 3632 2153 τολμῶσι.

2052 2183 2285 2254 Σταθμῷ
2314 2182 2422 2253 γὰρ
2475 2182 2690 2236 ἅπαντα
2738 2177 2832 2232 καὶ
2888 2177 3072 2248 μέτρῳ
3131 2175 3455 2248 πρυτανεύει
3515 2173 3642 2226 τῶν

2052 2279 2188 2332 ὅλων
2213 2277 2242 2327 ὁ
2267 2273 2502 2346 Κύριοςο
2541 2273 2633 2326 καὶ
2664 2272 2792 2324 ὅταν
2824 2270 2967 2332 τινες
3005 2271 3084 2330 εἰς
3129 2268 3390 2338 ἀμετρίαν
3439 2283 3637 2336 παρα-

2055 2368 2246 2438 νομίας
2272 2365 2566 2427 ὲκπέσωσι,
2603 2361 2947 2432 μακροθυμεῖ
2981 2361 3084 2427 μὶν
3112 2361 3322 2420 οὐκέτι,
3357 2358 3633 2421 δικαστι-

2055 2459 2165 2522 κῶς
2190 2459 2246 2512 δὲ
2275 2457 2458 2510 λοιπὸν
2509 2455 2759 2525 ἐπιφέρει
2806 2455 2905 2524 τὴν
2932 2453 3220 2524 τιμωρίαν.
3273 2451 3453 2505 Ταῦτα
3485 2466 3633 2517 προ-

2053 2550 2285 2621 ορῶντες
2309 2549 2468 2618 ἡμεῖς
2499 2545 2810 2598 παύσασθαι
2839 2545 3033 2605 αὐτοὺς
3058 2544 3155 2611 τῆς
3180 2541 3442 2612 ἀμετρίας
3465 2541 3635 2606 εὖχο-

2059 2641 2231 2711 μεθαο
2271 2640 2356 2692 ἵνα
2391 2638 2465 2708 μὴ
2518 2636 2914 2706 κολαζομένους
2959 2635 3192 2704 ὁρῶντες
3243 2633 3397 2686 πάλιν
3428 2631 3633 2693 αὑτοὺς

2057 2730 2273 2800 θρηνεῖν
2323 2725 2656 2797 βιαζώμεθα.
2690 2727 2800 2794 Τῆς
2831 2725 2885 2777 δὲ
2935 2725 3204 2792 ὑμετέρας
3261 2721 3628 2790 θαυμασιὸτη-

2058 2838 2149 2883 τος
2181 2817 2441 2888 διηνεκῶς
2492 2817 2924 2886 μνημονεύομεν,
2973 2814 3067 2866 καὶ
3093 2813 3184 2865 τὸν
3213 2812 3388 2864 κοινὸν
3421 2811 3631 2862 Δεσπο-

2060 2925 2160 2978 την
2189 2905 2568 2977 ἀντιϐολοῦμεν
2592 2906 2690 2974 τὴν
2734 2906 3004 2975 ὑμετέραν
3041 2903 3216 2955 οἰκίαν
3261 2902 3504 2969 εὐλογίας
3534 2903 3632 2970 ἐμ-

2061 2999 2282 3069 πλῆσαι.

653 3111 862 3166 CXXV.
894 3139 966 3149 ——
1014 3109 1330 3180 Aput/tonio,
1365 3108 1692 3170 Thcodorito,
1742 3107 1952 3176 Nomio,

2061 3108 2234 3165 PKE'.
2276 3140 2345 3150 —-
2403 3109 2701 3180 ’Agsﬂorlq),
2756 3106 3119 3180 Θεοδῳρίτῳ,
3179 3109 3405 3167 Νάννῳ,
3473 3107 3628 3180 ξλιν-

386 3113 600 3235 Ῑὲεοφ
646 3113 862 3194 βχΧν.
894 3139 966 3149 ——
1011 3113 1330 3192 :Aphthont'o,
1365 3113 1692 3191 Theodorito,
1742 3113 1952 3176 Nonne,

521 3199 551 3251 y
577 3197 723 3244 aeto,
761 3181 1054 3251 Aphthomo
1077 3219 1091 3243 ,
1130 3179 1326 3233 Joaum
1353 3220 1368 3242 ,
1414 3187 1785 3249 magistratum
1831 3196 1952 3233 zeu-

450 3250 626 3321 gmate
649 3250 966 3321 gerentibus.

455 3361 607 3416 Fidei
657 3370 852 3415 vestrae
900 3359 1116 3414 ﬁrmum
1170 3376 1232 3414 ac
1273 3360 1468 3414 stabile
1495 3359 1664 3413 robur
1703 3361 1954 3429 cognovi,

382 3459 439 3506 et
469 3449 636 3503 animi
665 3449 854 3503 laetitia
900 3449 1145 3519 repletus
1169 3465 1290 3503 sum
1336 3465 1499 3518 quam
1525 3449 1779 3502 maxima.
1821 3448 1956 3502 Cum

384 3540 533 3594 enim
564 3555 766 3609 corpus
791 3555 962 3593 unum
988 3539 1160 3594 simus
1193 3540 1285 3608 qui
1308 3540 1698 3609 sempiternam
1723 3540 1962 3595 Trinita-

385 3639 496 3685 tem
521 3631 837 3698 adoramus,
871 3631 991 3702 iure
1019 3647 1148 3685 sane
1177 3632 1548 3687 incolumibus
1578 3634 1841 3688 membris
1861 3650 1962 3690 ete-

387 3730 506 3777 tera
546 3722 798 3776 membra
834 3722 1199 3792 congaudent.
1251 3720 1365 3776 Hoc
1389 3730 1445 3776 et
1474 3722 1694 3776 divinus
1717 3723 1792 3776 ait
1813 3723 1960 3793 Apo-

387 3813 564 3868 stolus
591 3831 604 3867 :
637 3832 653 3863 ι
675 3812 729 3868 Si
759 3813 1028 3883 gloriatur
1060 3828 1231 3867 unum
1261 3812 1590 3878 membrum,
1617 3814 1963 3884 congaudent

387 3905 572 3958 omnia
616 3905 862 3958 membra
880 3905 943 3958 ”.
974 3923 992 3955 ι
1051 3903 1414 3974 Congratulor
1443 3919 1572 3974 ergo
1590 3905 1778 3984 .vobis,
1815 3905 1962 3975 quod

387 4009 490 4062 pro
529 3994 846 4062 apostolicis
885 3993 1235 4064 dogmatibus
1274 3994 1588 4065 decertatis,
1638 4003 1694 4049 et
1718 3996 1963 4051 celeber-

393 4084 595 4137 rimum
640 4084 793 4136 illum
828 4082 1042 4137 Naboth
1064 4084 1110 4116 ⁸ο
1153 4087 1210 4140 in
1239 4085 1713 4155 praastantioribus
1738 4087 1962 4141 aemula-

392 4174 548 4228 mini.
601 4175 652 4228 ls
674 4174 820 4228 enim
858 4190 957 4244 pro
986 4175 1144 4231 vinea
1179 4176 1382 4231 ctedem
1409 4177 1806 4245 iniquissimam
1837 4195 1964 4247 per-

392 4267 538 4332 tulit,
569 4278 792 4337 paterna
824 4268 1027 4338 privari
1053 4269 1302 4324 abnuens
1328 4269 1671 4323 hzereditate.
1707 4269 1812 4324 Vos
1834 4287 1965 4325 vero

393 4375 502 4413 non
550 4359 769 4421 vineas,
828 4361 922 4416 sed
969 4361 1152 4414 divina
1198 4361 1449 4430 dogmata
1480 4360 1808 4425 defenditis,
1862 4377 1959 4416 no—

387 4465 620 4519 vamque
670 4458 726 4504 et
768 4451 1134 4505 adulterinam
1184 4455 1200 4471 '
1249 4453 1481 4506 lueresin
1508 4454 1704 4517 istam,
1761 4463 1818 4508 ut
1843 4469 1962 4524 qua:

387 4541 711 4610 evangelicae
758 4542 1019 4596 doctrina:
1062 4543 1299 4597 nitorem
1346 4543 1571 4610 inliciat,
1609 4546 1958 4610 aversamini,

387 4641 444 4686 et
499 4641 854 4688 sacrosancte
899 4634 1182 4689 Trinitatis
1231 4651 1528 4690 numerum
1582 4653 1683 4691 nec
1707 4637 1958 4692 imminui

388 4739 490 4777 nec
541 4725 730 4794 augeri
786 4725 1120 4794 permittitis.
1201 4727 1538 4782 lmminuunt
1591 4729 1793 4797 quippe
1865 4727 1958 4796 qui

395 4812 668 4884 Unigcniti
733 4815 1010 4870 divinitati
1046 4818 1354 4886 passionem
1407 4819 1683 4887 applicant
1714 4836 1726 4870 :
1759 4827 1960 4888 augent

393 4920 528 4959 vero
579 4907 674 4975 qui
725 4908 957 4962 alterum
1007 4909 1203 4964 Filium
1255 4909 1516 4964 inducere
1549 4927 1657 4964 non
1684 4911 1957 4965 dubitant.

397 4997 504 5052 Vos
543 5007 727 5054 autem
781 4999 837 5055 in
867 5017 1036 5055 unum
1067 5001 1295 5056 creditis
1318 5001 1692 5071 Unigenitum,
1730 5003 1874 5057 sicut
1909 5003 1964 5056 in

392 5105 565 5145 unum
599 5090 814 5145 Patrem
837 5133 853 5157 ,
916 5103 973 5147 et
1004 5093 1059 5146 in
1090 5108 1259 5146 unum
1288 5091 1551 5161 Spiritum
1582 5102 1850 5145 sanetum.
1906 5093 1965 5146 ln

394 5183 688 5254 Unigenito
711 5199 844 5238 vero
871 5183 1153 5239 inearnato
1178 5193 1508 5254 assumptam
1531 5183 1788 5253 spectatis
1811 5194 1970 5236 natu-

392 5286 533 5340 ram,
551 5289 716 5344 quam
731 5290 760 5328 a
777 5273 936 5329 nobis
956 5283 1232 5344 acceptam
1250 5289 1351 5344 pro
1369 5274 1529 5329 nobis
1553 5274 1769 5328 obtulit.
1796 5273 1971 5345 llujus

395 5362 544 5416 enim
573 5364 792 5434 negatio
823 5364 1039 5418 inanem
1071 5364 1254 5417 reddit
1281 5365 1507 5417 salutem
1531 5371 1796 5417 nostram.
1829 5364 1960 5418 Nam

395 5453 440 5505 si
487 5453 808 5521 ilupatibilis
859 5464 942 5509 est
994 5454 1268 5525 Unigeniti
1306 5454 1562 5510 divinitas
1613 5455 1964 5525 (impatibilis

469 5609 513 5639 ”
545 5607 564 5662 Ι
597 5608 724 5662 Cor.
757 5626 848 5676 xu,
875 5611 966 5664 26.
1043 5613 1088 5643 ⁵ο
1111 5612 1173 5666 lll
1212 5613 1344 5683 Reg.
1382 5629 1488 5677 χχι,
1525 5614 1542 5666 l
1573 5629 1730 5682 seqq.

2125 3181 2337 3246 λακίῳ,
2409 3173 2736 3247 ’Ᾰφθονίιεη
2822 3175 3078 3244 Ἰωάννῃ,
3149 3173 3628 3242 πολιτευομένας

2130 3249 2466 3318 ζεύγματος.

2133 3365 2346 3432 Ἐγνων
2375 3364 2472 3433 τῆς
2503 3361 2772 3432 ὑμετέρας
2801 3362 3036 3423 πίστεως
3073 3361 3133 3413 τὸ
3171 3359 3428 3428 σταθερᾶν
3450 3375 3503 3410 τε
3535 3357 3628 3410 καὶ

2061 3453 2299 3525 βέϐαιον.
2363 3456 2458 3508 κοιλ⁵
2517 3453 2781 3524 θυμηδίας
2855 3453 3190 3523 ἐνεπλήσθην
3251 3453 3330 3504 ὅτι
3396 3451 3626 3518 μάλιστα

2059 3544 2334 3614 πλείστης.
2384 3542 2601 3611 Ἐπειδὴ
2633 3542 2742 3612 γὰρ
2789 3543 2867 3604 εἰς
2897 3541 2954 3593 ἒν
2984 3541 3140 3611 σῶμα
3169 3541 3428 3610 τελοῦμεν
3453 3540 3498 3590 οἱ
3522 3537 3626 3606 τῆς

2059 3633 2230 3688 ἀϊδίου
2275 3632 2504 3703 Τριάδος
2579 3633 2969 3702 προσκυνηταὶ,
3025 3633 3248 3694 είκὸτως
3302 3631 3472 3700 δήπου
3516 3633 3628 3689 τοῖς

2061 3725 2365 3794 ὑγιαίνουσι
2390 3723 2496 3775 τῶν
2520 3723 2698 3793 μελῶν
2739 3723 2804 3776 τὰ
2839 3723 3000 3777 λοιπᾶ
3031 3723 3427 3791 συναγάλλεται
3463 3721 3621 3789 μέλη.

2061 3815 2231 3869 Τοῦτό
2263 3831 2396 3884 φησι
2417 3815 2510 3868 καὶ
2539 3817 2567 3869 ὁ
2608 3815 2748 3880 θεῖος
2799 3816 3152 3879 ’Λπόστολοςο
3197 3833 3215 3866 ι
3238 3815 3301 3867 Εἰ
3352 3812 3625 3876 δοξάζεται

2065 3906 2248 3978 μέλος,
2275 3907 2558 3977 συγχαίρει
2580 3908 2753 3960 πάντα
2782 3908 2847 3961 τὰ
2883 3908 3038 3977 μέλη.
3074 3927 3091 3958 ι
3129 3908 3432 3977 Συνὴδομαι
3456 3906 3627 3959 τοίνυν

2063 3997 2190 4066 ὑμῖν
2233 3997 2344 4051 τῶν
2393 3998 2766 4050 ἀποστολικῶν
2817 3999 3178 4068 ὑπεραθλοῦσι
3204 3999 3502 4068 δογμάτων.
3536 3997 3628 4049 καῖ

2061 4089 2152 4141 τὸν
2183 4089 2427 4142 Ναϐουθὲ
2460 4089 2570 4159 (89)
2599 4089 2688 4141 τὸν
2718 4089 3150 4159 πολυθρὺλλητον
3178 4092 3385 4142 ἐκεῖνον
3417 4091 3473 4142 ὲν
3517 4093 3624 4149 τοῖς

2063 4178 2314 4248 ἀμείνοσι
2365 4178 2758 4248 μιμουμένοις,’
2785 4179 3022 4242 Ἐκεῖνος
3047 4179 3154 4250 γὰρ
3189 4179 3328 4246 ὑπὲρ
3379 4177 3628 4246 ἀμπελῶ-

2065 4288 2152 4334 νος
2174 4271 2272 4342 τὴν
2302 4271 2641 4340 ἀδικωτάτην
2673 4270 2878 4340 ὑπέστη
2920 4271 3155 4342 σφαγὴν,
3188 4273 3279 4325 τὸν
3307 4271 3550 4342 πατρῷον
3570 4271 3627 4321 οὐ

2067 4362 2367 4431 προέμενος
2413 4361 2629 4431 κλῆρον.
2671 4361 2860 4432 Ὑμεῖς
2889 4362 2944 4416 δὲ
2972 4364 3071 4415 οὑκ
3104 4363 3469 4432 ἀμπελώνων,
3497 4362 3628 4414 ἀλλὰ

2070 4453 2230 4506 θείων
2264 4454 2630 4522 ὑπερμαχεῖτε
2662 4454 2972 4525 δογμάτων,
3003 4455 3096 4508 καὶ
3139 4457 3240 4524 τὴν
3286 4454 3479 4524 καινὴν
3503 4455 3629 4506 2-15-

2069 4563 2166 4615 την
2192 4547 2285 4599 καὶ
2314 4547 2563 4614 κίϐδηλον
2597 4547 2806 4616 αἵρεσιν
2831 4547 3256 4617 ἀποστρέφεσθε.
3291 4546 3366 4609 ὡς
3389 4548 3449 4599 τδ
3474 4545 3632 4598 7.10:1-

2072 4637 2162 4707 ρὺν
2183 4639 2280 4707 τῆς
2321 4637 2681 4705 εὑαγγελικῆς
2709 4637 2968 4691 θολοῦσαν
2992 4639 3362 4700 διδασκαλίας.
3407 4639 3498 4690 καὶ
3537 4637 3634 4702 τῆς

2071 4727 2346 4795 παναγίας
2377 4728 2605 4798 Τριάδος
2631 4728 2723 4778 τὸν
2763 4728 2995 4796 ἀριθμὸν
3032 4727 3154 4780 οὔτε
3185 4729 3368 4797 μειοῦν
3391 4727 3512 4780 οὑτε
3539 4726 3633 4779 αὖ·

2073 4816 2182 4881 ξειν
2223 4819 2502 4887 ἀνέχεσθε.
2536 4819 2766 4873 Μειοῦσι
2801 4821 2897 4888 μὲν
2931 4821 3038 4890 γὰρ
3081 4822 3130 4873 οἱ
3175 4824 3252 4891 τῇ
3299 4820 3510 4890 θεότητι
3539 4818 3634 4870 τοῦ

2069 4910 2406 4977 Μονογενοῦς
2441 4910 2500 4962 τὸ
2539 4911 2708 4974 πάθος
2744 4912 3187 4982 προσάπτοντες’
3236 4910 3459 4974 αὔξουσι
3500 4910 3553 4961 δὲ
3587 4910 3632 4960 οἱ

2067 4999 2251 5070 ἕτερον
2273 4999 2400 5053 Υίόν
2425 5001 2736 5069 ἐπεισάγειν
2767 5001 3096 5070 τολμῶντες.
3140 5002 3327 5070 Ὑμεῖς
3350 5001 3407 5052 δὲ
3437 5003 3512 5061 είς
3536 5001 3628 5051 ἕνα

2069 5090 2354 5160 Μονογενῆ
2395 5092 2696 5151 πιστεύετε,
2727 5092 2978 5162 καθάπερ
3020 5094 3097 5154 εἰς
3145 5093 3240 5144 ἕνα
3283 5091 3636 5162 Πατέρα,καὶ

2071 5183 2150 5244 εἰς
2181 5182 2236 5234 ἓν
2273 5181 2426 5250 ἅγιον
2466 5184 2706 5254 Πνεῦμα.
2763 5185 2851 5236 Ἐν
2879 5185 2935 5236 δὲ
2983 5183 3059 5253 τῷ
3116 5183 3637 5254 σαρκωθέντιΜονο-

2073 5278 2222 5341 γενεῖ
2250 5274 2346 5344 τὴν
2381 5274 2678 5344 ληφθεῖσαν
2722 5273 2977 5344 θεωρεῖτε
3029 5273 3213 5339 φύσιν,
3263 5274 3329 5342 ἥν
3379 5272 3440 5336 ἐξ
3483 5270 3636 5340 ἡμῶν

2070 5366 2248 5419 λαϐὼν
2301 5366 2442 5436 ὑπὲρ
2490 5366 2647 5435 ἡμῶν
2707 5367 3121 5435 προσενήνοχεν.
3165 5365 3227 5416 'H
3273 5365 3382 5433 γὰρ
3437 5361 3636 5428 ταύτης

2072 5457 2299 5526 ἄρνησις
2329 5456 2557 5525 φροῦδον
2591 5456 2690 5526 τὴν
2742 5457 3019 5526 ἡμετέραν
3075 5455 3347 5526 σωτηρίαν
3377 5456 3539 5508 ποιεῖ.
3574 5452 3635 5505 Et

471 5727 579 5794 (89)
607 5726 695 5781 Sic
719 5725 859 5780 haud
884 5727 1046 5783 dubie
1082 5729 1452 5794 scribendum,
1504 5730 1960 5796 quemadtumltun
2000 5739 2053 5785 ct
2080 5745 2243 5798 supra
2271 5739 2386 5782 erat
2410 5727 2569 5796 epist.
2599 5726 2652 5781 9.
2683 5726 2843 5781 Sirm.
2880 5723 3111 5779 Ναουθὲ.
