3924 6192
310 277 444 343 1337

1608 288 1966 350 EPISTOLA
2009 290 2261 352 CXXVI.

3410 294 3547 359 1388

307 397 417 467 γὰρ
444 396 659 468 ἀπαθὴς
702 398 735 468 ἡ
772 397 864 452 τοῦ
897 398 1236 468 Μονογενοῦς
1270 401 1487 472 θεότης·
1516 403 1732 474 ἀπαθὴς
1761 404 1871 475 γάρ

1989 405 2179 476 Ῑυῑβρε
2209 413 2293 460 est
2327 415 2521 460 natura
2558 406 2903 477 Trinitatis),
2962 415 3016 461 et
3049 423 3148 461 nos
3177 406 3229 460 id
3258 413 3403 476 quod
3435 411 3545 478 pati

307 489 405 559 τῆς
448 488 674 559 Τριάδος
711 492 743 560 ἡ
778 489 972 557 φύσις·
999 493 1061 544 τὸ
1101 493 1155 547 δὲ
1207 494 1436 565 πάσχειν
1493 497 1736 564 πεφυκὸς
1796 497 1869 567 μὴ

310 584 751 655 προσομολογηθῇ
784 585 914 654 παρ’
943 584 1121 655 ἡμῶν.
1163 588 1337 658 μάτην
1368 587 1669 659 θρυλλεϊται
1700 589 1759 641 τὸ
1796 589 1869 658 μὴ

307 674 595 743 γενόμενον
633 674 821 737 πάθος.
867 675 974 728 Τοῦ
1034 676 1141 748 γὰρ
1192 678 1492 747 πάσχοντος
1545 680 1645 731 οὐκ
1697 678 1868 744 ὄντος,

308 764 425 827 πῶς
459 764 524 817 ἂν
559 764 768 832 γένοιτο
810 767 1007 832 πάθος;
1057 768 1264 839 Ἀπαθῆ
1309 771 1406 839 μὲν
1453 770 1560 840 γὰρ
1587 771 1687 843 τὴν
1718 770 1870 824 οείαν

309 853 469 923 φύσιν
500 854 862 926 κηρύττομεν,
896 858 1321 928 Συνομολογοῦσι
1354 860 1409 912 δὲ
1442 860 1601 915 τοῦτο
1630 861 1871 914 κάκεῖνοι

308 946 703 1017 παραπλησίως
750 949 902 1017 ἡμῖν.
933 949 1058 1013 Πῶς
1089 948 1155 1003 ἂν
1198 947 1290 1004 οὗν
1320 950 1527 1019 γένοιτο
1581 950 1750 1014 πάθος
1775 952 1874 1018 οὐχ

308 1036 668 1106 ὑποκειμένου
696 1038 790 1091 τοῦ
820 1039 1153 1110 πάσχοντοςς
1186 1041 1418 1113 Δὸκησις
1454 1042 1561 1114 γάρ
1613 1042 1733 1097 ἀντὶ
1777 1045 1873 1106 τῆς

308 1122 588 1194 ἀληθείας,
628 1126 724 1180 καὶ
756 1128 1026 1195 φαντασία
1068 1132 1367 1199 φανήσεται
1408 1131 1468 1184 τὸ
1501 1132 1641 1201 μέγα
1674 1131 1773 1201 τῆς
1797 1132 1873 1184 οἱ-

310 1216 566 1286 κονομίας
602 1219 917 1288 μυστήριον.
949 1218 1149 1272 Τοῦτον
1175 1221 1233 1273 δὲ
1268 1221 1360 1274 τὸν
1407 1221 1577 1292 μῦθον
1626 1222 1907 1275 Βαλεντῖ--

310 1320 420 1367 νος,
472 1305 567 1357 καὶ
616 1305 989 1375 Βαρδησάνης,
1042 1308 1134 1360 καὶ¹
1185 1309 1470 1379 Μαρκίων,
1521 1310 1616 1363 καὶ
1679 1311 1872 1378 Μάνης

309 1392 626 1464 ἐγέννησαν.
668 1393 733 1446 Ἦ
768 1394 824 1447 δὲ
854 1394 1117 1449 ἀνέκαθεν
1153 1399 1276 1460 ταῖς
1317 1398 1665 1468 Ἐκκλησίαις
1700 1418 1875 1470 παρα-

308 1483 522 1538 δοθεῖσα
553 1483 868 1539 διδασκαλία
895 1484 990 1539 ἕνα
1048 1487 1146 1557 μὲν
1162 1489 1291 1541 Υίὸν
1321 1491 1413 1543 καὶ
1446 1490 1582 1559 μετά
1607 1490 1704 1561 τὴν
1726 1492 1864 1544 ἐναν-

1974 508 2161 570 potest
2216 516 2326 553 non
2378 502 2762 565 conﬁteamur,
2821 500 3034 570 1209
3084 500 3288 553 frustra
3314 500 3551 569 jactatur

1976 592 2193 663 passio,
2250 608 2371 661 qua:
2404 594 2553 647 nulla
2594 593 2719 646 fuit.
2780 593 2998 647 Patiens
3032 607 3266 660 namque
3314 591 3358 645 si
3387 590 3547 654 desit,

1977 685 2069 754 qui
2104 683 2275 753 possit
2299 699 2419 737 esse
2446 684 2661 753 passio?
2716 684 3081 752 lmpatibilem
3112 698 3276 751 porro
3309 680 3548 735 divinam

1976 785 2228 829 naturam
2274 775 2640 843 prmdicamus
2688 794 2700 828 :
2751 784 2914 844 atque
2944 774 3050 827 hoc
3097 782 3152 828 et
3191 773 3295 843 ipsi
3320 771 3562 842 perinde

1977 880 2041 918 ac
2066 878 2166 919 nos
2196 862 2545 918 conﬁtentur.
2602 863 2721 930 Quo
2743 880 2872 934 ergo
2895 872 3055 934 pacto
3083 863 3155 917 sit
3175 863 3387 933 passio,
3426 877 3556 916 cum

1976 952 2190 1023 patiens
2224 952 2401 1008 subsit
2431 953 2649 1007 nullus?
2703 953 2854 1006 Vana
2892 954 3039 1007 enim
3070 952 3282 1023 species
3327 968 3426 1022 pro
3458 968 3553 1006 vc-

1978 1044 2160 1110 ritate,
2185 1053 2241 1099 et
2264 1045 2587 1115 phantasma
2622 1043 2898 1097 videbitur
2931 1059 3189 1113 magnum
3223 1043 3557 1097 incarnatio-

1978 1134 2066 1189 nis
2096 1135 2441 1207 mysterium.
2501 1133 2655 1189 Hanc
2686 1149 2820 1189 vero
2849 1133 3090 1188 fabulam
3140 1134 3464 1189 Valentinus
3496 1143 3554 1189 et

1977 1224 2336 1291 Bardesanes,
2383 1233 2441 1280 et
2487 1224 2730 1278 Marcion
2779 1233 2836 1278 et
2869 1224 3053 1280 Manes
3080 1234 3435 1295 pepererunt.
3484 1225 3558 1281 At

1978 1324 2137 1372 vetus
2166 1315 2430 1370 EccleSiis
2459 1315 2590 1369 olim
2620 1315 2820 1368 tradita
2841 1314 3131 1385 disciplina
3161 1332 3331 1371 unum
3358 1317 3556 1373 Filium

1979 1407 2144 1463 etiam
2174 1413 2297 1475 post
2323 1405 2765 1460 incarnationem
2797 1406 2950 1461 novit
2981 1408 3275 1463 Dominum
3302 1419 3553 1465 nostrum

1979 1497 2165 1553 Jesum
2191 1496 2496 1561 Christum,
2534 1505 2589 1551 et
2616 1498 2872 1551 eumdem
2904 1498 3197 1553 conﬁtetur
3225 1501 3396 1554 Deum
3429 1508 3557 1567 ante

309 1573 589 1643 θρώπησιν
630 1571 737 1628 οἶδε
777 1574 981 1645 Κύριον
1024 1577 1183 1647 ἡμῶν
1229 1578 1437 1647 Ἰησοῦν
1465 1581 1739 1649 Χριστόν·
1780 1583 1876 1634 καὶ

1989 1589 2202 1652 saecula,
2232 1597 2288 1644 et
2316 1588 2595 1644 hominem
2626 1588 2681 1642 in
2708 1588 2814 1643 ﬁne
2841 1588 3056 1643 dierum
3083 1590 3285 1644 factum
3310 1608 3325 1656 ;
3348 1591 3557 1645 factum

307 1664 398 1717 τὸν
426 1665 586 1718 αὑτὸν
614 1667 869 1736 ὁμολογεῖ
899 1666 1033 1719 Θεὸν
1070 1668 1416 1740 προαιώνιον,
1450 1672 1542 1725 καὶ
1582 1670 1874 1741 ἄνθρωπον

1989 1688 2163 1735 autem
2188 1679 2468 1734 hominem
2500 1681 2875 1750 assumptione
2895 1681 3274 1747 humanitatis,
3304 1697 3416 1735 non
3429 1697 3560 1735 mu-

308 1756 398 1808 ὲπ’
432 1756 665 1825 ἐσχάτου
717 1757 826 1810 τῶν
871 1758 1093 1828 ἡμερῶν
1151 1760 1470 1829 γενόμενον·
1502 1763 1791 1832 γενόμενον
1825 1763 1881 1816 δὲ

1989 1769 2189 1823 latione
2232 1768 2473 1822 deitatis.
2540 1767 2597 1823 Si
2648 1770 2795 1824 enim
2851 1770 3147 1824 humanam
3203 1770 3260 1823 in
3306 1779 3558 1824 naturam

309 1845 595 1915 ἄνθρωπον
643 1849 709 1918 τῇ
754 1848 1055 1919 προσλήψει
1087 1850 1186 1920 τῆς
1236 1852 1673 1923 ἀνορωπὸτητος,
1710 1856 1771 1907 οὔ
1800 1857 1866 1926 τῇ

307 1927 624 2006 τροπῇ’τῆς
671 1938 943 2008 θεότητος.
994 1938 1054 1991 Εἰ
1109 1939 1215 2010 γὰρ
1260 1941 1356 2011 τὴν
1410 1943 1489 2005 είς
1535 1944 1881 2014 ἀνθρωπείαν

309 2023 471 2093 φύσιν
518 2027 551 2095 η
607 2025 725 2080 Θεία
764 2027 925 2095 φύσις
960 2028 1168 2099 ὑπέστη
1226 2030 1458 2100 τροπὴν,
1507 2031 1606 2083 οὑκ
1664 2033 1882 2101 ἔμεινεν

310 2117 449 2187 ὅπερ
486 2112 583 2187 ἦν’
611 2117 661 2170 εί
689 2118 746 2172 δὲ
781 2119 854 2191 μὴ
882 2118 1027 2173 ἔστιν
1051 2121 1189 2191 ὅπερ
1220 2116 1308 2191 ἦν,
1337 2122 1547 2191 ψευδῶς
1588 2124 1750 2178 αὐτὸν
1785 2142 1883 2178 κα-

309 2196 461 2261 λοῦσι
517 2208 649 2262 Θεὸν
691 2210 741 2262 οἱ
796 2210 970 2264 ταῦτα
1038 2211 1452 2283 θρησκεύοντες.
1528 2213 1667 2267 Ἀλλ’
1726 2218 1885 2287 ἡμεῖς

309 2297 580 2368 ἄτρεπτον
618 2300 779 2369 ἴσμεν
828 2300 920 2353 τὸν
976 2303 1239 2371 μονογενῆ
1295 2303 1385 2356 τοῦ
1430 2305 1562 2358 Θεοῦ
1609 2306 1748 2370 Υῐδν,
1809 2306 1886 2371 ὡς

307 2386 462 2453 Θεὸν,
502 2391 595 2442 καὶ
626 2389 722 2442 τοῦ
770 2390 940 2454 δντως
990 2391 1125 2444 Θεοῦ
1160 2392 1307 2447 Υἰόν.
1346 2395 1758 2467 Μεμαοήκαμεν
1778 2399 1886 2470 γὰρ

310 2479 461 2550 παΡά
491 2480 592 2549 τῆς
641 2479 789 2543 θείας
839 2480 1083 2550 Γραφῆς,
1118 2483 1194 2545 ὡς
1248 2485 1307 2535 ἐν
1366 2489 1544 2555 μορφῇ
1595 2486 1729 2539 Θεοῦ
1782 2488 1885 2541 ῦπ-

312 2569 496 2641 ἀρχων
525 2571 682 2624 ἔλαϐε
717 2571 815 2642 τὴν
845 2572 938 2626 τοῦ
966 2572 1152 2626 δού)ου
1182 2575 1415 2644 μορφὴν,
1446 2577 1539 2628 καὶ
1571 2577 1886 2647 σπέρματος

323 2659 577 2733 Ἀϐραάμ
610 2662 903 2716 ἐπελάϐετο
926 2663 1060 2735 (90),
1103 2664 1203 2716 οὐκ
1244 2665 1323 2726 εἰς
1370 2667 1588 2737 σπέρμα
1632 2668 1885 2740 Ἀϐραὰμ

318 2752 663 2824 μετεϐλήθη,
720 2754 815 2807 καὶ
872 2754 1236 2824 κεκοινώνηκε
1289 2760 1688 2829 παραπλησίως
1755 2764 1887 2831 ἡμῖν

315 2849 518 2919 σαρκός
562 2867 622 2902 τε
660 2851 751 2902 καὶ
806 2850 1057 2920 αἵματος,
1097 2852 1190 2902 καὶ
1244 2853 1423 2921 ψυχῆς
1478 2855 1744 2907 ἀθανάτου
1795 2860 1889 2912 καὶ

314 2939 573 3011 ἀμώμου.
610 2939 796 2994 Ταῦτα
823 2940 1177 3013 διατηρήσας,
1204 2944 1342 3014 ὑπὲρ
1369 2945 1466 3014 μὲν
1496 2945 1603 2997 τῶν
1634 2948 1887 3020 ἡμαρτη-

1983 1858 2168 1913 divina
2199 1870 2395 1913 natura
2429 1867 2638 1913 mutata
2662 1866 2783 1924 est,
2825 1875 2934 1914 non
2969 1860 3173 1915 mansit
3202 1859 3352 1929 quod
3384 1868 3506 1915 erat
3544 1877 3557 1912 :

1984 1951 2028 2005 si
2073 1959 2256 2004 autem
2290 1965 2401 2003 non
2433 1958 2517 2004 est
2548 1949 2695 2020 quod
2723 1959 2879 2016 erat,
2928 1950 3069 2005 falso
3098 1950 3251 2004 illum
3284 1950 3563 2021 appellant

1982 2043 2157 2096 Deum
2207 2040 2302 2111 qui
2353 2041 2481 2095 talia
2524 2050 2879 2096 venerantur.
2942 2040 3014 2096 At
3040 2055 3143 2095 nos
3166 2041 3562 2095 immutabilem

1985 2137 2191 2191 scimus
2236 2134 2577 2205 unigenitum
2617 2134 2713 2190 Dei
2758 2135 2981 2199 Filium,
3022 2142 3082 2188 ut
3106 2134 3314 2199 Deum,
3366 2141 3423 2189 et
3444 2136 3563 2188 veri

1986 2225 2082 2279 Dei
2112 2225 2333 2279 Filium.
2392 2224 2473 2278 Ex
2525 2224 2710 2279 divina
2749 2224 2896 2279 enim
2932 2224 3220 2295 Scriptura
3267 2223 3563 2284 didicimus

1985 2317 2129 2387 quod
2148 2360 2161 2382 ,
2207 2332 2331 2371 cum
2362 2317 2418 2370 in
2448 2316 2624 2371 forma
2649 2317 2747 2371 Dei
2768 2326 2937 2382 esset,
2974 2317 3208 2373 formam
3233 2316 3381 2373 servi
3407 2332 3563 2372 acce-

1986 2408 2149 2477 perit,
2186 2415 2241 2461 ct
2269 2422 2455 2463 semen
2479 2407 2713 2462 Abt-aha:
2735 2407 3117 2477 assumpserit,
3154 2421 3267 2461 non
3298 2406 3354 2460 in
3377 2420 3560 2460 semen

1985 2500 2219 2554 Abrahaz
2249 2506 2496 2555 mutatus
2525 2500 2597 2554 sit
2626 2518 2640 2553 :
2666 2483 2922 2568 quodque
2955 2498 3386 2568 participaverit,
3420 2497 3564 2553 sicut

1987 2598 2043 2645 et
2064 2605 2184 2652 nos,
2213 2603 2432 2643 carnem
2456 2599 2512 2643 et
2533 2589 2878 2659 sanguinem,
2908 2588 3259 2656 animamque
3283 2587 3564 2640 immorta-

1986 2679 2093 2734 lem
2127 2686 2183 2734 et
2210 2679 2327 2733 sine
2351 2678 2582 2733 macula.
2617 2677 2744 2732 Haec
2766 2692 2892 2731 cum
2917 2683 3213 2741 servasset,
3244 2689 3344 2745 pro
3371 2688 3566 2744 corpo—

1989 2771 2144 2826 ribus
2195 2786 2317 2841 quae
2360 2777 2653 2841 peccarant
2699 2768 2913 2838 peccati
2940 2783 3138 2838 expers
3172 2782 3373 2836 corpus
3405 2781 3563 2822 suum

1990 2864 2221 2929 obtulit;
2257 2879 2358 2933 pro
2393 2862 2682 2916 animabus
2711 2875 2863 2926 vero,
2895 2861 3132 2913 animam
3167 2858 3235 2913 ab
3264 2858 3411 2913 omni
3441 2872 3568 2927 pec-

1991 2962 2113 3010 cato
2141 2953 2391 3008 liberam.
2458 2954 2756 3022 Propterea
2807 2950 3118 3006 communis
3151 2949 3319 3003 etiam
3379 2963 3569 3001 resur-

316 3034 494 3086 κότων
536 3034 802 3102 σωμάτων
835 3035 894 3086 τὸ
919 3035 1303 3106 ἀναμάρτητον
1338 3037 1500 3089 αὐτοῦ
1527 3042 1885 3112 προσενήνοχε

2000 3045 2261 3100 rectionis
2315 3059 2467 3114 spem
2521 3043 2809 3099 habemus.
2857 3041 3126 3098 Primitiis
3173 3041 3318 3096 enim
3377 3038 3566 3108 utique

318 3124 498 3195 σῶμα,
524 3126 663 3194 ὑπὲρ
696 3124 753 3176 δὲ
780 3125 888 3178 τῶν
914 3124 1103 3196 ψυχῶν
1125 3126 1223 3196 τὴν
1253 3128 1433 3197 πάσης
1464 3130 1753 3201 ἐλευθέραν
1783 3151 1886 3203 κη-

317 3215 478 3277 λῖδος.
501 3215 601 3268 Διά
620 3231 702 3268 τοι
722 3215 879 3268 τοῦτο
900 3218 1108 3287 καὶτῆς
1128 3220 1312 3288 κοινῆς
1332 3221 1679 3283 ἀναστάσεως
1700 3222 1891 3292 ἔχομεν

315 3306 413 3377 τὴν
458 3307 687 3360 ’ὲλπίδαο
727 3310 795 3378 τῇ
843 3308 952 3380 γάρ
1004 3310 1227 3381 ἀπαρχῇ
1265 3293 1531 3379 δήπουθεν
1578 3315 1890 3384 κοινωνήσει

315 3397 379 3451 τὺ
426 3398 614 3466 γένος·
666 3399 759 3452 καὶ
815 3399 1064 3471 καθάπερ
1103 3401 1179 3471 τῷ
1225 3401 1396 3471 Ἀδάμ
1446 3405 1893 3475 ὲκοινωνήσαμεν

316 3488 415 3559 τῆς
450 3490 729 3560 τελευτῆς,
756 3488 900 3543 οὕτω
930 3489 994 3561 δὴ
1037 3491 1130 3543 καὶ
1153 3491 1232 3561 τῷ
1258 3493 1473 3564 Σωτῆρι
1529 3495 1751 3567 Χριστῷ
1780 3513 1893 3550 κοι-

318 3582 632 3652 νωνήσομεν
660 3581 761 3651 τῆς
786 3580 953 3650 ζωῆς.
987 3583 1095 3636 Καὶ
1116 3584 1272 3636 τοῦτο
1298 3586 1485 3653 σαφῶς
1511 3588 1658 3657 ἡμᾶς
1684 3590 1713 3641 ὁ
1750 3588 1892 3654 θεῖος

329 3669 650 3733 ’Δπόστολος
683 3669 1049 3735 ἐξεπαίδευσε.
1084 3688 1101 3721 ι
1130 3670 1268 3723 Νυνὶ
1303 3672 1440 3740 γὰρ,
1471 3672 1628 3742 φησὶ,
1658 3674 1894 3744 Χριστὸς

320 3764 614 3834 ἐγήγερται
663 3763 728 3815 ὲκ
772 3762 1006 3834 νεκρῶν,
1051 3762 1273 3834 ἀπαρχὴ
1316 3764 1425 3818 τῶν
1481 3766 1894 3836 κεκοιμημένων

319 3855 559 3924 ἐγένετο.
604 3853 819 3926 Ἐπειδὴ
858 3854 967 3925 γὰρ
1006 3854 1073 3907 δι’
1112 3854 1402 3925 ἀνθρώπου
1448 3856 1476 3908 ὁ
1516 3856 1764 3923 θάνατος,
1795 3859 1894 3913 καὶ

320 3947 390 4001 δι’
419 3947 707 4019 ἀνθρώπου
751 3947 1048 4011 ἀνάστασις
1083 3948 1316 4020 νεκρῶν.
1341 3949 1550 4020 Ὥσπερ
1585 3950 1694 4022 γὰρ
1734 3954 1791 4005 ὲν
1817 3950 1895 4023 τῷ

335 4041 504 4112 ’Δδάμ
524 4040 723 4103 πάντες
744 4039 949 4112 ἀποθνή
959 4057 1196 4106 σκουσιν,
1228 4040 1369 4094 οὓτω
1390 4041 1482 4095 καὶ
1498 4043 1556 4094 ἐν
1576 4042 1654 4114 τῷ
1675 4044 1895 4114 Χριστῷ

320 4131 517 4194 πάντες
546 4131 1059 4203 ζωοποιηθήσονται.
1084 4150 1102 4182 ι
1144 4129 1328 4183 Ταῦτα
1369 4130 1464 4185 νῦν
1504 4133 1566 4185 οὐ
1606 4133 1892 4199 διδάσκων,

323 4224 439 4277 ἀλλ’
467 4224 833 4293 ἀναμνήσκων
866 4221 1082 4293 γράφω,
1128 4222 1223 4274 καὶ
1261 4239 1415 4276 συντε
1424 4226 1543 4292 μεῖν
1588 4225 1895 4290 σπουδάσας

322 4314 419 4385 τῆς
449 4313 737 4383 ἐπιστολῆς
786 4312 1082 4383 ὑπερέϐην,
1123 4312 1198 4377 ὡς
1225 4308 1399 4384 οἶμαι,
1422 4315 1517 4368 τὸν
1564 4315 1710 4386 ὅρον.
1746 4315 1894 4369 Ἐπι-

1992 3135 2461 3191 'communicabit
2508 3142 2682 3189 totum
2715 3149 2888 3204 genus
2939 3151 2953 3187 :
2995 3141 3051 3187 et
3104 3129 3565 3203 quemadmodum

1991 3242 2114 3281 cum
2138 3226 2347 3280 Adamo
2366 3227 2665 3295 participes
2684 3225 2880 3280 mortis
2898 3225 3123 3292 fuimus,
3152 3225 3226 3279 ita
3255 3219 3465 3292 1210
3486 3222 3569 3277 vi-

1993 3326 2060 3372 tae
2091 3333 2213 3371 cum
2243 3316 2465 3371 Christo
2490 3313 2774 3369 Salvatore
2821 3315 3118 3383 participes
3142 3314 3369 3368 erimus.
3410 3312 3566 3378 Quod

1993 3415 2179 3478 aperte
2212 3421 2313 3461 nos
2344 3404 2534 3459 docuit
2567 3404 2788 3458 divinus
2808 3405 3151 3473 “Apostolus:
3185 3422 3202 3453 ι
3225 3404 3384 3457 Nunc
3408 3418 3564 3467 vero,

1996 3496 2195 3566 inquit,
2215 3494 2469 3550 Christus
2496 3493 2799 3548 resurrexit
2824 3508 2855 3548 e
2882 3495 3138 3559 mortuis,
3167 3492 3422 3562 primitia:
3442 3492 3569 3546 dor-

1995 3587 2285 3642 mientium
2311 3584 2605 3655 :quoniam
2627 3583 2851 3653 quidem
2881 3600 2981 3653 per
3004 3583 3283 3638 hominem
3317 3597 3483 3647 mors,
3513 3591 3570 3635 et

1993 3693 2094 3748 per
2119 3677 2397 3731 hominem
2433 3674 2770 3730 resurrectio
2796 3684 3143 3730 mortuorum
3188 3690 3203 3727 :
3248 3682 3303 3728 et
3337 3674 3479 3728 sicut
3513 3674 3567 3726 in

1994 3767 2203 3822 Adamo
2246 3781 2437 3820 omnes
2460 3765 2775 3820 moriuntur
2801 3807 2815 3832 ,
2871 3764 2949 3819 ita
2972 3775 3028 3819 et
3053 3766 3108 3818 in
3131 3764 3353 3820 Christo
3379 3777 3570 3817 omnes

1993 3852 2505 3911 viviﬁcabuntur“.
2536 3873 2555 3906 ι
2613 3852 2741 3910 Haec
2763 3862 2948 3909 autem
2980 3868 3081 3925 ego
3117 3870 3227 3908 non
3259 3860 3319 3907 ut
3344 3852 3569 3907 doceam

1993 3948 2198 4013 scribo,
2218 3947 2315 4003 sed
2333 3955 2393 4002 ut
2415 3961 2669 4002 revocem
2701 3947 2757 4000 in
2781 3946 3127 4001 memoriam.
3144 3945 3212 4000 Et
3235 3944 3364 3999 licet
3387 3944 3570 3999 brevi-

1993 4039 2092 4093 tati
2114 4038 2443 4104 studuerim,
2466 4038 2731 4108 epistolae,
2757 4045 2821 4092 ut
2840 4037 3060 4108 opinor,
3084 4037 3307 4091 modum
3336 4037 3568 4091 excessi.

1995 4128 2285 4184 Scribendi
2311 4142 2448 4183 vero
2481 4127 2618 4182 mihi
2651 4136 2846 4182 auctor
2884 4126 2989 4181 fuit
3025 4127 3378 4197 undiquaque
3408 4141 3570 4180 reve-

1996 4220 2358 4276 rendissimus
2402 4228 2460 4276 et
2492 4218 2942 4291 religiosissimus
2964 4218 3252 4290 presbyter
3299 4226 3355 4272 et
3385 4217 3571 4271 archi-

1997 4312 2271 4368 mandrita
2308 4312 2566 4368 Mecimas
2587 4352 2602 4378 ,
2651 4311 2746 4382 qui
2775 4310 3059 4366 charitatis
3085 4310 3204 4380 lege
3231 4309 3431 4364 ductus
3460 4317 3571 4362 tam

325 4406 532 4459 στεῖλαι
558 4405 617 4458 δέ
652 4421 719 4475 με
755 4402 1097 4475 προῦτρεψεν
1129 4406 1159 4456 ὁ
1184 4404 1358 4458 πάντα
1381 4405 1767 4469 εὐσεϐέστατος
1795 4406 1888 4460 καὶ

1992 4403 2213 4475 longum
2237 4405 2344 4460 iter
2363 4402 2619 4469 confecit,
2636 4411 2711 4469 et,
2733 4400 3379 4458 admirabilitatisvestraa
3395 4399 3568 4453 zelum

325 4494 735 4563 Θεοφιλέστατος
760 4492 1129 4565 πρεσϐύτερος
1156 4493 1251 4547 καὶ
1273 4494 1698 4567 ἀρχιμανδρίτης
1719 4496 1893 4549 Μικί-

330 4602 458 4659 μας,
489 4584 575 4637 διὰ
611 4585 711 4655 μὲν
750 4585 841 4638 τὸν
887 4584 990 4655 τῆς
1041 4583 1262 4653 ἀγάπης
1290 4584 1453 4655 νόμον
1481 4585 1598 4638 ὁδὸν
1626 4585 1896 4655 τοσαύτην

327 4675 614 4742 ἐξανύσας,
637 4676 849 4741 διδάξας
872 4677 928 4730 δὲ
951 4677 1100 4747 ἡμᾶς
1135 4675 1227 4728 τὸν
1257 4675 1359 4746 τῆς
1388 4676 1656 4747 ὑμετέρας
1685 4677 1897 4748 θαυμα-

329 4771 576 4841 σιότητος
621 4770 806 4841 ζῆλον,
842 4769 937 4822 καὶ
974 4770 1206 4839 αἰτήσας
1232 4767 1536 4839 πνρσεῦσαι
1565 4767 1754 4822 τοῦτον
1785 4772 1897 4834 τοῖς

2000 4511 2458 4562 commemorans,
2490 4494 2653 4565 petiit
2683 4503 2743 4549 ut
2764 4494 2914 4550 hunc
2942 4493 3120 4564 ipsum
3148 4491 3349 4546 litteris
3371 4490 3573 4545 nostris

1997 4587 2440 4643 accenderemus.
2480 4587 2596 4657 Ego
2640 4586 2808 4657 igitur
2859 4594 2916 4640 et
2954 4582 3246 4654 postulatis
3291 4580 3471 4652 parui,
3515 4589 3574 4635 et

1998 4680 2285 4750 epistolam
2307 4677 2525 4747 scripsi,
2563 4685 2619 4731 et
2646 4676 3028 4731 universorum
3053 4674 3342 4729 Dominum
3364 4688 3483 4736 oro,
3512 4679 3573 4725 ut

1997 4785 2096 4825 vos
2122 4769 2177 4822 in
2202 4767 2307 4822 ﬁde
2329 4765 2622 4831 custodiat,
2649 4772 2705 4820 et
2726 4763 3086 4820 excribrantis
3102 4762 3340 4818 victores
3353 4760 3570 4817 efﬁciat.

325 4864 668 4937 γράμμασιν.
714 4863 858 4932 Ἐγὼ
894 4863 1070 4918 τοίνυν
1101 4864 1193 4917 καὶ
1240 4862 1340 4933 τὴν
1389 4862 1604 4933 αἴτησιν
1666 4863 1953 4935 ἐδεξάμην,
1993 4865 2088 4919 καὶ
2127 4865 2379 4935 γέγραφα
2420 4862 2520 4934 τὴν
2564 4859 2870 4948 ἐπιστολὴν,
2909 4859 3118 4914 καὶτὸν
3145 4858 3255 4912 τῶν
3296 4858 3433 4912 ὅλων
3459 4859 3570 4911 ἱκε-

328 4960 469 5014 τεύω
491 4961 790 5031 Δεσπότην,
820 4959 1131 5031 φρουρῆσαι
1166 4959 1311 5027 ὑμᾶς
1350 4959 1409 5011 ὲν
1453 4960 1518 5028 τῇ
1549 4958 1753 5024 πίστει,
1800 4963 1896 5014 καὶ
1933 4959 2214 5032 κρείττους
2236 4957 2513 5029 ἀποφῆναι
2538 4954 2634 5010 τοῦ
2664 4954 3007 5020 σινιάζοντος.

573 5075 765 5143 PKG'.
804 5107 873 5116 —
902 5075 1232 5142 Σαϐινιανῷ
1275 5076 1612 5139 ἐπισκόπῳ.

411 5185 686 5256 Ἑπῄνεσά
727 5202 821 5238 σου
866 5185 963 5256 τὴν
1011 5187 1286 5255 ὁσιότητα,
1356 5185 1759 5241 καταλιποῦσαν
1808 5187 1897 5240 τὸν

332 5275 622 5347 ἐπίφθονον
657 5275 868 5347 Θρόνον.
910 5276 968 5330 Ὀ
993 5277 1100 5347 γάρ
1131 5279 1300 5331 πάλαι
1339 5278 1635 5349 σεϐάσμιος
1668 5276 1764 5331 νῦν
1805 5278 1898 5347 γέ·

331 5385 458 5436 γονε
490 5368 929 5435 καταγέλαστος’
961 5367 1121 5420 ὤνιον
1152 5369 1257 5437 γὰρ
1292 5369 1454 5424 αὐτὸν
1504 5372 1666 5442 ἡμεῖς
1708 5370 1900 5442 ἐποιή-

401 5523 441 5557 ⁸¹
480 5522 498 5577 l
526 5524 653 5579 Cor.
682 5540 769 5589 xv,
801 5522 892 5591 20,
921 5523 1013 5579 21.

2312 5071 2545 5127 CXXVI.
2577 5099 2649 5111 —-
2684 5067 2972 5124 Sabiniano
2997 5068 3253 5138 episwpo;

2073 5187 2428 5243 Sanctitatem
2450 5193 2595 5241 tuam
2612 5184 2869 5240 laudibus
2888 5181 3082 5250 extuli,
3104 5196 3230 5237 cum
3246 5180 3449 5235 invidie
3462 5194 3567 5231 sur.

2003 5279 2316 5354 cathedram
2340 5276 2584 5348 reliquit.
2616 5276 2746 5343 Qua:
2771 5276 2919 5331 enim
2943 5271 3255 5330 veneranda
3278 5271 3409 5325 olim
3431 5280 3572 5329 erat,

2005 5384 2154 5425 nunc
2187 5369 2327 5425 facta
2353 5377 2438 5426 est
2460 5366 2693 5425 ridicula
2740 5384 2754 5421 :
2798 5366 3046 5424 venalem
3071 5365 3275 5437 quippe
3299 5362 3445 5417 illam
3474 5374 3574 5416 nos

407 5662 518 5736 (90)
550 5663 717 5719 Recte
746 5663 826 5719 sic
874 5664 1040 5734 Neap.
1084 5662 1360 5719 Sirmond.
1408 5662 1641 5717 habebat
1697 5661 2016 5717 ἀπελάϐετο.
