3924 6192
438 234 459 296 1
471 234 576 298 339

1476 242 1952 303 I‘HEODORETI
1990 240 2327 302 EPISCOPI
2365 240 2726 300 CYBENSIS

3548 236 3712 298 13m

434 343 686 400 fecimus.
725 345 953 402 Miratus
975 361 1096 401 sum
1123 356 1328 410 autem,
1361 356 1648 417 postquam
1683 351 1915 420 cognovi
1959 360 2010 404 te

2121 365 2304 417 σαμεν.
2346 347 2667 418 Ἐθαύμασα
2694 345 2774 409 δὲ,
2815 343 3006 414 μαθὼν
3041 341 3118 405 ὡς
3157 341 3294 412 πρὸς
3324 340 3458 403 τοὺς
3505 343 3710 406 ἐξελᾶν

436 436 502 490 ad
551 452 646 491 eos
680 439 774 508 qui
815 439 1093 508 ejecerant
1133 438 1458 493 accurrisse.
1512 440 1646 494 Nam
1676 442 2011 499 contrarium

438 534 491 581 te
513 526 692 582 facere
710 531 1017 598 Oportebat,
1043 537 1101 582 ut
1125 537 1346 600 rogatus
1363 531 1730 600 gubernacula
1752 534 2009 598 retinere,

439 619 893 688 gubernationem
927 619 1239 688 refugeres,
1303 629 1558 690 tanquam
1591 623 1827 676 inimicis
1855 624 2012 678 factis

442 709 509 764 iis
557 711 650 780 qui
686 713 738 766 in
780 711 972 764 eadem
1009 717 1136 764 sunt
1174 710 1320 764 navi.
1359 709 1440 764 An
1471 712 1706 783 ignoras,
1735 714 1846 767 Deo
1873 715 2011 769 dile-

437 800 702 863 ctissime,
739 815 924 869 ecquaa
946 815 1047 854 nos
1074 815 1173 869 per
1200 817 1388 856 sacros
1411 805 1686 876 apostolos
1714 805 2014 873 [medicans

437 889 690 944 docuerit
745 891 994 945 Salvator
1043 901 1254 956 noster,
1307 902 1363 946 et
1387 910 1632 962 quaenam
1669 897 1832 949 modo
1866 897 2011 950 cele-
2044 918 2046 921 ·

437 977 646 1032 branda
673 987 973 1032 sanxerunt
1002 981 1426 1049 apostolicorum
1466 984 1672 1052 1211
1698 984 2009 1055 dogmatum

439 1067 720 1120 lueredes?
777 1067 911 1133 Quis
948 1069 1093 1122 enim
1131 1078 1377 1123 veterum
1417 1070 1737 1132 doctorum,
1789 1088 1858 1126 ex
1903 1088 2013 1142 quo

439 1156 842 1224 promulgatum
889 1166 972 1211 est
1011 1159 1385 1229 Evangelium,
1426 1177 1598 1230 usque
1633 1161 1700 1214 ad
1727 1163 2012 1232 caliginem

440 1243 598 1296 istam
634 1245 688 1297 in
734 1261 838 1314 qua
883 1263 1204 1312 versamur,
1268 1251 1479 1304 audivit
1513 1251 1607 1319 qui
1642 1268 1805 1305 unam
1833 1253 2015 1306 carnis

440 1333 855 1404 divinitatisque
899 1347 1148 1392 naturam
1198 1339 1553 1408 prazdicaret,
1589 1350 1685 1395 aut
1714 1343 1837 1410 quis
1867 1343 2012 1411 pati-

440 1423 606 1478 bilem
638 1441 878 1495 unquam
911 1443 1077 1482 ausus
1102 1438 1186 1483 est
1231 1430 1506 1501 Unigeniti
1543 1432 1883 1487 divinitatem
1910 1449 2012 1487 no-

442 1511 687 1566 minare?
717 1515 880 1583 Atqui
917 1517 1032 1571 haec
1055 1534 1201 1571 nunc
1234 1533 1265 1571 a
1293 1521 1572 1574 nonnullis
1598 1529 1783 1590 aperte
1808 1529 1862 1574 et
1884 1535 2014 1575 con-

441 1599 675 1658 fidenter
697 1604 973 1670 dicuntur,
990 1608 1080 1660 alii
1104 1609 1288 1663 audita
1312 1620 1689 1677 contcnmunt,
1709 1623 1764 1667 et
1789 1614 2014 1666 tacitur-

440 1694 610 1748 nitate
635 1697 812 1750 scelus
830 1699 1178 1768 participant.
1213 1701 1353 1767 Quid
1379 1703 1542 1772 igitur
1569 1704 1713 1758 facto
1741 1713 1824 1758 est
1851 1719 2009 1773 opus,
2050 1686 2089 1741 Β

440 1781 589 1837 dicet
613 1786 906 1854 quispiam,
935 1787 1002 1842 iis
1019 1789 1111 1858 qui
1134 1790 1235 1844 ista
1253 1791 1626 1847 detestantur?
1651 1793 2009 1860 Alterutrum,

442 1870 683 1942 inquam,
729 1884 789 1928 ut
827 1886 922 1930 aut
963 1880 1189 1948 propius
1224 1897 1442 1936 manum
1467 1894 1776 1948 conserant,
1825 1893 1881 1938 et
1914 1885 2017 1939 do-

441 1971 682 2031 gmatum
717 1965 1006 2022 falsitatem
1043 1971 1060 1989 ‘
1093 1971 1362 2036 refellant,
1408 1983 1500 2027 aut
1524 1973 1734 2044 fugiant
1761 1984 2014 2044 tanquam

441 2063 627 2122 aperte
650 2056 944 2125 impiorum
969 2063 1430 2117 communionem.
1463 2065 1596 2118 Nam
1620 2073 1792 2136 etego
1819 2065 2016 2121 factam

443 2143 499 2196 in
537 2159 624 2199 me
661 2146 918 2217 injuriam
950 2150 1100 2204 velut
1135 2151 1381 2206 divinum
1417 2155 1739 2211 beneficium
1773 2158 1963 2228 excepi
2000 2176 2012 2211 :

443 2250 551 2290 non
591 2252 722 2293 sane
752 2241 982 2310 gratiam
1016 2242 1226 2298 habens
1260 2245 1475 2315 injuriae
1513 2249 1836 2304 auctoribus
1871 2250 2020 2322 (quo

439 2324 590 2378 enim
627 2336 787 2396 pacto
821 2329 1127 2387 fratricidis
1159 2342 1216 2388 et
1243 2333 1398 2389 Caini
1430 2345 1640 2406 partem
1663 2337 2016 2411 amplexis?),

443 2416 537 2470 sed
559 2417 848 2474 Dominum
874 2438 1056 2477 meum
1079 2424 1338 2481 laudibus
1358 2428 1613 2493 efferens,
1642 2431 1736 2498 qui
1769 2447 1854 2486 me
1881 2431 2022 2502 inju-

443 2503 580 2558 riam
611 2508 936 2574 patientium
981 2523 1133 2568 sorte
1178 2516 1434 2586 dignatus
1457 2525 1570 2580 est,
1608 2520 2018 2588 segregavitque

441 2593 510 2648 ab
544 2595 750 2664 iniquis
783 2608 839 2653 et
879 2599 1253 2672 blasphemis,
1310 2616 1366 2661 et
1404 2608 1851 2662 amabilissimam
1883 2609 2018 2666 mihi

441 2685 682 2754 quietem
706 2693 1000 2747 concessit.

510 2789 764 2850 CXXVII.
792 2827 860 2836 —
899 2797 1049 2854 Jobio
1069 2803 1367 2874 presbytero
1413 2813 1463 2858 et
1496 2807 1943 2863 archimandrita’.

511 2904 790 2963 Abraham
836 2912 1152 2981 patriarcha
1206 2916 1370 2970 etiam
1419 2928 1542 2985 post
1590 2919 1790 2972 seniles
1843 2935 2016 2976 annos

2118 454 2316 498 σαντας
2346 437 2599 506 ἔδραμες.
2634 438 2841 504 Δρᾶσαι
2877 435 2987 503 γὰρ
3019 434 3328 486 τούναντίον
3359 433 3575 502 ἐχρῆν
3615 436 3710 484 καὶ

2117 525 2602 594 παρακαλούμενον
2649 523 2868 594 ἔχεσθαι
2913 523 3022 574 τῶν
3073 523 3295 584 οἰςῦιων,
3351 527 3560 590 φυγεῖν
3605 524 3710 590 τὴν

2117 617 2462 685 κυϐέρνησιν,
2513 617 2588 680 ὡς
2638 617 2746 669 τῶν
2784 615 3164 686 συμπλεόντων
3217 615 3495 684 πολεμίων
3542 632 3712 682 γεγε.

2116 706 2383 775 νημένων.
2413 708 2484 758 ’1-1
2516 708 2618 758 ούκ
2654 701 2830 767 οἶσθα,
2881 705 3289 774 θεοφιλέστατε,
3330 706 3454 758 τίνα
3525 706 3637 774 μὲν
3682 707 3711 757 6

2118 794 2310 864 Σωτὴρ
2331 796 2358 846 6
2392 787 2656 865 ἡμέτερος
2685 795 2770 846 διὰ
2799 795 2906 847 τῶν
2943 795 3104 865 ἱερῶν
3130 795 3451 848 ἀποστόλων
3478 794 3708 862 κηρύτ-

2116 903 2228 938 τειν
2279 887 2424 956 ἡμᾶς
2471 886 2726 952 ἐδίδαξεν,
2766 887 2888 939 τίνα
2915 887 2972 938 δὲ
3009 886 3104 938 νῦν
3137 885 3468 955 θρησκεύειν
3500 889 3707 955 ἐντιμο-

2116 977 2353 1044 θέτησαν
2377 977 2426 1028 οἱ
2459 976 2567 1029 τῶν
2601 976 2971 1029 ἀποστολικῶν
2997 977 3324 1046 κληρονόμοι
3361 977 3707 1046 δογμάτωνς

2114 1067 2210 1128 Τίς
2243 1066 2351 1137 γὰρ
2376 1067 2482 1118 τῶν
2518 1066 2762 1120 παλαιῶν
2799 1067 3154 1129 διδασκάλων,
3191 1066 3248 1131 ἐξ
3274 1061 3453 1138 οὗπερ
3481 1085 3710 1135 κατηγ-

2112 1157 2243 1226 γέλη
2270 1157 2330 1209 τὸ
2358 1158 2621 1228 κήρυγμα
2666 1159 2825 1230 μέχρι
2859 1161 2957 1228 τῆς
3009 1160 3346 1230 κατεχούσης
3376 1159 3480 1213 νύν
3509 1177 3706 1212 σκοτο-

2117 1251 2314 1319 μήνης,
2349 1250 2553 1318 ἀκήκοε
2587 1251 2787 1321 σαρκὸς
2829 1252 2922 1304 καὶ
2952 1252 3204 1320 θεότητος
3239 1253 3365 1320 μίαν
3395 1252 3576 1320 φύσιν
3608 1269 3710 1320 κη-

2115 1339 2466 1414 ρύξαντος,ἢ
2521 1343 2790 1412 ἐτόλμησε
2845 1342 3069 1396 πώποτε
3125 1343 3376 1414 παθητὴν
3425 1344 3710 1411 ὀνομάσαι

2111 1431 2206 1485 τοῦ
2236 1433 2572 1500 Μονογενοῢς
2608 1434 2706 1501 τὴν
2739 1433 3005 1504 θεότητας
3035 1433 3220 1487 Ταῦτα
3248 1434 3343 1487 νῦν
3382 1436 3518 1504 παρ’
3539 1434 3713 1486 ἐνίων

2112 1518 2362 1587 λέγεσθαι
2408 1521 2698 1591 προφανῶς
2743 1521 3028 1591 τολμᾶται,
3077 1523 3229 1594 παρὰ
3254 1523 3311 1576 δὲ
3346 1523 3458 1575 τῶν
3516 1522 3714 1575 ἄλλων

2115 1613 2436 1682 περιορᾶται
2465 1613 2751 1681 λεγόμενα,
2788 1613 2881 1665 καὶ
2907 1616 3032 1684 σιγῇ
3061 1613 3155 1666 τοῦ
3185 1613 3385 1684 μύσους
3419 1614 3716 1683 μετα-λατ-

2115 1702 2353 1770 χάνουσι.
2381 1701 2452 1757 Τί
2473 1699 2565 1755 οὖν
2598 1702 2703 1773 χρὴ
2744 1705 2935 1768 ποιεῖν,
2970 1704 3113 1758 εἴποι
3143 1721 3228 1767 τις
3251 1703 3337 1767 ἂν,
3357 1707 3488 1768 τοὺς
3518 1705 3716 1757 ταῦτα

2121 1780 2583 1862 μυσαττομένουςς
2619 1795 2773 1846 Δυοῖν
2815 1793 3044 1865 θάτερον
3077 1794 3282 1864 εἴποιμ’
3324 1794 3388 1848 ἄν
3411 1811 3426 1824 ο
3460 1795 3494 1864 ἢ
3528 1794 3714 1863 ὁμόσε

2117 1886 2335 1954 χωρεῖν,
2362 1884 2458 1936 καὶ
2506 1884 2804 1954 διελέγχειν
2833 1884 2944 1939 τῶν
2977 1884 3263 1955 δογμάτων
3296 1886 3358 1938 τδ
3409 1886 3710 1954 κίϐδηλον,

2116 1975 2150 2043 ἦ
2193 1973 2412 2042 φεύγειν
2459 1975 2533 2039 ὡς
2588 1976 2882 2047 προφανῶς
2917 1977 3324 2032 δυσσεϐούντων
3365 1981 3470 2048 τὴν
3500 1996 3712 2031 κοινω-

2117 2065 2253 2116 νίαν.
2282 2065 2391 2117 Καὶ
2415 2065 2523 2136 γὰρ
2553 2066 2664 2134 ἐγὼ
2687 2067 2787 2138 τὴν
2834 2069 2950 2120 κατ’
2984 2067 3120 2138 ἐμοῦ
3149 2069 3533 2138 γεγενημένην
3584 2069 3710 2120 (:61.-

2117 2155 2241 2209 κίαν
2280 2156 2354 2220 ὡς
2385 2155 2533 2210 θείαν
2576 2156 2841 2228 ἐδεξάμην
2893 2159 3230 2232 εὐεργεσίαν,
3285 2160 3348 2212 ού
3404 2162 3523 2222 τοῖς
3583 2161 3712 2229 ἡδε-

2118 2245 2313 2316 κηκόσι
2376 2247 2534 2317 χάριν
2592 2247 2869 2316 ὁμολογῶν
2934 2248 3075 2319 (πῶς
3107 2248 3216 2318 γὰρ
3266 2250 3377 2311 τοῖς
3423 2266 3493 2317 γε
3535 2250 3710 2302 ἀδελο

2118 2337 2528 2406 φοκτόνοις,καὶ
2559 2340 2674 2400 τοῖς
2699 2338 2794 2391 τοῦ
2827 2340 2967 2394 Κάῐν
2996 2340 3388 2411 γεγενημένοις
3425 2340 3708 2411 μερίδος),

2118 2427 2257 2481 ἀλλὰ
2285 2429 2375 2481 τὸν
2401 2429 2532 2499 ἐμὸν
2556 2429 2830 2501 Δεσπότην
2856 2431 3063 2502 ὑμνῶν,
3092 2432 3174 2486 ὃτι
3200 2449 3266 2504 με
3298 2433 3392 2486 καὶ
3428 2433 3539 2485 τῶν
3589 2434 3713 2504 ηδι-

2117 2521 2375 2590 κημένων
2423 2522 2734 2593 κατηξίωσε
2796 2525 3013 2595 μοίρας,
3045 2526 3142 2579 καὶ
3197 2526 3303 2578 τῶν
3350 2526 3712 2595 ἠδικηκότων

2115 2613 2210 2664 καὶ
2247 2613 2712 2683 βλασφημούντων
2739 2615 2991 2687 ἐχώρισε,
3029 2617 3126 2671 καὶ
3145 2617 3243 2688 τὴν
3269 2617 3712 2688 ὲρασμιωτάτην

2116 2703 2252 2773 ἐμοὶ
2271 2703 2467 2757 ἔδωκεν
2491 2706 2741 2777 ἡσυχίαν.

2116 2795 2383 2849 PKZ'.—
2423 2798 2610 2863 Ἰωὸἰφ
2652 2798 3034 2868 πρεσϐυτέρῳ
3074 2799 3173 2854 καὶ
3224 2800 3698 2871 ἀρχιμανδριτῃ.

2207 2909 2422 2980 ’Δϐρὰμ
2452 2912 2480 2964 6
2503 2912 2851 2982 πατριάρχης
2883 2912 2980 2965 καὶ
3007 2910 3148 2982 μετὰ
3175 2912 3351 2983 γῆρας
3378 2913 3708 2982 ἠρίστευσε·

441 2995 730 3054 victoriam
763 3003 1102 3069 reportavit,
1144 3012 1200 3056 et
1245 3021 1472 3075 magnus
1506 3007 1680 3061 Moses
1701 3008 1768 3061 ad
1799 3008 2013 3063 senium

2121 3000 2214 3053 καὶ
2241 3001 2480 3073 Μωῦσῆς
2503 3003 2531 3053 6
2577 3002 2750 3071 μέγας
2785 3002 3098 3074 πρεσϐύτης
3139 3004 3241 3075 ἤδη
3274 3005 3587 3075 γενόμενος,
3623 3008 3714 3070 εἰς

435 3087 550 3155 jam
601 3099 917 3155 provectus,
975 3092 1232 3146 manibus
1282 3094 1350 3148 ad
1399 3097 1703 3152 orationem
1756 3101 2016 3169 oppansis

441 3174 794 3230 Amalecitam
814 3182 1135 3247 prostravit,
1152 3193 1209 3238 et
1230 3183 1453 3240 divinus
1469 3185 1689 3243 Samuel
1709 3191 1823 3259 jam
1846 3207 2016 3248 canus

439 3265 758 3338 Allophylos
799 3269 855 3323 in
903 3270 1087 3342 fugam
1117 3278 1412 3331 convertit.
1451 3279 1561 3334 llos
1594 3283 1906 3338 veneranda
1935 3300 2019 3340 se-

444 3365 640 3411 nectus
671 3366 763 3413 tua
803 3363 1116 3430 zemulatur,
1160 3382 1282 3436 qua:
1322 3367 1376 3422 in
1413 3369 1574 3426 bellis
1604 3373 1827 3441 pietatis
1852 3390 2017 3432 causa

442 3449 714 3517 susceptis
747 3450 966 3508 fortiter
995 3456 1127 3526 agit,
1165 3468 1215 3512 et
1249 3476 1349 3530 pro
1384 3465 1714 3533 evangelicis
1752 3467 2021 3538 dogmati-

446 3538 547 3593 bus
579 3551 807 3611 pugnat,
833 3545 1113 3617 animique
1135 3549 1418 3608 alacritate
1443 3555 1676 3624 juvenes
1717 3560 2015 3615 antecellit.

444 3630 555 3699 Ego
588 3648 720 3688 vero
763 3635 880 3692 haec
914 3639 1148 3696 audiens
1171 3644 1384 3713 gaudeo
1414 3655 1470 3700 et
1498 3647 1671 3712 laetor,
1703 3657 1866 3719 atque
1899 3667 2019 3706 am-

444 3721 649 3791 plexari
687 3741 818 3781 sane
861 3729 1074 3800 1212
1109 3734 1273 3787 velim
1313 3738 1840 3794 venerandissimam
1873 3743 2021 3798 cani-

445 3813 574 3865 tiem
611 3823 779 3870 tuam.
814 3817 921 3872 Sed
967 3819 1096 3889 quia
1150 3821 1257 3877 hoc
1297 3823 1477 3880 facere
1512 3842 1746 3897 nequeo,
1779 3843 1846 3885 eo
1871 3831 2019 3900 quod

443 3901 704 3970 pietatem
733 3914 879 3960 tuam
906 3908 1055 3963 domi
1095 3922 1354 3969 senectus
1378 3914 1599 3979 retinet,
1642 3933 1730 3974 me
1756 3935 1890 3976 vero
1933 3921 2020 3978 lex

443 3993 594 4062 regia
640 3996 731 4051 hic
775 4011 1014 4068 coercet,
1057 4005 1395 4063 desiderium
1427 4026 1612 4064 meum
1643 4011 1843 4069 litteris
1868 4014 2016 4080 fallo,

443 4092 500 4136 et
528 4085 717 4152 pietati
758 4097 864 4146 tua:
893 4095 1126 4150 salutem
1163 4098 1595 4154 amantissimam
1622 4102 1767 4168 dico,
1795 4120 2020 4174 precor-

443 4190 550 4242 que
571 4186 626 4229 nt
650 4182 906 4240 confusas
930 4189 1171 4242 tumultu
1194 4189 1470 4248 Ecclesias
1491 4195 1749 4263 precibus
1769 4197 2017 4268 adjuves,

2117 3093 2424 3164 προσευχὴν
2453 3093 2551 3156 τὰς
2579 3098 2766 3168 χεῖρας
2823 3095 3221 3159 ὲκτείνων,,τόν
3263 3096 3514 3168 Ἀμαλὴκ
3560 3115 3711 3152 κατ-

2118 3179 2392 3250 ηκόντισε·
2417 3181 2512 3233 καὶ
2535 3181 2786 3251 Σαμουὴλ
2804 3181 2832 3233 6
2866 3181 3150 3246 Θεσπέσιος
3186 3183 3320 3252 μετὰ
3354 3184 3548 3236 πολιὰν
3569 3186 3712 3248 τοὺς

2119 3269 2449 3339 ἀλλοφύλους
2503 3271 2780 3342 ἐτρέπετο.
2838 3273 3072 3338 Τούτους
3118 3275 3179 3327 τὸ
3242 3275 3540 3345 σεϐάσμιόν
3605 3294 3710 3330 σου

2120 3364 2300 3434 γῆρας
2343 3364 2516 3433 ζηλοῖ,
2544 3365 2648 3418 κάν
2684 3368 2798 3428 τοῖς
2842 3365 2985 3438 ὑπὲρ
3012 3366 3295 3430 εὐσεϐείας
3321 3365 3580 3436 πολέμοις
3607 3369 3712 3421 ἁν-

2118 3453 2530 3524 δραγαθίζεται,
2563 3456 2658 3509 καὶ
2679 3455 2788 3508 τῶν
2805 3455 3177 3524 εύαγγελικῶν
3207 3456 3483 3527 δογμάτων
3513 3458 3710 3526 ὑπερ-

2125 3548 2306 3616 μαχεῖ.
2358 3546 2453 3600 καὶ
2482 3548 2608 3610 τοὺς
2641 3547 2792 3610 νέους
2823 3547 3164 3618 ἀποκρύπτει
3194 3551 3261 3619 τῇ
3295 3548 3565 3620 προθυμίᾳ
3592 3551 3709 3621 τῆς

2118 3638 2365 3709 γνώμης.
2401 3639 2542 3708 Ἐγὼ
2579 3639 2636 3692 δὲ
2684 3639 2856 3694 ταῦτα
2885 3641 3096 3696 ἀκούων
3129 3643 3420 3711 γάννυμαι,
3466 3643 3564 3695 καὶ
3611 3645 3707 3696 εύ-

2121 3729 2441 3800 ᾳραίνομαι,
2485 3731 2580 3783 καὶ
2602 3730 3037 3801 περιπτύξασθαι
3069 3732 3170 3802 μὲν
3199 3731 3348 3785 ποθῶ
3375 3732 3472 3802 τὴν
3497 3749 3704 3786 σεπτο-

2119 3823 2286 3892 τάτην
2328 3839 2422 3875 σου
2455 3822 2666 3877 πολιάν.
2717 3823 2933 3895 Ἐπειδὴ
2981 3823 3040 3878 δὲ
3099 3823 3290 3877 τούτου
3346 3824 3706 3895 διαμαρτάνω

2122 3911 2240 3985 (τὴν
2266 3913 2366 3983 μὲν
2387 3913 2497 3985 γὰρ
2523 3915 2621 3985 σὴν
2653 3913 2966 3968 θεοσέϐειαν
2989 3914 3128 3968 οἴκοι
3155 3916 3332 3985 γῆρας
3355 3913 3562 3982 ἐπέχει.
3590 3914 3701 3982 ἐμὲ

2119 4005 2176 4058 δὲ
2206 4006 2370 4076 νόμος
2391 4006 2577 4060 ἐνθάδε
2606 4005 2888 4077 καθείργει
2919 4005 3238 4077 βασιλικὸς),
3259 4006 3348 4060 διὰ
3373 4006 3480 4059 τῶν
3515 4022 3709 4076 γραμ-

2125 4095 2312 4166 μάτων
2345 4096 2636 4165 σοφίζομαι
2670 4097 2732 4150 τό
2772 4096 3127 4167 ποθούμενον,
3158 4098 3250 4150 καὶ
3270 4097 3566 4168 προσφέρω
3601 4113 3705 4150 σου

2119 4191 2188 4260 τῇ
2229 4188 2473 4259 φιλοθεῖᾳ
2501 4187 2594 4240 τὸν
2631 4189 2756 4259 ἐμοὶ
2807 4189 3220 4261 πανεπέραστον
3251 4189 3563 4259 ἀσπασμὸν,
3605 4191 3706 4243 καὶ

443 4282 508 4322 ac
539 4270 671 4324 mihi
705 4289 924 4346 quoque
952 4279 1193 4335 divinam
1223 4297 1384 4351 opem
1414 4285 1709 4356 impetres,
1749 4290 1844 4359 qui
1889 4307 2016 4361 apo-

2123 4280 2426 4354 παρακαλῶ
2447 4280 2635 4350 εύχαῖς
2668 4280 2945 4352 ἐπαμῦναι
2983 4284 3102 4345 ταῖς
3151 4281 3496 4351 Ἐκκλησίαις
3527 4281 3707 4351 ζάλης

442 4362 764 4419 stulicorum
795 4368 1112 4440 dogmatum
1134 4389 1298 4431 causa
1327 4392 1513 4444 vexor,
1538 4390 1594 4436 et
1616 4396 1854 4452 superna
1879 4399 2016 4454 opus

2121 4370 2625 4444 ὲμπεπλησμέναις,
2655 4371 2750 4424 καὶ
2781 4371 2964 4441 μέντοι
2993 4372 3162 4441 κάμοὶΙ
3187 4371 3286 4441 τὴν
3319 4370 3467 4424 θείαν
3500 4371 3708 4441 προξε-

442 4451 620 4510 habco
649 4455 988 4518 defensione.

442 4717 721 4777 CXXVI".
752 4754 819 4763 —
859 4723 1096 4785 Candide
1146 4734 1447 4807 presbytero
1487 4745 1536 4792 et
1567 4741 2016 4797 archimandritae.

463 4857 482 4868 --
514 4832 675 4899 Vicit,
705 4845 766 4890 ut
793 4851 1038 4909 apparet,
1074 4844 1187 4900 Deo
1221 4847 1435 4904 dilecta:
1471 4853 1667 4908 anima:
1692 4864 1797 4909 tua:
1823 4856 2019 4911 alacri—

446 4934 611 4980 tatem
641 4942 916 4998 εθιιοοιυε,
960 4946 1015 4991 ει
1054 4953 1250 4994 manus
1287 4951 1543 4998 extensas
1583 4944 1652 4999 de
1701 4962 1852 5001 more
1905 4964 2014 5002 non

444 5017 636 5085 habes,
672 5022 904 5096 ideoque
935 5026 1158 5086 Amalec
1183 5031 1404 5089 vincere
1428 5046 1680 5090 conatur.
1708 5038 2019 5109 Exsurgant

442 5112 610 5183 igitur
638 5113 973 5176 infirmitatis
1001 5122 1278 5194 adjutores
1307 5125 1497 5196 aliqui,
1529 5128 1670 5184 sicut
1693 5130 1821 5184 olim
1853 5131 1927 5187 Or
1962 5142 2018 5187 et

442 5204 622 5259 Aaron
669 5207 999 5278 legislatoris
1046 5229 1241 5270 manus
1299 5219 1686 5274 sustentabant
1721 5219 1787 5286 ⁸³,
1849 5233 1908 5277 ut
1958 5231 2016 5278 ct

440 5295 663 5352 Amalec
684 5297 958 5367 destruas,
980 5313 1037 5358 et
1057 5303 1314 5361 lsraelem
1349 5323 1662 5366 conserves.
1691 5311 1847 5367 Nunc
1867 5315 2012 5369 enim

442 5387 676 5444 maxime
721 5393 977 5461 precibus
1033 5395 1425 5454 intentioribus
1467 5410 1551 5456 est
1598 5418 1756 5473 opus,
1815 5404 2016 5460 Graecis

443 5472 664 5540 quidem
712 5491 768 5534 et
825 5482 1028 5540 Iudaeis
1073 5494 1237 5556 atque
1283 5488 1555 5547 haereticis
1598 5472 1856 5548 omnibus
1883 5510 2016 5564 pace

517 5630 558 5662 δ’
586 5631 754 5686 Exod.
782 5652 910 5706 xv",
942 5641 1024 5694 1‘2.

2120 4467 2279 4537 νῆσαι
2319 4463 2523 4534 ῥοπὴν,
2557 4463 2699 4534 ὑπὲρ
2741 4465 2840 4534 μὲν
2870 4465 2978 4518 τῶν
3020 4463 3391 4519 ἀποστολικῶν
3427 4464 3706 4534 πολεμου-

2125 4559 2272 4632 μένῳ
2331 4556 2652 4627 δογμάτων,
2695 4556 2933 4628 δεομένῳ
2982 4556 3040 4610 δὲ
3069 4556 3171 4625 τῆς
3218 4556 3424 4612 ἄνωθεν
3472 4557 3708 4627 amas-

2121 4653 2288 4720 ψεως.

2123 4744 2304 4800 PKH’.
2327 4775 2397 4786 —
2412 4742 2684 4806 Κανδίδφ
2705 4740 3086 4810 πρεσϐυτέρῳ
3104 4741 3205 4795 καὶ
3237 4739 3706 4811 ἀρχιμανδριτῃ.

2202 4857 2505 4928 Ἐνίκησεν,
2534 4857 2610 4920 ὡς
2641 4855 2806 4919 ἔοικε,
2847 4855 2909 4908 τὸ
2944 4855 3124 4927 γῆρας
3162 4855 3259 4923 τῆς
3287 4851 3568 4920 θεοφιλοῦς
3597 4869 3710 4907 σου

2117 4951 2296 5023 ψυχῆς
2317 4951 2416 5022 τὴν
2444 4949 2773 5022 προθυμίαν.
2809 4948 2902 5001 καὶ
2929 4947 3030 5009 τὰς
3054 4949 3243 5018 χεῖρας
3271 4948 3370 5000 οὐκ
3397 4946 3541 5017 ἔχεις
3570 4963 3708 4998 συν-

2121 5041 2265 5114 ήθως
2283 5041 2671 5111 ἐκτεταμένας·
2701 5040 2788 5094 διά
2809 5058 2890 5093 τοι
2921 5039 3081 5093 τοῦτο
3097 5041 3190 5093 καὶ
3217 5039 3511 5108 φιλονεικεῖ
3536 5041 3708 5109 νικᾷν

2119 5134 2148 5184 6
2197 5133 2461 5205 Ἀμαλήκ.
2500 5133 2538 5186 Γ
2541 5133 2846 5186 ενέσθωσαν
2873 5131 3052 5185 τοίνυν
3087 5132 3228 5194 τινὲς
3269 5133 3550 5202 ἐπίκουροι
3594 5132 3708 5202 τῆς

2122 5223 2433 5287 ἀσθενείας,
2494 5221 2748 5292 καθάπερ
2788 5222 2956 5275 πάλαι
3005 5221 3134 5275 ποτὲ
3183 5222 3280 5294 Ὢρ
3336 5224 3430 5274 καὶ
3479 5222 3708 5293 Ἀαρὼν

2123 5312 2483 5383 ὑπεστήριζον
2516 5309 2609 5364 τοῦ
2644 5311 2932 5382 νομοθέτου
2968 5311 3065 5375 τὰς
3095 5314 3299 5384 χεῖρας.
3347 5312 3433 5365 ἵνα
3476 5313 3572 5365 καὶ
3604 5313 3705 5365 τὸν

2133 5401 2385 5474 Ἀμαλῂκ
2405 5401 2765 5474 καταλεύσῃς,
2783 5403 2873 5456 καὶ
2901 5402 2993 5456 τὸν
3024 5402 3235 5474 Ἰσραὴλ
3265 5403 3556 5474 διασώσῃς.
3580 5403 3707 5457 Νῦν

2124 5495 2231 5567 γὰρ
2280 5496 2514 5566 μάλιστα
2551 5495 2980 5567 σπουδαιοτέρων
3008 5495 3087 5549 δεῖ
3133 5496 3464 5566 προσευχῶν,
3507 5495 3702 5566 Ἑλλήο
