3924 6192
262 306 393 374 1341

1583 303 1944 366 EPISTOLA
1982 307 2208 369 CXXX.

3375 303 3515 369 1342

258 440 370 480 νων
423 422 522 494 μὲν
563 422 656 476 καὶ
709 420 1008 482 Ἰουδαίων,
1063 420 1154 473 καὶ
1211 419 1390 490 πάσης
1451 420 1834 492 εἰρηνευούσης

1951 421 2272 488 irncntibus,
2307 423 2422 478 sola
2466 432 2650 477 autem
2682 422 2923 477 Ecclesia
2969 429 3349 492 tempestatem
3382 438 3513 492 pro-

258 517 542 586 αἱρέσεως,
590 514 756 584 μόνης
801 513 858 565 δὲ
901 513 1000 582 τῆς
1039 511 1362 581 Ἐκκλησίας
1412 511 1834 582 χειμαζομένης,

261 609 356 661 καὶ
404 605 736 675 παγχαλέπῳ
786 604 1016 657 κλύδωνι
1064 601 1488 674 περιπεσούσης.
1538 604 1646 656 Καὶ
1678 605 1838 673 ἡμεῖς

260 701 317 754 δὲ
358 698 723 768 διαφερόντως
767 697 866 766 τῆς
897 695 1006 748 τῶν
1047 695 1328 765 ὑμετέρων
1367 692 1682 764 προσευχῶν
1726 692 1840 745 δεό-

265 787 403 858 μεθα
436 785 707 856 βοηθείας,
748 783 843 838 καὶ
870 783 976 836 τῶν
1005 782 1373 853 νομισθέντων
1420 781 1839 849 συναγωνιστῶν

260 876 799 946 ἀνταγωνιζομένων.

260 989 433 1044 PKG’.
463 1021 532 1030 —
557 989 774 1058 Μάγνῳ
805 986 1137 1058 Ἀντωνίνῳ
1179 985 1558 1058 πρεσϐυτέρῳ
1594 985 1694 1039 καὶ
1729 985 1834 1053 ἀρ-

793 1056 1146 1126 χιμανδρίτῃ
1175 1056 1308 1127 (91).

330 1174 471 1234 Τοὺς
514 1171 612 1242 μὲν
647 1169 866 1240 νύκτωρ
913 1168 1173 1232 πλέοντας
1213 1171 1264 1222 ot
1306 1167 1415 1222 τῶν
1443 1169 1682 1240 λιμένων
1706 1169 1841 1240 ψυχ-

262 1263 538 1333 αγωγοῦσι
570 1261 788 1333 πυρσοί·
829 1260 955 1324 τοὺς
989 1260 1046 1313 δὲ
1091 1259 1192 1330 τῆς
1223 1261 1586 1332 άποστολικῆς
1614 1279 1834 1334 προκινο

259 1354 580 1417 δυνεύοντας
607 1353 864 1416 πίστεως,
891 1351 1001 1404 τῶν
1027 1352 1339 1422 ὁμοπίστων
1360 1355 1388 1407 6
1409 1352 1590 1424 ζῆλος.
1626 1353 1839 1426 Ὶκανὴν

259 1446 439 1498 τοίνυν
492 1444 688 1514 ἔχομεν
743 1442 1077 1515 παραψυχὴν
1126 1445 1227 1512 τῆς
1259 1443 1534 1514 ὑμετέρας
1563 1444 1841 1514 φιλοθεϊας

259 1538 386 1600 τοὺς
423 1536 562 1606 ὑπὲρ
615 1535 722 1587 τῶν
771 1535 932 1588 θείων
962 1535 1245 1605 δογμάτων
1281 1535 1499 1604 ἀγῶνας
1528 1536 1836 1599 ἀκούοντες.

1940 517 2245 586 cellamque
2295 516 2674 586 gravissimam
2727 516 3055 571 sustinente.
3095 515 3206 569 Nos
3234 530 3364 568 vero
3405 532 3516 584 prze

1939 607 2150 662 caeteris
2197 622 2423 676 precum
2496 615 2805 660 vestrarum
2856 606 3062 660 auxilio
3123 605 3452 675 indigemus,
3500 610 3515 628 ⁶

1940 698 2048 753 illis
2093 699 2228 768 ipsis
2272 713 2375 753 nos
2405 698 2502 768 qui
2546 711 2897 769 propugnare
2933 695 3300 750 credebantur
3333 695 3514 763 impu-

1938 789 2254 860 gnantibu’s.

2054 994 2290 1051 CXXIX.
2333 1025 2403 1034 -—
2437 993 2631 1064 Magno
2671 992 2938 1064 Antonino
2982 988 3287 1061 presbytero
3343 996 3390 1042 et

2506 1061 2956 1118 drchimandritw.

2011 1180 2119 1234 Eos
2137 1177 2229 1248 qui
2259 1186 2424 1233 noctu
2449 1175 2708 1245 navigant
2747 1180 3009 1243 portuum
3053 1169 3200 1225 faces
3231 1169 3518 1224 consolan-

1939 1279 2050 1338 tur;
2079 1286 2176 1340 pro
2203 1270 2412 1338 1213
2449 1268 2554 1322 fide
2580 1282 2710 1321 vero
2744 1264 3090 1326 dimicantes,
3123 1261 3344 1315 illorum
3367 1260 3519 1314 zelus

1939 1362 2034 1433 qui
2067 1361 2314 1416 eamdem
2339 1359 2503 1414 simul
2530 1358 2694 1412 fidem
2724 1362 2936 1410 tenent.
2979 1353 3363 1409 Abundantem
3388 1367 3518 1422 ergo

1939 1452 2210 1506 habemus
2252 1448 2707 1512 consolationem,
2746 1460 2870 1499 cum
2912 1444 3136 1514 pietatis
3183 1452 3378 1504 vestras
3416 1456 3517 1511 pro

1940 1541 2144 1597 divinis
2173 1539 2524 1610 dogmatibus
2557 1550 2762 1608 agones
2798 1534 3075 1589 audimus.
3129 1534 3280 1588 Hanc
3311 1533 3516 1587 etenim

261 1629 372 1681 Kal.
399 1628 507 1698 γάρ
544 1628 747 1697 ταύτην
775 1627 903 1696 ὑμῖν
955 1626 1051 1697 τὴν
1105 1626 1331 1697 γνώμην
1373 1629 1401 1680 6
1447 1627 1840 1699 Μεγαλόδωρος

1951 1633 2097 1688 vobis
2112 1640 2348 1687 mentem
2370 1629 2560 1700 injecit
2576 1626 2870 1682 munificus
2894 1626 3164 1696 Largitor,
3187 1632 3248 1678 ut
3270 1640 3369 1694 pro
3402 1625 3522 1679 illo-

262 1720 590 1790 ἐδωρήσατο,
636 1719 731 1771 καὶ
776 1718 877 1787 τῆς
921 1717 1128 1770 τούτων
1155 1717 1320 1770 ἕνεκα
1355 1717 1603 1788 φυλακῆς
1660 1719 1838 1772 πάντα

1951 1737 2064 1775 rum
2089 1719 2340 1775 custodia
2369 1718 2582 1772 nullum
2624 1716 2867 1770 laborem
2899 1713 3199 1784 ref'ugiatis.
3230 1713 3343 1782 Ego
3385 1727 3517 1766 vero

233 1810 424 1862 .πόνον
454 1808 754 1878 εἰσφέρετε.
815 1807 956 1876 Ἐγὼ
1005 1807 1060 1861 δὲ
1104 1807 1191 1861 διὰ
1229 1809 1328 1877 τῆς
1386 1809 1660 1880 ὑμετέρας
1704 1808 1842 1880 ψυχο

1951 1814 2048 1868 hac
2093 1821 2276 1867 vestra
2324 1809 2607 1865 alacritate
2652 1815 2931 1862 recreatus
2974 1806 3222 1876 exiguam
3269 1804 3518 1858 retribuo

263 1900 652 1970 αγωγούμενος
685 1899 994 1970 προθυμίας
1046 1901 1249 1971 μικράν
1281 1900 1547 1954 ἀντίδοσιν
1573 1900 1833 1970 εἰσφέρω,

1951 1905 2290 1967 mercedem,
2356 1909 2419 1956 ut
2474 1902 2530 1955 in
2575 1899 2780 1954 divinis
2830 1897 3097 1968 agonibus
3154 1896 3520 1966 perseveretis

263 1990 371 2043 τῶν
408 1987 634 2058 ἀγώνων
680 1990 823 2059 ὑμᾶς
855 1988 967 2042 τῶν
1012 1987 1170 2041 θείων
1217 1988 1436 2060 ἔχεσθαι
1489 1990 1840 2061 παρακαλῶν,

1951 2009 2108 2048 orans
2152 2001 2209 2047 et
2242 1990 2587 2047 adversarios
2613 1997 2675 2043 ut
2711 1996 2872 2058 captu
2913 1986 3102 2042 faciles
3155 1985 3519 2040 contemnatis

263 2081 360 2134 ml.
406 2082 516 2133 τῶν
564 2080 872 2133 ἀντιπάλων
904 2079 980 2141 ὡς
1030 2079 1316 2133 εὐαλὼτων
1371 2084 1730 2152 καταφρονεῖν
1765 2080 1844 2151 (τί

1951 2083 2121 2155 [quid
2170 2083 2317 2136 enim
2376 2080 2707 2136 imbecillius
2736 2087 2822 2134 est
2867 2077 2936 2132 iis
2974 2077 3067 2147 qui
3115 2077 3346 2131 veritate
3392 2082 3520 2130 sunt

263 2171 370 2240 γάρ
403 2169 787 2240 ἀσθενέστερον
815 2169 924 2221 τῶν
957 2169 1055 2240 τῆς
1102 2169 1360 2240 ἀληθείας
1395 2171 1800 2242 ἐστερημένων)
1821 2211 1836 2237 ,

1951 2169 2296 2241 destituti?),
2330 2170 2381 2224 ei
2408 2178 2590 2224 autem
2617 2168 2906 2224 conﬁdatis
2930 2166 3024 2236 qui
3055 2165 3194 2220 dixit
3223 2183 3237 2219 :
3273 2184 3290 2216 ι
3311 2165 3430 2220 Non
3468 2173 3520 2220 te

266 2259 583 2314 πεποιθέναι
616 2261 672 2314 δὲ
700 2260 776 2330 τῷ
805 2260 1033 2314 εἰπόντι·
1071 2281 1089 2313 ι
1126 2261 1200 2314 06
1239 2263 1312 2332 μή
1348 2279 1405 2315 σε
1441 2263 1574 2327 ἀνῶ,
1613 2263 1732 2315 οὐδὲ
1766 2262 1839 2334 μή

1951 2263 2220 2328 deseram,
2265 2279 2445 2332 neque
2485 2271 2538 2318 te
2587 2262 2966 2332 derelinquam
3004 2260 3079 2326 ”;
3119 2279 3139 2311 ι
3189 2267 3246 2313 et
3278 2279 3291 2313 :
3329 2279 3347 2310 ι
3377 2259 3519 2312 Ecce

267 2369 325 2405 σε
348 2352 731 2419 ἐγκαταλίπω·
765 2371 783 2402 ι
820 2352 949 2404 καίο
991 2371 1009 2404 ι
1059 2351 1191 2405 Ἰδοὺ
1232 2352 1341 2421 ἐγὼ
1370 2353 1490 2423 μεθ’
1535 2354 1687 2424 ὑμῶν
1727 2355 1842 2424 εἰμι

1951 2371 2043 2426 ego
2074 2354 2360 2408 vobiscum
2392 2369 2512 2407 sum
2541 2352 2800 2407 omnibus
2841 2351 3039 2406 diebus
3069 2365 3244 2419 usque
3279 2349 3347 2404 ad
3388 2365 3522 2404 con-

265 2438 445 2500 πάσας
475 2438 574 2502 τάς
605 2440 819 2510 ἡμέρας
839 2440 944 2503 ἕως
975 2440 1076 2509 τῆς
1108 2443 1417 2504 συντελείας
1444 2442 1538 2495 τοῦ
1569 2444 1781 2506 αἰῶνος.
1816 2461 1834 2494 ι

1951 2444 2364 2501 summationcm
2394 2443 2579 2498 saeculi
2606 2443 2672 2495 “.
2717 2462 2735 2494 ι
2777 2442 3047 2513 Adjuvate
3079 2441 3246 2496 etiam
3278 2457 3366 2495 me
3401 2455 3525 2510 pre-

277 2529 625 2599 Ἐπαμύνατε
667 2531 722 2584 δὲ
759 2531 928 2602 κάμοὶ
965 2533 1083 2595 ταῖς
1114 2536 1469 2615 προσευχαῖς,
1504 2535 1591 2587 ἵνα
1620 2534 1840 2605 θαρρῶν

1951 2537 2121 2601 cibus,
2149 2544 2210 2589 ut
2242 2534 2476 2589 ﬁdenter
2507 2533 2764 2602 adjiciam
2803 2552 2816 2588 :
2853 2552 2873 2584 ι
2903 2532 3168 2588 Dominus
3197 2531 3337 2585 mihi
3372 2531 3524 2601 adju-

266 2619 520 2688 ἐπιλέγωο
553 2639 572 2673 ι
610 2621 812 2693 Κύριος
844 2622 968 2692 ἐμοὶ
993 2623 1203 2693 βοηθὸς,
1235 2624 1409 2678 καὶού
1439 2625 1838 2696 φοϐηθήσομαι,

263 2707 319 2764 τί
339 2710 554 2779 ποιήσει
587 2727 676 2779 μοι
701 2711 1006 2782 ἄνθρωπος.
1043 2730 1062 2762 ι

609 2821 733 2877 PA’.
755 2852 827 2864 -—
857 2823 1112 2894 Τιμοθέῳ
1162 2825 1494 2891 ἐπισκόπῳ.

340 2937 416 2990 Οὐ
455 2937 633 3008 μάτην
668 2937 778 3008 ἀρα
809 2938 918 2990 τῶν
941 2939 1077 2992 ὅλων
1119 2941 1147 2992 6
1169 2941 1528 3012 κυϐερνήτης
1569 2948 1845 3017 συγχωρεῖ

264 3033 378 3094 τοῖς
414 3032 686 3101 πνεύμασι
723 3034 835 3094 τοῖς
867 3031 1130 3095 ἐναντίοις
1159 3033 1422 3104 διεγεῖραι
1453 3035 1553 3106 τῆς
1584 3037 1842 3102 ἀσεϐείας

265 3125 335 3179 τά
383 3125 626 3196 κύματα’
676 3124 794 3178 ἀλλ’
846 3125 932 3178 ῖνα
982 3124 1091 3177 τῶν
1140 3124 1410 3179 πλεόντων
1450 3127 1711 3200 βασανίσῃ
1743 3130 1840 3193 τὰς

265 3215 511 3285 γνώμας,
547 3215 637 3268 καὶ
664 3213 771 3267 τῶν
805 3214 900 3284 μὲν
934 3214 1034 3283 τὴν
1079 3213 1302 3283 ἀνδρίαν
1330 3215 1614 3286 γυμνὼση,
1647 3217 1756 3271 τῶν
1785 3219 1843 3271 δὲ

266 3307 364 3378 τὴν
385 3307 587 3360 δειλίαν
615 3306 828 3377 ἐλέγξῃ⁹
863 3307 958 3360 καὶ
983 3306 1111 3370 τοὺς
1153 3307 1252 3376 μὲν
1275 3309 1374 3377 τῆς
1403 3308 1685 3372 εὐσεϐείας
1710 3309 1845 3376 ἔξω·

270 3395 360 3449 θεν
393 3395 813 3466 περικειμένους
845 3395 1060 3466 μορφὴν
1090 3396 1331 3465 γυμνοὺς
1355 3395 1504 3467 δείξῃ
1539 3397 1648 3450 τῶν
1675 3415 1846 3468 προσ-

267 3487 506 3547 ωπείων,
542 3487 668 3548 τοὺς
706 3485 764 3538 δὲ
821 3485 924 3554 τῆς
982 3485 1240 3555 ἀληθείας
1272 3487 1588 3558 ἀνακηρύξῃ
1635 3489 1847 3558 προμά-

267 3596 417 3650 χους.
457 3578 629 3630 Τοῦτο
676 3578 770 3630 καὶ
804 3575 899 3630 νῦν
935 3576 1300 3647 γεγενημένον
1342 3577 1708 3648 ἐθεασάμεθα.
1739 3578 1846 3632 Τοῦ

267 3670 376 3741 γὰρ
424 3669 689 3739 χειμῶνος
717 3668 1139 3735 ἐπαναστάντος,
1173 3671 1220 3722 oi
1263 3670 1360 3740 μὲν
1393 3670 1718 3741 ἐγύμνωσαν
1747 3673 1846 3742 τὴν

268 3761 660 3830 κεκρυμμένην
715 3761 996 3825 ἀσέϐειαν,
1045 3763 1094 3814 οἰ
1138 3763 1195 3815 δὲ
1237 3762 1542 3834 προύδοσαν
1579 3764 1646 3834 ἢν
1700 3759 1848 3836 εἶχον

268 3853 550 3925 ἀλήθειαν,
575 3852 791 3923 καὶτῆς
809 3854 916 3907 τῶν
945 3854 1253 3908 ἀντιπάλων
1278 3855 1522 3924 ἐγένοντο
1547 3858 1846 3927 φάλαγγος,

271 3946 366 4000 καὶ
403 3945 539 4016 μετά
571 3946 795 3999 ἐκείνων
827 3945 1111 4016 βάλλουσιν
1144 3946 1239 4011 οὒς
1268 3948 1523 4020 ἀριστέας
1544 3950 1846 4021 ὠνόμαζον.

272 4038 336 4089 Οἱ
366 4037 422 4089 δὲ
449 4036 622 4090 ταῦτα
654 4036 894 4108 ὁρῶντες
916 4078 930 4100 ,
963 4039 1089 4103 τοὺς
1134 4039 1233 4109 μὲν
1273 4040 1565 4110 πολεμίους
1595 4042 1843 4109 μισοῦσι,

269 4124 397 4186 τοὺς
424 4124 478 4176 δὲ
510 4125 842 4195 αὐτομόλους
877 4124 1154 4198 θρηνοῦσι,
1183 4130 1293 4192 τοῖς
1320 4129 1375 4182 δὲ
1407 4130 1548 4201 ὑπὲρ
1575 4131 1683 4184 τῶν
1713 4132 1850 4186 ἀπο-

273 4213 532 4267 στολικῶν
565 4216 994 4287 πολεμουμένοις
1031 4219 1317 4288 δογμάτων
1365 4221 1628 4290 ἐπαρκεῖν
1670 4223 1850 4294 ὀρρω-

269 4303 473 4358 δοῦσιν.
510 4305 572 4358 Εἰ
599 4305 654 4359 δὲ
693 4307 788 4359 καὶ
823 4307 1124 4378 βιαιότερον
1164 4309 1347 4374 αὐτοῖς
1372 4313 1420 4364 οἱ
1451 4311 1852 4383 προδεδωκότες

270 4395 566 4457 ἐπίθοιντο,
595 4397 735 4464 τάχα
777 4396 842 4464 δὴ
882 4398 976 4450 καὶ⁴
1003 4399 1155 4452 αὐτοὶ
1186 4399 1294 4453 τῶν
1322 4401 1648 4467 τοξευόντων
1689 4407 1846 4476 γενήο

271 4505 476 4552 σονται,
519 4487 614 4541 καὶ
642 4488 750 4542 τῶν
784 4489 1094 4559 δμοπίστων
1117 4491 1178 4544 οὐ
1205 4493 1502 4560 φείσονται,
1535 4496 1672 4550 ἀλλὰ
1703 4498 1847 4552 κατά

271 4581 478 4633 τούτων
506 4581 634 4643 τοὺς
664 4579 945 4652 καλάμους
975 4582 1112 4651 μετὰ
1147 4583 1256 4636 τῶν
1290 4585 1395 4638 ὑπὸ
1429 4588 1579 4655 σφῶν
1609 4605 1849 4660 κατηγο-

277 4671 552 4740 ρουμένων
585 4671 878 4741 ὠθήσουσιο
918 4674 1208 4728 καὶταῦτα
1257 4677 1407 4748 παρά
1449 4679 1548 4750 τῆς
1582 4679 1731 4743 θείας
1766 4681 1851 4734 δε-

272 4761 582 4831 διδαγμένοι
625 4763 664 4816 Γ
669 4765 867 4835 ραφῆς,
897 4764 974 4828 ὡς
1021 4765 1085 4819 τὸ
1129 4767 1229 4836 μὲν
1265 4767 1514 4838 ἀδικῆσαι
1543 4769 1635 4824 τὸν
1677 4771 1847 4837 πέλας

272 4853 546 4924 τιμωρίας
593 4855 914 4923 ὑπεύθυνον,
957 4858 1021 4911 τὸ
1050 4858 1107 4910 δέ
1135 4875 1199 4926 γε
1237 4859 1560 4931 ἀδικηθῆναι
1606 4863 1714 4917 τῶν
1752 4882 1848 4934 με·

277 4945 454 5012 γάλων
499 4948 591 5000 καὶ
633 4948 872 5020 διαρκῶν
927 4950 1250 5003 ἀντιδόσεων
1309 4951 1586 5021 πρόξενον.
1638 4955 1750 5026 Τῆς
1789 4955 1850 5010 δέ

279 5035 378 5106 σῆς
422 5037 751 5102 θεοσεϐείας.
806 5042 902 5094 καὶ
944 5042 1038 5097 τὸν
1071 5044 1211 5113 ὑπὲρ
1251 5042 1351 5112 τῆς
1399 5043 1636 5110 πίστεως
1665 5045 1845 5116 ζῆλον,

278 5126 370 5180 καὶ
402 5126 501 5199 τὴν
523 5130 650 5199 περὶ
668 5131 815 5201 ἡμᾶς
844 5130 1055 5186 εὔνοιαν
1082 5127 1238 5198 οὗτος
1267 5135 1294 5186 6
1323 5135 1529 5189 κλύδων
1550 5137 1843 5202 ἐπέδειξεν.

275 5217 387 5271 Καὶ
415 5219 525 5289 γὰρ
560 5220 641 5284 δὶς
672 5223 806 5292 ἡμῖν
833 5224 1172 5289 ἐπέστειλας,
1203 5225 1311 5279 τῶν
1333 5227 1719 5300 δεδιττομένων
1751 5248 1849 5284 κα-

274 5310 646 5380 ταφρονήσας,
698 5312 792 5366 καὶ
843 5312 940 5383 τὴν
995 5313 1289 5386 ἀδελφικὴν
1336 5319 1718 5392 φιλοστοργίαν
1759 5321 1846 5375 διά

275 5397 386 5452 τῶν
438 5402 786 5471 γραμμάτων
829 5404 1124 5474 ἐδήλωσας,
1177 5408 1272 5460 καὶ
1305 5409 1398 5474 οὓς
1443 5412 1588 5482 ἔχεις
1631 5412 1846 5481 ἀγῶνας

343 5553 391 5588 ⁴³
417 5555 582 5610 Josue
612 5573 648 5621 ι,
673 5557 726 5611 5.

347 5687 458 5757 (9‘!)
508 5689 730 5758 Μάγνῳ,

811 5691 1073 5761 Ἀντωνίῳ
1104 5732 1114 5748 ,
1174 5695 1434 5762 πρεσϐντέ
1446 5713 1555 5758 ρεις

1941 2638 2048 2696 tor,
2081 2637 2138 2682 et
2170 2642 2282 2682 non
2309 2627 2514 2681 timebo
2541 2625 2674 2696 quid
2698 2626 2864 2680 faciat
2885 2624 3022 2678 mihi
3048 2624 3213 2680 homo
3233 2622 3300 2677 ".
3331 2642 3350 2674 ι

2295 2840 2510 2896 CXXX.
2529 2871 2602 2882 —
2629 2841 2892 2895 Timotheo
2929 2841 3184 2911 episcopo.

2011 2952 2133 3007 Non
2184 2952 2283 3006 abs
2327 2967 2388 3006 re
2423 2951 2680 3006 videlicet
2707 2949 3040 3004 adversariis
3084 2949 3372 3020 spiritibus
3396 2964 3524 3018 per-

1943 3044 2114 3098 mittit
2152 3043 2399 3099 omnium
2447 3044 2650 3099 Rector
2687 3051 2751 3098 ut
2795 3040 3094 3111 impietatis
3135 3041 3336 3097 fluctus
3398 3056 3530 3096 con-

1945 3133 2234 3198 citent,sed
2261 3148 2329 3188 eo
2359 3132 2486 3198 fine,
2530 3141 2592 3187 ut
2635 3132 3008 3203 navigantium
3065 3131 3279 3186 animos
3331 3131 3524 3201 explo-

1946 3234 2074 3288 ret,
2128 3233 2294 3293 atque
2363 3224 2596 3278 aliorum
2650 3223 3030 3279 fortitudinem
3087 3231 3335 3294 retegat,
3386 3221 3527 3277 alio-

1946 3330 2068 3370 rum
2134 3313 2484 3368 timiditatem
2548 3321 2841 3382 coarguat;
2901 3321 2958 3367 et
3021 3313 3090 3368 iis
3145 3314 3367 3382 quidem
3427 3313 3522 3383 qui

1946 3415 2228 3462 externam
2259 3412 2469 3459 tantum
2495 3404 2715 3474 pietatis
2737 3405 2976 3474 speciem
2995 3403 3200 3457 habent
3229 3419 3522 3474 personam

1947 3497 2174 3561 adimat,
2199 3497 2456 3552 veritatis
2491 3504 2676 3550 autem
2715 3495 3036 3550 defensores
3065 3509 3190 3547 cum
3223 3493 3385 3550 laude
3431 3508 3523 3546 re-

1947 3590 2190 3644 nuntiet.
2236 3589 2352 3643 Hoc
2408 3602 2558 3641 nunc
2620 3586 2787 3640 etiam
2853 3584 3056 3639 factum
3123 3583 3522 3652 perspeximus.

1949 3684 2151 3739 Exorta
2181 3682 2330 3737 enim
2354 3687 2679 3751 tempestate
2711 3678 2804 3733 alii
2834 3678 3163 3732 occultatam
3189 3675 3524 3744 impietatem

1949 3772 2348 3846 patefecerunt,
2404 3771 2498 3826 alii
2541 3785 2705 3840 quam
2745 3768 3006 3826 tenebant
3033 3766 3321 3822 veritatem
3364 3765 3526 3820 dese-

1949 3871 2203 3928 ruerunt,
2229 3862 2297 3917 ad
2332 3861 2688 3930 hostiumque
2710 3867 2898 3930 partes
2937 3856 3294 3921 transierunt,
3320 3863 3377 3910 et
3401 3869 3524 3909 cum

1950 3956 2059 4011 illis
2091 3969 2189 4010 eos
2217 3953 2427 4008 feriunt
2449 3965 2592 4021 quos
2611 3948 2847 4003 maxime
2874 3955 3130 4002 strenuos
3155 3944 3522 4016 appellabant.

1949 4047 2054 4114 Qui
2084 4061 2218 4101 vero
2266 4045 2385 4100 bare
2424 4043 2734 4106 intuentur,
2781 4041 2968 4095 hostes
3004 4037 3227 4109 quidem
3266 4036 3525 4101 oderunt,

1951 4138 2374 4207 desertoresque
2411 4136 2624 4206 lugent,
2667 4132 2763 4189 sed
2805 4130 3019 4203 1215
3049 4131 3116 4186 iis
3142 4130 3236 4202 qui
3263 4130 3527 4201 apostoli-

1951 4244 2144 4285 eorum
2191 4229 2506 4300 dogmatum
2554 4240 2720 4281 causa
2765 4233 3154 4294 oppugnantur
3187 4239 3347 4294 opem
3382 4222 3526 4276 ferre

1950 4322 2362 4392 pertimescunt.
2379 4318 2534 4384 Quod
2549 4318 2595 4373 si
2620 4317 2804 4372 acrius
2823 4316 2948 4370 illos
2962 4324 3191 4386 urgeant
3212 4314 3526 4382 transfugae,

1883 4443 1927 4497 υ
1951 4411 2183 4465 fortasse
2209 4419 2267 4466 et
2287 4410 2392 4479 ipsi
2418 4409 2486 4463 ad
2519 4408 2883 4479 iaculantium
2908 4421 3197 4461 numerum
3238 4405 3525 4468 accedent,

1953 4501 2191 4570 fideique
2233 4501 2582 4557 consortibus
2625 4517 2737 4557 non
2775 4508 3027 4571 parcent,
3074 4497 3170 4553 sed
3213 4496 3438 4567 sagittas
3471 4495 3528 4550 in

1954 4594 2078 4648 illos
2100 4607 2224 4647 cum
2264 4593 2334 4646 iis
2375 4593 2596 4649 mittent
2620 4607 2761 4663 quos
2786 4591 3007 4662 ipsimet
3035 4597 3293 4644 accusant
3318 4604 3332 4640 :
3362 4586 3528 4656 idque

1952 4699 2080 4740 cum
2135 4699 2202 4738 ex
2233 4683 2418 4738 divina
2461 4683 2744 4754 Scriptura
2777 4683 3107 4747 didicerint,
3132 4687 3189 4734 et
3220 4694 3398 4750 poena:
3417 4678 3523 4733 ob-

1951 4777 2176 4832 noxiam
2207 4791 2329 4831 esse
2371 4775 2627 4846 iniuriam
2676 4775 2735 4828 in
2779 4773 3112 4844 proximum,
3145 4779 3204 4826 et
3250 4783 3442 4841 magna
3464 4781 3530 4822 ac

1954 4867 2173 4924 stabilia
2207 4867 2430 4937 praemia
2464 4865 2706 4921 ferendis
2731 4865 2952 4935 injuriis
2996 4860 3323 4932 comparari.
3350 4859 3529 4914 Pieta-

1956 4963 2025 5017 tis
2046 4963 2065 4984 ‘
2086 4976 2252 5032 porro
2279 4969 2386 5014 tua:
2413 4966 2471 5014 et
2501 4958 2678 5014 zelum
2705 4971 2806 5028 pro
2844 4956 2972 5021 ﬁde,
3007 4964 3065 5010 et
3089 4951 3526 5009 benevolentiam

1952 5068 2081 5123 erga
2111 5068 2212 5108 nos
2234 5051 2476 5122 procella
2505 5051 2608 5107 ista
2629 5048 3049 5106 demonstravit.
3089 5046 3227 5102 Nam
3257 5054 3315 5100 et
3345 5044 3434 5099 bis
3457 5043 3526 5097 ad

1949 5161 2052 5200 nos
2074 5143 2368 5215 scripsisti,
2395 5158 2494 5199 eos
2524 5155 2793 5213 spernens
2820 5139 2916 5210 qui
2941 5137 3316 5200 deterrebant,
3338 5143 3394 5191 et
3417 5134 3528 5190 fra-

1949 5243 2169 5289 ternum
2196 5246 2442 5288 amorem
2480 5248 2582 5303 per
2617 5230 2833 5286 litteras
2875 5227 3188 5292 ostendisti,
3228 5233 3286 5282 et
3324 5237 3526 5296 agones

1949 5324 2205 5380 indicasti
2235 5339 2375 5394 quos
2408 5339 2512 5393 pro
2556 5321 2872 5392 apostolicis
2903 5318 3252 5390 dogmatibus
3283 5315 3524 5372 sustine-

1950 5416 2067 5472 bas.
2104 5413 2372 5469 Mandasti
2414 5412 2562 5468 enim
2611 5419 2674 5466 ut
2719 5408 3108 5474 scriberemus,
3155 5419 3403 5478 quaenam
3455 5402 3526 5458 de

803 5556 849 5587 “
872 5554 1061 5610 Matth.
1099 5575 1278 5623 χχι-ιιι,
1308 5561 1394 5615 20.
1473 5564 1516 5596 ⁸⁸
1553 5565 1696 5619 Psal.
1730 5581 1891 5630 cxvn,
1928 5564 1981 5618 δ.

1585 5739 1596 5761 ,
1648 5700 1841 5768 ἀρχιμ.
1885 5700 2052 5768 Neap.
2091 5699 2171 5753 Ad
2196 5699 2389 5778 plures
2421 5700 2639 5768 quidem
2663 5697 2889 5768 epistola
2909 5695 3116 5767 scripta
3139 5696 3369 5754 videtur.
