3962 6204
452 251 586 313 1343

1451 259 1935 318 THEODORETI
1978 261 2314 322 EPISCOPI
2345 261 2707 323 CYBENSIS

3570 258 3720 325 1344

450 356 674 411 salutari
724 359 977 426 passione
1029 361 1324 428 [medicare
1378 363 1463 417 vel
1509 365 1711 418 sentire
1747 374 2018 434 oporteat.

2134 368 2259 438 ὅπὲρ
2296 368 2403 421 τῶν
2437 368 2808 422 άποστολικῶν
2839 368 3124 436 δογμάτων
3155 369 3457 439 ὲμήνυσας.
3487 370 3714 441 Γράψαι

448 448 562 518 Ego
584 463 712 500 vero
744 448 994 516 petitioni
1032 459 1137 503 tum
1175 450 1409 505 libenter
1441 452 1756 518 obsecutus,
1800 471 1864 509 ea
1897 472 2018 524 qua:

449 555 478 592 a
509 555 660 593 sacra
692 539 973 608 Scriptura
1004 550 1059 596 et
1091 559 1120 596 a
1158 544 1409 599 Patribus
1442 547 1535 614 qui
1564 546 1705 600 hanc
1743 563 2016 616 exposue-

449 638 576 683 runt
620 630 914 694 condidici,
965 642 1219 702 prompto
1263 635 1447 690 animo
1499 637 1751 703 referam,
1795 654 1906 693 non
1955 646 2020 694 ut

450 721 696 783 doceam,
734 720 829 774 sed
865 729 926 775 ut
959 723 1126 778 charo
1172 725 1284 779 Deo
1315 725 1480 795 capiti
1531 742 1782 782 revocem
1815 729 1871 782 in
1900 744 2017 784 me-

448 828 696 865 II'IOI‘HIIII.

523 995 673 1050 Scito
703 996 889 1066 igitur,
929 999 1041 1053 Deo
1069 999 1444 1067 dilectissime,
1470 1011 1724 1072 oportere
1759 1012 1885 1059 ante
1911 1005 2017 1059 alia

450 1088 631 1141 omnia
667 1090 951 1144 nominum
983 1091 1349 1147 dill‘erentiam
1381 1103 1860 1163 cognoscere,tum
1883 1111 2018 1164 prte-

451 1184 600 1232 terea
651 1195 872 1234 causam
915 1182 1113 1237 divinae
1138 1185 1551 1239 incarnationis.
1607 1184 1702 1240 His
1736 1187 1882 1240 enim
1927 1186 2015 1240 di-

449 1267 668 1322 stinctis
711 1279 873 1338 atque
907 1273 1201 1342 perceptis,
1255 1275 1404 1328 nulla
1452 1276 1518 1329 de
1557 1276 1809 1344 passione
1841 1277 2016 1331 ambi-

450 1359 630 1427 guitas
667 1362 1028 1430 relinquetur.
1059 1363 1168 1418 Eos
1196 1380 1326 1435 ergo
1357 1365 1450 1434 qui
1481 1367 1856 1421 contradicere
1899 1377 2017 1421 stu-

451 1449 584 1501 dent
639 1451 1036 1519 interrogemus
1091 1455 1283 1523 prius,
1333 1472 1581 1525 quaenam
1644 1457 2018 1513 incarnatione

453 1540 759 1608 antiquiora
791 1543 1057 1612 unigeniti
1087 1544 1210 1598 Filii
1245 1545 1340 1600 Dei
1368 1548 1478 1600 sint
1503 1548 1743 1607 nomina,
1767 1563 2017 1617 quaenam

454 1633 800 1696 recentiora,
850 1634 936 1685 vel
998 1650 1121 1687 cum
1188 1634 1305 1704 ipso
1360 1637 1541 1706 potius
1595 1637 2017 1706 dispensationis

455 1738 621 1788 opere
667 1725 976 1793 conjuncta.
1015 1725 1206 1778 Dicent
1247 1727 1325 1779 illi
1368 1743 1632 1796 prorsus,
1684 1728 1830 1797 quod
1879 1728 2020 1781 Deus

463 1813 697 1877 Verbum,
731 1822 785 1867 et
816 1817 1112 1885 unigenilns
1140 1815 1324 1882 Filius,
1351 1826 1405 1872 et
1438 1818 1806 1888 Omnipotens,
1838 1828 1891 1873 et
1915 1819 2022 1873 Do-

457 1905 626 1956 minus
678 1905 932 1957 imiversw
971 1915 1230 1959 creatura:
1278 1906 1488 1975 1215
1530 1907 1844 1976 antiquiora
1887 1908 2017 1962 sint.

456 1993 610 2046 Jcsns
648 2010 777 2048 vero
821 1993 1087 2058 Christus,
1135 1995 1528 2051 incarnationis
1572 1999 1811 2067 propria.
1850 1999 2023 2052 Ilomo

456 2087 602 2138 enim
647 2085 821 2138 factus
852 2086 994 2139 Deus
1029 2086 1289 2152 Verbum,
1347 2087 1661 2157 unigenitus
1701 2089 1870 2142 Filius
1901 2089 2020 2153 Dei,

454 2178 614 2231 Jcsus
634 2176 885 2231 Christus
913 2178 1225 2232 nominatus
1256 2188 1340 2234 est
1368 2196 1381 2232 :
1416 2198 1433 2230 ι
1455 2180 1614 2245 Ecce,
1641 2179 1839 2248 inquit,
1863 2187 2025 2233 natus

455 2279 540 2323 est
575 2269 730 2323 vobis
760 2269 923 2323 hodie
958 2269 1210 2323 Christus
1240 2269 1505 2324 Dominus
1536 2269 1601 2323 ⁸⁸.
1644 2290 1661 2320 ι
1709 2269 1844 2336 Quia
1868 2285 2024 2322 nam-

463 2377 569 2428 que
595 2359 785 2413 christi
809 2360 973 2413 etiam
1000 2359 1090 2413 alii
1124 2359 1379 2428 appellati
1402 2359 1645 2423 fuerunt,
1681 2369 1738 2413 et
1767 2358 2024 2412 sacerdo-

461 2462 560 2514 tes,
609 2461 664 2506 et
709 2460 963 2522 reges,et
1000 2452 1303 2521 prephetze,
1340 2468 1408 2506 ne
1443 2452 1566 2522 quis
1612 2467 1737 2505 eum
1791 2450 2025 2505 similem

461 2544 567 2595 illis
609 2539 965 2604 existimaret,
1025 2544 1424 2612 conjunxcrunt
1466 2542 1643 2612 angeli
1674 2558 1797 2595 cum
1823 2541 2024 2596 Christi

461 2633 725 2687 vocabulo
752 2649 949 2687 nomen
979 2634 1212 2699 Domini,
1258 2634 1674 2688 dominatricem
1703 2633 1816 2686 nati
1846 2633 2026 2702 digni-

461 2733 626 2776 tatem
687 2723 1012 2777 indicantes.
1051 2724 1118 2777 Et
1148 2724 1296 2778 omni
1332 2723 1492 2778 laude
1527 2722 1886 2794 pradicandze
1911 2724 2031 2778 Vir-

459 2815 572 2885 gini
598 2815 819 2870 Gabriel
863 2816 1098 2870 iterum:
1135 2836 1152 2867 ι
1187 2816 1327 2872 Ecce
1363 2818 1644 2887 concipies
1679 2817 1732 2870 in
1768 2826 1946 2881 utero,
1973 2823 2030 2871 et

460 2909 641 2978 paries
667 2908 862 2975 lilium,
899 2916 954 2964 et
991 2909 1213 2964 vocabis
1245 2925 1444 2963 nomen
1493 2910 1612 2978 ejus
1643 2909 1852 2972 Jesum,
1885 2922 2027 2975 quo-

461 3002 609 3055 niam
644 3002 760 3070 ipse
793 3002 1001 3054 salvum
1047 3000 1206 3052 faciet
1232 2998 1492 3066 populum
1539 3012 1699 3050 suum
1733 3013 1762 3049 a
1791 2998 2029 3065 peccatis

461 3104 653 3142 eorum
679 3088 746 3141 ‘7.
781 3107 800 3139 ›
837 3089 978 3141 Ante
1030 3088 1463 3140 incarnationem
1492 3102 1626 3140 vero
1666 3102 1844 3156 neque
1872 3087 2030 3142 Chri-

463 3191 601 3243 stus,
622 3194 798 3247 neque
829 3178 989 3232 Jesus
1014 3177 1334 3231 vocabatur.
1362 3177 1540 3231 Divini
1563 3179 1711 3232 enim
1753 3180 2031 3248 prophetae

463 3285 586 3336 qua:
632 3267 818 3323 futura
869 3278 1027 3322 erant
1073 3269 1436 3324 vaticinantes
1484 3270 1715 3324 vocibus
1747 3271 1831 3324 usi
1879 3279 2027 3338 sunt,

464 3361 925 3432 quemadmodum
952 3372 1008 3415 et
1034 3362 1102 3416 de
1130 3362 1435 3429 nativitate,
1468 3371 1524 3418 et
1552 3363 1621 3419 de
1649 3380 1832 3430 cruce,
1865 3374 1922 3420 et
1963 3366 2031 3420 de

465 3453 737 3522 passione,
777 3468 900 3508 cum
927 3469 1015 3508 res
1063 3452 1220 3507 facta
1257 3454 1501 3508 nondum
1532 3463 1736 3521 essent,
1771 3457 2036 3525 praedixe-

466 3551 613 3598 runt.
642 3545 964 3613 Appellatur
996 3551 1176 3598 tamen
1216 3544 1383 3598 etiam
1420 3553 1545 3614 post
1597 3547 2032 3602 incarnationem

465 3643 522 3687 et
553 3633 700 3687 Deus
727 3633 990 3697 Verbum,
1033 3642 1089 3687 et
1147 3633 1435 3701 Dominus,
1484 3641 1543 3688 et
1567 3633 1950 3706 Omnipotens,
1977 3645 2034 3692 et

466 3725 781 3795 unigenitus
829 3725 1020 3789 Filius,
1075 3734 1131 3780 et
1163 3724 1377 3790 Factor,
1435 3735 1492 3780 et
1543 3725 1789 3781 Creator.
1845 3728 2032 3797 Neque

465 3817 613 3871 enim
648 3825 890 3870 mutatus
934 3815 1111 3870 factus
1143 3823 1228 3870 est
1259 3816 1447 3879 homo,
1485 3816 1579 3871 sed
1611 3832 1837 3873 manens
1886 3819 2032 3888 Quod

466 3912 585 3958 erat
615 3904 908 3974 assumpsit
933 3905 1078 3974 quod
1111 3920 1321 3960 sumus.
1349 3914 1366 3928 '
1396 3905 1553 3970 Nam,
1577 3927 1594 3957 ι
1619 3923 1743 3961 cum
1771 3908 1827 3962 in
1857 3897 2063 3964 forma-

465 3995 563 4050 Dei
587 4005 754 4058 esset,
795 4004 856 4048 ut
895 3997 974 4049 ait
1023 3995 1244 4052 divinus
1280 3996 1594 4067 Apostolus,
1629 4000 1861 4056 formam
1887 4003 2033 4057 servi

469 4087 682 4156 accepit
730 4086 800 4142 “.
878 4108 897 4139 ι
957 4088 1251 4158 Propterea
1307 4099 1431 4159 post
1486 4091 1919 4148 incarnationem
1968 4095 2036 4148 iis

467 4181 634 4234 etiam
677 4179 884 4249 quibus
917 4189 1044 4237 ante
1091 4183 1529 4237 incarnationem
1575 4184 2038 4253 appellationibus

469 4282 840 4343 nuncupatur,
888 4273 1018 4344 quia
1067 4274 1444 4328 invariabilem
1484 4275 1650 4330 habet
1690 4285 1938 4331 naturam
1981 4287 2038 4332 et

2125 458 2232 529 γάρ
2278 461 2422 529 ἡμᾶς
2467 461 2780 522 ἐπέστειλας
2810 459 2953 529 άπερ
2983 460 3088 530 χρὴ
3127 466 3254 531 περὶ
3293 462 3390 514 τοῦ
3428 464 3713 531 σωτηρίου

2125 551 2329 613 πάθους
2383 552 2477 604 καὶ
2531 553 2746 620 φρονεῖν
2804 552 2899 603 καὶ
2949 551 3259 620 κηρύττειν.
3306 552 3447 620 Ἐγὼ
3493 554 3556 606 δὲ
3606 558 3714 623 τὴν

2124 642 2339 709 αἴτησιν
2368 640 2666 703 ἀσπαστῶς
2700 640 2985 710 ἐδεξάμην,
3021 643 3116 694 καὶ
3147 642 3182 694 ά
3229 644 3378 713 παρὰ
3413 644 3519 712 τῆς
3555 644 3716 706 θείας

2124 731 2406 801 ἐδιδάχθην
2428 732 2670 802 Γραφῆς,
2702 733 2796 784 καὶ
2819 733 2970 803 παρὰ
2992 733 3101 785 τῶν
3129 734 3332 804 ταύτην
3360 736 3715 805 ὲρμηνευκόο

2123 837 2230 872 των
2260 821 2537 890 Πατέρων,
2578 820 2876 892 προθύμως
2919 821 3049 888 ἐρῶ,
3083 822 3181 892 οὐχ
3211 822 3298 874 ἵνα
3323 821 3542 888 διδάξω,
3593 820 3714 874 ἀλλ’

2126 910 2214 964 ἵνα
2252 910 2350 980 τὴν
2388 910 2466 980 τῷ
2491 911 2610 981 Θεῷ
2636 911 2796 980 φίλην
2829 911 3129 981 ὑπομνήσω
3162 911 3423 979 κεφαλήν.

2199 1001 2337 1054 ’Ὶσθι
2364 1003 2560 1066 τοίνυν,
2583 1002 2981 1070 θεοφιλέστατε,
3016 1002 3091 1064 ὡς
3122 1003 3227 1072 χρὴ
3257 1003 3363 1072 πρὸ
3385 1001 3496 1055 τῶν
3529 1001 3719 1056 ἄλλων

2125 1095 2380 1149 ἁπάντων
2417 1095 2615 1148 εἰδέναι
2649 1095 2746 1163 τὴν
2786 1094 2894 1147 τῶν
2935 1095 3218 1162 ὀνομάτων
3269 1094 3569 1163 διαφοράν,
3621 1097 3716 1145 καὶ

2123 1188 2259 1258 πρὸς
2287 1187 2463 1257 τούτῳ
2512 1188 2611 1256 τῆς
2650 1186 2799 1248 θείας
2843 1186 3305 1257 ὲνανθρωπήσεως
3348 1187 3447 1253 τὴν
3493 1185 3710 1238 αἰτίαν.

2123 1277 2341 1330 Τούτων
2373 1277 2482 1348 γάρ
2511 1275 2778 1345 εύκρινῶν
2808 1277 3117 1345 γενομένων
3139 1315 3153 1337 ,
3191 1275 3415 1343 οὐδεμία
3446 1292 3514 1326 πε
3524 1274 3588 1344 ρὶ
3620 1270 3714 1325 τοῦ

2125 1368 2329 1430 πάθους
2378 1366 2675 1436 ἀμφιϐολία
2727 1365 3236 1435 καταλειφθήσεται.
3296 1364 3507 1416 Οὐκοῦν
3585 1365 3716 1424 τοὺς

2123 1457 2423 1525 ἀντιλέγειν
2459 1453 2830 1525 πειρωμένους
2864 1455 3210 1525 ὲρωτήσομεν
3245 1454 3536 1522 πρότερον.
3587 1452 3721 1503 τίνει

2128 1549 2225 1618 μὲν
2251 1548 2351 1616 τῆς
2393 1546 2855 1616 ὲνανθρωπήσεως
2901 1544 3245 1614 πρεσϐύτερα
3270 1544 3377 1597 τῶν
3417 1543 3720 1613 ὀνομάτων

2124 1637 2217 1690 τοῦ
2253 1635 2568 1707 μονογενοῦς
2611 1635 2741 1687 Υἰοῦ
2769 1633 2860 1687 τοῦ
2898 1633 3058 1696 Θεοῦ,
3089 1634 3206 1686 τίνα
3239 1634 3294 1686 δὲ
3325 1629 3388 1685 αὖ
3430 1633 3717 1699 νεώτερα,

2054 1703 2097 1756 Β
2126 1722 2322 1800 μᾶλλον
2361 1729 2415 1780 δὲ
2449 1728 2526 1796 τῷ
2573 1726 2672 1796 τῆς
2721 1723 3040 1793 οἰκονομίας
3087 1723 3232 1794 ἔργῳ
3268 1721 3716 1790 συνεζευγμένα.

2135 1824 2190 1875 Ἐ
2198 1822 2291 1891 ροῦ
2300 1837 2349 1873 σι
2367 1820 2423 1871 δὲ
2441 1821 2679 1880 πάντως,
2696 1816 2771 1879 ὡς
2787 1815 2845 1868 τὸ
2863 1815 3007 1880 Θεὸς
3028 1816 3235 1882 Λόγος,
3251 1813 3342 1866 καὶ
3363 1812 3720 1880 μονογενὴς

2123 1912 2276 1976 Υἱὸς,
2317 1910 2410 1963 καὶ
2442 1907 2892 1975 Παντοκράτωρ,
2927 1908 3023 1958 καὶ
3050 1905 3265 1970 Κύριος
3292 1903 3402 1971 τῆς
3446 1904 3720 1966 κτίσεως

2122 2003 2388 2068 ἁπάσης,
2418 2002 2533 2054 ἐστὶ
2563 1998 2936 2070 πρεσϐύτερα·
2962 1997 3024 2050 τὸ
3045 1997 3100 2050 δὲ
3137 1995 3376 2063 Ἰησοῦς
3407 1995 3713 2060 Χριστὸς,

2123 2093 2221 2162 τῆς
2245 2092 2400 2146 ὲνανθ
2413 2091 2716 2162 ρωπήσεως
2739 2088 2866 2141 ἴδια.
2903 2086 3357 2158 Ἐνανθρωπήσας
3383 2083 3492 2154 γὰρ
3509 2085 3542 2134 ὁ
3574 2083 3718 2143 Θεῂς

2125 2185 2316 2252 Λόγος,
2348 2183 2375 2234 ὁ
2415 2179 2706 2252 μονογενὴς
2738 2179 2867 2242 Υἱὸς
2905 2176 2997 2232 τοῦ
3037 2176 3194 2239 Θεοῦ,
3237 2176 3441 2247 Ἰησοῦς
3465 2173 3717 2244 Χριστὸς

2125 2274 2442 2344 ὠνομάσθη*
2477 2292 2494 2324 ι
2535 2272 2667 2324 Ὶδοὺ
2697 2269 2839 2341 γὰρ,
2867 2270 3030 2338 φησὶ,
3063 2270 3304 2321 τίκτεται
3341 2267 3472 2336 ὑμῖν
3523 2268 3716 2334 σήμεο

2129 2385 2220 2438 ρον
2246 2363 2478 2436 Χριστὸς
2509 2361 2730 2430 Κύριος.
2775 2379 2793 2411 ι
2835 2358 3051 2429 Ἐπειδὴ
3075 2358 3182 2428 γὰρ
3204 2359 3410 2429 χριστοὶ
3441 2359 3534 2409 καὶ
3555 2355 3715 2408 ἄλλοι

2127 2453 2666 2527 προσηγορεύθησαν,
2694 2452 2790 2505 καὶ
2823 2454 3008 2523 ἱερεῖς,
3035 2452 3128 2503 καὶ
3156 2449 3408 2519 βασιλεῖς,
3442 2448 3540 2501 καὶ
3568 2466 3713 2518 προ⁹

2128 2550 2316 2619 φῆται,
2351 2547 2437 2599 ἵνα
2477 2546 2549 2614 μή
2593 2562 2676 2606 τις
2731 2545 2890 2596 αὑτὸν
2942 2541 3200 2595 ὑπολάϐοι
3243 2540 3472 2601 ἐκείνοις
3525 2555 3712 2608 προσ-

2128 2641 2332 2708 όμοιον,
2369 2634 2692 2699 συνέζευξαν
2729 2635 2777 2686 οἱ
2813 2633 3032 2700 ἄγγελοι
3083 2631 3144 2683 τὸ
3181 2631 3393 2698 Κύριος
3423 2629 3604 2698 ὄνομα
3631 2628 3716 2696 τῷ

2129 2729 2370 2801 Χριστῷ,
2398 2728 2458 2780 τὸ
2497 2726 2821 2779 Δεσποτικὸν
2856 2724 3070 2793 ἀξίωμα
3106 2722 3197 2776 τοῦ
3228 2721 3551 2791 τικτομένου
3589 2721 3704 2773 85:-

2130 2825 2374 2885 κνύντες.
2409 2821 2517 2874 Καὶ
2553 2822 2617 2889 τῇ
2666 2818 3008 2886 πανευφήμῳ
3051 2815 3106 2868 δὲ
3158 2814 3418 2885 Παρθένῳ
3464 2813 3638 2865 πάλιν
3681 2814 3715 2864 ὁ

2129 2913 2386 2985 Γαϐριήλο
2425 2931 2443 2963 ι
2498 2911 2626 2964 Ἰδοὺ
2663 2911 2724 2962 σὺ
2759 2909 2815 2960 ὲν
2843 2908 3039 2977 γαστρὶ
3063 2907 3224 2972 ἔξεις,
3258 2905 3352 2957 καὶ
3389 2904 3520 2975 τέξῃ
3562 2903 3709 2981 υἱὸν,

2133 3006 2228 3058 καὶ
2258 3004 2508 3064 καλέσεις
2529 3003 2589 3053 τὸ
2615 3002 2786 3070 ὄνομα
2821 2998 2986 3052 αὑτοῦ
3031 2998 3256 3066 Ἰησοῦν,
3288 2997 3366 3048 ὅτι
3392 2995 3556 3055 αὐτὸς
3593 2992 3709 3044 σιῦ⁹

2134 3117 2215 3152 σει
2249 3097 2340 3150 τὸν
2367 3095 2494 3148 λαὸν
2515 3092 2675 3147 αὑτοῦ
2711 3093 2820 3145 ἀπὸ
2847 3090 2950 3144 τῶν
2973 3088 3257 3160 ἁμαρτιῶν
3289 3085 3484 3141 αὐτῶν.
3530 3105 3550 3137 ι
3583 3084 3709 3155 ῐῐρδ

2132 3191 2189 3242 δέ
2231 3205 2293 3256 γε
2323 3187 2423 3256 τῆς
2451 3184 2930 3254 ὲνανθρωπήσεως,
2967 3179 3089 3232 οὔτε
3133 3177 3382 3248 Χριστὸς,
3416 3174 3540 3229 οὗτε
3601 3174 3712 3243 Ἰη-

2135 3278 2261 3340 σοῦς
2299 3274 2630 3344 ὠνομάζετο.
2665 3272 2773 3325 Καὶ
2801 3270 2909 3341 γάρ
2941 3270 2989 3321 οἱ
3023 3268 3156 3320 θεῖοι
3188 3265 3455 3336 προφῆται
3476 3263 3543 3315 τά
3579 3261 3711 3312 ἐσό-

2135 3385 2271 3439 μενα
2301 3364 2752 3437 προθεσπίζοντες
2786 3363 3084 3432 ἐχρήσαντο
3110 3360 3230 3420 ταῖς
3257 3359 3474 3425 φωναῖς,
3504 3353 3714 3422 ὥσπερ

2132 3459 2226 3512 καὶ
2271 3456 2341 3511 τά
2378 3455 2630 3526 περὶτῆς
2655 3454 2978 3522 γεννήσεως,
3028 3450 3120 3503 καὶ
3161 3446 3255 3500 τοῦ
3301 3443 3548 3514 σταυροῦ,
3605 3444 3717 3496 καὶ

2131 3549 2223 3602 τοῦ
2260 3547 2463 3609 πάθους
2492 3544 2918 3616 προηγόρευσοιν,
2960 3540 3180 3611 μηδέπω
3221 3539 3330 3591 τῶν
3360 3535 3716 3606 πραγμάτων

2132 3639 2534 3710 γεγενημένων.
2579 3636 2838 3689 Καλεῖται
2867 3633 2923 3687 δὲ
2953 3635 3100 3703 ὅμως
3125 3632 3219 3684 καὶ
3260 3629 3394 3700 μετὰ
3421 3629 3519 3699 τὴν
3547 3630 3717 3681 ὲνανο

2134 3731 2414 3802 θρώπησιν
2446 3729 2540 3782 καὶ
2565 3727 2694 3789 Θεὸς
2725 3727 2914 3793 Λόγος,
2949 3726 3044 3778 καὶ
3080 3722 3302 3793 Κύριος,
3356 3722 3450 3774 καὶ
3496 3721 3716 3772 Παντοο

2134 3824 2373 3895 κράτωρ,
2413 3820 2506 3875 καὶ
2543 3817 2832 3891 μονογενὴς
2865 3816 3009 3880 Υἱὸς,
3056 3816 3148 3868 καὶ
3177 3813 3432 3883 Ποιητὴς,
3467 3811 3570 3864 καὶ
3606 3813 3716 3880 Δη-

2139 3912 2416 3985 μιουργός.
2461 3912 2533 3963 Οὐ
2563 3909 2671 3980 γάρ
2703 3907 2932 3977 τραπεὶς
2976 3905 3199 3973 γέγονεν
3234 3904 3539 3971 ἄνθρωπος,
3576 3900 3720 3953 ἀλλὰ

2138 4005 2312 4075 μένων
2339 4004 2475 4072 ὅπερ
2498 3997 2565 4072 ἦν
2595 4000 2784 4053 έλαΰεν
2809 3999 2946 4068 ὅπερ
2972 3997 3159 4065 ἐσμέν.
3199 4014 3216 4046 ι
3263 3995 3348 4047 Ἐν
3385 3996 3568 4064 μορφῇ
3605 3992 3719 4063 γάρ

2134 4095 2268 4148 Θεοῦ
2321 4093 2602 4163 ὑπάρχων,
2653 4090 2790 4143 κατὰ
2833 4089 2922 4140 τὸν
2961 4087 3102 4140 θεῖον
3161 4084 3498 4149 ’Λπόστολον,
3549 4083 3718 4136 ἔλαϐε

2134 4186 2233 4257 τὴν
2262 4185 2356 4238 τοῦ
2394 4183 2577 4237 δούλου
2612 4182 2842 4252 μορφήν.
2884 4199 2902 4231 ι
2928 4179 3129 4232 Τούτου
3155 4177 3218 4248 δὴ
3242 4177 3420 4247 χάριν,
3447 4175 3543 4227 καὶ
3575 4176 3721 4245 μετὰ

2136 4277 2232 4347 τὴν
2263 4273 2691 4343 ἐνανθρώπησιν,
2726 4270 2822 4323 καὶ
2857 4272 2976 4329 ταῖς
2999 4267 3103 4339 πρὸ
3123 4267 3222 4336 τῆς
3237 4264 3721 4335 ὲνανθρωπὴσεως

470 4365 886 4420 immutabilem.
932 4365 1248 4420 Passionem
1295 4366 1520 4435 quidem
1559 4383 1827 4421 enarrans
1857 4367 2028 4422 divina

2141 4367 2464 4438 ὀνομάζεται
2517 4363 2770 4434 κλήσεσιν
2795 4404 2808 4427 ,
2861 4360 3160 4430 ἐπειδήπερ
3204 4356 3563 4411 ἀναλλοίωτον
3602 4354 3723 4423 ἔχει

469 4458 753 4528 Scriptura
787 4458 883 4510 Dei
907 4473 1109 4512 nomen
1157 4473 1428 4526 nusquam
1468 4459 1740 4527 apposuit,
1778 4461 2036 4528 quoniam

470 4550 737 4619 simplicis
760 4550 972 4604 naturae
1003 4564 1206 4604 nomen
1236 4557 1338 4603 est.
1371 4549 1543 4604 Nemo
1579 4550 1749 4614 enim,
1777 4566 1900 4605 cum
1943 4568 2042 4606 au-

470 4643 679 4698 dierit:
740 4661 758 4694 ι
817 4643 875 4696 in
918 4641 1192 4712 principio
1255 4651 1372 4696 erat
1399 4643 1660 4704 Verbum,
1693 4652 1748 4696 et
1800 4645 2037 4698 Verbum

468 4744 589 4788 erat
619 4733 763 4802 apud
783 4734 1049 4795 Deum,ct
1085 4733 1227 4787 Deus
1266 4741 1387 4787 erat
1420 4733 1656 4788 Verbum
1691 4735 1758 4797 ⁸³,
1786 4753 1803 4783 ι
1835 4745 1890 4788 et
1917 4750 2039 4802 quae

475 4827 689 4896 1216
729 4825 1046 4897 huiusmodi
1086 4832 1216 4879 sunt
1265 4825 1394 4889 alia,
1422 4841 1643 4879 carnem
1678 4825 1880 4878 dixerit
1912 4835 2039 4878 ante

471 4917 670 4970 saecula
714 4917 905 4981 fuisse,
933 4925 1028 4971 aut
1059 4916 1583 4971 consubstantialem
1627 4931 1748 4970 esse
1781 4917 1890 4969 Deo
1923 4915 2042 4968 uni-

471 5022 777 5069 versorum,
818 5014 912 5061 aut
939 5016 1217 5060 creaturas
1239 5005 1583 5069 condidisse;
1615 5005 1712 5058 sed
1739 5005 2043 5058 divinitatis

475 5113 589 5152 nmc
610 5097 832 5167 pr0pria
847 5113 968 5152 esse
992 5096 1266 5166 intelligit.
1288 5095 1477 5163 Neque
1495 5109 1703 5157 rursus,
1727 5093 2040 5147 Matthaeum

473 5190 742 5261 quispiam
783 5205 906 5243 cum
947 5187 1317 5260 genealogiam
1369 5193 1731 5255 exponentem
1769 5184 2040 5247 audierit,

473 5283 734 5338 Davidem
773 5290 829 5337 et
863 5281 1234 5336 Abrahamum
1280 5278 1378 5334 Dei
1425 5277 1728 5332 secundum
1787 5285 2040 5330 naturam

477 5371 854 5440 progenitores
895 5371 1173 5425 existimet
1226 5387 1238 5421 :
1290 5368 1359 5424 ab
1399 5369 1509 5423 illis
1553 5367 1700 5422 enim
1762 5376 2039 5436 assumpta

477 5466 670 5512 natura
695 5460 1009 5515 deducitur.
1051 5487 1054 5490 ν

553 5663 596 5693 ⁸⁵
631 5663 764 5720 Luc.
801 5681 858 5732 ιι,
898 5664 979 5719 12.
1059 5666 1100 5698 ⁵⁷
1131 5664 1262 5719 ibid.
1293 5665 1381 5720 51.
1458 5664 1501 5696 ⁸⁸
1529 5665 1762 5734 Philipp.
1797 5680 1851 5728 ιι,
1888 5665 1938 5720 6,

2141 4459 2238 4528 τὴν
2286 4457 2443 4525 φύσιν
2475 4456 2568 4509 καὶ
2615 4454 2904 4524 ἄτρεπτον.
2941 4451 3013 4503 Τὸ
3055 4450 3237 4520 μέντοι
3284 4448 3454 4511 πάθος
3499 4449 3529 4517 ἡ
3595 4446 3724 4499 Θεία

2142 4548 2471 4620 διηγουμένη
2497 4545 2706 4618 Γραφὴ,
2741 4541 2974 4612 οὐδαμοῦ
2995 4541 3056 4594 τὸ
3083 4540 3230 4606 Θεὸς
3249 4538 3489 4592 τέθεικεν
3515 4539 3724 4607 ὄνομα,

2143 4641 2326 4710 ἐπειδὴ
2366 4641 2463 4709 τῆς
2507 4638 2682 4704 ἁπλῆς
2718 4638 2834 4688 ἐστι
2884 4632 3098 4702 φύσεως
3139 4631 3332 4700 ὑνομα.
3373 4629 3563 4691 Οὐδεὶς
3607 4631 3724 4699 γάρ

2143 4733 2395 4795 ἀκούσας·
2439 4751 2457 4782 ι
2505 4731 2595 4781 Ἐν
2630 4729 2770 4797 ἀρχῇ
2815 4722 2881 4796 ἦν
2914 4727 2941 4778 ὁ
2987 4725 3175 4790 Λόγος,
3219 4722 3313 4775 κα)⁸
3359 4722 3388 4773 ὑ
3437 4719 3623 4786 Λόγος
3657 4716 3727 4789 ἦν

2145 4819 2277 4889 πρὸς
2306 4818 2395 4869 τὸν
2420 4816 2571 4878 Θεὸν,
2605 4816 2695 4866 καὶ
2723 4814 2854 4875 Θεὸς
2878 4809 2944 4883 ἦν
2978 4813 3006 4864 ὁ
3054 4811 3243 4877 Λόγος,
3279 4829 3296 4860 ι
3342 4809 3434 4861 καὶ
3463 4810 3567 4860 ὅσα
3605 4811 3726 4860 τού‹

2143 4927 2254 4972 τοις
2283 4909 2598 4979 προσόμοια,
2637 4907 2734 4976 τὴν
2767 4905 2946 4974 σάρκα
2982 4902 3116 4970 φαίη
3144 4902 3209 4953 ἂν
3234 4900 3340 4970 πρὸ
3365 4899 3470 4951 τῶν
3500 4897 3727 4952 αἰώνων

2145 4997 2503 5068 ὑπάρχεινιῆ
2529 4994 2816 5065 ὁμοουσίαν
2852 4988 2992 5046 εἶναι
3047 4990 3122 5061 τῷ
3175 4992 3282 5043 τῶν
3323 4991 3459 5041 ὅλων
3501 4989 3652 5058 Θεῷ,
3693 4991 3726 5059 ἢ

2143 5089 2470 5158 δημιουργὸν
2500 5087 2776 5154 γεγονέναι
2831 5085 2928 5155 τῆς
2979 5084 3226 5146 κτίσεως*
3282 5083 3393 5134 ἀλλ’
3441 5078 3585 5133 οἶδεν
3642 5083 3728 5134 ὅτι

2144 5180 2316 5232 ταῦτα
2365 5181 2462 5249 τῆς
2511 5178 2763 5244 θεότητος
2809 5177 2934 5232 ἴδια.
2993 5174 3130 5228 Οὔτε
3161 5174 3266 5244 μὴν
3300 5173 3393 5225 τοῦ
3431 5172 3726 5224 Ἀῑατθαὶου

2147 5286 2230 5331 τις
2267 5253 2725 5336 ’γενεαλογοῦντος
2782 5266 3051 5328 ἀκούσας,
3110 5265 3202 5316 τὸν
3264 5261 3425 5315 Δαδὶδ
3472 5262 3571 5314 καὶ
3631 5263 3726 5313 τὸς.

2162 5359 2411 5428 Ἀϐραάμ
2444 5357 2580 5410 κατὰ
2619 5356 2780 5425 φύσιν
2807 5357 2872 5408 ἂν
2902 5354 3162 5408 ὑπολάϐοι
3199 5353 3292 5406 τοῦ
3337 5352 3470 5405 Θεοῦ
3512 5352 3720 5421 προγόο

2149 5466 2291 5512 νους·
2329 5452 2362 5520 ἡ
2395 5449 2498 5517 γὰρ
2540 5447 2946 5518 προσληφθεῖσα
2976 5445 3136 5515 φύσις
3202 5445 3261 5507 ἐξ
3309 5444 3530 5496 ἐκείνων
3586 5457 3723 5496 κατα

2155 5558 2368 5609 αγεται.

2020 5662 2059 5694 δ”
2088 5660 2244 5715 Joau.
2279 5657 2400 5724 1,.1.
