3962 6204
287 275 426 345 13ίὸ

1593 252 1953 318 EPISTULA
1992 248 2212 311 CXXX.

3381 238 3522 304 1346

359 398 568 465 Ὥσπερ
609 390 785 447 τοίνυν
833 384 1055 460 εὐκρινῆ
1106 380 1281 437 ταῦτα
1329 378 1423 433 καὶ
1472 373 1849 465 ἀναμφίλεκτα

2022 364 2493 435 Quemadmodum
2520 377 2649 434 ergo
2673 361 2951 431 explorata
2984 366 3113 414 sunt
3154 357 3258 413 ista
3290 365 3345 412 et
3369 366 3523 412 extra

288 490 381 544 καὶ
401 488 514 550 τοῖς
538 461 687 553 *αγαν
708 480 1022 551 αἱρετικοῖς,
1053 475 1150 529 καὶ
1182 473 1339 543 ἴσμεν
1367 468 1463 540 τὴν
1484 466 1582 538 μὲν
1610 461 1847 535 προαιὼ-

288 596 421 641 νιον,
458 577 555 645 τὴν
591 573 647 627 δὲ
671 572 978 645 πρόσφατον
1018 566 1198 637 φύσιν·
1232 563 1401 625 οὕτως
1436 559 1634 612 εἰδέναι
1654 556 1759 627 χρὴ
1790 554 1851 608 τό

286 688 346 723 τε
369 668 465 736 τῆς
490 664 689 735 σαρκὸς
723 661 982 733 παθητὸν,
1012 659 1106 712 καὶ
1132 656 1193 709 τὸ
1221 656 1318 723 τῆς
1343 650 1594 723 θεότητος
1623 646 1849 736 ἀπαθὲς,

287 757 345 810 οὐ
374 734 713 822 διαιροῦντας
738 749 837 821 τὴν
869 749 1084 807 ἕνωσιν,
1113 743 1234 796 οὐδὲ
1279 743 1357 803 είς
1402 737 1493 791 δύο
1533 734 1853 808 μερίζοντας

288 846 555 912 πρόσωπα
585 841 674 895 τὸν
720 836 1023 906 Μονογενῆ,
1057 833 1169 888 ἀλλ’
1205 833 1262 884 ὲν
1304 830 1380 902 τῷ
1406 831 1485 883 ἐνὶ
1515 825 1853 899 θεωροῦντας

290 933 405 1004 Υίῷ
432 932 501 986 τά
526 931 632 985 τῶν
660 928 873 1001 φύσεων
911 928 1039 980 ἴδια.
1066 927 1129 979 Εί
1154 925 1264 994 γὰρ
1297 922 1390 976 επὶ
1418 921 1595 991 ψυχῆς
1628 918 1722 972 καὶ
1750 914 1847 967 σώ-

294 1042 499 1097 ματος,
538 1022 647 1076 τῶν
688 1019 998 1092 ὁμοχρόνων
1054 1015 1268 1087 φύσεων
1316 1014 1411 1081 καὶ
1443 1009 1687 1082 φυσικῶς
1716 1010 1856 1078 ήνω·

294 1118 490 1187 μένων,
531 1113 689 1167 τοῦτο
723 1113 895 1165 ποιεῖν
932 1107 1226 1179 εἰώθαμεν,
1250 1106 1343 1159 καὶ
1392 1106 1492 1175 τὴν
1532 1103 1629 1173 μὲν
1678 1100 1856 1171 ψυχὴν

291 1206 562 1275 καλοῦμεν
609 1201 803 1272 ἁπλῆν,
852 1200 946 1252 καὶ
994 1197 1237 1268 λογικὴν,
1273 1196 1367 1248 καὶ
1392 1192 1675 1256 ἀθάνατον,
1712 1190 1772 1243 τὸ
1799 1189 1856 1242 δὲ

293 1296 453 1366 σῶμα
488 1292 737 1347 σύνθετον
773 1289 1132 1360 ὀνομάζομεν,
1164 1286 1258 1340 καὶ
1287 1284 1547 1354 παθητὸν,
1596 1280 1693 1334 καὶ
1729 1279 1857 1351 θνη-

290 1388 402 1451 τὸν,
459 1385 553 1440 καὶ
600 1384 698 1454 τὴν
733 1382 925 1436 ἓνωσιν
978 1381 1038 1433 ού
1090 1375 1429 1448 διαιροῦμεν,
1460 1373 1580 1427 οὐδὲ
1608 1371 1731 1442 διχῆ
1761 1370 1858 1424 ἕνα

291 1477 558 1549 τέμνομεν
578 1474 882 1546 ἄνθρωπον·
907 1468 1086 1541 πολλῷ
1112 1468 1311 1539 μᾶλλον
1342 1466 1435 1519 ἐπὶ
1462 1468 1559 1536 τῆς
1590 1464 1696 1534 πρὸ
1728 1460 1859 1516 ald)-

291 1586 398 1623 νων
435 1568 502 1622 ὲκ
543 1565 636 1620 τοῦ
672 1563 882 1634 Πατρὸς
915 1561 1266 1631 γεννηθείσης
1303 1558 1588 1630 θεότητος,
1622 1556 1717 1611 καὶ
1759 1554 1858 1625 τῆς

292 1655 586 1728 ληφθείσης
632 1656 696 1707 ὲκ
732 1652 1041 1723 σπέρματος
1091 1648 1184 1703 τοῦ
1224 1648 1388 1702 Δαϐὶδ
1443 1646 1859 1717 ἀνθρωπότητος

1958 458 2385 516 controversiam
2415 457 2498 512 vel
2523 456 2665 527 apud
2694 456 2933 511 acriores
2953 451 3261 517 haereticos,
3295 450 3525 505 scimus-

1958 566 2066 622 que
2094 556 2351 603 naturam
2372 549 2600 602 alteram
2640 546 2854 601 saeculis
2896 543 3251 605 anteriorem,
3295 541 3523 593 alteram

1958 650 2234 695 recentem
2268 649 2326 695 et
2354 654 2554 694 novam
2580 656 2593 691 :
2627 638 2702 692 ita
2725 652 2885 691 nosse
2916 641 3133 705 oportet
3151 645 3372 687 carnem
3398 628 3524 701 qui-

1960 733 2082 788 dem
2107 732 2446 802 passihilem,
2465 731 2806 785 divinitatem
2829 743 2961 783 vero
2979 722 3392 795 impassihilem,
3416 735 3526 773 non

1960 825 2219 880 unionem
2251 823 2581 889 dividentes,
2615 837 2793 891 neque
2833 821 2887 874 in
2927 819 3065 873 duas
3093 829 3356 887 personas
3388 813 3523 870 Uni-

1960 914 2202 985 genitum
2257 911 2579 983 partientes,
2619 911 2714 966 sed
2751 911 2806 965 in
2852 925 2962 964 uno
2990 909 3127 963 Filio
3156 921 3276 976 quae
3304 912 3527 958 natura-

1962 1020 2081 1059 rum
2105 1010 2234 1057 sunt
2266 1002 2489 1073 propria
2525 1002 2976 1071 contemplantes.
3012 998 3227 1054 Etenim
3253 997 3297 1051 si
3324 996 3377 1049 in
3405 995 3526 1049 ani-

1962 1110 2049 1149 ma
2071 1102 2125 1148 et
2151 1109 2402 1163 corpore,
2436 1108 2557 1163 qum
2580 1101 2791 1147 naturae
2822 1100 2952 1146 sunt
2988 1089 3226 1159 aequales
3257 1094 3525 1155 tempore,

1962 1185 2395 1255 naturaliterque
2440 1185 2762 1254 conjunctae,
2795 1182 2903 1237 hoc
2949 1181 3126 1235 facere
3168 1178 3426 1241 solemus,
3472 1186 3530 1232 et

1963 1276 2202 1330 animam
2238 1276 2460 1345 quidem
2490 1276 2724 1330 dicimus
2751 1273 3076 1343 simplicem,
3097 1278 3153 1326 et
3183 1267 3527 1331 rationalem,

1963 1374 2019 1423 et
2039 1367 2426 1432 immortalem,
2460 1374 2518 1420 et
2559 1365 2913 1429 invisibilem,
2946 1378 3146 1433 corpus
3174 1376 3304 1417 vero
3339 1358 3522 1430 appel-

1964 1459 2145 1513 lamus
2193 1457 2580 1527 compositum,
2632 1466 2689 1511 et
2728 1456 3010 1526 passibile,
3060 1463 3117 1510 et
3170 1453 3420 1516 mortale,
3475 1461 3532 1505 et

1967 1550 2227 1606 unionem
2257 1565 2369 1604 non
2397 1549 2691 1613 solvimus,
2725 1562 2828 1602 nec
2859 1546 3140 1601 hominem
3188 1558 3360 1598 unum
3386 1541 3530 1597 bifa-

1968 1640 2108 1695 riam
2157 1640 2498 1696 dividimus:
2543 1639 2718 1693 multo
2752 1638 2923 1713 magis
2961 1637 3020 1691 in
3067 1635 3374 1698 divinitate,
3410 1648 3532 1703 qua:

292 1726 451 1799 τοῦτο
488 1744 753 1815 προσήκει
795 1731 1001 1807 ποιεῖν,
1040 1740 1134 1792 καὶ
1180 1739 1366 1807 σαφῶς
1406 1737 1605 1790 εἰδέναι
1634 1736 1734 1805 τῆς
1767 1735 1862 1806 μὲν

1972 1750 2033 1791 ex
2066 1736 2228 1789 Patre
2265 1735 2449 1805 genita
2477 1742 2562 1788 est
2584 1742 2710 1787 ante
2751 1731 2967 1795 saecula,
2992 1740 3048 1784 et
3080 1729 3136 1783 in
3166 1726 3529 1787 humanitate,

296 1838 357 1890 τὸ
388 1835 604 1889 αἰώνιον
631 1835 725 1888 καὶ
759 1832 951 1897 ἀΐδιον,
995 1828 1200 1884 ἁπλοῦν
1242 1847 1298 1882 τε
1326 1829 1420 1883 καὶ
1457 1829 1861 1900 άπερίγραφον,

295 1928 561 1982 ἀθάνατον
596 1926 690 1978 καὶ
731 1923 1106 1989 ἀναλλοίωτον,
1139 1922 1241 1993 τῆς
1273 1922 1330 1975 δὲ
1363 1920 1422 1974 τὸ
1457 1921 1767 1992 πρόσφατόν
1807 1936 1866 1973 τε

296 2019 388 2071 καὶ
441 2016 723 2081 σύνθετον,
777 2015 871 2069 καὶ
922 2012 1454 2085 περιγεγραμμένον,
1494 2013 1589 2065 καὶ
1620 2010 1864 2081 ρευστὸν,

298 2112 393 2163 καὶ
428 2108 641 2178 θνητόν.
702 2108 765 2160 Εί
819 2105 927 2177 γὰρ
974 2105 1069 2159 καὶ
1127 2104 1224 2175 τὴν
1256 2104 1433 2175 σάρκα
1481 2102 1576 2156 νῦν
1603 2101 1867 2156 ἀθάνατον

300 2200 477 2271 ῐσμεν,
518 2199 611 2252 καὶ
657 2197 953 2268 ἄφθαρτον,
994 2195 1110 2250 ἀλλ’
1145 2191 1238 2249 οὗν
1270 2194 1375 2265 πρὸ
1402 2193 1501 2261 τῆς
1520 2192 1870 2255 ἀναστάσεως

299 2291 392 2343 καὶ
433 2290 661 2342 θανάτου
693 2287 787 2340 καὶ
828 2286 1033 2348 πάθους
1055 2280 1123 2357 ἧν
1152 2284 1393 2355 δεκτική·
1423 2282 1539 2346 πῶς
1564 2282 1672 2354 γὰρ
1697 2281 1869 2344 ἄλλως

298 2379 622 2452 προσηλιῦοη
653 2378 730 2448 τῷ
766 2378 927 2448 ξύλῳ,
964 2377 1059 2429 καὶ
1089 2374 1361 2446 παρεδόθη
1394 2374 1470 2445 τῷ
1500 2375 1657 2445 τάφῳ
1681 2391 1695 2439 ;
1719 2373 1871 2427 Είδό-

299 2491 396 2535 τας
422 2472 477 2524 δὲ
519 2472 669 2541 ὅμως
702 2469 812 2521 τῶν
843 2466 1057 2536 φύσεων
1089 2467 1148 2519 τὸ
1185 2466 1464 2535 διάφορον,
1503 2465 1594 2517 τὸν
1632 2466 1728 2518 ἕνα
1764 2462 1869 2535 χρὴ

303 2565 629 2637 προσκυνεῖν
676 2562 824 2624 Υίὸν,
873 2559 967 2615 καὶ
997 2559 1087 2611 τὸν
1141 2558 1302 2611 αὐτὸν
1345 2556 1540 2609 ειδέναι
1572 2555 1700 2608 Υίὸν
1732 2554 1867 2607 Θεοῦ

295 2657 396 2712 καὶ
438 2656 563 2708 Υίδν
597 2653 915 2725 ἀνθρώπου,
952 2649 1164 2721 μορφὴν
1195 2647 1331 2702 Θεοῦ
1369 2648 1466 2702 καὶ
1500 2647 1713 2717 μορφὴν
1751 2644 1868 2699 δού·

296 2750 437 2811 λου,
489 2747 603 2800 υίὺν
654 2743 820 2797 Δαϐὶδ
873 2743 967 2797 καλ⁵
1017 2740 1221 2810 Κύριον
1243 2738 1338 2791 τοῦ
1390 2737 1592 2804 Δαϐιδ,
1652 2736 1871 2806 σπέρμα

316 2839 569 2910 Ἀϐραὰμ
589 2836 684 2890 καὶ
712 2835 942 2906 ποιητὴν
975 2832 1244 2904 Ἀϐραάμ.
1285 2832 1351 2884 Ἦ
1373 2829 1482 2900 γὰρ
1506 2829 1699 2892 ἓνωσις
1720 2827 1873 2881 κοινά

306 2935 449 2985 ποιεῖ
473 2930 540 2983 τὰ
553 2929 811 2997 ὀνόματα,
830 2925 944 2978 ἀλλ’
970 2925 1029 2977 οὐ
1047 2924 1237 2992 συγχεῖ
1250 2921 1452 2983 ταύτας
1478 2921 1538 2973 τὸ
1559 2919 1666 2973 τῶν
1684 2918 1873 2988 ὀνομά-

1967 1820 2088 1896 quae
2116 1827 2183 1881 de
2218 1827 2427 1882 semine
2457 1825 2679 1880 Davidis
2733 1829 3012 1892 assumpta
3057 1830 3162 1887 est,
3213 1820 3319 1873 hoc
3351 1817 3531 1873 facere

1967 1919 2247 1982 convenit,
2275 1927 2333 1973 et
2367 1924 2521 1972 certo
2551 1917 2693 1971 scire
2732 1917 2882 1971 illam
2926 1912 3148 1985 quidem
3184 1921 3445 1969 zeternam
3476 1919 3534 1965 et

1968 2009 2376 2078 sempiternam,
2411 2008 2826 2077 simplicemque
2871 2017 2928 2063 et
2980 2000 3531 2070 incircumscriptam,

1969 2097 2335 2151 immortalem
2366 2106 2423 2150 et
2456 2096 2873 2162 immutabilem;
2900 2095 3043 2149 hanc
3068 2109 3203 2149 vero
3233 2101 3531 2155 recentem,

1967 2196 2023 2243 et
2045 2188 2424 2257 compositam,
2448 2196 2504 2242 et
2533 2187 3024 2256 circumscriptam,
3045 2193 3101 2240 et
3127 2183 3348 2249 fluxam,
3372 2170 3536 2253 atque

1970 2280 2278 2334 mortalem.
2329 2278 2442 2333 Etsi
2476 2278 2624 2332 enim
2655 2292 2875 2333 carnem
2917 2277 3084 2331 etiam
3132 2290 3281 2329 nunc
3332 2273 3538 2329 scimus

1972 2371 2339 2425 immortalem
2374 2380 2430 2424 et
2476 2370 2973 2440 incorruptibilem,
3023 2376 3264 2424 attamen
3295 2374 3421 2421 ante
3450 2381 3538 2420 re-

1970 2462 2369 2517 surrectionem
2417 2470 2472 2515 et
2516 2461 2680 2515 morti
2722 2470 2780 2515 et
2830 2460 3071 2529 passioni
3121 2459 3226 2513 fuit
3255 2456 3532 2511 obnoxia:

1971 2550 2175 2618 alioqui
2202 2564 2311 2618 quo
2350 2549 2512 2602 modo
2544 2550 2695 2603 cruci
2730 2547 2886 2602 afﬁxa
2937 2547 3152 2610 fuisset,
3186 2555 3242 2601 et
3287 2545 3538 2613 sepulcro

1976 2637 2185 2707 1217
2208 2636 2500 2690 mandata?
2524 2636 2679 2690 Licet
2708 2644 2891 2689 autem
2924 2642 3247 2689 naturarum
3275 2632 3537 2687 diﬂ‘eren-

1974 2729 2104 2782 tiam
2130 2727 2590 2798 perspexerimus,
2640 2741 2811 2780 unum
2839 2733 3021 2781 tamen
3044 2733 3261 2795 oportet
3311 2723 3540 2779 adorare

1973 2819 2193 2884 Filium,
2228 2819 2593 2888 eumdemque
2620 2822 2637 2839 ‘
2673 2818 2851 2886 ipsum
2903 2827 2960 2872 et
2996 2816 3197 2870 Filium
3216 2816 3326 2871 'Dei
3353 2829 3537 2878 nosse,

1973 2918 2028 2964 et
2056 2908 2252 2963 Filium
2286 2908 2546 2972 hominis,
2581 2907 2812 2962 formam
2843 2907 2940 2962 Dei
2991 2914 3046 2962 et
3088 2904 3320 2961 formam
3370 2906 3536 2970 servi,

304 3041 409 3076 των
441 3016 826 3086 κοινόν.Δῆλον
852 3015 957 3086 γὰρ
983 3015 1096 3076 τοῖς
1129 3008 1189 3066 εὖ
1225 3010 1530 3083 φρονοῦσιν,
1562 3011 1642 3062 ὅτι
1672 3008 1741 3062 τά
1770 3008 1869 3079 μὲν

1976 2998 2147 3055 filium
2174 3000 2396 3056 Davidis
2415 3008 2470 3055 et
2491 2999 2782 3054 Dominum
2807 2998 3048 3064 Davidis,
3073 3012 3260 3054 semen
3305 2996 3540 3052 Abrahae

305 3112 378 3174 ὡς
411 3108 551 3179 Θεῷ,
593 3108 658 3160 τὰ
692 3107 747 3160 δὲ
778 3105 852 3167 ὡς
880 3101 1151 3174 ἀνθρώπῳ
1192 3102 1476 3171 προσήκει.
1504 3097 1659 3152 υῦτω
1684 3097 1777 3150 καὶ
1808 3096 1870 3150 τὸ

306 3200 547 3272 παθητὸν
566 3199 659 3252 καὶ
681 3197 741 3250 τὸ
761 3193 967 3257 ἀπαθὲς
989 3192 1246 3264 ἁρμόττει
1267 3190 1343 3260 τῷ
1366 3189 1609 3259 Δεσπότῃ
1629 3186 1869 3258 Χριστῷ.

307 3290 545 3345 Πέπονθε
605 3289 703 3359 μὲν
756 3288 864 3357 γὰρ
916 3285 1056 3339 κατά
1098 3282 1157 3337 τὸ
1186 3280 1543 3353 ἀνθρώπειον,
1576 3277 1789 3348 ἀπαθὴς
1817 3276 1874 3330 δὲ

313 3384 621 3455 μεμένηκεν
662 3380 736 3443 ὡς
767 3377 921 3440 Θεός.
970 3376 1031 3429 El
1070 3375 1126 3428 δὲ
1152 3373 1292 3428 κατὰ
1329 3372 1421 3425 τὸν
1456 3371 1566 3424 τῶν
1601 3368 1875 3424 δυσσεόῶν

297 3476 462 3547 λόγον
503 3473 644 3528 κατά
687 3470 783 3542 τὴν
817 3469 1047 3538 θεότητα
1081 3462 1315 3519 πέπονθε
1339 3504 1355 3529 ,
1399 3460 1628 3531 περιττὴ
1677 3459 1874 3529 δήπου-

308 3567 399 3620 θεν
422 3566 523 3634 τὴς
551 3563 749 3635 σαρκὸς
775 3564 808 3633 ἡ
834 3557 1124 3630 ἀνάληψις.
1158 3557 1233 3610 Οὐ
1270 3553 1379 3625 γὰρ
1418 3552 1615 3624 ἔχρῃζε
1646 3550 1746 3621 τῆς
1781 3566 1877 3603 πα-

308 3658 477 3727 θητῆς
517 3653 967 3725 ἀνθρωπότητος,
1022 3648 1123 3717 τῆς
1165 3644 1317 3706 θείας
1362 3643 1577 3712 φύσεως
1625 3641 1876 3706 δέξασθαι

305 3745 610 3818 δυναμένης
636 3745 694 3797 τὸ
714 3742 903 3804 πάθος.
936 3738 1081 3797 mae
1103 3737 1198 3790 καὶ
1222 3735 1363 3790 κατὰ
1392 3734 1483 3788 τὸν
1511 3732 1687 3787 αὐτῶν
1718 3731 1876 3799 λόγον

306 3837 523 3908 ἀπαθὴς
559 3837 592 3907 ἡ
631 3833 837 3904 θεότης,
879 3830 974 3884 καὶ
1017 3828 1212 3900 ἀληθὲς
1239 3826 1299 3880 τὸ
1334 3825 1526 3891 πάθος,
1577 3823 1652 3894 μὴ
1694 3822 1877 3894 ἀρνεί-

312 3930 523 3983 σθωσαν
572 3926 631 3979 τὸ
677 3922 964 3985 πεπονθὸς,
1004 3920 1092 3974 ἵνα
1128 3918 1203 3991 μὴ
1233 3916 1509 3989 ἀρνηθῶσι
1540 3914 1632 3968 καί¹
1657 3913 1755 3983 τὴν
1780 3912 1875 3966 τοῦ

312 4020 516 4081 πάθους
548 4016 824 4086 ἀλήθειαν·
850 4010 1042 4080 ψευδὲς
1071 4009 1177 4081 γὰρ
1208 4007 1267 4060 τὸ
1297 4007 1468 4070 πάθος
1485 4006 1584 4059 οὐκ
1604 4004 1754 4067 ὄντος
1780 4000 1875 4056 τοῦ

310 4114 629 4182 πάσχοντος.
667 4108 789 4160 ’Ότι
814 4105 869 4157 δὲ
893 4104 1044 4173 καὶὴ
1079 4101 1197 4155 θεία
1224 4098 1412 4171 Γραφὴ
1451 4095 1741 4168 προφανῶς
1781 4093 1876 4147 τοῦ

314 4200 562 4271 σώματος
598 4195 853 4268 κηρύττει
885 4194 946 4247 τὸ
998 4193 1188 4263 πάθος,
1241 4190 1423 4261 ῥᾴδιον
1466 4187 1543 4257 τῷ
1574 4184 1879 4256 βουλομένῳ

310 4292 419 4345 τῶν
472 4289 630 4359 ἱερῶν
666 4286 1009 4356 Εὐαγγελίων
1057 4282 1361 4348 ἀναπτύξαι
1409 4281 1509 4349 τὴν
1554 4277 1876 4348 τετρακτὺν,

1973 3099 2030 3146 et
2078 3092 2340 3147 factorem
2361 3090 2613 3147 Abrahae.
2650 3091 2792 3148 Unio
2822 3091 2970 3147 enim
3015 3090 3327 3146 communia
3361 3088 3542 3145 reddit

1974 3183 2234 3247 nomina,
2285 3182 2379 3237 sed
2440 3190 2667 3237 naturas
2706 3183 2992 3236 nominum
3052 3178 3366 3236 communio
3429 3194 3541 3235 non

1975 3271 2281 3327 confundit.
2342 3269 2684 3324 Manifestum
2726 3271 2872 3324 enim
2896 3278 2980 3324 est
3005 3270 3074 3326 iis
3104 3270 3198 3341 qui
3235 3278 3384 3326 recte
3417 3285 3544 3325 sen-

1978 3362 2142 3424 tiunt,
2170 3360 2274 3414 alia
2307 3368 2368 3414 ut
2419 3361 2552 3425 Deo,
2591 3361 2697 3414 alia
2744 3368 2807 3414 ut
2840 3359 3049 3414 homini
3090 3362 3404 3415 convenire.
3451 3360 3543 3416 Sic

1976 3457 2032 3505 et
2070 3449 2386 3519 passibilem
2413 3464 2536 3503 esse
2569 3458 2625 3503 et
2665 3448 3053 3519 impassihilem
3084 3450 3348 3518 competit
3377 3450 3541 3505 Chri—

1977 3545 2062 3592 sto
2091 3536 2342 3591 Domino.
2370 3536 2569 3591 Passus
2593 3551 2828 3606 namque
2846 3544 2931 3590 est
2954 3534 3256 3590 secundum
3285 3535 3544 3592 humani-

1980 3636 2168 3690 tatem,
2202 3625 2558 3694 impassihilis
2584 3640 2716 3680 vero
2744 3625 2947 3678 mansit
2970 3632 3030 3678 ut
3049 3623 3370 3691 Deus.Quod
3394 3626 3461 3692 si,
3484 3635 3544 3681 ut

1977 3718 2132 3789 impii
2155 3717 2367 3783 dicunt,
2399 3715 2699 3771 secundum
2725 3714 3066 3771 divinitatem
3111 3730 3303 3786 passus
3327 3723 3428 3780 est,
3454 3732 3546 3771 su—

1977 3824 2318 3880 pervacanea
2349 3808 2539 3878 utique
2561 3807 2666 3863 fuit
2691 3807 2872 3863 carnis
2893 3806 3211 3876 assumptio.
3259 3806 3372 3862 Nec
3395 3806 3543 3862 enim

1977 3901 2225 3971 passibili
2277 3900 2620 3955 humanitate
2683 3899 3004 3969 indigebat,
3057 3913 3182 3953 cum
3235 3882 3544 3968 passionem

1978 4002 2163 4063 posset
2191 3992 2376 4047 divina
2414 4001 2609 4047 natura
2650 3991 2918 4061 recipere.
2956 3989 3052 4045 Sin
3081 3996 3263 4045 autem
3300 3989 3544 4059 ipsorum

1978 4083 2142 4137 etiam
2166 4081 2508 4138 confessione
2540 4080 2891 4151 impassihilis
2927 4088 3012 4136 est
3032 4079 3310 4146 divinitas,
3332 4089 3389 4135 et
3412 4094 3544 4134 vera

1979 4173 2084 4229 fuit
2127 4172 2329 4243 passio,
2383 4172 2679 4241 patientem
2721 4186 2831 4225 non
2869 4177 3102 4241 negent,
3155 4185 3225 4224 ne
3274 4170 3544 4240 passionis

1980 4279 2199 4334 quoque
2224 4264 2511 4318 veritatem
2543 4271 2745 4332 negent
2780 4280 2792 4315 :
2826 4263 2955 4333 quia
2986 4262 3120 4317 falsa
3140 4269 3223 4316 est
3258 4261 3458 4330 passio,
3496 4261 3543 4315 si

312 4384 407 4436 καὶ
442 4352 633 4452 μαθεῖν
660 4352 890 4442 ἐκεῖθεν,
921 4377 1068 4438 ὅπως
1126 4373 1323 4441 Ἰωσὴφ
1348 4374 1376 4425 6
1404 4370 1513 4424 ἀπὸ
1554 4365 1869 4439 Ἀριμαθίας

1981 4354 2194 4424 patiens
2252 4370 2362 4409 non
2414 4355 2503 4409 sit.
2560 4353 2717 4420 Quod
2752 4369 2885 4409 vero
2934 4354 3180 4423 corporis
3237 4352 3544 4427 passionem

315 4471 586 4543 προσῆλθε
636 4469 714 4539 τῷ
750 4466 990 4535 Πιλάτῳ,
1025 4463 1121 4518 καὶ
1146 4463 1315 4533 ⁴ᾔτησε
1361 4461 1424 4513 τὸ
1458 4458 1619 4528 σῶμα
1643 4457 1739 4509 τοῦ
1774 4458 1879 4528 Ἰη-

314 4562 430 4615 σοῦ·
472 4562 566 4613 καὶ
593 4560 667 4621 ὡς
698 4561 726 4612 6
773 4557 1002 4618 Πιλάτος
1047 4552 1343 4623 προσέταξε
1377 4550 1595 4621 δοθῆναι
1618 4548 1690 4602 τὸ
1719 4548 1880 4618 σῶμα

314 4652 409 4705 τοῦ
442 4649 640 4721 Ἰησοῦ,
677 4649 769 4701 καὶ
800 4648 875 4711 ὡς
898 4650 927 4701 6
982 4645 1183 4714 Ἰωσὴφ
1211 4642 1460 4697 καθεῖλεν
1483 4640 1591 4693 ἀπὸ
1621 4639 1780 4705 ξύλου
1818 4638 1879 4691 τὸ

318 4742 475 4811 σῶμα
501 4737 594 4792 τοῦ
637 4736 830 4808 Ἰησοῦ,
851 4737 947 4790 καὶ
967 4734 1043 4798 ὡς
1065 4733 1304 4801 ὲνείλησε
1320 4733 1386 4802 τῇ
1416 4729 1609 4782 σινδόνι
1632 4727 1694 4781 τὸ
1719 4726 1877 4797 σῶμα

312 4830 406 4884 τοῦ
453 4828 657 4899 Ἰησοῦ,
693 4829 785 4881 καὶ
813 4827 887 4891 ὡς
924 4824 1086 4879 τοῦτο
1133 4822 1433 4891 κατέθηκεν
1477 4821 1536 4872 ὲν
1583 4818 1662 4890 τῷ
1708 4817 1878 4888 καινῷ

318 4921 586 4992 μνημείῳ.
625 4919 809 4972 Ταῦτα
829 4920 878 4971 οί
906 4917 1170 4987 τέσσαρες
1196 4910 1581 4981 εύαγγελισταὶ
1612 4909 1878 4978 συνέγρα-

312 5012 443 5082 ψαν,
481 5011 740 5074 πολλάκις
770 5008 866 5067 τοῦ
907 5007 1157 5079 σώματος
1193 5002 1681 5076 μνημονεύσαντες.
1731 5001 1792 5053 El
1823 5000 1882 5053 δὲ

262 5100 263 5103 ’
314 5100 381 5153 τὰ
398 5101 548 5169 παρά
577 5098 669 5152 τοῦ
691 5097 923 5167 ἀγγέλου
951 5097 1083 5167 πρὸς
1099 5096 1199 5161 τὰς
1220 5094 1346 5164 περὶ
1372 5092 1592 5163 Μαρίαν
1614 5091 1882 5162 εἰρημένα

315 5190 666 5262 προφέρουσι·
706 5208 724 5241 ι
764 5188 927 5241 Δεῦτε
968 5189 1103 5242 ὅπου
1136 5187 1315 5242 ἔκειτο
1340 5188 1368 5239 6
1404 5183 1627 5255 Κύριος,
1665 5201 1682 5235 ι
1727 5183 1883 5236 ἀκου-

319 5284 566 5335 σάτωσαν
597 5279 695 5350 τῆς
742 5281 852 5333 τῶν
900 5279 1157 5351 Πράξεων
1193 5277 1430 5348 ἱστορίας
1479 5274 1762 5345 λεγούσης,
1796 5273 1880 5327 ὅτι

322 5392 342 5425 ι
390 5375 760 5443 Συνεγόμισαν
779 5371 869 5425 τὸν
905 5371 1175 5441 Στέφανον
1200 5367 1402 5441 ’ἄνδρες
1432 5366 1710 5432 εὐλαϐεῖς,
1735 5385 1754 5418 ι
1787 5365 1881 5421 καὶ⁸

320 5466 726 5530 σκοπείτωσαν,
760 5463 834 5527 ὼς
858 5464 918 5517 οὐ
949 5463 1045 5534 τὴν
1074 5460 1250 5535 ψυχὴν
1296 5460 1392 5513 τοῦ
1437 5458 1732 5531 νικηφόρου
1761 5458 1882 5510 Στε-

391 5651 435 5684 δθ
461 5649 648 5705 Matth.
681 5662 861 5711 xvvul,
886 5644 939 5698 6.

1979 4452 2169 4514 aperte
2190 4444 2375 4498 divina
2408 4444 2691 4514 Scriptura
2726 4444 3008 4514 praedicet,
3040 4443 3201 4496 facile
3230 4450 3316 4496 est
3359 4441 3409 4495 ei
3450 4440 3544 4510 qui

1978 4548 2260 4588 sacrorum
2284 4535 2702 4605 Evangeliorum
2725 4534 3139 4605 quaternarium
3161 4533 3374 4603 aperire
3390 4531 3542 4597 velit,

1978 4639 2048 4678 ex
2067 4625 2176 4680 illis
2200 4640 2528 4696 cognoscere
2565 4641 2675 4695 quo
2710 4634 2871 4696 pacto
2909 4624 3112 4693 Ioseph
3143 4623 3212 4677 ab
3237 4622 3543 4677 Arimathia

1980 4722 2274 4775 accesserit
2323 4722 2388 4775 ad
2437 4722 2673 4775 Pilatum
2722 4730 2778 4775 et
2825 4719 3046 4790 petierit
3087 4730 3288 4786 corpus
3306 4716 3455 4778 Jesu,
3490 4723 3547 4769 et

1980 4810 2254 4880 quomodo
2303 4810 2510 4865 Pilatus
2544 4812 2769 4881 jusserit
2799 4809 2918 4864 dari
2949 4823 3148 4877 corpus
3187 4807 3336 4869 Jesu,
3366 4811 3421 4858 et
3451 4803 3546 4859 Jo-

1981 4905 2114 4975 seph
2138 4904 2422 4958 sustulerit
2451 4904 2519 4959 de
2550 4918 2712 4958 cruce
2744 4916 2946 4971 corpus
2983 4901 3133 4965 Jesu,
3172 4907 3227 4953 et
3272 4895 3548 4967 quomodo

1981 4997 2212 5053 sindone
2247 4996 2537 5051 involverit
2575 5010 2773 5065 corpus
2804 4994 2955 5057 Jesu,
3005 5001 3060 5045 et
3104 4988 3380 5059 quomodo
3409 4985 3546 5041 illud

1982 5087 2298 5159 deposuerit
2333 5088 2386 5142 in
2421 5102 2564 5143 novo
2597 5086 2954 5140 monimento.
2980 5082 3105 5137 Haec
3121 5091 3356 5151 quatuor
3379 5095 3549 5134 evan-

1981 5181 2186 5252 gelista:
2198 5181 2660 5249 conscripserunt,
2678 5176 2924 5232 crebram
2948 5173 3195 5242 corporis
3215 5170 3550 5226 mentionem

1986 5268 2269 5323 facientes.
2315 5267 2468 5334 Quod
2508 5266 2553 5321 si
2608 5264 2787 5334 angeli
2834 5262 2902 5317 ad
2936 5262 3160 5316 Mariam
3222 5268 3279 5315 et
3323 5256 3554 5312 comites

1986 5359 2154 5413 verba
2180 5358 2499 5427 proferant:
2552 5355 2765 5424 1218
2812 5372 2832 5407 ι
2860 5351 3055 5407 Venite
3105 5349 3172 5405 ad
3216 5348 3417 5411 locum,
3454 5344 3550 5400 ubi

1987 5452 2195 5522 positus
2219 5457 2339 5504 erat
2374 5446 2636 5501 Dominus
2667 5445 2735 5512 ⁸⁸,
2775 5464 2794 5497 ι
2841 5443 3067 5499 audiant
3106 5442 3341 5497 Actuum
3373 5436 3552 5492 histo-
