3962 6204
485 177 619 240 1347

1499 174 1984 236 THEODORETI
2025 172 2359 234 EPISCOPI
2401 176 2762 237 CYRENSIS

3608 165 3756 230 13B

476 302 500 338 r
533 300 645 352 am,
678 300 805 341 cum
838 285 916 340 ait
945 301 958 338 :
1002 304 1021 339 ι
1066 287 1414 342 Curaverunt
1453 286 1796 357 Stephanum
1830 286 1934 341 viri
1976 300 2056 339 re-

2166 285 2356 355 φάνου,
2398 289 2532 342 ἀλλὰ
2582 289 2643 342 τδ
2693 287 2853 357 σῶμα
2903 285 3014 339 τῶν
3059 282 3433 354 νομιζομένων
3470 280 3750 351 ἠξίωσαν.

486 378 663 448 ligiosi
694 378 761 443 εί,
802 397 821 431 ι
880 388 936 433 et
975 377 1345 441 considerent,
1401 393 1513 432 non
1582 382 1780 433 animae
1834 376 2061 432 victoris

484 468 775 539 Stephani,
818 469 913 523 sed
958 468 1176 538 corpori
1216 469 1361 539 justa
1389 469 1741 539 persolvisse.
1780 468 1923 535 Quin
1953 467 2057 537 ipsi

485 576 706 629 quoque
751 560 819 613 ad
857 561 1004 613 hunc
1046 559 1215 623 diem,
1250 574 1375 612 cum
1421 559 1875 630 triumphantium
1921 576 2061 613 mar-

487 660 664 723 tyrum
697 652 897 720 templa
944 650 1303 720 ingredimur,
1356 651 1623 706 sciscitari
1666 653 1905 707 solemus
1936 650 2061 719 quis

485 749 713 796 vocetur
740 741 832 809 qui
880 740 936 793 in
982 740 1143 794 theca
1182 740 1438 795 conditus
1488 750 1571 795 est
1604 759 1617 794 :
1648 750 1704 795 et
1733 742 1935 811 quibus
1970 756 2060 795 res

484 842 615 887 nota
660 840 743 885 est
790 832 1127 899 respondent
1161 832 1437 886 Julianum
1470 832 1699 887 fortasse
1742 841 2057 903 martyrem,

485 930 580 975 aut
605 922 936 983 Romanum,
971 930 1066 973 aut
1100 920 1471 975 Timotheum.
1500 922 1567 975 Et
1597 922 1846 990 quamvis
1880 938 1945 975 ne
1978 922 2060 974 in-

485 1023 635 1081 tegra
666 1011 890 1080 quidem
915 1012 988 1065 ibi
1014 1012 1125 1066 sint
1148 1027 1379 1080 corpora
1403 1013 1602 1081 posita,
1627 1012 1722 1067 sed
1754 1012 2061 1082 perexigua:

484 1100 751 1169 reliquiae,
797 1103 1074 1156 communi
1125 1110 1306 1156 tamen
1360 1103 1581 1157 nomine
1639 1103 1803 1157 etiam
1860 1118 2058 1172 corpus

484 1191 847 1259 appellamus.
876 1190 969 1245 Sic
1017 1192 1243 1261 angelus
1290 1191 1503 1245 Domini
1534 1208 1734 1261 corpus
1766 1193 2058 1246 Dominum

480 1283 721 1345 vocavit,
755 1283 883 1352 quia
906 1298 1106 1351 corpus
1130 1290 1250 1337 erat
1275 1282 1493 1335 Domini
1522 1284 1923 1337 universorum.
1950 1282 2058 1337 Sed

481 1385 539 1430 et
578 1375 843 1429 Dominus
901 1374 1018 1443 ipse
1073 1389 1183 1428 non
1227 1383 1479 1429 naturam
1532 1375 1895 1440 invisibilem,
1963 1375 2058 1429 sed

480 1481 686 1536 corpus
708 1466 965 1520 daturum
1001 1480 1057 1519 se
1081 1465 1336 1535 promisit
1365 1469 1497 1536 pro‘
1525 1466 1716 1521 mundi
1742 1467 1853 1520 vita
1876 1484 1888 1520 :
1916 1486 1933 1517 ι
1958 1466 2059 1520 Pa-

481 1556 572 1611 nis
596 1556 764 1619 enim,
797 1556 894 1619 ait,
928 1570 1092 1624 quem
1125 1570 1227 1623 ego
1247 1553 1410 1619 dabo,
1447 1570 1575 1609 caro
1610 1571 1727 1609 mea
1764 1563 1867 1618 est,
1891 1569 2054 1624 quam

2160 377 2265 430 Ka‘
2302 377 2463 448 μέχρι
2493 378 2549 431 δὲ
2573 378 2667 431 τοῦ
2705 375 2992 447 παρόντος,
3020 376 3078 427 ἒν
3106 376 3221 437 τοῖς
3254 374 3364 425 τῶν
3410 372 3754 425 καλλινίκων

2164 466 2456 537 μαρτύρων
2495 467 2754 530 εἰσιόντες
2785 468 2992 535 σηκοῖς,
3030 465 3237 537 ἐρωτᾷν
3287 462 3568 532 εἰώθαμεν
3593 463 3685 524 τίς
3724 464 3754 513 ό

2160 557 2218 609 ἐν
2254 560 2317 627 τῇ
2373 558 2514 629 θήκῃ
2575 559 2839 610 καλεῖται’
2878 556 2927 609 οἱ
2959 556 3017 608 δὲ
3060 557 3111 607 τ’
3148 554 3345 625 ἀληθὲς
3380 554 3594 616 εἰδότες
3620 555 3755 605 ἀπο-

2161 648 2456 718 κρίνονται,
2491 649 2526 717 ἢ
2565 648 2849 701 Ίουλιανὸν
2881 648 3041 715 τυχὸν
3068 646 3158 698 τὸν
3201 647 3487 715 μάρτυρα,
3529 644 3565 714 ἢ
3616 644 3751 695 Ῥωο

2163 740 2349 809 μανὸν,
2374 739 2406 809 ἢ
2436 740 2717 810 Τιμόθεον·
2744 740 2922 792 καίτοι
2953 737 3213 800 πολλάκις
3238 737 3356 790 οὐδὲ
3376 736 3610 788 τελείων
3640 735 3749 786 τῶν

2164 833 2432 901 σωμάτων
2470 832 2759 902 κειμένων.
2818 831 2954 885 ἀλλὰ
3003 829 3386 900 σμικροτάτων
3440 828 3747 896 λειψάνων

2161 922 2275 975 ἀλλ’
2304 924 2451 992 ὅμως
2496 922 2571 993 τῷ
2600 922 2761 992 κοινῷ
2789 923 3011 992 ὀνόματι
3049 921 3143 973 καὶ
3175 920 3235 973 τὸ
3267 920 3428 989 σῶμα
3456 936 3749 988 προσαγε-

2161 1013 2414 1083 ρεύομεν·
2442 1014 2633 1077 οὕτως
2655 1016 2683 1067 ὁ
2704 1012 2930 1082 ἄγγελος
2964 1012 3057 1066 τοῦ
3099 1012 3306 1082 Κυρίου
3344 1011 3407 1063 τὸ
3441 1011 3613 1078 σῶμα
3640 1008 3748 1061 K5-

2161 1122 2275 1175 ριον
2303 1106 2764 1176 προσηγόρευσεν,
2800 1105 2985 1175 ἐπειδὴ
3032 1104 3191 1173 σῶμα
3221 1100 3287 1173 ἦν
3316 1102 3412 1155 τοῦ
3454 1103 3574 1154 τῶν
3608 1102 3747 1154 ὅλων

2159 1197 2382 1267 Κυρίου.
2442 1198 2550 1249 Καὶ
2596 1197 2754 1261 αὐτὸς
2804 1197 2860 1248 δὲ
2912 1199 2939 1249 ὁ
2977 1194 3203 1265 Κύριος.
3250 1196 3310 1248 οὐ
3369 1196 3471 1263 τὴν
3503 1194 3746 1261 ἀόρατον

2159 1290 2340 1355 φύσιν,
2371 1285 2505 1339 ἀλλὰ
2542 1285 2603 1339 τὸ
2640 1286 2799 1356 σῶμα
2831 1284 3023 1337 δώσειν
3051 1285 3317 1354 ὑπέσχετο
3347 1284 3489 1354 ὑπὲρ
3514 1283 3622 1350 τῆς
3650 1281 3743 1333 τεῦ

2157 1376 2362 1445 κόσμου
2385 1377 2526 1446 ζωῆς
2548 1394 2561 1408 ο
2604 1396 2623 1427 ι
2674 1378 2730 1429 '0
2765 1377 2869 1446 γὰρ
2892 1378 3074 1448 άρτος,
3107 1376 3289 1444 φησὶν,
3326 1375 3383 1427 ὃν
3409 1374 3523 1441 ἐγὼ
3558 1372 3746 1433 δώσω,

2157 1468 2189 1538 ἡ
2232 1464 2368 1537 σάρξ
2405 1486 2505 1537 μου
2549 1468 2729 1531 ἐστὶν,
2761 1468 2827 1538 ἢν
2866 1467 2977 1535 ἐγὼ
3014 1466 3169 1520 δώσω
3205 1467 3345 1535 ὑπὲρ
3389 1466 3494 1535 τῆς
3530 1464 3627 1518 τοῦ
3661 1464 3749 1516 κό-

2160 1575 2295 1629 σμου
2327 1558 2492 1627 ζωῆς.
2532 1576 2549 1609 ι
2585 1559 2701 1611 Κάν
2739 1562 2804 1629 τῇ
2827 1558 2935 1610 τῶν
2962 1557 3120 1611 θείων
3154 1556 3467 1627 μυστηρίων
3488 1554 3745 1622 παραδό-

481 1663 584 1719 ego
617 1647 759 1701 dabo
808 1662 908 1716 pro
946 1622 1283 1699 inundivita
1312 1646 1380 1698 δ’.
1428 1664 1446 1696 ι
1514 1645 1583 1699 Ει
1635 1645 1691 1698 in
1738 1622 2053 1698 divinorum

2161 1622 2239 1703 σει
2270 1622 2451 1702 λαϐὼν
2492 1651 2552 1703 τὸ
2586 1622 2852 1720 σύμϐολον
2886 1650 3008 1722 ἔφη’
3051 1670 3069 1703 ι
3120 1622 3289 1702 ’έοῦτό
3320 1622 3438 1703 ἐστι
3471 1650 3534 1700 τὸ
3572 1648 3745 1715 σῶμά

482 1738 869 1810 mysteriorum
908 1737 1206 1791 traditione
1243 1735 1550 1807 symbolum
1585 1735 1864 1805 accipiens
1885 1734 2054 1789 dixit:

491 1851 510 1883 ι
550 1832 665 1885 Hoc
698 1837 783 1883 est
804 1845 1007 1898 corpus
1029 1842 1233 1894 meum,
1268 1828 1415 1899 quod
1443 1842 1543 1897 pro
1576 1826 1734 1880 vobis
1762 1826 1923 1879 datur
1943 1826 2010 1890 ⁸³,
2031 1844 2048 1877 ι

484 1930 598 1987 aut,
632 1923 787 1991 juxta
824 1919 1147 1989 Apostolum
1180 1919 1249 1984 “,
1295 1938 1313 1970 ‹
1350 1918 1642 1987 frangitur.
1673 1934 1691 1967 ι
1719 1916 1907 1984 Neque
1948 1915 2057 1968 ullo

490 2026 723 2081 usquam
753 2010 896 2075 loco,
922 2026 1048 2065 cum
1074 2010 1141 2064 de
1162 2008 1418 2079 passione
1437 2006 1719 2072 disseruit,
1744 2005 2058 2075 impassihi-

482 2103 589 2156 lem
616 2101 960 2156 divinitatem
998 2100 1467 2155 commemoravit.

549 2191 781 2262 Oportet
803 2202 987 2248 autem
1018 2208 1113 2248 eos
1140 2192 1237 2261 qui
1260 2190 1640 2247 contradicere
1667 2189 1911 2253 student,
1929 2198 2057 2244 ante

480 2284 586 2338 alia
627 2284 811 2338 omnia
866 2284 1228 2354 interrogare,
1283 2291 1471 2337 utrum
1527 2284 1827 2354 perfectam
1862 2297 1892 2335 a
1944 2280 2055 2335 Deo

481 2373 664 2428 Verbo
702 2373 1072 2429 conﬁteantur
1103 2382 1441 2441 assumptam
1482 2387 1602 2427 esse
1639 2372 1931 2426 humanam
1960 2384 2057 2423 na-

481 2471 685 2525 turam,
739 2470 796 2516 et
853 2478 922 2516 an
981 2463 1239 2516 unionem
1300 2459 1642 2513 inconfusam
1681 2475 1800 2513 esse
1857 2458 2053 2511 factam

479 2551 687 2606 dicant.
738 2553 864 2605 Hrec
909 2552 1059 2605 enim
1101 2550 1146 2604 si
1179 2549 1555 2603 concedantur
1580 2589 1595 2613 ,
1655 2557 1850 2602 caetera
1888 2547 2051 2601 etiam

480 2641 676 2695 ordine
700 2640 1023 2709 procedent,
1054 2648 1110 2693 et
1142 2639 1325 2709 passio
1363 2639 1613 2691 humana:
1647 2646 1859 2691 natura:
1898 2636 2056 2690 attri-

477 2729 707 2785 buetur.
755 2729 864 2783 Ista
890 2745 991 2800 ego
1022 2745 1170 2783 nunc
1212 2728 1537 2798 compendio
1573 2729 1795 2793 dictavi,
1835 2737 1891 2783 et
1937 2728 2057 2798 epi-

476 2821 635 2875 stola:
684 2820 910 2875 modum
937 2820 1146 2874 excessi
1177 2835 1189 2872 :
1224 2820 1347 2873 misi
1381 2830 1566 2873 autem
1602 2827 1659 2875 et
1695 2834 1856 2889 quam
1880 2836 2057 2889 nuper

2159 1756 2282 1809 μου,
2305 1738 2369 1791 τὸ
2386 1738 2522 1808 ὑπὲρ
2546 1738 2697 1807 ὑμῶν
2723 1737 3020 1808 διδόμενον,
3046 1758 3062 1789 ι
3095 1739 3126 1808 ἢ
3152 1738 3445 1807 κλώμενον,
3467 1737 3617 1790 κατὰ
3645 1735 3744 1787 τὸν

2168 1829 2509 1884 Ἀπόο-τολον.
2570 1832 2677 1883 Καὶ
2714 1829 2948 1899 οὐδαμοῦ
2996 1831 3127 1901 περὶ
3156 1830 3359 1891 πάθους
3392 1827 3737 1898 διαλεχθεξ,

2155 1922 2253 1993 τῆς
2283 1922 2525 1985 ἀπαθοῦς
2550 1921 2793 1993 ἐμνήσθη
2830 1921 3100 1993 θεότητος.

2226 2095 2347 2168 Χρὴ
2376 2096 2433 2150 δὲ
2465 2097 2573 2168 πρὸ
2613 2096 2723 2149 τῶν
2762 2096 2938 2151 ἄλλων
2975 2095 3227 2149 ἁπάντων
3262 2096 3388 2158 τοὺς
3421 2096 3740 2164 ἀντιλέγειν

2156 2186 2566 2259 ἐπιχειροῦντας
2604 2184 2933 2257 ἐρωτᾶσθαι,
2963 2187 3011 2238 εί
3056 2184 3477 2255 συνομολογοῦσι
3510 2186 3737 2239 τελείαν

2156 2276 2261 2329 ὑπὸ
2288 2276 2384 2329 τοῦ
2415 2275 2547 2328 Θεοῦ
2590 2275 2763 2343 Λόγου
2811 2274 3205 2346 προσειλῆφθαι
3244 2276 3339 2346 τὴν
3375 2275 3735 2345 ἀνθρωπείαν

2155 2364 2339 2434 φύσιν,
2371 2365 2465 2418 καὶ
2498 2367 2546 2418 εί
2586 2364 2682 2435 τὴν
2714 2364 2911 2418 ἕνωσιν
2941 2364 3243 2435 άσύγχυτον
3265 2366 3601 2436 γεγενῆσθαί
3634 2384 3739 2435 φας

2156 2470 2261 2505 σιν.
2290 2454 2352 2505 Εἰ
2390 2453 2497 2523 γὰρ
2532 2453 2705 2506 ταῦτα
2742 2455 3221 2526 συνομολογηθείη,
3254 2456 3347 2509 καὶ
3386 2457 3559 2509 τᾶλλα
3593 2459 3733 2509 κατὰ

2150 2540 2304 2604 τάξιν
2332 2542 2688 2611 προσήσεται,
2723 2543 2817 2596 καὶ
2843 2545 2903 2596 τὸ
2934 2543 3103 2607 πάθος
3136 2548 3202 2614 τῇ
3232 2544 3441 2616 παθητῇ
3484 2564 3736 2616 προσαρ-

2156 2630 2485 2702 μοσθήσεται
2519 2632 2700 2701 φύσει.
2742 2632 2927 2687 Ταῦτα
2982 2637 3040 2687 ἐν
3078 2636 3355 2706 κεφαλαίῳ
3395 2637 3489 2689 νῦν
3524 2639 3736 2706 ὑπηγό-

2158 2738 2345 2791 ρευσα,
2378 2724 2473 2776 καὶ
2510 2723 2613 2793 τῆς
2640 2724 2932 2791 ἐπιστολῆς
2963 2726 3310 2797 ὑπερέϐηντὺ
3341 2728 3560 2796 μέτρον.
3611 2729 3733 2779 Ἀπ-

2154 2810 2368 2863 ἑστειλα
2401 2812 2458 2866 δὲ
2488 2814 2583 2867 καὶ
2610 2812 2679 2883 ἢν
2714 2812 2905 2883 πρώην
2958 2815 3192 2885 ἔγραψα,
3234 2819 3577 2887 προτραπεὶς
3629 2818 3731 2870 ὑπὸ

2156 2900 2251 2955 τοῦ
2307 2902 2721 2971 θεοφιλεστάτου
2757 2906 2852 2958 καὶ
2913 2906 3217 2973 άγιωτάτου
3286 2908 3576 2977 ἀνθρώπου
3638 2909 3727 2961 τοῦ

484 2912 701 2983 ι2ι9
742 2911 1094 2981 scripseram,
1139 2911 1357 2966 hortatu
1403 2910 1801 2981 religiosissimi
1831 2920 1887 2966 et
1925 2927 2055 2965 san-

481 3001 713 3056 ctissimi
756 3000 998 3055 hominis
1040 3000 1138 3054 Dei
1173 2999 1466 3055 dominiN.
1498 3000 1721 3054 brevem
1757 2999 2056 3054 institutio-

2161 2990 2293 3044 Θεοῦ
2325 2991 2420 3045 τοῦ
2472 2994 2781 3063 κυρίου.....
2818 2994 3082 3067 σύντομον
3124 2998 3491 3061 διδασκαλίαν,
3525 3001 3726 3070 ἱκανὴν

417 3128 421 3133 ι
480 3107 631 3155 nem,
657 3106 778 3161 quas
810 3100 867 3145 et
902 3090 1021 3160 ipsa
1049 3090 1286 3145 sufficiat
1309 3091 1376 3145 ad
1404 3089 1705 3144 docendam
1732 3089 2055 3159 apostolico-

2161 3078 2324 3136 οὖσαν
2351 3084 2445 3137 καὶ
2462 3084 2631 3156 αὐτὴν
2656 3085 2864 3155 διδάξαι
2884 3089 2981 3161 τὴν
3003 3089 3110 3143 τῶν
3130 3091 3499 3146 ἀποπολικῶν
3526 3095 3730 3165 δογμάο

480 3198 606 3236 rum
663 3182 977 3252 dogmatum
1005 3183 1313 3237 veritatem.
1353 3180 1508 3246 Quod
1566 3182 1611 3235 si
1659 3181 2054 3251 calligraphum

2161 3193 2265 3230 των
2305 3175 2582 3247 ἀλήθειαν.
2619 3178 2683 3231 El
2725 3178 2781 3232 δὲ
2824 3178 3041 3251 εὕροιμι
3094 3180 3489 3253 καλλιγράφον,
3520 3186 3728 3254 πέμψω

481 3280 680 3327 nactus
714 3272 892 3337 fuero,
923 3273 1137 3327 mittam
1170 3273 1448 3327 sanctitati
1488 3280 1594 3327 tua:
1623 3272 1715 3327 illa
1743 3273 1907 3327 etiam
1937 3287 2056 3342 qua:

2161 3284 2252 3322 σου
2282 3269 2348 3339 τῇ
2381 3269 2619 3341 ὁσιότητι
2649 3271 2745 3323 καὶ
2778 3269 2814 3323 ἃ
2842 3271 3163 3339 διαλογικῶς
3197 3273 3525 3345 συνέγραψα,
3571 3291 3731 3328 τουτ-

484 3362 685 3433 dialogi
719 3378 870 3418 more
901 3379 999 3433 per
1029 3364 1512 3437 interrogationem
1555 3372 1612 3419 et
1644 3363 2055 3434 responsionem

2161 3360 2273 3414 ἐστι
2317 3362 2460 3415 κατὰ
2496 3362 2765 3433 ἒρώτησιν
2803 3367 2897 3416 καὶ
2922 3364 3246 3435 ἀπόκρισιν,
3292 3367 3386 3418 καὶ
3431 3367 3520 3418 τὸν
3562 3367 3729 3435 λόγον

484 3454 811 3525 conscripsi,
849 3456 1152 3510 orationem
1205 3457 1424 3528 longius
1474 3454 1806 3526 producens,
1856 3462 1913 3508 et
1957 3455 2056 3508 Pa-

2161 3453 2409 3524 εὐρύνας,
2446 3455 2541 3507 καὶ
2584 3454 2864 3525 ὀχυρώσας
2894 3456 2961 3507 τὰ
2988 3444 3228 3527 ἡμέτερα
3258 3460 3378 3521 ταῖς
3402 3457 3504 3510 τών
3536 3460 3730 3511 [1315'-

483 3558 630 3604 trum
681 3549 949 3605 doctrinis
1003 3558 1191 3605 nostra
1246 3549 1648 3605 communiens.
1700 3548 1820 3602 Misi
1872 3556 2055 3602 autem

2161 3560 2267 3613 ρων
2289 3543 2677 3608 διδασκαλίαις.
2719 3544 3041 3598 Ἀπὲστειλα
3073 3547 3129 3599 δὲ
3155 3546 3249 3598 νῦν
3278 3548 3372 3600 καὶ
3395 3547 3575 3615 ὀλίγας
3608 3550 3728 3604 τῶν

482 3658 632 3698 nunc
648 3643 809 3698 etiam
838 3658 1040 3712 paucas
1061 3650 1307 3696 veterum
1330 3642 1713 3712 magistrorum
1733 3639 2053 3703 sententias,

2161 3633 2400 3705 ἀρχαίων
2445 3634 2784 3688 διδασκάλων
2831 3638 3075 3707 χρήσεις,
3115 3639 3306 3702 ἱκανάς
3354 3638 3518 3703 οὔσας
3547 3641 3723 3708 δεῖξαι

483 3749 607 3805 quae
635 3735 767 3787 satis
799 3734 910 3787 sint
945 3733 1012 3786 ad
1043 3732 1308 3786 doctrina:
1331 3732 1551 3786 illorum
1579 3745 1805 3799 scopum
1831 3730 2056 3784 demon-

2161 3723 2248 3777 τὸν
2299 3724 2401 3793 τῆς
2438 3725 2662 3778 ἐκείνων
2716 3726 3066 3790 διδασκαλίας
3121 3729 3338 3782 σκοπόν.
3397 3731 3723 3786 Ἀντιδοῦναι

482 3821 791 3878 strandum.
837 3820 1161 3890 Rependere
1202 3820 1370 3889 igitur
1410 3819 1589 3882 nobis,
1633 3819 1746 3873 Deo
1770 3818 2056 3872 dilectissi-

2161 3813 2331 3866 τοίνυν
2361 3815 2513 3885 ἡμῖν,
2548 3815 2954 3885 θεοφιλέστατε,
2989 3818 3325 3883 καταξίωσον
3356 3820 3454 3891 τὴν
3505 3823 3726 3876 ἐπικου-

481 3926 593 3975 me,
622 3926 847 3980 precum
867 3910 1131 3964 auxilium
1160 3909 1506 3988 dignare,.ut
1540 3923 1736 3962 saevam
1769 3916 2056 3977 tempesta-

2161 3902 2279 3975 ρίαν
2308 3904 2416 3957 τῶν
2446 3906 2783 3975 προσευχῶν,
2816 3907 2905 3961 ἵνα
2927 3908 3020 3961 τὸν
3052 3909 3284 3977 χαλεπὸν
3308 3910 3723 3983 διαπεράσωμεν

482 4006 594 4054 tem
621 3998 1013 4063 transiliamus,
1034 4008 1091 4054 et
1121 3998 1190 4052 ad
1230 3997 1553 4068 tranquillos
1597 3996 1896 4051 Salvatoris
1923 4012 2054 4067 por-

2161 3994 2421 4058 κλύδωνα,
2457 3996 2553 4048 καὶ
2592 3997 2701 4050 τών
2742 3999 3022 4069 εὐστόμων
3056 4000 3151 4054 τοῦ
3181 4002 3432 4074 Σωτῆρος
3463 4005 3721 4075 ἐπιτύχω-

482 4098 576 4144 tus
597 4089 955 4159 appellamus.

2161 4102 2256 4154 μεν
2289 4083 2543 4157 λιμένων.
2652 4082 2655 4085 λ

586 4200 821 4257 CXXXI.
852 4231 923 4241 —
950 4200 1185 4273 Longino
1223 4201 1653 4255 archimandrin
1684 4200 1944 4257 Doliches.

553 4315 623 4370 Et
667 4316 846 4370 zelum
884 4332 986 4385 pro
1031 4315 1255 4385 pietate,
1308 4322 1363 4368 et
1407 4314 1729 4367 charitatem
1772 4313 1827 4366 in
1866 4314 2053 4383 proxi-

2230 4307 2341 4361 Καὶ
2370 4308 2459 4359 τὸν
2497 4308 2637 4379 ὑπὲρ
2661 4310 2761 4378 τῆς
2804 4311 3085 4376 εὐσεϐείας
3117 4314 3297 4382 ζῆλον,
3331 4316 3427 4367 καὶ
3466 4316 3561 4383 τὴν
3593 4320 3721 4385 api

484 4423 635 4463 mum
664 4407 854 4477 religio
878 4415 1060 4462 vestra
1097 4404 1415 4460 declaravit.
1447 4404 1750 4472 Utrumque
1776 4404 1922 4457 enim
1953 4405 2056 4461 hoc

2161 4400 2247 4453 τὸν
2276 4399 2443 4462 πέλας
2472 4401 2694 4472 ἀγάπην
2724 4402 2922 4468 ἔδειξεν
2952 4406 3103 4476 ὑμῶν
3136 4410 3167 4476 ὴ
3191 4408 3491 4463 θεοσέϐεια.
3523 4411 3720 4481 Ἀμφό-

484 4508 734 4570 tempore
778 4514 1084 4553 connexum
1137 4506 1242 4552 est.
1308 4496 1413 4550 Pro
1462 4494 1776 4564 apostolicis
1821 4511 2056 4566 namque

2161 4508 2289 4561 τερα
2318 4492 2422 4562 γὰρ
2454 4492 2545 4544 ἐπὶ
2574 4492 2669 4545 τοῦ
2704 4495 2971 4565 παρόντος
3001 4497 3370 4562 συνέζευκται.
3410 4501 3576 4569 ’Υπὲρ
3616 4501 3720 4570 γὰρ

486 4590 834 4663 dogmatibus
862 4586 1422 4658 oppugnamur,quod
1460 4596 1742 4656 paternam
1765 4587 2056 4642 haeredita—

2161 4583 2265 4637 τῶν
2306 4583 2679 4637 άποστολικῶν
2733 4586 3126 4658 πολεμούμεθα
3158 4590 3446 4658 δογμάτων
3470 4633 3485 4653 ,
3540 4592 3722 4661 ἐπειδὴ

488 4691 600 4737 tem
649 4696 759 4737 non
803 4679 1143 4750 projicimus,
1183 4678 1280 4733 sed
1324 4676 1544 4746 quidvis
1591 4677 1706 4748 pati
1752 4677 2056 4742 malumus,

2161 4673 2251 4726 τὸν
2280 4672 2532 4745 πατρῷον
2559 4676 2620 4729 οὐ
2649 4677 2953 4748 προϊέμεθα
2993 4678 3212 4749 κλῆρον,
3244 4681 3378 4733 ἀλλὰ
3414 4684 3524 4735 πᾶν
3552 4682 3723 4735 ὁτιοῦν

486 4790 650 4843 quam
702 4772 910 4841 apicem
962 4785 1133 4825 unum
1181 4768 1251 4823 de
1300 4768 1611 4837 evangelica
1659 4766 1766 4822 fide
1816 4767 2056 4822 ablatum

2161 4764 2354 4817 παθεῖν
2392 4766 2693 4838 αἱρούμεθα
2732 4769 2953 4839 μᾶλλον,
2982 4771 3016 4841 ἢ
3069 4772 3200 4841 μίαν
3247 4773 3477 4844 κεραίαν
3524 4775 3587 4826 ἐκ
3629 4774 3723 4839 τῆς

486 4873 858 4919 contemnere.
903 4860 1358 4918 Communicastis
1396 4874 1526 4928 ergo
1567 4858 1914 4929 passionibus
1957 4875 2056 4914 no-

2161 4855 2518 4924 εὐαγγελικῆς
2562 4859 2798 4917 πίστεως
2848 4861 3097 4931 παριδεῖν
3151 4863 3507 4934 συλουμένην.
3537 4865 3725 4917 Κεκοιι

487 4955 638 5017 stris,
675 4962 791 5007 tum
830 4968 929 5023 per
970 4953 1182 5008 litteras
1220 4949 1588 5013 consolantes,
1622 4957 1737 5002 tum
1778 4949 2056 5003 mittentes

2161 4951 2441 5020 νωνήκατε
2492 4950 2668 5004 τοίνυν
2731 4952 2861 5023 ἡμῖν
2899 4953 3006 5005 τῶν
3064 4953 3435 5024 παθημάτων,
3491 4955 3588 5009 καὶ
3638 4954 3725 5009 διὰ

488 5044 978 5101 reverendissimos
1029 5059 1094 5098 ac
1153 5038 1595 5111 religiosissimos
1645 5037 1957 5091 Matthaeum
2005 5047 2056 5092 et

2161 5041 2503 5111 γραμμάτων
2534 5040 3055 5112 ψυχαγωγήσαντες,
3107 5045 3202 5096 κα)⁸
3248 5042 3565 5114 πέμψαντες
3594 5045 3725 5114 πρὸς

486 5135 720 5190 lsacium
773 5132 1032 5187 diaconos
1074 5150 1087 5187 :
1129 5130 1494 5199 audietisque,
1540 5136 1625 5182 sat
1664 5127 1798 5191 scio,
1834 5142 1865 5180 a
1904 5127 2054 5197 justo

2162 5131 2309 5201 ἡμᾶς
2338 5131 2465 5194 τοὺς
2488 5132 2851 5201 τιμιωτάτους
2881 5134 2975 5186 καὶ
3001 5134 3426 5197 εὐλαϐεστὰτους
3451 5135 3723 5189 Ματίθαῖον

432 5282 440 5297 ί
486 5223 678 5280 Judice
713 5241 727 5277 :
770 5241 790 5273 ‹
830 5222 888 5277 ln
915 5238 1138 5277 carcere
1163 5237 1333 5286 eram,
1374 5228 1431 5275 et
1458 5218 1688 5273 venistis
1719 5217 1785 5271 ad
1820 5232 1905 5271 me
1929 5218 1994 5272 ⁸⁸.
2029 5237 2048 5270 ι

2235 5224 2325 5275 ‘t'l
2416 5223 2427 5239 '
2640 5224 2652 5239 ‘
2731 5223 2759 5276 δ
2858 5224 2885 5276 ό
2990 5240 3045 5255 ³·
3260 5220 3289 5261 δ’
3354 5220 3375 5239 '
3618 5224 3693 5261 ὀ

2162 5242 2234 5277 κα
2332 5240 2541 5292 σαακην
2574 5240 2699 5285 τους
2765 5241 2856 5277 ιακ
2889 5241 3010 5288 νον,
3086 5226 3201 5290 καὶ,
3232 5242 3291 5278 ε.)
3324 5224 3463 5289 οιδα,
3503 5226 3724 5278 axona..-

488 5310 643 5368 Licet
672 5315 818 5370 enim
849 5314 987 5369 viles
1018 5314 1214 5379 simus,
1243 5329 1305 5369 ac
1338 5311 1543 5384 pusilli,
1568 5318 1625 5365 et
1644 5324 1838 5379 magno
1860 5324 2055 5379 pecca~

2166 5313 2259 5366 σθε
2290 5314 2438 5383 παρὰ
2477 5312 2571 5365 τοῦ
2604 5313 2813 5368 δικαίου
2853 5316 3057 5385 Κριτοῦ
3078 5334 3093 5349 ·
3130 5335 3151 5367 ι
3187 5316 3276 5371 Ἑν
3303 5316 3519 5387 φυλακῇ
3559 5317 3719 5385 ἥμην,

492 5406 671 5457 torum
702 5420 870 5460 onere
899 5406 1127 5477 gravati,
1152 5416 1208 5461 at
1234 5404 1551 5477 magnificus
1580 5406 1593 5423 ‘
1618 5409 1675 5457 et
1705 5401 1946 5457 liberalis
1974 5411 2056 5456 est

2164 5403 2259 5457 καὶ
2295 5401 2483 5471 ἢλθετε
2535 5402 2671 5473 πρός
2700 5422 2790 5475 με.
2826 5424 2846 5456 ι
2893 5406 2957 5458 Εἰ
2995 5406 3105 5474 γὰρ
3151 5406 3247 5459 καὶ
3290 5407 3453 5477 ἡμεῖς
3496 5404 3722 5465 auulsi;

2277 4194 2445 4248 PAA'.
2467 4226 2536 4236 —
2560 4198 2825 4267 Λογγίνῳ
2853 4201 3279 4272 ἀρχιμανδρίτῃ
3312 4205 3593 4273 Δολιχῆς.

564 5548 608 5580 ⁸³
644 5552 763 5607 Act.
798 5572 911 5623 vin,
942 5556 994 5608 2.
1072 5559 1115 5588 η
1139 5557 1293 5612 Joan.
1319 5575 1390 5623 vi,
1428 5558 1513 5611 52.
1591 5559 1635 5588 ⁵³
1669 5556 1799 5610 Luc.
1831 5572 1960 5621 χχιι,
1999 5556 2056 5611 ιι]

2163 5555 2210 5588 ⁵⁵
2234 5555 2253 5609 l
2277 5554 2402 5611 Cor.
2442 5573 2515 5622 x1,
2538 5556 2626 5613 24.
2707 5560 2751 5591 ⁸⁵
2778 5560 2965 5614 Matth.
3002 5577 3125 5628 xxv,
3147 5560 3233 5615 '56.
