3962 6204
241 257 370 324 1349

1508 249 1868 313 EPISTULA
1908 251 2231 312 CXXXIII.

3352 260 3490 326 1350

239 373 328 425 καὶ
357 367 602 441 σμικροὶ,
627 365 721 420 καὶ
763 361 932 416 πολὺν
964 360 1382 434 ἁμαρτημάτων
1426 361 1624 432 φόρτον
1654 376 1810 433 περι-

1922 361 2206 416 Dominus.
2259 362 2554 433 Propterea
2600 364 2813 435 1220
2858 381 2968 420 non
3017 381 3358 438 magnorum,
3396 375 3491 429 sed

237 463 495 533 κείμενοι,
525 459 640 513 ἀλλ’
689 459 717 510 ὀ
763 455 1036 526 Δεσπότης
1069 453 1352 522 φιλότιμός
1381 469 1440 505 τε
1483 455 1576 506 καί
1629 470 1802 523 μεγαο

233 557 481 627 λόδωρος.
523 553 621 606 Διά
653 566 737 604 τοι
767 549 924 603 τοῦτο
949 548 1010 602 οὐ
1049 548 1156 600 τῶν
1201 546 1472 616 μεγάλων,
1525 546 1659 600 ἀλλὰ
1693 545 1802 599 τῶν

239 645 478 718 σμικρῶν
509 643 802 714 μέμνηται,
833 639 928 692 καί
957 653 1153 708 φησιν’
1186 655 1205 688 ι
1229 637 1344 705 Ἐφ’
1365 638 1487 690 ὅσον
1511 638 1803 707 ἐποιήσατε

239 737 313 790 ἐνὶ
335 735 442 789 τῶν
467 731 715 802 σμικρῶν
737 729 846 782 τῶν
872 728 1171 798 ἐλαχίστων
1203 727 1312 780 τῶν
1333 728 1698 781 πιστευόντων
1721 727 1804 789 είς

235 827 350 895 ἐμὲ,
401 821 524 894 ἐμοὶ
565 823 878 891 ἐποιήσατε.
909 837 928 870 ›
980 818 1197 888 Ἐπειδὴ
1227 818 1410 871 τοίνυν
1453 819 1550 872 καί
1589 820 1647 870 ἐν
1693 819 1805 881 τοῖς

233 916 406 987 ὀρθοῖς
439 912 772 983 διαπρέπετε
813 909 1066 980 δόγμασι,
1103 911 1196 961 καὶ
1225 906 1304 978 τῷ
1341 909 1640 979 ἀξιεπαίνῳ
1668 907 1807 976 λάμ-

237 1023 360 1059 πετε
391 1004 512 1075 βίῳ,
545 1003 642 1057 καὶ
681 1001 880 1071 πολλὴν
911 997 1160 1052 ἐντεῦθεν
1201 998 1336 1069 πρὸς
1361 998 1452 1050 τὸν
1478 997 1612 1050 Θεὸν
1651 996 1806 1067 ἔχετε

237 1096 579 1167 παρρησίαν,
614 1093 932 1164 ἐπαμύνατέ
981 1109 1071 1162 μοι
1121 1093 1242 1152 ταῖς
1296 1093 1660 1160 προσευχαῖς,
1721 1088 1808 1141 ἵνα

230 1189 504 1257 ἀντισχεῖν
524 1185 756 1255 δυνηθῶ,
781 1184 922 1236 κατά
942 1182 1040 1253 τὴν
1059 1181 1423 1250 ἀποστολικὴν
1443 1180 1646 1249 φωνὴν,
1671 1178 1805 1250 πρὸς

231 1277 326 1344 τὰς
361 1276 638 1346 μεθοδείας
661 1275 762 1344 τῆς
793 1274 1022 1342 πλάνης,
1051 1271 1142 1326 καὶ
1165 1271 1415 1341 διαφύγω
1440 1270 1540 1338 τάς
1561 1268 1654 1323 τοῦ
1677 1268 1808 1321 ἀλάο

1910 467 2206 522 parvorum
2254 456 2589 511 mentionem
2647 456 2814 521 facit,
2865 457 3054 513 dicens
3097 477 3109 511 :
3163 479 3180 510 ι
3211 459 3491 529 Quantum

1910 542 2118 598 fecistis
2165 545 2261 597 uni
2313 561 2380 600 ex
2429 547 2612 617 parvis
2673 548 2795 603 istis
2857 549 3121 615 minimis,
3165 553 3258 622 qui
3298 553 3353 606 in
3403 572 3490 611 me

1909 632 2165 697 credunt,
2194 634 2326 688 mihi
2362 635 2571 692 fecistis
2598 638 2686 691 ⁵⁸⁸.
2722 657 2739 688 ι
2785 638 3054 704 Quoniam
3088 656 3218 712 ergo
3245 651 3299 698 et
3328 647 3494 700 rectis

1909 723 2260 796 dogmatibus
2283 727 2574 792 excellitis,
2609 738 2665 783 et
2689 728 2950 784 laudabili
2984 731 3095 784 vita
3126 733 3406 798 relucctis,
3439 747 3495 791 et

1909 831 2163 887 magnam
2209 817 2444 887 proinde
2488 819 2629 889 apud
2672 821 2843 874 Deum
2894 820 3148 877 ﬁduciam
3203 824 3488 892 obtinctis,

1911 908 2166 978 adjuvate
2212 924 2300 964 me
2345 911 2632 980 precibus,
2672 920 2732 965 ut
2782 913 3040 969 resistere
3081 915 3305 984 possim.
3337 918 3490 987 juxta

1910 1009 2098 1052 vocem
2147 997 2393 1067 Apostoli
2426 999 2494 1063 ⁵⁸,
2545 999 2807 1054 adversus
2861 1003 3090 1059 insidias
3138 1007 3382 1072 erroris,
3435 1017 3492 1063 et

1910 1087 2134 1157 pessimi
2175 1088 2438 1142 dasmonis
2489 1089 2794 1144 tendiculas
2838 1093 3117 1163 effugiam,
3153 1104 3210 1149 et
3231 1098 3317 1151 vel
3365 1114 3490 1153 cum

1907 1177 2106 1247 exigua
2132 1175 2353 1243 fiducia,
2380 1179 2438 1232 in
2464 1179 2554 1234 die
2578 1181 2943 1250 apparitionis
2969 1200 3056 1240 me
3092 1185 3278 1242 sistam
3305 1203 3489 1244 coram

1907 1267 2057 1337 justo
2086 1267 2300 1322 Judice.

237 1386 424 1442 στορος
457 1368 658 1437 πάγας,
711 1368 806 1422 καὶ
843 1367 980 1438 μετά
1033 1366 1274 1437 σμικρᾶς
1333 1363 1646 1436 παρρησίας
1683 1365 1740 1416 ἐν
1811 1363 1870 1433 τῇ
1908 1361 2008 1433 τῆς
2074 1361 2397 1429 ἐπιφανείας
2453 1361 2637 1432 ἡμέρᾳ
2683 1364 2949 1432 παραστῶ
2995 1365 3105 1437 (92)
3166 1367 3242 1439 τῷ
3296 1369 3490 1441 δικαίῳ

235 1462 429 1516 Κοιτῆ.

325 1464 429 1533 ιτῇ.

288 1479 316 1534 ρ
405 1571 572 1627 ΡΛΒ¹.
598 1601 669 1612 -
700 1571 819 1638 Ἵσᾳ
852 1571 1164 1636 ἐπισκόπῳ
1201 1569 1456 1637 Ἐδέσης
1485 1568 1621 1640 (9⁸5).

301 1687 440 1750 Τοὺς
480 1685 869 1754 ἀδικουμένους
902 1684 1002 1738 οὐκ
1051 1684 1302 1753 ἀθυμεῖν,
1346 1681 1482 1735 ἀλλά
1520 1681 1728 1752 χαίρειν
1773 1681 1802 1733 ὁ

235 1779 510 1847 Δεσπότης
554 1775 906 1848 προσέταξεν,
943 1775 1037 1830 καὶ
1089 1776 1154 1828 ἐκ
1201 1775 1310 1826 τῶν
1353 1764 1597 1826 παλαιῶν
1623 1771 1803 1825 ἐλκειν

237 1867 696 1938 παραδειγμάτων
742 1864 843 1935 τῆς
880 1863 1238 1934 ψυχαγωγίας
1264 1861 1363 1925 τὰς
1393 1860 1665 1932 ἀφορμάς.
1711 1860 1804 1912 Ἐκ

234 1959 340 2030 γὰρ
369 1958 476 2010 τῶν
507 1957 721 2028 πρῶτον
757 1955 972 2026 φύντων
1016 1953 1320 2026 ἀνθρώπων
1348 1952 1509 2024 μέχρι
1537 1950 1630 2004 τοῦ
1665 1967 1804 2021 παρο

233 2050 381 2113 όντος
426 2047 644 2120 καιροῦ,
677 2048 805 2110 τούς
857 2046 950 2100 τὸν
987 2045 1123 2100 ὅλων
1171 2045 1568 2106 ἐσπουδακότας
1626 2041 1803 2095 σέϐειν

234 2139 364 2194 Θεὸν
387 2140 531 2193 ἔστιν
561 2139 741 2210 εὑρεῖν
775 2137 924 2208 ποιρά
953 2136 1061 2189 τῶν
1106 2133 1560 2205 συμϐεϐιωκὸτων
1592 2131 1805 2204 ἀνθρώ-

234 2249 350 2284 πων
399 2229 782 2300 ἠδικημένους,
838 2228 930 2280 καὶ
966 2227 1238 2287 πλείστοις
1281 2225 1419 2292 ἄγαν
1458 2239 1806 2294 περιπεπτω-

234 2321 405 2382 κότας·
419 2320 680 2390 ἀνιαροῖς.
699 2316 809 2370 Καὶ
836 2315 1041 2368 τούτων
1065 2314 1129 2368 ἂν
1149 2316 1239 2367 τὸν
1263 2313 1561 2380 κατάλογον
1589 2311 1806 2365 ἅπαντα

233 2410 528 2480 διεξῆλθον,
560 2407 718 2479 είπερ
739 2404 1059 2458 ἐπέστελλον
1084 2404 1237 2474 ἀνδρὶ
1261 2402 1359 2473 τὴν
1389 2401 1539 2455 θείαν
1563 2400 1807 2473 ἀκριϐῶς

232 2502 330 2555 οὐκ
368 2499 718 2569 ἐπισταμένῳ
761 2497 1004 2568 Γραφήν.
1051 2495 1268 2564 Ἐπειδὴ
1312 2494 1367 2546 δέ
1412 2493 1663 2546 παιδόθεν
1695 2495 1806 2555 τοῖς

235 2593 397 2657 θείοις
453 2591 754 2662 ἐνετράφης
811 2586 1033 2654 λογίοις,
1084 2582 1484 2653 θεοφιλέστατε,
1531 2581 1805 2650 παρέλκον

233 2678 389 2755 οἶμαι
426 2681 585 2734 τοῦτο
636 2681 830 2732 ποιεῖν.
873 2677 966 2739 Είς
1005 2675 1242 2737 ἐκείνους
1274 2674 1331 2727 δέ
1381 2673 1556 2744 μόνον’
1596 2672 1806 2743 ἀφορᾷν

235 2774 392 2840 ἀξιῶ,
433 2773 526 2826 καὶ
573 2770 683 2823 τῶν
728 2765 1257 2838 φιλανθρωποτὰτων
1295 2764 1486 2833 ἱερέων
1536 2763 1660 2825 τοὺς
1709 2763 1806 2832 μὲν

235 2863 566 2934 ἠδικηκότας
594 2861 831 2932 θρηνεῖν,
864 2858 989 2920 τοὺς
1029 2855 1086 2908 δὲ
1114 2853 1467 2926 παρορῶντας
1498 2851 1686 2916 ἐλεεῖν,
1717 2850 1808 2903 καὶ

2189 1559 2449 1619 CX'AXII.
2481 1595 2550 1604 —
2577 1565 2685 1620 Ibw
2718 1567 2954 1639 episcopo
2988 1567 3194 1622 ﬁdem.

1981 1676 2090 1732 Eos
2133 1678 2227 1748 qui
2282 1679 2537 1748 injuriam
2586 1681 2878 1750 patiuntur
2920 1682 3108 1736 animo
3152 1658 3260 1738 non
3303 1684 3486 1754 dejici,
3569 1678 3588 1692 ’

1911 1766 2006 1822 sed
2047 1769 2284 1838 gaudere
2319 1770 2582 1825 Dominus
2617 1772 2804 1842 jussit,
2835 1781 2892 1827 et
2923 1774 3312 1831 consolationis
3345 1777 3489 1831 invi-

1912 1866 2150 1914 tamenta
2183 1876 2250 1915 ex
2282 1861 2526 1931 antiquis
2550 1863 2814 1933 exemplis
2855 1863 3080 1919 ducere.
3125 1865 3254 1920 Post
3281 1868 3490 1935 primos

1911 1955 2059 2009 enim
2097 1954 2350 2009 homines
2387 1962 2548 2010 natos
2587 1955 2654 2009 ad
2693 1955 2799 2021 hoc
2835 1969 3008 2024 usque
3045 1963 3262 2025 tempus
3298 1958 3490 2013 obser—

1910 2062 2041 2100 vare
2089 2054 2194 2110 est,
2230 2046 2510 2101 studiosos
2560 2046 2656 2101 Dei
2703 2046 3084 2101 universorum
3132 2047 3374 2103 cultores
3421 2049 3491 2104 ab

1914 2136 1981 2190 iis
2034 2135 2365 2204 quibuscum
2417 2135 2678 2189 vivebant
2727 2134 2949 2204 injuriis
2999 2144 3225 2190 vexatos
3275 2151 3494 2207 semper

1911 2225 2104 2292 fuisse,
2132 2226 2506 2296 plurimasque
2531 2235 2587 2282 et
2612 2241 2806 2296 graves
2829 2226 2884 2280 in
2909 2226 3187 2281 molestias
3212 2225 3490 2282 incidisse.

1911 2316 2157 2384 Quorum
2198 2332 2299 2388 ego
2353 2317 2624 2388 integrum
2675 2318 2982 2388 catalogum
3031 2332 3406 2382 recenserem,
3445 2317 3492 2373 si

1913 2409 1979 2464 ad
2011 2409 2288 2462 hominem
2327 2408 2650 2472 scriberem,
2682 2408 2770 2462 cui
2800 2408 2986 2461 divina
3019 2407 3302 2477 Scriptura
3334 2407 3494 2477 peni-

1913 2508 2002 2552 tus
2035 2507 2293 2568 percepta
2316 2513 2428 2552 non
2451 2508 2618 2554 esset.
2651 2498 2759 2553 Sed
2790 2514 2914 2553 cum
2947 2498 3002 2552 in
3028 2498 3231 2554 divinis
3260 2498 3498 2567 eloquiis

1912 2602 1942 2640 a
1978 2603 2174 2656 puero,
2215 2588 2312 2642 Dei
2353 2589 2750 2649 amantissime,
2781 2589 2859 2642 sis
2903 2589 3189 2653 educatus,
3230 2603 3497 2657 superva-

1912 2692 2145 2732 caneum
2180 2678 2286 2731 hoc
2318 2693 2439 2732 esse
2473 2678 2734 2732 arbitror.
2769 2678 2956 2733 Solum
2983 2693 3118 2748 rogo
3155 2685 3218 2731 ut
3254 2677 3378 2732 illos
3411 2677 3497 2732 in-

1913 2772 2125 2830 tueare,
2169 2776 2335 2835 atque
2375 2782 2442 2820 ex
2487 2765 2899 2822 humanissimis
2948 2767 3068 2822 istis
3115 2767 3494 2823 sacerdotibus

1916 2870 2012 2910 eos
2044 2856 2231 2927 lugeas
2263 2859 2355 2927 qui
2391 2857 2650 2928 injuriam
2706 2858 2934 2924 faciunt,
2965 2874 3158 2914 eorum
3193 2859 3493 2915 misereare

236 2953 327 3006 τδν
365 2953 466 3022 μὲν
496 2951 592 3020 τῆς
643 2946 970 3019 Ἐκκλησίας
1013 2943 1297 3014 ὀδύρεσθαι
1332 2941 1576 2994 κλύδωνα
1597 2958 1609 2971 ·
1639 2942 1719 2993 ὅτι
1753 2939 1810 2992 δὲ

1917 2945 2008 3014 qui
2063 2945 2421 3015 deSpiciunt:
2466 2954 2578 3000 tum
2624 2945 2884 3001 Ecclesia:
2935 2946 3158 3016 quidem
3197 2948 3491 3016 procellam

235 3044 345 3098 τῶν
386 3042 527 3112 ὑπὲρ
574 3041 670 3111 τῆς
721 3035 1004 3098 εὐσεϐείας
1062 3031 1402 3102 παθημάτων
1451 3029 1802 3100 μετέσχομεν,

236 3133 450 3204 χαίρειν
499 3131 594 3185 καὶ
647 3126 965 3198 γάννυσθαι,
1016 3126 1110 3178 καὶ
1152 3124 1243 3177 τὸν
1281 3122 1482 3192 ταύτης
1528 3124 1676 3192 ἡμᾶς
1708 3122 1807 3191 τῆς

243 3223 460 3295 μερίδος
489 3219 828 3291 πεποιηκότα
855 3215 1118 3288 διηνεκῶς
1153 3215 1430 3285 ἀνυμνεῖν.
1468 3213 1810 3283 Παραχωρή-

241 3332 424 3386 σωμεν
461 3315 572 3376 τοῖς
596 3310 918 3366 ἀπεκτονόσι
951 3309 1046 3361 καὶ¹
1080 3305 1265 3376 τιμῆς,
1306 3307 1401 3358 καὶ
1439 3304 1671 3374 τρυφῆς,
1715 3303 1811 3355 καὶ⁵

240 3406 549 3478 προεδρίας,
583 3404 677 3458 καὶ
710 3403 808 3472 τῆς
842 3400 1106 3469 δυστήνου
1131 3396 1311 3466 δόξης.
1353 3396 1528 3449 Μόνον
1556 3395 1611 3447 δὲ
1653 3395 1812 3463 ἡμεῖς

238 3497 348 3549 τῶν
385 3493 754 3563 εὐαγγελικῶν
777 3491 1060 3560 δογμάτων
1097 3486 1372 3558 ἐχώμεθα,
1406 3485 1500 3537 καὶ
1524 3483 1638 3555 μετ’
1670 3481 1813 3535 ἐκεί-

238 3606 346 3641 νων
372 3589 436 3642 ἂν
461 3588 559 3658 δέῃ
586 3588 695 3638 πᾶν
715 3582 894 3638 ὁτιοῦν
918 3579 1164 3648 ἀλγεινὸν
1193 3579 1572 3649 ὑπομένωμεν,
1594 3575 1687 3628 καὶ
1713 3575 1813 3643 τὴν

237 3682 557 3751 ἀξιόκτητον
583 3677 773 3730 πενίαν
806 3675 899 3728 τοῦ
929 3671 1346 3743 πολυφρόντιδος
1387 3669 1814 3740 προτιμήσωμεν

240 3772 498 3826 πλούτου.
529 3768 716 3823 Ταῦτα
747 3767 802 3820 δὲ
825 3766 1044 3838 γράφω,
1071 3765 1132 3818 οὐ
1165 3763 1486 3833 παραίνεσιν
1540 3759 1806 3832 εἰσφέρων

242 3863 439 3936 (ἔγνων
463 3862 571 3932 γάρ
602 3876 694 3913 σου
737 3859 836 3929 τῆς
867 3856 1144 3926 ὁσιότητος
1183 3854 1282 3926 τὴν
1315 3856 1373 3907 ἐν
1414 3855 1525 3916 τοῖς
1553 3851 1838 3920 ἀλγεινοῖς

241 3950 599 4025 παρρησίαν).
633 3949 768 4004 ἀλλά
797 3949 896 4020 τὴν
931 3947 1168 4018 ἐμαυτοῦ
1192 3945 1415 4016 γνώμην
1447 3945 1615 4015 δήλην
1649 3945 1714 4013 τῇ
1747 3944 1815 4012 σῇ

241 4045 489 4116 φιλοθεῖα
541 4042 730 4106 ποιῶν,
782 4041 877 4096 καὶ
937 4040 1204 4094 διδάσκων
1248 4037 1323 4102 ὡς
1361 4036 1526 4108 ἔχεις,
1562 4036 1815 4101 δέσποτα,

243 4135 651 4203 συναγωνιστάς
680 4133 932 4204 ἀσμένως
959 4132 1060 4202 τῆς
1089 4129 1342 4201 ἀληθείας
1373 4126 1814 4200 προκινδυνεύονο

240 4244 362 4290 τας.
403 4226 575 4279 Τοῦτο
614 4224 782 4278 πάλαι
827 4221 1112 4294 βουληθεὶς
1159 4218 1481 4282 ἐπιστεῖλαι,
1515 4218 1615 4288 οὐχ
1657 4210 1817 4286 εὖρον

1907 3035 2194 3105 deplores;
2228 3036 2375 3106 quod
2419 3052 2550 3091 vero
2586 3053 2959 3092 aerumnarum
2993 3053 3094 3106 pro
3126 3037 3329 3106 pietate
3367 3055 3488 3108 par.

1908 3125 2106 3192 ticipes
2139 3125 2427 3189 fuerimus,
2462 3127 2699 3196 gaudeas
2734 3122 2942 3195 122'],
2986 3136 3042 3180 et
3087 3127 3306 3191 laeteris,
3337 3138 3394 3183 et
3421 3129 3492 3183 il-

1907 3215 2023 3272 lum
2067 3216 2162 3284 qui
2217 3215 2274 3269 in
2321 3216 2464 3270 hanc
2510 3227 2715 3271 sortem
2764 3232 2866 3270 nos
2917 3216 3103 3288 allegit
3154 3217 3378 3274 laudare
3421 3235 3491 3275 ne

1911 3317 2113 3358 cesses.
2143 3304 2419 3359 Cedamus
2463 3305 2913 3360 interfectoribus
2941 3306 3211 3361 honorem
3253 3318 3309 3363 et
3349 3309 3495 3364 deli-

1911 3393 2046 3457 cias,
2077 3402 2136 3448 et
2175 3394 2322 3448 sedis
2365 3395 2804 3467 praerogativam,
2839 3401 2896 3448 et
2929 3395 3156 3464 gloriam
3195 3397 3495 3462 infelicem.

1912 3485 2148 3539 Tantum
2195 3485 2527 3556 evangelicis
2566 3501 2669 3540 nos
2716 3485 3062 3554 dogmatibus
3103 3484 3496 3551 inbaareamus,

1911 3583 1969 3629 et
2004 3589 2130 3628 cum
2161 3573 2291 3638 illis,
2327 3573 2374 3628 si
2403 3589 2542 3643 opus
2573 3584 2682 3639 est,
2711 3573 2930 3642 quidvis
2957 3588 3213 3642 asperum
3245 3573 3492 3642 perfera-

1914 3680 2064 3728 mus,
2108 3664 2551 3733 laudabilemque
2588 3673 2968 3734 paupertatem
3009 3663 3189 3733 plenis
3235 3678 3492 3718 curarum

1914 3755 2124 3811 divitiis
2171 3762 2592 3825 anteponamus.
2644 3753 2770 3810 llaec
2815 3766 2999 3809 autem
3045 3754 3250 3818 scribo,
3287 3769 3395 3808 non
3433 3763 3494 3809 ut

1915 3843 2294 3898 cohortatione
2347 3850 2500 3908 utar;
2550 3842 2679 3897 novi
2730 3842 2877 3897 enim
2926 3841 3234 3897 sanctitatis
3292 3850 3397 3898 tute
3437 3844 3495 3900 in

1915 3933 2082 3988 rebus
2132 3933 2344 4003 asperis
2387 3933 2751 3988 constantiam
2799 3951 2812 3988 :
2857 3933 2952 3989 sed
2997 3941 3059 3988 ut
3102 3933 3352 4005 religioni
3387 3944 3496 3990 tua:

1917 4041 2139 4081 sensum
2171 4041 2356 4080 meum
2382 4026 2650 4096 aperiam,
2687 4026 3024 4095 doeeamque
3055 4026 3260 4081 habere
3296 4035 3370 4092 te,
3397 4027 3497 4083 do-

1919 4117 2066 4172 mine
2087 4157 2102 4182 ,
2147 4117 2589 4182 commilitones,
2637 4117 2732 4186 qui
2771 4131 2829 4170 se
2874 4117 3137 4186 periculis
3168 4132 3268 4187 pro
3295 4117 3502 4187 pietate

1917 4211 2156 4266 libenter
2191 4212 2476 4283 objiciant.
2507 4210 2662 4278 Quod
2702 4210 2928 4281 quidem
2956 4210 3024 4264 ad
3065 4217 3117 4265 te
3143 4212 3254 4280 jam
3281 4209 3500 4279 pridem

240 4321 336 4374 τὸν
366 4319 660 4390 κομιοῦντα
689 4317 757 4371 τά
791 4291 1114 4386 γράμματα.
1163 4311 1467 4383 Ἐπιτυχὼν
1494 4310 1551 4364 δέ
1585 4309 1682 4362 νῦν
1719 4308 1810 4362 τοῦ

1920 4303 2163 4358 scribere
2203 4319 2328 4358 cum
2369 4303 2424 4357 in
2462 4303 2648 4357 animo
2683 4312 2850 4366 esset,
2875 4317 2987 4356 non
3021 4301 3202 4355 inveni
3229 4301 3323 4370 qui
3350 4301 3500 4355 litte-

241 4413 575 4482 τιμιωτάτου
623 4411 718 4463 καὶ
751 4406 1145 4461 εὐλαϐεστάτου
1191 4403 1562 4474 πρεσϐυτέρου
1611 4399 1816 4467 Ὀζέου,

243 4501 436 4572 ἀνδρὸς
482 4502 578 4554 καὶ
617 4502 714 4571 τῆς
750 4497 1030 4557 εὐσεϐείας
1072 4495 1539 4566 ὑπερμαχοῦντος,
1584 4492 1680 4546 καὶ⁵
1719 4493 1820 4562 τῆς

246 4593 346 4662 σῆς
376 4591 744 4661 ἐξηρτημένον
781 4588 1084 4651 εὐσεϐείας,
1129 4587 1224 4640 καὶ
1257 4586 1479 4655 γράφω,
1525 4585 1620 4637 καὶ
1657 4599 1818 4654 περι-

244 4680 559 4750 πτύσσομαί
611 4698 705 4733 σου
750 4680 848 4751 τὴν
891 4679 1167 4749 ὁσιότητα,
1213 4677 1309 4730 καὶ
1353 4673 1654 4746 παρακαλῶ
1697 4675 1820 4736 ταῖς

247 4775 578 4843 προσευχαῖς
629 4771 775 4841 ἡμᾶς
822 4770 1164 4842 ὑπερείδειν,
1224 4767 1317 4820 καὶ⁵
1383 4765 1658 4836 στηρίζειν
1709 4767 1820 4827 τοῖς

247 4863 589 4932 γράμμασιν.

338 4970 504 5026 PM".
535 5002 604 5012 —
650 4971 897 5039 Ἰωάννῃ
934 4971 1246 5035 ἐπισκόπῳ
1273 4968 1722 5037 Γερμανικείας.

325 5083 450 5135 Ὅτι
485 5085 582 5152 μὲν
607 5086 705 5135 οὐκ
735 5085 1088 5154 ἀμνημονεῖς,
1129 5083 1387 5143 δέσποτα,
1415 5081 1511 5149 τῆς
1548 5078 1824 5148 ἡμετέρας

249 5172 456 5242 φιλίας,
490 5173 584 5224 καὶ
617 5171 785 5242 ᾔδειν,
836 5173 930 5224 καὶ
962 5167 1075 5225 οῖδα
1129 5170 1333 5240 σαφῶς.
1390 5167 1725 5238 Ἐϐουλόμην
1767 5166 1826 5220 δέ

248 5257 403 5336 ὅμως
431 5263 524 5316 καὶ
555 5263 823 5333 ηὐχόμην,
848 5263 946 5332 τὴν
979 5263 1078 5332 μὲν
1101 5262 1213 5333 (94)
1254 5261 1352 5329 σὴν
1388 5259 1696 5313 θεοσέϐειαν
1726 5257 1825 5327 τῆς

323 5419 389 5450 ⁸⁸“
415 5415 607 5472 Matth.
648 5433 772 5482 xxv,
807 5416 892 5470 60.
972 5416 1018 5448 ⁸⁸
1049 5416 1252 5485 Ephes-
1284 5431 1357 5478 ιν,
1403 5416 1488 5469 “-

328 5572 440 5644 (92)
465 5572 542 5644 l_ta
573 5580 720 5626 recte
758 5568 1126 5644 Νυςιικηδὶιτῐιἶ
1144 5567 1382 5644 habebat
1407 5587 1420 5621 :
1445 5571 1612 5644 παρά.

336 5637 444 5716 {03)
479 5641 704 5711 Baron.,
739 5637 992 5705 tome’l,
1024 5654 1076 5707 p.
1107 5637 1203 5692 101
1239 5651 1355 5705 seq.
1410 5638 1475 5692 ad
1527 5637 1575 5692 ξι.
1618 5639 1679 5693 (ἶ.
1708 5638 1832 5702 M9,

1921 4407 2011 4446 ras
2049 4391 2339 4460 perferret.
2390 4391 2548 4446 Nune
2587 4404 2721 4445 vero
2760 4389 3283 4444 reverendissimum
3316 4395 3332 4408 ’
3366 4388 3500 4442 reli-

1920 4481 2403 4552 giosissimnmque
2434 4481 2814 4552 presbyterum
2849 4479 3047 4536 Ozeam
3078 4489 3292 4544 nactus,
3315 4479 3501 4534 virum

1921 4573 2017 4642 qui
2053 4580 2112 4627 et
2153 4572 2414 4642 pietatem
2465 4579 2670 4635 tuetur,
2709 4579 2766 4625 et
2813 4571 2916 4625 tibi
2967 4569 3346 4625 deditissimus
3391 4575 3496 4632 est,

1922 4662 2127 4726 scribo,
2165 4669 2223 4715 et
2267 4661 2445 4715 saluto
2482 4661 2824 4714 sanctitatem
2870 4669 3042 4721 tuam,
3089 4667 3146 4719 et
3195 4673 3293 4713 oro
3341 4665 3401 4711 ut
3444 4663 3502 4712 et

1925 4754 2184 4824 precibus
2211 4768 2298 4807 me
2327 4751 2541 4817 fulcias,
2573 4759 2630 4807 et
2658 4752 2862 4806 litteris
2893 4749 3204 4806 confirmes.

2079 4963 2360 5020 CXXXIII.
2391 4991 2457 5002 —
2482 4959 2678 5015 Joanni
2713 4958 2947 5028 episcopo
2981 4955 3346 5012 Germanicae.

2001 5079 2383 5134 Immemorem
2424 5083 2509 5140 te,
2549 5073 2802 5137 domine,
2851 5070 3107 5126 amicitia:
3151 5076 3351 5124 nostrae
3396 5081 3508 5122 non

1930 5185 2052 5226 esse
2098 5169 2340 5225 sciebam
2390 5165 2670 5237 equidem,
2714 5171 2770 5219 et
2811 5162 3022 5234 liquido
3061 5161 3210 5216 novi.
3253 5157 3362 5216 Sed
3408 5171 3511 5228 ego

1934 5258 2254 5329 religionem
2305 5265 2456 5311 tuam
2509 5255 2762 5311 volebam
2813 5261 2870 5308 et
2928 5251 3184 5324 optabam
3226 5264 3343 5306 rem
3386 5263 3512 5324 per.

1935 5565 2184 5621 eamdem
2209 5563 2374 5617 habet
2401 5560 2708 5632 epistolam.

2017 5636 2125 5705 (94)
2158 5636 2256 5705 μὲν
2279 5631 2461 5686 addidi
2495 5647 2524 5685 e
2551 5631 2721 5699 Neap.
