3962 6204
556 239 689 302 1351

1527 235 2009 298 TIIEODORETI
2048 233 2381 293 EPISCOPI
2413 237 2771 297 CYRENSIS

3642 235 3768 303 1352

551 357 748 408 feetam
783 363 1061 424 praestare,
1099 355 1646 424 communionemque
1683 353 1903 408 illorum
1938 351 2113 420 fugere

2222 350 2508 422 ἀκριϐείας
2535 353 2838 421 φροντίσαι,
2883 350 2976 402 καὶ
3001 350 3195 418 φυγεῖν
3232 348 3341 403 τῶν
3373 349 3472 420 τὴν
3516 351 3770 404 εὐσέϐειαν

550 446 644 514 qui
690 446 948 516 pietatem
993 447 1384 516 prodiderunt,
1430 455 1486 500 et
1537 446 1915 501 universorum
1962 461 2121 500 cura-

552 539 658 591 tori
704 547 1011 606 susceptam
1056 538 1122 591 de
1162 538 1318 591 nobis
1347 554 1531 592 curam
1565 537 1857 592 ascribere.
1901 536 2120 591 Silenti-

549 626 654 681 bus
703 630 906 696 quippe
961 628 1150 692 nobis,
1203 629 1554 698 quietemque
1605 629 2002 693 retinentibus,
2063 639 2120 683 et

550 717 929 770 acerbissimas
975 717 1489 788 crudelissimasque
1535 735 1722 789 poenas
1770 721 2018 786 sustulit,
2063 731 2120 777 et

550 824 650 877 pro
713 823 853 862 saeva
920 816 1239 877 tempestate
1309 811 1595 864 candidam
1667 813 2116 881 tranquillitatem

551 899 708 952 istam
745 900 953 969 1222
993 901 1248 969 prazbuit.
1287 903 1397 957 llac
1431 920 1594 974 porro
1631 906 1792 960 nobis
1824 922 1854 959 a
1881 906 2117 976 benigno

550 990 781 1042 Domino
837 1005 1129 1053 concessa,
1192 992 1351 1061 longe
1405 994 1851 1050 amabilissimam
1911 997 2116 1053 silentii

549 1079 790 1147 quietem
828 1079 1099 1134 ducimus.
1143 1081 1350 1136 Docere
1391 1083 1612 1151 quidem
1655 1100 1751 1139 eos
1783 1087 1877 1154 qui
1900 1086 2117 1156 jactatis

549 1167 602 1220 in
643 1185 743 1221 nos
787 1169 1078 1224 calumniis
1118 1170 1339 1225 abducti
1378 1181 1526 1236 sunt,
1562 1176 1931 1228 necessarium
1967 1176 2114 1230 arbi-

548 1269 760 1314 tramur
820 1263 1372 1333 evangelicorumque
1444 1267 1759 1337 dogmatum
1823 1269 2113 1323 veritatem

546 1353 856 1417 ostendere,
897 1364 952 1408 et
1006 1363 1278 1409 armatum
1331 1366 1522 1410 contra
1573 1359 1716 1411 illam
1770 1359 2115 1414 mendacium

546 1440 893 1511 redarguere.
929 1442 1198 1498 Caeterum
1247 1446 1543 1500 confutatls
1577 1447 1894 1513 mendaciis,
1925 1459 1982 1503 et
2014 1450 2114 1504 do-

547 1533 788 1586 minante
829 1533 1079 1599 veritate,
1117 1550 1300 1589 rerum
1335 1537 1698 1605 publicarum
1721 1555 1909 1594 curam
1941 1541 2114 1597 decli-

546 1638 678 1677 nare
712 1625 870 1678 nobis
897 1626 1236 1694 propositum
1271 1636 1373 1692 est,
1402 1637 1457 1682 et
1488 1629 1553 1682 ad
1592 1631 1986 1698 optatissimam
2013 1649 2114 1689 no-

546 1713 632 1767 bis
667 1715 907 1782 quietem
948 1731 1255 1770 recurrere.
1295 1717 1369 1771 De
1404 1718 1652 1773 veritatis
1692 1735 1823 1776 sane
1867 1722 2116 1778 hostibus

545 1820 671 1858 eum
697 1805 967 1874 Propheta
993 1807 1289 1862 clamamus
1321 1827 1333 1862 :
1375 1828 1393 1860 ι
1431 1810 1601 1866 Periit
1632 1814 1895 1868 memoria
1924 1830 2115 1869 eorum

545 1910 670 1949 cum
701 1896 905 1961 sonitu,
940 1905 996 1950 et
1022 1898 1286 1953 Dominus
1310 1900 1366 1953 in
1399 1911 1665 1956 aeternum
1691 1915 1975 1972 permanet
1996 1907 2060 1960 δ’.
2089 1925 2110 1960 ι

545 1986 621 2039 De
669 1987 828 2041 nobis
877 1995 1056 2043 autem
1110 1990 1245 2060 ipsis
1291 1991 1427 2046 illud
1473 1995 1765 2050 canimus:
1806 2016 1823 2048 ι
1859 1998 2004 2053 Misit
2049 2000 2116 2055 de

545 2089 778 2140 summo,
813 2083 868 2129 et
918 2078 1130 2148 accepit
1179 2095 1265 2134 me
1313 2099 1326 2134 :
1370 2085 1666 2153 assumpsit
1714 2101 1802 2140 me
1849 2087 1915 2141 de
1961 2089 2119 2158 aquis

545 2165 770 2230 multis,
813 2174 871 2219 et
918 2168 1125 2237 eripuit
1170 2184 1256 2224 me
1307 2171 1375 2225 de
1423 2172 1659 2228 inimicis
1701 2176 1838 2230 meis
1882 2177 2116 2234 fortissi-

545 2256 648 2309 mis
681 2257 744 2309 ⁵³.
787 2275 804 2308 ι
853 2256 977 2312 ΙΙωο
1020 2267 1203 2314 autem
1253 2278 1402 2317 nunc
1453 2265 1636 2319 scribo
1693 2276 1816 2336 post
1874 2270 2118 2326 redditas

545 2355 682 2407 mihi
734 2356 1014 2427 religionis
1061 2369 1167 2414 tua:
1212 2361 1472 2429 epistolas
1519 2362 1688 2427 duas,
1738 2363 1968 2416 alteram
2020 2377 2118 2431 per

545 2443 889 2500 Anastasium
935 2448 1278 2504 Bermensem
1324 2453 1722 2523 presbyterum,
1763 2454 1988 2506 alteram
2021 2468 2118 2522 per

546 2535 888 2591 Theodotum
923 2539 1329 2596 draconarium.
1357 2544 1533 2597 Aliam
1570 2545 1716 2598 enim
1749 2545 1933 2598 nullus
1958 2544 2118 2598 nobis

547 2626 807 2691 reddidit,
843 2629 911 2683 de
939 2645 1045 2698 qua
1086 2631 1139 2683 in
1181 2634 1475 2699 postremis
1507 2634 1707 2686 litteris
1735 2633 2008 2688 indicasti.
2040 2635 2117 2689 De

544 2725 731 2772 nostra
753 2733 882 2773 vero
910 2721 1050 2773 istuc
1075 2720 1410 2789 profectione
1443 2724 1687 2777 scribere
1713 2724 1848 2778 nihil
1871 2741 2113 2794 possum,

545 2808 864 2878 priusquam
917 2825 1242 2880 cognoscam
1289 2812 1421 2880 quid
1473 2812 1540 2867 de
1590 2815 1748 2868 nobis
1797 2816 2118 2884 prmceperit

543 2900 825 2968 piissimus
859 2901 1175 2971 imperator.
1207 2903 1460 2957 Nondum
1488 2904 1635 2958 enim
1665 2904 2006 2960 advenerunt
2033 2907 2117 2962 hae

544 2993 758 3048 litterm.

717 3104 996 3161 CXXXW.
1025 3134 1093 3146 —-
1127 3105 1409 3161 'I’hcoctisto
1443 3108 1679 3180 episcopo
1717 3107 1930 3164 Bermw.

618 3220 975 3289 Interrogavit
1019 3220 1286 3289 quispiam
1342 3220 1699 3286 Salvator-em,
1734 3231 1790 3277 et
1815 3223 2082 3294 Legislato

549 3326 682 3376 rem,
719 3320 772 3364 et
804 3311 1110 3375 Dominum,
1143 3311 1416 3380 quodnam
1450 3313 1743 3366 maximum
1777 3314 1848 3368 sit
1885 3316 2111 3370 manda-

549 3409 685 3453 tum.
720 3401 786 3454 Et
823 3400 912 3454 ille
941 3401 1224 3470 respondit
1259 3419 1272 3454 :
1317 3422 1333 3453 ι
1368 3403 1567 3473 Diliges
1611 3405 1898 3460 Dominum
1940 3408 2112 3462 Deum

550 3497 700 3544 tuum
739 3507 805 3543 ex
839 3500 954 3545 toto
988 3491 1152 3545 corde
1195 3500 1310 3558 tuo,
1341 3502 1392 3545 et
1434 3508 1500 3546 ex
1530 3501 1642 3547 tota
1665 3496 1680 3514 ⁶
1709 3495 1888 3549 anima
1921 3504 2034 3560 tua,
2058 3505 2114 3551 et

545 3599 610 3636 ex
639 3590 746 3636 tota
773 3591 952 3638 tuente
977 3591 1066 3637 tua
1094 3585 1168 3649 ⁸⁹ς
1204 3603 1221 3635 ι
1253 3591 1308 3638 et
1332 3584 1529 3655 adjecit
1565 3601 1577 3636 :
1613 3603 1631 3635 ι
1657 3585 1771 3640 lloe
1796 3595 1879 3640 est
1903 3589 2112 3659 1223

546 3674 779 3742 primum
810 3673 1153 3739 mandatum;
1189 3677 1488 3730 secundum
1521 3685 1702 3731 autem
1737 3678 1912 3733 simile
1937 3679 2067 3734 huic
2096 3699 2108 3734 :

545 3764 744 3834 Diliges
778 3765 1085 3834 proximum
1130 3775 1284 3819 tuum
1347 3766 1489 3821 sicut
1515 3767 1746 3836 teipsum
1768 3768 1843 3833 ⁶ο;
1873 3791 1889 3821 ι
1910 3779 1965 3826 et
1985 3772 2114 3826 sub-

539 3855 721 3923 junxit
747 3871 760 3906 :
800 3873 817 3905 ι
855 3854 912 3908 ln
940 3854 1028 3909 his
1054 3855 1268 3909 duobus
1292 3857 1562 3912 mandatis
1587 3860 1840 3914 universa
1865 3870 1947 3915 lex
1980 3878 2112 3931 pen-

545 3943 656 4004 det,
687 3951 742 3996 et
775 3945 1050 4013 prOpheta:
1083 3946 1148 3996 θί.
1183 3964 1202 3996 ι
1241 3945 1343 4011 Qui
1378 3946 1543 4017 igitur
1578 3949 1695 4005 hzec
1726 3961 1926 4015 servat,
1967 3953 2110 4008 haud

545 4032 712 4087 dubie
739 4041 906 4086 totam
925 4035 1097 4104 legem
1116 4035 1325 4105 implet,
1355 4037 1508 4107 juxta
1533 4038 1907 4096 deﬁnitionem
1933 4043 2113 4097 Domi-

546 4123 764 4189 nicam;
813 4124 908 4193 qui
948 4140 1081 4180 vero
1121 4128 1538 4198 transgreditur,
1562 4129 1733 4185 totius
1769 4131 1904 4202 legis
1933 4142 2110 4188 trans-

545 4227 762 4283 gressor
784 4213 1066 4282 probatur.
1092 4213 1516 4271 Consideremus
1541 4232 1689 4288 ergo,
1713 4227 1861 4274 recte
1883 4237 1947 4275 ac
1963 4223 2111 4292 juste

541 4303 821 4374 judicante
847 4305 1200 4369 conscientia,
1227 4320 1295 4358 an
1319 4304 1501 4360 divina
1527 4307 1936 4376 impleverimus
1959 4326 2112 4365 man-

2226 441 2638 511 προδεδωκότων
2665 442 2763 512 τὴν
2791 441 3095 503 κοινωνίαν,
3127 440 3405 494 ἀναθεῖναι
3432 440 3490 492 δὲ
3514 439 3589 510 τῷ
3611 441 3771 510 Κηδε-

2228 534 2348 604 μὸνι
2377 533 2482 587 τῶν
2517 533 2653 586 ὅλων
2686 533 2785 602 τὴν
2841 532 2981 602 ὑπὲρ
3013 532 3170 602 ἡμῶν
3196 531 3309 602 (95)
3357 531 3628 602 φροντίδα.
3673 534 3771 586 Καὶ

2224 626 2332 696 γὰρ
2366 624 2638 693 σιγώντων
2675 623 2832 692 ἡμῶν
2874 624 2968 676 καὶ
3005 623 3234 693 ἡσυχίαν
3269 623 3546 692 ἆγόντων,
3591 624 3683 687 τάς
3721 641 3774 675 τε

2226 717 2560 788 πικροτάτας
2601 717 2693 768 καὶ
2732 714 3022 784 ὠμοτάτας
3069 714 3311 768 διέλυσεν
3360 715 3648 786 τιμωρίας,
3689 715 3774 766 καὶ

2223 808 2344 860 ἀντὶ
2369 807 2462 860 τοῦ
2492 804 2729 876 χαλεποῦ
2761 805 3027 868 κλύδωνος
3057 805 3154 876 τὴν
3183 805 3385 876 λευκὴν
3414 806 3616 875 ταύτην
3645 823 3774 876 παρη

2224 897 2378 968 έσχεν
2403 898 2666 969 γαλήνην.
2689 898 2799 950 Καὶ
2827 897 3029 968 ταύτης
3052 897 3110 950 δὲ
3139 900 3270 968 ἡμῖν
3297 897 3450 968 παρὰ
3477 897 3571 950 τοῦ
3602 899 3775 966 φιλαν-

2225 988 2444 1058 θρώπου
2480 987 2914 1058 παρασχεθείσης
2962 988 3253 1052 Δεσπότου,
3295 988 3657 1059 τὴν-ἡσυχίαν
3687 983 3750 1054 αξ

2226 1079 2608 1150 ιεραστοτάτην
2648 1078 2963 1148 νομίζομεν.
3011 1080 3203 1132 Πεῖσαι
3238 1080 3336 1150 μὲν
3372 1079 3483 1150 γὰρ
3513 1082 3638 1142 τοὺς
3666 1084 3777 1144 ταῖς

2224 1169 2344 1222 καθ’
2375 1171 2528 1240 ἡμῶν
2556 1171 2898 1239 ὑπαχθέντας
2932 1169 3314 1237 συκοφαντίαις
3339 1172 3637 1238 ἀναγκαῖον
3659 1171 3776 1224 ὐπο-

2221 1258 2593 1329 λαμϐάνομεν,
2628 1260 2722 1312 καὶ
2759 1258 2928 1323 δεῖξαι
2970 1259 3068 1329 μὲν
3099 1259 3197 1330 τὴν
3250 1261 3363 1313 τῶν
3416 1261 3776 1328 εύαγγελικῶν

2220 1351 2504 1420 δογμάτων
2524 1336 3088 1420 άλήθειαν,διελέγξαι
3116 1350 3173 1402 δὲ
3200 1350 3261 1402 τὸ
3291 1353 3406 1405 κατ’
3423 1352 3609 1405 αὐτῶν
3630 1369 3778 1422 στρα-

2219 1442 2551 1512 τευσάμενον
2573 1424 2783 1512 ψεῦδος.
2823 1441 2980 1494 Μετὰ
3015 1441 3199 1512 μέντοι
3233 1443 3359 1505 τοὺς
3389 1443 3671 1513 ἐλέγχους,
3696 1448 3780 1497 καὶ

2219 1536 2316 1605 τῆς
2345 1532 2604 1604 ἀληθείας
2637 1532 2696 1585 τὸ
2730 1531 2951 1603 κράτος,
2983 1533 3176 1600 φυγεῖν
3206 1533 3335 1602 ἡμῖν
3374 1533 3662 1604 πρόκειται
3692 1535 3782 1604 τὴν

2219 1626 2328 1679 τῶν
2357 1615 2553 1680 κοινῶν
2599 1624 2916 1694 ἐπιμέλειαν
2939 1663 2954 1689 ,
3005 1622 3265 1693 καὶπρὸς
3304 1623 3404 1694 τὴν
3458 1627 3782 1697 τριπόθητον

2220 1715 2351 1785 ἡμῖν
2399 1712 2628 1784 ἡσυχίαν
2668 1712 3122 1783 παλινδρομῆσαι·
3155 1713 3291 1784 Περὶ
3336 1713 3392 1768 δέ
3433 1732 3497 1783 γε
3540 1716 3652 1769 τῶν
3691 1717 3786 1786 τῆς

2220 1804 2479 1875 ἀληθείας
2544 1803 2752 1874 ἐχθρῶν
2830 1801 2968 1871 μετὰ
3036 1801 3128 1854 τοῦ
3179 1804 3462 1874 Προφήτου
3536 1805 3782 1877 βοῶμεν·

2225 1913 2244 1946 ι
2268 1893 2537 1947 Ἀπώλετο
2569 1893 2629 1945 τὸ
2665 1892 3009 1964 μνημόσυνον
3041 1891 3220 1945 αὐτῶν
3276 1894 3390 1962 μετ’
3431 1895 3592 1965 ἤχου,
3637 1899 3732 1950 καὶ
3759 1900 3784 1951 ὁ

2219 1985 2421 2056 Κύριος
2452 1987 2530 2047 είς
2561 1983 2650 2036 τὸν
2681 1983 2852 2036 αἰῶνα
2884 1983 3056 2054 μένει.
3092 2002 3110 2036 ι
3145 1985 3281 2056 Περὶ
3312 1985 3369 2038 δέ
3391 2003 3455 2055 γε
3498 1989 3661 2057 ἡμῶν
3695 1992 3786 2041 αὖ·

2219 2078 2327 2131 τῶν
2361 2079 2538 2130 ὲκείνο
2569 2075 2840 2146 ψάλλομεν
2859 2093 2871 2106 ·
2899 2095 2916 2127 ι
2941 2077 3350 2143 Ἐξαπέστειλεν
3388 2079 3450 2143 ἐξ
3477 2079 3670 2149 ὕψους,
3697 2082 3785 2135 καὶ

2219 2169 2380 2222 ἔλαϐέ
2415 2185 2510 2239 με·
2545 2168 2913 2239 προσελάϐετο
2947 2186 3016 2238 με
3057 2168 3116 2234 ἐξ
3157 2169 3362 2225 ὑδάτων
3413 2173 3652 2238 πολλῶν,
3700 2177 3787 2228 καί

2219 2261 2485 2332 ὲρῤύσατό
2514 2278 2580 2331 με
2610 2260 2668 2327 ἐξ
2693 2261 2899 2332 ἐχθρῶν
2929 2279 3028 2332 μου
3052 2262 3311 2316 δυνατῶν.
3349 2283 3368 2316 ι
3395 2265 3586 2318 Ταῦτα
3609 2267 3665 2320 δὲ
3700 2269 3787 2320 νῦν

2220 2352 2415 2422 γράφω
2437 2350 2530 2402 δύο
2567 2351 2664 2421 τῆς
2694 2351 2789 2421 σῆς
2816 2351 3118 2415 θεοσεϐείας
3147 2352 3436 2424 δεξάμενος
3464 2358 3783 2422 ἐπιστολάς·

2218 2439 2317 2510 τὴν
2347 2440 2442 2509 μὲν
2469 2439 2536 2491 δι’
2575 2439 2923 2493 Ἀναστασίου
2951 2441 3044 2493 τοῦ
3078 2443 3356 2512 Βεροιαίου
3388 2444 3784 2518 πρεσϐυτέρου,

2216 2531 2315 2601 τὴν
2341 2530 2396 2584 δὲ
2425 2530 2512 2584 διὰ
2545 2531 2796 2583 Θεοδότου
2823 2531 2914 2584 τοῦ
2941 2532 3332 2604 δρακωναρίου.
3357 2537 3470 2606 Τὴν
3489 2537 3604 2606 γάρ
3626 2539 3788 2609 άλλη-δ

2216 2621 2390 2684 οὐδεὶς
2438 2624 2568 2692 ἡμῖν
2601 2623 2870 2689 ἀπέδωκε,
2904 2626 3030 2694 περὶ¹
3073 2620 3141 2696 ἦς
3183 2627 3241 2679 ὲν
3285 2629 3395 2690 τοῖς
3451 2629 3790 2694 τελευταίας

2215 2714 2522 2785 δεδήλωκας
2560 2717 2872 2785 γράμμασι.
2926 2717 3058 2786 Περὶ
3102 2716 3158 2770 δὲ
3201 2717 3298 2787 τῆς
3330 2719 3525 2772 αὐτόσε
3564 2723 3791 2791 πορείας

2216 2807 2370 2860 οὐδὲν
2399 2808 2606 2879 γράψαι
2639 2807 2894 2876 δύναμαι,
2930 2808 3059 2878 πρὶν
3108 2807 3174 2860 ἂν
3206 2810 3318 2876 γνῶ
3346 2810 3398 2862 τί
3450 2812 3586 2881 περὶ
3635 2814 3792 2884 ἡμῶν

2218 2896 2548 2968 προσέταξεν
2586 2899 2614 2950 ὁ
2656 2897 3040 2960 εὐσεϐέστατος
3085 2898 3354 2968 βασιλεύς.
3405 2901 3642 2955 Οὐδέπω
3686 2905 3793 2974 γάρ

2217 2982 2351 3057 ἦλθε
2379 2987 2556 3042 ταῦτα
2592 2988 2662 3041 τὰ
2683 2989 2983 3060 γράμματα
3014 2989 3151 3060 (96).

2353 3101 2518 3154 PAA'.
2547 3131 2618 3140 ——
2651 3101 2984 3167 Θεοκτίστῳ
3031 3103 3339 3171 ἐπισκόπῳ
3373 3107 3649 3174 ΒεῬοίας.

2286 3211 2489 3284 Ἥρετό
2516 3229 2599 3276 τις
2624 3213 2712 3265 τὸν
2753 3213 3002 3284 Σωτῆρα,
3033 3213 3127 3266 καὶ
3164 3215 3500 3284 Νομοθέτην,
3551 3220 3650 3272 καὶ
3681 3220 3802 3272 Κύ-

2218 3321 2350 3375 ριον,
2384 3305 2510 3358 ποία
2534 3304 2719 3375 ἐντολὴ
2746 3304 2954 3374 πρώτη.
2972 3305 3029 3357 '0
3056 3306 3111 3358 δὲ
3141 3305 3340 3375 ἔφησεν
3359 3325 3374 3339 ο
3401 3326 3421 3359 ι
3453 3310 3802 3380 ’Δγαπήςεις

2214 3393 2417 3465 Κύριον
2449 3393 2539 3447 τὸν
2560 3395 2690 3447 Θεόν
2720 3411 2813 3446 σου
2855 3394 2912 3460 ἐξ
2948 3395 3076 3466 ὅλης
3103 3396 3204 3464 τῆς
3234 3396 3410 3468 ψυχῆς
3450 3416 3570 3462 σου,
3597 3403 3700 3454 καὶ
3744 3403 3802 3466 ἐξ

2215 3484 2343 3556 ὅλης
2383 3485 2484 3554 τῆς
2536 3486 2764 3556 καρδίας
2815 3503 2942 3552 σου,
2988 3489 3081 3540 καὶ
3135 3488 3194 3552 ἐξ
3242 3489 3368 3558 ὅλης
3407 3491 3505 3557 τῆς
3541 3492 3803 3555 διανοίας

2218 3595 2346 3632 σου·
2386 3597 2405 3631 ι
2457 3578 2552 3632 καὶ
2577 3579 2884 3647 ἐπήγαγενο
2916 3598 2934 3629 ι
2970 3581 3114 3650 Αὒτή
3157 3582 3304 3633 ἐστιν
3333 3582 3514 3651 ἐντολὴ
3552 3584 3801 3654 πρώτη·

2213 3669 2441 3741 δευτέρα
2472 3669 2528 3722 δὲ
2556 3671 2714 3740 ὁμοία
2740 3671 2905 3741 αὐτῇ·
2947 3671 3278 3742 Ἀγαπήσεις
3301 3673 3392 3725 τὸν
3421 3674 3659 3742 πλησίον
3707 3693 3801 3730 σου

2214 3761 2289 3824 ὡς
2322 3762 2568 3813 σεαυτόν.
2597 3780 2614 3812 ι
2661 3761 2769 3814 Καὶ
2802 3761 3141 3831 προσέθηκεν
3161 3778 3176 3793 ·
3215 3780 3232 3812 ι
3271 3763 3361 3816 Ἐν
3390 3765 3638 3829 ταύταις
3680 3771 3805 3830 11's.;

2213 3853 2365 3907 δυσὶν
2393 3853 2632 3915 ἐντολαῖς
2665 3853 2784 3915 ὅλος
2815 3854 2844 3905 ὁ
2883 3853 3045 3923 νόμος
3092 3853 3184 3906 καὶ
3228 3856 3277 3907 οἱ
3330 3857 3622 3925 προφῆται
3675 3863 3806 3929 κρέ-

2217 3959 2434 4012 μανται.
2463 3962 2482 3995 ι
2501 3944 2560 3995 Ὀ
2581 3942 2756 3995 τοίνυν
2778 3943 2981 4005 ταύτας
3001 3944 3299 4011 φυλάττων,
3322 3944 3483 4013 δῆλον
3497 3949 3599 4001 ὅτι.
3625 3951 3807 4003 πὰντα

2215 4031 2412 4102 πληροῖ
2441 4031 2532 4085 τὸν
2558 4032 2718 4102 νόμον
2756 4033 2899 4084 κατὰ
2935 4032 3026 4085 τὸν
3049 4034 3374 4086 Δεσποτικὸν
3396 4035 3529 4106 ὅρον
3553 4054 3570 4066 ⁵
3601 4041 3634 4090 ὁ
3659 4039 3707 4090 δ’
3739 4036 3806 4091 αὖ

2215 4124 2584 4195 παραϐαίνων,
2606 4126 2805 4189 παντὸς
2828 4125 2923 4178 τοῦ
2947 4127 3112 4196 νόμου
3134 4127 3460 4200 παραϐάτης
3482 4130 3804 4187 ἁλίσκεται.

2214 4216 2586 4287 Σκοπήσωμεν
2635 4216 2835 4278 τοίνυν,
2881 4217 2976 4270 τοῦ
3005 4218 3306 4282 συνειδότος
3337 4220 3523 4291 ὀρθῶς
3569 4225 3674 4276 καὶ
3725 4225 3810 4276 δι-

2214 4307 2387 4370 καίως
2417 4307 2746 4371 δικάζοντος,
2783 4309 2831 4360 εί
2879 4307 2978 4371 τὰς
3031 4308 3179 4372 θείας
3212 4311 3684 4382 πεπληρώκαμεν
3722 4317 3809 4367 ἐν-

545 4391 688 4448 data.
729 4393 923 4463 lmplet
963 4402 1144 4448 autem
1183 4394 1417 4464 primum
1449 4396 1692 4464 quidem,
1733 4397 1782 4452 is
1807 4399 1902 4467 qui
1935 4414 1966 4452 a
1997 4401 2110 4454 Deo

2219 4398 2392 4461 τολάς.
2421 4388 2626 4468 Πληροῖ
2661 4398 2716 4451 δὲ
2769 4397 2868 4468 τὴν
2908 4398 3006 4468 μὲν
3039 4398 3260 4468 πρώτην
3301 4400 3330 4452 ὁ
3367 4399 3468 4471 τὴν
3514 4400 3812 4456 θεόσδοτον

545 4485 725 4540 datam
770 4485 930 4540 ﬁdem
967 4487 1190 4540 illaesam
1223 4497 1531 4552 conservat,
1561 4489 1722 4558 eique
1758 4490 2113 4547 adversantes

547 4586 607 4631 ut
645 4578 890 4631 veritatis
923 4577 1111 4632 hostes
1141 4577 1464 4643 detestatur,
1492 4589 1548 4634 et
1574 4580 1701 4634 odio
1729 4581 1894 4648 habet
1921 4599 2114 4638 omnes

544 4669 640 4738 qui
667 4669 901 4724 oderunt
922 4669 1210 4734 delictum;
1230 4671 1531 4724 secundmn
1558 4687 1708 4736 vero,
1735 4673 1782 4726 is
1809 4673 1902 4742 qui
1925 4675 2110 4742 proxi-

545 4761 618 4813 mi
645 4776 833 4814 curam
856 4760 1074 4829 plurimi
1099 4760 1248 4824 facit,
1274 4776 1376 4815 nec
1400 4761 1454 4815 in
1479 4763 1757 4831 prosperis
1783 4765 1948 4818 rebus
1973 4765 2112 4819 dun-

549 4860 711 4914 taxat,
746 4850 840 4905 sed
869 4850 922 4904 in
951 4851 1018 4904 iis
1073 4853 1238 4905 etiam
1270 4869 1390 4921 quze
1425 4854 1664 4908 adversa:
1693 4855 1953 4909 videntur
1977 4858 2112 4910 ami-

544 4942 686 4996 citia:
713 4942 857 5011 leges
887 4941 1157 4997 observat.
1189 4942 1292 5008 Qui
1327 4955 1510 4999 autem
1539 4946 1773 5014 propria:
1803 4949 2106 5011 securitati,

547 5040 606 5085 ut
644 5032 975 5095 existimant,
1016 5035 1386 5097 consulentes,
1422 5037 1675 5090 amiciti-.13
1713 5043 1838 5106 jura
1885 5049 2110 5106 propter

546 5119 692 5173 illam
726 5121 879 5188 parvi
912 5121 1141 5184 faciunt,
1166 5123 1502 5192 alllictosque
1553 5125 1761 5180 amicos
1775 5126 2105 5195 despiciunt,

545 5214 599 5265 hi
629 5212 712 5266 vel
749 5213 891 5282 apud
927 5213 1183 5284 profanos
1207 5214 1578 5284 improborum
1617 5232 1845 5271 numero
1878 5234 2110 5274 censen-

544 5313 654 5358 tur.
687 5303 952 5358 Dominus
990 5321 1156 5375 porro
1196 5307 1575 5362 universorum
1612 5323 1642 5362 a
1671 5307 1955 5379 discipulis
1994 5312 2108 5366 suis

2213 4490 2396 4542 πίστιν
2446 4489 2730 4558 φυλάττων
2776 4489 3070 4560 ἀκήρατον,
3117 4490 3210 4543 καὶ
3241 4492 3368 4554 τοὺς
3413 4493 3607 4566 ταύτῃ
3651 4497 3814 4546 πολε-

2217 4580 2450 4650 μοῦντας
2478 4579 2553 4642 ὼς
2578 4580 2678 4649 τῆς
2703 4579 2954 4648 ἀληθείας
2977 4579 3202 4650 ἐχθροὺς
3231 4582 3690 4652 μυσαττόμενος,
3724 4587 3815 4636 καὶ

2217 4671 2389 4741 μισῶν
2441 4670 2694 4738 ἐκθύμως
2738 4673 2864 4734 τοὺς
2920 4671 3214 4739 μισοῦντας
3243 4673 3336 4725 τδν
3381 4675 3814 4746 ἀγαπώμενον·

2211 4764 2311 4831 τὴν
2353 4763 2408 4814 δὲ
2457 4762 2734 4832 δευτέραν,
2764 4763 2916 4832 ὁτὴν
2964 4761 3058 4814 τοῦ
3082 4763 3252 4826 πέλας
3305 4763 3632 4834 θεραπείαν
3690 4768 3819 4836 περί

2218 4855 2469 4906 πλείστου
2505 4854 2846 4922 ποιούμενος,
2877 4856 2973 4908 καὶ
3023 4856 3096 4926 μὴ
3126 4856 3285 4925 μόνον
3337 4858 3396 4909 ὲν
3428 4861 3565 4920 ταῖς
3603 4861 3821 4928 5:37:93-

2218 4946 2376 5008 ξίαις,
2404 4945 2537 4997 ἀλλὰ
2560 4945 2658 4997 κάν
2678 4947 2794 5008 ταῖς
2824 4944 3106 5008 δοκούσαις
3133 4946 3492 5016 δυσημερίαις
3520 4949 3822 5019 διατηρῶν

2214 5037 2314 5104 τῆς
2345 5035 2522 5103 φιλίας
2565 5037 2691 5098 τοὺς
2733 5037 2911 5106 ὅρους.
2941 5038 3003 5088 Ol
3049 5036 3105 5088 δὲ
3130 5039 3227 5105 τῆς
3281 5037 3379 5106 μὲν
3434 5040 3708 5103 οἰκείας,
3751 5040 3823 5100 ὥς

2215 5128 2545 5196 νομίζουσιν,
2574 5127 2873 5195 ἀσφαλείας
2915 5127 3306 5198 φροντίζοντες,
3338 5128 3447 5181 τῶν
3477 5130 3546 5182 δὲ
3587 5133 3705 5200 τῆς
3739 5149 3827 5198 ςι-

2216 5219 2332 5280 λίας
2365 5219 2545 5287 νόμων
2592 5218 2680 5270 διὰ
2702 5218 2904 5288 ταύτην
2936 5219 3346 5288 ὀλιγωροῦντες,
3367 5221 3466 5273 καὶ
3518 5223 3830 5292 πολεμον

2220 5309 2412 5379 μένους
2446 5309 2794 5378 παρορῶντες
2832 5309 2956 5371 τοὺς
2994 5309 3183 5377 φίλους
3207 5351 3222 5376 ,
3265 5308 3362 5377 τῆς
3410 5310 3528 5367 τῶν

613 5461 658 5492 ετ
683 5462 824 5517 Psal.
855 5478 930 5528 ιι,
960 5464 1014 5528 6,
1041 5464 1092 5518 7.
1167 5465 1213 5497 ιι
1239 5465 1378 5521 Psal.
1417 5482 1546 5531 xvn,
1587 5467 1672 5532 ιτ,
1710 5466 1797 5522 l8.
1882 5429 2113 5524 "natu:

2219 5485 2298 5532 ill,
2323 5471 2411 5523 57.
2489 5469 2532 5499 ⁶⁰
2569 5468 2705 5522 ibid.
2737 5468 2825 5532 58,
2861 5469 2948 5522 59.
3025 5469 3070 5500 “
3098 5469 3234 5524 ibid.
3266 5468 3354 5526 ιο.

622 5610 732 5675 \95)
763 5616 856 5666 καὶ
891 5616 1046 5685 ὑμῶν
1083 5617 1232 5672 addit
1258 5619 1425 5687 Neap.

2297 5622 2405 5695 (95)
2439 5623 2466 5674 ὁ
2490 5622 2655 5678 ταῦτα
2677 5624 2915 5694 κομίζων
2945 5625 3012 5678 τὰ
3044 5643 3134 5696 γρ.
3155 5626 3324 5698 Neap.
