3962 6204
241 285 371 369 1353

1528 286 1891 349 EPISTOLA
1928 286 2201 349 CXXXV.

3348 284 3486 354 1354

240 402 364 462 lict,
407 396 502 452 καὶ
736 399 845 462 τοῖς
888 396 993 463 ἔξω
1038 399 1275 471 μερίδος.
1330 399 1388 452 Ὀ
1420 399 1479 453 δὲ
1522 400 1631 454 τῶν
1673 403 1809 455 ὅλων

1917 401 2241 471 perfectiora
2285 402 2469 474 exigit.
2519 422 2537 454 ‹
2572 402 2813 475 Diligite,
2866 397 3065 472 inquit,
3108 401 3357 459 inimicos
3397 422 3492 460 vce

240 488 516 559 Δεσπότης
555 488 624 541 τά
653 489 957 559 τελεώτερα
991 488 1145 559 παρά
1189 488 1299 543 τῶν
1339 491 1553 544 οἰκείων
1583 493 1806 547 ἀπαιτεῖ

241 579 517 650 μαθητῶν.
548 597 567 630 ι
600 579 875 647 Ἀγαπᾶτε
897 579 1027 650 γάρ,
1057 580 1210 650 φησὶ,
1234 580 1360 644 τοὺς
1380 581 1606 653 ἐχθροὺς
1629 582 1802 652 ὑμῶν.

241 671 302 724 Et
330 670 438 741 γὰρ
482 671 608 732 τοὺς
662 670 991 737 ἀγαπῶντας
1024 671 1168 742 ὑμᾶς
1212 673 1485 740 ἀγαπᾶτε,
1534 674 1590 726 τί
1644 673 1808 727 πλέον

241 761 469 822 «disits;
500 757 631 812 Ἰδοὺ
650 758 747 811 καὶ
778 759 828 811 οἱ
863 758 1180 830 ἁμαρτωλοὶ
1205 760 1299 813 καὶ
1327 761 1377 813 οί
1402 759 1632 815 τελῶναι
1650 762 1808 816 τοῦτο

241 847 503 903 ποιοῦσιν.
534 869 551 900 ι
582 850 776 919 Ἡμεῖς
806 850 863 902 δὲ
895 850 1016 903 οὐδὲ
1043 850 1144 921 τῆς
1171 851 1468 921 τελωνικῆς
1494 853 1807 908 ἀπελαύσα-

241 955 339 1010 μεν
355 939 595 1010 ἀγάπης.
617 940 726 992 Καὶ
752 940 805 992 τί
821 938 964 1008 λέγω
990 940 1322 1010 τελωνικῆς;
1347 942 1483 995 Οὐδὲ
1513 937 1581 1015 ἦς
1604 946 1809 1015 τυγχά-

237 1048 419 1085 νουσιν
447 1035 497 1085 οί
547 1031 863 1104 ἀνδροφόνοι
900 1033 997 1087 καὶ¹
1040 1033 1237 1104 γόητες
1274 1036 1334 1088 ὲν
1371 1038 1483 1098 τοῖς
1531 1037 1811 1107 δεσμωτη-

241 1123 376 1193 ρίοις
409 1123 743 1194 παραψυχῆς
766 1123 1175 1193 ἀπελαύσαμεν.
1200 1125 1264 1178 Et
1289 1126 1345 1179 δὲ
1376 1127 1577 1190 πάντες
1607 1127 1810 1196 ταύτην

237 1213 517 1284 ἐζήλωσαν
544 1216 642 1286 τὴν
672 1215 950 1286 ὠμότητα,
989 1216 1141 1270 οὐδὲν
1180 1217 1369 1289 ἕτερον
1407 1218 1746 1283 ὑπελείπετο,
1772 1218 1807 1289 ἢ

237 1302 444 1368 ζῶντας
467 1305 566 1374 μὲν
595 1305 688 1357 ὑπ’
727 1305 936 1368 ἐνδείας
980 1304 1350 1375 ἀναλωθῆναι,
1380 1306 1811 1377 τελευτήσαντας

235 1392 291 1446 δὲ
319 1394 395 1464 μὴ
426 1392 538 1465 (97)
573 1394 730 1465 τάφῳ
759 1392 1150 1465 παραδοθῆναι,
1176 1394 1316 1448 ἀλλά
1360 1395 1540 1449 κυνῶν
1578 1397 1672 1448 καὶ
1707 1394 1809 1465 θη-

240 1481 346 1551 ρῶν
384 1481 641 1550 γενέσθαι
691 1482 880 1554 βοράν.
918 1482 1060 1537 Ἀλλ’
1088 1484 1332 1555 ἤρκεσαν
1376 1487 1510 1557 ἡμῖν
1555 1486 1605 1538 οί
1655 1483 1810 1538 τοῦδε

235 1571 324 1624 τοῦ
359 1571 476 1642 βίου
506 1573 998 1644 καταφρονοῦντες,
1038 1575 1135 1627 καὶ
1169 1575 1280 1628 τῶν
1322 1577 1555 1630 αἰωνίων
1590 1574 1811 1645 ἀγαθῶν

239 1663 657 1734 προσδεχόμενοι
697 1664 797 1735 τὴν
835 1664 1162 1727 ἀπόλαυσιν,
1192 1665 1242 1718 οἶ
1278 1666 1628 1737 παντοδαπῆς
1660 1667 1811 1737 ἡμᾶς

236 1753 592 1824 ψυχαγωγίας
627 1754 887 1825 ἠξίωσαν.
924 1755 984 1808 '0
1016 1755 1072 1808 δὲ
1126 1755 1507 1827 φιλάνθρωπος
1548 1774 1567 1807 ι
1608 1756 1812 1827 Κύριος
1843 1743 1885 1797 Β

238 1846 302 1899 ἐκ
327 1844 422 1899 τοῦ
452 1845 681 1917 οὐρανοῦ
716 1848 975 1916 ἠκούτισε
1005 1847 1212 1919 κρίσιν.
1247 1848 1315 1900 Ἦ
1343 1848 1401 1901 δὲ
1433 1850 1507 1918 γῆ
1547 1846 1812 1919 ἐφοϐήθη,

237 1937 330 1989 καὶ
356 1934 628 2006 ἡσύχασεν
661 1938 718 1989 ὲν
748 1937 825 2007 τῷ
853 1938 1153 2009 ἀναστῆναι
1175 1941 1254 2002 είς
1276 1939 1457 2009 κρίσιν
1489 1940 1582 1992 τὸν
1605 1939 1758 1993 Θεόν.
1789 1958 1809 1991 ι

235 2056 303 2066 --
338 2045 358 2078 ι
390 2028 453 2079 0i
488 2026 547 2078 δὲ
586 2026 774 2095 ἐχθροὶ
810 2027 975 2080 αὐτοῦ
1004 2026 1119 2097 ἅμα
1147 2027 1226 2098 τῷ
1247 2028 1574 2098 δοξασθῆναι
1616 2030 1816 2092 αὐτοὺς

236 2116 331 2169 καὶ
370 2113 679 2185 ὑψωθῆναι,
704 2115 1052 2180 ἐκλείποντες
1073 2116 1206 2170 ὡσεὶ
1239 2117 1444 2181 καπνὸς
1480 2117 1748 2182 ἐξέλιπον.
1775 2138 1809 2171 ,ι

246 2203 656 2273 Ἐστηλίτευται
699 2204 757 2257 δὲ
809 2205 871 2258 τὸ
907 2206 1011 2275 τῆς
1064 2207 1259 2277 καινῆς
1305 2208 1572 2278 αἱρέσεως
1598 2208 1815 2279 ψεῦδος,

236 2296 569 2370 κηρύττεται
599 2296 657 2349 δὲ
703 2298 1062 2369 προφανῶςή
1108 2300 1219 2352 τῶν
1260 2299 1420 2353 θείων
1470 2301 1817 2370 Εὐαγγελίων

235 2388 484 2458 ἀλήθεια.
520 2387 712 2458 Ἡμεῖς
733 2387 791 2441 δὲ
816 2389 957 2459 μετά
975 2389 1069 2442 τοῦ
1092 2391 1366 2462 μακαρίου
1390 2390 1600 2463 βοῶμεν
1615 2393 1781 2446 Δαϐίδ
1800 2409 1813 2422 ·

242 2499 263 2534 ι
286 2480 592 2552 Εὐλογητὸς
627 2484 657 2536 ό
677 2481 831 2549 Θεὸς,
871 2484 901 2535 ὀ
928 2483 1099 2537 ποιῶν
1152 2482 1438 2554 θαυμάσια
1478 2484 1688 2555 μεγάλα
1721 2486 1818 2554 μό·

234 2590 347 2638 νος,
376 2574 471 2626 καὶ⁵
514 2573 807 2644 εὐλογητδν
838 2572 899 2627 τδ
933 2573 1104 2644 ὄνομα
1132 2575 1231 2645 τῆς
1280 2574 1441 2645 δόξης
1488 2575 1676 2638 αὑτοῦ,
1721 2575 1816 2629 καὶ

236 2665 655 2738 πληρωθήσεται
668 2668 767 2737 τῆς
780 2665 937 2737 δόξης
956 2664 1118 2720 αὐτοῦ
1140 2668 1289 2720 πᾶσα
1307 2670 1340 2738 ἡ
1358 2667 1452 2739 γῆ.
1472 2668 1704 2734 Γένοιτο,
1722 2669 1816 2733 γέ-

238 2771 405 2810 νοιτο.
439 2774 459 2808 ι

555 2869 724 2953 ΡᾼΕκ.
740 2896 810 2909 --
846 2870 1129 2939 Ῥωμύλῳ
1154 2871 1491 2937 ἐπισκόπφ.

321 2997 541 3072 Ἐπειδὴ
568 3001 667 3071 τῆς
700 2998 937 3064 παλαιᾶς
992 3003 1140 3072 ἡμᾶς
1193 3002 1506 3074 ἀνέμνησας
1553 2998 1811 3076 ἱστορίας,

238 3093 335 3146 καὶ
366 3092 475 3145 τῶν
515 3091 703 3163 Σύρων
730 3091 864 3161 ἔφης
910 3093 1002 3145 τὸν
1047 3093 1291 3164 βασιλέα,
1318 3094 1426 3147 τῶν
1461 3094 1554 3147 τοῦ
1593 3095 1811 3166 Ἰσραὴλ
1842 3081 1891 3136 c

243 3183 509 3254 βασιλέων
528 3184 589 3236 τὸ
619 3183 998 3255 φιλάνθρωπον
1022 3184 1404 3256 λογισάμενον,
1428 3187 1609 3239 ἱκέτου
1632 3187 1816 3256 σχῆμα

239 3277 443 3340 λαόεἶν,
477 3275 568 3327 καὶ
624 3274 698 3344 μὴ
732 3275 1051 3347 διαμαρτεῖν
1099 3277 1199 3347 τῆς
1238 3277 1503 3347 αἰτήσεως
1533 3294 1547 3307 ·
1572 3277 1816 3349 ἀναμνήο

241 3368 418 3438 σθητι,
475 3366 741 3431 δέσποτα,
799 3367 895 3418 καὶ
960 3366 1057 3435 τῆς
1109 3362 1257 3429 θείας
1309 3365 1498 3436 ὀργῆς.
1548 3366 1654 3419 Τὸν
1708 3367 1818 3440 γὰρ

252 3458 453 3529 ’Δχαάδ
485 3458 562 3528 τῷ
585 3456 720 3528 ἐλέῳ
753 3458 1099 3529 χρησάμενον
1132 3457 1481 3529 πανωλεθρίᾳ
1508 3456 1816 3528 παρέδωκε,

237 3552 331 3607 καὶ
356 3552 442 3606 διά
461 3550 555 3604 τοῦ
590 3552 875 3621 Προφήτου
899 3550 997 3620 τὴν
1024 3548 1203 3619 ψῆφον
1232 3548 1542 3619 ἐξήνεγκεν.
1584 3568 1602 3600 ι
1626 3550 1818 3601 Ἔσται

238 3643 371 3714 γὰρ,
404 3644 590 3712 φησὶν,
624 3643 656 3711 ή
688 3641 834 3711 ψυχή
866 3656 960 3692 σου
995 3641 1116 3692 ἀντὶ
1148 3636 1251 3709 τῆς
1284 3639 1461 3710 ψυχῆς
1500 3639 1687 3702 αὑτοῦ,
1725 3642 1820 3692 καὶ

236 3736 267 3788 ὁ
300 3734 429 3797 λαός
459 3750 553 3785 σου
594 3733 714 3786 ἀντὶ
740 3731 831 3785 τοῦ
872 3730 1000 3785 λαοῦ
1030 3730 1215 3786 αὐτοῦ.
1239 3751 1257 3783 ι
1292 3732 1486 3803 Ἡμεῖς
1508 3732 1565 3786 δὲ
1600 3731 1818 3786 κελευόι

243 3823 384 3895 μεθα
419 3824 507 3877 διὰ
532 3823 737 3876 τούτων
766 3821 944 3893 κρίσει
975 3821 1302 3893 κεραννύναι
1327 3822 1417 3876 τὸν
1448 3823 1618 3887 ἔλεον,
1648 3824 1723 3888 ὡς
1754 3825 1817 3877 οὐ

239 3915 443 3978 παντὸς
472 3914 622 3969 ἐλέου
654 3913 982 3985 ἀρέσκοντος
1020 3915 1110 3967 τὸν
1137 3914 1247 3967 τῶν
1269 3914 1408 3968 ὅλων
1437 3914 1661 3984 Κύριον.
1694 3917 1817 3967 Δια-

238 4004 516 4077 φερόντως
553 4004 610 4058 δὲ
648 4003 912 4075 λογισμοῦ
947 4005 1117 4058 δεῖται
1167 4005 1445 4075 σώφρονος
1491 4009 1525 4076 ἡ
1566 4005 1817 4076 παροῦσα

238 4097 517 4160 ὑπόθεσις.
556 4097 694 4168 Περὶ
740 4097 849 4167 γὰρ
886 4096 1046 4151 θείων
1096 4097 1477 4166 ἀγωνιζόμεθα
1505 4098 1813 4166 δογμάτων,

237 4188 297 4240 ὲν
326 4184 406 4251 οἷς
450 4189 646 4259 ἔχομεν
687 4188 785 4258 τὴν
815 4191 914 4260 τῆς
946 4190 1223 4261 σωτηρίας
1256 4189 1469 4243 ἐλπίδα.
1511 4188 1720 4261 Πολλὴν
1758 4189 1815 4243 δὲ

237 4276 388 4345 ὅμως
423 4280 571 4331 ἔστιν
609 4278 735 4331 ἰδεῖν
779 4280 883 4332 κάν
933 4277 1143 4342 τούτοις
1186 4279 1490 4348 ἀνθρώπων
1526 4282 1810 4351 διαφοράν.

240 4365 305 4417 Ol
347 4366 445 4434 μὲν
477 4368 586 4437 γὰρ
642 4365 855 4437 ἀληθῶς
884 4366 983 4439 τὴν
1016 4369 1203 4438 κοινὴν
1253 4369 1502 4423 νοσοῦσιν
1539 4371 1812 4434 ἀσέϐειαν,

238 4458 289 4509 οἱ
321 4456 375 4509 δὲ
402 4458 707 4529 ἀδιαφόρως
753 4460 847 4513 καὶ
878 4458 1051 4512 ταῦτα
1091 4461 1186 4512 καὶ
1233 4459 1301 4514 τά
1331 4460 1542 4525 τούτοις
1593 4458 1810 4515 ἐναντία

239 4548 661 4619 προσφέρουσιν.
689 4549 906 4620 Ἕτεροι
938 4548 993 4602 δὲ
1031 4549 1130 4621 τὴν
1159 4548 1414 4620 ἀλήθειαν
1437 4552 1810 4622 ἐπιστάμενοι,

236 4638 444 4709 ταύτην
478 4641 575 4710 μὲν
621 4643 680 4694 ὲν
724 4644 834 4705 τοῖς
872 4643 971 4713 τῆς
1007 4641 1184 4713 ψυχῆς
1214 4641 1659 4712 κατακρύπτουσι
1713 4660 1812 4695 τα-

245 4729 440 4801 μείοις,
468 4730 535 4784 τὰ
567 4732 624 4784 δὲ
653 4731 885 4804 δυσσεϐῆ
914 4733 1049 4803 μετά
1087 4732 1197 4785 τῶν
1224 4733 1397 4787 ἄλλων
1431 4732 1810 4805 κηρύττουσιν.

245 4820 431 4873 Ἀλλοι
452 4820 508 4873 δὲ
536 4819 631 4873 τοῦ
666 4820 859 4889 φθόνου
887 4822 945 4873 τὸ
975 4821 1146 4883 πάθος
1193 4820 1499 4890 δεξάμενοι,
1529 4821 1588 4874 τὸ
1616 4823 1813 4874 οἰκεῖον

241 4909 401 4980 ἔχθος
423 4911 679 4980 ἀφορμὴν
709 4910 802 4963 τοῦ
835 4912 975 4965 κατὰ
1012 4910 1112 4983 τῆς
1146 4911 1405 4982 ἀληθείας
1443 4912 1680 4982 πολέμου
1720 4930 1816 4965 πε-

244 5002 522 5072 ποίηνται,
559 5003 653 5055 καὶ
681 5004 866 5057 πᾶσαν
905 5003 1048 5057 κατά
1079 5002 1188 5056 τῶν
1216 5004 1314 5074 τῆς
1349 5001 1608 5072 ἀληθείας
1643 5003 1816 5093 κῃρύ-

240 5109 354 5146 κων
377 5091 687 5162 εἰσφέρουσι
716 5094 1063 5165 κακοήθειαν.
1102 5094 1218 5148 Εἰσὶ
1244 5094 1301 5148 δὲ
1338 5090 1390 5147 οἳ
1422 5094 1530 5147 τῶν
1562 5094 1659 5163 μὲν
1678 5090 1816 5147 ἀπο·

242 5185 508 5241 στολικῶν
552 5186 839 5257 δογμάτων
874 5188 1209 5251 ἀσπάζονται
1239 5190 1339 5260 τὴν
1388 5185 1669 5258 ἀλήθειαν,
1716 5184 1815 5257 τὴν

239 5278 300 5332 δὲ
325 5277 433 5333 τῶν
466 5277 810 5350 κρατούντων
836 5278 1109 5343 δείσαντες
1144 5280 1484 5347 δυναστείαν,
1524 5277 1814 5349 δημοσιεῦ-

241 5386 333 5424 σαι
361 5370 567 5441 ταύτην
611 5369 946 5439 πεφρίκασι*
991 5371 1080 5423 καὶ
1133 5370 1375 5424 στένουσι
1409 5373 1505 5443 μὲν
1557 5370 1651 5423 καὶ
1691 5368 1811 5422 ὀδύ-

1911 503 2075 550 stros.
2119 495 2176 550 Si
2221 496 2367 549 enim
2408 496 2636 568 diligitis
2667 511 2763 551 eos
2802 497 2897 567 qui
2934 511 3034 551 vos
3061 494 3325 566 diligunt,
3355 496 3489 567 quid

1909 587 2145 657 amplius
2190 585 2405 641 facitis?
2431 587 2572 643 Ecce
2614 595 2932 658 peccatores
2970 596 3026 642 et
3064 586 3344 657 publicani
3384 588 3491 643 hoc

1909 678 2119 733 faciunt
2152 678 2218 731 ".
2251 696 2269 729 ι
2308 678 2377 732 At
2410 695 2512 733 nos
2550 696 2619 734 ne
2656 680 3077 750 publicanorum
3107 679 3327 748 quidem
3358 679 3491 734 cha-

1910 768 2129 825 ritatem
2157 770 2365 840 experti
2394 784 2605 826 sumus.
2628 770 2697 825 Et
2722 770 2855 840 quid
2885 770 3009 825 dico
3038 762 3492 840 publicanorum?

1910 861 1989 916 Ne
2017 861 2166 915 illam
2200 860 2446 932 quidem,
2475 877 2583 931 qua
2618 861 2912 917 homicidae
2939 870 2995 916 et
3019 860 3249 917 veneﬁci
3281 861 3336 915 in
3369 876 3491 916 card
3558 902 3562 910 λ

1911 952 2132 1007 ceribus
2160 951 2441 1017 fruuntur,
2458 951 2890 1007 consolationem
2909 953 3241 1024 accepimus.
3266 953 3420 1020 Quod
3444 947 3490 1009 si

1912 1041 2295 1098 crudelitatem
2333 1041 2495 1096 istam
2536 1042 2711 1097 secuti
2745 1057 2939 1098 omnes
2981 1052 3186 1108 essent,
3216 1044 3490 1114 reliquum

1911 1128 2082 1189 aliud'
2111 1149 2221 1188 non
2273 1142 2422 1198 erat,
2476 1146 2640 1202 quam
2693 1140 2755 1187 ut
2795 1134 2886 1188 vel
2930 1134 3257 1203 snperstites
3303 1130 3493 1204 inopia

1913 1224 2342 1290 conﬂceremur,
2387 1223 2606 1295 1224¹
2640 1224 2728 1279 vel
2766 1226 2973 1280 mortui
3018 1226 3302 1295 sepultura
3338 1241 3493 1281 carc—

1912 1333 2129 1384 remus,
2177 1324 2233 1372 et
2273 1316 2507 1371 canibus
2550 1314 2791 1385 ferisQue
2843 1316 3040 1385 praedic
3074 1331 3341 1371 essemus.
3388 1315 3495 1371 Sed

1913 1406 2212 1461 adfuerunt
2254 1405 2419 1459 nobis
2461 1403 2556 1473 qui
2608 1404 2751 1458 hanc
2786 1403 2954 1458 vitam
3005 1412 3394 1473 aspernantur,
3440 1413 3500 1458 ct

1912 1507 2248 1554 aeternorum
2275 1496 2552 1551 bonorum
2588 1494 2830 1549 fructum
2860 1501 3200 1564 exspectant,
3235 1495 3498 1565 omnique

1914 1603 2016 1642 nos
2067 1585 2460 1642 consolationis
2515 1600 2718 1656 genere
2784 1584 3161 1639 sublevarunt.
3219 1585 3498 1654 Benignus

1914 1687 2099 1735 autem
2148 1697 2166 1730 ι
2195 1677 2460 1732 Dominus
2499 1675 2568 1731 de
2603 1676 2742 1732 caelo
2775 1676 3022 1730 auditum
3048 1674 3492 1747 fecitjudicium;

1916 1781 2063 1827 terra
2098 1771 2326 1826 tremuit
2369 1779 2425 1825 et
2469 1768 2699 1839 quievit,
2739 1784 2864 1824 cum
2905 1776 3228 1839 exsurgeret
3267 1768 3323 1821 in
3353 1765 3498 1837 judi-

1916 1863 2061 1918 cium
2089 1863 2236 1918 Deus
2260 1862 2348 1916 ⁶¹⁹.
2385 1880 2402 1912 ι
2437 1892 2505 1901 --
2542 1879 2560 1912 ι
2585 1860 2799 1915 Inimici
2825 1876 2958 1915 vero
2989 1860 3108 1931 ejus
3140 1875 3265 1915 mox
3300 1867 3362 1913 ut
3394 1859 3496 1912 bo-

1915 1953 2187 2009 noriﬁcati
2233 1953 2462 2008 fuerunt
2501 1960 2557 2007 et
2602 1950 2849 2016 exaltati,
2884 1950 3205 2005 deﬁcientes
3235 1948 3501 2020 quemad-

1915 2048 2144 2102 modum
2193 2045 2382 2100 fumus
2439 2043 2763 2100 defecerunt
2801 2043 2867 2097 ".
2914 2062 2934 2094 ι
2990 2041 3368 2111 Proscriptum
3414 2047 3499 2095 est

1915 2138 2142 2193 haeresis
2186 2152 2345 2192 nova:
2385 2136 2754 2201 mendacium,
2792 2144 2848 2190 et
2896 2134 3210 2189 divinorum
3254 2133 3502 2203 Evange-

1915 2228 2116 2284 liorum
2163 2229 2367 2284 veritas
2412 2228 2592 2299 palam
2643 2226 2992 2298 pmdicatur.
3040 2226 3153 2281 Nos
3198 2239 3333 2279 vero
3372 2238 3498 2279 cum

1917 2321 2080 2376 beato
2112 2321 2316 2375 Davide
2354 2320 2728 2375 exclamamus
2761 2337 2773 2372 :
2814 2338 2831 2368 ι
2860 2317 3192 2372 Benedictus
3219 2316 3365 2370 Deus
3403 2312 3502 2383 qui

1916 2406 2050 2460 facit
2086 2406 2362 2461 mirabilia
2390 2422 2585 2477 magna
2628 2407 2799 2470 solus,
2828 2415 2886 2461 et
2913 2404 3268 2460 benedictum
3297 2418 3512 2470 nomen

1917 2491 2225 2561 maiestatis
2252 2493 2392 2562 ejus,
2420 2500 2477 2547 et
2506 2492 2812 2563 replebitur
2846 2493 3130 2564 majestate
3165 2493 3286 2564 ejus
3321 2492 3501 2546 omnis

1918 2586 2086 2635 terra.
2116 2582 2257 2648 Fiat,
2288 2583 2380 2637 ﬁat
2403 2585 2489 2639 ⁸³⁸.
2523 2605 2540 2636 ι

2230 2918 2233 2919 ν
2266 2872 2612 2930 CXXXV.-—-
2640 2874 2866 2929 Romulo
2896 2878 3153 2947 episcopo.
3232 2902 3239 2915 ι

1989 3004 2442 3077 Quandoquidem
2479 3016 2721 3062 veterem
2751 3004 2911 3063 nobis
2939 3008 3226 3066 historiam
3258 3023 3501 3071 commc-

1918 3100 2167 3165 morasti,
2194 3099 2572 3172 Syrorumque
2603 3112 2789 3171 regem
2820 3101 2921 3165 ais,
2949 3117 3072 3156 cum
3108 3094 3252 3175 regis
3287 3106 3504 3165 lsraelis

1919 3190 2319 3245 humanitatem
2377 3192 2560 3245 animo
2615 3192 3220 3265 rephtaretysupplicis
3267 3196 3503 3255 formam

1920 3281 2240 3349 sumpsisse,
2275 3286 2329 3335 et
2373 3275 2697 3350 impetrasse
2746 3283 2892 3350 quod
2934 3286 3178 3352 petebat,
3209 3290 3503 3346 recordare

1922 3378 1980 3424 tu
2005 3371 2200 3433 etiam,
2233 3370 2477 3433 domine,
2511 3371 2605 3424 ira:
2630 3385 2694 3424 ac
2721 3370 2944 3425 ultionis
2972 3372 3190 3428 divinae.
3219 3375 3502 3433 Acbabum

1919 3461 2090 3525 enim,
2115 3460 2209 3530 qui
2240 3459 2620 3514 misericordia
2647 3475 2779 3515 usus
2806 3460 3007 3525 fuerat,
3040 3477 3299 3531 supremo
3334 3462 3504 3524 exitio

1922 3550 2194 3610 multavit,
2220 3554 2277 3603 et
2301 3548 2627 3603 sententiam
2661 3548 2717 3601 in
2747 3565 2872 3603 eum
2898 3565 2996 3619 per
3020 3551 3345 3621 prophetam
3375 3570 3504 3623 pro—

1922 3641 2066 3696 tulit.
2108 3660 2126 3692 ι
2163 3640 2302 3703 Erit,
2343 3640 2545 3709 inquit,
2571 3640 2752 3695 anima
2797 3651 2888 3695 tua
2926 3658 3028 3713 pro
3062 3643 3243 3697 anima
3273 3645 3414 3715 ejus,
3444 3656 3503 3702 et

1920 3733 2156 3804 populus
2199 3742 2325 3786 tuus
2364 3745 2466 3801 pro
2510 3732 2714 3801 pOpulo
2751 3733 2870 3803 ejus
2895 3731 2960 3788 ³⁵.
2995 3753 3013 3784 ι
3049 3734 3159 3789 Nos
3196 3748 3328 3790 vero
3372 3736 3505 3794 hinc

1915 3824 2175 3895 jubemur
2240 3822 2675 3878 misericordiam
2726 3833 3033 3894 temperare
3078 3826 3323 3897 judicio,
3374 3844 3502 3884 cum

1922 3917 2305 3972 universorum
2340 3913 2452 3970 Deo
2491 3915 2749 3984 quaelibet
2792 3915 3169 3972 misericordia
3216 3931 3326 3971 non
3383 3919 3501 3989 pla-

1919 4016 2058 4063 ceat.
2103 4004 2163 4060 In
2201 4005 2398 4077 primis
2440 4013 2626 4060 autem
2673 4006 2908 4061 consilio
2944 4006 3203 4077 prudenti
3245 4021 3384 4077 opus
3420 4016 3503 4063 est

1920 4097 1973 4153 in
1996 4097 2255 4169 przcsenti
2278 4097 2517 4166 negotio.
2540 4096 2616 4151 De
2643 4095 2846 4152 divinis
2868 4097 3014 4152 enim
3046 4097 3259 4169 1225
3281 4098 3504 4170 dogma-

1918 4187 2067 4242 tibus
2105 4196 2404 4251 certamus,
2438 4186 2492 4240 in
2527 4184 2730 4255 quibus
2764 4185 2998 4256 positam
3042 4187 3310 4243 habemus
3347 4204 3500 4258 spem

1918 4279 2129 4333 salutis.
2163 4277 2269 4332 Sed
2303 4293 2555 4349 magnam
2591 4278 2646 4331 in
2678 4276 2769 4331 his
2799 4276 2965 4332 etiam
2997 4276 3184 4332 videre
3210 4285 3294 4332 est
3320 4277 3500 4333 homi-

1918 4383 2053 4421 num
2095 4366 2483 4421 differentiam.
2527 4363 2760 4433 Quidam
2805 4367 2952 4421 enim
2993 4367 3273 4422 communi
3312 4384 3501 4422 revera

1920 4458 2171 4513 laborant
2212 4454 2522 4528 impietate;
2570 4458 2792 4528 quidam
2832 4458 2985 4512 nullo
3028 4456 3350 4514 discrimine
3389 4468 3501 4513 tum

1920 4550 2037 4606 haec
2066 4556 2181 4603 tum
2218 4547 2325 4603 illis
2362 4548 2639 4603 contraria
2678 4547 2967 4618 proferunt
2994 4547 3047 4603 in
3086 4548 3351 4607 medium.
3394 4544 3502 4603 Alii

1921 4656 2046 4694 cum
2070 4642 2387 4710 perceptam
2414 4638 2654 4693 habeant
2682 4638 2992 4705 veritatem,
3030 4638 3172 4692 hanc
3205 4634 3261 4691 in
3300 4625 3499 4692 arcano

1923 4732 2124 4786 mentis
2143 4745 2287 4800 penu
2319 4728 2645 4794 recondunt,
2664 4738 2719 4784 et
2747 4730 2912 4800 impia
2941 4745 3064 4784 cum
3095 4730 3219 4784 aliis
3240 4727 3504 4800 profiten-

1914 4831 2026 4877 tur.
2065 4820 2173 4876 Alii
2214 4836 2408 4874 rursus
2442 4819 2646 4873 invidia
2681 4820 2809 4874 tacti
2836 4816 3218 4891 impugnanda
3253 4812 3502 4873 veritatis

1913 4911 2261 4967 occasionem
2289 4926 2353 4966 ex
2381 4910 2752 4966 simultatibus
2787 4910 2902 4965 suis
2935 4904 3229 4980 arripiunt,
3254 4924 3473 4963 omnem

1915 5017 2021 5073 que
2052 5002 2108 5055 in
2134 5001 2384 5057 veritatis
2406 5016 2691 5072 pracones
2714 5000 3013 5071 nequitiam
3052 5007 3328 5056 exercent.
3359 4994 3499 5054 Sunt

1914 5095 2078 5150 etiam
2122 5094 2216 5165 qui
2259 5094 2686 5164 apostolicorum
2711 5093 3027 5166 dogmatum
3052 5092 3341 5147 veritatem
3377 5106 3495 5146 am-

1922 5188 2238 5258 plectuntur
2261 5186 2506 5258 quidem,
2530 5186 2625 5242 sed
2649 5179 3050 5243 dominantium
3074 5186 3376 5256 potentiam
3405 5198 3500 5239 ve—

1920 5275 2013 5329 riti
2059 5274 2201 5329 hanc
2219 5274 2466 5345 proferre
2499 5274 2556 5328 in
2584 5274 2863 5344 publicum
2894 5270 3254 5328 reformidant
3282 5291 3295 5326 :
3326 5281 3381 5326 et
3416 5272 3501 5325 iu—

1917 5368 2226 5439 gemiscunt
2250 5366 2495 5438 quidem,
2520 5365 2815 5437 dolentque
2838 5365 2908 5421 ob
2937 5366 3203 5431 malorum
3235 5365 3496 5434 frequcn«

315 5525 363 5558 “
389 5524 581 5582 Matth.
621 5542 675 5591 ν,
708 5525 795 5589 44,
832 5524 921 5579 46.
996 5524 1061 5556 ⁶¹⁶
1100 5526 1243 5578 Psal.
1276 5541 1431 5589 Lxxv,
1456 5525 1508 5592 8,
1530 5524 1584 5580 9.
1623 5525 1669 5557 ⁸³
1704 5523 1812 5581 P331

1917 5539 2063 5591 τινι,
2095 5523 2184 5578 20.
2244 5523 2309 5555 “‘
2334 5518 2477 5578 Psal.
2508 5537 2649 5585 uxr,
2683 5520 2768 5586 l8,
2800 5521 2889 5579 19.
2930 5520 2976 5553 ⁸⁵
3007 5519 3074 5575 Ill
3105 5519 3242 5592 Reg.
3278 5534 3368 5589 xx,
3396 5518 3490 5575 42.

315 5679 428 5753 (97)
465 5680 598 5752 μηδὲ
632 5679 802 5750 Neap.

554 5777 830 5851 famen.
874 5773 990 5833 Gn.
1031 5768 1336 5832 LXXXlIl.

3052 5765 3128 5827 43
