3992 6194
491 258 628 323 1355

1475 257 1961 317 THEODORE'I‘I
1999 257 2336 317 EPISCOPI
2377 259 2734 316 CYHENSIS

3614 255 3763 318 i356

488 371 656 435 tiam,
709 371 810 440 ipsi
853 379 1034 424 tamen
1081 384 1205 424 cum
1252 369 1320 422 iis
1363 377 1652 421 versantur
1685 369 1779 437 qui
1828 369 2074 438 ingentes

2180 387 2362 440 ρονται
2396 369 2502 422 τῶν
2538 369 2722 421 κακῶν
2759 368 2855 438 τὴν
2890 368 3084 436 φορὰν,
3127 367 3414 422 σύνεισιδέ
3455 369 3606 438 ὅμως
3635 372 3761 431 tot;

487 459 690 518 ﬂuctus
717 462 1017 516 concitant.
1056 459 1174 526 Quo
1207 474 1275 513 ex
1307 473 1540 513 numero
1568 468 1715 513 tuam
1741 475 1860 514 esse
1891 459 2067 529 pieta-

488 564 598 610 tem
632 567 940 609 censemus.
973 550 1109 605 Nam
1151 559 1208 604 et
1255 565 1444 605 sanam
1474 550 1530 604 in
1564 550 1770 605 divinis
1798 551 2068 622 dogmati-

485 645 591 698 bus
619 641 791 711 ipsam
838 655 960 694 esse
1004 638 1300 702 credimus,
1341 647 1397 693 et
1436 639 1764 694 cbaritatem
1801 655 1929 710 erga
1968 654 2070 695 nos

396 753 408 765 ι
487 735 729 790 retinere
791 732 1145 795 arbitramur,
1195 731 1292 788 sed
1355 731 1426 786 ob
1485 734 1657 786 solam
1719 732 2070 787 timiditatem

489 824 721 894 tempori
746 822 973 877 servire.
1002 821 1116 878 llac
1142 821 1212 877 de
1246 838 1426 887 causa,
1453 823 1583 877 licet
1605 824 1839 878 aliorum
1861 823 2069 878 nemini

444 897 448 900 ’
488 915 817 976 scribamus,
846 922 901 968 et
924 912 991 968 ad
1014 914 1276 984 pietatem
1300 924 1449 969 tuam
1480 914 1792 978 scribimus,
1813 925 1880 973 et
1906 915 1976 970 ab
2006 929 2068 969 ea

489 1006 702 1061 litteras
723 1005 1047 1073 accipimus,
1074 1005 1346 1076 cognitam
1372 1006 1491 1076 ejus
1516 1013 1753 1060 mentem
1781 1005 2067 1071 habentes,

491 1097 784 1165 timorique
859 1096 1041 1166 aliquo
1117 1096 1279 1151 modo
1363 1096 1724 1166 ignoscentes.
1798 1096 2070 1167 Benignus

490 1197 675 1242 autem
723 1187 988 1242 Dominus
1033 1187 1247 1242 timoris
1295 1203 1513 1257 quoque
1559 1187 1877 1242 occasiones
1921 1204 2070 1242 nunc

490 1276 710 1346 penitus
749 1276 1070 1344 amputavit,
1111 1291 1286 1346 nuper
1324 1278 1615 1332 excitatam
1663 1286 1914 1348 retegens
1963 1277 2068 1331 im-

491 1367 770 1436 pietatem,
812 1367 1343 1437 Evangeliorumque
1389 1368 1730 1424 manifestam
1776 1370 2071 1425 ostendens

489 1457 800 1510 veritatem.
837 1458 947 1512 Nos
978 1473 1130 1522 vero,
1158 1460 1409 1527 quamvis
1441 1475 1535 1514 ora
1559 1461 1719 1514 nobis
1751 1469 1828 1515 tot
1860 1470 2068 1526 essent,

493 1558 627 1616 quot
675 1548 881 1617 capilli,
925 1549 1224 1618 benignum
1260 1553 1274 1569 ‘
1316 1551 1607 1604 Dominum
1662 1567 1761 1620 pro
1809 1551 2070 1621 dignitate

492 1639 716 1694 laudare
759 1657 867 1696 non
905 1657 1220 1711 possumus,
1249 1643 1418 1712 quod,
1449 1658 1571 1714 quae
1614 1659 1643 1696 a
1685 1644 1844 1698 nobis
1879 1645 2071 1714 pracdi-

493 1740 709 1793 cantur,
745 1732 810 1785 ad
835 1731 1024 1786 eadem
1061 1733 1274 1804 1226
1307 1735 1486 1802 palam
1507 1734 1854 1803 prmdicanda
1883 1735 1965 1788 vel
1988 1751 2074 1789 re-

491 1825 957 1894 pugnantissimos
1025 1825 1227 1895 adegit.
1286 1826 1640 1903 Audivimus
1676 1827 1824 1881 enim
1894 1828 2073 1898 ipsum

491 1915 658 1969 etiam
690 1915 912 1985 pietatis
947 1925 1053 1971 tuae
1097 1917 1570 1983 contubernalem,
1603 1935 1726 1973 cum
1758 1921 2076 1976 anathema-

497 2007 686 2062 tismos
721 2008 777 2062 in
818 2009 1030 2079 magnis
1065 2009 1297 2064 urbibus
1331 2010 1509 2064 editos
1534 2021 1840 2082 cognosset,
1866 2011 1934 2066 ab
1971 2012 2074 2065 ali-

494 2111 604 2165 quo
635 2112 961 2152 cancrorum
992 2098 1209 2152 incessu
1236 2099 1533 2165 destitisse,
1567 2108 1824 2169 rectaque
1860 2100 2073 2169 ingres-

495 2203 616 2242 sum
643 2202 784 2252 esse,
813 2203 940 2242 eum
968 2189 1036 2245 de
1064 2188 1413 2261 dogmatibus
1447 2191 1503 2244 in
1533 2201 1806 2246 conventu
1835 2192 2075 2262 quodam

493 2278 812 2334 dissereret.
858 2278 1087 2350 Oportet
1125 2289 1307 2336 autem
1346 2299 1456 2338 non
1499 2284 1731 2353 tempori
1764 2299 2073 2339 accommo-

469 2373 627 2433 ,dare
654 2387 960 2438 sermones,
987 2374 1082 2429 sed
1117 2384 1322 2430 rectam
1353 2391 1569 2447 semper
1599 2385 1654 2430 et
1693 2393 1961 2447 nusquam
1994 2378 2077 2431 in-

471 2462 690 2518 ﬂexam
727 2464 985 2536 .veritatis
1018 2481 1268 2520 normam
1302 2482 1646 2522 conservare.

811 2663 1092 2716 CXXXVI.
1123 2694 1191 2702 —
1218 2662 1354 2732 Cyro
1391 2667 1756 2733 magistriano.

565 2774 720 2828 Dolui
772 2775 1153 2839 vehementer,
1197 2789 1323 2829 cum
1365 2777 1643 2831 tristitiam
1691 2779 1919 2847 cognovi
1968 2796 2076 2848 qua

490 2863 851 2920 conﬂictaris.
884 2864 988 2930 Qui
1017 2864 1164 2918 enim
1195 2873 1444 2932 poteram
1476 2883 1587 2919 non
1619 2867 1829 2931 dolere,
1857 2871 1951 2939 qui
1983 2879 2075 2926 tua

495 2953 682 3010 omnia
729 2967 849 3006 mea
903 2951 1062 3015 facio,
1104 2959 1162 3004 et
1209 2952 1490 3020 apestolici
1532 2968 1741 3007 memor
1771 2970 1889 3009 sum
1932 2971 2074 3025 prae-

2169 464 2269 526 τὰς
2295 463 2589 534 τρικυμίας
2613 461 2901 532 ἐγείρουσι.
2935 460 3151 528 Ταύτης
3171 460 3273 528 τῆς
3302 462 3614 531 συμμορίας
3649 459 3760 526 τὴν

2173 556 2270 626 σὴν
2299 553 2436 608 είναι
2480 553 2788 607 θεοσέϐειαν
2825 550 3138 621 ὁριζόμεθα.
3174 551 3467 618 Ὑγιαίνειν
3503 552 3604 622 μὲν
3640 553 3761 620 γὰρ

2170 647 2339 718 αὐτὴν
2387 649 2444 698 ἐν
2482 648 2592 709 τοῖς
2647 643 2812 706 θείοις
2865 643 3098 712 δόγμασι
3140 643 3604 713 πεπιστεύκαμεν,
3654 647 3763 697 καὶ

2171 737 2267 806 τὴν
2312 737 2440 807 περὶ
2493 737 2640 806 ἡμᾶς
2691 733 2975 799 διασώζειν
3025 733 3248 803 ἀγάπην
3302 735 3617 803 νομίζομεν,
3663 736 3762 789 διὰ

2175 829 2343 899 μόνην
2386 829 2440 881 δέ
2469 827 2671 880 δειλίαν
2705 825 3211 896 συμπεριφέρεσθαι
3239 825 3316 894 τῷ
3351 826 3548 894 καιρῷ.
3583 823 3661 880 0ιῦ
3689 828 3762 898 δὴ

2171 919 2352 990 χάριν,
2374 917 2546 970 οὐδενὶ
2579 915 2686 968 τῶν
2717 915 2890 969 ἄλλων
2923 913 3350 978 ἐπιστέλλοντες,
3381 918 3446 986 τῇ
3490 918 3556 984 σῇ
3599 919 3762 983 φιλο-

2173 1010 2294 1080 θεῖα
2342 1009 2436 1062 καὶ
2485 1007 2789 1077 γράφομεν,
2827 1005 2920 1058 καὶ
2971 1006 3100 1076 παρ’
3156 1006 3326 1077 αὐτῆς
3356 1007 3621 1076 δεχόμεθα
3686 1009 3765 1060 τὰ

2173 1100 2510 1170 γράμματα·
2562 1097 2653 1150 τὸν
2707 1096 2803 1166 μὲν
2854 1096 3056 1150 σκοπὸν
3110 1097 3329 1158 εἰδότες,
3364 1100 3430 1166 τῇ
3484 1097 3543 1149 δὲ
3577 1098 3762 1168 δειλίᾳ

2176 1190 2504 1259 συγγνώμην
2536 1188 2679 1242 οὕτω
2713 1205 2827 1250 πως
2866 1187 3140 1256 νέμοντες.
3192 1187 3251 1240 '0
3278 1187 3334 1240 δὲ
3369 1187 3761 1257 φιλάνθρωπος

2172 1283 2377 1355 Κύριος
2407 1281 2622 1344 καὶτὰς
2643 1279 2744 1348 τῆς
2773 1279 3004 1341 δειλείας
3036 1277 3314 1342 παντελῶς
3342 1279 3436 1331 νῦν
3469 1279 3760 1347 ἀπέκοψεν

2172 1373 2448 1445 ἀφορμὰς,
2483 1372 2584 1442 τὴν
2617 1372 2715 1440 μὲν
2743 1368 3230 1440 καινοτομηθεῖσαν
3255 1370 3433 1434 δείξας
3466 1371 3756 1432 άσέὸειαν,

2171 1465 2269 1535 τὴν
2299 1465 2357 1518 δὲ
2381 1464 2487 1517 τῶν
2516 1461 2863 1530 Εὐαγγελίων
2893 1459 3109 1530 γυμνὴν
3155 1460 3423 1524 ἐπιδείξας
3463 1462 3759 1532 ἀλήθειαν.

2187 1559 2378 1628 Ἡμεῖς
2419 1555 2475 1610 δὲ
2524 1554 2647 1608 οὔτε
2695 1556 2815 1616 ταῖς
2852 1553 3028 1624 θριξὶν
3071 1554 3371 1624 ἰσαρίθμων
3413 1556 3548 1623 ἡμῖν
3599 1571 3765 1620 γενο-

2179 1649 2355 1718 μένων
2389 1646 2693 1717 στομάτων,
2725 1646 2965 1716 ὑμνῆσαι
2992 1645 3112 1698 κατ⁹
3137 1643 3292 1707 ἀξίαν
3320 1643 3410 1697 τὸν
3443 1645 3766 1714 φιλάνθρω-

2175 1757 2274 1793 πον
2307 1737 2582 1808 δυνάμεθα
2629 1736 2854 1807 Κύριον,
2884 1737 2966 1789 ὃτι
3003 1735 3073 1788 τὰ
3123 1736 3251 1805 παρ’
3282 1735 3441 1806 ἡμῶν
3484 1737 3767 1806 κηρυττό-

2175 1847 2334 1900 μενα,
2381 1829 2628 1890 καὶτοὺς
2657 1828 3082 1890 ἐναντιωτάτους
3127 1825 3416 1895 προφανῶς
3456 1827 3767 1894 κηρύττειν

2174 1922 2503 1992 ἠνάγκασεν.
2541 1919 2884 1989 Ἢκούσαμεν
2913 1917 3021 1988 γὰρ
3054 1917 3129 1980 ὡς
3170 1918 3263 1971 καὶ
3311 1918 3412 1986 τῆς
3450 1918 3551 1987 σῆς
3608 1919 3766 1986 catio-

2173 2013 2326 2076 θεῖας
2350 2013 2378 2065 ὁ
2403 2011 2669 2076 σύνοικος,
2691 2011 2852 2079 γνοὺς
2880 2010 3007 2073 τοὺς
3034 2012 3092 2062 ἐν
3115 2011 3235 2072 ταῖς
3263 2009 3525 2077 μεγάλαις
3564 2009 3763 2062 πόλεσι

2175 2104 2580 2175 γεγενημένους
2627 2102 3128 2172 ἀναθεματισμοὺς,
3179 2099 3454 2153 ἐπαύσατο
3513 2100 3622 2170 μὲν
3658 2103 3762 2170 τὴν

2175 2197 2338 2268 λοξὴν
2385 2197 2496 2250 τῶν
2531 2196 2810 2267 καρκίνων
2858 2193 3084 2264 πορείαν
3133 2191 3486 2262 μιμούμενος,
3529 2193 3760 2245 ἐϐάδισε

2175 2289 2234 2344 δὲ
2266 2288 2364 2358 τὴν
2415 2286 2636 2340 εὐθεῖαν
2685 2285 2813 2355 περὶ
2857 2283 3144 2354 δογμάτων
3193 2282 3493 2352 διαλεχθεὶς
3533 2283 3598 2334 ἓν
3651 2300 3764 2336 τινι

2178 2379 2505 2450 πανηγύρει.
2551 2377 2762 2449 Χρὴδέ
2807 2376 2881 2446 μὴ
2912 2379 3024 2438 τοῖς
3069 2377 3279 2445 καιροῖς
3314 2374 3763 2445 προσαρμόττειν

2177 2471 2304 2533 τοὺς
2343 2469 2558 2538 λόγους,
2599 2467 2711 2520 ἀλλ’
2747 2467 2938 2535 ἀκλινῆ
2971 2466 3068 2535 τῆς
3113 2465 3368 2534 ἀληθείας
3405 2464 3501 2518 τὸν
3547 2465 3761 2518 κανόνα

2177 2559 2461 2623 διασώζειν
2490 2558 2596 2612 ἀεί.

2495 2671 2676 2736 PAC'.
2710 2699 2780 2707 —
2812 2669 2982 2735 Κύρῳ
3005 2665 3426 2735 pag-(armari).

2249 2785 2382 2837 Λίαν
2415 2784 2629 2853 ἧλγησα
2659 2784 2756 2850 τὴν
2800 2778 3088 2847 συμϐᾶσαν
3135 2778 3262 2848 ὑμῖν
3296 2777 3535 2845 ἀθυμίαν
3572 2794 3762 2847 μεμα-

2178 2875 2382 2945 θηκώς.
2419 2875 2546 2938 Πῶς
2575 2873 2686 2945 γὰρ
2737 2873 2839 2926 οὐκ
2880 2871 3106 2940 ἔμελλον
3145 2869 3301 2922 τοῦτο
3345 2868 3655 2930 πείσεσθαι,
3689 2874 3760 2925 τὰ

2181 2966 2423 3036 ὑμέτερα
2448 2964 2840 3034 οἰκειούμενος,
2881 2961 2977 3014 καὶ
3006 2960 3104 3030 τῆς
3145 2959 3509 3029 ξιτιοστολικῆρς⁵
3540 2976 3760 3029 μεμνη-

493 3044 640 3114 cepti
663 3045 729 3116 τ’,
754 3043 899 3114 quod
929 3058 1038 3097 non
1063 3043 1239 3097 solum
1265 3043 1503 3113 gaudere
1534 3061 1657 3098 cum
1682 3046 2070 3115 gaudentibus,

2181 3057 2340 3127 μένος
2366 3055 2709 3125 νομοθεσίας,
2745 3053 2780 3124 ἢ
2821 3053 2881 3104 ού
2929 3053 3090 3122 μόνον
3125 3051 3335 3120 χαίρειν
3368 3050 3505 3118 μετὰ
3531 3052 3758 3118 χαιρέν-

495 3151 688 3190 verum
713 3136 878 3190 etiam
909 3133 1038 3189 ﬂere
1060 3135 1217 3205 jubet
1247 3151 1370 3190 cum
1401 3136 1695 3191 ﬂentibus?
1730 3137 1837 3192 Sed
1870 3148 1925 3193 et
1957 3140 2073 3209 ipsa

495 3239 756 3280 aerumnae
787 3225 1027 3295 gravitas
1054 3226 1196 3294 potis
1218 3235 1302 3280 est
1329 3227 1396 3280 ad
1431 3228 1904 3298 participationem
1933 3246 2071 3284 mm-

499 3315 642 3369 roris
665 3317 750 3370 vel
777 3315 1172 3370 infensissimos
1195 3332 1558 3373 commovere.
1581 3319 1722 3386 Quid
1751 3322 1896 3375 enim
1919 3338 2072 3391 aeque

497 3409 791 3463 molestum
831 3418 996 3477 queat
1037 3424 1176 3473 esse,
1214 3418 1273 3464 ut
1315 3411 1544 3481 conjuge
1588 3413 1812 3482 privari,
1856 3430 1977 3483 qua:
2019 3423 2074 3467 et

501 3489 846 3555 matrimonii.
900 3500 1086 3570 iugum
1149 3500 1422 3570 inculpate
1483 3503 1735 3569 duxerit,
1794 3514 1849 3558 et
1905 3506 2072 3559 vitam

500 3591 700 3646 marito
725 3591 1022 3661 jucundam
1063 3591 1390 3656 reddiderit,
1425 3603 1480 3646 ct
1512 3593 1730 3649 familia:
1758 3610 1918 3650 curas
1945 3613 2070 3666 par-

499 3682 602 3736 tita
643 3681 734 3745 sit,
783 3697 846 3735 ac
882 3681 1181 3736 domestica
1222 3697 1544 3751 procurans,
1583 3684 1684 3737 alia
1719 3685 1903 3740 omnia
1947 3702 2071 3740 cum

499 3772 694 3827 eodem
734 3772 1149 3837 administrarit,
1181 3780 1236 3826 ct
1264 3789 1383 3841 qum
1417 3775 1568 3828 utilia
1599 3785 1756 3829 erant
1787 3792 2073 3846 suggesse-

501 3863 594 3924 rit,
639 3872 696 3917 et
733 3863 836 3916 viri
882 3862 1105 3915 monitis
1145 3863 1402 3916 obsecuta
1434 3863 1537 3917 sit?
1561 3862 1716 3928 Quod
1747 3879 1877 3918 vero
1910 3867 2072 3922 simul

494 3969 624 4008 cum
663 3954 752 4006 illa
793 3953 837 4006 is
872 3955 1037 4006 etiam
1069 3953 1163 4022 qui
1193 3968 1257 4007 ex
1293 3969 1356 4006 ea
1386 3962 1546 4007 natus
1576 3955 1772 4019 fuerat,
1801 3957 2074 4010 studiose-

500 4060 608 4112 que
642 4044 907 4098 educatus
946 4059 1008 4096 ac
1051 4043 1252 4097 litteris
1294 4043 1598 4106 institutus,
1632 4045 1726 4114 qui
1772 4047 2072 4100 senectutis

500 4136 749 4189 levamen
798 4133 1016 4189 iuturus
1063 4135 1406 4204 sperabatur,
1455 4135 1511 4188 in
1553 4151 1681 4188 vere
1721 4135 1838 4206 ipso
1874 4139 2068 4203 aetatis,

501 4225 676 4295 prima
703 4233 1084 4279 succrescente
1115 4225 1392 4295 lanugine,
1418 4226 1630 4278 tumulo
1653 4227 1943 4280 mandatus
1965 4238 2068 4292 cst,

496 4320 785 4388 cujusnam
823 4316 1030 4371 doloris
1064 4332 1171 4370 non
1207 4318 1420 4372 excedit
1461 4319 1932 4389 magnitudinem?
1966 4322 2072 4376 lta—

2177 3164 2307 3208 των,
2331 3146 2465 3200 ἀλλὰ
2519 3145 2614 3198 καὶ
2662 3144 2869 3198 κλαίειν
2920 3142 3058 3213 μετὰ
3095 3141 3387 3194 κλαιόντων
3425 3141 3760 3213 7mqu;

2178 3239 2288 3292 Καὶ
2319 3237 2451 3290 αὐτὸ
2479 3236 2537 3289 δέ
2570 3251 2634 3303 γε
2668 3235 2730 3287 τὸ
2751 3232 2920 3296 πάθος
2951 3232 3132 3285 ἱκανὸν
3161 3233 3240 3293 είς
3278 3229 3622 3300 συμπάθειαν
3661 3236 3763 3283 καὶ

2179 3332 2305 3392 τοὺς
2337 3326 2799 3399 δυσμενεστάτους
2820 3325 3065 3378 ἐλκύσαι.
3097 3324 3162 3376 Τί
3182 3323 3290 3392 γάρ
3313 3322 3483 3383 οὕτως
3506 3324 3762 3392 ἀνιαρὸν,

2179 3421 2254 3484 ὡς
2289 3419 2558 3491 ὁμοζύγου
2612 3417 2963 3489 στερηθῆναι,
3025 3415 3266 3486 ἐννόμως
3305 3415 3400 3484 μὲν
3446 3414 3761 3479 ὲλκυσάσης

2179 3512 2269 3565 τὸν
2299 3510 2393 3564 τοῦ
2455 3509 2634 3579 γάμου
2671 3507 2854 3576 ζυγὸν,
2893 3507 2968 3577 τῷ
3016 3506 3074 3558 δέ
3123 3506 3350 3575 συνοίκῳ
3386 3503 3603 3573 θυμήρη
3668 3505 3762 3557 τδν

2183 3601 2295 3672 βίον
2321 3600 2734 3672 ἐργασαμένης,
2771 3599 2866 3652 καὶ
2899 3600 2998 3668 τῆς
3025 3598 3203 3661 οίκίας
3227 3597 3324 3659 τὰς
3346 3594 3632 3666 φροντίδας
3666 3613 3762 3662 με-

2184 3693 2504 3764 ρισαμένης,
2560 3693 2652 3745 καὶ
2697 3692 2757 3744 τὸ
2803 3691 2902 3761 μὲν
2948 3689 3095 3742 ἔνδον
3139 3688 3554 3757 οίκουρησάσης.
3587 3687 3668 3738 τά
3711 3687 3759 3740 δ’

2179 3785 2312 3838 ἄλλα
2346 3784 2524 3838 πάντα
2547 3783 3065 3853 συγκυϐερνησάσης
3089 3798 3099 3808 ·
3124 3781 3217 3834 καὶ
3233 3780 3292 3831 τὸ
3326 3779 3599 3831 συνοίσειν
3629 3779 3753 3846 μέλ·

2179 3875 2268 3927 λον
2300 3873 2764 3944 εἰσηγησαμένης,
2798 3876 2890 3925 καὶ
2930 3873 3050 3932 ταῖς
3096 3869 3190 3922 τοῦ
3234 3867 3428 3937 ἀνδρὸς
3475 3867 3760 3934 ὑποθημο-

2181 3966 2367 4028 σύναις
2400 3965 2655 4035 είξάσης;
2683 3965 2757 4016 Τὸ
2787 3964 2843 4016 δὲ
2871 3963 2967 4016 καὶ
3001 3963 3099 4014 σὺν
3138 3960 3311 4031 ταύτῃ
3345 3960 3437 4012 τὸν
3478 3958 3537 4024 ἐξ
3584 3959 3759 4026 αὐτῆς

2181 4055 2378 4123 φύντα,
2417 4057 2511 4109 καὶ
2555 4054 2831 4126 ἐπιμελῶς
2874 4053 3236 4124 ἐκτραφέντα,
3291 4052 3386 4103 καὶ
3435 4050 3618 4117 λόγοις
3672 4051 3758 4099 ἐν·

2181 4147 2511 4218 ασκηθέντα,
2531 4147 2626 4199 καὶ
2641 4145 2965 4217 γηρωκόμον
2988 4143 3307 4197 ἐλπισθέντα
3330 4140 3679 4211 γενήσεσθαι,
3702 4143 3762 4192 ἐν

2180 4239 2328 4310 αὐτῷ
2359 4239 2436 4309 τῷ
2470 4235 2564 4310 ἦρι
2596 4238 2694 4307 τῆς
2724 4237 2960 4307 ἡλικίας,
3001 4234 3189 4288 ίούλων
3231 4233 3417 4285 λοιπὸν
3459 4231 3762 4299 καθερποῗιμ

2179 4345 2308 4390 των,
2344 4327 2678 4398 παραδοῦναι
2726 4325 2804 4395 τῷ
2836 4325 3012 4394 τάφῳ,
3053 4323 3214 4383 ποίας
3260 4321 3552 4390 ἀχθηδόνος
3583 4320 3759 4388 ὑπερ-

496 4423 608 4476 que
625 4407 669 4461 si
689 4406 858 4461 solam
878 4407 1003 4460 mali
1027 4406 1135 4461 vim
1157 4415 1212 4461 et
1232 4415 1479 4461 naturam
1511 4417 1840 4478 spectemus,
1866 4411 2071 4466 nullam

2179 4415 2340 4486 ϐολὴν
2368 4415 2723 4480 καταλείπει;
2760 4413 2821 4465 Et
2854 4413 2954 4484 μὲν
2990 4409 3081 4465 οὖν
3121 4412 3200 4474 είς
3232 4409 3402 4478 αὐτὴν
3426 4409 3760 4476 ἀποῦλέψαι-

501 4497 697 4565 recipit
731 4497 1178 4550 consolationem.
1217 4497 1426 4568 1227
1460 4497 1532 4552 At
1567 4497 1610 4551 si
1643 4501 1861 4568 generis
1904 4503 2073 4556 totius

503 4588 886 4642 mortalitatem
925 4587 1109 4641 animo
1143 4589 1467 4658 cogitemus,
1495 4592 1871 4661 prolatamque
1905 4593 1960 4646 in
1990 4598 2075 4663 ge-

503 4693 606 4732 nus
636 4680 950 4732 universum
984 4679 1333 4743 sententiam,
1359 4683 1917 4754 communitatemque
1941 4701 2076 4755 pra:-

503 4775 654 4821 terca
682 4767 832 4832 mali,
861 4782 984 4820 cum
1026 4767 1186 4836 plena
1211 4769 1282 4821 sit
1305 4769 1415 4823 vita
1447 4770 1760 4841 hujusmodi
1799 4789 2072 4827 aerumna-

444 4881 464 4936 ,ς
504 4872 655 4920 rum,
704 4855 947 4910 feremus
989 4856 1206 4913 fortiter
1249 4860 1394 4929 quod
1442 4862 1670 4927 accidit,
1714 4865 2077 4935 moerorisquc

503 4949 722 5002 aculeos
761 4947 1139 5014 retundemus,
1181 4962 1343 5021 atque
1372 4952 1755 5008 admirandum
1783 4956 1936 5010 illum
1961 4957 2077 5010 lau-

504 5037 588 5091 dis
605 5052 824 5092 carmen
861 5028 1247 5094 cOncinemus:
1277 5059 1294 5090 ι
1325 5041 1588 5096 Dominus
1611 5043 1785 5108 dedit,
1812 5045 2078 5100 Dominus

503 5117 730 5199 abstulit
756 5147 767 5181 :
795 5129 939 5184 sicut
969 5129 1202 5184 Domino
1239 5129 1467 5200 placuit,
1504 5132 1584 5186 sic
1621 5140 1677 5186 et
1712 5133 1914 5188 factum
1946 5145 2032 5190 est
2060 5155 2072 5190 :

497 5222 568 5278 sit
596 5237 794 5276 nomen
815 5222 1033 5276 Domini
1060 5222 1409 5277 benedictum
1441 5223 1495 5278 in
1523 5225 1721 5278 sarcula
1751 5228 1817 5280 ⁵⁸.
1857 5247 1873 5278 ι
1909 5229 2078 5284 Nobis

507 5329 635 5370 vero
659 5313 725 5369 ad
747 5314 1176 5369 consolationem
1205 5329 1381 5369 causae
1403 5323 1532 5370 sunt
1552 5316 1716 5371 etiam
1743 5320 2073 5388 complures.

574 5463 617 5490 ⁸⁸
659 5471 812 5526 Rom.
859 5485 950 5534 xu,
991 5469 1074 5523 l5.
1153 5469 1197 5498 “
1232 5469 1333 5524 Job
1361 5485 1396 5526 l.
1432 5471 1521 5535 2|,
1553 5469 1637 5526 22.

577 5623 687 5694 (98)
731 5626 805 5678 lta
871 5641 901 5679 e
966 5625 1133 5693 Neap.
1194 5623 1594 5692 rescripsimus.
1662 5623 1826 5678 Sirm.
1895 5623 2170 5696 βάλωμεν.

2180 4523 2279 4576 μεν
2317 4507 2484 4576 μόνην
2509 4505 2600 4557 τοῦ
2636 4503 2839 4566 πάθους
2863 4503 2958 4572 τὴν
2995 4503 3179 4572 φύσιν,
3209 4500 3462 4569 οὐδεμίαν
3494 4499 3760 4567 ψυχαγω-

2178 4596 2306 4664 γίαν
2335 4595 2653 4664 είσδέχεται.
2687 4595 2746 4645 Εἰ
2777 4594 2834 4646 δὲ
2863 4593 2924 4645 τὸ
2957 4593 3146 4661 θνητὸν
3173 4591 3268 4644 τοῦ
3302 4591 3490 4659 γένους
3519 4592 3598 4652 εἰς
3634 4589 3758 4641 νοῦν

2180 4685 2440 4756 λάϐοιμεν
2466 4685 2577 4752 (98)
2632 4685 2729 4738 καὶ
2753 4683 2851 4754 τὴν
2886 4683 3037 4736 θείαν
3091 4681 3269 4752 ψῆφον
3319 4681 3417 4750 τὴν
3471 4680 3621 4732 κατὰ
3665 4680 3758 4732 τοῦ

2183 4783 2373 4850 γένους
2394 4779 2786 4852 ἐξενεχθεῖσαν,
2809 4779 2901 4832 καὶ
2933 4776 3066 4848 πρὸς
3091 4779 3303 4838 τούτοις
3331 4776 3391 4828 τὸ
3423 4775 3522 4827 τοῦ
3553 4776 3760 4837 πάθους

2181 4875 2360 4926 κοινὸν
2413 4873 2652 4942 (πλήρης
2713 4870 2816 4941 γὰρ
2872 4869 2980 4922 τῶν
3033 4867 3290 4920 τοιούτων
3339 4867 3688 4936 παθημάτων
3733 4870 3762 4920 δ

2183 4963 2354 5032 βίος)’
2409 4963 2630 5033 οἴσομεν
2680 4962 2945 5030 γενναίως
2978 4959 3038 5012 τὸ
3082 4958 3320 5026 γεγονὸς,
3350 4957 3443 5008 καὶ
3505 4957 3608 5020 τὰς
3661 4959 3760 5025 τῆς

2181 5053 2417 5123 ἀθυμίας
2478 5052 2936 5126 ἀποκρουσόμεθα
2985 5049 3310 5122 προσϐολὰς.
3356 5049 3448 5100 καὶ
3491 5048 3594 5117 τὴν
3634 5049 3763 5100 Θαυ-

2185 5144 2386 5214 μασίαν
2412 5145 2627 5214 ἐκείνην
2674 5143 2879 5214 ᾇσομεν
2913 5140 3220 5212 ὑμνῳδίανο
3250 5157 3268 5190 ι
3303 5139 3360 5190 '0
3388 5137 3593 5205 Κύριος
3642 5139 3762 5190 ἔξω·

2183 5252 2297 5299 κεν,
2323 5236 2350 5287 ὁ
2375 5234 2579 5304 Κύριος
2601 5233 2872 5302 ἀφείλετο.
2904 5231 2980 5295 ὡς
3025 5229 3102 5300 τῷ
3136 5228 3327 5298 Κυρίῳ
3354 5226 3555 5290 ἔδοξεν,
3581 5228 3760 5288 οὓτως

2181 5324 2276 5378 καὶ
2315 5325 2532 5393 ἐγένετο
2557 5341 2568 5353 ο
2614 5324 2701 5391 είη
2733 5323 2790 5376 τὸ
2815 5321 2984 5393 δνομα
3020 5321 3227 5392 Κυρίου
3270 5317 3639 5391 εὐλογημένυν
3681 5325 3760 5382 εἰς
