3962 6204
240 273 370 339 1357

1483 273 1844 370 EPISTULA
1881 271 2215 336 CXXXVII.

3331 271 3463 335 131:8

238 389 360 452 τοὺς
394 387 596 449 αἰῶνας
658 406 674 436 ι
720 385 908 455 Ἡμεῖς
957 384 1011 438 δὲ
1068 386 1160 437 καὶ
1211 385 1424 448 πλείους
1473 387 1668 456 ἔχομεν
1716 387 1827 448 εἰς,

1932 395 2063 456 spem
2106 401 2342 456 namque
2394 383 2810 439 resurrectionis
2864 382 3202 436 manifestam
3250 384 3467 454 accepi-

241 478 562 550 παραψυχὴν
583 478 852 548 ἀφορμάς.
873 476 983 539 Τὰς
1015 475 1121 547 γὰρ
1152 477 1248 547 τῆς
1272 479 1620 542 ἀναστάσεως
1649 480 1799 531 ἐλπί-

239 573 332 632 δας
380 571 621 642 ἐναργῶς
677 568 998 639 ἐδεξάμεθα,
1041 571 1136 622 καὶ
1193 570 1290 638 τὴν
1339 570 1450 622 τῶν
1489 569 1799 623 τεθνεώτων

242 658 615 728 προσμένομεν
662 656 987 710 ἀναϐίωσιν*
1047 659 1138 710 καὶ
1191 658 1448 724 πολλάκις
1485 660 1802 729 ἀκηκόαμεν

239 747 330 801 τοῦ
363 747 632 801 Δεσπότου
676 747 844 800 ὕπνον
881 747 1210 816 κεκληκότος
1242 748 1334 802 τὸν
1374 749 1620 804 θάνατον.
1655 751 1717 801 Εἰ
1747 749 1803 800 δὲ

241 836 585 904 πιστεύομεν,
608 834 892 905 ώσπεροῦν
924 835 1271 905 πιστεύομεν,
1299 839 1420 899 ταῖς
1438 836 1531 891 τοῦ
1555 837 1805 907 Σωτῆρος

243 929 464 996 φωναῖς,
497 926 558 978 οὐ
607 925 688 978 δεῖ
711 926 930 994 Θρηνεῖν
979 927 1105 987 τοὺς
1134 926 1515 997 κοιμηθέντας,
1543 926 1647 979 xiv-1
1697 943 1804 995 μα-

241 1013 554 1091 κρότεροςῇ
585 1015 676 1070 τοῦ
710 1017 956 1080 εἰωθότος
996 1017 1024 1068 ό
1074 1015 1260 1082 ὕπνος.
1310 1017 1470 1070 Ἀλλὰ
1510 1017 1806 1090 προσδέχε-

240 1112 364 1165 σθαι
405 1111 500 1181 μὲν
553 1110 657 1180 χρὴ
689 1110 787 1178 τὴν
821 1109 1116 1163 ἀνάστασιν
1141 1125 1154 1138 ·
1204 1110 1402 1162 εἰδέναι
1429 1110 1484 1162 δὲ
1539 1111 1614 1172 ὡς
1648 1109 1808 1176 σοφὸς

238 1203 314 1256 ὣν
355 1204 462 1255 τῶν
491 1202 624 1256 ὅλων
655 1203 682 1254 ό
735 1201 1028 1272 Πρύτανις,
1066 1202 1165 1256 καὶ
1216 1203 1276 1255 ού
1307 1203 1376 1255 τά
1423 1202 1666 1272 παρόντα
1707 1201 1807 1268 μό-

241 1313 348 1360 νον,
379 1293 514 1347 ἀλλὰ
552 1296 645 1346 καὶ
677 1293 746 1346 τὰ
797 1293 1055 1362 μέλλοντα
1086 1293 1372 1362 γινώσκων
1426 1292 1631 1362 σαφῶς,
1673 1291 1810 1362 πρὸς

239 1386 301 1437 τὸ
363 1383 637 1454 συμφέρον
691 1382 858 1436 ἰθύνει
917 1382 987 1435 τὰ
1044 1385 1366 1454 πράγματα.
1401 1382 1567 1435 Τοῦτο
1607 1381 1671 1452 δὴ
1715 1381 1811 1434 καὶ

245 1477 406 1543 σοφός
432 1492 514 1537 τις
555 1474 732 1536 εἰδὼς,
780 1475 906 1541 περὶ
952 1474 1210 1526 τοιούτων
1237 1473 1480 1527 θανάτων
1507 1470 1808 1541 φιλοσοφεῖ,

242 1567 332 1619 καί
364 1583 528 1636 φησιν
550 1583 563 1596 ⁸
598 1585 615 1616 ι
639 1565 899 1636 Ἦρπάγη
935 1566 1068 1633 πρὶν
1099 1567 1132 1635 ή
1163 1565 1330 1617 κακία
1359 1564 1568 1636 ἀλλάξῃ
1599 1561 1811 1615 σύνεσιν

1903 492 2046 540 mus,
2071 482 2088 496 ‘
2119 486 2572 544 mortuorumque
2612 475 2679 528 ad
2717 475 2880 528 vitam
2913 473 3148 526 reditum
3180 481 3467 543 exspecta-

1903 583 2053 630 mus,
2093 576 2149 620 et
2190 567 2479 622 Dominum
2523 580 2668 634 saepe
2711 563 3019 624 audivimus
3057 579 3190 620 cum
3238 575 3471 618 mortem

1905 672 2157 716 somnum
2195 657 2513 725 appellaret.
2539 655 2692 721 Quod
2722 655 2765 708 si
2804 653 3101 709 Salvatoris
3136 653 3322 710 verbis
3356 670 3475 709 ore—

1907 747 2108 810 dimus,
2147 753 2205 799 ut
2251 760 2440 799 revera
2475 744 2783 807 credimus,
2827 744 3012 813 lugere
3053 758 3148 798 eos
3201 743 3293 812 qui
3343 743 3472 799 dor-

1909 837 2150 894 mierunt
2175 851 2285 890 non
2317 845 2553 905 oportet,
2584 835 2796 889 tametsi
2831 851 3056 892 somnus
3077 835 3235 888 solito
3260 835 3330 896 sit
3352 850 3476 906 pro—
3565 845 3568 848 ’

1909 928 2070 981 lixior
2097 946 2108 980 :
2139 926 2234 980 sed
2259 925 2632 995 exspectanda
2669 934 2750 979 est
2780 926 3131 988 resurrectio,
3161 925 3475 984 scicndum-
3553 978 3559 995 _.

1910 1035 2016 1088 que
2055 1018 2228 1071 Deum
2289 1017 2691 1078 universorum.
2726 1032 2850 1072 cum
2897 1017 3115 1092 sapiens
3151 1019 3244 1082 sit,
3281 1027 3337 1074 et
3367 1029 3477 1072 non

1905 1106 2200 1182 pricsentia
2232 1113 2462 1168 tantum,
2495 1105 2588 1160 sed
2619 1105 2802 1160 futura
2830 1107 2992 1164 etiam
3031 1108 3239 1177 liquido
3275 1125 3478 1178 cogno-

1912 1206 2046 1262 scat,
2078 1197 2144 1250 ad
2167 1196 2222 1250 id
2249 1211 2336 1250 res
2361 1211 2552 1253 omnes
2575 1197 2810 1266 dirigere
2841 1197 2986 1266 quod
3015 1199 3301 1255 conducat.
3326 1198 3480 1264 Quod

1912 1288 2174 1344 nimirum
2201 1287 2418 1356 sapiens
2440 1287 2662 1355 quidam
2687 1303 2812 1343 cum
2837 1288 3181 1358 intelligeret.
3209 1289 3275 1342 dc
3301 1289 3484 1360 hujus-

1910 1379 2063 1440 .modi
2095 1378 2361 1433 mortibus
2395 1379 2832 1448 phil030pltatur,
2861 1389 2915 1433 et
2941 1380 3017 1433 ait
3047 1398 3060 1433 :
3102 1401 3118 1432 ι
3160 1383 3364 1451 Raptus
3402 1390 3485 1434 est

1908 1473 2236 1543 priusquam
2285 1470 2494 1526 malitia
2550 1478 2786 1524 mutaret
2837 1471 3174 1527 intellectum
3211 1472 3333 1539 ejus
3363 1472 3425 1525 δ’.
3460 1491 3479 1522 ι

1911 1564 2188 1620 Cedamus
2227 1562 2412 1632 igitur,
2451 1561 2700 1625 obsecro,
2744 1560 2973 1629 sapienti
3013 1577 3200 1619 rerum
3243 1562 3486 1618 omnium

243 1658 461 1711 αὑτοῦ.»
485 1657 983 1727 Παραχωρήσωμεν
1003 1656 1203 1720 τοίνυν,
1226 1654 1548 1725 παρακαλῶ,
1565 1655 1643 1724 τῷ
1669 1652 1816 1723 σοφῷ

1932 1658 2307 1720 Gubernatori,
2331 1665 2388 1711 et
2423 1655 2820 1726 amplectamur
2853 1655 2972 1724 ejus
2998 1654 3241 1715 decreta,
3275 1654 3486 1722 qualia—

241 1749 335 1802 τοῦ
363 1749 560 1809 παντὸς
585 1748 934 1818 Κυϐερνήτῃ,
954 1749 1047 1798 καὶ
1073 1746 1381 1816 στέρξωμεν
1404 1745 1474 1797 τὰ
1500 1743 1812 1815 οἰκονομού-

245 1855 404 1908 μενα,
442 1837 602 1890 όποῖἀ
653 1840 770 1889 ποτ’
802 1839 866 1889 ἂν
908 1832 976 1908 ᾖ,
1015 1834 1114 1887 κᾶν
1153 1835 1397 1904 θυμήρη,
1441 1833 1542 1886 κᾶν
1571 1833 1812 1902 λυπηρά.

245 1930 508 2001 Σύμφορα
556 1930 665 2001 γὰρ
701 1930 873 1983 ταῦτα
907 1929 1000 1981 καὶ
1037 1927 1289 1997 λυσιτελῆ
1312 1967 1326 1990 ,
1365 1927 1459 1979 καὶ
1502 1926 1816 1994 φιλοσοφίας

244 2022 499 2092 πρόξενα,
522 2022 615 2075 καὶ
642 2021 923 2088 στεφάνων
952 2021 1064 2084 τοῖς
1095 2017 1423 2090 καρτεροῦσι
1448 2017 1776 2088 παρεκτικά.

451 2131 614 2187 ΡΛΖ’.
648 2161 719 2171 --
758 2130 995 2200 Ἰωάννῃ
1028 2130 1454 2200 ἀρχιμανδρίτῃ
1493 2131 1624 2202 (99).

326 2246 385 2299 '0
422 2245 519 2317 μὲν
547 2245 816 2316 μακάριος
853 2245 1016 2297 Δαὸὶδ
1058 2245 1220 2315 ἕτερά
1261 2261 1380 2297 τινα
1418 2243 1821 2313 πεπλημμέλη-

247 2353 362 2401 κεν,
400 2337 435 2389 ἃ
462 2337 556 2389 καὶ
581 2337 905 2406 ἀνάγραπτα
929 2337 1228 2406 πεποίηκεν
1259 2338 1338 2399 εις
1360 2335 1458 2405 τὴν
1479 2334 1588 2386 τῶν
1625 2334 1819 2403 ἐσομέ-

246 2441 351 2478 νων
383 2423 651 2491 ώφέλειαν
702 2426 730 2475 ὁ
787 2424 966 2492 σοφῶς
991 2423 1206 2477 ἅπαντα
1258 2423 1609 2494 πρυτανεύων
1664 2424 1820 2486 Θεός.

258 2513 566 2568 ’Λδεσαλὼν
604 2515 660 2567 δὲ
688 2514 716 2565 ό
743 2514 1094 2584 πατραλοίας.
1131 2515 1226 2566 καὶ
1257 2514 1559 2578 μιαιφόνος,
1579 2514 1673 2566 καὶ
1692 2513 1822 2564 δυσ-

249 2607 431 2678 σεϐὴς,
468 2606 562 2660 καὶ
591 2606 950 2677 παμπόνηρος
972 2605 1252 2676 τύραννος,
1284 2605 1384 2658 οὐκ
1412 2605 1638 2658 ἐκείνων
1662 2604 1823 2674 χάριν

249 2698 346 2769 τὴν
380 2697 520 2750 κατὰ
547 2697 640 2749 τοῦ
681 2696 888 2760 πατρὸς
939 2694 1223 2760 ἀνεδέξατο
1268 2693 1466 2752 λύτταν
1494 2711 1508 2725 ο
1555 2694 1691 2747 ἀλλὰ
1725 2696 1823 2763 τῆς

248 2789 563 2861 τυραννίδος
580 2788 946 2856 ἐπιθυμήσας,
964 2786 1051 2838 τὸν
1071 2785 1400 2838 ἀδικώτατον
1419 2787 1628 2840 ἐκεῖνον
1647 2784 1826 2854 προεί-

251 2880 374 2933 λετο
396 2879 648 2947 πόλεμον.
690 2877 747 2930 'U
774 2876 956 2946 μέντοι
980 2875 1119 2938 θεῖος
1139 2875 1323 2940 Δαϐὶδ,
1344 2876 1438 2928 καὶ
1459 2874 1662 2927 τούτων
1685 2873 1827 2926 οὕτω

224 2992 227 2994 ·
252 2968 610 3039 γιγνομὲνων,
641 2965 740 3036 τῆς
774 2965 1139 3035 εἰργασμένης
1179 2965 1620 3034 ἀνεμιμνῄσκετο
1649 2964 1828 3033 πλημ-

1921 1765 2137 1819 cunque
2170 1749 2300 1811 sint,
2332 1763 2428 1802 seu
2472 1745 2736 1816 jucunda,
2764 1761 2861 1800 seu
2909 1745 3105 1800 tristia.
3143 1744 3304 1800 Utilia
3338 1743 3489 1797 enim

1921 1848 2051 1894 sunt
2078 1839 2181 1893 ista
2205 1849 2262 1893 et
2288 1837 2675 1902 conducibilia,
2709 1852 2829 1906 qua:
2869 1844 2925 1890 et
2954 1836 3212 1890 virtutem
3245 1843 3487 1891 exactam

1923 1929 2145 2000 pariunt
2170 1938 2224 1982 et
2251 1943 2481 1983 coronas
2506 1927 2865 1984 tolerantibus
2891 1926 3200 1995 acquirunt.

2038 2131 2254 2202 1228
2277 2129 2590 2188 CXXXV"-
2613 2160 2679 2171 --
2699 2127 2901 2187 Joanm'
2934 2129 3387 2187 archimandritae.

1999 2248 2058 2300 in
2085 2246 2208 2300 aliis
2245 2244 2467 2314 quidem
2499 2244 2785 2298 nonnullis
2807 2245 2995 2313 lapsus
3017 2255 3102 2299 est
3149 2245 3344 2298 beatus
3397 2244 3498 2297 Da-

1929 2338 2042 2402 vid,
2105 2353 2226 2406 qua:
2278 2345 2339 2392 ut
2402 2335 2470 2389 ad
2531 2343 2879 2404 posterorum
2941 2335 3234 2389 utilitatem
3301 2334 3502 2388 litteris

1922 2429 2344 2492 mandarentur,
2373 2425 2512 2480 iecit
2535 2428 2636 2496 qui
2658 2427 2941 2495 sapienter
2969 2428 3150 2480 omnia
3181 2426 3503 2481 moderatur

1927 2522 2095 2574 Deus.
2118 2517 2391 2572 Castorum
2420 2516 2658 2570 Absalou
2690 2516 2984 2585 parricida,
3008 2524 3071 2569 et
3095 2515 3502 2586 sanguinarius,

1927 2618 1985 2663 et
2025 2609 2245 2676 impius,
2275 2617 2331 2662 et
2352 2607 2799 2676 improbissimus
2830 2616 3121 2678 tyrannus,
3149 2606 3355 2661 nullius
3380 2606 3507 2659 illo-

1931 2724 2053 2761 rum
2086 2723 2252 2762 causa
2285 2706 2436 2760 rabie
2477 2706 2534 2758 in
2581 2710 2800 2772 patrem
2831 2700 3037 2753 exarsit
3065 2715 3078 2752 :
3120 2697 3215 2752 sed
3248 2697 3378 2766 quia
3423 2704 3506 2766 try-

1927 2798 2222 2852 ‘rannidem
2270 2796 2585 2857 affecta-bat,
2637 2791 2845 2846 ideirco
2903 2789 3306 2858 iniquissimum
3370 2787 3508 2841 illud

1937 2889 2142 2944 bellum
2177 2901 2466 2958 aggressus
2493 2894 2597 2940 est.
2621 2884 2690 2937 At
2713 2892 2896 2936 tamen
2913 2881 3146 2934 divinus
3162 2879 3357 2941 David,
3383 2895 3508 2933 cum

1937 2981 2053 3034 haec
2073 2979 2149 3033 ita
2183 2994 2241 3033 se
2275 2978 2562 3040 haberent,
2625 2974 2850 3028 admissi
2895 2971 3143 3026 criminis
3183 2970 3513 3024 recordaba-

258 3057 498 3131 μελείας.
526 3057 696 3124 Κάγὼ
717 3055 893 3109 τοίνυν
913 3055 1070 3125 ἕτερα
1095 3054 1194 3125 μέν
1219 3072 1340 3108 τινα
1363 3055 1587 3124 ἐμαυτῷ
1613 3055 1827 3109 σύνοιδα

1932 3079 2044 3125 tur.
2078 3070 2168 3125 Sic
2197 3068 2368 3140 igitur
2396 3076 2453 3122 et
2492 3081 2594 3137 ego
2632 3066 2871 3120 aliorum
2917 3062 3142 3132 quidem
3177 3061 3509 3116 delictorum

258 3149 725 3218 πλημμελήματα,
749 3145 846 3218 τὴν
866 3145 921 3200 δέ
943 3163 1006 3219 γε
1029 3146 1367 3218 δογματικὴν
1386 3147 1495 3199 τῶν
1517 3147 1831 3200 ἀποστόλων

255 3239 602 3293 διδασκαλίαν
655 3239 930 3309 ἀκραιφνῆ
985 3237 1302 3308 διετήρησεν..
1345 3241 1408 3291 Oi
1459 3240 1517 3293 δέ
1562 3241 1656 3295 καὶ
1705 3241 1832 3302 τοὺς

259 3331 435 3393 θείους
459 3331 552 3383 καὶ
575 3331 700 3393 τοὺς
721 3329 1092 3403 ἀνθρωπείους
1127 3332 1468 3400 πατήσαντες
1501 3329 1720 3399 νόμους,
1735 3331 1834 3384 καὶ

259 3421 493 3483 ἀπόντας
520 3421 664 3490 ἡμᾶς
693 3418 1137 3489 κατακρίναντες,
1171 3419 1270 3488 οὐχ
1311 3419 1457 3488 ὑπὲρ
1485 3412 1560 3472 ὧν
1588 3420 1836 3489 ἡμάρτο-

263 3531 362 3584 μεν
393 3514 491 3584 τήν
512 3511 691 3582 ψῆφον
723 3511 1022 3582 ἐξήνεγκαν
1044 3527 1058 3540 ·
1083 3511 1142 3562 ού
1179 3510 1286 3578 γὰρ
1317 3507 1385 3580 ἧν
1409 3512 1591 3569 αὐτοῖς
1615 3511 1747 3581 δῆλα
1767 3511 1837 3565 τὰ

261 3605 652 3675 κεκρυμμένα·
683 3602 848 3655 ’ἀλλὰ
901 3601 1250 3671 ψευδολογίαν
1317 3604 1410 3657 καὶ
1473 3604 1836 3673 συκοφαντίαν

262 3695 474 3765 ὕφηναν
497 3693 619 3746 καθ’
647 3692 824 3762 ἡμῶν,
859 3692 1058 3762 μᾶλλον
1085 3693 1143 3745 δὲ
1183 3694 1297 3757 τοῖς
1345 3693 1720 3758 ἀποστολικοίς
1746 3695 1836 3750 δό-

262 3801 439 3855 γμασι
464 3783 757 3854 προφανῶς
785 3783 1168 3853 πολεμοῦντες,
1200 3783 1292 3837 τὸν
1315 3784 1546 3848 ἐκείνοις
1571 3785 1836 3855 ἑπόμενον

263 3873 639 3948 ἀπεκήρυξαν.
683 3892 702 3926 t
753 3875 892 3928 Ἀλλ’
919 3875 1189 3947 ἐξηγέρθη
1217 3876 1292 3940 ὠς
1321 3877 1352 3930 ό
1381 3877 1565 3931 ὑπνῶν
1608 3877 1835 3948 Κύριος,

263 3965 360 4019 καὶ
380 3962 629 4036 διήλεγξε
649 3965 773 4026 τοὺς
796 3963 1022 4035 ἐχθροὺς
1055 3964 1240 4028 αὐτοῦ,
1271 3965 1366 4017 καὶ
1389 3965 1592 4029 ὄνειδος
1619 3967 1838 4022 αίώνιον

264 4058 464 4110 ἔδωκεν
493 4057 697 4118 αὐτοῖς.
734 4073 753 4105 ›
791 4055 899 4108 Καὶ
924 4054 992 4107 τὰ
1045 4055 1146 4124 μὲν
1185 4055 1411 4126 κίϐδηλα
1458 4058 1551 4110 καὶ
1603 4057 1734 4113 νόθα
1762 4059 1841 4112 δι-

265 4148 524 4202 εσκέδασε
554 4146 821 4216 δόγματα,
851 4146 885 4200 δι
911 4147 969 4200 δὲ
992 4147 1306 4216 παρέδωκεν
1324 4150 1456 4218 ἡμῖν
1471 4150 1528 4203 ἐν
1543 4152 1654 4212 τοῖς
1675 4151 1839 4222 ἱεροῖς

263 4235 638 4305 Εὐαγγελίοις,
659 4235 755 4289 σὺν
793 4235 1076 4308 παρρησίᾳ
1108 4235 1473 4306 κηρύττεσθαι
1496 4238 1840 4308 παρεσκεύα-

1927 3162 2068 3214 mihi
2099 3160 2356 3214 conscius
2386 3174 2508 3212 sum
2541 3174 2556 3211 :
2589 3155 2684 3212 sed
2729 3155 3094 3226 dogma-ticam
3133 3152 3508 3221 apostolorum

1936 3252 2242 3307 doctrinam
2264 3251 2536 3304 sinceram
2571 3248 2809 3301 servavi.
2858 3246 2965 3311 Qui
2991 3259 3123 3299 vero
3173 3243 3388 3298 divi-nas
3454 3249 3511 3296 et

1931 3343 2205 3395 humanas
2225 3341 2375 3409 leges
2416 3338 2828 3406 proculcarunt,
2850 3336 3214 3404 absentesque
3253 3350 3354 3388 nos
3383 3348 3514 3388 con-

1937 3434 2290 3494 demnarunt,
2323 3445 2434 3484 non
2467 3428 2534 3482 de
2561 3428 2630 3482 iis
2653 3443 2773 3496 qua:
2808 3427 3158 3496 peccavimus
3178 3425 3508 3480 sententiam

1935 3526 2186 3580 tulerunt
2216 3524 2350 3593 (non
2387 3520 2534 3575 enim
2562 3518 2848 3573 manifesta
2879 3517 2990 3571 illis
3043 3523 3208 3570 erant
3237 3530 3360 3581 qua:
3415 3529 3511 3567 oc-

1938 3615 2133 3686 culta),
2184 3614 2279 3669 sed
2310 3610 2655 3666 mendacium
2684 3619 2740 3665 et
2786 3609 3116 3664 calumniam
3180 3614 3372 3661 contra
3411 3618 3513 3657 nos

1938 3713 2257 3768 texuerunt,
2276 3711 2378 3757 aut
2408 3701 2594 3773 potius
2616 3700 2932 3770 apostolicis
2958 3697 3308 3768 dogmatibus
3324 3703 3512 3765 aperte

1937 3799 2144 3854 bellum
2176 3795 2499 3858 inferentes,
2537 3809 2663 3847 cum
2695 3793 2788 3861 qui
2816 3791 2908 3845 illa
2935 3789 3252 3844 sectabatur
3289 3787 3514 3840 abdica-

1940 3897 2086 3943 runt.
2131 3905 2148 3936 ‹
2180 3884 2293 3940 Sed
2327 3883 2600 3938 excitatus
2644 3891 2730 3936 est
2768 3889 3029 3948 tanquam
3083 3875 3362 3932 dormiens
3409 3874 3516 3927 Do-

1937 3978 2144 4039 minus,
2173 3981 2230 4028 et
2261 3971 2540 4042 percussit
2576 3969 2832 4023 inimicos
2867 3983 3016 4032 suos,
3071 3975 3127 4021 et
3158 3963 3514 4034 opprobrium

1937 4066 2340 4136 sempiternum
2364 4061 2516 4117 dedit
2538 4061 2651 4115 illis
2683 4060 2747 4113 ⁶⁸.
2783 4079 2801 4110 ι
2855 4059 2922 4113 Ει
2949 4057 3260 4112 adulterina
3289 4054 3511 4125 quidem

1940 4176 2005 4216 ac
2033 4159 2221 4230 spuria
2243 4156 2496 4225 dogmata
2521 4152 2810 4222 dissipavit
2848 4167 2861 4203 :
2903 4166 3024 4220 qua:
3053 4160 3235 4203 autem
3259 4147 3316 4201 in
3343 4147 3514 4201 sacris

1939 4247 2254 4319 Evangeliis
2287 4245 2449 4300 nobis
2480 4243 2729 4307 tradidit,
2765 4257 2830 4296 ea
2863 4249 2924 4295 ut
2985 4240 3162 4294 libere
3213 4238 3516 4308 praedicen-

267 4347 378 4383 σεν.
421 4330 581 4399 Ἡμῖν
618 4328 674 4380 δέ
726 4326 897 4380 ταῦτα
950 4328 1030 4391 εἰς
1077 4327 1290 4382 τελείαν
1337 4329 1500 4398 ἀρκεῖ
1547 4329 1827 4400 θυμηδίαν.

1945 4347 2035 4394 tur
2062 4339 2265 4393 etfecit.
2300 4335 2471 4390 Nobis
2503 4349 2631 4389 vera
2655 4332 2722 4387 ad
2753 4331 3052 4402 perfectam
3087 4334 3103 4352 ‘
3154 4329 3320 4382 animi
3375 4329 3514 4381 laeti-

267 4420 403 4474 Οὐδὲ
429 4421 538 4490 γὰρ
567 4419 773 4481 πόλεως
806 4417 1200 4488 ἐπιθυμοῦμεν.
1238 4420 1296 4472 ἐν
1325 4413 1359 4492 ᾖ
1393 4419 1720 4491 μοχθοῦντες
1751 4420 1842 4473 τὸν

269 4515 487 4568 ἅπαντα
508 4511 952 4581 διατετελέκαμεν
971 4511 1160 4580 χρόνον
1184 4527 1199 4542 ο
1227 4511 1361 4564 ἀλλὰ
1391 4511 1487 4582 τὴν
1523 4512 1631 4565 τῶν
1661 4513 1845 4580 Εὐαγ-

269 4604 465 4673 γελίων
491 4601 748 4673 ἀλήθειαν
773 4599 1050 4670 ποθοῦμεν
1079 4601 1490 4671 κρατυνομένην
1513 4604 1667 4674 ὁρᾷν.
1706 4602 1844 4656 T06-

268 4711 364 4747 τον
387 4693 443 4746 δὲ
470 4691 626 4763 ήμῶν
648 4692 736 4744 τὸν
762 4691 926 4744 πόθον
963 4693 991 4744 ὁ
1015 4691 1292 4761 Δεσπότης
1331 4691 1714 4763 πεπλήρωκεν.
1749 4693 1848 4747 Διά

267 4785 428 4839 τοῦτο
455 4783 767 4853 γαννύμεθα
793 4783 886 4836 καὶ
922 4783 1256 4854 γεγήθαμεν.
1295 4784 1391 4836 καὶ
1425 4783 1516 4836 τὸν
1549 4784 1850 4855 μεγαλόδω-

274 4894 366 4947 ρεν
391 4876 591 4946 Κύριον
624 4873 922 4945 ὑμνοῦμεν,
965 4875 1058 4928 καὶ
1089 4874 1187 4945 τὴν
1227 4873 1498 4946 ὑμετέραν
1534 4873 1842 4930 θεοσέϐειαν

269 4967 426 5020 τοῦτο
452 4969 547 5019 σὺν
567 4968 700 5036 ἡμῖν
736 4963 1156 5035 παρακαλοῦμεν
1181 4967 1378 5028 ποιεῖν,
1421 4965 1514 5018 καὶ
1545 4966 1845 5035 ὑμνοῦντας

272 5059 547 5111 ἱκετεῦσαι
597 5056 924 5120 σπουδαίως,
975 5056 1062 5108 ἵνα
1110 5056 1203 5110 καὶ
1234 5059 1362 5119 τοῦς
1398 5055 1494 5110 νῦν
1529 5058 1627 5127 μὲν
1653 5058 1845 5124 ταῦτα,

271 5149 367 5205 νῦν
387 5149 442 5201 δέ
470 5151 650 5202 ἐκεῖνα
674 5148 950 5217 λέγοντας,
987 5149 1078 5201 καὶ
1104 5148 1240 5218 πρὸς
1270 5150 1393 5212 τοὺς
1427 5153 1652 5219 καιροὺς
1686 5166 1849 5219 μετα-

270 5239 655 5311 εαλλομένους,
675 5239 922 5309 καθάπερ
933 5241 982 5292 οἱ
1003 5241 1202 5310 χαμαιλ
1210 5240 1387 5304 ἐοντες
1401 5240 1498 5311 τὴν
1513 5240 1620 5293 τῶν
1636 5241 1848 5308 φύλλων

275 5328 822 5404 μεταμφιέσκοντα[ι]
865 5331 1048 5400 χρόαν,
1076 5332 1104 5382 ό
1153 5330 1528 5401 φιλάνθρωπος
1576 5331 1848 5405 βεϐαιώσῃ

344 5493 389 5524 ετ
433 5488 560 5560 Sap.
600 5505 674 5554 Iv,
713 5488 798 5542 ll.
875 5486 919 5517 ⁸⁸
956 5486 1097 5539 Psal.
1130 5501 1290 5550 vau,
1321 5487 1408 5552 65,
1461 5489 1555 5545 66.

351 5649 460 5720 (99)
487 5647 660 5702 llabet
702 5649 843 5703 hanc
869 5647 1154 5718 epistolam
1194 5645 1389 5700 Baron.
1432 5646 1497 5700 ad
1542 5664 1590 5700 a.
1617 5646 1678 5700 C.
1708 5644 1828 5710 450,
1873 5650 1909 5697 t.

1945 4431 2078 4484 tiam
2107 4429 2223 4484 haec
2271 4427 2571 4481 suffici-unt.
2611 4425 2800 4493 Neque
2835 4423 2987 4476 enim
3027 4419 3264 4473 civitatis
3303 4418 3518 4471 deside-

1945 4521 2031 4574 rio
2053 4528 2325 4582 tenemur,
2360 4519 2414 4570 in
2441 4531 2550 4586 qua
2575 4515 2889 4569 laborantes
2916 4521 3135 4581 tempus
3161 4525 3325 4565 omne
3383 4525 3514 4562 con-

1946 4611 2290 4682 sumpsimus
2339 4627 2350 4662 :
2385 4609 2486 4663 sed
2538 4607 2911 4678 cvangelieam
2938 4605 3228 4658 veri-tatem
3265 4600 3520 4669 cupimus

1947 4701 2354 4757 constabilitam
2391 4698 2581 4752 videre
2631 4715 2644 4750 ε
2686 4704 2748 4751 et
2780 4697 2886 4750 hoc
2919 4693 3133 4763 1229
3183 4690 3519 4745 desiderium

1950 4802 2202 4848 nostrum
2257 4791 2524 4845 Dominus
2579 4788 2840 4858 explevit,
2896 4801 3131 4854 eamque
3179 4784 3254 4838 ob
3298 4797 3519 4836 causam

1950 4885 2253 4955 gaudemus
2280 4891 2336 4936 et
2356 4882 2628 4944 laetamur,
2648 4887 2704 4932 et
2728 4877 3044 4932 muniﬁcum
3078 4875 3370 4930 Dominum
3400 4873 3521 4926 lau-

1949 4977 2165 5040 damus,
2199 4983 2257 5030 et
2287 4975 2545 5044 pietatem
2577 4980 2731 5025 tuam
2763 4977 2823 5024 ut
2846 4969 2991 5024 idem
3021 4967 3310 5021 nobiscum
3362 4965 3525 5018 faciat

1949 5070 2257 5131 hortamur,
2285 5075 2450 5134 atque
2497 5071 2557 5119 ut
2579 5061 2855 5119 laudando
2888 5061 3132 5130 impense
3186 5073 3428 5121 oremus,
3464 5065 3526 5110 ut

1947 5175 2044 5214 eos
2065 5159 2163 5228 qui
2203 5172 2350 5212 nunc
2394 5157 2509 5210 hate
2553 5169 2702 5208 nunc
2735 5154 2826 5208 illa
2885 5151 3106 5215 dicunt,
3138 5158 3197 5203 et
3224 5147 3526 5203 secundum

1957 5254 2206 5314 tempora
2244 5252 2526 5298 mutantur
2547 5241 2974 5296 chamaeleonum
3001 5253 3174 5302 more,
3228 5238 3321 5306 qui
3375 5236 3531 5290 folio-

1959 5351 2083 5389 rum
2111 5335 2350 5389 colorem
2382 5335 2640 5397 induunt,
2665 5333 2908 5387 clemens
2928 5331 3192 5385 Dominus
3216 5327 3526 5393 conﬁrmet,

1949 5642 2035 5708 Vl,
2079 5657 2132 5711 p.
2168 5640 2288 5693 127.
