3962 6204
449 322 583 384 1363

1449 317 1930 380 TllEODORETI
1963 313 2299 375 EPISCOPI
2334 318 2693 379 CYRENSIS

3573 318 3717 384 ιλιι

440 429 732 484 Dominum
793 429 1019 492 invoco,
1089 435 1147 482 ut
1220 430 1435 483 ﬁrmum
1514 430 1648 498 ipsis
1712 429 2003 498 imperium

2118 431 2202 483 καὶ
2244 432 2608 505 εὐσεϐεστάτη
2658 433 2982 506 Αὑγούστῃ’
3032 435 3170 505 ὑπὲρ
3206 427 3279 489 ὧν
3330 438 3415 499 είς
3466 435 3715 505 δύναμιν

440 518 735 583 custodiat,
776 519 921 587 quod
953 528 1011 573 et
1057 519 1291 573 subditis
1321 521 1619 574 clementer
1650 520 1918 590 proﬁciat,
1952 529 2007 572 et

440 609 694 664 hostibus
715 618 980 664 terrorem
1008 610 1234 682 injiciat,
1259 612 1733 681 praestabilequ
1754 610 2007 664 omnibus

440 716 628 770 pacem
656 701 931 755 conciliet.
962 701 1041 756 Ad
1068 703 1171 757 hoc
1197 705 1361 758 etiam
1407 706 1475 759 ab
1510 704 1590 759 eis
1616 702 2004 773 postulandum

442 791 760 861 magnitudo
781 798 961 845 vestra
990 792 1136 847 ﬁecti
1160 809 1218 848 se
1246 795 1409 857 sinat,
1434 804 1491 848 ut
1517 794 1773 849 Ecclesiae
1798 803 2007 861 tempe-

441 880 567 933 stati
596 880 901 948 perfectum
933 880 1101 935 ﬁnem
1121 882 1422 952 imponant,
1459 894 1515 938 et
1552 884 1821 955 synodum
1875 897 2008 935 con-

441 972 657 1041 gregari
689 972 943 1041 jubeant,
974 989 1080 1027 non
1108 989 1297 1029 eorum
1324 976 1519 1029 iterum
1546 976 1640 1044 qui
1686 974 2009 1029 tumultuari

442 1062 588 1116 soliti
619 1063 843 1118 turbent
865 1065 1181 1129 concilium,
1213 1067 1310 1120 sed
1345 1068 1437 1135 qui
1490 1082 1613 1120 cum
1654 1066 1841 1135 quiete
1890 1065 2011 1118 illo-

444 1170 562 1208 rum
587 1155 682 1224 qui
715 1155 899 1209 divina
919 1166 1048 1211 sunt
1076 1158 1282 1223 edocti,
1331 1169 1386 1213 et
1406 1158 1702 1227 apostolica
1757 1157 2009 1225 dogmata

394 1240 787 1319 rfeonlirment,
866 1259 921 1302 et
967 1251 1152 1319 spuria
1202 1260 1367 1319 atque
1442 1266 1471 1304 a
1545 1249 1778 1304 veritate
1831 1247 2009 1301 aliena

413 1312 422 1399 θ
445 1338 716 1407 rejiciant,
743 1347 801 1391 ut
834 1353 992 1392 suum
1018 1340 1148 1394 hinc
1169 1341 1383 1394 lucrum
1412 1346 1424 1359 '
1457 1339 1776 1411 magnitudo
1826 1347 2010 1392 vestra

439 1439 830 1501 consequatur.

398 1518 419 1557 ⁸)

792 1738 947 1794 CXL.
965 1773 1033 1780 ——
1052 1742 1353 1796 Vincomalo
1385 1746 1655 1813 magistro.

513 1856 679 1912 Valde
718 1871 836 1912 sum
864 1856 1113 1921 miratus,
1148 1857 1239 1911 ubi
1279 1857 1508 1925 cognovi
1556 1855 2010 1925 magniﬁcentiam

444 1958 705 2010 vestram,
731 1963 855 2002 cum
891 1963 977 2001 res
1010 1956 1226 2001 nostras
1250 1948 1469 2016 penitus
1496 1946 1792 2017 ignoraret,
1821 1961 1885 2000 ac
1920 1962 2012 2000 so-

445 2042 554 2096 lam
582 2056 704 2110 qua:
729 2041 783 2094 in
800 2056 901 2093 nos
924 2039 1063 2093 facta
1095 2047 1178 2093 est
1205 2039 1461 2109 injuriam
1487 2038 1791 2102 didicisset,
1828 2046 2016 2108 patro-

446 2131 652 2184 ciuium
686 2137 933 2185 nostrum
951 2130 1276 2199 suscepisse,
1313 2129 1605 2199 omniaque
1660 2129 1919 2194 movisse,
1956 2134 2016 2181 ut

446 2232 790 2291 comparatas
850 2230 1041 2275 contra
1080 2237 1181 2276 nos
1231 2221 1514 2276 machinas
1567 2228 1865 2276 everteret.
1907 2218 2014 2273 Sed

448 2311 811 2382 magnitudini
869 2312 1091 2380 quidem
1156 2322 1353 2367 vestrae
1405 2311 1699 2367 muniﬁcus
1751 2311 2017 2366 Dominus

447 2403 611 2473 digna
643 2418 870 2472 prorsus
894 2404 1339 2473 compensatione
1386 2404 1676 2458 retribuet.
1713 2402 1817 2469 Qui
1868 2402 2013 2456 enim

448 2510 545 2562 pro
578 2496 769 2564 exigua
795 2510 936 2564 aqua
974 2496 1280 2549 mercedem
1328 2512 1386 2550 se
1435 2496 1691 2550 daturum
1740 2495 2017 2564 pollicitus

444 2592 551 2645 est,
577 2584 812 2652 majores
836 2584 984 2638 haud
1006 2584 1171 2638 dubie
1197 2587 1671 2639 remunerationes
1698 2594 1923 2653 reponet
1950 2586 2017 2638 iis

446 2671 541 2737 qui
567 2672 771 2740 majora
802 2670 1075 2726 dederint.
1108 2673 1221 2726 Nos
1281 2688 1414 2726 vero
1436 2674 1562 2726 talia
1611 2674 1755 2741 passi
1802 2689 2012 2736 sumus,

448 2777 555 2816 non
584 2762 759 2816 solum
784 2778 814 2817 a
846 2760 1309 2817 manifestissimis
1340 2760 1554 2833 1235
1602 2763 1872 2825 hostibus,
1920 2780 2014 2817 ve—

449 2870 571 2908 rum
596 2855 759 2909 etiam
785 2870 815 2908 a
841 2854 1135 2924 germanis,
1164 2863 1223 2907 ut
1247 2864 1524 2924 putamus,
1556 2854 1748 2909 amicis
1780 2855 1874 2921 (ab
1910 2856 2018 2910 illis

449 2944 708 3000 nimirum
732 2944 979 3014 appetiti,
1019 2946 1088 2999 ab
1127 2945 1246 2999 istis
1295 2945 1542 3015 proditi),
1587 2947 1767 3015 qualia
1810 2948 2014 3011 nullus,

451 3046 547 3090 aut
574 3036 834 3105 perpauci
856 3043 1104 3090 veterum
1136 3037 1502 3104 pertulerunt.
1527 3037 1660 3102 Quis
1701 3038 1847 3091 enim
1909 3038 2015 3092 tale

448 3128 713 3197 judicium
735 3127 946 3180 audivit
965 3129 1238 3196 unquam?
1262 3128 1395 3193 Quis
1438 3140 1612 3193 reum,
1658 3144 1821 3198 quem
1867 3130 2009 3183 ultra

451 3216 697 3284 quinque
715 3223 771 3269 et
795 3214 1014 3285 triginta
1066 3215 1376 3270 mansiones
1426 3218 1661 3286 positum
1713 3216 2013 3280 detinebat,

448 3305 727 3375 judicibus
774 3314 834 3359 ut
858 3307 1139 3362 absentem
1163 3308 1478 3377 judicarent
1528 3310 1853 3379 imperavit?
1884 3309 2022 3376 Quis

451 3396 691 3452 crudelis
712 3397 849 3451 adeo
875 3398 1201 3453 etimman‘is
1228 3399 1396 3468 judex
1428 3399 1551 3465 fuit,
1588 3409 1649 3453 ut
1693 3416 1791 3457 eos
1805 3401 2018 3471 judica-

452 3495 555 3547 rct,
604 3502 840 3555 quorum
886 3503 1073 3542 vocem
1100 3504 1211 3542 non
1261 3490 1532 3554 audierat,
1584 3502 1687 3545 nec
1743 3491 2019 3561 iudicaret

454 3577 635 3642 modo,
661 3577 757 3631 sed
780 3577 1171 3634 condemnaret
1189 3620 1201 3642 ,
1240 3588 1296 3633 et
1327 3579 1549 3649 quidem
1574 3580 1731 3634 valde
1778 3581 2017 3635 crudeli-

454 3676 536 3719 ter
596 3681 659 3720 ac
695 3666 1052 3722 immaniter?
1084 3668 1217 3721 Nam
1264 3680 1389 3723 eum
1415 3670 1643 3740 jusserit
1668 3671 1937 3726 D‘ominUs
1969 3673 2016 3705 "°

451 3770 579 3809 cum
607 3755 701 3825 qui
729 3763 917 3824 peccat
942 3772 973 3809 e
996 3756 1259 3812 fratribus
1289 3766 1345 3812 et
1386 3759 1677 3814 consilium
1732 3772 1843 3815 non
1870 3762 2014 3831 pati-

452 3854 562 3909 tur,
594 3854 717 3914 post
742 3861 926 3910 unam,
957 3854 1013 3901 et
1045 3847 1291 3913 alteram,
1333 3864 1397 3903 ac
1426 3850 1650 3905 tertiam
1688 3851 2019 3907 admonitio-

450 3950 597 4001 nem,
626 3936 827 3992 habere
855 3937 1115 4007 deinceps
1145 3939 1288 3995 sicut
1346 3940 1627 3996 ethnicum
1680 3951 1740 3996 et
1768 3943 2017 4012 publica-

451 4040 604 4090 num,
636 4026 929 4080 rectissimi
954 4029 1311 4098 etjust-issimi
1336 4030 1553 4099 judices
1571 4048 1639 4086 ne
1669 4034 1762 4089 illa
1779 4034 2004 4103 quidem

449 4128 571 4182 qua}
599 4114 834 4169 ethnicis
847 4124 903 4169 et
938 4117 1246 4184 publicanis
1267 4118 1592 4186 impertiant
1620 4118 1744 4174 ﬁdei
1786 4134 2016 4175 consor-

452 4204 599 4259 tibus
621 4216 1032 4261 concesserunt.
1097 4210 1221 4263 illos
1275 4210 1420 4263 enim
1457 4218 1513 4264 et
1542 4212 1729 4266 vident
1776 4220 1833 4266 et
1878 4214 2018 4268 allo-

450 4309 696 4365 quuntur
721 4299 1017 4364 interdum,
1048 4302 1283 4355 maximo
1313 4304 1477 4356 etiam
1524 4320 1647 4358 eum
1700 4306 1931 4370 honore,
1960 4311 2016 4363 si

2109 524 2199 577 τὸν
2228 525 2429 593 ἀγαθὸν
2470 526 2701 579 ἱκετεύω
2737 528 3037 597 Δεσπότην,
3068 526 3210 580 ὥστε
3238 527 3433 580 αὑτῶν
3473 528 3721 597 βεϐαία-ο

2111 620 2460 691 φυλάξαιτὴν
2493 619 2792 688 βασιλείαν,
2818 618 2927 671 τῶν
2961 619 3059 688 μὲν
3096 621 3357 688 ὑπηκόων
3380 619 3719 689 φιλανθρὼ-

2084 726 2225 775 ’πως
2253 711 2733 784 προμηθουμένην,
2778 713 2904 774 τοὺς
2944 712 3001 765 δὲ
3047 712 3338 783 πολεμίους
3388 713 3717 781 δεδιττομέ-

2110 824 2226 875 νην,
2292 806 2386 857 καὶ
2442 805 2541 877 τὴν
2593 802 2903 867 ἀξιέπαινον
2958 805 3180 875 εἰρήνην
3237 806 3713 874 πρυτανεύουσαν

2110 900 2336 953 ἅπασιν.
2375 898 2682 952 ’ἱκετεῦσαι
2712 897 2771 950 δὲ
2799 898 3001 960 αὐτοὺς
3025 899 3438 969 παρακληθήτω
3473 898 3549 949 τὸ
3579 898 3716 966 ὑμὲ..

2112 1002 2269 1059 τερον
2299 990 2548 1059 μέγεθος,
2571 987 2753 1043 δοῦναι
2782 989 2939 1042 λύσιν
2967 989 3182 1041 τελείαν
3207 989 3289 1058 τῷ
3314 990 3419 1057 τῆς
3456 987 3711 1055 Ἐκκλη-

2114 1086 2237 1147 σίας
2261 1082 2513 1153 χειμῶνι,
2548 1082 2645 1135 καὶ
2669 1080 2927 1134 κελεῦσαι
2956 1079 3420 1150 συναθροισθῆναι
3450 1078 3708 1139 σύνοδον,

2116 1176 2190 1248 μὴ
2213 1176 2371 1228 πάλιν
2396 1173 2504 1226 τῶν
2533 1172 2781 1243 θορυϐεῖν
2804 1171 3073 1225 εἰωθότων
3093 1170 3155 1221 τὸ
3181 1170 3463 1239 συνέδριον
3493 1186 3709 1236 rapa:-

2111 1266 2331 1327 τόντων,
2360 1263 2497 1315 ἀλλὰ
2530 1262 2648 1331 μεθ’
2681 1262 2911 1331 ἡσυχίας
2935 1259 3047 1312 τῶν
3081 1260 3149 1313 τὰ
3177 1259 3298 1313 θεῖα
3323 1260 3717 1325 πεπαιδευμὲ

2112 1373 2217 1409 νων
2236 1371 2248 1384 °
2279 1353 2350 1406 τὰ
2384 1353 2482 1424 μὲν
2502 1352 2839 1406 ἁποστολικὰ
2862 1351 3109 1420 δόγματα
3132 1350 3531 1420 βεδαιούντων,
3562 1350 3714 1401 ἀετο-

2115 1447 2408 1517 κρινόντων
2451 1446 2508 1498 δὲ
2549 1445 2618 1497 τὰ
2649 1444 2779 1497 νόθα
2812 1444 2907 1497 καὶ
2953 1443 3052 1511 τῆς
3103 1442 3358 1510 ἀληθείας
3394 1440 3713 1509 ἀλλότρια·

2114 1545 2202 1595 ἵνα
2244 1541 2339 1593 καὶ
2373 1539 2437 1591 τὸ
2476 1537 2726 1591 ἐντεῦθεν
2770 1536 3033 1606 δρέψηται
3086 1534 3269 1604 κέρδος
3319 1533 3380 1585 τὸ
3429 1528 3722 1603 ὑμέτερον

2119 1633 2364 1704 μέγεθος.

2358 1750 2491 1803 PM'.
2533 1776 2601 1789 ———
2631 1743 2979 1813 Βιγκομάλῳ
3009 1743 3315 1811 partam.)
3338 1740 3445 1809 (5).

2187 1868 2321 1920 Λίαν
2373 1862 2656 1932 ἐθαύμασα
2700 1861 2860 1928 γνοὺς
2898 1859 2981 1910 ὅτι
3029 1857 3259 1926 πάμπαν
3300 1852 3602 1920 ἀγνοοῦσα
3651 1853 3721 1903 τὰ

2116 1957 2237 2013 καθ’
2269 1956 2417 2025 ἡμᾶς
2451 1953 2484 2022 ἠ
2525 1950 2763 2020 ὑμετέρα
2797 1945 3256 2017 μεγαλοπρέπεια,
3294 1941 3477 2010 μόνην
3519 1938 3583 1991 δὲ
3617 1942 3723 2005 τὴν

2115 2050 2235 2105 καθ’
2267 2042 2423 2120 ἡμῶν
2468 2043 2681 2098 ἀδικίαν
2729 2036 3010 2110 μαθοῦσα,
3065 2038 3363 2105 συνήγορος
3397 2033 3575 2103 ἡμῶν
3620 2033 3721 2083 ἁν-

2118 2142 2312 2212 εφάνη,
2336 2138 2430 2192 καὶ
2462 2135 2639 2188 πάντα
2670 2132 2835 2203 πόρον
2868 2131 3140 2197 ἐκίνησεν,
3171 2127 3309 2179 ὥστε
3339 2122 3619 2176 διαλῦσαι
3649 2122 3720 2174 τὰ

2117 2230 2238 2285 καθ’
2265 2226 2422 2297 ἡμῶν
2460 2221 2806 2293 τυρευθέντα.
2856 2218 3017 2270 Ἀλλὰ
3055 2216 3132 2285 τῷ
3176 2216 3272 2286 μὲν
3307 2214 3580 2283 ὑμετέρῳ
3613 2227 3721 2280 μεσ-

2118 2324 2263 2391 γέθει
2307 2319 2468 2373 δώσει
2501 2318 2716 2378 πάντως
2749 2314 2847 2376 τὰς
2889 2311 3186 2372 ἀντιδόσεις
3234 2310 3262 2359 ό
3308 2308 3721 2377 μεγαλόδωρος

2118 2414 2342 2483 Κύριος.
2395 2410 2451 2461 '0
2482 2408 2588 2477 γὰρ
2622 2402 2761 2474 ὑπὲρ
2792 2399 3023 2472 σμικροῦ
3061 2399 3246 2460 ὓδατος
3277 2396 3476 2465 μισθὸν
3508 2394 3721 2448 δώσειν

2118 2500 2579 2568 ἐπαγγειλάμενος
2602 2536 2616 2555 ,
2651 2492 2868 2564 μείζους
2898 2490 3125 2560 παρέξει
3156 2488 3423 2558 δήπουθεν
3454 2487 3718 2555 ἀμοιϐὰς

2116 2596 2227 2654 τοῖς
2250 2591 2317 2641 τὰ
2347 2586 2565 2657 μείζονα
2592 2582 2895 2638 δεδωκόσιν.
2937 2574 3126 2647 Ἡμεῖς
3150 2578 3205 2631 δὲ
3232 2576 3460 2629 τοιαῦτα
3490 2575 3719 2626 πεπόν-

2118 2684 2185 2735 θα
2192 2699 2311 2751 μεν,
2327 2681 2387 2731 οὑ
2410 2679 2567 2744 μόνον
2587 2674 2737 2745 παρὰ
2747 2672 2854 2726 τῶν
2872 2669 3282 2741 πρώηλοτάτων
3297 2664 3540 2735 ἐχθρῶν,
3572 2665 3719 2717 ἀλλὰ

2118 2776 2208 2827 καὶ
2250 2772 2401 2842 παρὰ
2443 2768 2551 2822 τῶν
2587 2765 2844 2836 γνησίων,
2877 2763 2951 2825 ὼς
2999 2758 3468 2829 ὑπολαμϐάνομεν,
3506 2757 3717 2824 φίλων,

2119 2867 2223 2920 ὑπὸ
2258 2866 2355 2935 μὲν
2390 2862 2612 2915 ἐκείνων
2655 2854 3073 2925 πολεμηθέντες,
3104 2851 3207 2902 ὑπὸ
3239 2850 3294 2902 δὲ
3325 2847 3541 2899 τούτων
3570 2863 3719 2915 προ-

2117 2958 2380 3017 δοθέντες,
2431 2950 2517 3005 οἷα
2556 2950 2589 3019 ἢ
2630 2948 2825 3010 οὐδεὶς,
2859 2946 2892 3015 ἢ
2931 2946 3066 3012 ἄγαν
3096 2942 3264 3008 ὀλίγοι
3298 2939 3408 2991 τῶν
3446 2938 3715 2989 παλαιῶν

2118 3049 2448 3115 ὑπέστησαν.
2483 3044 2579 3104 Τίς
2612 3041 2720 3110 γὰρ
2754 3037 3007 3105 τοιαύτης
3033 3035 3185 3101 δίκης
3215 3032 3415 3100 ἀκήκοε
3440 3025 3713 3090 mbas-:3;

2118 3140 2213 3200 Τίς
2245 3137 2333 3188 τὸν
2376 3131 2849 3202 κατηγορούμενον
2889 3126 2995 3196 πρὸ
3048 3123 3210 3175 πέντε
3262 3119 3354 3173 καὶ
3394 3118 3714 3189 τριάκοντα.

2118 3228 2354 3296 πεδήσας
2381 3221 2657 3291 σταθμῶν,
2684 3216 2936 3271 ἐκέλευσε
2966 3212 3183 3266 δικάσαι
3223 3208 3299 3277 τῷ
3341 3207 3417 3277 μὴ
3461 3206 3715 3274 παρόντι

2116 3318 2241 3379 τοὺς
2266 3312 2558 3375 δικαστάς
2588 3309 2683 3371 Τίς
2712 3307 2767 3360 δὲ
2798 3307 2969 3367 οὑτως
2997 3302 3148 3371 ὠμὸς
3176 3300 3270 3354 καὶ
3304 3297 3582 3368 θηριώδης
3604 3312 3714 3363 γε-

2117 3409 2341 3478 γένηται
2385 3403 2663 3472 δικαστὴς,
2708 3400 2848 3452 ὥστε
2895 3397 3111 3449 δικάσαι
3157 3392 3434 3463 ἀνδράσιν,
3476 3385 3557 3441 ὧν
3600 3388 3715 3453 τῆς

2118 3502 2300 3571 φωνῆς
2326 3499 2425 3552 οὑκ
2448 3497 2743 3566 ἐπήκουσε,
2780 3491 2875 3543 καὶ
2903 3490 2965 3541 οὐ
2987 3488 3209 3541 δικάσαι
3228 3484 3403 3554 μόνον,
3426 3480 3573 3571 ἀλλᾲ
3590 3481 3714 3571 ,καὶ

2116 3589 2498 3647 καταδικάσαι,
2539 3584 2633 3638 καὶ
2678 3581 2838 3635 τοῦτο
2878 3580 2999 3631 λίαν
3032 3577 3199 3648 ὠμῶς
3229 3575 3320 3627 καὶ
3362 3570 3709 3640 θηριωδῶς-ς

2119 3681 2227 3735 Τοῦ
2261 3682 2368 3749 γὰρ
2419 3672 2625 3746 Κυρίου
2666 3670 3094 3742 προστεταχάως
3133 3667 3224 3719 τὸν
3266 3659 3712 3733 πλημμελοῦντα.

2116 3773 2227 3824 τῶν
2255 3768 2528 3837 ἀδελφῶν,
2557 3766 2649 3817 καὶ
2696 3762 2794 3831 τῆς
2832 3758 3159 3830 συμϐουλίας
3200 3757 3302 3808 οὐκ
3341 3750 3706 3819 ἀνεχόμενον,

2122 3862 2259 3933 μετὰ
2296 3862 2537 3929 πρώτην,
2585 3856 2678 3907 καὶ
2713 3852 3001 3920 δευτέραν.
3043 3848 3137 3901 καί
3170 3846 3360 3915 τρίτην
3385 3840 3705 3901 νουθεσίαν,

2120 3956 2340 4024 ὕστερον
2367 3952 2509 4019 ἔχειν
2536 3948 2609 4010 ὡς
2648 3947 2737 3998 τὸν
2762 3942 2970 3996 ὲθνικὸν
3008 3940 3100 3993 καὶ
3122 3932 3507 4024 τὺνῗτελώνην·
3527 3934 3578 3983 οἱ
3607 3933 3706 3999 ὀρ-

2120 4023 2331 4100 θότατοι
2362 4044 2457 4095 καὶ¹
2476 4039 2806 4093 δικαιότατοι
2835 4036 3041 4104 κριταί,
3066 4031 3184 4084 οὑδὲ
3210 4023 3285 4081 ὧν
3313 4028 3424 4088 τοῖς
3457 4025 3707 4086 ἐθνικαῖς

2120 4138 2213 4190 καὶ
2236 4134 2486 4193 τελώναις
2518 4125 2877 4200 μεταδιδόασι,
2899 4125 3011 4185 τοῖς
3029 4120 3345 4192 όμοπίστοις
3378 4114 3704 4186 μετέδοσαν.

2135 4228 2402 4287 Ἐκείνους
2426 4224 2522 4293 μὲν
2544 4222 2651 4290 γὰρ
2672 4221 2765 4271 καὶ
2785 4211 3005 4287 ὁρῶσιν,
3038 4214 3130 4266 καὶ
3152 4211 3239 4263 ἐστ
3250 4228 3298 4262 ιν
3320 4211 3408 4262 ὅτε
3434 4204 3707 4276 προσδια-

2120 4318 2389 4385 λέγονται,
2423 4315 2515 4365 κα“ι
2551 4311 2688 4382 μετὰ
2717 4308 2977 4375 πλείστης
3006 4307 3137 4375 ὅσης
3164 4302 3354 4372 τιμῆς,
3384 4302 3541 4368 εἰπερ
3566 4296 3706 4349 τινὰ

447 4408 611 4460 quam
641 4393 878 4461 speciem
909 4401 1101 4463 gerant
1131 4394 1414 4464 dignitatis
1440 4414 1452 4448 :
1474 4412 1573 4450 nos
1601 4413 1729 4452 vero
1754 4408 1809 4452 et
1850 4407 2014 4465 tecto,

2125 4408 2300 4477 ἔχοιεν
2326 4402 2634 4471 ἀξιώματος
2665 4400 3023 4469 περιφάνειαν
3046 4412 3060 4426 ⁸
3087 4394 3235 4463 ἡμᾶς
3263 4391 3319 4443 δὲ
3350 4386 3706 4459 προσέταξαν

446 4493 501 4537 et
521 4496 679 4552 aqua,
728 4494 785 4537 et
809 4483 977 4537 rebus
1018 4484 1277 4538 omnibus
1332 4487 1549 4541 excludi
1601 4489 1907 4558 jusserunt.
1935 4491 2051 4545 lta'

446 4573 706 4624 nimirum
730 4572 1036 4627 imitatore-.3
1057 4589 1178 4628 esse
1206 4575 1499 4632 voluerunt
1528 4577 1702 4633 Patris
1730 4581 1904 4635 nostri
1922 4582 2015 4650 qui

447 4664 503 4715 in
534 4661 687 4717 caelis
719 4669 822 4726 cst,
860 4682 880 4714 ι
915 4664 1009 4732 qui
1061 4665 1234 4719 solem
1259 4682 1419 4721 suum
1479 4669 1615 4724 oriri
1662 4670 1793 4725 facit
1850 4689 2017 4742 super

447 4754 620 4808 lmnos
642 4761 698 4808 et
718 4755 909 4817 malos,
934 4761 990 4807 et
1016 4755 1159 4823 pluit
1171 4760 1533 4828 superjustos
1556 4770 1611 4814 et
1634 4761 1867 4830 injustos
1891 4763 1957 4816 τί.
1992 4782 2011 4813 ι

446 4846 647 4898 Verum
672 4847 806 4898 istos
827 4836 1049 4916 quidem
1077 4848 1273 4902 missos
1305 4848 1521 4904 faciam.
1558 4852 1733 4920 Prope
1759 4860 1844 4907 est
1869 4854 2019 4907 enim

446 4935 662 4991 Domini
688 4938 981 5007 judicium,
1020 4938 1075 4992 in
1100 4956 1210 5008 quo
1241 4956 1350 4995 non
1411 4954 1663 5011 gestuum
1718 4945 2016 5010 simulatio,

446 5025 543 5078 sed
571 5042 752 5080 rerum
787 5029 997 5083 veritas
1038 5030 1324 5097 quaeritur.
1376 5031 1806 5102 Magnitudinem
1852 5054 2021 5106 porro

446 5125 680 5171 vestram
713 5134 831 5184 oro,
887 5128 947 5173 ut
977 5120 1181 5189 gratias
1226 5122 1365 5179 meis
1395 5125 1580 5178 verbis
1611 5127 1787 5195 agatis
1811 5128 2016 5185 Christi

445 5207 648 5263 amanti
664 5209 966 5280 victorique
984 5214 1323 5281 imperatori,
1343 5224 1398 5269 et
1424 5216 1853 5287 religiosissime
1875 5222 2018 5276 Deo-

448 5319 553 5369 que
578 5302 950 5357 dilectissime
977 5304 1255 5374 Augustae,
1291 5307 1437 5375 quod
1468 5310 1559 5378 pio
1587 5312 1821 5380 imperio
1880 5318 2016 5369 vali-

445 5391 569 5446 dam
593 5393 831 5451 radicem
854 5392 1106 5449 dederint
1121 5394 1397 5463 pietatem,
1422 5402 1437 5417 ⁴
1457 5399 1782 5472 illorumqne
1808 5407 2017 5476 1235

514 5544 559 5573 ⁷⁰
594 5546 781 5605 Matth.
822 5565 971 5613 xvm,
1018 5552 1099 5603 Π.
1177 5553 1219 5583 τ’
1259 5552 1445 5610 Matth.
1488 5574 1541 5621 v,
1572 5558 1658 5610 ιίΐὶ.

2122 4500 2196 4569 μὴ
2224 4498 2439 4565 στέγης,
2487 4493 2563 4564 μὴ
2598 4491 2805 4553 ὓδατος,
2842 4489 2916 4559 μὴ
2958 4487 3081 4541 ὅλου
3111 4484 3451 4555 μεταλαχεῖν.
3505 4479 3707 4541 Οὕτως

2119 4587 2491 4658 ἐϐουλήθησαν
2515 4584 2747 4654 μιμηταὶ
2771 4581 3020 4647 γενέσθαι
3050 4577 3143 4629 τοὺ
3181 4574 3393 4641 Πατρὸς
3416 4572 3573 4641 ἡμῶν
3594 4570 3703 4622 τοῦ

2120 4683 2180 4733 ἐν
2209 4681 2321 4739 τοῖς
2344 4678 2612 4748 οὐρανοῖς,
2646 4693 2663 4725 ι
2694 4673 2752 4735 ὃς
2782 4672 3061 4725 ἀνατέλλει
3087 4668 3179 4720 τὸν
3216 4667 3368 4736 ἥλιον
3390 4662 3560 4716 αὑτοῦ
3598 4662 3705 4713 ἐπὶ

2125 4771 2392 4841 πονηροὺς
2421 4769 2515 4821 καὶ
2555 4765 2810 4832 ἀγαθοὺς.
2849 4764 2940 4814 καὶ
2985 4759 3167 4830 βρέχει
3194 4757 3289 4809 ἐπὶ
3316 4753 3556 4813 δικαίους
3599 4751 3707 4802 καὶ

2121 4861 2360 4922 ἀδίκους.
2391 4878 2409 4911 ι
2454 4856 2614 4909 Ἀλλὰ
2640 4855 2858 4915 τούτους
2894 4854 2989 4921 μὲν
3032 4851 3198 4902 ἐάσω.
3256 4846 3452 4913 Ἐγγὺς
3482 4841 3595 4912 γὰρ
3636 4841 3709 4892 τὺ

2120 4951 2387 5004 Δεσπότου
2439 4950 2747 5019 κριτήριον,
2800 4944 2928 4996 ἔνθα
2992 4944 3052 4994 οὑ
3109 4941 3347 5009 ζητεῖται
3398 4933 3707 5004 σχημάτων

2122 5042 2427 5112 ὑπόκρισις,
2452 5039 2587 5093 ἀλλὰ
2611 5036 2950 5108 πραγμάτων
2973 5034 3219 5104 ἀλήθεια.
3253 5031 3325 5082 Τὸ
3347 5029 3401 5081 δὲ
3431 5027 3705 5097 ὑμέτερον

2122 5132 2425 5204 παρακαλῶ
2478 5130 2725 5200 μέγεθος,
2778 5129 2876 5197 τὴν
2932 5127 3071 5196 ὑπὲρ
3125 5122 3283 5195 ἡμῶν
3335 5121 3434 5189 τῆς
3471 5120 3706 5189 χάριτος

2119 5222 2406 5291 ὁμολογίαν
2429 5218 2507 5288 τῷ
2529 5218 2856 5288 φιλοχρίστῳ
2882 5217 2977 5269 καὶ
3006 5213 3284 5282 νικηφόρῳ
3309 5208 3709 5280 προσενεγκεῖν

2124 5314 2350 5384 βασιλεῖ,
2385 5314 2479 5365 καὶ
2523 5313 2587 5380 τῇ
2634 5307 2997 5376 εὑσεόεστὰτῃ
3030 5306 3123 5359 καὶ
3157 5302 3542 5371 θεοφιλεστάτη
3587 5298 3704 5350 A5-

2122 5405 2345 5475 γούστῃ,
2370 5406 2450 5455 ὅτι
2479 5404 2544 5471 τῇ
2579 5400 2792 5453 εὐσεϐεῖ
2824 5396 3069 5469 βασιλείᾳ
3113 5395 3265 5465 ῥίζαν
3301 5393 3505 5445 ἔδωκαν
3543 5392 3701 5460 ἰσχυ-

518 5700 589 5769 (ἴι)
626 5701 784 5757 Sirm.
819 5708 1079 5779 μαίστρῳ.
1122 5710 1205 5767 Est
1236 5712 1347 5767 btet:
1379 5714 1606 5783 epistola
1632 5731 1846 5788 quoque
1876 5718 2014 5788 apud

2118 5731 2275 5782 iren.,
2311 5728 2437 5771 tom.
2479 5717 2561 5783 Vl,
2597 5734 2712 5787 pag.
2759 5717 2872 5781 liti,
2899 5714 3116 5770 :ula.C.
3147 5713 3268 5769 450.
