3962 6204
208 330 216 338 ’
264 329 404 398 I365

1555 321 1916 384 EPISTULA
1956 316 2184 378 CXLII.

3363 299 3504 367 1366

265 445 365 515 ρὰν
382 442 480 515 τὴν
503 440 799 503 εὐσέϐειαν,
822 439 918 491 καὶ
940 436 1289 508 ἀντιϐολῆσαι
1315 434 1493 489 αὐτῶν
1526 434 1586 488 τδ
1605 433 1827 506 κράτος,
1860 483 1863 492 η

1970 428 2234 485 otentiam
2249 421 2508 487 exoretis,
2537 428 2597 474 ut
2618 419 2830 473 ﬁrmam
2878 414 3142 471 Ecclesiis
3165 428 3354 484 pacem
3388 412 3507 470 etil-

266 533 489 605 βεϐαίαν
526 529 889 602 πρυτανεῦσαι
918 530 1037 591 ταῖς
1078 526 1428 597 Ἐκκλησίαις
1460 525 1560 598 τὴν
1581 525 1826 597 εἰρήνην,

266 624 361 679 καὶ
388 622 600 677 σύνοδον
622 620 972 692 ἀθροισθῆναι
1019 617 1294 681 κελεῦσαι,
1333 617 1408 688 μὴ
1443 617 1552 669 τῶν
1589 631 1831 685 ταράχο-

265 714 454 779 ποιῶν,
501 712 882 767 διακυκώντων
921 710 1015 764 τὸν
1062 710 1318 778 σύλλογον
1337 749 1353 773 ,
1391 708 1529 763 ἀλλά
1572 707 1681 761 τῶν
1733 709 1832 776 τῆς

265 803 521 875 ἀληθείας
544 802 810 874 ἐραστῶν,
835 801 934 873 τὴν
964 790 1327 872 ἀποστολικὴν
1359 799 1732 871 κρατυνόντων
1751 798 1834 850 δι-

265 894 576 956 δασκαλίαν,
595 895 691 947 καὶ
709 893 1195 965 ἀποκηρυττόντων
1210 894 1309 963 τὴν
1322 892 1515 963 καινὴν
1536 892 1614 963 (6)
1633 889 1836 958 ταύτην

267 986 360 1038 καὶ
387 984 638 1053 κίϐδηλον
661 984 870 1055 αἵρεσιν
889 1001 905 1017 ο
933 985 1020 1038 ἴνα
1056 985 1150 1037 καὶ
1188 984 1298 1037 τῶν
1334 976 1670 1053 ἀξιεράστων
1710 979 1837 1033 τού-

266 1092 373 1128 των
408 1075 587 1129 πόνων
608 1076 759 1147 παρά
780 1076 874 1129 τοῦ
906 1074 1290 1147 φιλανθρώπου
1307 1074 1514 1144 Κυρίου
1536 1068 1838 1142 κομίσησθε

268 1166 392 1231 τοὺς
421 1167 689 1238 καρπούς.

269 1279 451 1332 ΡΜΑν.
479 1309 550 1318 -
584 1276 916 1347 Μαρκέλλῳ
939 1278 1373 1347 ἀρχιμανδρίτῃ
1403 1276 1522 1331 τῶν
1565 1276 1839 1348 Ἀκοιμή-

968 1366 1110 1403 των.

342 1462 661 1532 Λαμπρύνει
691 1462 790 1530 μὲν
817 1461 972 1531 ὑμῶν
1004 1461 1099 1532 τὴν
1129 1460 1438 1521 θεοσέϐειαν
1470 1464 1499 1514 ὁ
1530 1461 1843 1526 ἀξιέπαινος

276 1552 406 1621 βῐος,
444 1553 545 1623 τῆς
565 1552 673 1605 τῶν
695 1551 942 1620 ἀγγέλων
968 1551 1241 1614 πολιτείας
1263 1553 1320 1605 ἐν
1347 1553 1414 1622 τῇ
1439 1554 1509 1623 γῇ
1542 1551 1639 1623 τὴν
1665 1550 1847 1604 εἰκόνα

272 1641 484 1705 δεικνύς
503 1658 519 1673 ο
548 1641 925 1713 λαμπρότερον
945 1640 1001 1693 δέ
1028 1639 1218 1693 τοῦτον
1238 1640 1517 1711 ἀπέφηνεν
1537 1641 1566 1692 ό
1585 1640 1726 1711 ὑπὲρ
1752 1640 1848 1710 τῆς

274 1731 633 1801 άποστολικῆς
682 1731 918 1793 πίστεως
961 1731 1140 1801 ζῆλος.
1173 1730 1369 1800 Ὅπερ
1390 1729 1497 1799 γάρ
1529 1731 1646 1782 ἐστι
1680 1729 1852 1799 πλοίῳ

281 1823 380 1893 μὲν
413 1822 626 1892 τρόπις,
677 1821 824 1893 οἰκίᾳ
867 1821 924 1873 δὲ
956 1820 1227 1889 θεμέλιος.
1265 1820 1425 1873 τοῦτο
1460 1822 1571 1883 τοῖς
1608 1820 1854 1873 εὐσεϐεῖν

277 1912 728 1983 προαιρουμένοις
755 1913 790 1981 ἡ
835 1910 942 1964 τῶν
989 1910 1361 1979 εύαγγελικῶν
1411 1910 1696 1981 δογμάτων
1720 1911 1854 1983 ἀλή-

278 2005 420 2059 θεια,
467 2004 681 2075 Ταύτης
725 2003 782 2055 δέ
811 2002 1214 2074 πολεμηθείσης
1249 2001 1503 2073 ἐκθύμως
1546 2000 1855 2075 ύπερηθλή-

284 2113 433 2163 σατε,
484 2095 582 2166 οὐχ
640 2095 716 2159 ὼς
760 2093 1092 2165 ἀσθενούσης
1152 2092 1681 2164 προκινδυνεύοντες,
1721 2092 1858 2147 ἀλλά

280 2187 382 2258 τῆν
442 2185 685 2256 φιλόθεον
743 2183 1146 2249 ἐπιδεικνύντες
1190 2184 1449 2238 διάθεσιν.
1495 2184 1563 2238 Ἥ
1610 2183 1720 2256 γάρ
1762 2184 1858 2238 τοῦ

282 2278 554 2332 Δεσπότου
593 2276 830 2347 Χριστοῦ
868 2276 1183 2331 διδασκαλία
1221 2278 1284 2330 τὸ
1325 2276 1586 2348 σταθερὸν
1613 2276 1727 2347 ἔχει
1766 2278 1862 2331 καὶ

287 2364 526 2434 βὲὅαιον,
574 2364 717 2417 κατά
748 2364 847 2433 τὴν
890 2362 1055 2417 αὑτοῦ
1095 2364 1188 2417 τοῦ
1233 2363 1483 2434 Σωτῆρος
1535 2363 1858 2434 ὑπόσχεσινο

290 2474 310 2503 ο
346 2455 516 2508 Πύλαι
559 2456 707 2526 ᾅδου,
772 2457 937 2526 φησὶν
970 2495 986 2519 ,
1041 2457 1102 2508 ού
1151 2455 1567 2524 κατισχύσουσιν
1612 2455 1798 2523 αὐτῆς.
1837 2473 1855 2505 ι

296 2543 467 2613 ’Υπὲρ
489 2544 689 2613 ταύτης
728 2545 821 2597 καὶ
865 2544 1012 2614 ἡμᾶς
1041 2542 1407 2613 ἀτιμασθῆναι
1464 2545 1559 2596 καὶ⁹
1585 2544 1861 2614 σφαγῆναι

283 2635 314 2685 ὀ
340 2633 715 2704 φιλάνθρωπος
745 2633 839 2684 καὶ
872 2632 1244 2702 μεγαλόδωρος
1267 2632 1465 2702 ἠξίωσε
1497 2630 1720 2702 Κύριος.
1751 2632 1863 2704 Τὴν

288 2725 396 2793 γάρ
426 2723 490 2792 δὴ
520 2723 745 2792 ἀτιμίαν
767 2723 952 2792 τιμὴν,
980 2725 1074 2775 καὶ
1104 2723 1202 2790 τὴν
1228 2723 1444 2793 σφαγὴν
1470 2722 1614 2793 ζωὴν
1638 2722 1867 2792 ὑπειλή-

288 2830 491 2882 φαμεν.
541 2812 886 2881 Ἦκούσαμεν
927 2812 1037 2883 γὰρ
1084 2811 1177 2864 τοῦ
1229 2811 1552 2866 ’Δποστόλου
1596 2811 1865 2880 λέγοντος,

291 2906 373 2957 ὅτι
407 2924 423 2953 ι
444 2905 607 2973 Ἡμῖν
656 2904 764 2958 ἀπὸ
788 2902 922 2956 Θεοῦ
942 2902 1207 2975 ἐχαρίσθη
1231 2903 1291 2955 ού
1322 2903 1482 2974 μόνον
1501 2903 1561 2956 τὸ
1599 2906 1679 2967 είς
1707 2903 1869 2957 αὐτὸν

295 2998 592 3061 πιστεύειν,
614 2996 749 3049 ἀλλὰ
772 2996 864 3050 καὶ
890 2995 948 3049 τὸ
968 2996 1107 3067 ὑπὲρ
1135 2993 1300 3048 αὐτοῦ
1332 2995 1581 3064 πάσχειν.
1597 3014 1615 3046 ο
1635 2996 1867 3067 Ἀνέστη

1929 520 2060 583 ciat,
2096 525 2153 572 et
2180 515 2448 587 synodum
2510 508 2831 581 congregari
2880 507 3092 579 iubeat,
3142 521 3253 560 non
3300 507 3506 560 tumul—

1932 607 2207 664 tuantium
2237 620 2432 660 rursus
2462 602 2750 658 hominum
2777 599 2872 669 qui
2920 604 3251 653 conventum
3277 607 3501 666 pertur—

1933 700 2086 762 bent,
2110 696 2206 752 sed
2227 694 2479 750 veritatis
2531 691 2833 746 amantium
2875 689 2969 759 qui
3008 687 3316 743 doctrinam
3372 701 3508 755 apo-~

1935 790 2184 845 stolicam
2204 784 2505 850 stabiliant,
2535 796 2847 851 novamque
2868 780 3025 834 istam
3055 786 3112 833 et
3141 777 3509 833 adulterinam
3618 818 3622 823 .

1934 876 2171 933 hazresin
2236 873 2609 930 exterminent
2660 890 2673 925 :
2721 880 2784 927 ut
2832 871 3032 924 horum
3079 869 3245 923 etiam
3297 866 3513 937 optabi-

1934 967 2073 1021 lium
2116 964 2371 1020 laborum
2404 963 2618 1017 fructus
2660 978 2689 1016 a
2716 960 2955 1030 benigno
3001 959 3236 1014 Domino
3265 964 3513 1026 reporte-

1941 1059 2032 1113 tis.

2009 1289 2189 1345 CXLI.
2210 1318 2277 1327 —
2294 1285 2543 1340 Marcello
2580 1282 3010 1338 archimandritw
3039 1279 3444 1335 Acasmetarum.

2016 1470 2289 1523 lllustrem
2322 1466 2547 1536 quidem
2575 1464 2708 1518 facit
2746 1464 3007 1533 pietatem
3040 1471 3188 1515 tuam
3228 1460 3523 1514 laudabilis

1947 1559 2083 1622 vita,
2121 1557 2443 1626 angelorum
2480 1552 2917 1609 conversationis
2952 1550 3010 1604 in
3044 1559 3192 1604 terra
3232 1548 3523 1618 imaginem

1952 1646 2219 1711 referens,
2259 1645 2356 1700 sed
2397 1642 2757 1697 illustriorem
2795 1639 2974 1695 reddit
3013 1639 3164 1694 zelus
3206 1638 3332 1694 fidei
3390 1653 3525 1706 apo-

1954 1738 2182 1796 stolicae.
2215 1737 2371 1803 Quod
2415 1735 2563 1790 enim
2603 1734 2822 1803 navigio
2859 1740 2943 1786 est
2977 1729 3186 1794 carina,
3234 1737 3291 1784 et
3332 1727 3527 1782 funda-

1957 1834 2205 1883 mentum
2236 1825 2492 1890 aedificio,
2540 1823 2597 1878 id
2633 1823 2813 1893 ipsum
2860 1821 2949 1892 pie
2992 1820 3182 1875 vivere
3216 1818 3531 1873 volentibus

1957 1918 2397 1990 evangelicorum
2431 1917 2745 1987 dogmatum
2774 1922 2860 1968 est
2889 1912 3113 1967 veritas.
3149 1912 3255 1966 Pro
3294 1909 3397 1964 hac
3434 1924 3531 1979 op-

1956 2017 2198 2081 pugnata
2236 2024 2336 2063 vos
2373 2008 2622 2063 animose
2654 2004 3007 2068 decertastis,
3042 2018 3154 2056 non
3187 2000 3342 2071 quasi
3378 1998 3531 2053 infir—

1958 2117 2103 2157 mam
2134 2108 2518 2171 protegentes,
2556 2097 2654 2155 sed
2683 2096 2780 2152 Dei
2826 2102 3098 2150 amantem
3134 2092 3395 2148 affectum
3438 2090 3533 2146 de-

1960 2194 2251 2248 clarantes.
2275 2191 2481 2247 Christi
2504 2190 2651 2246 enim
2685 2186 2901 2244 Domini
2941 2185 3191 2241 doctrina
3214 2182 3426 2239 stabilis
3450 2192 3536 2237 est

1960 2292 2017 2339 et
2061 2283 2237 2348 firma,
2291 2289 2455 2352 prout
2508 2280 2760 2337 Salvator
2807 2277 2924 2348 ipse
2961 2273 3238 2347 promisit,
3288 2273 3479 2328 dicens
3516 2289 3531 2324 :

1970 2396 1988 2429 ι
2018 2377 2196 2431 Porta:
2227 2375 2391 2430 inferi
2418 2389 2531 2430 non
2553 2370 2930 2444 praevalebunt
2957 2367 3221 2424 adversus
3253 2381 3376 2421 eam
3409 2367 3475 2418 τ’.
3509 2383 3528 2416 ι

1964 2468 2072 2521 Pro
2108 2468 2213 2521 hac
2233 2475 2290 2520 et
2319 2481 2421 2520 nos
2453 2465 2725 2519 dedecore
2752 2462 2893 2517 allici
2914 2460 3160 2529 caedique
3178 2458 3449 2528 benignus
3473 2470 3537 2510 ac

1965 2557 2213 2611 liberalis
2246 2556 2511 2610 Dominus
2533 2554 2732 2623 dignos
2757 2551 2992 2607 censuit.
3019 2549 3269 2604 Dedecus
3301 2559 3537 2613 namque

1965 2647 2252 2710 honorem,
2283 2653 2342 2697 et
2386 2643 2589 2698 easdem
2638 2641 2805 2694 vitam
2847 2638 3315 2699 existimavimus,
3357 2642 3419 2689 ut
3443 2633 3539 2702 qui

1967 2734 2286 2805 Apostolum
2320 2732 2594 2787 dicentem
2625 2729 2980 2784 audivimus:
3015 2746 3034 2779 ι
3064 2725 3235 2781 Nobis
3276 2724 3541 2780 donatum

1970 2841 2091 2881 esse
2125 2841 2155 2879 a
2187 2826 2320 2890 Deo,
2352 2838 2466 2879 non
2487 2824 2666 2878 solum
2690 2830 2755 2895 ut
2777 2822 2833 2876 in
2865 2836 2993 2877 eum
3013 2818 3321 2882 credamus,
3349 2831 3541 2871 verum

1972 2916 2138 2972 etiam
2162 2924 2222 2970 ut
2242 2930 2343 2985 pro
2368 2914 2464 2968 illo
2489 2914 2766 2984 patiamur
2788 2912 2856 2965 ⁷³.
2891 2929 2910 2962 ›
2939 2910 3226 2965 Excitatus
3252 2915 3436 2962 autem
3457 2914 3544 2961 est

1975 3006 2240 3062 citissime
2284 3014 2544 3075 tanquam
2579 3003 2863 3059 dormiens
2890 3001 3180 3065 Dominus,
3218 3009 3274 3055 et
3299 3014 3395 3054 ora
3422 2997 3545 3069 qui-

295 3087 352 3141 δὲ
391 3088 619 3157 τάχιστα
659 3087 734 3151 ὡς
773 3089 801 3140 ό
835 3086 1016 3140 ὑπνῶν
1063 3085 1287 3157 Κύριος,
1326 3087 1421 3139 καὶ
1465 3084 1728 3157 ἐνέφραξε
1768 3087 1863 3158 μὲν

1972 3095 2097 3150 dem
2124 3094 2421 3158 obstruxit,
2466 3108 2589 3163 qua:
2610 3091 2878 3147 adversus
2915 3090 3086 3145 Deum
3122 3087 3541 3157 blasphemiam,

295 3178 367 3231 τά
395 3177 635 3248 στόματα
666 3177 733 3230 τὰ
752 3176 1012 3231 λαλοῦντα
1034 3176 1175 3230 κατά
1202 3176 1297 3230 τοῦ
1330 3175 1467 3229 Θεοῦ
1496 3176 1865 3246 βλασφημίαν,

299 3269 394 3324 καὶ
445 3269 567 3323 καθ’
611 3269 766 3339 ἡμῶν
813 3268 1060 3322 ἀδικίαν·
1112 3268 1211 3331 τάς
1254 3268 1312 3321 δέ
1356 3267 1466 3321 τῶν
1507 3266 1870 3319 εὐσεϐούντων

300 3360 542 3430 γλώττας
582 3363 662 3424 είς
689 3361 789 3430 τὴν
822 3358 1027 3430 συνήθη
1058 3357 1362 3427 ἀποστολὴν
1391 3357 1459 3410 τὰ
1487 3358 1705 3426 νάματα
1737 3373 1874 3425 προ-

302 3456 418 3524 χεῖν
451 3452 835 3506 ἀνεσκεύασεν.
874 3453 1074 3521 Ἡμεῖς
1101 3450 1157 3502 δὲ
1195 3452 1294 3520 τῆς
1329 3450 1558 3520 ἡσυχίας
1586 3450 1712 3512 τοὺς
1752 3451 1873 3514 ἀξι-

306 3542 565 3613 εράστους
592 3541 882 3611 τρυγῶμεν
910 3539 1152 3611 καρπούς
1172 3555 1186 3570 ·
1222 3541 1317 3593 καὶ
1346 3541 1446 3609 τὴν
1480 3539 1579 3608 μὲν
1602 3537 1714 3591 τῶν
1753 3539 1875 3592 Ἐκ·
1918 3572 1923 3578 ι

304 3632 543 3701 κλησιῶν
582 3632 749 3700 ζάλην
774 3630 1007 3702 ὁρῶντες
1031 3627 1323 3696 ἀλγοῦμεν,
1359 3626 1675 3696 γαννύμεθα
1700 3627 1757 3679 δέ
1784 3628 1878 3680 καὶ

303 3721 710 3793 εὐφραινόμεθα
755 3720 1050 3792 φροντίδων
1083 3719 1514 3790 ἀπηλλαγμένοι.
1550 3720 1629 3790 Τῇ
1662 3718 1719 3771 δὲ
1758 3718 1878 3772 θεο-

312 3811 495 3881 σεϐείᾳ
528 3828 621 3864 σου
652 3812 740 3863 ἀεὶ⁵
773 3810 872 3883 μὲν
899 3808 1242 3879 συνήσθημεν
1273 3808 1361 3861 διά
1398 3808 1576 3862 πάντα
1606 3806 1881 3877 θαυμαζο-

315 3904 447 3976 μένῃ
473 3918 488 3931 ·
518 3902 678 3973 μέχρι
706 3902 761 3954 δὲ
789 3901 883 3954 τοῦ
908 3900 1174 3970 παρόντος
1202 3900 1302 3951 ούκ
1324 3897 1665 3971 ἐγράψαμεν,
1686 3898 1748 3951 ού
1772 3899 1880 3953 τῶν

310 3996 409 4063 τῆς
433 3994 651 4064 ἀγάπης
677 3993 857 4063 νόμων
889 3991 1301 4062 ὀλιγωροῦντες,
1330 3990 1445 4044 ἀλλ’
1480 3991 1735 4062 ἀφορμήν
1756 4007 1882 4044 τινα

311 4088 496 4141 λαϐεῖν
538 4084 880 4157 γραμμάτων
927 4083 1345 4153 προσμένοντες.
1388 4082 1594 4135 Λύτίκα
1635 4081 1731 4136 νῦν
1773 4086 1883 4145 τοῖς

315 4177 724 4240 εύσεϐεστάτοις
752 4176 846 4229 καὶ
882 4174 1269 4236 συνετωτάτοις
1302 4173 1684 4243 συντετυχότες
1715 4173 1882 4243 μονά-

1977 3185 2192 3254 1236
2216 3191 2407 3238 contra
2432 3198 2534 3238 nos
2557 3182 2902 3252 iniquitatem
2927 3180 3292 3250 loquebantur
3314 3178 3394 3244 ";
3428 3177 3547 3247 pio-

1975 3296 2097 3333 rum
2139 3296 2270 3334 vero
2303 3280 2518 3350 linguas
2551 3279 2833 3342 excitavit,
2880 3286 2944 3331 ut
2975 3277 3199 3332 solitum
3226 3275 3292 3330 ad
3320 3288 3544 3329 cursum

1975 3370 2168 3425 latices
2208 3369 2564 3439 profundant.
2604 3370 2715 3423 Nos
2751 3383 2921 3437 porro
2957 3368 3220 3422 amabiles
3253 3366 3456 3435 quietis
3491 3372 3549 3420 et

1978 3459 2185 3513 silentii
2213 3458 2425 3512 fructus
2445 3458 2747 3527 carpimus,
2782 3465 2838 3511 et
2861 3456 3231 3511 Ecclesiarum
3261 3469 3392 3509 sane
3420 3469 3552 3524 pro-

1977 3545 2171 3623 cellam
2214 3546 2498 3623 intuentes
2538 3545 2790 3599 dolemus
2845 3562 2858 3597 :
2900 3542 2995 3597 sed
3044 3558 3075 3596 a
3107 3541 3255 3595 curis
3309 3550 3551 3596 remotos

1977 3614 2225 3691 nos‘esse
2247 3614 2552 3707 gaudemus
2572 3644 2627 3690 et
2650 3636 2920 3691 laetamur.
2945 3633 3141 3689 Pietati
3160 3639 3343 3686 autem
3370 3639 3475 3686 tua;
3495 3632 3551 3685 in

1979 3722 2236 3781 omnibus
2263 3725 2601 3781 admirandae
2628 3724 2886 3796 gratulati
2925 3738 3142 3794 semper
3179 3735 3389 3775 sumus.
3416 3719 3554 3775 Hac—

1982 3828 2142 3872 tenus
2177 3826 2360 3871 tamen
2381 3830 2491 3871 non
2522 3814 2863 3886 scripsimus,
2885 3813 3173 3869 charitatis
3189 3812 3361 3881 legem
3380 3810 3554 3865 haud—

1981 3922 2256 3977 quaquam
2283 3915 2627 3977 spernentes,
2657 3905 2752 3960 sed
2774 3903 3049 3960 scribendi
3083 3902 3553 3974 opportunitatem

1982 4007 2381 4070 exspectantes.
2416 3998 2573 4053 Nunc
2606 3999 2790 4067 itaque
2826 3995 3269 4066 religiosissimos
3313 3992 3555 4065 pruden-

1986 4092 2339 4160 tissimosque
2374 4092 2672 4146 monachos
2707 4093 2879 4155 nacti,
2917 4088 3013 4159 qui
3060 4088 3182 4143 aliis
3213 4087 3281 4142 de
3320 4086 3486 4142 rebus
3522 4101 3554 4140 a

1987 4181 2279 4236 sanctitate
2318 4191 2413 4236 tua
2449 4181 2604 4235 missi
2648 4188 2799 4247 sunt,
2838 4180 3051 4250 egimus
3089 4178 3364 4247 extemplo
3406 4175 3553 4247 quod

316 4274 520 4338 ζουσιν,
577 4270 626 4322 οἳ
686 4268 834 4337 παρὰ
868 4267 967 4336 τῆς
1003 4267 1100 4336 σῆς
1147 4265 1425 4336 ὁσιότητος
1469 4264 1673 4336 ἐτέρων
1725 4263 1863 4316 ἕνεκι

1987 4271 2364 4341 cupiebamus,
2413 4272 2635 4342 Deoque
2664 4270 2924 4326 dilectum
2958 4276 3120 4338 caput
3163 4278 3317 4323 tuum
3351 4266 3557 4337 ample-

259 4433 268 4445 ‘
319 4362 513 4433 χρειῶν
546 4358 952 4428 ἀπεστάλησαν,
1004 4356 1166 4419 εὐθὺς
1206 4355 1547 4426 δεδράκαμεν
1590 4353 1651 4406 τὸ
1691 4352 1887 4406 ποθού-

1988 4369 2199 4416 ctentes
2229 4377 2475 4427 oramus,
2509 4362 2748 4432 primum
2773 4364 2790 4383 θ
2822 4360 3045 4430 quidem
3071 4367 3131 4412 ut
3168 4357 3428 4428 precibus
3456 4372 3557 4413 nos

322 4469 499 4524 μενον,
525 4452 620 4505 καὶ
639 4450 739 4521 τὴν
771 4448 993 4518 θεοφιλῆ
1039 4463 1132 4499 σου
1175 4445 1668 4516 περιπτυσσόμενοι
1708 4461 1852 4513 κεφα

1993 4463 2230 4520 tueatur,
2264 4454 2463 4508 deinde
2494 4464 2555 4509 ut
2582 4454 2747 4508 etiam
2780 4452 2982 4507 litteris
3008 4450 3296 4505 exhilaret.
3337 4449 3441 4503 Per
3472 4446 3556 4501 di-

320 4543 437 4613 λὴν,
482 4538 907 4612 παρακαλοῦμεν
945 4536 1160 4608 πρῶτον
1193 4536 1290 4606 μὲν
1332 4536 1481 4606 ἡμᾶς
1515 4534 1730 4604 ἀνέχειν
1770 4536 1863 4586 ταῐ

1989 4546 2170 4599 vinam
2195 4546 2341 4599 enim
2364 4546 2589 4615 gratiam
2613 4552 2834 4615 propter
2855 4542 3155 4613 apostolica
3178 4539 3428 4609 dogmata
3458 4552 3556 4606 op-

325 4634 672 4701 προσευχαῖς,
719 4630 909 4682 ἔπειτα
956 4627 1013 4680 δὲ
1053 4625 1149 4679 καὶ⁵
1188 4624 1513 4695 γράμμασιν
1556 4622 1887 4694 εὐφραίνειν.

323 4719 423 4773 Διά
453 4720 561 4792 γὰρ
584 4717 683 4787 τὴν
710 4717 859 4770 θείαν
885 4716 1047 4786 χάριν
1072 4714 1211 4785 ὑπὲρ
1244 4712 1353 4766 τῶν
1380 4711 1751 4766 ἁποστολικῶν
1797 4728 1893 4764 πε-

325 4811 453 4865 πολε
461 4812 533 4882 μή
542 4810 679 4880 μεθα
712 4809 805 4877 δογ
814 4808 1015 4878 μάτων.

802 4921 979 4976 PMB’.
1011 4953 1078 4963 -—
1115 4921 1198 4985 Τῷ
1230 4917 1408 4983 αὐτῷ.

400 5040 509 5092 Καὶ
530 5039 629 5110 ἤδη
655 5038 721 5091 δι’
746 5037 948 5107 ἐτέρων
977 5035 1322 5107 γραμμάτων
1343 5032 1442 5103 τὴν
1472 5033 1568 5102 σὴν
1602 5032 1894 5102 προσείπο-

336 5145 434 5200 μεν
462 5127 792 5185 θεοσέϐειαν,
810 5129 926 5189 τοῖς
953 5125 1302 5195 τιμιωτάτοις
1329 5122 1585 5191 ἀδελφοῖς
1616 5124 1730 5185 τοῖς
1762 5123 1897 5192 ὑμε-

1992 4653 2061 4705 pu
2068 4636 2215 4705 gnati
2250 4650 2458 4690 sumus.

2518 4918 2717 4978 CXLII.
2745 4948 2809 4959 -—-
2832 4917 3037 4973 Eidem.

2070 5039 2137 5094 Et
2158 5037 2281 5092 aliis
2307 5038 2419 5107 jam
2454 5033 2654 5089 litteris
2697 5032 2954 5101 pietatem
2982 5038 3133 5082 tuam
3165 5023 3315 5079 afl‘ati
3353 5035 3565 5099 sumus.

2001 5129 2127 5184 data
2175 5125 2649 5185 reverendissimis
2688 5121 2955 5177 fratribus
2988 5117 3189 5174 vestris
3227 5112 3481 5185 epistola,
3512 5117 3568 5165 et

332 5218 509 5287 τέροις
547 5216 646 5287 τὴν
679 5214 965 5286 ἐπιστολὴν
998 5210 1288 5278 δεδωκότες
1312 5230 1326 5243 ·
1360 5213 1455 5267 καὶ
1498 5211 1592 5266 νῦν
1632 5212 1688 5265 δὲ
1737 5213 1863 5266 πάλι

2002 5233 2150 5272 nunc
2198 5219 2402 5273 iterum
2453 5214 2797 5271 sanctitatem
2855 5218 3005 5264 tuam
3053 5204 3410 5276 alloquimur.
3453 5201 3569 5259 Hoc

334 5307 830 5384 προσφθεγγόμεθα
861 5324 954 5361 σου
988 5306 1084 5377 τὴν
1115 5307 1395 5377 ἀγιότητα.
1454 5304 1757 5377 Προτρέπει
1792 5305 1861 5372 γά

2002 5308 2148 5363 enim
2172 5308 2351 5363 facere
2363 5321 2464 5360 nos
2482 5304 2741 5359 admonet
2758 5311 2874 5358 tum
2896 5296 3217 5356 admiranda
3237 5295 3347 5349 vita
3361 5299 3566 5355 vestra,

406 5488 453 5518 ⁷¹
490 5485 680 5540 Matth.
708 5483 931 5547 “1,18.
1004 5482 1052 5513 ⁷³
1089 5480 1325 5550 Philipp.
1353 5496 1390 5545 ι,
1438 5479 1529 5535 29.
1601 5481 1648 5512 ’⁵
1688 5480 1829 5534 Psal.
1864 5495 2008 5543 xcm,
2045 5479 2077 5533 4

410 5643 484 5713 (6)
513 5643 675 5713 κενήν
700 5641 869 5713 Neap.
896 5639 1192 5713 Utramque
1226 5636 1513 5692 lectionem
1539 5638 1651 5692 sive
1687 5635 1902 5694 Metius.
1936 5633 2047 5690 sive
2105 5635 2241 5705 ipse,
2281 5650 2310 5689 e
2366 5650 2474 5705 quo
2530 5632 2775 5688 vertebat
2818 5629 3130 5701 epistolam,
3170 5627 3342 5684 codex
3367 5624 3574 5684 Vatica~

346 5707 446 5771 nuis
469 5707 749 5785 conjunxit
772 5707 913 5781 apud
937 5709 1129 5763 Baron.
1168 5707 1204 5759 l.
1230 5723 1277 5760 ρ.
