3962 6204
440 203 573 265 1367

434 322 552 366 tum
590 308 883 365 laudabilis
923 311 1092 374 zelus,
1128 327 1289 379 quem
1325 313 1638 379 apostolica:
1683 312 1806 366 lidei
1846 319 2009 364 causa

435 402 776 467 deelarastis,
804 419 906 457 nec
940 403 1142 473 regiam
1172 403 1471 471 potentiam
1504 401 1880 465 formidantes,
1908 417 2010 455 nec

436 495 819 565 episcoporum
853 492 1295 546 consensionem.
1346 492 1458 546 Etsi
1499 493 1646 546 enim
1683 492 1900 561 plurimi
1943 507 2010 543 ex

439 589 507 641 iis
541 587 634 656 qui
679 594 1052 640 convenerant
1090 585 1141 636 vi
1187 583 1365 638 adacti
1413 591 1832 646 consenserunt,
1873 591 2010 634 atta-

439 696 562 735 men
597 675 1099 745 subscriptionibus
1150 677 1263 728 suis
1298 689 1494 727 novam
1537 673 1769 727 hazresin
1813 671 2012 725 contir-

441 779 682 825 marunt.
718 768 981 822 Pietatem
1017 783 1148 821 vero
1184 776 1420 820 vestram
1454 765 1591 819 nihil
1631 765 1829 819 horum
1863 779 2012 818 com-

440 863 632 926 movit,
671 860 765 916 sed
795 860 847 912 in
881 860 1124 928 antiquis
1145 859 1494 928 dogmatibus
1519 857 1855 927 perstitistis,
1891 872 2012 926 qua:

437 962 493 1004 et
550 967 649 1020 per
696 950 993 1019 prophetas
1041 949 1250 1018 1237
1305 957 1359 1001 et
1417 948 1691 1016 apostolos
1740 946 2013 1000 Eeclesias

441 1041 672 1112 probare
700 1039 964 1094 Dominus
986 1039 1192 1092 docuit.
1217 1038 1325 1092 llas
1347 1039 1512 1091 etiam
1540 1053 1639 1090 nos
1663 1035 2013 1090 deﬁnitiones

439 1148 659 1186 servare.
688 1131 961 1200 cupimus,
985 1141 1039 1183 et
1070 1130 1124 1184 in
1150 1145 1316 1183 unum
1347 1129 1587 1192 Patrem,
1611 1141 1893 1195 unumque
1925 1124 2014 1177 Fi-

442 1225 597 1287 tium,
619 1235 676 1277 et
698 1238 867 1276 unum
890 1221 1154 1292 Spiritum
1184 1230 1430 1274 sanctum
1459 1218 1620 1273 tidem
1640 1224 1695 1271 et
1719 1215 2015 1270 confessio-

445 1330 570 1369 nem
597 1329 769 1383 usque
791 1313 857 1366 ad
885 1313 1093 1366 exitum
1132 1312 1430 1366 custodire.
1463 1309 1739 1380 Unigeniti
1779 1322 2013 1376 namque

445 1406 750 1461 incarnalio
776 1405 1062 1460 Trinitatis
1091 1419 1382 1458 numerum
1415 1419 1523 1456 non
1551 1401 1723 1465 auxit,
1759 1397 1855 1453 sed
1891 1397 2014 1450 Tri-

390 1507 396 1512 '
445 1497 590 1551 nitas
618 1497 782 1550 etiam
811 1505 933 1564 post
959 1493 1390 1548 incarnationem
1414 1492 1614 1546 mansit
1635 1507 1757 1560 quae
1776 1489 2018 1542 Trinitas

441 1596 580 1642 erat.
614 1589 705 1642 Sic
737 1588 884 1642 enim
918 1587 986 1640 ab
1017 1586 1177 1639 initio
1208 1584 1520 1646 didicimus,
1549 1583 1629 1636 sic
1659 1579 2013 1642 credidimus,

442 1685 521 1737 sic
544 1682 805 1751 baptizati
836 1697 1025 1735 sumus
1048 1698 1059 1732 :
1087 1679 1166 1733 sic
1204 1676 1642 1748 przedieavimus,
1666 1675 1744 1728 sic
1769 1672 2014 1740 baptiza-

445 1774 643 1836 vimus,
675 1773 752 1826 sic
792 1770 997 1825 sentire
1043 1783 1486 1838 perseveramus.
1532 1766 1606 1819 De
1635 1766 1794 1818 Patre
1830 1772 2014 1815 autem

443 1863 784 1933 loquentium
832 1859 1178 1914 mendacium
1215 1857 1477 1911 Dominus
1523 1856 1596 1910 ait
1633 1873 1643 1906 :
1686 1876 1700 1902 ι
1735 1853 1872 1908 Cum
1922 1853 2004 1904 lo-

442 1953 632 2024 quitur
659 1953 1028 2014 mendacium,
1062 1965 1129 2003 ex
1156 1949 1395 2018 propriis
1427 1948 1674 2016 loquitur
1705 1947 1772 1996 ⁷⁵.
1815 1966 1832 1996 ι
1871 1944 2016 1998 Con-

441 2053 645 2114 gruunt
682 2053 864 2098 autem
905 2041 1193 2111 discipulis
1236 2035 1356 2109 quae
1402 2039 1545 2092 dicta
1580 2047 1706 2090 sunt
1747 2037 1814 2090 de
1846 2034 2016 2103 magi-

441 2148 578 2190 stro.
611 2135 675 2188 Ili
719 2135 867 2190 enim
903 2149 1028 2188 cum
1064 2131 1391 2201 l'alsiloquiis
1437 2131 1492 2184 in
1535 2146 1636 2183 nos
1667 2138 1917 2190 utuntur,
1951 2141 2018 2178 ex

443 2227 680 2298 propriis
710 2227 1032 2296 loquuntur,
1063 2233 1119 2278 et
1151 2233 1334 2278 nostra
1363 2239 1470 2276 non
1497 2221 1708 2276 dicunt.
1743 2219 1855 2273 Nos
1887 2233 2019 2272 vero

444 2320 712 2375 Dominus
736 2318 1051 2372 consolatur
1070 2316 1262 2370 dicens
1295 2333 1307 2368 :
1341 2333 1356 2363 σ
1383 2314 1529 2367 Beati
1556 2313 1689 2367 estis
1706 2327 1829 2365 eum
1849 2311 2019 2363 male-

439 2412 683 2466 dixerint
714 2411 894 2471 vobis,
919 2418 973 2463 et
998 2408 1276 2477 persecuti
1311 2422 1410 2460 vos
1437 2405 1666 2468 fuerint,
1700 2412 1754 2457 et
1781 2402 2021 2455 dixerint

439 2517 602 2555 omne
625 2502 825 2554 malum
851 2499 1144 2552 adversum
1172 2512 1270 2549 vos
1293 2494 1623 2548 mentientes
1644 2500 1869 2562 propter
1890 2505 1976 2542 me
2003 2507 2015 2540 ε

439 2592 674 2662 gaudete
719 2598 776 2644 et
808 2589 1100 2649 exsultate,
1151 2585 1411 2655 quoniam
1447 2599 1660 2637 merces
1705 2591 1890 2635 vestra
1923 2596 2018 2634 co-

441 2683 597 2755 piosa
630 2690 715 2736 est
749 2681 804 2735 in
840 2680 997 2734 caelis
1027 2679 1093 2731 ⁷⁸.
1137 2698 1154 2728 ι
1211 2677 1382 2730 Tuam
1413 2683 1596 2728 autem
1629 2673 1888 2743 pietatem
1919 2672 2019 2725 ob-

441 2790 742 2839 secramus,
787 2784 848 2830 ut
875 2781 997 2828 oret
1033 2788 1102 2827 ne
1150 2772 1295 2826 inter
1321 2785 1416 2826 eos
1452 2783 1778 2824 censeamur
1807 2768 1901 2836 qui
1933 2766 2019 2819 in-

436 2869 635 2937 juriam
670 2867 900 2929 faciunt,
948 2864 1045 2918 sed
1080 2879 1205 2918 cum
1245 2863 1313 2916 iis
1346 2861 1438 2930 qui
1479 2870 1704 2929 propter
1739 2857 2018 2927 Evangelii

441 2960 732 3018 veritatem
769 2957 1026 3028 iniuriam
1059 2955 1362 3035 patiuntur.

517 3280 749 3340 CXLIII.
768 3313 837 3322 -—
861 3281 1085 3335 Andrea:
1121 3277 1371 3331 monacho
1406 3271 1950 3342 Constantinopoleos.

519 3439 633 3495 Etsi
675 3439 934 3508 pietatem
977 3446 1127 3491 tuam
1169 3451 1270 3490 nee
1312 3433 1425 3488 vidi
1458 3447 1719 3502 unquam,
1768 3446 1870 3485 nec
1905 3445 2024 3483 eam

447 3546 544 3599 per
589 3529 801 3583 litteras
852 3543 972 3583 sum
1025 3527 1315 3588 allocutus,
1362 3531 1374 3542 ‘
1427 3523 1547 3592 ejus
1580 3530 1760 3574 tamen
1815 3529 2026 3574 amator

446 3622 624 3676 t'actus
661 3636 783 3674 sum
830 3618 1272 3673 ardentissimus.
1308 3615 1464 3669 llunc
1497 3629 1628 3668 vero
1665 3611 1826 3666 nobis
1872 3628 2025 3666 amo-

449 3729 565 3767 rem
602 3712 875 3774 l'eeerunt,
921 3718 977 3763 et
1022 3708 1371 3763 continenter
1406 3705 1715 3761 accendunt
1755 3706 1849 3760 illa
1906 3720 2028 3774 qua:

451 3819 560 3858 una
592 3817 729 3858 voce
756 3803 824 3858 ab
880 3801 950 3856 iis
991 3801 1254 3855 dicuntur
1277 3800 1369 3869 qui
1419 3801 1524 3854 mel
1573 3809 1726 3855 tuum
1771 3798 2028 3867 degusta-

448 3901 597 3948 runt.
630 3893 902 3948 Mirantur
949 3892 1152 3961 quippe
1204 3906 1397 3946 omnes
1443 3890 1569 3946 fidei
1610 3889 2026 3950 rectitudinem,

453 3985 670 4058 1238
688 3984 815 4037 vita:
845 3983 1176 4048 claritatem,
1195 3983 1563 4038 constantiam
1585 3981 1776 4045 animi,
1815 3994 2030 4033 morum

449 4074 893 4140 consensionem,
931 4073 1191 4127 blandam
1225 4081 1281 4128 et
1319 4073 1653 4128 allicientem
1704 4087 2031 4142 congressus

449 4165 822 4229 dulcedinem,
837 4173 892 4220 et
910 4165 1018 4220 alia
1034 4179 1379 4235 quaecunque
1400 4164 1706 4234 perfectum
1726 4163 2032 4233 depingunt

449 4255 733 4310 alumnum
775 4255 1156 4325 philosophia.
1201 4255 1434 4323 Propter
1466 4253 1584 4308 [nec
1613 4271 1677 4308 ex
1707 4254 1910 4323 pietate
1936 4263 2029 4307 tua

450 4361 754 4416 suspensus
781 4347 965 4400 hmreo
998 4363 1010 4398 :
1043 4345 1173 4399 fecit
1201 4353 1386 4402 autem
1412 4359 1566 4399 amor
1594 4355 1655 4400 ut
1683 4345 1848 4398 etiam
1880 4345 2030 4400 litte-

452 4454 543 4492 ras
574 4437 916 4506 auspicarer.
961 4436 1029 4490 At
1064 4444 1143 4497 tu,
1188 4435 1415 4492 charum
1463 4445 1648 4505 caput,
1694 4436 1840 4504 quod
1867 4435 2032 4505 cupio

451 4527 718 4583 citissime
754 4526 996 4596 imperti,
1029 4535 1086 4578 et
1123 4525 1433 4578 litterarum
1459 4523 1618 4578 nobis
1645 4524 1824 4593 praebe
1855 4524 2030 4578 collo—

452 4618 644 4688 quium
683 4634 696 4669 :
732 4629 987 4686 magnum
1027 4613 1176 4667 enim
1219 4613 1364 4667 inter
1403 4629 1460 4668 se
1503 4613 1841 4667 distantibus
1887 4612 2033 4666 sola-

455 4712 592 4765 tium
622 4710 784 4764 all‘ert
817 4708 1176 4777 epistolarum
1209 4707 1568 4761 consuetudo.
1602 4706 1822 4760 Seribes
1849 4714 2032 4759 autem

456 4817 567 4856 non
605 4800 834 4855 alterius
860 4799 1139 4868 opinionis
1177 4799 1410 4863 homini,
1447 4799 1540 4856 sed
1573 4799 1625 4851 in
1656 4797 2030 4867 apostolorum

455 4893 747 4961 disciplina
792 4891 1032 4955 erudito,
1057 4900 1113 4945 et
1157 4889 1443 4951 trinitatis,
1491 4905 1600 4942 non
1645 4886 2035 4956 quaternitatis

460 4983 747 5039 asserturi.
773 4983 984 5035 Revera
1011 4981 1158 5034 enim
1181 4993 1436 5048 peraeque
1471 4979 1666 5046 impios
1699 4978 1888 5030 censui
1917 4991 2034 5038 eos,

461 5075 556 5145 qui
583 5073 720 5127 duas
741 5072 1020 5142 Unigeniti
1055 5079 1280 5124 naturas
1305 5069 1358 5121 in
1387 5083 1550 5120 unam
1584 5083 1780 5136 cogere
1809 5067 2035 5128 audent,

461 5177 518 5222 ct
546 5167 641 5236 qui
681 5165 976 5219 Dominum
1015 5171 1268 5217 nostrum
1305 5161 1491 5214 .lesum
1524 5160 1804 5213 Christum
1837 5159 2034 5214 Filium

464 5259 559 5311 Dei
584 5259 714 5320 vivi,
751 5256 1033 5310 hominem
1065 5255 1268 5309 factum
1304 5255 1473 5308 Deum
1507 5252 1770 5313 Verbum,
1810 5253 1863 5306 in
1898 5254 2038 5308 duos

463 5350 606 5403 lilios
640 5349 885 5404 dividere
923 5357 1215 5412 conantur,
1265 5347 1312 5400 si
1360 5345 1452 5416 qui
1497 5353 1625 5398 sunt
1660 5345 1902 5410 tandem,
1937 5363 2038 5415 ego

1106 5469 1150 5500 ⁷⁶
1190 5469 1380 5522 Matth.
1415 5485 1466 5530 v,
1498 5467 1579 5530 ll,
1616 5468 1694 5520 l2.

535 5580 610 5640 (Ἡ
642 5582 729 5636 διά
756 5585 922 5643 Neap.
957 5592 1103 5636 recte
1134 5582 1383 5635 habs-bat.
1416 5581 1577 5635 Sirm.
1614 5581 1892 5632 omiserat.

536 5649 609 5720 ιε)
645 5653 728 5703 τὴν
759 5654 806 5704 ἓ.
846 5655 907 5705 ll.
949 5654 1038 5703 καί
1067 5651 1315 5706 addimus
1351 5669 1416 5706 ex
1448 5652 1695 5705 versione
1724 5649 1934 5707 Latina.

532 5471 579 5500 ⁷³
615 5472 770 5528 Joan.
805 5471 1026 5534 vnn“.

1419 205 1870 264 TllEODORET
1881 204 1901 261 Ι
1943 199 2277 260 EPISCOPI
2315 203 2672 262 CYRENSIS

3557 200 3738 265 1368

2040 312 2087 366 Λ
2113 310 2259 378 ἡμᾶς
2292 311 2446 363 τοῦτο
2482 313 2652 363 ποιεῖν
2687 308 2783 362 καὶ
2827 312 2854 362 6
2883 309 3210 377 άξιάγαστος
3239 309 3391 379 ὑμῶν
3425 308 3568 378 βίος.
3605 311 3740 361 καὶ

2111 407 2140 458 ὁ
2167 405 2476 468 ἁξιέπαινος
2510 403 2690 471 ζῆλος,
2717 403 2774 455 ὃν
2803 403 2942 472 ὑπὲρ
2968 403 3067 472 τῆς
3089 402 3457 472 ἁποστολικῆς
3489 400 3741 454 61:555.!-

2114 498 2275 562 ξασθε
2308 497 2564 560 πίστεως,
2599 497 2658 549 οὐ
2712 495 2998 565 βασιλικὴν
3029 495 3305 558 δείσαντες
3343 494 3738 554 δυναστείαν,

2113 589 2211 640 οὐκ
2242 587 2602 656 ἐπισκοπικὴν
2639 585 2983 655 συμφωνίαν.
3031 587 3090 637 Εἰ
3128 585 3237 654 γὰρ
3277 583 3520 638 καὶτῶν
3569 601 3736 636 συν-

2114 677 2446 746 εληλυθότων
2494 679 2542 728 οἱ
2586 676 2824 728 πλεῖστοι
2861 675 3176 745 βιασθέντες
3226 675 3538 737 συνέθεντο,
3586 675 3736 727 ἀλλ’

2114 765 2204 820 οὖν
2233 769 2350 828 ταῖς
2390 767 2733 834 ὑπογραφαῖς
2762 766 2860 832 τὴν
2898 765 3090 833 καινὴν
3124 765 3424 835 ἐκράτυναν
3461 765 3735 833 αἵρεσιν-

2119 862 2228 930 Τὴν
2275 859 2331 910 δὲ
2365 857 2634 926 ὑμετέραν
2666 856 2938 924 φιλοθεῖαν
2971 857 3122 910 οὐδὲν
3155 857 3357 909 τούτων
3390 857 3686 909 διέσεισεν
3714 872 3732 886 υ

2117 952 2232 1003 ἀλλ’
2263 952 2353 1004 ἐπὶ
2403 950 2510 1002 τῶν
2555 949 2800 1002 παλαιῶν
2848 949 3152 1018 διεμείνατε
3188 949 3502 1018 δογμάτων,
3539 948 3572 1000 ἃ
3613 951 3736 999 καὶ

2115 1043 2202 1095 διὰ
2226 1043 2300 1109 (7)
2320 1042 2424 1094 τῶν
2449 1041 2741 1111 προφητῶν
2759 1042 2852 1092 καὶ
2879 1041 2985 1092 τῶν
3010 1040 3319 1093 ἀποστόλων
3344 1043 3578 1110 φρονεῖν
3612 1039 3734 1099 τὰς

2131 1136 2459 1205 Ἐκκλησίας
2497 1136 2524 1186 6
2551 1133 2828 1203 Δεσπότης
2877 1133 3101 1197 ἐδίδαξε.
3142 1132 3374 1194 Τούτους
3411 1133 3514 1184 καὶ
3543 1133 3734 1199 ἡμεῖς

2118 1229 2242 1290 τοὺς
2288 1228 2447 1298 ὅρους
2499 1225 2788 1293 φυλάττειν
2831 1223 3133 1292 εὐχόμεθα,
3188 1224 3280 1274 καὶ
3324 1222 3421 1291 τὴν
3480 1223 3568 1281 εἰς
3625 1219 3730 1270 τὸν

2119 1321 2214 1374 ἕνα
2235 1320 2477 1388 Πατέρα,
2524 1320 2618 1370 καὶ
2650 1316 2725 1386 (8)
2771 1316 2861 1369 τὸν
2890 1317 2984 1368 ἕνα
3020 1316 3168 1378 rm,
3201 1314 3295 1367 xui
3329 1313 3393 1365 τὸ
3444 1313 3508 1364 ἓν
3553 1312 3732 1377 ἆγιον

2121 1410 2344 1480 Πνεῦμα
2386 1409 2567 1462 πίστιν
2596 1427 2652 1460 τε
2700 1408 2793 1459 καὶ
2821 1407 3110 1476 ὁμολογίαν
3147 1406 3304 1475 μέχρι
3351 1405 3552 1465 τέλους
3605 1402 3736 1454 6:1-

2119 1503 2380 1572 τηρῆσαι.
2427 1501 2491 1553 Ἦ
2523 1499 2630 1570 γάρ
2667 1498 3076 1567 ἐνανθρὼπησις
3103 1496 3196 1551 τοῦ
3218 1495 3571 1562 Μονογενοῦς
3612 1494 3733 1545 οὐκ

2120 1595 2324 1664 ηῡξησε
2351 1594 2446 1662 τῆς
2470 1591 2700 1662 Τριάδος
2739 1590 2827 1643 τὸν
2858 1588 3110 1658 ἀριθμὸν,
3139 1587 3274 1641 ἀλλὰ
3300 1585 3594 1656 μεμένηκε
3620 1586 3736 1650 καᾲ

2123 1691 2260 1758 μετά
2288 1685 2384 1756 τὴν
2405 1684 2481 1751 (9)
2513 1684 2787 1751 σάρκωσιν
2807 1680 2976 1750 Τριὰς
3012 1682 3044 1749 ἡ
3087 1680 3275 1750 Τριάς.
3307 1678 3464 1730 Οὕτω
3495 1677 3617 1744 γὰρ
3662 1676 3733 1737 ἐξ

2118 1780 2292 1849 ἀρχῆς
2335 1775 2811 1846 ἐμαθητεύθημεν,
2849 1773 3021 1835 οὕτως
3059 1771 3483 1840 ἐπιστεύσαμεν,
3531 1768 3730 1828 οὕτως

2121 1867 2551 1937 ἐϐαπτίσθημεν,
2579 1866 2752 1926 οὕτως
2789 1865 3156 1934 ἐκηρύξαμεν,
3183 1863 3350 1924 οὓτως
3390 1862 3729 1914 ἐϐαπτίσα-

2123 1979 2239 2032 μεν,
2267 1959 2406 2013 οὕτω
2438 1958 2789 2028 διατελοῦμεν
2830 1958 3166 2021 δοξάζοντες.
3204 1957 3335 2023 Περὶ
3361 1955 3418 2007 δὲ
3455 1954 3563 2006 τοῦ
3595 1956 3729 2006 H1-

2117 2055 2246 2124 τρδς
2266 2054 2371 2105 τῶν
2395 2051 2697 2104 λαλούντων
2721 2051 2782 2103 τὸ
2799 2051 2990 2119 ψεῦδος
3023 2052 3051 2101 ό
3075 2049 3279 2118 Κύριος
3307 2048 3408 2115 ἔφη
3427 2065 3439 2076 ·
3474 2066 3493 2096 ι
3534 2047 3726 2098 Ὅταν

2121 2143 2254 2212 λαλῇ
2283 2142 2344 2195 τὸ
2374 2139 2586 2209 ψεῦδος,
2615 2142 2678 2192 ἐκ
2708 2138 2816 2191 τῶν
2862 2139 3007 2191 ἰδίων
3044 2137 3214 2190 λαλεῖ.
3249 2155 3265 2186 ι
3309 2136 3608 2204 Ἀρμόττει
3662 2135 3723 2187 δὲ

2121 2235 2232 2294 τοῖς
2265 2231 2530 2302 μαθηταῖς
2560 2231 2627 2282 τά
2658 2231 2786 2298 περὶ
2824 2230 2919 2282 τοῦ
2952 2227 3272 2282 διδασκάλου
3301 2227 3563 2297 ρηθέντα.
3599 2228 3724 2278 Καὶ

2122 2321 2228 2389 γὰρ
2253 2315 2419 2383 οὗτοι,
2451 2324 2570 2384 ταῖς
2594 2321 2714 2374 καθ’
2741 2321 2897 2390 ἡμῶν
2922 2320 3296 2388 ψευδολογίαις
3332 2320 3720 2389 χρησάμενοι,

2125 2416 2188 2466 ὲκ
2229 2413 2334 2465 τῶν
2389 2413 2533 2464 ἰδίων
2581 2413 2856 2474 λαλοῦσιν,
2899 2413 2961 2464 οὺ
3007 2411 3074 2464 τὰ
3124 2411 3370 2481 ἡμέτερα
3419 2410 3716 2476 λέγουσιν.

2057 2546 2064 2552 .
2134 2507 2310 2574 Ἡμᾶς
2331 2505 2385 2558 δὲ
2417 2506 2443 2555 6
2473 2505 2750 2573 Δεσπότης
2775 2503 3098 2574 ψυχαγωγεῖ
3124 2502 3298 2569 λέγων
3324 2519 3338 2533 ο
3368 2519 3387 2551 ‹
3418 2503 3720 2570 Μακάριοι

2123 2597 2242 2647 ἐστε
2271 2598 2399 2648 ὅταν
2425 2595 2756 2648 ὀνειδίσωσιν
2787 2595 2954 2664 ὑμᾶς,
2983 2595 3074 2646 καὶ
3096 2591 3350 2658 διώξωσι,
3381 2593 3474 2644 καὶ
3497 2592 3714 2644 εἴπωσι

2125 2691 2232 2740 πᾶν
2261 2687 2494 2757 πονηρὸν
2526 2687 2677 2758 ῥῆμα
2717 2685 2837 2739 καθ’
2867 2685 3020 2753 ὑμῶν
3047 2685 3232 2737 ἕνεκεν
3261 2684 3393 2754 ἐμοῦ
3427 2683 3718 2752 ψευδόμεο

2124 2797 2201 2832 νοι
2240 2797 2251 2808 ·
2291 2778 2505 2849 χαίρετε
2551 2779 2644 2831 καὶ
2687 2777 3038 2844 ἀγαλλιᾶσθε,
3101 2777 3182 2829 ὅτι
3223 2779 3251 2828 ὁ
3297 2775 3485 2845 μισθὸς
3546 2774 3716 2842 ὑμῶν

2127 2869 2292 2931 πολὺς
2319 2869 2377 2921 ἐν
2425 2871 2536 2930 τοῖς
2561 2868 2826 2938 οὐρανοῖς.
2858 2887 2875 2917 ι
2928 2867 3037 2920 Καὶ
3068 2867 3164 2936 τὴν
3203 2867 3300 2936 σὴν
3342 2867 3398 2919 δὲ
3440 2883 3714 2935 παρακα-

2049 2973 2090 3029 C
2125 2959 2322 3028 λοῦμεν
2353 2957 2754 3028 προσεύξασθαι
2781 2957 3112 3021 θεοσέϐειαν,
3169 2959 3244 3027 μὴ
3286 2960 3384 3026 τῆς
3425 2956 3537 3007 τῶν
3584 2953 3714 3006 ἀδι-

2126 3051 2361 3104 κούντων
2397 3051 2542 3120 ἡμᾶς
2567 3049 2819 3116 γενέσθαι
2858 3049 3102 3118 μερίδος,
3147 3047 3285 3101 ἀλλά
3312 3045 3410 3112 τῆς
3441 3044 3552 3097 τῶν
3584 3045 3713 3112 ηδι-

2127 3141 2380 3212 κημένων
2408 3139 2497 3192 διὰ
2526 3140 2624 3208 τὴν
2651 3138 2760 3191 τῶν
2789 3136 3135 3205 Εὐαγγελίων
3170 3136 3446 3204 ἀλήθειαν.

2127 3254 2304 3308 ΡΜΡ.
2360 3283 2430 3291 -η-
2487 3251 2730 3319 Ἀνδρέᾳ
2777 3247 3090 3319 μονάζοντι
3132 3248 3714 3302 Κωνστανττνουπύ-

2824 3325 2994 3377 λεως.

2200 3433 2337 3486 Οὔτε
2366 3433 2700 3502 θεασάμενος
2728 3432 2948 3486 πώποτε
2982 3434 3081 3502 τὴν
3109 3433 3206 3502 σὴν
3244 3429 3537 3487 εὐσέὸειαν,
3569 3426 3717 3478 οὔτε

2128 3527 2214 3578 διὰ
2242 3527 2586 3596 γραμμάτων
2620 3523 2921 3594 όμιληκὼς,
2954 3525 3192 3593 ἐραστὴς
3233 3521 3394 3588 αὐτῆς
3423 3518 3715 3587 ἐγενόμην

2131 3619 2482 3690 θερμότατος.
2540 3617 2848 3685 Εἰργὰσατο
2888 3617 2943 3668 δὲ
3004 3617 3064 3668 τὸ
3119 3616 3359 3684 φίλτρον,
3402 3615 3494 3664 καὶ
3541 3611 3718 3662 τοῦτο

2130 3709 2391 3783 πυρσεύει
2431 3708 2711 3780 διηνεκῶς,
2753 3708 2820 3759 τὰ
2867 3707 3017 3774 παρὰ
3050 3706 3160 3758 τῶν
3199 3705 3290 3757 τοῦ
3339 3702 3430 3756 σοῦ
3488 3700 3714 3770 μέλιτος

2131 3803 2478 3872 γεγευμένων
2523 3799 2827 3870 συμφώνως
2880 3797 3168 3867 λεγόμενα.
3211 3793 3565 3863 Θαυμάζουσι
3600 3794 3712 3860 γάρ

2131 3895 2371 3956 ἅπαντες
2410 3894 2508 3962 τῆς
2562 3893 2795 3952 πίστεως
2846 3890 2943 3958 τὴν
2992 3888 3282 3959 ὀρθότητα,
3327 3887 3422 3956 τὴν
3456 3884 3551 3936 τοῦ
3595 3883 3713 3953 βίου

2133 3983 2510 4052 λαμπρότητα,
2558 3978 2654 4050 τὴν
2706 3978 3023 4030 εὐστάθειαν
3070 3975 3170 4044 τῆς
3209 3973 3408 4042 ψυχῆς,
3460 3970 3560 4039 τὴν
3603 3968 3712 4019 τῶν

2133 4073 2281 4144 ἠθῶν
2333 4071 2618 4143 ἁρμονίαν,
2679 4070 2739 4123 τὸ
2781 4070 2880 4137 τῆς
2948 4067 3230 4127 συνουσίας
3280 4062 3570 4130 ἐπαγωγὸν
3619 4062 3715 4111 καὶ

2133 4167 2327 4235 γλυκὺ,
2365 4165 2459 4217 καὶ
2488 4161 2652 4216 τᾶλλα
2683 4163 2781 4215 ὅσα
2804 4161 2894 4213 τδν
2932 4160 3138 4213 τέλειον
3161 4155 3467 4225 ὑπογράφει
3488 4153 3588 4220 τῆς
3622 4168 3713 4216 φι-

2135 4257 2391 4326 λοσοφίας
2443 4256 2727 4324 τρόφιμον.
2777 4253 2874 4305 Διὰ
2923 4251 3094 4304 ταῦτα
3139 4250 3239 4319 τῆς
3288 4247 3388 4316 σῆς
3436 4244 3716 4312 φιλοθεῒας

2134 4351 2456 4421 ἐξήρτημαι.
2507 4349 2564 4402 '0
2602 4347 2657 4399 δέ
2709 4347 2871 4408 πόθος
2913 4343 3008 4397 καὶ
3041 4341 3388 4413 γραμμάτων
3422 4337 3586 4407 ἄρξαι
3622 4353 3716 4387 πεο

2135 4442 2380 4511 ποίηκεν.
2428 4437 2589 4500 Ἀλλ’,
2619 4431 2665 4489 ὦ
2705 4436 2830 4506 φίλη
2865 4451 2968 4504 μου
2998 4431 3227 4500 κεφαλὴ.
3263 4429 3489 4498 μετάδος
3515 4426 3594 4486 ὡς
3624 4425 3717 4476 τά·

2137 4547 2296 4602 χιστα
2330 4528 2421 4582 τοῦ
2455 4526 2814 4596 ποθουμένου,
2844 4524 2939 4578 καὶ
2968 4524 3068 4593 τὴν
3089 4521 3178 4574 διὰ
3203 4519 3551 4591 γραμμάτων
3583 4517 3717 4584 ἡμῖν

2138 4621 2388 4694 παρασχε
2415 4620 2666 4685 διάλεξιν.
2713 4618 2925 4687 Ίκανὴν
2957 4614 3064 4684 γὰρ
3091 4616 3205 4675 τοῖς
3231 4608 3541 4676 διεστηκόσι
3575 4623 3719 4674 παρο

2139 4715 2252 4784 έχει
2276 4711 2687 4784 ψυχαγωγίανὴ
2718 4709 2784 4760 δι’
2818 4705 3117 4760 ἐπιστολῶν
3149 4702 3354 4774 ὁμιλία.
3394 4698 3636 4770 Γράψεις
3664 4697 3718 4748 δὲ

2136 4805 2233 4875 οὒκ
2267 4803 2576 4875 ἑτεροδόξῳ,
2618 4799 2753 4853 ἀλλὰ
2803 4802 2868 4868 τῇ
2912 4797 3018 4849 τῶν
3051 4794 3362 4848 ἀποστόλων
3410 4789 3718 4858 ἐντεθραμ-

2143 4897 2288 4966 μένῳ
2321 4892 2659 4962 διδασκαλίᾳ.
2705 4891 2800 4942 καὶ
2837 4888 3066 4960 Τριάδος
3107 4887 3166 4938 οὐ
3199 4885 3451 4953 τετράδος
3486 4883 3717 4949 κήρυκι.

2140 4989 2231 5057 Τῷ
2254 4987 2365 5040 ὗντι
2388 4984 2496 5055 γὰρ
2533 4981 2928 5053 παραπλησίως
2960 4978 3234 5045 ὑπείληφα
3261 4974 3560 5034 δυσσεϐεῖς,
3590 4972 3720 5033 τούς

2141 5095 2198 5131 τε
2233 5075 2330 5136 τὰς
2360 5075 2452 5129 δύο
2480 5073 2574 5126 τοῦ
2606 5069 2942 5138 Μονογενοῦς
2977 5069 3166 5137 φύσεις
3192 5067 3269 5128 είς
3300 5067 3425 5136 μίαν
3462 5064 3725 5129 συνάγειν

2144 5169 2476 5238 τολμῶντας.
2513 5166 2605 5218 καὶ
2638 5164 2764 5225 τοὺς
2788 5161 2878 5214 τὸν
2913 5161 3117 5230 Κύριον
3147 5157 3304 5228 ἡμῶν
3346 5154 3552 5223 Ἰησοῦν
3589 5154 3724 5221 Χρι-

2145 5262 2288 5317 στὸν.
2321 5260 2410 5310 τὸν
2454 5257 2580 5309 Υίὸν
2609 5253 2702 5307 τοῦ
2747 5253 2882 5306 Θεοῦ
2921 5252 3014 5304 τοῦ
3054 5251 3276 5315 ζῶντος,
3315 5248 3405 5300 τὸν
3449 5244 3727 5315 ἐνανθρω-

2151 5352 2395 5418 πήσαντα
2421 5347 2551 5399 θεὸν
2573 5345 2764 5411 Λόγον,
2801 5346 2876 5406 εἰς
2916 5343 3008 5395 δύο
3040 5339 3282 5411 μερίζειν
3312 5333 3727 5406 ἐπιχειροῦντας

2066 4303 2110 4356 D

2223 5581 2297 5649 (1))
2337 5582 2430 5648 τήν
2463 5596 2525 5632 ex
2558 5578 2725 5647 Neap.
