3962 6204
275 315 412 380 1369

1584 292 1941 358 EPISTOLA
1989 258 2240 352 CXLlV.

3397 266 3550 349 1370’
3586 343 3595 352 .

274 424 447 488 υῑυύς.
490 421 660 494 Εἴπερ
690 419 797 493 ἀρα
826 418 972 482 τινές
1005 418 1170 472 εἰσιν·
1203 416 1315 488 ἐγὼ
1353 415 1460 487 γὰρ
1499 414 1599 466 οὐκ
1625 412 1808 479 οἴομαι
1831 422 1844 437 ⁸

1967 406 2102 459 anim
2147 419 2258 459 non
2289 412 2424 475 puto
2454 420 2468 455 :
2508 402 2605 458 sed
2651 403 2795 457 hanc
2831 415 3050 471 semper
3074 400 3405 457 calumniam
3436 403 3538 457 Ec-

275 516 415 571 ἀλλά
444 514 648 586 ταύτην
678 515 759 568 ἀεὶ
790 512 888 585 τὴν
923 511 1285 581 συκοφαντίαν
1315 509 1456 563 κατὰ
1489 506 1588 576 τῆς
1627 503 1857 570 Ἐκκλη-

279 610 401 672 σίας
437 608 487 662 οἱ
523 608 622 677 τῆς
671 605 882 678 Ἀρείου
932 606 1025 658 καὶ
1064 603 1354 674 Εὐνομίου,
1393 602 1490 654 καὶ
1543 598 1728 669 μέντοι
1763 596 1857 648 καὶ

292 699 700 771 Ἀπολλιναρίου
756 696 1068 769 συμμορίας
1138 696 1362 765 ἀναίδην
1407 691 1699 761 ἐξύφηναν.
1748 687 1859 739 Καὶ

281 792 458 862 ρᾁιον
498 790 702 859 γνῶναι
752 791 866 850 τοῖς
910 785 1238 855 φιλοπόνοις,
1291 785 1367 847 ὡς
1413 784 1466 836 οἱ
1510 779 1860 848 πανεύφημοι

282 881 522 952 Πατέρες
550 880 730 952 ἡμῶν,
763 877 872 931 τῶν
912 876 1248 943 Ἑκκλησιῶν
1278 877 1326 928 οἱ
1364 873 1671 945 φωστῆρες,
1709 867 1860 939 παρά

280 973 388 1026 τῶν
425 974 526 1044 τῆς
578 971 835 1042 ἀληθείας
886 969 1095 1042 ἐχθρῶν
1140 965 1342 1035 ταύτην
1385 965 1484 1033 τὴν
1529 959 1861 1032 κατηγορίαν

285 1064 609 1134 ὑπέμειναν,
655 1064 721 1133 ἣν
759 1061 855 1116 νῦν
904 1062 1065 1131 ἡμεῖς
1095 1057 1248 1129 παρά
1283 1057 1394 1109 τῶν
1430 1053 1720 1125 βελτίστων
1761 1052 1861 1118 ὐφ-

287 1151 555 1223 ιστάμεθα
595 1152 694 1222 τῆς
756 1149 946 1220 καινῆς
992 1148 1294 1220 προμάχων
1350 1145 1632 1216 αἱρέσεως.
1687 1136 1787 1194 Ὧν
1832 1140 1862 1191 ό

285 1249 557 1317 πάνσοςρος
618 1246 895 1316 Δεσπότης
950 1244 1233 1315 ἐγύμνωσε
1286 1243 1386 1314 τὴν
1434 1239 1707 1294 ἀσέϐειαν.
1759 1240 1861 1291 οὐκ

284 1341 655 1411 ἀνασχόμενος
710 1339 809 1409 τὴν
855 1338 1078 1393 ἀνοσίαν
1119 1338 1333 1407 αἵρεσιν
1375 1337 1441 1405 τῇ
1504 1330 1860 1404 μακροθυμία

284 1430 572 1503 κρατῦναι.
623 1429 873 1493 Πεισθεὶς
905 1429 1088 1483 τοίνυν
1123 1428 1200 1491 ὡς
1257 1426 1557 1498 ὁμοδόξοις,
1601 1423 1859 1486 δέσποτα,

282 1521 515 1592 γράφεις
557 1519 763 1592 (ῥᾴδιον
805 1519 861 1571 δέ
904 1535 985 1572 σοι
1021 1516 1181 1572 τοῦτο
1216 1518 1314 1571 καὶ
1344 1517 1408 1570 ὲκ
1456 1515 1665 1568 πολλῶν
1703 1512 1861 1584 ἡμῶν

284 1612 732 1684 συγγραμμάτων
757 1609 996 1681 μαθεῖν),
1022 1609 1233 1672 ἀντίδος
1256 1608 1324 1661 τά
1341 1607 1664 1677 γράμματα.
1702 1603 1860 1656 Ἔστι

282 1704 389 1773 γὰρ
421 1704 588 1756 ταῦτα
619 1702 800 1765 πάλιν,
848 1702 945 1755 σὺν
980 1700 1100 1770 Θεῷ
1133 1700 1321 1768 φάναι,
1369 1699 1465 1768 τῆς
1514 1698 1735 1765 ἀγάπης
1768 1697 1858 1748 ὲκ-

290 1795 565 1865 καύματα.
599 1793 713 1864 Πρὸ
741 1793 796 1846 δὲ
824 1793 934 1845 τῶν
973 1793 1339 1864 γραμμάτων,
1369 1790 1458 1852 δὸς
1485 1788 1595 1841 τῶν
1627 1803 1861 1858 προσευο

287 1887 396 1955 χῶν
422 1886 520 1954 τὴν
548 1886 818 1956 βοήθειαν,
855 1885 947 1938 καὶ
982 1885 1074 1937 τὸν
1099 1881 1303 1951 ἀγαθὸν
1331 1881 1489 1952 ὴμῶν
1512 1879 1863 1949 ἀντιϐόλησον

287 1977 509 2045 Κύριον,
548 1977 681 2048 πρὸς
715 1978 815 2045 τὴν
846 1976 1059 2046 ἀπλανῆ
1109 1973 1437 2028 κατευθῦναι
1477 1970 1705 2042 πορείαν
1736 1971 1862 2033 τοὺς

283 2066 581 2138 ἡμετέρους
615 2066 799 2130 πόδας,
833 2066 921 2119 ἵνα
953 2067 1092 2137 μετά
1123 2068 1232 2119 τῶν
1283 2063 1448 2118 αὐτοῦ
1469 2064 1650 2135 νόμων
1673 2060 1863 2126 ἐξανύ-

286 2176 468 2229 σωμεν
496 2159 587 2213 τὸν
624 2160 945 2230 λειπόμενον
973 2159 1193 2230 δρόμον.
1219 2158 1400 2228 Ἐχων
1423 2158 1532 2227 γὰρ
1559 2156 1658 2226 τὴν
1681 2156 1746 2208 ὲκ
1766 2155 1862 2225 τῆς

285 2248 534 2318 καθαρᾶς
563 2249 747 2319 βιοτῆς
783 2249 1121 2322 παρρησίαν,
1149 2253 1321 2321 ῥᾷστα
1355 2248 1565 2311 πείσεις
1592 2247 1684 2301 τὸν
1708 2248 1865 2316 εὐερ-

284 2342 462 2406 γετεῖν
489 2341 861 2411 ἐπειγόμενον.

634 2452 809 2507 ΡΜΔ’.
844 2482 915 2491 —
950 2453 1078 2519 Τοῖς
1110 2453 1516 2521 στρατιώταις.

354 2561 468 2614 Μία
501 2562 597 2631 μὲν
631 2560 850 2615 πάντων
878 2561 1181 2633 ἀνθρώπων
1214 2561 1394 2631 φύσις,
1425 2564 1483 2617 αί
1503 2562 1560 2616 δὲ
1584 2562 1693 2615 τῶν
1733 2563 1864 2631 βίων

286 2650 634 2721 προαιρέσεις
657 2649 850 2703 πολλαὶ
879 2652 973 2703 καὶ
992 2650 1260 2720 διάφοροι.
1291 2652 1353 2705 Οί
1397 2650 1496 2720 μὲν
1533 2650 1642 2720 γὰρ
1679 2667 1863 2703 ναυτι-

285 2740 400 2802 κὸν,
437 2740 486 2792 οἱ
512 2738 569 2791 δὲ
601 2740 899 2809 πολεμικὸν
916 2739 1197 2811 αἱροῦνται
1233 2741 1366 2810 βίον·
1390 2741 1485 2794 καὶ
1505 2742 1554 2793 ol
1585 2741 1683 2810 μὲν
1710 2740 1864 2810 ἀθλη-

285 2830 459 2892 τικὸν,
499 2832 548 2882 οἱ
574 2830 634 2884 δὲ
654 2829 979 2901 γεωργικόν·
1012 2832 1105 2884 καὶ
1132 2832 1182 2885 οἱ
1211 2832 1310 2903 μὲν
1339 2832 1520 2901 τήνδε,
1548 2833 1595 2885 oi
1622 2831 1677 2884 δὲ
1708 2831 1865 2901 τήνδε

283 2920 384 2990 τὴν
421 2920 615 2991 τέχνην
638 2920 1095 2993 μεταχειρίζουσι.
1122 2921 1231 2975 Καὶ
1258 2922 1343 2976 ἵνα
1361 2921 1460 2983 τὰς
1491 2921 1656 2983 ἄλλας
1696 2940 1865 2993 παρα-

286 3012 429 3067 λίπω
459 3012 739 3083 διαφορὰς,
765 3012 815 3066 οί
842 3012 941 3082 μέν
972 3014 1079 3066 είσι
1107 3011 1216 3065 τῶν
1247 3010 1549 3082 ἀνθρώπων
1588 3011 1863 3066 σπουδαῖοι

286 3103 381 3153 καὶ
402 3103 660 3171 ἐμμελεῖς
689 3102 818 3173 περὶ
846 3102 915 3155 τά
937 3100 1079 3164 θεῖα,
1098 3101 1316 3156 καὶτῶν
1341 3100 1718 3155 ἀποστολικῶν
1745 3100 1863 3169 δογο
1893 3084 1937 3146 C

290 3195 476 3262 μάτων
528 3194 939 3249 ὲκπαιδεύονται
993 3194 1093 3264 τὴν
1136 3194 1443 3265 ἀκρίϐειανο
1485 3194 1536 3246 oi
1576 3193 1632 3246 δὲ
1668 3195 1866 3262 γαστρὶ

282 3283 612 3351 δουλεύουσι,
650 3286 745 3339 καὶ
784 3284 893 3338 τῶν
930 3284 1173 3356 αίσχρῶν
1197 3283 1401 3356 ἡδονῶν
1441 3283 1541 3354 τὴν
1568 3283 1867 3336 ἀπόλαυσιν

285 3376 584 3447 εὐημερίαν
614 3376 1107 3447 ὑπολαμὸἀνουσιν’
1148 3376 1296 3431 ἄλλοι
1326 3375 1384 3428 δέ
1431 3392 1495 3442 γε
1543 3373 1697 3445 μέσοι
1745 3375 1867 3427 τού-

283 3484 393 3521 των
446 3468 715 3522 κάκείνων
754 3468 887 3532 είσὶ,
918 3467 1013 3521 καὶ
1046 3466 1170 3521 οὔτε
1216 3466 1312 3538 τὴν
1343 3466 1740 3537 ἐπαινουμένην
1772 3466 1866 3536 ζη-

284 3554 435 3608 λοῦσι
467 3555 720 3626 σπουδὴν,
759 3554 883 3609 οὔτε
912 3555 1000 3609 τὸν
1026 3556 1326 3611 ἀκόλαστον
1354 3556 1691 3619 ἀσπάζονται
1726 3555 1865 3625 βίον,

283 3648 383 3715 τὴν
411 3647 466 3700 δὲ
495 3646 774 3717 ἁπλότητα
794 3648 996 3718 τιμῶσι
1018 3648 1116 3718 τῆς
1142 3648 1395 3712 πίστεως.
1447 3647 1716 3719 Ἠγοῦμαι
1750 3650 1864 3702 τοί-

282 3755 377 3794 νυν
408 3739 533 3801 τοὺς
566 3738 976 3808 ὲπισκήψαντας
1002 3740 1193 3810 ἐκείνῳ
1211 3739 1289 3810 τῷ
1317 3740 1481 3810 λόγῳ,
1511 3741 1570 3804 ὃς
1601 3759 1764 3811 φησιν
1792 3738 1867 3795 εἷ-

283 3828 370 3885 ναί
410 3844 533 3885 τινα
582 3828 862 3893 παντελῶς
909 3828 1145 3883 ἀδύνατα
1186 3831 1264 3901 τῷ
1293 3832 1432 3902 Θεῷ,
1463 3833 1525 3885 οὐ
1553 3831 1663 3885 τῶν
1703 3850 1865 3886 σπουο

281 3919 447 3973 δαίων
484 3915 644 3986 εἶναι,
688 3920 783 3974 καὶ
810 3920 879 3976 τὰ
902 3921 1020 3974 θεῖα
1051 3923 1518 3992 πεπαιδευμένων,
1546 3924 1660 3978 ἀλλ’
1686 3924 1718 3996 ἣ
1742 3925 1861 3979 τού-

283 4030 412 4073 των,
458 4012 507 4066 οἳ
550 4013 649 4083 τὴν
688 4012 976 4083 ἀκρίϐειαν
1012 4013 1121 4067 τῶν
1160 4015 1532 4071 ἀποστολικῶν
1577 4017 1864 4089 δογμάτων

284 4104 385 4157 οὐκ
417 4104 616 4167 ἴσασιν,
641 4105 673 4174 ἦ
695 4105 941 4169 ἐκείνων,
972 4106 1022 4160 οἳ
1063 4109 1183 4171 ταῖς
1214 4107 1572 4175 ἡδυπαθείαις
1598 4109 1862 4163 δεδουλω-

282 4196 433 4266 μένοι
468 4197 603 4267 πρὸς
631 4198 756 4260 τοὺς
779 4198 1006 4270 καιροὺς
1036 4198 1484 4269 μεταϐάλλονται,
1517 4201 1614 4254 καὶ
1635 4200 1730 4255 νῦν
1764 4200 1863 4272 μὲν

279 4283 472 4347 ταῦτα,
513 4283 608 4338 νῦν
639 4284 696 4339 δὲ
722 4286 906 4339 ἐκεῖνα
934 4287 1351 4357 πρεσϐεύουσιν.
1397 4290 1613 4361 Ἐπειδὴ
1643 4291 1699 4345 δὲ
1723 4292 1860 4363 γρά-

276 4374 377 4442 ψαι
410 4376 769 4445 περὶτούτων
801 4378 948 4447 ἡμᾶς
983 4379 1244 4449 ᾐτήσατε,
1279 4382 1437 4453 σιγᾷν
1465 4383 1556 4435 ἐπὶ
1593 4382 1685 4435 τοῦ
1721 4400 1861 4454 παρ-

277 4464 428 4527 όντος
456 4465 878 4538 βεϐουλευμένος
905 4467 1117 4539 βραχέα
1143 4472 1317 4525 εἰπεῖν
1347 4473 1746 4543 ἀναγκάζομαι,
1786 4477 1852 4546 τῇ

279 4558 581 4629 Δεσποτικῇ
612 4559 935 4630 πειθόμενος
955 4561 1166 4633 ἐντολῇ⁸
1205 4583 1224 4612 ι
1248 4564 1419 4618 Παντὶ
1453 4564 1583 4634 γὰρ,
1605 4566 1761 4635 φησὶ,
1780 4567 1857 4637 τῷ

276 4646 515 4700 αἰτοῦντί
549 4665 609 4701 σε
633 4649 797 4703 δίδου.
837 4670 856 4702 ι

362 4736 552 4805 Ἡμεῖς
574 4736 752 4791 τοίνυν
786 4740 963 4796 πάντα
998 4745 1097 4815 μὲν
1134 4743 1394 4798 δύνασθαί
1426 4762 1605 4815 φαμεν
1629 4747 1716 4800 τὸν
1735 4748 1854 4800 ’τῶν

275 4826 413 4881 ὅλων
446 4826 599 4881 Θεόν⁵
629 4832 696 4902 τῇ
722 4831 779 4885 δὲ
803 4832 1002 4891 πάντα
1043 4838 1192 4906 φωνῇ
1220 4835 1356 4905 μόνα
1390 4835 1459 4889 τά
1493 4837 1633 4891 καλά
1668 4840 1760 4891 καὶ
1789 4840 1855 4893 τά

278 4920 460 4988 ἀγαθά
488 4924 1124 4996 συμπεριλαμϐάνεσθαι.
1171 4929 1229 4982 '0
1265 4927 1374 4998 γὰρ
1402 4930 1561 4998 φύσει
1600 4933 1760 5001 σοφός
1793 4952 1852 4987 τε

276 5011 371 5066 καὶ
397 5013 604 5081 ἀγαθὸς
627 5016 779 5069 οὐδὲν
804 5018 914 5072 τῶν
935 5021 1198 5084 ἐναντίων
1229 5023 1532 5096 προσίεται,
1561 5025 1697 5078 ἀλλά
1721 5027 1854 5097 μόνα

273 5103 346 5156 τὰ
373 5105 440 5175 τῇ
481 5104 641 5173 φύσει
665 5108 965 5179 πρέποντα.
1001 5113 1064 5165 Εἰ
1087 5113 1144 5166 δέ
1175 5131 1323 5177 τινες
1354 5116 1698 5185 ἀντιλέγουσι
1720 5118 1853 5187 τῷδε

272 5192 352 5263 τῷ
374 5192 541 5264 λόγῳ,
576 5195 765 5269 ἔρεσθε
791 5201 1006 5267 αὐτοὺς,
1035 5206 1082 5257 εί
1103 5205 1326 5277 δύναται
1352 5207 1656 5278 ψεύσασθαι
1686 5212 1714 5262 ὁ
1748 5211 1852 5262 τῶν

274 5282 409 5338 ὅλων
435 5284 568 5349 Θεὸς
602 5287 704 5358 τῆς
746 5289 1002 5360 ἀληθείας
1040 5299 1354 5370 νομοθέτης⁸
1385 5300 1487 5354 κᾶν
1519 5300 1618 5370 μὲν
1651 5302 1853 5355 εἴποιεν

273 5374 496 5430 δυνατὸν
529 5377 608 5447 τῷ
630 5379 747 5450 Θεῷ
770 5383 832 5434 τὸ
854 5381 1065 5451 ψεῦδος,
1089 5387 1163 5449 ὡς
1182 5389 1459 5456 δυσσεϐεῖς
1487 5393 1581 5445 καὶ
1616 5391 1853 5465 βλασφή-

279 5482 411 5535 μους
448 5467 548 5537 τῆς
570 5469 841 5541 ὑμετέρας
872 5477 1182 5546 συμμορίας
1211 5477 1518 5543 ὲξελάσατε.
1545 5483 1608 5537 Εί
1641 5484 1695 5538 δὲ
1724 5486 1849 5537 σύν-

276 5554 453 5611 θοιντο
484 5560 579 5612 καὶ
601 5561 775 5627 αὐτοὶ,
802 5566 875 5634 μὴ
904 5566 1128 5622 δυνατὸν
1154 5563 1290 5623 εἶναι
1316 5573 1469 5625 τοῦτο
1491 5576 1567 5645 τῷ
1590 5577 1695 5631 τῶν
1716 5577 1851 5630 ἔλων

341 5718 390 5751 ’⁷
429 5715 564 5775 Luc.
590 5736 663 5785 vt,
692 5722 779 5776 30.

1959 498 2141 555 clesia:
2157 497 2253 567 qui
2273 497 2391 552 Arii
2412 507 2467 552 et
2483 495 2764 560 Eunomii,
2780 496 2987 565 quique
3002 493 3334 563 Apollinaris
3356 504 3543 568 partes

1961 600 2269 656 sectantur,
2310 589 2664 660 impudenter
2686 588 3040 643 aﬂinxerunt.
3085 586 3165 642 Ac
3207 602 3340 643 vero
3380 587 3544 644 facile

1960 695 2047 742 est
2074 683 2434 755 diligentibus
2464 682 2756 751 pervidere
2788 679 3187 736 celeberrimos
3218 680 3411 735 Patres
3445 694 3546 734 no-

1963 787 2132 842 stros,
2162 776 2373 832 lumina
2404 775 2800 838 Ecclesiarum,
2835 774 2980 828 hanc
3012 773 3188 843 ipsam
3221 788 3251 827 a
3288 771 3546 827 veritatis

1964 871 2220 927 hostibus
2249 869 2693 923 criminationem
2716 882 2908 937 passos
2939 881 3083 929 esse,
3114 880 3279 935 quam
3306 879 3409 919 nos
3438 862 3546 918 hoc

1965 971 2214 1032 tempore
2251 960 2320 1014 ab
2367 958 2596 1029 optimis
2636 972 2794 1012 novae
2835 957 3114 1013 haereseos
3158 954 3547 1010 defensoribus

1964 1055 2323 1109 sustinemus.
2379 1050 2626 1117 Quorum
2694 1049 3035 1119 impietatem
3092 1046 3547 1117 sapientissimus

1963 1147 2233 1203 Dominus
2256 1144 2536 1216 patefecit,
2558 1158 2669 1199 non
2692 1143 3024 1212 permittens
3048 1140 3310 1195 diuturna
3333 1138 3547 1209 patien-

1965 1241 2038 1295 tia
2060 1239 2329 1294 nefariam
2356 1236 2594 1292 haeresin
2622 1233 2995 1289 corroborari.
3019 1233 3219 1289 Ratnm
3248 1231 3415 1301 igitur
3444 1230 3546 1285 ha-

1965 1333 2124 1396 hens,
2150 1329 2394 1395 domine,
2425 1336 2478 1382 te
2513 1327 2583 1382 ad
2608 1326 2734 1381 ﬁdei
2769 1334 3055 1381 consortes
3089 1324 3338 1380 scribere
3377 1322 3546 1394 (quod

1966 1423 2065 1477 tibi
2089 1421 2247 1476 facile
2277 1428 2361 1474 est
2391 1434 2459 1472 ex
2492 1417 2681 1472 multis
2716 1414 3197 1471 lucubrationibus
3228 1413 3434 1468 nostris
3458 1428 3548 1468 co—

1965 1511 2254 1582 gnoscere)
2290 1510 2506 1565 litteras
2532 1508 2698 1563 redde
2725 1525 2738 1561 :
2763 1515 2927 1562 erunt
2955 1506 3103 1560 enim
3134 1506 3221 1559 hae
3250 1520 3464 1568 rursus,
3501 1504 3547 1559 si

1965 1609 2077 1663 Deo
2100 1606 2301 1676 placet,
2326 1604 2393 1658 ad
2417 1601 2744 1658 charitatem
2771 1599 3146 1654 incitamenta.
3170 1598 3310 1651 Ante
3334 1595 3549 1650 litteras

1964 1706 2148 1753 autem
2173 1711 2400 1767 precum
2433 1693 2700 1749 auxilium
2729 1691 2943 1761 1239
2974 1689 3280 1761 impertire,
3307 1688 3546 1751 bonum-

1965 1806 2072 1859 que
2101 1789 2397 1843 Dominum
2436 1795 2688 1841 nostrum
2712 1799 2878 1839 exora
2900 1824 2915 1848 ,
2950 1791 3011 1837 ut
3048 1782 3115 1837 ad
3158 1781 3302 1836 viam
3336 1791 3544 1836 rectam

1966 1882 2137 1954 pedes
2170 1891 2392 1935 nostros
2426 1878 2649 1949 dirigat,
2684 1876 2831 1932 unde
2860 1884 2917 1931 et
2946 1875 3220 1944 reliquum
3262 1873 3436 1943 ipsius
3469 1873 3549 1928 le-

1966 1990 2094 2046 gum
2136 1989 2361 2029 cursum
2400 1985 2748 2042 peragamus.
2790 1969 2926 2023 Nam
2969 1983 3094 2022 cum
3128 1983 3196 2021 ex
3229 1965 3547 2035 integritate

1966 2067 2093 2121 vitae
2121 2064 2381 2120 fiduciam
2414 2062 2649 2132 adeptus
2678 2061 2776 2125 sis,
2797 2060 2849 2114 ei
2870 2059 2966 2129 qui
2992 2058 3062 2114 ad
3085 2055 3545 2114 benefaciendum

1967 2164 2193 2228 paratus
2221 2164 2307 2211 est
2334 2154 2595 2210 facillime
2629 2150 3011 2223 persuadebis.

2407 2458 2636 2513 CXLIV.
2661 2488 2732 2497 -—
2764 2458 2782 2476 ‘
2813 2447 3086 2509 Militibus.

2038 2572 2152 2626 Una
2192 2569 2417 2638 quidem
2451 2569 2698 2622 omnium
2735 2567 3024 2620 hominum
3061 2571 3146 2619 est
3175 2576 3391 2629 natura,
3425 2565 3551 2620 vita:

1966 2671 2148 2718 autem
2182 2661 2436 2716 instituta
2468 2661 2642 2714 multa
2686 2668 2815 2713 sunt
2841 2665 2898 2712 et
2930 2657 3169 2712 diversa.
3208 2656 3312 2709 Alii
3344 2655 3549 2725 quippe

1967 2752 2267 2816 nauticam,
2301 2751 2396 2806 alii
2424 2749 2720 2804 militarem
2752 2749 2920 2802 vitam
2947 2746 3180 2814 eligunt,
3217 2753 3274 2799 et
3308 2745 3544 2815 quihus-

1968 2843 2092 2897 dam
2117 2841 2377 2896 athletica
2398 2840 2598 2909 placet,
2631 2837 2962 2908 quibusdam
2997 2836 3298 2898 rusticana,
3330 2845 3385 2890 ct
3410 2836 3551 2889 hanc

1968 2933 2191 3004 quidem
2234 2932 2351 2997 alii,
2384 2931 2528 2987 hanc
2566 2930 2660 2986 alii
2705 2939 2881 2985 artem
2920 2937 3200 2983 exercent.
3243 2929 3446 2997 Atque,
3488 2937 3550 2981 ut

1969 3033 2201 3081 caeteras
2241 3022 2588 3079 diﬂerentias
2635 3020 3081 3092 praetermittam,
3134 3019 3421 3073 hominum
3455 3017 3546 3072 alii

1969 3125 2098 3172 sunt
2121 3117 2270 3172 circa
2295 3131 2385 3171 res
2403 3115 2621 3171 divinas
2648 3112 2883 3169 studiosi
2906 3120 2962 3167 et
2983 3110 3182 3175 exacti,
3215 3110 3310 3181 qui
3339 3118 3395 3164 et
3421 3126 3552 3180 apo-

1969 3208 2160 3262 stolica
2207 3206 2464 3277 dogmata
2518 3205 2848 3260 condiseunt
2894 3211 3149 3259 accurate
3186 3220 3198 3254 :
3232 3202 3325 3257 alii
3367 3202 3547 3256 ventri

1968 3297 2243 3364 serviunt,
2279 3298 2635 3367 turpiumque
2656 3296 3002 3365 voluptatum
3035 3294 3277 3350 fructum
3312 3294 3548 3350 felicita-

1970 3399 2078 3445 tem
2113 3389 2454 3444 arbitrantur
2480 3405 2493 3439 :
2519 3387 2611 3440 alii
2644 3387 2747 3440 hos
2779 3387 2920 3440 inter
2948 3395 3008 3440 et
3042 3387 3164 3441 illos
3196 3394 3326 3440 sunt
3356 3386 3547 3451 medii,

1968 3482 2061 3552 qui
2089 3496 2194 3536 nec
2224 3479 2489 3534 laudabili
2533 3478 2718 3533 studio
2764 3477 2858 3531 illo
2895 3477 3195 3541 ducuntur,
3232 3493 3335 3531 nec
3359 3478 3550 3531 incon-

1968 3572 2222 3628 tinentim
2246 3580 2376 3627 sunt
2400 3568 2595 3632 dediti,
2622 3568 2718 3623 sed
2745 3566 2871 3622 ﬁdei
2896 3567 3307 3637 simplicitatem
3337 3567 3546 3621 colunt.

1967 3664 2236 3718 Existimo
2275 3678 2405 3733 ergo
2436 3677 2532 3716 eos
2560 3662 2652 3731 qui
2687 3660 2897 3715 dictum
2935 3659 3069 3713 illud
3110 3658 3545 3728 reprehendunt,

1966 3756 2113 3826 quod
2140 3755 2254 3809 Deo
2277 3753 2527 3823 quaedam
2554 3751 2920 3822 impossibilia
2945 3766 3177 3820 prorsus
3206 3764 3326 3803 esse
3355 3749 3453 3815 ait,
3491 3748 3547 3802 in

1967 3846 2341 3902 studiosorum
2383 3843 2695 3915 divinisque
2741 3843 2797 3897 in
2849 3842 3019 3898 rebus
3060 3841 3408 3897 eruditorum
3445 3857 3550 3895 nu-

1965 3956 2119 3995 mero
2160 3954 2268 3993 non
2314 3953 2456 4003 esse,
2514 3938 2609 3993 sed
2654 3952 2849 3991 eorum
2891 3937 3077 4007 potius
3113 3934 3207 4005 qui
3247 3934 3546 4005 apostolica

1964 4035 2219 4105 dogmata
2241 4041 2497 4088 accurate
2526 4046 2636 4085 non
2668 4038 2894 4095 norunt,
2923 4040 3018 4084 aut
3042 4045 3235 4084 eorum
3261 4028 3356 4099 qui
3391 4028 3548 4083 volu-

1963 4116 2229 4194 platibus‘
2267 4122 2413 4192 capti
2471 4136 2597 4177 cum
2646 4130 2893 4190 tempore
2948 4129 3253 4185 mutantur,
3299 4127 3356 4175 et
3397 4134 3549 4174 nunc

1962 4217 2088 4278 ista,
2125 4231 2275 4270 nunc
2308 4216 2416 4269 alia
2457 4214 2807 4284 profitentur.
2840 4211 3109 4279 Quoniam
3142 4221 3327 4267 autem
3360 4212 3429 4267 de
3460 4210 3548 4266 his

1962 4324 1993 4361 a
2025 4323 2111 4362 me
2148 4307 2317 4363 scribi
2345 4306 2687 4377 postulastis,
2719 4306 2824 4362 etsi
2869 4305 3035 4360 silere
3079 4305 3135 4359 in
3160 4320 3401 4375 praesens
3433 4312 3546 4358 sta-

1965 4407 2205 4461 tueram,
2228 4414 2403 4468 pauca
2423 4397 2611 4453 dicere
2636 4398 2959 4468 compellor,
2991 4397 3207 4452 Domini
3231 4396 3544 4465 obsequens

1965 4490 2224 4545 mandato
2259 4508 2272 4544 :
2314 4511 2331 4543 ι
2364 4488 2524 4544 Omni
2555 4489 2763 4560 petenti
2801 4499 2853 4544 te
2887 4489 3069 4544 tribue
3095 4488 3160 4542 ⁷⁷.
3200 4506 3219 4539 ι

2034 4756 2145 4811 Nos
2198 4756 2363 4826 igitur
2412 4755 2597 4811 omnia
2640 4756 2865 4827 quidem
2910 4771 3073 4826 posse
3112 4753 3325 4825 1240
3369 4753 3544 4808 Deum

1963 4848 2345 4903 universorum
2387 4847 2664 4915 dicimus,
2715 4848 2811 4903 sed
2854 4850 3090 4902 omnium
3122 4846 3392 4902 vocabulo
3431 4846 3544 4901 sola

1966 4943 2195 4998 honesta
2223 4952 2280 4998 et
2307 4942 2450 4997 bona
2477 4936 2893 5013 comprehendi.
2925 4942 3028 5009 Qui
3055 4943 3201 4997 enim
3226 4949 3422 4995 natura
3459 4946 3544 4994 est

1964 5034 2185 5104 sapiens
2200 5042 2255 5089 et
2270 5034 2471 5100 bonus,
2504 5035 2910 5090 contrariorum
2932 5034 3144 5088 nullum
3167 5031 3428 5096 admittit,
3447 5030 3542 5086 sed

1963 5139 2027 5178 ea
2075 5132 2284 5179 tantum
2327 5140 2450 5194 quae
2495 5134 2705 5180 natura:
2754 5124 3111 5179 conveniunt.
3155 5122 3311 5190 Quod
3359 5122 3403 5178 si
3446 5122 3542 5193 qui

1963 5224 2128 5269 erunt
2159 5217 2252 5286 qui
2282 5216 2685 5280 contradicant,
2718 5216 3053 5285 interrogate
3082 5215 3204 5269 illos
3227 5231 3295 5268 an
3322 5212 3540 5269 mentiri

1963 5306 2137 5374 pessit
2154 5306 2541 5361 universorum
2562 5307 2729 5371 Deus,
2757 5306 2850 5377 qui
2874 5308 3120 5361 veritatis
3143 5306 3537 5376 estlegislator.

1963 5396 2040 5450 Ac
2060 5397 2104 5451 si
2123 5397 2345 5466 quidem
2366 5396 2588 5453 mentiri
2616 5399 2787 5454 Deum
2813 5414 2974 5469 posse
2996 5398 3260 5461 dixerint,
3280 5408 3538 5467 tanquam

1964 5489 2163 5559 impios
2205 5498 2262 5545 et
2300 5491 2668 5561 blasphemas,
2694 5493 2764 5546 de
2804 5503 2949 5547 coetu
2994 5500 3177 5546 vestro
3226 5489 3537 5546 exturbate.

1963 5583 2056 5636 Sin
2080 5583 2419 5638 asscnserint
2451 5592 2506 5639 et
2539 5582 2664 5652 ipsi,
2692 5583 2797 5638 hoc
2823 5585 2991 5657 Deum
3021 5583 3401 5638 universorum
3429 5597 3538 5635 non
