3962 6204
415 319 423 326 ’
465 297 592 363 1371

1439 289 1927 354 THEODORETI
1965 284 2298 345 EPISCOPI
2337 228 2696 346 CYRENSlS

3565 267 3710 342 1372

461 422 644 478 posse,
672 405 1003 474 interrogate
1035 405 1236 460 iterum
1262 420 1329 458 an
1364 403 1482 456 ﬁeri
1514 402 1686 472 possit
1713 409 1772 454 ut
1799 400 2023 468 injustus

2133 393 2272 463 θεῷ,
2301 395 2460 448 πάλιν
2490 391 2966 464 προσερωτήσατε,
2997 392 3046 444 εί
3084 388 3306 446 δυνατὸν
3334 389 3518 446 ἄδικον
3553 390 3708 459 revi—

393 559 400 574 κ
458 497 530 550 sit
556 499 650 566 qui
682 500 804 549 fons
838 506 922 550 est
953 497 1204 566 justitize.
1234 496 1302 549 Et
1332 496 1376 549 si
1407 495 1513 548 hoc
1542 493 1708 548 etiam
1735 505 2030 546 consense-

394 577 400 594 ’
459 589 572 642 rint
603 603 726 642 esse
753 603 861 640 non
888 602 1049 656 posse
1077 588 1466 642 universorum
1492 587 1684 649 Deum,
1717 583 2032 653 percontari

462 694 656 732 rursus
677 686 915 748 oportet,
941 693 1009 730 an
1034 677 1151 732 ﬁeri
1178 678 1374 747 possit,
1403 687 1464 731 ut
1489 677 1754 746 insipiens
1776 675 1848 729 sit
1869 675 2030 746 abys-

458 785 553 824 sus
578 769 881 840 sapientiae,
912 778 970 822 ut
1004 770 1150 823 Deus
1171 785 1280 822 non
1304 769 1376 823 sit
1402 770 1567 832 Deus,
1592 776 1648 820 et
1670 768 1933 821 Dominus
1959 766 2035 820 si-

460 859 665 914 militer
692 874 802 913 non
827 861 896 912 sit
920 859 1204 923 Dominus,
1230 860 1537 922 et,Creator
1565 876 1674 912 non
1700 859 1954 923 Creator,
1973 868 2030 912 et

460 952 636 1006 bonus
658 967 770 1004 non
799 951 997 1016 bonus,
1026 951 1120 1006 sed
1155 953 1353 1016 malus,
1406 960 1463 1006 et
1488 953 1674 1006 lumen
1700 966 1890 1004 verum
1920 965 2034 1004 non

459 1045 532 1098 sit
577 1043 784 1107 lumen,
821 1044 917 1097 sed
968 1045 1327 1098 contrarium.
1368 1044 1524 1111 Quod
1571 1044 1616 1098 si
1657 1044 1773 1098 haac
1812 1058 2032 1112 quoque

458 1135 665 1199 omnia,
713 1145 770 1189 et
808 1151 928 1204 qua:
963 1135 1051 1189 his
1089 1136 1292 1189 similia
1331 1146 1479 1199 sunt,
1517 1144 1777 1205 pnestare
1811 1135 1984 1188 Deum
2014 1136 2030 1154 '

460 1224 846 1279 universorum
882 1242 990 1279 non
1026 1242 1186 1296 posse
1221 1227 1536 1290 annuerint,
1568 1236 1682 1280 tum
1712 1225 1821 1280 illis
1845 1225 2033 1278 dicen-

458 1320 589 1372 dum
615 1328 700 1374 est
727 1338 739 1372 :
763 1321 928 1374 Multa
953 1336 1084 1390 ergo
1108 1321 1471 1389 impossibilia
1494 1329 1622 1374 sunt
1646 1322 1778 1382 Deo,
1807 1319 1902 1373 sed
1931 1318 2031 1371 im-

460 1409 745 1478 possibilia
781 1411 896 1465 hzec
923 1427 1033 1464 non
1060 1411 1496 1465 imbecillitatem
1523 1420 1781 1480 arguunt,
1808 1410 1901 1466 sed
1931 1424 2030 1479 po-

461 1503 686 1556 tentiam
715 1504 1005 1558 maximam
1029 1503 1434 1558 demonstrant.
1473 1504 1662 1572 Neque
1699 1505 1868 1568 enim,
1905 1518 2031 1557 cum

458 1595 526 1647 de
547 1595 726 1648 anima
743 1605 930 1650 nostra
945 1595 1182 1650 dicimus
1198 1595 1537 1664 impossibile
1559 1611 1678 1650 esse
1698 1595 1844 1648 illam
1866 1595 2030 1658 mori,

459 1683 898 1739 imbecillitatem
923 1687 1044 1755 ejus
1068 1685 1442 1751 enuntiamus,
1478 1685 1574 1740 sed
1603 1686 2030 1740 immortalitatis

458 1776 763 1844 potentiam
795 1777 1179 1846 praedicamus.
1209 1778 1301 1832 Sic
1337 1779 1522 1849 igitur,
1557 1795 1680 1833 cum
1711 1778 2029 1832 immutabi-

459 1866 587 1928 lem,
618 1866 1033 1934 impassibilem,
1065 1867 1429 1922 immortalem
1455 1868 1625 1921 Deum
1651 1883 1772 1921 esse
1799 1865 2028 1921 conﬁte-

457 1970 603 2020 mur,
636 1971 740 2011 nec
774 1959 1156 2023 mutationem,
1179 1975 1281 2013 nec
1302 1960 1632 2028 passionem,
1655 1975 1758 2014 nec
1798 1968 2027 2013 mortem

453 2045 699 2100 tribuere
735 2046 814 2100 illi
861 2056 1071 2101 natura
1119 2063 1432 2117 possumus.
1457 2045 1612 2113 Quod
1652 2048 1698 2102 si
1737 2046 2024 2102 dixerint:

450 2136 805 2206 Qumcunque
845 2139 963 2192 vult
994 2120 1391 2208 potest/Deus,
1437 2139 1736 2194 dicendum
1775 2139 1884 2192 illis
1941 2144 2027 2192 est

453 2224 590 2278 nihil
613 2225 752 2280 velle
777 2225 957 2281 facere
981 2228 1124 2296 quod
1153 2237 1359 2282 naturae
1383 2244 1492 2282 non
1515 2238 1798 2299 congruat.
1823 2229 2026 2282 Natura

450 2323 635 2370 autem
658 2327 742 2371 est
766 2318 963 2383 bonus,
1002 2319 1140 2372 nihil
1167 2319 1373 2390 1241
1413 2336 1544 2391 ergo
1573 2321 1691 2375 vult
1721 2321 1846 2375 mali
1873 2338 1886 2385 ;
1926 2336 2025 2374 na-

451 2418 578 2460 tura
607 2408 918 2477 estjustus,
959 2409 1098 2462 nihil
1128 2425 1258 2477 ergo
1289 2411 1408 2464 vult
1443 2411 1670 2481 injusti;
1711 2419 1904 2464 natura
1941 2417 2026 2464 est

449 2513 640 2563 verax,
679 2499 1030 2553 mendacium
1061 2514 1192 2569 ergo
1219 2502 1468 2569 respuit;
1495 2510 1687 2555 natura
1711 2509 1796 2555 est
1829 2501 2026 2553 immu-

454 2589 659 2652 tabilis,
698 2592 1060 2645 mutationem
1096 2607 1227 2660 ergo
1259 2607 1369 2644 non
1404 2593 1631 2661 recipit;
1667 2603 1722 2646 at
1765 2594 1808 2646 si
1849 2603 2026 2646 mnta-

448 2679 655 2732 tionem
708 2695 817 2732 non
870 2679 1090 2747 recipit,
1139 2693 1356 2746 semper
1399 2681 1455 2732 in
1501 2680 1698 2734 iisdem
1737 2689 1790 2734 et
1830 2681 2022 2733 eodem

450 2769 613 2822 modo
656 2786 714 2823 se
750 2769 936 2825 habet.
974 2771 1087 2827 lloc
1117 2773 1263 2827 enim
1298 2772 1529 2842 ipsemet
1563 2786 1662 2842 per
1696 2773 2021 2842 prophetam

445 2861 528 2916 ait
566 2879 578 2913 :
623 2880 639 2911 ι
669 2861 780 2930 Ego
821 2879 962 2924 sum,
998 2880 1100 2935 ego
1138 2881 1279 2928 sum,
1323 2874 1380 2920 et
1425 2879 1537 2918 non
1585 2872 1770 2918 mutor
1795 2864 1860 2916 τ’.
1897 2883 1914 2914 ›
1957 2863 2026 2917 Ει

448 2950 644 3004 beatus
682 2952 849 3006 David
888 2973 900 3006 :
938 2975 954 3003 ‹
987 2955 1068 3008 Tu
1117 2964 1298 3008 autem
1353 2954 1496 3007 idem
1531 2953 1647 3022 ipse
1684 2969 1763 3015 es,
1805 2963 1860 3006 et
1893 2953 2021 3005 anni

2135 481 2255 534 σθαι
2283 482 2374 535 τὸν
2401 483 2500 552 τὴν
2524 481 2864 552 δικαιοσύνην
2894 481 3228 550 πηγάζοντα.
3261 481 3325 535 Ei
3357 480 3413 534 δὲ
3470 497 3709 550 συνομο-

2131 574 2260 645 λογή
2271 591 2416 628 σαιεν
2436 576 2530 627 και)⁵
2552 574 2707 627 τοῦτο
2728 574 2984 628 ἀδύνατον
3007 570 3242 645 εἶναιτῷ
3267 574 3375 627 τῶν
3400 573 3538 627 ὅλων
3557 573 3705 639 Θεῷ,

2134 667 2399 720 πυθέσθαι
2423 667 2525 737 χρὴ
2553 667 2734 731 πάλιν,
2761 667 2810 718 εί
2841 666 3059 719 δυνατὸν
3088 668 3289 736 ἄσοφον
3317 667 3569 734 γενέσθαι
3605 667 3710 735 τῆς

2134 756 2324 822 σοφίας
2360 756 2457 825 τὴν
2497 755 2750 818 ἄϐυσσον,
2800 756 2892 808 καὶ
2937 757 3030 810 τὸν
3066 757 3198 809 Θεὸν
3245 757 3318 827 μὴ
3364 753 3502 810 εἷναι
3545 758 3707 820 Θεὸν,

2134 849 2229 900 καὶ
2265 848 2356 900 τὸν
2403 848 2602 918 Κύριον
2641 848 2901 911 ὡσαύτως
2942 853 3018 919 μὴ
3051 845 3190 902 εἶναι
3231 850 3450 920 Κύριον,
3484 852 3578 903 καὶ
3614 851 3710 902 τὸν

2133 939 2470 1010 Δημιουργὸν
2492 939 2550 990 ού
2577 942 2935 1010 Δημιουργὸν,
2968 941 3063 992 καὶ
3089 941 3178 993 τὸν
3201 943 3404 1007 ἀγαθὸν
3432 943 3533 993 ούκ
3560 942 3708 1008 ἁταο

2134 1030 2244 1092 θὸν,
2279 1029 2413 1083 ἀλλά
2441 1029 2630 1093 κακὸν,
2659 1031 2750 1081 καὶ
2786 1029 2845 1080 τὸ
2871 1029 3120 1098 ἀληθινὸν
3149 1031 3264 1099 φῶς
3296 1030 3368 1099 μὴ
3398 1026 3533 1082 εἶναι
3561 1031 3706 1098 φῶς,

2133 1121 2268 1176 ἀλλά
2286 1121 2610 1173 τούναντίον.
2643 1122 2702 1172 Εἰ
2727 1119 2784 1172 δὲ
2819 1122 3159 1192 συμφήσαιεν
3185 1119 3357 1174 ταῦτα
3379 1122 3579 1184 πάντα,
3612 1122 3710 1173 καὶ

2131 1212 2202 1265 τά
2233 1213 2442 1273 τούτοις
2479 1211 2800 1280 προσόμοια,
2851 1209 3085 1262 ἀδύνατα
3132 1206 3266 1263 εἶναι
3315 1211 3392 1279 τῷ
3423 1211 3533 1262 τῶν
3567 1211 3709 1263 ὅλων

2132 1303 2271 1372 Θεῷ,
2294 1305 2464 1354 εἰπεῖν
2499 1301 2602 1371 χρὴ
2628 1300 2763 1368 πρὸς
2791 1299 2986 1363 αύτούς
3006 1318 3019 1330 ο
3041 1300 3247 1354 Οὐκοῦν
3271 1302 3436 1354 πολλὰ
3467 1303 3710 1355 ἀδύνατα

2132 1394 2207 1464 τῷ
2242 1392 2378 1461 Θεῷ·
2413 1393 2506 1444 καὶ
2539 1392 2620 1444 ὅτι
2654 1390 2823 1442 ταῦτα
2866 1389 3099 1442 ἀδύνατα
3135 1391 3234 1443 οὐκ
3270 1391 3572 1460 ἀδυναμίας
3615 1393 3710 1459 δη-

2133 1484 2356 1546 λωτικά,
2387 1482 2522 1536 ἀλλά
2568 1482 2849 1551 δυνάμεως
2885 1482 3144 1551 μεγίστης
3196 1483 3523 1552 σημαντικά.
3569 1485 3711 1536 Οζιδὲ

2131 1577 2240 1646 γὰρ
2273 1575 2398 1646 περὶ
2426 1575 2521 1644 τῆς
2551 1574 2726 1643 ψυχῆς
2753 1573 2849 1644 τῆς
2866 1574 3136 1644 ἡμετέρας
3171 1575 3436 1643 λέγοντες,
3471 1575 3546 1637 ὠς
3580 1575 3711 1630 ἀδύ-

2132 1685 2289 1722 νατον
2328 1665 2496 1736 αὐτὴν
2531 1664 2843 1728 ἀποθανεῖν,
2873 1664 3157 1719 ἀσθένειαν
3190 1667 3326 1736 αὐτῇ
3364 1667 3710 1738 κατηγοροῦ-

2134 1778 2255 1830 μεν,
2287 1759 2422 1812 sua
2451 1759 2549 1828 τῆς
2584 1758 2882 1821 ἀθανασίας
2908 1760 3074 1829 αὐτῆς
3111 1760 3170 1812 τὸ
3188 1761 3408 1814 δυνατὸν
3434 1763 3712 1832 κηρύττο-

2133 1869 2253 1921 μεν.
2273 1849 2429 1904 Οὕτω
2452 1850 2630 1902 τοίνυν
2648 1847 3034 1918 ὁμολογοῦντες
3057 1849 3148 1902 τοῦ
3170 1851 3304 1902 Θεοῦ
3334 1850 3395 1903 τὸ
3411 1851 3707 1920 ἄτρεπτον,

2129 1943 2190 1996 τὺ
2224 1942 2451 2005 ἀπαθὲς,
2485 1941 2545 1993 τὸ
2593 1939 2876 2003 ἀθάνατον,
2907 1939 3028 1994 οὔτε
3072 1942 3300 2013 τροπὴν,
3343 1941 3470 1994 οῦτε
3505 1941 3706 2005 πάθος,

2127 2033 2250 2087 οὔτε
2286 2033 2515 2087 θάνατον
2558 2032 2741 2104 ἐκείνῃ
2776 2033 3052 2103 προσάψαι
3089 2037 3153 2104 τῇ
3195 2034 3352 2102 φύσει
3401 2033 3707 2102 δυνάμεθα.

2129 2125 2191 2177 Ei
2220 2125 2276 2178 δὲ
2309 2124 2531 2187 εἴποιεν,
2565 2123 2739 2196 ’Ἀπερ
2760 2125 2825 2178 ἂν
2863 2124 3092 2195 ἐθελήσῃ
3119 2124 3389 2176 δύναταιὸ
3409 2123 3562 2188 Θεὸς,
3597 2125 3708 2194 χρὴ

2127 2216 2264 2286 πρὸς
2298 2216 2494 2277 αὐτοὺς
2525 2217 2718 2278 εἰπεῖν,
2749 2217 2832 2268 ὅτι
2860 2216 3009 2268 οῦδὲν
3042 2215 3285 2284 βούλεται
3316 2217 3486 2268 ποιεῖν
3513 2209 3592 2268 ὧν
3631 2217 3708 2285 μὴ

2127 2306 2392 2374 πέφυκεν·
2437 2307 2645 2374 πέφυκε
2687 2307 2745 2359 δὲ
2778 2307 3002 2375 ἀγαθὸς.
3031 2307 3224 2360 οὐκοῦν
3271 2308 3331 2360 οὐ
3365 2307 3614 2377 βούλεταί
3651 2326 3707 2361 τι

2127 2397 2317 2451 κακόνο
2354 2398 2564 2466 πέφυκε
2602 2398 2829 2461 δίκαιος,
2861 2397 3058 2450 οὐκοῦν
3093 2399 3154 2450 οὐ
3184 2399 3429 2468 βούλεταί
3468 2416 3522 2450 τι
3585 2398 3704 2451 5.5:-

2127 2504 2239 2539 κον’
2271 2488 2512 2555 πέφυκεν
2546 2488 2770 2558 ἀληθὴς,
2801 2488 2996 2540 οὐκοῦν
3025 2489 3084 2542 τὸ
3109 2489 3306 2558 ψεῦδος
3329 2489 3700 2558 βδελύττεται·

2126 2579 2368 2645 πέφυκεν
2410 2580 2696 2648 ἄτρεπτος.
2730 2581 2924 2634 οὐκοῦν
2953 2581 3160 2651 τροπὴν
3207 2581 3267 2633 οὐ
3309 2581 3615 2652 προσίεται·
3653 2587 3704 2635 εἰ

2123 2668 2179 2721 δὲ
2202 2669 2407 2739 τροπὴν
2434 2671 2495 2722 ού
2519 2671 2821 2740 προσίεται,
2849 2673 2934 2725 ἀεὶ
2961 2671 3100 2724 κατὰ
3124 2671 3297 2724 ταυτά
3321 2672 3412 2724 καὶ
3435 2671 3705 2733 ὡσαύτως

2125 2757 2257 2828 ἔχει.
2291 2759 2460 2812 Τοῦτο
2500 2761 2608 2831 γὰρ
2642 2762 2732 2815 καὶ
2757 2763 2919 2824 αὐτὸς
2945 2762 3032 2815 διὰ
3071 2761 3164 2814 τοῦ
3191 2763 3472 2831 Προφήτου
3509 2763 3698 2831 φησίν

2132 2866 2150 2899 t
2191 2849 2332 2916 Ἐγώ
2361 2853 2495 2921 εἰμι,
2533 2851 2642 2919 ἐγώ
2671 2855 2808 2921 είμι,
2834 2855 2928 2905 καὶ
2964 2854 3064 2906 οῦκ
3094 2853 3418 2924 ὴλλοίωμαι.
3453 2871 3472 2903 ι
3517 2854 3626 2906 Καὶ
3671 2856 3703 2905 ὀ

2129 2941 2398 3010 μακάριος
2426 2943 2608 2996 Δαϐίδ·
2649 2962 2667 2991 ι
2694 2944 2765 2995 Σὺ
2799 2944 2855 2996 δὲ
2900 2945 2928 2996 ὀ
2959 2943 3120 3007 αὐτὸς
3153 2939 3225 3010 εί,
3257 2944 3352 2997 καὶ
3381 2943 3447 2996 τά
3475 2943 3566 3012 ἔτη
3607 2960 3700 2996 σου

449 3042 526 3094 tui
553 3059 658 3096 non
683 3043 940 3097 deﬁcient
965 3047 1030 3098 τ’.
1066 3065 1083 3095 ι
1114 3045 1267 3110 Quod
1290 3045 1332 3100 si
1361 3045 1502 3097 idem
1528 3053 1632 3108 cst,
1658 3045 2019 3098 mutationem

2127 3031 2221 3083 οὐκ
2245 3031 2599 3100 ἐκλείψουσιν.
2634 3053 2651 3084 ι
2685 3035 2745 3087 Εἰ
2775 3034 2831 3086 δὲ
2853 3037 2880 3088 ὁ
2912 3036 3072 3098 αὐτός
3100 3038 3235 3100 ἐστι,
3272 3035 3574 3104 μεταϐολὴν
3599 3035 3701 3087 οὐκ

448 3147 556 3185 non
606 3134 846 3202 recepit;
901 3135 946 3188 si
988 3142 1171 3188 autem
1212 3135 1515 3188 mutatione
1559 3143 1615 3190 et
1662 3135 2023 3188 conversione

447 3221 623 3288 major
657 3229 762 3284 est,
809 3238 918 3276 non
958 3232 1044 3277 est
1091 3223 1269 3280 factus
1313 3241 1378 3278 ex
1419 3225 1715 3279 immortali
1751 3225 2021 3287 mortalis,

448 3329 627 3380 neque
660 3328 725 3366 ex
774 3314 1102 3383 impassibili
1152 3317 1450 3385 passibilis.
1489 3317 1603 3372 lloc
1639 3319 1788 3372 enim
1822 3318 1938 3372 ﬁeri
1976 3318 2021 3372 si

447 3403 740 3471 potuisset,
776 3403 1204 3473 haudquaquam
1248 3414 1502 3460 naturam
1529 3416 1771 3461 nostram
1805 3423 2022 3461 assum-

449 3493 669 3563 psisset.
717 3493 990 3560 Quoniam
1026 3504 1210 3549 autem
1243 3497 1606 3551 immortalem
1650 3499 1818 3553 habet
1854 3508 2020 3552 natu~

451 3601 591 3648 ram,
644 3601 849 3655 corpus
880 3587 1179 3656 assumpsit
1206 3588 1354 3658 quod
1394 3589 1505 3658 pati
1541 3598 1776 3659 poterat,
1811 3599 1866 3644 et
1895 3607 2020 3646 cum

443 3687 681 3741 corpore
716 3673 957 3728 animam
1002 3675 1296 3730 humanam
1329 3696 1342 3731 :
1369 3689 1534 3748 atque
1577 3680 1771 3733 horum
1804 3690 2020 3735 utrum-

447 3781 554 3830 que
588 3779 618 3816 a
640 3765 848 3833 peccati
877 3766 1106 3820 maculis
1129 3782 1354 3822 servans
1379 3770 1666 3833 intactum,
1687 3787 1786 3840 pro
1814 3772 2022 3825 anima-

446 3856 552 3908 bus
583 3870 706 3923 quze
740 3866 1033 3925 peccarant
1069 3859 1306 3913 animam
1335 3860 1508 3926 dedit,
1558 3878 1660 3932 pro
1693 3864 2022 3933 corporibus

447 3961 569 4016 quae
596 3958 814 4001 mortua
845 3958 1006 4003 erant
1045 3965 1266 4021 corpus.
1300 3953 1378 4016 Et,
1396 3955 1657 4023 quoniam
1698 3955 1870 4025 ipsius
1898 3957 2022 4010 uni-

446 4038 617 4106 geniti
657 4038 781 4092 Filii
810 4039 904 4107 Dei
933 4055 1137 4110 corpus
1169 4044 1502 4113 appellatum
1535 4053 1620 4100 est
1645 4061 1847 4115 corpus
1871 4048 2019 4117 quod

447 4135 791 4197 assumptum
846 4141 952 4194 est,
998 4134 1249 4202 corporis
1290 4135 1601 4203 passionem
1644 4136 1904 4190 transfert
1950 4139 2018 4192 ad

447 4217 712 4285 seipsum.
741 4217 896 4284 Quod
930 4235 1064 4275 vero
1086 4238 1197 4276 non
1229 4222 1415 4276 divina
1443 4234 1661 4286 natura,
1696 4223 1790 4278 sed
1819 4241 2020 4294 corpus

443 4305 663 4360 aﬂixum
702 4308 772 4361 sit
807 4310 980 4376 cruci,
1014 4321 1183 4366 testes
1218 4321 1348 4366 sunt
1377 4323 1612 4381 quatuor
1647 4315 2014 4383 evangelistae,

2125 3122 2359 3188 ἐδέξατο.
2396 3126 2454 3176 Εἰ
2486 3125 2542 3177 δὲ
2574 3125 2836 3194 κρείττων
2866 3127 3098 3196 ὑπάρχει
3127 3126 3427 3196 μεταϐολῆς
3456 3126 3550 3178 καὶ
3576 3143 3703 3196 τρο-

2126 3213 2251 3281 πῆς,
2284 3213 2344 3266 ού
2376 3213 2599 3280 γέγονεν
2632 3214 2691 3278 ἐξ
2713 3215 2976 3268 ἀθανάτου
3003 3217 3214 3286 θνητὸς,
3242 3217 3361 3269 οὐδὲ
3382 3217 3438 3280 ἐξ
3459 3217 3705 3280 ἀπαθοῦς

2127 3305 2384 3376 παθητός.
2423 3308 2483 3359 Εἰ
2514 3309 2622 3376 γὰρ
2659 3308 2816 3361 τοῦτο
2867 3309 3120 3377 γενέσθαι
3150 3304 3260 3362 οἷόν
3286 3327 3341 3362 τε
3382 3306 3468 3380 ἦν,
3504 3311 3605 3361 οῦκ
3633 3310 3705 3361 ἂν

2123 3398 2222 3466 τὴν
2244 3399 2516 3468 ἡμετέραν
2556 3400 2852 3468 προσέλαΰε
2881 3401 3062 3469 φύσιν.
3105 3403 3322 3472 Ἐπειδὴ
3353 3403 3407 3455 δὲ
3430 3403 3706 3456 ἀθάνατον

2123 3487 2234 3556 ἔχει
2271 3488 2449 3556 φύσιν,
2496 3489 2652 3543 ἔλαϐε
2699 3494 2759 3544 τὸ
2798 3491 2986 3543 παθεῖν
3033 3492 3326 3561 δυνάμενον
3368 3493 3546 3560 σῶμα.
3604 3493 3705 3544 καὶ

2123 3578 2220 3630 σὺν
2247 3577 2326 3646 τῷ
2358 3578 2569 3648 σώματι
2598 3581 2697 3651 τὴν
2725 3583 3068 3653 ἀνθρωπείαν
3106 3583 3305 3653 ψυχήν.
3341 3584 3444 3635 Καὶ
3483 3582 3703 3635 τούτων

2123 3669 2380 3738 ἑκάτερον
2411 3671 2518 3723 τῶν
2550 3672 2649 3740 τῆς
2683 3674 2952 3744 ἁμαρτίας
2980 3675 3213 3743 κηλίδων
3244 3674 3484 3742 φυλάξας
3512 3675 3702 3744 ἀμύη-

2121 3775 2231 3818 τον,
2265 3761 2404 3829 ὑπὲρ
2439 3761 2538 3831 μὲν
2581 3762 2689 3815 τῶν
2717 3764 3109 3833 ἡμαρτηκυιῶν
3149 3765 3336 3833 ψυχῶν
3369 3765 3567 3817 δέδωκε
3599 3765 3702 3833 τὴν

2120 3850 2316 3920 ψυχὴν,
2352 3854 2490 3924 ὑπὲρ
2525 3854 2580 3905 δὲ
2616 3855 2721 3907 τῶν
2749 3857 3086 3925 τεθνηκότων
3117 3858 3384 3925 σωμάτων
3422 3857 3483 3908 τὸ
3514 3856 3694 3924 σῶμα.

2122 3945 2231 3996 Καὶ
2266 3946 2562 4015 ἐπειδήπερ
2591 3946 2753 3999 αὑτοῦ
2785 3946 2878 3998 τοῦ
2913 3948 3227 4017 μονογενοῦς
3261 3948 3394 4000 Υἱοῦ
3435 3947 3526 3999 τοῦ
3561 3948 3696 4001 Θεοῦ

2123 4034 2277 4104 σῶμα
2297 4037 2356 4087 τὸ
2385 4035 2587 4105 ληφθὲν
2613 4037 3024 4107 προσηγορεύθη
3054 4039 3234 4107 σῶμα.
3258 4042 3336 4100 εἰς
3359 4040 3550 4092 ἑαυτὸν
3573 4041 3698 4092 ἀνα·

2121 4124 2276 4196 φέρει
2308 4125 2366 4178 τὸ
2394 4126 2485 4178 τοῦ
2508 4126 2756 4195 σώματος
2791 4127 2982 4189 πάθος.
3015 4128 3137 4179 Ὅτι
3158 4127 3211 4180 δὲ
3242 4129 3342 4197 οὐχ
3373 4130 3404 4198 ἡ
3436 4129 3552 4180 θεία
3595 4127 3698 4196 φύ-

2123 4231 2225 4278 σις,
2257 4215 2392 4268 ἀλλά
2415 4215 2475 4268 τὸ
2507 4216 2666 4286 σῶμα
2687 4216 2766 4287 τῷ
2789 4217 3005 4286 σταυρῷ
3035 4216 3386 4287 προσηλώθη,
3415 4219 3696 4287 μάρτυρες

2119 4307 2167 4358 οί
2197 4307 2460 4376 τέσσαρες
2491 4307 2891 4376 εὐαγγελισταί.
2927 4309 3200 4372 ’Ἅπαντες
3243 4308 3350 4378 γὰρ
3389 4309 3694 4376 συμφώνως

429 4391 539 4467 'qui
567 4413 675 4452 una
699 4414 832 4454 voce
853 4399 958 4454 hoc
974 4400 1196 4463 docent,
1222 4402 1369 4470 quod
1392 4402 1595 4472 Joseph
1623 4404 1691 4457 ab
1712 4403 2017 4459 Arimathia

2127 4395 2279 4448 τοῦτο
2329 4395 2692 4460 διδάσκουσιν,
2742 4399 2817 4460 ὼς
2865 4399 3060 4467 Ἰωσὴφ
3112 4401 3140 4450 ὁ
3191 4399 3297 4450 ἀπὸ
3340 4397 3695 4467 Ἀριμαθείας

398 4527 414 4545 ι
445 4488 674 4542 veniens
703 4489 770 4541 ad
807 4491 1040 4544 Pilatum
1088 4492 1312 4561 petierit
1349 4507 1550 4562 corpus
1584 4493 1736 4558 Jesu,
1776 4504 1832 4549 et
1867 4496 2014 4564 quod

441 4575 564 4644 .ipse
599 4575 918 4644 deposuerit
938 4578 1006 4632 de
1025 4595 1208 4634 .cruce
1241 4595 1442 4650 corpus
1464 4581 1616 4644 Jesu,
1646 4593 1702 4637 et
1731 4584 2016 4639 involvens

446 4667 500 4717 in
531 4666 761 4721 sindone
790 4669 1037 4737 posuerit
1069 4670 1124 4723 in
1156 4687 1299 4726 novo
1327 4688 1429 4725 suo
1453 4674 1793 4728 monimento
1818 4692 2018 4745 corpus

441 4754 594 4811 Jesu.
625 4763 680 4808 et
721 4759 867 4826 quod
910 4759 1076 4813 Maria
1111 4761 1428 4831 Magdalena
1466 4766 1682 4818 venerit
1714 4767 1783 4820 ad
1822 4768 2016 4821 moni-

445 4856 691 4899 mentqu
713 4864 967 4916 quaerens
993 4866 1192 4919 corpus
1215 4853 1364 4916 Jcsu,
1405 4865 1462 4908 et
1492 4872 1598 4910 non
1637 4856 1862 4911 invento
1889 4873 2016 4911 cor-

439 4951 577 5003 pore
602 4937 728 4992 Jcsu
755 4942 1063 4996 cucurrerit
1087 4943 1153 4996 ad
1179 4929 1482 5016 discipulos
1502 4949 1640 5017 ejus,
1665 4957 1720 5002 et
1745 4949 1848 5002 ista
1865 4965 2017 5004 nun-

441 5029 689 5086 ﬂaverit.

515 5225 643 5279 llmc
712 5236 948 5294 quatuor
1011 5229 1223 5300 1242
1285 5231 1636 5302 evangelista:
1711 5250 1815 5288 una
1878 5252 2012 5292 voce

442 5321 732 5370 narrant.‘
758 5317 912 5382 Quod
949 5320 991 5372 si
1022 5320 1306 5389 objiciant,
1341 5323 1437 5390 qui
1474 5324 1881 5387 contradicunt,
1917 5342 2014 5380 an-

443 5403 623 5470 gelum
659 5405 862 5460 dixisse
893 5424 906 5459 :
949 5426 966 5457 ι
1002 5408 1192 5463 Venite
1215 5450 1229 5472 ,
1260 5411 1441 5466 videte
1472 5413 1650 5466 locum
1678 5413 1771 5467 ubi
1804 5414 2013 5482 positus

443 5502 561 5546 erat
599 5496 864 5551 Dominus
887 5498 953 5560 '°,
994 5519 1011 5549 ι
1054 5500 1267 5554 discant
1305 5502 1568 5572 imperiti.
1616 5504 1780 5557 etiam
1811 5504 1878 5557 de
1911 5506 2010 5558 tri-

518 5645 562 5674 "
601 5646 825 5703 Malach.
859 5653 1005 5715 mli.
1085 5655 1126 5683 τῖ’
1165 5655 1302 5710 l’sal.
1335 5673 1403 5713 Cl,
1430 5657 1518 5710 ‘28.

2119 4485 2430 4556 προσελθὼν
2470 4487 2546 4556 τῷ
2578 4488 2790 4558 Πιλάτῳ
2835 4489 3000 4559 ᾔτησε
3045 4490 3104 4541 τὸ
3143 4489 3300 4558 σῶμα
3347 4487 3440 4540 τοῦ
3491 4488 3689 4556 Ἰησοῦ·

2119 4578 2213 4630 καὶ
2271 4578 2353 4630 ὅτι
2408 4572 2562 4640 οὗτος
2599 4579 2708 4632 ἀπὸ
2738 4579 2830 4632 τοῦ
2863 4579 3019 4642 ξύλου
3055 4580 3268 4632 καθεῖλε
3301 4579 3360 4630 τὸ
3395 4579 3555 4647 σῶμα
3596 4576 3691 4630 τοῦ

2131 4666 2327 4735 Ἰησοῦ,
2361 4667 2452 4718 καὶ
2483 4668 2564 4719 ὅτι
2600 4668 2792 4720 σινδόνι
2826 4667 3072 4736 καλύψας
3099 4669 3292 4737 ἔθηκεν
3324 4667 3382 4719 ὲν
3418 4667 3496 4736 τῷ
3519 4667 3693 4736 καινῷ

2118 4758 2284 4812 αὑτοῦ
2311 4757 2559 4828 μνημείῳ
2586 4759 2646 4811 τὸ
2683 4758 2840 4826 σῶμα
2873 4757 2968 4810 τοῦ
3011 4758 3202 4826 Ἰησοῦ⁸
3232 4758 3323 4810 καὶ
3349 4759 3423 4820 ὡς
3470 4759 3524 4809 αἱ
3563 4758 3693 4826 περὶ

2121 4851 2338 4920 Μαρίαν
2364 4852 2459 4920 τὴν
2490 4850 2853 4920 Μαγδαληνὴν
2887 4846 3048 4920 ἦλθον
3078 4851 3155 4911 εἰς
3191 4850 3251 4902 τὸ
3281 4851 3549 4920 μνημεῖον
3595 4851 3693 4915 Cn-

2119 4941 2308 4994 τοῦσαι
2337 4942 2397 4994 τὸ
2418 4943 2575 5011 σῶμα
2600 4941 2692 4994 τοῦ
2717 4941 2912 5011 Ἰησοῦ,
2941 4943 3032 4993 καὶ
3065 4940 3138 5010 μὴ
3163 4940 3412 5010 εὑροῦσαι
3447 4940 3506 4992 τὸ
3527 4939 3692 5006 σῶμα

2116 5033 2210 5084 τοῦ
2254 5031 2434 5100 Ἰησοῦ
2477 5032 2708 5102 ἔδραμον
2754 5031 2889 5103 πρὸς
2917 5034 3042 5094 τοὺς
3083 5032 3327 5102 μαθητὰς
3367 5029 3556 5092 αὐτοῦ,
3596 5031 3691 5082 καὶ

2117 5125 2457 5194 ἀπήγγειλαν
2487 5125 2679 5177 ταῦτα.

2186 5231 2370 5284 Ταῦτα
2391 5234 2439 5284 οί
2461 5233 2723 5304 τέσσαρες
2745 5233 3120 5300 εύαγγελισταὶ
3154 5232 3458 5302 συμφώνως
3485 5231 3689 5302 κηρύτ-

2115 5341 2314 5376 τουσιν.
2342 5325 2402 5376 Εἰ
2427 5324 2480 5376 δέ
2512 5342 2672 5392 φασιν
2696 5325 2745 5376 οἱ
2774 5325 3144 5391 ἀντιλέγοντες
3165 5323 3442 5394 εἰρηκέναι
3472 5321 3565 5374 τὸν
3590 5322 3690 5387 ἆγ-

2113 5412 2285 5480 γελονο
2322 5430 2338 5461 ι
2378 5413 2562 5475 Δεῦτε,
2591 5413 2811 5480 βλέπετε
2835 5413 2926 5465 τὸν
2961 5412 3126 5464 τόπον
3163 5414 3295 5465 ὅπου
3323 5412 3501 5464 ἔκειτο
3528 5414 3556 5462 ὁ
3580 5409 3690 5462 Κύ-

2117 5519 2248 5575 ριος·
2283 5523 2300 5554 ι
2337 5503 2654 5573 μαθέτωσαν
2673 5505 2721 5557 οἱ
2749 5505 3018 5570 ἀσύνετοί,
3044 5503 3120 5567 ὡς
3135 5504 3226 5557 καὶ
3248 5505 3372 5575 περὶ
3397 5503 3490 5556 τοῦ
3505 5509 3690 5556 καλλι-

1597 5658 1641 5688 “
1665 5658 1852 5714 Matth.
1890 5675 2071 5722 xxvm,
2120 5658 2171 5714 6.
