3962 6204
266 290 435 361 1373

1612 300 1976 359 EPlSTOLA
2012 302 2257 363 CXLIV.

3427 299 3557 363 131i

261 409 329 461 νί
341 427 446 463 κου
470 406 743 477 Στεφάνου
776 407 940 478 φησὶν
972 408 1006 480 ὴ
1040 408 1160 462 θεία
1208 408 1419 481 Γραφή·
1463 428 1481 462 ι
1508 410 1856 480 Συνεκόμισαι

1987 412 2294 483 umphante
2328 408 2611 484 Stephano
2653 413 2841 469 dicere
2883 410 3129 467 divinam
3170 407 3511 478 Scripturam
3540 427 3560 468 :

265 499 337 553 δὲ
373 498 468 553 τὸν
496 499 763 569 Στέφανον
804 497 998 572 ἄνδρες
1026 498 1292 564 εὐλαϐεῖς.
1323 517 1342 552 ι
1385 500 1578 553 Καίτοι
1614 500 1676 554 τὸ
1710 500 1869 572 σῶμα

273 592 455 660 μόνον
479 590 685 662 ἠξιώθη
710 592 912 661 ταφῆς,
943 593 976 662 ἠ
1006 591 1063 645 δὲ
1090 592 1236 665 ψυχὴ
1262 592 1322 645 ού
1355 593 1626 665 συνετάφη
1665 593 1743 665 τῷ
1773 593 1871 647 σώ-

273 698 445 749 ματι,
482 679 596 735 ἀλλ’
627 681 781 752 ὅμως
817 680 912 735 τοῦ
947 681 1130 735 κοινοῦ
1165 682 1431 753 ὀνόματος
1478 682 1572 736 καὶ
1623 682 1783 753 μόνον
1808 682 1872 735 τὸ

272 772 452 842 σῶμα
483 770 799 844 μετέλαχεν.
828 772 1013 838 Οὕτως
1041 774 1070 827 ὁ
1098 775 1368 847 μακάριος
1408 764 1604 828 Ἰακὼϐ
1625 777 1738 838 τοῖς
1760 773 1872 828 υἰέ-

272 881 370 916 σιν
393 863 568 934 ἔλεγε·
602 884 620 916 ι
651 864 862 935 Θάψετέ
891 883 957 936 με
987 866 1127 937 μετά
1146 866 1254 921 τῶν
1281 867 1534 937 πατέρων
1564 884 1687 938 μου·
1722 888 1741 920 ι
1777 867 1872 922 καὶ

269 956 384 1007 οὐκ
407 950 550 1008 εἷπε·
581 955 790 1026 esttest
811 976 914 1027 μου
944 958 1005 1010 τὸ
1036 956 1215 1029 σῶμα·
1238 959 1334 1013 καὶ
1359 959 1658 1030 ἐπήγαγεν·
1684 977 1704 1011 ι
1726 959 1877 1012 Ἐκεῖ

270 1046 494 1117 ἔθαψαν
524 1048 777 1121 ’Ᾱϐραάμ
802 1051 897 1104 καὶ
926 1050 1142 1123 Σάρραν
1170 1051 1269 1123 τὴν
1301 1055 1537 1121 γυναῖκα
1562 1054 1746 1107 αὐτοῦ’
1776 1054 1870 1107 καὶ

271 1143 405 1196 ἐκεῖ
430 1141 640 1212 ἔθαψαν
679 1142 884 1207 Ἰσαὰκ,
918 1144 1013 1197 καὶ
1055 1143 1352 1199 Ῥεϐέκκαν
1378 1145 1477 1217 τήν
1510 1149 1747 1215 γυναῖκα
1772 1147 1870 1199 αύο

269 1234 398 1287 τοῦ·
430 1236 525 1289 καὶ
555 1237 672 1289 ἐκεῖ
697 1234 902 1305 ἔθαψαν
936 1235 1033 1306 τὴν
1066 1236 1250 1289 Λείαν’
1290 1256 1308 1288 ι
1345 1237 1436 1291 καὶ
1469 1238 1571 1290 οὐκ
1605 1233 1723 1290 εἷπε
1753 1255 1767 1267 υ
1788 1237 1869 1291 Τά

269 1326 509 1381 ἐκείνων
536 1326 783 1397 σώματα.
832 1329 941 1381 Καὶ
976 1328 1081 1398 μὴν
1123 1327 1191 1381 τά
1225 1329 1466 1399 ὀνόματα
1492 1330 1646 1383 κοινὰ
1679 1329 1867 1401 σωμά-

268 1434 387 1471 των
417 1417 536 1472 ἐστὶ
569 1419 665 1471 καὶ
697 1418 904 1489 ψυχῶν·
937 1418 1051 1471 ἀλλ’
1075 1420 1224 1490 ὅμως
1250 1420 1343 1473 καὶ
1379 1420 1515 1491 μόνα
1541 1420 1608 1474 τὰ
1639 1420 1869 1491 σώματα

268 1511 342 1563 ὲκ
370 1509 480 1562 τῶν
519 1510 715 1564 κοινῶν
752 1510 1032 1581 ὀνομάτων
1071 1508 1348 1566 ἐκάλεσεν.
1382 1511 1539 1565 Οὕτω
1571 1513 1665 1565 καὶ
1707 1513 1867 1583 ἡμεῖς

267 1599 542 1664 πολλάκις
578 1602 707 1664 τοὺς
740 1600 851 1655 τῶν
886 1600 1057 1668 ἀγίων
1095 1600 1410 1653 ἀποστόλων
1443 1600 1869 1670 καὶ·προφητῶν

271 1692 377 1745 καὶ
413 1693 706 1764 μαρτύρων
734 1693 934 1764 σηκοὺς
960 1692 1320 1763 ὀνομάζομεν,
1358 1692 1572 1746 καὶτὸν
1613 1692 1712 1763 μὲν
1748 1695 1869 1747 Διο-

1989 522 2008 555 ι
2037 502 2390 573 Sepelieruut
2422 513 2607 561 autem
2642 504 2985 574 Stephanum
3029 501 3136 556 viri
3163 500 3493 570 religiosi".
3533 521 3553 553 ι

1980 592 2225 650 Tametsi
2248 596 2427 650 solum
2449 611 2651 668 corpus
2673 596 2890 651 tumulo
2904 594 3222 649 mandatum
3246 593 3352 648 sit:
3377 593 3558 647 anima

1976 698 2110 741 vero
2159 687 2389 743 minime
2439 689 2654 758 sepulta
2704 696 2789 742 est
2835 701 2961 742 cum
3011 699 3266 755 corpore,
3316 691 3556 738 attamen

1978 792 2272 834 commune
2324 794 2527 835 nomen
2572 780 2754 835 solum
2802 794 3005 849 corpus
3047 776 3308 832 obtinuit.
3350 775 3559 829 Eodem

1978 868 2147 922 modo
2176 869 2374 923 beatus
2411 868 2582 925 Jacob
2608 867 2739 924 ﬁliis
2768 868 2885 924 suis
2915 868 3060 923 dixit
3087 887 3101 921 :
3139 886 3158 918 ι
3197 865 3440 936 Sepelite
3469 881 3559 921 me

1978 970 2103 1013 cum
2132 960 2383 1029 patribus
2407 961 2548 1016 meis
2567 961 2633 1015 ⁸⁸.
2667 979 2686 1013 ι
2722 961 2791 1016 Ει
2815 975 2926 1015 non
2958 961 3133 1014 dixit:
3168 957 3409 1028 Sepelite
3430 973 3558 1013 eor-

1977 1065 2082 1120 pus
2132 1066 2317 1106 meum
2346 1069 2359 1105 :
2394 1052 2727 1123 adiecitque,
2768 1070 2787 1102 ι
2820 1052 2899 1106 lbi
2934 1052 3277 1122 sepelierunt
3304 1049 3557 1104 Abraha-

1976 1158 2128 1197 mum
2171 1150 2228 1199 et
2272 1142 2462 1199 Saram
2507 1159 2739 1199 uxorem
2786 1146 2907 1215 ejus
2942 1161 2956 1197 :
2986 1152 3043 1198 et
3092 1142 3169 1197 ibi
3219 1141 3561 1220 sepelierunt

1976 1233 2222 1289 lsaacum
2262 1243 2318 1289 et
2350 1236 2657 1291 Rebeccam
2691 1252 2919 1291 uxorem
2954 1236 3074 1307 ejus
3102 1254 3116 1289 :
3147 1243 3203 1290 et
3226 1234 3303 1289 ibi
3324 1233 3560 1303 sepelie-

1978 1333 2110 1380 runt
2151 1326 2306 1380 Liam
2337 1327 2423 1394 ⁸³;
2466 1348 2484 1379 ι
2533 1339 2591 1383 ει
2618 1344 2727 1382 non
2768 1327 2909 1383 dixit
2945 1342 3176 1397 corpora
3218 1326 3458 1379 illorum.
3487 1324 3559 1378 Et

1976 1433 2110 1473 vero
2146 1418 2372 1473 nomina
2409 1421 2724 1475 communia
2758 1429 2888 1474 sunt
2930 1433 3225 1489 corporum
3259 1426 3315 1471 et
3341 1416 3557 1471 anima-

1977 1525 2101 1564 rum
2130 1528 2143 1563 :
2177 1517 2418 1566 attamen
2443 1512 2560 1567 sola
2578 1527 2811 1583 corpora
2827 1510 3218 1566 communibus
3237 1508 3559 1565 nominibus

1976 1603 2297 1674 appellavit.
2333 1602 2425 1658 Sic
2452 1612 2509 1658 et
2538 1618 2641 1658 nos
2659 1617 2905 1673 persazpe
2931 1608 3248 1657 sanctorum
3276 1600 3556 1670 apostolo-

1976 1710 2102 1749 rum
2133 1704 2191 1749 et
2225 1704 2533 1764 martyrum
2574 1695 2775 1764 templa
2802 1708 3208 1764 nuncupamus,
3252 1700 3418 1762 atque
3449 1690 3558 1745 hoc

270 1783 471 1834 νυσίου
496 1783 676 1854 τυχὸν,
706 1783 799 1837 τὸν
834 1780 891 1837 δὲ
920 1780 1229 1847 Ἰουλιανοῦ,
1254 1784 1288 1853 ἢ
1318 1785 1549 1855 Κοσμᾶο
1580 1784 1767 1838 καίτοι
1790 1785 1856 1837 si-

1971 1782 2218 1855 Dionysii
2247 1782 2505 1848 fortasse,
2535 1783 2673 1838 illud
2696 1782 2925 1849 Juliaui,
2948 1784 3035 1838 vel
3055 1781 3268 1837 Cosmae
3294 1780 3554 1843 dicimus,

270 1875 452 1941 δότες,
490 1874 567 1938 ὡς
598 1874 769 1947 μικρά
804 1875 1063 1939 πολλάκις
1100 1873 1327 1945 λείψανα
1358 1875 1626 1946 σωμάτων
1664 1877 1723 1929 ἑν
1745 1876 1868 1930 τού-

270 1982 394 2029 τοις
424 1965 798 2030 κατάκεινται,
840 1965 898 2018 αἱ
935 1965 993 2018 δὲ
1032 1964 1210 2035 ψυχαὶ
1224 1966 1284 2018 ἂν
1314 1964 1615 2034 θειοτέροις
1644 1965 1870 2037 χωρίοις

269 2056 726 2112 διαναπαύονται.
756 2058 879 2113 Κάν
900 2058 968 2127 τῇ
1001 2059 1154 2127 κοινῇ
1177 2056 1239 2110 δὲ
1260 2058 1463 2128 χρήσει
1480 2056 1638 2111 τοῦτο
1665 2057 1727 2110 τὸ
1746 2056 1868 2119 ἔθος

270 2147 423 2201 εστιν
452 2148 652 2219 εὑρεῖν.
698 2149 757 2202 '0
788 2147 932 2202 δεῖνα
960 2149 1088 2219 γὰρ,
1130 2147 1331 2219 φαμὲν,
1366 2148 1625 2215 ἀπέθανε,
1656 2146 1752 2202 καὶ
1801 2151 1859 2203 '0

266 2239 429 2292 δεῖνα
460 2242 521 2293 ἐν
553 2238 691 2310 τῷδε
725 2240 1046 2298 κατάκειται
1087 2239 1201 2311 (ιθ)
1247 2238 1331 2311 τῷ
1354 2240 1524 2312 τόπῳ·
1558 2237 1653 2295 καὶ
1691 2240 1869 2296 ταῦτα,

270 2329 478 2392 εὲδότες
506 2329 583 2392 ὡς
607 2329 873 2393 ἀθάνατος
902 2333 935 2400 ἡ
958 2331 1125 2401 ψυχὴ,
1162 2333 1255 2385 καὶ
1281 2330 1358 2395 ὡς
1401 2334 1462 2387 ού
1498 2336 1745 2387 κοινωνει
1766 2333 1867 2387 τοῦ

265 2419 447 2488 τάφου
473 2418 553 2491 τῷ
578 2420 811 2491 σώματι.
850 2416 1009 2474 Οὕτω
1028 2423 1123 2476 καὶ
1144 2425 1173 2476 ὁ
1201 2424 1433 2490 ἄγγελος
1458 2420 1585 2494 ἔφη·
1618 2443 1635 2476 ι
1670 2424 1858 2489 Δεῦτε,

268 2510 499 2581 βλέπετε
547 2512 639 2566 τὸν
692 2513 855 2566 τόπον
885 2515 1020 2567 ὅπου
1063 2512 1241 2567 εκειτο
1266 2516 1296 2567 ό
1323 2514 1528 2585 Κύριος
1559 2530 1572 2542 ·
1621 2532 1641 2565 ι
1675 2517 1738 2567 ού
1761 2516 1859 2585 τὴν

270 2601 505 2672 θεότητα
539 2602 892 2673 περικλείσας
931 2603 1013 2674 τῷ
1045 2603 1222 2674 τάφῳ,
1253 2604 1392 2661 ἀλλὰ
1434 2602 1531 2659 τοῦ
1555 2602 1763 2677 Κυρίου
1798 2606 1861 2659 τὸ

271 2691 436 2763 σῶμα
472 2692 550 2764 τῷ
572 2694 666 2747 τοῦ
699 2694 905 2763 Κυρίου
931 2694 1382 2765 προσαγορεύσας
1413 2694 1659 2765 ὀνόματι.

343 2784 468 2837 Ὅτι
497 2784 555 2837 δὲ
577 2784 670 2838 καὶ
698 2785 812 2847 τοῖς
836 2784 1011 2851 ἁγίοις
1035 2784 1280 2855 Πατράσι
1305 2783 1475 2838 ταῦτα
1506 2785 1669 2847 δοκεῖ,
1693 2786 1859 2839 ἀκουο

274 2875 528 2930 σάτωσαν
564 2874 889 2929 Ἀθανασίσυ
926 2874 1022 2928 τοῦ
1058 2876 1419 2947 πανευφήμου
1463 2878 1566 2945 τῆς
1610 2877 1857 2945 Ἀλεξαν-

266 2966 456 3035 δρείας
485 2967 945 3038 ἀρχιεπισκόπου,
971 2966 1033 3031 ὃς
1048 2966 1119 3021 δι’
1145 2966 1437 3039 ὁμολογίας
1463 2968 1562 3039 τὴν
1582 2970 1856 3041 ἀρχιερω-

1972 1877 2192 1932 tametsi
2237 1892 2351 1931 non
2376 1876 2696 1947 ignoremus
2729 1876 2959 1946 exiguas
2997 1875 3335 1946 plerumque
3360 1888 3557 1943 corpo-

1971 1982 2099 2021 rum
2122 1966 2390 2037 reliquias
2420 1966 2476 2020 in
2503 1967 2594 2022 bis
2618 1981 2766 2031 esse,
2789 1964 3004 2020 animas
3028 1978 3165 2019 vero
3186 1961 3557 2017 divinioribus

1968 2058 2026 2113 in
2058 2058 2201 2113 locis
2227 2058 2598 2128 requiescere.
2635 2056 2778 2125 Quin
2816 2065 2877 2113 et
2905 2056 2962 2111 iu
3004 2054 3286 2111 communi
3313 2068 3416 2109 usu
3445 2052 3553 2108 hoc

1972 2149 2341 2204 animadverti
2374 2149 2537 2204 solet.
2559 2149 2809 2221 Dicimus
2832 2148 2980 2203 enim
3004 2166 3017 2202 :
3058 2147 3154 2202 Ille
3185 2146 3348 2208 obiit,
3372 2152 3430 2200 et
3455 2145 3554 2200 llle

1967 2239 2025 2296 in
2060 2241 2168 2297 hoc
2188 2241 2314 2296 loco
2334 2241 2476 2296 situs
2497 2247 2604 2305 est,
2635 2239 2742 2295 etsi
2767 2238 3114 2309 exploratum
3141 2236 3410 2291 habemus
3433 2235 3554 2290 anL

1965 2346 2111 2389 mam
2142 2350 2266 2390 esse
2296 2335 2691 2398 immortalem,
2723 2348 2829 2388 nec
2866 2333 3082 2388 tumulo
3109 2331 3359 2401 corporis
3381 2329 3553 2400 parti-

1966 2427 2172 2496 cipare.
2202 2427 2283 2482 Ita
2311 2436 2369 2483 et
2388 2428 2621 2497 angelus
2644 2426 2785 2481 dixit
2810 2443 2825 2478 :
2860 2445 2879 2477 ι
2910 2425 3126 2488 Venite,
3152 2424 3337 2479 videte
3366 2423 3549 2477 locum

1965 2518 2059 2572 ubi
2091 2518 2306 2587 positus
2331 2527 2454 2573 erat
2481 2518 2772 2581 Dominus,
2803 2536 2822 2568 ι
2854 2532 2965 2572 non
2994 2516 3343 2570 divinitatem
3373 2514 3552 2568 inclu-

1962 2607 2102 2662 dens
2126 2608 2361 2673 tumulo,
2387 2608 2484 2664 sed
2508 2608 2729 2665 Domini
2761 2608 2976 2679 1253
2998 2622 3202 2677 corpus
3230 2607 3337 2661 hoc
3361 2605 3549 2675 appel-

1960 2694 2084 2750 lans
2108 2696 2356 2753 nomine.
3095 2767 3120 2777 μ

2030 2785 2186 2853 Quod
2213 2802 2349 2842 vero
2378 2792 2581 2843 sanctis
2612 2802 2833 2857 quoque
2868 2788 3128 2844 Patribus
3173 2787 3288 2842 haec
3327 2786 3399 2840 ita
3427 2786 3547 2841 visa

1959 2876 2091 2943 sint,
2134 2877 2362 2932 audiant
2409 2877 2773 2932 Athanasium
2817 2877 3161 2932 Alexandria:
3215 2875 3542 2931 laudatissi-

1959 2984 2109 3024 mum
2141 2970 2483 3041 episcopum,
2529 2970 2625 3041 qui
2673 2979 2731 3026 et
2767 2967 3149 3040 pontiﬁcatum
3193 2967 3543 3023 confessione

269 3056 438 3128 σύνην
466 3057 738 3127 ἐκόσμησε
757 3096 771 3120 ,
805 3055 1057 3127 βοῶντοςο
1092 3076 1112 3108 ‹
1138 3058 1261 3128 Ζωὴ
1291 3057 1582 3114 ἀποθανεῖν
1607 3060 1673 3112 οὐ
1695 3060 1856 3115 δύνα-

1961 3076 2056 3116 sua
2078 3061 2387 3128 exornavit,
2424 3062 2749 3117 clamantem
2782 3078 2794 3113 :
2830 3079 2847 3110 ι
2877 3059 3000 3114 Vita
3030 3058 3174 3113 mori
3197 3073 3307 3112 non
3335 3063 3541 3127 potest,

266 3166 378 3211 ται,
415 3149 618 3218 μᾶλλον
658 3149 716 3202 δὲ
749 3150 996 3213 καὶτοὺς
1030 3151 1258 3222 νεκροὺς
1289 3150 1563 3213 ζωοποιεῖ.
1598 3171 1616 3202 ι
1652 3154 1845 3207 Ἀκουο

270 3227 515 3294 σάτωσαν
563 3241 658 3294 καὶ
690 3239 784 3294 τοῦ
822 3239 1261 3313 πολυθρυλλήτου
1301 3242 1579 3311 Δαμάσου,
1613 3243 1708 3296 τοῦ
1754 3247 1852 3315 τῆς

278 3329 494 3402 Ῥώμης
524 3332 844 3396 ἐπισκόπου,
884 3329 1139 3401 βοῶντος’
1171 3350 1191 3385 ι
1235 3331 1303 3386 Εἴ
1333 3347 1416 3396 τις
1460 3333 1625 3398 εἴποι,
1670 3335 1751 3387 ὅτι
1794 3338 1856 3388 ἐν

268 3422 346 3493 τῷ
380 3423 601 3496 σταυρῷ
640 3424 800 3477 πόνον
831 3424 1126 3495 ὑπέμεινεν
1170 3429 1205 3495 η
1245 3422 1460 3495 θεότης,
1508 3426 1602 3478 καὶ
1640 3426 1761 3496 οὐχὶ
1790 3427 1852 3480 τὸ

268 3516 425 3586 σῶμα
459 3516 598 3588 μετά
624 3516 724 3587 τῆς
750 3514 950 3586 ψυχῆς,
991 3517 1025 3587 ή
1056 3512 1148 3569 τοῦ
1187 3515 1374 3571 δούλου
1408 3516 1611 3588 μορφὴ,
1650 3516 1721 3589 ῆν
1757 3533 1849 3572 τε-

265 3606 411 3661 λείαν
456 3605 737 3673 ἀνέλαϐεν,
770 3606 1019 3675 ἀνάθεμα
1055 3605 1216 3659 Εστω.
1250 3623 1269 3657 ι
1300 3604 1718 3659 ’Ᾱκουσάτωσαν
1753 3606 1847 3661 καὶ

268 3698 358 3752 τοῦ
390 3699 694 3767 ἀγιωτάτου
724 3697 819 3753 καὶ
849 3698 1151 3753 όσιωτάτου
1180 3700 1281 3770 τῆς
1313 3696 1603 3769 Ῥωμαίων
1625 3698 1847 3754 ἐπισκό-

268 3808 366 3845 που
382 3789 474 3843 τοῦ
504 3790 695 3859 κυρίου
719 3789 970 3855 Λέοντος,
997 3788 1093 3843 νῦν
1120 3788 1482 3862 γεγραφότος·
1516 3809 1537 3843 ι
1564 3790 1685 3843 Ὀτι
1710 3790 1849 3845 ἔπα-

268 3879 356 3932 θεν
387 3880 414 3931 ὁ
435 3878 561 3942 Υἱὸς
584 3878 677 3932 τοῦ
710 3877 868 3944 Θεοῦ,
893 3878 969 3944 ὡς
998 3878 1189 3933 παθεῖν
1214 3877 1467 3951 ἠδύνατο,
1493 3882 1554 3933 ού
1577 3880 1719 3934 κατά
1747 3881 1846 3953 τὴν

266 3970 536 4026 λαϐοῦσαν
567 3972 750 4041 φύσιν,
787 3971 925 4026 ἀλλά
965 3974 1106 4028 κατά
1142 3973 1241 4045 τὴν
1286 3972 1601 4044 ληφθεῖσαν.
1640 3973 1705 4028 Ἦ
1734 3976 1845 4047 γὰρ

267 4060 476 4135 ἀπαθὴς
508 4063 670 4133 φύσις
697 4063 759 4118 τὸ
783 4064 1027 4137 παθητὸν
1044 4065 1202 4119 ἔλαϐε
1226 4065 1406 4137 σῶμα,
1431 4066 1525 4120 καὶ
1547 4063 1676 4121 αὐτὸ
1706 4085 1846 4140 παρ-

268 4154 461 4209 έδωκεν
490 4155 630 4227 ὑπὲρ
656 4154 835 4225 ἡμῶν,
861 4156 947 4208 ἵνα
970 4156 1068 4227 τὴν
1098 4157 1379 4228 ἡμετέραν
1409 4154 1715 4229 ἐργάσηται
1744 4175 1854 4213 σω-

268 4248 478 4319 τηρίαν.
524 4248 620 4301 καὶ
652 4248 753 4317 τὴν
798 4249 1006 4301 οίκείαν
1049 4250 1212 4319 φύσιν
1252 4248 1521 4319 ἐφύλαξεν
1575 4248 1780 4321 ἀπαθῆ.
1817 4269 1835 4301 ι

270 4339 373 4392 Καὶ
401 4339 583 4395 πάλιν⁶
620 4360 639 4392 ι
670 4338 746 4394 Ού
787 4340 896 4411 γὰρ
918 4337 1081 4411 ἦλθεν
1108 4343 1195 4395 ἴνα
1230 4344 1329 4414 τὴν
1361 4344 1568 4397 οἰκείαν
1597 4343 1838 4417 ἀπολέσῃ

1959 3153 2072 3207 imo
2099 3170 2232 3209 vero
2259 3162 2506 3209 mortuos
2534 3153 2799 3208 vivificat.
2824 3170 2843 3203 ι
2890 3150 3134 3206 Audiant
3163 3158 3219 3205 et
3241 3148 3541 3205 celeberri-

1957 3259 2107 3298 mum
2137 3245 2428 3299 Damasum
2466 3246 2785 3314 episcopum
2822 3245 3007 3299 Romae
3041 3244 3402 3299 clamantem:
3430 3261 3449 3293 ι
3480 3242 3541 3298 Si

1955 3337 2082 3407 quis
2124 3337 2354 3402 dixerit,
2414 3336 2562 3406 quod
2606 3337 2661 3391 in
2713 3351 2877 3391 cruce
2937 3351 3156 3405 poenam
3212 3334 3543 3390 sustinuerit

1954 3427 2245 3493 divinitas,
2269 3437 2327 3484 et
2357 3442 2467 3482 nou
2509 3443 2711 3497 corpus
2744 3441 2869 3481 cum
2905 3425 3109 3488 anima,
3136 3439 3259 3493 quae
3278 3434 3363 3479 est
3390 3425 3538 3479 servi

1952 3519 2149 3587 forma,
2170 3535 2334 3591 quam
2356 3518 2659 3591 perfectam
2681 3517 3001 3586 assumpsit,
3027 3515 3317 3570 anathema
3346 3515 3531 3569 βίω.»

1951 3609 2195 3665 Audiaut
2253 3618 2312 3666 et
2363 3609 2777 3665 sanctissimum
2810 3620 2875 3661 ac
2924 3603 3397 3677 religiosissimum
3427 3604 3537 3658 Ro-

1951 3715 2240 3757 manorum
2265 3702 2609 3772 episcopum,
2643 3698 2927 3753 dominum
2952 3697 3213 3759 Leonem,
3232 3707 3383 3748 nunc
3398 3693 3538 3748 scri-

1951 3793 2175 3848 bentem
2204 3807 2219 3845 :
2253 3810 2274 3843 ι
2307 3791 2465 3859 Quod
2510 3804 2708 3862 passus
2754 3789 2828 3844 sit
2881 3789 2979 3843 Dei
3008 3786 3202 3850 Filius,
3234 3784 3380 3839 sicut
3419 3783 3530 3853 pati

1951 3889 2192 3954 poterat,
2212 3898 2321 3938 non
2342 3882 2649 3938 secundum
2673 3889 2928 3937 naturam
2950 3894 3073 3950 qua:
3094 3875 3413 3949 assumpsit,
3433 3872 3531 3930 sed

1951 3975 2256 4030 secundum
2273 3990 2393 4031 eam
2417 3990 2541 4045 quae
2555 3982 2832 4043 assumpta
2860 3980 2964 4027 est.
2994 3968 3355 4040 lmpassibilis
3380 3967 3531 4023 enim

1951 4074 2148 4124 natura
2167 4068 2423 4139 passibile
2455 4082 2657 4139 corpus
2680 4065 2997 4136 assumpsit,
3021 4073 3078 4120 et
3098 4062 3329 4118 tradidit
3350 4061 3529 4131 ipsum

1952 4175 2055 4233 pro
2082 4161 2261 4227 nobis,
2297 4167 2357 4215 ut
2388 4168 2633 4216 nostram
2666 4166 2993 4231 operaretur
3014 4156 3269 4220 salutem,
3311 4162 3368 4209 et
3402 4168 3531 4223 pro-

1948 4253 2126 4324 priam
2154 4262 2408 4309 naturam
2430 4255 2447 4273 '
2469 4250 2694 4307 illmam
2717 4249 3018 4306 custodivit
3040 4250 3112 4301 ⁸⁵.
3147 4267 3165 4299 ι
3196 4248 3265 4302 Ει
3287 4246 3488 4301 iterum
3511 4260 3526 4297 ;

1956 4364 1977 4397 ι
2011 4346 2131 4401 Non
2169 4345 2317 4400 enim
2347 4345 2501 4400 venit
2542 4353 2601 4399 ut
2642 4341 2919 4414 propriam
2942 4340 3221 4400 amitteret
3247 4346 3522 4398 naturam,

270 4426 442 4496 φύσιν,
469 4429 581 4482 ἀλλ’
618 4429 706 4483 ἵνα
737 4430 838 4502 τὴν
864 4431 1139 4503 ἡμετέραν
1161 4428 1331 4505 σώσῃ.
1363 4453 1381 4486 ι
1419 4433 1480 4488 El
1508 4433 1686 4489 τοίνυν
1709 4448 1843 4488 κατ-

1961 4436 2042 4492 ted
2077 4446 2139 4492 ut
2184 4446 2431 4491 nostram
2473 4443 2721 4490 servaret
2742 4435 2809 4487 ⁸³⁸.
2848 4452 2866 4485 ι
2896 4429 3269 4499 Quamobrem
3322 4428 3369 4482 si
3421 4442 3524 4482 nos

265 4520 548 4594 ηγοροῦσιν
580 4522 737 4594 ἡμῶν
770 4523 1093 4595 εἰρηκότων,
1134 4525 1215 4577 ὅτι
1267 4526 1367 4578 ὅσα
1402 4526 1648 4596 βούλεται
1684 4527 1842 4581 δύνα-

270 4630 350 4667 ται
382 4616 410 4668 ό
442 4612 595 4681 Θεὸς,
638 4614 888 4685 βούλεται
918 4616 975 4669 δὲ
1018 4616 1087 4671 τὰ
1113 4620 1179 4689 τῇ
1208 4615 1372 4671 αὐτοῦ
1413 4617 1571 4687 φύσει
1601 4618 1840 4688 πρέπον-

267 4723 348 4769 τα,
374 4705 444 4758 τά
479 4705 536 4758 δὲ
575 4705 650 4777 μὴ
684 4707 963 4775 πρέποντα
999 4707 1123 4761 οὔτε
1148 4708 1417 4779 βούλεται.
1453 4710 1576 4763 οὔτε
1595 4710 1836 4766 δύναται·

268 4794 735 4867 κατηγορείτωσαν
761 4798 856 4850 καὶ
876 4797 1041 4851 τῶνδε
1066 4796 1175 4851 τῶν
1200 4798 1393 4867 ἁγίων,
1423 4800 1515 4853 καὶ
1538 4799 1645 4852 τῶν
1665 4800 1840 4855 ἄλλων

270 4883 534 4949 ἁπάντων,
561 4886 675 4940 ὅσοι
720 4886 895 4940 ταῦτα
927 4889 1311 4961 πρεσϐεύουσι.
1342 4891 1837 4961 Κατηγορείτωσαν

268 4975 464 5029 καὶτοῦ
502 4976 825 5032 ’Δποστόλου
855 4979 1111 5051 βοῶντοςο
1152 5000 1171 5030 ι
1208 4982 1324 5034 ’Ὶνα
1352 4980 1439 5035 διά
1466 4982 1559 5035 δύο
1578 4983 1838 5052 πραγμά-

267 5083 364 5120 των
399 5068 771 5138 ἀμεταθέτων,
830 5072 889 5125 ὲν
936 5066 1020 5136 οἷς
1070 5072 1334 5127 ἀδύνατον
1394 5073 1695 5142 ψεύσασθαι
1745 5074 1837 5127 τὸν

268 5157 408 5214 Θεόν.
448 5181 469 5212 ι
501 5161 612 5214 Καὶ
647 5161 829 5216 πάλιν·
864 5182 881 5213 ι
912 5164 974 5216 Εἰ
1005 5165 1361 5236 ἀπιστοῦμεν,
1386 5167 1594 5229 ἐκεῖνος
1646 5165 1837 5229 πιστὸς

271 5250 431 5323 μένει,
472 5251 814 5323 ἀρνήσασθαι
844 5254 1033 5308 ἑαυτὸν
1062 5257 1121 5308 οὐ
1152 5255 1397 5310 δύναται.
1434 5277 1453 5307 ι

331 5423 368 5457 ⁸⁸
404 5425 528 5480 Act.
558 5442 672 5488 vm,
705 5427 761 5481 2.
836 5428 881 5459 ⁸⁸
916 5426 1052 5483 Gen.
1083 5444 1226 5493 xux,
1255 5428 1345 5484 29.
1421 5430 1468 5462 ⁸⁸
1508 5430 1641 5484 ibid.
1674 5429 1761 5493 50,
1793 5429 1881 5483 3i.

1938 4536 2199 4582 accusant
2241 4526 2388 4597 quod
2427 4525 2759 4589 dixerimus,
2796 4522 2967 4579 Deum
3000 4537 3159 4593 posse
3185 4521 3369 4575 omnia
3403 4532 3523 4587 quae

1939 4619 2078 4684 vult,
2114 4620 2258 4675 velle
2306 4627 2490 4672 autem
2522 4634 2644 4689 quae
2687 4619 2861 4688 ipsius
2916 4626 3126 4671 natura:
3165 4610 3520 4673 conveniunt,

1940 4726 2062 4781 quae
2086 4724 2221 4765 vero
2267 4723 2377 4763 non
2417 4710 2775 4773 conveniunt,
2825 4723 2890 4764 ea
2936 4719 3116 4776 neque
3151 4703 3293 4758 velle
3341 4715 3522 4769 neque

1938 4815 2122 4871 posse,
2175 4805 2436 4854 accusent
2478 4798 2645 4851 etiam
2674 4798 2776 4852 hos
2818 4798 3029 4861 Patres,
3060 4802 3118 4849 et
3147 4793 3285 4847 alios
3329 4804 3523 4844 omnes

1938 4890 2032 4961 qui
2085 4889 2278 4945 eadem
2326 4888 2615 4943 aﬂirmant.
2651 4889 2925 4943 Accusent
2968 4896 3024 4941 et
3051 4883 3370 4955 Apostolum
3404 4880 3519 4935 cla-

1938 4990 2178 5037 mantem
2207 4999 2220 5034 :
2254 5000 2271 5031 ι
2297 4980 2366 5037 Ut
2394 4996 2492 5051 per
2529 4980 2668 5035 duas
2706 4994 2796 5033 res
2840 4975 3171 5038 immobiles,
3221 4973 3274 5027 in
3316 4970 3522 5041 quibus

1938 5072 2275 5143 impossibile
2308 5081 2394 5127 est
2430 5072 2654 5127 mentiri
2687 5072 2861 5126 Deum
2887 5070 2956 5123 ⁸⁷.
2989 5088 3008 5121 ι
3043 5069 3111 5122 Ει
3149 5066 3389 5121 iterum:
3419 5082 3437 5114 ι
3459 5060 3518 5117 Si

1936 5178 2047 5219 non
2083 5162 2384 5227 credimus,
2433 5162 2526 5217 ille
2580 5161 2758 5218 ﬁdelis
2803 5168 3110 5232 permanet,
3170 5168 3377 5227 negare
3430 5166 3521 5209 se-

1937 5258 2115 5326 ipsum
2145 5271 2255 5309 non
2289 5264 2470 5324 potest
2491 5255 2558 5307 “3.
2598 5272 2617 5304 ι

1958 5430 2004 5459 ⁸⁸
2027 5426 2268 5492 Damas.,
2302 5428 2472 5498 Epist.
2506 5427 2575 5480 ad
2596 5424 2907 5480 Paulinum.
2984 5423 3030 5454 ⁸⁸
3055 5422 3211 5483 Leo.,
3241 5420 3417 5491 Epist.
3442 5418 3518 5476 ad

267 5485 592 5551 numnum.
662 5485 718 5529 ὀ·
757 5496 892 5551 ibid.
970 5498 1015 5529 ιτ
1056 5485 1448 5561 neminis.
1525 5498 1571 5532 οι
1606 5501 1649 5554 ιι
1681 5485 1824 5553 Tim.
1856 5515 1914 5562 ιι,
1950 5499 2036 5552 is.

320 5646 439 5725 ,(10)
472 5649 733 5725 κατεθέτῃ
759 5650 947 5721 (scrib.
982 5652 1269 5725 κατετέθη)
1300 5652 1467 5722 Neap.
1497 5654 1725 5723 Vulgata
1756 5654 1833 5708 Ic-

1944 5653 2218 5717 Mattltmo,
2252 5654 2493 5724 itemque
2546 5653 2790 5723 epistola:
2815 5652 2934 5724 150.
2970 5653 3126 5721 cujus
3176 5663 3299 5706 cum
3340 5626 3512 5705 altera

275 5718 364 5774 otio
415 5718 587 5790 magis
628 5718 990 5778 consentanea
1031 5732 1112 5778 cst
1158 5718 1244 5780 iis
1277 5718 1739 5793 qum-sequuntur
1795 5739 1823 5777 ε
1935 5733 2087 5793 parte
2123 5725 2236 5779 fere
2277 5722 2343 5778 ad
2373 5718 2599 5780 verbum
2626 5722 2897 5779 consentit
2928 5718 3135 5777 nostra.
