3962 6204
462 309 599 374 1375

1439 310 1923 370 THEODOBETI
1961 311 2298 370 EPISCOPI
2338 308 2696 370 CYRENSIS

3567 301 3710 368 l3‘76

532 419 656 474 Haec
685 418 798 472 illis
821 419 1043 473 recitate
1076 418 1170 488 qui
1202 419 1588 474 contradicunt
1612 439 1625 474 :
1653 433 1709 476 et
1731 423 1777 476 si
1806 422 2028 491 quidem

2203 421 2386 474 Ταῦτα
2417 424 2527 483 τοῖς
2553 419 2918 487 ἀντιλέγουσιν
2949 417 3434 486 ὑπανάγνωτεοκαὶ
3504 419 3553 469 εί
3609 419 3718 486 μεν

463 523 784 576 persuasum
817 510 900 562 eis
946 509 1132 573 fuerit,
1179 509 1386 563 bonum
1444 510 1733 565 Dominum
1791 512 2030 576 laudate,

464 599 609 666 quod
635 608 817 653 vestra
851 598 1064 669 12M
1096 599 1378 668 diligentia
1415 602 1706 656 utilitatem
1735 603 1899 657 etiam
1926 603 2036 657 illis

465 689 581 755 ipse
611 685 927 740 contulerit.
956 686 1051 739 Sin
1076 690 1480 755 permanserint
1507 690 1796 754 increduli,
1824 691 2032 744 nullam

461 793 586 830 cum
615 776 696 830 eis
727 776 794 829 de
825 776 1172 845 dogmatibus
1213 779 1346 831 inite
1392 779 1819 848 disputationem
1849 788 2034 834 :vctat

459 868 606 920 enim
649 867 871 921 divinus
927 867 1259 936 Apostolus:
1295 890 1310 920 ‹
1341 868 1686 925 Contendere
1737 872 1920 926 verbis
1965 873 2031 926 ad

461 959 598 1012 nihil
656 959 788 1011 utile
839 965 925 1012 est
975 958 1043 1011 ad
1085 959 1500 1014 subversionem
1550 962 1890 1016 audientium
1909 963 1976 1016 ⁸³.
2007 984 2024 1014 ι

466 1048 571 1101 Vos
600 1064 729 1102 vero
766 1050 1140 1118 evangelieam
1166 1049 1472 1104 doctrinam
1509 1051 1822 1105 inviolatam
1851 1062 2034 1106 custo-

463 1144 596 1206 dite,
642 1151 700 1194 ut
753 1140 810 1193 in
864 1139 953 1192 die
1000 1140 1288 1204 adventus,
1343 1158 1468 1194 cum
1517 1142 1672 1196 lucro
1707 1145 2032 1213 congruenti

462 1232 772 1300 depositum
825 1231 975 1300 justo
1033 1230 1205 1299 judici
1272 1229 1587 1295 reddentes,
1637 1234 2031 1301 Optatissimam

461 1338 652 1376 vocem
683 1319 920 1374 audiatis
952 1337 963 1371 :
1003 1339 1019 1368 ι
1043 1320 1212 1390 Euge,
1243 1336 1400 1373 serve
1427 1321 1567 1375 bone
1595 1331 1649 1374 et
1677 1322 1852 1378 ﬁdelis
1873 1343 1884 1376 :
1905 1326 2032 1393 quia

465 1415 519 1466 in
554 1426 727 1480 pauca
759 1409 908 1464 l'u-isti
945 1408 1140 1473 ﬁdelis,
1177 1426 1340 1478 super
1370 1409 1536 1463 multa
1575 1418 1625 1462 te
1656 1413 1981 1466 constituam
2017 1432 2032 1465 ι

464 1502 608 1557 intra
635 1501 689 1555 in
726 1500 983 1570 gaudium
1009 1501 1224 1555 Domini
1260 1501 1335 1554 tui
1356 1503 1423 1554 9°.
1449 1520 1467 1551 ι

609 1736 815 1792 CXLV.
849 1767 918 1776 ——
952 1738 1221 1792 Monachis
1255 1739 1875 1810 Conslantnwpolitanis.

526 1827 631 1894 Qui
684 1828 948 1882 adversus
977 1829 1148 1882 Deum
1179 1839 1235 1883 et
1281 1830 1618 1885 Salvatorem
1660 1841 1907 1886 nostrum
1931 1833 2036 1886 lin-

461 1935 593 1988 guas
651 1929 955 1985 armarunt,
1010 1924 1138 1976 novi
1193 1932 1249 1977 et
1308 1924 1545 1978 mirandi
1603 1925 1741 1979 nihil
1803 1925 2030 1990 faciunt,

459 2010 605 2078 quod
641 2010 937 2065 benevolos
973 2014 1137 2066 etiam
1172 2015 1293 2084 ejus
1340 2031 1529 2069 servos
1560 2016 1864 2070 mendaciis
1905 2031 2036 2070 con-

461 2102 644 2170 ligant.
699 2102 996 2156 Dominica:
1043 2103 1191 2156 enim
1253 2107 1598 2160 contumeliae
1643 2107 1895 2172 famulos,
1939 2107 2034 2176 qui

461 2192 608 2245 illius
634 2207 798 2245 causa
822 2193 1180 2248 vehementer
1209 2194 1416 2260 dolent,
1458 2195 1754 2265 participes
1783 2195 1900 2250 ﬁeri
1940 2211 2038 2250 ne-

459 2295 611 2336 erase
637 2275 739 2334 est.
769 2280 884 2335 Hoc
904 2297 1035 2336 vero
1058 2283 1324 2337 Dominus
1360 2285 1525 2339 etiam
1552 2285 1666 2353 ipse
1705 2286 2036 2354 praenuntia-

459 2371 557 2435 vit,
593 2385 779 2426 sacros
828 2371 1132 2441 discipulos
1180 2389 1311 2427 suos
1353 2376 1644 2429 consolans
1687 2375 1776 2430 his
1808 2376 2031 2430 verbis:

467 2481 484 2510 ι
519 2460 573 2514 Si
611 2478 696 2516 me
746 2465 1021 2531 persecuti
1071 2474 1220 2529 sunt,
1251 2475 1307 2518 et
1361 2483 1458 2520 vos
1507 2475 1908 2536 persequentur
1939 2485 1951 2520 :
1988 2469 2032 2521 si

459 2553 750 2607 Dominum
798 2555 1032 2609 familias
1081 2556 1391 2610 Beelzebub
1441 2569 1798 2620 vocaverunt,
1828 2568 2034 2627 quanto

459 2643 631 2710 magis
664 2644 996 2698 domesticos
1024 2647 1223 2714 ejus".
1257 2667 1273 2697 ι
1311 2648 1518 2702 Deinde
1544 2649 1884 2701 conﬁrmavit
1915 2664 2030 2713 eos,

459 2731 756 2786 ostendens
801 2734 1131 2788 calumniam
1177 2735 1334 2788 facile
1385 2736 1746 2804 deprehendi,
1801 2737 2034 2808 subjecit

458 2821 606 2875 enim
640 2841 652 2876 :
693 2843 710 2873 ι
752 2823 830 2878 Ne
867 2839 999 2895 ergo
1059 2825 1360 2880 timueritis
1409 2841 1504 2880 eos
1540 2844 1552 2878 :
1587 2827 1724 2880 nihil
1759 2827 1905 2882 enim
1952 2836 2036 2881 est

458 2923 709 2982 opertum
757 2919 904 2986 quod
965 2935 1076 2972 non
1119 2918 1451 2973 revelabitur
1485 2927 1541 2973 et
1578 2919 1854 2973 occultum
1888 2919 2032 2987 quod

461 3019 570 3058 non
627 3007 832 3061 scietur
857 3009 923 3061 ".
971 3029 988 3060 ›
1044 3010 1250 3062 Divinae
1297 3015 1478 3062 autem
1526 3009 1898 3077 prazdietionis
1939 3025 2035 3062 ve-

2135 513 2424 574 πεισθεῖεν,
2461 514 2735 581 ὑμνήσατε
2770 510 2860 563 τὸν
2889 509 3092 578 ἀγαθὸν
3115 509 3340 576 Κύριον,
3373 509 3455 562 ὅτι
3489 506 3580 560 διά
3612 507 3720 576 τῆς

2136 605 2404 674 ὑμετέρας
2436 603 2668 670 σπουδῆς
2701 601 2974 663 κάκείνοις
2991 601 3090 670 τὴν
3115 600 3378 668 ὠφέλειαν
3410 598 3720 668 προύξένη-

2136 710 2245 746 σεν.
2274 693 2335 745 ΕΞ
2367 693 2423 745 δὲ
2465 693 2771 761 ὲπιμένοιεν
2820 690 3210 753 ἀπειθοῦντες,
3252 690 3524 759 μηδεμίαν
3576 687 3719 750 πρὸς

2135 785 2330 847 αὐτοὺς
2353 785 2480 853 περὶ
2498 784 2782 853 δογμάτων
2805 782 3042 835 ποιεῖσθε
3063 781 3314 844 διάλεξιν.
3349 780 3722 851 Ἀπαγορεὺει

2134 874 2243 944 γὰρ
2272 877 2298 927 ὁ
2331 875 2472 936 θεῖος
2498 873 2833 935 Ἀπόστολος,
2877 891 2895 921 ι
2929 872 3252 942 λογομαχεῖν
3293 873 3372 933 είς
3391 871 3543 923 οὐδὲν
3577 873 3721 940 χρήο

2136 984 2294 1037 σιμον
2333 966 2426 1019 ἐπὶ
2463 966 2814 1033 καταστροφῇ
2848 962 2956 1014 τῶν
2991 963 3315 1015 ἀκουόντων.
3361 981 3378 1013 ι
3425 961 3614 1030 Ὑμεῖς
3655 961 3720 1012 δὲ

2133 1060 2232 1129 τὴν
2284 1055 2644 1125 εὐαγγελικὴν
2688 1055 3036 1108 διδασκαλίαν
3077 1054 3271 1107 ἄσυλον
3317 1054 3721 1121 διατηρήσατε,

2135 1151 2221 1201 ἵνα
2264 1151 2319 1200 ἐν
2365 1151 2431 1217 τῇ
2466 1147 2564 1214 τῆς
2595 1146 2915 1210 ἐπιφανείας
2961 1144 3166 1215 ἡμέρα,
3208 1145 3344 1214 μετά
3388 1143 3488 1211 τῆς
3541 1160 3723 1212 προσ-

2135 1240 2372 1308 ηκούσης
2425 1237 2688 1307 ἐργασίας
2737 1236 2834 1304 τὴν
2876 1236 3344 1305 παρακαταθήκην
3397 1234 3476 1303 τῷ
3517 1235 3722 1302 δικαίῳ

2138 1329 2595 1399 προσενεγκόντες
2636 1329 2832 1396 Κριτῇ,
2874 1326 2970 1393 τῆς
3014 1324 3338 1394 τριποθήτου
3385 1325 3572 1392 φωνῆς
3621 1327 3726 1376 έπ-

2135 1421 2424 1488 ακούσητε·
2459 1440 2476 1470 ι
2501 1415 2595 1481 Εὖ,
2625 1417 2776 1469 δοῦλε
2803 1418 2972 1484 ἀγαθὲ
3005 1418 3094 1470 καὶ
3126 1416 3282 1468 πιστέ
3301 1431 3312 1445 ⁸
3342 1417 3431 1468 ἐπὶ
3460 1415 3626 1482 ὀλίγα
3652 1410 3725 1482 ἧς

2139 1512 2348 1574 πιστὸς,
2385 1511 2473 1562 ἐπὶ
2508 1509 2715 1560 πολλῶν
2756 1526 2814 1560 σε
2856 1510 3202 1578 καταστήσω·
3250 1506 3454 1558 εἴσελθε
3496 1506 3583 1568 είς
3617 1506 3725 1574 τὴν

2136 1623 2312 1693 χαρὰν
2338 1622 2431 1674 τοῦ
2457 1623 2659 1692 Κυρίου
2691 1639 2804 1675 σου.
2841 1639 2860 1672 ι

2064 1764 2106 1818 Β
2138 1734 2316 1787 PME'.
2336 1763 2403 1771 —
2426 1732 2552 1797 Τοῖς
2577 1733 2646 1785 ἐν
2667 1734 3299 1786 Κωνσταντινουπόλει
3320 1730 3717 1799 μονάζουσιν.

2205 1825 2266 1876 Ol
2299 1822 2444 1876 κατὰ
2467 1824 2558 1874 τοῦ
2589 1822 2721 1874 Θεοῦ
2752 1824 2844 1875 καὶ
2872 1824 3119 1893 Σωτῆρος
3151 1822 3308 1892 ἡμῶν
3339 1821 3435 1883 τὰς
3461 1821 3721 1889 γλώττας

2134 1914 2478 1976 ὁπλίσαντες,
2496 1914 2648 1966 οὐδὲν
2681 1916 2864 1966 καινὸν
2896 1915 3015 1966 οὐδὲ
3042 1914 3340 1984 παράδοξον
3371 1913 3596 1982 δρῶσιν,
3620 1913 3724 1966 καὶ

2134 2005 2262 2067 τοὺς
2299 2003 2487 2065 εὔνους
2516 2004 2680 2056 αὐτοῦ
2705 2003 3040 2074 θεράποντας
3065 2004 3141 2074 τῷ
3170 2005 3354 2073 ψεύδει
3376 2004 3720 2068 τοξεύοντες.

2135 2096 2248 2164 Τῆς
2271 2094 2731 2165 γὰρΔεσποτικῆς
2755 2097 3039 2166 παροινίας
3068 2097 3312 2165 μετέχειν
3341 2096 3560 2166 ἀνάγκη
3589 2097 3724 2158 τοὺς

2135 2184 2201 2236 δι’
2235 2183 2402 2254 αὐτὴν
2433 2183 2551 2236 λίαν
2579 2183 2877 2250 ἀλγοῦντας
2909 2185 3141 2248 οἰκέτας.
3181 2185 3350 2237 Τοῦτο
3388 2185 3446 2238 δὲ
3491 2187 3588 2238 καὶ
3620 2186 3723 2237 αὑ·-

2135 2275 2226 2338 τὸς
2252 2277 2280 2328 ὁ
2306 2275 2508 2345 Κύριος
2539 2274 2988 2345 προτεθέσπικεν,
3018 2277 3146 2335 τοὺς
3174 2276 3351 2346 ἱεροὺς
3384 2275 3551 2328 αὑτοῦ
3578 2275 3723 2345 ψυχ-

2137 2367 2368 2436 αγωγῶν
2401 2365 2666 2436 μαθητάς.
2695 2365 2839 2437 Ἔφη
2867 2366 2922 2418 δὲ
2952 2366 3141 2430 οὓτως·
3186 2385 3204 2416 ι
3243 2368 3306 2420 Εἰ
3340 2368 3440 2437 ἐμὲ
3461 2367 3719 2433 ἐδίωξαν,

2138 2459 2231 2512 καὶ
2264 2460 2406 2528 ὑμᾶς
2439 2456 2738 2520 διώξουσινο
2765 2460 2813 2510 εί
2852 2458 2942 2511 τὸν
2968 2459 3349 2527 οἰκοδεσπότην
3379 2457 3718 2519 Βεελζεϐοὺλ

2136 2553 2419 2615 ἐκάλεσαν,
2469 2551 2619 2620 πόσῳ
2671 2550 2868 2620 μᾶλλον
2914 2551 3038 2608 τοῦς
3092 2553 3394 2613 οἰκειακοῦς
3446 2552 3656 2612 αὐτοιῆ
3691 2572 3712 2602 ι

2137 2635 2266 2691 Ε’ίτα
2301 2637 2711 2708 παρεθάρρυνεν
2744 2638 2958 2701 αὐτοὺς,
2991 2637 3168 2702 δείξας
3215 2639 3275 2690 τὸ
3304 2639 3402 2707 τῆς
3437 2656 3717 2708 συκοφανο

2136 2728 2255 2790 τίας
2278 2727 2611 2797 εὐφώρατον.
2656 2729 2932 2798 Ἐπήγαγε
2968 2728 3095 2798 γάρ·
3132 2747 3150 2778 ς
3193 2729 3282 2798 Μὴ
3313 2725 3403 2782 οὖν
3437 2730 3718 2800 φοβηθῆτε

2137 2818 2356 2880 αὐτούς’
2391 2818 2541 2870 οὐδὲν
2569 2819 2676 2889 γάρ
2715 2820 2830 2870 ἐστι
2865 2818 3293 2888 κεκαλυμμένον,
3321 2821 3350 2872 ὃ
3374 2822 3474 2873 οὐκ
3502 2823 3721 2875 ἀποκα-

2137 2907 2488 2975 λυφθήσεται,
2529 2905 2622 2958 καὶ
2656 2905 2918 2974 κρυπτὸν,
2959 2905 2988 2956 ὂ
3021 2905 3079 2957 οὐ
3111 2906 3504 2976 γνωσθήσεται.
3543 2928 3562 2958 ι
3602 2910 3716 2978 Τῆς

2137 2995 2195 3049 δὲ
2229 2995 2377 3058 θείας
2407 2997 2764 3066 προρρήσεως
2799 2995 2898 3065 τὴν
2923 2995 3177 3065 ἀλήθειαν
3210 2996 3468 3061 πολλάκις
3494 3000 3598 3068 μὲν
3622 3002 3719 3052 καὶ

462 3094 679 3147 ritatem
734 3112 860 3149 cum
919 3097 1052 3149 alias
1113 3112 1380 3165 persaz'pe,
1431 3105 1544 3150 tum
1605 3099 1836 3152 maxime
1889 3116 2034 3155 nunc

2140 3089 2344 3152 ἄλλοτε,
2390 3088 2623 3158 μάλιστα
2657 3088 2712 3140 δὲ
2745 3086 2838 3140 νῦν
2875 3087 3058 3156 σαφῶς
3101 3088 3446 3159 ἑωράκαμεν.
3497 3091 3564 3140 0i
3611 3087 3728 3150 γὰρ

461 3180 670 3249 liquido
701 3185 1098 3251 perspeximus.
1143 3185 1356 3240 Etenim
1403 3186 1494 3254 qui
1537 3187 1865 3240 calumniam
1899 3204 2031 3242 con-

463 3279 544 3324 tra
608 3285 711 3326 nos
772 3281 1093 3338 texuerant,
1142 3289 1522 3342 azrumnasque
1583 3286 1795 3331 nostras
1847 3279 2033 3332 multis

463 3362 712 3428 pecuniis
763 3363 1125 3428 redemerant,
1182 3363 1392 3435 1245
1425 3365 1692 3419 Valentini
1741 3375 1797 3420 et
1837 3367 2037 3422 Barde-

464 3450 614 3502 sanis
644 3450 766 3504 tabe
798 3451 984 3504 infecti
1023 3453 1312 3506 manifesto
1340 3453 1507 3523 agniti
1542 3463 1670 3507 sunt
1699 3473 1711 3506 :
1743 3467 2035 3525 sperarunt

466 3551 646 3594 tamen
687 3543 949 3596 occultari
997 3560 1154 3614 posse
1215 3545 1550 3614 impietatem
1593 3561 1767 3612 suam,
1798 3550 1842 3601 si
1883 3566 2036 3604 men-

465 3632 605 3685 dacii
637 3639 758 3685 cote
823 3633 1037 3702 linguas
1061 3642 1252 3689 contra
1275 3651 1373 3689 nos
1403 3647 1751 3690 exacuerent.
1779 3639 2037 3707 Propter-

465 3739 529 3776 ea
559 3723 704 3776 enim
735 3725 879 3792 quod
910 3726 1233 3780 exstinctam
1264 3728 1396 3780 olim
1434 3728 1667 3784 haeresin
1711 3729 1780 3782 ab
1817 3729 1902 3784 his
1944 3747 2032 3785 re-

467 3815 654 3866 novari
679 3822 987 3878 cernentes,
1011 3816 1301 3870 vociferari
1327 3834 1437 3872 non
1459 3835 1756 3883 cessamus,
1776 3821 2034 3888 privatim

467 3915 532 3955 ac
548 3901 764 3970 publice
782 3918 882 3956 con
893 3911 1175 3970 testantes,
1194 3912 1307 3958 tum
1333 3906 1384 3959 in
1410 3906 1746 3961 salutatoriis
1758 3907 2033 3974 domibus,

469 4002 584 4044 tum
619 3992 674 4044 in
698 3991 908 4047 aedibus
933 3995 1125 4060 sacris,
1152 4003 1496 4066 structasque
1527 3997 1654 4053 ﬁdei
1688 3998 1913 4054 insidias
1944 4015 2038 4069 pa-

468 4084 754 4137 tefacimus
779 4101 792 4137 :
818 4087 1063 4140 convicia
1096 4088 1152 4141 in
1189 4103 1288 4142 nos
1334 4089 1668 4154 effuderunt,
1715 4092 1871 4160 quasi
1900 4091 2038 4144 duos

470 4173 607 4226 ﬁlios
650 4174 1029 4241 praedicemus.
1078 4177 1376 4247 Oportebat
1412 4189 1593 4236 autem
1640 4190 1698 4235 ut
1739 4190 2036 4250 praesentes

466 4266 876 4330 convincerent,
925 4284 1033 4322 non
1085 4269 1343 4324 absentes
1405 4273 1891 4326 calumniarentur.
1927 4272 2036 4341 Ipsi

465 4365 648 4413 autem
669 4366 860 4413 contra
892 4370 1139 4431 egerunt.
1169 4361 1304 4415 Nam
1327 4376 1452 4416 cum
1491 4363 1654 4432 regiis
1671 4361 1871 4418 litteris
1893 4363 2036 4436 Cyro

467 4465 567 4502 nos
615 4451 989 4517 inclusissent,
1037 4453 1254 4522 judices
1293 4462 1593 4524 coegerunt
1627 4455 1832 4508 indicta
1873 4471 2038 4511 causa

462 4540 732 4607 judicare,
757 4551 813 4595 et
844 4542 898 4595 in
924 4559 1049 4596 eum
1084 4545 1176 4613 qui
1228 4560 1367 4597 xxxv
1422 4546 1802 4600 mansionibus
1847 4547 2038 4601 aberat

469 4629 831 4684 rectissimam
860 4633 1188 4686 sententiam
1214 4633 1585 4702 protulerunt.
1619 4635 1775 4701 Quod
1813 4637 2038 4705 quidem

467 4735 568 4774 nec
599 4721 851 4776 maleﬁcii
877 4738 980 4777 nec
1029 4724 1215 4778 violati
1261 4725 1501 4793 sepulcri
1555 4742 1682 4782 reus
1724 4727 2036 4797 quisquam,

469 4825 574 4863 non
607 4811 900 4875 homicida,
933 4829 1041 4866 non
1079 4814 1182 4868 tori
1220 4816 1381 4870 alieni
1423 4817 1707 4872 insidiator
1736 4835 1929 4887 passus
1956 4830 2041 4874 est

475 4917 736 4970 unquam.
765 4903 964 4957 Verum
1009 4921 1110 4975 ego
1133 4907 1347 4975 judices
1378 4908 1432 4961 in
1474 4923 1714 4976 praesens
1738 4911 1985 4964 omittam
2021 4927 2035 4964 :

473 5008 640 5062 prope
671 5005 754 5049 est
773 4995 920 5049 enim
955 4997 1488 5068 Dominusjudicans
1516 5000 1705 5052 orbem
1743 5001 1797 5053 in
1824 5001 2039 5070 justitia

465 5092 520 5137 et
555 5085 786 5153 populos
815 5086 867 5140 in
902 5088 1242 5156 a:quitate“,
1265 5095 1321 5140 et
1356 5087 1625 5142 rationem
1670 5089 1894 5159 exigens
1921 5075 2040 5145 non

464 5175 640 5228 solum
685 5176 981 5231 verborum
1027 5186 1084 5232 et
1122 5194 1368 5248 operum,
1412 5179 1507 5233 sed
1542 5195 1835 5248 pravarum
1873 5182 2040 5238 etiam

464 5265 876 5334 cogitationum.

537 5445 644 5500 Sed
684 5448 972 5504 conﬂatam
1002 5466 1217 5519 acquum
1245 5467 1366 5507 esse
1419 5453 1658 5508 arbitror
1705 5457 2032 5512 calumniam

473 5531 737 5587 refellere.
802 5537 1042 5604 Ecquam
1101 5539 1304 5593 habent
1357 5540 1881 5598 demonstrationem
1935 5560 2034 5599 nos

540 5713 583 5741 ⁸³⁸
624 5717 666 5772 ll
693 5719 830 5774 Tim.
866 5739 922 5788 ll,
969 5726 1045 5778 Η.

2134 3181 2231 3250 τὴν
2263 3179 2384 3232 καθ’
2405 3179 2562 3250 ἡμῶν
2595 3178 2955 3247 συκοφαντίαν
2985 3178 3305 3248 ὑφήναντες,
3329 3178 3422 3230 καὶ
3453 3177 3715 3246 παμπόλ-

2135 3269 2240 3322 λων
2255 3269 2544 3340 πριάμενοι
2561 3286 2664 3340 χρη
2674 3270 2858 3338 μάτων
2874 3269 2970 3332 τάς
2989 3270 3260 3338 ἡμετέρας
3282 3269 3512 3336 σφαγὰς,
3525 3266 3725 3340 ὤφθη-

2137 3377 2235 3414 σαν
2253 3360 2498 3430 ἐναργῶς
2515 3360 2610 3428 τὴν
2626 3360 2944 3412 Βαλεντίνου
2981 3360 3074 3412 κοιλ⁸
3090 3360 3430 3429 Βαρδησάνου
3465 3376 3532 3411 πε
3539 3376 3661 3430 ρικε
3670 3359 3723 3410 ί-

2139 3469 2289 3521 μενοι
2311 3451 2511 3522 λώϐην.
2541 3451 2814 3505 Ἤλπισαν
2847 3451 2903 3504 δὲ
2929 3453 3076 3522 ὅμως
3104 3451 3202 3520 τὴν
3233 3452 3497 3520 σφετέραν
3537 3449 3722 3502 καλύ-

2135 3543 2255 3611 ψειν
2279 3544 2549 3606 ἀσέϐειαν,
2575 3545 2622 3595 εἰ
2648 3546 2713 3614 τῇ
2741 3543 2833 3596 τοῦ
2858 3544 3084 3612 ψεύδους
3108 3541 3318 3613 θηγάνῃ
3339 3543 3430 3603 τὰς
3454 3539 3722 3606 γλώττας

2137 3634 2255 3688 καθ’
2277 3633 2430 3704 ἡμῶν
2449 3633 2836 3704 παραθήξαιεν.
2878 3634 3092 3704 Ἐπειδὴ
3117 3634 3224 3704 γὰρ
3246 3637 3401 3703 ἡμεῖς
3416 3632 3508 3702 τὴν
3533 3632 3720 3684 πάλαι

2138 3723 2600 3778 κατασϐεσθεῖσαν
2657 3725 2866 3795 αἵρεσιν
2910 3723 3310 3793 ἀνανεουμένην
3358 3724 3460 3775 ὑπὸ
3503 3723 3721 3775 τούτων

2137 3817 2392 3888 ὁρῶντες,
2421 3816 2768 3886 διατελοῦμεν
2809 3816 3060 3886 βοῶντες,
3091 3816 3586 3887 διαμαρτυράμενοι
3621 3817 3723 3867 καὶ

2141 3906 2247 3977 ἰδίᾳ
2281 3906 2376 3958 καὶ
2398 3906 2650 3976 δημοσίᾳ,
2679 3908 2782 3959 κάν
2809 3909 2918 3969 τοῖς
2950 3907 3342 3976 ἀσπαστηρίοις
3375 3907 3566 3967 οἴκοις,
3611 3907 3719 3958 κάν

2137 4000 2246 4061 τοῖς
2278 3997 2440 4060 θείοις
2472 4001 2676 4068 σηκοῖς,
2710 3999 2804 4050 καὶ
2831 3997 2928 4059 τὰς
2957 3998 3096 4050 κατά
3127 3998 3227 4066 τῆς
3259 3997 3496 4059 πίστεως
3527 3997 3720 4065 ἐγχει-

2143 4088 2406 4158 ρουμένας
2463 4087 2747 4150 ἐπιϐουλὰς
2793 4086 3182 4157 ὲξελέγχομεν“
3223 4087 3498 4156 λοιδορίας
3553 4087 3718 4156 ἡμῶν

2141 4179 2413 4248 κατέχεον,
2447 4178 2521 4241 ὡς
2551 4177 2642 4231 δύο
2685 4180 3061 4249 κηρυττόντων
3094 4178 3260 4242 υἱούς.
3296 4179 3445 4231 Ἔδει
3476 4178 3530 4230 δὲ
3574 4195 3718 4248 παρ-

2139 4271 2294 4333 όντας
2325 4269 2588 4339 ἐλέγχειν,
2613 4271 2706 4322 καὶ
2736 4270 2808 4342 μὴ
2833 4269 3136 4323 διαϐάλλειν
3169 4271 3428 4332 ἀπόντας.
3460 4265 3624 4322 Οὗτοι
3660 4270 3719 4322 δὲ

2139 4359 2448 4412 τούναντίον
2474 4359 2783 4430 δεδράκασι.
2813 4359 3121 4423 Βασιλικοῖς
3146 4360 3254 4429 γὰρ
3285 4361 3430 4429 ἡμᾶς
3459 4361 3522 4429 τῇ
3560 4359 3719 4427 Κύρ-

2074 4441 2113 4493 υ
2141 4454 2218 4522 ρῳ
2254 4450 2654 4520 προσδήσαντες
2691 4449 3030 4519 γράμμασιν,
3061 4450 3275 4518 ἐρήμην
3317 4448 3535 4500 δικάσαι
3589 4449 3721 4508 τοὺς

2139 4542 2511 4605 δικαιοτάτους
2555 4542 2871 4610 ⁴ὴνάγκασαν
2935 4539 3221 4602 δικαστάς,
3267 4540 3361 4591 καὶ¹
3416 4540 3560 4591 κατά
3622 4537 3721 4588 τοῦ

2143 4633 2303 4684 πέντε
2343 4632 2437 4684 καὶ
2465 4633 2757 4701 τριάκοντα
2787 4629 3045 4699 σταθμοῖς
3082 4628 3450 4698 ἀφεστηκότος
3482 4627 3584 4696 τὴν
3627 4629 3723 4697 δρα

2142 4723 2372 4794 θοτάτην
2409 4724 2587 4792 ψῆφον
2630 4721 3167 4793 ὲξήνεγκαν..’1“οῦτο
3212 4721 3267 4772 δὲ
3304 4719 3425 4772 οὔτε
3458 4720 3723 4788 γοητείαν

2140 4831 2240 4879 τις,
2273 4813 2391 4866 οὗτε
2419 4814 2768 4884 νεκροσυλίαν
2797 4813 3289 4883 κατηγορούμενος,
3322 4814 3419 4864 οὐκ
3451 4810 3725 4880 ἀνδροςόι

2139 4923 2248 4967 νος,
2289 4907 2346 4958 οὐ
2395 4907 2589 4974 γάμων
2637 4905 2917 4967 ἐπίϐουλος
2969 4904 3224 4971 ὑπέμεινε
3268 4901 3508 4954 πώποτε.
3557 4903 3727 4954 Ἀλλὰ

2138 4998 2260 5060 τοὺς
2321 4997 2418 5066 μὲν
2462 4997 2717 5057 δικαστὰς
2766 4997 2857 5046 ἐπὶ
2887 4993 2978 5046 τοῦ
3012 4996 3275 5064 παρόντος
3309 4995 3476 5046 ἐάσω.
3511 4991 3721 5060 Ἐγγῦς

2139 5089 2245 5158 γὰρ
2269 5090 2296 5139 ὁ
2322 5088 2544 5156 Κύριος,
2573 5089 2599 5138 ὁ
2622 5085 2818 5156 κρίνων
2846 5086 2940 5155 τὴν
2963 5085 3281 5154 οἰκουμένην
3315 5086 3370 5136 ἐν
3392 5083 3724 5152 δικαιοσύνῃ

2141 5182 2233 5235 καὶ
2260 5181 2421 5241 λαοὺς
2452 5180 2506 5231 έν
2538 5179 2811 5248 εὐθύτητι,
2857 5179 2951 5230 καὶ
2987 5177 3356 5247 πραττόμενος
3383 5175 3620 5237 εὐθύνας
3657 5175 3718 5225 οὗ

2149 5269 2308 5339 μόνον
2350 5268 2609 5337 ῥημάτων
2648 5269 2740 5319 καὶ
2780 5265 3138 5336 πραγμάτων,
3168 5264 3300 5318 ἀλλά
3340 5265 3431 5317 καὶ
3465 5264 3724 5331 πονηρῶν

2145 5359 2566 5427 ἐνθυμημάτων.

2215 5450 2325 5517 Τὴν
2359 5449 2413 5498 δὲ
2455 5447 2829 5517 γεγενημένην
2853 5448 3057 5498 δίκαιον
3082 5443 3231 5516 οἶμαι
3261 5443 3524 5510 διελέγξαι
3564 5462 3726 5496 τυκοο

3445 5551 3538 5586 ἐιν

2145 5539 2398 5609 φαντῑανν.
2430 5537 2591 5589 Ποίαν
2622 5537 2893 5601 ἀπόδειξιν
2925 5539 3105 5608 έχουσι
3129 5536 3222 5588 τοῦ
3249 5536 3339 5588 δύο
3364 5535 3538 5601 λέγειν
3576 5535 3726 5604 ἡμᾶς

1127 5727 1169 5755 ⁹⁰
1197 5727 1384 5784 Matth.
1424 5747 1543 5792 xxv,
1581 5732 1667 5783 ‘2l.
1746 5734 1784 5763 θ’
1828 5733 1979 5786 Joan.
2009 5749 2093 5797 xv,
2122 5732 2220 5797 ‘20;
2258 5727 2447 5781 Matth.
2479 5743 2528 5792 χ,
2558 5727 2642 5780 “25.
2704 5727 2747 5757 Μ
2787 5724 2976 5778 Matth.
3007 5740 3057 5789 Χ,
3082 5722 3168 5777 ‘26.
3210 5722 3255 5753 ⁹³
3294 5719 3432 5775 Psal.
3473 5732 3598 5782 xcv,
3639 5717 3723 5771 l5.
