3962 6204
108 264 153 275 ’,-

108 446 161 461 ἠ.

112 466 143 479 -

152 552 203 567 ἰι-

150 574 219 591 ’.ι-.-

164 364 241 397 ~_-
276 335 388 397 ,ΓΠ

198 374 318 405 ..ζμ

276 412 295 423 1a

300 550 354 584 κν
402 532 531 596 ἴσως
566 534 600 603 ἡ
633 533 856 602 ὑποψία.
901 534 1119 605 Ἐπειδὴ
1161 535 1216 587 δὲ
1263 534 1423 605 ἔργον
1460 530 1679 600 εἴχομεν
1707 529 1833 591 τοὺς

144 668 157 673 -
198 656 243 693 ε
298 623 395 693 πὲρ
431 624 539 676 τῶν
580 625 950 679 άποστολικῶν
986 625 1271 697 δογμάτων
1315 624 1555 694 ἀγῶνας,
1595 626 1687 676 καὶ
1722 626 1833 685 τοῖς

178 749 207 758 ο

194 774 243 787 ἰ’-ι.

244 764 255 767 -
294 713 346 765 οῦ
373 713 575 784 Κυρίου
613 716 886 784 ποιμνίοις
917 717 1017 787 τὴν
1044 716 1428 787 διδασκαλικὴν
1448 715 1834 786 προσφέρομεν

108 827 171 867 -__
238 858 251 865 _
296 802 410 864 όαν,
469 803 566 855 καὶ
624 804 761 875 πρὸς
801 804 1009 867 τούτοις
1056 807 1216 859 πέντε
1263 806 1357 859 καὶ
1386 806 1680 875 τριάκοντα
1711 822 1835 858 συν-

140 932 157 939 -
284 890 574 962 γράψαμεν
601 893 838 964 βίϐλους,
866 897 964 967 τήν
988 911 1049 947 τε
1074 895 1222 949 θείαν
1250 897 1473 968 Γραφὴν
1505 896 1832 969 ἑρμηνεύον-

150 1149 189 1158 ν-ιι

114 1214 205 1233 ...-

282 999 358 1044 ες,
406 983 503 1037 καὶ
539 984 602 1038 τό
631 985 739 1037 τῶν
773 986 1034 1056 αἱρέσεων
1075 988 1443 1059 διελέγχοντες
1485 988 1716 1058 ψεῦδος’
1752 988 1837 1041 εῦ-

278 1073 509 1141 λεγκτος
529 1075 640 1145 ἄρα
670 1077 702 1145 ἡ
732 1078 879 1147 παρὰ
903 1077 1105 1132 τούτων
1139 1078 1453 1133 συντεθεῖσα
1489 1079 1830 1147 ψευδολογία.

275 1164 454 1218 Ιολλαὶ
509 1166 608 1237 μὲν
669 1168 778 1238 γὰρ
826 1168 1111 1241 ἀκροατῶν
1163 1172 1426 1243 μυριάδες
1467 1170 1836 1242 μαρτυροῦσιν

108 1308 133 1315 _
170 1240 380 1325 ξῆμῖν
407 1253 508 1324 τὴν
545 1254 653 1307 τῶν
669 1256 1335 1330 εὐαγγελικῶνδογμάτων
1370 1256 1837 1329 πεπρεσϐευκόσιν

136 1410 183 1421 __
236 1332 528 1416 Ἷιλήθειαν.
560 1347 851 1415 Πρόκειται
869 1348 927 1402 δὲ
951 1350 1045 1402 καὶ
1068 1349 1137 1402 τά
1159 1348 1566 1420 συγγράμματα
1587 1351 1698 1411 τοῖς
1713 1347 1837 1418 βου-

218 1430 493 1505 “”-ομένοις
515 1437 597 1501 εἷς
626 1435 877 1507 βάσανον.
913 1438 988 1491 Οὐ
1021 1438 1133 1510 γὰρ
1157 1440 1295 1511 ὑπὲρ
1319 1438 1507 1502 δυάδος
1535 1437 1688 1500 υἱῶν,
1719 1436 1834 1491 ἀλλ’

108 1522 119 1529 .
152 1526 209 1541 ,ξι

108 1734 189 1769 ἠ’-.-
194 1749 211 1757 '-

126 1850 163 1865 dt.

134 1936 227 1969 «2

107 2021 195 2037 ιιι-ο.-

138 2144 213 2157 -.κ

136 2213 183 2223 π

118 2234 191 2246 ...η

244 1526 386 1596 ὑπὲρ
402 1525 498 1579 τοῦ
516 1526 837 1597 μονογενοῦς
849 1526 980 1580 Υίοῦ
996 1528 1088 1580 τοῦ
1107 1527 1262 1593 Θεοῦ,
1281 1528 1376 1582 καὶ
1394 1527 1532 1599 πρὸς
1542 1526 1832 1596 Ἕλληνας,

248 1619 337 1671 καὶ
379 1619 518 1687 πρὸς
563 1618 868 1684 Ἰουδαίους,
920 1619 1176 1689 καὶπρὸς
1199 1621 1325 1682 τοὺς
1359 1618 1459 1689 τὴν
1482 1619 1692 1693 Ἀρείου
1738 1619 1833 1671 καὶ

214 1708 513 1779 ,Εὐνομίου
564 1709 716 1762 νόσον
763 1709 1198 1780 είσδεξαμένους,
1236 1710 1332 1762 καὶ
1376 1708 1513 1779 πρὸς
1565 1710 1690 1772 τοὺς
1734 1707 1832 1779 τὴν

154 1838 213 1871 _._
255 1800 634 1872 Ἀπολιναρίου
665 1800 1092 1872 φρενοϐλάϐειαν
1118 1800 1554 1871 ἀσπαζομένους,
1586 1798 1680 1854 κάι
1710 1801 1831 1864 μέν-
1860 1788 1905 1844 Β

239 1907 323 1942 τοι
358 1891 456 1943 καὶ
486 1891 618 1962 πρὸς
640 1892 764 1954 τοὺς
795 1894 861 1962 τῇ
896 1892 1222 1963 Μαρκίωνος
1252 1890 1504 1960 σηπεδόνι
1530 1889 1830 1961 κατεχομέ-

237 1997 365 2043 νους
418 1981 817 2051 ἀγωνιζόμενοι
874 1981 1352 2051 διατετελέκαμεν,
1393 1980 1663 2051 ’Έλληνας
1731 1980 1828 2046 μὲν

236 2069 548 2135 πείθοντες,
584 2071 664 2125 ὅτι
692 2072 854 2135 αὑτός
883 2071 1031 2124 ἐστιν
1065 2075 1093 2125 ὁ
1117 2071 1228 2125 τῶν
1260 2072 1519 2126 ἁπάντων
1549 2074 1829 2144 Δημιουρ-

237 2160 356 2229 γδς,
390 2163 420 2214 ό
451 2162 545 2215 τοῦ
574 2162 661 2217 ἀεὶ
690 2163 846 2228 ὄντος
887 2163 1024 2217 Θεοῦ
1052 2165 1320 2229 συναϊδιος
1346 2166 1494 2230 Υἱός·
1543 2163 1829 2228 Ἰουδαίους

152 2308 171 2316 ,
238 2252 319 2319 δὲ,
360 2254 445 2306 ὅτι
494 2255 622 2323 περὶ
648 2254 813 2308 αὐτοῦ
839 2257 938 2320 τὰς
973 2257 1310 2328 προρρήσεις
1332 2259 1381 2310 οἰ
1418 2259 1695 2329 προφῆται
1729 2272 1832 2309 πε-

160 2332 211 2343 η...

126 2401 175 2433 Γ*
242 2345 503 2415 ποίηνται
526 2362 539 2376 ·
564 2346 691 2408 τοὺς
718 2346 776 2399 δὲ
810 2347 1018 2417 Ἀρείου
1040 2350 1134 2402 καὶ
1152 2348 1416 2420 Εὑνομίου
1438 2348 1825 2420 κληρονόμους,

140 2499 207 2509 -ο

124 2516 187 2528 ιιι-..-

108 2590 111 2595 ¹
162 2595 201 2607 -φ

108 2614 131 2621 ..-

162 2616 201 2626 ‘-

240 2440 325 2493 ὅτι
359 2440 454 2493 τοῦ
484 2440 698 2511 Πατρός
723 2441 1034 2511 όμοούσιος,
1062 2442 1325 2513 ὀμότιμός
1361 2460 1420 2496 τε
1451 2443 1547 2496 καὶ
1587 2442 1830 2497 ίσοδύνα-

246 2549 368 2602 μοςο
396 2532 521 2596 τοὺς
550 2532 605 2586 δὲ
629 2533 731 2605 τῆς
761 2534 873 2604 (ll)
905 2534 1235 2606 Μαρκίωνος
1264 2535 1463 2605 λύττης
1497 2534 1831 2604 μετεσχηκό-

144 2624 199 2691 ,ξ
241 2641 366 2687 τας,
390 2626 472 2678 ὅτι
494 2626 594 2678 οὐκ
616 2624 819 2690 ἀγαθός
845 2628 961 2679 ἐστι
989 2627 1170 2697 μόνον,
1200 2625 1335 2680 ἀλλὰ
1360 2627 1454 2679 καὶ
1473 2625 1701 2688 δίκαιος
1728 2626 1828 2677 οὐκ

243 2714 561 2786 ἀλλοτρίων,
620 2715 762 2769 κατὰ
815 2716 906 2769 τὸν
940 2717 1165 2770 ἐκείνων
1212 2717 1399 2788 μῦθον,
1451 2717 1567 2770 ἀλλ’
1612 2717 1827 2771 οίκείων

245 2807 571 2877 ποιημάτων
615 2807 828 2878 Σωτήρ.
872 2807 986 2861 Καὶ
1029 2806 1364 2874 ἁπαξαπλῶς
1421 2808 1559 2878 πρὸς
1616 2808 1828 2877 αἵρεσιν

246 2899 485 2968 ἑκάστην
503 2897 588 2951 δια
596 2898 1018 2969 μαχόμενοι,τὸν
1042 2900 1137 2953 ἕνα
1163 2903 1489 2970 προσκυνεῖν
1511 2901 1830 2971 παρεγγυῶ-

248 3006 351 3059 μεν
381 2958 532 3043 Υίόν.

122 3164 171 3176 ω

108 3240 111 3245 .
122 3237 161 3247 -ρ

108 3330 163 3340 ν.-

110 3352 155 3361 -ι

108 3444 155 3456 ,.ι

319 3080 432 3134 Καὶ
464 3080 518 3134 τί
555 3079 637 3134 δεῖ
672 3081 1067 3151 μακρηγορεῖν,
1101 3078 1221 3147 ὲξὺν
1248 3080 1530 3151 συντόμως
1557 3078 1826 3148 διελέγξαι

144 3145 171 3243 _:
244 3172 307 3225 τὸ
330 3171 556 3241 ψεῦδος;
588 3145 725 3234 Teia;
752 3145 1011 3242 ’κᾷθ’
1043 3145 1274 3225 ἕκαστον
1316 3145 1435 3235 ἔτος
1468 3172 1546 3243 τῷ
1583 3145 1833 3242 παναγίῳ

249 3264 577 3335 προσιόντας
619 3262 977 3334 βαπτίσματι,
1014 3262 1114 3334 τὴν
1158 3261 1473 3316 ὲκτεθεῖσαν
1524 3264 1583 3315 ὲν
1626 3262 1834 3333 Νικαίᾳ

249 3357 403 3427 παρὰ
434 3356 541 3410 τῶν
573 3356 746 3424 ἁγίων
777 3354 875 3408 καὶ
911 3354 1201 3425 μακαρίων
1238 3353 1500 3423 Πατέρων
1538 3353 1719 3405 πίστιν
1743 3355 1835 3407 ὲκ-

249 3445 547 3518 μανθάνειν
612 3441 1141 3515 παρασκευάζομεν
1192 3441 1286 3494 καὶ
1339 3442 1832 3512 μυσταγωγοῦντες

107 3515 155 3548 ’⁵
244 3515 445 3600 αὐτοὺς
481 3538 557 3599 ὡς
586 3532 1061 3606 προσετάχθημεν,
1096 3532 1430 3603 βαπτίζομεν
1464 3535 1543 3595 είς
1568 3532 1628 3586 τὸ
1659 3532 1832 3603 ὄνομα

108 3610 147 3621 Γ...-

239 3628 337 3681 τοῦ
370 3627 603 3697 Πατρὸς,
636 3626 732 3679 καὶ
758 3625 854 3677 τοῦ
885 3622 1037 3687 Υἱοῦ,
1062 3625 1158 3678 καὶ
1185 3623 1278 3676 τοῦ
1303 3625 1463 3691 ἁγίου
1492 3624 1829 3695 Πνεῦματος,

132 3724 145 3731 ’
241 3720 442 3782 ἑνικῶς
466 3717 701 3788 ἑκάστην
726 3716 1099 3787 προσηγορίαν
1122 3716 1538 3786 προσφέροντες.
1570 3715 1681 3769 Καὶ
1701 3716 1833 3786 μέν·

239 3829 325 3865 τοι
365 3810 461 3862 καὶ
502 3809 602 3871 τὰς
635 3808 786 3871 θείας
820 3806 1163 3877 λειτουργίας
1215 3808 1273 3858 ἐν
1301 3808 1422 3869 ταῖς
1481 3806 1831 3878 Ἐκκλησίαις

242 3900 642 3961 ἐπιτελοῦντες,
709 3898 802 3952 καὶ
866 3897 1142 3969 ἀρχούσης
1207 3897 1299 3950 καὶ
1354 3895 1630 3967 ληγούσης
1688 3895 1829 3967 ἡμέ-

242 4010 347 4065 ρας
377 3992 509 4063 (12),
543 3992 636 4044 καὶ
666 3990 832 4062 αὐτὴν
861 3990 918 4043 δὲ
946 3990 1045 4061 τὴν
1070 3989 1283 4060 ἡμέραν
1314 3990 1453 4042 κατὰ
1478 3989 1829 4061 τριτημόριον

236 4084 576 4156 διαιροῦντες
603 4083 901 4153 δοξάζομεν
930 4081 1020 4134 τὸν
1043 4081 1283 4152 Πατέρα,
1320 4081 1412 4134 καὶ
1444 4081 1533 4133 τὸν
1565 4082 1713 4146 Υἱὸν,
1737 4084 1829 4136 καὶ⁹

236 4178 301 4231 τὸ
334 4178 488 4244 ἅγιον
532 4174 773 4244 Πνεῦμα.
814 4174 877 4226 Et
914 4173 971 4226 δὲ
1009 4171 1101 4226 δύο
1138 4173 1286 4236 υἱοὺς
1316 4175 1458 4226 κατὰ
1491 4172 1589 4244 τὴν
1622 4174 1826 4229 τούτων

240 4267 608 4335 συκοφαντίαν
655 4265 1051 4337 πρεσϐεύομεν,
1096 4264 1216 4318 τίνα
1245 4262 1541 4335 δοξάζομεν
1568 4303 1583 4329 ,
1618 4265 1739 4318 τίνα
1768 4265 1825 4319 δὲ

240 4358 650 4430 ἀπροσκύνητον
684 4356 1119 4424 καταλείπομεν;
1156 4355 1367 4418 Μανίας
1423 4355 1531 4426 γάρ
1567 4356 1824 4428 ἐσχάτης,

239 4449 334 4502 δύο
368 4450 466 4520 μὲν
491 4446 630 4503 εἶναι
665 4447 943 4502 πιστεύειν
973 4448 1142 4510 υἱοὺς,
1173 4447 1255 4499 ὲν).
1280 4447 1337 4499 δὲ
1373 4449 1519 4517 μόνῳ
1554 4447 1651 4518 τὴν
1674 4448 1822 4513 δοξο-
1854 4486 1899 4539 D

240 4533 426 4601 λογίαν
462 4536 810 4607 προσφέρειν.
855 4534 949 4597 Τίς
998 4533 1055 4585 δὲ
1100 4532 1273 4597 οῦτως
1322 4535 1709 4607 ὲμϐρόντητος,
1744 4537 1821 4602 ὡς

241 4625 333 4679 τοῦ
360 4626 501 4679 θείου
530 4626 743 4680 Παύλου
771 4626 1001 4696 βοῶντος
1026 4623 1261 4678 ἀκούων·
1291 4643 1309 4677 ι
1343 4621 1437 4689 Εἷς
1468 4626 1691 4699 Κύριος,
1721 4629 1820 4697 μία

242 4717 445 4781 πίστις,
472 4718 528 4769 ἓν
556 4717 857 4787 βάπτισμα’
899 4737 917 4769 ι
950 4718 1043 4771 καὶ
1070 4717 1251 4771 πάλινο
1287 4734 1305 4768 ι
1340 4712 1434 4781 Εἷς
1462 4717 1666 4788 Κύριος
1711 4719 1820 4789 ’1η-

243 4810 368 4874 σοῦς
429 4811 683 4881 Χριστὸς,
723 4810 789 4864 δι’
830 4804 890 4865 οῦ
932 4811 1000 4864 τά
1032 4810 1246 4863 πάντα*
1287 4829 1305 4860 ι
1337 4809 1816 4881 ἁντινομοθετῆσαι

240 4908 310 4977 τῇ
347 4902 664 4975 διδασκαλίᾳ
694 4902 790 4955 τοῦ
832 4903 1169 4974 Πνεῦματος,
1205 4903 1299 4956 καὶ
1322 4902 1445 4972 διχῆ
1496 4902 1588 4955 τὸν
1616 4902 1711 4956 ἕνα
1738 4920 1827 4956 τε-

247 4998 396 5065 μεῖν;
440 4993 601 5047 Ἀλλὰ
650 4994 759 5064 γὰρ
814 4994 992 5065 μάτην
1027 4993 1321 5063 ἀδολεσχῶ.
1360 4993 1493 5046 Οὐδὲ
1538 4993 1647 5065 γὰρ
1678 4986 1826 5047 οὗτοι

243 5085 408 5154 φάναι
432 5084 694 5153 τολμῶσι,
724 5087 816 5137 καὶ
833 5084 1007 5139 ταῦτα
1027 5083 1106 5155 τῷ
1123 5083 1307 5154 ψεύδει
1330 5083 1817 5156 συντεθραμμένοι,

240 5175 316 5239 ὠς
366 5174 538 5229 ταῦτα
575 5174 840 5242 λεγόντων
890 5176 1046 5245 ἡμῶν
1089 5176 1358 5244 ἀκηκόασι
1407 5175 1650 5229 πώποτε’
1684 5175 1819 5231 ἀλλὰ

239 5267 318 5337 τῷ
350 5266 448 5330 τὰς
473 5265 568 5320 δύο
598 5265 788 5333 φύσεις
818 5266 1101 5335 ὁμολογεῖν
1137 5267 1231 5321 τοῦ
1260 5268 1530 5321 Δεσπότου
1561 5265 1819 5337 Χριστοῦ,

239 5357 334 5412 δύο
350 5357 566 5426 λέγουσι
592 5357 878 5428 κηρύττειν
902 5357 1070 5421 υἱούς.
1101 5360 1208 5412 Καὶ
1230 5360 1458 5413 συνιδεῖν
1491 5360 1590 5412 οὐκ
1610 5358 1823 5413 ἐθέλου-

310 5512 359 5548 ⁹δ
393 5513 598 5584 Ephes.
648 5530 723 5582 ιν,
755 5514 808 5569 5.
885 5513 932 5546 ’⁵
968 5513 990 5569 l
1019 5512 1145 5569 Cor.
1176 5529 1289 5579 vm,
1319 5516 1371 5569 6.

313 5675 425 5756 (t1)
456 5673 552 5756 §ic
572 5672 742 5756 Neap-
776 5687 875 5743 ιπο
898 5669 996 5756 1εοῦ
1014 5668 1325 5756 ,δίξηξοηάίτ

1544 327 1908 389 EPISTOLA
1945 326 2160 387 CXLV.

188 464 211 493 -:
246 422 404 513 ..ρούς
431 460 447 506 ;
473 437 535 494 Εἰ
568 444 667 513 μὲν
698 443 803 512 γάρ
833 443 941 496 τῶν
970 441 1246 511 σιγώντων
1276 437 1439 514 ἦμεν,
1462 441 1620 511 ἔσχεν
1638 440 1703 493 ἂν
1732 437 1827 509 χώ-

1945 436 2089 491 lllios
2123 437 2260 490 duos
2286 436 2591 492 afﬁrmare?
2622 437 2678 491 Si
2718 438 2865 492 enim
2907 437 3204 493 tacentium
3237 453 3268 491 e
3292 452 3525 491 numero

3391 323 3525 388 1378

1934 546 2205 594 essemus,
2268 532 2499 587 haberet
2556 534 2738 589 locum
2799 534 3034 589 fortasse
3084 534 3347 604 suspicio.
3384 537 3523 589 Cum

1935 637 2067 677 vero
2092 623 2248 677 labor
2278 623 2370 677 hic
2391 633 2579 679 noster
2606 625 2792 691 fuerit,
2822 640 2925 695 pro
2954 625 3272 695 apostolicis
3301 625 3526 696 dogma-

1938 716 2087 771 tibus
2113 716 2422 783 decertare,
2458 718 2831 789 gregibusque
2854 720 3088 774 Domini
3120 718 3385 773 doctrinae
3430 736 3527 789 pa-

1936 807 2126 861 bulum
2169 808 2434 878 prmbere,
2473 810 2642 865 libros
2674 811 2863 866 adhzec
2897 812 3141 881 quinque
3186 819 3243 865 et
3297 812 3523 882 triginta

1936 900 2455 969 conscripserimus,
2482 901 2682 969 partim
2717 900 3057 971 Scripturam
3092 902 3334 955 divinam
3357 916 3513 971 expo-

1937 999 2153 1053 nentes,
2200 991 2400 1058 partim
2448 989 2746 1045 haeresium
2801 991 3099 1047 falsitatem
3151 991 3521 1057 confutantes,

1937 1079 2085 1134 nullo
2131 1078 2346 1152 1246
2382 1082 2573 1151 utique
2604 1082 2827 1151 negotio
2871 1081 3102 1136 istorum
3139 1081 3407 1136 orationis
3430 1096 3526 1135 va—

1937 1172 2082 1226 nitas
2107 1172 2436 1226 revincitur.
2461 1172 2645 1228 Multae
2667 1173 2941 1244 siquidem
2971 1172 3285 1227 auditorum
3320 1172 3523 1243 myria-

1937 1257 2035 1313 des
2060 1267 2231 1314 testes
2271 1268 2422 1325 sunt,
2465 1275 2568 1316 nos
2605 1260 3052 1332 evangelicorum
3091 1260 3407 1324 dogmatum
3432 1274 3526 1313 ve-

1936 1349 2155 1405 ritatem
2180 1350 2474 1405 tradidisse
2500 1368 2513 1404 :
2542 1360 2743 1421 praesto
2768 1361 2897 1406 sunt
2920 1359 2976 1405 et
2997 1350 3308 1419 conscripta
3330 1363 3521 1419 opera,

1937 1452 1998 1498 ut
2021 1445 2309 1514 explorent
2333 1444 2428 1514 qui
2457 1444 2650 1498 velint.
2678 1444 2801 1497 Non
2821 1444 2971 1498 enim
3002 1457 3104 1512 pro
3134 1441 3262 1496 ﬁliis
3282 1441 3521 1505 duobus,

1935 1538 2033 1592 sed
2067 1553 2169 1607 pro
2219 1537 2504 1608 unigenito
2536 1537 2634 1591 Dei
2675 1536 2835 1603 Filio,
2866 1545 2923 1591 et
2963 1542 3156 1591 contra
3194 1534 3433 1601 Cra-cos,
3469 1544 3526 1588 et

1935 1637 2130 1681 contra
2200 1627 2460 1693 Iudaeos,
2517 1637 2573 1682 et
2628 1634 2820 1681 contra
2871 1626 2989 1680 Arii
3050 1635 3215 1696 atque
3267 1625 3523 1679 Eunomii

1936 1720 2132 1774 morbo
2174 1720 2511 1786 laborantes,
2564 1729 2621 1774 et
2665 1727 2859 1775 contra
2903 1735 3000 1773 eos
3059 1718 3155 1788 qui
3196 1715 3524 1787 Apollinarii

1935 1812 2234 1866 amentiam
2280 1820 2583 1876 sectantur,
2636 1814 2721 1868 vel
2773 1812 2868 1882 qui
2917 1811 3210 1866 Marcionis
3240 1810 3366 1864 tabe
3404 1824 3529 1863 cor-

1937 1903 2082 1972 repti
2132 1912 2282 1967 sunt,
2329 1910 2541 1959 certare.
2599 1921 2879 1975 nunquam
2935 1904 3269 1963 destitimus,
3323 1901 3527 1957 Grzrcis

1936 1993 2161 2063 quidem
2212 1994 2616 2063 persuadentes
2661 1995 2838 2065 ipsum
2879 2011 2999 2050 esse
3039 1994 3286 2048 omnium
3336 2006 3524 2047 rerum

1934 2082 2314 2149 Conditorem,
2359 2085 2683 2155 sempiterni
2748 2086 2843 2140 Dei
2903 2086 3100 2140 Filium
3146 2094 3521 2148 comternum;

1934 2174 2138 2229 Judmis
2177 2184 2385 2240 autem,
2410 2175 2478 2229 de
2527 2177 2622 2232 illo
2665 2177 2819 2231 edita
2846 2176 3259 2251 essevvaticinia
3286 2174 3526 2245 prophe-

1936 2274 2150 2333 tarum;
2193 2266 2309 2322 Arii
2343 2267 2716 2339 Eunomiique
2754 2268 3089 2335 baeredibus,
3125 2267 3371 2338 ejusdem
3398 2280 3523 2320 esse

1937 2373 2064 2413 cum
2091 2357 2253 2412 Patre
2298 2358 2643 2424 substantiae,
2668 2359 3029 2430 ejusdemque
3062 2358 3289 2413 honoris
3327 2364 3383 2411 et
3424 2372 3525 2427 po-

1936 2448 2157 2515 tentiae;
2184 2447 2481 2503 Marcionis
2502 2448 2692 2503 furore
2724 2448 3149 2515 insanientibus,
3172 2463 3283 2502 non
3314 2447 3517 2502 bonum

1938 2549 2151 2595 tantum
2179 2554 2324 2606 esse,
2353 2555 2550 2595 verum
2583 2540 2750 2593 etiam
2785 2541 3021 2610 justum,
3051 2555 3164 2593 non
3190 2539 3523 2599 alienorum,

1936 2637 1996 2682 ut
2018 2629 2121 2698 ipsi
2152 2628 2496 2694 fabulantur,
2525 2631 2540 2648 '
2562 2627 2659 2682 sed
2685 2642 2914 2681 suorum
2940 2628 3115 2696 ipsius
3148 2641 3378 2696 operum
3404 2625 3525 2680 Sal-

1933 2730 2200 2773 vatorcm.
2238 2719 2438 2788 Atque,
2490 2727 2552 2771 ut
2597 2719 2768 2772 semel
2804 2718 3005 2784 dicam,
3034 2717 3301 2772 adversus
3328 2731 3523 2788 quam-

1936 2807 2071 2862 libet
2095 2807 2329 2862 hreresin
2358 2806 2709 2872 dimicantes,
2751 2822 2921 2862 unum
2955 2807 3153 2861 Filium
3179 2804 3521 2862 adorandum

1937 2911 2243 2950 monemus.

2007 3075 2075 3130 Et
2123 3076 2258 3145 quid
2304 3075 2468 3146 longa
2509 3076 2761 3131 oratione
2796 3076 2878 3130 uti
2915 3091 3055 3146 opus
3081 3085 3184 3141 est,
3224 3093 3350 3132 cum
3384 3094 3522 3149 pau-

1937 3167 2017 3221 cis
2048 3166 2398 3221 mendacium
2438 3165 2690 3221 refellere
2736 3167 2940 3222 liceat?
2977 3167 3086 3221 Eos
3136 3167 3286 3222 enim
3317 3169 3413 3239 qui
3446 3170 3517 3224 ad

1936 3265 2350 3314 sacrosanctum
2410 3257 2685 3326 baptisma
2747 3258 2980 3328 singulis
3021 3259 3180 3313 annis
3224 3261 3517 3328 accedunt,

1936 3349 2099 3403 fidem
2128 3348 2320 3402 Nirea:
2340 3364 2371 3401 a
2400 3348 2607 3401 sanctis
2637 3348 2896 3401 Patribus
2929 3351 3235 3418 expositam
3267 3352 3520 3407 ediscere

1928 3439 2190 3509 jubemus
2227 3455 2238 3489 :
2274 3447 2329 3491 et
2368 3437 2724 3491 instituentes
2766 3451 2883 3501 eos,
2934 3438 3078 3493 sicut
3123 3441 3261 3509 jussi
3304 3458 3517 3505 sumus,

1934 3531 2282 3600 baptizamus
2330 3531 2386 3583 in
2442 3529 2666 3582 nomine
2706 3528 2887 3582 Patris
2938 3536 2995 3583 et
3052 3529 3176 3584 Filii
3203 3530 3519 3600 etSpiritps

1933 3621 2131 3687 sancti,
2166 3619 2523 3689 singulariter
2544 3617 2978 3687 unumquodque
3007 3634 3207 3673 nomen
3234 3618 3521 3688 proferen-

1931 3719 2035 3764 tes.
2065 3709 2209 3776 Quin
2246 3717 2301 3763 et
2332 3724 2521 3763 sacras
2552 3708 2806 3778 liturgias
2841 3708 2895 3762 in
2932 3709 3198 3765 Eeclesiis
3225 3710 3515 3775 obeuntes,

1932 3813 2047 3857 tum
2109 3803 2337 3856 ineunte
2394 3798 2607 3871 1247
2642 3799 2754 3863 die,
2790 3810 2907 3855 tum
2960 3801 3271 3870 desinente,
3321 3803 3417 3859 sed
3460 3814 3518 3859 et

1930 3895 2078 3951 diem
2108 3896 2288 3965 ipsum
2322 3894 2377 3947 in
2423 3894 2643 3947 tertiam
2687 3903 2902 3963 partem
2943 3895 3277 3962 dividentes,
3304 3898 3512 3968 glorifi-

1928 4004 2120 4044 camus
2184 3986 2400 4041 Patrem
2455 3993 2511 4039 et
2557 3984 2756 4039 Filium
2802 3992 2860 4040 et
2921 3995 3171 4042 sanetum
3222 3986 3489 4059 Spiritum

1928 4076 2083 4145 Quod
2109 4076 2154 4132 si
2185 4076 2324 4131 duos
2350 4076 2513 4139 filios,
2541 4083 2601 4130 ut
2647 4074 2738 4130 isti
2781 4076 3210 4144 calumniantur,
3242 4081 3495 4150 praedica.

1928 4184 2071 4233 mus,
2111 4181 2408 4237 quemnam
2463 4165 2838 4236 gloriﬁcamus
2862 4206 2878 4229 ,
2924 4178 3020 4223 aut
3060 4185 3353 4239 quemnam
3392 4173 3513 4227 sine

1926 4258 2245 4316 adoratione
2274 4256 2675 4327 relinquimus?
2707 4258 2983 4315 Extrema:
3025 4275 3265 4331 namque
3287 4270 3374 4318 est
3410 4263 3510 4318 de—

1926 4351 2166 4416 mentiae,
2209 4350 2350 4405 duos
2395 4349 2623 4419 quidem
2653 4350 2882 4407 credere
2924 4350 3069 4407 filios
3115 4368 3260 4418 esse,
3310 4364 3368 4410 et
3412 4358 3511 4410 uni

1927 4444 2193 4498 duntaxat
2250 4440 2484 4511 gloriam
2527 4441 2814 4497 exhibere.
2863 4441 2999 4509 Quis
3042 4458 3212 4513 porro
3243 4445 3382 4500 adeo
3428 4457 3514 4502 est

1930 4549 2145 4599 vecors,
2200 4543 2261 4590 ut
2314 4537 2546 4591 Paulum
2604 4536 2933 4591 clamantem
2989 4536 3223 4593 audiens
3260 4556 3273 4591 :
3308 4558 3326 4589 ι
3358 4537 3513 4597 Unus

1930 4627 2215 4693 Dominus,
2245 4644 2352 4682 una
2383 4627 2539 4692 fides,
2571 4642 2742 4681 unum
2770 4625 3045 4696 baptisma
3058 4628 3124 4695 ⁹⁴;
3151 4646 3167 4679 υ
3186 4635 3244 4682 et
3273 4628 3508 4682 iterum:

1935 4739 1953 4771 ι
1977 4720 2128 4777 Unus
2148 4721 2416 4777 Dominus
2429 4720 2589 4775 Jesus
2611 4718 2690 4773 Ch
2700 4720 2885 4784 ristus,
2899 4735 2997 4789 per
3012 4734 3175 4789 quem
3195 4719 3379 4774 omnia
3393 4719 3461 4782 ’⁸,
3486 4739 3503 4770 ι

1927 4812 2259 4867 contrariam
2290 4810 2559 4865 doctrina:
2598 4809 2842 4880 Spiritus
2868 4810 3044 4881 legem
3076 4816 3301 4874 statuat,
3329 4818 3385 4865 et
3423 4810 3495 4864 bi-

1925 4902 2117 4957 fariam
2154 4919 2324 4957 unum
2360 4902 2613 4957 dividat?
2658 4903 2862 4957 Verum
2913 4918 3016 4974 ego
3056 4902 3263 4957 frustra
3297 4903 3512 4973 longior

1925 5009 2067 5049 sum.
2108 4992 2243 5049 Nam
2274 5009 2344 5048 ne
2379 4993 2483 5064 ipsi
2516 4992 2765 5063 quidem,
2800 4994 2932 5049 licet
2956 4992 3162 5049 assueti
3198 4978 3507 5061 mendacio,

1927 5083 2114 5139 dicere
2154 5083 2364 5139 audent
2408 5083 2514 5138 ista
2554 5100 2613 5139 se
2664 5100 2908 5156 unquam
2964 5100 3032 5138 ex
3061 5099 3160 5139 ore
3187 5092 3378 5139 nostro
3407 5100 3508 5139 an-

1927 5176 2095 5231 diisse
2125 5193 2138 5228 ε
2176 5175 2271 5231 sed
2296 5174 2425 5245 quia
2448 5174 2654 5231 Christi
2674 5175 2890 5231 Domini
2917 5174 3056 5230 duas
3086 5182 3312 5232 naturas
3334 5173 3507 5231 conti-

1932 5279 2132 5333 temur,
2161 5268 2285 5323 ideo
2324 5267 2463 5321 tilios
2503 5268 2643 5323 duos
2678 5266 3152 5343 aﬂirmareaiunt.
3187 5266 3301 5323 Nec
3331 5267 3509 5322 anim-

1931 5360 2221 5415 advertere
2250 5360 2441 5415 volunt
2480 5360 2763 5416 hominem
2812 5372 3264 5432 unumquemque
3299 5365 3356 5419 et
3396 5355 3511 5411 aui—

311 5740 423 5820 (19.)
454 5743 626 5816 Neap.
654 5740 985 5801 Sirmondus
1014 5741 1250 5797 habebat
1276 5757 1288 5793 :
1310 5742 1637 5813 ἀρχομένης,
1681 5760 1732 5796 κ.
1768 5740 1815 5793 λ.
1858 5741 1956 5813 τῆς
1985 5740 2082 5811 ἡμ.
