3962 6204
465 280 605 341 13Ἱ9
1457 278 1556 336 ΤΗ
1566 275 1940 334 ΕΟΠΘΠΕΤΙ
1983 277 2043 333 ΕΙ

2151 277 2318 334 CUPl
2357 273 2716 332 CYRENSIS
2975 266 2996 285 “
3593 266 3757 330 138ὒ

463 404 608 442 mam
671 387 873 440 habere
923 386 1309 446 immortalem,
1363 394 1418 437 et
1465 399 1667 453 corpus
1725 394 1886 437 morti
1940 383 2038 435 ob~

2151 402 2246 446 σιν,
2277 385 2352 446 ὡς
2385 383 2489 434 τῶν
2514 380 2812 451 ἀνθρώπων
2837 378 3066 439 ἕκαστος
3107 378 3198 430 καὶ
3230 377 3404 449 ψυχὴν
3448 379 3760 431 ἀθάνατον

463 481 712 540 noxium,
742 477 1132 546 neminemque
1181 477 1248 530 ad
1281 477 1429 530 hunc
1477 475 1625 530 diem
1666 476 1915 545 reperiri,
1941 475 2035 544 qui

2151 473 2272 542 ἔχει,
2301 473 2393 525 καὶ
2420 473 2578 542 σῶμα
2601 469 2816 539 θνητόν’
2850 468 2942 522 καὶ
2969 468 3143 531 οὐδεὶς
3167 469 3327 539 μέχρι
3356 472 3454 523 καὶ
3478 471 3545 538 τῆ
3559 487 3754 539 μερον

461 568 694 624 Paulum
741 568 882 620 duos
909 566 1109 619 Paulos
1141 565 1412 629 nominet,
1439 565 1568 634 quia
1602 563 1837 617 animam
1870 564 2037 618 habet

2151 565 2228 618 Ξύο
2254 565 2493 627 Παύλους
2520 563 2611 614 τὸν
2638 561 2848 614 Παῦλον
2871 560 3171 628 ὠνόμασεν,
3189 560 3374 629 ἐπειδὴ
3399 561 3502 613 καὶ
3529 561 3742 629 ψυχὴν

459 668 519 713 et
574 669 797 724 corpus,
833 660 929 706 aut
974 653 1195 707 Petrum
1234 653 1374 706 duos
1412 653 1625 714 Petros,
1667 661 1762 706 aut
1795 651 2038 704 Abraha-

2151 655 2250 726 ἔχει
2272 654 2560 724 καὶσῶμα·
2594 654 2686 705 καὶ
2709 651 2819 720 (i3)
2841 649 2965 703 οὔτε
2982 651 3072 702 τὸν
3090 650 3292 719 Πέτρον
3321 650 3412 703 δύο
3452 651 3752 720 Πέτρους,

461 762 637 810 mum,
687 753 781 798 aut
835 742 1106 796 Adamum
1154 760 1166 795 :
1213 741 1309 796 sed
1365 752 1687 794 naturarum
1739 740 2037 794 discrimen

2151 746 2260 799 abte
2293 746 2385 798 τὸν
2400 743 2670 815 Ἀδραὰμ,
2695 741 2818 794 οὔτε
2848 741 2938 793 τὸν
2954 740 3142 811 Ἀδάμ.
3162 740 3300 792 Ἀλλ’
3322 736 3431 792 οἶδε
3453 741 3560 810 μὲν
3596 741 3750 793 ἕκα-

461 847 670 896 norunt
693 851 903 895 omnes,
941 834 1079 888 duos
1107 850 1238 888 vero
1278 834 1477 887 Paulos
1501 835 1594 902 qui
1633 849 1775 886 unus
1809 841 1892 886 est
1929 848 2038 888 non

2151 856 2262 902 nec;
2292 839 2400 890 τῶν
2427 835 2642 904 φύσεων
2689 835 2748 886 τδ
2783 833 3053 905 διάφορον,
3079 831 3173 885 δύο
3230 832 3287 884 δὲ
3337 831 3600 895 Παύλους
3641 835 3752 884 οὐκ

465 929 682 982 dicunt.
711 925 804 979 Sic
827 938 956 992 ergo
983 931 1040 975 et
1063 922 1352 976 Dominum
1373 922 1557 975 Jesum
1583 919 1884 981 Christum,
1912 919 2037 972 uni-

2151 928 2394 1000 5νομάζει
2420 928 2511 980 τὸν
2535 927 2655 979 ἕνα.
2686 924 2841 978 Οὕτω
2866 925 3043 976 τοίνυν
3073 923 3168 975 καὶ
3197 923 3288 974 τὸν
3319 923 3533 991 Κύριον
3564 925 3752 993 ἡμῶν

463 1020 711 1090 genitum
740 1015 837 1069 Dei
887 1014 1107 1076 Filium,
1141 1012 1418 1066 hominem
1456 1011 1658 1064 factum
1693 1011 1863 1063 Deum
1901 1010 2037 1064 Ver-

466 1113 618 1173 bum,
657 1118 714 1163 et
741 1107 939 1161 Filium
979 1105 1074 1160 Dei
1098 1113 1154 1159 et
1179 1105 1377 1157 Filiqu
1409 1102 1648 1157 hominis
1675 1100 2035 1170 appellantes,

464 1203 608 1258 sicut
647 1199 831 1254 edocti
877 1214 906 1251 a
946 1197 1132 1251 divina
1179 1195 1463 1265 Scriptura
1511 1207 1722 1250 sumus.
1759 1189 2041 1258 haudqua~

463 1307 629 1362 quam
651 1290 791 1343 duos
831 1287 974 1341 ﬁlios
1005 1286 1263 1347 dicimus,
1295 1284 1389 1338 sed
1419 1281 1726 1337 divinitatis
1757 1288 1812 1333 et
1845 1279 2038 1332 huma-

464 1380 654 1434 nitatis
688 1376 1057 1448 proprietates
1083 1374 1431 1428 confitemur.
1476 1372 1570 1426 Isti
1600 1386 1732 1425 vero
1774 1385 1840 1423 ex
1880 1370 2041 1424 nobis

465 1478 800 1539 assumptam
859 1474 1123 1537 negantes
1165 1473 1441 1529 naturam,
1487 1479 1629 1534 aegre
1677 1463 1861 1517 ferunt
1913 1478 2038 1517 cum

466 1562 583 1617 haec
612 1560 844 1614 audiunt
877 1557 1092 1630 1248
1125 1573 1156 1610 a
1193 1557 1372 1611 nobis.

533 1715 645 1796 Nos
673 1757 838 1811 porro
869 1739 1142 1794 undenam
1187 1738 1524 1808 impietatem
1565 1737 1725 1790 istam
1753 1736 2040 1792 hauserint
2070 1723 2112 1781 Β

467 1843 686 1904 oportet
731 1834 1130 1888 demonstrare.
1164 1831 1298 1885 Nam
1349 1831 1537 1884 Simon
1570 1830 1813 1899 quidem,
1839 1838 1896 1883 et
1931 1830 2042 1884 Me-

466 1924 700 1986 nander,
740 1921 956 1977 Cerdon
1000 1928 1056 1974 et
1095 1923 1111 1939 ‘
1146 1920 1387 1974 Marcion
1431 1919 1654 1988 penitus
1699 1928 1900 1989 negant
1954 1920 2040 1973 in-

467 2015 863 2077 carnationem,
899 2011 1349 2080 nativitatemque
1405 2026 1473 2064 ex
1525 2010 1747 2080 Virgine
1802 2011 2041 2066 fabulam

465 2118 686 2164 vocant.
734 2107 1056 2163 Valentinus
1102 2113 1306 2167 autem,
1351 2111 1406 2158 et
1432 2103 1723 2169 Basilides,
1753 2113 1809 2158 et
1834 2104 2042 2159 Barde-

466 2217 647 2264 sanes,
674 2210 729 2255 et
761 2201 1111 2260 Harmonius,
1169 2205 1226 2253 et
1274 2196 1368 2266 qui
1414 2195 1659 2266 ejusdem
1704 2204 1833 2250 sunt
1877 2207 2040 2262 notae,

467 2291 707 2363 Virginis
754 2291 976 2361 quidem
1030 2289 1446 2357 conceptionem
1484 2294 1540 2341 et
1582 2296 1801 2357 partum
1841 2287 2042 2342 admit-

466 2393 611 2448 tunt,
645 2384 742 2438 sed
783 2383 920 2438 nihil
965 2399 1032 2437 ex
1061 2382 1281 2452 Virgine
1317 2379 1678 2449 assumpsisse
1708 2381 1880 2435 Deum
1912 2380 2045 2435 Ver-

465 2475 598 2529 bum
634 2474 867 2529 dicunt:
896 2491 994 2543 per
1031 2489 1151 2528 eam
1187 2481 1398 2526 tantum
1442 2471 1599 2541 quasi
1658 2487 1756 2540 per
1797 2473 2042 2526 canalem

465 2563 756 2633 quemdam
782 2564 1083 2633 trajecissc,
1109 2562 1536 2630 hominibusque
1549 2561 1889 2629 apparuisse,
1915 2577 2040 2614 cum

466 2653 703 2722 speciem
729 2655 899 2706 solam
939 2653 1192 2714 referret,
1216 2661 1379 2722 atque
1408 2651 1572 2704 homo
1597 2667 1717 2704 esse
1737 2651 2038 2715 videretur,

466 2741 933 2812 quemadmodum
988 2740 1144 2795 visus
1187 2746 1273 2795 est
1323 2738 1636 2794 Abrahamo
1667 2746 1723 2792 et
1761 2738 1884 2791 aliis
1916 2739 2040 2808 qui-

467 2835 699 2890 busdam
759 2833 1063 2888 veteribus.
1123 2832 1193 2886 At
1240 2846 1374 2886 vero
1418 2829 1581 2884 Arius
1615 2837 1672 2882 et
1715 2829 2038 2894 Eunomius,

467 2942 670 2996 corpus
713 2925 935 2996 quidem
968 2922 1351 2992 assumpsisse,
1385 2920 1478 2975 sed
1509 2919 1705 2972 anima:
1741 2930 1926 2987 partes
1954 2919 2042 2973 di-

465 3018 750 3073 vinitatem
781 3017 1006 3076 obiisse,
1059 3013 1135 3068 ita
1177 3021 1238 3066 ut
1265 3007 1701 3075 humiliapmnia
1737 3015 1851 3059 tum
1873 3007 2040 3060 verba

467 3113 583 3159 tum
615 3105 753 3159 facta
799 3105 927 3157 huic
955 3102 1215 3155 tribuant.
1238 3097 1610 3167 Apollinarius
1633 3110 1766 3148 vero
1801 3095 2040 3149 animam

465 3194 634 3250 etiam
667 3194 839 3262 ipsam
866 3207 990 3245 cum
1028 3203 1261 3260 corpore
1289 3186 1652 3255 assumpsisse
1695 3185 1791 3250 ait,
1821 3200 1930 3238 non
1957 3193 2040 3240 ta-

467 3298 593 3337 men
644 3280 988 3343 rationalem,
1049 3277 1146 3332 sed
1198 3275 1511 3337 animalem,
1545 3290 1641 3329 seu
1682 3276 2042 3346 vegetativam

466 3388 630 3442 quam
667 3378 897 3424 vocant:
923 3369 1123 3423 mentis
1159 3367 1307 3422 enim
1332 3366 1500 3432 vices,
1537 3365 1732 3436 inquit,
1785 3366 2044 3421 divinitas

466 3463 733 3532 implevit.
783 3460 991 3514 Anima:
1037 3466 1223 3512 autem
1273 3457 1585 3526 mentisque
1632 3457 2043 3512 distinctionem

463 3553 536 3608 ab
583 3551 827 3608 externis
875 3550 1070 3605 didicit
1113 3549 1476 3620 philosophis,
1516 3565 1643 3604 cum
1673 3549 1858 3603 divina
1893 3548 2044 3603 Scri-

368 3705 373 3710 _
466 3654 632 3715 ptura
663 3660 731 3698 ex
761 3643 943 3697 anima
981 3651 1038 3697 et
1066 3656 1303 3711 corpore
1338 3649 1591 3694 constare
1638 3640 1915 3695 hominem
1949 3640 2046 3694 do-

465 3746 606 3792 ceat.
656 3755 674 3788 ι
725 3735 1022 3796 Formavit,
1071 3733 1273 3802 inquit,
1319 3733 1465 3787 Deus
1505 3731 1785 3787 hominem
1819 3732 1884 3786 de
1913 3733 2046 3788 limo

465 3837 649 3895 terrm,
680 3838 735 3882 et
765 3825 1055 3896 inspiravit
1083 3825 1138 3878 in
1174 3825 1367 3879 faciem
1396 3827 1516 3896 ejus
1536 3823 1868 3894 spiraculum
1894 3825 2043 3891 vitm,

466 3929 523 3973 et
550 3919 724 3974 factus
753 3927 838 3972 est
864 3919 1030 3971 homo
1057 3916 1112 3969 in
1137 3916 1377 3970 animam
1415 3917 1693 3970 viventem
1709 3917 1778 3969 ’⁸.
1813 3933 1830 3965 ι
1861 3915 2048 3969 EtDo-

469 4009 652 4061 minus
675 4009 729 4061 in
759 4007 930 4060 sacris
963 4005 1274 4075 Evangeliis
1303 4005 1567 4075 apostolis
1599 4005 1736 4059 dixit
1769 4021 1782 4057 :
1816 4024 1835 4055 ι
1867 4005 2046 4060 Nolite

465 4099 662 4153 timere
691 4113 788 4152 eos
815 4097 908 4166 qui
940 4096 1202 4151 occidunt
1222 4112 1421 4167 corpus
1463 4097 1700 4151 animam
1724 4104 1907 4151 autem
1934 4113 2046 4151 non

465 4198 701 4259 possunt
735 4187 990 4242 occidere
1008 4190 1076 4238 ‘7.
1115 4207 1130 4239 ι

539 4471 933 4541 [hereticorum
973 4484 1105 4538 ergo
1151 4467 1465 4538 dogmatum
1520 4477 1668 4522 tanta
1695 4474 1780 4522 est
1817 4469 1961 4523 inter
1984 4485 2044 4524 se

467 4578 649 4634 pugna
679 4571 735 4616 et
764 4559 1055 4618 dissensio.
1085 4559 1178 4614 Isti
1227 4566 1411 4612 autem
1453 4557 1871 4626 Apollinarium,
1909 4560 2043 4630 quin

468 4652 633 4707 etiam
663 4649 876 4721 1249
908 4647 1099 4703 Arium
1140 4655 1194 4700 et
1226 4647 1577 4711 Eunomium,
1614 4647 1893 4717 impietate
1920 4649 2043 4706 vin-

469 4757 594 4795 cere
622 4739 1037 4803 contendentes,
1073 4736 1484 4792 disseminatam
1531 4737 1661 4792 olim
1695 4753 1725 4790 a
1753 4737 2044 4793 Valentino

469 4842 526 4884 et
546 4831 878 4895 Bardesane,
905 4839 1205 4898 posteaque
1243 4844 1274 4882 a
1302 4828 1768 4897 praestantissimis
1791 4829 2044 4900 agricolis

467 4921 736 4975 radicitus
761 4920 1077 4974 convulsam
1109 4919 1366 4983 lizeresin,
1396 4935 1545 4973 nunc
1575 4919 1824 4987 proferre
1862 4921 2043 4974 conati

468 5019 620 5064 sunt.
669 5011 934 5064 Similiter
957 5009 1103 5062 enim
1147 5017 1312 5078 atque
1345 5009 1446 5073 illi,
1472 5017 1814 5078 assumptum
1847 5027 1913 5064 ex
1951 5028 2046 5066 na-

471 5112 595 5157 tura
625 5111 810 5156 nostra
840 5101 1009 5156 fuisse
1052 5100 1271 5156 Domini
1311 5114 1514 5168 corpus
1538 5109 1826 5170 negarunt.
1858 5101 2044 5157 Eccle-

467 5196 552 5249 sia
579 5201 782 5258 autem,
827 5194 1141 5264 apostolicis
1169 5191 1413 5263 vestigiis
1443 5191 1722 5257 insistens,
1749 5200 1805 5246 et
1839 5193 2043 5249 divini-

471 5294 640 5340 tatem
688 5284 1012 5356 perfectam,
1069 5295 1125 5339 et
1185 5284 1582 5338 humanitatem
1641 5283 1935 5353 perfectam
1989 5289 2044 5341 in

468 5375 691 5430 Christo
725 5377 954 5430 Domino
982 5375 1312 5430 considerat.
1342 5376 1408 5429 Et
1440 5375 1897 5445 quemadmodum
1919 5394 2046 5433 cor-

546 5532 593 5562 “
630 5533 766 5588 Gen.
796 5548 855 5596 ιι,
898 5536 948 5587 7.
1023 5535 1068 5562 "
1110 5533 1300 5586 Matth.
1344 5550 1395 5599 ιι,
1423 5531 1512 5586 28.

550 5685 662 5756 (15)
686 5689 780 5742 καί
807 5689 960 5744 abest
990 5704 1017 5741 a
1044 5689 1211 5758 Neap.

2153 1020 2356 1090 Ἰησοῦν
2395 1018 2651 1089 Χριστὸν,
2704 1016 2794 1067 τὸν
2841 1014 3100 1085 μονογενῆ
3133 1013 3226 1065 τοῦ
3259 1013 3397 1066 Θεοῦ
3430 1014 3596 1077 Υἱὸν,
3644 1017 3747 1065 τὶν

2140 1110 2634 1180 ἐνανθρωπήσαντα
2656 1105 2784 1160 Θεὸν
2804 1106 2996 1174 Λόγον,
3020 1106 3113 1157 καὶ
3136 1105 3261 1156 Υίδν
3288 1105 3445 1169 Θεοῦ,
3476 1108 3576 1157 καὶ
3603 1107 3746 1158 Υξὶν

2139 1201 2425 1272 ἀνθρώπου
2479 1197 2993 1269 προσαγορεύοντες,
3036 1196 3112 1257 ὡς
3173 1197 3324 1265 παρὰ
3396 1197 3501 1264 τῆς
3567 1197 3746 1258 θείας

2140 1293 2363 1363 Γραφῆς
2401 1290 2773 1361 ἐδιδάχθημεν,
2815 1289 2873 1340 οὐ
2912 1286 3004 1339 δύο
3033 1287 3212 1356 φαμὲν
3244 1287 3410 1350 υἱοὺς,
3438 1285 3599 1338 ἀλλὰ.
3637 1287 3748 1355 τῆς

2141 1384 2393 1452 θεότητος
2435 1385 2529 1435 καὶ
2583 1384 2680 1450 τῆς
2725 1379 3142 1450 ἀνθρωπότητος
3192 1377 3567 1447 ὁμολογοῦμεν
3635 1379 3748 1440 τὰς

2146 1475 2432 1543 ίδιότητας.
2487 1464 2646 1526 Οὗτοι
2679 1471 2735 1523 δὲ
2765 1473 2864 1540 τὴν
2908 1469 2968 1534 ἐξ
2996 1469 3150 1539 ἡμῶν
3181 1468 3480 1538 ληφθεῖσαν
3517 1471 3739 1539 ἀρνού-

2145 1583 2296 1636 μενοι
2321 1565 2504 1633 φύσιν,
2534 1561 2944 1633 δυσχεραίνουσι
2965 1559 3131 1612 τῶνδε
3153 1559 3258 1611 τῶν
3277 1560 3451 1627 λόγων
3485 1561 3736 1614 ἀκούονς

2145 1675 2258 1720 τες.

2233 1748 2412 1816 Ἠμᾶς
2467 1745 2522 1798 δὲ
2554 1745 2721 1810 δεῖξαι
2756 1744 3022 1814 προσήκει
3074 1741 3234 1796 πόθεν
3281 1741 3485 1812 ταύτην
3537 1744 3728 1811 ἠσπάο

2147 1856 2309 1892 σαντο
2349 1837 2446 1906 τὴν
2500 1835 2776 1890 ἀσέϐειαν.
2813 1835 2994 1903 Σίμων
3044 1835 3141 1904 μὲν
3186 1833 3314 1902 γάρ,
3372 1836 3466 1886 καὶ
3502 1835 3732 1887 Μέναν-

2142 1930 2290 2000 δρος,
2341 1929 2562 2000 Κέρδων
2605 1929 2698 1982 καὶ
2735 1926 2999 1996 Μαρκίων
3039 1926 3382 1985 παντάπασιν
3421 1926 3735 1996 ἀρνοῦνται

2142 2024 2241 2091 τὴν
2279 2017 2710 2090 ὲνανθρώπησιν,
2765 2017 2858 2071 καὶ
2885 2017 2984 2086 τὴν
3033 2017 3097 2069 ἐκ
3143 2017 3418 2086 Παρθένου
3455 2016 3734 2086 γέννησιν

2144 2112 2475 2183 μυθολογίαν
2510 2107 2869 2164 ἀποκαλοῦσι.
2906 2107 3219 2170 Βαλεντίνος
3243 2108 3320 2173 δὲ,
3343 2109 3436 2160 καὶ
3466 2108 3735 2161 Βασιλεία

2143 2206 2258 2274 δης,
2311 2203 2406 2258 καὶ
2453 2201 2839 2273 Βαρδησάνης,
2880 2198 2976 2255 καὶ
3024 2198 3337 2268 ’Ᾱρμόνιος,
3378 2200 3473 2251 καὶ
3522 2201 3576 2251 oi
3621 2200 3732 2268 τῆς

2143 2297 2346 2350 τούτων
2370 2294 2701 2365 συμμορίας,
2732 2291 2976 2362 δέχονται
3017 2291 3120 2362 μὲν
3159 2291 3258 2360 τῆς
3296 2290 3580 2361 Παρθένου
3623 2292 3732 2362 τὴν

2144 2389 2364 2458 κύησιν,
2392 2385 2597 2438 καὶτὸν
2631 2383 2822 2436 τόκονο
2864 2378 3016 2434 οὐδὲν
3048 2381 3104 2433 δὲ
3135 2380 3225 2433 τὸν
3263 2381 3396 2432 Θεὸν
3435 2381 3612 2448 Λόγον
3663 2383 3733 2434 ὲκ

2142 2477 2241 2547 τῆς
2283 2475 2558 2545 Παρθένου
2609 2470 3028 2542 προσειληφέναι
3075 2469 3270 2537 φασὶν,
3316 2468 3450 2522 ἀλλὰ
3486 2469 3731 2538 πάροδόν

2142 2586 2262 2622 τινα
2291 2568 2358 2620 δι’
2392 2565 2561 2634 αὐτῆς
2586 2563 2772 2633 ὥσπερ
2796 2563 2884 2615 διά
2921 2562 3158 2631 σωλῆνος
3198 2561 3556 2633 ποιήσασθαι,
3597 2565 3727 2614 ἐπι-

2143 2660 2377 2728 φανῆναι
2424 2655 2481 2708 δὲ
2522 2656 2634 2718 τοῖς
2670 2651 2978 2722 ἀνθρώποις
3029 2651 3301 2722 φαντασίαι⁵
3347 2652 3726 2722 χρησάμενον,

2144 2749 2238 2804 καὶ
2282 2746 2436 2813 δόξας
2495 2741 2633 2799 εἶναι
2696 2744 3018 2815 ἄνθρωπος,
3073 2743 3132 2795 ὃν
3177 2744 3377 2812 τρόπον
3429 2742 3590 2814 ὥςρθη
3646 2745 3730 2813 τῷ

2157 2840 2431 2910 Ἀϐραὰμ,
2463 2837 2556 2891 καί
2586 2853 2727 2888 τισιν
2762 2835 2944 2898 ἄλλοις
2971 2835 3078 2887 τῶν
3111 2834 3376 2889 παλαιῶν.
3411 2836 3633 2905 Ἄρειος
3667 2837 3729 2888 δὲ

2144 2932 2240 2983 καὶ
2273 2930 2556 2999 Εὐνόμιος,
2611 2928 2771 2998 σῶμα
2809 2927 2908 2997 μὲν
2957 2927 3119 2979 αὐτὸν
3165 2926 3373 2995 ἔφασαν
3412 2927 3723 2997 εἰληφέναι,

2067 3051 2112 3108 C
2143 3024 2242 3093 τὴν
2269 3021 2499 3090 θεότητα
2519 3020 2576 3073 δὲ
2598 3021 2664 3072 τὰ
2693 3019 2789 3108 τῆς
2812 3021 2987 3088 ψυχῆς
3021 3019 3404 3090 ἐνηργηκέναι,
3439 3020 3526 3072 ἵνα
3547 3021 3727 3090 ταύτῃ

2145 3112 2214 3163 τὰ
2242 3110 2474 3162 ταπεινά
2513 3110 2607 3162 καὶ
2661 3107 2773 3160 τῶν
2820 3107 3079 3180 ῥημάτων
3110 3108 3205 3160 καὶ
3237 3107 3346 3159 τῶν
3377 3109 3727 3178 πραγμάτων

2147 3201 2522 3273 προσάψωσιν.
2555 3199 2614 3254 '0
2650 3197 2706 3252 δέ
2741 3215 2804 3259 γε
2843 3196 3217 3267 Ἀπολινάριος
3247 3198 3338 3249 καὶ
3358 3197 3536 3267 ψυχὴν
3561 3198 3728 3249 αὐτὶ-δ

2150 3290 2289 3362 μετὰ
2325 3289 2418 3344 τοῦ
2470 3288 2721 3360 σώματος
2771 3288 2973 3358 ἔφησεν
3001 3287 3301 3357 εἰληφέναι,
3352 3287 3469 3340 ἀλλ’
3513 3288 3576 3340 ού
3622 3288 3730 3359 τὴν

2147 3382 2393 3454 λογικὴν,
2422 3381 2559 3435 ἀλλὰ
2592 3380 2690 3451 τὴν
2722 3378 2956 3450 ζωτικὴν
2988 3379 3158 3448 ἤγουν
3194 3376 3426 3446 φυτικὴν
3461 3377 3731 3447 ὀνομαζο-

2151 3471 2342 3542 μένην.
2379 3469 2486 3523 Τοῦ
2532 3467 2624 3522 νοῦ
2674 3468 2804 3540 γὰρ,
2863 3468 3034 3537 φησὶ,
3068 3467 3166 3536 τὴν
3211 3466 3396 3536 χρείαν
3444 3468 3475 3537 ἠ
3527 3467 3729 3534 θεότης

2148 3564 2409 3634 ἐπλήρου.
2449 3562 2644 3632 Ψυχῆς
2679 3561 2735 3614 δὲ
2766 3561 2860 3614 καὶ
2880 3559 2972 3612 νοῦ
3011 3560 3111 3630 τὴν
3137 3560 3394 3629 διαίρεσιν
3425 3559 3583 3628 παρὰ
3615 3561 3726 3611 τῶν

2149 3653 2254 3719 ἔξω
2303 3652 2594 3724 μεμάθηκε
2633 3651 2957 3722 φιλοσόφων.
2993 3649 3058 3702 Ἦ
3105 3650 3209 3720 γάρ
3261 3648 3378 3701 θεία
3417 3648 3614 3719 rgat-pi;
3662 3650 3728 3700 ἐκ

2147 3744 2325 3815 ψυχῆς
2355 3745 2502 3813 λέγει
2533 3743 2627 3797 καὶ
2657 3741 2909 3812 σώματος
2939 3741 3258 3793 συνεστάναι
3299 3740 3390 3792 τὸν
3418 3737 3724 3807 ἂνθρωπον.

2155 3852 2174 3886 ι
2213 3834 2468 3905 Ἐποίησε
2494 3835 2622 3904 γὰρ,
2678 3833 2864 3902 φησὶν,
2889 3831 2917 3882 ό
2961 3829 3095 3892 Θεὸς
3139 3829 3228 3881 τὸν
3277 3828 3566 3899 ἄνθρωπον
3599 3827 3727 3896 χοῦν

2149 3926 2257 3980 ἀπὸ
2285 3927 2384 3995 τῆς
2415 3927 2538 3995 γῆς,
2567 3925 2662 3978 καὶ
2686 3922 3022 3992 ἐνεφύσησεν
3058 3920 3212 3984 είςτδ
3237 3921 3528 3990 πρόσωπον
3560 3918 3727 3971 αὐτοῦ

2150 4018 2316 4089 πνοὴν
2370 4018 2535 4088 ζωῆς,
2591 4018 2685 4070 καὶ
2742 4016 2962 4085 ἐγένετο
3021 4016 3050 4067 ό
3090 4015 3377 4081 ἅνθρωπος
3421 4015 3500 4076 είς
3544 4013 3728 4083 ψυχὴν

2150 4109 2350 4174 ζῶσαν.
2389 4128 2406 4159 ι
2444 4109 2553 4161 Καὶ
2582 4110 2610 4160 ὀ
2662 4107 2870 4179 Κύριος
2903 4107 2962 4160 ἐν
2996 4108 3109 4169 τοῖς
3157 4107 3323 4176 ἱεροῖς
3371 4105 3729 4171 Εύαγγελίοις

2147 4204 2262 4264 τοῖς
2298 4200 2619 4262 ἀποστόλοις
2659 4199 2763 4268 ἔφη
2784 4213 2800 4228 ·
2835 4217 2854 4248 ι
2883 4196 2974 4268 Μὴ
3027 4195 3282 4264 φοϐεῖσθε
3317 4195 3424 4247 άπὸ
3453 4194 3562 4246 τῶν
3592 4195 3728 4248 ἀπο-

2150 4291 2472 4343 κτεινόντων
2519 4289 2580 4341 τὸ
2633 4289 2813 4360 σῶμα,
2846 4287 2945 4359 τὴν
2977 4286 3032 4338 δὲ
3065 4285 3243 4355 ψυχὴν
3283 4285 3360 4354 μὴ
3408 4284 3726 4353 δυναμένων

2077 4393 2121 4445 Ι)
2152 4382 2491 4436 ἀποκτεῖναι.
2526 4399 2544 4431 ι

2222 4474 2303 4526 Τά
2328 4474 2429 4543 μὲν
2459 4468 2550 4525 οὖν
2581 4472 2689 4525 τῶν
2714 4470 3008 4542 αίρετικῶν
3034 4469 3278 4537 δόγματα
3313 4467 3580 4536 τοσαύτην
3609 4467 3725 4536 ἔχει

2152 4563 2289 4634 πρὸς
2329 4561 2533 4632 ἄλληλα
2566 4560 2862 4630 διαμάχην.
2893 4551 3052 4612 Οὗτοι
3088 4559 3144 4610 δὲ
3187 4557 3278 4610 τὸν
3325 4555 3720 4624 ’Λπολινάριον,

2151 4654 2244 4706 καὶ
2276 4653 2458 4720 μέντοι
2506 4652 2599 4703 καὶ
2623 4651 2840 4722 Ἀρειον
2875 4648 2970 4701 καὶ
3009 4647 3272 4718 Εὐνόμιον
3305 4645 3610 4716 ὑπερϐῆναι
3657 4648 3720 4712 τῇ

2153 4741 2378 4810 ἀσεϐείᾳ
2426 4741 2925 4810 φιλονεικήσαντες,
2958 4738 3053 4807 τὴν
3099 4737 3205 4804 ὑπὸ
3263 4735 3580 4789 Βαλεντίνου
3633 4740 3724 4787 καὶ

2153 4833 2502 4902 Βαρδησάνου
2534 4831 2700 4884 πάλαι
2735 4832 3037 4902 σπαρεῖσαν
3071 4829 3305 4899 αἵρεσιν,
3344 4824 3460 4881 εἶτα
3490 4830 3722 4900 πρόρρι-

2152 4923 2243 4986 ζον
2279 4923 2382 4975 ὑπὸ
2414 4923 2522 4974 τῶν
2557 4923 2796 4993 ἀρίστων
2818 4919 3265 4975 άνασπασθεῖσαν
3295 4918 3580 4989 γεωργῶν,
3627 4937 3724 4988 cpu-

2151 5013 2343 5065 τεῦσαι
2382 5013 2477 5066 νῦν
2502 5011 2891 5083 ἐπειράθησαν.
2928 5011 3330 5082 Παραπλησίως
3361 5011 3470 5081 γὰρ
3492 5011 3720 5073 ἐκείνοις

2152 5104 2468 5174 ἠρνήθησαν
2512 5106 2575 5156 ἐκ
2609 5105 2706 5174 τῆς
2755 5104 3028 5174 ἡμετέρας
3060 5101 3272 5171 φύσεως
3325 5101 3724 5173 προσειλῆφθαι

2151 5199 2244 5252 τοῦ
2270 5199 2542 5252 Δεσπότου
2572 5199 2633 5251 τὸ
2672 5198 2850 5267 σῶμα.
2889 5198 2952 5250 ’Π
2985 5197 3042 5248 δὲ
3088 5196 3403 5266 Ἐκκλησία,
3443 5197 3558 5256 τοῖς
3588 5195 3726 5245 dm-

2155 5289 2421 5352 στολικοῖς
2454 5289 2653 5360 ἴχνεσιν
2683 5288 2950 5358 ἑπομένη,
2978 5288 3071 5339 καὶ
3101 5287 3328 5357 θεότητα
3356 5285 3594 5350 τελείαν,
3634 5284 3725 5336 καὶ

2155 5380 2548 5453 ἀνθρωπότητα
2594 5381 2806 5435 τελείαν
2841 5384 2899 5434 ὲν
2935 5379 3012 5449 τῷ
3049 5380 3295 5451 Δεσπότη
3329 5376 3552 5449 Χριστῷ
3584 5375 3728 5429 05w-
