3962 6204
285 316 423 387 1381

1581 309 1942 372 EPISTULA
1980 308 2188 368 CXLV.

3396 305 3534 370 1382

286 432 390 502 psi.
420 429 633 499 Ὠσπερ
653 426 760 497 γάρ
792 425 950 479 ἔλαϐε
986 426 1169 496 σῶμα,
1200 427 1261 477 ού
1295 426 1549 496 δεόμενος
1581 422 1850 491 σώματος,

1964 431 2057 486 pus
2080 415 2314 484 sumpsit
2353 429 2586 485 corpore
2625 432 2731 471 non
2759 430 2947 487 egens,
2981 414 3077 470 sed
3107 422 3166 469 ut
3208 415 3536 485 corporibus

283 520 420 574 ἀλλά
450 520 583 573 πᾶσι
624 521 735 581 τοῖς
784 515 997 587 σώμασι
1054 516 1121 569 δι’
1160 516 1368 569 ἐκείνου
1412 514 1511 585 τὴν
1554 511 1852 567 ἀθανασίαν

286 608 843 682 πραγματευόμενος·
897 605 1041 659 οὕτω
1090 606 1154 677 δὴ
1207 606 1300 658 καὶ
1336 604 1514 675 ψυχὴν
1559 602 1714 655 ἔλαϐε
1754 598 1853 669 τὴν

286 700 636 772 κυϐερνῶσαν
682 698 745 759 τὸ
784 697 961 767 σῶμα,
1012 697 1101 749 ἴνα
1151 698 1303 750 πᾶσα
1323 695 1471 765 ψυχὴ
1509 694 1598 747 διά
1649 691 1853 760 ταύτης

292 792 538 863 μετάσχῃ
584 790 684 859 τῆς
721 789 1142 859 άτρεπτότητος.
1193 788 1258 839 El
1296 787 1406 856 γὰρ
1454 786 1548 839 καὶ
1593 783 1854 838 ἀθάνατοί

288 882 426 931 εἰσιν
454 881 510 935 al
544 880 739 949 ψυχαὶ,
782 877 897 931 ἀλλ’
936 877 1037 930 ούκ
1074 878 1355 945 ἄτρεπτοι.
1387 876 1595 938 Πολλὰς
1626 875 1735 945 γάρ
1759 874 1855 927 καὶ

287 970 690 1040 ἁγχιστρὸφους
727 966 1025 1037 μεταϐολάς
1073 965 1424 1035 ὑπομένουσι,
1472 965 1566 1018 νῦν
1608 965 1708 1033 μὲν
1733 963 1855 1016 τού-

286 1076 399 1122 τοις
434 1057 820 1128 ἀρεσκόμεναι,
850 1056 945 1110 νῦν
980 1056 1038 1109 δὲ
1072 1056 1325 1118 ἐκείνοις.
1358 1049 1433 1109 Ob
1462 1055 1527 1124 δὴ
1562 1055 1722 1125 χάριν
1761 1054 1855 1106 καὶ

289 1147 720 1218 πλημμελοῦμεν
749 1149 1162 1217 ἐκτρεπόμενοι,
1214 1149 1308 1204 καὶ
1338 1149 1433 1219 τὴν
1460 1150 1553 1201 ἐπὶ
1585 1150 1653 1202 ea
1686 1148 1855 1218 χείρω

291 1238 465 1307 ῥοπὴν
509 1235 891 1307 είσᾶεχόμενοι.
943 1238 1098 1291 Μετά
1141 1238 1196 1292 δὲ
1231 1237 1330 1308 τὴν
1364 1238 1682 1302 ἀνάστασιν,
1721 1238 1855 1289 ἀπο-

288 1328 444 1381 λαύει
493 1327 592 1397 μὲν
625 1325 921 1389 ἀθανασίας
974 1326 1070 1380 καὶ
1130 1326 1437 1397 ἀφθαρσίας
1486 1327 1555 1379 τά
1603 1323 1853 1395 σώματα,

286 1418 620 1473 ἀπολαύουσι
649 1416 705 1469 δὲ
729 1416 994 1479 ἀπαθείας
1017 1417 1111 1471 καὶ
1138 1418 1539 1488 ἀτρεπτότητος
1567 1418 1623 1470 αἱ
1664 1415 1853 1485 ψυχαί.

289 1511 389 1564 Διά
409 1526 492 1563 τοι
511 1509 683 1569 τοῦτο.
705 1509 976 1579 καὶσῶμα
991 1509 1169 1562 λαϐὼν
1193 1511 1288 1563 καὶ⁵
1300 1511 1483 1580 ψυχὴν
1510 1512 1539 1563 6
1563 1509 1857 1579 μονογενὴς

288 1601 421 1664 Υἱὸς
466 1599 602 1653 Θεοῦ
641 1601 775 1668 (14),
814 1599 1006 1670 μώμου
1054 1600 1226 1654 ταῦτα
1255 1601 1456 1664 παντὸς
1489 1600 1750 1669 ἐλεύθερα
1776 1598 1856 1651 δι-

287 1690 544 1760 εφύλαξε,
574 1690 668 1744 καὶ
688 1691 787 1761 τὴν
824 1691 966 1760 ὑπὲρ
997 1691 1089 1744 τοῦ
1112 1692 1298 1760 γένους
1328 1692 1520 1746 θυσίαν
1553 1691 1859 1762 προσήνεγ-

290 1796 405 1832 κεν.
436 1779 537 1831 Διά
570 1778 678 1848 γὰρ
703 1778 767 1848 δὴ
806 1777 964 1831 τοῦτο
988 1778 1084 1832 καὶ
1112 1779 1402 1849 ἀρχιερεὺς
1428 1778 1584 1849 ήμῶν
1604 1777 1857 1848 ἐχρημά-

288 1882 468 1921 τισεν·
495 1867 787 1938 ἀρχιερεὺς
815 1866 873 1920 δὲ
895 1868 993 1937 οὐχ
1029 1866 1105 1929 ὼς
1132 1866 1285 1931 Θεὸς,
1325 1867 1440 1920 ἀλλ’
1472 1867 1547 1930 ὡς
1574 1867 1859 1936 ἄνθρωπος

293 1958 578 2027 κέκληται.
616 1957 727 2010 Καὶ
767 1957 929 2020 αὐτὸς
960 1958 1260 2029 προσφέρει
1303 1957 1401 2027 μὲν
1440 1956 1518 2019 ὡς
1550 1951 1857 2026 ἄνθρωπος,

289 2046 506 2117 δέχεται
562 2044 619 2098 δὲ
668 2045 769 2117 τὴν
812 2045 1004 2099 Θυσίαν
1048 2047 1187 2117 μετά
1226 2044 1322 2098 τοῦ
1373 2044 1584 2116 Πατρὺς
1634 2045 1728 2097 καὶ
1765 2042 1858 2096 τοῦ

288 2136 448 2205 ἁγίου
480 2135 789 2206 Πνεύματος
810 2135 887 2198 ὡς
912 2136 1063 2200 Θεός.
1097 2138 1159 2190 El
1196 2137 1294 2207 μὲν
1322 2134 1432 2207 γὰρ
1469 2135 1565 2189 τοῦ
1599 2136 1773 2208 ’Δδάμ
1797 2137 1861 2190 τὸ

293 2228 452 2298 σῶμα
487 2228 646 2298 μόνον
671 2227 1002 2298 ἐξήμαρτεν,
1035 2228 1143 2280 ἔδει
1175 2228 1335 2281 τοῦτο
1366 2227 1526 2298 μόνον
1555 2228 1860 2282 ἀπολαῦσαι

288 2318 390 2387 τῆς
424 2317 742 2388 θεραπείας.
776 2318 927 2370 Ἐπεὶ
961 2317 1019 2370 δὲ
1039 2318 1100 2371 οὐ
1127 2319 1286 2389 μόνον
1326 2322 1690 2392 συνήμαρτεν,
1724 2317 1862 2372 ἀλλά

290 2410 388 2464 καὶ
424 2411 778 2480 προήμαρτεν
811 2410 844 2478 ή
872 2409 1018 2479 ψυχὴ
1058 2410 1348 2482 (πρότερος
1397 2413 1506 2483 γὰρ
1545 2413 1573 2465 6
1600 2410 1861 2479 λογισμὸς

290 2499 580 2570 διαγράφει
615 2498 714 2568 τὴν
739 2498 1037 2568 ἁμαρτίαν,
1071 2496 1173 2551 εἷθ’
1205 2500 1378 2562 οὕτως
1407 2499 1612 2567 ταύτην
1641 2499 1729 2552 διὰ
1764 2497 1860 2552 τοῦ

296 2588 548 2658 σώματος
582 2590 816 2657 ἐνεργεῖ)
849 2603 862 2615 ·
899 2586 1105 2641 δίκαιον
1127 2583 1195 2658 ἦν
1220 2588 1391 2659 δήπου
1415 2589 1510 2642 καὶ
1529 2588 1735 2657 ταύτην
1759 2588 1860 2659 τῆς

294 2676 532 2747 ἰατρείας
555 2679 761 2745 τυχεῖν.
812 2674 975 2729 Ἀλλά
1013 2677 1121 2747 γὰρ
1157 2676 1427 2748 παρέλκον
1455 2680 1588 2743 ἴσως
1617 2679 1681 2732 ὲκ
1714 2678 1861 2747 λογι-

293 2768 447 2839 σμῶν
498 2767 768 2821 ποιεῖσθαι
818 2767 1008 2821 τούτου
1036 2771 1134 2832 τάς
1182 2769 1507 2834 ἀποδείξεις,
1555 2770 1653 2840 τῆς
1711 2768 1862 2833 θείας

291 2858 450 2913 τοῦτο
484 2857 672 2928 σαφῶς
713 2857 1094 2931 κηρυττούσης
1129 2859 1376 2930 Γραφῆς.
1406 2859 1518 2913 Καὶ
1550 2859 1660 2929 γὰρ
1695 2858 1862 2912 Δαϐὶδ

291 2952 322 3005 6
351 2949 639 3013 θεσπέσιος
669 2952 763 3004 καὶ
790 2951 819 3003 6
846 2950 1118 3015 θειότατος
1143 2951 1348 3023 Πέτρος
1377 2949 1671 3023 διαρρήδην
1706 2950 1862 3004 τοῦτο

293 3041 658 3105 διδάσκουσιν,
682 3042 711 3093 6
743 3042 843 3111 μὲν
873 3041 1156 3113 πόρρωθεν
1188 3040 1587 3113 προθεσπίζων,
1620 3044 1649 3095 6
1673 3040 1733 3094 δὲ
1761 3041 1861 3111 τὴν
1887 3074 1932 3132 C

295 3134 601 3205 πρόρρησιν
620 3132 992 3204 ἐρμνηνεύων.
1010 3133 1148 3204 Φησὶ
1165 3133 1221 3187 δὲ
1242 3133 1386 3189 οὕτω
1410 3134 1518 3188 τῶν
1548 3133 1862 3189 ἀποστόλων

293 3228 323 3279 6
352 3224 565 3296 πρῶτος
584 3239 598 3253 ⁸
637 3244 654 3276 ι
685 3226 979 3298 Προφήτης
1005 3225 1266 3297 ὑπάρχων
1302 3227 1330 3279 6
1361 3226 1549 3290 AaGlB,
1575 3225 1673 3279 καὶ
1707 3222 1865 3287 εἰδὼς

295 3316 378 3368 ὅτι
412 3317 560 3386 ὅρκῳ
585 3314 799 3385 ὤμοσεν
831 3314 1023 3386 αὐτῷό
1045 3314 1177 3378 Θεὸς
1207 3316 1272 3368 ὲκ
1301 3313 1515 3387 καρποῦ
1538 3314 1638 3384 τῆς
1665 3312 1866 3383 ὀσφύος

295 3405 459 3458 αὐτοῦ
495 3406 821 3474 ἀναστήσειν
854 3402 998 3456 κατά
1032 3403 1211 3469 σάρκα
1247 3402 1339 3456 τὸν
1362 3402 1615 3473 Χριστὸν,
1646 3400 1867 3455 καθίσαι

297 3496 392 3550 tul
422 3494 516 3550 τοῦ
563 3494 757 3567 θρόνου
792 3493 984 3561 αὐτοῦ,
1030 3491 1295 3565 προειδὼς
1329 3492 1558 3563 ὲλάλησε
1599 3492 1728 3565 περὶ
1768 3492 1868 3563 τῆς

296 3585 646 3648 ἀναστάσεως
673 3584 861 3650 αὐτοῦ,
888 3585 972 3638 ὅτι
1013 3585 1113 3637 οὐκ
1140 3583 1535 3654 ἐγκατελείφθη
1572 3584 1653 3646 είς
1681 3581 1807 3654 ᾅδου
1832 3583 1867 3652 ή

298 3673 445 3747 ψυχὴ
471 3674 657 3740 αὐτοῦ,
681 3676 803 3729 οὐδὲ
836 3676 871 3746 ή
898 3675 1034 3747 σάρξ
1059 3674 1225 3728 αὐτοῦ
1257 3670 1400 3729 εἶδεν
1426 3674 1742 3745 διαφθοράν.
1772 3692 1793 3725 ι

372 3768 551 3821 Πολλὰ
579 3768 636 3821 δὲ
667 3767 809 3821 κατά
850 3768 1046 3821 ταυτὸν
1081 3768 1227 3838 ἡμᾶς
1255 3766 1343 3821 διὰ
1381 3766 1494 3821 τῶν
1526 3766 1723 3833 ὀλίγων
1750 3763 1872 3818 τού-

300 3877 410 3913 των
435 3858 784 3925 ὲξεπαίδευσε
818 3859 1013 3926 λόγων.
1040 3858 1265 3929 Πρῶτον
1295 3858 1396 3929 μὲν
1427 3859 1502 3922 ὡς
1538 3859 1571 3930 ή
1605 3857 1870 3928 ληφθεῖσα

304 3948 463 4018 φύσις
507 3949 571 4000 ἐκ
610 3948 708 4017 τῆς
753 3948 950 4018 ὀσφύος
999 3950 1093 4002 τοῦ
1119 3950 1281 4004 Δαϐὶδ
1309 3951 1537 4018 κατάγει
1569 3949 1631 4012 τὸ
1673 3950 1828 4018 γένος
1852 3964 1869 3980 θ

303 4037 493 4089 ἔπειτα
520 4036 576 4090 δὲ
601 4036 684 4089 ὅτι
712 4037 771 4089 ού
810 4021 970 4109 σῶμα
1000 4038 1182 4108 μόνον,
1213 4039 1351 4094 ἀλλά
1390 4039 1486 4094 καὶ
1531 4038 1710 4110 ψυχὴν
1739 4040 1873 4093 ἀθά-

302 4141 461 4178 νατον
485 4123 673 4177 ἔλαϐε*
702 4126 795 4177 καὶ
826 4125 964 4196 πρὸς
991 4125 1221 4189 τούτοις.
1245 4127 1328 4181 ὅτι
1355 4126 1529 4180 ταῦτα
1552 4125 1629 4195 τῷ
1659 4124 1874 4195 θανάτῳ

301 4213 617 4283 παρέδωκεν
651 4212 787 4285 (15),
817 4213 853 4268 ἃ
879 4213 1062 4268 λαϐὼν
1103 4215 1265 4269 πάλιν
1315 4216 1613 4287 ἀνέστησεν
1641 4214 1717 4277 ὡς
1749 4214 1873 4284 ἠθέ-

301 4306 486 4377 λησεν.
521 4305 697 4359 Αὑτοῦ
725 4307 834 4377 γάρ
874 4307 1023 4360 ἐστιν
1049 4308 1084 4378 ἡ
1117 4309 1268 4379 φωνή
1293 4324 1307 4338 ’
1341 4326 1360 4358 ι
1385 4306 1599 4361 Λύσατε
1629 4307 1721 4361 τὸν
1748 4306 1872 4359 ναὸν

299 4396 507 4462 τοῦτον,
539 4396 634 4449 καὶ
672 4398 730 4449 ὲν
778 4397 957 4467 τρισὶν
999 4397 1234 4468 ἡμέραις
1268 4397 1445 4470 εγερῶ
1469 4398 1648 4453 αὐτόν.
1691 4416 1710 4449 ι
1759 4398 1873 4451 Με-

304 4487 631 4557 μαθήκαμεν
652 4485 708 4538 δὲ
744 4484 879 4558 (l6),
914 4486 988 4549 ὡς
1014 4489 1049 4556 ή
1093 4487 1212 4541 θεία
1244 4487 1404 4555 φύσις
1441 4488 1729 4552 ἀθάνατος.
1766 4488 1870 4541 Πέ-

304 4576 465 4628 πονοε
506 4575 618 4645 γὰρ
656 4578 718 4628 τὸ
773 4576 1046 4646 παθητὸν,
1079 4579 1172 4630 καὶ
1218 4578 1279 4630 τὸ
1318 4578 1528 4641 ἀπαθὲς
1562 4578 1870 4649 μεμένηκεν

299 4664 531 4726 ἀπαθές.
550 4665 968 4737 Ἐνηνθρὼπησε
987 4664 1096 4737 γάρ
1124 4670 1152 4721 6
1172 4667 1304 4731 Θεὸς
1324 4668 1519 4737 Λόγος,
1531 4669 1629 4738 οὐχ
1650 4668 1741 4721 ἴνα
1764 4685 1870 4720 πα-

302 4752 471 4824 θητὴν
492 4755 749 4827 ἀποφήνῃ
774 4756 870 4826 τὴν
893 4757 1075 4829 ἀπαθῆ
1101 4757 1282 4826 φύσιν,
1301 4758 1415 4811 ἀλλ’
1447 4759 1535 4814 ἵνα
1559 4762 1626 4831 τῇ
1651 4759 1867 4830 παθητῇ

300 4843 461 4913 φύσει
508 4844 597 4898 διὰ
626 4845 719 4915 τοῦ
753 4847 955 4911 πάθους
976 4850 1073 4919 τὴν
1106 4849 1377 4903 ἀπάθειαν
1397 4849 1732 4921 δωρήσηται.
1757 4849 1867 4902 Καὶ

299 4935 460 4999 αὐτὸς
497 4936 554 4988 δὲ
594 4937 622 4989 6
658 4937 859 5008 Κύριος
902 4940 963 4992 ὲν
1005 4942 1117 5002 τοῖς
1169 4941 1334 5010 ἱεροῖς
1378 4941 1731 5010 Εὑαγγελίοις
1774 4941 1869 4997 νῦν

303 5026 402 5097 μέν
434 5044 599 5097 φησιν
621 5043 636 5059 ⁸
673 5045 692 5079 ι
728 5029 1005 5094 Ἐξουσίαν
1033 5034 1140 5102 ἔχω
1188 5033 1362 5088 θεῖναι
1399 5036 1498 5104 τὴν
1533 5035 1713 5108 ψυχήν
1738 5054 1865 5107 μου,

299 5117 395 5172 καὶ
417 5119 664 5182 ἐξουσίαν
685 5121 791 5191 ἔχω
805 5125 965 5179 πάλιν
990 5125 1172 5179 λαϐεῖν
1188 5127 1379 5198 αὑτήν.
1400 5128 1591 5193 Οὐδεὶς
1607 5129 1750 5202 αἴρει
1768 5132 1868 5185 αύ-

298 5207 399 5277 τὴν
430 5209 526 5261 ἀπ’
549 5210 716 5279 ἐμοῦο
754 5210 865 5281 ἐγὼ
895 5216 1085 5286 τίθημι
1134 5218 1304 5291 αὐτὴν
1340 5220 1435 5274 ἀπ’
1486 5221 1747 5292 ἐμαυτοῦ,
1778 5223 1865 5278 ἵνα

298 5298 463 5352 πάλιν
503 5298 654 5353 λάϐω
677 5302 848 5374 αὐτήν
921 5323 941 5356 ι
975 5306 1070 5361 νῦν
1106 5307 1198 5363 δέ·
1233 5330 1252 5362 ι
1288 5310 1390 5366 Διά
1418 5313 1576 5368 τοῦτο
1603 5317 1632 5370 ὸ
1672 5319 1864 5390 Πατήρ

304 5542 311 5551 ν
358 5468 417 5501 ⁴⁸
453 5472 576 5530 Act.
613 5490 673 5541 ιι,
695 5476 785 5543 50,
823 5479 918 5557 5i.
989 5480 1057 5534 ".
1096 5482 1253 5540 Joan.
1284 5503 1341 5556 ιι,
1374 5489 1462 5547 l9.

373 5628 484 5771 (ﬂ;
513 5628 608 5682 τοῦ
632 5629 767 5685 Θεοῦ
788 5632 959 5703 Neap.

373 5700 462 5771 (15
514 5701 893 5771 παραδέδωκεν
921 5705 959 5760 Ν

371 5700 483 5772 (15)
514 5701 893 5771 παραδέδωκεν
906 5700 1082 5779 Neap.

1952 507 2212 562 omnibus
2249 522 2346 576 per
2390 506 2527 562 illud
2575 516 2858 578 praestaret
2909 505 3374 561 immortalitatem
3405 524 3418 559 :
3453 508 3535 562 sic

1953 607 2012 651 et
2047 597 2283 651 animam
2309 598 2544 667 sumpsit
2569 613 2771 667 corpus
2808 598 3226 667 gubernantem,
3260 606 3322 649 ut
3356 598 3536 650 omnis

1948 702 2053 757 per
2085 687 2230 740 illam
2254 686 2436 741 anima
2460 687 2963 741 immutabilitatem
2995 686 3413 756 adipisceretur.
3446 687 3538 739 Li-

1954 787 2044 832 cet
2073 776 2221 831 enim
2278 778 2616 831 immortales
2649 778 2761 832 sint
2806 778 3020 842 animae,
3059 793 3162 830 non
3213 785 3393 829 tamen
3431 775 3539 827 im-

1955 866 2270 921 mutabiles.
2298 866 2496 921 Multas
2527 868 2675 921 enim
2709 883 2913 936 easque
2946 868 3267 936 frequentes
3294 866 3540 921 subeunt

1952 956 2313 1021 mutationes,
2367 971 2495 1010 cum
2548 956 2714 1011 modo
2764 957 2856 1010 bis
2911 957 3277 1022 delectentur,
3331 956 3539 1011 ’modo

1954 1046 2084 1101 illis.
2110 1046 2232 1113 Quo
2255 1062 2387 1101 sane
2420 1046 2482 1101 ﬁt
2521 1048 2686 1101 etiam
2724 1055 2786 1101 ut
2827 1062 3141 1116 peccemus,
3181 1047 3314 1101 dum
3347 1047 3415 1100 ad
3441 1047 3539 1102 de-

1955 1137 2161 1193 teriora
2182 1132 2582 1201 convertimur,
2602 1146 2658 1192 et
2686 1137 2753 1192 ad
2773 1153 2836 1192 ea
2858 1139 3286 1207 propendemus.
3303 1139 3431 1192 Post
3451 1153 3539 1193 re-

1955 1228 2354 1283 surrectionem
2365 1236 2549 1283 autem
2564 1227 2822 1282 fruuntur
2836 1242 3069 1297 corpora
3084 1228 3305 1297 quidem
3319 1228 3543 1282 immor-

1958 1319 2166 1373 talitate
2210 1327 2268 1372 et
2310 1319 2749 1388 incorruptione,
2780 1320 2976 1373 animae
3008 1334 3142 1373 vero
3188 1317 3541 1388 impassibili-

1960 1419 2128 1465 tatem
2167 1409 2420 1465 obtinent
2458 1420 2515 1464 et
2542 1409 3067 1464 immutabilitatem.
3094 1411 3388 1479 Propterea
3414 1425 3540 1464 eum

1956 1511 2016 1555 et
2043 1501 2280 1554 animam
2304 1508 2360 1555 et
2391 1514 2592 1569 corpus
2622 1500 2948 1568 sumpsisset
2982 1500 3301 1570 unigenitus
3326 1501 3423 1555 Dei
3450 1501 3541 1556 Fi—

1956 1590 2087 1655 lius,
2109 1590 2227 1644 haec
2254 1590 2324 1644 ab
2350 1589 2500 1643 omni
2538 1589 2661 1643 labe
2694 1589 2869 1643 libera
2898 1590 3160 1653 servavit,
3196 1590 3543 1658 bestiamque

1958 1679 2162 1733 obtulit
2212 1694 2311 1749 pro
2335 1694 2535 1750 genere
2587 1679 2880 1745 universo;
2914 1679 3148 1748 ideoque
3196 1686 3253 1733 et
3298 1681 3545 1748 pontitex

1959 1779 2149 1826 noster
2166 1771 2473 1841 appellatus
2496 1778 2602 1825 est.
2636 1770 2890 1825 Pontifex
2922 1778 3107 1825 autem
3137 1786 3246 1823 non
3286 1777 3348 1823 ut
3370 1771 3540 1835 Deus,

1959 1863 2058 1916 sed
2085 1870 2146 1916 ut
2176 1862 2342 1916 homo
2379 1869 2607 1916 vocatus
2630 1869 2746 1926 est;
2778 1869 2835 1915 et
2868 1861 2986 1931 ipse
3023 1861 3249 1930 quidem
3280 1861 3444 1916 oﬂ‘ert
3483 1867 3545 1913 ut

1960 1956 2147 2022 homo,
2199 1954 2430 2026 suscipit
2460 1964 2642 2010 autem
2694 1955 2928 2009 hostiam
2965 1969 3090 2009 eum
3128 1955 3288 2009 Patre
3334 1962 3544 2008 etcum

1960 2055 2152 2101 sancto
2213 2029 2422 2116 Spiritu
2470 2055 2529 2099 ut
2561 2046 2727 2100 Deus.
2758 2045 2977 2101 Etenim
3016 2044 3061 2098 si
3108 2044 3299 2101 Adami
3343 2059 3548 2113 corpus

1960 2136 2140 2191 solum
2168 2144 2466 2206 peccasset,
2498 2137 2604 2191 hoc
2626 2135 2839 2206 1250
2858 2136 3034 2190 solum
3061 2134 3242 2190 curari
3275 2134 3544 2205 oportuis-

1963 2234 2069 2282 set.
2101 2225 2242 2292 Quia
2262 2240 2397 2280 vero
2420 2227 2602 2281 anima
2621 2241 2732 2281 non
2759 2226 2938 2281 solum
2965 2225 3127 2279 simul
3155 2227 3425 2295 peccavit,
3448 2222 3547 2278 sed

1960 2319 2118 2390 prius
2142 2318 2309 2375 etiam
2336 2318 2584 2389 peccavit
2601 2317 2775 2389 (prior
2797 2318 2956 2373 enim-
2973 2317 3234 2388 cogitatio
3258 2323 3549 2386 peccatum

1961 2411 2238 2483 designat,
2267 2420 2386 2467 tum
2442 2409 2580 2465 illud
2620 2409 2821 2464 deinde
2855 2424 2954 2478 per
2995 2423 3199 2477 corpus
3236 2404 3545 2476 operatur),

1959 2519 2182 2574 :equum
2217 2503 2324 2558 fuit
2347 2502 2575 2559 omnino
2605 2503 2748 2557 hanc
2782 2501 2950 2556 etiam
2977 2499 3281 2569 persanari.
3324 2498 3431 2552 Sed
3459 2512 3551 2552 su-

1961 2608 2367 2665 pervacaneum
2410 2601 2496 2647 est
2538 2591 2773 2646 fortasse
2823 2590 3134 2645 rationibus
3169 2590 3276 2643 hoc
3322 2587 3552 2641 demon-

1962 2693 2162 2752 strare,
2206 2699 2334 2740 cum
2374 2684 2560 2740 divina
2622 2685 2909 2754 Scriptura
2958 2691 3152 2753 aperte
3200 2679 3547 2751 prOnuntiet.

1961 2776 2103 2835 Nam
2128 2783 2187 2831 et
2220 2775 2441 2830 divinus
2475 2774 2670 2842 David,
2699 2783 2756 2831 et
2788 2772 3170 2831 divinissimus
3215 2773 3416 2831 Petrus
3467 2770 3552 2825 di-

1963 2873 2114 2923 serte
2136 2863 2244 2920 hoc
2265 2863 2491 2930 docent,
2520 2864 2611 2919 ille
2639 2864 2815 2919 multo
2833 2872 2961 2919 ante
2991 2863 3317 2929 vaticinans,
3345 2861 3439 2915 hic
3458 2876 3559 2916 va-

1965 2955 2219 3012 ticinium
2262 2955 2570 3011 declarans.
2599 2955 2691 3012 Sic
2722 2965 2906 3012 autem
2937 2957 3018 3010 ait
3053 2955 3312 3025 princeps
3333 2959 3555 3022 aposto-

1963 3046 2146 3102 lorum
2181 3064 2194 3100 :
2230 3066 2249 3098 ‹
2280 3046 2555 3116 Propheta
2574 3062 2702 3101 cum
2723 3056 2871 3103 esset
2899 3045 3094 3111 David,
3121 3052 3178 3099 et
3200 3044 3372 3100 sciret
3402 3042 3551 3114 quod

1962 3135 2327 3208 jurejurando
2349 3136 2593 3207 jurasset
2623 3136 2701 3190 illi
2725 3137 2870 3191 Deus
2890 3134 3246 3191 excitandum
3267 3132 3552 3187 Christum

1967 3225 2273 3282 secundum
2301 3240 2548 3293 carnem,
2582 3226 2651 3281 de
2690 3227 2873 3282 fructu
2900 3224 3077 3281 lumbi
3104 3225 3245 3295 ejus,
3272 3232 3336 3278 ut
3363 3221 3555 3277 sedeat

1967 3332 2135 3388 super
2155 3315 2343 3371 sedem
2371 3317 2512 3386 ejus,
2548 3316 2846 3385 providens
2894 3318 3113 3372 locutus
3147 3322 3234 3370 est
3261 3314 3330 3369 de
3362 3328 3551 3370 resur-

1968 3404 2216 3459 rectione
2243 3403 2451 3458 Christi
2476 3421 2490 3456 :
2516 3404 2647 3472 quia
2668 3421 2850 3475 neque
2872 3404 3135 3459 derelicta
3156 3412 3241 3458 est
3258 3405 3315 3457 in
3339 3403 3555 3458 inferno

1968 3496 2152 3552 anima
2176 3496 2316 3567 ejus,
2333 3510 2512 3565 neque
2539 3512 2669 3552 caro
2690 3498 2812 3568 ejus
2842 3496 2983 3552 vidit
3010 3496 3428 3566 corruptionem
3445 3493 3547 3548 ³⁸.»

2042 3783 2212 3839 Multa
2249 3791 2433 3838 autem
2461 3782 2654 3854 paucis
2696 3783 2785 3840 bis
2818 3784 3006 3841 verbis
3026 3786 3219 3841 eadem
3253 3799 3420 3855 opera
3451 3800 3555 3842 nos

1971 3875 2181 3932 docuit.
2218 3875 2463 3930 Primum
2486 3875 2733 3946 quidem,
2763 3878 2911 3947 quod
2952 3887 3148 3933 natura
3178 3888 3458 3948 assumpta
3485 3879 3555 3933 de

1971 3966 2162 4022 lumbo
2182 3966 2403 4022 Davidis
2430 3983 2606 4038 genus
2635 3967 2805 4023 ducat
2836 3969 3073 4024 :deinde
3105 3969 3252 4039 quod
3287 3984 3397 4029 non
3427 3985 3555 4024 cor-

1970 4074 2076 4128 pus
2099 4058 2297 4125 solum,
2325 4058 2423 4114 sed
2446 4059 2686 4115 animam
2719 4076 2940 4131 quoque
2992 4062 3290 4132 sumpserit
3327 4062 3555 4117 immor-

1973 4148 2137 4207 talem
2168 4166 2182 4202 :
2208 4157 2266 4204 et
2294 4158 2559 4219 praeterea
2585 4151 2735 4221 quod
2764 4152 2930 4207 morti
2962 4153 3081 4209 hac
3103 4153 3411 4219 tradiderit,
3435 4169 3558 4223 quae

1973 4238 2180 4295 iterum
2228 4253 2455 4295 sumens
2501 4241 2859 4297 exsuscitavi‘t
2929 4243 3074 4297 sicut
3125 4243 3319 4298 voluit.
3379 4243 3558 4313 Ipsius

1973 4329 2123 4387 enim
2158 4345 2263 4385 vox
2286 4339 2369 4386 est
2409 4349 2423 4385 :
2455 4350 2474 4382 ι
2513 4330 2721 4387 Solvite
2750 4333 3016 4403 templum
3049 4333 3173 4398 hoc,
3205 4343 3262 4388 et
3290 4334 3347 4388 in
3380 4333 3559 4388 tribus

1976 4419 2174 4475 diebus
2200 4420 2456 4491 excitabo
2479 4421 2616 4476 illud
2639 4424 2706 4477 ⁹⁹.
2740 4442 2759 4474 ι
2812 4424 3031 4479 Scimus
3085 4431 3272 4479 autem
3310 4423 3556 4478 divinam

1970 4518 2220 4568 naturam
2249 4526 2370 4568 esse
2398 4512 2786 4568 immortalem.
2810 4515 3012 4571 Passus
3033 4514 3181 4570 enim
3205 4524 3291 4570 est
3316 4514 3370 4570 id
3408 4517 3557 4585 quod

1964 4606 2085 4658 erat
2112 4601 2392 4673 passibile,
2426 4614 2485 4661 et
2508 4605 2849 4675 impassibile
2883 4608 3087 4663 mansit
3112 4607 3266 4677 quod
3302 4615 3424 4662 erat
3453 4608 3560 4661 im-

1963 4694 2243 4764 passibile.
2275 4696 2474 4752 Factus
2503 4696 2713 4767 quippe‘
2750 4706 2837 4753 est
2882 4699 3050 4754 homo
3095 4700 3242 4754 Deus
3294 4699 3555 4765 Verbum,

1963 4798 2075 4838 non
2101 4793 2161 4838 ut
2190 4785 2502 4854 passibilem
2551 4787 2813 4843 redderet
2846 4789 3245 4859 impassibilem
3270 4796 3553 4855 naturam,

1973 4876 2070 4932 sed
2131 4886 2192 4932 ut
2240 4878 2447 4948 125],
2490 4880 2737 4950 passibili
2787 4876 2999 4939 natura:
3057 4882 3552 4954 impassibilitatem

1971 4967 2290 5039 largiretur.
2339 4970 2445 5026 Sed
2470 4981 2527 5027 et
2560 4973 2826 5029 Dominus
2850 4975 2968 5045 ipse
3007 4975 3066 5030 in
3106 4978 3278 5032 sacris
3299 4977 3553 5047 Evange-

1971 5058 2062 5116 liis
2079 5059 2188 5115 ait:
2215 5080 2233 5112 ι
2260 5063 2594 5119 Potestatem
2613 5065 2792 5121 habeo
2813 5067 3055 5137 ponendi
3087 5069 3327 5124 animam
3351 5084 3556 5134 meam,

1973 5156 2032 5203 et
2074 5156 2400 5217 potestatem
2446 5152 2626 5210 habeo
2666 5156 2866 5211 iterum
2909 5159 3163 5214 sumendi
3209 5175 3351 5214 eam.
3380 5160 3560 5215 Nemo

1971 5237 2116 5292 tollit
2153 5240 2169 5259 '
2192 5253 2313 5299 eam
2358 5257 2391 5297 a
2421 5256 2511 5297 me
2543 5262 2558 5298 :
2586 5244 2683 5299 sed
2711 5261 2815 5317 ego
2843 5262 2990 5318 pono
3013 5264 3136 5304 eam
3169 5265 3198 5304 a
3230 5251 3463 5320 meipso,
3492 5257 3555 5305 ut

1972 5326 2173 5384 iterum
2228 5345 2442 5387 sumam
2476 5334 2647 5391 illam.
2683 5337 2841 5394 Nunc
2869 5354 3002 5399 vero
3035 5349 3328 5412 propterea
3355 5355 3445 5398 me
3463 5341 3555 5398 di-

2057 5654 2167 5727 (16)
2201 5657 2292 5711 καί
2324 5658 2477 5716 addit
2502 5660 2666 5720 idem.
