3962 6204
500 291 636 354 1383

1487 285 1558 342 Τί
1571 285 1585 341 l
1598 282 1972 342 EUDURETI
2013 282 2348 342 EPISCOPI
2391 282 2751 341 CYRENSIS

3618 280 3766 343 1384
3786 277 3790 280 ’

496 399 615 468 ligit
663 398 841 459 Pater,
876 395 1002 464 quia
1039 409 1139 462 ego
1178 406 1320 460 pono
1351 391 1589 442 animam
1621 403 1798 440 meam
1833 402 1932 456 pro
1967 386 2077 440 ovi-

2190 406 2256 457 με
2282 389 2489 458 ἀγαπᾷ,
2518 391 2598 441 ὅτι
2625 388 2735 455 ἐγὼ
2763 387 2951 458 τίθημι
2985 387 3084 458 τὴν
3128 387 3305 456 ψυχήν
3339 405 3438 454 μου
3482 389 3620 457 ὑπὲρ
3649 393 3763 444 τῶν

500 489 658 542 bus‘.
711 508 727 536 ι
779 487 843 540 Et
899 487 1146 538 iterum:
1194 500 1210 530 ι
1256 479 1412 534 Nunc
1462 479 1644 530 anima
1690 494 1808 530 mea
1866 476 2081 530 turbata

497 586 582 630 est
605 581 646 631 ί.
684 597 700 627 ι
731 577 798 629 Et
846 587 1105 628 rursum:
1139 590 1156 621 ‹
1192 569 1389 622 Tristis
1431 576 1515 621 cst
1549 567 1727 619 anima
1760 582 1879 620 mea
1909 581 2081 634 usque

496 668 564 722 ..ιι
599 665 888 720 mortem”.
924 684 942 714 ι
975 664 1041 716 Ει
1074 662 1142 716 de
1187 675 1418 728 corpore
1467 659 1596 711 item
1646 657 1780 710 dicit
1817 676 1828 710 :
1862 677 1878 706 ι
1919 657 2082 710 Panis

498 774 664 830 quem
706 773 808 826 ego
827 757 967 809 dabo
1004 768 1134 807 caro
1170 768 1288 805 mea
1320 760 1424 814 est,
1470 765 1632 818 quam
1670 764 1770 818 ego
1799 749 1941 803 dabo
1979 763 2080 817 pro

497 849 690 904 mundi
717 847 828 902 vita
857 848 897 898 ⁸.
937 863 954 894 ι
987 844 1055 898 Et
1085 858 1208 896 cum
1246 842 1428 894 divina
1459 841 1698 894 traderet
1721 839 1999 910 mysteria,
2027 849 2083 894 et

497 945 803 1014 symbolum
853 940 1106 1010 fregisset
1156 947 1212 991 et
1252 937 1550 1000 divisnsset,
1595 936 1827 1005 subjecit
1860 953 1872 987 :
1913 954 1931 986 ι
1968 935 2082 990 Hoc

468 1033 583 1102 aest
606 1048 809 1102 corpus
839 1046 1021 1084 meum
1067 1029 1213 1098 quod
1269 1043 1367 1097 pro
1418 1027 1574 1081 vobis
1603 1026 1875 1095 frangitur
1905 1025 1960 1078 in
1989 1040 2080 1079 re-

497 1127 814 1179 missionem
860 1132 1213 1192 peccatorum
1243 1122 1298 1185 “;
1337 1139 1354 1171 ι
1394 1128 1450 1173 et
1492 1135 1752 1173 rursum:
1788 1138 1806 1169 ι
1841 1119 1942 1174 llic
1994 1128 2082 1175 est

495 1215 720 1284 sanguis
749 1227 925 1277 meus,
963 1211 1056 1280 qui
1086 1225 1185 1280 pro
1212 1209 1399 1263 multis
1439 1208 1746 1262 effunditur
1778 1208 1835 1260 in
1884 1209 2080 1262 remis-

497 1309 710 1362 sionem
731 1313 1086 1376 peccatorum
1109 1304 1149 1356 ⁸.
1172 1321 1188 1352 ›
1215 1303 1282 1355 Ει
1308 1315 1528 1354 rursum
1551 1318 1562 1352 :
1594 1320 1610 1349 ‹
1638 1299 1750 1353 Nisi
1776 1299 2078 1353 manduca-

494 1400 689 1454 veritis
719 1411 940 1451 carnem
973 1395 1097 1449 Filii
1139 1394 1400 1456 hominis,
1427 1400 1484 1445 et
1513 1391 1771 1445 biberitis
1802 1393 1922 1462 ejus
1947 1407 2078 1445 san—

495 1493 865 1564 gpinem,non
897 1487 1174 1543 habebitis
1205 1487 1374 1540 vitam
1404 1485 1457 1537 in
1484 1485 1705 1550 vobis";
1747 1504 1764 1535 ι
1799 1494 1858 1539 et
1883 1502 1894 1536 :
1923 1503 1940 1534 ι
1974 1483 2080 1549 Qui

495 1581 792 1636 manducat
842 1595 1018 1633 meam
1051 1592 1296 1640 carnem,
1332 1585 1388 1629 et
1432 1575 1574 1629 bibit
1615 1591 1798 1628 meum
1856 1578 2080 1643 sangui-

494 1690 643 1738 nem,
673 1673 840 1727 habet
862 1673 1027 1726 vitam
1051 1679 1311 1725 aeternam
1349 1670 1402 1722 in
1436 1669 1669 1738 seipso“.
1710 1688 1726 1719 ι
1760 1669 1938 1738 Atque
1971 1668 2077 1721 alia

493 1763 810 1834 hujusmodi
841 1762 1055 1816 inﬁnita
1081 1760 1326 1830 reperire
1359 1767 1462 1823 est,
1488 1767 1602 1812 tum
1641 1760 1696 1812 in
1723 1759 1930 1822 Veteri,
1961 1769 2075 1813 tum

494 1857 551 1910 in
579 1856 750 1918 Novo,
779 1855 975 1906 animae
1005 1853 1361 1920 corporisque
1391 1851 1816 1920 assumptionem
1852 1851 2079 1904 demon-

494 1946 746 2008 strantia,
773 1953 829 1997 et
859 1945 1004 2012 quod
1039 1944 1106 1995 ab
1130 1943 1440 1996 Abrahamo
1460 1952 1515 1996 et
1544 1941 1745 1995 Davide
1778 1943 1878 1995 ista
1907 1957 2077 2010 genus

494 2039 718 2092 ducant.
771 2037 973 2105 .Ioseph
1018 2051 1238 2104 quoque
1283 2035 1351 2088 ab
1394 2033 1698 2086 Arimathia
1742 2032 1968 2086 veniens
2007 2033 2076 2086 ad

495 2127 730 2180 Pilatum
768 2126 925 2195 petiit
954 2141 1155 2194 corpus
1204 2125 1331 2179 Jesu
1373 2144 1384 2177 :
1428 2123 1698 2192 docetque
1746 2140 1846 2178 nos
1888 2139 2077 2177 sacro-

495 2234 616 2272 rum
653 2219 1073 2288 Evangeliorum
1109 2225 1297 2286 aperte
1321 2217 1727 2284 quaternarius,
1768 2230 1876 2285 quo
1917 2224 2078 2284 pacto

493 2309 770 2378 acceperit
815 2325 1015 2378 corpus
1051 2317 1108 2364 et
1157 2308 1378 2363 sindoni
1421 2309 1728 2362 involutum
1759 2308 2078 2378 deposuerit

495 2397 550 2451 in
582 2399 939 2452 monimento.

566 2600 682 2672 Ego
727 2599 832 2654 ﬁeo
857 2617 920 2654 ac
956 2601 1135 2670 lugeo,
1180 2603 1392 2671 1252
1416 2603 1563 2672 quod
1595 2618 1718 2672 quae
1747 2603 1953 2656 dudum
1983 2603 2078 2656 ad-

494 2709 695 2750 versus
717 2693 1007 2746 Marcionis
1037 2693 1160 2745 tabe
1184 2703 1474 2762 corruptos
1495 2702 1816 2764 argumenta
1847 2693 2073 2762 protuli,

494 2783 889 2851 convictosque
933 2782 1030 2836 Dei
1065 2781 1336 2837 beneﬁcio
1384 2784 1570 2852 plures
1597 2785 1786 2839 decem
1835 2784 2078 2839 millibus

495 2877 565 2930 ad
596 2875 1002 2930 sanctissimum
1038 2875 1311 2944 baptisma
1335 2877 1589 2944 perduxi,
1624 2894 1687 2931 ea
1717 2893 1862 2932 nunc
1892 2878 1946 2931 in
1981 2893 2078 2933 eos

492 2969 586 3037 qui
633 2967 759 3021 ﬁdei
789 2977 992 3022 nostra:
1025 2969 1328 3022 creduntur
1363 2980 1554 3022 exorta
1583 2971 1806 3022 haeresis
1830 2970 2075 3036 proferre

493 3067 670 3128 cogat.
711 3059 891 3127 Ecqua
937 3059 1084 3112 enim
1134 3059 1201 3111 de
1243 3059 1329 3110 his
1368 3073 1607 3125 unquam
1643 3058 1785 3124 apud
1816 3059 2076 3113 Ecclesia!

493 3150 747 3204 alumnos
803 3150 1014 3203 exstitit
1068 3148 1386 3202 dubitatio?
1436 3149 1544 3201 Aut
1599 3149 1723 3216 quis
1756 3160 2074 3204 sanctorum

495 3239 717 3294 Patrum
748 3240 1056 3294 doctrinam
1092 3239 1250 3291 istam
1291 3254 1400 3292 non
1433 3238 1703 3291 tradidit?
1734 3239 1906 3309 llujus
1925 3241 2073 3294 enim

495 3330 655 3399 plena
683 3342 811 3385 sunt
840 3332 1019 3400 magni
1047 3332 1233 3385 Basilii
1261 3346 1448 3400 opera,
1491 3332 1717 3399 ejusque
1740 3333 2073 3388 commilito-

496 3436 628 3476 num
683 3421 933 3492 Gregorii
983 3431 1039 3475 et
1094 3422 1489 3491 Amphilochii,
1532 3433 1588 3476 et
1640 3422 1859 3475 illorum
1894 3424 1986 3492 qui
2017 3424 2073 3478 in

495 3508 792 3565 Occidente
837 3511 1087 3564 doctrina
1129 3513 1318 3582 gratiae
1359 3513 1698 3578 claruerunt,
1722 3515 1938 3569 Damasi
1962 3533 2076 3570 ma-

496 3618 614 3672 gnze
665 3603 871 3665 Romae,
934 3612 989 3656 et
1040 3604 1315 3658 Ambrosii
1375 3604 1684 3667 Mediolani,
1732 3614 1787 3659 et
1819 3605 2070 3677 Cypriani

496 3693 859 3763 Carthaginis,
890 3695 983 3763 qui
1017 3695 1265 3765 martyrii
1308 3695 1471 3748 etiam
1524 3711 1779 3750 coronam
1833 3713 1934 3766 pro
1989 3699 2074 3752 his

495 3783 844 3854 dogmatibus
868 3784 1102 3852 adeptus
1133 3793 1236 3838 est.
1261 3784 1596 3838 Athanasius
1626 3785 1716 3839 ille
1757 3775 1897 3840 fama
1927 3789 2073 3842 cele-

498 3860 773 3929 berrimus
801 3875 1096 3944 quinquies
1125 3890 1155 3927 a
1189 3889 1349 3944 grege
1382 3890 1482 3928 suo
1511 3875 1775 3944 depulsus
1799 3890 1901 3941 est,
1929 3888 1984 3932 et
2018 3884 2074 3934 in

496 3967 692 4021 exsilio
736 3967 919 4022 vivere
967 3977 1210 4030 coactus,
1253 3975 1308 4020 et
1338 3965 1647 4021 Alexander
1669 3969 1786 4038 ejus
1815 3970 2075 4040 magister

497 4073 597 4126 pro
627 4057 821 4111 iisdem
854 4058 1200 4128 dogmatibus
1247 4059 1568 4113 decertavit.
1617 4060 1960 4126 Eustathius,
2018 4075 2075 4119 et

495 4147 768 4212 Meletius,
801 4158 856 4201 et
890 4149 1202 4215 Flavianus,
1223 4151 1465 4206 Orientis
1485 4151 1711 4215 lumina,
1736 4163 1791 4206 et
1813 4155 2072 4222 Ephraim

499 4236 630 4292 tuba
662 4237 900 4304 Spiritus
933 4237 1193 4308 Syrorum
1228 4249 1442 4308 gentem
1470 4241 1657 4310 gratiae
1692 4240 1913 4296 ﬂuentis
1945 4244 2075 4296 irri-

496 4340 632 4394 gans
682 4326 950 4394 quotidie,
999 4337 1055 4381 et
1112 4328 1350 4382 Joannes
1395 4331 1411 4348 ‘
1458 4337 1515 4384 et
1566 4330 1780 4385 Atticus
1825 4334 2075 4390 veritatis

2187 479 2495 549 προϐάτων.
2532 499 2548 529 ι
2595 480 2704 532 Καὶ
2746 479 2908 532 πάλιν
2931 493 2942 505 ⁸
2981 497 3000 528 (
3033 478 3145 530 Νῦν
3183 481 3217 548 ἠ
3251 478 3397 548 ψυχή
3455 496 3559 547 μου
3603 481 3768 534 τετά-

2187 587 2404 641 ρακται.
2434 591 2450 622 ι
2490 572 2598 624 Καὶ
2634 567 2790 633 αὖθις
2815 588 2827 599 ·
2867 588 2887 621 ι
2916 570 3224 640 Περίλυπός
3253 573 3400 622 ἐστιν
3425 571 3460 640 ὴ
3483 571 3629 640 ψυχή
3664 591 3768 643 μου

2183 662 2286 725 ἕως
2315 661 2567 717 θανάτου.
2593 682 2610 713 ι
2639 664 2747 716 Καὶ
2779 679 2843 714 πε
2856 664 2908 733 pi.
2935 661 3029 714 τοῦ
3060 661 3308 732 σώματος
3337 663 3394 715 δέ
3429 681 3597 733 φησιν
3623 681 3636 693 ·
3667 684 3688 715 ι
3712 659 3775 713 Ὀ

2183 753 2240 806 δὲ
2279 753 2442 823 ἄρτος
2480 754 2539 806 ὃν
2583 752 2693 827 ἐγὼ
2726 753 2903 814 δώσω,
2948 755 2982 823 ἡ
3017 752 3153 823 σάρξ
3185 771 3288 822 μου
3330 755 3503 819 εστὶν,
3538 756 3607 825 ἢν
3657 756 3773 822 ἐγὼ

2183 845 2341 898 δώσω
2368 846 2509 915 ὑπὲρ
2537 847 2637 915 τῆς
2670 845 2765 898 τοῦ
2815 847 3019 915 κόσμου
3043 845 3207 915 ζωῆς.
3242 865 3260 898 ι
3305 848 3416 900 Καὶ
3446 848 3513 898 τὲ
3555 847 3685 900 θεῖα
3714 849 3772 900 δὲ

2183 938 2461 1008 παραδοὺς
2504 937 2814 1006 μυστήρια,
2861 937 2956 988 καὶ
2994 935 3056 988 τὸ
3105 935 3375 1006 σύμϐολον
3414 938 3627 1000 κλάσας
3675 939 3770 991 καὶ

2181 1029 2486 1098 διανείμας,
2523 1030 2803 1098 ἐπήγαγε·
2841 1046 2858 1078 ε
2886 1026 3056 1079 Τοῦτό
3087 1044 3188 1097 μου
3235 1028 3353 1079 ἐστὶ
3384 1027 3446 1080 τὸ
3488 1029 3679 1098 σῶμα,
3711 1030 3770 1080 τὸ

2182 1121 2324 1192 ὑπὲρ
2351 1121 2506 1191 ὑμῶν
2545 1121 2919 1190 θρυπτόμενον
2949 1122 3028 1182 εἰς
3057 1118 3252 1187 ἄφεσιν
3280 1121 3596 1190 ἁμαρτιῶν.
3623 1141 3641 1169 ι
3661 1122 3770 1174 Καὶ

2183 1214 2344 1268 πάλιν
2369 1232 2382 1244 ο
2423 1234 2440 1264 ε
2473 1212 2645 1266 Τοῦτό
2689 1229 2790 1283 μου
2830 1213 2948 1265 ἐστὶ
2983 1212 3045 1265 τὸ
3085 1207 3246 1282 αἷμα,
3280 1211 3342 1264 τὸ
3375 1213 3513 1282 ὑπὲρ
3558 1211 3769 1264 πολλῶν

2181 1306 2548 1376 ὲκχυνόμενον
2603 1309 2684 1370 εἰς
2738 1306 2932 1371 ἄφεσιν
2993 1304 3300 1374 ἁμαρτιῶν.
3348 1323 3367 1355 ›
3410 1307 3524 1357 Καὶ
3575 1302 3767 1366 αὖθις·

2187 1419 2205 1450 ι
2231 1401 2328 1451 Ἂν
2360 1398 2436 1469 μὴ
2465 1399 2678 1468 φάγητε
2707 1398 2809 1469 τὴν
2839 1398 3020 1468 σάρκα
3036 1395 3134 1450 τοῦ
3166 1394 3297 1448 Υίοῦ
3321 1395 3413 1448 τοῦ
3446 1395 3767 1466 ἀνθρώπου,

2181 1491 2276 1544 καὶ
2307 1491 2468 1558 πίητε
2512 1488 2678 1542 αὐτοῦ
2707 1488 2771 1541 τὸ
2824 1483 2983 1558 αἷμα,
3032 1487 3133 1540 οὐκ
3177 1487 3328 1556 ἔχετε
3361 1486 3506 1558 ζωὴν
3549 1490 3613 1541 ἐν
3649 1489 3772 1540 £1»-

2179 1585 2315 1642 τοῖς.
2353 1602 2371 1632 ›
2412 1581 2552 1634 Καί’
2599 1600 2616 1632 ι
2646 1581 2706 1632 '0
2737 1580 2930 1632 ἐσθίων
2964 1595 3066 1647 μου
3095 1578 3195 1648 τὴν
3227 1579 3426 1649 σάρκα,
3465 1579 3567 1631 καὶ
3595 1581 3770 1630 πίνου

2185 1692 2285 1744 μου
2319 1673 2379 1726 τὸ
2421 1668 2581 1742 αἷμα,
2631 1672 2744 1742 ἔχει
2798 1671 2941 1741 ζωὴν
2990 1672 3047 1724 ὲν
3094 1669 3276 1740 ἑαυτῷ
3305 1670 3544 1723 αἰώνιον.
3589 1689 3609 1719 ι
3665 1672 3774 1722 Καὶ

2182 1766 2345 1836 ἕτερα
2377 1764 2434 1817 δὲ
2487 1762 2714 1818 τοιαῦτα
2761 1762 2928 1832 μυρία
2974 1761 3119 1813 ἔστιν
3170 1761 3372 1830 εὑρεῖν,
3406 1761 3508 1813 κάν
3545 1764 3618 1830 τῇ
3657 1762 3770 1814 Hac

2181 1858 2332 1928 λαιᾷ,
2363 1859 2462 1912 κὰν
2483 1859 2548 1926 τῇ
2578 1857 2777 1924 Καινῇ,
2811 1851 2908 1907 καῖ
2935 1853 3032 1906 τοῦ
3058 1853 3310 1923 σώματος
3336 1853 3426 1904 καὶ
3456 1856 3562 1923 τῆς
3589 1854 3771 1921 ψυχῆς

2179 1947 2464 1998 δεικνύντα
2505 1946 2604 2016 τὴν
2649 1944 2974 2014 πρόσληψιν,
3005 1943 3098 1995 καὶ
3139 1942 3214 2005 ὡς
3263 1943 3322 2008 ἐξ
3365 1944 3629 2012 Ἀϐραὰμ
3681 1946 3772 1994 καὶ

2181 2035 2344 2089 Δαεὶδ
2377 2035 2525 2088 ἕλκει
2557 2034 2730 2088 ταῦτα
2758 2034 2821 2085 τὸ
2849 2033 3026 2102 γένος.
3071 2033 3181 2084 Καὶ
3215 2031 3411 2100 Ἰωσὴφ
3456 2032 3511 2083 δὲ
3545 2035 3578 2084 ὁ
3621 2033 3770 2101 Ἀριο

2185 2129 2416 2198 μαθαῖος
2447 2129 2524 2198 τῷ
2554 2128 2772 2194 Πιλάτῳ
2811 2125 3146 2195 προσελθὼν,
3179 2124 3346 2194 ᾔτησε
3379 2123 3438 2174 τὸ
3474 2121 3648 2190 σῶμα
3681 2123 3766 2174 τοῦ

2193 2217 2389 2288 Ἰησοῦ.
2422 2218 2531 2269 Καὶ
2563 2215 2801 2268 διδάσκει
2830 2215 2978 2283 ἡμᾶς
3004 2213 3300 2283 διαρρήδην
3324 2209 3433 2260 τῶν
3466 2207 3640 2276 ἱερῶν
3673 2208 3769 2258 Εὖ-

2181 2310 2455 2379 αγγελίων
2479 2311 2511 2377 ή
2551 2307 2873 2376 τετρακτὺς,
2908 2307 3057 2364 ὅπως
3095 2321 3152 2356 τε
3179 2301 3338 2355 ἔλαϐε
3365 2301 3426 2352 τὸ
3460 2299 3652 2367 σῶμα,
3677 2300 3768 2350 καὶ

2180 2398 2326 2458 ὅπως
2357 2396 2602 2467 ὲνείλησε
2624 2396 2692 2465 τῇ
2719 2393 2936 2458 σινδόνι,
2978 2393 3072 2446 καὶ
3117 2393 3265 2453 ὅπως
3299 2388 3378 2458 τῷ
3417 2387 3586 2457 τάφῳ
3622 2404 3763 2456 παρ-

2180 2486 2402 2541 έδωκεν.
3373 2511 3413 2537 ο

2260 2598 2403 2667 Ἐγὼ
2425 2597 2609 2668 θρηνῶ
2638 2598 2732 2650 καὶ
2770 2596 3049 2666 ὀδύρομαι,
3088 2597 3170 2649 ὅτι
3202 2594 3269 2657 ἃς
3296 2594 3490 2666 πρώην
3514 2594 3643 2655 τοῖς
3671 2592 3759 2644 τοῦ

2178 2689 2507 2760 Μαρκίωνος
2531 2688 2629 2760 τὴν
2677 2688 2858 2758 λύμην
2894 2685 3004 2758 (l7)
3054 2685 3370 2755 δεξαμένοις
3413 2683 3761 2755 προσέφερον

2178 2778 2481 2844 ἀποδείξεις
2525 2779 2640 2850 (καὶ
2669 2779 2886 2841 πλείους
2909 2778 2941 2849 ἢ
2983 2777 3212 2847 μυρίους
3229 2775 3316 2828 διὰ
3341 2777 3443 2846 τῆς
3480 2773 3644 2834 θείας
3669 2775 3762 2842 χά-

2181 2888 2328 2942 ριτος
2357 2869 2550 2932 πείσας
2594 2869 2946 2939 προσήγαγον
2973 2867 3052 2936 τῷ
3080 2866 3331 2934 παναγίῳ
3359 2863 3758 2933 βαπτίσματι),

2177 2963 2380 3024 ταύτας
2415 2961 2510 3014 νῦν
2553 2964 2670 3024 τοῖς
2710 2961 3045 3031 νομισθεῖσιν
3078 2957 3398 3027 ὀμοπίστοις
3447 2957 3481 3024 ἡ
3526 2957 3762 3022 ἐπισκή-

2103 3093 2146 3150 C
2177 3055 2326 3123 ψασα
2363 3053 2518 3116 νόσος
2541 3053 2876 3124 προσφέρειν
2917 3052 3342 3119 καταναγκάζει.
3373 3050 3474 3111 Τίς
3499 3048 3618 3119 γὰρ
3649 3047 3758 3099 πώ·

2181 3161 2308 3198 ποτε
2357 3147 2486 3215 περὶ
2537 3144 2743 3198 τούτων
2789 3148 2902 3208 τοῖς
2951 3145 3054 3212 τῆς
3095 3141 3421 3212 Ἐκκλησίας
3466 3142 3761 3210 τροφίμοις

2177 3239 2592 3311 ἀμφισϐήτησις
2635 3242 2863 3308 γέγονε;
2903 3239 2998 3302 Τίς
3027 3238 3082 3290 δὲ
3127 3237 3236 3289 τῶν
3283 3238 3453 3304 ἁγίων
3497 3235 3762 3304 Πατέρων

2176 3333 2236 3384 οὑ
2284 3333 2439 3402 τήνδε
2469 3333 2567 3402 τὴν
2625 3331 2974 3384 διδασκαλίαν
3022 3331 3392 3400 προσήνεγκες
3419 3329 3616 3398 Πλήρη
3652 3326 3760 3394 γάρ

2175 3423 2382 3496 ταύτης
2404 3426 2498 3478 καὶ
2521 3425 2588 3478 τά
2611 3424 2704 3476 τοῦ
2739 3424 2977 3494 μεγάλου
3006 3421 3288 3474 Βασιλείου
3321 3419 3761 3488 συγγράμματα,

2178 3516 2372 3568 καὶτὰ
2416 3516 2524 3568 τῶν
2574 3515 2784 3567 ἐκείνου
2846 3511 3262 3580 συναγωνιστῶν
3307 3511 3607 3579 Γρηγορίου
3666 3507 3761 3560 καὶ

2189 3607 2562 3676 Ἀμφιλοχίου,
2594 3605 2689 3658 καὶ
2717 3605 2826 3657 τῶν
2857 3605 2914 3656 ἐν
2945 3607 3008 3673 τῇ
3042 3602 3200 3654 Δύσει
3241 3599 3660 3670 διαπρεψάντων
3705 3599 3759 3648 ἐν

2176 3702 2240 3769 τῇ
2265 3697 2586 3768 διδασκαλίᾳ
2619 3698 2718 3767 τῆς
2756 3697 3000 3766 χάριτος,
3031 3694 3288 3763 Δαμάσου
3323 3690 3413 3743 τοῦ
3449 3689 3548 3758 τῆς
3577 3690 3756 3757 μεγά-

2176 3789 2274 3859 λης
2307 3788 2547 3858 Ῥώμης,
2587 3789 2679 3840 καὶ
2741 3785 3069 3856 Ἀμϐροσίου
3126 3783 3220 3836 τοῦ
3254 3780 3626 3842 Μεδιολάνων,
3669 3779 3758 3830 καὶ

2177 3881 2495 3951 Κυπριανοῦ
2526 3878 2620 3930 τοῦ
2677 3877 3049 3948 Καρχηδόνος,
3080 3876 3137 3937 ὃς
3177 3874 3270 3927 καὶ
3312 3871 3406 3923 τοῦ
3451 3870 3756 3940 μαρτυρίου

2175 3974 2266 4024 τὸν
2291 3971 2554 4038 στέφανον
2581 3968 2868 4034 ἀνεδέξατο
2899 3967 3040 4036 ὑπὲρ
3064 3964 3290 4017 τουτωνὶ
3314 3961 3424 4015 τῶν
3445 3962 3755 4031 δογμάτων.

2191 4062 2506 4125 Ἀθανάσιος
2548 4062 2754 4122 ἐκεῖνος
2801 4059 2830 4111 δ
2884 4055 3323 4127 πολυθρύλλητος
3355 4053 3623 4112 πεντάκις
3674 4050 3756 4112 ἐξ·

2175 4155 2349 4223 ηλάθη
2378 4153 2478 4222 τῆς
2504 4153 2759 4221 ποίμνης,
2789 4149 2884 4204 καὶ
2925 4150 3024 4217 τὴν
3063 4147 3358 4216 ὑπερορίαν
3395 4146 3571 4196 οἰκεῖν
3595 4145 3757 4212 ἠναγ-

2177 4245 2377 4314 κάσθη.
2401 4245 2512 4297 Καὶ
2539 4243 2886 4311 Ἀλέξανδρος
2903 4240 2958 4292 δὲ
2976 4242 3002 4292 ὁ
3025 4239 3231 4291 ἐκείνου
3246 4233 3573 4296 διδάσκαλος
3621 4235 3755 4302 ὑπὲρ

2174 4337 2381 4391 τούτων
2425 4337 2733 4405 ἠγωνίσατο
2789 4334 2897 4385 τῶν
2955 4331 3260 4399 δογμάτων.
3294 4326 3626 4388 Εὐστάθιος,
3671 4328 3757 4374 καὶ

497 4434 690 4489 magna
726 4435 857 4474 voce
878 4435 1177 4489 praecones,
1205 4427 1368 4490 atque
1393 4421 1479 4475 his
1509 4422 1688 4477 adhuc
1710 4425 2068 4494 antiquiores,

2182 4427 2458 4489 Μελέτιος,
2479 4428 2571 4478 καὶ
2587 4424 2906 4484 Φλαϐιανὸς.
2931 4422 3031 4491 τῆς
3063 4418 3350 4487 Ἀνατολῆς
3365 4419 3414 4469 οἱ
3442 4417 3756 4485 φωστῆρες,

497 4511 758 4581 lgnatius,
793 4521 849 4566 et
878 4513 1230 4582 Polycarpus,
1271 4521 1326 4566 et
1351 4513 1609 4576 lremeus,
1642 4523 1697 4567 et
1725 4515 1994 4579 Justinus,
2020 4525 2078 4572 et

496 4604 840 4676 Hippolytus,
863 4620 1104 4674 quorum
1138 4603 1388 4673 plerique
1413 4619 1524 4658 non
1558 4605 1720 4658 modo
1758 4606 1902 4661 inter
1936 4623 2077 4676 pon-

499 4697 673 4750 tiﬁces
732 4696 1056 4765 praelucent,
1113 4694 1210 4749 sed
1268 4703 1570 4766 martyrum
1629 4697 1792 4751 etiam
1847 4699 2076 4756 chorum

495 4794 783 4841 exornant.
831 4785 937 4840 Sed
987 4794 1044 4840 et
1090 4785 1184 4853 qui
1205 4801 1356 4840 nunc
1379 4802 1628 4858 magnam
1659 4787 1885 4844 Romam
1917 4793 2076 4862 regit,

498 4884 882 4944 rectorumque
909 4875 1226 4945 dogmatum
1253 4877 1434 4932 radios
1463 4877 1532 4931 ab
1552 4877 1759 4933 Occasu
1801 4881 2074 4952 undiqua-

495 4981 603 5036 que
662 4965 942 5030 diffundit,
995 4967 1375 5021 sanctissimus
1423 4968 1558 5034 Leo,
1620 4971 1829 5042 1253
1869 4973 2074 5030 hancce

496 5054 658 5110 nobis
693 5056 820 5111 ﬁdei
854 5056 1100 5128 regulam
1126 5057 1326 5112 litteris
1355 5059 1470 5113 suis
1491 5062 1763 5129 exposuit.
1801 5063 1867 5116 Hi
1888 5080 2080 5120 omnes

495 5151 687 5215 aperte
733 5145 1063 5210 docuerunt,
1096 5146 1244 5216 quod
1283 5163 1429 5202 unus
1462 5148 1533 5202 sit
1559 5149 1732 5203 Filius
1763 5153 2080 5223 unigenitus

495 5237 592 5293 Dei
629 5236 802 5292 Filius
833 5245 888 5291 et
912 5239 1055 5292 Deus
1079 5247 1207 5293 ante
1233 5239 1429 5294 saecula
1448 5255 1515 5294 ex
1542 5241 1703 5298 Patre
1725 5243 2079 5303 ineﬁabiliter

493 5331 832 5400 genitus;et
859 5327 1012 5402 quod
1053 5341 1179 5400 post
1225 5331 1659 5389 incarnationem
1693 5335 1860 5390 etiam
1905 5339 2077 5395 Filius

591 5495 606 5524 ¹
645 5494 802 5549 Joan.
834 5497 1030 5568 3,718.,
1077 5497 1104 5568 ξ
1138 5497 1424 5568 ,Ιοιιῃείκιῃ
1460 5497 1549 5550 27.
1594 5498 1822 5555 3Matth.
1849 5517 1994 5568 xm,
2024 5503 2110 5557 58.

498 5557 518 5589 '
555 5561 710 5616 Joan.
749 5583 823 5629 vr,
851 5567 938 5619 54.
1017 5567 1038 5597 ⁸
1076 5565 1212 5619 ibid.
1254 5566 1341 5619 55.

566 5713 678 5786 (l7)
711 5719 818 5781 τοῖς
845 5717 937 5788 τὴν
968 5720 1151 5790 Μαρκ.
1189 5695 1365 5793 λύμην
1398 5723 1563 5792 Neap.

2178 4522 2270 4574 καὶ
2315 4520 2576 4589 Ἐφραὶμ,
2615 4521 2647 4587 ἡ
2683 4517 2776 4568 τοῦ
2841 4515 3159 4584 Πνεύματος
3205 4511 3366 4581 λύρα,
3400 4510 3430 4560 ὁ
3471 4509 3535 4560 τὺ
3573 4509 3756 4578 Σύρων

2177 4609 2330 4670 ἔθνος
2356 4609 2534 4678 ἄρδων
2569 4606 2842 4676 ὁσημέραι
2876 4607 2988 4667 τοῖς
3012 4604 3107 4670 τῆς
3139 4602 3362 4672 χάριτος
3397 4602 3639 4668 νάμαπ,
3667 4601 3753 4650 καὶ

2190 4701 2441 4768 Ἰωάννης
2466 4699 2560 4750 καὶ
2596 4697 2844 4759 Ἀττικὸς
2867 4698 2914 4749 οἱ
2947 4698 3044 4764 τῆς
3071 4693 3328 4763 ἀληθείας
3379 4691 3756 4761 μεγαλόφωνοι

2178 4792 2453 4861 κήρυκες·
2488 4791 2582 4842 καὶ
2627 4791 2674 4841 οἱ
2715 4789 2916 4841 τούτων
2944 4786 3326 4858 πρεσὸύτεροι,
3363 4784 3636 4850 Ἰγνάτιος
3675 4781 3758 4834 καὶ

2185 4883 2583 4954 Πολύκαρπος,
2633 4881 2726 4933 καὶ
2789 4881 3108 4950 Εἰρηναῖος,
3160 4877 3250 4929 καὶ
3295 4877 3615 4936 ἰουστῖνυς,
3675 4871 3760 4924 καὶ

2193 4976 2528 5038 Ἱππόλυτος,
2563 4971 2636 5028 ὧν
2670 4975 2718 5027 οἱ
2760 4974 2976 5036 πλείους
3014 4974 3114 5026 οὐκ
3150 4969 3451 5041 ἀρχιερέων
3498 4969 3754 5040 προλάμ·

2181 5083 2345 5120 πουσι
2386 5068 2565 5136 μόνον,
2603 5067 2738 5119 ἀλλά
2774 5065 2868 5118 καὶ
2917 5064 3026 5117 τῶν
3071 5062 3363 5134 μαρτύρων
3394 5059 3757 5129 διακοσμοῦςι

2177 5159 2356 5228 χορόν.
2401 5159 2510 5210 Καὶ
2554 5158 2653 5228 μὲν
2688 5157 2752 5229 δὴ
2786 5156 2880 5210 καὶ
2922 5157 2950 5208 ὁ
2981 5155 3076 5208 νῦν
3110 5155 3208 5225 τὴν
3255 5151 3494 5223 μεγάλην
3540 5152 3759 5222 Ῥώμην

2180 5250 2398 5306 ἰθύνων.
2429 5248 2660 5302 καὶτῶν
2715 5247 2892 5318 ὀρθῶν
2945 5246 3233 5316 δογμάτων
3281 5245 3378 5306 τὰς
3425 5243 3665 5303 ἀκτῖνας
3706 5246 3761 5294 ἐκ

2176 5344 2274 5412 τῆς
2319 5341 2592 5412 Ἐσπέρας
2624 5342 2858 5394 πάντοσε
2891 5341 3147 5392 ἐκτείνων
3178 5340 3206 5390 ὁ
3235 5335 3541 5405 ἁγιώτατος
3590 5336 3759 5397 Λέων,

2176 5504 2195 5535 ⁵
2217 5507 2374 5562 Joan.
2403 5520 2478 5570 vr,
2506 5505 2574 5559 52
2631 5505 2650 5536 ⁸
2677 5504 2866 5558 Matth.
2891 5518 3038 5569 χχι-ι,
3070 5500 3160 5556 26.
3215 5503 3235 5533 ⁸
3256 5498 3450 5554 Matth.
3478 5493 3759 5563 uvnﬂﬁ.
