3962 6204
377 298 480 360 385

1636 288 1997 348 EPISTOLA
2038 288 2252 350 CXLV.

3450 291 3586 357 1386

343 411 532 465 τοῦτον
579 410 709 483 ἡμῖν
759 406 856 473 τῆς
893 389 1129 463 πίστεοὶς
1160 400 1251 454 τὸν
1306 395 1627 483 χαρακτῆρα
1676 393 1763 446 διὰ
1804 393 1912 444 τῶν

2022 393 2255 448 hominis
2293 402 2350 448 et
2390 392 2557 449 homo
2587 393 2914 465 appelletur.
2942 409 3054 450 non
3077 396 3135 451 in
3158 396 3265 454 hoc
3289 415 3594 459 conversus

343 500 559 554 οἰκείων
596 479 971 564 ⁷γραμμάτων
1033 492 1427 560 προσήνεγκεν.
1485 479 1645 537 Οὗτοι
1712 482 1910 543 πάντες

346 590 527 661 σαφῶς
570 581 1079 653 ἐξεπαίδευσαν,ὼς
1124 573 1206 643 εἷς
1243 576 1373 639 Υἱὸς
1407 578 1437 629 ὁ
1484 571 1778 645 μονογενὴς
1820 571 1912 624 τοῦ

336 684 474 743 ,Θεοῦ
520 680 647 744 Υἱὸς
714 677 808 731 καὶ
859 676 990 739 Θεὸς
1040 669 1369 744 προσιώνιος
1412 669 1486 721 ,ἐκ
1550 664 1646 718 τοῦ
1702 663 1914 733 Πατρὸς

241 774 258 806 ‘
341 775 595 845 ἀρρήτως
621 767 1010 840 γεγενημένος·
1059 766 1154 819 καὶ
1201 763 1278 827 ὡς
1314 758 1455 831 μετά
1497 757 1595 829 τὴν
1641 751 1914 824 ἐνανθρώ-

341 882 503 935 πησιν
562 865 657 917 καὶ¹
716 862 842 924 Υἱὸς
895 857 1187 928 ἀνθρώπου
1250 854 1344 909 καὶ
1406 851 1689 921 ἄνθρωπος
1749 848 1916 935 ἐχρη-

343 934 605 1021 μάτισεν,
649 951 751 1003 οὐκ
807 951 887 1011 είς
940 946 1104 999 τοῦτο
1155 942 1390 1014 τραπεὶς
1446 939 1756 1011 (ἄτρεπτον
1807 934 1916 1004 γάρ

346 1043 460 1112 ἔχει
491 1041 591 1113 τὴν
627 1036 847 1111 φύσιν),
879 1038 1015 1092 ἀλλά
1045 1032 1370 1107 προσλαϐὼν
1395 1031 1457 1086 τὸ
1490 1030 1760 1101 ἡμέτερον
1779 1044 1791 1056 ·
1820 1027 1916 1079 καὶ

342 1135 421 1188 ὅτι
449 1134 610 1198 αύτὸς
669 1133 764 1186 καὶ
802 1129 1018 1199 ἀπαθὴς
1050 1124 1142 1198 ἦν,
1197 1128 1291 1182 καὶ
1334 1125 1604 1184 ἀθάνατος
1637 1122 1714 1185 ὼς
1757 1120 1912 1183 Θεὸς,

338 1227 436 1280 καὶ
466 1225 659 1296 θνητὸς
690 1223 785 1276 καὶ
816 1221 1055 1292 παθητὸς
1082 1220 1158 1283 ὼς
1199 1218 1515 1288 ἄνθρωπος·
1552 1213 1691 1284 μετά
1725 1212 1783 1265 δὲ
1816 1210 1916 1280 τὴν

341 1316 660 1378 ἀνάστασιν,
692 1313 788 1366 καὶ
824 1312 966 1365 κατά
1017 1311 1076 1362 τὸ
1104 1308 1461 1378 ἀνθρώπειον,
1490 1306 1586 1359 καὶ
1638 1303 1737 1373 τὴν
1774 1300 1917 1355 ἀπά-

343 1407 492 1461 θειαν
520 1407 615 1460 καὶ
645 1405 743 1476 τὴν
777 1402 1077 1457 ἀθανασίαν
1107 1399 1342 1464 ἐδέξατο.
1385 1399 1447 1450 El
1473 1397 1582 1466 γὰρ
1617 1395 1713 1449 καὶ
1744 1391 1915 1464 μεμέ-

341 1516 470 1569 νηκε
497 1498 656 1567 σῶμα
683 1495 743 1548 τὸ
765 1495 943 1564 σῶμα,
976 1493 1090 1546 ἀλλ’
1120 1491 1332 1553 ἀπαθές
1356 1491 1471 1543 ἐστι
1498 1487 1593 1542 καὶ
1625 1485 1914 1549 ἀθάνατον,

340 1592 434 1643 καὶ
463 1589 605 1642 θεῖον
628 1588 797 1649 ὅντως
834 1585 995 1654 σῶμα
1020 1624 1033 1647 ,
1062 1583 1158 1637 καὶ
1196 1582 1317 1653 θείᾳ
1341 1579 1469 1652 δόξῃ
1495 1576 1881 1646 δεδοξασμένον
1898 1590 1913 1605 ·

342 1681 437 1733 καὶ
477 1677 639 1732 τοῦτο
666 1675 853 1745 σαφῶς
891 1675 1038 1745 ἡμᾶς
1064 1674 1093 1724 ό
1133 1673 1401 1743 μακάριος
1441 1666 1646 1730 ἐδίδαξε
1681 1664 1912 1726 Παῦλος.

2017 483 2205 550 (habet
2262 484 2411 538 enim
2462 493 2716 539 naturam
2770 485 3216 558 immutabilem),
3261 491 3356 546 sed
3390 508 3459 546 eo
3501 508 3588 547 as-

2013 583 2234 644 sumpto
2266 575 2411 645 quod
2447 586 2698 631 nostrum
2724 586 2845 632 erat
2874 595 2887 630 :
2935 577 3192 649 quodque
3233 578 3593 649 impassibilis

2016 665 2133 733 ipse
2158 671 2216 718 et
2247 663 2575 721 immortalis
2603 675 2725 721 erat
2757 676 2819 720 ut
2844 666 3011 731 Deus,
3051 676 3108 722 et
3136 668 3385 724 mortalis
3421 673 3594 740 passi.

2016 756 2253 827 bilisque
2288 765 2349 811 ut
2370 757 2575 823 homo;
2604 766 2731 828 post
2752 760 3214 814 resurrectionem
3234 774 3387 824 vero,
3425 761 3592 817 etiam

2016 847 2321 903 secundum
2367 848 2669 915 hominem,
2720 849 3217 919 impassibilitatem
3266 850 3597 906 immortali-

2018 945 2295 1006 tatemque
2333 937 2563 992 sortitus
2602 947 2705 992 est.
2754 938 2870 993 Etsi
2911 939 3058 993 enim
3111 954 3315 1009 corpus
3370 931 3593 1004 mansit.

2015 1036 2259 1082 attamen
2310 1026 2649 1097 impassibile
2681 1035 2768 1083 est
2819 1036 2875 1083 et
2924 1029 3271 1094 immortale,
3324 1046 3390 1087 ac
3449 1032 3596 1087 divi-

2016 1135 2146 1174 num
2199 1133 2392 1174 revera
2443 1134 2688 1191 corpus,
2767 1127 2825 1175 et
2897 1120 3084 1175 divina
3148 1122 3323 1193 gloria
3393 1118 3602 1195 glorifi-

2017 1217 2222 1264 catum.
2277 1208 2348 1264 Et
2396 1209 2503 1264 hoc
2552 1218 2741 1278 aperte
2785 1223 2889 1263 nos
2921 1208 3111 1264 docuit
3138 1204 3333 1266 beatus
3368 1211 3592 1269 Paulus.

2026 1317 2045 1351 ι
2079 1284 2280 1355 Nostra
2323 1300 2492 1363 enim,
2536 1299 2738 1370 inquit,
2784 1301 3130 1357 conversatio
3183 1301 3237 1355 in
3286 1303 3439 1358 melis
3491 1314 3595 1368 est,

2019 1391 2166 1446 unde
2215 1390 2382 1445 etiam
2408 1389 2745 1445 Salvatorem
2777 1400 3161 1460 exspectamus
3189 1392 3479 1448 Dominum
3508 1394 3601 1449 Je-

2020 1497 2141 1538 sum
2194 1481 2493 1548 Christum,
2537 1482 2631 1552 qui
2676 1482 2993 1545 reformabit
3034 1499 3236 1553 corpus
3269 1486 3600 1542 humilitatis

2020 1583 2239 1639 nostrae,
2292 1583 2352 1628 ut
2400 1558 2681 1629 conformo
2736 1573 2828 1628 ﬁat
2864 1574 3081 1643 corpori
3113 1575 3301 1646 gloriae
3337 1578 3456 1649 ejus
3489 1578 3531 1632 ’.
3571 1597 3589 1629 ι

2021 1668 2092 1723 Ει
2122 1683 2234 1722 non
2266 1664 2405 1721 dixit
2433 1665 2618 1736 gloria:
2649 1665 2791 1735 ejus,
2841 1663 2935 1720 sed
2972 1666 3181 1737 corpori
3227 1665 3411 1739 gloria:
3460 1669 3595 1740 ejus.

347 1790 366 1818 ι
409 1766 597 1837 Ἠμῶν
638 1765 747 1836 γὰρ
769 1803 785 1828 ,
825 1763 991 1833 φησὶ,
1024 1763 1083 1816 τὸ
1113 1760 1419 1830 πολίτευμα
1451 1760 1508 1811 ἐν
1541 1756 1790 1826 ούρανοῖς
1824 1753 1922 1806 ὑπ-

2022 1759 2090 1813 Ει
2140 1757 2407 1811 Dominus
2452 1755 2592 1824 ipse,
2634 1770 2759 1809 cum
2795 1754 3025 1810 dixisset
3057 1758 3360 1828 apostolis:
3409 1778 3426 1810 ι
3458 1758 3600 1815 Sunt

345 1858 522 1927 ἀρχει,
539 1855 599 1919 ἐξ
615 1849 675 1909 οὗ
696 1855 790 1908 καὶ
813 1854 1042 1925 Σωτῆρα
1062 1848 1478 1920 ἀπεκδεχόμεθα
1498 1845 1702 1915 Κύριον
1716 1843 1921 1913 Ἰησοῦν

343 1947 599 2019 Χριστὸν,
632 1944 692 2009 ὃς
728 1942 1196 2014 μετασχηματίσει
1224 1940 1284 1995 τὸ
1308 1940 1466 2010 σῶμα
1511 1939 1613 2007 τῆς
1651 1933 1921 1990 ταπεινώ-

346 2055 484 2102 σεως
521 2036 679 2108 ἡμῶν
708 2037 787 2099 είς
807 2034 868 2088 τὸ
897 2034 1154 2103 γενέσθαι
1179 2032 1310 2086 αὐτὸ
1347 2030 1670 2100 σύμμορφον
1698 2026 1777 2096 τῷ
1812 2026 1917 2079 σώ-

352 2146 483 2200 ματι
518 2129 618 2196 τῆς
646 2126 806 2195 δόξης
844 2123 1032 2178 αὐτοῦ.
1065 2145 1085 2176 ι
1120 2124 1230 2177 Καὶ
1251 2123 1353 2175 οὐκ
1378 2116 1498 2173 εἷπε
1525 2117 1596 2186 τῇ
1635 2117 1785 2185 δόξῃ
1817 2119 1923 2170 αὐ-

278 2274 289 2281 ,
345 2220 473 2286 τοῦ,
504 2219 642 2273 ἀλλά
670 2217 749 2283 τῷ
774 2217 998 2286 σώματι
1020 2215 1129 2284 τῆς
1162 2214 1348 2281 δόξης
1372 2212 1580 2266 αὐτοῦ.
1616 2210 1735 2273 ,Καὶ
1761 2207 1924 2270 αὐτὸς

345 2311 401 2363 δὲ
427 2313 457 2365 ό
493 2298 696 2381 Κύριος
725 2307 900 2361 εἰπὼν
928 2309 1040 2371 τοῖς
1073 2305 1424 2368 ἀποστόλοις·
1453 2321 1472 2354 ι
1499 2301 1621 2356 Εἰσί
1649 2317 1792 2363 τινες
1814 2296 1924 2352 τῶν

345 2394 447 2454 ὦδε
473 2397 746 2461 ἑστώτων,
789 2398 987 2460 οἵτινες
1014 2398 1074 2450 οὐ
1108 2396 1182 2467 μὴ
1214 2394 1501 2463 γεύσονται
1547 2391 1798 2455 θανάτου,
1819 2389 1925 2449 ἕως

345 2492 411 2546 ἂν
444 2492 596 2546 ἴδωσι
636 2489 730 2544 τὸν
779 2489 907 2542 Υίὸν
954 2486 1046 2542 τοῦ
1083 2485 1376 2556 ἀνθρώπου
1429 2483 1726 2555 ἐρχόμενον
1758 2481 1817 2533 ἐν
1852 2484 1918 2551 τῇ
1962 2504 1967 2515 ν

296 2585 309 2597 ‘
343 2579 582 2651 δόξητοῦ
608 2578 841 2649 Πατρὸς,
875 2576 1183 2647 παρέλαϐεν
1219 2574 1418 2636 αὐτοὺς
1450 2573 1587 2643 μετά
1612 2571 1671 2635 ἒξ
1709 2568 1921 2641 ἡμέρας

347 2673 424 2734 είς
455 2670 580 2741 ὄρος
620 2668 822 2739 ὑψηλὸν
848 2668 992 2730 λίαν,
1042 2668 1137 2721 καὶ
1181 2662 1580 2734 μετεμορφώθη
1610 2660 1920 2732 ἔμπροσθεν

346 2760 549 2821 αὐτῶν,
584 2759 679 2811 καὶ
707 2756 925 2824 ἐγένετο
968 2755 1028 2807 τὸ
1062 2754 1354 2823 πρόσωπον
1386 2750 1551 2804 αὑτοῦ
1580 2750 1656 2811 ὡς
1678 2753 1719 2827 ,ὁ
1748 2751 1919 2818 ἣλιος,

348 2853 444 2906 καὶ
470 2851 538 2904 τά
563 2849 755 2921 ἱμάτια
776 2847 943 2901 αὐτοῦ
976 2843 1209 2915 λαμπρὰ
1237 2842 1312 2905 ὡς
1338 2842 1397 2894 τὸ
1425 2841 1561 2909 φῶς.
1593 2838 1830 2904 Ἐδίδαξε
1864 2838 1923 2890 δὲ

344 2934 437 2996 διὰ
462 2939 670 2996 τούτων
710 2939 806 3009 τῆς
826 2936 1084 3010 δευτέρας
1110 2935 1433 3005 ἐπιφανείας
1455 2933 1547 2987 τὸν
1574 2932 1791 3003 τρόπον.
1812 2932 1923 2985 Καὶ

347 3036 423 3099 ὡς
470 3030 843 3106 ἀπερίγραφος
906 3028 1003 3100 μὲν
1050 3031 1082 3101 η
1129 3028 1397 3099 ληφθεῖσα
1444 3025 1608 3096 φύσις
1655 3025 1757 3077 ούκ
1805 3023 1918 3076 ἔστι

2022 1847 2246 1918 quidam
2286 1847 2354 1901 de
2388 1845 2480 1899 hic
2511 1844 2806 1909 stantibus,
2842 1845 2936 1915 qui
2978 1861 3085 1905 non
3121 1848 3420 1920 gustabunt
3448 1865 3598 1906 mor.

2024 1948 2156 2005 tem,
2212 1939 2389 1994 donec
2421 1937 2649 1992 videant
2689 1937 2892 2001 Filium
2921 1937 3163 1994 hominis
3197 1940 3508 1997 venientem
3543 1941 3599 1999 in

2023 2032 2193 2102 gloria
2235 2031 2413 2085 Patris
2462 2029 2528 2093 ιο,
2567 2049 2585 2080 ι
2644 2037 2770 2098 post
2825 2043 2920 2084 sex
2948 2028 3067 2085 dies
3098 2033 3394 2103 assumpsit
3420 2049 3517 2089 eos
3542 2034 3599 2090 in

2025 2132 2263 2181 montem
2283 2119 2562 2175 excelsum
2595 2119 2774 2183 valde,
2807 2129 2862 2173 et
2891 2119 3309 2191 transﬁguratus
3343 2133 3428 2180 est
3472 2134 3599 2182 ante

2025 2214 2184 2278 illos;
2211 2221 2268 2267 et
2300 2211 2442 2267 facta
2475 2219 2561 2267 est
2602 2209 2772 2266 facies
2811 2213 2931 2284 ejus
2982 2212 3125 2267 sicut
3177 2215 3280 2279 sol,
3325 2225 3381 2271 et
3429 2216 3600 2274 vcsti-

2025 2312 2211 2359 menta
2230 2304 2351 2374 ejus
2380 2301 2563 2357 lucida
2597 2302 2743 2357 sicut
2768 2302 2861 2357 lux
2898 2304 2962 2357 “.
2990 2305 3096 2359 Per
3116 2304 3234 2360 haec
3279 2315 3465 2362 autem
3514 2323 3601 2363 se-

2025 2393 2190 2449 cundi
2216 2392 2485 2447 adventus
2512 2390 2734 2445 modum
2768 2390 3029 2457 ostendit,
3067 2400 3125 2447 et
3156 2394 3302 2465 quod
3342 2410 3453 2451 non
3490 2396 3602 2452 cir-

2024 2483 2359 2553 cumscripta
2388 2481 2613 2552 quidem
2656 2489 2851 2536 natura
2885 2492 3163 2554 assumpta
3207 2500 3319 2559 non
3354 2496 3439 2543 est
3473 2487 3600 2558 (hoc

2021 2577 2171 2632 enim
2198 2575 2369 2630 solius
2392 2573 2707 2629 Divinitatis
2751 2573 2964 2646 125$
3011 2584 3096 2645 est
3142 2578 3471 2653 proprium),
3517 2579 3603 2635 di;

2020 2667 2164 2722 vime
2214 2673 2395 2723 tamen
2453 2667 2643 2737 glorise
2685 2656 3010 2736 splendores
3063 2667 3302 2734 emittet,
3357 2678 3414 2726 et
3456 2670 3598 2726 lucis

2024 2755 2208 2810 radios
2232 2755 2494 2818 vibrabit,
2523 2756 2809 2809 oculorum
2830 2754 3003 2809 aciem
3025 2759 3434 2830 praestringens.
3460 2758 3600 2815 Cum

2024 2843 2129 2897 hac
2168 2844 2339 2912 gloria
2391 2846 2679 2898 ascendit:
2726 2846 2804 2899 sic
2860 2846 3042 2913 ipsum
3093 2850 3273 2919 angeli
3304 2859 3598 2907 venturum

2024 2935 2302 2989 dixerunt.
2340 2934 2565 2990 Illorum
2595 2934 2743 2989 enim
2776 2949 2877 2988 vox
2900 2947 3022 2989 est:
3064 2955 3084 2987 ‹
3110 2936 3212 2992 Hic
3250 2940 3343 3008 qui
3384 2957 3599 2996 assum-

2022 3034 2151 3097 ptus
2173 3034 2308 3082 esta
2347 3026 2506 3083 vobis
2542 3024 2613 3081 in‘
2630 3026 2855 3090 caelum,
2892 3025 2973 3080 sic
3011 3026 3195 3083 veniet
3244 3030 3601 3099 quemadmo-

347 3117 527 3195 (τοῦτο
556 3126 659 3197 γὰρ
718 3123 885 3196 μόνης
916 3122 1015 3192 τῆς
1062 3121 1314 3192 θεότητος
1364 3118 1688 3183 ίδιον),τάς
1718 3117 1776 3170 δὲ
1820 3119 1920 3187 τῆς

2026 3119 2159 3173 dum
2209 3119 2427 3175 vidistis
2464 3135 2591 3174 eum
2625 3130 2847 3175 euntem
2879 3120 2934 3175 in
2970 3121 3169 3175 coelum
3208 3121 3271 3176 “.
3304 3142 3322 3174 ι
3367 3123 3437 3178 Ει
3473 3140 3597 3179 cum

347 3219 493 3284 θείας
517 3217 674 3288 δόξης
700 3217 902 3287 ἀφήσει
933 3212 1326 3285 μαρμαρυγὰς,
1357 3212 1453 3265 καὶ
1486 3211 1664 3281 φωτὸς
1696 3211 1923 3271 ἀκτῖνας

347 3308 641 3381 ἐκπέμψει,
681 3308 780 3378 τῆς
810 3306 1044 3374 ὀπτικῆς
1088 3303 1394 3374 αἰσθήσεως
1421 3299 1825 3371 ὑπερϐαίνουσα
1856 3298 1924 3351 τὰ

349 3401 542 3472 μέτρα.
592 3397 749 3453 Μετά
800 3395 1011 3463 ταύτης
1065 3391 1342 3464 ἀνελήφθη
1374 3392 1471 3462 τῆς
1515 3389 1710 3459 δόξης⁶
1750 3388 1925 3454 οὕτως

350 3490 510 3543 αὑτὸν
555 3488 763 3557 ἔφασαν
814 3486 968 3557 ἥξειν
1023 3485 1075 3537 οἰ
1123 3483 1378 3552 ἄγγελοι·
1413 3481 1592 3535 αὐτῶν
1644 3482 1753 3552 γάρ
1808 3482 1926 3534 ἐστι

349 3580 501 3650 φωνή
522 3595 535 3608 ⁸
565 3597 582 3631 ι
616 3573 783 3640 Οὗτος
805 3578 833 3629 ό
863 3574 1194 3646 ἀναληφθεὶς
1226 3574 1319 3642 ἀφ’
1355 3573 1510 3644 ὑμῶν
1540 3573 1620 3636 εἰς
1643 3572 1734 3625 τὸν
1757 3571 1924 3642 οὐρα-

346 3672 437 3726 νὸν
492 3669 666 3730 οὕτως
719 3665 1022 3730 ἐλεύσεται,
1062 3666 1121 3718 δν
1181 3666 1386 3735 τρόπον
1425 3663 1724 3729 ἐθεάσασθε
1762 3664 1924 3717 αὑτὸν

348 3760 713 3833 πορευόμενον
753 3758 833 3821 είς
885 3755 977 3810 τὸν
1019 3755 1267 3824 οὐρανόν.
1308 3773 1329 3805 ι
1364 3754 1473 3819 Καὶ
1502 3756 1616 3817 τοῖς
1661 3752 1827 3816 θείοις
1867 3752 1925 3807 δὲ

348 3851 667 3913 ἀποστόλοις
717 3850 904 3918 ὀφθεὶς
951 3848 1089 3919 μετά
1121 3848 1220 3918 τὴν
1254 3846 1573 3913 ἀνάστασιν,
1605 3845 1698 3899 καὶ
1737 3846 1925 3915 χεῖρας

349 3943 533 4005 αὐτοῖς
574 3940 668 3994 καὶ
717 3939 880 4002 πόδας
926 3936 1212 4002 ὑπέδειξε·
1263 3936 1341 4006 τῷ
1389 3936 1446 3990 δὲ
1484 3935 1657 4006 Θωμᾷ
1704 3936 1798 3989 καὶ⁸
1825 3936 1925 4005 τὴν

349 4034 612 4106 πλευρὰν,
638 4035 731 4087 καὶ
756 4030 867 4085 τῶν
895 4032 1042 4102 ἥλων
1072 4031 1167 4084 καὶ
1195 4029 1294 4101 τῆς
1323 4027 1522 4098 λόγχης
1549 4026 1648 4090 τὰς
1675 4025 1922 4088 ὠτειλάς.

348 4125 449 4179 Διά
475 4125 583 4196 γὰρ
611 4124 676 4195 δὴ
701 4122 928 4186 τούτους
966 4118 1095 4185 τοὺς
1128 4120 1388 4192 ἄντικρυς
1418 4118 1787 4190 ἀρνουμένους
1827 4118 1926 4187 τῆς

349 4215 549 4288 σαρκὸς
576 4213 672 4285 τὴν
698 4212 989 4284 ἀνάληψιν,
1012 4212 1108 4265 καὶ
1133 4210 1322 4281 μέντοι
1352 4213 1448 4263 καὶ
1477 4211 1604 4273 τοὺς
1631 4209 1845 4272 ἄλλους,
1873 4207 1924 4262 οἳ

351 4308 488 4381 μετά
510 4307 609 4378 τὴν
633 4306 928 4359 ἀνάστασιν
950 4304 1030 4367 είς
1056 4300 1309 4372 θεότητός
1331 4318 1464 4371 φασι
1490 4298 1925 4371 μεταϐεϐλῆσθαι

349 4395 508 4466 φύσιν
533 4396 633 4464 τὴν
683 4392 779 4446 τοῦ
818 4392 1072 4463 σώματος
1113 4389 1298 4459 φύσιν,
1333 4387 1598 4470 ἐφύλαξεν
1637 4389 1926 4459 ἀκεραίους

346 4486 454 4540 τῶν
476 4485 623 4555 ῆλων
662 4485 757 4538 καὶ
794 4483 895 4553 τῆς
937 4482 1141 4551 λόγχης
1167 4482 1296 4544 τοὺς
1342 4479 1565 4543 τύπους.
1604 4480 1723 4534 Καὶ
1755 4479 1925 4535 τᾶλλα

351 4573 578 4646 σώματα
603 4572 794 4644 μώμου
834 4569 1036 4632 παντὸς
1060 4568 1293 4639 ἐγείρων
1319 4567 1603 4638 ἐλεύθερα,
1630 4567 1707 4639 τῷ
1740 4568 1926 4640 οἰκείῳ

310 4688 318 4696 ·
350 4665 563 4736 σώματι
596 4664 669 4718 τὰ
703 4663 812 4719 τῶν
844 4661 1189 4733 παθημάτων
1240 4663 1442 4731 σημεῖα
1491 4660 1804 4723 κατέλιπεν,
1839 4660 1926 4714 ’ίνα

351 4758 447 4811 καὶ
475 4755 993 4825 τοὺςάρνουμένους
1021 4752 1114 4807 τοῦ
1146 4751 1397 4823 σώματος
1422 4752 1519 4822 τὴν
1542 4751 1807 4823 ἀνάληψιν
1838 4752 1927 4806 διὰ

350 4848 459 4901 τῶν
485 4828 830 4917 παθημάτων
881 4843 1268 4915 πλανωμένους
1290 4842 1484 4914 ἐλέγξῃ
1515 4883 1530 4908 ,
1567 4845 1661 4898 καὶ
1689 4848 1815 4908 τοὺς
1849 4847 1929 4909 εἰς

351 4938 543 5007 ἑτέραν
577 4936 739 5006 φύσιν
773 4933 1206 5008 μεταϐεϐλῆσθαι
1234 4932 1293 4986 τὸ
1322 4933 1481 5002 σῶμα
1506 4934 1824 5003 νομίζοντας
1847 4937 1923 4992 δι-

352 5024 487 5097 δάξῃ
520 5024 608 5078 διὰ
644 5023 741 5077 τοῦ
784 5024 959 5077 τύπου
984 5023 1093 5076 τῶν
1122 5022 1290 5093 ἥλων,
1326 5020 1401 5086 ὡς
1438 5023 1532 5075 ἐπὶ
1578 5023 1685 5081 τῶν
1709 5024 1925 5078 οἰκείων

351 5116 721 5187 χαρακτήρων
778 5116 1110 5187 μεμένηκεν.
1159 5116 1222 5168 Ei
1251 5114 1311 5168 δέ
1351 5132 1433 5178 τις
1464 5111 1739 5180 ἀπόδειξιν
1781 5115 1926 5186 ἔχειν

352 5209 524 5263 οίεται
548 5206 645 5260 τοῦ
673 5207 747 5279 μὴ
779 5207 1146 5277 μεμενηκέναι
1163 5207 1322 5278 σῶμα
1356 5206 1492 5278 μετὰ
1510 5206 1605 5277 τὴν
1627 5208 1924 5263 ἀνάστασιν

352 5300 447 5355 τοῦ
496 5298 699 5369 Κυρίου
748 5297 810 5350 τὸ
859 5297 1049 5367 σῶμα,
1100 5298 1176 5361 ὼς
1230 5298 1631 5368 κεκλεισμένων
1679 5298 1787 5353 τῶν
1831 5299 1923 5352 θυ-

358 5391 466 5462 ρῶν
489 5387 624 5462 πρὸς
647 5390 773 5454 τοὺς
804 5387 1047 5459 μαθητὰς
1076 5390 1358 5450 εἰσελθεῖν,
1380 5390 1782 5462 ἀναμνησθήτω
1806 5391 1924 5454 πῶς

352 5482 446 5536 ἐπὶ
472 5480 750 5551 θαλάσσης
784 5478 1001 5534 ἐϐάδισε
1024 5478 1213 5550 θνητὸν
1238 5480 1376 5551 ἔχων
1409 5481 1490 5535 ἔτι
1521 5483 1580 5535 τὸ
1621 5484 1801 5555 σῶμα,
1829 5484 1924 5538 καὶ

356 5722 514 5781 “qq.
673 5797 941 5859 PATROL.
992 5795 1108 5855 Gn.
1147 5795 1461 5857 LXXXI“.

2023 3209 2227 3263 divinis
2250 3214 2444 3265 rursus
2467 3211 2732 3279 apostolis
2772 3210 3115 3281 apparuisset
3168 3219 3294 3282 post
3345 3229 3597 3272 resurre-

2023 3297 2285 3362 ctionem,
2313 3307 2369 3353 et
2395 3314 2590 3353 manus
2624 3299 2733 3354 illis
2760 3308 2816 3353 et
2848 3300 3016 3370 pedes
3045 3303 3062 3321 '
3087 3303 3346 3369 ostendit,
3372 3305 3597 3363 Thomaz

2024 3405 2156 3445 vero
2177 3390 2344 3446 etiam
2372 3392 2538 3456 latus,
2578 3399 2635 3447 et
2683 3394 2963 3447 clavorum
3017 3409 3083 3449 ac
3123 3395 3329 3451 lancea:
3381 3397 3599 3453 cicatri-

2024 3496 2117 3537 ces
2145 3483 2209 3535 ".
2244 3481 2474 3552 Propter
2496 3482 2632 3539 istos
2661 3483 2830 3548 enim,
2887 3483 2981 3553 qui
3026 3482 3216 3554 aperte
3267 3496 3467 3557 negant
3511 3503 3601 3545 as-

2025 3572 2394 3642 sumptionem
2438 3575 2642 3640 carnis,
2694 3582 2751 3629 et
2791 3574 2929 3629 alios
2978 3576 3164 3642 simul,
3215 3577 3310 3647 qui
3350 3579 3601 3650 corporis

2024 3673 2275 3725 naturam
2310 3674 2434 3734 post
2452 3665 2914 3722 resurrectionem
2952 3681 3274 3723 conversam
3322 3667 3491 3725 luisse
3542 3671 3599 3727 in

2025 3755 2331 3812 divinitatis
2366 3764 2613 3811 naturam
2653 3756 2867 3822 dicunt,
2909 3758 3116 3829 integra
3154 3760 3394 3814 servavit
3418 3762 3600 3817 clavo-

2025 3861 2147 3902 rum
2175 3855 2233 3903 et
2256 3846 2471 3901 lanceae
2490 3846 2731 3917 vestigia
2751 3864 2765 3900 :
2786 3855 2855 3902 set
2887 3862 3016 3902 cum
3038 3846 3144 3902 alia
3173 3862 3403 3918 corpora
3449 3852 3599 3906 omni

2024 3937 2149 3995 labe
2192 3937 2365 3993 libera
2423 3939 2646 4004 excitet,
2701 3939 2756 3994 in
2795 3940 3020 4011 proprio
3052 3956 3284 4012 corpore
3307 3942 3598 3999 vulnerum

2026 4031 2180 4099 signa
2213 4030 2459 4101 reliquit,
2495 4039 2557 4085 ut
2592 4045 2689 4086 eos
2726 4031 2821 4101 qui
2870 4034 3121 4104 corporis
3167 4035 3600 4106 assumptionem

2014 4131 2229 4194 negant
2258 4138 2446 4179 errare
2479 4121 2773 4178 convincat
2808 4139 2876 4179 ex
2906 4125 3249 4193 vulneribus,
3288 4135 3344 4182 et
3377 4142 3472 4183 eos
3504 4127 3599 4198 qui

2026 4215 2081 4269 in
2101 4216 2338 4271 alteram
2376 4223 2631 4270 naturam
2667 4229 2870 4286 corpus
2908 4230 3235 4272 conversum
3270 4217 3440 4274 fuisse
3491 4233 3600 4290 pu-

2014 4313 2165 4368 tant,
2185 4320 2252 4360 ex
2279 4304 2561 4360 clavorum
2595 4304 2845 4376 vestigiis
2869 4305 3064 4361 doceat
3082 4305 3137 4360 in
3160 4307 3394 4376 propriae
3412 4307 3602 4363 formae

2027 4395 2174 4451 notis
2208 4397 2595 4466 permansisse.
2624 4396 2781 4463 Quod
2816 4397 2862 4451 si
2898 4396 3023 4467 quis
3050 4396 3415 4452 demonstrari
3440 4412 3602 4468 posse

1955 4464 2002 4523 θ
2028 4464 2443 4559 pulsu—corpus
2473 4488 2691 4543 Domini
2723 4496 2847 4559 post
2891 4464 3352 4565 resurrectionem
3401 4464 3603 4561 corpus

2028 4594 2140 4635 non
2166 4580 2562 4649 permansisse,
2591 4579 2740 4650 quod
2770 4578 2954 4650 januis
2980 4579 3183 4636 clausis
3210 4579 3278 4634 ad
3304 4578 3606 4651 discipulos

2024 4671 2101 4727 sit
2146 4671 2448 4742 ingressus,
2505 4672 2819 4727 meminerit
2867 4688 2978 4744 quo
3022 4672 3187 4729 modo
3243 4688 3411 4744 super
3450 4688 3606 4729 mare

2028 4763 2261 4818 mortale
2288 4762 2471 4817 adhuc
2496 4763 2708 4819 habens
2730 4778 2933 4834 corpus
2960 4763 3292 4831 ambularit;
3328 4765 3607 4835 quomodo

2028 4853 2161 4909 item
2200 4860 2363 4909 natus
2380 4850 2453 4908 sit
2472 4851 2808 4923 virginitatis
2828 4853 3106 4924 signacula
3128 4869 3356 4910 servans
3378 4854 3602 4920 intacta;

2026 4948 2085 4999 et
2137 4939 2415 5010 quomodo
2458 4940 2649 4996 itidem
2695 4940 3073 4997 insidiantium
3129 4957 3273 5014 stepe
3314 4958 3510 4999 manus
3534 4944 3607 5001 ab

2026 5029 2137 5091 illis
2158 5031 2563 5102 circumseptus
2583 5032 2841 5088 evaserit.
2887 5032 2957 5088 Et
2995 5031 3206 5105 1255
3235 5030 3369 5107 quid
3420 5034 3608 5090 Domi-

2028 5138 2161 5189 num
2184 5121 2330 5189 dico,
2366 5123 2462 5194 qui
2494 5138 2606 5179 non
2628 5125 2807 5179 solum
2838 5124 3025 5189 homo,
3061 5140 3255 5180 verum
3274 5126 3440 5181 etiam
3461 5125 3608 5181 Deus

2027 5222 2297 5275 eratante
2322 5217 2540 5282 secula,
2570 5216 2659 5272 cui
2687 5216 2847 5271 facile
2873 5225 2992 5272 erat
3020 5216 3237 5274 elIicere
3263 5217 3449 5274 omnia
3485 5232 3606 5286 quae

2028 5305 2237 5365 vellet?
2278 5306 2472 5362 Dicant
2503 5322 2610 5376 qua
2639 5306 2851 5365 ratione
2891 5306 3146 5363 llahacuc
3189 5323 3259 5363 ex
3306 5307 3494 5364 ludas
3549 5305 3606 5361 in

2031 5394 2357 5470 Babylonem
2389 5396 2657 5467 temporis
2692 5406 2972 5453 momento
3007 5396 3313 5463 transierit,
3346 5405 3404 5453 et
3435 5397 3606 5452 fovea:

2032 5493 2222 5555 operta
2272 5488 2592 5556 penetrarit,
2637 5487 2958 5560 Danielique
2992 5488 3177 5544 cibum
3215 5488 3478 5557 intulerit,
3516 5499 3608 5544 at».-

431 5637 451 5669 ι
488 5636 723 5707 Philipp.
785 5651 867 5700 ιιι,
900 5633 990 5699 eo,
1028 5634 1116 5688 ει.
1224 5635 1267 5665 ιθ
1306 5633 1497 5689 Matth.
1526 5653 1635 5706 xw,
1666 5638 1757 5694 es.
1855 5641 1894 5672 ε’

2022 5641 2124 5695 tth.
2162 5658 2292 5707 xvn,
2334 5643 2355 5697 l
2410 5658 2560 5715 seqq.
2648 5644 2690 5675 "
2722 5644 2844 5700 Act.
2870 5661 2909 5711 ι,
2945 5645 3032 5701 Η.
3131 5644 3175 5676 ¹³
3207 5642 3365 5701 Joan.
3402 5659 3493 5709 xx,
3531 5639 3603 5696 26

3128 5804 3203 5868 ﬂ
