3962 6204
398 222 531 291 1387
1423 215 1878 275 TIlEODORET
1887 215 1910 272 Ι
1950 215 2288 275 El’lSCOPI
2327 218 2690 278 CYRENSIS
3521 217 3686 283 1383

396 346 502 402 que
555 328 755 382 iterum
811 323 1145 393 incorruptis
1195 321 1364 375 foveae
1397 321 1694 390 signaculis
1728 321 1970 376 redierit.
2004 349 2017 386 λ

2125 325 2266 378 έντοι
2299 326 2416 389 πῶς
2447 325 2713 397 ἐγεννήθη
2739 307 2836 396 τῆς
2874 327 3168 398 παρθενίας
3191 329 3450 399 ἀκήρατα
3489 331 3694 398 ιρι)λά-

398 420 504 474 Sed
543 431 692 470 mera
735 422 820 469 est
863 413 1074 467 insania
1116 411 1528 466 Dominicorum
1582 411 1973 467 miraculorum

2124 436 2174 479 ις
2206 419 2274 470 τά
2320 418 2627 489 σήμαντρα,
2678 419 2772 471 καὶ
2805 415 2872 473 αὖ
2917 419 3080 472 πάλιν
3129 420 3245 483 πῶς
3275 421 3383 473 τῶν
3433 421 3694 475 ἐπιϐου-

398 511 592 565 modos
625 507 882 563 scrutari.
922 505 1060 560 Illud
1097 515 1281 560 autem
1339 514 1604 573 praeterea
1663 505 2008 575 intelligenv

2124 511 2344 562 ιυόντων
2375 509 2636 574 πολλάκις
2661 511 2758 573 τὰς
2789 515 2978 580 χεῖρας
3001 510 3254 580 διέφυγεν
3288 513 3380 564 ὑπ’
3435 513 3694 566 ἐκείνων

398 602 552 664 dum,
618 607 742 669 post
785 595 1250 650 resurrectionem
1313 602 1499 647 nostra
1555 595 1718 648 etiam
1746 610 1976 664 corpora

2124 600 2518 670 εκυκλωμένος.
2558 602 2667 654 Kal
2701 601 2753 654 τί
2809 603 2953 671 λέγω
3000 601 3092 654 τὸν
3155 603 3460 673 Δεσπότην,
3497 603 3572 666 ὃς
3627 604 3695 656 οὗ

400 688 837 759 incormptibilia
867 687 983 740 fore
1013 694 1069 740 et
1096 685 1447 749 immortalia,
1478 695 1805 755 terrenoque
1838 701 1976 756 pon—

2129 691 2248 743 όνον
2277 691 2564 764 ἄνθρωπος
2588 688 2680 762 ἦν,
2723 693 2862 747 ἀλλά
2889 695 2982 747 καὶ
3016 693 3149 757 Θεὸς
3180 695 3546 765 προαιιῖηιπ,
3589 699 3699 748 καὶ

400 783 533 838 dere
558 780 808 850 deposito
849 779 986 832 levia
1017 777 1202 831 futura
1236 786 1291 830 et
1338 777 1613 830 sublimia.
1649 777 1806 843 Quod
1859 778 1979 847 qui-

2124 784 2264 854 ᾁδιον
2293 781 2362 855 ἧν
2393 784 2542 856 αὐτῷ
2563 785 2742 839 πάντα
2767 791 2941 840 ποιεῖν
2967 787 3002 841 ἃ
3025 787 3305 857 βούλεταις
3332 788 3702 842 Είπάτωσαν

401 877 525 932 dem
560 883 747 944 aperte
781 870 1120 940 etexplicatc
1147 885 1247 923 nos
1272 869 1492 924 divinus
1516 869 1717 924 Paulus
1735 870 1975 924 edocuit.

2124 874 2201 938 ’ῶς
2235 877 2263 928 ό
2294 876 2616 947 Ἀμϐακοὺμ
2643 879 2706 931 ἐκ
2736 879 2838 948 τῆς
2869 879 3128 941 Ἰουδαίας
3159 881 3238 942 εἰς
3272 879 3596 932 Βαϐυλῶνα
3638 881 3700 930 ὲν

411 990 428 1021 ι
464 967 781 1024 Seminatur
835 963 1001 1028 enim,
1066 962 1162 1022 ait,
1199 961 1254 1015 in
1282 962 1654 1030 corruptione,
1700 971 1890 1031 surget
1924 962 1979 1016 in

2127 967 2286 1037 καρεῖ
2313 966 2408 1020 τοῦ
2438 967 2633 1039 χρόνου
2668 968 2891 1038 μετέϐη,
2918 970 3009 1021 καὶ
3041 967 3193 1038 διέόη
3227 969 3322 1020 τοῦ
3355 968 3591 1021 λάκκου
3633 969 3700 1020 τὸ

407 1057 870 1127 incorruptione;
906 1054 1210 1108 seminatur
1265 1054 1320 1106 in
1360 1053 1698 1118 inﬁrmitate,
1722 1064 1907 1124 surget
1927 1055 1981 1108 in

2126 1059 2376 1129 ἀλυμμα,
2405 1061 2500 1112 καὶ
2535 1059 2612 1130 τῷ
2656 1060 2858 1130 Δανιὴλ
2887 1060 3249 1130 προσενήνοχε
3296 1058 3398 1129 τὴν
3440 1058 3699 1128 τροφὴν,

404 1150 606 1204 virtute
633 1164 648 1212 ;
684 1145 986 1201 seminatur
1020 1143 1073 1196 in
1106 1143 1466 1214 ignobilitate,
1492 1151 1678 1212 surget
1707 1143 1760 1196 in
1787 1144 1980 1212 gloria;

2127 1152 2184 1204 al
2216 1148 2374 1214 αὖθις
2417 1152 2690 1220 ἐπανῆλθε
2737 1151 2811 1222 μὴ
2853 1151 3171 1221 διαφθείρας
3204 1150 3298 1204 τοῦ
3344 1150 3575 1204 λάκκου
3629 1151 3703 1202 τὰ

408 1239 710 1293 seminatur
758 1250 958 1304 corpus
1007 1234 1262 1298 animale,
1323 1242 1512 1304 surget
1567 1250 1768 1303 corpus
1819 1236 1982 1304 spiri-

2125 1245 2397 1315 ήμαντρα.
2433 1244 2594 1296 Ἀλλὰ
2624 1241 2792 1314 μανία
2816 1242 3013 1312 σαφὴς,
3045 1243 3139 1295 καὶ
3171 1243 3278 1294 τῶν
3321 1241 3704 1293 Δεσποτικίυν

412 1332 554 1386 tuale
593 1329 654 1380 ’⁵.
691 1349 708 1379 ι
750 1328 816 1381 Ει
863 1325 970 1379 alio
1015 1326 1174 1378 loco:
1244 1345 1262 1376 ‹
1295 1325 1613 1394 liapiemur,
1672 1327 1870 1396 inquit,
1909 1327 1983 1381 ~in

2125 1335 2386 1405 αυμάτων
2416 1336 2542 1398 τοὺς
2579 1337 2816 1406 τρόπους
2845 1335 3164 1406 ἀνερευνᾷν.
3190 1335 3469 1404 Προσήκει
3499 1333 3567 1386 δὲ
3606 1332 3706 1384 καὶ

410 1421 654 1476 nubibus
704 1419 759 1472 in
811 1433 960 1480 aera,
1000 1416 1052 1470 in
1102 1432 1390 1470 occursum
1426 1416 1641 1470 Domini
1671 1419 1733 1469 ¹⁵.
1770 1437 1787 1468 ι
1829 1418 1985 1484 Quod

2124 1425 2248 1478 οὖτο
2295 1425 2431 1496 πρὸς
2478 1427 2590 1490 τοῖς
2643 1426 2956 1498 εἰρημένοις
2991 1426 3222 1488 εἰδέναι,
3269 1423 3344 1486 ὡς
3377 1424 3532 1494 μετὰ

411 1514 454 1567 si
488 1527 718 1581 corpora
747 1518 1060 1564 sanctorum
1095 1507 1234 1561 levia
1283 1507 1439 1571 ﬁunt,
1487 1517 1543 1562 et
1593 1524 1811 1562 sursum
1869 1521 1978 1564 ten-

2124 1518 2389 1570 ,νάστασιν
2423 1518 2516 1596 καὶ
2549 1519 2617 1571 τὰ
2666 1519 2914 1589 ἡμέτερα
2965 1517 3194 1587 σώματα
3236 1516 3497 1585 ἄφθαρτα
3529 1515 3708 1567 ἔσται

411 1602 619 1665 deutia,
676 1609 731 1654 et
786 1615 969 1653 aerem
1021 1598 1180 1651 facile
1213 1597 1512 1675 trajiciunt,
1540 1599 1851 1653 mirandum
1876 1615 1988 1654 non

2124 1610 2187 1661 :at‘t
2217 1609 2482 1674 ἀθάνατα,
2518 1611 2613 1664 καί⁸
2636 1610 2730 1663 τοῦ
2755 1610 2990 1679 γεώδους
3016 1609 3474 1679 ἀπαλλαττόμενα
3505 1607 3710 1675 κοῦφα

411 1702 498 1749 est
529 1694 575 1747 si
602 1708 803 1762 corpus
829 1689 1193 1752 Dominicum,
1231 1688 1378 1758 quod
1408 1689 1994 1758 Unigeniti'divinitati

2124 1699 2308 1751 ’ίνεται
2339 1702 2432 1751 καὶ
2482 1700 2770 1770 μετάρσια.
2813 1701 2922 1754 Kal
2954 1699 3114 1753 τοῦτο
3160 1700 3463 1770 διαρρήδην
3499 1701 3710 1767 σαφῶς

413 1796 496 1840 est
529 1787 764 1850 unitum,
795 1792 917 1854 post
954 1783 1417 1836 resurrectionem
1451 1781 1763 1836 immortale
1787 1782 1990 1837 factum

2124 1789 2247 1858 ίμᾶς
2279 1789 2518 1856 ἐδίδαξεν
2547 1792 2575 1843 ό
2604 1790 2745 1854 θεῖος
2775 1791 3005 1854 Παῦλος.
3041 1810 3058 1841 ι
3080 1791 3367 1862 Σπείρεται
3399 1790 3519 1860 γὰρ
3543 1831 3561 1854 ,
3602 1807 3713 1859 φη-

2103 1879 2211 1943 σὶν,
2238 1881 2294 1931 ἐν
2325 1879 2523 1953 φθορᾷ,
2564 1882 2840 1952 ἐγείρεται
2871 1883 2927 1934 ἐν
2971 1881 3280 1952 ἀφθαρσίαν
3312 1881 3621 1950 σπείρεται
3653 1885 3711 1934 ὲν

415 1971 688 2041 ἀσθενείᾳ,
719 1969 993 2038 ἐγείρεται
1023 1971 1078 2018 ἐν
1112 1966 1360 2036 δυνάμει·
1394 1966 1676 2037 σπείρεται
1707 1968 1763 2018 ὲν
1794 1967 2008 2038 ἀτιμίᾳ,
2036 1969 2308 2040 ἐγείρεται
2333 1973 2390 2024 ὲν
2411 1969 2567 2043 δόξῃσ
2612 1972 2894 2043 σπείρεται
2939 1972 3099 2042 σῶμα
3127 1972 3376 2042 ψυχικὸν,
3408 1974 3710 2044 ἐγείρεται

419 2066 575 2135 σῶμα
619 2061 998 2133 πνευματικόν.
1033 2080 1049 2111 ι
1089 2061 1197 2113 Kal
1228 2060 1462 2130 ἀλλαχοῦ
1494 2077 1507 2089 ·
1543 2079 1561 2112 ι
1585 2061 2050 2132 Ἀρπαγησόμεθα
2077 2065 2134 2116 ὲν
2157 2065 2409 2130 νεφέλαις
2447 2068 2528 2130 είς
2553 2068 2712 2138 ἀέρα,
2741 2070 2820 2130 εἱς
2853 2067 3156 2137 ἀπάντησιν
3179 2067 3275 2120 τοῦ
3311 2069 3554 2140 Κυρίου.
3594 2088 3614 2119 ι
3647 2069 3712 2120 ΕΞ

417 2155 472 2208 δὲ
505 2158 572 2207 τὰ
618 2155 724 2206 τῶν
755 2153 928 2222 ἁγίων
981 2150 1210 2222 σώματα
1244 2150 1418 2219 κοῦφα
1457 2153 1666 2219 γίνεται
1699 2153 1793 2204 καὶ
1835 2155 2124 2223 μετάρσια,
2160 2157 2255 2209 καί⁹
2292 2158 2492 2229 ῥᾳδίως
2514 2158 2616 2232 ,τὸν
2648 2159 2788 2228 ἀέρα
2827 2159 3092 2230 διαπερᾷ·
3130 2159 3190 2212 οὐ
3226 2159 3307 2212 δεῖ
3355 2160 3708 2229 θαυμάζειν,

419 2251 469 2303 εί
500 2250 562 2303 τὸ
587 2247 917 2300 Δεσποτικὸν
951 2246 1132 2317 σῶμα,
1163 2245 1223 2299 τὸ
1254 2249 1319 2317 τῇ
1363 2245 1577 2316 θεότητι
1599 2246 1694 2298 τοῦ
1726 2247 2065 2315 Μονογενοῦς
2102 2252 2401 2322 ἡνωμένον,
2438 2253 2574 2323 μετά
2609 2253 2708 2323 τὴν
2742 2253 3036 2306 ἀνάστασιν
3077 2253 3446 2324 γεγενημένον
3487 2253 3708 2306 ἀθάνα-

427 1879 441 1896 ⁶
464 1880 648 1950 januis
673 1875 875 1932 clausis
900 1875 1206 1945 ingressum
1236 1873 1326 1928 sit.

418 2359 511 2395 τον
552 2324 955 2410 κεκλεισμένων
983 2337 1091 2390 τῶν
1126 2336 1306 2407 θυρῶν
1339 2335 1677 2407 εἰσελήλυθε.

491 2435 786 2488 lnnumera
841 2445 1008 2500 porro
1057 2430 1161 2484 alia
1203 2439 1316 2483 tum
1364 2428 1710 2498 prophetica,
1740 2437 1854 2483 tum
1874 2443 2004 2500 apo—

424 2523 617 2579 stolica
677 2520 990 2575 testimonia
1045 2519 1100 2573 in
1138 2527 1394 2590 promptu
1439 2528 1559 2573 erat
1587 2520 1872 2588 proferre:
1908 2523 2004 2574 sed

427 2615 705 2670 sufﬁciunt
734 2629 855 2682 qua:
888 2612 1034 2666 dicta
1063 2619 1212 2676 sunt,
1242 2619 1302 2664 ut
1335 2611 1482 2682 quod
1516 2611 1714 2666 docere
1752 2611 2006 2666 volumus

427 2705 806 2760 ostendamus.
832 2701 1124 2758 Credimus
1168 2703 1314 2756 enim
1351 2704 1406 2756 in
1441 2717 1611 2756 unum
1656 2702 1899 2765 Patrem,
1950 2703 2006 2756 in

429 2813 600 2854 unum
662 2796 884 2861 Filium,
943 2795 1000 2849 in
1054 2810 1223 2849 unum
1276 2794 1540 2865 Spiritum
1593 2805 1895 2850 sanctum:
1950 2805 2008 2850 et

428 2891 757 2948 conﬁtemur
779 2903 944 2942 unam
969 2887 1336 2951 divinitatem,
1368 2903 1529 2940 unam
1554 2887 2005 2951 dominationem,

433 2999 598 3039 unam
641 2981 956 3045 essentiam,
990 2988 1103 3035 tres
1126 2981 1466 3050 hypostases.
1492 2978 1768 3048 Unigeniti
1800 2978 2014 3048 1256

433 3089 670 3143 namque
697 3071 1004 3126 incarnatio
1037 3069 1324 3123 Trinitatis
1347 3085 1636 3124 numerum
1677 3085 1787 3123 non
1837 3069 2009 3132 auxit,

2172 2437 2282 2491 Kal
2307 2437 2510 2509 μυρίας
2537 2438 2592 2491 δὲ
2625 2439 2815 2509 ἑτέρας
2845 2440 2938 2493 καὶ
2961 2438 3301 2511 προφητικᾶς
3333 2439 3430 2491 καὶ
3455 2439 3706 2490 ἀποστοο

2101 2527 2258 2591 λικάς
2294 2530 2602 2600 μαρτυρίας
2651 2532 2995 2601 παραγαγεῖν
3033 2529 3278 2591 εὐπετές.
3346 2528 3496 2580 Ἀλλ’
3533 2529 3709 2598 ἀρκεῖ

2103 2620 2198 2673 καὶ
2229 2619 2298 2674 τὰ
2325 2621 2592 2692 εἰρημένα
2615 2620 2786 2686 δεῖξαι
2808 2621 2902 2674 τὸν
2927 2622 3022 2692 τῆς
3047 2621 3320 2692 ἡμετέρας
3337 2620 3713 2684 διδασκαλίας

2106 2709 2327 2763 σκοπόν.
2382 2710 2720 2781 Πιστεύομεν
2774 2712 2883 2782 γὰρ
2931 2713 3011 2775 είς
3039 2712 3137 2765 ἕνα
3186 2715 3431 2783 Πατέρα,
3491 2718 3582 2778 είς
3615 2717 3715 2768 ἒνα

2111 2800 2257 2866 Υίδν,
2292 2801 2372 2865 είς
2413 2800 2472 2854 ἓν
2524 2801 2748 2872 Πνεῦμα
2787 2802 2972 2871 ἅγιονο
3016 2803 3112 2856 καὶ
3154 2802 3538 2874 ὁμολογοῦμεν
3577 2807 3713 2874 μίαν

2111 2887 2361 2958 θεότητα,
2411 2889 2540 2959 μίαν
2592 2890 2908 2961 κυριότητα,
2959 2891 3090 2962 μίαν
3118 2893 3330 2958 οὐσίαν,
3377 2898 3535 2962 τρεῖς
3569 2895 3706 2946 ὕπο.

2114 2981 2356 3043 στάσεις.
2401 2981 2470 3034 Ἡ
2495 2982 2604 3051 γὰρ
2634 2981 3049 3053 ἐνανθρώπησις
3090 2984 3184 3037 τοῦ
3213 2985 3565 3053 Μονογενοῦς
3622 2986 3717 3038 τὸν

2113 3073 2211 3142 τῆς
2245 3073 2475 3143 Τριάδος
2497 3076 2598 3128 οὑκ
2633 3074 2870 3147 ηὔξησεν
2904 3077 3159 3146 ἀριθμὸν,
3194 3078 3286 3130 καὶ
3326 3078 3572 3148 τετράδα
3611 3081 3716 3150 τὴν

434 3180 538 3221 nec
565 3142 696 3218 fecit
722 3170 782 3217 ut
815 3161 1056 3217 Trinitas
1076 3168 1220 3215 esset
1247 3161 1611 3230 quaternitas,
1640 3161 1736 3215 sed
1760 3177 2015 3230 perman-

2124 3142 2325 3236 Τριάδα
2364 3142 2687 3238 πεποίηκεν,
2733 3142 2869 3222 ἀλλά
2909 3142 3220 3238 μεμένηκεν
3267 3167 3365 3224 καὶ
3403 3142 3548 3241 μετά
3607 3142 3717 3242 την

436 3257 508 3311 sit
530 3254 772 3308 Trinitas
801 3253 968 3306 etiam
996 3259 1119 3322 post
1153 3250 1586 3306 incarnationem
1609 3251 1869 3305 Trinitas.
1903 3250 2012 3306 llo-

438 3347 642 3402 minem
693 3353 874 3399 autem
925 3343 1128 3398 factum
1177 3343 1466 3398 credentes
1523 3344 1886 3426 unigenitum.
1918 3344 2012 3398 Dei

439 3437 661 3503 Filium,
709 3446 964 3492 naturam
1017 3451 1178 3506 quam
1226 3436 1525 3506 assumpsit
1576 3452 1686 3490 non
1731 3451 2012 3507 negamus,

439 3531 532 3587 sed
558 3529 906 3592 conﬁtemur,
933 3536 993 3582 ut
1023 3527 1282 3594 diximus,
1317 3535 1373 3582 et
1401 3543 1522 3582 eam
1547 3543 1669 3597 qua:
1693 3529 2012 3599 assumpsit,

440 3633 494 3679 et
544 3639 664 3677 eam
715 3638 832 3691 qua:
864 3629 1144 3689 assumpta
1175 3626 1279 3674 est.
1331 3620 1472 3676 Unio
1504 3619 1651 3673 enim
1679 3634 1743 3673 ea
1775 3635 1897 3688 qua:
1921 3635 2019 3673 na-

444 3726 694 3771 turarum
737 3721 896 3768 erant
927 3711 1148 3782 propria
1173 3727 1281 3764 non
1307 3711 1574 3766 confudit.
1604 3710 1821 3765 Etenim
1848 3710 1893 3764 si
1925 3726 2018 3764 aer

444 3807 594 3861 omni
618 3822 684 3861 ex
709 3811 866 3875 parte
896 3804 1077 3858 lucem
1099 3802 1381 3872 excipiens
1405 3818 1500 3857 aer
1519 3817 1640 3857 esse
1661 3817 1771 3856 non
1792 3801 2015 3868 desinit,

442 3914 620 3968 neque
673 3896 813 3950 lucis
858 3896 988 3949 item
1040 3901 1294 3948 naturam
1352 3895 1676 3964 corrumpit,
1719 3895 1816 3948 sed
1846 3896 2021 3951 oculis

444 3988 666 4058 quidem
713 3987 895 4040 lucem
940 3985 1237 4049 cernimus,
1283 3993 1428 4040 tactu
1459 4000 1590 4039 vero
1619 4001 1800 4039 aerem
1831 3987 2022 4057 digno-

445 4079 686 4142 scimus;
725 4085 820 4130 aut
858 4075 1090 4146 frigidus
1125 4076 1295 4140 enim,
1329 4082 1422 4128 aut
1451 4074 1679 4139 calidus,
1717 4083 1810 4129 aut
1836 4076 2022 4130 humi—

446 4170 569 4233 dus,
595 4175 690 4221 aut
708 4167 888 4221 siccus
910 4153 1124 4222 accedit
1152 4185 1164 4220 :
1194 4176 1454 4221 extrema:
1480 4166 1551 4219 sit
1573 4165 1866 4222 dementiae
1887 4181 2020 4220 con-

448 4261 717 4316 fusionem
760 4259 1035 4329 appellare
1065 4258 1370 4314 divinitatis
1407 4257 1874 4327 humanitatisque
1895 4273 2023 4312 con-

442 4354 802 4426 junctionem.
847 4350 903 4406 Si
935 4351 1082 4406 enim
1117 4364 1398 4405 conservae
1425 4357 1480 4403 et
1511 4356 1755 4418 tempore
1783 4350 2024 4418 aequales

2117 3255 2530 3328 ἐνανθρώπησιν
2569 3259 2738 3330 Τριάς
2785 3261 2817 3330 ή
2876 3260 3067 3330 Τριάς.
3131 3261 3591 3333 Ἑνανθρωπῆσαι
3660 3266 3719 3318 δὲ

2118 3347 2471 3410 πιστεύοντες
2506 3349 2595 3401 τὸν
2624 3351 2886 3421 μονογενῆ
2923 3351 3052 3404 Υίὸν
3074 3351 3168 3404 τοῦ
3192 3353 3347 3416 Θεοῦ,
3369 3355 3469 3407 οὐκ
3501 3357 3720 3424 ἀρνού-

2121 3437 2260 3508 μεθα
2313 3439 2378 3510 ἣν
2410 3438 2568 3492 ἔλαϐε
2605 3439 2788 3507 φύσιν,
2826 3441 2942 3493 ἀλλ’
2975 3441 3359 3512 ὁμολογοῦμεν,
3406 3443 3486 3504 ὡς
3525 3446 3719 3514 ἔφην,

2119 3529 2212 3580 καὶ
2242 3526 2340 3599 τὴν
2363 3527 2655 3596 λαϐοῦσαν,
2681 3531 2773 3583 καὶ
2795 3531 2893 3600 τὴν
2923 3531 3241 3601 ληφθεῖσαν.
3278 3535 3337 3586 'il
3367 3534 3471 3603 γὰρ
3494 3535 3722 3600 tumst;

2119 3621 2181 3673 οὐ
2228 3607 2447 3690 συνέχεε
2475 3621 2542 3674 τά
2574 3621 2684 3673 τῶν
2711 3621 2924 3691 φύσεων
2973 3624 3099 3677 ἴδια.
3135 3625 3198 3676 Ei
3246 3624 3354 3694 γὰρ
3383 3625 3410 3675 ὁ
3443 3626 3556 3696 ἀὴρ
3581 3627 3721 3691 ἧλος

2119 3705 2187 3758 δι’
2222 3706 2343 3759 ὅλου
2378 3707 2438 3759 τὺ
2470 3708 2585 3776 φῶς
2613 3709 2988 3780 εἰσδεχόμενος
3017 3713 3118 3764 οὐκ
3155 3712 3417 3765 ἀπόλλυσι
3448 3716 3515 3768 τὸ
3565 3712 3719 3770 εἶναι

2122 3798 2252 3868 ἀὴρ,
2287 3797 2408 3851 οὗτε
2436 3800 2541 3869 μὴν
2565 3799 2659 3854 τοῦ
2693 3801 2869 3871 φωτὸς
2895 3802 3194 3874 διαφθείρει
3223 3808 3321 3874 τὴν
3359 3805 3552 3874 φύσιν,
3577 3809 3720 3862 am

2120 3893 2233 3953 τοῖς
2271 3891 2368 3960 μὲν
2398 3890 2699 3962 ὀφθαλμοῖς
2736 3893 2953 3964 ὁρῶμεν
2986 3895 3046 3947 τὸ
3079 3895 3213 3963 φῶς,
3265 3900 3332 3966 τῇ
3367 3897 3423 3949 δὲ
3465 3899 3581 3969 ἀφιῇ
3627 3902 3719 3952 τὸν

2123 3980 2259 4051 ἀέρα
2288 3981 2654 4052 γινώσκομενο
2689 3983 2720 4054 ἢ
2753 3984 2858 4054 γάρ
2897 3985 3107 4056 ψυχρὸς
3155 3989 3305 4056 ἡμῖν,
3343 3988 3376 4058 ῆ
3409 3988 3643 4060 θερμὸς.
3683 3993 3715 4061 ἢ

2127 4072 2312 4142 ὑγρὸς,
2349 4071 2381 4143 ἢ
2423 4072 2585 4145 ξηρὸς
2614 4075 3002 4143 προσπελάζειο
3033 4075 3216 4140 ἀνοίας
3239 4079 3482 4150 ἐσχάτης
3516 4082 3719 4151 σύγ-[δ-

2127 4178 2210 4214 σιν
2241 4163 2536 4217 ἀποκαλεῖν
2561 4166 2658 4236 τὴν
2687 4167 2786 4236 τῆς
2817 4167 3067 4239 θεότητος
3091 4170 3184 4222 καὶ
3211 4170 3312 4240 τῆς
3344 4171 3721 4242 ἀνθρωπότη-

2125 4271 2216 4317 τος
2247 4255 2462 4309 ἕνωσιν.
2497 4258 2559 4310 Εἰ
2585 4259 2694 4329 γὰρ
2727 4261 2781 4312 αί
2812 4261 3092 4330 ὁμόδουλοι
3141 4263 3236 4316 καὶ
3285 4265 3586 4335 ὁμόχρονοι
3625 4269 3721 4320 καὶ

2127 4347 2343 4401 κτισταὶ
2394 4349 2586 4417 φύσεις
2635 4349 2942 4422 ένούμεναι,
2987 4354 3080 4406 καὶ
3117 4355 3278 4406 οἱονεὶ
3303 4357 3724 4426 κεραννύμεναι

447 4453 504 4500 et
542 4452 739 4500 creata:
788 4450 998 4496 natura:
1030 4440 1197 4508 unitm
1227 4451 1282 4494 et
1306 4439 1713 4510 quodammodo
1747 4442 2017 4510 permista:

2131 4439 2380 4510 ἀκέραιοι
2409 4441 2743 4511 διαμένουσι,
2796 4445 2892 4498 καὶ
2921 4444 3014 4498 τοῦ
3060 4447 3237 4513 φωτὸς
3289 4447 3720 4517 ὑποχωροῦντος

449 4538 672 4608 integra:
702 4541 1048 4606 permanent,
1079 4541 1135 4587 et
1176 4532 1297 4586 luce
1351 4532 1641 4587 recedente
1691 4542 1877 4586 manet
1924 4548 2023 4603 per

448 4644 569 4685 sese
611 4628 755 4682 aeris
783 4635 979 4681 natura
1013 4643 1025 4678 :
1066 4626 1238 4679 multo
1265 4640 1396 4679 sane
1422 4634 1506 4679 est
1535 4625 1748 4694 sequius
1771 4632 2022 4678 naturam

449 4719 616 4782 illam,
646 4734 769 4788 quae
793 4716 976 4771 omnia
999 4715 1267 4781 condidit,
1307 4725 1518 4771 natura:
1539 4731 1701 4786 quam
1757 4731 1824 4770 ex
1868 4715 2026 4770 nobis

447 4809 682 4881 sumpsit
734 4809 1080 4879 conjunctam
1140 4815 1198 4862 et
1249 4808 1480 4875 unitam,
1530 4817 1586 4862 et
1629 4808 1802 4877 ipsam
1831 4821 2024 4876 puram

347 4961 352 4963 _
449 4901 814 4974 permansisse
857 4899 1128 4963 conﬁteri,
1157 4908 1213 4953 et
1235 4915 1398 4967 quam
1429 4901 1726 4968 assumpsit
1755 4899 2022 4954 sinceram

450 4991 703 5049 similiter
729 5005 1101 5046 conservasse.
1137 4989 1272 5044 Nam
1300 4997 1358 5043 et
1381 5004 1576 5042 aurum
1603 4989 1714 5058 igni
1745 4990 2022 5045 admotum

448 5084 594 5156 ignis
641 5082 866 5154 quidem
919 5082 1160 5137 colorem
1220 5088 1276 5135 et
1323 5079 1434 5133 vim
1486 5080 1682 5150 agendi
1710 5080 2021 5150 participat,

454 5173 731 5246 propriam
785 5180 965 5227 tamen
1024 5181 1272 5228 naturam
1307 5185 1418 5225 non
1463 5171 1685 5235 amittit,
1716 5171 1810 5225 sed
1837 5188 1944 5226 una
1971 5181 2027 5227 et

451 5281 647 5324 aurum
674 5272 880 5329 manet,
919 5272 975 5319 et
1003 5264 1143 5335 ignis
1167 5279 1318 5320 more
1340 5263 1470 5334 agit.
1493 5261 1584 5318 Sic
1609 5271 1664 5318 et
1685 5262 2028 5319 Dominicum

453 5373 672 5426 corpus,
727 5371 927 5426 corpus
969 5356 1193 5426 quidem
1223 5365 1327 5422 est,
1355 5355 1453 5410 sed
1497 5355 1834 5424 impassibile
1862 5365 1918 5413 et
1943 5357 2030 5411 in-

454 5449 833 5518 ccrruptibile,
889 5455 945 5501 ct
997 5448 1326 5512 immortale,
1374 5457 1430 5502 et
1461 5447 1830 5513 Dominicum,
1865 5458 1922 5503 et
1950 5450 2030 5505 di-

527 5626 572 5659 “
608 5625 624 5679 l
668 5626 795 5680 Cor.
822 5641 911 5693 xv,
939 5627 1025 5693 42,
1057 5625 1145 5680 45.
1202 5628 1242 5658 ¹⁸
1277 5628 1297 5682 l
1332 5625 1521 5680 Thess.
1551 5643 1624 5694 1v,
1659 5629 1745 5683 16.

2135 4531 2284 4601 μένει
2307 4533 2430 4586 καθ’
2453 4531 2622 4604 αὑτὴν
2653 4534 2747 4587 τοῦ
2777 4535 2938 4607 ἀέρος
2965 4538 2997 4607 ἡ
3029 4537 3212 4605 φύσις,
3236 4537 3416 4607 πολλῷ
3442 4539 3724 4609 δήπουθεν

2131 4623 2492 4695 δικαιότερον,
2527 4626 2625 4697 τὴν
2660 4627 2728 4679 τὰ
2768 4628 2943 4681 πάντα
2986 4630 3400 4700 τεκτηναμένην
3443 4631 3617 4700 φύσιν
3661 4639 3725 4704 τῇ

2132 4715 2193 4780 ἐξ
2239 4717 2392 4787 ἡμῶν
2442 4717 2710 4791 ληφθείσῃ
2767 4719 3130 4789 συναφθεῖσάν
3167 4739 3225 4773 τε
3280 4723 3373 4774 καὶ
3416 4723 3728 4778 ὲνωθεῖσαν

2136 4811 2316 4879 φύσει,
2350 4811 2444 4864 καὶ
2473 4811 2644 4882 αὐτὴν
2692 4813 2971 4883 ἀκραιφνῆ
3001 4815 3373 4885 μεμενηκέναι
3403 4817 3726 4885 ὁμολογεῖν,

2133 4903 2228 4954 καὶ
2265 4905 2333 4972 ἦν
2367 4902 2559 4957 ἐλαϐεν
2591 4903 2853 4968 ὡσαύτως
2897 4907 3164 4976 ἀκεραίαν
3198 4906 3555 4976 διαφυλάξαι.
3617 4911 3726 4963 Καὶ

2133 4996 2242 5065 γὰρ
2271 4997 2366 5049 καὶ
2391 4997 2419 5050 ὁ
2452 4997 2650 5066 χρυσὸς
2676 4999 2754 5067 τῷ
2797 4998 2933 5068 πυρὶ
2966 4998 3313 5070 προσομιλῶν
3356 5000 3734 5070 μεταλαμϐα-

2133 5083 2212 5141 νὲι
2245 5088 2342 5158 μὲν
2371 5088 2468 5158 τῆς
2510 5087 2603 5141 τοῦ
2636 5089 2805 5160 πυρὸς
2837 5091 2927 5143 καὶ
2958 5091 3125 5162 χρόας
3153 5075 3247 5145 καὶ
3286 5091 3603 5164 ἐνεργείας.
3633 5095 3732 5163 τὴν

2134 5179 2191 5232 δὲ
2232 5179 2436 5233 οίκείαν
2463 5181 2562 5232 οὐκ
2595 5181 2857 5234 ἀπόλλυσι
2887 5180 3070 5251 φύσιν,
3108 5181 3244 5236 ἀλλά
3276 5183 3369 5234 καὶ
3405 5174 3566 5252 μένει
3592 5202 3731 5254 χρυ-

2138 5269 2252 5334 σὸς,
2281 5271 2375 5322 καὶ
2409 5269 2623 5342 ἐνεργεῖ
2662 5272 2730 5325 τὰ
2766 5273 2956 5344 πυρός.
2985 5273 3144 5327 Οὖτω
3166 5274 3260 5328 καὶ
3294 5273 3353 5327 τὸ
3380 5276 3733 5329 Δεσποτικδν

2139 5359 2318 5431 σῶμα,
2361 5362 2521 5433 σῶμα
2554 5363 2649 5435 μὲν
2677 5364 2844 5429 ἐστιν,
2882 5365 2996 5418 ἀλλ’
3022 5365 3251 5431 ἀπαθὲς,
3291 5364 3610 5436 ἄφθαρτον,
3640 5369 3738 5422 καὶ

2139 5449 2422 5519 ἀθάνατον,
2473 5452 2566 5504 καὶ
2598 5454 2947 5518 Δεσποτικδν,
3006 5455 3098 5507 καὶ
3153 5451 3314 5518 θεῖον,
3355 5454 3451 5507 καὶ
3484 5456 3556 5524 τῇ
3611 5454 3734 5526 θείᾳ
