3962 6204
372 300 505 366 i389

1664 304 2022 367 EPISTOLA
2061 303 2308 370 CXLVI.

3472 298 3606 368 1390

292 406 303 410 ’
368 415 491 489 δόξῃ
510 416 912 489 δεδοξασμένο..
944 417 1018 469 Οὑ
1040 417 1149 487 γὰρ
1183 416 1512 489 κεχώρισται
1530 418 1627 487 τῆς
1659 417 1929 486 θεότητος,

2043 416 2246 484 vinum,
2275 429 2333 473 et
2367 416 2551 474 divina
2583 418 2754 491 gloria
2783 416 3164 491 gloriﬁcatum.
3198 416 3317 474 Non
3343 420 3489 477 cnim
3517 437 3606 477 se.

367 505 483 558 οὑδὲ
508 504 668 560 ἀλλου
713 506 854 570 τινός
884 508 1061 571 ἐστ.ν,
1107 506 1220 559 ἀλλ’
1257 506 1419 559 αὑτοῦ
1461 506 1552 559 τοῦ
1592 504 1930 572 Μονογενοῦς

369 594 496 647 Υἱοῦ
526 593 620 647 τοῦ
669 594 826 648 Θεοῦ.
880 596 1015 648 Οὐδὲ
1041 594 1149 665 γὰρ
1188 595 1373 667 ἕτερον
1414 599 1544 667 ἡμῖν
1601 597 1930 651 ἐπιδείκνυσι

368 686 677 755 πρόσωπον,
730 687 845 739 ἀλλ’
877 686 1039 739 αὑτὸν
1067 685 1160 739 τὸν
1208 687 1489 757 Μονογενῆ
1529 687 1628 758 τὴν
1655 687 1930 758 ἡμετέραν

365 775 744 846 περικείμενον
772 777 954 847 ερύσιν.

433 866 651 937 Ταύτην
693 870 855 935 ἡμεῖς
892 866 992 938 τὴν
1044 868 1392 923 διδασκαλίαν
1438 866 1789 936 διατελοῦμεν
1831 884 1931 936 κη-

365 955 668 1025 ρύττοντες.
713 958 775 1009 Οί
800 956 858 1010 δὲ
889 957 989 1027 τὴν
1021 959 1161 1029 ὑπὲρ
1194 958 1351 1029 ἡμῶν
1388 959 1762 1028 γεγενημένην
1791 958 1933 1010 οίκο⁴

364 1048 556 1118 νομίαν
581 1048 903 1119 ἀρνούμενοι
945 1051 1254 1121 αἰρετικοὺς
1286 1051 1433 1119 ἡμᾶς
1463 1050 1930 1120 προσηγόρευσαν,

366 1139 692 1208 προσόμοιόν
719 1155 771 1191 τι
798 1141 917 1201 ταῖς
958 1138 1175 1208 γυναιξὶ
1215 1143 1334 1203 ταῖς
1370 1139 1688 1202 ἀκολάστοις
1719 1138 1932 1192 ποιοῦν·

365 1246 474 1292 τες.
503 1230 610 1283 Καὶ
637 1228 745 1300 γὰρ
771 1232 974 1284 ἐκεῖναι
1013 1231 1251 1303 δημοσία
1292 1231 1573 1285 πωλοὺσαι
1619 1230 1717 1300 τὴν
1744 1229 1894 1300 ὤραν
1915 1269 1931 1294 ,

369 1324 474 1383 τοῖς
500 1323 794 1392 ἑταιρικοῖς
819 1323 1048 1377 ὀνείδεσι
1070 1324 1172 1388 τὰς
1213 1323 1499 1396 σώφρονας
1524 1323 1931 1392 περιὸάλλουσι,

362 1414 456 1467 καὶ
485 1412 552 1466 τὰ
578 1414 676 1483 τῆς
711 1414 914 1478 οἰκείας
935 1415 1222 1484 ἀσελγείας
1250 1415 1492 1486 ὀνόματα
1514 1419 1633 1479 ταῖς
1650 1414 1750 1486 τὴν
1774 1414 1934 1467 ἀσέλ-

361 1520 516 1571 γειαν
546 1504 995 1575 βδελυττομέναις
1021 1506 1385 1576 περιτιθέασι.
1435 1506 1608 1559 Τοῦτο
1648 1506 1797 1575 καὶὴ
1835 1506 1932 1558 Αί-

362 1595 566 1663 γυπτία
609 1596 898 1666 πεποίηκε.
932 1596 1042 1666 Τὴν
1071 1598 1181 1667 γὰρ
1224 1599 1323 1668 τῆς
1356 1598 1589 1668 αἰσχρᾶς
1640 1596 1937 1667 ἐπιθυμίας

361 1685 605 1740 δουλείαν
640 1686 1003 1759 ἀσπασαμένη
1026 1725 1041 1750 ,
1085 1687 1183 1741 καὶ
1234 1684 1333 1757 τὴν
1365 1686 1749 1757 ἀνδραποδώδη
1776 1686 1936 1739 κολα-

2035 517 2284 575 paratum
2315 518 2399 564 est
2424 526 2456 565 a
2484 510 2793 577 divinitate,
2830 525 3007 580 neque
3047 509 3273 564 alterius
3303 510 3607 581 cuiuspiam

2031 606 2135 661 est,
2159 598 2255 652 sed
2278 598 2451 669 ipsius
2479 601 2745 673 unigeniti
2775 601 2899 655 Filii
2930 601 3045 655 Dei.
3078 601 3190 656 Nec
3210 599 3356 653 enim
3381 600 3607 656 alteram

2033 686 2195 741 nobis
2251 689 2475 745 exhibet
2522 706 2815 761 personam
2876 692 3087 762 1257
3114 691 3208 746 sed
3254 689 3609 762 Unigenitum

2035 776 2213 846 ipsum
2247 788 2433 835 nostra
2456 781 2710 836 indutum
2736 791 2951 837 natura.

2106 867 2257 924 lianc
2308 886 2410 926 nos
2462 872 2772 928 doctrinam
2828 874 3127 943 praedicare
3171 869 3468 943 pergimus.
3501 869 3606 938 Qui

2033 973 2166 1013 vero
2221 959 2419 1015 factam
2472 976 2573 1031 pro
2631 963 2795 1017 nobis
2856 963 3321 1034 dispensationem
3370 970 3607 1032 negant,

2034 1049 2327 1104 hmreticos
2352 1066 2453 1106 nos
2485 1052 2854 1121 appellarunt,
2898 1053 3131 1123 impuris
3159 1051 3487 1107 mulieribus
3536 1052 3607 1107 si-

2034 1142 2163 1196 mile
2190 1145 2205 1161 ·
2236 1142 2443 1212 aliquid
2477 1143 2808 1200 iactitantes.
2861 1142 2973 1200 Illa:
3016 1157 3275 1214 namque,
3318 1157 3443 1199 cum
3492 1143 3608 1198 l'or-

2032 1247 2177 1286 mam
2224 1248 2377 1288 suam
2422 1237 2672 1291 venalem
2721 1236 2979 1302 habeant,
3027 1235 3357 1292 meretriciis
3389 1234 3610 1306 probris

2034 1332 2213 1379 castas
2256 1334 2473 1390 vexant,
2521 1336 2579 1381 et
2627 1327 3071 1398 intemperantia:
3117 1342 3232 1383 sum
3280 1327 3505 1382 nomina
3537 1326 3609 1381 iis

2034 1430 2156 1485 qua:
2175 1416 2392 1471 illarum
2422 1417 2900 1488 intemperantiam
2924 1418 3268 1474 detestantur
3295 1418 3609 1488 imponunt.

2035 1504 2151 1561 Hoc
2172 1506 2424 1580 Egyptia
2461 1508 2610 1577 fecit,
2646 1525 2767 1579 qua:
2795 1510 2973 1579 turpis
2998 1508 3257 1565 desiderii
3286 1509 3608 1564 servitutem

2035 1596 2306 1666 amplexa,
2338 1611 2462 1653 cum
2498 1598 2685 1653 servili
2736 1598 3050 1652 adulatione
3095 1610 3348 1667 aggressa
3398 1602 3609 1653 castum

2037 1696 2205 1753 esset,
2236 1703 2340 1744 nec
2372 1690 2639 1755 inescare,
2676 1688 3083 1759 voluptatisque
3132 1686 3343 1757 laqueis
3390 1685 3612 1740 irretire

363 1781 517 1832 κείαν
556 1778 998 1850 προσενεγκοῦσα
1046 1780 1123 1851 τῷ
1155 1778 1413 1850 σώφρονι,
1454 1777 1575 1834 εἶτα
1632 1781 1705 1851 μὴ
1748 1779 1933 1833 δελεά-

2043 1779 2328 1849 potuisset,
2376 1780 2542 1836 alieni
2577 1780 2681 1835 tori
2724 1779 3043 1850 praedonem
3066 1777 3375 1849 appellabat
3405 1783 3613 1831 amato-

367 1887 526 1933 cacat,
578 1870 713 1941 μηδὲ
754 1874 875 1935 ταῖς
919 1873 1021 1942 τῆς
1058 1871 1392 1942 ἡδυπαθείας
1421 1871 1795 1943 περιπείρασα
1830 1871 1936 1925 πά-

364 1977 513 2028 γαις,
548 1961 834 2031 ἀλλοτρίας
867 1961 1027 2032 εὐνῆς
1052 1960 1317 2038 ἀπεκάλει
1343 1960 1544 2033 λῃστὴν
1591 1964 1690 2031 τῆς
1724 1976 1937 2031 σωφρο-

365 2051 530 2122 σύνης
558 2051 649 2104 τὸν
675 2052 933 2124 ἐραστήν.
983 2052 1122 2106 Ἀλλ’
1159 2047 1305 2106 οὗτοι
1336 2052 1433 2122 μὲν
1462 2051 1693 2106 δώσουσι
1718 2051 1794 2122 τῷ
1814 2049 1934 2121 Θεῴ

361 2139 462 2201 τάς
490 2137 741 2205 εὐθύνας,
785 2143 880 2193 καὶ
912 2141 1019 2195 τῶν
1048 2141 1187 2194 κατὰ
1210 2141 1312 2211 τῆς
1340 2143 1572 2204 πίστεως
1605 2141 1931 2213 μηχανημά-

362 2246 472 2283 των
496 2270 512 2295 ,
555 2231 651 2284 καὶ
687 2229 794 2285 τῶν
834 2230 958 2286 καθ’
1008 2232 1166 2303 ἡμῶν
1195 2233 1659 2304 σκευωρημάτων.
1708 2231 1849 2300 Ἐγὼ
1873 2231 1931 2284 δὲ

360 2323 487 2386 τοὺς
538 2320 888 2395 ὗπηγμένους
944 2328 1066 2390 ταῖς
1131 2325 1527 2396 γεγενημέναις
1561 2324 1932 2394 ψευδολογίαις

362 2414 690 2484 παρακαλῶ,
720 2414 954 2485 θατέραν
982 2417 1105 2468 ταῖν
1133 2416 1322 2468 ἀκοαῖν
1350 2414 1461 2481 (i8)
1488 2413 1566 2485 τῷ
1597 2431 1933 2484 κατηγορου-

363 2504 511 2574 μένῳ
533 2505 844 2573 φυλάττειν,
884 2507 978 2559 καὶ
1017 2506 1093 2576 μὴ
1139 2506 1239 2569 τὰς
1271 2504 1365 2559 δύο
1396 2509 1509 2569 τοῖς
1538 2506 1934 2578 κατηγοροῦσιν

362 2594 604 2664 ὑπέχειν.
647 2594 803 2649 Οὑτω
836 2595 946 2666 γὰρ
981 2596 1072 2648 τὸν
1112 2595 1256 2649 θεῖον
1279 2593 1632 2665 πληρώσουσι
1661 2596 1845 2665 νόμον,
1878 2596 1937 2660 ὃς

362 2685 662 2757 διαρρήδην
710 2686 810 2758 βοᾷ
831 2704 842 2716 ·
896 2704 915 2738 ι
968 2685 1163 2759 Ἀκοὴν
1196 2686 1432 2757 ματαίαν
1461 2686 1523 2739 οὑ
1564 2685 1842 2758 παραδέξῃ
1864 2702 1879 2715 ο
1912 2704 1931 2737 ι

367 2777 487 2830 καί·
541 2795 559 2828 ι
592 2777 787 2848 Κρίσιν
808 2778 1024 2830 δικαίαν
1061 2777 1274 2847 κρίνετε
1308 2776 1412 2830 ἀνά
1440 2777 1603 2846 μέσον
1628 2776 1822 2846 ἀνδρὸς
1844 2777 1939 2831 καὶ

364 2866 467 2920 ἀνά
505 2867 667 2938 μέσον
688 2866 782 2919 τοῦ
809 2867 1037 2938 πλησίον
1075 2865 1261 2920 αὑτοῦ.
1288 2884 1306 2915 ι
1337 2865 1437 2919 Διά
1465 2865 1574 2937 γὰρ
1598 2864 1665 2935 δὴ
1689 2863 1891 2919 τούτων
1911 2867 1940 2919 ὀ

2039 1888 2156 1928 rem
2199 1872 2572 1928 continentiae.
2616 1872 2819 1928 Verum
2856 1872 2913 1926 hi
2942 1872 3057 1927 Deo
3092 1868 3314 1940 quidem
3343 1868 3610 1923 rationem

2037 1963 2289 2028 reddent,
2340 1973 2457 2018 tum
2502 1962 2571 2018 de
2615 1962 2684 2018 iis
2733 1976 2855 2034 quae
2890 1971 3082 2018 contra
3110 1959 3274 2017 ﬁdem
3316 1959 3611 2014 machinati

2036 2064 2188 2121 sunt,
2229 2063 2344 2109 tum
2375 2056 2443 2111 de
2480 2055 2697 2111 insidiis
2730 2070 2869 2126 quas
2898 2063 3091 2110 contra
3131 2069 3236 2109 nos
3267 2058 3611 2108 struxerunt.

2036 2147 2149 2219 Ego
2181 2163 2312 2202 vero
2343 2147 2466 2203 illos
2495 2148 2768 2212 obtestor,
2797 2148 2893 2217 qui
2923 2146 3143 2219 iactatis
3189 2145 3246 2201 in
3302 2158 3406 2199 nos
3462 2154 3613 2198 men-

2035 2238 2210 2294 daciis
2263 2239 2501 2310 permoti
2522 2248 2670 2305 sunt,
2702 2245 2764 2293 ut
2790 2254 2887 2295 reo
2908 2239 3133 2294 alteram
3160 2251 3350 2293 aurem
3374 2242 3613 2300 servent,

2036 2346 2141 2385 nec
2161 2330 2352 2386 ambas
2392 2330 2701 2387 accusatori
2746 2330 2985 2386 tradant.
3043 2330 3136 2385 Sic
3179 2329 3327 2385 enim
3373 2326 3614 2382 divinam

2039 2422 2215 2492 legem
2252 2422 2580 2493 implebunt,
2613 2437 2736 2492 qua:
2775 2421 2979 2478 diserte
3009 2421 3210 2477 clamat
3240 2437 3253 2473 :
3293 2438 3311 2471 ι
3342 2418 3461 2474 Non
3492 2431 3616 2472 sus-

2038 2511 2213 2580 cipies
2243 2510 2584 2566 auditionem
2627 2525 2824 2565 vanam
2858 2510 2936 2575 ";
2972 2528 2989 2560 ι
3021 2518 3076 2564 et
3108 2522 3121 2561 :
3155 2526 3174 2559 ί
3205 2507 3423 2563 Justum
3467 2499 3616 2575 iudi-

2035 2602 2182 2654 cium
2224 2600 2471 2671 iudicate
2521 2601 2667 2655 inter
2699 2600 2878 2654 virum
2909 2607 2965 2655 et
2993 2598 3305 2669 proximum
3342 2596 3463 2666 ejus
3494 2592 3558 2657 ‘3.
3592 2612 3611 2648 ι

2035 2690 2335 2760 Propterea
2380 2692 2533 2746 enim
2584 2690 2768 2745 divina
2822 2690 2910 2745 lex
2961 2689 3215 2760 praecipit
3255 2702 3366 2743 non
3390 2686 3620 2743 credere

2037 2780 2330 2835 calumniis
2364 2780 2420 2835 in
2455 2780 2736 2845 absentes,
2771 2777 2870 2835 sed
2902 2776 3268 2849 praesentibus
3321 2774 3432 2831 reis
3466 2771 3620 2847 iudi-v

2039 2884 2165 2925 care
2173 2912 2186 2925 .

366 2916 528 3020 θεῖοςΓ
550 2957 715 3027 νόμος
741 2916 1032 3027 παρεγγυᾶ
1066 2956 1142 3028 μὴ
1188 2916 1488 3010 πιστεύειν.
1536 2916 1665 3020 ταῖς.
1690 2957 1831 3011 κατά
1898 2956 2009 3013 τῶν
2065 2962 2315 3016 ἀπόντων
2387 2962 2658 3027 διαϐολαῖς
2747 2960 2884 3016 ἀλλά
2933 2959 3166 3032 παροῦσι
3212 2960 3323 3023 τοῖς
3381 2970 3621 3028 κατηγο-

365 3048 646 3120 ρουμένοις
693 3049 932 3114 δικάζειν
954 3057 1061 3122 (l9)
1082 3088 1094 3103 .

682 3162 880 3230 PMG'.
906 3194 976 3203 —
1013 3162 1257 3231 Ἰωάννῃ
1305 3165 1618 3234 οἰκονόμῳ.

449 3274 603 3345 Ἐμοὶ
645 3274 747 3346 μὲν
789 3274 990 3346 ἡσυχία
1025 3276 1303 3346 θυμὴρης,
1343 3276 1438 3328 καὶ
1483 3274 1599 3344 βίος
1643 3274 1939 3345 φροντίδων

364 3363 668 3438 ἐλεύθερος.
719 3367 816 3419 Διά
848 3383 932 3419 τοι
981 3365 1141 3419 τοῦτο
1182 3363 1277 3418 καὶ
1320 3365 1414 3419 τοῦ
1446 3365 1811 3435 μοναστηρίου
1844 3366 1941 3435 τὴν

365 3452 575 3507 αὔλειον
605 3454 1000 3524 ἀνῳκοδόμησα
1027 3450 1218 3525 θύραν,
1251 3449 1347 3506 καὶ
1379 3452 1489 3505 τῶν
1515 3451 1810 3522 γνωρίμων
1842 3450 1942 3514 τάς

368 3544 660 3614 συντυχίας
688 3540 941 3595 ὲκκλίνω.
979 3541 1198 3613 Ἐπειδὴ
1226 3541 1284 3595 δὲ
1308 3542 1659 3613 καινοτομίαν
1682 3538 1823 3595 κατά
1845 3542 1942 3613 τῆς

367 3635 728 3706 εὑαγγελικῆς
758 3634 995 3698 πίστεως
1024 3634 1290 3689 κινεῖσθαι
1317 3633 1638 3705 μεμάθηκα,
1669 3634 1773 3688 οὑκ
1797 3634 1944 3688 ἀκίν-

365 3730 521 3783 δυνον
568 3723 938 3798 ὑπολαμϐάνω
969 3728 1068 3798 τὴν
1113 3728 1349 3797 σιωπήν.
1386 3727 1449 3780 Ei
1489 3727 1598 3798 γὰρ
1651 3725 1940 3797 ἀνθρώπου

370 3815 679 3887 βασιλεύειν
727 3816 983 3889 λαχόντος
1030 3815 1184 3893 παρά
1231 3835 1394 3873 τινων
1447 3816 1832 3889 ὑϐρισθέντος,
1880 3820 1941 3872 οὑ

370 3907 512 3964 κατά
533 3908 641 3962 τῶν
664 3908 968 3981 ὑϐρικότων
994 3910 1177 3980 μόνον,
1202 3909 1337 3964 ἀλλὰ
1360 3908 1452 3964 καὶ
1475 3909 1617 3964 κατὰ
1638 3909 1744 3963 τῶν
1773 3928 1943 3983 παρα-

367 4000 747 4071 τετυχηκότων
795 3999 914 4070 μὲν,
959 4001 1159 4072 ἥκιστα
1203 4000 1260 4055 δὲ
1307 4002 1434 4066 τοὺς
1473 4002 1943 4073 πεπαρῳνηκότας

368 4091 736 4162 ἀμυναμένων
767 4091 1011 4154 κίνδυνος
1040 4092 1389 4165 ὲπῃώρηται,
1422 4093 1581 4146 ποίαν
1617 4092 1718 4146 οὑκ
1752 4092 1819 4147 ἂν
1856 4092 1940 4147 δι-

369 4183 541 4245 καίως
576 4183 799 4237 κόλασιν
832 4180 1126 4235 ὑποσταῖεν
1161 4184 1209 4235 οί
1237 4183 1339 4247 τὰς
1368 4184 1510 4237 κατά
1549 4183 1643 4237 τοῦ
1683 4184 1820 4237 Θεοῦ
1848 4186 1942 4239 καὶ⁵

368 4273 623 4345 Σωτῆρος
647 4271 913 4347 ἡμῶνῐτε]
946 4273 1292 4345 τολμημένας
1323 4273 1666 4346 βλασφημίας
1695 4277 1941 4348 παρορᾷν

369 4366 721 4436 ἀνεχόμενοι;
774 4365 945 4418 Τοῦτό
1006 4383 1072 4436 με
1122 4365 1183 4418 τὸ
1236 4364 1353 4427 δέος
1402 4366 1494 4417 ἐπὶ
1538 4366 1633 4419 τοῦ
1676 4367 1941 4437 παρόντος

370 4438 671 4524 ὴνάγκασεκ
702 4455 909 4527 γράψαι
953 4456 1069 4519 νῦν,
1106 4455 1201 4508 καὶ
1235 4455 1471 4527 δηλῶσαι
1519 4456 1555 4509 ἃ
1598 4457 1749 4529 παρά
1778 4474 1940 4512 τινων

369 4548 810 4619 καινοτομεῖσθαι
843 4547 1164 4618 μεμάθηκα,

439 4637 631 4690 Πολλοὶ
656 4637 786 4709 γὰρ,
826 4636 903 4701 ὥς
934 4637 1084 4701 τινές
1105 4654 1289 4706 φασιν,
1319 4640 1375 4692 ἐν
1416 4641 1480 4710 τῇ
1517 4640 1667 4693 πόλει
1692 4640 1940 4713 θρυλλοῢ-

370 4745 474 4791 σιν,
506 4728 581 4790 ὡς
602 4728 991 4799 πρεσϐυτέρων
1029 4729 1192 4783 τινῶν
1237 4727 1730 4799 προσευξαμένων,
1756 4733 1852 4785 καὶ
1881 4732 1941 4785 τὸ

372 4815 598 4888 σύνηθες
627 4817 780 4882 τέλος
811 4817 1234 4871 ὲπιτεθεικότων
1258 4822 1324 4890 τῇ
1362 4822 1662 4892 προσευχῇ,
1696 4824 1793 4875 καὶ
1829 4823 1939 4875 τῶν

371 4907 469 4978 μὲν
499 4908 819 4979 εἰρηκότων,
852 4909 933 4963 ὅτι
966 4907 1051 4963 σοὶ
1081 4910 1279 4980 πρέπει
1302 4909 1449 4977 δόξα,
1486 4914 1579 4964 καὶ
1613 4912 1689 4983 τῷ
1719 4914 1940 4985 Χριστῷ

369 5015 484 5063 σου,
520 4999 613 5052 κα)⁸
644 4999 720 5070 τῷ
748 5001 887 5072 ἁγίῳ
914 5019 1007 5055 σου
1034 4999 1316 5073 Πνεύματι
1339 5020 1353 5032 ·
1391 5002 1499 5056 τῶν
1527 5003 1605 5065 δὲ,
1638 5003 1824 5075 χάριτι
1846 5005 1941 5060 καὶ

370 5089 750 5163 φιλανθρωπίᾳ
765 5092 1108 5164 τοὺΧριστοῦ
1133 5110 1249 5157 σου,
1269 5092 1389 5162 μεθ’
1404 5086 1465 5147 οὗ
1490 5095 1572 5148 σοὶ
1595 5097 1794 5165 πρέπει
1811 5097 1939 5164 δόξα

371 5181 469 5234 σὺν
489 5178 566 5250 τῷ
597 5180 736 5251 ἁγίῳ
776 5198 869 5235 σου
894 5182 1193 5253 Πνεύματι,
1227 5182 1542 5254 ἐπέσκηψεν
1568 5187 1596 5237 ὁ
1629 5185 1939 5254 σοφώτατος

369 5270 760 5340 ἁρχιδιάκονος,
812 5272 888 5344 μὴ
921 5275 1116 5345 χρῆναι
1154 5276 1334 5346 λέγειν
1380 5277 1473 5331 τὸν
1503 5277 1736 5348 Χριστὸν
1758 5318 1772 5341 ,
1804 5278 1940 5333 ἀλλά

368 5360 459 5413 τὸν
486 5362 764 5434 Μονογενῆ
793 5362 1053 5429 δοξάζειν.
1085 5365 1147 5417 El
1177 5365 1233 5419 δὲ
1260 5364 1418 5421 τοῦτο
1437 5366 1656 5438 ἀληθὲς,
1684 5366 1939 5439 οὐδεμίαν

441 5498 483 5529 ¹⁶
515 5497 687 5553 Exod.
724 5515 837 5565 xm,
866 5499 918 5554 ί.
991 5500 1033 5533 ⁸⁷
1066 5500 1229 5555 Deut.
1256 5516 1294 5566 ι,
1328 5502 1415 5557 16.

442 5631 554 5707 (18)
585 5633 683 5707 τὴν
715 5635 884 5707 ἀκοήν
914 5634 1080 5707 Neap.

2395 3160 2624 3218 CXLVI.
2641 3193 2711 3202 —
2724 3154 2926 3216 Joanni
2980 3172 3263 3212 ωεοηοηιο.

2114 3270 2242 3325 Mihi
2269 3271 2490 3342 quidem
2525 3280 2677 3342 grata
2696 3280 2782 3326 est
2811 3270 2992 3341 quies,
3019 3277 3077 3325 et
3110 3270 3222 3325 vita
3249 3269 3400 3326 curis
3419 3268 3617 3324 libera.

2042 3362 2337 3432 Propterea
2386 3360 2603 3433 1258
2654 3377 2786 3416 sane
2843 3369 2901 3417 et
2952 3362 3270 3417 monasterii
3321 3361 3619 3417 atriensem

2035 3453 2259 3523 ianuam
2280 3450 2550 3516 ohstruxi,
2577 3460 2634 3506 et
2654 3451 2958 3506 amicorum
2980 3449 3397 3521 congressiones
3412 3449 3616 3505 devito.

2043 3542 2151 3599 Sed
2175 3552 2468 3613 postquam
2498 3549 2689 3597 contra
2720 3539 3094 3613 evangelicam
3124 3538 3286 3596 ﬁdem
3328 3555 3417 3596 res
3449 3555 3621 3596 novas

2042 3634 2252 3690 moveri
2296 3633 2488 3698 didici,
2539 3632 2790 3704 periculo
2834 3639 3024 3688 carere
3047 3631 3329 3687 silentium
3360 3646 3471 3686 non
3499 3631 3619 3688 exi-

2041 3724 2227 3784 stimo.
2268 3726 2487 3783 Etenim
2547 3725 2595 3783 si
2626 3725 2844 3781 mortali
2884 3740 3011 3796 rege
3054 3724 3256 3796 injuria
3278 3738 3378 3795 per
3404 3724 3621 3795 aliquos

2041 3820 2261 3885 allecto,
2311 3835 2421 3875 non
2476 3819 2546 3875 iis
2592 3818 2757 3873 modo
2796 3817 2892 3889 qui
2933 3816 3192 3888 iniuriam
3224 3815 3497 3881 fecerunt,
3523 3817 3619 3871 sed

2042 3910 2111 3965 iis
2151 3909 2315 3965 etiam
2359 3908 2455 3980 qui
2487 3915 2788 3980 praesentes
2819 3921 2943 3963 cum
2971 3914 3158 3961 essent
3181 3904 3480 3977 iniuriosos
3512 3906 3618 3961 mi-

2042 4003 2192 4059 nime
2244 4002 2585 4072 repulerunt,
2634 3998 2921 4070 impendet
2947 3997 3277 4069 periculum,
3312 4011 3476 4067 quam
3499 4012 3618 4068 po:-

2042 4113 2171 4153 nam
2217 4111 2330 4151 non
2366 4095 2567 4150 merito
2604 4091 2978 4155 sustinebunt,
3008 4089 3104 4161 qui
3142 4089 3320 4144 illatas
3358 4088 3414 4144 in
3445 4088 3616 4144 Deum

2041 4195 2099 4242 et
2156 4185 2496 4241 Salvatorem
2551 4192 2804 4240 nostrum
2852 4181 3225 4251 blasphemias
3262 4188 3619 4235 contemnere

2042 4294 2153 4333 non
2198 4276 2494 4332 dubitant?
2541 4275 2643 4331 Hic
2692 4290 2778 4330 me
2821 4273 2989 4328 timor
3014 4271 3070 4326 in
3098 4285 3342 4340 praesens
3373 4269 3618 4325 scribere

2043 4370 2331 4440 compulit,
2354 4378 2411 4426 et
2438 4369 2820 4424 demonstrare
2842 4381 2963 4437 quae
2998 4380 3029 4419 a
3065 4362 3347 4418 nonnullis
3367 4361 3614 4416 innovari

1973 4485 2018 4539 υ
2045 4464 2296 4535 cognovi.

2117 4637 2272 4693 Multi
2306 4635 2478 4701 enim,
2505 4642 2567 4690 ut
2590 4634 2812 4706 quidam
2840 4629 3131 4694 atiirmant,
3156 4628 3212 4683 in
3234 4626 3372 4682 urbe
3391 4626 3620 4697 iactant,
3668 4661 3673 4667 -

2047 4727 2192 4798 quod
2224 4725 2561 4798 presbyteris
2582 4722 2913 4795 quibusdam
2939 4719 3251 4784 orantibus,
3288 4725 3346 4773 et
3386 4716 3621 4772 orationi

2047 4817 2269 4871 solitum
2301 4817 2465 4872 ﬁnem
2518 4815 2961 4887 apponentibus,
3020 4809 3441 4880 dicentibusque
3501 4806 3624 4862 aliis

2046 4907 2270 4979 quidem
2300 4926 2313 4962 :
2354 4908 2494 4976 Quia
2540 4916 2593 4963 te
2626 4907 2786 4963 decet
2813 4904 3007 4978 gloria,
3042 4912 3099 4958 et
3127 4900 3407 4958 Christum
3442 4908 3620 4961 tuum,

2046 5010 2103 5057 et
2124 5010 2375 5057 sanctum
2418 5009 2575 5056 tuum
2609 4999 2877 5071 Spiritum
2903 5015 2918 5063 ;
2959 4995 3084 5051 aliis
3134 5009 3268 5049 vero
3300 5010 3314 5047 :
3345 4990 3533 5049 Gratia
3564 4999 3624 5044 et

2045 5094 2387 5166 benignitate
2437 5092 2644 5149 Christi
2697 5092 2797 5158 tui,
2847 5106 2971 5146 cum
3019 5103 3131 5159 quo
3160 5093 3214 5141 te
3261 5084 3421 5140 decet
3448 5081 3621 5154 gloria

2044 5200 2172 5241 cum
2228 5192 2419 5241 sancto
2467 5191 2565 5239 tuo
2613 5182 2844 5253 Spiritu,
2882 5178 3157 5236 mandarit
3179 5172 3623 5248 sapientissimus

2044 5275 2495 5341 archidiaconus,
2531 5289 2644 5328 non
2669 5281 2923 5342 Oportere
2951 5270 3233 5326 Christum
3276 5266 3482 5329 dicere,
3524 5260 3620 5318 sed

2046 5366 2398 5438 Unigenitum
2425 5366 2750 5439 gloriﬁcare.
2770 5369 2788 5384 '
2812 5362 2968 5430 Quod
2992 5361 3216 5434 quidem
3235 5360 3283 5418 si
3302 5371 3495 5416 verum
3511 5366 3618 5423 est,

447 5692 560 5774 (19)
597 5692 710 5759 Hoc
757 5692 864 5758 δικῖ
915 5692 1282 5773 supplendum.
1327 5710 1443 5756 erat
1486 5717 1516 5757 e
1549 5700 1783 5759 \‘indob.
1842 5696 2164 5754 Sirmondus
2189 5697 2467 5753 omiserat.
