3962 6204
433 263 558 332 i391

1433 260 1921 320 TIIEODORETI
1959 255 2294 316 EPISCOPI
2334 254 2696 316 CYRENSIS

3549 249 3678 314 i399

430 397 651 438 omnem
699 387 926 450 superat
958 377 1182 431 modum
1215 374 1532 444 impietatis.
1564 378 1671 427 Aut
1691 375 1836 426 enim
1869 373 2008 426 duos

2113 371 2364 433 ἀσεϐείας
2396 368 2700 439 ὑπερϐολὴν
2731 366 3063 419 καταλείπει.
3096 367 3162 417 Ἦ
3182 367 3288 436 γὰρ
3305 368 3386 429 είς
3410 367 3512 420 δύο
3531 367 3683 429 υἱοὺς

433 475 488 528 in
525 473 664 526 lilios
690 469 890 525 dividit
935 483 1106 522 unum
1165 465 1458 519 Dominum
1516 471 1766 516 nostrum
1819 463 2002 516 Jesum

2112 460 2428 532 μερίζειτὺν
2457 460 2551 512 ενα
2587 459 2787 526 Κύριον
2811 458 2968 527 ἡμῶν
3025 455 3230 525 Ἰησοῦν
3269 457 3542 526 Χριστὸν,
3588 458 3684 509 καὶ

432 564 734 626 Christum,
782 568 839 613 et
887 558 1240 628 Unigenitum
1271 555 1492 624 quidem
1525 554 1828 623 legitimum
1855 560 2007 620 putat

2113 552 2197 604 τὸν
2230 553 2489 622 μονογενῆ
2519 552 2614 620 μὲν
2637 550 2764 602 Υἱὺν
2793 548 3170 619 ὑπολαμϐάνει
3215 551 3440 618 γνήσιόν
3490 567 3550 602 τε
3589 552 3686 602 καὶ

434 670 563 734 esse‘
583 653 757 706 ﬁlium
792 660 847 705 et
878 649 1205 712 naturalem,
1236 646 1515 701 Christum
1538 659 1665 698 vero
1690 643 2004 712 adoptivum

433 753 490 799 et
536 744 790 803 nothum,
845 755 909 793 ac
957 737 1185 808 proinde
1241 736 1524 806 indignum
1560 733 1953 804 gloriﬁcatione
1991 751 2002 785 :

435 843 531 889 aut
586 835 1002 888 insolescentem
1046 845 1195 883 nunc
1260 827 1492 881 haeresin
1552 824 1797 880 stabilire
1845 837 2007 876 cona-

443 932 556 977 tur.
605 923 682 976 Ac
721 922 980 991 quidem,
1029 920 1075 974 si
1121 919 1239 973 dira
1290 925 1585 986 tempestas
1625 915 2001 978 incumberet,

437 1015 812 1084 suspicaretur
851 1012 1080 1066 fortasse
1110 1009 1402 1080 quispiam,
1449 1009 1600 1062 illum
1637 1008 1862 1062 haaresis
1903 1023 2003 1061 au-

437 1117 651 1161 ctorum
701 1103 943 1174 potentia
997 1101 1342 1162 deterritum,
1395 1099 1786 1168 blasphemiam
1820 1096 2006 1150 indul-

437 1213 562 1269 gere
588 1195 843 1266 tempori.
878 1195 1171 1262 Postquam
1207 1201 1390 1245 autem
1426 1191 1472 1243 is
1507 1191 1599 1259 qui
1636 1188 1850 1258 1259
1887 1189 2004 1243 bla-

437 1291 759 1360 sphematur
798 1285 1104 1354 increpavit
1151 1294 1345 1338 ventos
1391 1292 1447 1336 et
1475 1298 1646 1344 mare,
1681 1280 2005 1350 jactatisque

437 1381 699 1436 Ecclesiis
747 1375 1198 1446 tranquillitatem
1241 1373 1414 1435 dedit,
1464 1381 1520 1425 et
1569 1381 1712 1425 terra
1759 1371 2006 1440 marique

437 1470 806 1540 apostolorum
856 1466 1059 1534 ubique
1103 1464 1479 1533 promulgatur
1533 1461 1868 1530 praidicatio,
1913 1476 2004 1514 ec-

437 1573 598 1628 quem
644 1558 825 1610 locum
879 1555 1043 1607 habet
1092 1551 1471 1622 blasphemia?
1521 1550 1734 1604 Etenim
1761 1564 1863 1603 nec
1894 1549 2004 1613 isti,

2111 643 2268 710 φύσει
2293 642 2676 712 γεγενημένον,
2705 641 2797 694 τὸν
2817 641 2873 693 δὲ
2905 642 3138 710 Χριστὸν
3169 641 3482 709 είσποίητόν
3512 660 3573 694 τε
3595 644 3689 694 καὶ

2110 735 2284 796 νόθον,
2319 733 2414 786 καὶ
2438 733 2525 785 διὰ
2555 731 2714 784 τοῦτο
2734 731 3043 798 δοξολογίας
3076 731 3292 797 ἀνάξιον
3311 748 3324 761 ·
3352 732 3385 802 ἢ
3417 735 3687 803 πειρᾶται

2106 818 2394 890 κρατύνειν
2451 818 2550 887 τὴν
2588 818 2682 871 νῦν
2727 820 3151 888 είσκωμάσασαν
3202 820 3435 890 αἵρεσιν.
3495 823 3610 873 Καὶ
3640 823 3685 874 εἰ

2110 911 2208 980 μὲν
2245 909 2593 978 παγχάλεπος
2625 909 2877 961 ὲπέκειτο
2902 909 3140 975 κλύδων,
3175 911 3436 964 ὲτόπασεν
3478 914 3544 965 ἄν
3576 931 3682 972 τις,

2106 1001 2268 1074 αὑτὸν
2297 999 2572 1052 δεδοικότα
2617 999 2716 1069 τὴν
2761 999 3076 1052 δυναστείαν
3122 998 3229 1052 τῶν
3267 1004 3686 1071 γεγεννηκότων

2104 1091 2202 1160 τὴν
2233 1092 2463 1161 αἵρεσιν,
2498 1090 2576 1160 τῷ
2601 1091 2781 1161 καιρῷ
2807 1091 2906 1160 τὴν
2949 1091 3291 1161 βλασφημίαν
3333 1093 3682 1162 χαρίζεσθαι.

2117 1183 2334 1252 Ἐπειδὴ
2367 1182 2423 1235 δὲ
2461 1182 2489 1232 6
2531 1182 3022 1253 βλασφημούμενος
3061 1183 3357 1252 ἐπετίμησε
3412 1187 3533 1246 τοῖς
3563 1185 3688 1238 cive"-

2109 1288 2229 1341 μοις
2265 1273 2359 1326 καὶ
2391 1275 2456 1342 τῇ
2497 1272 2759 1346 θαλάττῃ,
2804 1275 2895 1325 καὶ
2925 1276 3046 1336 ταῖς
3085 1273 3519 1344 χειμαζομέναις
3560 1278 3686 1328 Ἐκ-

2107 1361 2354 1430 κλησίαις
2385 1363 2624 1433 παρέσχε
2672 1364 2948 1433 γαλήνην,
2989 1364 3082 1417 καὶ
3125 1365 3396 1435 πανταχοῦ
3449 1367 3558 1434 γῆς
3597 1368 3690 1419 καὶ

2108 1453 2375 1524 θαλάττης
2393 1455 2452 1506 τὸ
2475 1455 2582 1506 τῶν
2599 1455 2916 1508 ἀποστόλων
2937 1457 3364 1523 καταγγέλλεται
3392 1459 3686 1528 κήρυγμα,

2110 1545 2264 1598 ποίαν
2294 1545 2404 1614 ἔχει
2432 1544 2617 1615 χώραν
2649 1546 2681 1616 ἡ
2707 1545 3063 1615 βλασφημίας
3121 1546 3281 1599 Ἀλλὰ
3318 1547 3426 1616 γὰρ
3475 1549 3605 1600 οὐδὲ
3640 1550 3689 1600 οί

438 1650 532 1720 qui
564 1663 725 1703 unam
757 1645 940 1702 carnis
979 1641 1393 1711 divinitatisque
1444 1650 1695 1694 naturam
1747 1654 2006 1710 perverse

2113 1634 2205 1706 τὴν
2240 1636 2368 1704 μίαν
2395 1636 2556 1702 φύσιν
2580 1637 2782 1708 σαρκὸς
2811 1635 2905 1688 καὶ
2951 1635 3200 1705 θεότητος
3242 1639 3354 1699 τοῖς
3382 1637 3690 1707 ἐκκλησια-

439 1754 585 1794 nunc
618 1735 1003 1792 ecclesiasticis
1027 1733 1374 1804 dogmatibus
1412 1731 1680 1797 inserunt,
1726 1731 2002 1786 Christum

2113 1729 2316 1789 στικοίς
2349 1726 2443 1780 νῦν
2465 1726 2650 1790 κακῶς
2673 1727 3141 1796 κατασπείραντες
3163 1728 3450 1796 δόγμασιν,
3475 1730 3692 1799 ἀπηγόο

438 1828 727 1882 Dominum
755 1825 963 1880 laudari
1006 1831 1214 1887 vetant,
1264 1830 1430 1891 atque
1473 1821 1580 1876 hoc
1620 1820 1778 1875 facile
1820 1828 1903 1875 est
1938 1835 2005 1874 ex

439 1920 507 1974 iis
550 1919 641 1988 qui
684 1918 836 1971 illinc
870 1916 1154 1970 redierunt
1202 1927 1551 1983 cognoscere.
1575 1909 1880 1981 Oportebat
1904 1927 2000 1965 au-

439 2020 549 2063 tem
610 2009 783 2072 illum,
828 2007 923 2076 qui
970 2005 1153 2060 ordini
1201 2011 1460 2074 praeesset
1503 2004 1895 2070 ecclesiastico,
1925 2005 2007 2060 di-

437 2101 620 2155 vinam
657 2115 816 2154 nosse
852 2099 1210 2168 Scripturam,
1246 2104 1302 2150 et
1335 2112 1400 2150 ex
1459 2110 1522 2150 ea
1576 2095 1807 2160 discere,
1859 2096 2005 2165 quod

437 2187 898 2258 quemadmodum
928 2185 1272 2256 unigenitum
1302 2184 1498 2238 Filium
1525 2199 1647 2237 cum
1674 2184 1834 2238 Patre
1872 2199 2005 2238 con-

433 2280 670 2350 jungunt
702 2277 950 2332 veritatis
979 2267 1279 2346 praecones,
1314 2274 1394 2329 sic
1433 2273 1600 2328 etiam
1649 2273 1851 2328 Christi
1911 2290 2009 2329 no-

439 2387 565 2424 men
631 2386 728 2440 pro
771 2369 893 2423 Filii
945 2367 1168 2422 nomine
1213 2375 1562 2438 usurpantes,
1609 2383 1755 2421 nunc
1787 2366 2006 2436 quidem

439 2473 565 2514 cum
611 2459 791 2522 Patre,
844 2472 991 2512 nunc
1032 2463 1216 2510 autem
1246 2472 1368 2510 cum
1404 2456 1612 2526 Spiritu
1646 2465 1835 2509 sancto
1880 2471 2011 2510 con-

441 2559 735 2605 numerant
778 2567 790 2602 :
834 2549 962 2618 quia
1006 2547 1267 2601 nimirum
1310 2548 1452 2602 alius
1487 2564 1597 2601 non
1644 2557 1728 2601 est
1757 2548 2010 2602 Christus

443 2655 606 2708 quam
648 2639 963 2708 unigenitus
1004 2639 1102 2692 Dei
1144 2638 1331 2692 Filius.
1380 2638 1567 2705 Itaque
1607 2637 2009 2692 divinissimum

445 2729 671 2782 Paulum
702 2727 894 2781 audire
923 2727 1072 2790 licet,
1093 2725 1392 2780 Corinthiis
1413 2725 1634 2795 quidem
1655 2726 2007 2793 scribentem,

445 2819 540 2874 sed
563 2818 768 2872 ’orbcm
799 2825 1068 2872 terrarum
1095 2817 1381 2870 docentem
1409 2834 1423 2868 :
1455 2835 1472 2867 ι
1508 2816 1659 2872 Unus
1684 2817 1828 2872 Deus
1857 2817 2012 2872 Pater

442 2924 507 2961 ex
538 2923 644 2976 quo
677 2906 879 2972 omnia,
908 2913 963 2960 et
992 2920 1134 2959 unus
1165 2904 1430 2959 Dominus
1450 2904 1608 2959 Jesus
1626 2905 1878 2960 Christus
1910 2908 2003 2972 ‘3,»

440 2999 804 3067 eumdemque
833 3005 888 3051 et
911 2997 1212 3060 Christum,
1241 3004 1296 3050 et
1337 2996 1541 3060 Jesum,
1590 3005 1645 3051 et
1697 2998 2006 3063 Dominum,

441 3101 498 3145 et
523 3091 838 3145 Creatorem
872 3087 1116 3141 omnium
1155 3087 1540 3156 appellantem.
1563 3086 1644 3140 Ad
1669 3087 2011 3142 Thessaloni-

443 3195 635 3234 censes
691 3185 872 3231 autem
919 3177 1166 3231 scribens
1201 3176 1279 3231 sic
1315 3175 1429 3229 ait:
1469 3196 1485 3227 ι
1514 3176 1634 3246 Ipse
1657 3185 1837 3231 autem
1868 3178 2014 3233 Deus

443 3280 500 3326 et
530 3271 689 3325 Pater
715 3277 924 3333 noster,
953 3276 1008 3322 et
1040 3268 1306 3322 Dominus
1335 3277 1522 3323 noster
1563 3269 1722 3324 Jcsus
1762 3268 2014 3325 Christus

445 3361 648 3430 dirigat
689 3361 833 3414 viam
883 3369 1127 3413 nostram
1157 3360 1222 3414 ad
1253 3375 1350 3413 vos
1388 3361 1452 3414 ’⁸.
1485 3379 1502 3412 θ
1540 3361 1600 3415 In
1623 3361 1862 3416 secunda
1884 3377 2014 3429 vero

448 3453 515 3508 ad
553 3452 774 3508 eosdem
807 3453 1064 3521 Epistola,
1097 3451 1264 3506 etiam
1299 3451 1578 3506 Christum
1613 3453 1760 3507 Patri
1800 3469 2014 3523 praepo-

445 3545 576 3609 suit,
630 3558 744 3598 non
788 3543 1036 3597 ordinem
1081 3543 1378 3608 invertens,
1417 3543 1511 3598 sed
1538 3543 1741 3599 docens
1765 3544 2014 3599 ordinem

445 3633 729 3688 nominum
793 3631 1157 3685 diﬁ'erenliam
1213 3631 1538 3701 dignitatum
1584 3644 1640 3687 et
1693 3642 2014 3688 naturarum

443 3739 553 3778 non
581 3723 799 3778 docere.
863 3721 954 3776 Sic
1013 3730 1193 3775 autem
1241 3723 1537 3791 loquitur:
1607 3741 1625 3773 ‹
1660 3722 1780 3792 Ipse
1833 3733 2014 3778 autem

444 3817 712 3871 Dominus
744 3822 933 3869 noster
976 3813 1133 3868 Jesus
1157 3811 1428 3877 Christus,
1461 3820 1516 3868 et
1545 3815 1757 3885 1260
1789 3815 1929 3870 Deus
1962 3824 2017 3870 et

445 3909 606 3964 Pater
651 3916 856 3972 noster,
900 3906 994 3976 qui
1043 3905 1233 3959 dilexit
1263 3921 1382 3970 nos,
1416 3915 1472 3960 et
1505 3905 1657 3960 dedit
1691 3907 2018 3961 consolatio-

2113 1835 2312 1888 ρευσαν
2341 1819 2433 1871 τὸν
2457 1819 2734 1888 Δεσπότην
2766 1818 3051 1888 ὑμνεῖσθαι
3071 1819 3306 1889 Χριστόν
3326 1836 3338 1848 ·
3370 1820 3471 1874 καὶ
3505 1821 3692 1890 ῥᾴδιον

2112 1909 2244 1964 αὐτὸ
2262 1909 2420 1963 τοῦτο
2443 1908 2780 1979 καταμαθεῖν
2807 1909 2919 1980 (20)
2944 1910 3092 1981 παρά
3109 1910 3218 1963 τῶν
3246 1911 3459 1964 ἐκεῖθεν
3517 1914 3694 1963 suav-

2112 2003 2466 2074 εληλυθότων.
2535 2003 2732 2073 Ἐχρῆν
2788 2003 2845 2056 δὲ
2893 2003 3053 2056 αὐτὸν
3101 2003 3201 2072 τῆς
3220 2003 3692 2072 ἐκκλησιαστικῆς

2113 2096 2550 2166 προστατεύοντα
2599 2096 2805 2160 τάξεως
2841 2097 2939 2164 τὴν
2991 2095 3140 2147 θείαν
3178 2095 3376 2148 εἰδέναι
3433 2094 3692 2164 Γραφὴν,
3753 2154 3757 2155 ν

2114 2187 2208 2239 καὶ
2249 2185 2438 2256 μαθεῖν
2491 2186 2556 2238 ἐκ
2590 2184 2832 2252 ταύτης,
2873 2186 2954 2237 ὅτι
3000 2184 3248 2254 καθάπερ
3294 2183 3385 2235 τὸν
3420 2185 3694 2253 μονογενῆ

2116 2276 2245 2328 Υἱὸν
2273 2275 2349 2344 τῷ
2390 2275 2565 2344 Πατρὶ
2608 2275 2984 2328 συντάττουσιν
3018 2275 3064 2326 οἱ
3092 2273 3192 2340 τῆς
3219 2272 3481 2342 ἀληθείας
3513 2275 3693 2339 κήρυ-

2115 2384 2230 2429 κες,
2276 2365 2418 2418 οῦτω
2463 2364 2526 2434 δὴ
2563 2364 2725 2417 πάλιν
2769 2363 2868 2434 τὴν
2897 2362 2991 2416 τοῦ
3027 2362 3264 2435 Χριστοῦ
3309 2363 3694 2431 προσηγορίαν

2116 2457 2238 2512 ἀντὶ
2275 2457 2374 2525 τῆς
2397 2455 2520 2519 Υἱὸς
2550 2456 2815 2519 τιθέντες,
2849 2455 2977 2507 ποτὲ
3013 2454 3110 2523 μὲν
3142 2454 3219 2523 τῷ
3243 2455 3439 2525 Πατρὶ,
3475 2453 3616 2505 ποτὲ
3640 2453 3695 2505 δὲ

2115 2549 2192 2619 τῷ
2219 2548 2492 2617 Πνεύματι
2520 2547 2598 2616 τῷ
2619 2547 2873 2616 παναγίῳ
2897 2545 3346 2615 συναριθμοῦσιν·
3371 2545 3569 2614 ἐπειδὴ
3597 2547 3698 2597 οὐκ

2117 2639 2273 2700 ἄλλος
2303 2638 2450 2691 ἐστὶν
2473 2639 2501 2689 6
2523 2637 2757 2707 Χριστὸς
2800 2636 2950 2705 παρὰ
2983 2635 3074 2687 τὸν
3124 2635 3384 2703 μονογενῆ
3427 2634 3562 2686 Υίὸν
3599 2634 3696 2688 τοῦ

2117 2728 2272 2782 Θεοῦ.
2310 2729 2419 2781 Καὶ
2457 2728 2600 2780 ἔστιν
2629 2726 2858 2780 ἀκοῦσαι
2893 2725 2984 2778 τοῦ
3017 2726 3294 2778 θειοτάτου
3329 2725 3546 2778 Παύλου
3590 2727 3701 2777 Κοο

2120 2819 2347 2890 ρινθίοις
2381 2819 2479 2889 μὲν
2507 2818 2935 2881 ἐπιστέλλοντος,
2969 2817 3069 2886 τὴν
3098 2817 3155 2869 δὲ
3189 2816 3521 2885 οίκουμένην
3556 2815 3703 2868 διδάο

2119 2927 2342 2973 σκοντος
2365 2951 2379 2975 ,
2405 2911 2487 2962 ὃτι
2529 2927 2546 2960 ι
2581 2906 2674 2970 Εἷς
2705 2907 2836 2970 Θεὸς
2874 2908 2902 2958 6
2950 2908 3169 2977 Πατὴρ,
3202 2905 3262 2970 ἐξ
3291 2897 3356 2958 οὗ
3387 2905 3456 2958 τά
3491 2906 3700 2968 πάντα,

2118 3000 2213 3051 καὶ
2243 2996 2324 3062 εἷς
2352 2999 2556 3068 Κύριος
2601 2997 2807 3066 Ἰησοῦς
2849 2996 3102 3066 Χριστὸς,
3133 2997 3198 3048 δι’
3224 2989 3286 3048 οὗ
3312 2996 3382 3048 τά
3424 2995 3643 3054 πάντα,
3679 3015 3697 3044 ι

2117 3089 2210 3141 καὶ
2239 3089 2331 3140 τὸν
2363 3089 2522 3140 αὐτὸν
2550 3087 2644 3140 καὶ
2673 3085 2926 3156 Χριστὸν,
2950 3085 3042 3138 καὶ
3073 3083 3302 3154 Ἰησοῦν,
3337 3085 3434 3136 καὶ
3459 3085 3696 3153 Κύριον,

2116 3181 2208 3232 καὶ
2235 3178 2343 3231 τῶν
2366 3178 2501 3231 ὅλων
2539 3176 2879 3246 Δημιουργὺν
2911 3175 3284 3246 ὀνομάζοντος.
3336 3175 3449 3226 Καὶ
3476 3174 3700 3226 Θεσσα-

2113 3269 2383 3323 λονικεῦσι
2409 3270 2466 3323 δὲ
2505 3269 2732 3339 γράφων
2769 3267 2942 3332 οὕτως
2978 3266 3081 3338 ἔφη
3105 3283 3117 3296 ο
3159 3285 3179 3317 ι
3208 3265 3380 3328 Αὐτὸς
3409 3266 3466 3318 δὲ
3497 3267 3526 3317 6
3556 3265 3702 3328 Θεὸς

2115 3360 2208 3414 καὶ
2233 3358 2422 3430 Πατὴρ
2452 3357 2626 3428 ἡμῶν,
2649 3358 2741 3409 καὶ
2761 3357 2788 3408 6
2812 3355 3012 3426 Κύριος
3040 3353 3198 3426 ἡμῶν
3233 3354 3437 3424 Ἰησοῦς
3452 3355 3703 3423 Χριστὸς

2115 3447 2438 3502 κατευθύναι
2481 3449 2582 3516 τὴν
2617 3446 2731 3498 ὁδὸν
2773 3446 2928 3515 ἡμῶν
2978 3445 3113 3516 πρὸς
3140 3444 3302 3514 ὑμᾶς.
3344 3462 3360 3494 ο
3409 3444 3494 3494 Ἑν
3522 3443 3584 3494 δὲ
3622 3447 3697 3514 τῇ

2120 3539 2352 3607 δευτέρᾳ⁴
2384 3538 2448 3606 τῇ
2474 3537 2610 3606 πρὸς
2641 3534 2865 3597 τούτους
2895 3533 3223 3604 Ἐπιστολῇ,
3263 3533 3352 3585 καὶ
3378 3532 3698 3602 προτέταχε

2115 3628 2205 3680 τὸν
2249 3627 2482 3697 Χριστὸν
2530 3625 2622 3677 τοῦ
2670 3625 2903 3694 Πατρὸς,
2936 3625 2998 3676 ού
3025 3624 3124 3695 τὴν
3166 3623 3321 3690 τάξιν
3343 3623 3700 3692 ἀνατρέπων,

2115 3717 2252 3772 ἀλλά
2281 3717 2568 3778 διδάσκων,
2594 3715 2667 3777 ὡς
2692 3717 2724 3785 ἡ
2757 3715 2910 3781 τάξις
2943 3714 3051 3768 τῶν
3081 3713 3363 3784 ὀνομάτων
3394 3714 3496 3766 οὐκ
3529 3714 3710 3778 ἀξιω-

2121 3813 2302 3882 μάτων
2333 3809 2426 3861 καὶ
2470 3807 2684 3875 φύσεων
2721 3806 2962 3860 διδάσκει
3001 3807 3286 3878 διαφοράν.
3329 3806 3580 3872 Λέγειδὲ
3613 3805 3711 3858 οὖ-

2115 3916 2224 3962 τως
2249 3915 2262 3927 ·
2325 3917 2342 3949 ι
2380 3897 2550 3959 Αὐτὸς
2586 3896 2641 3949 δὲ
2665 3899 2693 3950 6
2739 3895 2943 3968 Κύριος
2989 3896 3146 3966 ἡμῶν
3185 3895 3392 3966 Ἰησοῦς
3433 3896 3711 3965 Χριστὸς,

2116 3992 2210 4044 καὶ
2241 3991 2269 4042 6
2298 3989 2428 4052 Θεὸς
2449 3988 2542 4042 καὶ
2566 3987 2754 4057 Πατὴρ
2779 3988 2936 4058 ἡμῶν
2963 4026 2978 4050 ,
3003 3989 3031 4040 6
3061 3988 3354 4055 ἀγαπήσας
3392 3989 3579 4056 ἡμᾶς,
3614 3991 3715 4041 καὶ

2116 4082 2238 4145 δοὺς
2267 4079 2612 4151 παράκλησιν
2649 4077 2887 4142 αἰώνιον,
2921 4079 3014 4129 καὶ
3043 4076 3230 4128 ἐλπίδα
3263 4075 3482 4143 ἀγαθὴν
3515 4079 3577 4128 ὲν
3609 4079 3714 4145 χά-

447 4192 698 4234 sermone
741 4178 887 4231 bono
943 4177 1010 4230 ²⁰.
1041 4196 1059 4228 ι
1091 4177 1205 4232 Sub
1237 4177 1398 4231 ﬁnem
1436 4193 1564 4231 vero
1608 4182 1625 4198 ‘
1658 4177 1918 4246 Epistolae
1947 4178 2008 4231 ad

2121 4189 2248 4242 ριτι,
2273 4170 2652 4240 παρακαλέσαι
2700 4167 2852 4239 ὑμῶν
2896 4167 2994 4230 τὰς
3029 4166 3276 4236 καρδίας,
3308 4167 3403 4218 καὶ
3443 4167 3716 4237 στηρίξαι

447 4269 741 4333 Romanos,
765 4284 888 4324 cum
910 4269 976 4322 de
997 4268 1322 4338 quibusdam
1344 4268 1741 4332 admonuisset,
1763 4268 2008 4338 subjecit:

2117 4267 2174 4318 ὲν
2199 4264 2358 4317 παντὶ
2385 4262 2530 4332 ἔργῳ
2557 4261 2651 4314 καὶ
2674 4261 2817 4330 λόγῳ
2843 4260 3055 4329 ἀγαθῷ.
3095 4278 3114 4311 ι
3153 4259 3244 4311 Ἐν
3272 4258 3329 4310 δέ
3355 4275 3417 4326 γε
3449 4258 3531 4328 τῷ
3559 4259 3717 4312 τέλει

453 4382 473 4414 ι
500 4361 740 4418 Obsecro
761 4377 890 4431 ergo
913 4377 1028 4425 vos,
1055 4363 1268 4423 l'ratres,
1300 4375 1398 4428 per
1436 4360 1726 4414 Dominum
1768 4371 2008 4414 nostrum

2121 4355 2213 4425 τῆς
2255 4353 2390 4423 πρὸς
2455 4351 2756 4422 Ῥωμαίους
2804 4350 3148 4420 Ἐπιστολῆς,
3178 4351 3299 4403 τινὰ
3351 4352 3721 4421 παραινέσας

446 4455 633 4510 Jesum
661 4453 964 4514 Christum,
1001 4460 1057 4504 et
1103 4465 1202 4519 per
1241 4450 1563 4504 charitatem
1618 4454 1791 4505 sancti
1843 4451 2008 4521 Spiri-

2117 4446 2478 4516 ὲπεισήγαγεν
2502 4460 2516 4474 ⁸
2555 4463 2574 4495 ι
2610 4443 2920 4515 Παρακαλῶ
2950 4459 3044 4496 ουν
3097 4444 3272 4513 ὑμᾶς,
3318 4443 3577 4512 ἀδελφοὶ,
3625 4445 3722 4496 διὰ

449 4557 537 4602 tus
565 4549 629 4600 ".
661 4565 679 4598 ι
713 4544 868 4613 Quod
899 4544 944 4599 si
968 4542 1247 4597 Christum
1275 4543 1442 4596 alium
1481 4542 1792 4612 quempiam
1824 4543 2008 4597 scivis-

2116 4538 2212 4592 τοῦ
2249 4536 2453 4606 Κυρίου
2483 4535 2642 4605 ἡμῶν
2677 4534 2847 4604 Ἰησοῦ
2882 4533 3119 4605 Χριστοῦ
3143 4573 3158 4598 ,
3197 4535 3290 4587 καὶ
3320 4533 3410 4587 διὰ
3447 4535 3549 4604 τῆς
3574 4537 3727 4603 ἀγά-

386 4656 389 4659 ·
448 4646 532 4693 set
576 4651 697 4692 esse
740 4651 901 4706 quam
937 4633 1161 4696 Filium,
1195 4633 1420 4688 minime
1456 4633 1607 4686 illum
1635 4632 2008 4702 prteposuissel

2125 4645 2234 4699 πης
2259 4627 2352 4680 τοῦ
2377 4625 2744 4695 Πνεύματος.)
2771 4627 2832 4678 Εἰ
2856 4625 2909 4677 δὲ
2936 4625 3091 4677 ἄλλον
3119 4624 3242 4677 τινὰ
3272 4624 3427 4694 παρὰ
3453 4625 3553 4678 τὸν
3581 4627 3730 4680 Υξδν

449 4728 678 4800 Spiritui
718 4736 928 4782 sancto.
985 4724 1066 4779 Ad
1109 4723 1424 4780 Corinthios
1472 4739 1606 4779 vero
1646 4725 1912 4788 scribens,
1963 4725 2008 4779 in

2117 4722 2385 4793 ἠπίστατο
2411 4720 2502 4773 τὸν
2551 4719 2807 4790 Χριστὸν,
2854 4719 2956 4772 οὐκ
3005 4718 3069 4772 ἂν
3105 4717 3268 4774 αὐτὸν
3297 4717 3582 4788 προέταξε
3623 4719 3732 4771 τοῦ

470 4833 568 4889 ps0
589 4818 860 4889 prommio
887 4817 1058 4872 solius
1088 4814 1292 4869 Christi
1323 4831 1522 4870 nomen
1545 4815 1732 4886 posuit
1757 4835 1769 4869 :
1818 4815 2008 4885 quippe

2118 4812 2384 4880 παναγίου
2411 4810 2744 4882 Πνεύματος.
2774 4810 3076 4880 Κορινθίοις
3102 4811 3159 4863 δὲ
3189 4812 3440 4881 γράφων,
3466 4813 3526 4863 ἐν
3557 4811 3733 4881 αὖτῷ

489 4910 592 4964 uorl
649 4911 826 4964 solum
881 4909 1155 4964 suﬁlceret
1206 4908 1273 4962 ad
1333 4907 1520 4962 ﬁdeles
1575 4906 2008 4976 permovendos:

2119 4920 2183 4971 γε
2209 4901 2285 4972 τῷ
2309 4900 2597 4974 προοιμίῳ,
2627 4901 2787 4972 μόνου
2812 4901 2905 4954 τοῦ
2941 4899 3181 4972 Χριστοῦ
3219 4899 3280 4952 τὸ
3308 4900 3488 4969 ὄνομα
3517 4900 3732 4953 τέθει-

465 5016 483 5047 ι
505 5000 747 5056 Obsecro
800 5009 981 5055 autem
1023 5015 1144 5064 vos,
1191 4997 1408 5063 fratres,
1442 5013 1540 5066 per
1576 5013 1775 5052 nomen
1803 4997 2008 5052 Domini

2120 5011 2234 5058 κεν,
2266 4994 2342 5057 ὡς
2366 4992 2570 5064 ἀρκοῦν
2595 4994 2688 5046 καὶ
2718 4994 2876 5063 μόνον
2905 4994 3031 5056 τοὺς
3059 4993 3411 5053 πιστεύοντας
3445 4993 3736 5064 καταιδέ-

452 5092 621 5147 nostri
657 5089 786 5145 Jesu
826 5089 1051 5156 Christi,
1079 5098 1141 5144 ut
1169 5088 1405 5158 idipsum
1453 5086 1649 5142 dicatis
1680 5103 1871 5142 omnes
1892 5089 1957 5140 “.
1994 5108 2008 5140 ι

2123 5102 2212 5140 σαι
2236 5103 2249 5116 ·
2287 5103 2306 5136 ε
2355 5083 2670 5154 Παρακαλῶ
2711 5079 2805 5137 οὖν
2840 5083 3004 5152 ὑμᾶς,
3045 5082 3284 5150 ἀδελφοὶ,
3327 5081 3417 5134 διὰ
3452 5081 3557 5134 τοῦ
3598 5083 3734 5134 ὁνὸι

455 5183 520 5235 Ει
544 5181 625 5236 bis
648 5179 716 5234 ad
744 5193 840 5233 eos
861 5179 1109 5236 scribens
1141 5190 1432 5248 utramque
1471 5176 1758 5246 epistolam
1791 5176 1895 5231 hoc
1915 5176 2008 5232 fint

2128 5191 2294 5248 ματος
2321 5174 2414 5228 τοῦ
2439 5175 2643 5248 Κυρίου
2669 5175 2826 5246 ἡμῶν
2862 5174 3036 5246 Ἰησοῦ
3072 5172 3330 5245 Χριστοῦ,
3361 5173 3451 5225 ἵνα
3480 5172 3548 5224 τὸ
3583 5175 3740 5228 αὒτὸ

452 5270 762 5325 conclusit:
808 5288 824 5320 ι
861 5267 1046 5323 Gratia
1090 5268 1303 5324 Domini
1332 5266 1502 5321 nostri
1529 5266 1656 5322 Jesu
1705 5265 1928 5331 Christi,
1963 5275 2008 5322 el

2126 5267 2322 5337 λέγητε
2352 5267 2569 5330 πάντες.
2605 5286 2623 5319 ι
2662 5267 2770 5321 Καὶ
2795 5266 2876 5330 δὶς
2897 5266 2952 5319 δὲ
2979 5267 3159 5328 αὐτοῖς
3181 5263 3521 5328 ἐπιστείλας,
3550 5263 3743 5318 τσῦτο

448 5357 690 5412 charitas
711 5357 816 5412 ‘Dei
839 5367 897 5413 et
924 5357 1120 5421 Patris,
1141 5364 1198 5410 et
1222 5353 1646 5412 communicatio
1676 5355 1845 5409 sancti
1897 5354 2008 5426 Spi-

2127 5360 2239 5422 τοῖς
2272 5359 2593 5428 γράμμασιν
2651 5357 2922 5411 ὲντέθεικε
2983 5357 3167 5420 τέλος⁹
3218 5374 3237 5407 ε
3288 5355 3354 5408 Ἠ
3396 5356 3579 5427 χάρις
3630 5356 3741 5408 τοῦ

444 4015 571 4053 nem
604 4006 883 4062 aeternam,
925 4005 980 4050 et
1001 4013 1150 4066 spem
1184 3997 1381 4050 bonam
1412 3997 1464 4050 in
1514 3998 1707 4066 gratia,
1764 3999 2016 4052 exhorte—

445 4097 537 4142 tur
564 4087 728 4141 corda
767 4095 972 4150 vestra,
1023 4094 1078 4140 et
1119 4087 1406 4142 conﬁrmet
1456 4086 1511 4140 in
1560 4087 1708 4142 omni
1751 4102 1916 4156 opere
1962 4096 2017 4142 ct

522 5507 563 5538 “
598 5509 620 5562 l
655 5509 784 5563 Cor.
810 5525 922 5574 vm,
953 5510 1005 5564 6.
1078 5508 1119 5538 "
1159 5509 1178 5562 l
1212 5508 1405 5564 Thess.
1448 5524 1527 5573 Ill,
1567 5507 1653 5560 Η.
1734 5509 1779 5539 ’⁸
1819 5507 1862 5561 ll
1899 5508 2008 5565 The

2123 5511 2294 5576 11,15.
2367 5512 2408 5543 ²¹
2447 5512 2606 5569 Rom.
2637 5530 2725 5581 xv,
2755 5512 2844 5568 50.
2917 5514 2962 5545 ²¹
3001 5513 3020 5568 1
3054 5511 3180 5569 Cor.
3211 5529 3252 5580 ι,
3291 5512 3375 5567 lo.

524 5640 635 5714 (20)
667 5641 859 5712 μαθεῖν
885 5643 1054 5713 Neap.

2670 5675 2686 5714 ί
