3962 6204
329 324 466 391 1393

1622 329 1988 388 EPISTULA
2017 329 2262 389 CXLVI.

3431 315 3568 381 1394

326 439 533 510 Κυρίου
563 437 717 509 ἡμῶν
746 436 921 508 Ἰησοῦ
948 437 1207 510 Χριστοῦ,
1234 439 1327 493 καὶ
1357 438 1390 511 ἡ
1418 437 1608 507 ἀγάπη
1630 436 1725 490 τοῦ
1759 435 1894 490 Θεοῦ

2002 438 2139 493 ritus
2167 436 2387 491 sitcum
2417 433 2674 488 omnibus
2696 430 2852 486 vobis
2874 430 2955 496 "',
2989 447 3006 480 ι
3041 428 3445 499 praeposuitque
3467 431 3573 485 hoc

326 531 422 585 καὶ
456 531 702 600 Πατρὶς,
739 530 836 584 καὶ
873 533 909 603 ἡ
947 532 1199 586 κοινωνία
1244 530 1339 585 τοῦ
1366 530 1534 599 ’άγίου
1578 529 1894 599 Πνεύματος

327 622 411 692 είη
448 620 588 691 μετά
613 622 831 675 πάντων
861 622 1036 693 ὑμῶν.
1075 642 1092 674 ι
1139 623 1249 676 Καὶ
1278 622 1632 694 προτεθεικεν
1661 621 1896 676 ἐνταῦθα

324 714 387 766 οὐ
416 712 578 783 μόνον
599 712 695 765 τοῦ
713 713 853 765 Πνεύ
862 731 1051 784 ματος,
1073 714 1208 768 ἀλλά
1237 715 1332 768 καὶ
1351 714 1514 769 αὐτοῦ
1541 713 1636 766 τοῦ
1659 713 1893 784 Πατρὸς,

324 803 423 871 τὴν
450 802 543 856 τοῦ
580 804 821 873 Χριστοῦ
852 804 1244 874 προσηγορίαν.
1280 804 1454 858 Τοῦτο
1501 804 1558 856 δὲ
1595 805 1653 856 ὲν
1693 803 1897 865 πάσαις

325 896 444 958 ταῖς
513 895 864 965 Ἐκκλησίαις
916 895 1018 964 τῆς
1074 897 1342 965 μυστικῆς
1393 898 1510 948 ὲστι
1540 893 1898 965 λειτουργίας

327 984 634 1056 προοίμιον.
658 987 935 1056 Προσήκει
957 986 1135 1039 τοίνυν
1161 987 1301 1040 κατά
1329 986 1419 1040 τὸν
1446 986 1750 1055 θαυμάσιον
1774 984 1900 1038 τοῦ·-

326 1093 417 1130 τον
435 1076 620 1144 νόμον,
648 1077 742 1129 καὶ
771 1076 959 1129 ἐκτῶν
994 1076 1273 1146 μυστικῶν
1298 1075 1692 1146 ἀπολειφθῆναι
1716 1092 1898 1147 γραμ-

332 1164 519 1235 μάτων
556 1165 617 1217 τὸ
657 1165 980 1225 σεπτότατον
1020 1164 1189 1234 ὄνομα
1215 1165 1309 1217 τοῦ
1337 1165 1472 1217 Θεοῦ
1505 1165 1597 1217 καὶ
1647 1165 1899 1235 Σωτῆρος

327 1255 484 1327 ἡμῶν
523 1253 694 1324 Ἰησοῦ
726 1253 983 1325 Χριστοῦ.
1028 1255 1193 1309 Ἀλλά
1206 1254 1316 1326 γάρ
1347 1256 1596 1325 περιττὸν
1624 1256 1750 1325 περὶ
1768 1255 1895 1307 τού-

326 1362 421 1399 του
450 1344 731 1415 μηκύνειν.
764 1346 1036 1398 Ἕκαστον
1058 1345 1168 1415 γάρ
1198 1345 1523 1414 Ἐπιστολῆς
1558 1345 1844 1415 προοίμιον
1868 1347 1896 1398 6

327 1435 466 1499 θεῖος
525 1436 841 1500 Ἀπόστολος
892 1437 1020 1506 τῇδε
1073 1439 1139 1508 τῇ
1193 1436 1537 1507 προσηγορίᾳ
1586 1436 1897 1506 λαμπρύνει

325 1523 420 1577 νῦν
455 1524 553 1595 μὲν
596 1524 770 1593 λέγων
795 1542 809 1555 ·
847 1542 865 1576 ι
907 1524 1119 1589 Παῦλος
1168 1524 1354 1588 δοῦλος
1412 1523 1586 1593 Ἰησοῦ
1633 1524 1894 1593 Χριστοῦ,

325 1612 519 1683 κλητὸς
549 1613 875 1677 ἀπόστολος⁶
903 1633 922 1665 ι
961 1612 1055 1666 νῦν
1084 1612 1170 1667 δέ·
1206 1632 1225 1664 ‹
1264 1612 1479 1676 Παῦλος
1521 1611 1721 1682 κλητὸς
1759 1612 1895 1664 ἀπόν

329 1704 510 1767 στολος
534 1703 704 1775 Ἰησοῦ
728 1703 965 1777 Χριστοῦ
986 1720 999 1734 ’
1028 1724 1047 1755 ι
1082 1704 1178 1759 καί
1201 1722 1214 1735 ·
1247 1723 1266 1755 ι
1296 1703 1505 1767 Παῦλος
1529 1702 1716 1766 δοῦλος
1733 1702 1894 1768 Θεοῦ,

326 1795 621 1858 ἀπόστολος
650 1795 707 1848 δὲ
742 1795 916 1867 Ἰησοῦ
945 1795 1205 1866 Χριστοῦ.
1241 1796 1348 1848 Καὶ
1372 1794 1450 1866 τῷ
1497 1795 1772 1866 προοιμίῳ
1799 1796 1898 1865 τὴν

326 1886 578 1954 εὐλογίαν
625 1887 935 1950 συνάπτων,
968 1888 1033 1939 ἐκ
1061 1886 1265 1957 ταύτης
1286 1886 1491 1955 ταύτην
1521 1885 1752 1957 ἀρύεται
1796 1885 1898 1955 τῆς

327 1977 529 2047 πηγῆς,
554 1978 647 2030 καὶ
674 1976 753 2047 τῷ
780 1976 899 2047 Θεῷ
928 1978 1023 2031 καὶ
1069 1978 1246 2048 Πατρὶ
1273 1978 1372 2044 τὴν
1404 1976 1499 2029 τοῦ
1550 1975 1679 2030 Υίοῦ
1726 1993 1897 2048 προσ-ο

324 2068 554 2139 ηγορίαν
590 2064 915 2134 συζεύγνυσι
942 2066 1117 2134 λέγων
1137 2083 1151 2097 ’
1175 2086 1193 2127 ς
1223 2064 1398 2135 Χάρις
1421 2064 1549 2135 ὑμῖν
1581 2064 1676 2118 καὶ
1705 2066 1894 2136 είρήνη

325 2155 434 2209 ἀπὸ
458 2154 592 2208 Θεοῦ
623 2155 834 2225 Πατρὸς
862 2153 1019 2225 ἡμῶν
1042 2154 1135 2207 καὶ
1162 2153 1368 2225 Κυρίου
1388 2151 1563 2223 Ἰησοῦ
1598 2154 1892 2223 Χριστοῦ.»

1995 528 2119 583 loco
2155 542 2269 581 non
2312 526 2492 580 solum
2530 522 2782 594 Spiritui,
2814 520 2911 576 sed
2939 519 3043 590 ipsi
3075 518 3240 574 etiam
3264 520 3434 585 Patri,
3469 537 3572 576 no-

1996 634 2124 673 men
2177 616 2411 683 Christi,
2454 615 2567 670 lloe
2605 629 2771 684 porro
2805 612 2861 666 in
2883 611 3141 667 omnibus
3169 610 3430 665 Ecclesiis
3460 627 3574 681 my-

1996 710 2148 764 sticaa
2174 707 2410 777 liturgia:
2436 714 2520 761 est
2545 704 2853 759 exordium.
2910 701 3138 773 Oportet
3188 701 3375 771 igitur,
3420 701 3577 770 juxta

1996 799 2306 856 mirabilem
2341 800 2484 853 hanc
2516 798 2712 867 legem,
2747 795 2913 874 etiam
2963 809 3031 847 ex
3085 793 3330 863 mysticis
3374 792 3577 848 litteris

1997 906 2310 962 expungere
2363 889 2815 944 colendissimum
2845 903 3046 942 nomen
3071 886 3168 941 Dei
3193 895 3248 939 et
3278 885 3578 939 Salvatoris

1998 981 2170 1036 nostri
2218 980 2347 1036 Jesu
2381 979 2606 1034 Christi.
2653 980 2725 1033 At
2769 978 2916 1033 enim
2972 990 3437 1047 supervacaneum
3492 983 3579 1030 est

1997 1074 2065 1128 de
2100 1073 2207 1126 hoc
2236 1072 2395 1141 plura
2424 1070 2628 1125 dicere.
2664 1069 3015 1139 Singularum
3045 1067 3193 1122 enim
3218 1065 3578 1135 epistolarum

1998 1161 2267 1232 prommia
2292 1159 2513 1215 divinus
2545 1158 2839 1228 Apostolus
2884 1157 3125 1211 illustrat
3167 1156 3273 1210 hoc
3330 1156 3573 1221 nomine,

1997 1267 2144 1307 nunc
2171 1250 2396 1321 quidem
2419 1249 2608 1305 dicens
2637 1268 2649 1303 :
2699 1268 2715 1299 ι
2750 1248 2952 1302 Paulus
2995 1263 3188 1302 servus
3224 1247 3351 1302 Iesu
3370 1245 3577 1303 Christi

1996 1351 2225 1398 vocatus
2270 1342 2567 1412 Apostolus
2599 1340 2675 1403 ²”;
2712 1359 2729 1391 ι
2771 1355 2918 1393 nunc
2966 1355 3136 1393 vero:
3186 1358 3204 1389 ι
3230 1338 3433 1392 Paulus
3476 1353 3575 1393 vo-

1997 1442 2152 1487 catus
2190 1433 2484 1502 Apostolus
2508 1432 2636 1486 Jesu
2658 1430 2862 1485 Christi
2889 1430 2966 1495 ²⁸;
3000 1449 3017 1479 ι
3059 1439 3115 1483 et
3144 1446 3157 1482 :
3191 1448 3209 1479 ‹
3238 1429 3441 1483 Paulus
3463 1444 3580 1483 ser-

1997 1540 2100 1578 vus
2130 1523 2251 1589 Dei,
2281 1523 2579 1593 Apostolus
2612 1535 2745 1575 vero
2790 1521 2998 1591 1261
3032 1519 3161 1575 Jesu
3206 1517 3413 1573 Christi
3456 1520 3521 1572 ".
3553 1538 3571 1569 ι

1998 1615 2067 1668 Et
2091 1614 2362 1683 prommio
2388 1610 2831 1669 benedictionem
2856 1617 3137 1677 coaptans,
3163 1612 3229 1661 ex
3280 1606 3385 1661 hoc
3428 1606 3577 1660 illam

1998 1707 2149 1762 fonte
2193 1706 2439 1770 deducit,
2496 1704 2731 1773 Filiique
2780 1701 3203 1772 appellationem
3229 1715 3351 1753 cum
3383 1699 3495 1753 Deo
3522 1706 3580 1752 et

1932 1782 1971 1835 Β
2002 1798 2158 1852 Patre
2213 1795 2494 1851 connectit
2536 1794 2769 1848 dicens:
2808 1810 2824 1841 ι
2865 1789 3049 1845 Gratia
3098 1788 3256 1843 vobis
3309 1795 3364 1841 ct
3410 1801 3513 1856 pax
3547 1801 3579 1839 a

2005 1888 2116 1942 Deo
2140 1888 2300 1941 Patre
2333 1895 2520 1945 nostro
2548 1893 2612 1940 et-
2638 1882 2872 1937 Domino
2906 1880 3036 1935 Jesu
3074 1877 3296 1933 Christo
3334 1876 3396 1929 ⁸⁷.
3442 1895 3459 1925 ι
3510 1875 3581 1929 Et

2002 1978 2355 2047 cpistolarum
2388 1992 2608 2047 quoque
2637 1975 2771 2031 lines
2795 1973 2897 2027 hac
2916 1978 3147 2026 exornat
3170 1966 3576 2024 benedictione:

2008 2088 2027 2121 ί
2063 2069 2252 2124 Gratia
2291 2067 2508 2123 Domini
2550 2067 2680 2124 Jesu
2705 2064 2910 2122 Christi
2948 2079 3071 2119 cum
3109 2062 3367 2117 omnibus
3398 2058 3577 2115 vobis.

2001 2163 2177 2216 Amen
2225 2161 2289 2213 ’⁸.
2322 2178 2341 2211 ι

326 2246 437 2300 Καὶ
466 2245 571 2300 τῶν
596 2244 928 2299 Ἐπιστολῶν
952 2244 1007 2299 δὲ
1036 2245 1102 2299 τὰ
1136 2245 1260 2316 τέλη
1293 2246 1421 2318 τῇδε
1450 2249 1519 2317 τῇ
1552 2246 1776 2319 εὐλογίᾳ
1812 2248 2130 2323 διακοσμεῖν
2168 2270 2186 2303 ι
2227 2253 2291 2305 ’11
2326 2252 2487 2324 χάρις
2548 2252 2640 2306 τοῦ
2676 2250 2882 2324 Κυρίου
2933 2248 3105 2320 Ἰησοῦ
3163 2246 3398 2319 Χριστοῦ
3443 2245 3591 2318 μετά’

328 2338 545 2394 πάντων
579 2337 608 2389 ὑ
616 2337 753 2407 μῶν.
792 2338 983 2407 Ἀμήν.

394 2429 505 2483 Καὶ
531 2428 722 2499 ἐτέρας
749 2428 806 2481 δὲ
838 2428 1162 2499 παμπόλλας
1196 2429 1497 2500 μαρτυρίας
1518 2428 1665 2482 ἔστιν
1688 2431 1893 2500 εὑρεῖν,

323 2518 391 2572 δι’
424 2512 499 2573 ὧν
527 2518 866 2588 καταμαθεῖν
899 2518 1147 2581 εὐπετὲς,
1175 2519 1250 2580 ὡς
1284 2520 1312 2570 6
1340 2518 1542 2589 Κύριος
1590 2521 1747 2590 ἡμῶν
1793 2522 1899 2589 Ἰη-

326 2608 451 2674 σοῦς
488 2611 720 2681 Χριστὸς
762 2612 862 2664 οὐκ
906 2609 1034 2664 ἄλλο
1088 2610 1380 2680 πρόσωπόν
1436 2612 1553 2663 ἐστι
1613 2610 1769 2681 παρὰ
1806 2611 1896 2663 τὸν

2002 2616 2173 2663 strum
2209 2610 2397 2665 Jesum
2425 2610 2705 2666 Christum
2762 2620 2875 2664 non
2935 2609 3099 2697 aliam
3133 2623 3255 2665 esse
3287 2623 3582 2679 personam
3644 2608 3647 2611 “

2066 2432 2133 2486 Ει
2167 2430 2272 2487 alia
2308 2449 2474 2502 porro
2514 2433 2751 2505 plurima
2805 2432 3118 2488 testimonia
3164 2432 3413 2502 reperire
3462 2441 3569 2496 est,

1995 2534 2066 2574 ex
2116 2521 2321 2589 quibus
2352 2522 2599 2591 proclive
2651 2521 2723 2576 sit
2770 2512 3104 2592 cognoscere
3145 2519 3436 2575 Dominum
3481 2536 3581 2576 no-

218 2692 229 2702 “
325 2700 453 2754 Υἱὸν
504 2701 600 2770 τῆς
643 2701 873 2770 Τριάδος
923 2700 1293 2782 πληρωτιδιόν.
1349 2700 1406 2752 ’0
1435 2700 1543 2771 γὰρ
1596 2700 1760 2764 αὐτὸς
1793 2700 1896 2773 πρὸ

2002 2717 2161 2774 quam
2190 2694 2414 2767 Filium,
2440 2703 2537 2758 sed
2571 2702 2901 2757 Trinitatem
2930 2692 3231 2771 complere.
3252 2702 3400 2758 Idem
3431 2703 3581 2759 enim

329 2789 429 2861 μὲν
465 2791 570 2844 τῶν
596 2791 811 2845 αἰώνων
841 2792 970 2855 Υἱὸς
993 2788 1061 2862 ἦν
1096 2791 1390 2861 μονογενὴς
1421 2791 1514 2844 καὶ
1549 2794 1680 2856 Θεὸς
1700 2794 1894 2863 Λόγος,

2002 2793 2118 2862 ipse
2168 2800 2295 2846 ante
2324 2791 2524 2848 saecula
2549 2790 2773 2862 quidem
2818 2790 2990 2845 Filius
3035 2797 3155 2845 erat
3180 2791 3497 2862 unigenitus
3525 2801 3583 2847 et

330 2881 467 2951 μετά
504 2881 562 2935 δὲ
610 2881 710 2952 τὴν
745 2881 1156 2952 ὲνανθρώπησιν
1196 2882 1488 2954 ὠνομάσθη
1543 2884 1639 2937 καὶ
1689 2881 1896 2953 Ἰησοῦς

2004 2881 2148 2935 Deus
2180 2880 2421 2936 Verbum
2455 2898 2467 2934 :
2504 2889 2627 2950 post
2670 2880 3106 2936 incarnationem
3150 2896 3284 2936 vero
3323 2889 3379 2936 et
3423 2882 3585 2937 Jesus

325 2972 420 3024 καὶ
452 2972 703 3043 Χριστὸς,
740 2972 848 3025 ἀπὸ
876 2972 984 3025 τῶν
1015 2972 1358 3043 πραγμάτων
1395 2973 1495 3036 τάς
1523 2974 1896 3045 προσηγορίας

2002 2980 2059 3027 et
2111 2971 2365 3029 Christus
2396 2972 2703 3041 appellatus
2732 2979 2839 3036 est,
2873 2988 2941 3027 ex
2982 2972 3148 3027 rebus
3195 2973 3459 3028 vocabula
3487 2973 3585 3029 de-

323 3059 633 3132 δεξάμενος.
691 3062 895 3133 Ἰησοῦς
951 3063 1052 3133 μὲν
1100 3063 1209 3134 γάρ
1258 3062 1460 3134 Σωτὴρ
1507 3064 1891 3137 ἑρμηνεύεται.

2003 3076 2245 3117 sumens.
2285 3062 2446 3118 Jesus
2476 3061 2679 3132 quippe
2713 3061 3020 3131 explicatur
3045 3062 3311 3118 Salvator.

329 3172 347 3203 ε
391 3153 657 3218 Καλέσεις
690 3156 796 3226 γάρ
825 3155 885 3209 τὸ
921 3155 1092 3225 ὄνομα
1126 3155 1293 3209 αὑτοῦ
1342 3157 1570 3226 Ἰησοῦν,
1607 3158 1688 3212 ὅτι
1736 3159 1895 3221 αὐτὸς

2079 3169 2097 3203 ι
2132 3152 2366 3208 Vocabis
2400 3152 2551 3208 enim
2607 3167 2813 3208 nomen
2862 3155 2983 3225 ejus
3008 3153 3196 3209 Jesum
3233 3171 3245 3207 :
3276 3154 3393 3224 ipse
3433 3154 3583 3209 enim

325 3242 487 3297 σώσει
530 3245 620 3298 τὸν
664 3245 791 3299 λαὸν
820 3245 984 3299 αὑτοῦ
1031 3245 1138 3298 ἀπὸ
1177 3247 1286 3299 τῶν
1317 3246 1610 3317 ἁμαρτιῶν
1642 3247 1828 3301 αὐτοῦ.
1869 3266 1888 3298 ι

2004 3245 2214 3297 salvum
2251 3243 2414 3300 faciet
2442 3245 2706 3314 populum
2741 3260 2901 3300 suum
2938 3261 2969 3299 a
3000 3245 3240 3314 peccatis
3268 3245 3578 3301 eorum'h

322 3332 552 3403 Χριστὸς
603 3333 659 3387 δὲ
694 3335 1003 3407 κέκληται,
1037 3334 1112 3398 ὼς
1146 3335 1291 3388 κατά
1321 3335 1381 3388 τὸ
1430 3335 1771 3407 ἀνθρώπειον
1819 3336 1898 3406 τῷ

322 3424 598 3497 Πνεῦμα-ει
619 3424 697 3496 τῷ
720 3426 968 3495 παναγίῳ
994 3425 1260 3497 χρισθεὶς,
1294 3427 1385 3480 καὶ
1415 3428 1765 3498 χρηματίσας
1795 3429 1897 3500 ἀρ-

321 3519 537 3588 χιερεὺς
564 3517 744 3588 ἡμῶν,
805 3517 900 3571 καὶ
951 3517 1270 3581 ἀπόστολος,
1323 3518 1418 3571 καὶ
1465 3521 1773 3590 προφήτης,
1806 3522 1900 3573 καὶ

325 3604 597 3670 βασιλεύς.
632 3608 868 3678 Μωῦσῆς
907 3608 1002 3679 μὲν
1037 3607 1147 3679 γάρ
1177 3610 1205 3662 6
1239 3609 1527 3673 θεσπέσιος
1553 3609 1655 3681 βοᾷ
1684 3609 1899 3682 πόρρω-

324 3695 414 3750 θεν
439 3713 453 3727 ο
486 3715 504 3747 ι
545 3696 836 3767 Προφήτην
879 3697 1007 3768 ὑμῖν
1040 3699 1334 3768 ἀναστήσει
1366 3697 1571 3768 Κύριος
1594 3701 1621 3752 6
1653 3698 1785 3762 Θεὸς
1834 3700 1900 3753 ἐκ

321 3785 432 3841 τῶν
461 3786 705 3855 ἀδελφῶν
737 3787 912 3857 ὑμῶν,
943 3788 1018 3851 ὼς
1050 3788 1170 3857 ὲμέ.
1204 3807 1221 3840 ι
1265 3789 1323 3843 Ὀ
1356 3789 1412 3842 δὲ
1440 3789 1583 3853 θεῖος
1607 3789 1774 3843 Δαϐὶδ
1802 3789 1898 3843 κέ·-

324 3891 530 3946 κραγεν
555 3874 727 3943 λέγων
748 3893 762 3908 ο
792 3895 811 3928 ι
853 3877 1056 3946 Ὤμοσε
1087 3876 1311 3947 Κύριος,
1347 3877 1441 3930 καὶ
1482 3878 1544 3930 οὐ
1583 3878 1898 3948 μεταμελη-

325 3965 570 4035 θήσεται,
628 3967 692 4020 σὺ
747 3968 928 4037 ἱερεὺς
975 3970 1053 4030 είς
1103 3969 1196 4023 τὸν
1241 3968 1415 4023 αἰῶνα
1443 3969 1583 4023 κατά
1611 3968 1708 4041 τὴν
1746 3969 1900 4034 τάξιν

323 4054 678 4125 Μελχισεδέκ.
706 4057 923 4112 Βεὸαιοί
952 4058 1007 4112 δὲ
1030 4057 1128 4130 τὴν
1158 4060 1496 4133 προφητείαν
1517 4062 1545 4114 6
1573 4059 1715 4125 θεῖος
1743 4061 1902 4113 Ἀπό-

325 4146 510 4211 στολος
542 4148 636 4200 καὶ
670 4148 829 4202 πάλιν
856 4168 868 4179 ·
927 4168 943 4202 ι
988 4153 1245 4223 Ἔχοντες
1291 4149 1386 4206 οὖν
1430 4153 1692 4225 ἀρχιερέα
1726 4154 1899 4226 μέγαν

322 4236 673 4306 διεληλυθότα
722 4241 847 4304 τοὺς
896 4244 1182 4313 οὐρανοὺς,
1244 4244 1453 4312 Ἰησοῦν
1509 4245 1599 4298 τὸν
1632 4244 1757 4297 Υίὸν
1804 4245 1897 4297 τοῦ

322 4328 480 4395 Θεοῦ,
503 4331 795 4403 κρατῶμεν
819 4333 919 4402 τῆς
948 4335 1258 4404 ὁμολογίας.
1293 4336 1412 4389 Ὅτι
1444 4336 1499 4389 δὲ
1525 4336 1617 4390 καὶ
1647 4336 1899 4406 βασιλεύς

325 4417 441 4470 ἔστι
479 4420 802 4490 προαιώνιος
829 4423 904 4486 ὡς
934 4422 1089 4489 Θεὸς,
1122 4426 1153 4493 ἡ
1183 4425 1495 4497 προφητικὴ
1540 4425 1703 4478 πάλιν
1752 4426 1899 4496 ἡμᾶς

328 4510 561 4581 μελῳδία
602 4512 862 4568 διδάσκει.
913 4533 931 4566 ι
986 4514 1043 4567 Ὀ
1094 4514 1281 4585 Θρόνος
1320 4533 1413 4569 σου
1459 4517 1586 4587 γὰρ,
1638 4518 1836 4588 φησὶν,
1870 4520 1899 4570 6

2003 3330 2259 3386 Christus
2281 3348 2413 3385 vero
2445 3334 2753 3401 appellatus
2790 3341 2897 3398 est,
2930 3342 3188 3403 tanquam
3230 3334 3437 3404 Spiritu
3460 3351 3585 3391 san-

2005 3432 2093 3478 cto
2127 3425 2429 3479 secundum
2460 3425 2741 3481 hominem
2779 3435 2998 3490 unctus,
3039 3436 3095 3481 et
3129 3429 3306 3484 factus
3341 3430 3584 3500 pontifex

2004 3524 2214 3576 noster,
2252 3521 2307 3568 et
2352 3515 2655 3583 apostolus,
2688 3516 2780 3568 ‘et
2818 3515 3108 3584 propheta,
3141 3524 3197 3570 et
3240 3531 3354 3570 rex.
3408 3518 3586 3574 Moses

2004 3605 2155 3659 enim
2205 3604 2428 3660 divinus
2484 3607 2645 3676 longe
2685 3615 2813 3661 ante
2858 3606 3168 3662 clamabat:
3200 3626 3219 3659 ι
3249 3608 3585 3678 PrOphetam

2005 3695 2161 3750 vobis
2187 3695 2474 3750 suscitabit
2514 3696 2781 3773 Dominus
2817 3697 2961 3750 Deus
2985 3695 3053 3750 de
3083 3695 3347 3753 fratribus
3380 3697 3585 3753 vestris

2004 3789 2148 3844 sicut
2178 3804 2263 3843 me
2283 3788 2361 3854 ³ος
2403 3807 2420 3840 ι
2462 3797 2520 3844 et
2557 3788 2781 3843 divinus
2822 3787 2994 3843 David
3028 3787 3365 3845 vociferatus
3388 3798 3472 3845 est
3497 3789 3583 3844 di-

2004 3894 2172 3934 cens:
2206 3897 2223 3930 ι
2255 3878 2467 3934 Iuravit
2514 3878 2799 3945 Dominus,
2850 3885 2906 3933 et
2938 3893 3050 3934 non
3091 3879 3384 3950 pmnitebit
3432 3896 3583 3945 eum,

2005 3969 2086 4024 Tu
2123 3985 2183 4025 es
2233 3970 2490 4026 sacerdos
2540 3971 2596 4025 in
2648 3978 2915 4025 aeternum
2966 3970 3269 4027 secundum
3332 3972 3585 4028 ordinem

2006 4060 2406 4117 Melchisedech
2438 4063 2503 4117 “.
2543 4080 2559 4112 ι
2608 4060 3023 4133 Conﬁrmatquc
3060 4063 3407 4133 prOphetiam
3444 4064 3587 4120 divi-

2005 4169 2109 4207 nus
2140 4154 2436 4224 Apostolus
2460 4153 2523 4208 ".
2570 4154 2638 4208 Et
2692 4154 2895 4210 iterum
2934 4156 3010 4211 ait
3040 4175 3057 4209 :
3088 4175 3106 4206 ‹
3153 4157 3433 4213 [labentes
3454 4173 3584 4231 ergo

2007 4245 2320 4314 pontiﬁcem
2364 4236 2642 4315 magnum,
2670 4247 2765 4316 qui
2813 4248 3127 4317 penetravit
3164 4249 3353 4314 ccelos,
3397 4250 3585 4305 Jesum

2006 4334 2203 4389 Filium
2232 4335 2349 4400 Dei,
2372 4338 2659 4391 teneamus
2688 4336 3170 4393 confessionem”.
3203 4357 3221 4388 ι
3261 4337 3418 4404 Quod
3452 4356 3584 4394 vero

2006 4426 2076 4480 sit
2120 4426 2288 4482 etiam
2336 4443 2432 4483 rex
2480 4435 2607 4483 ante
2643 4429 2840 4485 saecula
2886 4429 3036 4483 velut
3070 4430 3231 4494 Deus,
3263 4431 3585 4500 prophetica

2007 4532 2203 4577 rursus
2231 4517 2465 4573 melodia
2502 4534 2603 4572 nos
2634 4518 2813 4574 docet.
2856 4520 3068 4589 1262
3098 4534 3123 4569 r
3157 4517 3346 4584 Sedes,
3383 4520 3584 4591 inquit,

324 4601 475 4666 Θεὸς,
502 4604 581 4666 εἰς
611 4604 701 4657 τὸν
731 4604 901 4658 αἰῶνα
933 4605 1025 4658 τοῦ
1062 4606 1281 4671 αἰῶνος
1314 4608 1507 4679 ῥάϐδος
1535 4608 1828 4679 εὐθύτητος
1861 4612 1893 4682 ἡ

2004 4617 2124 4675 tua,
2185 4609 2369 4674 Deus,
2433 4609 2491 4667 in
2540 4611 2799 4666 sazculum
2851 4612 3070 4677 smculi;
3117 4613 3272 4682 virga
3318 4611 3582 4668 directio-

326 4690 521 4761 ῥάϐδος
566 4694 666 4763 τῆς
714 4693 992 4764 βασιλείας
1027 4712 1141 4750 σου.
1185 4716 1204 4749 ι
1262 4697 1638 4752 Ύποδείκνυσι
1677 4700 1734 4754 δὲ
1764 4702 1894 4771 ἡμῖν

326 4782 418 4835 καὶ
451 4780 512 4835 τὸ
560 4783 896 4854 ἀνθρώπειον
928 4787 1093 4840 αὑτοῦ
1148 4788 1367 4859 κράτος.
1406 4791 1585 4860 Ἕχων
1622 4791 1732 4863 γὰρ
1789 4792 1895 4845 τῶν

323 4872 459 4927 ὅλων
490 4872 587 4946 τὴν
618 4874 934 4931 δεσποτείαν
961 4877 1035 4942 ὡς
1072 4879 1204 4943 Θεὸς
1244 4881 1334 4933 καὶ
1370 4881 1721 4953 δημιουργὸς,
1758 4882 1896 4953 λαμ-

324 4962 474 5018 δάνει
503 4964 705 5037 ταύτην
744 4966 819 5032 ὡς
846 4968 1153 5040 ἄνθρωπος.
1182 4966 1256 5025 Οὗ
1288 4970 1352 5041 δὴ
1387 4972 1545 5042 χάριν
1580 4974 1888 5043 ἐπήγαγεν*

331 5073 349 5105 ε
379 5056 701 5127 Ἰιγάπησας
753 5058 1123 5131 δικαιοσύνην,
1165 5061 1260 5115 καὶ
1309 5064 1579 5135 ἐμίσησας
1624 5065 1892 5136 ἀνομίαν’

324 5146 409 5199 διὰ
436 5147 591 5201 τοῦτο
619 5149 802 5220 ἔχρισε
832 5169 888 5204 σε
915 5155 943 5205 ὀ
970 5152 1123 5222 Θεὸς,
1149 5156 1179 5210 ὁ
1210 5154 1343 5218 Θεός
1375 5173 1489 5219 σου,
1525 5156 1705 5211 ἔλαιον
1727 5158 1895 5225 ἀγαλ-

327 5238 556 5303 λιάσεως
582 5243 732 5313 παρὰ
758 5243 885 5306 τοὺς
922 5246 1179 5317 μετόχους
1213 5264 1328 5302 σου.
1358 5266 1376 5298 ι
1412 5248 1523 5300 Καὶ
1567 5250 1624 5300 ἐν
1668 5248 1743 5318 τῷ
1779 5248 1900 5302 δευ-

2000 4697 2107 4761 nis,
2184 4697 2337 4769 virga
2408 4698 2560 4769 regni
2629 4699 2708 4753 tui
2747 4700 2813 4754 ³⁸.
2871 4720 2887 4753 ι
2947 4700 3197 4757 Ostendit
3257 4708 3441 4756 autem
3489 4719 3584 4773 pa-

2002 4788 2137 4842 riter
2167 4796 2223 4842 et
2256 4789 2558 4843 humanum
2598 4791 2721 4861 ejus
2748 4791 3063 4860 imperium.
3097 4790 3235 4846 Cum
3264 4792 3413 4847 enim
3455 4793 3582 4849 uui-

2001 4894 2286 4934 versorum
2335 4880 2534 4935 habeat
2585 4880 2930 4941 dominatum
2975 4892 3037 4938 ut
3071 4884 3215 4939 Deus
3258 4893 3313 4940 et
3342 4896 3580 4955 creator,

2004 4970 2152 5024 hunc
2174 4971 2373 5041 accipit
2398 4979 2459 5025 ut
2496 4972 2680 5028 homo.
2715 4972 2897 5040 Quare
2927 4975 3213 5045 subjunxit
3242 4993 3255 5029 :
3293 4995 3311 5027 ¢
3334 4976 3581 5032 Dilexisti

1992 5062 2284 5133 justitiam,
2310 5074 2367 5119 et
2395 5065 2561 5120 odisti
2592 5065 2941 5135 iniquitatem
2967 5084 2981 5120 :
3011 5077 3305 5137 propterea
3342 5068 3500 5123 unxit
3528 5078 3579 5125 te
3624 5045 3630 5067 ’

1996 5154 2159 5221 Deus,
2211 5155 2355 5210 Deus
2416 5164 2564 5222 tuus,
2630 5157 2753 5211 oleo
2812 5156 3019 5213 laetitiae
3066 5171 3179 5226 pra:
3232 5157 3583 5214 consortibus

1996 5248 2105 5302 tuis
2139 5248 2202 5302 ".
2237 5268 2254 5298 ι
2292 5248 2350 5302 1η
2378 5248 2621 5303 secundo
2646 5264 2865 5318 quoque
2892 5249 3103 5318 psalmo
3130 5258 3331 5306 unctus
3359 5249 3476 5320 ipse
3503 5250 3583 5306 sic

324 5329 467 5403 τέρῳ
496 5331 552 5385 δέ
585 5349 751 5402 φησιν
779 5333 980 5406 ψαλμῷ
1017 5338 1176 5402 αὐτὸς
1223 5341 1251 5391 6
1283 5337 1524 5410 χρισθείς
1548 5354 1560 5367 ·
1600 5357 1618 5391 ι
1669 5338 1812 5408 Ἐγὼ
1839 5340 1895 5393 δὲ

2002 5340 2071 5393 ait
2097 5357 2109 5393 :
2151 5359 2168 5390 ‹
2210 5340 2319 5411 Ego
2356 5352 2541 5395 autem
2574 5341 2912 5397 constitutus
2941 5356 3062 5396 sum
3088 5358 3183 5398 rex
3208 5341 3285 5414 ab,
3313 5358 3380 5400 eo
3411 5357 3581 5413 super

326 5423 669 5494 κατεστάθην
727 5425 980 5494 βασιλεὺς
1023 5429 1113 5481 ὑπ’
1160 5430 1326 5482 αὐτοῦ
1377 5431 1469 5484 ἐπὶ
1516 5430 1653 5484 Σιὼν
1684 5431 1810 5503 ὅρος
1837 5432 1896 5485 τὸ

2002 5432 2123 5487 Sion
2152 5440 2394 5489 montem
2446 5444 2697 5490 sanctum
2727 5437 2866 5507 ejus,
2897 5435 3206 5507 prmdicans
3241 5443 3576 5506 praeceptum

396 5580 442 5612 ’³
478 5580 522 5635 li
547 5581 674 5636 Cor.
710 5598 823 5648 xui,
864 5582 949 5636 15.
1058 5583 1101 5614 ’³
1142 5585 1300 5638 Rom.
1333 5600 1371 5644 ι,
1418 5587 1467 5639 1.

1581 5587 1625 5618 ’⁸
1666 5586 1686 5641 I
1733 5584 1861 5642 Cor.
1896 5603 1934 5652 ι,
1961 5587 2010 5640 1.

2124 5588 2167 5670 ’ξ
2202 5586 2310 5642 Tit.
2340 5604 2376 5652 ι,
2550 5590 2605 5670 :7
2629 5592 2804 5670 _Rom.
2835 5607 2872 5656 ι,
3059 5592 3114 5670 ’ξι
3140 5591 3301 5670 ltum:
3338 5606 3449 5653 xw.

412 5650 668 5727 blattth
696 5652 785 5706 21.
863 5654 906 5684 ³ο
932 5654 1090 5707 Deut.
1129 5669 1278 5719 xvm,
1318 5654 1403 5711 15.
1474 5656 1512 5686 ³⁸
1547 5656 1689 5711 Psal.
1726 5658 1896 5723 c1x,4.

2002 5658 2028 5686 "
2067 5656 2229 5711 llcbr.
2273 5650 2369 5724 vn,
2402 5659 2491 5712 2|.
2550 5661 2591 5693 ³³
2629 5661 2771 5716 Psal.
2809 5650 2882 5727 tv,
2919 5661 3003 5716 14.
3081 5661 3123 5692 ³⁵
3162 5660 3303 5717 Psal.
3342 5650 3485 5727 xui,
3520 5658 3573 5711 7ο

329 5719 374 5753 ³⁵
411 5719 547 5775 ibid.
584 5720 635 5775 8.
