3962 6204
407 331 427 397 ί
440 330 542 395 ’395

1384 326 1867 386 Tl-lEUDORETI
1910 324 2244 384 EPISCOPI
2285 323 2645 382 CYRENSIS

3520 319 3666 383 1395

402 446 537 513 ejus.
575 439 839 495 Dominus
863 439 998 494 dixit
1027 438 1094 493 ad
1121 453 1204 492 me
1231 456 1242 491 :
1269 437 1443 491 Filius
1480 451 1636 490 meus
1669 451 1729 489 es
1763 447 1842 499 tu,
1874 449 1970 503 ego

2079 431 2231 498 ἅγιον
2255 430 2439 496 αὑτοῦ,
2474 430 2803 497 διαγγέλλων
2835 430 2892 483 τὸ
2925 432 3253 502 πρόσταγμα
3283 431 3520 502 Κυρίου.
3539 433 3664 487 Κῦ-

405 533 567 588 hodie
599 531 761 603 genui
809 537 883 584 te.
914 529 1133 584 Postula
1174 543 1202 581 ιι
1249 543 1356 590 me,
1400 535 1456 582 et
1478 526 1618 581 dabo
1651 526 1749 579 tibi
1789 535 1977 594 gentes

405 622 774 679 lnereditatcm
814 631 982 683 tuam,
1015 626 1070 674 et
1102 619 1503 689 possessionem
1541 627 1688 672 tuam
1713 617 1976 672 terminos

404 714 645 770 terrm".
685 732 702 764 ι
752 713 877 766 Hzec
917 721 1048 765 vero
1099 720 1357 780 tanquam
1394 711 1560 764 homo
1614 709 1812 764 effatus
1869 717 1972 763 cst.

401 803 684 871 Tanquam
715 803 880 856 homo
904 800 1106 872 quippe
1131 800 1329 869 accipit
1356 815 1476 869 quze
1514 799 1679 853 habet
1714 806 1774 853 ut
1809 799 1971 852 Deus.

399 893 578 962 Atque
603 892 658 946 in
690 892 810 961 ipso
836 890 1000 944 etiam
1032 889 1221 958 psalmi
1250 889 1520 958 principio
1552 904 1675 941 cum
1717 889 1878 942 Patre
1920 897 1976 942 et

398 985 512 1038 Deo
540 982 693 1036 illum
717 981 906 1035 statuit
930 980 1246 1050 prophetica
1274 980 1462 1049 gratia.
1498 998 1514 1028 ι
1544 978 1740 1045 Quare,
1773 978 1970 1047 inquit,

399 1074 742 1128 fremuerunt
772 1081 981 1142 gentes,
1009 1077 1064 1126 et
1090 1071 1278 1140 populi
1320 1069 1567 1124 meditati
1601 1077 1729 1123 sunt
1752 1069 1975 1124 inania?

397 1164 708 1218 Astiterunt
754 1177 909 1232 reges
945 1171 1131 1226 teme,
1167 1170 1222 1214 et
1275 1160 1552 1230 principes
1596 1169 1974 1214 convenerunt

399 1256 454 1308 in
489 1269 656 1307 unum
690 1253 956 1307 adversus
979 1253 1292 1317 Dominum,
1318 1259 1373 1306 et
1404 1251 1669 1306 adversus
1689 1252 1969 1306 Christum

397 1348 519 1418 ejus
535 1347 600 1402 ³⁷.
637 1365 654 1397 ι

469 1537 642 1591 Nemo
679 1536 846 1607 igitur
880 1535 1046 1590 alium
1072 1535 1383 1604 quempiam
1409 1533 1575 1589 stulte
1627 1542 1780 1604 putet
1814 1533 1974 1589 Chri-

397 1639 544 1688 stum
593 1644 737 1697 esse,
784 1643 947 1696 quam
1001 1627 1199 1681 Filium
1232 1627 1608 1696 unigenitum;
1647 1641 1826 1695 neque
1872 1641 1972 1680 nos

394 1720 759 1792 sapientiores
797 1719 1034 1789 Spiritus
1077 1718 1251 1789 gratia
1285 1717 1664 1773 existimemus
1699 1731 1842 1779 esse,
1874 1716 1968 1770 sed

394 1824 652 1881 magnum
712 1794 850 1863 Petri

394 1901 648 1954 Christus
678 1899 846 1959 Filius
864 1899 961 1952 Dei
990 1898 1102 1952 vivi
1128 1899 1207 1964 ³⁸;
1241 1917 1259 1949 ι
1298 1898 1586 1952 audiamus
1613 1905 1669 1952 et
1687 1896 1966 1952 Christum

395 1987 688 2040 Dominum
719 1985 1122 2040 confessionem
1160 1985 1302 2040 hanc
1341 1985 1779 2041 confirmantem.
1813 2004 1831 2036 ι
1861 1985 1968 2040 Su-

395 2095 495 2152 per
525 2079 667 2133 hanc
695 2078 840 2132 enim
879 2085 1112 2147 petram,
1136 2077 1333 2147 inquit,
1364 2077 1644 2132 :edificabo
1667 2077 1966 2132 Ecciesiam

401 2170 610 2252 1263
635 2185 834 2236 meam,
860 2177 918 2224 et
948 2179 1118 2240 porta:
1146 2169 1306 2230 inferi
1333 2186 1442 2224 non
1471 2170 1846 2239 praevalebunt
1877 2169 1971 2224 ad-

393 2278 589 2317 versus
621 2277 742 2317 eam
766 2262 830 2317 ⁸⁹.
854 2281 872 2312 ι
901 2261 1114 2317 Idcirco
1149 2261 1593 2331 sapientissimus
1617 2262 1840 2324 Paulus,
1866 2262 1969 2314 Ec-

393 2353 687 2420 clesiarum
726 2351 1213 2422 praestantissimus
1246 2353 1601 2416 architectus,
1647 2369 1757 2408 non
1797 2352 1966 2416 aliud,

393 2445 488 2499 sed
521 2445 625 2499 hoc
653 2446 833 2514 ipsum
861 2442 1051 2498 deﬁxit
1077 2443 1518 2499 fundamentum.
1554 2444 1667 2514 Ego
1697 2445 1866 2503 enim,
1896 2443 1971 2496 in-

395 2534 534 2602 quit,
576 2553 593 2584 ι
632 2543 694 2587 ut
721 2535 937 2605 sapiens
964 2534 1299 2590 architectus
1337 2534 1753 2590 fundamentum
1787 2536 1965 2604 posui,

396 2626 535 2679 alius
568 2633 751 2679 autem
787 2625 1205 2696 supertedlficat.
1235 2626 1624 2702 Unusquisque
1676 2636 1859 2680 autem
1889 2627 1970 2681 vi-

394 2718 520 2770 deat
551 2716 828 2785 quomodo
873 2716 1290 2786 supertedificet.
1336 2715 1773 2772 Fundamentum
1820 2720 1967 2772 enim

395 2807 542 2866 aliud
580 2823 742 2862 nemo
766 2815 947 2877 potest
981 2823 1185 2878 ponere
1208 2812 1225 2828 ‘
1249 2818 1444 2879 praeter
1483 2809 1536 2864 id
1566 2813 1711 2880 quod
1731 2811 1969 2881 positum

392 2908 496 2968 est,
539 2898 683 2968 quod
716 2907 799 2953 est
853 2898 1107 2954 Christus
1139 2900 1298 2955 Jesus
1325 2901 1388 2954 ⁸ο.
1443 2919 1461 2952 ι
1507 2900 1794 2966 Quomodo
1841 2918 1971 2972 ergo

393 2991 542 3045 aliud
594 2989 907 3062 excogitant
972 2989 1412 3056 fundamentum,
1459 2993 1552 3060 qui
1609 3008 1718 3046 non
1767 3007 1969 3060 ponere

393 3082 830 3146 fundamentum,
880 3083 974 3138 scd
1045 3099 1210 3153 super
1268 3083 1505 3153 positum
1552 3083 1969 3138 fundamentum

393 3173 664 3231 aedificare
696 3174 834 3244 jussi
879 3175 1042 3229 sunt?
1067 3174 1138 3228 At
1185 3174 1406 3230 divinus
1440 3176 1529 3230 ille
1569 3176 1657 3230 vir
1689 3175 1968 3232 Christum

395 3265 615 3335 amovit
646 3264 1083 3332 fundamentum,
1117 3278 1171 3320 et
1209 3267 1315 3322 hoc
1341 3268 1563 3322 nomine
1589 3283 1646 3322 se
1677 3277 1915 3322 ostentat
1953 3286 1966 3322 :

396 3374 458 3411 ac
485 3371 630 3409 nunc
657 3355 877 3425 quidem
911 3356 1020 3409 ait:
1054 3377 1070 3407 ι
1105 3355 1325 3412 Christo
1358 3358 1606 3413 confixus
1637 3373 1756 3412 sum
1783 3359 1966 3424 cruci;

395 3448 521 3500 vivo
551 3456 731 3501 autem
773 3463 882 3502 non
925 3449 1036 3517 jam
1074 3464 1174 3518 ego
1217 3467 1230 3512 ;
1268 3449 1404 3502 vivit
1435 3465 1565 3502 vero
1601 3449 1653 3502 in
1686 3464 1772 3503 me
1809 3449 1967 3504 Chri-

397 3537 598 3591 stus“.
631 3555 646 3586 ι
688 3537 842 3590 Nunc
878 3547 1059 3589 autem
1095 3555 1107 3589 :
1145 3556 1161 3586 ι
1197 3536 1323 3590 Mihi
1358 3536 1544 3591 virere
1583 3537 1836 3592 Christus
1864 3547 1967 3601 est,

395 3635 452 3680 et
483 3625 623 3680 mori
655 3625 871 3680 lucrum
889 3625 952 3676 ".
986 3645 1001 3675 ι
1047 3625 1111 3678 Et
1146 3625 1346 3679 iterum
1382 3642 1394 3678 :
1440 3644 1456 3676 ι
1497 3625 1615 3679 Non
1651 3627 1796 3679 enim
1824 3627 1971 3696 judi-

399 3717 515 3770 ravi
545 3732 632 3771 me
669 3717 809 3771 scire
845 3715 1051 3785 aliquid
1110 3716 1252 3770 inter
1296 3731 1411 3780 vos,
1451 3717 1556 3770 nisi
1588 3718 1772 3772 Jcsum
1807 3716 1968 3771 Chri-

397 3815 562 3870 stum,
598 3817 654 3862 et
687 3807 837 3862 hunc
871 3807 1192 3862 crucifixum
1215 3807 1279 3860 ‘3.
1319 3827 1336 3857 ι
1381 3808 1448 3860 Ει
1488 3808 1649 3877 paulo
1675 3808 1966 3878 superius:

404 3897 564 3952 «Nos
629 3909 810 3952 autem
876 3900 1235 3968 praedicamus
1287 3898 1564 3954 Christum
1627 3900 1966 3965 crucifixum,

395 3986 600 4040 Judaeis
629 3989 851 4057 quidem
896 3990 1233 4053 scandalum,
1271 3991 1526 4060 gentibus
1573 4001 1753 4046 autem
1791 3992 1972 4045 stulti-

398 4077 528 4131 tiam
565 4095 576 4129 :
615 4078 747 4146 ipsis
807 4089 989 4134 autem
1046 4083 1254 4137 vocatis
1313 4082 1516 4137 Judaeis
1570 4092 1733 4153 atque
1769 4084 1970 4139 Graecis

395 4169 674 4224 Christum
732 4168 825 4222 Dei
867 4169 1151 4234 virtutem,
1187 4180 1242 4225 et
1273 4173 1368 4227 Dei
1403 4173 1724 4242 sapientiam
1750 4173 1813 4228 “.
1850 4194 1867 4224 ι
1904 4175 1972 4229 Ει

396 4258 600 4313 Calatis
634 4258 856 4328 quidem
885 4261 1133 4316 scribens
1165 4263 1241 4316 ait
1280 4280 1292 4314 :
1335 4282 1353 4314 ι
1392 4262 1526 4317 Cum
1554 4271 1734 4318 autem
1766 4266 1969 4334 placuit

395 4353 469 4417 ci,
501 4352 594 4422 qui
622 4367 708 4405 me
741 4351 1045 4423 segregavit
1079 4369 1145 4408 ex
1181 4361 1337 4408 utero
1375 4357 1566 4410 matris
1610 4373 1764 4420 meae,
1800 4367 1855 4411 et
1878 4373 1971 4411 vo-

2083 541 2194 594 ριος
2228 519 2346 576 εἷπε
2389 525 2523 595 πρὸς
2546 539 2641 594 με·
2674 523 2799 586 Υἱός
2835 541 2935 594 μου
2967 520 3016 577 εἶ
3047 526 3132 590 σὺ,
3159 525 3270 593 ἐγὼ
3298 527 3542 596 σήμερον
3565 544 3668 592 γε·

2079 615 2316 684 γέννηκά
2357 633 2434 668 σε.
2464 617 2693 680 Αίτησαι
2723 616 2856 686 παρ’
2879 617 3040 685 ἐμοῦ,
3071 617 3164 669 καὶ
3215 616 3370 670 δώσω
3414 633 3497 670 σοι
3527 618 3665 687 ἔθνη

2077 704 2172 776 τὴν
2207 706 2570 777 κληρονομίαν
2601 724 2712 770 σου,
2751 707 2842 758 καὶ
2867 706 2964 776 τὴν
2986 708 3314 776 κατάσχεσίν
3340 726 3434 762 σου
3457 711 3530 763 τὰ
3559 712 3671 764 πέ-

2083 813 2218 867 ρατα
2248 798 2346 866 τῆς
2381 798 2504 867 γῆς.
2530 817 2546 848 ι
2587 797 2774 850 Ταῦτα
2805 798 2860 850 δὲ
2881 797 2956 860 ὡς
2979 798 3265 868 ἄνθρωπος
3290 801 3534 871 εἴρηκεν.
3567 803 3668 864 Ὡς

2078 887 2186 958 γὰρ
2215 888 2501 960 ἄνθρωπος
2542 888 2806 958 λαμϐάνει
2849 888 2992 957 ἅπερ
3022 888 3133 958 ἔχει
3167 890 3244 952 ὡς
3274 890 3426 954 Θεός.
3458 894 3574 945 Καὶ
3599 895 3667 944 ἐν

2078 978 2229 1049 αύτῷ
2261 996 2321 1046 γε
2348 979 2426 1049 τῷ
2447 979 2541 1031 τοῦ
2568 978 2784 1048 ψαλμοῦ
2819 979 3088 1048 προοιμίῳ
3113 980 3191 1048 τῷ
3218 981 3336 1050 Θεῷ
3359 983 3453 1034 καὶ¹
3478 984 3667 1054 Πατρὶ

2079 1068 2366 1132 συνέταξεν
2416 1069 2577 1121 αὐτὸν
2630 1070 2663 1138 ἡ
2704 1068 3015 1139 προφητικὴ
3047 1068 3227 1139 χάρις.
3260 1089 3278 1121 ι
3320 1070 3483 1123 Ἰνατί
3524 1072 3664 1143 γὰρ,

2077 1162 2261 1230 φησὶν,
2287 1161 2562 1230 ἐφρύαξαν
2608 1160 2754 1231 ἔθνη,
2787 1161 2881 1214 καὶ
2928 1161 3048 1214 λαοὶ
3085 1161 3421 1232 ἐμελέτησαν
3475 1166 3664 1229 nvi;

2079 1252 2438 1322 Παρέστησαν
2475 1255 2523 1305 oi
2585 1252 2822 1322 βασιλεῖς
2877 1256 2975 1323 τῆς
3007 1253 3130 1321 γῆς,
3167 1255 3262 1307 καὶ
3309 1257 3355 1308 oi
3389 1256 3673 1326 ἄρχοντες

2077 1343 2418 1412 συνήχθησαν
2455 1345 2546 1396 ἐπὶ
2581 1344 2642 1396 τὸ
2665 1343 2796 1398 αὐτὸ
2827 1344 2966 1397 κατὰ
3000 1343 3090 1396 τοῦ
3124 1345 3351 1412 Κυρίου,
3379 1350 3472 1400 καὶ
3510 1349 3672 1400 κατὰ

2073 1434 2164 1488 τοῦ
2201 1436 2435 1506 Χριστοῦ
2470 1436 2635 1490 αὐτοῦ
2669 1437 2800 1506 (21).

2145 1525 2348 1597 Μηδεὶς
2377 1531 2557 1579 τοίνυν
2588 1529 2833 1599 ἀνοήτως
2863 1531 3019 1584 ἄλλον
3046 1530 3166 1584 τινὰ
3195 1531 3286 1583 τὸν
3307 1531 3542 1602 Χριστὸν
3566 1548 3669 1582 νο-

2078 1614 2280 1684 μιξέτω
2313 1617 2465 1687 παρὰ
2491 1617 2581 1670 τὸν
2612 1618 2740 1672 Υίὸν
2771 1620 2862 1674 τὸν
2899 1623 3200 1692 μονογενῆ·
3245 1622 3377 1693 μηδέ
3412 1622 3672 1688 σοφωτέ-

2076 1723 2203 1770 ρους
2237 1707 2462 1769 ἑαυτοὺς
2491 1707 2851 1779 ὑπολάϐωμεν
2881 1712 2980 1780 τῆς
3019 1712 3112 1765 τοῦ
3145 1712 3460 1782 Πνεύματος
3489 1712 3668 1781 χάρι-

712 1810 932 1863 Petrum
993 1808 1281 1862 audiamus
1329 1809 1654 1863 clamantem
1685 1824 1697 1860 :
1736 1821 1756 1858 ‹
1793 1806 1873 1859 Tu
1908 1821 1968 1860 cs

2075 1816 2183 1860 τος.
2229 1799 2387 1852 Ἀ).λᾶ
2421 1799 2740 1870 ἀκούσωμεν
2763 1801 2856 1854 τοῦ
2892 1803 3131 1872 μεγάλου
3155 1803 3360 1872 Πέτρου
3393 1800 3666 1869 βοῶντος

2078 1909 2096 1941 ι
2133 1891 2205 1944 Σὺ
2240 1885 2288 1942 εἴ
2313 1891 2341 1942 6
2367 1891 2599 1962 Χριστὸς
2626 1895 2654 1946 6
2687 1892 2812 1955 Υἱὸς
2840 1893 2934 1946 τοῦ
2961 1894 3098 1947 Θεοῦ
3125 1894 3216 1948 τοῦ
3246 1893 3464 1956 ζῶντος.
3493 1909 3515 1942 ι
3545 1893 3671 1946 Καὶ

2073 1982 2392 2052 ἀκούσωμεν
2420 1982 2512 2035 τοῦ
2534 1984 2804 2037 Δεσπότου
2840 1985 3102 2054 Χριστοῦ,
3125 1987 3284 2055 τήνδε
3315 1986 3414 2056 τὴν
3447 1987 3666 2061 ὁμολο-

2072 2071 2198 2138 γίαν
2230 2072 2618 2142 κρατύνοντοςο
2661 2094 2680 2126 ι
2721 2076 2844 2128 Ἐπὶ
2864 2076 3034 2148 ταύτῃ
3065 2079 3193 2148 γὰρ,
3226 2079 3349 2149 ἔφη.
3377 2085 3444 2152 τῇ
3471 2083 3673 2155 πέτρᾳ

2072 2164 2412 2234 οἰκοδομήσω
2441 2182 2542 2234 μου
2573 2167 2672 2236 τὴν
2714 2167 3062 2240 Ἐκκλησίαν,
3104 2171 3197 2222 καὶ
3235 2171 3399 2226 πύλαι
3428 2173 3566 2244 ᾅδου
3597 2177 3668 2228 οὐ

2074 2255 2495 2326 κατισχύσουσιν
2529 2257 2719 2328 αὐτῆς.
2760 2277 2778 2309 ι
2812 2259 2912 2312 Διά
2939 2277 3021 2313 τοι
3059 2259 3217 2313 τοῦτο
3245 2262 3341 2316 καὶ
3383 2263 3609 2329 Παῦλος
3636 2267 3672 2318 ὀ

2074 2349 2367 2418 πάνσοφος,
2419 2351 2448 2402 6
2490 2350 2598 2402 τῶν
2641 2350 2977 2421 Ἐκκλησιῶν
3031 2353 3250 2423 ἄριστος
3289 2355 3666 2425 ἀρχιτέκτων,

2072 2437 2168 2506 οὐχ
2197 2436 2402 2507 ἕτερον,
2433 2436 2567 2491 ἀλλά
2595 2437 2783 2492 τοῦτον
2814 2440 2975 2493 αὐτὸν
3012 2441 3334 2511 κατέπηξεν·
3357 2444 3450 2496 τὸν
3480 2445 3669 2514 Θεμέ-

2074 2527 2206 2581 λιον.
2256 2527 2398 2596 Ἐγὼ
2425 2531 2552 2599 γὰρ,
2580 2529 2766 2598 φησὶν,
2805 2549 2824 2581 ι
2864 2529 2940 2593 ὡς
2979 2532 3142 2598 σοφὸς
3189 2533 3536 2603 ἀρχιτέκτων
3573 2536 3670 2588 Θε-

2075 2619 2257 2689 μέλιον
2289 2619 2530 2682 τέθεικα,
2592 2619 2751 2682 ἄλλος
2799 2620 2855 2673 δὲ
2892 2622 3257 2692 ἐποικοδομεῖ.
3290 2625 3574 2689 Ἕκαστος
3606 2627 3672 2680 δὲ

2074 2712 2318 2780 βλεπέτω
2348 2710 2462 2774 πῶς
2489 2711 2850 2780 ἐποικοδομεῖ.
2875 2712 3136 2782 Θεμέλιον
3158 2715 3264 2786 γὰρ
3290 2716 3447 2770 ἄλλον
3471 2717 3672 2781 οὐδεὶς

2071 2803 2292 2856 δύναται
2324 2803 2492 2855 Οεῖναι
2521 2803 2668 2874 παρὰ
2709 2804 2801 2856 τὸν
2849 2805 3121 2875 κείμενον,
3155 2807 3212 2868 ὃς
3246 2808 3395 2860 ἐστιν
3441 2809 3672 2878 Ἰησοῦς

2074 2892 2328 2964 Χριστός.
2366 2911 2383 2942 ι
2445 2892 2571 2954 Πῶς
2603 2891 2781 2945 τοίνυν
2830 2894 3018 2964 ἕτερον
3065 2895 3337 2948 ἐπινοοῦσι
3375 2896 3668 2965 θεμέλιον,

2071 2987 2132 3038 ού
2158 2987 2426 3056 πηγνύναι
2451 2984 2719 3054 Θεμέλιον,
2753 2987 2867 3039 ἀλλ’
2899 2988 3272 3058 ἐποικοδομεῖν
3297 2987 3374 3054 τῷ
3407 2990 3669 3060 κειμένῳ

2081 3076 2583 3145 προστεταγμένοις
2633 3076 2689 3129 '0
2727 3077 2783 3129 δὲ
2826 3077 2968 3142 θεῖος
2991 3081 3197 3142 ἐκεῖνος
3226 3079 3362 3149 ἀνὴρ
3391 3080 3482 3132 τὸν
3519 3083 3671 3151 Χριο

2029 3179 2038 3194 '
2077 3167 2200 3221 στὸν
2233 3162 2341 3219 οἶδε
2368 3166 2638 3236 θεμέλιον,
2665 3167 2759 3220 καὶ
2789 3167 2958 3240 ταύτῃ
3005 3173 3069 3239 τῇ
3116 3172 3461 3241 προσηγορία
3506 3172 3665 3242 λαμ-

2074 3259 2357 3331 πρύνεται.
2384 3260 2491 3313 Καὶ
2520 3260 2614 3313 νῦν
2641 3261 2739 3330 μέν
2769 3277 2937 3331 φησι·
2977 3280 2994 3312 ι
3025 3263 3247 3333 Χριστῷ
3275 3266 3665 3337 συνεσταύρω-

2076 3369 2200 3422 μαι·
2243 3350 2319 3416 ζῶ
2348 3351 2404 3404 δὲ
2425 3350 2609 3403 οὐκέτι
2641 3350 2770 3418 ἐγὼ,
2796 3352 2862 3422 ζῇ
2885 3352 2941 3405 δὲ
2967 3353 3023 3405 ἐν
3045 3353 3168 3423 ἐμοὶ
3194 3355 3445 3424 Χριστός.
3485 3375 3505 3406 ι
3538 3357 3662 3410 Νῦν

2071 3443 2124 3495 δέ
2151 3461 2164 3475 ο
2203 3461 2219 3493 ι
2272 3442 2424 3512 Ἐμοὶ
2454 3443 2513 3495 τὸ
2544 3442 2643 3514 ζῇν
2665 3443 2920 3512 Χριστὸς,
2953 3443 3046 3496 καὶ
3095 3443 3154 3496 τὸ
3200 3445 3487 3498 ἀποθανεῖν
3521 3448 3660 3516 κέρ-

2071 3533 2178 3595 δος.
2225 3553 2242 3584 ι
2280 3535 2391 3587 Καὶ
2441 3532 2637 3586 πάλινο
2687 3553 2706 3584 ι
2741 3536 2820 3588 UO
2852 3533 2959 3606 γὰρ
2992 3534 3184 3606 ἔκρινα
3215 3535 3308 3588 τοῦ
3349 3536 3540 3588 είδέναι
3591 3555 3650 3590 τι

2073 3623 2128 3674 ἐν
2159 3624 2307 3692 ὑμῖν,
2344 3625 2392 3675 εἰ
2420 3622 2493 3693 μὴ
2531 3622 2735 3693 Ἰησοῦν
2769 3625 3023 3694 Χριστὸν,
3048 3626 3138 3677 καὶ
3159 3625 3343 3678 τοῦτον
3367 3627 3618 3696 ἐσταυρω

2077 3713 2253 3782 μένον.
2281 3733 2297 3764 ι
2322 3715 2432 3765 Καὶ
2463 3714 2654 3784 μικρὸν
2683 3714 2791 3786 πρὸ
2811 3713 3015 3767 τούτων
3033 3732 3045 3743 ·
3091 3733 3108 3766 ι
3151 3714 3214 3767 Ἠ
3223 3716 3342 3784 μείς
3367 3715 3424 3768 δὲ
3443 3717 3655 3787 κηρύτ-

2072 3822 2235 3875 τομεν
2265 3806 2501 3875 Χριστὸν
2533 3807 2973 3877 ἐσταυρωμένον,
3031 3807 3308 3870 Ἰουδαίοις
3350 3807 3448 3877 μὲν
3491 3811 3662 3863 σκάν-

2071 3897 2248 3962 δαλον,
2291 3898 2467 3951 ἔθνεσι
2488 3898 2545 3951 δέ
2577 3900 2807 3968 μωρίαν,
2835 3900 3016 3960 αὐτοῖς
3043 3917 3098 3951 τε
3125 3900 3340 3971 κλητοῖς
3372 3901 3661 3967 Ἰουδαίοις

2070 4006 2130 4041 τε
2162 3991 2251 4042 καὶ
2276 3989 2518 4060 Ἕλλησι,
2553 3990 2784 4061 Χριστὸν
2817 3989 2950 4042 Θεοῦ
2977 3990 3226 4060 δύναμιν,
3262 3993 3354 4044 καὶ
3389 3992 3528 4044 Θεοῦ
3565 4012 3630 4046 σο

2073 4080 2220 4144 φίαν.
2257 4101 2273 4132 ι
2304 4081 2409 4135 Καὶ
2437 4081 2706 4144 Γαλάταις
2739 4081 2837 4151 μὲν
2871 4083 3197 4136 ἐπιστέλλων
3219 4083 3319 4154 ἔφη
3343 4100 3356 4115 ο
3390 4104 3409 4136 ι
3443 4086 3577 4137 Ὅτε
3601 4087 3660 4140 δὲ

2070 4171 2369 4242 ηὐδόκησεν
2397 4174 2424 4224 ὀ
2453 4173 2718 4243 ἀφορίσας
2757 4189 2822 4243 με
2846 4175 2909 4225 ἐκ
2933 4174 3138 4236 κοιλίας
3165 4174 3370 4244 μητρός
3405 4193 3533 4244 μου,
3561 4180 3658 4229 καὶ

2073 4264 2307 4326 καλέσας
2344 4263 2432 4318 διὰ
2469 4265 2570 4334 τῆς
2611 4265 2830 4334 χάριτος
2885 4265 3048 4319 αὑτοῦ
3077 4307 3092 4330 ,
3150 4266 3502 4336 ἀποκαλύψαι
3568 4271 3660 4321 τὶν

2073 4353 2200 4406 Υίδν
2231 4353 2396 4407 αὑτοῦ
2425 4355 2480 4405 ἐν
2516 4355 2659 4424 ἐμοὶ,
2681 4354 2766 4406 ἴνα
2785 4354 3224 4426 εὐαγγελίζωμαι
3258 4357 3422 4411 αὐτὸν
3451 4359 3509 4409 ἐν
3541 4363 3659 4422 τοῖς

397 4445 538 4498 cavit
573 4460 674 4516 per
704 4444 930 4514 gratiam
965 4461 1140 4511 suam,
1164 4455 1224 4501 ut
1267 4449 1536 4503 revelaret
1570 4449 1766 4503 Filium
1806 4465 1965 4504 sutlm

2075 4445 2268 4498 ἔθνεσι.
2301 4445 2603 4514 Κορινθίοις
2630 4445 2683 4498 δὲ
2706 4445 2932 4515 γράφων
2973 4447 3073 4499 οὐκ
3114 4443 3265 4499 εἶπεν
3285 4490 3298 4512 ,
3328 4449 3409 4502 ὅτι
3458 4450 3660 4518 Ἡμεῖς

399 4552 494 4606 per
516 4553 622 4600 mc,
680 4545 738 4590 ut
793 4537 1220 4606 evangelizarcm
1263 4538 1414 4593 illum
1451 4541 1507 4595 in
1560 4541 1900 4611 gentibus".
1946 4563 1964 4594 ι

396 4627 700 4682 Corinthiis
731 4643 861 4682 vero
891 4628 1135 4684 scribens
1182 4645 1290 4694 non
1334 4630 1471 4684 dixit
1509 4631 1662 4686 :Nos
1702 4632 1970 4702 praedica-

396 4735 520 4773 mus
556 4719 775 4782 Filium,
810 4720 905 4774 sed
939 4719 1205 4775 Christum
1244 4722 1556 4791 cruciﬁxum
1588 4739 1605 4777 :
1637 4708 1743 4778 non
1780 4733 1969 4779 contra

399 4808 601 4862 faciens
629 4826 791 4879 quam
823 4812 1009 4880 jussus
1038 4820 1174 4876 erat,
1205 4813 1300 4867 sed
1344 4815 1597 4869 eumdem
1640 4830 1760 4869 esse
1791 4815 1970 4870 sciens

397 4911 449 4953 et
492 4901 697 4965 Jcsum,
731 4911 785 4956 et
825 4902 1128 4968 Christum,
1163 4915 1219 4958 et
1269 4906 1581 4969 Dominum,
1613 4915 1667 4960 ct
1713 4907 1972 4977 Unigeni-

397 5001 535 5052 tuan,
579 4999 632 5041 et
661 4991 833 5043 Deum
857 4992 1116 5045 Verbum.
1165 4994 1458 5062 PrOpterea
1488 4995 1726 5049 scribere
1759 4996 1825 5049 ad
1865 4997 1972 5049 Ro-

399 5093 588 5132 manos
625 5079 837 5150 1264
875 5080 1144 5150 incipiens
1172 5097 1389 5134 servum
1423 5098 1480 5136 se
1515 5083 1807 5152 appellavit
1839 5085 1966 5138 Jesu

393 5170 620 5235 Christi,
658 5170 903 5238 dixitque
941 5190 952 5223 :
994 5192 1009 5220 ‹
1043 5182 1382 5242 segregatum
1424 5189 1481 5227 se
1511 5172 1679 5226 fuisse
1712 5175 1764 5228 in
1794 5174 1958 5228 Evan-

395 5263 595 5329 gelium
643 5262 760 5326 Dei,
787 5262 931 5333 quod
986 5274 1110 5319 ante
1167 5265 1490 5334 promiserat
1538 5281 1634 5332 per
1672 5267 1967 5338 prophetas

395 5367 524 5406 suos
550 5355 606 5408 in
638 5354 938 5424 Scripturis
971 5357 1174 5410 sanctis
1213 5356 1278 5409 de
1318 5356 1452 5410 Filio
1487 5357 1625 5426 ejus,
1664 5357 1756 5426 qui
1789 5357 1964 5412 factus

469 5507 513 5535 ³³
553 5507 692 5560 Psal.
726 5525 783 5571 ιι,
810 5511 862 5572 6,
889 5511 940 5564 8.

398 5576 442 5619 "
471 5576 706 5646 Philipp.
739 5595 778 5642 ι,
807 5581 899 5648 21,

1019 5512 1061 5541 ³⁷
1099 5511 1239 5565 Psai.
1275 5530 1330 5573 ιι,
1369 5513 1412 5565 ι.

975 5582 1016 5612 ⁸³
1045 5581 1063 5635 1
1089 5583 1216 5634 Cor.
1244 5600 1299 5648 ιι,
1324 5584 1375 5636 2.
1457 5583 1498 5614 ⁵⁸
1523 5583 1543 5636 I
1566 5583 1688 5636 Cur.
1719 5585 1865 5647 1,25.

472 5735 584 5813 ﬁt)
617 5733 710 5792 xc),
752 5735 841 5787 τοῦ
903 5737 1105 5810 Κυρίου
1147 5737 1301 5806 ἡμῶν
1345 5738 1518 5809 Ἰησοῦ
1583 5740 1817 5810 Χριστοῦ
1862 5741 2026 5810 Neap.

1493 5512 1536 5542 ³⁸
1575 5512 1763 5566 Matth.
1794 5530 1902 5578 va,
1941 5515 2020 5568 l6.
2090 5514 2134 5544 ³⁹
2161 5516 2292 5569 ibid.
2331 5519 2408 5571 l8.

1944 5586 1988 5616 ⁸⁵
2017 5586 2189 5640 Galat.
2221 5603 2255 5652 ι,
2288 5587 2365 5641 lii.

2077 4535 2176 4605 μὲν
2207 4534 2548 4605 κηρύττομεν
2575 4536 2666 4589 τὸν
2699 4536 2848 4601 Υίὸν,
2887 4537 3022 4591 ἀλλὰ
3055 4540 3312 4605 Χριστὸν
3348 4540 3658 4609 ἐσταιιρωο

2069 4628 2282 4696 μένωνα
2306 4629 2404 4680 οὐκ
2438 4629 2654 4682 ἐναντία
2685 4629 2852 4683 ποιῶν
2885 4624 2965 4694 οἷς
2992 4631 3360 4703 προσετάχθη,
3393 4633 3536 4686 ἀλλὰ
3569 4638 3661 4688 τοι

2073 4717 2234 4770 αὐτὸν
2271 4716 2424 4782 εἰδὼς
2475 4719 2567 4772 καὶ
2608 4719 2815 4791 Ἰησοῦν
2842 4761 2856 4784 ,
2890 4722 2982 4774 καὶ
3011 4722 3265 4791 Χριστὸν,
3292 4725 3386 4776 καὶ
3420 4725 3660 4793 Κύριον,

2074 4815 2166 4867 καὶ
2197 4814 2496 4883 Μονογενῆ.
2529 4817 2624 4866 καὶ
2657 4814 2787 4867 Θεὸν
2813 4815 3002 4884 Λόγον.
3034 4815 3236 4869 Τούτου
3265 4818 3327 4888 δὴ
3363 4820 3527 4888 χάριν
3565 4823 3664 4873 καὶ

2083 4904 2373 4974 Ῥωμαίοις
2413 4905 2647 4978 γράφειν
2673 4907 2999 4977 ἀρξάμενος,
3025 4909 3208 4962 δοῦλον
3230 4910 3418 4964 ἑαυτὸν
3441 4913 3660 4982 ὠνόμαο

2072 5013 2160 5048 σεν
2210 4997 2380 5066 Ἰησοῦ
2412 4998 2670 5069 Χριστοῦ.
2708 4995 2844 5052 Εἷπε
2871 4999 2948 5060 δὲ,
2991 5021 3006 5051 ι
3031 5002 3336 5073 ἀφωρίσθαι
3371 5004 3450 5066 εἰς
3478 5004 3662 5070 E517-

2069 5088 2246 5156 γέλιον
2275 5089 2409 5141 Θεοῦ
2436 5131 2448 5153 ,
2493 5091 2520 5142 ὃ
2563 5094 3036 5162 προεπηγγείλατο
3082 5093 3172 5146 διὰ
3204 5094 3310 5146 τῶν
3353 5096 3665 5164 προφητῶν

2068 5181 2231 5233 αὑτοῦ
2260 5181 2316 5232 ὲν
2356 5183 2597 5253 Γραφαῖς
2641 5183 2827 5252 ἁγίαις
2874 5188 3001 5254 περὶ
3032 5186 3124 5239 τοῦ
3162 5187 3288 5239 Υίοῦ
3331 5186 3518 5250 αὐτοῦ,
3559 5190 3664 5241 τοῦ

2074 5274 2364 5342 γενομένου
2399 5276 2460 5325 ἐκ
2490 5276 2802 5344 σπέρματος
2824 5278 2985 5329 Δαϐὶδ
3019 5278 3158 5330 κατὰ
3184 5278 3380 5348 σάρκα,
3407 5277 3502 5332 τοῦ
3533 5283 3654 5349 ὀρε-

2076 5362 2290 5425 σοέντος
2320 5364 2449 5416 Υίοῦ
2472 5364 2605 5417 Θεοῦ
2634 5367 2690 5417 ἐν
2715 5366 2962 5437 δυνάμει,
2997 5386 3011 5416 ι
3036 5369 3127 5420 καὶ
3152 5368 3220 5421 τὰ
3251 5369 3398 5439 ἑξῆς·
3427 5370 3538 5421 Καὶ
3566 5371 3663 5423 τὸν

2489 5521 2527 5550 ”⁰
2568 5521 2744 5576 lCor.
2777 5539 2865 5590 ιιι,
2908 5523 3002 5588 10,
3037 5525 3120 5578 ll.
3199 5524 3238 5556 “
3268 5523 3442 5579 Galal-
3469 5539 3528 5587 ηι
3569 5524 3657 5577 19-
