3962 6204
338 324 469 389 1397

1632 328 1993 390 EPISTOLA
2024 326 2267 403 CXLVI.

3439 320 3576 386 1398

334 430 496 485 αὐτὸν
529 430 752 485 ἐκάλεσε
782 431 873 484 καὶ
911 430 1118 503 Ἰησοῦν
1138 433 1392 506 Χριστὸν,
1421 433 1515 487 καὶ
1534 433 1651 486 υἱδν
1678 433 1771 487 τοῦ
1798 435 1901 485 Δα-

2016 442 2086 488 est
2107 449 2175 487 ex
2194 431 2404 487 semine
2435 430 2658 487 Davidis
2687 428 2987 486 secundum
3013 443 3233 484 carnem
3259 444 3274 483 :
3311 426 3407 499 qui
3438 445 3578 498 pra:—

334 522 442 586 6‘26,
476 512 724 575 καῖΥίὸν
756 521 849 575 τοῦ
883 523 1019 576 Θεοῦ
1041 563 1054 587 ,
1101 524 1177 588 ὡς
1202 523 1335 577 Θεὸν
1362 525 1458 578 xal
1488 525 1598 577 τῶν
1635 524 1776 577 ὅλων
1806 524 1903 575 Δε-

337 613 560 682 σπότην.
597 612 707 665 Καὶ
751 613 934 682 μέντοι
976 615 1079 667 κάν
1112 613 1188 685 τῷ
1239 614 1388 685 μέσῳ
1431 615 1531 683 τῆς
1579 613 1903 681 Ἐπιστολῆς

348 704 612 758 Ἰουδαίων
648 705 1048 776 μνημονεύσας,
1093 707 1373 778 ἐπήγαγεν
1397 723 1409 735 ·
1452 724 1470 756 ι
1506 702 1609 759 Ὧν
1646 707 1697 759 oi.
1734 705 1904 759 πατέ-

336 809 447 865 ρες,
478 791 538 858 ἐξ
561 787 636 847 ὧν
658 797 687 847 6
714 794 948 867 Χριστὸς
976 796 1036 848 τὸ
1066 796 1206 849 κατὰ
1242 796 1419 867 σάρκα
1446 835 1461 859 ,
1491 798 1518 849 6
1548 796 1623 849 ὢν
1645 796 1739 848 ἐπὶ
1770 796 1905 849 πάν-

331 900 441 938 των
471 885 605 949 Θεὸς
649 885 938 956 εὐλογητὸς
992 888 1072 949 εἰς
1108 888 1232 951 τοὺς
1283 887 1485 951 αίῶνας
1522 889 1633 940 τῶν
1668 886 1901 953 αἰώνων,

348 976 539 1046 Ἀμήν.
572 996 591 1029 ι
637 978 745 1030 Kal
787 978 879 1030 τὸν
921 978 1080 1030 αὐτὸν
1134 978 1276 1032 κατά
1314 979 1490 1050 σάρκα
1533 980 1631 1049 μὲν
1660 978 1719 1043 ἐξ
1775 980 1906 1032 Ἰου-

333 1066 500 1119 δαίων
528 1067 630 1137 ἔφη
666 1067 923 1136 κατάγειν
943 1068 1004 1121 τὸ
1033 1070 1211 1136 γένος,
1257 1067 1472 1122 αἰώνιον
1498 1069 1554 1122 δὲ
1584 1064 1721 1121 εἶναι
1749 1068 1900 1133 Θεὸν,

334 1156 431 1209 καὶ
454 1157 670 1210 πάντων
712 1158 850 1228 ὁμοῦ
876 1158 984 1212 τῶν
1014 1159 1257 1229 γενητῶν
1293 1159 1569 1230 Δεσπότην
1614 1162 1764 1229 παρά
1795 1160 1904 1212 τῶν

335 1248 693 1319 εὐγνωμόνων
741 1250 1099 1320 ὑμνούμενον.
1163 1251 1275 1320 Τὴν
1313 1249 1483 1319 αὐτὴν
1504 1250 1560 1303 δὲ
1604 1250 1736 1319 ἡμῖν
1759 1250 1906 1312 διδα-

336 1339 565 1392 σκαλίαν
607 1343 979 1411 προσήνεγκεν
1011 1341 1108 1395 καὶ
1145 1341 1213 1393 δι’
1253 1335 1329 1395 ὧν
1371 1339 1448 1410 τῷ
1478 1340 1767 1413 θαυμασίῳ
1814 1341 1904 1409 γέ-

333 1447 510 1500 γραφε
541 1430 703 1501 Τίτῳ.
741 1453 760 1485 ι
794 1434 1220 1505 Προσδεχόμενοι
1263 1435 1388 1505 γὰρ,
1420 1436 1572 1504 φησὶ,
1600 1437 1698 1504 τὴν
1729 1454 1906 1506 μακα-

335 1523 456 1593 ρίαν
476 1523 683 1588 ἐλπίδα,
715 1527 808 1578 καὶ
837 1528 1162 1594 ἐπιφάνειαν
1201 1528 1301 1597 τῆς
1346 1526 1506 1597 δόξης
1524 1527 1617 1580 τοῦ
1667 1527 1903 1597 μεγάλου

332 1612 467 1667 Θεοῦ
501 1616 593 1667 καὶ
625 1616 876 1688 Σωτῆρος
901 1617 1060 1687 ἡμῶν
1096 1616 1271 1689 Ἰησοῦ
1312 1618 1571 1688 Χριστοῦ.
1613 1636 1633 1670 ι
1671 1619 1782 1671 Kal
1814 1619 1905 1671 τὸν

332 1699 495 1753 αὑτὸν
549 1703 646 1756 καὶ
682 1705 943 1777 Σωτῆρα,
997 1706 1090 1760 καὶ
1131 1700 1306 1776 μέγαν
1358 1707 1511 1772 Θεὸν,
1566 1709 1665 1760 καὶ
1700 1707 1907 1776 Ἰησοῦν

333 1791 570 1863 Χριστὸν
602 1795 1033 1867 προσηγόρευσε.
1069 1799 1177 1849 Καὶ
1209 1796 1445 1867 ἀλλαχοῦ
1468 1812 1491 1841 ι
1525 1815 1543 1848 ι
1589 1798 1681 1850 Ἑν
1700 1801 1767 1868 τῇ
1809 1798 1906 1868 βα-

337 1882 513 1954 σιλείᾳ
538 1886 630 1938 τοῦ
654 1887 891 1956 Χριστοῦ
928 1889 1024 1941 καὶ
1054 1888 1211 1942 Θεοῦ.
1257 1908 1274 1941 ι
1311 1890 1420 1941 Kal
1449 1887 1632 1959 μέντοι
1664 1890 1756 1943 καὶ
1797 1893 1911 1954 τοῖς

336 1974 590 2043 ποιμέσιν
618 1978 645 2027 6
673 1976 779 2029 τῶν
804 1977 1048 2047 ἀγγέλων
1082 1979 1185 2048 ἔφη
1214 1979 1401 2049 χορός’
1444 2000 1463 2032 ι
1509 1980 1640 2034 Ἰδοὺ
1666 1980 1911 2036 τίκτεται
1956 1984 1969 1991 ’

337 2064 467 2136 ὑμῖν
493 2070 729 2137 σήμερον
760 2070 995 2141 Χριστὸς
1028 2071 1231 2143 Κύριος
1254 2073 1311 2123 ὲν
1335 2072 1485 2126 πόλει
1519 2072 1701 2127 Δαὸίδ.
1746 2094 1763 2125 ι

422 2327 582 2383 Ἀλλὰ
620 2331 731 2402 γὰρ
776 2332 1047 2401 παρέλκον
1098 2334 1280 2397 πάσας
1323 2334 1422 2397 τὰς
1469 2334 1724 2399 τοιαύτας
1772 2350 1917 2405 μαρ-

335 2421 527 2491 τυρίας
560 2421 676 2491 (29.)
704 2423 929 2494 ἀνδράσι
951 2426 1183 2493 γράφειν
1216 2429 1328 2489 τοῖς
1356 2426 1655 2496 μελετῶσιν
1678 2428 1735 2479 ἐν
1767 2427 1915 2497 νόμῳ

338 2513 542 2583 Κυρίου
586 2513 799 2584 ἡμέρας
861 2517 956 2569 καὶ
1006 2518 1239 2581 νυκτόςο
1296 2519 1579 2589 ἀποχρῶσί
1633 2536 1694 2571 τε
1753 2514 1914 2573 αὗται

339 2604 521 2655 πεῖσαι
555 2603 814 2666 καὶτοὺς
863 2603 1004 2672 ἄγαν
1060 2604 1554 2668 δυσπειθεστάτους
1606 2605 1708 2669 τὰς
1762 2606 1921 2670 Θείας

340 2694 417 2765 μὴ
475 2693 718 2764 μερίζειν
775 2697 1167 2767 προσηγορίας.
1242 2698 1448 2751 Ἐκεῖνο
1491 2697 1677 2768 μέντοι
1736 2716 1916 2770 παρα-

338 2786 518 2840 λιπεῖν
557 2787 656 2840 οὕκ
692 2787 976 2856 ἀνέξομαι.
1029 2787 1168 2839 Φασὶ
1216 2787 1327 2857 γὰρ
1378 2788 1542 2840 αὐτὸν
1601 2788 1915 2859 εἰρηκέναι,

341 2878 599 2947 χριστοὺς
656 2876 757 2946 μὲν
823 2873 964 2930 εἶναι
1003 2876 1250 2939 πολλοὺς,
1302 2876 1431 2930 Υἱὸν
1483 2876 1540 2930 δὲ
1580 2877 1695 2930 ἕνα.
1745 2878 1918 2932 Τοῦτο

338 2966 398 3020 δὲ
460 2967 520 3035 ἐξ
581 2967 805 3036 ἀγνοίας
872 2967 1033 3023 αὑτὸν
1090 2967 1367 3039 ὑπείληφα
1431 2968 1792 3038 πλημμελεῖν.
1853 2971 1914 3024 Et

342 3057 452 3129 γὰρ
510 3058 607 3130 τὴν
655 3057 806 3113 θείαν
868 3058 1078 3127 ἀνέγνω
1131 3058 1354 3128 Γραφὴν
1379 3096 1396 3121 ,
1441 3058 1672 3127 ἐγνώκει
1717 3059 1784 3113 ἂν
1835 3060 1913 3121 ὡς

344 3150 438 3204 καὶ
480 3151 580 3220 τὴν
623 3150 716 3202 τοῦ
752 3150 881 3202 Υίοῦ
927 3149 1302 3220 προσηγορίαν
1354 3149 1570 3212 πολλοῖς
1614 3150 1714 3219 μὲν
1745 3149 1912 3221 (23)6

345 3240 717 3313 μεγαλόδωρος
738 3242 1013 3311 Δεσπότης
1035 3239 1353 3310 δεδώρηται.
1387 3241 1630 3308 Μωῦσῆς
1678 3241 1777 3310 μὲν
1806 3242 1917 3312 γὰρ

341 3336 370 3388 6
405 3333 723 3405 νομοθέτης,
772 3337 801 3388 6
843 3334 942 3402 τὴν
1001 3332 1237 3386 παλαιὰν
1292 3331 1532 3400 ἱστορίαν
1573 3334 1914 3404 συγγράψας,

344 3426 506 3495 φησίν
525 3444 538 3457 ο
574 3446 593 3479 ι
628 3425 852 3488 Ἰδόντες
874 3427 921 3477 οἱ
947 3426 1051 3477 υἱοὶ
1071 3423 1164 3477 τοῦ
1201 3422 1334 3475 Θεοῦ
1365 3423 1462 3485 τὰς
1489 3422 1796 3493 θυγατέρας
1809 3425 1918 3479 τῶν

341 3516 669 3587 ἀνθρώπων,
703 3516 784 3568 ὅτι
817 3514 977 3568 καλαί
1010 3516 1168 3577 εἰσιν,
1215 3513 1406 3567 ἐλαῦον
1442 3514 1628 3577 αὐτοῖς
1654 3515 1712 3580 ἐξ
1740 3515 1919 3569 αὐτῶν

344 3611 628 3677 γυναῖκας.
664 3625 682 3658 ι
730 3606 900 3668 Αὐτὸς
933 3606 989 3659 δὲ
1030 3608 1058 3660 6
1091 3605 1202 3660 τῶν
1234 3606 1372 3659 ὅλων
1394 3606 1526 3670 Θεὸς
1563 3607 1699 3676 πρὸς
1729 3606 1918 3662 τοῦτον

345 3702 447 3770 ἔφη
478 3701 569 3754 τὸν
603 3701 891 3771 Προφήτην
912 3716 927 3729 “
961 3720 979 3752 ι
1003 3701 1137 3754 Εἰπὲ
1168 3700 1305 3771 πρὸς
1338 3701 1567 3770 Φαραώ·
1606 3702 1732 3765 Υἱὸς
1766 3718 1916 3773 πρω-

342 3792 562 3854 τότοκος
614 3808 713 3861 μου
749 3792 982 3864 Ἰσραήλ.
1009 3811 1028 3843 ι
1067 3792 1181 3846 Κάν
1209 3795 1273 3863 τῇ
1314 3792 1434 3864 pagg
1471 3793 1526 3845 δὲ
1561 3796 1626 3863 τῇ
1662 3792 1875 3866 μεγάλῃ
1898 3809 1914 3825 '

353 3904 372 3937 ι
398 3884 776 3956 Εὐφράνθητε,
810 3886 998 3955 φησιν,
1040 3884 1189 3957 ἔθνη.
1238 3886 1376 3955 μετὰ
1425 3888 1521 3940 τοῦ
1560 3887 1690 3940 λαοῦ
1724 3888 1916 3952 αὐτοῦ,

348 3976 442 4030 καὶ
493 3978 931 4047 ἐνισχυσάτωσαν
972 3976 1120 4048 αὐτῷ
1157 3977 1357 4040 πάντες
1398 3978 1507 4032 υἱοὶ
1561 3977 1719 4032 Θεοῦ.
1749 3998 1768 4031 ι
1820 3979 1919 4033 Διά

345 4068 402 4122 δὲ
445 4069 665 4124 Ἡσαΐου
699 4070 793 4123 τοῦ
826 4071 1106 4142 προφήτου
1156 4070 1353 4139 φησίψ
1408 4090 1425 4122 ι
1451 4071 1615 4135 Υίοῦς
1656 4072 1920 4142 ἐγέννησα

345 4162 442 4217 καὶ
493 4161 704 4232 ῦψωσα,
743 4164 897 4216 αὐτοὶ
928 4162 985 4216 δέ
1028 4180 1095 4233 με
1147 4162 1440 4234 ἠθέτησαν.
1469 4182 1488 4215 ι
1548 4165 1659 4218 Kal
1691 4164 1780 4218 διὰ
1821 4165 1916 4219 τοῦ

344 4256 743 4327 τρισμακαρίου
793 4255 994 4309 Δαϐίδ’
1062 4273 1080 4306 ι
1122 4254 1283 4323 Ἐγὼ,
1337 4256 1522 4325 φησὶν,
1577 4251 1741 4309 εἷπα’
1794 4256 1919 4311 Θεοί

344 4347 492 4407 ὲστε,
541 4346 634 4399 καὶ
685 4346 791 4398 υίοὶ
833 4344 1092 4414 Ὑψίστου
1145 4343 1364 4406 πάντες.
1393 4362 1411 4394 ι
1467 4344 1525 4396 ’0
1551 4344 1609 4397 δὲ
1646 4346 1920 4414 «aveo-,3;

2005 522 2314 578 destinatus
2360 532 2446 578 est
2508 522 2677 577 Filius
2731 522 2826 576 Dei
2872 522 2927 576 in
2969 520 3173 576 virtute
3206 520 3271 584 “,
3313 540 3330 571 ι
3366 530 3578 590 etquae

2005 620 2334 683 sequuntur.
2357 613 2734 683 Eumdemqne
2757 612 2971 667 vocavit
2998 620 3054 666 et
3073 611 3256 666 Jesum
3271 608 3576 673 Christum,

2005 712 2062 760 et
2093 705 2265 759 tilium
2300 704 2540 769 Davidis,
2574 712 2630 759 et
2661 703 2857 758 Filium
2878 702 2997 767 Dei,
3021 703 3169 757 velut
3191 703 3363 757 Deum
3393 708 3449 755 et
3468 701 3580 755 Do-

2007 798 2217 852 minum
2261 796 2665 852 universorum.
2701 796 2808 851 Sed
2857 805 2915 851 et
2977 796 3031 849 in
3080 794 3260 849 medio
3297 793 3578 863 Epistolas,

2006 904 2131 944 cum
2184 888 2400 943 Iudaeos
2444 896 2944 964 commemorasset,
2968 885 3242 957 subjecit:
3282 903 3300 935 ι
3334 883 3577 949 Quorum

2007 988 2210 1049 patres,
2247 995 2315 1034 ex
2370 979 2572 1049 quibus
2605 987 2689 1032 est
2729 976 2980 1032 Christus
3012 975 3312 1032 secundum
3334 978 3578 1037 Carnem,

2006 1071 2101 1140 qui
2133 1080 2216 1125 est
2242 1085 2407 1140 super
2435 1069 2619 1124 omnia
2649 1070 2794 1123 Deus
2816 1067 3140 1122 benedictus
3166 1066 3220 1119 in
3245 1065 3443 1120 smeula
3480 1079 3580 1120 saa-

2007 1162 2277 1215 culorum.
2305 1160 2477 1215 Amen
2501 1161 2568 1213 ⁸⁷.
2603 1179 2620 1211 ι
2652 1160 2719 1214 Et
2742 1158 2998 1213 eumdem
3029 1157 3333 1212 secundum
3352 1170 3577 1212 carnem

2008 1252 2227 1321 quidem
2267 1266 2335 1306 ex
2365 1251 2569 1306 Judaais
2615 1265 2788 1320 genus
2824 1249 3027 1304 ducere
3054 1249 3150 1314 ait,
3184 1247 3580 1316 sempiternum

2008 1352 2191 1397 autem
2234 1356 2354 1396 esse
2392 1343 2584 1405 Deum,
2613 1341 2970 1411 omniumque
3026 1341 3187 1395 simul
3232 1339 3581 1394 conditorum

2010 1435 2298 1488 Dominum
2344 1448 2373 1486 a
2398 1447 2508 1486 non
2554 1432 2782 1502 ingratis
2827 1432 3116 1487 celebrari.
3146 1431 3409 1485 Eamdem
3442 1445 3581 1501 quo-

2010 1542 2115 1595 que
2148 1525 2309 1578 nobis
2337 1524 2643 1578 doctrinam
2674 1524 2927 1593 exposuit
2956 1523 3011 1576 in
3046 1522 3112 1576 iis
3140 1538 3261 1591 quae
3293 1522 3418 1575 Tito
3449 1520 3586 1575 seri-

2011 1618 2119 1689 psit
2155 1635 2167 1673 :
2203 1636 2221 1667 ι
2260 1616 2653 1684 Exspectantes
2702 1614 2916 1668 beatam
2950 1629 3127 1682 spem,
3179 1622 3234 1667 et
3286 1613 3583 1671 adventura

2011 1710 2197 1781 gloriae
2231 1708 2410 1777 magni
2463 1706 2557 1760 Dei
2593 1715 2649 1759 et
2694 1705 2995 1759 Salvatoris
3042 1704 3215 1758 nostri
3262 1704 3391 1759 Jesu
3425 1700 3588 1756 Chri-

2013 1803 2083 1856 sti
2113 1801 2183 1854 ⁸⁸.
2215 1820 2232 1850 ι
2284 1800 2660 1868 Eumdemque
2711 1808 2766 1853 et
2818 1797 3177 1859 Salvatorem,
3224 1805 3279 1850 et
3329 1808 3584 1863 magnum

2012 1895 2206 1956 Deum,
2236 1902 2290 1947 et
2314 1892 2499 1947 Iesum
2535 1890 2816 1945 Christum
2845 1887 3149 1942 nominavit
3178 1904 3190 1938 :
3217 1893 3271 1941 et
3292 1885 3399 1939 alio
3424 1885 3581 1939 loco:

2021 2003 2039 2033 ι
2068 1984 2129 2038 In
2174 1997 2342 2053 regno
2375 1980 2576 2035 Christi
2600 1987 2657 2034 et
2689 1981 2705 1998 ⁶
2728 1979 2825 2034 Dei
2852 1980 2916 2032 ‘9.
2954 1998 2971 2029 ι
3007 1977 3150 2044 Quin
3187 1983 3244 2030 et
3276 1976 3587 2045 pastoribus

2013 2090 2233 2145 quoque
2275 2073 2593 2144 angelorum
2624 2072 2828 2125 chorus
2859 2070 2998 2125 dixit
3026 2087 3039 2123 :
3074 2088 3092 2120 ι
3133 2069 3274 2123 Ecce
3315 2077 3475 2122 natus
3503 2077 3587 2122 est

2013 2167 2171 2221 vobis
2218 2165 2382 2220 hodie
2428 2164 2683 2219 Christus
2724 2162 2990 2217 Dominus
3035 2161 3091 2215 in
3150 2159 3371 2215 civitate
3419 2158 3586 2213 Davi-

2015 2260 2101 2314 dis
2125 2260 2193 2313 5°.
2224 2278 2241 2309 ι
3600 2248 3603 2253 ’

2086 2352 2474 2407 Verumtamen
2527 2363 2997 2421 supervacaneum
3033 2353 3119 2402 est
3166 2346 3350 2401 omnia
3394 2345 3589 2416 hujus»

2016 2445 2160 2499 modi
2205 2444 2517 2499 testimonia
2550 2444 2791 2497 scribere
2817 2441 2950 2495 viris
2974 2439 3067 2510 qui
3113 2439 3168 2492 in
3213 2439 3331 2507 lege
3370 2436 3588 2491 Domini

2015 2534 2351 2588 meditantur
2375 2533 2464 2588 die
2497 2549 2561 2588 ac
2588 2541 2749 2587 nocte
2774 2550 2786 2585 :
2814 2530 3200 2601 sufﬁciamque
3235 2530 3340 2585 ista
3372 2536 3433 2583 ut
3465 2543 3591 2598 per-

2013 2623 2278 2678 suadeant
2307 2622 2394 2676 vel
2425 2623 2661 2676 maxime
2700 2621 3100 2690 pertinacibus,
3135 2636 3205 2675 ne
3244 2618 3459 2689 divinas
3490 2633 3590 2687 ap-

2012 2712 2337 2784 pellationes
2359 2710 2623 2766 diﬁdant.
2645 2710 2763 2764 Hoc
2790 2709 3012 2778 quidem
3048 2723 3179 2763 sane
3218 2721 3326 2762 non
3351 2704 3593 2760 adducar

2014 2810 2077 2856 ut
2110 2798 2546 2870 praetermittam.
2571 2798 2739 2853 Aiunt
2771 2797 2980 2868 1265
3017 2796 3165 2851 enim
3202 2795 3356 2850 illum
3387 2794 3593 2849 dixisse

2016 2891 2253 2945 christos
2298 2890 2522 2960 quidem
2575 2905 2697 2945 esse
2735 2889 2960 2961 multos,
3002 2887 3098 2943 sed
3156 2902 3328 2941 unum
3369 2885 3590 2941 Filium.

2014 2982 2169 3049 Quod
2198 2983 2350 3037 illum
2379 2997 2447 3038 ex
2475 2981 2780 3053 ignorantia
2809 2994 3066 3051 peccasse
3097 2979 3358 3034 arbitror.
3378 2978 3511 3034 Nam
3546 2977 3595 3033 si

2014 3072 2256 3128 divinam
2286 3072 2627 3143 Scripturam
2670 3071 2916 3143 legisset,
2964 3070 3131 3126 sciret
3173 3071 3419 3140 profecto
3471 3067 3596 3128 Filii

2015 3177 2236 3233 quoque
2281 3177 2481 3218 nomen
2511 3178 2539 3217 a
2570 3162 2784 3217 liberali
2825 3162 3059 3216 Domino
3097 3161 3365 3216 tributum
3406 3159 3598 3214 multis

2016 3253 2205 3309 fuisse.
2240 3252 2412 3309 Moses
2440 3253 2587 3306 enim
2616 3253 3025 3323 legislatur,qni
3044 3259 3288 3308 veterem
3309 3250 3595 3306 historiam

2018 3344 2345 3414 conscripsit
2380 3362 2394 3397 :
2438 3363 2457 3395 ι
2488 3343 2771 3406 Videntes,
2825 3343 2921 3406 ait,
2959 3342 3052 3396 lilii
3092 3343 3184 3397 Dei
3224 3342 3363 3396 tilias
3414 3342 3596 3397 homi-

2019 3453 2173 3500 num,
2210 3435 2357 3505 quod
2397 3442 2581 3489 essent
2615 3433 2878 3503 pulchrae,
2905 3444 3239 3501 acceperunt
3268 3433 3371 3487 sibi
3397 3447 3598 3488 uxores

2018 3542 2085 3582 ex
2118 3526 2199 3581 eis
2230 3527 2295 3580 ".
2336 3545 2355 3576 ι
2409 3526 2478 3580 Ει
2538 3525 2653 3593 ipse
2708 3523 3094 3577 universorum
3154 3523 3297 3576 Deus
3346 3523 3414 3576 ad
3448 3524 3598 3577 hunc

2021 3620 2200 3687 ipsum
2231 3617 2556 3686 prophetam
2587 3632 2600 3669 :
2632 3634 2650 3664 ι
2686 3614 2866 3679 Dices,
2902 3614 3101 3683 inquit,
3136 3612 3200 3667 ad
3234 3613 3595 3677 Pharaonem,

2020 3710 2191 3765 Filius
2236 3724 2392 3763 meus
2417 3708 2811 3778 primogenitus
2843 3706 3093 3762 Israel".
3130 3724 3149 3756 ι
3191 3705 3260 3759 Et
3301 3705 3358 3758 in
3404 3720 3600 3775 magno

2022 3803 2151 3857 item
2184 3799 2411 3856 Cantico
2443 3818 2456 3852 :
2500 3818 2517 3849 ι
2544 3798 2846 3863 Ιιιειοῐηὶηἰ,
2864 3806 3074 3869 gentes,
3094 3812 3218 3851 cum
3237 3796 3440 3867 populo
3455 3797 3596 3867 ejus,

2019 3905 2075 3951 et
2106 3892 2491 3949 confortentur
2546 3891 2597 3945 ei
2631 3906 2823 3946 omnes
2850 3888 2945 3943 lilii
2979 3888 3075 3943 Dei
3101 3887 3169 3941 ⁸³.
3209 3907 3227 3938 ι
3260 3887 3365 3941 Per
3403 3887 3597 3942 Isaiam

2019 4002 2151 4041 vero
2181 3985 2503 4055 prophetam
2532 3982 2668 4038 dicit
2692 4001 2705 4036 :
2741 4002 2760 4033 ι
2786 3982 2952 4037 Filios
2980 3979 3218 4035 enutrivi
3237 3987 3293 4035 et
3321 3979 3553 4034 exaltavi
3580 3996 3595 4033 :

2019 4076 2123 4146 ipsi
2162 4084 2343 4129 autem
2377 4079 2701 4143 spreverunt
2735 4071 2899 4126 me”.
2934 4071 3051 4149 {Et
3089 4085 3188 4141 per
3221 4070 3598 4126 beatissimum

2020 4167 2280 4223 Davidem
2321 4184 2333 4218 :
2371 4185 2389 4216 ι
2428 4165 2543 4235 Ego
2589 4163 2702 4218 dixi
2742 4181 2754 4215 :
2790 4163 2875 4217 Dii
2923 4163 3079 4226 estis,
3125 4171 3181 4218 et
3243 4160 3339 4215 ﬁlii
3382 4160 3597 4216 Excelsi

2021 4275 2212 4315 omnes
2236 4259 2299 4312 ⁵⁵.
2333 4277 2350 4309 ι
2388 4257 2588 4311 Paulus
2617 4268 2798 4310 autem
2826 4253 3261 4325 sapientissimus
3296 4252 3364 4308 ad
3395 4253 3596 4307 Roma-

2020 4368 2122 4407 nos
2154 4350 2374 4421 scripsit
2422 4350 2480 4403 in
2525 4349 2672 4404 hunc
2711 4347 2934 4403 modum
2964 4364 2978 4400 :
3014 4363 3032 4397 ι
3069 4344 3394 4414 Quicunque
3449 4342 3597 4398 enim

346 4435 559 4499 Παῦλος
601 4435 891 4506 Ῥωμαίοις
920 4434 1019 4506 μὲν
1051 4434 1326 4503 γέγραφεν
1359 4434 1555 4497 οὕτως’
1594 4454 1612 4485 ι
1636 4434 1788 4489 Ὅσοι
1809 4437 1913 4508 γὰρ

2023 4444 2226 4514 Spiritu
2253 4443 2345 4496 Dei
2379 4448 2634 4512 aguntur,
2673 4440 2709 4493 ii
2736 4446 2863 4494 sunt
2901 4437 2997 4491 ﬂlii
3028 4436 3145 4491 Dei.
3176 4435 3297 4490 Non
3323 4432 3470 4489 enim
3503 4447 3596 4487 ac-

348 4525 624 4597 Πνεύματι
675 4526 811 4580 Θεοῦ
858 4527 1103 4594 ἄγονται,
1137 4519 1283 4579 οὗτοί
1320 4526 1458 4578 είσιν
1504 4527 1610 4579 υίοὶ
1650 4526 1805 4580 Θεοῦ.
1842 4528 1916 4580 Οὐ

347 4615 456 4684 γὰρ
488 4615 707 4670 ἐλάϐετε
735 4614 952 4686 πνεῦμα
990 4614 1234 4678 δουλείας
1278 4615 1440 4669 πάλιν
1480 4618 1561 4679 εἱς
1592 4615 1774 4685 φόϐον,
1802 4616 1917 4671 ἀλλ’

346 4704 568 4758 ὲλάὅετε
616 4705 834 4775 πνεῦμα
876 4703 1168 4770 υἱοθεσίας,
1212 4698 1340 4773 ὲνῷ
1396 4704 1706 4775 κράζομεν·
1750 4706 1921 4760 ’Λόὁᾶ

346 4799 376 4850 6
399 4798 610 4869 Πατήρ.
637 4797 778 4852 Αὐτὸ
800 4799 862 4852 τὸ
888 4799 1104 4871 πνεῦμα
1126 4802 1511 4871 συμμαρτυρεῖ
1536 4799 1614 4871 τῷ
1643 4799 1915 4871 πνεύματι

350 4888 524 4960 ἡμῶν,
559 4889 641 4943 ὅτι
684 4890 852 4961 ἐσμὲν
882 4890 1049 4945 τέκνα
1090 4891 1245 4945 Θεοῦ.
1273 4891 1338 4946 Εἰ
1362 4891 1417 4944 δὲ
1441 4891 1630 4955 τέκνα,
1665 4892 1758 4944 καὶ
1786 4891 1916 4961 κληι

350 4980 587 5052 ρονόμοι,
648 4982 977 5054 κληρονόμοι
1028 4983 1127 5052 μὲν
1168 4981 1327 5046 Θεοῦ,
1384 4983 1818 5053 συγκληρονόμοι
1860 4982 1918 5036 δὲ

346 5073 606 5145 Χριστοῦ,
635 5073 795 5146 εἴπερ
834 5076 1249 5146 συμπάσχομεν,
1295 5075 1382 5128 ἵνα
1420 5074 1514 5127 καὶ
1552 5072 1919 5138 συνδοξασθῶ-

352 5182 477 5235 μεν.
496 5183 514 5216 ι
543 5164 814 5228 Γαλάταις
839 5165 896 5218 δὲ
927 5166 1256 5220 ἐπιστέλλων
1293 5164 1466 5227 οὕτως
1487 5164 1593 5236 ἔφη
1620 5183 1633 5197 ·
1667 5185 1685 5216 ι
1716 5167 1836 5219 Ὅτι
1859 5166 1914 5218 δέ

2015 4534 2236 4605 cepistis
2266 4533 2521 4603 spiritum
2542 4528 2826 4586 servitutis
2854 4528 3053 4582 iterum
3092 4526 3146 4580 in
3187 4526 3469 4588 timorem,
3499 4522 3597 4578 sed

2014 4622 2303 4693 accepistis
2315 4620 2567 4690 Spiritum
2578 4616 2972 4688 adoptionis,in
2985 4630 3093 4686 quo
3104 4611 3596 4669 clamamus:Abba

2015 4716 2197 4770 Pater.
2255 4714 2376 4783 Ipse
2428 4711 2655 4783 Spiritus
2701 4708 3075 4764 testimonium
3137 4704 3319 4761 reddit
3379 4704 3597 4775 spiritui

2016 4809 2226 4864 nostro,
2252 4799 2396 4869 quod
2422 4814 2611 4853 sumus
2646 4797 2743 4851 lilii
2764 4798 2880 4852 Dei.
2907 4797 2965 4852 Si
2987 4805 3169 4852 autem
3200 4795 3318 4861 tllii,
3347 4803 3405 4850 et
3427 4795 3599 4849 haere-

2024 4892 2141 4955 des,
2159 4890 2405 4945 hieredes
2429 4889 2655 4959 quidem
2681 4888 2797 4953 Dei,
2822 4887 3134 4944 cohaeredes
3146 4895 3332 4968 autem
3354 4885 3594 4951 Christi;

2019 4983 2063 5037 si
2113 4991 2295 5038 tamen
2352 4979 2748 5051 compatimur,
2798 4988 2860 5034 ut
2902 4986 2959 5034 et
3018 4976 3515 5048 congloriﬁcemur.
3570 4994 3590 5026 ι

2022 5075 2089 5129 Ει
2134 5074 2202 5129 ad
2234 5072 2454 5130 Galatas
2483 5072 2734 5128 scribens
2769 5070 2849 5126 sic
2882 5071 3008 5126 ait:
3047 5088 3066 5121 ι
3098 5068 3368 5136 Quoniam
3412 5075 3595 5122 autem

2019 5166 2153 5221 estis
2206 5166 2325 5229 lilii,
2361 5165 2510 5220 misit
2558 5165 2704 5218 Deus
2736 5161 3000 5232 Spiritum
3037 5160 3159 5215 Filii
3208 5160 3291 5214 sui
3328 5159 3385 5213 in
3423 5156 3589 5214 corda

347 5259 470 5309 ἐστε
500 5256 628 5320 υἱοὶ,
656 5256 1036 5321 ἐξαπέστειλεν
1074 5260 1104 5311 ό
1130 5256 1263 5321 Θεὸς
1295 5256 1358 5311 τὸ
1389 5256 1613 5328 Πνεῦμα
1646 5256 1740 5311 τοῦ
1782 5256 1913 5310 Υἱοῦ

2016 5264 2195 5310 vestra
2221 5255 2587 5310 clamantem:
2622 5253 2777 5308 Abba
2809 5253 2992 5308 Pater.
3035 5249 3221 5320 Itaque
3244 5250 3356 5320 jam
3393 5262 3502 5303 non
3537 5261 3598 5303 es

306 5402 307 5405 η
348 5348 510 5402 αὑτοῦ
539 5350 620 5411 είς
657 5349 755 5412 τὰς
793 5349 1018 5420 καρδίας
1042 5350 1212 5420 ὑμῶν,
1245 5348 1445 5421 κρᾶζον
1471 5364 1484 5380 ο
1524 5348 1695 5402 ’Λεὸᾶ
1737 5349 1765 5402 6
1800 5349 1914 5401 Πα-

426 5505 471 5536 λ⁶
506 5505 662 5560 Rom.
693 5522 730 5568 ι,
768 5507 876 5560 1-4.
987 5502 1033 5535 ³⁷
1072 5504 1229 5558 Rom.
1268 5520 1339 5567 ix,
1399 5506 1449 5559 5.

1504 5472 1509 5479 θ
1563 5505 1608 5536 ιε
1635 5504 1744 5558 Tit.
1781 5519 1838 5567 ιι,
1876 5503 1960 5557 ιδ.

2023 5347 2235 5419 1266
2276 5361 2487 5410 servus,
2529 5344 2626 5401 sed
2665 5343 2830 5399 ﬁlius.
2869 5343 3022 5412 Quod
3046 5343 3091 5398 si
3128 5341 3292 5407 illius,
3319 5349 3376 5396 et
3413 5340 3588 5394 haeres

2073 5499 2117 5532 δν
2145 5500 2344 5570 Ephes.
2380 5517 2434 5564 ν,
2464 5502 2518 5556 5.
2628 5501 2673 5531 ⁵⁸
2704 5499 2836 5554 Luc.
2871 5516 2925 5565 ιι,
2962 5499 3044 5552 ll.
3158 5498 3202 5529 "
3233 5495 3369 5551 Gen.
3437 5508 3510 5561 Vl,
3536 5490 3595 5551 3.
3640 5460 3645 5463 Π

350 5576 394 5607 ³⁸
420 5576 589 5631 Exod.
620 5592 692 5641 iv,
717 5575 807 5630 22.
884 5575 930 5606 ⁵⁸
952 5574 1109 5629 Deut.
1148 5589 1309 5635 xxxii,
1334 5573 1418 5628 43.
1497 5574 1541 5606 ⁸⁵
1574 5574 1676 5629 lsa.
1700 5590 1737 5637 ι,
1759 5574 1816 5627 2.
1897 5574 1913 5605 ⁸

2016 5570 2113 5626 sal.
2151 5586 2325 5633 Lxxxl,
2357 5570 2412 5624 6.

422 5732 532 5805 (2’3)
569 5732 843 5802 συλλέγειν
878 5730 1180 5804 μαρτυρίας
1206 5730 1484 5801 γράφοντα
1516 5733 1626 5794 τοῖς
1675 5729 1842 5800 Neap.

2063 5728 2172 5801 (25)
2212 5726 2310 5799 μέν
2342 5725 2497 5781 abest
2528 5741 2558 5780 a
2587 5724 2757 5797 Neap.
