3962 6204
352 257 483 320 1399

1316 253 1804 314 THEODORETI
1845 253 2180 312 EPISCOPI
2220 252 2577 312 CYRENSIS

3466 243 3610 306 1400

347 365 443 420 Dei
481 377 579 433 per
610 360 796 416 Jesum
828 360 1106 417 Christum
1135 361 1201 413 ".
1224 381 1240 411 ι
1284 361 1486 416 Eadem
1521 362 1684 415 etiam
1735 360 1923 414 docuit

2044 363 2149 432 τήρ.
2189 363 2350 414 Ὥστε
2394 362 2575 414 οὐκέτι
2621 356 2669 412 εἷ
2699 359 2904 420 δοῦλος,
2946 357 3059 410 ἀλλ’
3107 357 3220 418 υἱός
3243 373 3256 384 ο
3286 357 3334 408 εί
3369 355 3425 407 δὲ
3459 355 3606 416 υἱὸς,

348 455 618 523 Ephesios
648 471 660 507 :
693 472 712 504 ι
749 453 886 521 Quia
925 453 980 507 in
1009 453 1300 518 charitate,
1329 453 1527 522 inquit,
1569 451 1924 522 prredestiua-

349 546 430 598 vit
457 558 557 599 nos
585 543 642 599 in
677 543 1028 614 adoptionem
1051 543 1288 598 ﬁliorum
1317 560 1416 613 per
1440 545 1623 599 Jesum
1645 543 1924 598 Christum

351 635 408 689 in
442 635 622 705 ipsum
648 636 716 688 ".
760 655 777 685 ι
813 635 870 689 Si
902 651 1052 705 ergo,
1080 635 1209 704 quia
1243 651 1534 692 commune
1583 645 1668 691 est
1722 653 1925 690 nomen

348 726 576 791 Christi,
613 725 923 796 gloriﬁcare
953 726 1235 781 Christum
1269 744 1378 781 non
1403 737 1618 799 oportet
1646 736 1705 782 ut
1731 729 1925 794 Deum,

351 833 530 887 neque
568 826 627 873 ut
651 818 847 872 Filium
889 818 1042 872 illum
1071 819 1445 882 adorabimus,
1473 821 1602 890 quia
1630 821 1788 874 multi
1822 821 1927 875 hoc

349 926 569 980 quoque
612 925 810 965 nomen
847 910 1030 965 sortiti
1088 919 1235 966 sunt.
1272 913 1340 966 Et
1396 912 1530 982 quid
1585 912 1710 966 dico
1766 911 1928 966 Filii?

350 1001 532 1068 Ipsum
573 999 719 1054 enim
755 1000 850 1054 Dei
888 1015 1089 1054 nomen
1138 1001 1296 1057 multi
1323 1015 1354 1054 a
1402 1002 1516 1056 Deo
1551 1001 1737 1056 datum
1767 1017 1926 1056 acce-

351 1106 501 1160 pere.
547 1108 564 1142 ι
613 1091 758 1144 Deus
800 1090 1029 1145 deorum
1065 1092 1326 1146 Dominus
1367 1091 1586 1147 loeutus
1613 1102 1717 1158 est,
1753 1102 1810 1148 et
1835 1109 1930 1148 vo-

351 1180 496 1236 cavit
546 1189 747 1234 terram
770 1181 837 1235 ⁸’¹.
870 1201 887 1232 ι
939 1183 1004 1236 Ει
1040 1200 1052 1234 :
1095 1202 1113 1234 ι
1154 1183 1266 1253 Ego
1318 1183 1430 1236 dixi
1472 1201 1483 1236 :
1521 1183 1603 1238 Dii
1642 1185 1776 1239 estis
1801 1185 1867 1249 ",
1903 1205 1921 1236 ι

352 1277 369 1294 ⁸
399 1283 452 1328 et
490 1291 504 1326 :
542 1291 560 1325 ι
592 1272 707 1327 Diis
734 1289 842 1327 non
878 1274 1134 1329 detrahes
1166 1276 1230 1328 °°.
1271 1295 1289 1327 ι
1333 1275 1486 1330 Multi
1533 1275 1698 1330 etiam
1744 1277 1927 1330 subri-

353 1365 565 1434 pientes
599 1366 704 1420 hoc
739 1366 844 1420 sibi
879 1366 1210 1421 vocabulum
1248 1365 1619 1421 vindicarunt.
1653 1367 1754 1432 Qui
1780 1369 1927 1421 enim

355 1457 606 1512 homines
660 1457 1001 1526 deceperunt
1046 1457 1320 1512 daemones
1367 1472 1569 1512 nomen
1615 1458 1720 1513 hoe
1771 1459 1932 1513 idolis

355 1549 758 1618 imposuerunt.
783 1546 938 1602 Unde
960 1548 1159 1602 clamat
1179 1549 1448 1604 Jeremias
1474 1569 1487 1606 :
1519 1569 1537 1602 ι
1568 1550 1674 1613 Dii,
1697 1551 1790 1620 qui
1821 1565 1933 1604 ca:-

354 1640 437 1693 los
455 1648 510 1694 et
535 1647 736 1694 terram
778 1655 887 1694 non
923 1639 1192 1704 fecerunt,
1222 1649 1449 1711 pereant
1475 1643 1543 1698 de
1576 1650 1744 1705 terra,
1779 1651 1833 1696 et
1861 1642 1930 1696 de

357 1729 444 1782 his
481 1743 602 1798 qua:
629 1727 732 1782 sub
758 1727 897 1784 ccelo
931 1736 1061 1782 sunt
1087 1729 1152 1783 “.
1186 1747 1205 1780 ι
1238 1729 1308 1784 Ει
1331 1729 1528 1785 iterum
1567 1748 1579 1783 :
1614 1749 1632 1782 ι
1664 1730 1932 1784 Fecerunt
1963 1719 2004 1772 Β

357 1821 459 1877 sibi
490 1821 626 1876 deos
655 1830 966 1890 argenteos,
1013 1828 1069 1875 et
1113 1822 1246 1876 deos
1277 1837 1475 1877 aureos
1490 1824 1554 1876 ⁶¹.
1586 1841 1603 1873 ι
1643 1823 1711 1876 Ει
1743 1823 1931 1886 Isaias,

357 1927 482 1966 cum
532 1911 806 1966 idolorum
839 1922 1170 1968 structuram
1208 1913 1512 1976 derisisset,
1553 1913 1930 1983 dixissetque:

362 2025 380 2056 ι
429 2003 664 2058 Medium
707 2005 828 2075 ejus
878 2004 1183 2060 combussit
1234 2005 1367 2075 igni,
1418 2015 1474 2060 et
1523 2021 1648 2060 cum
1699 2007 1936 2060 coxisset

355 2109 569 2157 carnes,
603 2093 862 2157 comedit,
901 2103 956 2148 et
989 2093 1126 2148 dixit
1157 2115 1168 2147 :
1211 2095 1326 2149 Vah
1371 2095 1667 2149 calefactus
1707 2109 1848 2156 sum,
1879 2102 1935 2147 et

356 2184 466 2238 vidi
503 2184 687 2239 focum
707 2185 784 2251 ⁶³;
821 2205 838 2236 ι
881 2193 997 2238 ιυιιι
1031 2186 1264 2255 subjecit
1295 2203 1307 2238 :
1346 2205 1364 2235 ι
1402 2185 1693 2256 Reliquum
1747 2193 1930 2238 autem

357 2273 476 2342 ejus
498 2272 628 2327 l'ecit
659 2273 824 2327 deum
849 2282 904 2328 et
929 2274 1182 2344 sculptile
1217 2274 1346 2338 sibi,
1375 2282 1432 2328 et
1464 2274 1656 2328 adorat
1677 2274 1810 2328 illud
1847 2273 1934 2326 di-

358 2379 490 2419 cens
513 2382 525 2417 :
551 2364 748 2425 Libera
780 2381 888 2430 me,
921 2366 1050 2435 quia
1083 2365 1222 2419 deus
1263 2381 1421 2420 mens
1443 2382 1502 2421 es
1529 2377 1588 2420 tu
1616 2368 1680 2418 εδ.
1723 2386 1740 2416 ›
1766 2365 1937 2431 Quam

359 2453 430 2508 ob
465 2469 684 2509 causam
709 2453 902 2526 lugens
932 2455 1055 2509 illos
1095 2455 1210 2509 ait:
1247 2475 1263 2506 ι
1303 2456 1454 2510 Scito
1493 2453 1640 2524 quod
1687 2455 1826 2509 cinis
1859 2462 1942 2508 est

360 2559 457 2600 cor
484 2560 678 2599 eorum
698 2547 761 2599 “.
790 2565 806 2597 ι
837 2546 906 2600 Ει
937 2547 1245 2600 carminum
1269 2546 1470 2601 artifex
1508 2546 1676 2600 David
1707 2547 1940 2615 psallere

362 2651 462 2690 nos
487 2633 706 2691 docuit:
729 2655 746 2686 ι
771 2636 1039 2702 Quoniam
1063 2652 1256 2692 omnes
1279 2637 1353 2691 dii
1383 2635 1628 2707 gentium
1649 2633 1938 2698 daemonia,

363 2730 627 2786 Dominus
657 2737 839 2786 autem
864 2731 1033 2785 caelos
1063 2730 1195 2784 fecit
1219 2733 1284 2784 °°.
1320 2751 1337 2782 ›

361 2819 448 2872 διδ
479 2820 701 2888 ψάλλειν
743 2822 891 2894 ἡμᾶς
948 2821 1217 2887 ἐδίδαξεν·

362 2913 632 2984 ἐποίησεν.
655 2933 674 2966 ι

429 3007 702 3070 Ceterum
740 3010 808 3065 iis
839 3010 932 3079 qui
973 3010 1233 3078 pietatem
1267 3011 1451 3063 colere
1505 3016 1710 3061 norunt
1765 3007 1940 3059 nomi—
1967 3010 2008 3064 c

362 3112 494 3152 num
528 3097 888 3164 tequivoeatio
929 3097 1066 3149 nihil
1106 3096 1291 3150 oliieit.
1349 3096 1566 3151 Scimus
1603 3095 1751 3149 enim
1791 3095 1936 3164 quod

362 3187 636 3240 daemones
663 3186 769 3239 sibi
799 3186 932 3254 ipsis
957 3195 1012 3239 ct
1047 3186 1207 3239 idolis
1251 3187 1461 3256 1267
1501 3187 1636 3240 falso
1697 3186 1937 3239 divinam

362 3276 783 3346 appellationem
838 3277 1162 3341 indiderint,
1215 3280 1388 3333 sancti
1431 3295 1563 3333 vero
1589 3279 1736 3332 hunc
1765 3279 1940 3332 hono-

366 3383 481 3424 rem
523 3368 697 3440 gratia
740 3369 850 3424 sint
895 3369 1078 3440 adepti
1116 3388 1128 3424 :
1167 3386 1359 3425 revera
1392 3383 1575 3426 autem
1612 3372 1714 3425 hae
1746 3381 1977 3426 natura'

363 3460 536 3514 Deum
566 3473 688 3514 esse
718 3459 888 3513 Deum
919 3461 1325 3523 universorum,
1359 3469 1414 3514 et
1443 3461 1782 3530 unigenitum
1824 3462 1944 3530 ejus

365 3550 585 3614 Filium,
617 3558 673 3604 et
705 3549 969 3619 Spiritum
1014 3563 1285 3606 sanetum.
1316 3551 1492 3620 Atque
1519 3552 1626 3606 hoc
1657 3552 1943 3621 perspicue

366 3639 777 3700 laudatissimus
800 3641 1004 3695 Paulus
1035 3658 1137 3696 nos
1160 3641 1368 3697 docuit.
1419 3643 1550 3710 Ejus
1589 3642 1736 3695 enim
1778 3641 1943 3695 verba

369 3741 534 3788 sunt:
582 3731 764 3786 oNam
824 3731 926 3786 etsi
984 3741 1114 3786 sunt
1165 3733 1259 3802 qui
1317 3732 1572 3787 dicantur
1625 3733 1701 3787 dii
1761 3733 1940 3798 muiti,

369 3824 482 3878 sive
509 3825 565 3877 in
596 3823 757 3888 cmlo,
783 3824 898 3878 sive
924 3825 977 3878 in
1005 3832 1150 3878 terra
1179 3823 1474 3894 (siquidem
1505 3833 1632 3879 sunt
1658 3825 1733 3879 dii
1763 3825 1942 3891 multi,

369 3923 426 3969 et
457 3913 666 3968 domini
709 3915 910 3986 multi),
941 3916 1099 3970 nobis
1128 3925 1310 3971 tamen
1333 3932 1477 3970 unus
1506 3917 1649 3971 Deus
1673 3918 1854 3972 Pater.
1879 3934 1947 3970 ex

371 4019 480 4074 quo
512 4003 716 4084 omnia,
749 4013 804 4060 et
843 4003 942 4059 nos
977 4005 1032 4060 in
1071 4007 1222 4060 illum
1252 4023 1264 4059 :
1306 4016 1359 4062 et
1395 4022 1537 4061 unus
1557 4006 1821 4061 Dominus
1853 4007 1945 4061 Je-

371 4113 467 4153 sus
497 4097 771 4164 Christus,
795 4113 894 4168 per
913 4115 1076 4168 quem
1102 4101 1308 4164 omnia,
1333 4107 1388 4154 et
1417 4116 1517 4155 nos
1541 4117 1638 4170 per
1665 4101 1817 4155 illum
1843 4103 1938 4154 ετ.»

374 4187 613 4258 Spiritus
643 4203 864 4258 quoque
899 4189 997 4244 Dei
1037 4199 1260 4247 sanctus
1292 4200 1520 4246 vocatur
1557 4192 1818 4262 Spiritus,
1851 4193 1945 4248 sed

373 4288 428 4335 et
487 4279 729 4335 hominis
777 4281 942 4336 etiam
971 4283 1172 4336 anima.
1213 4301 1230 4333 ι
1261 4283 1465 4348 Exibit,
1499 4284 1695 4354 inquit,
1720 4284 1948 4354 spiritus

2023 454 2116 505 καὶ
2159 453 2495 523 κληρονόμος
2535 450 2671 504 Θεοῦ
2722 451 2808 502 διὰ
2851 449 3024 518 Ἰησοῦ
3074 446 3373 517 Χριστοῦ.»
3415 443 3611 496 Ταῦτα

2023 545 2080 596 δὲ
2107 546 2200 596 καὶ
2241 545 2519 614 Ἐφεσίους
2563 543 2803 609 ἐδίδαξεν
2823 559 2834 571 ο
2882 560 2899 592 ι
2941 542 3030 593 Ἐν
3063 540 3250 608 ἀγάπῃ
3277 538 3411 608 γὰρ,
3442 538 3610 604 φησί.

2026 635 2320 707 προορίσας
2366 637 2513 706 ἡμᾶς
2559 637 2636 698 είς
2689 633 2963 687 υἱοθεσίαν
3003 630 3092 684 διὰ
3135 629 3310 700 Ἰησοῦ
3359 626 3612 698 Χριστοῦ

2027 727 2103 788 είς
2130 725 2311 778 αὐτόν.
2339 745 2358 778 ι
2391 727 2454 778 Et
2479 725 2676 786 τοίνυν,
2709 725 2831 776 ἐπεὶ
2855 723 3030 776 κοινόν
3063 723 3180 774 ἐστι
3205 721 3265 772 τὸ
3300 720 3478 787 όνομα
3512 716 3617 769 τοῦ

2027 815 2287 887 Χριστοῦ,
2322 815 2567 880 δοξάζειν
2604 818 2666 869 οὺ
2703 817 2784 868 δεῖ
2838 816 2928 867 τὸν
2959 814 3188 886 Χριστὸν
3218 811 3293 874 ώς
3317 811 3475 870 Θεὸν,
3504 825 3616 878 μη·

2025 908 2082 962 δὲ
2116 907 2191 970 ὡς
2223 907 2350 960 Υίὸν
2379 906 2542 960 αὑτὸν
2575 907 3059 977 προσκυνήσομεν·
3105 901 3290 955 πολλοὶ
3344 899 3456 970 γάρ
3514 899 3616 950 καὶ

2024 997 2180 1050 τοῦδε
2238 997 2529 1068 μετέλαχον
2579 995 2674 1048 τοῦ
2719 995 3002 1064 ὀνόματος,
3049 994 3161 1046 Καὶ
3204 991 3256 1043 τί
3315 990 3463 1057 λέγω
3513 987 3616 1039 τοῦ

2029 1087 2192 1148 Υἱοῦς
2225 1088 2396 1157 αὐτὴν
2429 1088 2537 1156 γὰρ
2574 1086 2672 1157 τὴν
2713 1084 2843 1145 Θεὸς
2882 1083 3253 1154 προσηγορίαν
3288 1079 3478 1133 πολλοὶ
3511 1078 3626 1146 μὲν

2029 1177 2220 1232 ἔλαϐον
2250 1178 2344 1231 τοῦ
2378 1177 2849 1239 Θεοῦδεδωκότος.
2892 1196 2909 1227 ι
2931 1175 3062 1237 Θεὸς
3083 1174 3220 1227 θεῶν
3249 1173 3452 1243 Κύριος
3486 1171 3614 1222 ὲλάο

2029 1272 2180 1342 λησε,
2209 1271 2303 1323 καὶ
2349 1269 2575 1322 ἐκάλεσε
2617 1269 2715 1339 τὴν
2768 1268 2892 1336 γῆν.
2927 1287 2945 1318 ›
3003 1266 3140 1320 Καί·
3207 1285 3224 1316 ι
3260 1263 3400 1332 Ἐγὼ
3433 1263 3577 1315 εἶπα
3605 1278 3622 1290 ο

2032 1363 2153 1415 Θεοί
2201 1365 2344 1415 ἐστε.
2368 1381 2384 1413 ι
2426 1362 2535 1414 Καί
2554 1379 2566 1390 ·
2604 1381 2621 1412 ι
2640 1361 2807 1422 Θεοῦς
2843 1361 2905 1412 οὐ
2931 1359 3341 1429 κακολογήσεις.
3371 1377 3391 1407 ι
3413 1355 3629 1408 Πολλοὶ

2030 1454 2090 1507 δὲ
2131 1454 2228 1507 καὶ
2259 1454 2605 1524 ἁρπάσαντες
2645 1453 2804 1518 τήνδε
2829 1451 2926 1522 τὴν
2957 1451 3149 1519 κλῆσιν
3188 1449 3510 1518 ἐσχήκασιν.
3550 1446 3628 1496 Οἱ

2031 1545 2140 1616 γὰρ
2169 1547 2293 1609 τοὺς
2324 1544 2645 1616 ἀνθρώπους
2684 1544 3134 1612 ἐξαπατήσαντες
3181 1541 3435 1608 δαίμονες
3498 1541 3628 1598 τοῖς

2033 1637 2272 1699 εἰδώλοις
2306 1636 2461 1706 τήνδε
2509 1634 2604 1706 τὴν
2655 1636 3031 1706 προσηγορίαν
3089 1631 3376 1686 ἐπέθεσαν.
3424 1623 3507 1682 Οῦ
3551 1628 3627 1697 δὴ

2031 1728 2191 1798 χάριν
2238 1728 2508 1798 Ἱερεμίας
2539 1727 2668 1798 βοᾷ·
2714 1745 2733 1776 ι
2764 1726 2910 1790 Θεοί,
2943 1727 2993 1779 οἳ
3021 1725 3111 1778 τὸν
3139 1723 3364 1794 οὐρανὸν
3389 1721 3489 1774 καὶ
3515 1721 3629 1789 τὴν

2031 1823 2134 1889 γῆν
2175 1820 2276 1872 οὐκ
2311 1819 2592 1885 ἐποίησαν,
2626 1816 3020 1870 ἀπολέσθωσαν
3048 1815 3158 1868 άπὸ
3187 1811 3481 1883 προσώπου
3513 1808 3632 1876 τῆς

2032 1913 2154 1980 γῆς.
2185 1912 2278 1964 καὶ
2313 1909 2420 1962 ἀπὸ
2463 1910 2757 1980 προσώπου
2794 1908 2888 1960 τοῦ
2923 1905 3172 1978 οὐρανοῦ.
3200 1926 3216 1955 ι
3261 1905 3371 1957 Καὶ
3404 1901 3582 1953 πάλιν
3611 1915 3628 1927 ·

2045 2003 2336 2071 Ἐποίησαν
2381 2001 2593 2062 ἑαυτοῖς
2643 1999 2799 2060 θεοὺς
2848 1995 3124 2068 ἀργυροῦς
3161 1995 3256 2047 καὶ
3288 1992 3445 2053 θεοὺς
3479 2005 3596 2058 χρυ
3619 2019 3636 2027 ο

2037 2095 2186 2158 σοῦς.
2209 2113 2226 2145 ι
2261 2093 2372 2147 Καὶ
2401 2095 2428 2145 ὁ
2463 2092 2690 2154 Ἡσαΐας
2728 2090 3070 2160 κωμῳδὴσας
3103 2089 3202 2156 τὴν
3233 2085 3339 2137 τῶν
3373 2082 3633 2135 εἰδώλων

2036 2185 2419 2254 κατασκευὴν,
2462 2182 2730 2253 εἰρηκὼς,
2770 2183 2853 2234 ὅτι
2905 2181 3018 2233 ιΤὸ
3044 2181 3217 2249 ἥμισυ
3265 2174 3427 2228 αὑτοῦ
3493 2190 3636 2225 κατι

2041 2278 2270 2331 ἑκαυσεν
2301 2278 2358 2327 ὲν
2387 2276 2539 2344 πυρὶ,
2572 2275 2665 2326 καὶ
2700 2273 2944 2342 ὀπτήσας
2976 2269 3140 2340 κρέας
3180 2269 3368 2336 ἔφαγε,
3400 2264 3504 2318 καὶ
3541 2259 3631 2314 εἷ-

2045 2385 2142 2421 πεν
2162 2385 2174 2397 ·
2225 2366 2348 2419 Ἦδύ
2384 2383 2473 2436 μοι
2507 2367 2586 2418 ὅτι
2611 2362 2974 2434 ἐθερμάνθην,
3005 2363 3098 2413 καὶ
3120 2355 3258 2412 εἶδον
3284 2356 3400 2426 φῶς
3421 2394 3438 2418 ,
3465 2374 3486 2405 9
3527 2354 3634 2408 καὶ

2038 2460 2320 2529 ἐπήγαγεο
2385 2477 2403 2508 ι
2426 2458 2498 2509 Τὸ
2549 2456 2607 2508 δὲ
2658 2455 2844 2507 λοιπὸν
2898 2453 3124 2522 ἔγλυψεν
3175 2451 3248 2514 ώς
3296 2448 3452 2509 Θεὸν,
3529 2445 3635 2499 καὶ

2038 2550 2334 2618 προσκυνεῖ
2364 2545 2514 2615 αὑτῷ
2541 2545 2714 2612 λέγων
2735 2562 2748 2575 ·
2799 2544 3011 2608 Ἐξελοῦ
3050 2559 3140 2612 με,
3177 2541 3256 2593 ὃτι
3287 2538 3409 2600 θεός
3432 2554 3548 2606 μου
3579 2529 3640 2586 εἶ

2039 2640 2122 2693 σύ.
2157 2659 2173 2690 ι
2201 2632 2275 2692 Οῦ
2311 2638 2374 2708 δὴ
2399 2639 2561 2708 χάριν
2597 2637 2792 2696 αὐτοὺς
2826 2632 3331 2714 ὀδυρόμενοςμλέγει
3357 2647 3370 2660 ο
3407 2625 3643 2679 (Γνῶθι

2040 2733 2121 2784 ὅτι
2152 2730 2343 2792 σποδὸς
2365 2731 2398 2799 ἡ
2428 2728 2625 2798 καρδία
2661 2728 2862 2782 αὐτῶν.
2897 2729 3007 2780 Καὶ
3031 2729 3058 2779 0
3099 2721 3383 2795 μελοποιὸς
3425 2720 3490 2773 δὲ
3520 2720 3644 2770 Δα-

1302 2824 1469 2877 ιὍτι
1517 2823 1716 2885 ταάντες
1771 2823 1818 2873 οἱ
1896 2820 2010 2874 θεοὶ
2049 2824 2155 2875 τῶν
2217 2823 2385 2876 ἐθνῶν
2444 2822 2716 2892 δαιμόνια,
2753 2824 2782 2874 0
2830 2821 2886 2874 δὲ
2932 2819 3134 2889 Κύριος
3181 2817 3306 2880 τοὺς
3353 2811 3646 2883 οὐρανοὺς

2126 3004 2286 3056 Ἀλλὰ
2323 3005 2384 3056 τὸ
2421 3004 2527 3057 τῶν
2568 3005 2846 3074 ὀνομάτων
2881 3002 3168 3072 ὁμώνυμον
3201 2999 3350 3053 οὐδὲν
3385 3001 3506 3060 τοῖς
3542 3001 3647 3052 εὖ·

2050 3098 2228 3149 σεϐεῖν
2263 3097 2646 3167 ἐπισταμένοις
2688 3096 3028 3165 λυμαίνεται.
3085 3095 3271 3162 Ἴσμεν
3319 3090 3429 3161 γὰρ
3460 3092 3546 3153 ὡς
3586 3093 3646 3143 ot

2047 3192 2298 3261 δαίμονες
2330 3191 2541 3260 ψευδῶς
2579 3191 2760 3260 σφίσιν
2792 3208 2848 3242 τε
2885 3191 3068 3250 αὐτοῖς
3108 3190 3202 3241 καὶ
3240 3189 3354 3251 τοῖς
3379 3186 3644 3249 εἰδώλοις

2048 3280 2148 3352 τὴν
2184 3281 2333 3334 θείαν
2361 3282 2732 3353 προσηγορίαν
2759 3281 3025 3333 ἐπέθεσαν
3050 3298 3062 3312 ’
3092 3281 3140 3333 οἱ
3178 3279 3231 3330 δὲ
3257 3279 3402 3346 ἆγιοι
3437 3277 3644 3347 χάριτι

2049 3373 2253 3441 ταύτην
2296 3372 2542 3437 ἐδέξαντο
2586 3373 2686 3443 τὴν
2719 3373 2916 3444 τιμήψ
2956 3371 3176 3440 ἀληθῶς
3226 3369 3285 3422 δὲ
3329 3370 3423 3422 καὶ
3459 3370 3645 3436 φύσει

2051 3460 2180 3522 Θεὸς
2214 3462 2242 3514 0
2270 3462 2378 3514 τῶν
2415 3461 2552 3515 ὅλων
2581 3463 2734 3525 Θεὸς,
2768 3463 2860 3514 καὶ
2889 3462 2916 3513 0
2947 3460 3241 3529 μονογενὴς
3271 3457 3427 3511 αὑτοῦ
3465 3457 3636 3520 Υἱὸς,

2051 3553 2143 3606 καὶ
2172 3555 2233 3606 τὸ
2267 3553 2530 3622 πανάγιον
2567 3553 2810 3624 Πνεῦμα.
2850 3555 2955 3605 Καὶ
2990 3551 3150 3604 τοῦτο
3191 3550 3369 3619 σαφῶς
3405 3549 3432 3600 0
3475 3565 3635 3599 παν-

2053 3645 2299 3715 εύφημος
2362 3645 2598 3710 ἐδίδαξεν
2653 3647 2802 3715 ἡμᾶς
2853 3644 3079 3705 Παῦλος.
3133 3643 3272 3712 Φησὶ
3304 3641 3360 3692 δὲ
3407 3639 3632 3702 ροτως.

2059 3757 2076 3790 ι
2101 3738 2207 3790 Καὶ
2237 3739 2346 3808 γὰρ
2385 3740 2544 3810 εἴπερ
2575 3741 2680 3792 εἰσὶ
2720 3737 3003 3808 λεγόμενοι
3040 3736 3153 3790 θεοὶ
3193 3735 3394 3799 πολλοὶ,
3432 3735 3550 3786 εἴτε
3578 3736 3648 3785 ἐν

2051 3831 2286 3901 οὐρανῷ,
2323 3832 2432 3884 εἴτε
2475 3833 2568 3884 ὲπὶ
2609 3832 2734 3901 γῆς,
2785 3832 2973 3903 ὥσπερ
3004 3832 3110 3884 εἰσὶ
3151 3830 3262 3882 θεοὶ
3301 3829 3512 3889 πολλοὶ,
3539 3829 3649 3880 καὶ

2054 3923 2234 3992 κύριοι
2276 3923 2483 3989 πολλοὶ,
2520 3921 2636 3977 ἀλλ’
2666 3926 2799 3993 ἡμῖν
2833 3918 2916 3986 εἷς
2940 3923 3072 3984 Θεὸς
3095 3926 3122 3975 ὁ
3151 3920 3358 3989 Πατὴρ,
3384 3919 3446 3982 ἐξ
3471 3914 3538 3972 οῦ
3571 3920 3648 3971 τὰ

2054 4018 2252 4079 πάντα,
2278 4015 2371 4068 καὶ
2401 4017 2563 4084 ἡμεῖς
2590 4017 2668 4078 εἰς
2713 4015 2874 4069 αὐτόν
2904 4015 3015 4084 (9.4)
3037 4031 3050 4044 ο
3077 4015 3168 4066 καὶ
3196 4006 3274 4075 εἷς
3309 4011 3544 4080 Κύριος,
3568 4011 3648 4062 δι’

2053 4100 2112 4160 οῦ
2145 4106 2214 4159 τά
2265 4107 2460 4171 πάντα,
2497 4109 2593 4160 καὶ
2619 4109 2783 4176 ἡμεῖς
2810 4107 2877 4159 δι’
2905 4106 3092 4160 αὐτοῦ.
3122 4125 3138 4156 ι
3174 4105 3284 4158 Καὶ
3315 4101 3558 4172 Πνεῦμα
3581 4103 3648 4156 δὲ

2053 4197 2188 4251 Θεοῦ
2221 4199 2280 4250 τὸ
2310 4200 2574 4265 πανάγιον
2605 4199 2854 4251 καλεῖται
2880 4198 3133 4268 Πνεῦμα·
3169 4195 3306 4251 ἀλλὰ
3342 4196 3437 4248 καὶ
3474 4197 3511 4265 ἠ
3545 4193 3650 4248 τοῦ

2055 4287 2342 4358 ἀνθρώπου
2397 4289 2563 4358 ψυχή.
2639 4308 2656 4338 ι
2694 4288 3071 4352 Ἐξελεῦσεται
3130 4287 3277 4356 γὰρ,
3337 4286 3517 4353 φησὶ,
3580 4286 3654 4338 τὸ

373 4372 495 4444 ejus
539 4372 605 4426 ⁸⁸.
641 4391 658 4424 ι
693 4372 762 4427 Et
792 4389 805 4426 :
860 4391 877 4424 ι
903 4372 1242 4438 Benedicite,
1268 4373 1495 4443 Spiritus
1541 4383 1595 4429 et
1636 4376 1831 4430 anima:
1855 4377 1940 4446 ju-

2054 4378 2276 4448 Πνεῦμα
2317 4379 2542 4432 αὑτοῦ.ι
2589 4381 2730 4432 Καίσ
2790 4400 2808 4430 ι
2838 4381 3143 4447 Εὑλογεῖτε,
3186 4376 3484 4446 πνεύματα
3545 4379 3652 4430 καὶ

374 4473 610 4530 storum,
633 4463 866 4518 Domino
893 4464 992 4516 ‘9.»
1026 4463 1095 4520 Et
1115 4465 1336 4534 angelos
1360 4465 1489 4520 item
1513 4466 1738 4536 spiritus
1764 4467 1954 4537 appel-

375 4553 509 4618 lavit
532 4553 860 4624 hymnorum
883 4554 1138 4610 eonditor
1155 4555 1323 4608 David
1351 4574 1363 4609 :
1399 4575 1416 4606 ι
1447 4554 1550 4624 Qui
1571 4556 1706 4611 facis
1731 4557 1954 4627 angelos

377 4653 503 4698 tuos
541 4644 786 4714 spiritus,
818 4655 876 4701 et
909 4644 1190 4699 ministros
1217 4654 1338 4700 tuos
1361 4645 1633 4700 ﬂammam
1663 4647 1801 4717 ignis
1829 4647 1891 4700 ⁷ο.
1929 4667 1946 4698 ι

379 4733 448 4789 Ει
479 4733 612 4802 quid
644 4735 868 4806 angelos
902 4733 1046 4798 dico,
1074 4743 1130 4789 et
1161 4735 1444 4790 hominum
1468 4737 1718 4792 animas?
1743 4737 1878 4792 Nam
1901 4747 1956 4792 et

379 4823 657 4881 damones
699 4826 780 4882 sic
807 4826 1086 4881 Dominus
1126 4829 1454 4898 appellavit:
1504 4849 1520 4881 ι
1549 4830 1825 4894 Assumet,
1864 4830 1935 4886 in-

380 4917 521 4986 quit,
571 4928 779 4986 septem
831 4918 969 4975 alios
1006 4919 1233 4990 spiritus
1256 4935 1440 4974 secum
1475 4922 1767 4990 nequiores
1794 4938 1872 4986 se,
1899 4932 1954 4976 et

385 5006 765 5076 ingredientur
807 5009 861 5066 in
903 5010 1099 5065 illum:
1132 5018 1189 5064 et
1228 5010 1360 5065 ﬁent
1387 5012 1683 5067 novissima
1716 5013 1955 5066 hominis

385 5099 533 5153 illius
555 5099 738 5169 pejora
769 5101 1052 5170 prioribus
1085 5101 1150 5156 '“.
1182 5121 1201 5153 ι
1240 5101 1346 5156 Sed
1394 5117 1570 5172 neque
1607 5102 1758 5172 pium
1808 5103 1956 5158 lmdit

383 5194 488 5247 ista
516 5191 900 5263 aequivocatio.
923 5194 1077 5253 Unus
1096 5196 1244 5250 enim
1274 5204 1471 5251 natura
1497 5195 1640 5251 Deus
1667 5208 1753 5251 εει
1775 5197 1953 5262 Pater,

458 5372 816 5446 δξβίιὶίὶῐηιν,
843 5375 895 5436 6,
920 5376 970 5428 7.
1049 5377 1092 5407 ⁸⁷
1126 5376 1325 5446 Ephes,
1365 5394 1400 5436 ι,
1438 5377 1489 5430 5,

387 5454 446 5493 x.
475 5439 558 5494 Η.
637 5446 680 5474 ⁸⁸
717 5445 950 5499 Daruch.
987 5462 1036 5498 γι
1062 5485 1074 5506 .
1113 5445 1165 5498 5.

409 5454 446 5516 ξ.
475 5447 558 5516 μ.
601 5447 950 5516 Δξυζηιιιηιριι.
987 5462 1036 5498 v1
1062 5485 1074 5506 .
1113 5447 1165 5498 5.
1248 5448 1290 5478 ⁸³
1318 5447 1418 5500 Isa.
1457 5464 1608 5510 xuv,
1655 5448 1733 5500 l6.

387 5509 439 5570 5,
471 5509 523 5562 6.
599 5510 642 5540 ⁸⁸
678 5513 818 5568 Ρτειὶ.
858 5529 1008 5578 οιιιγ,
1037 5516 1088 5568 «ί.

1166 5516 1207 5545 ⁶⁹
1242 5517 1373 5570 Dan.
1411 5533 1484 5581 ιιι,
1519 5518 1606 5570 56.

1567 5376 1612 5407 ⁵³
1646 5376 1785 5431 Psal.
1821 5393 1962 5437 XLIX,
2001 5377 2047 5430 Ι.

1567 5464 1575 5477 ι
1655 5448 1713 5477 Ill
1817 5449 1858 5477 θ’.
1887 5448 1996 5477 ;ι.;.ι

1683 5448 1733 5500 6.
1817 5449 1858 5477 °"
1887 5448 2019 5501 ibid.
2055 5450 2135 5500 l7.

1683 5519 1727 5547 '“’
1757 5519 1896 5571 Psal.
1937 5533 2044 5582 Clll,
2069 5519 2119 5570 tl.

2050 4470 2219 4539 ψυχαὶ
2252 4470 2497 4536 δικαίων,
2527 4471 2616 4522 τὸν
2651 4470 2874 4542 Κύριον.
2899 4490 2916 4522 ι
2960 4471 3066 4522 Καὶ
3110 4470 3235 4532 τοὺς
3280 4468 3561 4536 ἀγγέλους
3587 4471 3654 4522 δὲ

2055 4561 2342 4632 πνεύματα
2393 4566 2840 4634 προσηγόρευσεν
2875 4565 2903 4616 0
2947 4563 3242 4631 ὑμνοποιὸς
3287 4560 3476 4613 Δαὸίδ.
3534 4580 3554 4610 ι
3583 4562 3658 4614 ’0

2053 4651 2222 4704 ποιῶν
2255 4652 2382 4720 γὰρ,
2431 4655 2584 4723 φησὶ,
2625 4654 2748 4716 τοὺς
2795 4654 3055 4721 ἀγγέλους
3089 4651 3253 4706 αὑτοῦ
3320 4650 3654 4720 πνεύματα,

2056 4741 2148 4793 καὶ
2191 4741 2318 4804 τοὺς
2372 4742 2718 4813 λειτουργοὺς
2762 4743 2928 4796 αὑτοῦ
2959 4744 3130 4810 πυρὸς
3170 4741 3359 4808 φλόγα.
3389 4761 3408 4793 ι
3447 4743 3569 4793 Καὶ
3595 4744 3659 4794 τί

2057 4833 2202 4900 λέγω
2231 4833 2353 4896 τοὺς
2383 4835 2666 4902 ἀγγέλους,
2691 4835 2784 4887 καὶ
2826 4834 2933 4888 τῶν
2959 4833 3262 4904 ἀνθρώπων
3287 4834 3385 4894 τὰς
3407 4833 3606 4902 ψυχάς
3637 4851 3655 4898 3

2061 4928 2154 4978 καὶ
2185 4928 2295 4994 γάρ
2327 4929 2450 4987 τοὺς
2489 4926 2748 4996 δαίμονας
2790 4925 2961 4988 οὕτως
2984 4927 3012 4977 0
3044 4925 3317 4993 Δεσπότης
3348 4925 3654 4993 ὠνόμασε.

2066 5036 2083 5068 ι
2111 5015 2502 5087 Παραλήψεται
2552 5017 2681 5086 γὰρ,
2713 5017 2899 5087 φησιν,
2941 5017 3105 5086 ἕτερα
3161 5015 3298 5068 ἑπτὰ
3342 5013 3664 5083 πνεύματα

2063 5109 2402 5178 πονηρότερα
2433 5108 2651 5172 ἑαυτοῦ,
2683 5109 2776 5161 καὶ
2805 5107 3177 5161 εἰσελεύσεται
3214 5108 3290 5169 εἰς
3316 5105 3514 5168 αὑτὸν,
3550 5110 3667 5160 καὶ

2062 5197 2213 5258 ἔσται
2239 5198 2305 5251 τά
2335 5200 2539 5268 ἔσχατα
2577 5198 2668 5251 τοῦ
2699 5197 2987 5267 ἀνθρώπου
3019 5197 3225 5251 ἐκείνου
3273 5197 3500 5266 χείρονα
3541 5196 3668 5249 τῶν

2726 5377 2770 5408 ⁶⁰
2806 5375 2978 5430 Exod.
3007 5391 3136 5437 χχιι,
3165 5373 3252 5427 28.
3352 5373 3396 5403 “
3425 5371 3664 5429 let-cm.

2654 5449 2697 5480 “
2735 5447 2880 5502 Psal.
2916 5461 3049 5512 xcv,
3087 5445 3138 5498 5.
3230 5444 3272 5474 "
3309 5442 3488 5496 lCor.
3520 5458 3668 5510 vm,

2128 5378 2170 5408 ⁸⁹
2203 5379 2344 5434 Psal.
2385 5394 2558 5441 mm,
2593 5378 2644 5432 6.

2215 5450 2259 5480 ⁸⁵
2290 5449 2420 5501 ibid.
2463 5448 2550 5501 20.

2198 5519 2240 5550 ⁷⁸
2276 5517 2409 5572 Luc.
2440 5534 2496 5583 ιι,
2524 5518 2612 5572 ‘26.

464 5665 570 5735 lli)
611 5663 729 5719 “asc
772 5669 906 5725 ικαὶ
954 5672 1110 5740 ἡμεῖς
1172 5671 1248 5733 εἰς
1304 5671 1425 5726 αὐτ.
1457 5702 1522 5711 —-
1578 5673 1773 5736 πάντα,
1829 5688 1940 5743 qua?

2044 5681 2112 5726 ml
2158 5673 2209 5727 in
2243 5675 2432 5744 Neap,
2465 5675 2687 5729 aberant
2723 5691 2753 5728 a
2775 5673 2938 5728 Sirm.
2967 5681 3136 5728 textu.
