3962 6204
180 217 194 229 ’
240 250 367 315 1401

1533 270 1897 331 EPISTULA
1934 271 2177 335 CXLVI.

3342 285 3482 346 1402

236 364 485 458 πρώτων.
514 386 556 420 ιο
580 369 716 423 Ἀλλ’
749 370 868 424 οὐδὲ
895 373 926 443 ἡ
956 374 1247 447 ὁμωνυμία
1272 378 1362 432 τὸν
1387 379 1588 451 εὐσεϐῆ
1620 381 1799 436 λωϐᾶ-

1909 395 1964 440 et
1980 386 2296 457 unigenitus
2335 389 2454 458 ejus
2492 386 2682 452 Filius,
2715 393 2773 442 et
2808 394 3032 443 sanctus
3068 387 3187 457 ejus
3215 386 3476 457 Spiritus.

234 472 342 510 ται.
372 450 464 520 Εἷς
491 460 597 530 γὰρ
636 460 794 529 φύσει
828 464 959 527 Θεὸς
987 467 1017 518 6
1055 467 1265 541 Πατὴρ,
1299 471 1394 525 καὶ
1445 475 1475 526 6
1508 476 1809 547 μονογενὴς.

235 547 400 634 αὐτοῦ
452 550 600 614 Υίὸς,
640 553 735 605 καὶ
777 554 838 607 τὸ
884 558 1161 625 πανάγιονν
1202 561 1368 615 αὑτοῦ
1418 564 1643 634 Πνεῦμα
1666 581 1680 596 ·
1707 567 1802 620 καὶ

236 633 313 700 εἷς
350 639 505 707 φύσει
539 641 685 709 Υἱὸς,
724 643 818 696 τοῦ
851 646 986 699 Θεοῦ
1023 652 1342 720 μονογενὴς,
1392 654 1422 706 6
1459 633 1805 728 ἐνανθρωπή-

238 746 335 794 σας
372 731 505 795 Θεὸς
536 734 730 802 Λόγος,
768 737 799 788 6
838 738 1039 809 Κύριος
1075 742 1233 809 ἡμῶν
1278 744 1486 815 Ἰησοῦς
1536 747 1798 817 Χριστός·

236 823 328 875 καὶ
360 822 416 875 ἓν
456 824 682 896 Πνεῦμα
724 826 878 896 ἅγιον
903 832 932 883 ὀ
969 832 1349 903 Πατράκλητος,
1377 835 1437 898 ὃς
1480 836 1680 906 πληροί
1705 839 1803 910 τῆς

236 914 461 985 Τριάδος
493 916 584 970 τὸν
617 919 870 989 ἀριθμόν.
920 922 1077 976 Οῦτω
1128 926 1340 979 πολλῶν
1386 929 1803 1000 ὀνομαζομένων

234 1006 487 1077 πατέρων
531 1009 627 1062 ἕνα
678 1012 1092 1084 προσκυνοῦμεν
1122 1018 1360 1086 Πατέρα,
1410 1021 1504 1073 τὸν
1551 1020 1659 1091 πρὸ
1693 1021 1802 1074 τῶν

233 1095 445 1151 αἰώνων
478 1100 712 1171 Πατέρα,
747 1103 843 1156 τὸν
874 1105 969 1157 καὶ
996 1105 1202 1177 ταύτην
1229 1112 1345 1172 τοῖς
1368 1110 1680 1181 ἀνθρώποις
1700 1112 1800 1181 τὴν

234 1188 525 1259 ἐπίκλησιν
554 1190 846 1259 δεδωκότα,
877 1195 1015 1249 κατὰ
1044 1196 1144 1268 τὴν
1186 1198 1282 1251 τοῦ
1329 1201 1651 1255 ’ἀποστόλου
1683 1220 1801 1271 φω-

233 1280 350 1348 νήν.
396 1282 686 1351 «Κάμπτω
717 1284 847 1356 γὰρ,
883 1289 1038 1357 φησὶ,
1066 1289 1136 1342 τὰ
1177 1290 1381 1359 γόνατά
1408 1310 1510 1363 μου
1541 1295 1678 1365 πρδς
1710 1295 1803 1348 τὸν

234 1371 453 1442 Πατέρα
501 1372 596 1427 τοῦ
650 1376 869 1445 Κυρίου·
904 1378 1062 1448 ἡμῶν
1114 1381 1292 1449 Ἰησοῦ
1342 1384 1600 1454 Χριστοῦ,
1648 1385 1708 1451 ἐξ
1740 1377 1802 1438 οὗ

233 1459 382 1515 πᾶσα
414 1464 621 1534 πατριὰ
650 1467 708 1518 ὲν
734 1468 950 1539 οὐρανῷ
987 1470 1082 1523 καὶ
1110 1470 1205 1525 ἐπὶ
1236 1473 1342 1541 γῆς
1369 1474 1714 1544 ὀνομάζεται.
1740 1494 1761 1527 ι

300 1555 391 1625 Μὴ
414 1556 593 1609 τοίνυν
626 1557 704 1629 τῷ
740 1557 936 1623 ἄλλους
953 1559 1317 1631 ὀνομάζεσθαι
1340 1562 1632 1635 Χριστοὺς,
1665 1568 1804 1620 ἁπο-

234 1650 583 1719 στερήσωμεν
624 1650 852 1714 ἑαυτοὺς
893 1652 993 1723 τῆς
1028 1655 1125 1707 τοῦ
1172 1656 1376 1726 Κυρίου
1427 1657 1586 1727 ἡμῶν
1627 1659 1803 1729 Ἰησοῦ

232 1737 471 1808 Χριστοῦ
497 1743 936 1813 προσκυνήσεως.
980 1744 1069 1809 Ὠς
1093 1745 1203 1816 γὰρ
1232 1746 1442 1801 πολλῶν
1476 1748 1799 1820 ὠνομασμέέ

233 1846 341 1883 νων
388 1829 526 1883 θεῶν
572 1849 631 1884 τε
668 1834 763 1887 καὶ
812 1834 1087 1905 πατέρων,
1116 1831 1197 1900 εἷς
1227 1837 1374 1890 ὲστιν
1405 1841 1433 1892 6
1456 1839 1549 1892 ἐπὶ
1579 1838 1798 1893 πάντων

233 1919 365 1985 Θεὸς
399 1924 494 1975 καὶ
536 1924 644 1993 πρὸ
680 1924 895 1980 αίώνων
925 1927 1136 1999 Πατήρ.
1163 1928 1272 1981 Καὶ
1292 1929 1504 1984 πολλῶν
1526 1930 1799 2001 κεκλημέ-

232 2029 338 2066 νων
369 2012 525 2078 υίῶν,
554 2011 635 2078 εἷς
656 2018 687 2068 6
717 2016 970 2087 ἀληθινὸς
1005 2018 1101 2073 καὶ
1144 2018 1304 2088 φύσει
1335 2020 1462 2084 Υἱός
1488 2038 1503 2054 ο
1535 2022 1630 2075 καὶ
1667 2022 1800 2075 πολ-

232 2103 340 2157 λῶν
372 2107 900 2177 προσηγορευμένων
925 2109 1272 2179 πνευμάτων,
1312 2110 1373 2164 ἐν
1410 2113 1526 2165 ἐστι
1569 2113 1630 2165 τὸ
1667 2130 1803 2167 παν-

234 2194 389 2263 άγιον
424 2197 677 2267 Πνεῦμα’
711 2198 855 2252 οὕτω
901 2200 1112 2254 πολλῶν
1164 2201 1474 2271 κληθέντων
1526 2194 1801 2272 Χριστῶν,

232 2291 312 2356 εἷς
343 2292 545 2365 Κύριος
595 2295 803 2362 Ἰησοῦς
844 2296 889 2348 Χ
899 2295 1105 2365 ριστδς,
1127 2297 1196 2351 δι’
1226 2290 1289 2352 οὗ
1322 2298 1391 2351 τὰ
1420 2298 1616 2352 πάντα.
1641 2299 1805 2354 Μάλα

230 2386 286 2438 δὲ
312 2385 536 2448 εἰκότως
562 2387 596 2455 ἡ
634 2386 935 2454 Ἐκκλησία
967 2386 1123 2440 τοῦδε
1160 2389 1453 2459 ἐξήρτηται
1489 2390 1583 2443 τοῦ
1616 2391 1807 2460 ὀνόμα-

230 2491 340 2538 τος.
375 2476 615 2528 ’Ἤκουσε
644 2476 754 2546 γὰρ
780 2474 877 2529 τοῦ
906 2477 1280 2546 νυμφοστόλου
1312 2480 1523 2532 Παύλου
1549 2480 1802 2548 βοῶντος·

240 2583 258 2616 ι
293 2564 652 2636 Ἥρμοσάμην
700 2565 844 2635 ὑμᾶς
873 2566 954 2619 ἑνὶ
991 2565 1167 2638 ἀνδρὶ,
1208 2565 1476 2637 παρθένον
1505 2568 1676 2638 ἁγνὴν
1702 2585 1806 2620 πα-

236 2655 506 2725 ραστῆσαι
551 2655 630 2726 τῷ
679 2655 921 2726 Χριστῷ.
951 2676 969 2708 ι
1019 2658 1132 2712 Καὶ.
1169 2658 1360 2711 πάλιν·
1434 2678 1452 2711 ‹
1479 2661 1540 2713 Οἱ
1590 2661 1801 2731 ἄνδρες,

231 2746 482 2814 ἀγαπᾶτε
516 2748 615 2809 τὰς
644 2749 911 2815 γυναῖκας
940 2747 1115 2816 ὑμῶν,
1135 2748 1211 2811 ῶς
1232 2750 1327 2802 καὶ
1359 2751 1387 2802 6
1406 2751 1641 2820 Χριστὸς
1668 2751 1806 2819 me.

235 2852 374 2905 πησε
406 2835 505 2906 τὴν
558 2835 907 2905 Ἐκκλησίαν.
938 2855 956 2887 ι
990 2838 1099 2889 Καὶ
1142 2832 1298 2901 αὖθις
1356 2838 1559 2893 εἰπών·
1604 2860 1623 2891 ι
1658 2840 1808 2894 ’Λντὶ

232 2923 421 2977 τούτου
449 2924 762 2994 καταλείψει
789 2925 1075 2997 ἄνθρωπος
1103 2927 1194 2980 τὸν
1212 2929 1423 3000 πατέρα
1447 2931 1542 2984 καὶ
1568 2931 1667 3003 τὴν
1699 2949 1804 3001 μη-

1901 475 1972 531 Et
2006 488 2149 531 unus
2168 485 2366 532 natura
2388 478 2555 532 Filius
2577 476 2674 532 Dei
2698 476 3033 546 unigenitus,
3054 477 3200 532 Deus
3211 477 3474 545 Verbum,

1902 568 1998 638 qui
2026 569 2194 622 homo
2219 568 2399 625 factus
2425 578 2531 634 est,
2573 568 2840 623 Dominus
2880 576 3069 622 noster
3112 567 3279 623 Jesus‘
3312 566 3478 621 Chri-

1902 670 2021 715 stus
2051 678 2064 715 :
2113 668 2171 714 et
2204 676 2357 715 unus
2379 660 2616 730 Spiritus
2639 669 2862 716 sanctus
2892 658 3232 723 Paracletus,
3268 659 3362 729 qui
3387 674 3481 712 ex-

1901 752 2015 821 plet
2067 767 2360 807 numerum
2426 750 2641 823 1288
2697 752 3003 806 Trinitatis.
3046 752 3125 806 Ita
3169 752 3326 805 multi
3352 765 3476 804 cum

1902 843 2246 912 appellentur
2293 850 2507 912 patres,
2553 858 2725 897 unum
2770 843 3061 897 adoramus
3102 843 3339 905 Patrem,
3382 841 3478 910 qui

1903 943 2031 991 ante
2068 936 2266 991 smeula
2288 945 2372 990 est
2396 935 2574 1002 Pater,
2607 937 2701 1005 qui
2733 943 2790 990 et
2822 935 2965 989 hanc
3008 933 3327 988 hominibus
3378 948 3478 1002 ap-

1902 1027 2255 1097 pellationem
2300 1026 2474 1092 dedit,
2515 1028 2658 1081 sicut
2691 1026 2827 1081 dicit
2857 1025 3189 1094 Apostolus:
3238 1043 3257 1075 ι
3290 1024 3479 1080 ΕἸθςίο

1902 1134 2079 1190 genua
2134 1133 2257 1173 mea
2300 1119 2367 1173 ad
2398 1120 2617 1174 Patrem
2643 1118 2860 1173 Domini
2893 1116 3063 1170 nostri
3087 1117 3217 1171 Jesu
3250 1114 3475 1181 Christi,

1902 1223 1989 1265 ex.
2008 1223 2119 1281 quo
2153 1210 2334 1263 omnis
2369 1208 2670 1278 paternitas
2696 1207 2753 1262 in
2777 1206 2933 1262 cmlis
2956 1214 3011 1261 et
3040 1207 3098 1260 in
3129 1214 3275 1261 terra
3296 1208 3476 1260 nomi-

1905 1309 2067 1359 natur
2105 1301 2169 1353 ⁷².
2201 1318 2220 1351 ι

1911 1579 1921 1587 ·
1976 1564 2056 1619 Ne
2111 1563 2279 1633 igitur
2322 1576 2390 1617 eo
2432 1557 2589 1631 quod
2624 1561 2719 1615 alii
2744 1545 3101 1615 nominentur
3129 1556 3352 1620 Christi,
3376 1572 3480 1612 nos

1892 1656 2057 1726 "ipsos
2104 1654 2321 1709 Domini
2374 1652 2546 1708 nostri
2573 1653 2702 1708 Jesu
2746 1650 2953 1707 Christi
2980 1649 3301 1705 adoratione
3330 1646 3483 1700 frau-

1911 1750 2126 1805 demus.
2163 1745 2636 1813 Quemadmodum
2671 1744 2841 1810 enim,
2874 1758 2999 1797 cum
3028 1739 3186 1795 multi
3211 1737 3479 1793 nominati

1909 1842 2021 1896 sint
2070 1838 2148 1894 dii
2193 1845 2251 1893 et
2299 1844 2505 1907 patres,
2557 1851 2698 1900 unus
2741 1843 2826 1889 est
2853 1848 3019 1904 super
3043 1846 3237 1886 omnes
3260 1829 3405 1884 Deus
3425 1837 3482 1883 et

1908 1936 2070 1990 Pater
2089 1943 2217 1987 ante
2237 1931 2436 1986 smcula
2468 1948 2482 1984 :
2516 1938 2716 1985 etcum
2742 1928 2901 1982 multi
2925 1924 3180 1996 appellati
3212 1923 3324 1978 sint
3362 1921 3480 1988 lilii,

1906 2039 2049 2080 unus
2085 2032 2170 2079 est
2206 2038 2371 2078 verus
2404 2029 2462 2077 ct
2503 2030 2698 2076 natura
2732 2019 2904 2075 Filius
2933 2036 2947 2072 :
2979 2026 3179 2072 etcum
3202 2013 3358 2069 multi
3380 2027 3483 2067 vo-

1904 2114 2013 2168 cati
2043 2113 2154 2168 sint
2193 2112 2442 2182 spiritus,
2487 2125 2634 2165 unus
2681 2116 2767 2164 est
2815 2106 3053 2177 Spiritus
3096 2111 3359 2169 sanctus;
3404 2102 3482 2158 sic

1867 2248 1875 2254 η
1905 2221 2032 2261 cum
2058 2204 2215 2259 multi
2248 2201 2554 2273 nuncupati
2580 2202 2691 2256 sint
2729 2198 2956 2263 Christi,
3005 2212 3149 2252 unus
3177 2203 3263 2250 est
3299 2192 3484 2249 Domi-

1904 2312 2015 2352 nus
2036 2294 2197 2352 Jesns
2219 2294 2495 2358 Christus,
2516 2310 2617 2365 per
2637 2308 2800 2363 quem
2828 2292 3033 2346 omnia.
3047 2289 3181 2345 Iure
3211 2294 3394 2343 autem
3417 2300 3485 2341 ac

1906 2389 2104 2444 merito
2136 2388 2381 2442 Ecclesia
2407 2385 2539 2440 huic
2565 2383 2774 2439 nomini
2802 2382 3066 2463 adhaaret.
3089 2378 3312 2435 Audivit
3330 2392 3485 2431 nam-

1906 2494 2013 2549 que
2041 2477 2474 2549 paranymphum
2500 2476 2728 2530 Paulum
2759 2475 3084 2528 clamantem
3115 2489 3129 2524 :
3165 2489 3183 2521 ι
3207 2467 3483 2537 Despondi

1905 2584 2003 2623 vos
2024 2568 2119 2621 uni
2149 2568 2270 2621 viro
2292 2564 2563 2634 virginem
2587 2570 2791 2618 castam
2822 2561 3086 2616 exhibere
3110 2558 3331 2613 Christo
3357 2554 3422 2608 ⁷³.
3457 2572 3475 2604 ο

1906 2659 1974 2713 Et
2003 2672 2224 2712 rursum
2261 2674 2274 2710 :
2311 2675 2330 2707 ι
2365 2656 2504 2717 Viri,
2532 2653 2747 2724 diligite
2775 2666 2973 2706 uxores
2999 2656 3232 2713 vestras,
3266 2648 3409 2702 sicut
3428 2655 3486 2701 et

1906 2748 2162 2803 Christus
2183 2746 2376 2801 dilexit
2403 2743 2706 2800 Ecclesiam
2731 2741 2796 2796 ⁷⁵.
2833 2760 2855 2793 ι
2886 2741 2955 2795 Et
3000 2754 3197 2794 rursus
3232 2752 3359 2793 cum
3396 2735 3485 2789 di-

1908 2837 2117 2892 xisset:
2165 2856 2184 2888 ι
2222 2837 2453 2905 Propter
2484 2834 2590 2887 hoc
2640 2832 2918 2900 relinquet
2957 2829 3122 2883 homo
3174 2835 3386 2897 patrem
3429 2831 3487 2879 et

1908 2938 2139 2984 matrem
2166 2943 2343 2991 suam,
2378 2933 2435 2981 et
2491 2923 2796 2979 adhaerebit
2839 2921 2994 2976 uxori
3032 2934 3167 2983 sua,
3216 2926 3273 2973 et
3325 2925 3489 2971 erunt

232 3017 364 3088 τέρα
408 3017 597 3082 αὑτοῦ,
633 3019 726 3071 καὶ
748 3018 1286 3090 προσκολληθήσεται
1313 3021 1449 3091 πρὸς
1475 3022 1575 3092 τὴν
1614 3026 1803 3091 γυναῖ-

1909 3021 2019 3075 duo
2047 3020 2105 3075 in
2125 3035 2289 3075 carne
2313 3035 2442 3082 una,
2475 3036 2493 3068 ι
2532 3014 2851 3087 subiunxit:
2890 3032 2908 3064 ι
2945 3011 3358 3066 Sacramentum
3381 3008 3487 3063 hoc

233 3124 304 3160 κα
333 3107 520 3171 αὐτοῦ,
555 3108 647 3161 καὶ
677 3108 886 3161 ἔσονται
917 3110 965 3164 σί
991 3109 1083 3163 δύο
1114 3111 1195 3173 είς
1228 3110 1409 3183 σάρκα
1446 3112 1608 3182 μίαν·
1633 3131 1650 3164 ι
1704 3115 1801 3166 kz:-

234 3203 436 3269 ήγαγε·
477 3201 587 3253 «Τὸ
638 3202 939 3273 μυστήριον
991 3200 1149 3255 τοῦτο
1198 3203 1341 3272 μέγα
1389 3204 1570 3257 ἐστίν·
1608 3204 1720 3272 ὲγὼ
1747 3206 1803 3258 δὲ

233 3288 375 3359 λέγω
403 3292 480 3354 είς
512 3291 768 3362 Χριστὸν,
805 3293 900 3344 καὶ
932 3294 1012 3355 εἰς
1046 3293 1146 3363 τὴν
1184 3294 1532 3364 Ἐκκλησίαν.
1554 3313 1573 3345 ι
1609 3296 1806 3348 ’Ἄκου-

235 3397 324 3434 σον
357 3381 521 3434 αύτοῦ
558 3382 845 3450 λέγοντοςο
881 3400 900 3432 ι
921 3381 1156 3453 Χριστὸς
1186 3384 1335 3453 ἡμᾶς
1382 3383 1716 3454 ἐξηγόρασεν
1741 3386 1806 3438 ὲκ

233 3471 332 3539 τῆς
365 3472 613 3541 κατάρας
652 3471 741 3523 τοῦ
776 3471 967 3542 νόμου,
990 3473 1286 3543 γενόμενος
1327 3473 1467 3544 ὑπὲρ
1491 3472 1651 3543 ἡμῶν
1675 3491 1807 3527 xar-

233 3564 359 3633 ἀρα.
389 3582 407 3613 ι
445 3564 553 3615 Καὶ
584 3563 812 3631 ἑτέρωθι
835 3578 848 3591 ·
889 3581 908 3613 ι
934 3563 1006 3615 Ἦ
1033 3565 1297 3630 ἀγνοεῖτε,
1316 3564 1398 3617 ὅτι
1426 3566 1541 3618 ὅσοι
1564 3568 1642 3628 είς
1666 3567 1804 3636 Χρι-

235 3653 357 3705 στὸν
382 3651 766 3722 ἐϐαπτίσθητε,
796 3654 874 3718 είς
903 3654 992 3708 τον
1023 3655 1252 3709 θάνατον
1281 3655 1445 3709 αὑτοῦ
1474 3656 1807 3728 ἐϐαπτίσθη-

232 3762 322 3811 τε;
355 3763 373 3795 ι
409 3745 518 3797 Καὶ
550 3743 783 3815 ἀλλαχοῦ
806 3762 818 3774 ·
858 3766 876 3797 ‹
904 3747 1059 3800 Ὅσοι
1089 3750 1169 3811 εἰς
1204 3749 1439 3819 Χριστὸν
1470 3750 1805 3821 ἐϐαπτίσθη-

231 3851 312 3901 τε,
342 3834 575 3905 Χριστὸν
599 3835 941 3891 ἐνεδύσασθε.
978 3858 996 3889 ι
1033 3840 1143 3892 Καὶ
1189 3840 1350 3895 πάλιν
1373 3858 1387 3871 ο
1426 3858 1448 3895 ε
1483 3840 1806 3895 Ἐνδύσασθε

231 3927 324 3980 τὸν
364 3926 569 3998 Κύριον
611 3927 819 3997 Ἰησοῦν
861 3932 1115 4001 Χριστὸν,
1159 3933 1254 3986 καὶ
1292 3933 1394 4003 τῆς
1443 3935 1645 4006 σαρκδς
1678 3936 1809 4007 πρό-

233 4034 380 4073 νοιαν
411 4020 483 4091 μὴ
511 4020 749 4074 ποιεῖσθε
779 4023 859 4085 είς
884 4023 1204 4093 ἐπιθυμίας.
1234 4045 1253 4078 ι
1670 4070 1671 4073 η

302 4109 489 4165 Ταῦτα
514 4111 610 4165 καὶ
636 4108 847 4175 τούτοις
880 4114 1184 4184 προσόμοια
1210 4116 1591 4188 μεμαθηκότες
1614 4118 1664 4170 oi
1701 4119 1808 4171 τῶν

232 4203 392 4258 θείων
440 4202 660 4274 δωρεῶν
707 4206 1093 4276 τετυχηκότες,
1143 4207 1308 4277 ἔρωτι
1359 4209 1455 4262 τοῦ
1510 4209 1806 4279 φιλοδὼρου

232 4294 526 4358 Δεσπότου,
568 4294 661 4348 καὶ
688 4296 786 4367 τὴν
832 4297 1159 4367 τριπόθητον
1207 4298 1375 4352 αὐτοῦ
1432 4302 1808 4372 προσηγορίαν

1913 3129 2168 3184 magnum
2199 3121 2321 3167 est:
2371 3126 2472 3182 ego
2515 3118 2696 3164 autem
2731 3108 2855 3163 dico
2897 3106 2955 3160 in
2996 3104 3276 3159 Christum
3327 3110 3385 3157 et
3429 3101 3489 3155 in

1913 3203 2215 3260 Ecclesiam
2269 3203 2333 3255 ⁷⁸.
2373 3220 2390 3252 ι
2437 3199 2581 3255 Audi
2609 3200 2789 3269 ipsum
2815 3197 3093 3252 dicentem
3127 3211 3140 3247 :
3184 3211 3202 3243 ι
3234 3191 3488 3248 Christus

1914 3309 2016 3349 nos
2070 3293 2305 3348 redemit
2357 3292 2427 3346 de
2473 3291 2766 3345 maledicto
2820 3289 2957 3359 legis
2986 3288 3162 3342 factus
3196 3301 3297 3355 pro
3328 3284 3491 3339 nobis

1914 3383 2267 3439 maledictum
2322 3382 2385 3434 ⁷⁸.
2421 3400 2438 3432 ι
2495 3380 2563 3434 Ει
2608 3378 2738 3433 alibi
2775 3396 2788 3431 :
2834 3396 2852 3428 ι
2884 3378 2968 3431 An
3012 3376 3296 3447 ignoratis,
3341 3374 3488 3443 quod

1913 3476 2229 3546 quicunque
2269 3472 2531 3543 baptizati
2586 3469 2722 3526 estis
2777 3469 2856 3534 ⁷⁷,
2914 3467 2970 3520 in
3031 3477 3263 3520 mortem
3320 3465 3493 3533 ipsius

1914 3569 2176 3639 baptizati
2224 3568 2397 3623 estis?
2427 3586 2444 3616 ι
2490 3565 2559 3619 Ει
2585 3563 2755 3618 alibi:
2807 3581 2826 3612 ι
2861 3560 3188 3628 Quicunque
3227 3556 3285 3610 in
3325 3554 3505 3611 Chrid'

1916 3670 2059 3716 stum
2088 3657 2303 3729 1269
2326 3654 2583 3725 baptizati
2606 3654 2759 3718 estis,
2789 3652 3069 3707 Christum
3095 3646 3352 3702 induistis
3372 3647 3434 3699 ⁷³.
3463 3666 3483 3697 ι

1916 3754 1985 3809 Et
2029 3752 2273 3807 iterum:
2338 3746 2681 3803 «induimini
2740 3745 3031 3800 Dominum
3087 3740 3276 3796 Jesum
3329 3737 3491 3793 Chri~

1915 3852 2082 3908 stum,
2103 3850 2160 3899 et
2179 3840 2363 3897 carnis
2388 3854 2577 3895 curam
2598 3853 2670 3894 ne
2697 3835 2942 3893 feceritis
2962 3833 3020 3888 in
3048 3829 3340 3887 desideriis
3367 3827 3436 3882 ⁷³.
3467 3846 3483 3879 ι

1985 4122 2111 4178 Haac
2165 4130 2223 4177 et
2267 4121 2354 4176 his
2404 4119 2606 4176 similia
2663 4117 2844 4172 edocti
2898 4115 2991 4186 qui
3030 4113 3215 4169 divina
3262 4128 3492 4167 munera

1915 4209 2197 4267 consecuti
2229 4218 2379 4273 sunt,
2405 4206 2649 4262 munifici
2688 4205 2903 4261 Domini
2953 4220 3160 4269 amore,
3208 4201 3490 4257 desidera-

1916 4304 2238 4359 bilissimam
2283 4315 2507 4371 quoque
2542 4298 2692 4353 illius
2725 4295 3148 4367 appellationem
3180 4294 3239 4348 in
3260 4308 3357 4347 ore
3382 4293 3492 4346 cir-

232 4385 391 4461 ὲντῴ
424 4386 652 4455 στόματι
701 4387 1078 4458 περιφέρουσι,
1117 4390 1212 4442 καὶ
1258 4389 1328 4443 τὰ
1379 4391 1474 4444 τοῦ
1532 4391 1803 4463 ’ᾼσματος

1915 4395 2249 4458 cumferunt,
2307 4401 2364 4448 et
2416 4391 2506 4446 illa
2539 4389 2750 4446 Cantici
2784 4388 3126 4444 canticorum
3150 4386 3446 4440 inclamant
3475 4400 3489 4437 :

230 4476 338 4529 τῶν
368 4477 627 4547 ᾀσμάτων
672 4476 898 4549 βοῶσιν·
943 4497 961 4531 ο
993 4479 1337 4549 Ἀδελςριδοῦς
1390 4500 1493 4553 μου
1525 4485 1672 4555 ἐμοὶ,
1712 4488 1812 4540 κά-

233 4566 315 4634 γὼ
367 4569 542 4638 αὐτῷ·
594 4571 652 4621 ὲν
679 4573 747 4641 τῇ
776 4572 909 4642 σκιᾷ
941 4571 1105 4624 αὐτοῦ
1137 4572 1478 4644 ἐπεθύμησα,
1517 4578 1614 4630 καὶ
1651 4577 1810 4631 ἐκάθ-

235 4678 358 4724 ισα,
396 4662 490 4715 καὶ
524 4662 553 4713 6
578 4662 789 4731 καρπὸς
830 4662 995 4716 αὐτοῦ
1037 4663 1241 4731 γλυκὺς
1276 4666 1333 4717 ἐν
1364 4666 1601 4735 λάρυγγί
1635 4684 1755 4737 μου.
1788 4687 1807 4719 ι

235 4753 374 4820 Πρδς
403 4751 460 4804 δὲ
483 4751 714 4816 τούτοις.
752 4755 845 4807 καὶ
869 4754 969 4824 τὴν
997 4755 1303 4826 ἐπέραστον
1332 4759 1712 4831 προσηγορίαν
1745 4762 1805 4831 ἢκ.

233 4844 427 4915 ἔχομεν
467 4847 531 4898 ἐκ
570 4848 665 4915 τῆς
709 4846 800 4901 τοῦ
834 4847 1075 4917 Χριστοῦ
1104 4848 1476 4920 προσηγορίας
1516 4851 1806 4921 ἐλάϐομεν.

231 4935 548 5005 Χριστιανοὶ
580 4938 689 5008 γὰρ
717 4938 1118 5010 όνομαξόμεθα,
1167 4941 1301 5011 Περὶ
1331 4941 1521 4995 τούτου
1567 4943 1660 4996 τοῦ
1692 4944 1810 4998 ὀνό-

237 5043 406 5094 ματος
435 5029 824 5098 προαγορεύων
865 5032 894 5082 6
919 5031 1027 5084 τῶν
1055 5032 1194 5086 ὅλων
1226 5034 1329 5103 ἑφη
1362 5033 1524 5098 Θεός’
1559 5054 1577 5087 ι
1604 5036 1727 5099 Τοῖς
1754 5037 1810 5089 δὲ

230 5116 538 5171 δουλεύουσί
570 5136 656 5190 μοι
685 5120 1015 5191 κληθήσεται
1035 5122 1206 5193 ὄνομα
1232 5124 1438 5188 καινὸν,
1457 5126 1485 5179 ὃ
1513 5127 1810 5200 εὐλογηθή-

233 5225 389 5261 σεται
418 5210 512 5263 ἐπὶ
548 5211 649 5281 τῆς
680 5213 803 5280 γής.
830 5234 847 5263 ι
883 5213 1085 5267 Τούτου
1136 5217 1199 5287 δὴ
1252 5217 1413 5289 χάριν
1442 5219 1805 5291 διαφερόντως

230 5302 263 5370 ἡ
311 5300 603 5373 Ἐκκλησία
631 5305 791 5374 τῆσδε
822 5306 919 5375 τῆς
939 5310 1307 5380 προσηγορίας
1336 5309 1653 5381 ἐξήρτηται.
1680 5313 1806 5366 Ὅτε

231 5392 340 5462 γὰρ
383 5394 802 5467 ἐνηνθρὼπησεν
834 5399 862 5448 ὀ
908 5399 1200 5472 μονογενὴς
1216 5402 1311 5455 τοῦ
1337 5402 1474 5457 Θεοῦ
1509 5405 1657 5469 Υἱὸς,
1685 5408 1805 5459 τότε

230 5485 467 5555 Χριστὸς
493 5487 808 5558 ὠνομάσθη.
847 5490 967 5543 τότε
996 5491 1101 5544 τῶν
1130 5493 1431 5565 ἀνθρώπων
1463 5499 1494 5568 ἡ
1522 5501 1682 5567 φύσις
1714 5498 1804 5551 τοῦ

233 5672 277 5703 ’⁸
310 5672 481 5728 Galat.
516 5674 713 5741 m,_27.
792 5678 834 5706 τῖ’
870 5676 1027 5731 Rom.
1064 5695 1177 5745 XIII,
1214 5680 1296 5734 li.
1375 5680 1419 5711 ⁸ο
1454 5672 1609 5736 Cant.
1639 5700 1695 5750 ll,

379 5602 575 5680 Ephcs-
613 5621 693 5680 11L.
737 5607 828 5680 Η]-
872 5606 938 5680 "3
965 5606 1007 5662 ll
1031 5604 1155 5662 Cor.
1188 5625 1259 5668 XI,
1286 5611 1339 5664 ‘2.
1414 5613 1459 5642 ⁷⁸
1494 5612 1693 5680 Ephes.
1723 5631 1774 5675 ν,
1807 5614 1894 5665 £3.
1976 5613 2020 5643 ⁷⁸
2061 5610 2194 5663 ibid.
2229 5609 2317 5667 3|,
2348 5609 2436 5663 32.

1861 5685 1902 5713 “
1938 5684 2039 5737 ιλιι.
2080 5697 2200 5747 ιτς,
2242 5681 2321 5734 lli.

1916 4508 1934 4538 ι
1966 4486 2344 4544 Consobrinus
2395 4499 2553 4539 meus
2589 4482 2749 4548 mihi,
2797 4489 2854 4535 et
2896 4494 2999 4549 ego
3045 4477 3123 4533 illi
3156 4494 3169 4531 :
3207 4477 3265 4531 in
3298 4474 3493 4530 umbra

1907 4579 2031 4649 ejus
2069 4574 2403 4639 desideravi,
2465 4582 2522 4629 et
2575 4572 2717 4637 sedi,
2769 4578 2828 4627 et
2879 4570 3096 4625 fructus
3140 4568 3264 4638 ejus
3316 4564 3494 4621 dulcis

1909 4670 2117 4741 gutturi
2172 4684 2296 4723 meo
2352 4668 2421 4721 ⁸ο.
2460 4685 2477 4718 ι
2538 4664 2765 4720 Accedit
2805 4661 2953 4732 quod
3002 4658 3237 4716 amabile
3266 4672 3491 4718 nomen,

1911 4763 2057 4833 quod
2082 4762 2345 4832 gerimus,
2368 4774 2437 4813 ex
2457 4757 2663 4813 Christi
2696 4756 2916 4811 nomine
2948 4750 3304 4821 sumpsimus.
3328 4748 3492 4804 Chri-

1909 4856 2073 4911 stiani
2095 4854 2246 4909 enim
2264 4866 2674 4921 nuncupamur.
2707 4849 2783 4903 De
2810 4849 2913 4901 hoc
2943 4844 3167 4901 nomine
3187 4841 3495 4897 vaticinans

1911 4948 2293 5003 universorum
2340 4944 2484 4999 Deus
2528 4941 2666 4996 dixit
2697 4958 2712 4994 :
2761 4959 2779 4991 ι
2809 4936 3194 4994 Servientibus
3226 4932 3363 4988 mihi
3398 4946 3495 4985 vo-

1910 5040 2125 5096 cabitur
2141 5052 2343 5093 nomen
2360 5051 2584 5099 novum,
2601 5033 2747 5104 quod
2770 5030 3132 5088 benedicetur
3147 5028 3207 5082 in
3226 5034 3373 5083 terra
3386 5025 3452 5078 ⁸¹.
3465 5041 3485 5074 ι

1910 5134 1992 5191 0b
2035 5134 2179 5189 hanc
2225 5145 2446 5186 causam
2478 5126 2724 5183 Ecclesia
2750 5124 2881 5179 huic
2908 5120 3255 5192 potissimum
3281 5116 3491 5173 nomini

1914 5225 2177 5280 adhaeret.
2228 5221 2366 5277 Nam
2414 5217 2634 5288 quando
2678 5215 2995 5271 incarnatus
3043 5219 3129 5267 est
3169 5209 3342 5265 Filius
3369 5206 3488 5270 Dei,

1917 5324 2048 5369 tunc
2077 5312 2330 5369 Christus
2367 5307 2675 5378 appellatus
2709 5312 2833 5359 est:
2881 5312 3011 5357 tunc
3052 5298 3336 5355 hominum
3389 5309 3493 5348 na-

1917 5415 2035 5459 tura
2059 5399 2443 5457 intellectualis
2472 5397 2695 5452 luminis
2726 5394 2907 5449 radios
2930 5391 3209 5461 suscepit:
3239 5397 3370 5443 tunc
3394 5400 3492 5439 ve-

1918 5496 2096 5552 ritatis
2126 5507 2405 5563 pi'IDCODCS
2426 5490 2616 5545 orbem
2643 5495 2802 5542 terra:
2829 5486 3192 5540 illustrarunt.
3231 5476 3487 5534 Ecclesia:

2515 5608 2559 5639 ⁷⁸
2587 5606 2761 5662 (iulat.
2793 5620 2870 5671 ut,
2905 5602 2986 5657 l5.
3066 5601 3111 5633 ⁷⁷
3144 5599 3297 5653 llom.
3333 5610 3405 5662 τι,
3428 5592 3483 5651 2.
