3962 6204
447 216 586 283 1403

1453 219 1938 280 THEODORETI
1980 221 2318 282 EPISCOPI
2359 220 2721 281 CYRENSIS

3575 215 3722 282 not

447 344 576 383 sane
605 326 850 397 magistri
878 326 1155 396 Unigeniti
1182 340 1398 395 semper
1426 329 1440 344 '
1467 326 1787 381 nominibus
1813 327 2031 382 indili'e-

2143 330 2330 401 νοεροῦ
2358 329 2534 400 φωτὸς
2559 329 2656 390 τὰς
2685 327 2906 390 ἀκτῖνας
2933 325 3170 387 ἐδέξατο,
3187 325 3306 378 τότε
3338 326 3440 396 τῆς
3461 326 3719 397 ἀληθείας

443 427 633 474 renter
672 418 757 473 usi
791 429 936 473 sunt.
973 418 1256 473 Interdum
1278 418 1424 471 enim
1451 419 1760 488 gloriﬁcaut
1786 419 2023 483 Patrem,

444 516 501 561 et
537 507 755 571 Filium,
796 517 852 561 et
901 507 1163 576 Spiritum
1216 515 1516 561 sanctum:
1569 507 1844 562 interdum
1895 522 2027 561 vero

447 596 664 650 Patrem
711 612 835 650 cum
892 597 1112 650 Christo
1150 604 1207 651 et
1256 606 1444 651 sancto
1493 597 2026 667 Spiritu;c:rterum

445 687 592 754 quod
629 686 696 740 ad
724 702 944 741 sensum
977 687 1193 753 attinet,
1226 687 1377 740 nulla
1412 694 1496 742 est
1538 687 1681 742 inter
1731 698 2026 756 utrumque

446 778 778 832 differentia.
840 779 1137 848 Propterea
1200 794 1326 832 cum
1386 779 1650 834 Dominus
1703 779 2028 849 praeceperit

447 869 726 938 baptizare
767 869 822 923 in
853 885 1055 926 nomen
1091 870 1268 926 Patris
1295 880 1350 925 et
1383 871 1503 924 Filii
1539 880 1594 924 et
1623 871 1861 940 Spiritus
1903 886 2030 925 san-

445 961 914 1024 cti,beatissimus
943 963 1140 1017 Petrus
1182 964 1250 1018 ab
1310 964 1376 1018 iis
1430 964 1525 1032 qui
1579 963 2025 1032 pnedicationem

446 1061 804 1120 susceperant
862 1052 1228 1122 interrogatus
1285 1053 1418 1122 quid
1475 1053 1656 1108 facere
1709 1063 2022 1122 oporteret,

456 1160 472 1191 ι
509 1138 749 1207 Credite,
805 1143 1004 1211 inquit,
1049 1152 1104 1197 et
1151 1143 1459 1212 baptizetur
1505 1144 1883 1212 unusquisque
1929 1157 2026 1196 ve-

449 1245 621 1289 strum
649 1235 703 1288 in
743 1235 956 1303 1270
983 1251 1182 1288 nomen
1216 1235 1431 1288 Domini
1479 1235 1653 1288 nostri
1689 1235 1818 1288 Jesu
1869 1234 2029 1288 Chri-

447 1327 516 1379 sti
544 1328 622 1390 ⁸²;
656 1347 671 1375 ι
708 1326 861 1394 quasi
903 1341 1101 1378 nomen
1142 1326 1245 1379 hoc
1273 1325 1383 1376 vim
1410 1340 1628 1378 onmem
1663 1324 1833 1378 divini
1871 1339 2026 1377 man-

450 1416 561 1468 dati
591 1415 919 1468 contineret.
970 1413 1124 1480 Quod
1175 1415 1397 1484 quidem
1451 1423 1642 1483 aperte
1691 1430 1792 1467 nos
1837 1414 2027 1467 docuit

449 1505 807 1575 Cappadocia
830 1505 915 1560 vel
952 1506 1104 1560 orbis
1144 1506 1327 1575 potius
1374 1505 1618 1559 universi
1669 1505 1876 1569 lumen,
1909 1519 2026 1557 ma-
2074 1534 2076 1536 -

450 1612 590 1665 gnus
620 1597 869 1651 Basilius.
914 1596 1004 1651 Sic
1029 1597 1177 1652 enim
1203 1597 1278 1650 ait
1310 1615 1322 1650 :
1361 1617 1378 1648 ‹
1408 1596 1614 1650 Christi
1641 1597 1788 1650 enim
1837 1596 2026 1664 appelo

2134 423 2183 474 οἱ
2220 423 2458 491 κήρυκες
2486 419 2586 489 τὴν
2619 418 2944 487 οἰκουμένην
2990 415 3369 486 κατηύγασαν.
3415 418 3480 470 Οἱ
3537 419 3721 487 μέντοι

2135 512 2234 580 τῆς
2275 511 2601 580 Ἐκκλησίας
2638 510 2951 563 διδάσκαλοι
3009 509 3319 578 ἀδιαφόρως
3359 511 3448 562 ἀεὶ
3475 513 3596 572 ταῖς
3626 510 3722 562 τοῦ

2139 602 2483 668 Μονογενοῦς
2525 600 2922 670 προσηγορίαις
2954 601 3275 670 ἐχρήσαντο.
3305 601 3440 652 Ποτὲ
3479 601 3582 668 μὲν
3614 600 3723 670 γάρ

2134 692 2412 755 δοξάζουσι
2456 694 2548 745 τὸν
2603 693 2848 762 Πατέρα,
2881 692 2977 744 καὶ
3015 692 3106 744 τὸν
3135 692 3285 749 Υἰὸν.
3318 694 3412 744 καὶ
3453 694 3514 745 τὸ
3567 693 3721 760 ἆγισν

2137 781 2390 851 Πνεῦμα·
2421 783 2549 834 ποτὲ
2575 783 2630 833 δὲ
2670 782 2762 834 τὸν
2794 781 3014 851 Πατέρα
3044 781 3140 833 σὺν
3168 783 3248 849 τῷ
3276 783 3498 852 Χριστῷ
3523 784 3620 834 καὶ
3648 784 3722 852 τῷ

2139 873 2282 940 ἁγίῳ
2343 871 2643 942 Πνεύματι.
2703 871 2844 923 Ἀλλ’
2890 872 3040 942 ὅμως
3093 872 3350 942 οὐδεμίαν
3411 873 3526 942 ἔχει
3583 876 3725 928 κατά

2135 964 2374 1016 διάνοιαν
2418 962 2576 1015 τοῦτο
2624 964 2761 1034 πρὸς
2794 964 2971 1017 ἐκεῖνο
3003 964 3285 1033 διαφοράν.
3318 967 3418 1018 Διά
3445 983 3528 1018 τοι
3565 965 3726 1020 τοῦτο

2134 1055 2229 1107 τοῦ
2285 1055 2487 1125 Κυρίου
2535 1055 2966 1124 προπεταχὸτος
3021 1054 3308 1124 βαπτίζειν
3335 1058 3415 1118 είς
3441 1057 3505 1109 τὸ
3553 1057 3723 1126 δνομα

2133 1145 2228 1198 τοῦ
2263 1147 2496 1216 Πατρὸς,
2526 1147 2620 1198 καὶ
2657 1145 2752 1198 τοῦ
2801 1145 2960 1209 Υίοῦ,
2999 1146 3095 1198 καὶ
3127 1145 3220 1198 τοῦ
3270 1146 3426 1212 ἁγίου
3461 1146 3724 1216 Πνεύμα-

2133 1254 2244 1300 τος,
2275 1239 2302 1288 ὁ
2331 1238 2737 1307 τρισμακάριος
2771 1237 2978 1306 Πέτρος
3013 1239 3126 1299 τοῖς
3144 1236 3207 1288 τδ
3230 1238 3497 1307 κήρυγμα
3538 1238 3724 1304 δεδεγ-

2139 1327 2338 1395 μένοις,
2359 1327 2642 1396 ὲρομένοις
2661 1327 2711 1379 τί
2736 1328 2842 1398 χρὴ
2870 1328 3093 1396 ποιῆσαι
3115 1345 3129 1357 ·
3159 1346 3176 1378 ι
3200 1329 3566 1390 Πιστεύσατε,
3598 1329 3722 1398 ἔφη,

2137 1415 2231 1468 καὶ
2259 1415 2616 1486 βαπτισθήτω
2641 1417 2873 1480 ἕκαστος
2903 1417 3058 1486 ὑμῶν
3087 1419 3167 1481 εἱς
3201 1418 3260 1470 τὸ
3281 1419 3450 1487 ὄνομα
3481 1419 3586 1471 τοῦ
3611 1421 3724 1472 Κυ-

2137 1505 2253 1574 ρίου
2290 1504 2446 1574 ἡμῶν
2469 1505 2643 1575 Ἰησοῦ
2672 1507 2908 1575 Χριστοῦ
2934 1524 2947 1536 ·
2979 1525 2996 1555 ι
3039 1507 3114 1568 ῶς
3150 1510 3376 1576 ταυτησὶ
3411 1509 3513 1578 τῆς
3543 1526 3722 1578 προσ-

2133 1595 2361 1665 ηγορίας
2411 1597 2592 1648 πᾶσαν
2643 1596 2874 1664 ἐχούσης
2901 1595 2996 1647 τοῦ
3042 1595 3188 1647 Θείου
3219 1596 3585 1666 κηρύγματος
3629 1598 3727 1672 τὴν

451 1687 583 1741 latio
639 1688 806 1742 totius
846 1697 930 1741 cst
977 1688 1266 1742 confessio.
1309 1707 1326 1738 ι
1381 1687 1589 1742 [ndicat
1632 1687 1778 1741 enim
1811 1688 2030 1740 Patrem

2143 1687 2385 1756 δύναμιν.
2419 1686 2530 1737 Καὶ
2560 1685 2719 1738 τοῦτο
2757 1685 2946 1752 σαφῶς
2981 1687 3130 1755 ἡμᾶς
3180 1685 3415 1750 ἐδίδαξεν
3459 1690 3488 1738 ὁ
3547 1687 3726 1756 μέγας

451 1777 543 1845 qui
603 1779 778 1843 unxit,
832 1778 1028 1832 Filium
1070 1779 1163 1848 qui
1201 1786 1400 1833 unctus
1447 1786 1551 1842 est,
1604 1778 1870 1848 Spiritum
1899 1792 2027 1831 san-

451 1878 600 1924 ctum
638 1886 748 1940 quo
784 1880 983 1925 unctus
1021 1878 1122 1925 cst.
1166 1872 1232 1925 Et
1267 1870 1361 1938 qui
1393 1871 1536 1939 apud
1565 1871 1798 1924 Nicaeam
1833 1885 2030 1926 conve-

451 1977 582 2015 nere
636 1961 937 2016 beatissimi
982 1962 1189 2026 Patres,
1235 1977 1360 2015 cum
1402 1961 1668 2016 dixissent
1693 1960 2030 2016 credendum

457 2067 577 2106 esse
606 2053 661 2106 in
686 2069 852 2106 unum
881 2054 1052 2107 Deum
1072 2054 1307 2117 Patrem,
1356 2052 1720 2107 subdiderunt
1750 2070 1764 2106 :
1825 2071 1841 2103 ι
1873 2052 1942 2106 Ει
1974 2051 2028 2105 in

454 2155 625 2195 unum
663 2142 955 2196 Dominum
1005 2150 1256 2196 nostrum
1296 2142 1481 2197 Jesum
1516 2141 1797 2196 Christum
1834 2141 2030 2195 Filium

451 2233 549 2287 Dei
607 2233 979 2303 unigenitum,
1016 2253 1033 2285 ι
1091 2233 1351 2288 docentes
1406 2233 1696 2288 Dominum
1750 2232 2029 2288 Christum

452 2317 631 2388 ipsum
666 2335 786 2375 esse
812 2321 1153 2391 unigenitum
1189 2321 1282 2375 Dei
1314 2321 1536 2376 Filium.

2136 1776 2434 1839 Βασίλειος,
2455 1776 2482 1827 ὁ
2505 1775 2605 1844 τῆς
2637 1775 3056 1840 Καππαδοκῶν,
3093 1776 3293 1846 μᾶλλον
3320 1777 3374 1828 δὲ
3405 1777 3508 1845 τῆς
3538 1780 3726 1829 οἰκου-

2141 1870 2307 1939 μένης
2344 1870 2602 1939 φωστήρ·
2647 1867 2750 1943 ξφη
2793 1867 2850 1920 δὲ
2906 1867 3109 1930 οὕτως·
3157 1887 3174 1918 ι
3209 1869 3270 1920 Ἦ
3309 1867 3418 1938 γὰρ
3450 1868 3557 1920 τοῦ
3593 1869 3727 1937 Χρι‹

2137 1958 2230 2010 τοῦ
2268 1957 2607 2028 προσηγορία
2640 1956 2734 2010 τοῦ
2776 1957 2979 2020 παντός
3023 1959 3171 2010 ἐστιν
3195 1957 3472 2028 ὁμολογία.
3499 1979 3520 2009 ι
3564 1959 3727 2028 Δηλοί

2138 2049 2247 2119 γὰρ
2274 2049 2362 2100 τὸν
2389 2049 2609 2119 Πατέρα
2641 2049 2730 2101 τὸν
2755 2049 3042 2117 χρίσαντα,
3062 2049 3153 2101 τὸν
3181 2049 3306 2102 Υίδν
3333 2051 3425 2102 τὸν
3460 2049 3724 2118 χρισθέν-

2139 2157 2226 2205 τα,
2255 2141 2314 2192 τὸ
2349 2137 2572 2209 Πνεῦμα
2595 2139 2657 2192 τὸ
2677 2138 2830 2207 ἆγιον
2858 2134 2902 2206 ᾧ
2927 2141 3172 2210 έχρίσθη.
3218 2142 3328 2193 Καὶ
3346 2142 3395 2193 οί
3418 2141 3477 2192 ἐν
3513 2141 3727 2210 Νικαὶα

2139 2231 2194 2283 δὲ
2244 2230 2664 2300 συνεληλυθότες
2701 2231 3096 2304 τρισμακάριοι
3143 2233 3403 2302 Πατὲρες,
3465 2232 3727 2295 εἰπόντες

2141 2321 2339 2391 χρῆναι
2374 2320 2656 2373 πιστεύειν
2698 2323 2778 2385 είς
2815 2321 2913 2375 ἕνα
2945 2322 3076 2374 Θεδν
3119 2321 3358 2387 Πατέρα,
3404 2323 3724 2392 ἐπήγαγον·

459 2414 606 2467 «Καὶ
640 2416 719 2478 είς
757 2417 852 2470 ἕνα
888 2418 1091 2486 Κύριον
1122 2417 1330 2486 Ἰησοῦν
1367 2417 1620 2487 Χριστὸν,
1651 2415 1741 2470 τὸν
1772 2417 1898 2470 Υἱδν
1959 2414 2053 2470 τοῦ
2089 2415 2224 2469 Θεοῦ
2263 2416 2355 2469 τὸν
2397 2416 2692 2487 μονογενῆο
2721 2434 2740 2467 ι
2783 2415 3124 2478 διδάσκοντες
3189 2415 3264 2479 ὡς
3294 2417 3324 2468 ὁ
3373 2413 3590 2487 Κύριος
3630 2417 3728 2484 Ἰη-

453 2509 579 2572 σοῦς
609 2510 863 2580 Χριστὸς,
897 2511 1221 2574 αὐτόςὲστιν
1241 2513 1269 2563 ὁ
1301 2513 1596 2584 μονογενὴς
1627 2513 1755 2575 Υἱὸς
1770 2510 1864 2564 τοῦ
1886 2511 2041 2566 Θεοῦ.

522 2632 629 2687 Sed
662 2641 720 2688 et
764 2635 868 2689 hoc
916 2644 1181 2704 praeterea
1217 2638 1598 2707 superioribus
1628 2635 2022 2707 adjiciendum,

452 2725 563 2779 dici
619 2741 730 2779 non
796 2735 1072 2795 oportere,
1133 2726 1413 2783 Christum
1473 2736 1595 2798 post
1653 2727 2029 2782 ascensionem

453 2815 732 2872 Christum
761 2832 870 2872 non
903 2834 1045 2883 esse,
1075 2818 1169 2874 sed
1195 2819 1394 2874 Filiqu
1426 2821 1790 2890 unigenitum.
1817 2819 2033 2874 Etenim

454 2917 577 2979 post
598 2909 974 2965 ascensionem
1025 2925 1156 2964 sane
1187 2910 1370 2965 divina
1400 2912 1690 2981 Evangelia
1730 2910 2038 2978 conscripta

2203 2632 2324 2705 Χρὴ
2357 2630 2415 2684 δὲ
2461 2631 2684 2684 κάκεῖνο
2727 2629 3043 2701 προσθεῖναι
3089 2629 3204 2690 τοῖς
3257 2627 3619 2697 εἰρημένοις,
3660 2625 3730 2689 ὡς

2137 2725 2198 2778 οὐ
2229 2723 2335 2793 χρὴ
2377 2721 2598 2789 λέγειν’
2631 2720 2786 2774 Μετὰ
2830 2720 2930 2788 τὴν
2979 2716 3245 2787 ἀνάληψιν
3287 2716 3387 2769 οὐκ
3422 2714 3544 2767 ἐστι
3601 2716 3733 2784 Χρι-

2142 2815 2269 2878 στὸς
2316 2815 2344 2865 ὁ
2388 2812 2666 2882 Δεσπότης
2702 2811 2972 2881 Χριστός⁸
3010 2809 3179 2871 ἀλλὰ,
3223 2807 3349 2869 Υἱὸς
3399 2809 3728 2877 μονογενής.

2139 2905 2292 2958 Μετὰ
2322 2903 2431 2974 γὰρ
2461 2903 2525 2973 δὴ
2555 2901 2652 2972 τὴν
2687 2901 2960 2972 ἀνάληψιν
2996 2900 3090 2952 καὶ
3137 2897 3208 2950 τὰ
3252 2897 3370 2950 θεῖα
3405 2897 3728 2964 Εὑαγγέλια

455 3009 604 3064 sunt,
627 3010 681 3055 et
696 3001 927 3056 Actuum
950 3001 1201 3066 historia,
1225 3012 1278 3056 et
1297 3002 1468 3071 ipsius
1493 3001 1736 3070 Apostoli
1757 3001 2031 3069 Epistolze.

2143 2995 2480 3066 συνεγράφη,
2521 2995 2612 3047 καὶ
2643 2995 2675 3063 ἠ
2709 2993 2818 3045 τῶν
2851 2992 3102 3061 πράξεων
3154 2990 3385 3060 ἱστορία,
3421 2990 3518 3041 καὶ
3562 2986 3727 3041 αὐτοῦ

2149 3086 2190 3096 ..
2363 3085 2567 3096 ...η
2736 3079 3674 3096 ..-...,....λ-

456 3093 586 3150 Post
609 3092 980 3146 ascensionem
1005 3095 1199 3148 clamat
1219 3092 1438 3148 divinus
1459 3092 1685 3146 Paulus:
1721 3111 1738 3140 ‹
1762 3089 2034 3145 Habentes

458 3183 774 3252 pontificem
812 3200 1066 3255 magnum
1101 3186 1194 3255 qui
1244 3184 1553 3254 penetravit
1610 3182 1798 3246 cmlos,
1847 3182 2032 3236 .Icsum

458 3273 738 3327 Christum
768 3275 1059 3330 Dominum
1086 3285 1358 3340 nostrum,
1407 3283 1690 3329 teneamus
1730 3272 2033 3326 confessio-

461 3380 585 3418 nem
627 3364 694 3417 ⁸³.
733 3384 750 3416 ι
804 3366 871 3420 Et
915 3367 1113 3421 iterum
1151 3385 1162 3418 :
1224 3386 1241 3416 ι
1279 3366 1398 3419 Non
1445 3365 1591 3418 enim
1642 3363 1696 3416 in
1727 3363 2032 3417 manufacta

461 3461 647 3507 sancta
677 3454 930 3509 Christus
958 3454 1227 3517 introivit,
1264 3452 1596 3520 exemplaria
1629 3466 1909 3514 verorum,
1940 3451 2035 3506 sed

463 3545 516 3597 in
553 3545 730 3614 ipsum
762 3547 983 3608 coelum,
1031 3553 1091 3598 ut
1139 3552 1400 3613 appareat
1445 3559 1593 3602 nunc
1633 3544 1688 3598 in
1739 3553 2037 3613 conspectu

464 3636 559 3690 Dei
601 3653 700 3706 pro
740 3637 898 3691 nobis
932 3636 1010 3703 8";
1056 3655 1073 3686 ι
1118 3645 1173 3690 et
1199 3651 1389 3690 rursus
1413 3651 1538 3690 cum
1566 3635 1634 3689 de
1663 3651 1758 3705 spe
1788 3636 1840 3688 in
1869 3636 2037 3688 Deum

462 3729 643 3797 aliqua
704 3729 950 3791 dixisset,
1009 3728 1248 3798 adjecit:
1286 3747 1304 3779 ‹
1342 3727 1515 3793 Quam
1571 3729 1712 3782 sicut
1744 3728 2038 3781 anchoram

466 3821 733 3876 habemus
764 3829 933 3876 tutam
967 3836 1029 3875 ac
1069 3820 1300 3884 ﬁrmam,
1333 3829 1387 3874 et
1430 3821 1829 3891 ingredientem
1867 3835 2039 3889 usque

463 3911 531 3965 ad
582 3913 842 3967 interiora
885 3913 1193 3977 velaminis,
1249 3913 1343 3967 ubi
1388 3927 1698 3982 pratcursor
1746 3929 1843 3982 pro
1884 3913 2042 3966 nobis

467 4004 715 4056 introivit
769 4004 947 4067 Jesus,
1015 3994 1319 4060 secundum
1384 4004 1629 4058 ordinem
1683 4003 2043 4058 Melchisedec

465 4095 708 4164 pontifex
727 4095 902 4151 factus
923 4097 976 4149 in
1003 4106 1266 4152 aeternum
1289 4098 1356 4150 ⁸⁵.
1393 4117 1408 4147 ι
1464 4097 1531 4150 Ει
1573 4095 1640 4149 ad
1691 4095 1910 4149 beatum
1953 4095 2044 4147 Ti-

469 4196 581 4239 tum
638 4183 705 4238 de
743 4185 986 4239 secundo
1023 4187 1272 4240 scribens
1311 4185 1546 4239 adventu
1575 4185 1784 4253 1271
1815 4184 1892 4237 sic
1921 4184 1996 4236 ait
2027 4203 2039 4238 :

474 4296 492 4328 ι
525 4277 915 4346 Exspectantes
949 4278 1163 4332 beatam
1185 4294 1338 4348 spem
1361 4287 1416 4331 et
1438 4278 1836 4348 apparitionem
1861 4275 2044 4346 gloriae

2131 3085 2472 3137 “Ἀποστὸλου
2512 3083 2847 3137 Ἐπιστολαί.
2890 3081 3045 3135 Μετὰ
3083 3082 3182 3150 τὴν
3214 3079 3483 3149 ἀνάληψιν
3526 3085 3558 3136 6
3590 3080 3726 3141 θεῖος

2143 3179 2241 3250 βοᾷ
2285 3177 2531 3240 Παῦλος·
2572 3197 2590 3228 ι
2617 3178 2877 3245 Ἔχοντες
2913 3175 3178 3246 ἀρχιερέα
3235 3176 3430 3244 μέγαν,
3475 3175 3728 3244 διεληλυο

2139 3271 2268 3323 θότα
2316 3270 2442 3331 τοὺς
2483 3269 2767 3338 οὐρανοὺς,
2831 3265 3037 3337 Ἰησοῦν
3086 3266 3339 3335 Χριστὸν,
3378 3265 3472 3317 τὸν
3515 3265 3729 3336 Κύριον

2137 3359 2316 3429 ἡμῶν,
2357 3357 2648 3430 κρατῶμεν
2679 3359 2779 3428 τῆς
2817 3357 3128 3427 ὁμολογίας.
3153 3377 3170 3408 ι
3221 3359 3329 3410 Καὶ
3354 3357 3549 3410 πάλιν⁶
3602 3377 3624 3409 ι
3654 3359 3728 3409 Οὔ

2143 3451 2252 3522 γὰρ
2277 3453 2355 3514 είς
2383 3451 2730 3521 χειροποίητα
2760 3451 2889 3516 am
2927 3449 3176 3518 εἰσῆλθεν
3208 3449 3456 3519 Χριστὸς,
3491 3449 3732 3500 άντίτυυ

2141 3559 2216 3595 πα
2249 3542 2356 3594 τῶν
2391 3541 2679 3612 ἀληθινῶν,
2725 3541 2839 3595 ἀλλ’
2882 3542 2962 3604 εἰς
3007 3541 3166 3593 αὑτὸν
3213 3541 3303 3592 τὸν
3345 3540 3593 3608 οὐρανὸν,
3629 3539 3734 3591 νῦν

2141 3633 2540 3703 ἐμφανισθῆναι
2582 3631 2661 3702 τῷ
2691 3631 2966 3702 προσώπῳ
2999 3630 3090 3684 τοῦ
3131 3631 3262 3683 Θεοῦ
3309 3631 3449 3700 ὑπὲρ
3487 3631 3681 3700 ἡμῶν.
3710 3651 3729 3681 ι

2143 3726 2252 3779 Καὶ
2283 3721 2458 3788 αὖθις,
2487 3725 2614 3796 περὶ
2637 3724 2736 3792 τῆς
2763 3725 2841 3787 είς
2860 3724 2952 3776 τὸν
2975 3725 3106 3778 θεὸν
3139 3722 3347 3785 ἐλπίδος
3375 3722 3552 3775 εἰπών
3583 3739 3728 3784 τινα,

2142 3819 2420 3887 ἐπήγαγεν
2440 3834 2453 3848 ·
2489 3835 2506 3865 ι
2537 3818 2645 3868 “HV
2675 3815 2751 3878 ὡς
2786 3816 3034 3886 ἄγκυραν
3065 3815 3256 3885 ἔχομεν
3287 3814 3508 3883 ἀσφαλῆ
3545 3832 3610 3866 τε
3640 3815 3731 3866 καὶ

2145 3910 2388 3980 βεϐαίαν,
2422 3910 2514 3960 καὶ
2545 3907 2933 3976 εἰσερχομένην
2973 3908 3052 3968 εἰς
3085 3907 3145 3958 τὸ
3176 3904 3448 3974 ἐσώτερον
3484 3906 3590 3956 τοῦ
3631 3923 3728 3957 και

2142 3999 2583 4068 ταπετάσματος,
2611 3997 2745 4049 ὅπου
2783 3996 3090 4065 πρόδρομος
3121 3994 3365 4064 εἰσῆλθεν
3406 3995 3512 4046 ὕπέε
3523 4012 3556 4062 ρ
3577 3994 3730 4062 ἡμῶν

2157 4088 2387 4158 Ἰησοῦς,
2427 4087 2568 4140 κατὰ
2608 4081 2707 4156 τὴν
2745 4083 2900 4148 τάξιν
2931 4085 3266 4154 Μελχισεδὲκ
3308 4085 3616 4153 ἀρχιερεὺς
3641 4101 3731 4150 γε·

2145 4181 2368 4249 νόμενος
2410 4180 2489 4240 είς
2543 4177 2632 4230 τὸν
2675 4175 2870 4230 αἰῶνα.
2901 4193 2919 4225 ι
2967 4177 3077 4229 Καὶ
3098 4174 3176 4245 τῷ
3208 4176 3468 4246 μακαρίῳ
3501 4177 3566 4228 δὲ
3597 4176 3735 4243 Τίτῳ

2147 4271 2276 4341 περὶ
2313 4273 2411 4338 τῆς
2433 4267 2694 4337 δευτέρας
2723 4267 2952 4336 γράφων
2978 4267 3319 4334 ἐπιφανείας,
3353 4266 3542 4328 οὓτως
3578 4263 3699 4318 εἷπε
3720 4279 3732 4290 ⁸

466 4367 647 4437 magni
698 4367 793 4422 Dei
848 4377 902 4422 ct
949 4367 1246 4422 Salvatoris
1295 4368 1468 4420 nostri
1515 4367 1645 4422 Jcsu
1672 4366 1880 4421 Christi
1904 4368 1970 4420 ⁸⁸.
2019 4387 2034 4416 ι

2153 4382 2170 4412 ι
2198 4361 2626 4432 Προσδεχὸμενοι
2679 4360 2777 4430 τὴν
2831 4358 3105 4429 μακαρίαν
3150 4357 3360 4418 ἐλπίδα,
3393 4357 3495 4410 καὶ
3536 4357 3735 4422 sua.

469 4459 535 4513 Et
588 4460 656 4513 ad
696 4460 1208 4514 Thessalonicenses
1255 4473 1471 4529 quoque
1520 4458 1722 4512 similia
1782 4459 2036 4527 scripsit:

477 4572 492 4597 ι
525 4549 633 4618 Ipsi
670 4550 817 4603 enim
839 4549 1166 4604 annuntiant
1191 4548 1259 4603 de
1297 4548 1477 4611 nobis,
1501 4550 1720 4619 qualern
1753 4548 2038 4603 introitum

469 4637 826 4694 habuerimus
855 4639 923 4692 ad
957 4653 1074 4702 vos,
1104 4649 1158 4693 et
1185 4639 1462 4708 quomodo
1505 4640 1760 4694 conversi
1794 4639 1928 4693 estis
1973 4639 2040 4693 ad

470 4730 638 4783 Deum
680 4747 711 4784 a
759 4730 1085 4791 simulacris,
1139 4730 1347 4784 servire
1396 4730 1506 4784 Deo
1529 4730 1654 4785 vivo
1673 4739 1728 4785 et
1754 4733 1770 4749 '
1807 4745 1957 4792 vero,
1987 4739 2044 4784 et

467 4830 783 4890 exspectare
815 4821 1011 4875 Filium
1053 4822 1172 4890 ejus
1207 4821 1273 4876 dc
1309 4823 1483 4886 caelis,
1509 4836 1672 4891 quem
1703 4821 1986 4875 suscitavit
2011 4837 2042 4876 a

469 4912 721 4974 mortuis,
747 4913 954 4975 Iesum,
993 4913 1084 4981 qui
1115 4911 1320 4981 eripuit
1346 4927 1446 4965 nos
1470 4912 1539 4965 ab
1565 4912 1643 4965 ira
1664 4920 1896 4965 ventura
1917 4911 1974 4965 ⁸⁷.
2018 4930 2035 4961 ι

467 5004 535 5059 Et
561 5004 758 5058 iterum
799 5021 811 5056 :
849 5023 875 5048 ιι
904 5004 1010 5058 Vos
1052 5013 1234 5056 autem
1281 5003 1546 5056 Dominus
1595 5002 1942 5070 multiplicat,
1989 5011 2044 5055 ct

466 5095 750 5149 abundare
804 5095 966 5149 faciat
1013 5095 1337 5148 charitalem
1372 5102 1612 5147 vestram
1643 5095 1696 5145 in
1723 5093 1954 5146 invicem
1991 5101 2046 5146 et

470 5190 520 5242 in
553 5203 766 5248 omnes,
795 5186 1262 5256 quemadmodum
1283 5194 1336 5240 et
1363 5199 1463 5239 nos
1499 5184 1553 5239 in
1588 5201 1704 5246 vos,
1740 5184 1805 5238 ad
1836 5183 2041 5238 confir-

472 5280 667 5333 nauda
715 5278 878 5333 corda
931 5288 1109 5331 vestra
1155 5277 1427 5347 inculpata
1465 5276 1517 5330 in
1549 5276 1834 5331 sanctitate
1860 5293 2043 5331 coram

473 5366 582 5423 Dm
610 5379 663 5425 et
701 5372 857 5425 Palrc
887 5377 1094 5430 nostro,
1129 5369 1180 5421 in
1211 5369 1447 5423 adventu
1472 5368 1688 5423 Domini
1714 5368 1885 5423 nostri
1916 5369 2045 5423 Jesu

545 5546 588 5574 "
617 5548 745 5617 Art.
781 5569 833 5612 ιι,
873 5554 956 5604 ‘38.
1036 5554 1078 5582 ⁸³
1114 5549 1276 5604 Hebr.
1312 5567 1381 5617 ιγ,
1423 5551 1501 5603 H.

1581 5551 1619 5579 5“
1653 5549 1814 5605 Hebr.
1852 5566 1923 5612 Ix,
1961 5549 2046 5602 ει.

481 5618 528 5680 ει,
578 5616 653 5666 10.

2148 4469 2296 4505 νειαν
2350 4454 2449 4520 τῆς
2502 4448 2661 4520 δόξης
2711 4448 2806 4501 τοῦ
2863 4448 3098 4518 μεγάλου
3139 4446 3271 4498 Θεοῦ
3325 4447 3422 4498 καὶ
3476 4447 3735 4515 Σωτῆρος

2146 4543 2305 4615 ἡμῶν
2351 4542 2527 4614 Ἰησοῦ
2557 4540 2812 4612 Χριστοῦ.
2846 4559 2865 4592 ι
2927 4541 3035 4593 Καὶ
3086 4537 3552 4592 Θεσσαλονικεῦσι
3587 4539 3650 4591 δὲ
3680 4539 3740 4590 τὰ

2149 4634 2508 4704 παραπλήσια
2568 4634 2884 4702 γέγραφεν·
2956 4630 3160 4683 «Αὐτοὶ
3209 4628 3318 4699 γάρ
3372 4629 3513 4696 περὶ
3587 4629 3742 4697 ἡμῶν

2148 4726 2576 4795 ἀπαγγελοῦσιν,
2634 4724 2826 4778 ὁποίαν
2877 4723 3079 4776 εἴσοδον
3134 4722 3330 4792 ἔχομεν
3378 4721 3528 4791 πρὸς
3576 4721 3739 4790 ὑμᾶς.

2150 4821 2244 4874 καὶ
2275 4797 2390 4882 πῶς
2435 4817 2806 4887 ἐπεστρέψατε
2845 4815 2980 4887 πρὸς
3010 4814 3099 4867 τὸν
3129 4815 3263 4866 θεὸν
3307 4813 3416 4866 ἀπὸ
3437 4813 3565 4865 τῶν
3594 4813 3741 4866 εἰδὼ-

2149 4913 2276 4978 λων,
2317 4910 2586 4964 δουλεύειν
2616 4908 2734 4979 Θεῷ
2773 4908 2936 4973 ζῶντι
2980 4909 3075 4960 καὶ
3102 4904 3362 4977 ἀληθινῷ,
3393 4906 3491 4958 καὶ
3533 4905 3743 4975 ἀναμέ-

2149 5021 2260 5056 νειν
2292 5007 2382 5057 τὸν
2419 5003 2548 5056 Υἱὸν
2598 5000 2765 5056 αὐτοῦ
2793 5002 2856 5053 ὲκ
2885 4997 2994 5052 τῶν
3015 4998 3280 5069 οὐρανῶν,
3313 4997 3370 5050 ὃν
3408 4997 3656 5068 ἢγειρεν
3685 5001 3741 5050 ἐκ

2151 5095 2256 5148 τῶν
2283 5093 2518 5164 νεκρῶν,
2563 5090 2790 5162 Ἰησοῦν,
2835 5091 2926 5144 τὸν
2979 5090 3240 5160 ῥυόμενον
3297 5088 3447 5157 ἡμᾶς
3482 5089 3605 5140 sub
3652 5088 3741 5155 τῆς

2150 5186 2318 5257 ὀργῆς
2352 5185 2672 5256 ἐρχομένης.
2699 5201 2717 5234 ι
2756 5182 2866 5236 Καὶ
2899 5181 3057 5235 πάλιν
3078 5199 3090 5210 ·
3126 5199 3144 5230 ι
3175 5181 3350 5248 ’Υμᾶς
3381 5179 3440 5231 δὲ
3470 5181 3499 5231 ὁ
3536 5180 3740 5249 Κύριος

2155 5278 2469 5339 πλεονάσαι,
2492 5277 2585 5328 καὶ
2621 5274 2977 5344 περισσεύσαι
3006 5275 3072 5342 τῇ
3106 5273 3295 5343 ἀγάπῃ
3327 5271 3408 5333 εἰς
3444 5271 3739 5341 ἀλλήλους.

2155 5369 2246 5420 καὶ
2276 5368 2354 5430 εἰς
2383 5369 2610 5428 πάντας,
2654 5363 2903 5432 καθάπερ
2936 5362 3028 5414 καὶ
3051 5363 3210 5431 ἡμεῖς
3250 5362 3328 5423 εἰς
3362 5360 3538 5430 ὑμᾶς»
3583 5365 3668 5424 εἶῖ
3691 5360 3744 5411 τδ

2159 5544 2202 5574 ³⁵
2239 5543 2404 5596 Hebr.
2435 5558 2505 5604 γι,
2533 5542 2618 5606 19,
2646 5541 2714 5594 ‘20
2813 5541 2858 5571 "
2897 5541 3002 5594 'l‘it.
3043 5555 3099 5602 ιι,
3156 5537 3238 5590 15.
3317 5538 3361 5569 ⁸⁷
3396 5536 3416 5589 Ι
3475 5536 3742 5594 Tltcss.t,
