3962 6204
250 268 384 335 M05
1559 268 1822 330 EPISTO

1960 270 2202 333 CXLVI.
3344 273 3483 338 17.06

245 380 494 452 στηρίξαι
530 379 683 452 ὑμῶν
715 378 813 443 τὰς
838 377 1064 449 καρδίας
1091 378 1414 449 ἀμέμπτους
1443 380 1499 431 ὲν
1531 377 1809 447 ἁγιωσύνῃ

1924 380 2115 436 Christi
2138 397 2264 436 cum
2293 383 2552 438 omnibus
2574 384 2778 440 sanctis
2797 385 2918 456 ejus
2934 385 3000 438 ⁸⁸.
3030 403 3048 431 ι
3079 384 3280 441 lterum
3302 398 3484 443 autem

245 469 552 543 ἔμπροσθεν
582 468 675 524 τοῦ
697 469 831 523 Θεοῦ
856 470 949 523 κα)⁵
986 469 1198 538 Πατρὸς
1226 468 1404 539 ἡμῶν,
1431 471 1488 522 ὲν
1509 471 1574 539 τῇ
1606 485 1812 539 παρου-

1924 474 1981 527 ad
2011 474 2234 529 eosdem
2264 474 2515 532 scribens
2548 476 2665 531 haec
2686 476 2869 546 posuit
2902 493 2917 530 :
2962 495 2980 528 ι
3007 475 3280 547 Rogamus
3304 487 3487 533 autem

247 562 337 632 σία
372 560 464 614 τοῦ
492 561 695 630 Κυρίου
726 559 884 632 ἡμῶν
934 559 1107 629 Ἰησοῦ
1132 558 1393 630 Χριστοῦ,
1431 559 1569 629 μετά
1591 558 1813 612 πάντων

1924 580 2032 631 vos,
2065 565 2281 631 fratres,
2317 583 2416 637 per
2434 568 2729 622 adventum
2749 568 2963 622 Domini
2984 568 3156 623 nostri
3177 568 3301 624 Jesn
3325 568 3486 624 Chri-

242 656 355 709 τῶν
385 656 552 724 ἀγίων
584 654 771 709 αὐτοῦ.
803 674 823 707 ι
874 656 982 709 Kal
1030 650 1185 718 αὖθις
1230 654 1286 707 δὲ
1330 657 1442 717 τοῖς
1487 654 1668 717 αὐτοῖς
1696 655 1817 706 ὲπι-

1924 657 2004 721 sti,
2043 665 2099 711 et
2147 668 2387 712 nostram
2440 659 2919 729 congregationem
2952 659 3019 713 ad
3049 660 3226 729 ipsum
3259 660 3326 713 δ’.
3364 679 3382 711 ι
3423 660 3490 714 Ει

246 746 461 809 στείλας
492 746 586 799 καὶ¹
612 746 785 800 ταῦτα
821 746 1067 800 τέθεικεν
1092 760 1108 778 ο
1136 765 1155 798 ι
1193 747 1518 818 Ἐρωτῶμεν
1542 746 1601 800 δὲ
1640 747 1815 816 ὑμᾶς,

1924 758 2038 820 post
2084 766 2257 820 pauca
2304 750 2629 805 Antichristi
2678 751 2980 819 praedicans
3013 750 3320 815 interitum,
3370 751 3487 805 haec

245 836 485 905 ἀδελφοὶ,
541 836 681 906 ὑπὲρ
732 837 833 907 τῆς
900 836 1205 908 παρουσίας
1247 836 1343 890 τοῦ
1392 836 1599 908 Κυρίου
1660 836 1818 907 ἡμῶν

1924 841 2172 897 addidit:
2218 860 2237 892 ι
2271 840 2443 907 Quem
2483 840 2749 896 Dominus
2794 840 3087 896 interﬁciet
3127 840 3327 909 spiritu
3374 840 3492 894 oris

255 924 432 996 Ἰησοῦ
459 925 720 999 Χριστοῦ,
750 928 843 981 καὶ
864 928 1022 999 ἡμῶν
1052 929 1471 999 ἐπισυναγωγῆς
1491 927 1577 981 ἐπ’
1599 927 1811 981 αὐτόν.»

1924 932 2025 997 sui,
2050 941 2107 987 et
2142 930 2393 987 destruet
2413 930 2777 987 illustratione
2807 932 3077 985 adventus
3117 931 3200 984 sui
3257 930 3322 984 ’°.
3353 949 3371 981 ›
3422 929 3490 983 Et

246 1016 357 1070 Kal
410 1019 527 1088 μετ’
577 1017 732 1085 ὀλίγα
784 1017 875 1083 δὲ,
921 1017 1017 1071 τοῦ
1064 1018 1433 1087 Ἀντιχρίστου
1474 1017 1565 1071 τὸν
1599 1017 1819 1088 ὄλεθρον

1924 1024 2194 1079 Romanos
2242 1023 2541 1077 exhortans
2569 1022 2634 1077 ad
2666 1021 3038 1086 concordiam,
3072 1021 3310 1091 adjecit:
3352 1040 3370 1071 ι
3407 1020 3489 1075 Tu

249 1106 651 1178 προθεσπίζων,
690 1109 999 1178 ἐπήγαγεν·
1037 1126 1057 1160 ι
1096 1111 1193 1162 Ὃν
1223 1110 1253 1162 ό
1303 1109 1506 1180 Κύριος
1551 1106 1820 1162 ἀναλώσει

1924 1120 2102 1168 autem
2150 1112 2283 1182 quid
2332 1111 2547 1182 iudicas
2590 1111 2817 1166 fratrem
2873 1111 3071 1165 tuum?
3103 1109 3306 1165 Omnes
3341 1111 3490 1166 enim

247 1198 326 1268 τῷ
374 1199 645 1268 πνεύματι
691 1199 785 1253 τοῦ
822 1200 1090 1270 στόματος
1122 1199 1308 1263 αὐτοῦ,
1348 1201 1443 1254 καὶ
1484 1201 1819 1272 καταργήσει

1924 1204 2188 1261 stabimus
2215 1210 2343 1257 ante
2377 1202 2617 1257 tribunal
2638 1201 2864 1257 Christi.
2905 1201 3183 1271 Scriptum
3203 1210 3289 1256 est
3307 1202 3489 1256 enim:

247 1290 313 1359 τῇ
372 1290 662 1360 ἐπιφανείᾳ
704 1290 805 1359 τῆς
853 1291 1157 1360 παρουσίας
1203 1291 1390 1345 αὐτοῦ.
1420 1311 1439 1343 ι
1510 1292 1621 1345 Kal
1686 1293 1821 1344 Ῥω-

1924 1295 2055 1350 Vivo
2068 1291 2890 1364 ego,dicitDominus,quoniam
2908 1291 3044 1344 mihi
3061 1290 3314 1346 ﬂectetur
3329 1305 3493 1346 omne

254 1380 445 1449 μαίους
483 1380 538 1434 δὲ
586 1382 667 1444 είς
697 1382 949 1449 ὁμόνοιαν
994 1382 1308 1452 προτρέψας
1336 1384 1432 1437 καὶ
1458 1383 1629 1437 ταῦτα
1656 1399 1822 1453 προσ-

1924 1401 2087 1455 genu,
2131 1393 2188 1439 et
2235 1382 2420 1437 omnis
2470 1382 2655 1452 lingua
2703 1380 3056 1436 confitebitur
3104 1381 3216 1436 Deo
3260 1382 3327 1435 οι.
3359 1402 3379 1433 ι
3426 1382 3494 1436 Ει

251 1470 463 1525 τέθεικε
486 1490 501 1504 ν
535 1491 552 1524 ι
573 1473 646 1525 Σὺ
693 1471 750 1524 δὲ
800 1472 853 1525 τί
884 1473 1091 1543 κρίνεις
1119 1473 1210 1527 τὸν
1246 1473 1474 1544 ἀδελφόν
1509 1491 1638 1540 σονς
1669 1474 1702 1546 ἢ
1730 1474 1822 1527 καὶ

1924 1474 2186 1530 Dominus
2218 1473 2357 1542 ipse,
2398 1472 2694 1526 adventum
2723 1485 2882 1523 suum
2917 1470 3312 1539 przenuntians,
3349 1470 3497 1526 inter

258 1564 320 1617 σὺ
356 1564 409 1616 τί
449 1563 746 1628 ἐξουθενεῖς
779 1564 869 1617 τὸν
900 1564 1128 1633 ἀδελφόν
1167 1582 1295 1632 σούς
1329 1566 1537 1629 Πάντες
1567 1566 1678 1636 γὰρ
1714 1583 1821 1619 πα·-

1924 1566 2029 1621 alia
2071 1566 2243 1619 multa
2286 1565 2403 1620 haec
2449 1564 2616 1618 etiam
2648 1562 2789 1616 dixit
2819 1580 2832 1614 :
2884 1580 2901 1613 ι
2929 1561 3084 1615 Tunc
3111 1562 3155 1617 si
3185 1563 3308 1631 quis
3338 1562 3498 1617 vobis

255 1654 639 1724 ραστησόμεθα
681 1654 759 1723 τῷ
808 1655 1015 1725 βήματι
1059 1654 1153 1709 τοῦ
1202 1656 1460 1727 Χριστοῦ.
1513 1658 1822 1728 Γέγραπται

1924 1655 2125 1710 dixerit
2150 1674 2163 1708 :
2198 1656 2339 1710 Ecce
2369 1654 2458 1709 hic
2490 1662 2576 1708 est
2602 1651 2875 1715 Christus,
2896 1659 2993 1705 aut
3013 1649 3143 1715 illic,
3180 1650 3347 1705 nolite
3371 1665 3495 1705 cre-

251 1746 391 1815 γάρ’
430 1746 518 1800 Ζῶ
549 1746 680 1815 ἐγὼ,
712 1746 861 1814 λέγει
893 1746 1116 1816 Κύριος,
1148 1748 1229 1801 ὅτι
1287 1748 1411 1818 ἐμοὶ
1454 1748 1662 1818 κάμψει
1713 1749 1821 1803 πᾶν

1924 1747 2079 1802 dere.
2122 1746 2277 1803 Sicut
2310 1746 2459 1801 enim
2489 1746 2672 1816 fulgur
2706 1745 2920 1815 1272
2976 1743 3089 1799 exit
3138 1744 3208 1798 ab
3259 1742 3494 1807 oriente,

251 1837 403 1908 γόνυ,
438 1839 531 1891 καὶ
578 1841 728 1893 πᾶσα
770 1837 993 1907 γλῶσσα
1045 1838 1497 1909 ἐξομολογήσεται
1526 1839 1606 1909 τῷ
1630 1838 1767 1910 Θεῷ.
1797 1858 1816 1892 ι

1924 1848 1978 1895 et
2011 1848 2169 1910 paret
2197 1854 2372 1909 usque
2419 1838 2475 1892 in
2504 1837 2866 1903 occidentem,
2901 1836 2979 1891 ita
3009 1835 3117 1890 erit
3150 1844 3207 1890 et
3228 1834 3497 1889 adventus

252 1930 365 1984 Kal
401 1929 564 1993 αὐτὸς
595 1929 650 1982 δὲ
694 1932 722 1984 ὁ
755 1929 979 2002 Κύριος,
1015 1928 1113 2001 τὴν
1140 1929 1399 2002 δευτέραν
1422 1930 1589 1985 αὐτοῦ
1618 1947 1822 2003 παρου-

1924 1933 2047 1988 Filii
2086 1931 2328 1986 hominis
2357 1932 2425 1985 ".
2463 1950 2480 1981 ›
2511 1930 2579 1984 Ει
2605 1938 2728 2000 post
2750 1928 2998 1999 corporis
3029 1926 3493 1981 immortalitatem

251 2019 373 2074 σίαν
402 2018 815 2092 προαγορεύων,
842 2019 982 2091 πρὸς
1025 2018 1241 2083 πολλοῖς
1298 2019 1481 2084 ἀλλοις
1512 2020 1610 2074 καὶ
1650 2019 1822 2075 ταῦτα

1924 2030 1979 2078 et
2034 2018 2635 2090 incorruptibilitatem,
2695 2016 2894 2073 Filium
2954 2016 3194 2071 hominis
3255 2015 3494 2086 seipsum

249 2116 443 2187 εἴρηκε
463 2132 478 2148 ο
517 2131 534 2165 ι
553 2112 689 2166 Τότε
724 2112 819 2166 ὲάν
852 2127 935 2174 τις
963 2110 1092 2180 ὑμῖν
1117 2110 1245 2181 είπη
1268 2126 1282 2141 ·
1325 2110 1460 2164 Ἰδοὺ
1502 2102 1606 2164 ὧδε
1637 2110 1667 2162 ό
1687 2111 1822 2180 Χρι-

1924 2109 2236 2181 appellavit,
2262 2124 2330 2164 ex
2357 2116 2555 2163 natura
2573 2107 2866 2163 nominans
2888 2121 3012 2176 quae
3029 2105 3204 2160 oculis
3229 2104 3493 2160 cernitur.

251 2204 396 2268 στος.
431 2204 539 2258 ίδοὺ
572 2203 720 2256 ὲκεῖ’
751 2200 825 2272 μὴ
852 2198 1203 2270 πιστεύσητε.
1229 2199 1445 2272 ’Ὠσπερ
1476 2198 1583 2268 γὰρ
1614 2199 1813 2270 ἀστρα-

1924 2201 2051 2257 Haec
2096 2201 2244 2256 enim
2301 2209 2435 2256 tunc
2488 2200 2655 2255 etiam
2694 2197 2981 2269 apparebit
3014 2214 3027 2251 :
3064 2195 3249 2251 divina
3292 2195 3496 2266 quippe

251 2292 326 2364 πὴ
355 2292 637 2364 ἐξέρχεται
662 2289 771 2344 ἀπὸ
784 2288 1080 2352 ἀνατολῶν.
1105 2288 1198 2341 καὶ
1212 2287 1461 2355 φαίνεται
1486 2289 1565 2351 είς
1591 2287 1821 2357 δυσμὰς,

1924 2300 2121 2347 natura
2152 2291 2319 2347 etiam
2342 2291 2551 2363 angelis
2588 2298 2675 2345 est
2720 2287 3035 2344 invisibilis.
3086 2306 3105 2337 ι
3132 2287 3304 2341 Deum
3323 2285 3493 2349 enim,

247 2381 420 2445 οὕτως
452 2381 606 2434 ἔσται
630 2381 664 2451 ἡ
708 2378 981 2450 παρουσία
1014 2376 1110 2431 τοῦ
1154 2375 1284 2430 Υἱοῦ
1319 2378 1416 2430 τοῦ
1452 2375 1768 2447 ἀνθρώπου.
1796 2397 1818 2428 ι

1924 2385 2073 2454 iuxta
2097 2383 2270 2454 ipsius
2292 2382 2506 2438 Domini
2530 2398 2742 2446 vocem,
2778 2396 2940 2437 nemo
2975 2380 3112 2435 vidit
3133 2366 3371 2450 unquam
3391 2379 3490 2432 ⁸³.»

250 2474 360 2527 Kal
390 2472 529 2545 μετά
559 2470 660 2543 τὴν
696 2468 791 2523 τοῦ
825 2467 1080 2538 σώματος
1119 2466 1420 2522 ἀθανασίαν
1478 2468 1570 2520 καὶ
1611 2458 1822 2537 ἀφθαρ-

1924 2476 1993 2530 Ει
2040 2488 2237 2545 magno
2278 2472 2414 2527 Mosi
2460 2470 2578 2526 ait:
2623 2489 2641 2523 ι
2667 2471 2839 2526 Nemo
2867 2469 3077 2525 videbit
3098 2467 3289 2524 faciem
3316 2482 3496 2522 meam

252 2564 395 2629 σίαν,
425 2564 555 2617 Υίδν
602 2560 890 2635 ἀνθρώπου
943 2558 1135 2613 ἑαυτὸν
1187 2555 1650 2630 προσηγόρευσεν,
1713 2556 1822 2611 ἀπὸ

1924 2574 1978 2622 et
2008 2566 2157 2620 vivet
2202 2565 2269 2617 “.
2300 2584 2318 2617 ι
2353 2563 2493 2619 [llud
2537 2562 2723 2618 enim:
2764 2582 2783 2613 ι
2806 2561 3093 2617 Neminem
3126 2559 3379 2614 novimus
3402 2574 3491 2614 se-

250 2656 349 2727 τῆς
375 2654 652 2726 όρωμένης
687 2653 901 2722 φύσεως
926 2651 1217 2722 ὀνομάσας.
1252 2650 1399 2721 Αὕτη
1432 2649 1540 2721 γὰρ
1581 2649 1675 2702 καὶ
1701 2649 1822 2703 τότε

1924 2656 2167 2713 cundum
2221 2670 2488 2711 carnem:
2540 2661 2597 2708 et
2652 2653 2699 2708 si
2749 2651 3107 2723 cognovimus
3171 2649 3493 2718 (secundum

251 2747 570 2818 φανήσεται.
618 2744 685 2797 Ἦ
712 2743 819 2814 γὰρ
855 2741 977 2796 θεία
1014 2740 1176 2809 φύσις
1213 2741 1310 2794 καὶ
1356 2740 1608 2809 ἀγγέλοις
1656 2740 1822 2808 ἀόρα-

250 2855 360 2901 τος.
400 2855 417 2888 ι
442 2835 573 2889 Θεὸν
603 2833 713 2905 γὰρ
757 2832 933 2895 οὐδεὶς
979 2829 1189 2902 ἑώρακε
1226 2828 1466 2895 πώποτε,
1491 2848 1510 2881 ι
1545 2830 1687 2882 κατὰ
1726 2830 1826 2896 τὴν

251 2928 416 2984 αὐτοῦ
462 2926 556 2981 τοῦ
603 2924 806 2997 Κυρίου
852 2924 1056 2994 φωνήν.
1093 2923 1201 2976 Kal
1243 2922 1319 2992 τῷ
1350 2921 1575 2991 μεγάλῳ
1596 2922 1826 2975 Μωῦσεῖ

1924 2745 2167 2816 carnem)
2192 2744 2497 2809 Christum,
2521 2743 2615 2798 sed
2645 2757 2793 2797 nunc
2819 2743 2933 2814 jam
2970 2757 3079 2797 non
3113 2742 3366 2796 novimus
3393 2740 3495 2804 ⁸³,ι

1925 2852 2034 2893 non
2061 2835 2129 2891 ad
2150 2834 2445 2890 tollendam
2466 2842 2719 2888 naturam
2747 2842 3080 2902 assumptam
3110 2831 3248 2886 dixit
3279 2831 3501 2886 divinus

1923 2925 2345 2999 Apostolus,sed
2367 2924 2435 2979 ad
2451 2922 2924 2980 confirmationem
2959 2922 3157 2978 futura:
3170 2922 3227 2976 in
3243 2922 3401 2977 nobis
3414 2922 3499 2975 in-

251 3020 390 3090 ἔφη·
439 3038 457 3071 ι
488 3018 674 3080 Οὐδεὶς
718 3016 910 3086 ὄψεται
943 3014 1003 3067 τὺ
1042 3013 1332 3084 πρόσωπόν
1379 3030 1504 3082 μου,
1545 3013 1638 3065 καὶ
1668 3011 1822 3083 ζήσε-

1926 3017 2405 3090 corruptibilitatis
2419 3025 2475 3071 et
2506 3015 2949 3077 immortalitatis,
2968 3022 3023 3069 et
3035 3014 3336 3084 spiritualis
3350 3013 3497 3067 vitae.

251 3131 360 3168 ται.
383 3132 401 3164 ι
433 3113 506 3165 Τὸ
531 3112 638 3183 γάρ
661 3128 674 3141 ·
716 3109 960 3162 «Οὐδένα
999 3107 1220 3176 οἴδαμεν
1261 3105 1401 3158 κατά
1432 3105 1631 3176 σάρκα,
1678 3105 1726 3156 εί
1763 3103 1820 3155 δὲ

254 3207 347 3260 xal
381 3204 702 3274 ἐγνώκαμεν
744 3198 1003 3269 Χριστὸν,
1049 3197 1184 3252 ἀλλά
1212 3195 1308 3249 νῦν
1339 3195 1524 3247 οὐκέτι
1553 3192 1822 3262 γινώσκο-

254 3312 372 3367 μεν·
404 3317 422 3349 ι
465 3297 566 3350 οὐκ
606 3296 687 3356 είς
740 3290 1023 3357 ἀναίρεσιν
1074 3289 1171 3358 τῆς
1214 3286 1512 3357 ληφθείσης
1556 3284 1825 3355 φύσεωςὸ

250 3390 392 3453 θεῖος
422 3383 575 3441 εἶπεν
617 3381 960 3445 ’Δπόστολος,
992 3378 1108 3433 ἀλλ’
1135 3379 1217 3441 είς
1255 3376 1544 3447 βεϐαίωσιν
1575 3376 1673 3447 τῆς
1706 3377 1825 3428 ἐσο-

254 3482 419 3553 μένης
444 3480 579 3550 ἡμῖν
609 3474 916 3545 ἀφθαρσίας
950 3488 1011 3525 τε
1046 3470 1139 3524 καὶ
1165 3468 1486 3532 ἀθανασίας,
1522 3469 1617 3522 καὶ
1660 3484 1825 3547 πνευ-

252 3573 488 3643 ματικῆς
512 3569 677 3639 ζωῆς.
708 3561 781 3620 OB
807 3565 871 3633 δὴ
903 3564 1065 3634 χάριν
1103 3563 1376 3632 ἐπήγαγεν
1397 3576 1409 3589 ·
1449 3580 1467 3612 ι
1487 3561 1648 3612 Ὥστε
1673 3559 1725 3612 εί
1742 3574 1825 3621 τις

250 3666 307 3716 ἐν
341 3659 558 3731 Χριστῷ
589 3657 752 3726 καινὴ
791 3655 987 3718 κτίσις,
1029 3653 1097 3706 τὰ
1134 3654 1337 3722 ἀρχαῖα
1381 3649 1679 3721 παρῆλθεν,
1715 3648 1837 3713 ίδοξι

250 3754 438 3822 γέγονε
465 3750 535 3803 τά
563 3749 742 3802 πάντα
764 3746 946 3799 καινά.
976 3764 994 3795 ι
1034 3743 1114 3797 Τά
1144 3742 1199 3795 δὲ
1231 3739 1463 3811 ἐσόμενα
1493 3740 1567 3803 ὼς
1595 3753 1824 3808 γεγενη-

254 3844 390 3909 μένα
422 3841 664 3913 εἴρηκεν.
698 3838 924 3891 Οὐδέπω
949 3835 1057 3905 γὰρ
1083 3833 1182 3903 τῆς
1212 3832 1511 3894 ἀθανασίας
1537 3831 1822 3901 ἐτύχομεν,

250 3933 549 4003 τευξόμεθα
576 3932 653 3995 δὲ,
686 3929 778 3984 καὶ
804 3929 1053 3998 τυχόντες
1083 3926 1181 3978 οὐκ
1206 3924 1491 3994 ἀσώματοι
1526 3922 1826 3992 γενησόμεο

251 4025 339 4088 θα,
380 4023 494 4078 ἀλλ’
528 4022 827 4077 ἀθανασίαν
864 4020 1216 4090 ὲνδυσόμεθα.
1257 4039 1276 4072 ι
1301 4020 1375 4074 Οὐ
1422 4019 1649 4088 θέλομεν
1693 4016 1821 4085 γὰρ,

256 4119 424 4187 φησὶν
452 4118 480 4170 ό
513 4117 655 4179 θεῖος
698 4113 1038 4177 Ἀπόστολος,
1080 4113 1427 4175 ἐκδύσασθαι,
1456 4113 1570 4166 ἀλλ’
1600 4109 1824 4164 ἐπενδύο

250 4207 464 4268 σασθαι,
503 4208 593 4261 ἵνα
638 4203 921 4275 καταποθῇ
964 4205 1026 4258 τὸ
1071 4205 1263 4277 θνητὸν
1306 4206 1412 4259 ὑπὸ
1464 4204 1562 4276 τῆς
1606 4202 1769 4271 ζωῆς.
1800 4218 1819 4251 ι

250 4298 355 4353 Καὶ
385 4298 542 4352 πάλιν
561 4314 574 4327 ο
621 4316 639 4348 ι
664 4298 755 4349 Δεῖ
774 4297 882 4367 γὰρ
914 4295 973 4349 τὸ
1002 4295 1240 4367 φθαρτὸν
1287 4297 1446 4350 τοῦτο
1494 4293 1819 4348 ἐνδύσασθαι

249 4388 577 4460 ἀφθαρσίαν,
606 4388 700 4442 καὶ
731 4385 794 4439 τό
840 4385 1033 4455 θνητὸν
1080 4386 1240 4439 τοῦτο
1267 4384 1589 4439 ἐνδύσασθαι
1621 4384 1820 4437 ἀθανα-
1851 4370 1894 4424 ί)

252 4483 390 4536 σίαν.
427 4501 445 4531 ι
485 4479 641 4534 Οὕτω
672 4478 855 4532 τοίνυν
884 4476 973 4535 τὸν
1006 4477 1205 4549 Κύριον
1227 4478 1325 4530 οὐκ
1349 4476 1642 4547 ἀσώματον
1667 4475 1819 4545 εἴρη-

251 4592 364 4637 κεν,
408 4572 522 4626 ἀλλ’
552 4570 830 4642 ἄφθαρτον
879 4565 1019 4623 εἶναι
1064 4569 1159 4623 καὶ
1191 4568 1288 4639 τὴν
1325 4568 1607 4640 ὁρωμένην
1641 4567 1825 4638 φύσιν,

250 4666 339 4719 καὶ
392 4664 680 4725 ἀθάνατον,
732 4663 826 4715 καὶ
866 4665 931 4732 τῇ
982 4661 1100 4733 θείᾳ
1138 4659 1263 4731 δόξῃ
1305 4658 1701 4728 δεδοξασμένην
1738 4674 1829 4709 πι-

249 4755 457 4809 στεύειν
483 4752 711 4817 satanas.
734 4752 906 4806 Τοῦτο
934 4754 1042 4823 γὰρ
1069 4755 1125 4806 ὲν
1169 4756 1234 4823 τῇ
1260 4750 1395 4822 πρὸς
1423 4748 1817 4820 Φιλιππησίους

247 4846 579 4917 σαφέστερον
622 4844 767 4916 ἡμᾶς
817 4844 1215 4911 ἐξεπαίδευσεν.
1251 4863 1267 4894 ι
1301 4843 1490 4912 ἠμῶν
1519 4842 1649 4912 γὰρ.
1686 4842 1815 4913 ἔφη,

243 4938 304 4989 τὸ
338 4937 637 5006 πολίτευμα
669 4937 730 4989 ὲν
772 4938 1019 5007 οὐρανοῖς
1066 4937 1301 5008 ὑπάρχει
1326 4952 1359 4974 ἰ
1380 4935 1437 5000 ἐξ
1470 4927 1532 4987 οὗ
1566 4934 1658 4987 καὶ
1702 4935 1816 4986 Σω-

244 5029 389 5098 τῆρα
420 5027 838 5100 ἀπεκδεχόμεθα
864 5026 1072 5099 Κύριον
1108 5026 1335 5098 Ἰησοῦν,
1375 5026 1434 5089 ὃς
1464 5042 1817 5096 μετασχημα·

248 5118 387 5172 τίσει
419 5117 480 5170 τδ
508 5116 667 5186 σῶμα
704 5117 1211 5188 τῆςταπεινώσεως
1242 5117 1397 5189 ἡμῶν
1438 5118 1517 5180 εἰς
1562 5116 1622 5169 τὸ
1668 5116 1821 5184 γενέ..

247 5210 369 5262 σθαι
400 5209 531 5262 αὐτὸ
561 5207 884 5280 σύμμορφον
916 5209 994 5280 τῷ
1030 5209 1239 5281 σώματι
1264 5210 1364 5281 τῆς
1407 5208 1565 5276 δόξης
1586 5209 1769 5263 αὐτοῦ.
1797 5228 1815 5261 ι

257 5301 531 5370 Ἰἰναργῶς
557 5300 611 5352 δὲ
640 5300 728 5353 διὰ
753 5300 957 5353 τούτων
983 5301 1235 5368 ἐδίδαξεν,
1260 5304 1342 5356 ὅτι
1378 5301 1534 5371 σῶμα
1579 5301 1679 5371 μὲν
1703 5301 1817 5354 ἔστι

244 5393 302 5443 τὸ
341 5389 669 5444 Δεσποτικὸν
703 5390 881 5461 σῶμα,
917 5389 1057 5443 θεῖον
1112 5392 1168 5445 δὲ
1223 5392 1400 5462 σῶμα,
1447 5392 1541 5444 καὶ
1581 5394 1645 5462 τῇ
1698 5390 1817 5462 θείᾳ

314 5549 362 5583 ⁸⁸
395 5550 633 5606 lThcss.
666 5567 745 5614 nt,
780 5551 862 5613 19.,
892 5549 973 5603 l5.

247 5621 293 5653 ’³
327 5622 484 5674 Joan.
525 5638 562 5683 ι,
600 5623 684 5674 18.

250 5692 295 5724 '9
319 5692 553 5764 Pinnpp.
582 5707 657 5755 nr,
688 5689 774 5744 ‘20.

1084 5547 1128 5580 ⁸³
1164 5548 1205 5602 ll
1234 5548 1425 5603 Thess.
1463 5565 1519 5608 ιι.
1564 5550 1609 5601 Ι.

1724 5549 1768 5579 ¹¹⁰
1810 5546 1941 5600 ibid.
1990 5546 2038 5600 8.

777 5621 825 5652 "
860 5619 1029 5674 Exod.
1065 5618 1358 5687 XXXlli,20.
1435 5619 1480 5649 ’⁵
1512 5618 1555 5677 ll
1584 5620 1707 5673 Cor.
1747 5634 1798 5682 v,
1837 5618 1918 5674 16.

1922 3111 2099 3178 Quare
2118 3108 2329 3164 addidit
2353 3125 2365 3160 :
2392 3127 2410 3158 ι
2435 3106 2492 3162 Si
2514 3122 2619 3177 qua
2641 3106 2696 3160 in
2715 3105 2933 3160 Christo
2952 3121 3093 3160 nova
3114 3113 3388 3168 creatura,
3406 3120 3502 3159 vc-

1925 3209 2040 3256 tera
2065 3199 2421 3261 transierunt,
2434 3212 2562 3253 ecce
2582 3196 2725 3251 facta
2741 3196 3067 3251 suntomnia
3083 3211 3225 3251 nova
3240 3195 3306 3249 ⁸⁸.
3330 3215 3346 3246 ι
3369 3194 3502 3262 Qua:

1924 3299 2107 3346 autem
2149 3290 2335 3344 futura
2359 3296 2535 3352 crant,
2575 3295 2634 3341 ut
2672 3288 2811 3342 facta
2849 3287 3006 3341 dixit.
3061 3287 3316 3342 Nondum
3352 3287 3500 3342 enim

1925 3396 2116 3436 sumus
2178 3378 2647 3434 immortalitatem
2716 3375 3044 3432 consecuti:
3098 3391 3504 3445 consequemur

1926 3485 2129 3535 autem,
2194 3479 2250 3526 et
2299 3485 2426 3525 cum
2476 3468 2744 3523 fuerimus
2797 3468 3001 3536 adepti,
3049 3482 3161 3521 non
3190 3468 3501 3536 incorporei

1927 3567 2148 3630 fiemus,
2178 3563 2276 3619 sed
2300 3560 2767 3616 immortalitatem
2795 3559 3141 3614 induemus.c
3170 3558 3437 3613 Nolumus
3477 3577 3495 3609 ι

1924 3658 2093 3719 enim,
2117 3658 2194 3711 ait
2220 3654 2439 3710 divinus
2459 3652 2770 3724 Apostolus,
2800 3672 2817 3703 ι
2851 3651 3163 3722 exspoliari,
3187 3651 3284 3707 sed
3307 3667 3504 3721 super-

1928 3748 2137 3813 vestiri,
2172 3757 2233 3803 ut
2264 3745 2624 3801 absorbeatur
2644 3743 2789 3814 quod
2814 3742 3045 3799 mortale
3065 3750 3150 3798 est
3171 3758 3203 3798 a
3224 3744 3242 3762 ⁴
3263 3743 3375 3797 vita
3398 3744 3463 3796 9".
3478 3763 3495 3794 ι

1925 3842 1994 3896 Ει
2027 3855 2245 3894 rursum
2281 3855 2293 3891 :
2336 3857 2353 3888 ι
2388 3836 2617 3907 Oportet
2663 3835 2812 3890 enim
2862 3833 3222 3905 corruptibile
3260 3834 3366 3889 hoc
3416 3834 3502 3889 in~

1926 3933 2094 3989 duere
2125 3929 2614 4001 incorruptionem,
2652 3938 2709 3985 et
2730 3928 2961 3985 mortale
2990 3928 3095 3983 hoc
3125 3927 3356 3981 induere
3391 3928 3497 3981 im-

1928 4024 2314 4080 mortalitatem
2362 4023 2426 4077 ”.
2458 4041 2476 4074 ι
2526 4021 2619 4077 Sic
2653 4020 2821 4093 igitur
2854 4020 3147 4075 Dominum
3178 4035 3287 4075 non
3322 4019 3503 4074 incor-

1926 4132 2152 4187 poreum
2197 4115 2358 4178 dixit,
2395 4114 2490 4170 sed
2534 4112 3013 4183 incorruptibilem
3040 4111 3205 4166 etiam
3231 4126 3353 4181 quae
3387 4127 3502 4165 cer-

1926 4209 2076 4263 nitur
2122 4216 2373 4263 naturam
2405 4222 2548 4270 esse,
2587 4213 2752 4275 atque
2786 4205 3170 4268 immortalem,
3207 4203 3501 4271 divinaque

1927 4301 2096 4372 gloria
2148 4298 2503 4371 glorificatam
2528 4297 2756 4353 credere
2787 4295 2995 4351 docuit.
3022 4293 3137 4349 Hoc
3165 4295 3313 4350 enim
3342 4293 3502 4347 nobis

1924 4393 1979 4447 in
2030 4391 2269 4462 Epistola
2297 4389 2365 4446 ad
2392 4389 2772 4459 Philippenses
2800 4386 3004 4442 clarius
3034 4384 3296 4441 ostendit.
3338 4402 3356 4434 ι
3396 4383 3504 4437 Νο-

1925 4492 2039 4540 stra
2071 4491 2253 4537 autem
2278 4481 2644 4544 conversatio,
2677 4478 2875 4549 inquit,
2900 4478 2954 4533 in
2988 4475 3145 4533 caelis
3185 4481 3268 4530 est
3301 4492 3313 4528 :
3356 4472 3502 4527 unde

1924 4576 2091 4631 etiam
2121 4574 2459 4639 Salvatorem
2512 4579 2893 4641 exspectamus
2944 4569 3235 4624 Dominum
3288 4565 3497 4627 Jesum,

1925 4668 2019 4738 qui
2069 4664 2387 4721 rcformabit
2442 4678 2640 4733 corpus
2687 4660 3018 4716 humilitatis
3043 4657 3501 4729 1273nostraa,

1929 4767 1989 4811 ut
2026 4758 2119 4811 fiat
2150 4755 2431 4811 conforme
2459 4753 2677 4823 corpori
2727 4751 2916 4820 gloriae
2968 4753 3090 4821 ejus
3136 4748 3203 4801 θ’.
3248 4767 3266 4797 ι
3300 4746 3502 4802 Mani-

1915 4847 2052 4901 feste
2087 4855 2274 4899 autem
2308 4859 2408 4914 per
2450 4843 2566 4897 haec
2604 4841 2816 4906 docuit,
2860 4855 3062 4910 corpus
3102 4838 3325 4910 quidem
3382 4852 3508 4893 esse

1917 4953 2120 5009 corpus
2153 4936 2523 4999 Dominieum,
2551 4934 2645 4988 sed
2680 4933 2928 4989 divinum
2972 4946 3174 5000 corpus
3217 4938 3274 4985 et
3318 4929 3504 4983 divina

1920 5028 2093 5101 gloria
2141 5025 2527 5098 glorificatum.
2572 5024 2651 5079 Ne
2675 5023 2844 5096 igitur
2868 5022 3289 5094 appellationem
3325 5019 3505 5091 fugia-

1923 5136 2065 5183 mus,
2105 5134 2202 5189 per
2231 5133 2395 5189 quam
2420 5117 2594 5171 salute
2625 5114 2785 5185 potiti
2814 5129 3023 5176 sumus,
3066 5129 3163 5183 per
3203 5128 3367 5182 quam
3418 5126 3506 5165 rc—

1922 5222 2119 5267 novata
2148 5218 2277 5266 sunt
2303 5206 2508 5273 omnia,
2553 5216 2615 5262 ut
2652 5206 2911 5277 magister
2953 5206 3069 5276 ipse
3123 5205 3190 5260 ad
3235 5203 3504 5275 Ephesios

1921 5300 2173 5356 scribens
2198 5299 2311 5353 ait:
2360 5318 2377 5349 ι
2408 5297 2722 5353 Secundum
2756 5296 3156 5369 beneplaeitum
3190 5296 3330 5364 ejus,
3354 5293 3501 5364 quod

1920 5390 2205 5462 proposuit
2240 5387 2295 5443 in
2340 5404 2407 5444 eo
2437 5389 2492 5443 in
2534 5387 2945 5458 dispensatione
2972 5386 3334 5458 plenitudinis
3361 5394 3501 5441 tent-

2157 5546 2195 5575 "
2237 5545 2393 5599 Rom.
2436 5560 2538 5596 xw.
2590 5541 2674 5594 10.
2787 5542 2830 5572 "
2866 5541 3053 5596 Matth.
3103 5556 3244 5601 xxiv,
3275 5537 3364 5603 23,
3407 5541 3503 5593 ‘27.

2033 5618 2072 5646 9"
2113 5615 2244 5670 ibid.
2284 5614 2368 5668 l7.
2480 5614 2521 5645 ⁸⁷
2560 5611 2601 5666 ll
2624 5611 2749 5666 Cor.
2776 5627 2826 5677 v,
2857 5611 2908 5666 4.
3021 5611 3063 5643 ’⁸
3093 5612 3109 5665 l
3139 5611 3262 5665 Cor.
3296 5626 3378 5676 xv,
3410 5610 3506 5665 55.
