3992 6194
486 306 510 369 1
529 307 617 371 £07

1467 303 1959 364 THEODORETI
2004 303 2352 367 EPISCOPI
2389 306 2749 368 CYRENSIS

3600 293 3626 355 1
3639 293 3747 353 tos

483 431 700 487 porum,
751 413 1057 469 instaurare
1101 407 1285 465 omnia
1332 408 1388 462 in
1410 407 1633 464 Christo
1651 423 1772 478 qua:
1795 407 1853 461 in
1883 407 2056 470 ccelis,

2161 410 2286 484 δόξῃ
2337 409 2742 479 δεδοξασμένον.
2789 405 2880 475 Μὴ
2913 402 3093 457 τοίνυν
3136 401 3400 471 φύγωμεν
3427 417 3744 487 Ἂπροσηγο-

479 520 538 562 et
573 522 694 576 qua:
728 507 783 560 in
814 513 957 559 terra
996 510 1123 556 sunt
1148 502 1204 555 in
1232 500 1352 569 ipso
1389 501 1429 552 ¹.
1463 517 1481 550 ι
1511 499 1795 554 Discamus
1816 505 1998 553 autem
2023 513 2056 552 a

483 597 639 652 beata
674 597 776 651 hac
811 597 994 664 lingua
1019 593 1186 647 etiam
1219 605 1331 660 quo
1362 590 1526 644 modo
1545 588 1852 660 gloriﬁcare
1890 603 2056 658 oper.-

482 695 594 741 teat
647 684 1073 745 benefactorem,
1120 681 1233 735 Deo
1291 687 1348 734 et
1393 678 1543 734 Patri
1596 693 1797 732 nomen
1849 676 2056 732 Christi

477 778 882 834 consociantes.
945 773 1208 829 Romanis
1261 773 1409 828 enim
1466 772 1717 827 scribens
1787 771 1869 824 sic
1930 770 2053 823 ait:

489 885 509 918 ι
537 867 738 936 (Juxta)
766 864 1122 934 Evangelium
1156 878 1337 917 meum
1362 870 1420 915 et
1447 861 1894 931 praedicationem
1924 861 2055 915 Jesu

479 955 704 1020 Christi,
750 955 1055 1010 secundum
1111 952 1500 1008 revelationem
1554 951 1799 1021 mysterii
1849 947 2106 1018 tempo-'

481 1045 636 1100 ribus
675 1045 895 1100 zeternis
949 1044 1146 1098 taciti:
1197 1042 1344 1112 quod
1398 1056 1546 1096 nunc
1590 1040 1923 1111 patefactum
1971 1046 2058 1095 est

480 1151 579 1205 per
612 1135 922 1205 Scripturas
955 1135 1346 1204 prophetarum
1381 1134 1685 1187 secundum
1718 1139 2078 1201 prazceptum.

477 1226 666 1281 aeterni
693 1225 810 1290 Dei,
846 1233 901 1278 et
931 1226 998 1278 ad
1033 1224 1405 1278 obeditionem
1437 1222 1562 1277 ﬁdei
1590 1224 1646 1276 in
1682 1223 1895 1278 cunctis
1919 1239 2053 1294 gen-

483 1317 633 1371 tibus
656 1316 880 1386 cogniti,
905 1316 1007 1370 soli
1029 1314 1263 1384 sapienti
1289 1315 1398 1368 Deo
1423 1330 1524 1384 per
1545 1314 1732 1369 Jesum
1750 1314 2052 1382 Christum,

479 1409 568 1463 cui
613 1407 782 1477 gloria
824 1407 879 1460 in
922 1407 1141 1462 sarcula.
1173 1405 1348 1460 Amen
1378 1408 1420 1458 ’.
1449 1425 1467 1457 ι
1516 1405 1599 1459 Ad
1630 1405 1896 1474 Ephesios
1923 1421 2054 1460 vero

478 1499 730 1553 scribens
777 1497 857 1551 sic
903 1497 1180 1551 laudavit:
1233 1516 1252 1547 ‹
1286 1495 1348 1550 Ei
1396 1505 1578 1551 autem
1616 1497 1711 1565 qui
1747 1505 1941 1566 potens
1972 1505 2058 1550 est

479 1589 661 1643 omnia
714 1590 893 1643 facere
941 1587 1454 1658 superabundanter
1493 1603 1655 1656 quam
1697 1587 1935 1656 petimus
1962 1594 2058 1641 aut

480 1679 856 1750 intelligimus,
900 1679 1201 1734 secundum
1243 1679 1504 1732 virtutem
1551 1694 1672 1748 qua:
1703 1687 1964 1748 operatur
2000 1679 2054 1732 in

479 1771 661 1834 nobis,
712 1771 812 1840 ipsi
853 1771 1028 1842 gloria
1069 1771 1126 1824 in
1174 1770 1419 1825 Ecclesia
1459 1771 1515 1822 in
1553 1769 1774 1824 Christo
1809 1771 1960 1833 Jesu,
1999 1771 2056 1825 in

477 1876 670 1916 omnes
696 1861 1079 1931 generationes
1102 1861 1446 1916 saeculorum.
1483 1862 1655 1914 Amen
1681 1862 1720 1915 ³.
1751 1880 1767 1911 ι
1802 1861 1870 1915 Ει
1895 1861 2056 1930 paulo

477 1953 733 2022 superius
765 1971 777 2006 :
834 1971 848 2003 ι
887 1952 1060 2022 llujus
1108 1952 1186 2006 rei
1240 1953 1412 2022 gratia
1451 1951 1612 2006 flecto
1638 1968 1815 2022 genua
1845 1969 1966 2006 mea
1987 1953 2054 2006 ad

478 2041 696 2094 Patrem
734 2041 948 2096 Domini
991 2041 1166 2098 nostri
1207 2041 1338 2096 Jesu
1397 2040 1624 2104 Christi,
1682 2057 1749 2095 ex
1781 2057 1890 2110 quo
1934 2057 2056 2094 om-

480 2133 568 2186 nis
606 2133 906 2201 paternitas
950 2133 1006 2186 in
1053 2133 1209 2188 cmlis
1254 2141 1312 2187 et
1344 2133 1398 2186 in
1431 2142 1571 2188 terra
1622 2133 1938 2186 nominatur
1961 2131 2002 2184 ⁵.
2031 2151 2049 2183 ι

482 2219 549 2273 Et
581 2228 704 2289 post
737 2221 969 2290 plurima
1004 2239 1017 2273 :
1063 2240 1081 2271 ι
1111 2221 1327 2276 Gratias
1351 2222 1584 2291 agimus,
1622 2222 1819 2292 inquit,
1842 2238 2059 2292 semper

481 2327 582 2380 pro
615 2313 874 2366 omnibus
902 2312 1060 2367 vobis
1108 2312 1163 2366 in
1195 2313 1416 2366 nomine
1450 2313 1667 2368 Domini
1714 2313 1888 2369 nostri
1929 2314 2057 2368 Jesu

478 2398 684 2456 Christi
728 2403 838 2456 Deo
871 2412 928 2457 ct
962 2404 1110 2458 Patri
1133 2405 1174 2455 ⁵.
1210 2422 1228 2453 ι
1266 2404 1698 2474 Philippensium
1723 2405 1890 2460 etiam
1918 2406 2058 2460 libe-

481 2491 754 2546 ralitatem
827 2492 1044 2564 1274
1101 2494 1585 2549 benedictionibus
1645 2512 2006 2551 remunerans
2042 2537 2056 2551 .

487 2599 505 2631 ι
537 2581 684 2635 Deus
709 2589 892 2636 autem
922 2598 1096 2646 meus,
1130 2583 1330 2651 inquit,
1361 2583 1585 2653 impleat
1615 2601 1831 2638 omnem
1865 2602 2058 2640 neces-

477 2669 694 2722 sitatem
719 2680 956 2724 vestram
979 2671 1281 2725 secundum
1309 2671 1532 2726 divitias
1559 2687 1685 2726 suas
1714 2672 1768 2725 in
1797 2674 1966 2742 gloria
2001 2673 2057 2727 in

477 2758 700 2813 Christo
740 2759 868 2814 Jesu
917 2760 958 2813 ⁸.
997 2779 1014 2811 ι
1048 2760 1292 2815 Hebraeis
1324 2770 1505 2816 autem
1537 2763 1610 2816 ita
1639 2771 1895 2832 precatus
1924 2773 2010 2818 est
2041 2783 2053 2817 :

486 2864 504 2897 ι
533 2847 676 2902 Deus
720 2848 890 2916 pacis,
927 2849 1021 2919 qui
1051 2849 1240 2904 eduxit
1274 2851 1341 2905 de
1372 2852 1606 2906 mortuis
1634 2862 1909 2922 pastorem
1945 2871 2057 2909 ma-

477 2953 642 3008 gnum
660 2941 843 2994 ovium
875 2941 928 2994 in
957 2942 1219 3012 sanguine
1245 2943 1555 2998 testamenti
1585 2945 1798 3007 aeterni,
1827 2947 1843 2962 ‘
1867 2945 2056 2999 Domi-

475 3045 608 3084 num
633 3040 882 3086 nostrum
914 3033 1120 3097 Jesum,
1149 3043 1297 3102 aptet
1321 3050 1417 3087 vos
1443 3034 1496 3086 in
1523 3035 1669 3087 omni
1697 3050 1862 3104 opere
1888 3035 2053 3097 bono,

480 3130 540 3174 ut
592 3121 805 3175 faciatis
860 3124 980 3190 ejus
1019 3123 1378 3186 voluntatem,
1411 3124 1618 3178 faciens
1647 3125 1701 3178 in
1733 3125 1886 3179 vobis
1908 3127 2054 3196 quod

477 3210 690 3278 placeat
719 3226 906 3264 coram
934 3227 992 3265 se
1025 3228 1123 3281 per
1144 3213 1328 3267 Jesum
1361 3214 1664 3280 Christum,
1691 3217 1780 3270 cui
1815 3226 1898 3271 est
1938 3219 2054 3288 glo-

478 3303 558 3356 ria
611 3304 665 3358 in
711 3305 910 3359 saecula
957 3306 1306 3361 sceculorum.
1359 3307 1533 3361 Amen
1585 3309 1624 3362 ".
1659 3328 1675 3359 ι
1714 3310 1832 3364 Non
1879 3312 2054 3364 solum

475 3403 659 3448 autem
687 3394 816 3448 dum
841 3395 1130 3464 glorificat,
1165 3395 1259 3448 sed
1292 3396 1456 3450 etiam
1487 3397 1616 3450 dum
1650 3398 1972 3451 exhortatur
2003 3409 2058 3453 et

477 3485 804 3548 obtestatur,
848 3486 1128 3540 Christum
1163 3502 1286 3540 cum
1311 3487 1420 3540 Deo
1465 3497 1521 3541 et
1573 3489 1729 3542 Patre
1753 3491 2054 3560 conjungit,

476 3587 532 3630 et
582 3577 740 3631 beato
788 3577 1078 3632 Timotheo
1131 3579 1381 3632 scribens
1432 3579 1672 3633 clamat:
1716 3601 1732 3630 ι
1769 3581 2057 3636 Testilicor

477 3682 660 3722 coram
699 3668 809 3721 Deo
849 3677 902 3723 et
938 3669 1064 3723 Jcsu
1095 3669 1316 3723 Christo
1347 3671 1386 3724 ⁸.
1426 3692 1442 3721 ι
1481 3673 1548 3726 Et
1582 3673 1780 3728 iterum
1813 3692 1824 3726 :
1863 3695 1878 3723 ‹
1911 3677 2054 3730 Prm-

475 3759 620 3828 cipio
656 3759 751 3812 tibi
787 3776 970 3814 coram
999 3762 1110 3816 Deo
1136 3763 1231 3831 qui
1255 3763 1492 3817 vivificat
1521 3767 1725 3830 omnia,
1757 3778 1813 3821 et
1840 3767 2056 3822 Christo

474 3848 601 3904 Jesu
657 3849 750 3920 qui
800 3853 1172 3906 testimonium
1222 3854 1464 3908 reddidit
1513 3857 1616 3912 sub
1657 3858 1851 3912 Pontio
1883 3861 2056 3915 Pilato

479 3937 678 3993 bonam
738 3941 1162 4006 confessionem,
1222 3953 1283 3999 ut
1342 3961 1528 4001 serves
1567 3949 1880 4004 mandatum
1938 3952 2056 4005 sine

477 4030 690 4083 macula
721 4029 1211 4099 irreprehensibile
1245 4051 1418 4107 usque
1443 4038 1497 4090 in
1523 4039 1816 4094 adventum
1841 4043 2054 4097 Domini

399 4180 403 4184 _
477 4120 653 4174 nostri
681 4121 810 4176 Jesu
839 4121 1065 4187 Christi,
1101 4143 1264 4196 quem
1297 4129 1411 4182 suis
1439 4131 1779 4200 temporibus
1804 4135 2057 4190 ostendet

477 4209 671 4266 beatus
691 4219 747 4265 et
779 4213 928 4266 solus
951 4226 1164 4284 potens,
1195 4217 1309 4271 Rex
1346 4235 1555 4289 regum,
1576 4222 1839 4278 Dominus
1876 4225 2057 4279 domia

478 4303 745 4367 nantium,
776 4305 869 4372 qui
902 4307 1051 4360 solus
1074 4308 1240 4362 habet
1269 4309 1760 4376 immortalitatem,
1792 4322 1845 4367 et
1873 4317 2052 4372 lucem

2162 501 2307 571 ρίαν,
2337 502 2403 555 δι’
2435 499 2503 574 ἦς
2555 498 2939 567 ἀπελαύσαμεν
2993 493 3285 564 σωτηρίας,
3321 493 3387 545 δι’
3418 485 3486 561 ἧς
3525 493 3748 546 ἀνεκαιο

2157 592 2314 662 νίσθη
2344 595 2409 647 τά
2455 593 2654 654 πάντα,
2700 591 2775 653 ὡς
2816 589 2979 650 αὐτὸς
3025 586 3129 656 ἔφη
3168 587 3196 638 ό
3226 583 3547 643 διδάσκαλος
3581 582 3745 648 Ἐφε-

2161 685 2298 749 σίοις
2347 685 2571 756 γράφων
2589 701 2600 713 ·
2649 703 2666 735 ι
2690 683 2850 736 Κατὰ
2875 681 2974 751 τὴν
3012 678 3261 732 εὐδοκίαν
3289 675 3478 738 αὐτοῦ,
3509 675 3575 745 ἢν
3604 691 3743 740 προ-

2157 775 2310 828 έθετο
2341 777 2398 828 ὲν
2432 775 2581 845 αὑτῷ
2624 777 2702 838 είς
2751 771 3062 841 οἰκονομίαν
3096 767 3190 822 τοῦ
3226 767 3596 837 πληρώματος
3627 766 3742 818 τῶν

2157 866 2385 936 καιρῶν,
2411 862 2996 934 ἀνακεφαλαιώσασθαι
3014 860 3086 914 τὰ
3105 860 3283 912 πάντα
3299 860 3354 910 ἐν
3383 857 3462 927 τῷ
3492 856 3738 927 Χριστῷ.

2155 959 2226 1012 τὰ
2255 960 2314 1011 ὲν
2336 960 2449 1022 τοῖς
2479 958 2730 1028 οὐρανοῖς
2782 954 2876 1008 καὶ
2903 953 2996 1005 ἐπὶ
3023 955 3124 1020 τῆς
3151 952 3254 1021 γῆς
3280 952 3338 1001 ἐν
3365 949 3532 1018 αὐτῷ.
3559 967 3578 999 ›
3616 949 3745 1002 Μά-

2157 1049 2341 1118 θωμεν
2367 1049 2424 1102 δὲ
2474 1047 2623 1118 παρὰ
2653 1046 2754 1114 τῆς
2787 1045 3060 1116 μακαρίας
3111 1041 3341 1110 ταυτησὶ⁵
3368 1040 3612 1109 γλώττης
3639 1040 3743 1092 καὶ

2155 1142 2304 1204 ὅπως
2339 1141 2420 1193 δεῖ
2453 1139 2696 1204 δοξάζειν
2721 1139 2809 1190 τὸν
2843 1135 3158 1206 εὐεργέτην,
3194 1134 3273 1202 τῷ
3305 1133 3424 1203 Θεῷ
3447 1133 3539 1186 καὶ
3559 1133 3745 1202 Ilasz

2153 1231 2254 1302 τὴν
2293 1229 2388 1282 τοῦ
2440 1227 2677 1299 Χριστοῦ
2723 1226 3092 1296 προσηγορίαν
3124 1224 3562 1294 προσάπτοντας.
3599 1223 3740 1275 Ῥω·-

2159 1321 2340 1393 μαίοις
2367 1322 2464 1391 μὲν
2477 1321 2589 1387 γάρ
2606 1319 2938 1372 ἐπιστέλλων
2956 1311 3059 1370 ὧδέ
3078 1333 3212 1386 φησι
3227 1335 3239 1346 ο
3270 1336 3287 1366 ι
3314 1317 3387 1368 Τὸ
3402 1313 3742 1382 Εὑαγγέλιόν

2160 1427 2284 1480 μου,
2308 1410 2400 1462 καὶ
2430 1409 2492 1462 τὸ
2512 1409 2776 1478 κήρυγμα
2807 1405 2983 1476 Ἰησοῦ
3007 1405 3264 1475 Χριστοῦ,
3291 1404 3427 1457 κατὰ
3456 1405 3746 1457 ἀποκάλυ-

2156 1501 2248 1567 ψιν
2287 1499 2581 1569 μυστηρίου
2633 1497 2843 1568 χρόνοις
2873 1495 3114 1558 αἰωνίοις
3155 1497 3535 1564 σεσιγημένου,
3576 1512 3748 1562 φανε-

2160 1586 2423 1656 ρωθέντος
2446 1603 2505 1638 τε
2527 1584 2620 1639 νῦν
2644 1585 2732 1638 διά
2754 1602 2811 1637 τε
2829 1583 3060 1654 Γραφῶν
3082 1584 3433 1654 προφητικῶν
3454 1584 3573 1637 κατ’
3613 1587 3746 1637 ἐπι-

2158 1679 2330 1749 ταγὴν
2374 1678 2467 1732 τοῦ
2518 1677 2734 1731 αίωνίου
2783 1676 2942 1737 Θεοῦ,
2976 1677 3174 1738 καὶείς
3205 1675 3454 1746 ὑπακοὴν
3495 1675 3749 1738 πίστεως

2090 1749 2128 1802 Β
2159 1771 2238 1832 είς
2268 1771 2446 1822 πάντα
2483 1769 2553 1822 τὰ.
2596 1768 2720 1837 ἔθνη
2756 1766 3177 1836 γνωρισθέντος,
3233 1767 3381 1836 μόνῳ
3431 1767 3580 1834 σοφῷ
3617 1766 3752 1835 Θεῷ

2157 1862 2244 1914 διὰ
2306 1861 2478 1930 Ἰησοῦ
2528 1858 2764 1931 Χριστοῦ
2793 1901 2808 1923 ,
2951 1860 2984 1928 ἠ
3019 1857 3144 1923 δόξα
3191 1859 3267 1920 είς
3331 1860 3453 1919 τοὺς
3502 1857 3752 1919 αἰῶνας.

2170 1952 2361 2023 ’Δμήν.
2385 1971 2401 2002 ι
2449 1951 2714 2020 Ἐφεσίοις
2736 1949 2792 2003 δὲ
2840 1948 3069 2018 γράφων
3106 1948 3278 2010 οῦτως
3324 1949 3564 2018 ὕμνησε·
3612 1968 3633 1997 ε
3657 1949 3757 2018 Τῷ

2157 2046 2212 2098 δὲ
2240 2044 2520 2113 δυναμένῳ
2558 2043 2698 2111 ὑπὲρ
2737 2042 2915 2094 πάντα
2968 2040 3192 2108 ποιῆσαι
3243 2039 3381 2108 ὑπὲρ
3426 2039 3491 2091 ὲκ
3552 2055 3758 2108 περισ-

2160 2135 2254 2189 σοῦ
2283 2131 2358 2192 ὧν
2385 2133 2704 2203 αἰτούμεθα,
2739 2133 2770 2201 ἢ
2806 2130 3056 2199 νοοῦμεν,
3090 2131 3228 2182 κατὰ
3253 2131 3349 2196 τὴν
3379 2129 3615 2197 δύναμιν
3651 2129 3756 2200 τὴν

2158 2227 2556 2298 ἐνεργουμένην
2590 2227 2648 2277 ὲν
2675 2226 2829 2293 ἡμῖν,
2856 2221 3005 2291 αὐτῷ
3096 2221 3224 2285 δόξα
3273 2223 3331 2272 ὲν
3382 2223 3446 2290 τῇ
3499 2221 3749 2289 Ἐκκληι

2162 2318 2254 2388 atq.
2303 2319 2360 2371 ἐν
2410 2316 2631 2388 Χριστῷ
2676 2313 2853 2385 Ἰησοῦ
2911 2313 2992 2375 είς
3039 2313 3220 2376 πάσας
3270 2312 3368 2375 τὰς
3416 2313 3618 2379 γενεάς
3651 2313 3750 2366 τοῦ

2160 2408 2354 2472 αἰῶνος
2387 2407 2494 2461 τῶν
2525 2406 2758 2461 αίὼνων.
2798 2406 2992 2478 ’Δμήν.
3027 2427 3043 2458 ι
3072 2407 3182 2459 Καὶ
3217 2404 3410 2475 μικρὸν
3438 2403 3497 2456 δὲ
3531 2403 3749 2457 τούτων

2160 2498 2468 2570 ἔμπροσθεν
2519 2497 2692 2559 οὕτως
2722 2498 2827 2567 ἔφη
2850 2514 2864 2528 ο
2905 2516 2923 2548 ‹
2953 2495 3156 2550 Τούτου
3189 2494 3351 2564 χάριν
3388 2495 3640 2562 κάμπτω
3675 2497 3748 2548 τα

2159 2591 2360 2660 γόνατά
2395 2607 2495 2659 μου
2530 2589 2667 2658 πρὸς
2696 2588 2784 2640 τὸν
2817 2588 3033 2659 Πατέρα
3058 2586 3152 2639 τοῦ
3191 2586 3397 2657 Κυρίου
3431 2587 3596 2655 ἡμῶν
3649 2587 3750 2655 Ἰηο

2160 2681 2254 2734 σοῦ
2284 2678 2540 2749 Χριστοῦ,
2577 2679 2636 2745 ἐξ
2671 2675 2731 2733 οῦ
2757 2681 2904 2731 πᾶσα
2940 2676 3146 2748 πατριὰ
3190 2679 3246 2729 ἐν
3275 2675 3489 2745 οὐρανῷ
3516 2676 3616 2728 καὶ
3656 2678 3750 2728 ἐπὶ

2158 2773 2263 2841 γῆς
2321 2771 2664 2841 ὀνομάζεται.
2698 2789 2716 2820 ι
2777 2771 2887 2823 Καὶ
2950 2770 3089 2837 μετὰ
3150 2766 3413 2820 πλεῖστα·
3454 2767 3752 2837 «Εὺχιρι-

2161 2862 2415 2932 στοῦμεν,
2449 2861 2602 2930 φησὶ,
2648 2861 2878 2913 πάντοτε
2910 2859 3050 2929 ὑπὲρ
3087 2859 3300 2911 πάντων
3335 2858 3490 2926 ὑμῶν
3540 2860 3597 2910 ὲν
3625 2860 3754 2912 ἀνάτ-

2161 2969 2293 3022 ματι
2316 2949 2409 3004 τοῦ
2450 2950 2654 3018 Κυρίου
2687 2947 2842 3018 ἡμῶν
2888 2944 3064 3015 Ἰησοῦ
3102 2942 3360 3014 Χριστοῦ,
3393 2943 3471 3011 τῷ
3505 2943 3634 3012 Θεῷ
3654 2944 3752 2995 καὶ

2159 3041 2351 3112 Πατρί.
2379 3060 2396 3092 ι
2437 3041 2547 3094 Καὶ⁸
2572 3040 2751 3110 μέντοι
2785 3037 2877 3090 καὶ
2903 3037 3000 3106 τὴν
3027 3033 3399 3102 Φιλιππησίων
3428 3033 3751 3104 φιλοτιμίαν

2158 3137 2279 3197 ταῖς
2313 3133 2582 3200 εὐλογίαις
2613 3130 2913 3200 ἠμείψατο·
2956 3146 2975 3178 ι
3017 3127 3074 3182 ὐ
3105 3128 3161 3180 δὲ
3205 3125 3333 3186 Θεός
3381 3143 3481 3195 μου
3516 3125 3743 3195 πληρὼ-

2159 3243 2251 3277 σαι
2288 3226 2467 3278 πᾶσαν
2515 3223 2702 3292 χρείαν
2733 3220 2884 3290 ὑμῶν
2917 3218 3058 3272 κατὰ
3105 3218 3196 3270 τὸν
3231 3215 3460 3268 πλοῦτον
3486 3215 3662 3268 αὑτοῦ
3695 3218 3752 3267 ἐν

2157 3314 2282 3384 δόξῃ
2310 3316 2365 3366 ἐν
2398 3312 2617 3383 Χριστῷ
2659 3310 2855 3380 Ἰησοῦ·
2886 3329 2902 3360 ³
2953 3308 3228 3378 Ἑϐραίοις
3262 3306 3318 3358 δὲ
3362 3304 3538 3368 οὕτως
3582 3304 3755 3373 ἑπτδῶ

2160 3406 2285 3470 ξατο
2309 3422 2323 3434 ·
2361 3423 2380 3456 ι
2416 3405 2474 3458 Ὀ
2507 3404 2564 3458 δὲ
2588 3402 2719 3466 Θεὸς
2761 3403 2857 3471 τῆς
2883 3401 3127 3472 εἰρήνης,
3164 3401 3191 3453 ὁ
3214 3397 3504 3466 ἀναγαγὼν
3538 3399 3602 3448 ἐκ
3631 3397 3753 3447 τῶν

2157 3497 2365 3567 νεκρῶν
2399 3496 2489 3549 τὸν
2527 3496 2758 3566 ποιμένα
2783 3493 2887 3547 τῶν
2910 3491 3198 3564 προϐάτιον
3234 3491 3320 3543 τὸν
3350 3491 3520 3559 μέγαν
3555 3490 3614 3539 ἐν
3657 3489 3758 3541 αῖ-

2161 3607 2290 3660 ματι
2338 3588 2605 3657 ’διαθήκης
2636 3584 2877 3648 αἰωνίου,
2928 3587 3018 3636 τὸν
3065 3583 3269 3652 Κύριον
3302 3580 3448 3650 ἡμῶν
3486 3579 3752 3646 Ἰησοῦν,

2159 3680 2484 3750 καταρτίσαι
2515 3679 2658 3749 ὑμᾶς
2688 3679 2744 3728 ἐν
2776 3678 2936 3730 παντὶ
2967 3676 3112 3747 ἔργῳ
3136 3673 3346 3743 ἀγαθῷ,
3373 3673 3447 3734 είς
3478 3671 3538 3722 τδ
3573 3673 3755 3741 ποιῆ-

2159 3788 2248 3824 σαι
2286 3770 2346 3823 τὸ
2393 3769 2607 3838 θέλημα
2646 3768 2836 3830 αὑτοῦ,
2872 3768 3039 3820 ποιῶν
3069 3769 3127 3818 ἐν
3178 3766 3304 3834 ὑμῖν
3338 3763 3398 3815 τὸ
3443 3762 3753 3830 εὐάρεστον

2157 3861 2385 3914 ἐνώπιον
2411 3861 2574 3914 αὑτοῦ
2603 3859 2690 3913 διὰ
2727 3859 2899 3927 Ἰησοῦ
2933 3857 3191 3929 Χριστοῦ,
3220 3850 3261 3924 ᾧ
3285 3858 3316 3925 ἡ
3338 3856 3464 3921 δόξα
3503 3857 3586 3915 είς
3619 3857 3753 3916 τοὶς

2157 3953 2380 4016 αίῶνας.
2433 3952 2626 4022 Ἀμήν.
2655 3969 2672 4002 ι
2703 3952 2776 4003 Οῦ
2817 3951 2976 4020 μόνον
3025 3949 3081 4002 δὲ
3128 3947 3444 4017 δοξολογῶν,
3478 3947 3619 3999 ἀλλὰ
3658 3949 3752 3998 καὶ

2157 4041 2570 4114 παραγγέλλων,
2617 4041 2709 4093 καλ.
2757 4039 3284 4111 διαμαρτυρόμενος,
3339 4036 3606 4090 συνάπτει
3656 4036 3750 4089 τὸν

2155 4133 2389 4206 Χριστὸν
2413 4133 2490 4204 τῷ
2516 4133 2634 4202 Θεῷ
2675 4133 2769 4186 καὶ
2798 4132 2992 4201 Πατρί.
3027 4133 3140 4184 Καὶ
3173 4131 3247 4200 τῷ
3290 4129 3550 4200 μακαρίῳ
3577 4129 3752 4193 Τιμο-

2156 4227 2262 4296 θέῳ
2290 4225 2514 4295 γράφων
2549 4223 2644 4295 βοᾷ
2667 4240 2679 4254 ·
2709 4243 2724 4273 ι
2748 4224 3199 4293 Διαμαρτύρομαι
3223 4221 3452 4273 ἐνώπιον
3482 4219 3579 4271 τοῦ
3605 4218 3749 4271 Θεοῦ

2157 4319 2251 4371 καὶ
2300 4315 2475 4386 Ἰησοῦ
2505 4313 2762 4382 Χριστοῦ.
2793 4335 2808 4364 ι
2841 4315 2950 4367 Καὶ
2974 4313 3162 4366 πάλιν·
3199 4332 3216 4363 ι
3249 4312 3633 4380 Παραγγέλλω
3663 4327 3749 4363 σοι

478 4390 748 4446 inhabitat
808 4394 1292 4452 inaccessibilem:
1338 4416 1501 4468 quem
1552 4403 1735 4458 nullus
1769 4405 2051 4462 hominum

2160 4409 2387 4463 ἐνώπιον
2433 4408 2526 4460 τοῦ
2557 4408 2690 4461 Θεοῦ
2743 4407 2836 4460 τοῦ
2879 4407 3270 4475 ζωογονοῦντος
3302 4406 3368 4458 τὰ
3415 4407 3620 4468 πάντα,
3655 4406 3753 4457 καὶ

476 4482 630 4546 vidit,
669 4485 764 4538 sed
799 4502 901 4540 nec
933 4487 1117 4543 videre
1139 4498 1337 4559 potest,
1363 4492 1449 4545 cui
1480 4493 1656 4547 honor
1679 4503 1731 4548 et
1763 4496 2050 4566 imperium

475 4575 889 4642 sempiternum.
915 4579 1086 4633 Amen
1119 4581 1159 4635 θ.
1189 4601 1206 4632 ι

2162 4499 2396 4574 Χριστοῦ
2460 4498 2652 4568 Ἰησοῦ.
2719 4499 2811 4552 τοῦ
2874 4500 3324 4570 μαρτυρήσαντος
3371 4497 3465 4549 ἐπὶ
3514 4497 3749 4548 Ποντίου

2165 4593 2392 4647 Πιλάτου
2419 4590 2518 4660 τὴν
2545 4589 2712 4660 καλὴν
2755 4589 3066 4658 ὁμολογίαν,
3098 4588 3334 4658 τηρῆσαί
3369 4603 3430 4639 σε
3457 4586 3558 4655 τὴν
3594 4588 3752 4637 ἐντο-

476 4663 573 4732 λὴν
609 4665 833 4719 ἅδπιλον
870 4669 1232 4740 ἀνεπίληπτθν
1267 4673 1426 4743 μέχρι
1457 4679 1553 4746 τῆς
1606 4676 1925 4748 imiimi/sia;
1950 4686 2042 4739 τοῦ
2080 4688 2281 4755 Κυρίου
2329 4684 2486 4755 ἡμῶν
2531 4683 2705 4752 Ἰησοῦ
2771 4681 3028 4752 Χριστοῦ,
3056 4682 3121 4752 ἣν
3182 4682 3398 4752 καιροῖς
3449 4679 3607 4740 ἰδίοις
3639 4679 3752 4729 δεί-

478 4759 556 4826 ξει
588 4763 614 4814 ὁ
653 4763 920 4832 μακάριος
949 4765 1039 4818 καὶ
1091 4768 1247 4836 μόνος
1275 4768 1561 4840 δυνάστης,
1593 4773 1620 4824 ό
1649 4773 1899 4842 βασιλεὺς
1929 4778 2035 4830 τῶν
2078 4779 2468 4848 βασιλευόντων
2493 4816 2507 4838 ,
2536 4777 2628 4828 καὶ
2695 4774 2898 4844 Κύριος
2958 4775 3062 4826 τῶν
3099 4773 3482 4844 κυριευόντων,
3516 4775 3546 4824 ὁ
3584 4771 3750 4838 μόνος

3233 4860 3259 4879 τ

477 4856 612 4924 ἔχων
653 4856 972 4920 ἀθανασίαν,
1003 4859 1117 4925 φῶς
1152 4862 1314 4915 οἰκῶν
1361 4863 1681 4934 ἀπρόσιτον·
1713 4866 1770 4920 ὃν
1799 4864 1935 4923 εἶδεν
1996 4872 2166 4937 οὐδεὶς
2222 4872 2544 4942 ἀνθρώπων,
2576 4871 2699 4925 οὔτε
2765 4872 2890 4923 ἰδεῖν
2941 4868 3196 4922 δύναταιο
3227 4860 3269 4934 ᾧ
3303 4865 3439 4936 τιμὴ
3469 4866 3568 4918 καὶ
3606 4868 3750 4938 κρά-

475 4964 566 5009 τος
592 4947 825 5002 αἰώνιον.
877 4949 1066 5017 Ἀμήν.

548 5065 670 5120 Haec
729 5084 758 5122 a
814 5069 1016 5123 divinis
1055 5071 1318 5139 apostolis
1363 5072 1676 5137 didicimus,
1729 5076 1868 5130 hanc
1893 5079 2053 5132 nobis

475 5159 786 5213 doctrinam
835 5169 888 5214 et
917 5161 1157 5216 Joannes
1195 5169 1252 5216 et
1276 5163 1581 5228 Matthaaus,
1615 5167 2053 5234 evangelicarum

477 5251 852 5305 narrationum
876 5252 1022 5307 ﬁuvii
1049 5253 1290 5316 maximi,
1317 5257 1686 5324 protulerunt.
1716 5257 1814 5312 Hic
1832 5260 2054 5328 quidem

477 5343 668 5398 dicens
698 5360 711 5396 :
757 5361 776 5394 ι
806 5343 972 5398 Liber
1007 5347 1381 5414 generationis
1415 5349 1544 5404 Jesu
1583 5347 1787 5404 Christi
1825 5350 1921 5405 ﬁlii
1957 5353 2059 5406 Da-

479 5433 641 5496 vidis,
689 5433 785 5487 ﬁlii
826 5435 1058 5490 Abrahae
1107 5438 1186 5502 ¹⁶;
1227 5460 1243 5490 ν
1281 5441 1370 5495 ille
1399 5456 1527 5495 vero
1563 5456 1682 5510 qum
1711 5451 1836 5496 ante
1861 5443 2056 5498 sarcina

559 5635 570 5664 '
609 5634 808 5703 Ephes.
848 5653 884 5695 l,
922 5639 977 5689 9.
1051 5641 1069 5668 ’
1101 5641 1255 5692 Boni.
1289 5657 1394 5700 xvi,
1424 5640 1606 5693 25—27.

490 5707 505 5736 ⁷
545 5703 708 5760 Hebr.
737 5721 846 5768 xui,
885 5707 974 5773 ‘20,
1007 5708 1094 5762 2|.
1172 5711 1191 5738 "
1229 5710 1270 5763 ll
1297 5710 1436 5763 'l‘im.
1472 5727 1540 5776 tv,
1584 5713 1642 5766 15

1684 5643 1702 5672 3
1735 5643 1910 5679 Fuitne
1974 5660 2027 5679 Ill
2080 5645 2111 5679 ςι)

1735 5643 1931 5709 ΕνΙιρς,
1974 5660 2048 5702 Ill,
2080 5643 2166 5696 ‘20.
2268 5644 2287 5672 ⁸
2324 5643 2456 5694 ibid.
2491 5643 2567 5693 ιι.
2661 5643 2680 5668 ⁵
2718 5643 2830 5708 Eph

1743 5714 1760 5742 ⁹
1793 5715 1808 5767 l
1846 5713 1983 5766 Tim.
2015 5729 2087 5775 vt,
2119 5712 2275 5765 13-16
2304 5728 2384 5780 sq.
2430 5713 2469 5741 ¹⁰
2505 5710 2690 5764 Matth.
2727 5711 2837 5773 ι,1.

2231 5077 2416 5131 Ταῦτα
2452 5074 2604 5144 παρά
2645 5073 2756 5126 τῶν
2785 5073 2944 5126 Θείων
2999 5071 3356 5141 ἐδιδάχθημεν
3398 5071 3749 5134 ἀποστόλων,

2161 5171 2361 5240 ταύτην
2403 5168 2497 5220 καὶ
2545 5167 2798 5231 Ἰωάννης
2832 5166 2928 5217 καὶ
2987 5163 3285 5236 Ματθαῖος.
3316 5163 3428 5216 τῶν
3457 5165 3750 5232 εὐαγγελιο

2163 5263 2274 5315 κῶν
2302 5259 2673 5330 κηρυγμάτων
2706 5261 2755 5311 οί
2792 5258 3040 5328 μέγιστοι
3077 5258 3332 5327 ποταμοὶ,
3354 5259 3456 5327 τὴν
3476 5258 3748 5310 5:51:22-

2162 5352 2280 5404 λίαν
2341 5352 2470 5419 ἡμῖν
2525 5350 2934 5420 προσήνεγκανο
2995 5349 3023 5399 ὁ
3083 5347 3180 5417 μὲν
3238 5345 3442 5398 εἰπών·
3506 5346 3746 5406 «Βίϐλκ

2167 5442 2427 5509 γενέσεως
2455 5441 2629 5510 Ἰησοῦ
2651 5438 2886 5510 Χριστοῦ
2913 5438 3030 5491 υἱοῦ
3055 5438 3238 5502 Δαεὶδ,
3270 5437 3384 5489 υἱοῦ
3417 5439 3672 5508 Ἁϐραάμ
3694 5456 3742 5490 ἰ

2268 5644 2287 5672 ⁸
2324 5641 2456 5694 ibid.
2491 5642 2567 5693 ll.
2661 5641 2680 5668 ⁵
2718 5641 2915 5708 pres.
2947 5639 3108 5705 ν,ἓῆ
3223 5639 3244 5667 ⁸
3272 5636 3514 5708 Philipp.
3549 5655 3623 5701 tv,
3657 5638 3737 5692 l9.

2661 5641 2680 5668 ⁵
2718 5641 2915 5708 Ephes.
2947 5657 2998 5705 v,
3020 5639 3108 5692 ‘20.
