3962 6204
784 181 817 197 \

303 265 436 332 “09
1592 260 1954 322 EPISTOLA
1988 261 2268 324 CXLVII.
2361 228 2367 235 ’
2438 272 2441 281 ν
3409 260 3545 329 tm

297 375 328 424 ὁ
355 371 411 424 δέ
443 370 513 423 τὰ
561 369 666 440 πρὸ
707 369 813 422 τῶν
863 368 1074 422 αίώνων
1104 364 1383 446 ⁸ἐπιδείξεις
1403 380 1416 393 ·
1454 385 1472 416 ι
1510 364 1601 420 Ἐν
1628 366 1770 438 ἀρχῇ
1801 361 1861 437 ἦν

1976 366 2125 422 fuere
2177 364 2538 422 manifestans
2575 384 2587 417 .'
2650 384 2666 414 ι
2699 365 2755 419 1η
2808 364 3080 436 principio
3119 374 3240 422 erat
3278 368 3540 437 Verbum,

300 463 328 514 ὁ
359 462 546 529 ⁴λόγος,
579 460 671 513 καὶ
702 460 729 513 ό
761 459 929 529 Λόγος
963 454 1031 529 ἦν
1059 458 1195 528 πρὸς
1227 457 1318 510 τὸν
1341 456 1492 519 Θεὸν,
1523 455 1619 509 καὶ
1647 456 1779 521 Θεὸς
1800 454 1864 528 ἦν

1979 466 2031 511 et
2065 456 2307 512 Verbum
2339 465 2460 512 erat
2490 456 2950 527 apud.Deum,et
2970 458 3117 513 Deus
3134 468 3254 513 erat
3280 459 3543 523 Verbum.

300 555 328 603 ὁ
360 551 545 618 Λόγος.
573 542 741 613 Οὗτος
770 545 837 619 ἦν
873 551 929 602 ἐν
954 550 1101 619 ἀρχῇ
1136 547 1273 619 πρὸς
1301 547 1394 601 τὸν
1441 547 1606 599 Θεόν’
1645 548 1740 600 καὶ
1788 549 1864 603 ὃτι

1984 547 2092 602 Hoc
2148 558 2271 603 erat
2315 548 2371 603 in
2416 548 2689 619 principio
2736 548 2885 619 apud
2912 549 3106 616 Deum,
3152 560 3209 606 et
3238 553 3421 609 omnia
3448 569 3548 626 per

301 630 476 694 πάντα
506 639 573 693 δι’
593 638 759 692 αὑτοῦ
792 639 1011 707 ἐγένετο
1036 637 1173 708 (Ξῖἰ).
1209 656 1229 688 ι

1071 637 1173 707 ὶῖἰ).
1209 656 1229 688 ι
1976 639 2156 709 ipsum
2188 640 2332 695 facta
2363 650 2493 695 sunt
2522 641 2586 694 “.
2617 659 2635 692 ι

1896 785 1970 801 ιη-

298 862 512 935 1275
528 865 890 950 Sequuntur
911 864 1229 950 Epistolas,
1255 886 1410 950 quit,
1444 887 1480 927 a
1504 867 1838 950 Sirmondo
1871 870 1937 930 in
1956 868 2263 950 uolumine
2288 867 2687 950 epistolarum
2713 868 3081 950 Theodoreti
3096 880 3546 950 pratermtssw,

662 947 731 1006 in
766 946 1061 1009 Garnert'i
1103 945 1402 1029 {acturio
1449 955 1503 1005 et
1521 945 1700 1029 ΔιιίὶίέὶΔ
1732 947 1912 1029 edita:
1954 949 2247 1029 fuerunt;
2286 945 2623 1029 secundum
2670 948 2975 1029 ordinem,
3017 945 3193 1029 quem

1115 1025 1460 1086 Garnerius
1507 1026 1598 1105 ini
1624 1024 1996 1105 Theodoreti
2030 1025 2432 1104 aliorumque
2461 1026 2741 1105 epistolis

1399 1103 1853 1164 constituendis
1885 1102 2263 1167 observavit.

402 1226 574 1283 PMZ'.
603 1257 673 1268 —
705 1227 947 1298 Ἰωάννῃ
978 1228 1289 1294 ἐπισκόπει)
1316 1228 1884 1308 religat-metuam).

1825 1231 1884 1303 ἲ).
2113 1228 2364 1283 CXLVII.
2409 1259 2470 1270 —--
2503 1227 2701 1312 Joantm'
2732 1227 2986 1298 Episcopo
3026 1227 3389 1284 Germaniciv.

368 1340 449 1395 Τὰ
481 1341 578 1411 μὲν
611 1341 851 1411 πρότερα
884 1338 1187 1411 γράμματα
1213 1340 1315 1410 τῆς
1354 1339 1455 1411 σῆς
1480 1339 1757 1411 ὁσιότητος
1778 1339 1869 1393 εὑ-

2043 1341 2126 1396 Ad
2160 1342 2374 1412 priores
2406 1342 2716 1396 sanctitatis
2742 1352 2849 1396 tuae
2879 1341 3093 1396 litteras
3133 1344 3389 1414 rescripsi
3423 1358 3547 1399 cum

296 1429 394 1494 θὺς
420 1430 711 1500 δεξάμενος
745 1430 1140 1509 ᾁντιγέγραφα.
1171 1429 1307 1503 Περὶ
1334 1429 1391 1482 δὲ
1436 1430 1546 1484 τῶν
1571 1430 1860 1501 προκειμέ-

1983 1434 2215 1506 primum
2268 1434 2475 1503 accepi.
2520 1434 2598 1488 De
2639 1432 2897 1503 praesenti
2938 1442 3121 1489 autem
3170 1450 3355 1491 rerum
3406 1444 3547 1491 statu

296 1538 401 1573 νων
434 1520 584 1573 οὐδέν
611 1522 757 1573 ἐστιν
784 1519 1002 1572 ἐλπίσαι
1025 1518 1279 1589 χρηστόν.
1304 1518 1415 1588 Τῆς
1438 1517 1547 1589 γὰρ
1574 1516 1860 1581 παντελοῦς

1988 1525 2117 1579 nihil
2167 1524 2299 1579 boni
2351 1539 2574 1593 sperare
2618 1523 2770 1585 licet,
2808 1522 3242 1593 defectionisque
3290 1525 3552 1581 absolutae

294 1609 631 1675 ἁποστασίας
670 1609 1038 1678 ὑπολαμϐάνω
1084 1608 1259 1663 ταῦτα
1302 1605 1441 1662 εἶναι
1490 1607 1767 1679 προοίμια.
1798 1608 1858 1660 Τί

1983 1615 2135 1670 initia
2168 1615 2287 1670 haec
2317 1630 2438 1671 esse
2462 1613 2719 1668 arbitror.
2749 1612 2905 1679 Quod
2926 1613 3075 1667 enim
3104 1613 3181 1678 bi,
3219 1614 3433 1685 1276
3455 1615 3547 1683 qui

294 1702 402 1773 γὰρ
449 1702 577 1766 τοὺς
634 1701 967 1773 θρηνοῦντας
1010 1702 1078 1755 τὰ
1129 1700 1271 1755 κατὰ
1306 1699 1447 1770 βίαν,
1474 1700 1547 1763 ὣς
1585 1716 1768 1768 φασιν,
1812 1700 1858 1752 ἐκ

1985 1722 2067 1761 res
2091 1720 2189 1776 per
2213 1706 2346 1770 vim,
2392 1713 2454 1759 ut
2493 1704 2805 1774 perhibent,
2858 1703 3060 1773 Ephesi
3109 1712 3289 1775 gestas
3322 1703 3549 1770 deﬂent,

306 1793 517 1863 Ἐφέσῳ
538 1792 878 1861 γεγενημένα
902 1790 976 1861 μὴ
1001 1789 1421 1861 μεταμέλεσθαι,
1452 1788 1566 1842 ἀλλ’
1588 1788 1870 1857 ἐπιμένειν

1988 1807 2217 1855 mentem
2255 1812 2367 1851 non
2417 1803 2652 1860 mutant,
2700 1795 2796 1851 sed
2850 1795 2907 1851 in
2951 1795 3020 1850 iis
3061 1803 3386 1865 permanent
3430 1810 3552 1864 quae

292 1885 407 1944 τοῖς
449 1882 787 1952 παρανόμοις
840 1880 970 1952 παρ’
1002 1880 1181 1934 αὐτῶν
1235 1879 1601 1950 τολμηθεῖσιν,
1648 1878 1741 1932 καὶ
1775 1880 1856 1932 ἐπ·

1989 1891 2166 1938 :ontra
2194 1884 2342 1955 leges
2360 1890 2680 1953 patrarunt,
2721 1891 2777 1938 et
2815 1883 3140 1954 injustitiam
3168 1884 3333 1938 simul
3359 1883 3553 1954 impie-

293 1974 597 2043 οικοδομεῖν
626 1971 767 2026 κατὰ
792 1972 988 2025 ταυτὸν
1025 1971 1126 2043 τήν
1155 1989 1217 2025 τε
1251 1970 1462 2026 ἀδικίαν
1498 1970 1593 2024 καὶ
1614 1969 1714 2040 τὴν
1745 1969 1857 2023 ἀσέ-

1984 1984 2265 2047 talemque
2298 1983 2690 2046 superstruunt
2744 1991 2759 2030 :
2805 1974 2897 2030 alii
2942 1991 3074 2031 vero
3114 1991 3218 2031 nec
3258 1976 3548 2031 consilium

296 2064 467 2125 ϐειαν,
499 2065 594 2117 καὶ
626 2063 687 2117 τὸ
729 2064 855 2126 τοὺς
906 2061 1099 2127 ἄλλους
1161 2063 1298 2135 μήτε
1345 2060 1755 2132 συμϐουλεύειν,
1788 2060 1860 2115 ἵνα

1984 2068 2107 2124 dant
2130 2075 2192 2124 ut
2223 2069 2441 2139 ejurent
2459 2084 2581 2139 qua:
2604 2076 2816 2139 patrata
2853 2076 3001 2133 sunt,
3033 2083 3138 2123 nec
3160 2084 3351 2125 eorum
3374 2068 3470 2139 qui
3493 2067 3548 2122 in

295 2156 479 2217 αὐτοῖς
522 2152 791 2226 ἐξαρνηθῇ
833 2152 901 2207 τὰ
932 2152 1462 2225 τολμηθένταρμήτε
1504 2153 1859 2223 ἐπιμενόντωπ

1987 2175 2264 2229 perperam
2309 2158 2480 2229 gestis
2517 2168 2876 2229 perseverant
2914 2158 3359 2214 communionem
3400 2156 3551 2213 devi-

296 2239 377 2309 οῖς
416 2245 752 2316 παρανόμως
806 2245 1039 2315 ἔδρασαν
1092 2244 1313 2315 φεύγειν
1346 2244 1447 2318 τὴν
1480 2245 1786 2310 κοινωνίαν,
1822 2262 1860 2297 τι

1984 2260 2115 2316 tant,
2158 2251 2290 2322 quid
2327 2250 2459 2305 boni
2495 2267 2719 2321 sperare
2766 2251 3086 2323 permittit?
3132 2251 3348 2308 Etenim
3398 2249 3443 2304 si
3484 2264 3548 2304 ea

296 2338 405 2391 τῶν
441 2337 692 2408 χρηστῶν
739 2338 981 2402 ἐλπίζειν
1010 2339 1113 2409 ἐᾷς
1148 2340 1217 2392 Ἐἰ
1250 2339 1347 2409 μὲν
1372 2340 1482 2411 γὰρ
1526 2338 1759 2410 ἐπῄνουν
1805 2336 1860 2390 τὰ

1984 2357 2097 2412 qua:
2132 2343 2272 2396 facta
2302 2350 2451 2407 sunt,
2488 2350 2749 2412 tanquam
2798 2342 2939 2398 bene
2965 2357 3029 2397 ac
3074 2350 3222 2397 recte
3255 2348 3406 2411 gesta
3428 2339 3548 2397 lau-

293 2427 640 2498 γεγενημένα
687 2426 762 2489 ὡς
809 2423 870 2480 εὖ
917 2429 1011 2481 καὶ
1044 2428 1226 2492 καλῶς
1256 2428 1467 2499 ἔχοντα,
1503 2431 1730 2493 είκότως
1760 2431 1857 2493 τοῖς

1982 2433 2185 2497 darent,
2208 2433 2335 2502 jure
2373 2433 2426 2486 in
2452 2432 2522 2487 iis
2551 2450 2672 2503 qua:
2707 2433 2812 2504 ipsi
2832 2432 3123 2489 laudarent
3162 2432 3546 2502 persisterent.

296 2519 445 2590 παρὰ
473 2518 623 2587 σφῶν
647 2518 1060 2589 ἐπαινουμένοις
1082 2519 1364 2588 ἐπέμενον.
1394 2521 1456 2573 Εἰ
1480 2520 1536 2573 δὲ
1563 2519 1860 2591 θρηνοῦσιν,

1984 2520 2042 2574 At
2075 2521 2121 2574 si
2164 2521 2388 2589 lugent,
2443 2529 2503 2573 ut
2548 2521 2776 2584 dicunt,
2824 2528 2881 2574 et
2914 2518 2966 2574 vi
3014 2533 3079 2573 ac
3113 2517 3443 2573 necessitate
3467 2513 3548 2569 fe-

295 2610 371 2673 ὡς
397 2609 665 2677 λέγουσιν,
713 2610 807 2662 καὶ
839 2610 1052 2680 ἀνάγκῃ
1082 2611 1177 2664 καὶ
1204 2608 1294 2682 βίᾳ
1323 2609 1497 2663 ταῦτα
1528 2610 1859 2682 πεπραχέναι

1984 2611 2115 2666 cisse
2173 2627 2232 2665 se
2290 2610 2468 2673 aiunt,
2526 2626 2627 2664 cur
2680 2626 2789 2663 non
2856 2608 3150 2677 repudiant
3200 2622 3323 2677 quae
3361 2612 3548 2660 contra

299 2699 451 2769 φασὶ,
486 2698 539 2751 τί
584 2699 785 2769 δήποτε
830 2699 905 2769 μὴ
948 2699 1060 2769 (27)
1095 2698 1444 2770 ἐξαρνοῦνται
1472 2701 1508 2755 ἃ
1541 2703 1863 2771 παρανόμως

1986 2715 2118 2771 eges
2149 2698 2557 2771 egerunt,‘sed
2622 2697 2768 2767 quod
2809 2711 3049 2766 prasens
3115 2704 3236 2761 est,
3297 2693 3550 2765 quamvis

296 2776 638 2859 δεδράκασιν,
671 2786 808 2840 ἀλλὰ
842 2787 901 2839 τὸ
926 2786 1122 2856 παρὸν,
1159 2787 1254 2840 καὶ
1280 2788 1486 2858 σφόδρα
1511 2787 1570 2841 δν
1595 2789 1860 2859 ὀλιγοχρό-

1984 2792 2154 2863 exigui
2211 2791 2282 2845 sit
2338 2790 2623 2861 temporis,
2676 2788 2863 2844 futuro
2903 2787 3200 2844 antelatum
3229 2786 3358 2843 est?
3408 2784 3548 2853 Quid

296 2894 429 2944 νιον,
454 2876 549 2932 τοῦ
582 2877 868 2948 μέλλοντος
899 2877 1332 2948 προτετίμηται;
1365 2878 1431 2930 Τί
1459 2877 1658 2948 δήποτε
1688 2878 1747 2930 δὲ
1780 2879 1860 2931 καῒ

1985 2891 2161 2939 autem
2187 2882 2352 2937 etiam
2384 2889 2572 2950 aperte
2594 2882 2961 2945 mentiuntur,
2978 2888 3032 2933 et
3059 2878 3265 2934 nullam
3287 2878 3549 2934 doctrinae

298 2969 590 3042 προφανῶς
615 2968 922 3039 ψεύδονται,
963 2968 1057 3022 καί
1083 2984 1213 3038 φασι
1246 2968 1514 3039 μηδεμίαν
1546 2968 1862 3039 γεγενῆσθαι

1986 2972 2391 3028 innovationem
2418 2970 2616 3027 factam
2655 2969 2885 3027 dicunt?
2905 2968 3179 3035 Quasnam
3196 2966 3268 3021 ob
3295 2966 3472 3022 caedes
3494 2976 3550 3022 et

298 3061 429 3133 περὶ
467 3060 530 3114 τὸ
557 3059 733 3130 δόγμα
776 3059 1156 3130 καινοτομίαν;
1202 3058 1302 3112 Διὰ
1331 3060 1518 3123 ποίους
1546 3060 1740 3130 φόνους
1780 3060 1862 3114 καί

1984 3061 2241 3118 maleﬁcia
2266 3062 2529 3133 expulsus
2556 3077 2658 3133 ego
2685 3076 2807 3117 sum
2833 3060 2858 3114 ‘I
2888 3073 3139 3129 quaenam
3163 3058 3255 3115 hic
3277 3057 3548 3114 adulteria

298 3146 551 3222 γοητείας
602 3149 870 3220 ἐξηλάθην
934 3149 1078 3218 ἐγώ;
1116 3151 1175 3203 ’0
1233 3149 1384 3205 δεῖνά
1429 3168 1579 3216 τινας
1630 3152 1862 3223 μοιχείας

1984 3155 2294 3211 commisit?
2330 3170 2453 3224 quae
2517 3154 2774 3224 sepulcra
2830 3152 2923 3208 ille
2968 3149 3248 3221 perfodit?
3288 3148 3548 3204 Barbaris

299 3243 630 3314 ἐτόλμησεν;
658 3240 853 3303 Ποίους
900 3242 927 3293 ὁ
957 3240 1103 3293 δεῖνα
1129 3238 1389 3310 διώρυξεν
1420 3240 1655 3308 τάφους;
1703 3240 1863 3310 Δῆλόν

1985 3246 2106 3316 ipsis
2127 3254 2475 3315 perspectum
2507 3254 2592 3299 est
2616 3245 2738 3299 illos
2765 3252 2878 3300 tum
2920 3259 3029 3309 me,
3068 3251 3184 3299 tum
3225 3242 3382 3309 alios,
3417 3239 3549 3312 dog-

296 3336 413 3388 ἐστι
454 3335 549 3388 καὶ
589 3336 702 3397 τοῖς
750 3331 1064 3403 βαρϐάροις.
1104 3330 1178 3392 ὡς
1215 3330 1500 3401 δογμάτων
1533 3330 1693 3400 χάριν
1727 3330 1860 3401 κάμὲ

1985 3345 2182 3391 rnatum
2241 3350 2407 3389 causa
2461 3333 2708 3405 ejecisse.
2765 3335 2902 3390 Nam
2946 3341 3003 3389 et
3032 3336 3053 3356 ‘
3098 3333 3384 3389 dominum
3430 3331 3549 3387 .Do-

296 3426 390 3479 καὶ
422 3424 551 3488 τοὺς
580 3423 774 3485 ἄλλους
801 3421 1090 3491 ἐξήλασαν.
1132 3421 1241 3474 Καὶ
1291 3421 1402 3491 γὰρ
1436 3419 1528 3474 τδν
1559 3420 1746 3490 κύριον
1774 3421 1860 3474 Δό-

1980 3439 2185 3491 mnum,
2233 3424 2379 3495 quod
2414 3423 2665 3494 Capitula
2716 3440 2828 3479 non
2868 3424 3161 3493 reciperet,
3206 3425 3313 3479 viri
3351 3422 3544 3494 optimi

299 3534 449 3586 μνον,
479 3516 557 3579 ὡς
607 3515 677 3569 τὰ
710 3512 981 3582 κεφάλαια
1038 3510 1141 3583 μὴ’
1168 3510 1481 3582 δεξάμενον,
1530 3511 1778 3566 καθεῖλον
1823 3513 1863 3566 ol

1985 3515 2370 3586 deposuerunt,
2403 3514 2552 3569 omni
2592 3514 2752 3571 laude
2776 3514 2938 3585 digna
2966 3514 3082 3569 haec
3103 3512 3455 3578 aﬂirmantes,
3491 3523 3549 3569 et

297 3608 585 3678 βέλτιστοι,
614 3604 953 3674 πανεύφημα
984 3601 1160 3658 ταῦτα
1188 3602 1537 3669 καλέσαντες,
1570 3602 1663 3657 καὶ
1699 3602 1861 3675 ἐμμέ.

1981 3605 2027 3661 in
2054 3605 2143 3660 his
2165 3619 2224 3660 se
2261 3603 2611 3673 acquiescere
2636 3601 2989 3673 proﬁtentes;
3019 3619 3210 3663 eorum
3240 3602 3385 3659 enim
3418 3619 3545 3674 pro-

260 3717 409 3753 Nstv
462 3696 673 3758 τούτοις
716 3694 1166 3765 ὁμολογήσαντες.
1233 3692 1374 3762 Ἐγὼ
1402 3692 1512 3764 γὰρ
1552 3692 1733 3748 αὐτῶν
1772 3694 1824 3747 τί

1982 3696 2242 3753 Γεεείοιιεε
2272 3710 2374 3767 ego
2406 3694 2550 3767 legi:
2583 3710 2672 3750 me
2703 3708 2838 3751 vero
2862 3695 3014 3753 velut
3041 3694 3313 3751 haereseos
3343 3687 3546 3765 princi-

297 3786 616 3850 καταθέσεις
642 3785 903 3854 ἀνέγνων·
928 3785 1027 3855 ἐμὲ
1056 3784 1112 3837 δὲ
1135 3783 1208 3848 ὡς
1235 3784 1333 3855 τῆς
1362 3784 1624 3853 αἱρέσεως
1645 3783 1861 3855 ἔξαρχον

1980 3801 2097 3857 pem
2130 3785 2481 3851 abdicarunt,
2525 3794 2583 3841 et
2619 3785 2759 3841 alios
2787 3788 2994 3856 pariter
3030 3785 3280 3841 eamdem
3317 3786 3388 3842 ob
3416 3801 3544 3841 cau-

296 3876 674 3950 ἁπεκήρυξαν,
708 3875 948 3939 καὶτοὺς
975 3874 1167 3938 ἄλλους
1191 3874 1452 3938 ὡσαύτως
1473 3874 1562 3929 διὰ
1585 3875 1685 3946 τὴν
1705 3876 1860 3947 αὐτὴν

1980 3892 2089 3932 sam
2121 3877 2474 3948 expulerunt.
2511 3877 2759 3932 Activam
2811 3878 3015 3948 quippe
3052 3876 3313 3932 virtutem
3349 3877 3544 3933 Hama-

294 3971 473 4025 αἰτίαν
502 3967 775 4034 ἐξέϐαλον.
794 3967 917 4021 Ὅτι
945 3966 1054 4038 γὰρ
1081 3966 1179 4038 τὴν
1208 3966 1515 4038 πρακτικὴν
1538 3967 1735 4039 ἀρετὴν
1760 3971 1858 4032 τοῖς

1977 3968 2153 4023 xobiis
2199 3968 2385 4040 potius
2441 3984 2605 4039 quam
2649 3968 2755 4025 sibi
2803 3984 2834 4025 a
2883 3968 3172 4025 Servatore
3219 3969 3541 4039 imperatam

307 4062 651 4134 Ἀμαξοϐίοις
682 4058 937 4130 μᾶλλονῆ
966 4060 1146 4121 αὐτοῖς
1172 4056 1575 4127 νομοθετεῖσθαι
1606 4060 1753 4132 παρὰ
1775 4058 1869 4115 τοῦ

1977 4059 2121 4132 ipsos
2142 4061 2505 4126 existimasse,
2536 4077 2625 4116 res
2662 4062 2916 4117 clamant.
2953 4061 3230 4118 Adversus
3252 4059 3541 4117 Candidia-

294 4158 543 4226 Σωτῆρος
578 4151 867 4212 ὑπέλαϐον,
902 4149 1040 4203 αὐτὰ
1098 4149 1197 4220 βοᾷ
1242 4149 1313 4202 τὰ
1350 4151 1667 4221 πράγματα.
1712 4151 1858 4206 Κατὰ

1978 4168 2104 4206 num
2146 4153 2294 4208 enim
2331 4154 2571 4209 Pisidam
2613 4170 2738 4210 cum
2767 4154 2985 4213 libellos
3011 4155 3236 4225 quidam
3267 4154 3542 4224 porrexis-

292 4248 401 4318 γὰρ
427 4244 778 4301 Κανδιδιανοῦ
805 4244 898 4297 τοῦ
929 4241 1147 4296 Πισίδου
1172 4241 1284 4311 (28)
1308 4242 1582 4306 λιϐἐλλους
1607 4243 1856 4300 ἐπέδοσάκ

1978 4253 2113 4309 sent,
2139 4246 2309 4300 multa
2340 4246 2460 4315 ejus
2491 4246 2764 4301 adulteria
2797 4253 2852 4301 et
2872 4245 2978 4301 alia
3012 4246 3219 4303 scelera
3243 4246 3542 4301 criminan-

286 4355 454 4402 τινες,
509 4336 753 4410 μοιχείας
802 4332 966 4388 αὑτοῦ
1023 4332 1458 4403 κατηγοροῦντες
1496 4333 1720 4400 πολλὰς,
1775 4336 1850 4389 κα⁴

1974 4337 2307 4408 ιεε,1277
2336 4337 2529 4409 synodi
2547 4338 2835 4407 praesidem
2862 4337 3212 4407 respondisse
3232 4337 3418 4392 ferunt
3448 4337 3538 4393 :Si

293 4430 485 4501 ἐτέρας
517 4414 877 4500 παρανομίας.
896 4424 1018 4478 ’Καί
1044 4441 1205 4493 φασιν
1227 4425 1504 4494 εἰρηκέναι
1528 4429 1626 4496 τῆς
1651 4426 1857 4480 συνόδοι

1977 4428 2218 4500 dogmata
2259 4429 2518 4501 arguitis,
2552 4430 2768 4485 libellos
2801 4429 3144 4485 admittimus
3191 4446 3204 4481 :
3236 4443 3361 4484 non
3390 4428 3541 4483 enim

290 4523 382 4577 τὸν
416 4520 664 4589 ἔξαρχονο
708 4520 781 4572 Ei
839 4516 1123 4586 δογμάτων
1182 4519 1564 4587 κατηγορεῖτε,
1600 4517 1854 4588 δεχόμεθα

1978 4518 2241 4584 venimus,
2262 4529 2323 4574 ut
2342 4519 2412 4575 de
2438 4519 2729 4575 adulteriis
2749 4519 3080 4591 judicemus.
3100 4518 3262 4577 .Unde
3283 4527 3340 4574 et
3373 4519 3542 4574 Athe-

286 4611 416 4673 τοὺς
448 4608 742 4669 λιϐέλλους·
798 4606 859 4660 οὐ
908 4606 1017 4676 γὰρ
1057 4604 1291 4674 ἦλθομεν
1331 4604 1595 4674 μοιχείαις
1622 4604 1850 4660 δικάσαι.

1977 4609 2118 4663 nium
2160 4618 2216 4664 et
2248 4609 2631 4676 Athanasium,
2662 4611 2731 4666 ab
2763 4611 3019 4667 orientali
3052 4611 3259 4682 synodo
3285 4618 3541 4672 exaucto-

291 4702 391 4756 Διά
421 4718 502 4754 τοι
532 4698 691 4751 τοῦτο
727 4697 821 4750 καὶ
851 4695 1095 4767 Ἀθήνιον
1118 4696 1217 4748 »καὶ
1252 4694 1592 4757 Ἄθανάσιον,
1624 4696 1733 4748 ’ὑπὸ
1764 4695 1855 4765 τῆς

1976 4708 2136 4763 ratos,
2163 4700 2322 4755 sedes
2339 4716 2467 4756 suas
2499 4702 2748 4772 recipere
2779 4703 3103 4773 jusserunt:
3139 4700 3293 4770 quasi
3327 4700 3395 4755 de
3428 4700 3540 4755 vita

292 4790 615 4861 ἀνατολικῆς
653 4788 1013 4859 ἐκϐληθέντας
1052 4785 1294 4851 συνόδου,
1328 4784 1429 4849 τὰς
1469 4784 1675 4849 οίκείας
1724 4787 1856 4839 ἀπο-

1976 4787 2226 4845 Servator
2262 4799 2453 4847 noster
2492 4792 2668 4862 legem
2715 4793 2923 4846 nullam
2977 4792 3252 4856 statuerit,
3290 4791 3385 4849 sed
3408 4790 3540 4862 dog-

291 4885 474 4939 λαϐεῖν
506 4880 832 4952 Ἐκκλησίας
856 4878 1165 4932 ἐκέλευσαν·
1188 4875 1264 4941 ὡς
1287 4875 1441 4929 οὐδὲν
1465 4875 1564 4947 μὲν
1593 4877 1720 4948 περὶ
1744 4876 1855 4948 βίου

1987 4888 2111 4935 nata
2148 4880 2263 4937 sola
2308 4895 2531 4938 servare
2569 4883 2911 4954 praeceperit,
2960 4898 3083 4954 quae.
3130 4882 3375 4941 omnium
3422 4896 3551 4937 ma-

361 5037 404 5068 “
439 5036 597 5092 Joan.
634 5050 674 5099 ι,
710 5033 823 5088 1-3.

383 5168 474 5241 25)
508 5168 719 5241 genere
751 5166 1149 5241 desiderantur.
1186 5239 1196 5241 _
1422 5236 1456 5241 __
1658 5237 1694 5241 __
1736 5238 1767 5241 __
1952 5169 2261 5241 Gai-uerius
2286 5171 2401 5241 ipse
2431 5170 2486 5225 in
2509 5172 2777 5237 auctario,
2809 5171 2907 5226 ubi
2936 5176 3333 5226 commentatur
3358 5168 3413 5222 in
3435 5168 3537 5223 bas

383 5236 472 5309 26)
506 5239 656 5309 Hanc
684 5237 990 5309 epistolam,
1032 5254 1153 5308 quae
1183 5239 1239 5293 in
1288 5236 1547 5309 omnibus
1575 5237 1858 5309 codicibus
1961 5240 2241 5309 epistolas,
2270 5236 2469 5296 nostra:
2502 5258 2627 5296 eum
2667 5236 2909 5297 dedisset
2948 5242 3126 5296 locum
3153 5256 3217 5295 ac
3243 5253 3535 5309 numerum

289 5306 382 5366 est
424 5306 731 5381 centesima
768 5307 1027 5381 vicesima
1050 5306 1287 5381 'quinta,
1344 5306 1672 5381 Sirmondus
1725 5322 1756 5361 a
1799 5323 1856 5362 se
1961 5306 2124 5381 quem
2149 5311 2662 5381 uosipsidedimus.
2695 5312 2996 5369 Estautem
3016 5312 3131 5381 haec
3164 5308 3393 5381 epistola
3418 5307 3533 5373 col-

330 5377 1107 5452 rmtermissarncollpcaverat
1135 5378 1518 5452 inappendice
1547 5377 1613 5431 ad
1646 5388 1854 5452 tomum
1961 5377 2084 5452 lata
2106 5394 2231 5452 cum
2288 5377 2478 5435 codice
2530 5382 2965 5452 Yindobonensi,
3012 5379 3169 5452 cujus
3200 5377 3533 5448 discrepan-

319 5448 636 5523 V_'0perum
683 5445 1036 5523 'l‘beodoreti,
1077 5462 1130 5515 p.
1165 5445 1268 5500 702
1287 5445 1427 5523 seq;
1452 5462 1613 5516 quam
1640 5463 1707 5501 ex
1738 5448 1858 5516 ejus
1960 5449 2342 5523 teslectiones
2370 5450 2603 5523 margini
2634 5445 3006 5523 ascripsimus.

289 5516 572 5589 voluntate
605 5517 979 5589 posuissemus
1020 5530 1120 5570 suo
1152 5526 1291 5578 loco,
1324 5516 1431 5589 nisi
1456 5524 1730 5589 etgomnes
1758 5533 1860 5589 ηιξ·
2038 5518 2145 5589 (27)
2171 5521 2253 5572 ἐκ.
2282 5516 2513 5573 νὶηόοῢῖ

291 5587 429 5658 meri
460 5585 634 5658 Aseqq}
696 5585 1260 5658 epistolarum,_quos
1308 5585 1485 5658 solent
1525 5585 1859 5658 incitandis
2039 5585 2150 5658 (28)
2193 5589 2449 5644 Πισιδίου.
2491 5589 2655 5644 Vind.

292 5653 625 5713 Theodoreti
666 5653 918 5729 epistolis
950 5653 1155 5724 sequi,’
1180 5653 1481 5725 perturbati
1529 5654 1781 5722 fuissent,
1804 5663 1861 5710 et
