3962 6204
303 264 437 328 1413

1680 245 2045 306 EPISTOLA
2079 246 2187 305 CL.

3422 238 3559 302 1414

298 378 478 431 PMG’.
511 405 582 416 —
619 360 1367 439 Ἀναβαίνω-,ἐπιστολῆς
1397 359 1726 439 γραφείσης
1760 373 1870 439 ,προ

1984 355 2196 439 1280
2229 355 2460 436 CXLIX;
2502 386 2573 394 —
2614 355 2928 439 Ezrernpl‘nm
2985 353 3223 439 epistolis
3268 353 3477 433 scriptis
3526 371 3558 404 ιι

483 445 758 499 Ἰωάννου
785 428 1140 490 ’ἐπίσκόπου
1179 428 1531 500 Ἀντιοχείας
1577 428 1726 496 πρὸς
1762 428 1870 479 Νε-

370 516 631 582 στιεοιον.

370 625 457 694 Τῷ
486 621 720 692 δεσπότῃ
755 638 853 690 μου
883 615 1280 684 θεοφιλεστάτη)
1337 610 1430 664 καὶ
1453 607 1732 678 ὁσιωτάτῳ
1755 607 1874 658 ἑπι-

301 717 483 784 σκόπῳ
508 713 807 782 Νεστορίῳ,
853 709 1107 778 Ἰωάννης
1137 708 1192 759 ἐν
1227 703 1415 774 Κυρίῳ
1435 701 1666 772 χαίρειν.

370 805 472 857 Τὸν
516 801 756 872 ἐμαυτοῦ
804 799 1003 852 σκοπὸν
1062 797 1188 866 περὶ
1244 795 1342 865 τὴν
1391 793 1489 861 σὴν
1542 787 1872 852 θεοσέϐειαν,

299 913 349 948 κ.
384 911 434 946 τ.
469 905 514 947 Α.

2128 422 2337 478 Joanne
2363 427 2605 496 episcopo
2641 422 2960 478 Aulide/tene
2987 422 3055 476 ad
3096 422 3418 476 Nestorium.

2049 605 2284 660 Domino
2317 621 2441 660 meo
2472 605 2754 675 piissimo.
2806 602 3260 669 sanctissimeque
3301 599 3563 669 episcopo

1983 697 2258 760 Nestorio,
2285 696 2526 750 Joannes
2559 698 2611 750 in
2644 696 2876 750 Domino
2900 694 3152 748 salutem.

2053 787 2224 841 Meam
2254 787 2323 841 de
2360 795 2452 840 tua
2483 788 2686 857 pietate
2719 784 3069 848 sententiam,
3105 791 3212 836 etc.

509 1008 702 1062 Exstat
725 1008 864 1060 inter
887 1004 1136 1074 epistolas
1178 1003 1401 1057 Joannis
1431 997 1761 1059 Antiocheni,
1799 995 2013 1064 hujusce
2045 993 2365 1063 Patrologiaz
2411 992 2606 1048 Greca:
2650 1001 2776 1046 tom.
2806 991 3063 1056 LXXVII,
3093 991 3192 1044 col.
3226 989 3384 1044 1M9.

294 1123 426 1178 PN'.
459 1152 529 1161 —
568 1117 890 1183 Ἐπιστολὴ
922 1115 1280 1183 Θεοδωρίτου
1313 1112 1652 1183 timendae};
1669 1108 1872 1183 _K__t"puv

297 1177 446 1262 πρὸς
481 1189 768 1255 Ἰωάννην
797 1177 1149 1255 Ἀκτιοχείίὶς
1180 1185 1517 1238 ἐπίσκοπον
1546 1177 1782 1251 (35-55).

371 1304 505 1358 Λίαν
527 1304 738 1374 ἤλγησα
758 1304 869 1363 τοῖς
886 1298 1346 1369 ἀναθεματισμοῖς
1364 1293 1618 1365 ἐντυχὼν,
1650 1290 1742 1354 οὓς
1759 1287 1871 1359 (56)

295 1395 619 1458 ἀπέστειλας
666 1393 967 1464 ἀνατρέψαι
1012 1391 1235 1454 τούτους
1270 1389 1562 1458 ἐγγράφως
1590 1387 1733 1454 ἡμῖν
1759 1382 1870 1451 (57)

296 1488 577 1550 κελεύσας,
611 1487 704 1539 καὶ
732 1484 829 1555 τὴν
872 1482 1154 1554 αἱρετικὴν
1192 1481 1373 1534 αὐτῶν
1422 1480 1629 1532 ἔννοιαν
1660 1473 1872 1544 γυμνὴν

295 1579 468 1630 ἅπασι
521 1578 881 1644 καταστῆσαι.
909 1573 1162 1643 Ἥλγησα
1201 1571 1258 1624 δὲ
1296 1571 1405 1640 (58)
1438 1571 1518 1622 ὅτι
1559 1567 1696 1638 ἀνὴρ
1750 1582 1870 1617 ποι-

1987 1105 2452 1175 1281-1288
2477 1103 2583 1159 CL.
2615 1135 2682 1142 —
2702 1101 3010 1156 Theodoreti
3041 1103 3270 1173 episwpi
3296 1100 3422 1172 Cyri
3453 1103 3565 1174 cpi-

2124 1174 2262 1228 stola
2289 1176 2358 1227 ad
2385 1174 2647 1228 Joannem
2685 1175 3067 1227 Antiochenam
3097 1175 3414 1242 episcopum.

2052 1285 2219 1340 Valde
2249 1285 2422 1348 dolui,
2459 1301 2583 1338 cum
2611 1285 3103 1340 anathematismos
3138 1285 3560 1354 legissem,quos

1981 1376 2256 1440 direxisti,
2291 1375 2452 1430 nobis
2475 1376 2824 1445 przeeipiens,
2873 1387 2932 1428 ut
2958 1391 3054 1429 eos
3076 1377 3281 1445 scripto
3311 1375 3562 1430 destrue-

1981 1483 2187 1531 remus,
2241 1478 2297 1521 et
2350 1479 2411 1522 ut
2455 1468 2779 1522 hmreticum
2834 1481 3028 1521 eorum
3079 1483 3300 1521 sensum
3351 1467 3558 1521 nudum

1977 1559 2237 1613 omnibus
2263 1559 2334 1613 ob
2364 1559 2553 1613 oculos
2587 1573 2943 1626 poneremus.
2971 1557 3129 1611 Dolui
3169 1567 3374 1621 autem,
3413 1557 3558 1626 quod

300 1667 507 1734 μαίνειν
533 1665 712 1735 λαχὼν
741 1664 835 1718 καὶ
863 1664 1098 1733 ποίμνην
1118 1661 1389 1730 τοσαύτην
1415 1657 1867 1727 πεπιστευμένος,

1984 1655 2062 1707 vir
2084 1652 2344 1722 pascendi
2384 1651 2616 1706 sortitus
2639 1650 2898 1714 oﬂieium,
2948 1659 3002 1704 et
3039 1650 3126 1705 cui
3164 1666 3292 1720 grex
3344 1649 3561 1718 1289

297 1757 391 1809 καὶ
423 1757 748 1827 θεραπεύειν
782 1754 851 1808 τὰ
875 1754 1072 1822 ἀσθενῆ
1104 1753 1212 1805 τῶν
1248 1751 1536 1822 προϐάτων
1572 1765 1871 1819 προστετα-

298 1848 520 1918 γμένος,
551 1851 696 1900 νοσεῖ
725 1848 822 1916 μὲν
852 1845 1035 1907 αὐτὸς,
1066 1845 1159 1896 καὶ
1185 1843 1304 1896 λίαν
1337 1842 1602 1910 σφοδρῶς,
1628 1841 1870 1908 ἀναπιμ-

299 1939 439 2009 πλᾷν
478 1955 535 1990 τε
567 1939 822 2008 πειρᾶται
853 1936 951 2004 τῆς
984 1935 1140 1986 νόσου
1183 1935 1275 1986 καὶ
1326 1933 1394 1986 τὰ
1426 1932 1739 2001 θρέμματα,
1780 1929 1873 1980 καὶ

297 2030 409 2083 τῶν
453 2029 660 2099 ἀγρίων
714 2029 918 2099 θηρίων
964 2025 1324 2098 χαλεπώτερα
1359 2023 1426 2075 τά
1474 2021 1872 2101 ποιμαινόμενα

300 2121 644 2190 καθίστησιν.
691 2121 754 2173 Oi
796 2121 894 2189 μὲν
948 2119 1056 2187 γὰρ
1109 2120 1179 2172 τὰ
1223 2116 1617 2187 διεσπαρμένα,
1647 2116 1740 2167 καὶ
1775 2113 1872 2182 τῆς

301 2213 537 2283 ποίμνης
565 2212 946 2283 κεχωρισμένα
971 2211 1272 2264 διασπῶσιν
1302 2209 1655 2280 ἁρπάζοντες·
1681 2209 1707 2259 ὁ
1733 2205 1786 2258 δὲ
1816 2207 1873 2258 ὲν

301 2303 454 2374 μέσῳ
485 2302 686 2372 ταύτης
718 2302 1025 2372 τυγχάνων,
1060 2302 1156 2354 καὶ
1193 2301 1372 2370 σωτὴρ
1406 2295 1545 2352 εἶναι
1575 2300 1670 2353 καὶ
1700 2297 1874 2368 φύλαξ

297 2392 707 2462 νενομισμένος,
734 2391 999 2462 λαθραίαν
1024 2393 1122 2460 τὴν
1151 2390 1360 2459 πλάνην
1388 2393 1498 2454 τοῖς
1532 2389 1873 2458 πειθομένοις

295 2483 488 2551 ἐνίησι.
524 2482 598 2534 Τὸ
627 2477 726 2551 μὲν
747 2481 855 2550 γάρ
880 2479 1174 2551 προφανῶς
1217 2477 1502 2548 πολεμοῦν,
1536 2478 1759 2532 δυνατὸν
1781 2479 1874 2529 καὶ

298 2572 655 2642 φυλάξασθαι⁴
687 2572 750 2624 τὸ
776 2571 832 2624 δὲ
867 2573 924 2623 ἐν
962 2573 1200 2640 σχήματι
1236 2568 1418 2638 φιλίας
1450 2570 1550 2639 τὴν
1578 2567 1871 2635 ἐπιϐουλὴν

300 2663 627 2733 προσφέρον,
680 2661 986 2730 ἀφύλακτον
1031 2659 1277 2729 εὑρίσκει
1320 2659 1410 2711 τὸν
1445 2656 1870 2727 πολεμούμενον,

301 2753 395 2806 καὶ
438 2752 548 2821 ('59)
599 2749 784 2820 ῥᾳδίαν
816 2748 964 2818 αύτῷ
994 2749 1092 2818 τὴν
1121 2748 1325 2819 βλάϐην
1358 2747 1617 2817 ἐντίθησι⁸
1666 2748 1746 2799 διὸ
1781 2747 1874 2801 καὶ

300 2844 408 2895 τεῒν
431 2841 629 2907 ἔξωθεν
657 2841 1038 2911 πολεμούντων
1058 2842 1107 2894 οἱ
1139 2840 1350 2894 ἔνδοθεν
1387 2839 1748 2910 πολεμοῦντές
1769 2839 1874 2890 είσι

302 2933 428 3004 χαλε
435 2932 580 2987 πώτε
591 2949 670 3004 ροι
679 2972 693 2986 .
1121 2934 1134 2942 ’

371 3025 531 3078 Τουτί
560 3041 625 3094 με
657 3022 914 3095 μειζόνως
937 3023 1146 3094 ἠνίασε,
1171 3023 1231 3076 τὸ
1261 3025 1319 3076 ὲν
1343 3022 1624 3086 εὐσεϐείας
1651 3020 1873 3092 ὀνόματί

299 3134 357 3171 τε
385 3119 478 3170 καὶ
510 3118 770 3188 σχήματι,
814 3118 908 3172 καὶ
956 3120 1014 3170 ὲν
1061 3117 1317 3186 ποιμένος
1349 3116 1621 3186 ἀξιώματι
1668 3115 1872 3184 τυγχά-

301 3227 458 3262 νοντα
506 3209 602 3272 τὰς
643 3208 922 3282 αἱρετικάς
955 3207 1047 3261 καὶ
1081 3206 1435 3277 βλασφήμους
1481 3204 1642 3275 ῥῆξαι
1669 3205 1870 3273 φωνάς’

301 3301 394 3354 καὶ
444 3300 542 3371 τὴν
585 3301 751 3355 πάλαι
800 3299 1120 3352 σϐεσθεῖσαν
1167 3296 1543 3366 ’Λπολιναρίου
1595 3295 1875 3365 φλὴναφον

299 3390 434 3461 ὁμοῦ
478 3393 572 3444 καὶ
602 3390 836 3458 δυσσεϐῆ
865 3388 1215 3442 διδασκαλίαν
1257 3385 1687 3440 ἀνανεώσασθαι.
1734 3387 1875 3457 Πρός

299 3500 357 3534 τε
385 3482 594 3544 τούτοις
633 3482 693 3534 τὸ
725 3482 800 3551 μὴ
832 3481 989 3550 μόνον
1009 3478 1180 3532 ταῦτα
1215 3477 1568 3550 πρεσϐεῦσαι,
1602 3477 1738 3532 ἀλλὰ
1779 3479 1874 3531 καὶ

299 3573 424 3635 τοὺς
466 3573 540 3642 μὴ
577 3569 936 3639 πειθομένους
987 3568 1133 3639 αύτῴ
1180 3567 1631 3638 συμόλασφημεῖν
1680 3568 1874 3621 ἀναθε-

305 3662 526 3731 ματίσαι
577 3659 864 3728 τολμῆσαι·
924 3659 1081 3729 είπερ
1131 3656 1346 3727 ἀληθῶς
1387 3656 1552 3710 αὑτοῦ
1591 3657 1762 3709 ταῦτα
1806 3657 1875 3711 τὰ

301 3752 634 3820 γεννήματα,
673 3750 767 3802 καὶ
797 3752 856 3802 οὐ
883 3747 991 3801 τῶν
1021 3747 1226 3820 ἐχθρῶν
1250 3765 1333 3810 τις
1363 3748 1458 3818 τῆς
1491 3747 1764 3818 ἀληθείας,
1799 3749 1873 3814 ὡς

301 3841 362 3906 ἐξ
382 3841 590 3893 ἐκείνου
621 3838 792 3892 ταῦτα
824 3837 1182 3900 συντεθεικὼς
1208 3837 1429 3907 ἔρριψεν
1453 3841 1509 3889 έν
1537 3837 1708 3910 μέσῳ,
1734 3840 1873 3892 κατά

299 3932 362 3985 τὺ
403 3931 766 4002 μυθευόμενον
821 3931 997 3983 έκεῖνο
1050 3929 1220 4001 μῆλον
1253 3929 1347 4000 τῆς
1387 3929 1580 4000 ἔριδος,
1616 3933 1696 3995 είς
1742 3931 1874 4002 ὕφος

302 4023 531 4094 ἐγείρων
551 4022 649 4092 τὴν
677 4022 870 4090 φλόγα.

383 4115 524 4184 Ἐγὼ
573 4115 774 4179 τοίνυν,
822 4115 921 4167 εἴτ’
957 4116 1181 4178 ἐκεῖνος,
1219 4113 1316 4167 εἴτ’
1351 4115 1508 4178 ἄλλος
1557 4133 1659 4179 τις,
1706 4116 1781 4178 ὡς
1814 4115 1873 4179 ἐξ

299 4205 508 4259 ἐκείνου
564 4193 734 4257 ταῦτα
785 4203 1115 4270 συντέθεικε,
1148 4203 1227 4274 τῷ
1280 4206 1419 4273 φωτὶ
1459 4203 1552 4257 τοῦ
1607 4205 1870 4274 παναγίου

302 4298 616 4368 Πνεύματος
649 4295 894 4365 συνέργῳ
920 4296 1058 4365 πρὸς
1091 4295 1187 4365 τὴν
1221 4295 1446 4367 ἔρευναν
1471 4300 1570 4366 τῆς
1595 4299 1872 4370 αἱρετικῆς
1904 4289 1951 4348 Ι)

301 4389 620 4452 κακοδοξίας
660 4388 1027 4458 χρησάμενος,
1065 4387 1207 4440 κατὰ
1247 4390 1308 4440 τὸ
1337 4388 1537 4460 μέτρον
1565 4391 1666 4458 τῆς
1702 4390 1875 4443 δοθεί-

304 4497 402 4548 σης
443 4496 532 4549 μοι
570 4479 850 4548 δυνάμεως
893 4475 1151 4547 διήλεγξα
1197 4477 1390 4543 ταῦτα,
1423 4480 1498 4542 ὡς
1525 4474 1632 4532 οἷόν
1681 4498 1741 4533 τε
1785 4476 1873 4551 ἦν’

302 4571 398 4623 καὶ
440 4572 536 4633 τάς
575 4568 938 4638 εὑαγγελικάς
971 4570 1065 4621 καὶ
1096 4569 1459 4634 ἀποπολικάς
1491 4571 1764 4643 ἀντέθηκα
1795 4573 1875 4626 δι-

302 4663 618 4726 δασκαλίαςο
675 4666 766 4716 καὶ
803 4665 863 4716 τὸ
907 4663 1194 4715 ἀλλόκοτον
1238 4663 1332 4715 τοῦ
1368 4664 1635 4736 δόγματος
1676 4665 1872 4731 ἔδειξα·

304 4754 394 4807 καὶ
414 4753 543 4818 ὅσην
579 4751 690 4821 ἔχει
723 4752 1018 4820 διαφωνίαν
1059 4751 1193 4821 πρὸς
1231 4752 1295 4804 τὰ
1336 4752 1454 4805 θεῖα
1491 4753 1734 4824 δόγματα
1778 4775 1870 4809 πε-

304 4843 500 4914 ποίηκα
552 4845 803 4914 φανερόν’
845 4843 1216 4914 παρεξετάσας
1265 4845 1402 4897 αύτά
1444 4848 1557 4909 τοῖς
1596 4846 1690 4902 τοῦ
1727 4848 1868 4901 θείου

303 4933 616 5005 Πνεύματος
662 4934 860 5002 λόγοις,
892 4936 985 4986 καὶ
1015 4933 1228 5007 διδάξας
1251 4935 1397 4998 ὅπως
1423 4937 1746 5008 ἀσύμφωνα,
1779 4943 1871 4993 καὶ

301 5023 410 5074 τῶν
433 5023 589 5076 θείων
622 5024 898 5094 ἀλλότρια.
1019 5013 1032 5022 ”

375 5114 518 5186 Πρὸς
549 5115 605 5168 δὲ
635 5115 734 5186 τὴν
764 5116 858 5168 τοῦ
903 5117 1347 5189 ἀναθεματισμοῦ
1381 5119 1586 5189 τόλμαν
1621 5122 1873 5178 τοσοῦτον

304 5204 435 5274 ὲρῶ,
474 5207 556 5258 ὅτι
591 5206 822 5271 Παῦλος,
869 5208 898 5259 ό
951 5209 1466 5278 μεγαλοφωνότατος
1500 5214 1594 5282 τῆς
1621 5212 1875 5284 ἀληθείας

304 5297 499 5369 κῆρυξ,
526 5297 654 5358 τοὺς
676 5299 1156 5369 παραφθείραντας
1179 5303 1247 5354 τά
1269 5302 1598 5370 εὐαγγελικά
1627 5306 1720 5358 καὶ
1744 5307 1878 5359 ἀπο-

308 5387 528 5442 στολικά
557 5389 863 5461 διδάγματα
896 5391 1275 5462 ἀνεθεμάτισε,
1336 5395 1430 5447 καὶ
1482 5395 1590 5448 τῶν
1631 5397 1878 5464 ἀγγέλων

375 5525 581 5597 (33-35)
613 5526 764 5582 Hanc
778 5527 1109 5582 contulimus
1133 5542 1257 5580 eum
1285 5527 1417 5581 edit.
1441 5529 1714 5585 Mansiana
1744 5529 1873 5586 Col-

305 5598 944 5686 lt'etnamplissipcncil.
976 5605 1104 5651 tom.
1133 5597 1196 5661 V,
1221 5611 1274 5666 p.
1305 5597 1392 5651 85.

376 5667 483 5741 (36)
515 5667 596 5732 οἷς
627 5667 793 5724 Garn.

1975 1753 2159 1800 tantus
2182 1754 2267 1800 est
2299 1745 2564 1807 creditus,
2601 1751 2656 1799 et
2690 1759 2823 1797 oves
2862 1743 3109 1797 infirmas
3159 1757 3354 1797 curare
3412 1758 3558 1812 pra:—

1973 1844 2214 1905 eeptum,
2257 1851 2366 1890 non
2416 1835 2594 1890 solum
2647 1836 2869 1905 languet
2893 1835 3030 1904 ipse,
3066 1844 3120 1888 et
3145 1835 3365 1904 quidem
3393 1833 3559 1887 vehe-

1973 1937 2208 1993 menter,
2246 1926 2342 1981 sed
2369 1926 2564 1980 nititur
2586 1927 2753 1980 etiam
2785 1941 2918 1980 oves
2944 1925 3274 1996 aegritudine
3300 1924 3554 1994 implere,

1971 2031 2026 2074 et
2059 2020 2192 2075 feris
2215 2021 2404 2074 bestiis
2427 2023 2625 2075 saevius
2653 2037 2716 2075 ea
2763 2036 2884 2090 qua:
2907 2027 3034 2073 sunt
3052 2018 3322 2088 paseenda
3350 2018 3558 2073 discer-

1972 2114 2072 2182 pit.
2112 2113 2192 2166 Illi
2226 2129 2462 2183 namque
2487 2129 2549 2168 ea
2575 2129 2698 2183 qua:
2745 2120 2876 2167 sunt
2920 2112 3188 2181 dispersa,
3225 2120 3280 2164 et
3314 2126 3343 2164 a
3392 2126 3556 2181 grege

1973 2203 2168 2265 divisa,
2223 2205 2500 2273 rapientes
2546 2205 2886 2276 dilacerant:
2920 2202 3012 2257 hic
3053 2209 3236 2256 autem
3279 2201 3336 2255 in
3371 2201 3556 2255 medio

1972 2298 2154 2367 gregis
2196 2297 2486 2362 exsistens,
2534 2305 2591 2350 et
2633 2296 2874 2350 salvator
2913 2303 3202 2365 reputatus
3252 2301 3309 2348 et
3343 2300 3552 2358 custos,

1972 2389 2236 2441 latentem
2261 2403 2506 2442 errorem
2542 2388 2596 2442 in
2618 2403 2734 2452 eos,
2761 2389 2856 2457 qui
2887 2387 2963 2440 illi
2988 2395 3200 2457 parent,
3229 2385 3552 2440 introducit.

1971 2476 2126 2542 Quod
2155 2478 2304 2530 enim
2336 2487 2522 2546 aperte
2566 2488 2866 2548 Oppugnat,
2921 2478 3204 2532 observari
3240 2477 3399 2531 facile
3430 2486 3552 2534 est:

1970 2567 2118 2634 quod
2150 2581 2280 2620 vero
2314 2567 2417 2621 sub
2441 2567 2699 2621 amicitia:
2721 2569 2904 2638 specie
2932 2568 3163 2622 insidias
3195 2575 3372 2636 parat,
3403 2567 3558 2620 inve-

1970 2655 2054 2708 nit
2076 2670 2202 2710 eum
2237 2664 2430 2710 contra
2469 2672 2632 2726 quem
2675 2665 2900 2726 pugnat,
2947 2656 3253 2722 incautum,
3285 2657 3446 2725 eique
3471 2657 3552 2709 l’a-

1971 2744 2075 2797 cile
2104 2744 2270 2799 infert
2305 2745 2584 2800 lazsionem
2620 2763 2633 2798 :
2662 2746 2806 2801 unde
2831 2747 2898 2802 iis
2953 2747 3048 2816 qui
3095 2746 3342 2802 exterius
3383 2760 3555 2818 oppu-

1973 2843 2164 2905 gnant,
2192 2835 2426 2890 interius
2451 2846 2762 2907 pugnantes
2786 2847 2917 2892 sunt
2945 2839 3227 2892 szeviores.

2048 3015 2161 3073 Hoc
2185 3033 2270 3073 me
2301 3019 2474 3074 multo
2510 3020 2684 3092 magis
2713 3018 3026 3085 contristat,
3067 3020 3215 3090 quod
3251 3020 3356 3076 sub
3386 3020 3558 3091 pieta-

1976 3106 2048 3160 tis
2088 3109 2310 3162 nomine
2355 3118 2520 3178 atque
2566 3110 2760 3182 ﬁgura,
2815 3121 2872 3166 et
2917 3111 2970 3166 in
3007 3111 3244 3182 pastoris
3289 3112 3557 3183 dignitate

1976 3199 2307 3264 consistens,
2331 3201 2386 3254 in
2411 3202 2700 3258 baereticas
2722 3213 2778 3258 et
2805 3205 3159 3274 blasphemas
3179 3221 3344 3262 voces
3362 3220 3554 3261 erum-

1976 3292 2080 3359 pit,
2111 3300 2167 3344 et
2191 3291 2399 3347 dudum
2433 3295 2762 3350 exstinctam
2802 3296 3107 3366 Apolinarii
3137 3298 3354 3352 inanem
3390 3298 3556 3352 simul

1978 3383 2319 3453 impiamque
2366 3385 2673 3440 doctrinam
2707 3395 2950 3441 revocat.
2992 3386 3170 3457 Super
3207 3387 3324 3442 haec
3349 3397 3555 3453 autem,

1976 3490 2086 3530 non
2137 3476 2314 3530 solum
2352 3476 2483 3530 talia
2514 3477 2743 3540 sentire,
2790 3477 2886 3532 sed
2933 3487 2989 3531 et
3032 3479 3148 3532 suis
3196 3477 3560 3547 blasphemiis

1975 3582 2087 3620 non
2132 3566 2544 3621 consentientes
2590 3569 3056 3623 anathematizare
3105 3569 3555 3638 praesumpserit;

1977 3659 2024 3713 si
2066 3668 2248 3713 tamen
2291 3658 2466 3728 ipsius
2503 3659 2608 3713 ista
2657 3668 2787 3713 sunt
2821 3659 3092 3730 germina,
3129 3669 3185 3715 et
3222 3676 3334 3715 non
3370 3660 3557 3714 inimi-

1977 3766 2168 3805 corum
2229 3751 2504 3821 quispiam
2564 3751 2841 3816 veritatis,
2895 3761 3156 3821 tanquam
3198 3767 3265 3805 ex
3315 3752 3409 3805 illo
3443 3753 3559 3807 haec

1976 3859 2338 3914 componens,
2384 3843 2618 3913 projccit
2663 3843 2718 3896 in
2775 3843 3040 3907 medium,
3075 3843 3376 3898 secundum
3424 3843 3557 3898 illud

1976 3936 2124 4006 quod
2157 3945 2242 3990 est
2294 3935 2348 3990 in
2390 3935 2596 4001 fabula,
2640 3951 2864 4006 pomum
2917 3936 3229 4001 discordiae,
3279 3936 3336 3990 in
3381 3937 3554 3991 altum

1976 4027 2249 4082 ﬂammam
2294 4028 2562 4082 exaltans.

2047 4119 2161 4188 Ego
2187 4118 2445 4188 proinde,
2482 4120 2597 4173 sive
2627 4118 2693 4183 is,
2739 4119 2856 4173 sive
2887 4119 3028 4175 alius
3056 4120 3356 4191 quispiam,
3402 4121 3555 4176 velut

1976 4228 2044 4266 ex
2081 4211 2233 4265 illius
2268 4227 2526 4281 persona,
2577 4211 2694 4266 huic
2729 4213 3127 4281 composuerit,
3159 4213 3366 4268 auxilio
3412 4214 3555 4268 lucis

1977 4303 2315 4358 sanctissimi
2371 4301 2616 4372 Spiritus
2687 4303 2755 4357 ad
2805 4302 3222 4372 inquisitionem
3269 4320 3450 4372 pravae
3499 4315 3556 4360 et

1975 4394 2250 4449 haeretica:
2302 4394 2586 4464 opinionis
2640 4411 2795 4457 usus,
2851 4412 2950 4464 pro
2987 4394 3151 4449 modo
3186 4395 3400 4464 1290
3426 4411 3556 4450 con-

1976 4501 2144 4540 cessae
2166 4486 2301 4539 mihi
2320 4486 2619 4551 facultatis,
2653 4485 2833 4555 quoad
2862 4485 2976 4539 ﬁeri
3003 4486 3273 4556 potuit,ea
3298 4487 3552 4553 refutavi,

1977 4577 2370 4648 doctrinasque
2403 4577 2753 4647 evangelicas
2785 4587 2842 4631 et
2875 4577 3204 4646 apostolicas
3237 4577 3258 4600 ¹
3295 4579 3551 4648 opposui,

1977 4683 2042 4721 ac
2081 4666 2354 4736 dogmatis
2380 4666 2777 4719 absurditatcm
2800 4667 3056 4735 patefeci,
3079 4676 3136 4720 et
3155 4676 3420 4736 quantum
3445 4668 3554 4722 dis-

1975 4769 2165 4826 crepet
2200 4774 2229 4811 a
2269 4757 2474 4812 divinis
2520 4757 2906 4826 dogmatibus,
2951 4759 3172 4828 planum
3210 4759 3337 4823 feci,
3383 4774 3446 4813 ea
3485 4759 3552 4813 ad

1977 4849 2152 4902 sancti
2210 4848 2457 4918 Spiritus
2517 4848 2739 4917 eloquia
2790 4849 3174 4918 perpendens,
3242 4850 3555 4920 ducensque

1977 4940 2218 5010 qualiter
2244 4956 2273 4994 a
2301 4939 2506 4995 divinis
2535 4940 2714 4994 aliena
2745 4939 2856 4994 sint
2889 4948 2945 4994 et
2973 4939 3350 4994 dissentanea.

2046 5124 2324 5178 Adversus
2385 5131 2568 5178 autem
2623 5122 2911 5176 audaciam
2965 5121 3407 5176 anathematismi
3454 5121 3557 5176 hoc

1974 5214 2242 5279 dixerim,
2301 5230 2500 5283 nempe
2557 5214 2832 5276 Paulum,
2897 5213 3268 5268 clarissimum
3309 5212 3556 5266 veritatis

1973 5322 2310 5376 praeconem,
2349 5307 2471 5360 illos
2497 5305 3010 5370 anathematizasse,
3039 5305 3131 5374 qui
3162 5303 3472 5373 evangelica
3501 5311 3556 5356 et

1977 5399 2277 5469 apostolica
2320 5399 2652 5454 documenta
2706 5405 3070 5468 corruperant
3107 5415 3119 5450 :
3163 5396 3330 5468 idque
3360 5408 3554 5451 ausum

2055 5529 2167 5663 ἓξ)
2192 5532 2320 5600 ἡμῖν
2353 5530 2504 5584 addit
2533 5529 2601 5584 Μ.

2151 5601 2166 5663 )
2197 5618 2253 5652 τε
2284 5600 2448 5655 Garn.

2197 5618 2253 5652 τε
2284 5601 2448 5655 Garn.

2147 5601 2166 5742 ἔ
2193 5672 2284 5724 καί
2323 5671 2448 5726 abet

2055 5668 2164 5741 (59)
2193 5672 2284 5724 καί
2323 5671 2512 5726 aberat
2541 5685 2572 5724 a
2608 5668 2773 5727 Carn.
