3962 6204
491 238 627 301 1415

1455 242 1939 301 THEODORETI
1975 242 2312 301 EPISCOPI
2346 242 2710 302 CYRENSIS

3595 238 3750 302 11.16

489 348 657 400 etiam
689 343 953 401 adversus
979 346 1224 416 angelos,
1261 361 1372 399 non
1408 347 1538 400 item
1571 356 1765 403 contra
1808 362 1925 409 eos,
1959 346 2053 414 qui

2171 349 2595 417 ιατατολμήσας,
2616 350 2676 401 ού
2697 348 2823 409 τοὺς
2843 347 3179 416 ἐμμένοντας
3210 348 3319 409 τοῖς
3342 348 3581 399 δοθεῖσιν
3602 350 3759 416 ὅροις

490 438 547 491 in
590 437 811 491 traditis
850 452 879 490 a
934 438 1203 507 theologis
1258 437 1497 490 decretis
1542 447 1914 506 permanent:
1962 436 2066 489 hoc

490 529 638 582 enim
697 530 864 583 etiam
918 530 1403 584 benedictionibus
1472 529 1753 593 munivit,
1814 529 2061 581 dicens:

502 638 518 667 ι
550 619 878 687 Quicunque
934 620 1076 673 lianc
1120 623 1364 690 regulam
1414 614 1737 691 sequentur,
1767 639 1869 691 pax
1898 636 2067 690 super

494 711 642 781 ipsos
664 718 719 764 et
745 712 1149 775 misericordia,
1208 721 1263 765 ct
1308 729 1474 782 super
1514 714 1768 766 lsraelem
1812 712 1909 765 Dei
1944 714 2006 763 ”.
2042 730 2057 760 ι

561 805 790 873 Colligat
842 804 1009 873 igitur
1051 804 1360 858 istiusmodi
1413 822 1726 859 sermonum
1775 813 1967 857 auctor
1999 820 2066 855 ex

493 894 797 963 apostolica
826 900 1203 949 exsecratione
1232 896 1477 949 laborum
1502 910 1726 948 suorum
1755 893 2067 963 prannia,et

494 987 881 1041 bzereticorum
926 988 1198 1040 seminum
1243 988 1571 1056 manipulos.
1615 987 1726 1041 Nos
1758 1000 1890 1039 vero
1934 999 2067 1037 cou-

397 1096 417 1117 ~
492 1079 843 1147 quiescemus
866 1078 919 1130 in
954 1078 1203 1132 doctrina
1238 1088 1554 1132 sanctorum
1579 1080 1822 1133 Patrum.

561 1255 833 1310 Cazterum
864 1254 993 1309 huic
1011 1254 1259 1324 epistola:
1285 1256 1673 1313 subtexuimus
1698 1262 2066 1330 oppugnatio—

492 1362 613 1410 nes,
666 1354 727 1400 ut
764 1363 831 1401 ex
885 1347 999 1415 ipsa
1041 1348 1279 1401 lectione
1332 1350 1656 1418 perspicias,
1708 1367 1775 1404 an
1812 1352 2068 1407 haeretica

494 1438 834 1507 problemata
860 1449 1083 1495 strenue
1126 1441 1473 1495 diluerimus.
1503 1441 1583 1494 Ad
1609 1442 1852 1511 singulos
1883 1453 2067 1497 autem

494 1530 984 1584 anathematismos
1015 1548 1265 1603 seorsum
1294 1533 1504 1600 positos
1545 1534 1748 1600 protuli
1783 1535 2067 1588 refutatio-

493 1636 641 1683 nem,
672 1628 730 1673 ut
768 1620 1004 1676 lectores
1046 1621 1263 1675 facilius
1306 1621 1632 1691 intelligant,
1678 1637 1742 1675 ac
1778 1623 2070 1693 perspicua

493 1712 566 1767 sit
594 1711 911 1783 dogmatum
938 1712 1275 1783 redargutio.

499 1938 706 2007 1291
742 1937 1284 2008 Cum—Theodoreti
1308 1938 1572 2008 oraliorod
1611 1955 1713 1998 eos,
1757 1940 1926 2008 quiin
1962 1939 2069 1991 Eu-

563 2006 829 2077 p/irutesia
861 2017 908 2059 et
942 2006 1175 2060 Osroma
1216 2010 1444 2077 regione,
1485 2007 1661 2077 Syria,
1709 2006 1974 2063 PIiwnicia
2018 2018 2064 2061 et

566 2076 754 2131 Cilicia
791 2080 951 2129 vitam
986 2076 1333 2130 monasticam
1366 2077 1577 2147 degunt.

566 2209 903 2278 Respicienti
954 2210 1087 2262 mihi
1125 2219 1455 2278 praesentem
1496 2211 1756 2265 Ecclesia:
1794 2210 2067 2265 conditio-

494 2314 641 2362 nem,
684 2308 739 2352 et
769 2299 1067 2367 procellam
1101 2315 1221 2368 quae
1260 2315 1436 2368 nuper
1481 2301 1537 2353 in
1588 2301 1827 2354 divinam
1883 2302 2064 2354 navim

494 2390 833 2454 surrexerit,
897 2390 1395 2458 vehementemque
1460 2400 1747 2444 ventorum
1801 2392 2065 2462 impetum

494 2490 659 2549 atque
710 2480 977 2534 ﬂuctuum
1032 2481 1350 2533 violentiam
1397 2489 1455 2533 et
1493 2481 1885 2535 obscuritatem
1939 2498 2066 2551 pro-

492 2572 753 2634 fundam;
797 2571 1205 2623 contentionem
1246 2580 1509 2638 praaterea
1538 2573 1930 2640 navigantium,
1961 2590 2063 2641 pu-

492 2673 765 2729 gnamque
807 2673 1020 2721 eorum,
1062 2658 1263 2725 quibus
1300 2659 1467 2711 remis
1508 2660 1829 2714 incumbere
1875 2661 2063 2716 datum

490 2760 596 2817 est,
640 2751 1068 2822 gubernatorum
1107 2750 1456 2813 ebrietatem,
1509 2751 1779 2804 malorum
1825 2753 2063 2822 denique

493 2844 1010 2914 importunitatem;
1066 2843 1318 2897 Jeremite
1360 2842 1520 2895 ﬂetus
1566 2843 1619 2896 in
1675 2854 1914 2899 mentem
1966 2861 2064 2899 ve-

492 2937 674 2998 niunt,
705 2943 869 3003 atque
894 2949 1017 2987 cum
1049 2933 1141 2985 illo
1175 2933 1353 2986 clamo
1382 2950 1393 2982 :
1451 2952 1467 2980 ο
1516 2933 1716 2986 Ventre
1752 2950 1894 2996 meo,
1934 2950 2065 2987 ven-

2168 438 2272 492 ὑπδ
2290 439 2398 491 τῶν
2427 439 2689 507 θεολόγων
2718 438 2947 507 ἀνδρῶν·
2977 438 3200 499 τούτους
3222 439 3330 506 γὰρ
3361 439 3454 489 καὶ
3475 438 3763 504 εὐλογίαις

2166 528 2478 599 ὠχύρωσεν,
2511 530 2701 583 είπών·
2747 548 2764 580 ι
2807 532 2960 581 Ὅσοι
2993 529 3072 598 τῷ
3106 532 3287 582 κανόνι
3315 530 3490 598 τούτῳ
3531 533 3761 599 στωχή-

2168 636 2349 672 σουσιν
2392 620 2525 688 (40),
2576 622 2765 690 εξρήνη
2814 620 2901 672 ἐπ’
2933 622 3150 682 αὐτοὺς,
3192 621 3288 673 καὶ
3316 620 3485 682 ἔλεος,
3533 624 3631 673 καὶ
3668 624 3762 673 ἐπὶ

2166 712 2257 763 τὸν
2296 713 2510 782 Ἰσραὴλ
2547 712 2636 764 τοῦ
2661 710 2818 763 θεοῦ.
2852 731 2869 763 ι

2237 803 2526 872 Δρεπέσθω
2559 804 2735 854 τοίνυν
2791 804 2819 854 ὁ
2871 802 2978 855 τῶν
3025 803 3196 868 λόγων
3223 803 3429 855 τούτων
3454 805 3653 873 πατὴρ
3694 807 3757 857 ἐκ

2167 894 2268 962 τῆς
2293 894 2654 961 ἀποστολικῆς
2686 895 2824 963 ἀρᾶς
2844 894 2952 946 τῶν
2976 896 3192 946 οἰκείων
3222 895 3400 946 πόνων
3434 897 3507 947 τὰ
3540 898 3759 964 ἐπεχει-

2170 1002 2260 1053 ρα,
2306 984 2398 1037 καὶ
2429 984 2537 1036 τῶν
2577 984 2867 1052 αίρετικῶν
2910 984 3247 1055 σπερμάτων
3299 988 3367 1039 τὰ
3419 986 3753 1054 δράγματαο

2168 1077 2333 1145 ἡμεῖς
2365 1076 2420 1128 δὲ
2470 1078 2538 1147 τῇ
2574 1076 2683 1128 τῶν
2730 1077 2900 1144 ἁγίων
2930 1078 3187 1149 Πατέρων
3222 1078 3571 1147 ἐμμενοῦμεν
3604 1079 3757 1131 διδα-

2169 1166 2383 1236 σκαλίᾳ.

2249 1257 2519 1323 ’Υπὲταξα
2546 1256 2601 1309 δὲ
2629 1256 2723 1310 καὶ
2750 1258 2847 1321 τὰς
2876 1260 3244 1329 γεγενημένας
3266 1261 3621 1330 ἀντιρρήσεις
3661 1264 3756 1327 τῇ-

2166 1346 2223 1399 δέ
2254 1364 2353 1415 μου
2386 1351 2451 1417 τῇ
2477 1348 2752 1418 ἐπιστολῇ,
2784 1350 2869 1403 ἵνα
2902 1351 3164 1417 ἀναγνοὺς
3186 1351 3511 1418 δοκιμάσαις
3543 1351 3692 1417 (Η).
3714 1352 3757 1401 εἰ

2168 1435 2406 1499 δυνατῶς
2422 1436 2529 1489 τῶν
2547 1439 2837 1507 αίρετικῶν
2857 1439 3255 1508 προϐλημάτων
3278 1440 3371 1508 τὴν
3388 1440 3547 1493 λύσιν
3568 1444 3760 1510 ἐποιη-

2170 1525 2400 1595 σάμεθα.
2429 1527 2695 1580 Ἕκαστον
2727 1528 2782 1582 δέ
2820 1527 2928 1581 τῶν
2958 1530 3414 1599 ἀναθεματισμῶν
3457 1529 3591 1583 καθ’
3619 1532 3759 1583 ἐαυ-

2166 1614 2259 1666 τὸν
2284 1614 2560 1681 τεθεικὼς,
2590 1616 2855 1684 ἐξήγαγον
2887 1617 2985 1687 τὴν
3006 1617 3343 1687 ἀντίρρησιν,
3365 1618 3519 1679 ὅπως
3547 1618 3619 1670 ἄν
3660 1620 3761 1687 ρᾳ-

2098 1705 2142 1764 Β
2170 1705 2297 1768 δίως
2339 1710 2449 1769 τοῖς
2487 1708 2898 1776 ἐντυγχάνουσιν
2944 1709 2977 1777 ἡ
3008 1710 3329 1778 κατανόησις
3361 1708 3622 1778 γένηται,
3663 1711 3760 1761 καὶ

2172 1795 2351 1865 σαφὴς
2382 1796 2489 1849 τῶν
2526 1797 2812 1865 δογμάτων
2842 1799 2869 1851 ὀ
2898 1796 3136 1866 ἔλεγχος.

2168 1926 2343 1980 PNA’.
2374 1956 2443 1967 -—
2467 1926 2845 1995 Θεοδωρήτου
2878 1928 2987 1996 (42)
3020 1929 3168 1994 πρὸς
3219 1931 3358 1996 τοὺς
3408 1932 3481 1983 ὲ)-
3510 1930 3592 1997 τῇ
3638 1934 3755 1984 Εὺο

2236 1997 2677 2067 φρατησίᾳ,(45)
2694 2000 2789 2052 καὶ
2810 1997 3127 2065 Ὀσροηνῇ,
3155 2000 3251 2050 καί
3276 2003 3482 2067 Συρίᾳ,
3497 2002 3603 2053 καὶ
3622 2006 3757 2054 φα-

2142 2084 2161 2095 ·
2236 2068 2378 2133 νίκῃ
2418 2066 2527 2136 (44)
2569 2068 2667 2119 καὶ
2697 2071 2930 2133 Κιλικίᾳ
2966 2068 3350 2135 μονάζοντας.

2249 2198 2423 2269 Ὀρῶν
2451 2200 2548 2271 τὴν
2573 2201 2629 2252 ἐν
2664 2200 2742 2271 τῷ
2782 2202 3010 2271 παρόντι
3059 2202 3234 2274 καιρῷ
3265 2203 3367 2270 τῆς
3410 2204 3755 2273 Ἐκκλησίας

2168 2292 2499 2344 κατάστασιν
2525 2292 2617 2345 καὶ
2642 2292 2738 2362 τὴν
2766 2293 2991 2363 ἔναγχος
3019 2296 3397 2347 ἐπαναστᾶσαν
3415 2298 3481 2365 τῇ
3514 2296 3645 2365 ίερᾷ
3668 2296 3755 2364 νηῒ

2168 2382 2355 2451 ζάλην,
2390 2383 2484 2435 καὶ
2517 2382 2614 2445 τὰς
2645 2384 2877 2454 σφοδρὰς
2922 2386 3240 2451 καταιγίδας
3285 2387 3376 2438 καὶ
3411 2387 3525 2437 τῶν
3571 2389 3757 2455 κ-δμάδ

2166 2490 2273 2525 των
2303 2474 2399 2542 τὴν
2432 2474 2735 2543 προσϐολὴν
2764 2477 2857 2528 καὶ
2880 2475 2978 2545 τὴν
3003 2476 3222 2545 βαθεῖαν
3256 2480 3632 2547 σκοτομὴνην,
3661 2481 3753 2531 καὶ

2166 2563 2302 2633 πρὸς
2340 2565 2547 2626 τούτοις
2570 2565 2676 2619 τῶν
2708 2566 3004 2635 πλωτήρων
3032 2567 3130 2636 τὴν
3168 2568 3300 2638 ἔριν,
3332 2572 3423 2621 καὶ
3452 2569 3569 2621 τῶν
3596 2572 3756 2639 ἐρέτ-

2165 2670 2279 2705 τειν
2313 2654 2585 2722 λαχόντων
2614 2657 2713 2724 τὴν
2744 2658 2943 2725 μάχην,
2979 2657 3071 2709 καὶ
3101 2658 3200 2725 τὴν
3247 2658 3353 2709 τῶν
3387 2657 3753 2727 κυϐερνητῶν

2168 2743 2360 2813 μέθην,
2395 2744 2488 2795 καὶ
2518 2744 2850 2807 ἁπαξαπλῶς
2890 2746 2984 2815 τὴν
3018 2746 3125 2798 τῶν
3148 2747 3331 2799 κακῶν
3365 2749 3609 2817 ἀωρίαν,
3645 2752 3752 2801 τῶν

2179 2833 2443 2903 Ἰερεμίου
2485 2836 2698 2907 θρήνων
2724 2838 3229 2907 άναμιμνήσκόμαι,
3255 2840 3346 2891 καὶ
3377 2840 3496 2908 μετ’
3532 2841 3751 2893 ἐκείνου

2169 2923 2295 2991 βοῶ*
2325 2945 2341 2975 ι
2376 2927 2484 2993 Τὴν
2513 2928 2719 2979 κοιλίαν
2752 2945 2874 2997 μου,
2904 2928 3002 2995 τὴν
3044 2930 3251 2981 κοιλίαν
3290 2947 3393 2999 μου
3424 2929 3543 2997 ἐγὼ
3574 2932 3751 2996 ἀλγῶ,

492 3035 576 3081 tre
604 3041 726 3079 meo
750 3025 931 3087 doleo,
983 3032 1039 3077 et
1087 3038 1283 3077 sensus
1316 3023 1497 3077 cordis
1546 3024 1651 3075 mei
1701 3023 1849 3077 dolet
1881 3024 2058 3077 anima

2171 3015 2259 3066 καὶ
2288 3014 2356 3067 τὰ
2394 3017 2721 3089 αἰσθητήρια
2761 3019 2856 3086 τῆς
2886 3020 3111 3089 καρδίας
3148 3039 3248 3089 μου
3290 3024 3600 3092 μαιμάσσει
3640 3025 3752 3093 (85)

490 3133 611 3172 mea
636 3134 649 3181 ;
682 3118 849 3170 etiam
879 3115 1215 3183 discerpitur
1237 3130 1333 3168 cor
1364 3130 1544 3169 meum
1578 3116 1640 3179 ¹³,
1669 3134 1685 3165 ι
1713 3123 1767 3169 et
1802 3116 2063 3185 lacryma-

493 3222 619 3260 rum
646 3207 825 3259 fontes
846 3205 1091 3274 requiro,
1111 3213 1173 3257 ut
1200 3205 1484 3258 oculorum
1513 3204 1805 3259 stillicidiis
1837 3206 2060 3259 densan

489 3297 729 3352 tristitia:
772 3296 976 3350 nubem
1030 3295 1343 3352 discutiam.
1391 3298 1619 3365 Oportet
1663 3299 1830 3361 enim,
1882 3299 2061 3357 hieme

492 3386 632 3441 adeo
670 3385 806 3447 fera,
842 3394 898 3439 et
925 3385 1325 3454 gubernatores
1359 3387 1606 3455 vigilare,
1664 3397 1718 3441 et
1754 3389 2060 3456 tempestati

487 3477 789 3541 adversari,
840 3484 896 3530 et
951 3476 1018 3530 de
1052 3477 1208 3531 navis
1252 3478 1425 3533 salute
1471 3478 1745 3541 meditari,
1774 3489 1831 3533 et
1868 3488 2061 3534 nautas

490 3573 681 3626 relicta
718 3578 903 3624 mutua
938 3570 1315 3634 contentione,
1366 3572 1623 3641 precibus
1646 3580 1702 3625 et
1739 3580 1855 3626 arte
1896 3572 2060 3627 finem

490 3663 649 3717 malis
676 3662 978 3731 imponere,
1016 3669 1072 3715 et
1106 3662 1426 3730 navigantes
1459 3663 1766 3730 quiescere,
1795 3674 1850 3718 et
1880 3679 2059 3732 neque

489 3752 745 3814 invicem,
778 3765 956 3818 neque
984 3765 1108 3803 cum
1142 3752 1606 3821 gubernatoribus
1642 3753 1840 3818 rixari;
1891 3754 2061 3809 maris

487 3850 671 3896 autem
717 3841 949 3895 Domino
1005 3842 1334 3911 supplicare,
1386 3852 1445 3897 ut
1469 3852 1604 3897 nutu
1632 3844 1905 3898 tristitiam
1934 3860 2059 3898 mu-

487 3941 584 3988 tet.
626 3932 837 4001 1292
871 3932 1076 3985 [lorum
1112 3941 1295 3988 tamen
1324 3934 1530 4002 aliquid
1558 3950 1717 4003 agere
1752 3935 2052 4003 unusquis-

485 4040 594 4093 que
638 4033 893 4086 recusat;
932 4031 987 4075 at
1016 4025 1187 4079 veluti
1225 4025 1281 4078 in
1326 4040 1505 4094 pugna
1534 4034 1802 4080 nocturna
1830 4042 1933 4080 nos
1976 4027 2060 4081 in-

484 4116 661 4171 vicem
697 4131 809 4170 non
846 4125 1230 4186 agnoscentes,
1260 4126 1424 4185 atque
1468 4117 1707 4171 inimicis
1729 4118 1958 4181 relictis,
1999 4120 2056 4172 in

484 4208 852 4277 nosmetipsos
901 4210 1088 4263 omnia
1134 4209 1513 4263 consumimus
1564 4210 1705 4273 tela,
1736 4217 1791 4262 et
1834 4220 2056 4265 nosnos

484 4310 741 4367 tanquam
784 4297 968 4355 hostes
1015 4299 1411 4363 vulneramus;
1466 4298 1543 4352 illi
1578 4313 1710 4352 vero
1738 4314 1908 4368 prope
1954 4316 2056 4355 nos

480 4398 707 4453 stantes,
766 4390 997 4446 irrident
1037 4398 1285 4449 nostram
1341 4391 1688 4455 ebrietatem,
1742 4392 2053 4461 nostrisque

479 4480 739 4535 fruuntur
788 4482 1063 4545 miseriis,
1116 4490 1173 4537 et
1218 4481 1479 4551 gaudent,
1518 4491 1765 4538 mutuam
1808 4493 2051 4539 nostram

477 4570 730 4626 videntes
771 4572 1265 4641 consumptionem.
1326 4572 1532 4627 Horum
1580 4582 1765 4628 autem
1822 4572 1861 4627 ii
1922 4583 2052 4629 sunt

546 4723 588 4753 η
611 4721 786 4777 Galat.
811 4740 883 4789 γι,
914 4724 998 4779 16.
1076 4724 1119 4755 ¹⁸
1153 4724 1356 4778 Jerem.
1384 4740 1456 4789 iv,
1499 4725 1585 4779 l9.

574 4864 655 4951 i0)
687 4878 984 4951 στοιχοῦσιν
1017 4880 1086 4933 Μ.
1118 4881 1171 4934 in
1199 4882 1460 4951 margine.

574 4949 658 5019 Η)
688 4948 779 5003 Sic
808 4950 877 5003 M.
918 4951 972 5003 in
1004 4967 1207 5019 marg.;
1246 4948 1424 5004 textus
1449 4969 1460 5003 :
1482 4950 1797 5019 δοκιμάσας.

686 5019 937 5097 Nondum
969 5022 1112 5097 edita
1130 5017 1309 5097 iuerat
1333 5017 1845 5097 hmcinter'czeteras
1867 5024 2047 5097 Theo-

474 5085 649 5163 doreti
691 5089 967 5163 epistrlas,
992 5090 1089 5163 sed
1113 5091 1231 5163 ejus
1261 5098 1436 5163 tamen
1464 5089 1851 5163 fragmentum,
1879 5094 2045 5163 idque

477 5155 765 5232 Latinum,
792 5161 1035 5232 exstabat
1080 5155 1426 5232 in'Garnerii
1470 5155 1744 5232 Auctario,
1787 5178 1905 5232 pag.
1951 5155 2038 5220 62.

479 5224 668 5297 Totius
700 5229 865 5296 igitur
902 5230 1145 5297 epistolae
1183 5231 1489 5297 exemplum
1527 5229 1692 5291 nacti,
1719 5224 1972 5287 accurate
2011 5250 2042 5288 e

464 5295 663 5366 codice
693 5295 1298 5366 quodam—bibliothecae
1318 5295 1574 5354 Caesarea:
1605 5299 2042 5360 Vindobonensis

478 5362 834 5442 descriptum,
868 5384 990 5422 cum
1017 5384 1190 5442 eoque
1216 5372 1412 5442 iterum
1436 5369 1724 5442 diligenter
1763 5373 2040 5439 collatum,

480 5429 568 5510 hic
595 5429 867 5510 edendum
884 5429 1213 5510 curavimus.
1238 5441 1383 5503 Post,
1403 5429 1877 5496 cumvvidissemus
1899 5429 2047 5497 Man;

480 5507 621 5575 stum
664 5507 719 5558 in
767 5508 1100 5575 amplissima
1136 5510 1493 5563 conciliorum
1538 5509 1856 5566 collectione
1896 5524 2045 5567 tomo

483 5568 543 5652 ν,
587 5587 638 5639 p.
698 5576 833 5652 199.5
860 5568 1029 5652 ἐι-(ιτ,
1091 5580 1357 5644 eamdem,
1391 5578 1577 5652 nescio
1610 5579 1752 5634 unde
1786 5582 2046 5652 deprom—

479 5646 647 5710 ptam,
678 5645 933 5711 edidisse,
964 5645 1083 5717 ejus
1113 5662 1329 5718 quoque
1371 5648 1747 5715 discrepantes
1782 5645 2046 5707 lectiones

2163 3105 2362 3176 ἡψυχὴ
2408 3125 2532 3177 μου,
2564 3112 2939 3181 σπαράσσεται
2987 3113 3079 3164 καὶ
3117 3115 3145 3181 ἡ
3193 3114 3389 3183 καρδία
3432 3132 3564 3183 μου,
3597 3134 3617 3165 ι
3656 3118 3754 3167 καὶ

2163 3200 2345 3269 πηγὰς
2366 3200 2616 3271 δακρύων
2642 3202 2903 3272 ἐπιζητῶ,
2929 3204 3014 3256 ἴνα
3038 3207 3157 3267 ταῖς
3190 3204 3367 3257 λιϐάσι
3397 3205 3509 3258 τῶν
3538 3208 3751 3274 ὀφθαλ-

2167 3291 2303 3361 μῶν,
2332 3292 2392 3345 τδ
2422 3294 2555 3348 πολὺ
2600 3296 2697 3365 τῆς
2729 3296 2965 3366 ἀθυμίας
2998 3298 3464 3367 άποσκευάσωμαι
3511 3300 3632 3367 (46)
3659 3300 3753 3352 vi-

2164 3400 2280 3449 φος.
2310 3384 2435 3437 Δέον
2461 3386 2569 3457 γὰρ
2596 3389 2651 3439 ἐν
2685 3387 2855 3451 οὕτως
2884 3390 3062 3459 ἀγρίῳ
3089 3390 3319 3460 χειμῶνι
3354 3391 3445 3443 καὶ
3479 3393 3618 3453 τοὺς
3652 3410 3758 3445 κυ-

2163 3474 2431 3546 ϐερνήτας
2478 3480 2855 3550 ἐγρηγορέναι,
2894 3481 3003 3532 καὶ⁶
3041 3480 3120 3550 τῷ
3164 3482 3383 3533 κλύδωνι
3428 3482 3755 3551 μάχεσθαι,

2163 3568 2255 3620 καὶ
2286 3571 2385 3637 τῆς
2416 3568 2509 3621 τοῦ
2550 3571 2788 3638 σκάφους
2824 3572 3099 3642 σωτηρίας
3140 3573 3432 3644 φροντίζειν
3464 3574 3563 3626 καὶ
3606 3578 3758 3638 τοὺς

2161 3656 2359 3720 ναύτας
2386 3659 2484 3726 τῆς
2511 3662 2629 3711 κατ’
2653 3660 2892 3729 ἀλλήλων
2917 3662 3087 3732 ἔριδος
3114 3664 3449 3726 ἀποστάντας
3476 3666 3617 3735 εὐχῇ
3650 3668 3755 3719 καὶ

2159 3748 2322 3819 τέχνῃ
2367 3750 2434 3801 τὰ
2460 3750 2605 3803 δεινὰ
2638 3751 2894 3805 διαλύειν·
2940 3755 3032 3805 καὶ
3068 3754 3190 3817 τοὺς
3218 3755 3512 3825 πλωτῆρας
3560 3759 3748 3825 ἡσυχῆ

2160 3840 2451 3909 καθῆσθαι·
2487 3844 2581 3894 καὶ
2618 3844 2755 3913 μήτε
2780 3843 3029 3914 ἀλλήλοις
3055 3846 3190 3914 μήτε
3218 3848 3329 3907 τοῖς
3368 3846 3750 3915 κυϐερνήταις

2161 3930 2509 3999 ζυγομαχεῖν*
2538 3932 2628 3985 τὸν
2649 3933 2704 3985 δὲ
2724 3934 2818 4003 τῆς
2846 3934 3114 4005 θαλάττης
3142 3935 3403 3987 ἱκετεύειν
3429 3938 3746 4006 Δεσπότην,

2160 4021 2245 4072 ἵνα
2275 4022 2501 4091 νεύματι
2539 4024 2814 4095 μεταϐάλῃ
2868 4025 2937 4078 τὰ
2998 4028 3315 4095 σκυθρωπά.
3359 4029 3587 4081 Τούτων
3645 4033 3747 4099 μὲν

2158 4112 2330 4175 οὐδεὶς
2354 4114 2502 4166 οὐδὲν
2535 4114 2707 4167 ἐθέλει
2739 4118 2931 4168 ποιεῖν·
2964 4117 3039 4179 ὡς
3075 4120 3133 4170 ἐν
3177 4119 3529 4190 νυκτομαχίᾳ
3554 4121 3613 4173 δὲ
3644 4123 3743 4173 ἁλ-

2159 4202 2352 4271 λήλους
2381 4204 2762 4273 ἀγνοήσαντες,
2806 4208 2899 4258 καὶ
2934 4209 3059 4271 τοὺς
3086 4208 3360 4270 ἐναντίους
3403 4210 3747 4263 καταλιπόν-

2158 4310 2268 4357 τες,
2306 4293 2425 4347 καθ’
2457 4296 2614 4364 ἡμῶν
2650 4296 2831 4349 αὐτῶν
2875 4298 3051 4351 πάντα
3095 4298 3422 4368 δαπανῶμεν
3471 4300 3542 4353 τὰ
3583 4301 3743 4369 βέλη,

2160 4387 2253 4439 καὶ
2275 4386 2400 4448 τοὺς
2424 4386 2726 4457 ὁμοφύλους
2753 4390 2827 4452 ὼς
2852 4390 3139 4459 πολεμίους
3157 4390 3556 4461 τιτρώσκομεν,
3594 4396 3652 4445 οἱ
3686 4394 3743 4446 δὲ

2162 4481 2388 4550 πλησίον
2431 4482 2660 4546 ἑστῶτες
2694 4483 2804 4553 (4⁸1)
2841 4483 3069 4547 γελῶσιν
3095 4484 3249 4553 ἡμῶν
3274 4485 3373 4556 τὴν
3403 4485 3607 4555 μέθην,
3650 4488 3744 4539 καὶ

2156 4577 2269 4637 τοῖς
2304 4574 2589 4646 ἡμετέροις
2624 4575 3000 4645 ἐπεντρυφῶσι
3053 4578 3258 4639 κακοῖς,
3310 4578 3405 4631 καὶ
3440 4577 3745 4647 χαίρουσιν

2151 4884 2598 4958 οᾱὰἰιίἰιῃιιεη-
2633 4887 2783 4941 Hanc
2841 4888 3126 4957 epistolam
3190 4904 3311 4943 cum
3362 4887 3741 4958 subsequenti

2149 4956 2434 5027 opusculo,
2468 4954 2617 5020 Quod
2655 4966 2776 5025 post
2803 4954 3129 5027 assumptum
3153 4954 3569 5019 humanitatem,
3596 4969 3737 5025 etc,

2147 5025 2317 5097 edidit
2348 5027 2509 5079 etiam
2541 5027 2874 5091 Gallaudius,
2909 5025 3040 5081 tom.
3068 5028 3157 5092 IX,
3184 5044 3240 5097 p.
3272 5028 3398 5081 405.
3430 5028 3587 5081 Ευιτ.

2218 5093 2328 5234 ἓιίὸζ
2359 5096 2693 5218 Εὑφρατισίἕ
2717 5098 2946 5151 Vindob.
2979 5098 3189 5152 vitiose.

2242 5167 2306 5218 44
2355 5167 2449 5216 καὶ
2480 5168 2540 5219 Φ.
2573 5185 2626 5220 κ.
2700 5208 2709 5218 .
2745 5167 2935 5221 Mansi.

2242 5167 2328 5221 44)
2355 5167 2449 5216 καὶ
2480 5168 2540 5219 Φ.
2573 5185 2626 5220 κ.
2655 5167 2709 5218 Σ.
2745 5167 2935 5221 Mansi.

2243 5236 2328 5304 45)
2375 5252 2439 5302 με
2478 5237 2669 5304 μάσσει
2697 5237 2859 5291 Vind.
2897 5238 3110 5293 vitiose.

2244 5305 2327 5377 citi)
2359 5308 2817 5377 ᾁποσκεδάσωμαι
2840 5308 3007 5362 Mans.
3041 5310 3094 5365 in
3128 5307 3387 5377 margine.

2240 5375 2328 5447 Π)
2370 5376 2542 5445 Hujus
2568 5377 2673 5430 loci
2701 5375 2792 5429 :70!
2816 5379 2871 5431 δὲ
2923 5378 3147 5446 πλησίον
3182 5375 3412 5438 ἑστῶτες
3446 5392 3637 5447 usque
3668 5378 3736 5433 ad

2146 5445 2357 5517 verba:
2388 5447 2484 5509 τάς
2508 5448 2673 5508 ἀκοὰς
2696 5448 2878 5509 αὐτοῖς
2913 5445 3134 5517 ὑπέχειν
3170 5445 3551 5517 ἀνεχομένων,
3578 5448 3737 5501 Lati-

2148 5530 2273 5571 nam
2325 5516 2853 5589 interpretationem,
2888 5515 3145 5589 tanquam
3177 5517 3419 5589 epistola
3443 5515 3737 5589 fragmen-

2152 5593 2265 5637 tum
2292 5586 2540 5640 ediderat
2566 5586 2885 5653 Garnerius,
2917 5588 3140 5645 Auctor.
3174 5586 3228 5655 ρ,
3257 5587 3343 5642 62.
