  <div class='ocr_page' id='page_1' title='image "/cluster/home/n/w/nwhite01/storage/ocr_20150623/83/hvd.32044073502072/714.png"; bbox 0 0 3962 6204; ppageno 0'>
   <div class='ocr_carea' id='block_1_1' title="bbox 323 269 516 356">
    <p class='ocr_par' dir='ltr' id='par_1_1' title="bbox 323 269 516 356">
     <span class='ocr_line' id='line_1_1' title="bbox 323 269 516 356; baseline 0.021 -4"><span class='ocrx_word' id='word_1_1' title='bbox 323 286 457 356; x_wconf 68' lang='grc'><strong>1417</strong></span> <span class='ocrx_word' id='word_1_2' title='bbox 506 269 516 281; x_wconf 86' lang='grc'><em>’</em></span> 
     </span>
    </p>
   </div>
   <div class='ocr_carea' id='block_1_2' title="bbox 1691 291 2233 357">
    <p class='ocr_par' dir='ltr' id='par_1_2' title="bbox 1691 291 2233 357">
     <span class='ocr_line' id='line_1_2' title="bbox 1691 291 2233 357; baseline -0.015 0"><span class='ocrx_word' id='word_1_3' title='bbox 1691 293 2054 357; x_wconf 77' lang='lat' dir='ltr'><strong>EPISTULA</strong></span> <span class='ocrx_word' id='word_1_4' title='bbox 2090 291 2233 351; x_wconf 88' lang='lat' dir='ltr'><strong>CLI.</strong></span> 
     </span>
    </p>
   </div>
   <div class='ocr_carea' id='block_1_3' title="bbox 3430 264 3596 356">
    <p class='ocr_par' dir='ltr' id='par_1_3' title="bbox 3430 264 3596 356">
     <span class='ocr_line' id='line_1_3' title="bbox 3430 264 3596 356; baseline 0.024 -4"><span class='ocrx_word' id='word_1_5' title='bbox 3430 264 3596 356; x_wconf 59' lang='lat'><strong>1418&#39;</strong></span> 
     </span>
    </p>
   </div>
   <div class='ocr_carea' id='block_1_4' title="bbox 319 392 1876 472">
    <p class='ocr_par' dir='ltr' id='par_1_4' title="bbox 319 392 1876 472">
     <span class='ocr_line' id='line_1_4' title="bbox 319 392 1876 472; baseline 0.001 -19"><span class='ocrx_word' id='word_1_6' title='bbox 319 401 414 453; x_wconf 81' lang='grc' dir='ltr'>ὑπ’</span> <span class='ocrx_word' id='word_1_7' title='bbox 435 398 679 470; x_wconf 77' lang='grc' dir='ltr'>ἀλλήλων</span> <span class='ocrx_word' id='word_1_8' title='bbox 709 399 855 468; x_wconf 76' lang='grc' dir='ltr'>ἡμᾶς</span> <span class='ocrx_word' id='word_1_9' title='bbox 887 397 1120 470; x_wconf 80' lang='grc' dir='ltr'>ὁρῶντες</span> <span class='ocrx_word' id='word_1_10' title='bbox 1166 400 1611 472; x_wconf 64' lang='grc' dir='ltr'><strong>δαπανωμένους</strong></span> <span class='ocrx_word' id='word_1_11' title='bbox 1644 392 1806 456; x_wconf 78' lang='grc' dir='ltr'>αἴτιοι</span> <span class='ocrx_word' id='word_1_12' title='bbox 1831 402 1876 454; x_wconf 72' lang='grc' dir='ltr'>δὲ</span> 
     </span>
    </p>
   </div>
   <div class='ocr_carea' id='block_1_5' title="bbox 1981 392 3572 472">
    <p class='ocr_par' dir='ltr' id='par_1_5' title="bbox 1990 393 3572 466">
     <span class='ocr_line' id='line_1_5' title="bbox 1990 393 3572 466; baseline 0.001 -14"><span class='ocrx_word' id='word_1_13' title='bbox 1990 405 2269 459; x_wconf 99' lang='lat' dir='ltr'><strong>auctores,</strong></span> <span class='ocrx_word' id='word_1_14' title='bbox 2314 395 2409 465; x_wconf 88' lang='lat' dir='ltr'><strong>qui</strong></span> <span class='ocrx_word' id='word_1_15' title='bbox 2457 395 2812 466; x_wconf 78' lang='lat' dir='ltr'><strong>apostolicam</strong></span> <span class='ocrx_word' id='word_1_16' title='bbox 2843 393 3005 451; x_wconf 83' lang='lat' dir='ltr'><strong>fidem</strong></span> <span class='ocrx_word' id='word_1_17' title='bbox 3051 409 3409 466; x_wconf 89' lang='lat' dir='ltr'><strong>corrumpere</strong></span> <span class='ocrx_word' id='word_1_18' title='bbox 3450 408 3572 454; x_wconf 89' lang='lat' dir='ltr'><strong>ten-</strong></span> 
     </span>
    </p>
   </div>
   <div class='ocr_carea' id='block_1_6' title="bbox 315 490 1890 566">
    <p class='ocr_par' dir='ltr' id='par_1_6' title="bbox 315 490 1890 566">
     <span class='ocr_line' id='line_1_6' title="bbox 315 490 1890 566; baseline 0.003 -22"><span class='ocrx_word' id='word_1_19' title='bbox 315 491 520 545; x_wconf 85' lang='grc' dir='ltr'>τούτων</span> <span class='ocrx_word' id='word_1_20' title='bbox 535 491 584 544; x_wconf 91' lang='grc' dir='ltr'><strong>οί</strong></span> <span class='ocrx_word' id='word_1_21' title='bbox 603 490 701 562; x_wconf 84' lang='grc' dir='ltr'>τὴν</span> <span class='ocrx_word' id='word_1_22' title='bbox 726 491 1089 563; x_wconf 81' lang='grc' dir='ltr'>ἀποστολικὴν</span> <span class='ocrx_word' id='word_1_23' title='bbox 1111 492 1419 566; x_wconf 76' lang='grc' dir='ltr'>διαφθεῖραι</span> <span class='ocrx_word' id='word_1_24' title='bbox 1446 495 1630 549; x_wconf 86' lang='grc' dir='ltr'>πίστιν</span> <span class='ocrx_word' id='word_1_25' title='bbox 1660 495 1890 563; x_wconf 84' lang='grc' dir='ltr'>φιλονει-</span> 
     </span>
    </p>
   </div>
   <div class='ocr_carea' id='block_1_7' title="bbox 316 582 1890 655">
    <p class='ocr_par' dir='ltr' id='par_1_7' title="bbox 316 582 1890 655">
     <span class='ocr_line' id='line_1_7' title="bbox 316 582 1890 655; baseline 0.004 -21"><span class='ocrx_word' id='word_1_26' title='bbox 316 584 584 652; x_wconf 82' lang='grc' dir='ltr'>κήσαντες</span> <span class='ocrx_word' id='word_1_27' title='bbox 616 582 711 634; x_wconf 80' lang='grc' dir='ltr'>καὶ</span> <span class='ocrx_word' id='word_1_28' title='bbox 743 584 857 645; x_wconf 87' lang='grc' dir='ltr'>τοῖς</span> <span class='ocrx_word' id='word_1_29' title='bbox 889 583 1263 651; x_wconf 83' lang='grc' dir='ltr'>εὑαγγελικοίς</span> <span class='ocrx_word' id='word_1_30' title='bbox 1292 584 1557 655; x_wconf 79' lang='grc' dir='ltr'><strong>δόγμασιν</strong></span> <span class='ocrx_word' id='word_1_31' title='bbox 1605 586 1890 640; x_wconf 84' lang='grc' dir='ltr'>ἀλλόκοτον</span> 
     </span>
    </p>
   </div>
   <div class='ocr_carea' id='block_1_8' title="bbox 314 674 1886 747">
    <p class='ocr_par' dir='ltr' id='par_1_8' title="bbox 314 674 1886 747">
     <span class='ocr_line' id='line_1_8' title="bbox 314 674 1886 747; baseline -0.003 -16"><span class='ocrx_word' id='word_1_32' title='bbox 314 676 662 732; x_wconf 81' lang='grc' dir='ltr'><strong>διδασκαλίαν</strong></span> <span class='ocrx_word' id='word_1_33' title='bbox 692 674 960 730; x_wconf 73' lang='grc' dir='ltr'>ἐπιθεῖναι</span> <span class='ocrx_word' id='word_1_34' title='bbox 996 674 1386 745; x_wconf 80' lang='grc' dir='ltr'>τολμήσαντες·</span> <span class='ocrx_word' id='word_1_35' title='bbox 1414 675 1509 729; x_wconf 83' lang='grc' dir='ltr'>καὶ</span> <span class='ocrx_word' id='word_1_36' title='bbox 1545 676 1614 729; x_wconf 84' lang='grc' dir='ltr'>τὰ</span> <span class='ocrx_word' id='word_1_37' title='bbox 1654 675 1886 747; x_wconf 84' lang='grc' dir='ltr'>δυσσεϐῆ</span> 
     </span>
    </p>
   </div>
   <div class='ocr_carea' id='block_1_9' title="bbox 314 764 1889 837">
    <p class='ocr_par' dir='ltr' id='par_1_9' title="bbox 314 764 1889 837">
     <span class='ocr_line' id='line_1_9' title="bbox 314 764 1889 837; baseline -0.001 -15"><span class='ocrx_word' id='word_1_38' title='bbox 314 769 607 837; x_wconf 84' lang='grc' dir='ltr'>κεφάλαια,</span> <span class='ocrx_word' id='word_1_39' title='bbox 645 768 683 822; x_wconf 79' lang='grc' dir='ltr'>ἃ</span> <span class='ocrx_word' id='word_1_40' title='bbox 718 765 856 836; x_wconf 89' lang='grc' dir='ltr'><strong>μετά</strong></span> <span class='ocrx_word' id='word_1_41' title='bbox 884 764 1346 836; x_wconf 84' lang='grc' dir='ltr'>ἀναθεματισμῶν</span> <span class='ocrx_word' id='word_1_42' title='bbox 1394 768 1475 830; x_wconf 87' lang='grc' dir='ltr'><strong>είς</strong></span> <span class='ocrx_word' id='word_1_43' title='bbox 1502 766 1601 837; x_wconf 80' lang='grc' dir='ltr'>τὴν</span> <span class='ocrx_word' id='word_1_44' title='bbox 1643 766 1889 837; x_wconf 80' lang='grc' dir='ltr'><strong>βασιλίδα</strong></span> 
     </span>
    </p>
   </div>
   <div class='ocr_carea' id='block_1_10' title="bbox 313 856 1887 927">
    <p class='ocr_par' dir='ltr' id='par_1_10' title="bbox 313 856 1887 927">
     <span class='ocr_line' id='line_1_10' title="bbox 313 856 1887 927; baseline -0.001 -16"><span class='ocrx_word' id='word_1_45' title='bbox 313 858 468 912; x_wconf 87' lang='grc' dir='ltr'>πόλιν</span> <span class='ocrx_word' id='word_1_46' title='bbox 502 856 840 927; x_wconf 75' lang='grc' dir='ltr'>ἐξέπεμψαν,</span> <span class='ocrx_word' id='word_1_47' title='bbox 871 856 1292 926; x_wconf 74' lang='grc' dir='ltr'>δεξάμενοι,οιαὶ</span> <span class='ocrx_word' id='word_1_48' title='bbox 1326 858 1449 919; x_wconf 89' lang='grc' dir='ltr'>ταῖς</span> <span class='ocrx_word' id='word_1_49' title='bbox 1486 858 1714 920; x_wconf 79' lang='grc' dir='ltr'><strong>οἰκείαις</strong></span> <span class='ocrx_word' id='word_1_50' title='bbox 1753 858 1887 910; x_wconf 87' lang='grc' dir='ltr'>ὑπο-</span> 
     </span>
    </p>
   </div>
   <div class='ocr_carea' id='block_1_11' title="bbox 310 946 1889 1020">
    <p class='ocr_par' dir='ltr' id='par_1_11' title="bbox 310 946 1889 1020">
     <span class='ocr_line' id='line_1_11' title="bbox 310 946 1889 1020; baseline -0.001 -18"><span class='ocrx_word' id='word_1_51' title='bbox 310 952 571 1020; x_wconf 88' lang='grc' dir='ltr'>γραφαῖς,</span> <span class='ocrx_word' id='word_1_52' title='bbox 611 948 689 1011; x_wconf 86' lang='grc' dir='ltr'>ὡς</span> <span class='ocrx_word' id='word_1_53' title='bbox 724 947 1006 1019; x_wconf 72' lang='grc' dir='ltr'>ᾠήθησαν,</span> <span class='ocrx_word' id='word_1_54' title='bbox 1064 946 1480 1017; x_wconf 79' lang='grc' dir='ltr'>βεϐαιώσαντες,</span> <span class='ocrx_word' id='word_1_55' title='bbox 1511 948 1549 1002; x_wconf 79' lang='grc' dir='ltr'>ἃ.</span> <span class='ocrx_word' id='word_1_56' title='bbox 1607 948 1794 1017; x_wconf 82' lang='grc' dir='ltr'>σαφῶς</span> <span class='ocrx_word' id='word_1_57' title='bbox 1823 950 1889 1001; x_wconf 82' lang='grc' dir='ltr'>ἐκ</span> 
     </span>
    </p>
   </div>
   <div class='ocr_carea' id='block_1_12' title="bbox 309 1026 1888 1111">
    <p class='ocr_par' dir='ltr' id='par_1_12' title="bbox 309 1026 1888 1111">
     <span class='ocr_line' id='line_1_12' title="bbox 309 1026 1888 1111; baseline -0.002 -17"><span class='ocrx_word' id='word_1_58' title='bbox 309 1042 414 1111; x_wconf 82' lang='grc' dir='ltr'><strong>τῆς</strong></span> <span class='ocrx_word' id='word_1_59' title='bbox 468 1042 669 1111; x_wconf 79' lang='grc' dir='ltr'>πικρᾶς</span> <span class='ocrx_word' id='word_1_60' title='bbox 725 1039 1100 1109; x_wconf 76' lang='grc' dir='ltr'>’Δπολιναρίου</span> <span class='ocrx_word' id='word_1_61' title='bbox 1155 1026 1490 1110; x_wconf 75' lang='grc' dir='ltr'>βεϐλάστηκε</span> <span class='ocrx_word' id='word_1_62' title='bbox 1536 1039 1710 1110; x_wconf 77' lang='grc' dir='ltr'>ῥίζης.</span> <span class='ocrx_word' id='word_1_63' title='bbox 1742 1040 1888 1093; x_wconf 86' lang='grc' dir='ltr'>Μετ-</span> 
     </span>
    </p>
   </div>
   <div class='ocr_carea' id='block_1_13' title="bbox 311 1130 1880 1203">
    <p class='ocr_par' dir='ltr' id='par_1_13' title="bbox 311 1130 1880 1203">
     <span class='ocr_line' id='line_1_13' title="bbox 311 1130 1880 1203; baseline -0.001 -19"><span class='ocrx_word' id='word_1_64' title='bbox 311 1132 424 1203; x_wconf 81' lang='grc' dir='ltr'>έχει</span> <span class='ocrx_word' id='word_1_65' title='bbox 466 1131 522 1185; x_wconf 82' lang='grc' dir='ltr'>δὲ</span> <span class='ocrx_word' id='word_1_66' title='bbox 573 1131 666 1184; x_wconf 73' lang='grc' dir='ltr'><strong>καὶ</strong></span> <span class='ocrx_word' id='word_1_67' title='bbox 702 1131 804 1200; x_wconf 86' lang='grc' dir='ltr'><strong>τῆς</strong></span> <span class='ocrx_word' id='word_1_68' title='bbox 843 1130 1051 1200; x_wconf 80' lang='grc' dir='ltr'><strong>Ἀρείου</strong></span> <span class='ocrx_word' id='word_1_69' title='bbox 1095 1130 1191 1183; x_wconf 76' lang='grc' dir='ltr'>καὶ</span> <span class='ocrx_word' id='word_1_70' title='bbox 1237 1131 1502 1201; x_wconf 83' lang='grc' dir='ltr'>Εὐνομίου</span> <span class='ocrx_word' id='word_1_71' title='bbox 1544 1130 1880 1194; x_wconf 89' lang='grc' dir='ltr'>δυσσεϐείας·</span> 
     </span>
    </p>
   </div>
   <div class='ocr_carea' id='block_1_14' title="bbox 310 1220 1886 1293">
    <p class='ocr_par' dir='ltr' id='par_1_14' title="bbox 310 1220 1886 1293">
     <span class='ocr_line' id='line_1_14' title="bbox 310 1220 1886 1293; baseline -0.001 -17"><span class='ocrx_word' id='word_1_72' title='bbox 310 1225 359 1276; x_wconf 87' lang='grc' dir='ltr'><strong>εἰ</strong></span> <span class='ocrx_word' id='word_1_73' title='bbox 410 1223 469 1275; x_wconf 88' lang='grc' dir='ltr'><strong>δέ</strong></span> <span class='ocrx_word' id='word_1_74' title='bbox 516 1238 601 1285; x_wconf 87' lang='grc' dir='ltr'><strong>τις</strong></span> <span class='ocrx_word' id='word_1_75' title='bbox 643 1221 887 1292; x_wconf 86' lang='grc' dir='ltr'>ἀκριϐῶς</span> <span class='ocrx_word' id='word_1_76' title='bbox 945 1220 1181 1275; x_wconf 73' lang='grc' dir='ltr'>κατιδεῖν</span> <span class='ocrx_word' id='word_1_77' title='bbox 1235 1221 1564 1293; x_wconf 76' lang='grc' dir='ltr'>ἐθελήσειεν,</span> <span class='ocrx_word' id='word_1_78' title='bbox 1610 1221 1734 1275; x_wconf 75' lang='grc' dir='ltr'>οὐδὲ</span> <span class='ocrx_word' id='word_1_79' title='bbox 1787 1223 1886 1293; x_wconf 87' lang='grc' dir='ltr'><strong>τῆς</strong></span> 
     </span>
    </p>
   </div>
   <div class='ocr_carea' id='block_1_15' title="bbox 308 1309 1886 1382">
    <p class='ocr_par' dir='ltr' id='par_1_15' title="bbox 308 1309 1886 1382">
     <span class='ocr_line' id='line_1_15' title="bbox 308 1309 1886 1382; baseline 0 -19"><span class='ocrx_word' id='word_1_80' title='bbox 308 1310 664 1363; x_wconf 74' lang='grc' dir='ltr'>Οὐαλεντίνου</span> <span class='ocrx_word' id='word_1_81' title='bbox 688 1309 784 1363; x_wconf 78' lang='grc' dir='ltr'>καὶ</span> <span class='ocrx_word' id='word_1_82' title='bbox 813 1309 1142 1379; x_wconf 79' lang='grc' dir='ltr'><strong>Μαρκίωνος</strong></span> <span class='ocrx_word' id='word_1_83' title='bbox 1165 1309 1373 1382; x_wconf 76' lang='grc' dir='ltr'>ἄμοιρα</span> <span class='ocrx_word' id='word_1_84' title='bbox 1404 1310 1726 1374; x_wconf 75' lang='grc' dir='ltr'>δυσσεϐείας</span> <span class='ocrx_word' id='word_1_85' title='bbox 1753 1328 1886 1380; x_wconf 88' lang='grc' dir='ltr'>τυγ-</span> 
     </span>
    </p>
   </div>
   <div class='ocr_carea' id='block_1_16' title="bbox 308 1416 481 1469">
    <p class='ocr_par' dir='ltr' id='par_1_16' title="bbox 308 1416 481 1469">
     <span class='ocr_line' id='line_1_16' title="bbox 308 1416 481 1469; baseline 0 -17"><span class='ocrx_word' id='word_1_86' title='bbox 308 1416 437 1469; x_wconf 89' lang='grc' dir='ltr'>χανε</span> <span class='ocrx_word' id='word_1_87' title='bbox 447 1421 481 1452; x_wconf 86' lang='grc' dir='ltr'><strong>ι.</strong></span> 
     </span>
    </p>
   </div>
   <div class='ocr_carea' id='block_1_17' title="bbox 394 1488 1886 1564">
    <p class='ocr_par' dir='ltr' id='par_1_17' title="bbox 394 1488 1886 1564">
     <span class='ocr_line' id='line_1_17' title="bbox 394 1488 1886 1564; baseline 0.003 -22"><span class='ocrx_word' id='word_1_88' title='bbox 394 1488 483 1542; x_wconf 89' lang='grc' dir='ltr'><strong>Ἐν</strong></span> <span class='ocrx_word' id='word_1_89' title='bbox 521 1490 622 1561; x_wconf 83' lang='grc' dir='ltr'>μὲν</span> <span class='ocrx_word' id='word_1_90' title='bbox 648 1490 758 1561; x_wconf 85' lang='grc' dir='ltr'>γὰρ</span> <span class='ocrx_word' id='word_1_91' title='bbox 787 1489 866 1559; x_wconf 82' lang='grc' dir='ltr'>τῷ</span> <span class='ocrx_word' id='word_1_92' title='bbox 896 1488 1098 1560; x_wconf 83' lang='grc' dir='ltr'><strong>πρώτῳ</strong></span> <span class='ocrx_word' id='word_1_93' title='bbox 1122 1490 1398 1563; x_wconf 82' lang='grc' dir='ltr'>κεφαλαίῳ</span> <span class='ocrx_word' id='word_1_94' title='bbox 1427 1492 1527 1564; x_wconf 77' lang='grc' dir='ltr'>τὴν</span> <span class='ocrx_word' id='word_1_95' title='bbox 1562 1492 1702 1564; x_wconf 84' lang='grc' dir='ltr'>ὑπὲρ</span> <span class='ocrx_word' id='word_1_96' title='bbox 1729 1493 1886 1564; x_wconf 82' lang='grc' dir='ltr'>ἡμῶν</span> 
     </span>
    </p>
   </div>
   <div class='ocr_carea' id='block_1_18' title="bbox 306 1580 1887 1654">
    <p class='ocr_par' dir='ltr' id='par_1_18' title="bbox 306 1580 1887 1654">
     <span class='ocr_line' id='line_1_18' title="bbox 306 1580 1887 1654; baseline 0.004 -22"><span class='ocrx_word' id='word_1_97' title='bbox 306 1581 684 1651; x_wconf 77' lang='grc' dir='ltr'>γεγενημένην</span> <span class='ocrx_word' id='word_1_98' title='bbox 736 1580 1045 1649; x_wconf 81' lang='grc' dir='ltr'>οἰκονομίαν</span> <span class='ocrx_word' id='word_1_99' title='bbox 1092 1581 1365 1635; x_wconf 81' lang='grc' dir='ltr'>ἐκϐάλλει·</span> <span class='ocrx_word' id='word_1_100' title='bbox 1401 1583 1500 1636; x_wconf 76' lang='grc' dir='ltr'>οὐκ</span> <span class='ocrx_word' id='word_1_101' title='bbox 1538 1582 1887 1654; x_wconf 80' lang='grc' dir='ltr'>ἀνειληφέναι</span> 
     </span>
    </p>
   </div>
   <div class='ocr_carea' id='block_1_19' title="bbox 305 1668 1888 1740">
    <p class='ocr_par' dir='ltr' id='par_1_19' title="bbox 305 1668 1888 1740">
     <span class='ocr_line' id='line_1_19' title="bbox 305 1668 1888 1740; baseline 0.003 -18"><span class='ocrx_word' id='word_1_102' title='bbox 305 1670 396 1723; x_wconf 81' lang='grc' dir='ltr'><strong>τὸν</strong></span> <span class='ocrx_word' id='word_1_103' title='bbox 440 1669 571 1723; x_wconf 82' lang='grc' dir='ltr'>Θεὸν</span> <span class='ocrx_word' id='word_1_104' title='bbox 627 1669 798 1738; x_wconf 87' lang='grc' dir='ltr'>Λόγον</span> <span class='ocrx_word' id='word_1_105' title='bbox 850 1668 1012 1738; x_wconf 84' lang='grc' dir='ltr'>φύσιν</span> <span class='ocrx_word' id='word_1_106' title='bbox 1054 1670 1421 1740; x_wconf 82' lang='grc' dir='ltr'>ἀνθρωπείαν,</span> <span class='ocrx_word' id='word_1_107' title='bbox 1460 1671 1764 1727; x_wconf 81' lang='grc' dir='ltr'>ἀλλάὑτὸν</span> <span class='ocrx_word' id='word_1_108' title='bbox 1808 1676 1888 1736; x_wconf 85' lang='grc' dir='ltr'><strong>είς</strong></span> 
     </span>
    </p>
   </div>
   <div class='ocr_carea' id='block_1_20' title="bbox 309 1744 1961 1833">
    <p class='ocr_par' dir='ltr' id='par_1_20' title="bbox 309 1744 1961 1833">
     <span class='ocr_line' id='line_1_20' title="bbox 309 1744 1961 1833; baseline 0.001 -18"><span class='ocrx_word' id='word_1_109' title='bbox 309 1761 487 1832; x_wconf 85' lang='grc' dir='ltr'>σάρκα</span> <span class='ocrx_word' id='word_1_110' title='bbox 514 1759 917 1831; x_wconf 81' lang='grc' dir='ltr'>μεταϐληθῆναι</span> <span class='ocrx_word' id='word_1_111' title='bbox 937 1759 1225 1814; x_wconf 74' lang='grc' dir='ltr'>διδάσκων·</span> <span class='ocrx_word' id='word_1_112' title='bbox 1254 1766 1349 1815; x_wconf 70' lang='grc' dir='ltr'><strong>καὶ⁸</strong></span> <span class='ocrx_word' id='word_1_113' title='bbox 1377 1763 1594 1833; x_wconf 85' lang='grc' dir='ltr'>δοκήσει</span> <span class='ocrx_word' id='word_1_114' title='bbox 1628 1764 1722 1817; x_wconf 76' lang='grc' dir='ltr'>καὶ</span> <span class='ocrx_word' id='word_1_115' title='bbox 1754 1780 1889 1831; x_wconf 84' lang='grc' dir='ltr'>φαν-</span> <span class='ocrx_word' id='word_1_116' title='bbox 1917 1744 1961 1798; x_wconf 77' lang='grc' dir='ltr'><strong>Β</strong></span> 
     </span>
    </p>
   </div>
   <div class='ocr_carea' id='block_1_21' title="bbox 305 1852 1888 1925">
    <p class='ocr_par' dir='ltr' id='par_1_21' title="bbox 305 1852 1888 1925">
     <span class='ocr_line' id='line_1_21' title="bbox 305 1852 1888 1925; baseline 0.002 -20"><span class='ocrx_word' id='word_1_117' title='bbox 305 1853 466 1925; x_wconf 83' lang='grc' dir='ltr'>τασίᾳ</span> <span class='ocrx_word' id='word_1_118' title='bbox 492 1853 590 1923; x_wconf 81' lang='grc' dir='ltr'>τὴν</span> <span class='ocrx_word' id='word_1_119' title='bbox 611 1852 706 1906; x_wconf 87' lang='grc' dir='ltr'><strong>τοῦ</strong></span> <span class='ocrx_word' id='word_1_120' title='bbox 734 1852 987 1923; x_wconf 79' lang='grc' dir='ltr'><strong>Σωτῆρος</strong></span> <span class='ocrx_word' id='word_1_121' title='bbox 1014 1852 1172 1923; x_wconf 82' lang='grc' dir='ltr'>ήμῶν</span> <span class='ocrx_word' id='word_1_122' title='bbox 1195 1853 1353 1906; x_wconf 81' lang='grc' dir='ltr'>ὲνανθ</span> <span class='ocrx_word' id='word_1_123' title='bbox 1363 1852 1629 1924; x_wconf 87' lang='grc' dir='ltr'>ρὼπησιν,</span> <span class='ocrx_word' id='word_1_124' title='bbox 1654 1854 1769 1907; x_wconf 84' lang='grc' dir='ltr'>ἀλλ’</span> <span class='ocrx_word' id='word_1_125' title='bbox 1787 1857 1888 1909; x_wconf 80' lang='grc' dir='ltr'><strong>οὐκ</strong></span> 
     </span>
    </p>
   </div>
   <div class='ocr_carea' id='block_1_22' title="bbox 307 1941 1889 2017">
    <p class='ocr_par' dir='ltr' id='par_1_22' title="bbox 307 1941 1889 2017">
     <span class='ocr_line' id='line_1_22' title="bbox 307 1941 1889 2017; baseline 0 -19"><span class='ocrx_word' id='word_1_126' title='bbox 307 1943 536 2015; x_wconf 77' lang='grc' dir='ltr'>ἀληθείᾳ</span> <span class='ocrx_word' id='word_1_127' title='bbox 568 1942 893 2013; x_wconf 82' lang='grc' dir='ltr'>γεγενῆσθαι</span> <span class='ocrx_word' id='word_1_128' title='bbox 923 1941 1287 2012; x_wconf 72' lang='grc' dir='ltr'>δογματίζων.</span> <span class='ocrx_word' id='word_1_129' title='bbox 1322 1942 1507 1997; x_wconf 89' lang='grc' dir='ltr'>Ταῦτα</span> <span class='ocrx_word' id='word_1_130' title='bbox 1532 1944 1587 1997; x_wconf 83' lang='grc' dir='ltr'>δὲ</span> <span class='ocrx_word' id='word_1_131' title='bbox 1609 1947 1707 2015; x_wconf 86' lang='grc' dir='ltr'><strong>τῆς</strong></span> <span class='ocrx_word' id='word_1_132' title='bbox 1735 1946 1889 2017; x_wconf 87' lang='grc' dir='ltr'>Μαρ-</span> 
     </span>
    </p>
   </div>
   <div class='ocr_carea' id='block_1_23' title="bbox 309 2034 1889 2102">
    <p class='ocr_par' dir='ltr' id='par_1_23' title="bbox 309 2034 1889 2102">
     <span class='ocr_line' id='line_1_23' title="bbox 309 2034 1889 2102; baseline -0.001 -11"><span class='ocrx_word' id='word_1_133' title='bbox 309 2036 502 2100; x_wconf 85' lang='grc' dir='ltr'>κίωνος</span> <span class='ocrx_word' id='word_1_134' title='bbox 536 2038 628 2090; x_wconf 78' lang='grc' dir='ltr'>καὶ</span> <span class='ocrx_word' id='word_1_135' title='bbox 655 2035 750 2088; x_wconf 86' lang='grc' dir='ltr'><strong>τοῦ</strong></span> <span class='ocrx_word' id='word_1_136' title='bbox 776 2037 1052 2098; x_wconf 89' lang='grc' dir='ltr'>Μάνεντος</span> <span class='ocrx_word' id='word_1_137' title='bbox 1075 2035 1169 2089; x_wconf 74' lang='grc' dir='ltr'>καὶ</span> <span class='ocrx_word' id='word_1_138' title='bbox 1193 2034 1547 2088; x_wconf 81' lang='grc' dir='ltr'>Οὐαλεντίνου</span> <span class='ocrx_word' id='word_1_139' title='bbox 1569 2034 1889 2102; x_wconf 88' lang='grc' dir='ltr'>δυσσεϐείας</span> 
     </span>
    </p>
   </div>
   <div class='ocr_carea' id='block_1_24' title="bbox 307 2126 1888 2202">
    <p class='ocr_par' dir='ltr' id='par_1_24' title="bbox 307 2126 1888 2202">
     <span class='ocr_line' id='line_1_24' title="bbox 307 2126 1888 2202; baseline -0.002 -17"><span class='ocrx_word' id='word_1_140' title='bbox 307 2131 546 2201; x_wconf 83' lang='grc' dir='ltr'>ὑπάρχει</span> <span class='ocrx_word' id='word_1_141' title='bbox 576 2131 913 2199; x_wconf 83' lang='grc' dir='ltr'>γεννήματα.</span> <span class='ocrx_word' id='word_1_142' title='bbox 954 2128 1042 2180; x_wconf 81' lang='grc' dir='ltr'>Ἐν</span> <span class='ocrx_word' id='word_1_143' title='bbox 1096 2127 1154 2181; x_wconf 78' lang='grc' dir='ltr'>δὲ</span> <span class='ocrx_word' id='word_1_144' title='bbox 1190 2126 1268 2197; x_wconf 82' lang='grc' dir='ltr'><strong>τῷ</strong></span> <span class='ocrx_word' id='word_1_145' title='bbox 1320 2127 1557 2201; x_wconf 82' lang='grc' dir='ltr'>δευτέρῳ</span> <span class='ocrx_word' id='word_1_146' title='bbox 1589 2128 1684 2182; x_wconf 75' lang='grc' dir='ltr'><strong>καὶ</strong></span> <span class='ocrx_word' id='word_1_147' title='bbox 1718 2130 1888 2202; x_wconf 84' lang='grc' dir='ltr'>τρίτῳ</span> 
     </span>
    </p>
   </div>
   <div class='ocr_carea' id='block_1_25' title="bbox 305 2213 1886 2293">
    <p class='ocr_par' dir='ltr' id='par_1_25' title="bbox 305 2213 1886 2293">
     <span class='ocr_line' id='line_1_25' title="bbox 305 2213 1886 2293; baseline -0.002 -17"><span class='ocrx_word' id='word_1_148' title='bbox 305 2222 612 2293; x_wconf 80' lang='grc' dir='ltr'>κεφαλαίῳ,</span> <span class='ocrx_word' id='word_1_149' title='bbox 643 2220 834 2293; x_wconf 84' lang='grc' dir='ltr'>ὥσπερ</span> <span class='ocrx_word' id='word_1_150' title='bbox 866 2219 1255 2291; x_wconf 71' lang='grc' dir='ltr'>ἐπιλαθόμενος</span> <span class='ocrx_word' id='word_1_151' title='bbox 1282 2213 1356 2273; x_wconf 87' lang='grc' dir='ltr'>ὧν</span> <span class='ocrx_word' id='word_1_152' title='bbox 1378 2221 1436 2274; x_wconf 84' lang='grc' dir='ltr'>ὲν</span> <span class='ocrx_word' id='word_1_153' title='bbox 1464 2221 1772 2291; x_wconf 83' lang='grc' dir='ltr'>προοιμίοις</span> <span class='ocrx_word' id='word_1_154' title='bbox 1796 2221 1886 2288; x_wconf 79' lang='grc' dir='ltr'><strong>ἐξ-</strong></span> 
     </span>
    </p>
   </div>
   <div class='ocr_carea' id='block_1_26' title="bbox 308 2312 1885 2386">
    <p class='ocr_par' dir='ltr' id='par_1_26' title="bbox 308 2312 1885 2386">
     <span class='ocr_line' id='line_1_26' title="bbox 308 2312 1885 2386; baseline -0.001 -18"><span class='ocrx_word' id='word_1_155' title='bbox 308 2316 481 2379; x_wconf 80' lang='grc' dir='ltr'>έθετο,</span> <span class='ocrx_word' id='word_1_156' title='bbox 510 2316 610 2386; x_wconf 80' lang='grc' dir='ltr'>τὴν</span> <span class='ocrx_word' id='word_1_157' title='bbox 639 2314 763 2367; x_wconf 87' lang='grc' dir='ltr'>καθ’</span> <span class='ocrx_word' id='word_1_158' title='bbox 797 2314 1093 2367; x_wconf 84' lang='grc' dir='ltr'>ὑπόστασιν</span> <span class='ocrx_word' id='word_1_159' title='bbox 1137 2312 1333 2366; x_wconf 73' lang='grc' dir='ltr'>ἕνωσιν</span> <span class='ocrx_word' id='word_1_160' title='bbox 1359 2313 1587 2381; x_wconf 86' lang='grc' dir='ltr'>είσάγει,</span> <span class='ocrx_word' id='word_1_161' title='bbox 1618 2314 1715 2366; x_wconf 78' lang='grc' dir='ltr'>καὶ</span> <span class='ocrx_word' id='word_1_162' title='bbox 1757 2313 1885 2367; x_wconf 81' lang='grc' dir='ltr'><strong>σύν-</strong></span> 
     </span>
    </p>
   </div>
   <div class='ocr_carea' id='block_1_27' title="bbox 303 2404 1886 2478">
    <p class='ocr_par' dir='ltr' id='par_1_27' title="bbox 303 2404 1886 2478">
     <span class='ocr_line' id='line_1_27' title="bbox 303 2404 1886 2478; baseline 0 -17"><span class='ocrx_word' id='word_1_163' title='bbox 303 2407 423 2461; x_wconf 90' lang='grc' dir='ltr'>οδον</span> <span class='ocrx_word' id='word_1_164' title='bbox 453 2407 573 2459; x_wconf 79' lang='grc' dir='ltr'>καθ’</span> <span class='ocrx_word' id='word_1_165' title='bbox 607 2407 803 2460; x_wconf 75' lang='grc' dir='ltr'>ἕνωσιν</span> <span class='ocrx_word' id='word_1_166' title='bbox 842 2405 1097 2476; x_wconf 83' lang='grc' dir='ltr'>φυσικὴν,</span> <span class='ocrx_word' id='word_1_167' title='bbox 1139 2404 1337 2477; x_wconf 81' lang='grc' dir='ltr'>κρᾶσίν</span> <span class='ocrx_word' id='word_1_168' title='bbox 1364 2423 1486 2459; x_wconf 90' lang='grc' dir='ltr'>τινα</span> <span class='ocrx_word' id='word_1_169' title='bbox 1507 2407 1602 2459; x_wconf 86' lang='grc' dir='ltr'><strong>καί</strong></span> <span class='ocrx_word' id='word_1_170' title='bbox 1625 2407 1886 2478; x_wconf 70' lang='grc' dir='ltr'>σύγχυσιν</span> 
     </span>
    </p>
   </div>
   <div class='ocr_carea' id='block_1_28' title="bbox 299 2497 1884 2571">
    <p class='ocr_par' dir='ltr' id='par_1_28' title="bbox 299 2497 1884 2571">
     <span class='ocr_line' id='line_1_28' title="bbox 299 2497 1884 2571; baseline -0.001 -18"><span class='ocrx_word' id='word_1_171' title='bbox 299 2498 390 2553; x_wconf 84' lang='grc' dir='ltr'><strong>διὰ</strong></span> <span class='ocrx_word' id='word_1_172' title='bbox 413 2497 620 2552; x_wconf 81' lang='grc' dir='ltr'>τούτων</span> <span class='ocrx_word' id='word_1_173' title='bbox 656 2497 763 2550; x_wconf 86' lang='grc' dir='ltr'><strong>τῶν</strong></span> <span class='ocrx_word' id='word_1_174' title='bbox 790 2497 1071 2563; x_wconf 83' lang='grc' dir='ltr'>ὀνομάτων</span> <span class='ocrx_word' id='word_1_175' title='bbox 1105 2497 1433 2566; x_wconf 88' lang='grc' dir='ltr'>γεγενῆσθαι</span> <span class='ocrx_word' id='word_1_176' title='bbox 1461 2498 1728 2552; x_wconf 81' lang='grc' dir='ltr'>διδάσκων</span> <span class='ocrx_word' id='word_1_177' title='bbox 1784 2503 1884 2571; x_wconf 82' lang='grc' dir='ltr'><strong>τῆς</strong></span> 
     </span>
    </p>
   </div>
   <div class='ocr_carea' id='block_1_29' title="bbox 300 2586 1879 2661">
    <p class='ocr_par' dir='ltr' id='par_1_29' title="bbox 300 2586 1879 2661">
     <span class='ocr_line' id='line_1_29' title="bbox 300 2586 1879 2661; baseline 0.001 -20"><span class='ocrx_word' id='word_1_178' title='bbox 300 2606 363 2642; x_wconf 85' lang='grc' dir='ltr'><strong>τε</strong></span> <span class='ocrx_word' id='word_1_179' title='bbox 399 2588 511 2661; x_wconf 73' lang='grc'><strong>(48)</strong></span> <span class='ocrx_word' id='word_1_180' title='bbox 549 2589 699 2652; x_wconf 88' lang='grc' dir='ltr'>θείας</span> <span class='ocrx_word' id='word_1_181' title='bbox 731 2588 948 2657; x_wconf 83' lang='grc' dir='ltr'>φύσεως</span> <span class='ocrx_word' id='word_1_182' title='bbox 997 2588 1092 2641; x_wconf 71' lang='grc' dir='ltr'>καὶ</span> <span class='ocrx_word' id='word_1_183' title='bbox 1126 2586 1228 2656; x_wconf 80' lang='grc' dir='ltr'><strong>τῆς</strong></span> <span class='ocrx_word' id='word_1_184' title='bbox 1273 2587 1367 2640; x_wconf 89' lang='grc' dir='ltr'><strong>τοῦ</strong></span> <span class='ocrx_word' id='word_1_185' title='bbox 1398 2587 1587 2655; x_wconf 81' lang='grc' dir='ltr'>δούλου</span> <span class='ocrx_word' id='word_1_186' title='bbox 1643 2593 1879 2660; x_wconf 83' lang='grc' dir='ltr'>μορφῆς.</span> 
     </span>
    </p>
   </div>
   <div class='ocr_carea' id='block_1_30' title="bbox 304 2679 1881 2751">
    <p class='ocr_par' dir='ltr' id='par_1_30' title="bbox 304 2679 1881 2751">
     <span class='ocr_line' id='line_1_30' title="bbox 304 2679 1881 2751; baseline 0 -17"><span class='ocrx_word' id='word_1_187' title='bbox 304 2682 474 2735; x_wconf 84' lang='grc' dir='ltr'>Τοῦτο</span> <span class='ocrx_word' id='word_1_188' title='bbox 498 2682 596 2751; x_wconf 88' lang='grc' dir='ltr'><strong>τῆς</strong></span> <span class='ocrx_word' id='word_1_189' title='bbox 625 2680 910 2751; x_wconf 83' lang='grc' dir='ltr'>αίρετικῆς</span> <span class='ocrx_word' id='word_1_190' title='bbox 957 2679 1333 2749; x_wconf 81' lang='grc' dir='ltr'>Ἀπολιναρίου</span> <span class='ocrx_word' id='word_1_191' title='bbox 1369 2682 1720 2750; x_wconf 85' lang='grc' dir='ltr'>καινοτομίας</span> <span class='ocrx_word' id='word_1_192' title='bbox 1763 2681 1881 2734; x_wconf 76' lang='grc' dir='ltr'>ἐστὶ</span> 
     </span>
    </p>
   </div>
   <div class='ocr_carea' id='block_1_31' title="bbox 304 2767 1880 2841">
    <p class='ocr_par' dir='ltr' id='par_1_31' title="bbox 304 2767 1880 2841">
     <span class='ocr_line' id='line_1_31' title="bbox 304 2767 1880 2841; baseline 0.001 -18"><span class='ocrx_word' id='word_1_193' title='bbox 304 2769 514 2841; x_wconf 86' lang='grc' dir='ltr'>κύημα.</span> <span class='ocrx_word' id='word_1_194' title='bbox 547 2771 634 2823; x_wconf 81' lang='grc' dir='ltr'>Ἐν</span> <span class='ocrx_word' id='word_1_195' title='bbox 660 2770 717 2822; x_wconf 78' lang='grc' dir='ltr'>δὲ</span> <span class='ocrx_word' id='word_1_196' title='bbox 743 2768 822 2838; x_wconf 86' lang='grc' dir='ltr'>τῷ</span> <span class='ocrx_word' id='word_1_197' title='bbox 843 2769 1087 2839; x_wconf 83' lang='grc' dir='ltr'>τετάρτῳ</span> <span class='ocrx_word' id='word_1_198' title='bbox 1114 2767 1394 2837; x_wconf 88' lang='grc' dir='ltr'>κεφαλαίῳ</span> <span class='ocrx_word' id='word_1_199' title='bbox 1413 2769 1746 2839; x_wconf 82' lang='grc' dir='ltr'>ἀπαγορεύει</span> <span class='ocrx_word' id='word_1_200' title='bbox 1771 2770 1880 2824; x_wconf 84' lang='grc' dir='ltr'><strong>τῶν</strong></span> 
     </span>
    </p>
   </div>
   <div class='ocr_carea' id='block_1_32' title="bbox 304 2855 1879 2930">
    <p class='ocr_par' dir='ltr' id='par_1_32' title="bbox 304 2855 1879 2930">
     <span class='ocr_line' id='line_1_32' title="bbox 304 2855 1879 2930; baseline 0.001 -20"><span class='ocrx_word' id='word_1_201' title='bbox 304 2857 681 2927; x_wconf 82' lang='grc' dir='ltr'>εὐαγγελικῶν</span> <span class='ocrx_word' id='word_1_202' title='bbox 706 2857 802 2911; x_wconf 63' lang='grc' dir='ltr'><strong>καλ⁸</strong></span> <span class='ocrx_word' id='word_1_203' title='bbox 833 2855 1204 2910; x_wconf 73' lang='grc' dir='ltr'>ἀποπολικῶν</span> <span class='ocrx_word' id='word_1_204' title='bbox 1239 2856 1431 2924; x_wconf 82' lang='grc' dir='ltr'>φωνῶν</span> <span class='ocrx_word' id='word_1_205' title='bbox 1463 2856 1561 2927; x_wconf 83' lang='grc' dir='ltr'>τὴν</span> <span class='ocrx_word' id='word_1_206' title='bbox 1592 2858 1879 2930; x_wconf 87' lang='grc' dir='ltr'>διαίρεσιν,</span> 
     </span>
    </p>
   </div>
   <div class='ocr_carea' id='block_1_33' title="bbox 303 2944 1883 3017">
    <p class='ocr_par' dir='ltr' id='par_1_33' title="bbox 303 2944 1883 3017">
     <span class='ocr_line' id='line_1_33' title="bbox 303 2944 1883 3017; baseline 0.001 -17"><span class='ocrx_word' id='word_1_207' title='bbox 303 2948 401 3000; x_wconf 73' lang='grc' dir='ltr'>καὶ</span> <span class='ocrx_word' id='word_1_208' title='bbox 440 2947 542 3000; x_wconf 87' lang='grc' dir='ltr'><strong>οὑκ</strong></span> <span class='ocrx_word' id='word_1_209' title='bbox 584 2947 649 3017; x_wconf 78' lang='grc' dir='ltr'><strong>ἑᾷ</strong></span> <span class='ocrx_word' id='word_1_210' title='bbox 681 2945 822 2999; x_wconf 81' lang='grc' dir='ltr'>κατὰ</span> <span class='ocrx_word' id='word_1_211' title='bbox 854 2945 956 3009; x_wconf 83' lang='grc' dir='ltr'><strong>τὰς</strong></span> <span class='ocrx_word' id='word_1_212' title='bbox 989 2944 1097 2998; x_wconf 87' lang='grc' dir='ltr'><strong>τῶν</strong></span> <span class='ocrx_word' id='word_1_213' title='bbox 1126 2944 1424 3015; x_wconf 79' lang='grc' dir='ltr'>ὀρθοδόξων</span> <span class='ocrx_word' id='word_1_214' title='bbox 1450 2947 1712 3017; x_wconf 88' lang='grc' dir='ltr'>Πατέρων</span> <span class='ocrx_word' id='word_1_215' title='bbox 1735 2948 1883 3002; x_wconf 82' lang='grc' dir='ltr'>διδα-</span> 
     </span>
    </p>
   </div>
   <div class='ocr_carea' id='block_1_34' title="bbox 305 3033 1880 3107">
    <p class='ocr_par' dir='ltr' id='par_1_34' title="bbox 305 3033 1880 3107">
     <span class='ocr_line' id='line_1_34' title="bbox 305 3033 1880 3107; baseline 0.003 -19"><span class='ocrx_word' id='word_1_216' title='bbox 305 3034 535 3097; x_wconf 87' lang='grc' dir='ltr'>σκαλίας</span> <span class='ocrx_word' id='word_1_217' title='bbox 565 3034 663 3097; x_wconf 80' lang='grc' dir='ltr'><strong>τὰς</strong></span> <span class='ocrx_word' id='word_1_218' title='bbox 694 3034 795 3105; x_wconf 75' lang='grc' dir='ltr'>μὲν</span> <span class='ocrx_word' id='word_1_219' title='bbox 825 3034 1151 3104; x_wconf 88' lang='grc' dir='ltr'>θεοπρεπεῖς</span> <span class='ocrx_word' id='word_1_220' title='bbox 1183 3033 1367 3102; x_wconf 83' lang='grc' dir='ltr'>φωνάς</span> <span class='ocrx_word' id='word_1_221' title='bbox 1418 3036 1548 3107; x_wconf 77' lang='grc' dir='ltr'>περὶ</span> <span class='ocrx_word' id='word_1_222' title='bbox 1592 3038 1693 3107; x_wconf 88' lang='grc' dir='ltr'><strong>τῆς</strong></span> <span class='ocrx_word' id='word_1_223' title='bbox 1728 3036 1880 3102; x_wconf 86' lang='grc' dir='ltr'>θείας</span> 
     </span>
    </p>
   </div>
   <div class='ocr_carea' id='block_1_35' title="bbox 302 3123 1879 3198">
    <p class='ocr_par' dir='ltr' id='par_1_35' title="bbox 302 3123 1879 3198">
     <span class='ocr_line' id='line_1_35' title="bbox 302 3123 1879 3198; baseline 0.003 -20"><span class='ocrx_word' id='word_1_224' title='bbox 302 3123 739 3195; x_wconf 78' lang='grc' dir='ltr'>ὲκλαμϐάνεσθαι</span> <span class='ocrx_word' id='word_1_225' title='bbox 772 3124 988 3193; x_wconf 80' lang='grc' dir='ltr'>φύσεως</span> <span class='ocrx_word' id='word_1_226' title='bbox 1032 3123 1131 3188; x_wconf 81' lang='grc' dir='ltr'><strong>τὰς</strong></span> <span class='ocrx_word' id='word_1_227' title='bbox 1154 3124 1212 3178; x_wconf 83' lang='grc' dir='ltr'>δὲ</span> <span class='ocrx_word' id='word_1_228' title='bbox 1237 3125 1503 3189; x_wconf 76' lang='grc' dir='ltr'>ταπεινὰς</span> <span class='ocrx_word' id='word_1_229' title='bbox 1540 3128 1634 3181; x_wconf 76' lang='grc' dir='ltr'>καὶ</span> <span class='ocrx_word' id='word_1_230' title='bbox 1664 3129 1879 3198; x_wconf 84' lang='grc' dir='ltr'>ἀνθρω-</span> 
     </span>
    </p>
   </div>
   <div class='ocr_carea' id='block_1_36' title="bbox 303 3215 1881 3288">
    <p class='ocr_par' dir='ltr' id='par_1_36' title="bbox 303 3215 1881 3288">
     <span class='ocr_line' id='line_1_36' title="bbox 303 3215 1881 3288; baseline 0.001 -18"><span class='ocrx_word' id='word_1_231' title='bbox 303 3216 473 3280; x_wconf 83' lang='grc' dir='ltr'>πίνως</span> <span class='ocrx_word' id='word_1_232' title='bbox 493 3216 789 3288; x_wconf 84' lang='grc' dir='ltr'>είρημένας</span> <span class='ocrx_word' id='word_1_233' title='bbox 814 3218 883 3287; x_wconf 79' lang='grc' dir='ltr'><strong>τῇ</strong></span> <span class='ocrx_word' id='word_1_234' title='bbox 912 3215 1283 3288; x_wconf 82' lang='grc' dir='ltr'>ἀναληφθείσῃ</span> <span class='ocrx_word' id='word_1_235' title='bbox 1304 3218 1640 3287; x_wconf 83' lang='grc' dir='ltr'>προσάπτειν</span> <span class='ocrx_word' id='word_1_236' title='bbox 1668 3219 1881 3288; x_wconf 74' lang='grc' dir='ltr'>ἀνθρωο</span> 
     </span>
    </p>
   </div>
   <div class='ocr_carea' id='block_1_37' title="bbox 302 3306 1881 3380">
    <p class='ocr_par' dir='ltr' id='par_1_37' title="bbox 302 3306 1881 3380">
     <span class='ocr_line' id='line_1_37' title="bbox 302 3306 1881 3380; baseline 0.001 -18"><span class='ocrx_word' id='word_1_237' title='bbox 302 3308 516 3380; x_wconf 84' lang='grc' dir='ltr'>πότητι·</span> <span class='ocrx_word' id='word_1_238' title='bbox 542 3309 635 3362; x_wconf 75' lang='grc' dir='ltr'><strong>καὶ</strong></span> <span class='ocrx_word' id='word_1_239' title='bbox 668 3308 918 3362; x_wconf 77' lang='grc' dir='ltr'>ἐντεῦθεν</span> <span class='ocrx_word' id='word_1_240' title='bbox 945 3308 1127 3362; x_wconf 87' lang='grc' dir='ltr'>τοίνυν</span> <span class='ocrx_word' id='word_1_241' title='bbox 1157 3306 1306 3359; x_wconf 79' lang='grc' dir='ltr'>ἔστιν</span> <span class='ocrx_word' id='word_1_242' title='bbox 1334 3309 1515 3378; x_wconf 84' lang='grc' dir='ltr'>εὑρεῖν</span> <span class='ocrx_word' id='word_1_243' title='bbox 1536 3309 1664 3372; x_wconf 78' lang='grc' dir='ltr'>τοὺς</span> <span class='ocrx_word' id='word_1_244' title='bbox 1690 3310 1881 3380; x_wconf 78' lang='grc' dir='ltr'><strong>εὑφρο⁴</strong></span> 
     </span>
    </p>
   </div>
   <div class='ocr_carea' id='block_1_38' title="bbox 300 3400 1878 3472">
    <p class='ocr_par' dir='ltr' id='par_1_38' title="bbox 300 3400 1878 3472">
     <span class='ocr_line' id='line_1_38' title="bbox 300 3400 1878 3472; baseline -0.001 -16"><span class='ocrx_word' id='word_1_245' title='bbox 300 3402 521 3465; x_wconf 86' lang='grc' dir='ltr'>νοῦντας</span> <span class='ocrx_word' id='word_1_246' title='bbox 550 3403 651 3472; x_wconf 82' lang='grc' dir='ltr'><strong>τὴν</strong></span> <span class='ocrx_word' id='word_1_247' title='bbox 687 3401 789 3470; x_wconf 72' lang='grc' dir='ltr'><strong>τῆς</strong></span> <span class='ocrx_word' id='word_1_248' title='bbox 829 3400 1087 3462; x_wconf 88' lang='grc' dir='ltr'>ἀσεϐείας</span> <span class='ocrx_word' id='word_1_249' title='bbox 1131 3400 1473 3468; x_wconf 85' lang='grc' dir='ltr'>συγγένειαν.</span> <span class='ocrx_word' id='word_1_250' title='bbox 1508 3401 1725 3470; x_wconf 74' lang='grc' dir='ltr'>’Ἄρειος</span> <span class='ocrx_word' id='word_1_251' title='bbox 1767 3401 1878 3472; x_wconf 80' lang='grc' dir='ltr'><strong>γάρ</strong></span> 
     </span>
    </p>
   </div>
   <div class='ocr_carea' id='block_1_39' title="bbox 301 3489 1877 3563">
    <p class='ocr_par' dir='ltr' id='par_1_39' title="bbox 301 3489 1877 3563">
     <span class='ocr_line' id='line_1_39' title="bbox 301 3489 1877 3563; baseline -0.002 -15"><span class='ocrx_word' id='word_1_252' title='bbox 301 3495 395 3548; x_wconf 63' lang='grc' dir='ltr'>καὶ</span> <span class='ocrx_word' id='word_1_253' title='bbox 425 3494 711 3563; x_wconf 82' lang='grc' dir='ltr'>Εὑνόμιος,</span> <span class='ocrx_word' id='word_1_254' title='bbox 753 3491 959 3561; x_wconf 81' lang='grc' dir='ltr'>κτίσμα</span> <span class='ocrx_word' id='word_1_255' title='bbox 989 3491 1083 3544; x_wconf 72' lang='grc' dir='ltr'>καὶ</span> <span class='ocrx_word' id='word_1_256' title='bbox 1111 3489 1170 3554; x_wconf 76' lang='grc' dir='ltr'>ἐξ</span> <span class='ocrx_word' id='word_1_257' title='bbox 1198 3490 1298 3542; x_wconf 74' lang='grc' dir='ltr'>οὐκ</span> <span class='ocrx_word' id='word_1_258' title='bbox 1332 3491 1522 3557; x_wconf 78' lang='grc' dir='ltr'>ὄντων,</span> <span class='ocrx_word' id='word_1_259' title='bbox 1559 3491 1653 3544; x_wconf 81' lang='grc' dir='ltr'>καὶ</span> <span class='ocrx_word' id='word_1_260' title='bbox 1694 3491 1877 3546; x_wconf 88' lang='grc' dir='ltr'>δοῦλον</span> 
     </span>
    </p>
   </div>
   <div class='ocr_carea' id='block_1_40' title="bbox 298 3578 1877 3655">
    <p class='ocr_par' dir='ltr' id='par_1_40' title="bbox 298 3578 1877 3655">
     <span class='ocr_line' id='line_1_40' title="bbox 298 3578 1877 3655; baseline -0.003 -14"><span class='ocrx_word' id='word_1_261' title='bbox 298 3586 391 3640; x_wconf 83' lang='grc' dir='ltr'>τὸν</span> <span class='ocrx_word' id='word_1_262' title='bbox 426 3584 695 3655; x_wconf 82' lang='grc' dir='ltr'>μονογενῆ</span> <span class='ocrx_word' id='word_1_263' title='bbox 729 3582 851 3634; x_wconf 77' lang='grc' dir='ltr'>Υίδν</span> <span class='ocrx_word' id='word_1_264' title='bbox 882 3580 979 3635; x_wconf 87' lang='grc' dir='ltr'><strong>τοῦ</strong></span> <span class='ocrx_word' id='word_1_265' title='bbox 1005 3579 1139 3634; x_wconf 87' lang='grc' dir='ltr'>Θεοῦ</span> <span class='ocrx_word' id='word_1_266' title='bbox 1164 3578 1302 3634; x_wconf 74' lang='grc' dir='ltr'>εἶναι</span> <span class='ocrx_word' id='word_1_267' title='bbox 1330 3582 1649 3649; x_wconf 82' lang='grc' dir='ltr'>φάσκοντες,</span> <span class='ocrx_word' id='word_1_268' title='bbox 1678 3584 1745 3637; x_wconf 84' lang='grc' dir='ltr'><strong>τὰ</strong></span> <span class='ocrx_word' id='word_1_269' title='bbox 1778 3600 1877 3636; x_wconf 85' lang='grc' dir='ltr'>τα-</span> 
     </span>
    </p>
   </div>
   <div class='ocr_carea' id='block_1_41' title="bbox 297 3672 1875 3744">
    <p class='ocr_par' dir='ltr' id='par_1_41' title="bbox 297 3672 1875 3744">
     <span class='ocr_line' id='line_1_41' title="bbox 297 3672 1875 3744; baseline -0.002 -14"><span class='ocrx_word' id='word_1_270' title='bbox 297 3676 500 3739; x_wconf 81' lang='grc' dir='ltr'>πεινῶς</span> <span class='ocrx_word' id='word_1_271' title='bbox 548 3674 656 3727; x_wconf 84' lang='grc' dir='ltr'>ὑπὸ</span> <span class='ocrx_word' id='word_1_272' title='bbox 686 3672 780 3726; x_wconf 87' lang='grc' dir='ltr'><strong>τοῦ</strong></span> <span class='ocrx_word' id='word_1_273' title='bbox 812 3672 1085 3726; x_wconf 80' lang='grc' dir='ltr'>Δεσπὸτου</span> <span class='ocrx_word' id='word_1_274' title='bbox 1114 3672 1355 3744; x_wconf 81' lang='grc' dir='ltr'>Χριστοῦ</span> <span class='ocrx_word' id='word_1_275' title='bbox 1399 3674 1493 3725; x_wconf 70' lang='grc' dir='ltr'>καὶ</span> <span class='ocrx_word' id='word_1_276' title='bbox 1521 3673 1875 3744; x_wconf 85' lang='grc' dir='ltr'>ἀνθρωπίνως</span> 
     </span>
    </p>
   </div>
   <div class='ocr_carea' id='block_1_42' title="bbox 296 3763 1874 3838">
    <p class='ocr_par' dir='ltr' id='par_1_42' title="bbox 296 3763 1874 3838">
     <span class='ocr_line' id='line_1_42' title="bbox 296 3763 1874 3838; baseline 0 -17"><span class='ocrx_word' id='word_1_277' title='bbox 296 3765 565 3838; x_wconf 78' lang='grc' dir='ltr'>εἰρημένα</span> <span class='ocrx_word' id='word_1_278' title='bbox 589 3767 656 3836; x_wconf 76' lang='grc' dir='ltr'><strong>τῇ</strong></span> <span class='ocrx_word' id='word_1_279' title='bbox 681 3764 894 3834; x_wconf 88' lang='grc' dir='ltr'>θεότητι</span> <span class='ocrx_word' id='word_1_280' title='bbox 920 3763 1083 3818; x_wconf 81' lang='grc' dir='ltr'>αὑτοῦ</span> <span class='ocrx_word' id='word_1_281' title='bbox 1109 3764 1383 3835; x_wconf 78' lang='grc' dir='ltr'>προσάψαι</span> <span class='ocrx_word' id='word_1_282' title='bbox 1403 3766 1789 3837; x_wconf 82' lang='grc' dir='ltr'>τετολμήκασι·</span> <span class='ocrx_word' id='word_1_283' title='bbox 1813 3769 1874 3821; x_wconf 76' lang='grc' dir='ltr'>τὸ</span> 
     </span>
    </p>
   </div>
   <div class='ocr_carea' id='block_1_43' title="bbox 296 3848 1871 3927">
    <p class='ocr_par' dir='ltr' id='par_1_43' title="bbox 296 3848 1871 3927">
     <span class='ocr_line' id='line_1_43' title="bbox 296 3848 1871 3927; baseline 0.001 -16"><span class='ocrx_word' id='word_1_284' title='bbox 296 3855 633 3927; x_wconf 77' lang='grc' dir='ltr'>ἐτεροούσιον</span> <span class='ocrx_word' id='word_1_285' title='bbox 659 3848 910 3909; x_wconf 80' lang='grc' dir='ltr'>ἐντεῦθεν</span> <span class='ocrx_word' id='word_1_286' title='bbox 945 3857 1038 3910; x_wconf 77' lang='grc' dir='ltr'>καὶ</span> <span class='ocrx_word' id='word_1_287' title='bbox 1063 3856 1122 3908; x_wconf 84' lang='grc' dir='ltr'>τὸ</span> <span class='ocrx_word' id='word_1_288' title='bbox 1144 3857 1400 3927; x_wconf 76' lang='grc' dir='ltr'>ἀνόμοιον</span> <span class='ocrx_word' id='word_1_289' title='bbox 1431 3857 1871 3922; x_wconf 80' lang='grc' dir='ltr'>κατασκευάζον-</span> 
     </span>
    </p>
   </div>
   <div class='ocr_carea' id='block_1_44' title="bbox 294 3944 1871 4019">
    <p class='ocr_par' dir='ltr' id='par_1_44' title="bbox 294 3944 1871 4019">
     <span class='ocr_line' id='line_1_44' title="bbox 294 3944 1871 4019; baseline 0.001 -19"><span class='ocrx_word' id='word_1_290' title='bbox 294 3964 407 4011; x_wconf 83' lang='grc' dir='ltr'>τες.</span> <span class='ocrx_word' id='word_1_291' title='bbox 442 3945 586 4017; x_wconf 76' lang='grc' dir='ltr'>Πρὸς</span> <span class='ocrx_word' id='word_1_292' title='bbox 635 3944 864 4011; x_wconf 81' lang='grc' dir='ltr'>τούτοις,</span> <span class='ocrx_word' id='word_1_293' title='bbox 899 3945 985 3999; x_wconf 78' lang='grc' dir='ltr'><strong>ἵνα</strong></span> <span class='ocrx_word' id='word_1_294' title='bbox 1036 3944 1270 3999; x_wconf 87' lang='grc' dir='ltr'>συνελὼν</span> <span class='ocrx_word' id='word_1_295' title='bbox 1326 3946 1484 4012; x_wconf 80' lang='grc' dir='ltr'>εἴπω,</span> <span class='ocrx_word' id='word_1_296' title='bbox 1541 3946 1713 4017; x_wconf 76' lang='grc' dir='ltr'>αὐτὴν</span> <span class='ocrx_word' id='word_1_297' title='bbox 1771 3949 1871 4019; x_wconf 77' lang='grc' dir='ltr'>τὴν</span> 
     </span>
    </p>
   </div>
   <div class='ocr_carea' id='block_1_45' title="bbox 295 4036 1873 4109">
    <p class='ocr_par' dir='ltr' id='par_1_45' title="bbox 295 4036 1873 4109">
     <span class='ocr_line' id='line_1_45' title="bbox 295 4036 1873 4109; baseline 0.002 -19"><span class='ocrx_word' id='word_1_298' title='bbox 295 4036 480 4106; x_wconf 83' lang='grc' dir='ltr'>ἀπαθῆ</span> <span class='ocrx_word' id='word_1_299' title='bbox 520 4038 613 4091; x_wconf 77' lang='grc' dir='ltr'>καὶ</span> <span class='ocrx_word' id='word_1_300' title='bbox 645 4036 912 4108; x_wconf 78' lang='grc' dir='ltr'>ἄτρεπτον</span> <span class='ocrx_word' id='word_1_301' title='bbox 955 4036 1050 4090; x_wconf 87' lang='grc' dir='ltr'><strong>τοῦ</strong></span> <span class='ocrx_word' id='word_1_302' title='bbox 1095 4036 1334 4107; x_wconf 82' lang='grc' dir='ltr'>Χριστοῦ</span> <span class='ocrx_word' id='word_1_303' title='bbox 1382 4037 1610 4109; x_wconf 86' lang='grc' dir='ltr'>θεότητα</span> <span class='ocrx_word' id='word_1_304' title='bbox 1648 4039 1743 4095; x_wconf 71' lang='grc' dir='ltr'>καὶ</span> <span class='ocrx_word' id='word_1_305' title='bbox 1768 4058 1873 4093; x_wconf 85' lang='grc' dir='ltr'>πα-</span> 
     </span>
    </p>
   </div>
   <div class='ocr_carea' id='block_1_46' title="bbox 294 4127 1872 4201">
    <p class='ocr_par' dir='ltr' id='par_1_46' title="bbox 294 4127 1872 4201">
     <span class='ocr_line' id='line_1_46' title="bbox 294 4127 1872 4201; baseline 0.002 -19"><span class='ocrx_word' id='word_1_306' title='bbox 294 4128 428 4195; x_wconf 88' lang='grc' dir='ltr'>θεῖν,</span> <span class='ocrx_word' id='word_1_307' title='bbox 453 4128 548 4181; x_wconf 82' lang='grc' dir='ltr'>καὶ</span> <span class='ocrx_word' id='word_1_308' title='bbox 573 4127 952 4199; x_wconf 76' lang='grc' dir='ltr'>σταυρωθῆναι</span> <span class='ocrx_word' id='word_1_309' title='bbox 978 4127 1071 4182; x_wconf 63' lang='grc' dir='ltr'><strong>καὶ⁵</strong></span> <span class='ocrx_word' id='word_1_310' title='bbox 1093 4128 1387 4182; x_wconf 83' lang='grc' dir='ltr'>ἀποθανεῖν</span> <span class='ocrx_word' id='word_1_311' title='bbox 1413 4130 1507 4183; x_wconf 73' lang='grc' dir='ltr'>καὶ</span> <span class='ocrx_word' id='word_1_312' title='bbox 1533 4131 1770 4201; x_wconf 85' lang='grc' dir='ltr'>ταφῆναι</span> <span class='ocrx_word' id='word_1_313' title='bbox 1794 4132 1872 4184; x_wconf 83' lang='grc' dir='ltr'>δι-</span> 
     </span>
    </p>
   </div>
   <div class='ocr_carea' id='block_1_47' title="bbox 291 4216 1870 4291">
    <p class='ocr_par' dir='ltr' id='par_1_47' title="bbox 291 4216 1870 4291">
     <span class='ocr_line' id='line_1_47' title="bbox 291 4216 1870 4291; baseline 0.003 -20"><span class='ocrx_word' id='word_1_314' title='bbox 291 4217 564 4289; x_wconf 81' lang='grc' dir='ltr'>αγορεύει.</span> <span class='ocrx_word' id='word_1_315' title='bbox 601 4216 772 4270; x_wconf 85' lang='grc' dir='ltr'>Ίόῦτο</span> <span class='ocrx_word' id='word_1_316' title='bbox 827 4217 883 4270; x_wconf 80' lang='grc' dir='ltr'>δὲ</span> <span class='ocrx_word' id='word_1_317' title='bbox 943 4217 1038 4270; x_wconf 79' lang='grc' dir='ltr'>καὶ</span> <span class='ocrx_word' id='word_1_318' title='bbox 1081 4217 1182 4287; x_wconf 86' lang='grc' dir='ltr'><strong>τῆς</strong></span> <span class='ocrx_word' id='word_1_319' title='bbox 1223 4218 1434 4290; x_wconf 84' lang='grc' dir='ltr'>Ἀρείου</span> <span class='ocrx_word' id='word_1_320' title='bbox 1479 4220 1572 4273; x_wconf 81' lang='grc' dir='ltr'>καὶ</span> <span class='ocrx_word' id='word_1_321' title='bbox 1604 4221 1870 4291; x_wconf 84' lang='grc' dir='ltr'>Εὑνομίου</span> 
     </span>
    </p>
   </div>
   <div class='ocr_carea' id='block_1_48' title="bbox 294 4306 1870 4379">
    <p class='ocr_par' dir='ltr' id='par_1_48' title="bbox 294 4306 1870 4379">
     <span class='ocr_line' id='line_1_48' title="bbox 294 4306 1870 4379; baseline 0 -17"><span class='ocrx_word' id='word_1_322' title='bbox 294 4309 491 4379; x_wconf 88' lang='grc' dir='ltr'>μανίας</span> <span class='ocrx_word' id='word_1_323' title='bbox 518 4306 797 4361; x_wconf 74' lang='grc' dir='ltr'>ἐπέκεινα·</span> <span class='ocrx_word' id='word_1_324' title='bbox 823 4306 947 4359; x_wconf 80' lang='grc' dir='ltr'>οὐδὲ</span> <span class='ocrx_word' id='word_1_325' title='bbox 969 4306 1079 4377; x_wconf 81' lang='grc' dir='ltr'><strong>γὰρ</strong></span> <span class='ocrx_word' id='word_1_326' title='bbox 1100 4309 1149 4361; x_wconf 91' lang='grc' dir='ltr'><strong>οί</strong></span> <span class='ocrx_word' id='word_1_327' title='bbox 1172 4308 1376 4378; x_wconf 87' lang='grc' dir='ltr'>κτίσμα</span> <span class='ocrx_word' id='word_1_328' title='bbox 1403 4307 1709 4379; x_wconf 83' lang='grc' dir='ltr'>τολμῶντες</span> <span class='ocrx_word' id='word_1_329' title='bbox 1736 4311 1870 4363; x_wconf 85' lang='grc' dir='ltr'>ἀπο-</span> 
     </span>
    </p>
   </div>
   <div class='ocr_carea' id='block_1_49' title="bbox 291 4397 1942 4487">
    <p class='ocr_par' dir='ltr' id='par_1_49' title="bbox 291 4397 1942 4487">
     <span class='ocr_line' id='line_1_49' title="bbox 291 4397 1942 4487; baseline 0.002 -33"><span class='ocrx_word' id='word_1_330' title='bbox 291 4400 476 4454; x_wconf 85' lang='grc' dir='ltr'>καλεῖν</span> <span class='ocrx_word' id='word_1_331' title='bbox 520 4398 613 4453; x_wconf 79' lang='grc' dir='ltr'>τὸν</span> <span class='ocrx_word' id='word_1_332' title='bbox 646 4397 885 4469; x_wconf 85' lang='grc' dir='ltr'>Ποιητὴν</span> <span class='ocrx_word' id='word_1_333' title='bbox 915 4398 1024 4450; x_wconf 82' lang='grc' dir='ltr'><strong>τῶν</strong></span> <span class='ocrx_word' id='word_1_334' title='bbox 1057 4400 1193 4452; x_wconf 85' lang='grc' dir='ltr'>ὅλων</span> <span class='ocrx_word' id='word_1_335' title='bbox 1242 4400 1336 4452; x_wconf 76' lang='grc' dir='ltr'>καὶ</span> <span class='ocrx_word' id='word_1_336' title='bbox 1376 4403 1743 4471; x_wconf 81' lang='grc' dir='ltr'>Δημιουργὸν,</span> <span class='ocrx_word' id='word_1_337' title='bbox 1787 4405 1867 4467; x_wconf 88' lang='grc' dir='ltr'><strong>είς</strong></span> <span class='ocrx_word' id='word_1_338' title='bbox 1900 4432 1942 4487; x_wconf 77' lang='lat' dir='ltr'><strong>D</strong></span> 
     </span>
    </p>
   </div>
   <div class='ocr_carea' id='block_1_50' title="bbox 288 4490 1867 4563">
    <p class='ocr_par' dir='ltr' id='par_1_50' title="bbox 288 4490 1867 4563">
     <span class='ocr_line' id='line_1_50' title="bbox 288 4490 1867 4563; baseline -0.003 -16"><span class='ocrx_word' id='word_1_339' title='bbox 288 4493 494 4563; x_wconf 80' lang='grc' dir='ltr'>ταύτην</span> <span class='ocrx_word' id='word_1_340' title='bbox 522 4491 814 4558; x_wconf 76' lang='grc' dir='ltr'>ἐξώκειλαν</span> <span class='ocrx_word' id='word_1_341' title='bbox 828 4490 928 4561; x_wconf 83' lang='grc' dir='ltr'>τὴν</span> <span class='ocrx_word' id='word_1_342' title='bbox 948 4490 1221 4545; x_wconf 84' lang='grc' dir='ltr'>ἀσέϐειαν.</span> <span class='ocrx_word' id='word_1_343' title='bbox 1244 4490 1565 4561; x_wconf 84' lang='grc' dir='ltr'>Βλασφημεί</span> <span class='ocrx_word' id='word_1_344' title='bbox 1582 4492 1640 4545; x_wconf 84' lang='grc' dir='ltr'>δὲ</span> <span class='ocrx_word' id='word_1_345' title='bbox 1663 4492 1755 4545; x_wconf 76' lang='grc' dir='ltr'>καὶ</span> <span class='ocrx_word' id='word_1_346' title='bbox 1786 4494 1867 4556; x_wconf 85' lang='grc' dir='ltr'><strong>είς</strong></span> 
     </span>
    </p>
   </div>
   <div class='ocr_carea' id='block_1_51' title="bbox 287 4582 1866 4655">
    <p class='ocr_par' dir='ltr' id='par_1_51' title="bbox 287 4582 1866 4655">
     <span class='ocr_line' id='line_1_51' title="bbox 287 4582 1866 4655; baseline -0.001 -18"><span class='ocrx_word' id='word_1_347' title='bbox 287 4582 351 4637; x_wconf 87' lang='grc' dir='ltr'><strong>τδ</strong></span> <span class='ocrx_word' id='word_1_348' title='bbox 399 4582 556 4651; x_wconf 71' lang='grc' dir='ltr'>ἅγιον</span> <span class='ocrx_word' id='word_1_349' title='bbox 599 4582 845 4655; x_wconf 85' lang='grc' dir='ltr'>Πνεῦμα·</span> <span class='ocrx_word' id='word_1_350' title='bbox 882 4583 983 4635; x_wconf 80' lang='grc' dir='ltr'>οὐκ</span> <span class='ocrx_word' id='word_1_351' title='bbox 1015 4582 1080 4635; x_wconf 82' lang='grc' dir='ltr'>ὲκ</span> <span class='ocrx_word' id='word_1_352' title='bbox 1119 4582 1215 4635; x_wconf 80' lang='grc' dir='ltr'><strong>τοῦ</strong></span> <span class='ocrx_word' id='word_1_353' title='bbox 1269 4583 1483 4653; x_wconf 74' lang='grc' dir='ltr'>Πατρὸς</span> <span class='ocrx_word' id='word_1_354' title='bbox 1521 4583 1653 4635; x_wconf 71' lang='grc' dir='ltr'>αὐτὸ</span> <span class='ocrx_word' id='word_1_355' title='bbox 1692 4583 1866 4651; x_wconf 85' lang='grc' dir='ltr'>λέγων</span> 
     </span>
    </p>
   </div>
   <div class='ocr_carea' id='block_1_52' title="bbox 288 4670 1866 4744">
    <p class='ocr_par' dir='ltr' id='par_1_52' title="bbox 288 4670 1866 4744">
     <span class='ocr_line' id='line_1_52' title="bbox 288 4670 1866 4744; baseline 0.001 -18"><span class='ocrx_word' id='word_1_356' title='bbox 288 4672 709 4742; x_wconf 67' lang='grc' dir='ltr'>ἐκπορεύεσθαι,</span> <span class='ocrx_word' id='word_1_357' title='bbox 739 4672 881 4727; x_wconf 84' lang='grc' dir='ltr'><strong>κατά</strong></span> <span class='ocrx_word' id='word_1_358' title='bbox 915 4671 1013 4744; x_wconf 75' lang='grc' dir='ltr'><strong>τὴν</strong></span> <span class='ocrx_word' id='word_1_359' title='bbox 1042 4670 1139 4725; x_wconf 87' lang='grc' dir='ltr'><strong>τοῦ</strong></span> <span class='ocrx_word' id='word_1_360' title='bbox 1179 4672 1384 4743; x_wconf 82' lang='grc' dir='ltr'>Κυρίου</span> <span class='ocrx_word' id='word_1_361' title='bbox 1417 4671 1621 4744; x_wconf 78' lang='grc' dir='ltr'>φωνὴν,</span> <span class='ocrx_word' id='word_1_362' title='bbox 1653 4673 1770 4728; x_wconf 81' lang='grc' dir='ltr'>ἀλλ’</span> <span class='ocrx_word' id='word_1_363' title='bbox 1806 4673 1866 4740; x_wconf 71' lang='grc' dir='ltr'><strong>ἐξ</strong></span> 
     </span>
    </p>
   </div>
   <div class='ocr_carea' id='block_1_53' title="bbox 288 4754 1863 4835">
    <p class='ocr_par' dir='ltr' id='par_1_53' title="bbox 288 4754 1863 4835">
     <span class='ocr_line' id='line_1_53' title="bbox 288 4754 1863 4835; baseline 0.003 -20"><span class='ocrx_word' id='word_1_364' title='bbox 288 4762 420 4816; x_wconf 87' lang='grc' dir='ltr'>Υίοῦ</span> <span class='ocrx_word' id='word_1_365' title='bbox 451 4761 551 4831; x_wconf 77' lang='grc' dir='ltr'>τὴν</span> <span class='ocrx_word' id='word_1_366' title='bbox 580 4762 815 4835; x_wconf 76' lang='grc' dir='ltr'>ὓπαρξιν</span> <span class='ocrx_word' id='word_1_367' title='bbox 847 4763 1010 4833; x_wconf 78' lang='grc' dir='ltr'>ἔχειν.</span> <span class='ocrx_word' id='word_1_368' title='bbox 1048 4764 1160 4816; x_wconf 75' lang='grc' dir='ltr'><strong>Καὶ</strong></span> <span class='ocrx_word' id='word_1_369' title='bbox 1185 4754 1343 4825; x_wconf 71' lang='grc' dir='ltr'>οὗτος</span> <span class='ocrx_word' id='word_1_370' title='bbox 1366 4762 1423 4815; x_wconf 83' lang='grc' dir='ltr'>δὲ</span> <span class='ocrx_word' id='word_1_371' title='bbox 1448 4763 1557 4816; x_wconf 85' lang='grc' dir='ltr'><strong>τῶν</strong></span> <span class='ocrx_word' id='word_1_372' title='bbox 1581 4764 1863 4820; x_wconf 84' lang='grc' dir='ltr'>Ἀπολινα-</span> 
     </span>
    </p>
   </div>
   <div class='ocr_carea' id='block_1_54' title="bbox 289 4852 1863 4928">
    <p class='ocr_par' dir='ltr' id='par_1_54' title="bbox 289 4852 1863 4928">
     <span class='ocr_line' id='line_1_54' title="bbox 289 4852 1863 4928; baseline -0.001 -18"><span class='ocrx_word' id='word_1_373' title='bbox 289 4855 408 4928; x_wconf 86' lang='grc' dir='ltr'>ρίου</span> <span class='ocrx_word' id='word_1_374' title='bbox 431 4856 761 4927; x_wconf 68' lang='grc' dir='ltr'>σπερμάτων</span> <span class='ocrx_word' id='word_1_375' title='bbox 785 4856 815 4909; x_wconf 85' lang='grc' dir='ltr'>ὁ</span> <span class='ocrx_word' id='word_1_376' title='bbox 845 4854 1073 4926; x_wconf 86' lang='grc' dir='ltr'>καρπός·</span> <span class='ocrx_word' id='word_1_377' title='bbox 1107 4852 1404 4922; x_wconf 72' lang='grc' dir='ltr'>γειτνιάζει</span> <span class='ocrx_word' id='word_1_378' title='bbox 1433 4854 1492 4907; x_wconf 88' lang='grc' dir='ltr'>δὲ</span> <span class='ocrx_word' id='word_1_379' title='bbox 1525 4856 1620 4908; x_wconf 79' lang='grc' dir='ltr'>καὶ</span> <span class='ocrx_word' id='word_1_380' title='bbox 1647 4860 1713 4926; x_wconf 78' lang='grc' dir='ltr'><strong>τῇ</strong></span> <span class='ocrx_word' id='word_1_381' title='bbox 1743 4858 1863 4911; x_wconf 84' lang='grc' dir='ltr'><strong>Μα-</strong></span> 
     </span>
    </p>
   </div>
   <div class='ocr_carea' id='block_1_55' title="bbox 288 4945 1863 5020">
    <p class='ocr_par' dir='ltr' id='par_1_55' title="bbox 288 4945 1863 5020">
     <span class='ocr_line' id='line_1_55' title="bbox 288 4945 1863 5020; baseline -0.001 -17"><span class='ocrx_word' id='word_1_382' title='bbox 288 4950 525 5003; x_wconf 87' lang='grc' dir='ltr'>κεδονίου</span> <span class='ocrx_word' id='word_1_383' title='bbox 550 4948 764 5020; x_wconf 76' lang='grc' dir='ltr'>πονηρᾷ</span> <span class='ocrx_word' id='word_1_384' title='bbox 789 4947 1051 5018; x_wconf 79' lang='grc' dir='ltr'>γεωργίᾳ.</span> <span class='ocrx_word' id='word_1_385' title='bbox 1081 4947 1317 4999; x_wconf 75' lang='grc' dir='ltr'>Τοιαῦτα</span> <span class='ocrx_word' id='word_1_386' title='bbox 1341 4945 1436 4997; x_wconf 82' lang='grc' dir='ltr'><strong>τοῦ</strong></span> <span class='ocrx_word' id='word_1_387' title='bbox 1468 4946 1764 5013; x_wconf 81' lang='grc' dir='ltr'>Αἰγυπτίου</span> <span class='ocrx_word' id='word_1_388' title='bbox 1795 4947 1863 5001; x_wconf 84' lang='grc' dir='ltr'><strong>τά</strong></span> 
     </span>
    </p>
   </div>
   <div class='ocr_carea' id='block_1_56' title="bbox 240 5018 1862 5112">
    <p class='ocr_par' dir='ltr' id='par_1_56' title="bbox 240 5018 1862 5112">
     <span class='ocr_line' id='line_1_56' title="bbox 240 5018 1862 5112; baseline -0.004 -17"><span class='ocrx_word' id='word_1_389' title='bbox 240 5018 245 5027; x_wconf 41' lang='grc'><em>’</em></span> <span class='ocrx_word' id='word_1_390' title='bbox 286 5042 563 5112; x_wconf 85' lang='grc' dir='ltr'>κυήματα,</span> <span class='ocrx_word' id='word_1_391' title='bbox 596 5018 836 5110; x_wconf 82' lang='grc' dir='ltr'>πονηροῦ</span> <span class='ocrx_word' id='word_1_392' title='bbox 869 5038 1078 5109; x_wconf 81' lang='grc' dir='ltr'>πατρὸς</span> <span class='ocrx_word' id='word_1_393' title='bbox 1109 5035 1326 5107; x_wconf 81' lang='grc' dir='ltr'>ἀληθῶς</span> <span class='ocrx_word' id='word_1_394' title='bbox 1350 5035 1549 5104; x_wconf 72' lang='grc' dir='ltr'>ἔγγονα</span> <span class='ocrx_word' id='word_1_395' title='bbox 1568 5038 1862 5108; x_wconf 77' lang='grc' dir='ltr'>πονηρότε-</span> 
     </span>
    </p>
   </div>
   <div class='ocr_carea' id='block_1_57' title="bbox 288 5126 1861 5201">
    <p class='ocr_par' dir='ltr' id='par_1_57' title="bbox 288 5126 1861 5201">
     <span class='ocr_line' id='line_1_57' title="bbox 288 5126 1861 5201; baseline -0.002 -17"><span class='ocrx_word' id='word_1_396' title='bbox 288 5148 376 5201; x_wconf 88' lang='grc' dir='ltr'><strong>ρα.</strong></span> <span class='ocrx_word' id='word_1_397' title='bbox 434 5129 622 5184; x_wconf 83' lang='grc' dir='ltr'>Ταῦτα</span> <span class='ocrx_word' id='word_1_398' title='bbox 656 5128 713 5183; x_wconf 81' lang='grc' dir='ltr'>δὲ</span> <span class='ocrx_word' id='word_1_399' title='bbox 749 5128 868 5182; x_wconf 78' lang='grc' dir='ltr'>δέον</span> <span class='ocrx_word' id='word_1_400' title='bbox 902 5128 936 5198; x_wconf 83' lang='grc' dir='ltr'>ἢ</span> <span class='ocrx_word' id='word_1_401' title='bbox 977 5127 1352 5199; x_wconf 85' lang='grc' dir='ltr'>ἀμϐλωθρίδια</span> <span class='ocrx_word' id='word_1_402' title='bbox 1399 5126 1623 5197; x_wconf 85' lang='grc' dir='ltr'>ποιῆσαι</span> <span class='ocrx_word' id='word_1_403' title='bbox 1663 5144 1861 5196; x_wconf 87' lang='grc' dir='ltr'>κυοφο-</span> 
     </span>
    </p>
   </div>
   <div class='ocr_carea' id='block_1_58' title="bbox 284 5219 1854 5295">
    <p class='ocr_par' dir='ltr' id='par_1_58' title="bbox 284 5219 1854 5295">
     <span class='ocr_line' id='line_1_58' title="bbox 284 5219 1854 5295; baseline -0.003 -19"><span class='ocrx_word' id='word_1_404' title='bbox 284 5222 545 5295; x_wconf 82' lang='grc' dir='ltr'>ρούμενα,</span> <span class='ocrx_word' id='word_1_405' title='bbox 572 5221 605 5293; x_wconf 80' lang='grc' dir='ltr'>ἢ</span> <span class='ocrx_word' id='word_1_406' title='bbox 638 5220 800 5284; x_wconf 78' lang='grc' dir='ltr'>εὐθὺς</span> <span class='ocrx_word' id='word_1_407' title='bbox 827 5220 1087 5291; x_wconf 88' lang='grc' dir='ltr'>τεχθέντα</span> <span class='ocrx_word' id='word_1_408' title='bbox 1112 5220 1421 5291; x_wconf 89' lang='grc' dir='ltr'>διαφθεῖραι</span> <span class='ocrx_word' id='word_1_409' title='bbox 1453 5221 1580 5283; x_wconf 81' lang='grc' dir='ltr'>τοὺς</span> <span class='ocrx_word' id='word_1_410' title='bbox 1611 5219 1719 5273; x_wconf 85' lang='grc' dir='ltr'>τῶν</span> <span class='ocrx_word' id='word_1_411' title='bbox 1751 5222 1854 5289; x_wconf 70' lang='grc' dir='ltr'>ψυ-</span> 
     </span>
    </p>
   </div>
   <div class='ocr_carea' id='block_1_59' title="bbox 281 5307 1851 5381">
    <p class='ocr_par' dir='ltr' id='par_1_59' title="bbox 281 5307 1851 5381">
     <span class='ocr_line' id='line_1_59' title="bbox 281 5307 1851 5381; baseline 0 -19"><span class='ocrx_word' id='word_1_412' title='bbox 281 5308 392 5379; x_wconf 80' lang='grc' dir='ltr'><strong>χῶν</strong></span> <span class='ocrx_word' id='word_1_413' title='bbox 423 5307 522 5379; x_wconf 77' lang='grc' dir='ltr'>τὴν</span> <span class='ocrx_word' id='word_1_414' title='bbox 552 5309 795 5378; x_wconf 77' lang='grc' dir='ltr'>ἰατρείαν</span> <span class='ocrx_word' id='word_1_415' title='bbox 825 5310 1353 5380; x_wconf 78' lang='grc' dir='ltr'>ἐγκεχειρισμένους,</span> <span class='ocrx_word' id='word_1_416' title='bbox 1385 5308 1462 5373; x_wconf 85' lang='grc' dir='ltr'>ὡς</span> <span class='ocrx_word' id='word_1_417' title='bbox 1508 5308 1730 5381; x_wconf 82' lang='grc' dir='ltr'>ὀλέθρια</span> <span class='ocrx_word' id='word_1_418' title='bbox 1757 5311 1851 5363; x_wconf 74' lang='grc' dir='ltr'>καὶ</span> 
     </span>
    </p>
   </div>
   <div class='ocr_carea' id='block_1_60' title="bbox 280 5397 1853 5471">
    <p class='ocr_par' dir='ltr' id='par_1_60' title="bbox 280 5397 1853 5471">
     <span class='ocr_line' id='line_1_60' title="bbox 280 5397 1853 5471; baseline 0.002 -20"><span class='ocrx_word' id='word_1_419' title='bbox 280 5399 379 5468; x_wconf 87' lang='grc' dir='ltr'><strong>τῆς</strong></span> <span class='ocrx_word' id='word_1_420' title='bbox 400 5399 673 5471; x_wconf 80' lang='grc' dir='ltr'>ἡμετέρας</span> <span class='ocrx_word' id='word_1_421' title='bbox 694 5397 908 5466; x_wconf 82' lang='grc' dir='ltr'>φύσεως</span> <span class='ocrx_word' id='word_1_422' title='bbox 936 5398 1260 5469; x_wconf 85' lang='grc' dir='ltr'>δηλητήρια,</span> <span class='ocrx_word' id='word_1_423' title='bbox 1283 5400 1374 5452; x_wconf 78' lang='grc' dir='ltr'>ὲκτ</span> <span class='ocrx_word' id='word_1_424' title='bbox 1386 5399 1636 5469; x_wconf 86' lang='grc' dir='ltr'>ρέφουσιν</span> <span class='ocrx_word' id='word_1_425' title='bbox 1658 5401 1707 5453; x_wconf 84' lang='grc' dir='ltr'>οἱ</span> <span class='ocrx_word' id='word_1_426' title='bbox 1733 5417 1828 5467; x_wconf 89' lang='grc' dir='ltr'><strong>γεν</strong></span> <span class='ocrx_word' id='word_1_427' title='bbox 1842 5431 1853 5440; x_wconf 88' lang='lat'><strong><em>-</em></strong></span> 
     </span>
    </p>
   </div>
   <div class='ocr_carea' id='block_1_61' title="bbox 279 5486 1857 5561">
    <p class='ocr_par' dir='ltr' id='par_1_61' title="bbox 279 5486 1857 5561">
     <span class='ocr_line' id='line_1_61' title="bbox 279 5486 1857 5561; baseline -0.001 -18"><span class='ocrx_word' id='word_1_428' title='bbox 279 5490 456 5552; x_wconf 86' lang='grc' dir='ltr'>νάδαι,</span> <span class='ocrx_word' id='word_1_429' title='bbox 481 5490 575 5543; x_wconf 76' lang='grc' dir='ltr'>καὶ</span> <span class='ocrx_word' id='word_1_430' title='bbox 606 5488 805 5557; x_wconf 86' lang='grc' dir='ltr'>πολλῆς</span> <span class='ocrx_word' id='word_1_431' title='bbox 837 5486 1047 5550; x_wconf 79' lang='grc' dir='ltr'>ἀξιοῦσι</span> <span class='ocrx_word' id='word_1_432' title='bbox 1083 5488 1318 5557; x_wconf 86' lang='grc' dir='ltr'>σπουδῆς</span> <span class='ocrx_word' id='word_1_433' title='bbox 1350 5489 1437 5541; x_wconf 74' lang='grc' dir='ltr'><strong>ἐπ’</strong></span> <span class='ocrx_word' id='word_1_434' title='bbox 1472 5490 1678 5561; x_wconf 81' lang='grc' dir='ltr'>ὀλέθρῳ</span> <span class='ocrx_word' id='word_1_435' title='bbox 1707 5492 1857 5560; x_wconf 78' lang='grc' dir='ltr'>σφῶν</span> 
     </span>
    </p>
   </div>
   <div class='ocr_carea' id='block_1_62' title="bbox 279 5576 1855 5658">
    <p class='ocr_par' dir='ltr' id='par_1_62' title="bbox 279 5576 1855 5658">
     <span class='ocr_line' id='line_1_62' title="bbox 279 5576 1855 5658; baseline 0.001 -26"><span class='ocrx_word' id='word_1_436' title='bbox 279 5578 456 5633; x_wconf 83' lang='grc' dir='ltr'>αὑτῶν</span> <span class='ocrx_word' id='word_1_437' title='bbox 485 5580 577 5632; x_wconf 72' lang='grc' dir='ltr'>καὶ</span> <span class='ocrx_word' id='word_1_438' title='bbox 604 5576 712 5630; x_wconf 81' lang='grc' dir='ltr'><strong>τῶν</strong></span> <span class='ocrx_word' id='word_1_439' title='bbox 734 5577 831 5639; x_wconf 68' lang='grc' dir='ltr'><strong>τὰς</strong></span> <span class='ocrx_word' id='word_1_440' title='bbox 854 5576 1021 5640; x_wconf 76' lang='grc' dir='ltr'>ἀκοάς</span> <span class='ocrx_word' id='word_1_441' title='bbox 1046 5578 1226 5639; x_wconf 77' lang='grc' dir='ltr'>αὐτοῖς</span> <span class='ocrx_word' id='word_1_442' title='bbox 1253 5577 1472 5645; x_wconf 82' lang='grc' dir='ltr'>ὑπέχειν</span> <span class='ocrx_word' id='word_1_443' title='bbox 1497 5579 1855 5658; x_wconf 59' lang='grc' dir='ltr'>ἀνεχομένων.</span> 
     </span>
    </p>
   </div>
   <div class='ocr_carea' id='block_1_63' title="bbox 354 5697 1072 5773">
    <p class='ocr_par' dir='ltr' id='par_1_63' title="bbox 354 5697 1072 5773">
     <span class='ocr_line' id='line_1_63' title="bbox 354 5697 1072 5773; baseline -0.01 -17"><span class='ocrx_word' id='word_1_444' title='bbox 354 5702 463 5773; x_wconf 63' lang='grc'><strong>(48)</strong></span> <span class='ocrx_word' id='word_1_445' title='bbox 490 5700 581 5755; x_wconf 83' lang='lat' dir='ltr'><strong>Sic</strong></span> <span class='ocrx_word' id='word_1_446' title='bbox 603 5700 773 5753; x_wconf 81' lang='lat' dir='ltr'><strong>Mans.</strong></span> <span class='ocrx_word' id='word_1_447' title='bbox 810 5697 969 5752; x_wconf 76' lang='lat' dir='ltr'><strong>Vind.</strong></span> <span class='ocrx_word' id='word_1_448' title='bbox 996 5697 1072 5749; x_wconf 82' lang='grc' dir='ltr'><strong>δέ.</strong></span> 
     </span>
    </p>
   </div>
   <div class='ocr_carea' id='block_1_64' title="bbox 564 5788 1371 5854">
    <p class='ocr_par' dir='ltr' id='par_1_64' title="bbox 564 5788 1371 5854">
     <span class='ocr_line' id='line_1_64' title="bbox 564 5788 1371 5854; baseline -0.011 0"><span class='ocrx_word' id='word_1_449' title='bbox 564 5795 834 5854; x_wconf 63' lang='lat' dir='ltr'><strong>Panum.</strong></span> <span class='ocrx_word' id='word_1_450' title='bbox 885 5791 926 5849; x_wconf 69' lang='grc' dir='ltr'><strong>ίῖ</strong></span> <span class='ocrx_word' id='word_1_451' title='bbox 940 5810 999 5849; x_wconf 81' lang='lat' dir='ltr'><strong>n.</strong></span> <span class='ocrx_word' id='word_1_452' title='bbox 1055 5789 1149 5849; x_wconf 64' lang='lat' dir='ltr'><strong>LX</strong></span> <span class='ocrx_word' id='word_1_453' title='bbox 1164 5788 1371 5848; x_wconf 71' lang='lat' dir='ltr'><strong>XXIII.</strong></span> 
     </span>
    </p>
   </div>
   <div class='ocr_carea' id='block_1_65' title="bbox 1993 485 3567 574">
    <p class='ocr_par' dir='ltr' id='par_1_65' title="bbox 1993 485 3567 574">
     <span class='ocr_line' id='line_1_65' title="bbox 1993 485 3567 574; baseline 0.003 -33"><span class='ocrx_word' id='word_1_454' title='bbox 1993 494 2202 551; x_wconf 90' lang='lat' dir='ltr'><strong>tarunt,</strong></span> <span class='ocrx_word' id='word_1_455' title='bbox 2230 495 2287 541; x_wconf 91' lang='lat' dir='ltr'><strong>et</strong></span> <span class='ocrx_word' id='word_1_456' title='bbox 2332 487 2389 540; x_wconf 91' lang='lat' dir='ltr'><strong>in</strong></span> <span class='ocrx_word' id='word_1_457' title='bbox 2433 485 2771 557; x_wconf 83' lang='lat' dir='ltr'><strong>evangelicis</strong></span> <span class='ocrx_word' id='word_1_458' title='bbox 2793 485 3143 556; x_wconf 73' lang='lat' dir='ltr'><strong>dogmatibus</strong></span> <span class='ocrx_word' id='word_1_459' title='bbox 3170 486 3407 574; x_wconf 71' lang='lat' dir='ltr'><strong>alienam</strong></span> <span class='ocrx_word' id='word_1_460' title='bbox 3445 492 3567 545; x_wconf 85' lang='lat' dir='ltr'><strong>ausi</strong></span> 
     </span>
    </p>
   </div>
   <div class='ocr_carea' id='block_1_66' title="bbox 1989 578 3572 652">
    <p class='ocr_par' dir='ltr' id='par_1_66' title="bbox 1989 578 3572 652">
     <span class='ocr_line' id='line_1_66' title="bbox 1989 578 3572 652; baseline 0.003 -19"><span class='ocrx_word' id='word_1_461' title='bbox 1989 586 2118 633; x_wconf 90' lang='lat' dir='ltr'><strong>sunt</strong></span> <span class='ocrx_word' id='word_1_462' title='bbox 2163 578 2426 634; x_wconf 83' lang='lat' dir='ltr'><strong>inducere</strong></span> <span class='ocrx_word' id='word_1_463' title='bbox 2466 578 2817 647; x_wconf 90' lang='lat' dir='ltr'><strong>doctrinam;</strong></span> <span class='ocrx_word' id='word_1_464' title='bbox 2845 589 3011 650; x_wconf 91' lang='lat' dir='ltr'><strong>atque</strong></span> <span class='ocrx_word' id='word_1_465' title='bbox 3040 578 3205 650; x_wconf 88' lang='lat' dir='ltr'><strong>impia</strong></span> <span class='ocrx_word' id='word_1_466' title='bbox 3233 580 3413 650; x_wconf 83' lang='lat' dir='ltr'><strong>capita</strong></span> <span class='ocrx_word' id='word_1_467' title='bbox 3446 597 3572 652; x_wconf 64' lang='lat' dir='ltr'><strong>qua:</strong></span> 
     </span>
    </p>
   </div>
   <div class='ocr_carea' id='block_1_67' title="bbox 1988 667 3565 742">
    <p class='ocr_par' dir='ltr' id='par_1_67' title="bbox 1988 667 3565 742">
     <span class='ocr_line' id='line_1_67' title="bbox 1988 667 3565 742; baseline 0.002 -18"><span class='ocrx_word' id='word_1_468' title='bbox 1988 684 2115 724; x_wconf 91' lang='lat' dir='ltr'><strong>cum</strong></span> <span class='ocrx_word' id='word_1_469' title='bbox 2153 667 2631 727; x_wconf 88' lang='lat' dir='ltr'><strong>anathematismis</strong></span> <span class='ocrx_word' id='word_1_470' title='bbox 2667 671 2724 725; x_wconf 92' lang='lat' dir='ltr'><strong>in</strong></span> <span class='ocrx_word' id='word_1_471' title='bbox 2772 671 2978 742; x_wconf 80' lang='lat' dir='ltr'><strong>regiam</strong></span> <span class='ocrx_word' id='word_1_472' title='bbox 3026 671 3223 726; x_wconf 84' lang='lat' dir='ltr'><strong>urbem</strong></span> <span class='ocrx_word' id='word_1_473' title='bbox 3279 672 3565 738; x_wconf 86' lang='lat' dir='ltr'><strong>miserant,</strong></span> 
     </span>
    </p>
   </div>
   <div class='ocr_carea' id='block_1_68' title="bbox 1990 763 3570 834">
    <p class='ocr_par' dir='ltr' id='par_1_68' title="bbox 1990 763 3570 834">
     <span class='ocr_line' id='line_1_68' title="bbox 1990 763 3570 834; baseline 0.003 -19"><span class='ocrx_word' id='word_1_474' title='bbox 1990 769 2342 832; x_wconf 88' lang='lat' dir='ltr'><strong>receperunt,</strong></span> <span class='ocrx_word' id='word_1_475' title='bbox 2382 772 2440 817; x_wconf 91' lang='lat' dir='ltr'><strong>et</strong></span> <span class='ocrx_word' id='word_1_476' title='bbox 2478 764 2740 834; x_wconf 81' lang='lat' dir='ltr'><strong>propriis,</strong></span> <span class='ocrx_word' id='word_1_477' title='bbox 2773 772 2940 834; x_wconf 87' lang='lat' dir='ltr'><strong>prout</strong></span> <span class='ocrx_word' id='word_1_478' title='bbox 2986 763 3237 818; x_wconf 83' lang='lat' dir='ltr'><strong>arbitrati</strong></span> <span class='ocrx_word' id='word_1_479' title='bbox 3266 772 3416 829; x_wconf 91' lang='lat' dir='ltr'><strong>sunt,</strong></span> <span class='ocrx_word' id='word_1_480' title='bbox 3441 780 3570 834; x_wconf 91' lang='lat' dir='ltr'><strong>pro-</strong></span> 
     </span>
    </p>
   </div>
   <div class='ocr_carea' id='block_1_69' title="bbox 1989 853 3570 927">
    <p class='ocr_par' dir='ltr' id='par_1_69' title="bbox 1989 853 3570 927">
     <span class='ocr_line' id='line_1_69' title="bbox 1989 853 3570 927; baseline 0.003 -19"><span class='ocrx_word' id='word_1_481' title='bbox 1989 853 2260 908; x_wconf 88' lang='lat' dir='ltr'><strong>baverunt</strong></span> <span class='ocrx_word' id='word_1_482' title='bbox 2304 854 2830 925; x_wconf 89' lang='lat' dir='ltr'><strong>subscriptionibus.</strong></span> <span class='ocrx_word' id='word_1_483' title='bbox 2869 856 3011 911; x_wconf 66' lang='lat' dir='ltr'><strong>Haec</strong></span> <span class='ocrx_word' id='word_1_484' title='bbox 3038 856 3108 911; x_wconf 88' lang='lat' dir='ltr'><strong>ab</strong></span> <span class='ocrx_word' id='word_1_485' title='bbox 3144 872 3332 912; x_wconf 88' lang='lat' dir='ltr'><strong>amara</strong></span> <span class='ocrx_word' id='word_1_486' title='bbox 3360 859 3570 927; x_wconf 79' lang='lat' dir='ltr'><strong>Apolli-</strong></span> 
     </span>
    </p>
   </div>
   <div class='ocr_carea' id='block_1_70' title="bbox 1987 944 3565 1019">
    <p class='ocr_par' dir='ltr' id='par_1_70' title="bbox 1987 944 3565 1019">
     <span class='ocr_line' id='line_1_70' title="bbox 1987 944 3565 1019; baseline 0.003 -20"><span class='ocrx_word' id='word_1_487' title='bbox 1987 944 2336 1011; x_wconf 85' lang='lat' dir='ltr'><strong>narii_radice</strong></span> <span class='ocrx_word' id='word_1_488' title='bbox 2356 945 2656 1014; x_wconf 90' lang='lat' dir='ltr'><strong>pullulasse</strong></span> <span class='ocrx_word' id='word_1_489' title='bbox 2684 946 2740 1000; x_wconf 90' lang='lat' dir='ltr'><strong>in</strong></span> <span class='ocrx_word' id='word_1_490' title='bbox 2763 949 3058 1018; x_wconf 87' lang='lat' dir='ltr'><strong>propatulo</strong></span> <span class='ocrx_word' id='word_1_491' title='bbox 3087 956 3202 1015; x_wconf 89' lang='lat' dir='ltr'><strong>est;</strong></span> <span class='ocrx_word' id='word_1_492' title='bbox 3236 949 3373 1019; x_wconf 86' lang='lat' dir='ltr'><strong>quin</strong></span> <span class='ocrx_word' id='word_1_493' title='bbox 3397 951 3565 1004; x_wconf 88' lang='lat' dir='ltr'><strong>etiam</strong></span> 
     </span>
    </p>
   </div>
   <div class='ocr_carea' id='block_1_71' title="bbox 1987 1035 3566 1111">
    <p class='ocr_par' dir='ltr' id='par_1_71' title="bbox 1987 1035 3566 1111">
     <span class='ocr_line' id='line_1_71' title="bbox 1987 1035 3566 1111; baseline 0.004 -23"><span class='ocrx_word' id='word_1_494' title='bbox 1987 1035 2246 1089; x_wconf 90' lang='lat' dir='ltr'><strong>Eunomii</strong></span> <span class='ocrx_word' id='word_1_495' title='bbox 2287 1036 2519 1106; x_wconf 84' lang='lat' dir='ltr'><strong>Ariique</strong></span> <span class='ocrx_word' id='word_1_496' title='bbox 2587 1038 2887 1108; x_wconf 86' lang='lat' dir='ltr'><strong>impietatis</strong></span> <span class='ocrx_word' id='word_1_497' title='bbox 2927 1039 3295 1110; x_wconf 86' lang='lat' dir='ltr'><strong>participant;</strong></span> <span class='ocrx_word' id='word_1_498' title='bbox 3329 1048 3495 1111; x_wconf 86' lang='lat' dir='ltr'><strong>atque</strong></span> <span class='ocrx_word' id='word_1_499' title='bbox 3519 1041 3566 1096; x_wconf 90' lang='lat' dir='ltr'><strong>si</strong></span> 
     </span>
    </p>
   </div>
   <div class='ocr_carea' id='block_1_72' title="bbox 1987 1127 3566 1202">
    <p class='ocr_par' dir='ltr' id='par_1_72' title="bbox 1987 1127 3566 1202">
     <span class='ocr_line' id='line_1_72' title="bbox 1987 1127 3566 1202; baseline 0.004 -20"><span class='ocrx_word' id='word_1_500' title='bbox 1987 1127 2114 1198; x_wconf 86' lang='lat' dir='ltr'><strong>quis</strong></span> <span class='ocrx_word' id='word_1_501' title='bbox 2133 1127 2428 1199; x_wconf 80' lang='lat' dir='ltr'><strong>diligenter</strong></span> <span class='ocrx_word' id='word_1_502' title='bbox 2470 1133 2706 1185; x_wconf 87' lang='lat' dir='ltr'><strong>scrutari</strong></span> <span class='ocrx_word' id='word_1_503' title='bbox 2750 1131 3008 1197; x_wconf 85' lang='lat' dir='ltr'><strong>voluerit,</strong></span> <span class='ocrx_word' id='word_1_504' title='bbox 3046 1147 3228 1202; x_wconf 89' lang='lat' dir='ltr'><strong>neque</strong></span> <span class='ocrx_word' id='word_1_505' title='bbox 3266 1133 3566 1198; x_wconf 77' lang='lat' dir='ltr'><strong>Valentini,</strong></span> 
     </span>
    </p>
   </div>
   <div class='ocr_carea' id='block_1_73' title="bbox 1988 1219 3142 1293">
    <p class='ocr_par' dir='ltr' id='par_1_73' title="bbox 1988 1219 3142 1293">
     <span class='ocr_line' id='line_1_73' title="bbox 1988 1219 3142 1293; baseline 0.003 -20"><span class='ocrx_word' id='word_1_506' title='bbox 1988 1232 2170 1290; x_wconf 80' lang='lat' dir='ltr'><strong>neque</strong></span> <span class='ocrx_word' id='word_1_507' title='bbox 2210 1219 2500 1277; x_wconf 84' lang='lat' dir='ltr'><strong>Marcionis</strong></span> <span class='ocrx_word' id='word_1_508' title='bbox 2540 1222 2808 1277; x_wconf 89' lang='lat' dir='ltr'><strong>carebunt</strong></span> <span class='ocrx_word' id='word_1_509' title='bbox 2839 1222 3142 1293; x_wconf 84' lang='lat' dir='ltr'><strong>impietate.</strong></span> 
     </span>
    </p>
   </div>
   <div class='ocr_carea' id='block_1_74' title="bbox 2059 1493 3570 1572">
    <p class='ocr_par' dir='ltr' id='par_1_74' title="bbox 2059 1493 3570 1572">
     <span class='ocr_line' id='line_1_74' title="bbox 2059 1493 3570 1572; baseline 0.005 -24"><span class='ocrx_word' id='word_1_510' title='bbox 2059 1493 2121 1548; x_wconf 86' lang='lat' dir='ltr'><strong>lu</strong></span> <span class='ocrx_word' id='word_1_511' title='bbox 2164 1494 2345 1563; x_wconf 90' lang='lat' dir='ltr'><strong>primo</strong></span> <span class='ocrx_word' id='word_1_512' title='bbox 2391 1495 2540 1550; x_wconf 88' lang='lat' dir='ltr'><strong>enim</strong></span> <span class='ocrx_word' id='word_1_513' title='bbox 2590 1497 2790 1567; x_wconf 82' lang='lat' dir='ltr'><strong>capite,</strong></span> <span class='ocrx_word' id='word_1_514' title='bbox 2820 1498 2918 1553; x_wconf 92' lang='lat' dir='ltr'><strong>Dei</strong></span> <span class='ocrx_word' id='word_1_515' title='bbox 2947 1502 3311 1555; x_wconf 70' lang='lat' dir='ltr'><strong>mconomiam</strong></span> <span class='ocrx_word' id='word_1_516' title='bbox 3344 1510 3570 1572; x_wconf 87' lang='lat' dir='ltr'><strong>propter</strong></span> 
     </span>
    </p>
   </div>
   <div class='ocr_carea' id='block_1_75' title="bbox 1988 1584 3569 1658">
    <p class='ocr_par' dir='ltr' id='par_1_75' title="bbox 1988 1584 3569 1658">
     <span class='ocr_line' id='line_1_75' title="bbox 1988 1584 3569 1658; baseline 0.006 -18"><span class='ocrx_word' id='word_1_517' title='bbox 1988 1600 2093 1641; x_wconf 90' lang='lat' dir='ltr'><strong>nos</strong></span> <span class='ocrx_word' id='word_1_518' title='bbox 2128 1584 2332 1640; x_wconf 86' lang='lat' dir='ltr'><strong>factam</strong></span> <span class='ocrx_word' id='word_1_519' title='bbox 2388 1587 2603 1658; x_wconf 89' lang='lat' dir='ltr'><strong>rejicit,</strong></span> <span class='ocrx_word' id='word_1_520' title='bbox 2647 1588 2854 1646; x_wconf 85' lang='lat' dir='ltr'><strong>docens</strong></span> <span class='ocrx_word' id='word_1_521' title='bbox 2895 1591 3146 1647; x_wconf 86' lang='lat' dir='ltr'><strong>divinum</strong></span> <span class='ocrx_word' id='word_1_522' title='bbox 3177 1593 3423 1648; x_wconf 76' lang='lat' dir='ltr'><strong>Verbum</strong></span> <span class='ocrx_word' id='word_1_523' title='bbox 3458 1611 3569 1649; x_wconf 89' lang='lat' dir='ltr'><strong>non</strong></span> 
     </span>
    </p>
   </div>
   <div class='ocr_carea' id='block_1_76' title="bbox 1989 1678 3570 1755">
    <p class='ocr_par' dir='ltr' id='par_1_76' title="bbox 1989 1678 3570 1755">
     <span class='ocr_line' id='line_1_76' title="bbox 1989 1678 3570 1755; baseline 0.005 -24"><span class='ocrx_word' id='word_1_524' title='bbox 1989 1678 2300 1747; x_wconf 87' lang='lat' dir='ltr'><strong>suscepisse</strong></span> <span class='ocrx_word' id='word_1_525' title='bbox 2313 1678 2613 1734; x_wconf 86' lang='lat' dir='ltr'><strong>humanam</strong></span> <span class='ocrx_word' id='word_1_526' title='bbox 2637 1690 2915 1747; x_wconf 90' lang='lat' dir='ltr'><strong>naturam,</strong></span> <span class='ocrx_word' id='word_1_527' title='bbox 2939 1684 3035 1739; x_wconf 91' lang='lat' dir='ltr'><strong>sed</strong></span> <span class='ocrx_word' id='word_1_528' title='bbox 3060 1684 3239 1755; x_wconf 90' lang='lat' dir='ltr'><strong>ipsum</strong></span> <span class='ocrx_word' id='word_1_529' title='bbox 3268 1686 3323 1740; x_wconf 91' lang='lat' dir='ltr'><strong>in</strong></span> <span class='ocrx_word' id='word_1_530' title='bbox 3348 1701 3570 1743; x_wconf 83' lang='lat' dir='ltr'><strong>carnem</strong></span> 
     </span>
    </p>
   </div>
   <div class='ocr_carea' id='block_1_77' title="bbox 1990 1772 3572 1849">
    <p class='ocr_par' dir='ltr' id='par_1_77' title="bbox 1990 1772 3572 1849">
     <span class='ocr_line' id='line_1_77' title="bbox 1990 1772 3572 1849; baseline 0.009 -28"><span class='ocrx_word' id='word_1_531' title='bbox 1990 1776 2260 1823; x_wconf 90' lang='lat' dir='ltr'><strong>mutatum</strong></span> <span class='ocrx_word' id='word_1_532' title='bbox 2306 1785 2468 1838; x_wconf 86' lang='lat' dir='ltr'><strong>esse;</strong></span> <span class='ocrx_word' id='word_1_533' title='bbox 2518 1780 2576 1827; x_wconf 89' lang='lat' dir='ltr'><strong>et</strong></span> <span class='ocrx_word' id='word_1_534' title='bbox 2621 1772 3020 1845; x_wconf 88' lang='lat' dir='ltr'><strong>dogmatizans,</strong></span> <span class='ocrx_word' id='word_1_535' title='bbox 3069 1778 3253 1848; x_wconf 88' lang='lat' dir='ltr'><strong>specie</strong></span> <span class='ocrx_word' id='word_1_536' title='bbox 3306 1786 3363 1833; x_wconf 91' lang='lat' dir='ltr'><strong>et</strong></span> <span class='ocrx_word' id='word_1_537' title='bbox 3398 1794 3572 1849; x_wconf 86' lang='lat' dir='ltr'><strong>appa-</strong></span> 
     </span>
    </p>
   </div>
   <div class='ocr_carea' id='block_1_78' title="bbox 1991 1859 3572 1937">
    <p class='ocr_par' dir='ltr' id='par_1_78' title="bbox 1991 1859 3572 1937">
     <span class='ocr_line' id='line_1_78' title="bbox 1991 1859 3572 1937; baseline 0.009 -26"><span class='ocrx_word' id='word_1_538' title='bbox 1991 1859 2171 1913; x_wconf 85' lang='lat' dir='ltr'><strong>rentia</strong></span> <span class='ocrx_word' id='word_1_539' title='bbox 2199 1866 2437 1927; x_wconf 87' lang='lat' dir='ltr'><strong>tantum,</strong></span> <span class='ocrx_word' id='word_1_540' title='bbox 2477 1862 2709 1919; x_wconf 91' lang='lat' dir='ltr'><strong>minime</strong></span> <span class='ocrx_word' id='word_1_541' title='bbox 2744 1871 2875 1920; x_wconf 77' lang='lat' dir='ltr'><strong>vero</strong></span> <span class='ocrx_word' id='word_1_542' title='bbox 2915 1882 3108 1937; x_wconf 87' lang='lat' dir='ltr'><strong>reapse</strong></span> <span class='ocrx_word' id='word_1_543' title='bbox 3152 1868 3355 1924; x_wconf 89' lang='lat' dir='ltr'><strong>factam</strong></span> <span class='ocrx_word' id='word_1_544' title='bbox 3400 1870 3572 1926; x_wconf 86' lang='lat' dir='ltr'><strong>fuisse</strong></span> 
     </span>
    </p>
   </div>
   <div class='ocr_carea' id='block_1_79' title="bbox 1992 1944 3571 2028">
    <p class='ocr_par' dir='ltr' id='par_1_79' title="bbox 1992 1944 3571 2028">
     <span class='ocr_line' id='line_1_79' title="bbox 1992 1944 3571 2028; baseline 0.009 -29"><span class='ocrx_word' id='word_1_545' title='bbox 1992 1944 2293 2002; x_wconf 79' lang='lat' dir='ltr'><strong>Salvatoris</strong></span> <span class='ocrx_word' id='word_1_546' title='bbox 2322 1950 2500 2005; x_wconf 89' lang='lat' dir='ltr'><strong>nostri</strong></span> <span class='ocrx_word' id='word_1_547' title='bbox 2531 1951 2990 2021; x_wconf 88' lang='lat' dir='ltr'><strong>incarnationem;</strong></span> <span class='ocrx_word' id='word_1_548' title='bbox 3026 1973 3146 2026; x_wconf 66' lang='lat' dir='ltr'><strong>quae</strong></span> <span class='ocrx_word' id='word_1_549' title='bbox 3172 1959 3397 2028; x_wconf 88' lang='lat' dir='ltr'><strong>quidem</strong></span> <span class='ocrx_word' id='word_1_550' title='bbox 3425 1961 3571 2015; x_wconf 82' lang='lat' dir='ltr'><strong>Mar-</strong></span> 
     </span>
    </p>
   </div>
   <div class='ocr_carea' id='block_1_80' title="bbox 1990 2033 3569 2114">
    <p class='ocr_par' dir='ltr' id='par_1_80' title="bbox 1990 2033 3569 2114">
     <span class='ocr_line' id='line_1_80' title="bbox 1990 2033 3569 2114; baseline 0.011 -28"><span class='ocrx_word' id='word_1_551' title='bbox 1990 2033 2188 2099; x_wconf 88' lang='lat' dir='ltr'><strong>cionis,</strong></span> <span class='ocrx_word' id='word_1_552' title='bbox 2215 2036 2487 2094; x_wconf 80' lang='lat' dir='ltr'><strong>Manentis</strong></span> <span class='ocrx_word' id='word_1_553' title='bbox 2506 2049 2564 2094; x_wconf 92' lang='lat' dir='ltr'><strong>et</strong></span> <span class='ocrx_word' id='word_1_554' title='bbox 2588 2041 2866 2096; x_wconf 75' lang='lat' dir='ltr'><strong>Valentini</strong></span> <span class='ocrx_word' id='word_1_555' title='bbox 2903 2043 3204 2114; x_wconf 85' lang='lat' dir='ltr'><strong>impietatis</strong></span> <span class='ocrx_word' id='word_1_556' title='bbox 3237 2056 3368 2102; x_wconf 90' lang='lat' dir='ltr'><strong>sunt</strong></span> <span class='ocrx_word' id='word_1_557' title='bbox 3402 2048 3569 2104; x_wconf 84' lang='lat' dir='ltr'><strong>fetus.</strong></span> 
     </span>
    </p>
   </div>
   <div class='ocr_carea' id='block_1_81' title="bbox 1989 2125 3571 2209">
    <p class='ocr_par' dir='ltr' id='par_1_81' title="bbox 1989 2125 3571 2209">
     <span class='ocr_line' id='line_1_81' title="bbox 1989 2125 3571 2209; baseline 0.011 -30"><span class='ocrx_word' id='word_1_558' title='bbox 1989 2125 2049 2179; x_wconf 89' lang='lat' dir='ltr'><strong>ln</strong></span> <span class='ocrx_word' id='word_1_559' title='bbox 2074 2128 2319 2183; x_wconf 85' lang='lat' dir='ltr'><strong>secundo</strong></span> <span class='ocrx_word' id='word_1_560' title='bbox 2359 2145 2497 2185; x_wconf 88' lang='lat' dir='ltr'><strong>vero</strong></span> <span class='ocrx_word' id='word_1_561' title='bbox 2532 2139 2589 2186; x_wconf 91' lang='lat' dir='ltr'><strong>et</strong></span> <span class='ocrx_word' id='word_1_562' title='bbox 2628 2133 2795 2189; x_wconf 89' lang='lat' dir='ltr'><strong>tertio</strong></span> <span class='ocrx_word' id='word_1_563' title='bbox 2818 2135 3019 2204; x_wconf 89' lang='lat' dir='ltr'><strong>capite,</strong></span> <span class='ocrx_word' id='word_1_564' title='bbox 3051 2137 3258 2194; x_wconf 87' lang='lat' dir='ltr'><strong>oblitus</strong></span> <span class='ocrx_word' id='word_1_565' title='bbox 3283 2141 3442 2209; x_wconf 82' lang='lat' dir='ltr'><strong>quasi</strong></span> <span class='ocrx_word' id='word_1_566' title='bbox 3471 2156 3539 2195; x_wconf 88' lang='lat' dir='ltr'><strong>eo</strong></span> <span class='ocrx_word' id='word_1_567' title='bbox 3558 2170 3571 2181; x_wconf 91' lang='lat'><strong>-</strong></span> 
     </span>
    </p>
   </div>
   <div class='ocr_carea' id='block_1_82' title="bbox 1989 2220 3569 2303">
    <p class='ocr_par' dir='ltr' id='par_1_82' title="bbox 1989 2220 3569 2303">
     <span class='ocr_line' id='line_1_82' title="bbox 1989 2220 3569 2303; baseline 0.011 -32"><span class='ocrx_word' id='word_1_568' title='bbox 1989 2233 2136 2284; x_wconf 89' lang='lat' dir='ltr'><strong>rum,</strong></span> <span class='ocrx_word' id='word_1_569' title='bbox 2195 2235 2318 2290; x_wconf 67' lang='lat' dir='ltr'><strong>qua:</strong></span> <span class='ocrx_word' id='word_1_570' title='bbox 2366 2220 2424 2275; x_wconf 90' lang='lat' dir='ltr'><strong>in</strong></span> <span class='ocrx_word' id='word_1_571' title='bbox 2475 2224 2747 2292; x_wconf 67' lang='lat' dir='ltr'><strong>prooemio</strong></span> <span class='ocrx_word' id='word_1_572' title='bbox 2774 2236 3126 2295; x_wconf 77' lang='lat' dir='ltr'><strong>exposuerat,</strong></span> <span class='ocrx_word' id='word_1_573' title='bbox 3168 2230 3569 2303; x_wconf 78' lang='lat' dir='ltr'><strong>hypostaticam</strong></span> 
     </span>
    </p>
   </div>
   <div class='ocr_carea' id='block_1_83' title="bbox 1989 2311 3568 2398">
    <p class='ocr_par' dir='ltr' id='par_1_83' title="bbox 1989 2311 3568 2398">
     <span class='ocr_line' id='line_1_83' title="bbox 1989 2311 3568 2398; baseline 0.011 -34"><span class='ocrx_word' id='word_1_574' title='bbox 1989 2311 2251 2367; x_wconf 89' lang='lat' dir='ltr'><strong>unionem</strong></span> <span class='ocrx_word' id='word_1_575' title='bbox 2290 2313 2525 2381; x_wconf 87' lang='lat' dir='ltr'><strong>inducit,</strong></span> <span class='ocrx_word' id='word_1_576' title='bbox 2571 2324 2629 2371; x_wconf 93' lang='lat' dir='ltr'><strong>et</strong></span> <span class='ocrx_word' id='word_1_577' title='bbox 2680 2333 3014 2375; x_wconf 88' lang='lat' dir='ltr'><strong>concursum</strong></span> <span class='ocrx_word' id='word_1_578' title='bbox 3051 2325 3355 2379; x_wconf 90' lang='lat' dir='ltr'><strong>secundum</strong></span> <span class='ocrx_word' id='word_1_579' title='bbox 3378 2326 3568 2398; x_wconf 87' lang='lat' dir='ltr'><strong>physi-</strong></span> 
     </span>
    </p>
   </div>
   <div class='ocr_carea' id='block_1_84' title="bbox 1987 2404 3570 2479">
    <p class='ocr_par' dir='ltr' id='par_1_84' title="bbox 1987 2404 3570 2479">
     <span class='ocr_line' id='line_1_84' title="bbox 1987 2404 3570 2479; baseline 0.011 -23"><span class='ocrx_word' id='word_1_580' title='bbox 1987 2417 2106 2457; x_wconf 90' lang='lat' dir='ltr'><strong>cam</strong></span> <span class='ocrx_word' id='word_1_581' title='bbox 2125 2404 2410 2470; x_wconf 90' lang='lat' dir='ltr'><strong>unionem,</strong></span> <span class='ocrx_word' id='word_1_582' title='bbox 2431 2414 2487 2460; x_wconf 92' lang='lat' dir='ltr'><strong>et</strong></span> <span class='ocrx_word' id='word_1_583' title='bbox 2504 2406 2622 2461; x_wconf 82' lang='lat' dir='ltr'><strong>fieri</strong></span> <span class='ocrx_word' id='word_1_584' title='bbox 2640 2423 2741 2477; x_wconf 89' lang='lat' dir='ltr'><strong>per</strong></span> <span class='ocrx_word' id='word_1_585' title='bbox 2765 2409 2883 2465; x_wconf 61' lang='lat' dir='ltr'><strong>base</strong></span> <span class='ocrx_word' id='word_1_586' title='bbox 2909 2412 3151 2479; x_wconf 86' lang='lat' dir='ltr'><strong>nomina,</strong></span> <span class='ocrx_word' id='word_1_587' title='bbox 3172 2415 3333 2471; x_wconf 86' lang='lat' dir='ltr'><strong>docet</strong></span> <span class='ocrx_word' id='word_1_588' title='bbox 3356 2417 3570 2473; x_wconf 89' lang='lat' dir='ltr'><strong>mistio—</strong></span> 
     </span>
    </p>
   </div>
   <div class='ocr_carea' id='block_1_85' title="bbox 1985 2495 3564 2578">
    <p class='ocr_par' dir='ltr' id='par_1_85' title="bbox 1985 2495 3564 2578">
     <span class='ocr_line' id='line_1_85' title="bbox 1985 2495 3564 2578; baseline 0.012 -32"><span class='ocrx_word' id='word_1_589' title='bbox 1985 2508 2112 2548; x_wconf 91' lang='lat' dir='ltr'><strong>nem</strong></span> <span class='ocrx_word' id='word_1_590' title='bbox 2124 2495 2417 2564; x_wconf 87' lang='lat' dir='ltr'><strong>quamdam</strong></span> <span class='ocrx_word' id='word_1_591' title='bbox 2441 2506 2499 2552; x_wconf 90' lang='lat' dir='ltr'><strong>et</strong></span> <span class='ocrx_word' id='word_1_592' title='bbox 2520 2498 2901 2556; x_wconf 81' lang='lat' dir='ltr'><strong>confusionem</strong></span> <span class='ocrx_word' id='word_1_593' title='bbox 2916 2502 3066 2559; x_wconf 91' lang='lat' dir='ltr'><strong>inter</strong></span> <span class='ocrx_word' id='word_1_594' title='bbox 3091 2507 3305 2578; x_wconf 81' lang='lat'><strong>1293</strong></span> <span class='ocrx_word' id='word_1_595' title='bbox 3322 2508 3564 2564; x_wconf 81' lang='lat' dir='ltr'><strong>divinam</strong></span> 
     </span>
    </p>
   </div>
   <div class='ocr_carea' id='block_1_86' title="bbox 1984 2587 3567 2669">
    <p class='ocr_par' dir='ltr' id='par_1_86' title="bbox 1984 2587 3567 2669">
     <span class='ocr_line' id='line_1_86' title="bbox 1984 2587 3567 2669; baseline 0.009 -29"><span class='ocrx_word' id='word_1_596' title='bbox 1984 2595 2243 2641; x_wconf 86' lang='lat' dir='ltr'><strong>naturam</strong></span> <span class='ocrx_word' id='word_1_597' title='bbox 2293 2596 2352 2643; x_wconf 91' lang='lat' dir='ltr'><strong>et</strong></span> <span class='ocrx_word' id='word_1_598' title='bbox 2392 2587 2796 2646; x_wconf 86' lang='lat' dir='ltr'><strong>humanitatem</strong></span> <span class='ocrx_word' id='word_1_599' title='bbox 2832 2612 2846 2646; x_wconf 91' lang='lat'><strong>:</strong></span> <span class='ocrx_word' id='word_1_600' title='bbox 2883 2602 2941 2648; x_wconf 89' lang='lat' dir='ltr'><strong>et</strong></span> <span class='ocrx_word' id='word_1_601' title='bbox 2986 2595 3094 2651; x_wconf 87' lang='lat' dir='ltr'><strong>hoc</strong></span> <span class='ocrx_word' id='word_1_602' title='bbox 3130 2598 3199 2651; x_wconf 90' lang='lat' dir='ltr'><strong>ab</strong></span> <span class='ocrx_word' id='word_1_603' title='bbox 3239 2599 3567 2669; x_wconf 86' lang='lat' dir='ltr'><strong>Apollinarii</strong></span> 
     </span>
    </p>
   </div>
   <div class='ocr_carea' id='block_1_87' title="bbox 1984 2676 3566 2759">
    <p class='ocr_par' dir='ltr' id='par_1_87' title="bbox 1984 2676 3566 2759">
     <span class='ocr_line' id='line_1_87' title="bbox 1984 2676 3566 2759; baseline 0.009 -28"><span class='ocrx_word' id='word_1_604' title='bbox 1984 2676 2245 2733; x_wconf 61' lang='lat' dir='ltr'><strong>haeretica</strong></span> <span class='ocrx_word' id='word_1_605' title='bbox 2289 2679 2648 2737; x_wconf 81' lang='lat' dir='ltr'><strong>innovatione</strong></span> <span class='ocrx_word' id='word_1_606' title='bbox 2692 2683 2967 2752; x_wconf 82' lang='lat' dir='ltr'><strong>originem</strong></span> <span class='ocrx_word' id='word_1_607' title='bbox 3003 2686 3194 2741; x_wconf 86' lang='lat' dir='ltr'><strong>trahit.</strong></span> <span class='ocrx_word' id='word_1_608' title='bbox 3257 2688 3316 2743; x_wconf 91' lang='lat' dir='ltr'><strong>In</strong></span> <span class='ocrx_word' id='word_1_609' title='bbox 3363 2680 3566 2759; x_wconf 68' lang='lat' dir='ltr'><strong>quarto</strong></span> 
     </span>
    </p>
   </div>
   <div class='ocr_carea' id='block_1_88' title="bbox 1983 2768 3564 2849">
    <p class='ocr_par' dir='ltr' id='par_1_88' title="bbox 1983 2768 3564 2849">
     <span class='ocr_line' id='line_1_88' title="bbox 1983 2768 3564 2849; baseline 0.009 -27"><span class='ocrx_word' id='word_1_610' title='bbox 1983 2768 2208 2823; x_wconf 90' lang='lat' dir='ltr'><strong>demum</strong></span> <span class='ocrx_word' id='word_1_611' title='bbox 2262 2772 2476 2840; x_wconf 86' lang='lat' dir='ltr'><strong>capite,</strong></span> <span class='ocrx_word' id='word_1_612' title='bbox 2532 2773 2974 2843; x_wconf 87' lang='lat' dir='ltr'><strong>evangelicarum</strong></span> <span class='ocrx_word' id='word_1_613' title='bbox 3018 2787 3075 2833; x_wconf 91' lang='lat' dir='ltr'><strong>et</strong></span> <span class='ocrx_word' id='word_1_614' title='bbox 3133 2780 3564 2849; x_wconf 86' lang='lat' dir='ltr'><strong>apostolicarum</strong></span> 
     </span>
    </p>
   </div>
   <div class='ocr_carea' id='block_1_89' title="bbox 1982 2861 3564 2939">
    <p class='ocr_par' dir='ltr' id='par_1_89' title="bbox 1982 2861 3564 2939">
     <span class='ocr_line' id='line_1_89' title="bbox 1982 2861 3564 2939; baseline 0.01 -25"><span class='ocrx_word' id='word_1_615' title='bbox 1982 2875 2179 2915; x_wconf 85' lang='lat' dir='ltr'><strong>vocum</strong></span> <span class='ocrx_word' id='word_1_616' title='bbox 2232 2861 2466 2933; x_wconf 79' lang='lat' dir='ltr'><strong>denegat</strong></span> <span class='ocrx_word' id='word_1_617' title='bbox 2504 2863 2945 2939; x_wconf 87' lang='lat' dir='ltr'><strong>distinctionem;</strong></span> <span class='ocrx_word' id='word_1_618' title='bbox 2990 2884 3169 2938; x_wconf 89' lang='lat' dir='ltr'><strong>neque</strong></span> <span class='ocrx_word' id='word_1_619' title='bbox 3201 2872 3356 2938; x_wconf 90' lang='lat' dir='ltr'><strong>sinit,</strong></span> <span class='ocrx_word' id='word_1_620' title='bbox 3391 2885 3451 2929; x_wconf 90' lang='lat' dir='ltr'><strong>ut</strong></span> <span class='ocrx_word' id='word_1_621' title='bbox 3476 2890 3564 2929; x_wconf 91' lang='lat' dir='ltr'><strong>se-</strong></span> 
     </span>
    </p>
   </div>
   <div class='ocr_carea' id='block_1_90' title="bbox 1984 2951 3565 3020">
    <p class='ocr_par' dir='ltr' id='par_1_90' title="bbox 1984 2951 3565 3020">
     <span class='ocr_line' id='line_1_90' title="bbox 1984 2951 3565 3020; baseline 0.011 -16"><span class='ocrx_word' id='word_1_622' title='bbox 1984 2951 2232 3005; x_wconf 91' lang='lat' dir='ltr'><strong>cundum</strong></span> <span class='ocrx_word' id='word_1_623' title='bbox 2277 2952 2718 3009; x_wconf 79' lang='lat' dir='ltr'><strong>orthodoxorum</strong></span> <span class='ocrx_word' id='word_1_624' title='bbox 2769 2956 2996 3011; x_wconf 89' lang='lat' dir='ltr'><strong>Patrum</strong></span> <span class='ocrx_word' id='word_1_625' title='bbox 3044 2959 3354 3017; x_wconf 89' lang='lat' dir='ltr'><strong>doctrinam</strong></span> <span class='ocrx_word' id='word_1_626' title='bbox 3400 2951 3565 3020; x_wconf 66' lang='grc' dir='ltr'><strong>νὼρε</strong></span> 
     </span>
    </p>
   </div>
   <div class='ocr_carea' id='block_1_91' title="bbox 1982 3038 3559 3126">
    <p class='ocr_par' dir='ltr' id='par_1_91' title="bbox 1982 3038 3559 3126">
     <span class='ocr_line' id='line_1_91' title="bbox 1982 3038 3559 3126; baseline 0.011 -32"><span class='ocrx_word' id='word_1_627' title='bbox 1982 3055 2106 3111; x_wconf 72' lang='lat' dir='ltr'><strong>quae</strong></span> <span class='ocrx_word' id='word_1_628' title='bbox 2134 3042 2249 3097; x_wconf 91' lang='lat' dir='ltr'><strong>Deo</strong></span> <span class='ocrx_word' id='word_1_629' title='bbox 2278 3038 2639 3111; x_wconf 83' lang='lat' dir='ltr'><strong>conveniunt,</strong></span> <span class='ocrx_word' id='word_1_630' title='bbox 2677 3045 2746 3101; x_wconf 88' lang='lat' dir='ltr'><strong>de</strong></span> <span class='ocrx_word' id='word_1_631' title='bbox 2786 3048 2882 3102; x_wconf 90' lang='lat' dir='ltr'><strong>Dei</strong></span> <span class='ocrx_word' id='word_1_632' title='bbox 2913 3058 3114 3106; x_wconf 89' lang='lat' dir='ltr'><strong>natura</strong></span> <span class='ocrx_word' id='word_1_633' title='bbox 3150 3052 3559 3126; x_wconf 77' lang='lat' dir='ltr'><strong>intelligantur;</strong></span> 
     </span>
    </p>
   </div>
   <div class='ocr_carea' id='block_1_92' title="bbox 1983 3135 3560 3212">
    <p class='ocr_par' dir='ltr' id='par_1_92' title="bbox 1983 3135 3560 3212">
     <span class='ocr_line' id='line_1_92' title="bbox 1983 3135 3560 3212; baseline 0.012 -27"><span class='ocrx_word' id='word_1_634' title='bbox 1983 3148 2106 3202; x_wconf 72' lang='lat' dir='ltr'><strong>qua:</strong></span> <span class='ocrx_word' id='word_1_635' title='bbox 2129 3150 2265 3189; x_wconf 88' lang='lat' dir='ltr'><strong>vero</strong></span> <span class='ocrx_word' id='word_1_636' title='bbox 2295 3135 2616 3192; x_wconf 80' lang='lat' dir='ltr'><strong>humiles‘et</strong></span> <span class='ocrx_word' id='word_1_637' title='bbox 2645 3153 2801 3194; x_wconf 90' lang='lat' dir='ltr'><strong>more</strong></span> <span class='ocrx_word' id='word_1_638' title='bbox 2828 3140 3114 3197; x_wconf 88' lang='lat' dir='ltr'><strong>hominum</strong></span> <span class='ocrx_word' id='word_1_639' title='bbox 3142 3144 3323 3212; x_wconf 65' lang='lat' dir='ltr'><strong>dictas,</strong></span> <span class='ocrx_word' id='word_1_640' title='bbox 3352 3156 3413 3202; x_wconf 91' lang='lat' dir='ltr'><strong>ut</strong></span> <span class='ocrx_word' id='word_1_641' title='bbox 3438 3164 3560 3205; x_wconf 89' lang='lat' dir='ltr'><strong>sus-</strong></span> 
     </span>
    </p>
   </div>
   <div class='ocr_carea' id='block_1_93' title="bbox 1984 3227 3564 3309">
    <p class='ocr_par' dir='ltr' id='par_1_93' title="bbox 1984 3227 3564 3309">
     <span class='ocr_line' id='line_1_93' title="bbox 1984 3227 3564 3309; baseline 0.011 -30"><span class='ocrx_word' id='word_1_642' title='bbox 1984 3234 2155 3294; x_wconf 64' lang='lat' dir='ltr'><strong>cepta;</strong></span> <span class='ocrx_word' id='word_1_643' title='bbox 2201 3227 2547 3296; x_wconf 86' lang='lat' dir='ltr'><strong>applicentur</strong></span> <span class='ocrx_word' id='word_1_644' title='bbox 2598 3229 2962 3300; x_wconf 87' lang='lat' dir='ltr'><strong>humanitati;</strong></span> <span class='ocrx_word' id='word_1_645' title='bbox 3003 3250 3067 3290; x_wconf 89' lang='lat' dir='ltr'><strong>ac</strong></span> <span class='ocrx_word' id='word_1_646' title='bbox 3110 3236 3239 3292; x_wconf 91' lang='lat' dir='ltr'><strong>inde</strong></span> <span class='ocrx_word' id='word_1_647' title='bbox 3283 3239 3378 3309; x_wconf 89' lang='lat' dir='ltr'><strong>qui</strong></span> <span class='ocrx_word' id='word_1_648' title='bbox 3418 3256 3564 3296; x_wconf 81' lang='lat' dir='ltr'><strong>same</strong></span> 
     </span>
    </p>
   </div>
   <div class='ocr_carea' id='block_1_94' title="bbox 1983 3316 3559 3393">
    <p class='ocr_par' dir='ltr' id='par_1_94' title="bbox 1983 3316 3559 3393">
     <span class='ocr_line' id='line_1_94' title="bbox 1983 3316 3559 3393; baseline 0.013 -26"><span class='ocrx_word' id='word_1_649' title='bbox 1983 3316 2189 3370; x_wconf 87' lang='lat' dir='ltr'><strong>mentis</strong></span> <span class='ocrx_word' id='word_1_650' title='bbox 2215 3325 2366 3382; x_wconf 90' lang='lat' dir='ltr'><strong>sunt,</strong></span> <span class='ocrx_word' id='word_1_651' title='bbox 2396 3317 2555 3373; x_wconf 90' lang='lat' dir='ltr'><strong>facile</strong></span> <span class='ocrx_word' id='word_1_652' title='bbox 2585 3319 2844 3391; x_wconf 74' lang='lat' dir='ltr'><strong>detegent</strong></span> <span class='ocrx_word' id='word_1_653' title='bbox 2877 3323 3178 3393; x_wconf 88' lang='lat' dir='ltr'><strong>impietatis</strong></span> <span class='ocrx_word' id='word_1_654' title='bbox 3221 3328 3559 3387; x_wconf 82' lang='lat' dir='ltr'><strong>aliinitatem.</strong></span> 
     </span>
    </p>
   </div>
   <div class='ocr_carea' id='block_1_95' title="bbox 1982 3400 3561 3483">
    <p class='ocr_par' dir='ltr' id='par_1_95' title="bbox 1982 3400 3561 3483">
     <span class='ocr_line' id='line_1_95' title="bbox 1982 3400 3561 3483; baseline 0.012 -30"><span class='ocrx_word' id='word_1_655' title='bbox 1982 3400 2148 3454; x_wconf 82' lang='lat' dir='ltr'><strong>Arius</strong></span> <span class='ocrx_word' id='word_1_656' title='bbox 2178 3402 2327 3457; x_wconf 91' lang='lat' dir='ltr'><strong>enim</strong></span> <span class='ocrx_word' id='word_1_657' title='bbox 2381 3412 2437 3457; x_wconf 93' lang='lat' dir='ltr'><strong>et</strong></span> <span class='ocrx_word' id='word_1_658' title='bbox 2477 3404 2804 3471; x_wconf 91' lang='lat' dir='ltr'><strong>Eunomius,</strong></span> <span class='ocrx_word' id='word_1_659' title='bbox 2849 3418 3159 3464; x_wconf 88' lang='lat' dir='ltr'><strong>creaturam</strong></span> <span class='ocrx_word' id='word_1_660' title='bbox 3206 3423 3371 3483; x_wconf 89' lang='lat' dir='ltr'><strong>atque</strong></span> <span class='ocrx_word' id='word_1_661' title='bbox 3395 3432 3561 3472; x_wconf 91' lang='lat' dir='ltr'><strong>enon</strong></span> 
     </span>
    </p>
   </div>
   <div class='ocr_carea' id='block_1_96' title="bbox 1983 3491 3563 3560">
    <p class='ocr_par' dir='ltr' id='par_1_96' title="bbox 1983 3491 3563 3560">
     <span class='ocr_line' id='line_1_96' title="bbox 1983 3491 3563 3560; baseline 0.01 -15"><span class='ocrx_word' id='word_1_662' title='bbox 1983 3491 2378 3547; x_wconf 79' lang='lat' dir='ltr'><strong>exsistentibus</strong></span> <span class='ocrx_word' id='word_1_663' title='bbox 2399 3491 2628 3559; x_wconf 89' lang='lat' dir='ltr'><strong>factum,</strong></span> <span class='ocrx_word' id='word_1_664' title='bbox 2670 3502 2726 3550; x_wconf 84' lang='lat' dir='ltr'><strong>et</strong></span> <span class='ocrx_word' id='word_1_665' title='bbox 2757 3513 2983 3553; x_wconf 86' lang='lat' dir='ltr'><strong>servum</strong></span> <span class='ocrx_word' id='word_1_666' title='bbox 3015 3499 3395 3558; x_wconf 83' lang='lat' dir='ltr'><strong>existimantes</strong></span> <span class='ocrx_word' id='word_1_667' title='bbox 3438 3521 3563 3560; x_wconf 81' lang='lat' dir='ltr'><strong>esse</strong></span> 
     </span>
    </p>
   </div>
   <div class='ocr_carea' id='block_1_97' title="bbox 1983 3577 3562 3659">
    <p class='ocr_par' dir='ltr' id='par_1_97' title="bbox 1983 3577 3562 3659">
     <span class='ocr_line' id='line_1_97' title="bbox 1983 3577 3562 3659; baseline 0.011 -29"><span class='ocrx_word' id='word_1_668' title='bbox 1983 3577 2184 3631; x_wconf 87' lang='lat' dir='ltr'><strong>Filium</strong></span> <span class='ocrx_word' id='word_1_669' title='bbox 2223 3578 2321 3632; x_wconf 92' lang='lat' dir='ltr'><strong>Dei</strong></span> <span class='ocrx_word' id='word_1_670' title='bbox 2371 3580 2741 3649; x_wconf 85' lang='lat' dir='ltr'><strong>unigenitum,</strong></span> <span class='ocrx_word' id='word_1_671' title='bbox 2778 3599 2901 3653; x_wconf 65' lang='lat' dir='ltr'><strong>quae</strong></span> <span class='ocrx_word' id='word_1_672' title='bbox 2953 3585 3239 3641; x_wconf 86' lang='lat' dir='ltr'><strong>humiliter</strong></span> <span class='ocrx_word' id='word_1_673' title='bbox 3283 3598 3448 3659; x_wconf 89' lang='lat' dir='ltr'><strong>atque</strong></span> <span class='ocrx_word' id='word_1_674' title='bbox 3492 3593 3562 3647; x_wconf 88' lang='lat' dir='ltr'><strong>de</strong></span> 
     </span>
    </p>
   </div>
   <div class='ocr_carea' id='block_1_98' title="bbox 1981 3669 3560 3749">
    <p class='ocr_par' dir='ltr' id='par_1_98' title="bbox 1981 3669 3560 3749">
     <span class='ocr_line' id='line_1_98' title="bbox 1981 3669 3560 3749; baseline 0.009 -27"><span class='ocrx_word' id='word_1_675' title='bbox 1981 3669 2326 3724; x_wconf 88' lang='lat' dir='ltr'><strong>humanitate</strong></span> <span class='ocrx_word' id='word_1_676' title='bbox 2357 3670 2505 3725; x_wconf 86' lang='lat' dir='ltr'><strong>dicta</strong></span> <span class='ocrx_word' id='word_1_677' title='bbox 2535 3682 2666 3728; x_wconf 88' lang='lat' dir='ltr'><strong>sunt</strong></span> <span class='ocrx_word' id='word_1_678' title='bbox 2697 3688 2728 3727; x_wconf 90' lang='lat' dir='ltr'><strong>a</strong></span> <span class='ocrx_word' id='word_1_679' title='bbox 2765 3673 2987 3729; x_wconf 89' lang='lat' dir='ltr'><strong>Christo</strong></span> <span class='ocrx_word' id='word_1_680' title='bbox 3016 3675 3270 3741; x_wconf 90' lang='lat' dir='ltr'><strong>Domino,</strong></span> <span class='ocrx_word' id='word_1_681' title='bbox 3313 3680 3560 3749; x_wconf 85' lang='lat' dir='ltr'><strong>ejusdem</strong></span> 
     </span>
    </p>
   </div>
   <div class='ocr_carea' id='block_1_99' title="bbox 1980 3759 3554 3835">
    <p class='ocr_par' dir='ltr' id='par_1_99' title="bbox 1980 3759 3554 3835">
     <span class='ocr_line' id='line_1_99' title="bbox 1980 3759 3554 3835; baseline 0.008 -22"><span class='ocrx_word' id='word_1_682' title='bbox 1980 3759 2258 3814; x_wconf 84' lang='lat' dir='ltr'><strong>divinitati</strong></span> <span class='ocrx_word' id='word_1_683' title='bbox 2296 3760 2418 3815; x_wconf 90' lang='lat' dir='ltr'><strong>ausi</strong></span> <span class='ocrx_word' id='word_1_684' title='bbox 2452 3769 2583 3816; x_wconf 91' lang='lat' dir='ltr'><strong>sunt</strong></span> <span class='ocrx_word' id='word_1_685' title='bbox 2614 3763 2965 3831; x_wconf 88' lang='lat' dir='ltr'><strong>attribuere;</strong></span> <span class='ocrx_word' id='word_1_686' title='bbox 3006 3765 3245 3835; x_wconf 90' lang='lat' dir='ltr'><strong>indeque</strong></span> <span class='ocrx_word' id='word_1_687' title='bbox 3269 3767 3554 3826; x_wconf 86' lang='lat' dir='ltr'><strong>diversita-</strong></span> 
     </span>
    </p>
   </div>
   <div class='ocr_carea' id='block_1_100' title="bbox 1978 3850 3554 3921">
    <p class='ocr_par' dir='ltr' id='par_1_100' title="bbox 1978 3850 3554 3921">
     <span class='ocr_line' id='line_1_100' title="bbox 1978 3850 3554 3921; baseline 0.007 -16"><span class='ocrx_word' id='word_1_688' title='bbox 1978 3863 2090 3905; x_wconf 90' lang='lat' dir='ltr'><strong>tem</strong></span> <span class='ocrx_word' id='word_1_689' title='bbox 2143 3850 2399 3906; x_wconf 68' lang='lat' dir='ltr'><strong>essentize</strong></span> <span class='ocrx_word' id='word_1_690' title='bbox 2440 3860 2607 3921; x_wconf 91' lang='lat' dir='ltr'><strong>atque</strong></span> <span class='ocrx_word' id='word_1_691' title='bbox 2638 3853 3151 3910; x_wconf 88' lang='lat' dir='ltr'><strong>dissimilitudinem</strong></span> <span class='ocrx_word' id='word_1_692' title='bbox 3179 3857 3554 3916; x_wconf 82' lang='lat' dir='ltr'><strong>confecerunt.</strong></span> 
     </span>
    </p>
   </div>
   <div class='ocr_carea' id='block_1_101' title="bbox 1978 3940 3557 4016">
    <p class='ocr_par' dir='ltr' id='par_1_101' title="bbox 1978 3940 3557 4016">
     <span class='ocr_line' id='line_1_101' title="bbox 1978 3940 3557 4016; baseline 0.006 -21"><span class='ocrx_word' id='word_1_693' title='bbox 1978 3941 2272 4005; x_wconf 71' lang='lat' dir='ltr'><strong>Praeterea,</strong></span> <span class='ocrx_word' id='word_1_694' title='bbox 2304 3948 2366 3994; x_wconf 91' lang='lat' dir='ltr'><strong>ut</strong></span> <span class='ocrx_word' id='word_1_695' title='bbox 2395 3940 2641 3996; x_wconf 77' lang='lat' dir='ltr'><strong>breviter</strong></span> <span class='ocrx_word' id='word_1_696' title='bbox 2681 3942 2882 4008; x_wconf 91' lang='lat' dir='ltr'><strong>dicam,</strong></span> <span class='ocrx_word' id='word_1_697' title='bbox 2919 3942 3126 4000; x_wconf 86' lang='lat' dir='ltr'><strong>Christi</strong></span> <span class='ocrx_word' id='word_1_698' title='bbox 3175 3946 3350 4016; x_wconf 89' lang='lat' dir='ltr'><strong>ipsam</strong></span> <span class='ocrx_word' id='word_1_699' title='bbox 3413 3949 3557 4004; x_wconf 88' lang='lat' dir='ltr'><strong>divi-</strong></span> 
     </span>
    </p>
   </div>
   <div class='ocr_carea' id='block_1_102' title="bbox 1977 4031 3552 4110">
    <p class='ocr_par' dir='ltr' id='par_1_102' title="bbox 1977 4031 3552 4110">
     <span class='ocr_line' id='line_1_102' title="bbox 1977 4031 3552 4110; baseline 0.007 -25"><span class='ocrx_word' id='word_1_700' title='bbox 1977 4031 2229 4096; x_wconf 88' lang='lat' dir='ltr'><strong>nitatem,</strong></span> <span class='ocrx_word' id='word_1_701' title='bbox 2258 4032 2529 4101; x_wconf 83' lang='lat' dir='ltr'><strong>passionis</strong></span> <span class='ocrx_word' id='word_1_702' title='bbox 2550 4040 2606 4088; x_wconf 89' lang='lat' dir='ltr'><strong>et</strong></span> <span class='ocrx_word' id='word_1_703' title='bbox 2629 4034 2956 4090; x_wconf 89' lang='lat' dir='ltr'><strong>mutationis</strong></span> <span class='ocrx_word' id='word_1_704' title='bbox 2986 4036 3310 4104; x_wconf 86' lang='lat' dir='ltr'><strong>immunem,</strong></span> <span class='ocrx_word' id='word_1_705' title='bbox 3340 4046 3397 4094; x_wconf 89' lang='lat' dir='ltr'><strong>et</strong></span> <span class='ocrx_word' id='word_1_706' title='bbox 3419 4043 3552 4110; x_wconf 71' lang='lat' dir='ltr'><strong>pati,</strong></span> 
     </span>
    </p>
   </div>
   <div class='ocr_carea' id='block_1_103' title="bbox 1975 4123 3554 4202">
    <p class='ocr_par' dir='ltr' id='par_1_103' title="bbox 1975 4123 3554 4202">
     <span class='ocr_line' id='line_1_103' title="bbox 1975 4123 3554 4202; baseline 0.007 -25"><span class='ocrx_word' id='word_1_707' title='bbox 1975 4132 2032 4178; x_wconf 87' lang='lat' dir='ltr'><strong>et</strong></span> <span class='ocrx_word' id='word_1_708' title='bbox 2063 4123 2330 4195; x_wconf 81' lang='lat' dir='ltr'><strong>crucifigi,</strong></span> <span class='ocrx_word' id='word_1_709' title='bbox 2359 4132 2415 4179; x_wconf 89' lang='lat' dir='ltr'><strong>et</strong></span> <span class='ocrx_word' id='word_1_710' title='bbox 2452 4124 2617 4189; x_wconf 90' lang='lat' dir='ltr'><strong>mori,</strong></span> <span class='ocrx_word' id='word_1_711' title='bbox 2653 4134 2710 4180; x_wconf 90' lang='lat' dir='ltr'><strong>et</strong></span> <span class='ocrx_word' id='word_1_712' title='bbox 2744 4127 2958 4182; x_wconf 88' lang='lat' dir='ltr'><strong>tumulo</strong></span> <span class='ocrx_word' id='word_1_713' title='bbox 2979 4129 3193 4200; x_wconf 87' lang='lat' dir='ltr'><strong>contegi</strong></span> <span class='ocrx_word' id='word_1_714' title='bbox 3222 4146 3385 4199; x_wconf 87' lang='lat' dir='ltr'><strong>posse</strong></span> <span class='ocrx_word' id='word_1_715' title='bbox 3416 4148 3554 4202; x_wconf 66' lang='lat' dir='ltr'><strong>prae-</strong></span> 
     </span>
    </p>
   </div>
   <div class='ocr_carea' id='block_1_104' title="bbox 1974 4215 3554 4295">
    <p class='ocr_par' dir='ltr' id='par_1_104' title="bbox 1974 4215 3554 4295">
     <span class='ocr_line' id='line_1_104' title="bbox 1974 4215 3554 4295; baseline 0.006 -25"><span class='ocrx_word' id='word_1_716' title='bbox 1974 4215 2153 4283; x_wconf 90' lang='lat' dir='ltr'><strong>dicat;</strong></span> <span class='ocrx_word' id='word_1_717' title='bbox 2188 4216 2335 4287; x_wconf 91' lang='lat' dir='ltr'><strong>quod</strong></span> <span class='ocrx_word' id='word_1_718' title='bbox 2357 4231 2492 4271; x_wconf 88' lang='lat' dir='ltr'><strong>sane</strong></span> <span class='ocrx_word' id='word_1_719' title='bbox 2528 4217 2647 4271; x_wconf 80' lang='lat' dir='ltr'><strong>Arii</strong></span> <span class='ocrx_word' id='word_1_720' title='bbox 2682 4227 2739 4272; x_wconf 90' lang='lat' dir='ltr'><strong>et</strong></span> <span class='ocrx_word' id='word_1_721' title='bbox 2789 4219 3049 4274; x_wconf 86' lang='lat' dir='ltr'><strong>Eunomii</strong></span> <span class='ocrx_word' id='word_1_722' title='bbox 3083 4221 3354 4277; x_wconf 88' lang='lat' dir='ltr'><strong>insaniam</strong></span> <span class='ocrx_word' id='word_1_723' title='bbox 3390 4240 3554 4295; x_wconf 84' lang='lat' dir='ltr'><strong>supe—</strong></span> 
     </span>
    </p>
   </div>
   <div class='ocr_carea' id='block_1_105' title="bbox 1971 4307 3550 4384">
    <p class='ocr_par' dir='ltr' id='par_1_105' title="bbox 1971 4307 3550 4384">
     <span class='ocr_line' id='line_1_105' title="bbox 1971 4307 3550 4384; baseline 0.004 -23"><span class='ocrx_word' id='word_1_724' title='bbox 1971 4315 2076 4362; x_wconf 89' lang='lat' dir='ltr'><strong>rat.</strong></span> <span class='ocrx_word' id='word_1_725' title='bbox 2112 4307 2234 4362; x_wconf 87' lang='lat' dir='ltr'><strong>Non</strong></span> <span class='ocrx_word' id='word_1_726' title='bbox 2270 4308 2419 4362; x_wconf 90' lang='lat' dir='ltr'><strong>enim</strong></span> <span class='ocrx_word' id='word_1_727' title='bbox 2438 4322 2507 4362; x_wconf 91' lang='lat' dir='ltr'><strong>eo</strong></span> <span class='ocrx_word' id='word_1_728' title='bbox 2527 4307 2823 4377; x_wconf 88' lang='lat' dir='ltr'><strong>impietatis</strong></span> <span class='ocrx_word' id='word_1_729' title='bbox 2837 4320 3226 4379; x_wconf 90' lang='lat' dir='ltr'><strong>processerunt</strong></span> <span class='ocrx_word' id='word_1_730' title='bbox 3248 4313 3333 4368; x_wconf 89' lang='lat' dir='ltr'><strong>vel</strong></span> <span class='ocrx_word' id='word_1_731' title='bbox 3367 4312 3408 4367; x_wconf 90' lang='lat' dir='ltr'><strong>ii</strong></span> <span class='ocrx_word' id='word_1_732' title='bbox 3455 4315 3550 4384; x_wconf 86' lang='lat' dir='ltr'><strong>qui</strong></span> 
     </span>
    </p>
   </div>
   <div class='ocr_carea' id='block_1_106' title="bbox 1971 4396 3549 4456">
    <p class='ocr_par' dir='ltr' id='par_1_106' title="bbox 1971 4396 3549 4456">
     <span class='ocr_line' id='line_1_106' title="bbox 1971 4396 3549 4456; baseline 0.002 -3"><span class='ocrx_word' id='word_1_733' title='bbox 1971 4396 2216 4453; x_wconf 81' lang='lat' dir='ltr'><strong>universi</strong></span> <span class='ocrx_word' id='word_1_734' title='bbox 2229 4396 2571 4452; x_wconf 87' lang='lat' dir='ltr'><strong>conditorem</strong></span> <span class='ocrx_word' id='word_1_735' title='bbox 2584 4406 2954 4453; x_wconf 88' lang='lat' dir='ltr'><strong>etcreatorem</strong></span> <span class='ocrx_word' id='word_1_736' title='bbox 2966 4398 3085 4453; x_wconf 89' lang='lat' dir='ltr'><strong>ausi</strong></span> <span class='ocrx_word' id='word_1_737' title='bbox 3097 4407 3229 4453; x_wconf 87' lang='lat' dir='ltr'><strong>sunt</strong></span> <span class='ocrx_word' id='word_1_738' title='bbox 3241 4409 3549 4456; x_wconf 84' lang='lat' dir='ltr'><strong>creaturam</strong></span> 
     </span>
    </p>
   </div>
   <div class='ocr_carea' id='block_1_107' title="bbox 1969 4488 3547 4560">
    <p class='ocr_par' dir='ltr' id='par_1_107' title="bbox 1969 4488 3547 4560">
     <span class='ocr_line' id='line_1_107' title="bbox 1969 4488 3547 4560; baseline 0.003 -17"><span class='ocrx_word' id='word_1_739' title='bbox 1969 4489 2234 4545; x_wconf 75' lang='lat' dir='ltr'><strong>vocitare.</strong></span> <span class='ocrx_word' id='word_1_740' title='bbox 2252 4488 2629 4559; x_wconf 88' lang='lat' dir='ltr'><strong>Blasphemias</strong></span> <span class='ocrx_word' id='word_1_741' title='bbox 2647 4488 2816 4544; x_wconf 89' lang='lat' dir='ltr'><strong>etiam</strong></span> <span class='ocrx_word' id='word_1_742' title='bbox 2835 4489 3046 4559; x_wconf 75' lang='lat' dir='ltr'><strong>profert</strong></span> <span class='ocrx_word' id='word_1_743' title='bbox 3060 4489 3117 4544; x_wconf 90' lang='lat' dir='ltr'><strong>in</strong></span> <span class='ocrx_word' id='word_1_744' title='bbox 3136 4490 3401 4560; x_wconf 90' lang='lat' dir='ltr'><strong>Spiritum</strong></span> <span class='ocrx_word' id='word_1_745' title='bbox 3421 4507 3547 4547; x_wconf 88' lang='lat' dir='ltr'><strong>san-</strong></span> 
     </span>
    </p>
   </div>
   <div class='ocr_carea' id='block_1_108' title="bbox 1969 4580 3545 4650">
    <p class='ocr_par' dir='ltr' id='par_1_108' title="bbox 1969 4580 3545 4650">
     <span class='ocr_line' id='line_1_108' title="bbox 1969 4580 3545 4650; baseline 0 -15"><span class='ocrx_word' id='word_1_746' title='bbox 1969 4589 2140 4644; x_wconf 89' lang='lat' dir='ltr'><strong>ctum,</strong></span> <span class='ocrx_word' id='word_1_747' title='bbox 2168 4594 2423 4636; x_wconf 84' lang='lat' dir='ltr'><strong>asserens</strong></span> <span class='ocrx_word' id='word_1_748' title='bbox 2454 4595 2566 4635; x_wconf 92' lang='lat' dir='ltr'><strong>non</strong></span> <span class='ocrx_word' id='word_1_749' title='bbox 2595 4595 2664 4634; x_wconf 79' lang='lat' dir='ltr'><strong>ex</strong></span> <span class='ocrx_word' id='word_1_750' title='bbox 2697 4581 2861 4635; x_wconf 90' lang='lat' dir='ltr'><strong>Patre</strong></span> <span class='ocrx_word' id='word_1_751' title='bbox 2894 4580 3219 4650; x_wconf 82' lang='lat' dir='ltr'><strong>procedere,</strong></span> <span class='ocrx_word' id='word_1_752' title='bbox 3244 4581 3545 4636; x_wconf 89' lang='lat' dir='ltr'><strong>secundum</strong></span> 
     </span>
    </p>
   </div>
   <div class='ocr_carea' id='block_1_109' title="bbox 1969 4669 3546 4738">
    <p class='ocr_par' dir='ltr' id='par_1_109' title="bbox 1969 4669 3546 4738">
     <span class='ocr_line' id='line_1_109' title="bbox 1969 4669 3546 4738; baseline 0.003 -15"><span class='ocrx_word' id='word_1_753' title='bbox 1969 4670 2187 4725; x_wconf 91' lang='lat' dir='ltr'><strong>Domini</strong></span> <span class='ocrx_word' id='word_1_754' title='bbox 2210 4670 2400 4735; x_wconf 87' lang='lat' dir='ltr'><strong>verba,</strong></span> <span class='ocrx_word' id='word_1_755' title='bbox 2431 4669 2527 4724; x_wconf 89' lang='lat' dir='ltr'><strong>sed</strong></span> <span class='ocrx_word' id='word_1_756' title='bbox 2557 4686 2625 4725; x_wconf 80' lang='lat' dir='ltr'><strong>ex</strong></span> <span class='ocrx_word' id='word_1_757' title='bbox 2652 4670 2794 4725; x_wconf 89' lang='lat' dir='ltr'><strong>Filio</strong></span> <span class='ocrx_word' id='word_1_758' title='bbox 2821 4670 3028 4726; x_wconf 88' lang='lat' dir='ltr'><strong>habere</strong></span> <span class='ocrx_word' id='word_1_759' title='bbox 3056 4669 3460 4738; x_wconf 86' lang='lat' dir='ltr'><strong>substantiam;</strong></span> <span class='ocrx_word' id='word_1_760' title='bbox 3491 4683 3546 4727; x_wconf 91' lang='lat' dir='ltr'><strong>et</strong></span> 
     </span>
    </p>
   </div>
   <div class='ocr_carea' id='block_1_110' title="bbox 1966 4748 3546 4830">
    <p class='ocr_par' dir='ltr' id='par_1_110' title="bbox 1966 4748 3546 4830">
     <span class='ocr_line' id='line_1_110' title="bbox 1966 4748 3546 4830; baseline 0.003 -18"><span class='ocrx_word' id='word_1_761' title='bbox 1966 4758 2060 4813; x_wconf 88' lang='lat' dir='ltr'><strong>hic</strong></span> <span class='ocrx_word' id='word_1_762' title='bbox 2082 4768 2167 4813; x_wconf 89' lang='lat' dir='ltr'><strong>est</strong></span> <span class='ocrx_word' id='word_1_763' title='bbox 2189 4748 2515 4828; x_wconf 80' lang='lat' dir='ltr'><strong>Apollinarii</strong></span> <span class='ocrx_word' id='word_1_764' title='bbox 2539 4759 2814 4814; x_wconf 86' lang='lat' dir='ltr'><strong>seminum</strong></span> <span class='ocrx_word' id='word_1_765' title='bbox 2835 4759 3069 4824; x_wconf 87' lang='lat' dir='ltr'><strong>fructus,</strong></span> <span class='ocrx_word' id='word_1_766' title='bbox 3109 4759 3209 4828; x_wconf 90' lang='lat' dir='ltr'><strong>qui</strong></span> <span class='ocrx_word' id='word_1_767' title='bbox 3248 4768 3306 4814; x_wconf 91' lang='lat' dir='ltr'><strong>et</strong></span> <span class='ocrx_word' id='word_1_768' title='bbox 3331 4760 3399 4814; x_wconf 91' lang='lat' dir='ltr'><strong>ad</strong></span> <span class='ocrx_word' id='word_1_769' title='bbox 3423 4776 3546 4830; x_wconf 82' lang='lat' dir='ltr'><strong>per—</strong></span> 
     </span>
    </p>
   </div>
   <div class='ocr_carea' id='block_1_111' title="bbox 1966 4848 3540 4922">
    <p class='ocr_par' dir='ltr' id='par_1_111' title="bbox 1966 4848 3540 4922">
     <span class='ocr_line' id='line_1_111' title="bbox 1966 4848 3540 4922; baseline 0.002 -19"><span class='ocrx_word' id='word_1_770' title='bbox 1966 4864 2140 4904; x_wconf 83' lang='lat' dir='ltr'><strong>versae</strong></span> <span class='ocrx_word' id='word_1_771' title='bbox 2194 4848 2499 4905; x_wconf 79' lang='lat' dir='ltr'><strong>Macedonii</strong></span> <span class='ocrx_word' id='word_1_772' title='bbox 2560 4850 2911 4922; x_wconf 79' lang='lat' dir='ltr'><strong>agriculturae</strong></span> <span class='ocrx_word' id='word_1_773' title='bbox 2984 4850 3247 4905; x_wconf 89' lang='lat' dir='ltr'><strong>viciniam</strong></span> <span class='ocrx_word' id='word_1_774' title='bbox 3308 4851 3540 4907; x_wconf 90' lang='lat' dir='ltr'><strong>accedit.</strong></span> 
     </span>
    </p>
   </div>
   <div class='ocr_carea' id='block_1_112' title="bbox 1964 4942 3544 5015">
    <p class='ocr_par' dir='ltr' id='par_1_112' title="bbox 1964 4942 3544 5015">
     <span class='ocr_line' id='line_1_112' title="bbox 1964 4942 3544 5015; baseline 0.004 -19"><span class='ocrx_word' id='word_1_775' title='bbox 1964 4942 2122 4997; x_wconf 87' lang='lat' dir='ltr'><strong>Tales</strong></span> <span class='ocrx_word' id='word_1_776' title='bbox 2161 4952 2291 4997; x_wconf 89' lang='lat' dir='ltr'><strong>sunt</strong></span> <span class='ocrx_word' id='word_1_777' title='bbox 2335 4942 2572 5015; x_wconf 67' lang='lat' dir='ltr'><strong>Egyptii</strong></span> <span class='ocrx_word' id='word_1_778' title='bbox 2632 4944 2799 5007; x_wconf 88' lang='lat' dir='ltr'><strong>fetus,</strong></span> <span class='ocrx_word' id='word_1_779' title='bbox 2862 4943 3099 5013; x_wconf 88' lang='lat' dir='ltr'><strong>improbi</strong></span> <span class='ocrx_word' id='word_1_780' title='bbox 3135 4943 3312 5013; x_wconf 89' lang='lat' dir='ltr'><strong>patris</strong></span> <span class='ocrx_word' id='word_1_781' title='bbox 3352 4960 3544 5002; x_wconf 83' lang='lat' dir='ltr'><strong>revera</strong></span> 
     </span>
    </p>
   </div>
   <div class='ocr_carea' id='block_1_113' title="bbox 1963 5034 3541 5107">
    <p class='ocr_par' dir='ltr' id='par_1_113' title="bbox 1963 5034 3541 5107">
     <span class='ocr_line' id='line_1_113' title="bbox 1963 5034 3541 5107; baseline 0.003 -19"><span class='ocrx_word' id='word_1_782' title='bbox 1963 5034 2137 5105; x_wconf 89' lang='lat' dir='ltr'><strong>magis</strong></span> <span class='ocrx_word' id='word_1_783' title='bbox 2182 5034 2435 5105; x_wconf 89' lang='lat' dir='ltr'><strong>improha</strong></span> <span class='ocrx_word' id='word_1_784' title='bbox 2473 5035 2680 5105; x_wconf 91' lang='lat' dir='ltr'><strong>proles.</strong></span> <span class='ocrx_word' id='word_1_785' title='bbox 2723 5036 2849 5091; x_wconf 77' lang='lat' dir='ltr'><strong>Haec</strong></span> <span class='ocrx_word' id='word_1_786' title='bbox 2891 5036 3139 5105; x_wconf 87' lang='lat' dir='ltr'><strong>quidem,</strong></span> <span class='ocrx_word' id='word_1_787' title='bbox 3174 5053 3411 5107; x_wconf 89' lang='lat' dir='ltr'><strong>quorum</strong></span> <span class='ocrx_word' id='word_1_788' title='bbox 3454 5039 3541 5092; x_wconf 87' lang='lat' dir='ltr'><strong>vel</strong></span> 
     </span>
    </p>
   </div>
   <div class='ocr_carea' id='block_1_114' title="bbox 1961 5126 3543 5185">
    <p class='ocr_par' dir='ltr' id='par_1_114' title="bbox 1961 5126 3543 5185">
     <span class='ocr_line' id='line_1_114' title="bbox 1961 5126 3543 5185; baseline 0.003 -5"><span class='ocrx_word' id='word_1_789' title='bbox 1961 5126 2145 5181; x_wconf 89' lang='lat' dir='ltr'><strong>adhuc</strong></span> <span class='ocrx_word' id='word_1_790' title='bbox 2189 5126 2247 5181; x_wconf 92' lang='lat' dir='ltr'><strong>in</strong></span> <span class='ocrx_word' id='word_1_791' title='bbox 2295 5135 2454 5183; x_wconf 89' lang='lat' dir='ltr'><strong>utero</strong></span> <span class='ocrx_word' id='word_1_792' title='bbox 2505 5128 2889 5183; x_wconf 73' lang='lat' dir='ltr'><strong>exsistentium</strong></span> <span class='ocrx_word' id='word_1_793' title='bbox 2928 5128 3143 5185; x_wconf 84' lang='lat' dir='ltr'><strong>abortio</strong></span> <span class='ocrx_word' id='word_1_794' title='bbox 3192 5129 3543 5185; x_wconf 81' lang='lat' dir='ltr'><strong>sollicitanda</strong></span> 
     </span>
    </p>
   </div>
   <div class='ocr_carea' id='block_1_115' title="bbox 1960 5214 3543 5289">
    <p class='ocr_par' dir='ltr' id='par_1_115' title="bbox 1960 5214 3543 5289">
     <span class='ocr_line' id='line_1_115' title="bbox 1960 5214 3543 5289; baseline 0.004 -20"><span class='ocrx_word' id='word_1_795' title='bbox 1960 5214 2176 5281; x_wconf 89' lang='lat' dir='ltr'><strong>fuisset,</strong></span> <span class='ocrx_word' id='word_1_796' title='bbox 2216 5218 2303 5272; x_wconf 91' lang='lat' dir='ltr'><strong>vel</strong></span> <span class='ocrx_word' id='word_1_797' title='bbox 2353 5227 2608 5273; x_wconf 89' lang='lat' dir='ltr'><strong>recenter</strong></span> <span class='ocrx_word' id='word_1_798' title='bbox 2656 5228 2804 5283; x_wconf 88' lang='lat' dir='ltr'><strong>nata,</strong></span> <span class='ocrx_word' id='word_1_799' title='bbox 2854 5227 3115 5288; x_wconf 88' lang='lat' dir='ltr'><strong>tanquam</strong></span> <span class='ocrx_word' id='word_1_800' title='bbox 3141 5221 3450 5289; x_wconf 87' lang='lat' dir='ltr'><strong>perniciosa</strong></span> <span class='ocrx_word' id='word_1_801' title='bbox 3485 5227 3543 5275; x_wconf 87' lang='lat' dir='ltr'><strong>et</strong></span> 
     </span>
    </p>
   </div>
   <div class='ocr_carea' id='block_1_116' title="bbox 1958 5306 3541 5380">
    <p class='ocr_par' dir='ltr' id='par_1_116' title="bbox 1958 5306 3541 5380">
     <span class='ocr_line' id='line_1_116' title="bbox 1958 5306 3541 5380; baseline 0.004 -19"><span class='ocrx_word' id='word_1_802' title='bbox 1958 5306 2120 5362; x_wconf 75' lang='lat' dir='ltr'><strong>noxia</strong></span> <span class='ocrx_word' id='word_1_803' title='bbox 2166 5314 2371 5363; x_wconf 79' lang='lat' dir='ltr'><strong>nostra:</strong></span> <span class='ocrx_word' id='word_1_804' title='bbox 2415 5308 2630 5380; x_wconf 64' lang='grc'><strong>1294</strong></span> <span class='ocrx_word' id='word_1_805' title='bbox 2669 5317 2898 5375; x_wconf 80' lang='lat' dir='ltr'><strong>naturae,</strong></span> <span class='ocrx_word' id='word_1_806' title='bbox 2939 5309 3342 5377; x_wconf 87' lang='lat' dir='ltr'><strong>labefactanda,</strong></span> <span class='ocrx_word' id='word_1_807' title='bbox 3386 5312 3541 5368; x_wconf 90' lang='lat' dir='ltr'><strong>alunt</strong></span> 
     </span>
    </p>
   </div>
   <div class='ocr_carea' id='block_1_117' title="bbox 1960 5400 3539 5469">
    <p class='ocr_par' dir='ltr' id='par_1_117' title="bbox 1960 5400 3539 5469">
     <span class='ocr_line' id='line_1_117' title="bbox 1960 5400 3539 5469; baseline 0.004 -16"><span class='ocrx_word' id='word_1_808' title='bbox 1960 5400 2213 5469; x_wconf 89' lang='lat' dir='ltr'><strong>generosi</strong></span> <span class='ocrx_word' id='word_1_809' title='bbox 2269 5400 2351 5454; x_wconf 89' lang='lat' dir='ltr'><strong>illi</strong></span> <span class='ocrx_word' id='word_1_810' title='bbox 2384 5400 2510 5465; x_wconf 89' lang='lat' dir='ltr'><strong>viri,</strong></span> <span class='ocrx_word' id='word_1_811' title='bbox 2551 5408 2607 5454; x_wconf 94' lang='lat' dir='ltr'><strong>et</strong></span> <span class='ocrx_word' id='word_1_812' title='bbox 2636 5401 2812 5456; x_wconf 91' lang='lat' dir='ltr'><strong>multo</strong></span> <span class='ocrx_word' id='word_1_813' title='bbox 2837 5402 3022 5458; x_wconf 87' lang='lat' dir='ltr'><strong>studio</strong></span> <span class='ocrx_word' id='word_1_814' title='bbox 3052 5418 3115 5458; x_wconf 89' lang='lat' dir='ltr'><strong>ea</strong></span> <span class='ocrx_word' id='word_1_815' title='bbox 3140 5403 3444 5461; x_wconf 88' lang='lat' dir='ltr'><strong>defendunt</strong></span> <span class='ocrx_word' id='word_1_816' title='bbox 3468 5404 3539 5461; x_wconf 89' lang='lat' dir='ltr'><strong>ad</strong></span> 
     </span>
    </p>
   </div>
   <div class='ocr_carea' id='block_1_118' title="bbox 1964 5491 3538 5568">
    <p class='ocr_par' dir='ltr' id='par_1_118' title="bbox 1964 5491 3538 5568">
     <span class='ocr_line' id='line_1_118' title="bbox 1964 5491 3538 5568; baseline 0.006 -24"><span class='ocrx_word' id='word_1_817' title='bbox 1964 5491 2239 5561; x_wconf 88' lang='lat' dir='ltr'><strong>propriam</strong></span> <span class='ocrx_word' id='word_1_818' title='bbox 2294 5492 2631 5561; x_wconf 82' lang='lat' dir='ltr'><strong>perniciem,</strong></span> <span class='ocrx_word' id='word_1_819' title='bbox 2677 5508 2979 5565; x_wconf 89' lang='lat' dir='ltr'><strong>eorumque</strong></span> <span class='ocrx_word' id='word_1_820' title='bbox 3028 5496 3124 5568; x_wconf 90' lang='lat' dir='ltr'><strong>qui</strong></span> <span class='ocrx_word' id='word_1_821' title='bbox 3188 5497 3323 5567; x_wconf 87' lang='lat' dir='ltr'><strong>ipsis</strong></span> <span class='ocrx_word' id='word_1_822' title='bbox 3375 5512 3538 5553; x_wconf 86' lang='lat' dir='ltr'><strong>aures</strong></span> 
     </span>
    </p>
   </div>
   <div class='ocr_carea' id='block_1_119' title="bbox 1968 5583 3047 5652">
    <p class='ocr_par' dir='ltr' id='par_1_119' title="bbox 1968 5583 3047 5652">
     <span class='ocr_line' id='line_1_119' title="bbox 1968 5583 3047 5652; baseline 0.003 -17"><span class='ocrx_word' id='word_1_823' title='bbox 1968 5583 2235 5652; x_wconf 76' lang='lat' dir='ltr'><strong>praebent.</strong></span> <span class='ocrx_word' id='word_1_824' title='bbox 3046 5600 3047 5603; x_wconf 75' lang='lat'>‘</span> 
     </span>
    </p>
   </div>
   <div class='ocr_carea' id='block_1_120' title="bbox 3135 5790 3210 5851">
    <p class='ocr_par' dir='ltr' id='par_1_120' title="bbox 3135 5790 3210 5851">
     <span class='ocr_line' id='line_1_120' title="bbox 3135 5790 3210 5851; baseline 0 0"><span class='ocrx_word' id='word_1_825' title='bbox 3135 5790 3210 5851; x_wconf 79' lang='grc'><strong>45</strong></span> 
     </span>
    </p>
   </div>
  </div>
