3962 6204
494 269 635 336 1419

561 389 676 445 Nos
731 398 914 442 autem
977 394 1262 457 paternam
1325 386 1704 442 haereditatem
1775 386 2074 441 immunem
2107 392 2152 445 Α

495 481 641 540 tueri
684 481 993 547 studemus,
1036 487 1094 534 et
1143 478 1304 532 ﬁdem
1341 493 1504 546 quam
1551 477 1884 546 accepimus,
1933 487 1989 531 et
2023 477 2078 530 in

493 590 605 645 qua
649 572 912 642 baptizati
954 586 1145 626 sumus
1185 579 1241 624 ct
1285 569 1646 638 baptizamus,
1679 570 2078 638 irrcprehcnsi-

494 662 666 718 bilem
705 670 871 731 atque
914 660 1185 730 integram
1219 674 1533 726 servamus;
1573 669 1630 714 et
1659 660 1949 720 Dominum
1982 675 2080 715 no-

496 762 670 810 strum
709 753 897 808 Jesum
933 751 1216 806 Christum
1253 767 1450 805 verum
1517 767 1636 806 esse
1673 752 1846 807 Deum
1909 752 2077 821 proﬁ-

498 855 700 911 temur,
733 853 791 901 et
827 859 1022 900 verum
1077 843 1356 898 hominem
1405 859 1472 898 ev
1519 859 1750 913 corpore
1794 853 1850 898 et
1896 845 2079 899 anima

497 937 776 1002 rationali,
807 944 934 990 ante
968 935 1165 990 saecula
1199 951 1266 989 ex
1302 936 1460 989 Patre
1493 935 1738 1003 genitum
1775 935 2076 990 secundum

477 1027 877 1091 divinitatem;
914 1024 1210 1094 postremis
1253 1039 1385 1078 vero
1433 1024 1655 1089 diebus,
1703 1033 1931 1094 pr0pter
1979 1040 2081 1080 nos

479 1127 553 1174 et
580 1128 808 1189 propter
842 1126 1088 1172 nostram
1129 1118 1383 1181 salutem,
1417 1132 1484 1170 ex
1516 1116 1685 1172 Maria
1721 1116 1944 1186 Virgine
1977 1133 2077 1171 na-

499 1219 614 1264 tum
657 1209 985 1273 asserimus;
1028 1217 1084 1262 et
1120 1207 1642 1267 consubstantialem
1684 1207 1846 1261 nobis
1883 1223 2080 1262 secun-

496 1301 627 1355 dum
663 1299 1061 1354 humanitatem
1087 1314 1211 1353 eum
1242 1298 1558 1364 credimus;
1589 1314 1657 1352 ex
1691 1297 1904 1352 duabus
1931 1299 2076 1354 enim

496 1391 714 1445 naturis
741 1391 871 1444 unio
901 1389 1040 1445 facta
1068 1397 1173 1443 est.
1209 1387 1557 1458 Quapropter
1580 1405 1749 1443 unum
1773 1388 2076 1454 Christum,

497 1497 668 1535 unum
705 1481 924 1542 Filium.
964 1495 1133 1533 unum
1173 1480 1466 1534 Dominum
1511 1480 1862 1549 proﬁtemur;
1901 1497 2080 1551 neque

497 1573 757 1629 unionem
807 1572 1101 1636 solvimus;
1131 1579 1187 1625 et
1229 1572 1434 1641 absque
1478 1572 1800 1628 confusione
1841 1589 1962 1628 eam
2004 1575 2081 1628 fa-

497 1673 638 1719 ctam
684 1679 806 1718 esse
852 1664 1148 1726 credimus,
1194 1673 1250 1718 et
1295 1664 1527 1717 Domino
1560 1665 1617 1718 in
1661 1666 1768 1720 hoc
1802 1683 2077 1735 paremus,

497 1758 593 1826 qui
613 1755 818 1811 Judzeis
850 1755 926 1809 ait
954 1773 966 1807 :
1007 1775 1024 1806 ι
1057 1754 1262 1808 Solvite
1295 1756 1553 1824 templum
1581 1757 1705 1821 hoc,
1732 1765 1787 1812 et
1818 1759 1874 1812 in
1903 1759 2081 1814 tribus

488 1848 693 1902 diebus
736 1847 988 1902 excitabo
1031 1846 1165 1900 illud
1201 1845 1262 1900 ".
1299 1865 1317 1897 ι
1361 1845 1516 1912 Quod
1558 1846 1603 1899 si
1638 1847 1823 1901 mistio
1851 1863 1917 1902 ac
1951 1864 2083 1903 con-

497 1940 641 1994 lusio
675 1940 815 1993 facta
857 1946 1021 2004 esset,
1058 1938 1244 1992 dicere
1280 1938 1568 2006 oportebat
1601 1955 1614 1990 :
1642 1939 1848 1994 Solvite
1885 1955 1992 2003 me,
2025 1948 2082 1994 et

497 2031 552 2085 in
585 2031 760 2085 tribus
787 2030 982 2084 diebus
1017 2045 1318 2099 resurgam.
1347 2028 1415 2082 At
1439 2044 1569 2084 sane
1591 2031 1907 2095 ostendens,
1933 2030 2080 2085 aliud

496 2139 618 2178 esse
663 2124 832 2176 Deum
879 2122 1182 2177 secundum
1229 2129 1481 2176 naturam
1530 2137 1712 2188 suam,
1756 2123 1905 2177 aliud
1950 2139 2082 2178 vero

499 2211 786 2280 templum,
815 2220 1107 2280 utrumque
1137 2226 1270 2265 vero
1302 2226 1423 2267 esse
1457 2211 1760 2278 Christum,
1805 2232 1823 2265 ι
1853 2213 2078 2279 Solvite,

499 2305 700 2373 inquit,
733 2305 995 2373 templum
1033 2303 1158 2367 hoc,
1193 2313 1249 2358 et
1298 2304 1353 2358 in
1395 2305 1574 2359 tribus
1605 2305 1801 2360 diebus
1831 2307 2084 2362 excitabo

501 2394 677 2460 illud;
726 2413 745 2446 ι
799 2395 1090 2464 perspicue
1148 2395 1358 2450 docens
1394 2395 1542 2465 quod
1585 2411 1698 2450 non
1741 2397 1886 2453 Deus
1931 2398 2082 2452 solu-

503 2485 638 2539 tioni
674 2484 1094 2554 subjiciebatur,
1131 2484 1229 2538 sed
1271 2485 1558 2554 templum.
1587 2485 1651 2539 Et
1677 2485 1841 2556 hujus
1869 2495 2082 2541 tantum

498 2583 694 2628 natura
739 2575 996 2629 solutioni
1037 2583 1152 2628 erat
1190 2575 1455 2639 obnoxia;
1493 2575 1642 2628 illius
1677 2591 1808 2630 vero
1844 2583 2085 2644 potestas

499 2664 744 2717 solutum
789 2663 1092 2716 suscitavit.
1133 2664 1311 2731 Atque
1339 2663 1476 2717 adeo
1505 2665 1676 2718 Deum
1710 2665 1875 2719 simul
1906 2674 1962 2718 et
1987 2665 2086 2719 ho-

500 2755 705 2810 minem
743 2755 930 2810 Jesum
967 2753 1250 2809 Christum
1284 2754 1630 2824 proﬁtemur,
1662 2756 1878 2811 divinas
1908 2760 2084 2814 secuti

499 2847 832 2917 Scripturas.
859 2847 994 2900 Nam
1019 2846 1164 2915 quod
1191 2847 1456 2900 Dominus
1479 2855 1666 2901 noster
1688 2848 1847 2903 Jesus
1872 2849 2084 2919 1295

485 2939 754 2995 Christus
782 2939 852 2993 sit
890 2939 1057 3000 Deus,
1091 2937 1287 2991 beatus
1322 2937 1561 2992 Joannes
1602 2939 1937 3008 evangelista
1975 2941 2085 2994 cla-

1489 269 1971 330 TIIEODORETI
2011 268 2350 328 EPISCOPI
2387 264 2747 328 CYRENSIS

3620 274 3762 338 1420

2258 385 2453 453 Ἡμεῖς
2490 383 2546 436 δὲ
2595 383 2682 435 τὸν
2718 380 2967 452 πατρῷον
2997 382 3196 453 κλῆρον
3222 382 3421 439 ἄσυλον
3460 384 3764 456 φυλάττειν

2185 475 2582 545 σπουδάζομεν,
2625 475 2720 527 καὶ
2777 475 2842 544 ἦν
2876 474 3260 544 παρελάϐομεν
3299 476 3483 528 πίστιν
3544 481 3669 547 μεθ’
3699 476 3766 551 ἧς

2182 566 2275 616 καὶ
2317 564 2722 634 ἐϐαπτίσθημεν
2765 565 2861 616 καὶ
2913 562 3280 633 βαπτίζομεν,
3325 567 3615 635 ἀνέπαφον
3674 572 3768 622 καὶ

2179 656 2453 726 ἀκήρατον
2480 653 2844 724 διατηροῦμεν
2868 668 2881 681 ⁸
2915 653 3012 705 καὶ
3032 654 3398 723 ὁμολογοῦμεν
3439 657 3536 709 τὸν
3560 658 3768 728 Κύριον

2177 747 2334 817 ἡμῶν
2377 745 2583 814 Ἰησοῦν
2629 743 2884 817 Χριστὸν,
2920 743 3052 797 Θεὸν
3099 745 3303 799 τέλειον
3346 749 3442 800 καὶ
3468 749 3769 820 ἄνθρωπον

2179 839 2404 901 τέλειον,
2436 839 2498 889 ὲκ
2531 837 2708 906 ψυχῆς
2738 836 2963 905 λογικῆς
2997 837 3091 890 καὶ
3121 837 3376 908 σώματος
3405 840 3519 910 πρὸ
3552 840 3769 894 αἰώνων

2183 929 2283 1000 μὲν
2338 933 2402 983 ὲκ
2433 928 2528 982 τοῦ
2564 928 2775 999 Πατρὸς
2801 928 3130 998 γεννηθέντα
3183 931 3321 983 κατὰ
3351 931 3451 999 τὴν
3508 931 3767 1001 θεότητα·

2179 1021 2268 1072 ἐπ’
2298 1022 2541 1091 ἐσχάτων
2576 1020 2632 1072 δὲ
2676 1020 2785 1072 τῶν
2836 1020 3058 1090 ἡμερῶν
3101 1021 3171 1074 δι’
3195 1023 3342 1092 ἡμᾶς
3388 1023 3485 1075 καὶ
3532 1023 3624 1076 διὰ
3673 1025 3770 1093 τὴν

2181 1113 2457 1184 ἡμετέραν
2493 1111 2768 1183 σωτηρίαν
2801 1113 2864 1166 ὲκ
2907 1113 3124 1182 Μαρίας
3164 1115 3264 1183 τῆς
3316 1114 3631 1184 Παρθένου·
3681 1118 3770 1168 τὸν

2182 1210 2345 1262 αὐτὸν
2386 1209 2672 1280 ὁμοούσιον
2717 1207 2795 1278 τῷ
2840 1208 3017 1278 Ila-cpt
3059 1207 3198 1262 κατὰ
3225 1209 3324 1280 τὴν
3372 1209 3644 1276 θεόττιτα,
3681 1213 3770 1263 καὶ

2180 1301 2466 1370 ὁμοούσιον
2518 1302 2651 1370 ἡμῖν
2697 1301 2840 1353 κατὰ
2871 1301 2972 1368 τὴν
3015 1301 3429 1372 ἀνθρωπότητα.
3482 1302 3596 1355 Δύο
3660 1303 3770 1372 μοι

2181 1391 2289 1460 ’γάρ
2337 1391 2551 1460 φύσεων
2599 1390 2793 1453 ’ἐνωσις
2839 1391 3052 1458 γέγονε.
3093 1392 3184 1444 Διὸ
3226 1393 3322 1445 ἕνα
3371 1395 3649 1464 Χριστὸν,
3682 1395 3772 1447 ἕνα

2182 1483 2333 1546 Υίὸν,
2365 1483 2462 1535 ἕνα
2491 1481 2694 1552 Κύριον
2717 1482 3108 1551 ὁμολογοῦμεν·
3138 1482 3263 1536 οὔτε
3291 1485 3398 1554 γὰρ
3426 1485 3534 1555 τὴν
3569 1487 3773 1538 ἕνωσιν

2184 1572 2401 1642 λύομεν,
2457 1571 2550 1624 καὶ⁵
2579 1570 2884 1642 ἀσύγχυτον
2931 1573 3100 1642 αὐτὴν
3138 1575 3466 1644 γεγενῆσθαι
3512 1578 3776 1628 πιστεύο-

2190 1680 2312 1733 μεν,
2359 1661 2435 1731 τῷ
2473 1663 2663 1733 Κυρίῳ
2704 1663 3016 1732 πειθόμενοι
3055 1664 3266 1732 λέγοντι
3304 1669 3418 1728 τοῖς
3454 1667 3773 1729 Ἰουδαίοις·

2109 1738 2154 1791 Β
2189 1773 2210 1807 ι
2262 1753 2476 1807 Δύσατε
2520 1753 2611 1804 τὸν
2649 1752 2774 1806 ναὸν
2824 1753 3034 1816 τοῦτον,
3071 1756 3166 1807 καὶ
3215 1757 3274 1807 ὲν
3311 1757 3494 1825 τρισὶν
3528 1759 3778 1828 ἡμέραις

2185 1844 2362 1915 ὲγερῶ
2391 1843 2574 1897 αὐτόν.
2613 1861 2632 1894 ι
2677 1845 2741 1897 Εἰ
2770 1844 2826 1896 δὲ
2857 1847 3058 1914 κρᾶσις.
3083 1845 3324 1914 ἐγεγόνει
3349 1849 3444 1900 καὶ
3471 1849 3773 1918 σύγχυσις,

2185 1934 2278 1988 καὶ
2301 1933 2401 2003 μία
2431 1932 2590 2000 φύσις
2622 1933 2681 1998 ἐξ
2723 1933 2925 2003 ἀμφοῖν
2961 1935 3318 2004 ἀπετελέσθη,
3354 1938 3532 2007 ἐχρῆν
3573 1943 3772 1992 εἰπεῖν·

2183 2024 2399 2079 Λύσατέ
2454 2041 2543 2094 με,
2597 2024 2690 2084 καὶ
2745 2026 2802 2077 ὲν
2849 2024 3025 2094 τρισὶν
3074 2026 3311 2095 ἡμέραις
3361 2028 3772 2098 ἐγερθήσομαι.

2184 2116 2299 2170 Νῦν
2328 2117 2382 2170 δὲ
2415 2116 2632 2179 δεικνὺς
2655 2116 2730 2180 ὡς
2761 2116 2890 2170 ἄλλο
2923 2116 3022 2186 μὲν
3059 2119 3086 2169 6
3118 2117 3250 2180 Θεὸς
3278 2121 3419 2172 κατὰ
3445 2120 3556 2191 τὴν
3586 2122 3769 2188 φύσιν.

2185 2210 2313 2264 ἄλλο
2332 2209 2386 2261 δὲ
2409 2211 2437 2261 6
2461 2208 2608 2275 ναὸς,
2633 2201 2712 2271 εἷς
2741 2207 2798 2261 δὲ
2837 2208 3070 2279 Χριστὸς
3114 2210 3421 2279 ἀμφότερα,
3460 2229 3485 2262 ι
3527 2212 3768 2268 Λύσατε.

2186 2301 2340 2371 φησι,
2372 2300 2462 2354 τὸν
2490 2300 2614 2353 ναὸν
2642 2299 2849 2363 τοῦτον,
2882 2302 2974 2355 καὶ
3007 2303 3064 2354 ἐν
3103 2303 3281 2373 τρισὶν
3307 2305 3560 2374 ἡμέραις
3593 2308 3770 2377 ἐγερό

2186 2392 2368 2455 αὑτὸν,
2405 2411 2424 2444 ι
2461 2390 2644 2460 σαφῶς
2679 2389 2965 2456 διδάσκων,
3016 2391 3090 2456 ὡς
3137 2394 3219 2446 ὅτι
3249 2393 3346 2464 οὐχ
3389 2397 3416 2447 6
3455 2395 3602 2459 Θεὸς
3635 2393 3707 2466 ἦν
3746 2400 3770 2449 6

2185 2483 2466 2554 λυόμενος,
2509 2483 2624 2536 ἀλλ’
2663 2485 2692 2537 6
2741 2484 2888 2548 ναός.
2945 2485 3056 2537 Καὶ
3103 2484 3196 2537 τοῦ
3234 2485 3331 2554 μὲν
3382 2487 3416 2556 η
3456 2486 3635 2554 φύσις

2184 2576 2336 2628 λύσιν
2368 2576 2676 2647 ὑπεδέχετο,
2717 2577 2810 2629 τοῦ
2840 2575 2896 2628 δὲ
2927 2578 2960 2647 η
2991 2575 3219 2646 δύναμις
3246 2579 3438 2648 ἡγειρε
3463 2580 3529 2631 τὸ
3560 2581 3770 2648 λυόμε-

2185 2684 2296 2722 νον.
2319 2667 2452 2720 Θεὸν
2478 2667 2535 2720 δὲ
2563 2668 2659 2721 καὶ
2681 2666 2964 2740 ἄνθρωπον
3005 2668 3095 2720 τὸν
3125 2669 3358 2739 Χριστὸν
3391 2671 3776 2742 ὁμολογοῦμεν

2185 2763 2306 2822 ταῖς
2341 2760 2513 2824 θείαις
2562 2759 2984 2823 ἀκολουθοῦντες
3024 2761 3288 2831 Γραφαῖς.
3317 2763 3442 2814 Ὀτι
3508 2764 3616 2832 μὲν
3674 2767 3778 2834 γὰρ

2185 2850 2317 2914 Θεὸς
2349 2852 2461 2922 ('50)
2486 2852 2688 2923 Κύριος
2721 2853 2880 2922 ἡμῶν
2914 2852 3119 2922 Ἰησοῦς
3147 2853 3404 2923 Χριστὸς,
3431 2857 3462 2907 6
3496 2856 3781 2926 μακάριος

2199 2941 2448 3011 Ἰωάννης
2487 2945 2516 2996 6
2556 2942 2947 3012 εὐαγγελιστὴς
2996 2942 3112 3016 βοᾷ
3153 2964 3170 2995 ι
3211 2945 3300 2997 Ἐν
3329 2947 3477 3016 ἀρχῇ
3505 2942 3578 3016 ἦν
3620 2949 3654 2999 6
3681 2951 3783 3000 Λό-

500 3038 617 3085 mat
649 3049 661 3083 :
707 3050 724 3080 ι
754 3030 814 3085 ln
855 3027 1128 3099 principio
1167 3037 1287 3081 erat
1313 3027 1576 3091 Verbum,
1601 3037 1657 3082 et
1684 3029 1924 3084 Verbum
1964 3039 2081 3086 erat

2188 3051 2302 3102 γος,
2352 3034 2448 3086 καὶ
2476 3036 2504 3086 6
2543 3035 2717 3102 Λόγος
2741 3031 2809 3105 ἦν
2838 3035 2975 3108 πρὸς
3009 3036 3101 3089 τὸν
3133 3035 3288 3100 Θεὸν,
3326 3038 3423 3090 καὶ
3464 3038 3612 3101 Θεὸς
3663 3035 3733 3110 ἦν
3757 3045 3783 3094 ό

502 3122 646 3192 apud
669 3123 864 3184 Deum,
892 3130 948 3175 et
970 3121 1116 3174 Deus
1137 3128 1257 3174 erat
1280 3120 1541 3175 Verbum.
1573 3119 1686 3176 Hoc
1703 3131 1824 3176 erat
1851 3122 1905 3176 in
1932 3125 2083 3193 prin-

496 3215 647 3283 cipio
677 3213 822 3282 apud
851 3213 1043 3266 Deum.
1091 3211 1286 3267 Omnia
1313 3227 1410 3281 per
1440 3212 1619 3282 ipsum
1654 3213 1796 3269 facta
1836 3223 2003 3269 sunt:
2029 3226 2085 3270 et

503 3305 622 3359 sine
655 3304 775 3374 ipso
805 3304 1006 3358 factum
1041 3312 1126 3356 est
1158 3302 1316 3366 nihil,
1342 3304 1488 3372 quod
1527 3304 1732 3358 factum
1759 3315 1843 3360 est
1867 3307 1928 3360 ⁸⁵.
1965 3326 1982 3357 ι
2017 3308 2086 3362 Ει

503 3395 705 3449 iterum
742 3413 754 3447 :
794 3413 812 3444 ι
847 3395 978 3448 Erat
1037 3395 1127 3448 lux
1173 3411 1327 3459 vera,
1363 3411 1485 3464 qua:
1535 3395 1809 3449 illuminat
1865 3412 2084 3452 omnem

493 3487 781 3541 hominem
811 3487 1124 3541 venientem
1159 3487 1215 3540 in
1250 3487 1397 3540 hunc
1431 3487 1696 3540 mundum
1720 3488 1781 3540 ‘3.
1814 3507 1832 3537 ›
1865 3489 1934 3542 Et
1968 3489 2084 3558 ipse

504 3578 768 3632 Dominus
795 3578 1103 3650 luculenter
1132 3578 1312 3642 docet,
1335 3578 1525 3632 dicens
1560 3596 1572 3630 :
1610 3598 1629 3630 ι
1661 3578 1764 3644 Qui
1796 3580 1948 3635 videt
1973 3597 2097 3646 me,~

503 3670 651 3724 videt
691 3677 748 3724 et
791 3670 1005 3724 Patrem
1035 3670 1096 3722 ¹⁷.
1131 3689 1148 3719 ι
1186 3669 1254 3722 Ει
1290 3686 1303 3722 :
1337 3688 1353 3719 ι
1383 3669 1494 3738 Ego
1517 3670 1755 3724 etPater
1784 3686 1954 3725 unum
1989 3687 2084 3726 su-

505 3777 627 3816 mus
656 3762 721 3814 ¹¹¹.
754 3781 770 3811 ι
803 3761 871 3816 Et
901 3780 914 3815 :
945 3780 961 3810 ι
981 3761 1093 3830 Ego
1118 3760 1170 3814 in
1196 3761 1376 3824 Patre,
1402 3769 1457 3814 et
1479 3762 1641 3815 Pater
1669 3762 1723 3815 in
1751 3777 1836 3816 me
1865 3770 1950 3817 est
1974 3764 2036 3816 η.
2060 3783 2079 3816 ι

503 3855 571 3908 Ει
603 3855 797 3908 beatus
821 3851 1024 3907 Paulus
1051 3852 1105 3904 in
1128 3852 1370 3921 Epistola
1398 3852 1464 3906 ad
1499 3853 1759 3908 Hebratos
1783 3854 1896 3908 ait:
1933 3873 1951 3906 ι
1980 3855 2083 3921 Qui

485 3960 629 4000 cum
662 3944 735 3998 sit
761 3942 1024 4013 splendor
1056 3942 1262 4012 gloriae,
1303 3952 1359 3996 et
1394 3942 1562 4013 ﬁgura
1599 3944 1918 3999 substantia:
1941 3946 2080 4015 ejus,

487 4046 838 4106 'portansque
864 4035 1046 4088 omnia
1070 4035 1238 4089 verbo
1267 4035 1489 4089 virtutis
1519 4050 1632 4092 suae
1657 4037 1723 4089 '°.
1755 4055 1774 4087 ι
1811 4037 1880 4090 Ει
1908 4037 1964 4092 in
1992 4037 2084 4092 illa

493 4129 572 4183 ad
612 4127 994 4196 Philippenses
1024 4145 1036 4180 :
1071 4146 1089 4178 ι
1119 4127 1220 4199 Hic
1248 4143 1444 4182 sensus
1467 4127 1541 4182 sit
1566 4127 1622 4181 in
1651 4127 1830 4192 vobis,
1858 4129 1955 4193 ait,
1989 4129 2082 4198 qui

503 4228 560 4273 et
584 4219 637 4272 in
660 4217 880 4272 Christo
900 4218 1065 4285 Jcsu;
1101 4219 1195 4288 qui
1229 4235 1355 4273 cum
1380 4219 1434 4272 in
1464 4218 1636 4272 forma
1658 4219 1755 4273 Dei
1777 4229 1942 4284 esset,
1975 4236 2083 4274 non

498 4311 746 4380 rapinam
783 4310 1082 4364 arbitratus
1117 4319 1200 4364 est
1240 4325 1362 4364 esse
1405 4325 1462 4365 se
1505 4310 1769 4380 aqualem
1805 4311 1951 4374 Deo,
1988 4312 2084 4366 sed

2186 3126 2377 3192 Λόγος
2420 3119 2572 3188 οὗτος
2600 3121 2669 3196 ἦν
2714 3127 2773 3179 ὲν
2812 3127 2953 3198 ἀρχῇ
2987 3128 3123 3198 πρὸς
3157 3129 3248 3180 τὸν
3282 3128 3437 3182 Θεόν·
3480 3131 3681 3184 πάντα
3718 3133 3785 3184 δι’

2187 3211 2349 3266 αὑτοῦ
2397 3214 2630 3281 ἐγένετο,
2673 3215 2766 3266 καὶ
2815 3216 2984 3285 χωρὶς
3039 3215 3205 3269 αὑτοῦ
3254 3216 3478 3284 ἐγένετο
3510 3219 3645 3272 οὐδὲ
3672 3221 3785 3273 ἒνδ

2185 3302 2430 3370 γέγονε.»
2467 3303 2576 3356 Καὶ
2593 3303 2780 3357 πάλιψ
2803 3302 2942 3357 «Ἦν
2970 3305 3030 3358 τὸ
3063 3304 3177 3374 φῶς
3207 3305 3266 3357 τὸ
3291 3305 3576 3375 ἀληθινὸν,
3607 3309 3641 3360 ὃ
3676 3327 3790 3376 φω-

2185 3393 2324 3456 τίζει
2366 3394 2543 3447 πάντα
2569 3393 2855 3465 ἄνθρωπον
2892 3395 3185 3466 ἐρχόμενον
3223 3395 3303 3455 είς
3341 3395 3433 3448 τὸν
3474 3397 3728 3466 κόσμον.
3769 3421 3788 3450 ι

2186 3485 2297 3538 Καὶ
2338 3485 2498 3549 αὐτὸς
2537 3486 2595 3538 δὲ
2623 3489 2651 3539 6
2685 3485 2891 3556 Κύριος
2927 3486 3036 3558 (51)
3069 3486 3368 3558 διαρῤήδην
3394 3487 3661 3543 διδάσκει
3699 3492 3788 3544 λέ-

2186 3590 2318 3642 γων·
2360 3593 2377 3625 ι
2425 3575 2483 3628 Ὀ
2517 3576 2777 3646 ἑωρακὼς
2806 3578 2927 3647 ἐμὲ,
2958 3577 3171 3650 ἑώρακε
3203 3579 3294 3631 τὸν
3325 3579 3543 3648 Πατέρα
3574 3599 3728 3650 μου.
3771 3604 3788 3632 ι

2185 3666 2317 3718 Καί·
2350 3685 2368 3718 ι
2421 3668 2559 3736 Ἐγὼ
2599 3670 2693 3721 καὶ
2739 3671 2769 3722 ὁ
2826 3671 3014 3742 Πατὴρ
3045 3673 3106 3725 ἓν
3155 3674 3341 3742 ἐσμεν·
3393 3671 3550 3741 κάγὼ
3586 3675 3656 3725 ὲν
3709 3678 3795 3745 τῷ

2187 3758 2364 3828 Πατρὶ
2391 3800 2405 3825 ,
2461 3759 2556 3813 καὶ
2601 3763 2630 3814 6
2691 3761 2882 3833 Πατὴρ
2925 3765 2985 3816 ὲν
3035 3765 3181 3835 ἐμοί,
3221 3784 3240 3815 ι
3281 3767 3388 3818 Καὶ
3423 3767 3453 3818 6
3497 3768 3792 3835 μακάριος

2187 3847 2400 3912 Παῦλος
2436 3850 2491 3902 ἐν
2523 3851 2621 3919 μὲν
2653 3855 2718 3922 τῇ
2772 3852 2908 3923 πρὸς
2945 3854 3228 3924 Ἐϐραίους
3275 3858 3464 3924 φησίν·
3506 3877 3526 3908 ι
3571 3860 3682 3919 Ὃς
3716 3859 3793 3909 ὧν

2186 3938 2529 4011 ἀπαύγασμα
2549 3943 2646 4013 τῆς
2667 3943 2825 4012 δόξης
2850 3947 2943 3997 καὶ
2967 3947 3255 4016 χαρακτὴρ
3278 3947 3380 4016 τῆς
3407 3949 3588 4000 ὑποστ
3604 3949 3792 4013 ἅτερος

2185 4032 2370 4097 αὐτοῦ,
2409 4035 2592 4104 φέρων
2625 4053 2679 4088 τε
2713 4036 2827 4105 (52)
2873 4037 2939 4089 τὰ
2995 4039 3169 4090 πάντα
3198 4037 3278 4107 τῷ
3308 4040 3521 4108 ῥήματι
3554 4043 3665 4111 τῆς
3701 4043 3790 4094 δυο

2136 4171 2140 4174 .
2185 4122 2404 4192 νάμεως
2456 4124 2641 4178 αὑτοῦ.
2703 4144 2722 4177 ι
2793 4127 2878 4180 Ἐν
2926 4128 2981 4181 δὲ
3029 4131 3095 4198 τῇ
3145 4130 3280 4200 πρὸς
3318 4131 3743 4201 Φιλιππησίους
3775 4156 3786 4166 ·

2190 4231 2209 4262 ι
2241 4213 2408 4266 Τοῦτο
2433 4214 2734 4285 φρονείσθω
2764 4218 2820 4269 ὲν
2858 4218 3007 4287 ὑμῖν,
3051 4220 3236 4288 φησὶν,
3269 4221 3298 4272 ὃ
3332 4222 3425 4274 καὶ
3459 4225 3523 4274 ὲν
3553 4224 3790 4296 Χριστῷ

2196 4302 2394 4372 Ἰησοῦ,
2412 4304 2470 4367 ὃς
2493 4306 2549 4357 ἐν
2573 4310 2754 4378 μορφῇ
2777 4308 2908 4361 Θεοῦ
2933 4310 3214 4380 ὑπάρχων,
3239 4312 3339 4382 οὐχ
3364 4313 3646 4386 ἁρπαγὴν
3673 4320 3786 4386 (53,

491 4401 860 4472 «semetipsum
894 4401 1196 4455 exinanivit
1225 4401 1455 4456 formam
1481 4402 1624 4457 servi
1653 4401 1928 4471 accipiens
1951 4403 2016 4456 ’³.
2056 4423 2074 4456 ι

2186 4395 2430 4465 ἡγήσατο
2483 4396 2545 4448 τὸ
2604 4393 2744 4452 εἶναι
2793 4401 2882 4453 ἴσα
2931 4400 3070 4470 Θεῷ·
3125 4402 3242 4454 ἀλλ’
3286 4403 3488 4458 ἑαυτὸν
3535 4410 3787 4463 Exime:

491 4493 565 4545 *ln
598 4492 689 4544 illa
719 4506 850 4545 vero
889 4491 957 4544 ad
997 4491 1274 4546 Romanos
1311 4508 1323 4542 :
1371 4510 1387 4540 ι
1421 4489 1664 4555 Quorum
1700 4499 1903 4558 patres,
1936 4500 1990 4545 et
2016 4508 2082 4546 ex

2189 4486 2404 4556 μορφὴν
2439 4485 2627 4540 δούλου
2657 4488 2856 4544 λαϐὼν.
2898 4510 2916 4543 ι
2960 4493 3048 4545 Ἐν
3073 4492 3126 4544 δὲ
3149 4496 3214 4564 τῇ
3253 4495 3385 4564 πρὸς
3431 4497 3784 4567 Ῥωμαίους-

494 4581 709 4652 quibus
733 4587 816 4634 est
848 4580 1103 4635 Christus
1137 4580 1440 4634 secundum
1473 4595 1717 4642 carnem,
1753 4579 1846 4648 qui
1880 4589 1964 4633 est
1995 4597 2082 4635 su-

2187 4597 2204 4628 ι
2236 4573 2337 4630 Ὦν
2377 4579 2487 4649 (ει)
2522 4580 2570 4633 οἱ
2607 4580 2840 4652 πατέρες
2875 4583 2967 4635 καὶ
2995 4583 3056 4647 ἐξ
3084 4578 3160 4637 ὧν
3189 4587 3215 4637 6
3248 4585 3489 4656 Χριστὸς
3528 4588 3600 4641 τὸ
3641 4593 3786 4642 κατὰ

504 4688 603 4741 per
636 4671 818 4725 omnia
850 4672 994 4726 Deus
1035 4670 1359 4724 benedictus
1394 4671 1451 4724 in
1493 4671 1712 4725 secula.
1755 4670 1926 4726 Amen
1953 4674 2020 4726 “.
2058 4693 2077 4724 ι

2186 4670 2382 4739 σάρκα,
2412 4674 2445 4755 6
2485 4670 2560 4724 ὢν
2614 4672 2706 4725 ἐπὶ
2754 4673 2971 4727 πάντων
3014 4675 3144 4739 Θεὸς
3198 4675 3499 4746 εὐλογητὸς
3530 4681 3622 4743 εἰς
3661 4681 3788 4741 τοὺς

502 4763 565 4816 In
618 4763 706 4816 illa
750 4762 958 4832 pariter
997 4762 1066 4816 ad
1106 4762 1288 4816 Titum
1329 4780 1342 4815 :
1385 4783 1401 4814 ι
1439 4763 1829 4833 Exspcctantes
1869 4764 2082 4820 beatam

2186 4762 2404 4826 αἰῶνας.
2451 4765 2644 4834 Ἀμήν.
2697 4785 2714 4816 ι
2765 4767 2853 4819 Ἐν
2885 4767 2940 4819 δὲ
2975 4769 3039 4836 τῇ
3086 4769 3223 4838 πρὸς
3257 4769 3437 4822 Τίτον·
3469 4791 3488 4822 ι
3531 4773 3786 4842 [190365-

504 4869 682 4924 spem,
710 4863 766 4908 et
799 4853 1094 4908 adventum
1121 4854 1306 4924 gloria:
1339 4856 1520 4926 magni
1554 4857 1672 4921 Dei,
1704 4866 1759 4912 et
1787 4856 2082 4913 Salvatoris

2186 4854 2400 4924 χόμενοι
2553 4857 2650 4925 τὴν
2671 4857 2946 4926 μακαρίαν
2981 4857 3172 4911 ἐλπίδα
3202 4861 3293 4912 καὶ
3312 4861 3553 4928 ὲπιφάνε
3565 4881 3664 4915 ta.»
3685 4865 3783 4932 τῆς

501 4946 680 5000 nostri
696 4947 824 5000 Jesu
843 4945 1052 5000 Christi
1074 4946 1141 4999 ’³.
1172 4965 1189 4996 ι
1230 4945 1298 4999 Et
1318 4946 1484 5002 Isaias
1505 4947 1702 5002 clamat
1726 4965 1738 5000 :
1771 4967 1789 4998 ι
1813 4948 2080 5003 Parvulus

2186 4945 2343 5016 δόξης
2393 4946 2488 4999 τοῦ
2533 4948 2769 5016 μεγάλου
2799 4948 2936 5001 Θεοῦ
2983 4952 3078 5002 καὶ
3107 4951 3356 5022 Σωτῆρος
3384 4953 3550 5022 ἡμῶν
3597 4954 3785 5026 ’ἰηπῦ

507 5038 654 5092 enim
689 5047 853 5092 natus
893 5045 978 5092 est
1014 5037 1194 5102 nobis,
1229 5046 1287 5092 et
1322 5038 1468 5092 ﬁlius
1510 5037 1671 5092 datus
1702 5047 1787 5093 est
1823 5039 2002 5102 nobis,
2026 5048 2082 5093 et

2186 5039 2446 5110 Χριστοῦ.
2479 5059 2498 5091 ι
2539 5041 2643 5094 Καὶ
2686 5041 2912 5106 Ἡσαΐας
2938 5042 2996 5094 δὲ
3028 5043 3146 5114 βοᾷ,
3179 5045 3259 5097 ὅτι
3293 5064 3313 5096 ι
3350 5046 3584 5100 Παιδίον
3625 5051 3786 5113 ἐγενη

507 5130 686 5187 factus
711 5137 798 5185 est
829 5129 1170 5201 principatus
1202 5145 1368 5202 super
1403 5131 1694 5185 humerum
1732 5131 1869 5201 ejus,
1898 5138 1955 5186 et
1982 5148 2080 5186 vo-

2187 5132 2325 5202 νήθη
2354 5133 2509 5205 ἡμῖν,
2552 5132 2666 5195 υἱὸς
2709 5133 2804 5185 καὶ
2833 5134 2988 5187 ἐδόθη
3017 5136 3168 5206 ἡμῖν,
3203 5127 3264 5188 οὗ
3298 5138 3332 5206 ὴ
3363 5138 3512 5208 ἁρχὴ
3554 5142 3672 5194 ἐπὶ
3695 5139 3784 5194 ττιῦ

565 5282 610 5314 ¹⁸
632 5280 787 5338 Joan.
818 5297 874 5339 ιι.
907 5283 992 5338 t9.
1073 5282 1116 5313 "
1147 5280 1303 5336 Jnan.
1332 5295 1367 5342 ι,
1404 5284 1452 5346 1,
1534 5284 1576 5314 ’⁸
1609 5283 1736 5336 ibid.
1765 5284 1818 5338 9.
1900 5285 1940 5316 "
1970 5282 2082 5338 Joat

2186 5301 2270 5348 :tv,
2305 5284 2356 5338 9.
2435 5285 2478 5314 ¹⁸
2506 5281 2664 5335 Joan.
2699 5298 2752 5345 κ,
2783 5279 2868 5336 50.
2949 5279 2991 5309 ¹’
3026 5278 3156 5333 ibid.
3194 5277 3282 5331 58.

498 5347 564 5380 ³³⁸
601 5354 831 5423 Philipp.
868 5369 924 5412 ιι,
1091 5355 1132 5384 ’ί
1171 5352 1324 5406 liciti.
1364 5369 1440 5415 l.\',
1480 5354 1532 5407 5.
1606 5357 1652 5385 "
1712 5353 1816 5407 Tit.
1851 5370 1911 5422 tl,
1948 5357 2032 5410 15.

2193 5355 2294 5409 lsa.
2330 5371 2403 5418 Ix,
2441 5355 2492 5407 6.

2247 5482 2358 5549 (5:2)
2395 5483 2468 5535 lla
2496 5482 2664 5536 Mans.
2703 5482 2859 5536 Vind.
2887 5482 2964 5534 δέ.

2251 5554 2360 5618 (55)
2400 5552 2512 5623 Sic_
2529 5553 2686 5623 Vind.
2713 5552 2816 5605 Sed
2851 5551 3018 5606 Mans.
3048 5553 3360 5623 ἁρπαγμόν.

2250 5615 2360 5689 (ῖς-ι)
2393 5625 2449 5672 ἐν
2480 5615 2524 5688 ᾧ
2544 5622 2776 5675 habebat
2809 5633 2865 5675 et
2890 5615 3122 5678 Vindob.
3150 5615 3374 5680 et'ﬁlans

2256 5693 2365 5762 (55)
2391 5693 2820 5763 προσδεχόμενος
2863 5692 3012 5747 Mans

3359 5277 3404 5307 ’°
3441 5275 3630 5331 Hebr.
3665 5294 3707 5341 ι,
3733 5277 3788 5330 ’5-

574 5489 686 5554 (ιο)
725 5489 790 5540 δι’
815 5487 843 5539 ὃ
870 5485 1040 5540 Mans.
1069 5483 1211 5554 liber
1239 5481 1434 5535 vitiose

711 5560 739 5608 ὁ
761 5556 893 5615 Θεὸς
925 5555 1083 5625 Vind.
1134 5553 1297 5625 abest
1323 5552 1548 5605 omnino
1581 5567 1611 5604 a
1652 5551 1844 5614 Mans,
1883 5552 1976 5607 sed
2011 5553 2066 5606 in

507 5621 750 5690 margine
778 5625 908 5685 Θεὸς
946 5621 1214 5689 ἀληθινός.

580 5686 689 5764 (5i)
718 5695 810 5744 καὶ
846 5691 969 5760 (ὅτι)
1003 5686 1046 5745 δ’
1072 5691 1242 5758 Λόγος
1266 5687 1333 5761 ἦν
1361 5693 1561 5763 Κύριος
1591 5691 1759 5744 Mans.
