3962 6204
365 285 498 354 1421

1720 298 2087 361 EPISTOLA
2122 301 2264 363 CLI.

3489 307 3627 377 1422

362 408 515 477 ὤμου
552 405 738 470 αὑτοῦ,
779 407 873 460 καὶ
915 406 1163 463 καλεῖται
1200 409 1261 463 τὸ
1280 410 1451 482 ὄνομα
1489 412 1652 466 αὐτοῦ
1690 414 1933 486 μεγάλης

2040 415 2257 471 cabitur
2285 431 2488 473 nomen
2522 418 2640 491 ejus
2674 419 2913 491 Angelus
2942 420 3121 493 magni
3163 423 3400 491 consilii,
3442 427 3621 483 admi-

365 498 560 569 βουλῆς
588 499 872 568 Ἄγγελος,
899 499 1234 569 Θαυμαστὸς,
1262 502 1326 555 σύ
1336 503 1587 573 μδουλος,
1614 506 1749 570 Θεὸς
1785 508 1936 577 ίσχυ-

367 591 476 661 ρὸς,
500 590 868 661 ὲξουσιαστὴς,
897 592 1084 662 ἄρχων
1108 595 1351 666 είρήνης,
1379 596 1569 669 Πατὴρ
1589 597 1685 651 τοῦ
1720 598 1939 669 μέλλον-

360 698 452 744 τος
496 682 714 745 αἰῶνος.
751 700 768 733 ι
803 682 917 737 Kal
951 685 1132 739 πάλιν·
1168 705 1186 738 ι
1218 687 1422 741 Ὀπίσω
1453 706 1569 756 σου,
1600 692 1788 761 φησὶν,
1812 692 1938 745 ἀκο-

360 772 682 845 λουθήσουσι
728 775 1004 847 δεδεμένοι
1037 779 1402 850 χειροπέδαις,
1438 782 1532 836 καὶ
1560 784 1620 836 ὲν
1655 785 1738 837 σοὶ
1770 801 1939 855 προσ-

358 862 629 929 εύξονται,
659 866 741 919 ὅτι
775 867 833 919 ὲν
888 867 970 921 col
1021 868 1153 934 Θεός
1182 872 1322 937 ἐστι,
1376 872 1472 927 καὶ
1518 875 1620 929 οὐκ
1653 875 1767 930 ἔστι
1808 876 1941 940 Θεὸς

359 955 504 1027 πλὴν
550 956 668 1011 σοῦ.
712 958 785 1012 Σὺ
835 958 945 1031 γὰρ
984 954 1038 1012 εἴ
1062 959 1215 1026 Θεὸς,
1251 963 1347 1016 καὶ
1382 964 1484 1018 οὐκ
1517 965 1759 1037 ᾔδεισαν,
1805 967 1939 1032 Θεὸς

356 1049 453 1102 τοῦ
496 1046 709 1120 Ἰσραὴλ
734 1050 945 1122 Σωτήρ.
989 1070 1009 1103 ι
1039 1053 1148 1106 Kal
1184 1055 1246 1108 τὸ
1285 1055 1635 1131 Ἐμμανουὴλ
1663 1059 1722 1113 δὲ
1744 1059 1936 1131 ὄνομα,

354 1138 496 1192 Θεοῦ
522 1139 620 1192 καὶ
648 1139 938 1209 ἀνθρώπου
966 1144 1225 1213 τυγχάνει
1253 1150 1607 1216 σημαντικὸν,
1640 1146 1940 1222 ἑρμηνεύε-

359 1248 447 1283 ται
473 1232 602 1301 γὰρ,
638 1232 778 1286 κατὰ
804 1233 904 1304 τὴν
924 1233 1018 1288 τοῦ
1047 1236 1377 1305 Εύαγγελίοο
1403 1239 1769 1308 διδασκαλίαν,
1798 1245 1938 1297 Μεθ’

362 1323 586 1390 ἡμῶνό
613 1325 777 1391 Θεὸς,
814 1326 1121 1390 τουτέστιν,
1173 1328 1232 1384 ὲν
1269 1330 1543 1401 ἀνθρώπῳ
1584 1333 1741 1399 Θεὸς,
1776 1335 1835 1388 ἐν
1865 1338 1931 1406 τῇ

358 1414 602 1486 ἡμετέρᾳ
630 1414 789 1483 φύσει
823 1416 974 1480 Θεός.
1010 1418 1120 1472 Kal
1152 1420 1181 1471 6
1214 1417 1354 1484 θεῖος
1385 1420 1441 1474 δὲ
1491 1406 1781 1495 Ἱερεμίας
1803 1442 1940 1495 προ-

358 1503 606 1567 θεσπίζει
638 1506 830 1574 λέγων’
880 1527 898 1559 ι
939 1502 1108 1573 Οὗτος
1135 1513 1164 1564 6
1204 1510 1337 1575 Θεὸς
1372 1514 1549 1584 ἡμῶν,
1583 1515 1645 1569 ού
1679 1515 1937 1589 λογισθήιο

360 1610 511 1649 σεται
530 1597 715 1666 ἔτερος
736 1598 874 1668 πρὸς
901 1599 1091 1653 αὐτόν·
1128 1599 1317 1672 ἐξεῦρε
1352 1606 1530 1658 πᾶσαν
1561 1606 1678 1660 ὁδὸν
1713 1609 1939 1677 ἐπιστή-

362 1703 490 1756 μης,
522 1689 616 1742 καὶ
655 1677 855 1742 ἔδωκεν
882 1691 1054 1762 αὐτὴν
1100 1693 1295 1747 Ἰακὼϐ
1333 1694 1412 1766 τῷ
1439 1698 1593 1751 παιδὶ
1621 1699 1810 1764 αὐτοῦ,
1844 1701 1937 1755 καὶ

2038 509 2260 574 rabilis,
2305 511 2686 576 consiliarius,
2737 513 2884 568 Deus
2926 513 3113 579 fortis,
3162 530 3426 586 regnans,
3474 520 3626 591 prin-

2039 615 2169 670 ceps
2216 602 2388 671 pacis,
2422 603 2584 659 Pater
2608 605 2781 659 futuri
2828 605 3035 660 saeculi.
3082 624 3099 657 ι
3148 607 3217 661 Et
3263 609 3461 665 iterum
3506 613 3620 668 ait:

2045 712 2063 742 ι
2104 692 2233 747 Post
2275 703 2327 748 te
2358 694 2573 766 1296
2602 696 2986 763 ambulabunt,
3023 698 3190 752 vincti
3231 699 3458 755 manicis
3494 718 3622 772 per-

2038 789 2189 852 gent,
2217 792 2273 838 et
2315 791 2367 839 te
2405 785 2749 853 adorabunt;
2794 796 3006 842 tantum
3056 788 3112 842 in
3157 797 3211 843 te
3250 798 3335 844 est
3370 789 3534 855 Deus,
3566 801 3625 847 et

2041 888 2151 927 non
2177 881 2264 928 est
2294 876 2500 945 absque
2524 885 2577 932 te
2607 878 2772 934 Deus.
2814 879 2956 935 Vere
2983 886 3041 933 tu
3073 895 3134 935 es
3156 879 3300 936 Deus
3332 881 3625 937 abscondi-

2042 973 2151 1030 tus,
2174 965 2323 1020 Deus
2349 965 2567 1023 Israelis
2590 967 2839 1024 Salvator
2858 970 2945 1023 “2
2972 987 2990 1020 ι
3016 969 3226 1025 Nomen
3251 985 3385 1024 vero
3407 972 3624 1027 Emma-

2039 1055 2219 1111 nuelis
2252 1056 2424 1111 Deum
2452 1058 2615 1113 simul
2640 1068 2697 1114 et
2720 1059 3001 1116 hominem
3035 1061 3312 1132 signiﬁcat
3337 1062 3383 1095 ³³
3410 1080 3423 1115 :
3453 1065 3625 1134 expli-

2039 1151 2198 1199 catur
2224 1145 2372 1200 enim
2404 1148 2707 1201 secundum
2739 1148 3044 1205 doctrinam
3081 1151 3451 1223 evangelicam
3486 1152 3624 1207 Deus

2039 1235 2327 1302 nobiscum,
2358 1236 2415 1292 id
2441 1247 2548 1304 est,
2577 1239 2631 1293 in
2659 1239 2885 1296 homine
2912 1241 3080 1309 Deus,
3116 1241 3169 1297 in
3196 1254 3392 1299 natura
3434 1254 3622 1301 nostra

2039 1324 2205 1382 Deus.
2240 1328 2411 1384 Divus
2448 1330 2615 1385 etiam
2656 1331 2922 1387 Jeremias
2954 1334 3287 1390 vaticinatur
3318 1337 3572 1407 inquiens
3605 1356 3619 1393 :

2047 1438 2067 1471 ‹
2096 1418 2197 1474 Hic
2219 1427 2304 1474 est
2327 1420 2472 1475 Deus
2497 1430 2706 1489 noster,
2739 1431 2796 1477 et
2826 1439 2935 1477 non
2963 1425 3328 1482 mstimabitur
3354 1429 3495 1483 alius
3522 1430 3622 1483 ad-

2035 1523 2232 1563 versus
2255 1524 2402 1564 eum.
2436 1510 2533 1566 Hic
2556 1511 2840 1567 adinvenit
2862 1528 3081 1569 omnem
3118 1517 3262 1571 viam
3298 1519 3619 1590 disciplinae,

2038 1608 2096 1654 et
2121 1599 2351 1654 tradidit
2377 1601 2526 1656 illam
2554 1602 2758 1658 Iacobo
2782 1619 2959 1673 puero
2982 1621 3102 1672 suo,
3127 1616 3183 1661 et
3206 1608 3394 1664 lsraeli
3424 1611 3623 1666 dilecto

2039 1705 2161 1747 suo.
2195 1692 2323 1747 Post
2351 1693 2470 1748 hac
2497 1693 2554 1747 in
2580 1694 2744 1749 terris
2768 1695 2919 1751 visus
2944 1683 3047 1763 est,
3075 1707 3274 1753 etcum
3308 1700 3624 1758 hominibus

371 1778 589 1849 Ἰσραὴλ
619 1778 697 1849 τῷ
727 1781 1075 1852 ἠγαπημένῳ
1118 1784 1210 1836 ὑπ’
1239 1784 1426 1841 αὑτοῦ.
1460 1786 1614 1840 Μετὰ
1637 1787 1808 1841 ταῦτα
1840 1790 1933 1843 ἐπὶ

2037 1794 2395 1839 conversatus
2427 1792 2511 1840 est
2539 1784 2605 1839 “.
2638 1803 2657 1836 ›
2701 1784 3131 1856 Quamplurimae
3170 1791 3288 1845 alia:
3331 1793 3453 1846 erui
3492 1808 3621 1861 pos-

358 1869 458 1939 τῆς
496 1871 599 1939 γῆς
638 1869 817 1942 ὤφθη,
850 1873 945 1926 καὶ
977 1876 1091 1937 τοῖς
1116 1874 1424 1946 ἀνθρώποις
1455 1880 1928 1951 συνανεστράφη.»

358 1960 469 2013 Kal
502 1960 664 2025 ἄλλας
692 1962 737 2014 δ’
765 1963 830 2016 ἄν
870 1981 958 2027 τις
995 1965 1196 2036 μυρίας
1227 1965 1378 2038 εὕροι
1409 1969 1594 2036 φωνὰς
1622 1970 1688 2024 ἐκ
1712 1988 1773 2023 τε
1820 1970 1932 2025 τῶν

361 2049 522 2103 θείων
575 2053 928 2122 Εύαγγελίων
961 2056 1056 2108 καὶ
1083 2054 1195 2109 τῶν
1238 2057 1614 2114 ἀποστολικῶν
1644 2077 1935 2132 συγγραμ-

364 2146 570 2216 μάτων,
604 2148 699 2201 καὶ
726 2148 792 2200 ὲκ
829 2147 937 2200 τῶν
988 2151 1344 2221 προφητικῶν
1384 2151 1806 2223 θεσπισμάτων,
1835 2154 1938 2206 δει-

357 2235 645 2300 κνυούσας,
669 2237 752 2290 ὅτι
780 2236 912 2301 Θεὸς
953 2238 1205 2309 ἀληθινὸς
1240 2242 1270 2293 6
1302 2240 1506 2310 Κύριος
1538 2244 1569 2313 ἡ
1581 2242 1695 2312 μῶν
1728 2242 1935 2313 Ἰησοῦς

355 2326 614 2394 Χριστός.

429 2416 554 2469 Ὀτι
584 2418 640 2470 δὲ
692 2418 787 2471 καὶ
837 2420 1128 2491 ἄνθρωπος
1167 2422 1306 2492 μετὰ
1365 2425 1467 2495 τὴν
1523 2423 1935 2495 ὲνανθρώπησιν

353 2510 841 2578 προσαγορεύεται,
882 2509 1122 2563 διδάσκει
1153 2512 1251 2581 μὲν
1280 2513 1442 2575 αὐτὸς
1477 2515 1505 2566 6
1530 2514 1755 2584 Κύριος,
1802 2515 1935 2567 ’lou-

352 2598 522 2661 δαίοις
550 2598 933 2670 διαλεγόμενος
962 2600 1057 2655 καὶ
1085 2600 1246 2671 βοῶν’
1291 2618 1311 2652 ι
1359 2602 1425 2654 Τί
1456 2620 1523 2673 με
1548 2602 1764 2674 ζητεῖτε
1795 2605 1931 2657 ἀπο-

354 2691 584 2755 κτεῖναι,
640 2690 950 2760 ἄνθρωπον,
982 2692 1129 2753 ὅστις
1177 2690 1278 2762 τῆν
1305 2691 1567 2762 ἀλήθειαν
1604 2694 1735 2765 ὑμῖν
1772 2693 1933 2750 λελά-

355 2779 538 2851 ληκα;
580 2799 600 2833 ι
636 2783 730 2834 καὶ
767 2783 796 2835 6
826 2782 1099 2853 μακάριος
1139 2781 1355 2846 Παῦλος
1374 2766 1445 2836 ’ἐν
1474 2786 1540 2854 τῇ
1573 2784 1711 2854 πρὸς
1737 2786 1936 2857 Κοριν-

355 2871 507 2936 θίους
548 2873 788 2945 προτέρᾳ
829 2873 1024 2944 λέγων’
1053 2893 1073 2926 ι
1117 2875 1335 2945 Ἐπειδὴ
1355 2876 1465 2948 γὰρ
1481 2875 1548 2929 δι’
1577 2876 1867 2949 ἀνθρώπου
1904 2880 1934 2932 6

358 2962 606 3027 θάνατος,
631 2965 726 3018 καὶ
748 2965 816 3019 δι’
843 2965 1133 3037 ἀνθρώπου
1163 2964 1464 3031 ἀνάστασις
1493 2968 1727 3039 νεκρῶν.
1761 2988 1781 3019 ι
1816 2970 1928 3024 Kal

357 3052 572 3118 δεικνὺς
609 3057 737 3126 περὶ
784 3055 928 3119 τίνος
963 3056 1133 3124 λέγει,
1179 3056 1473 3127 ὲρμηνεύει
1522 3057 1585 3111 τὸ
1616 3060 1928 3131 είρημένον,

356 3145 556 3199 οὑτωσὶ
586 3144 778 3214 λέγων·
827 3165 847 3199 ι
889 3147 1099 3219 Ὠσπερ
1129 3146 1237 3219 γὰρ
1277 3148 1335 3200 ὲν
1377 3147 1457 3218 τῷ
1494 3148 1665 3218 Ἀδὰμ
1694 3149 1933 3222 ἀποθνή-

355 3251 597 3301 σκουσιν,
647 3234 790 3291 οὕτω
838 3236 934 3291 καὶ
967 3238 1025 3289 ὲν
1053 3237 1133 3307 τῷ
1174 3236 1399 3308 Χριστῷ
1431 3237 1636 3300 πάντες
1666 3237 1935 3310 ζωοποιη-

352 3326 628 3398 θήσονται.
668 3346 687 3380 ι
728 3329 835 3381 Kal
863 3327 1115 3398 Τιμοθέῳ
1146 3328 1202 3381 δὲ
1240 3328 1468 3399 γράφων
1511 3329 1709 3397 ὁμοίως
1738 3330 1925 3401 φησίνο

356 3437 375 3470 ι
416 3415 509 3482 Εἷς
538 3419 690 3482 Θεὸς,
739 3415 822 3482 εἷς
869 3420 963 3471 καὶ
1009 3419 1235 3489 μεσίτης
1263 3418 1402 3472 Θεοῦ
1453 3420 1550 3471 καὶ
1605 3420 1930 3490 ἀνθρώπων,

352 3509 637 3581 ἄνθρωπος
658 3509 894 3580 Χριστὸς
939 3508 1166 3576 Ἰησοῦς.
1203 3529 1222 3562 ι
1258 3511 1369 3564 Kal
1404 3513 1461 3564 ὲν
1487 3514 1610 3575 ταῖς
1639 3512 1930 3583 Πράξεσιν,

352 3604 412 3658 ὲν
449 3603 701 3674 Ἀθήναις
721 3602 1080 3674 δημηγορῶν*
1121 3622 1138 3655 ι
1162 3604 1299 3668 Τοὺς
1333 3604 1432 3675 μὲν
1450 3601 1543 3658 οῦν
1570 3606 1798 3678 χρόνους
1827 3609 1930 3679 τῆς

351 3694 576 3761 ἀγνοίας
603 3690 874 3763 ὑπεριδὼν
909 3694 937 3745 ὀ
964 3692 1118 3757 Θεὸς,
1156 3695 1311 3764 φησὶ,
1342 3694 1410 3748 τὰ
1431 3695 1527 3748 νῦν
1559 3696 1930 3768 παραγγέλλει

352 3785 483 3836 πᾶσι
529 3781 801 3855 πανταχοῦ
855 3788 1154 3855 μετανοεῖνο
1181 3785 1371 3839 καθότι
1411 3786 1641 3857 ἔστησεν
1687 3774 1926 3858 ἡμέραν,

355 3873 413 3925 ἐν
524 3871 706 3940 μέλλει
755 3872 963 3943 κρίνειν
996 3872 1093 3942 τὴν
1127 3873 1452 3944 οἰκουμένην
1499 3876 1557 3927 ὲν
1589 3873 1926 3948 δικαιοσύνῃ,

352 3961 421 4013 ὲν
442 3960 597 4030 ἀνδρὶ
625 3954 670 4029 ᾧ
697 3959 885 4031 ὥρισε,
927 3961 1112 4015 πίστιν
1135 3961 1435 4033 παρασχὼν
1473 3965 1660 4031 πᾶσιν,
1691 3965 1928 4036 ἀναστή-

355 4065 454 4113 σας
492 4051 656 4104 αὐτὸν
704 4052 769 4104 ἐκ
820 4051 1049 4122 νεκρῶν.
1092 4070 1111 4105 ι
1162 4053 1273 4106 Kal
1328 4056 1357 4107 6
1404 4055 1676 4127 μακάριος
1721 4055 1929 4127 Πέτρος

365 4142 631 4206 Ἰουδαίοις
659 4142 1063 4214 διαλεγόμενος,
1095 4162 1114 4196 ι
1157 4144 1403 4212 Ἀνδρες,
1431 4146 1616 4216 φησὶν,
1658 4145 1925 4217 Ἰσραηλῖ-

346 4250 460 4299 ται,
484 4234 753 4289 ἁκούσατε
788 4235 913 4300 τοὺς
940 4234 1133 4304 λόγους
1159 4235 1405 4300 τούτους·
1450 4237 1658 4308 Ἰησοῦν
1689 4237 1780 4290 τὸν
1814 4237 1927 4291 Να-

2038 1882 2161 1929 sent
2202 1890 2368 1931 voces
2414 1885 2523 1931 tam
2576 1876 2631 1931 in
2680 1878 2883 1934 divinis
2949 1880 3257 1952 Evangeliis
3312 1890 3368 1937 et
3405 1885 3624 1954 scriptis

2037 1964 2435 2033 apostolorum,
2465 1981 2628 2035 quam
2663 1966 2716 2021 in
2749 1968 3141 2037 prophetarum
3171 1971 3469 2037 vaticiniis,
3502 1989 3624 2042 qua:

2036 2055 2358 2119 ostendunt,
2397 2057 2544 2125 quod
2586 2059 2732 2113 Deus
2783 2073 2950 2113 verus
2997 2069 3080 2114 est
3127 2062 3388 2117 Dominus
3434 2074 3620 2119 noster

2036 2145 2197 2199 Jesus
2227 2145 2504 2203 Christus.

2106 2410 2264 2477 Quod
2295 2427 2431 2467 vero
2462 2421 2520 2465 et
2550 2414 2717 2468 homo
2743 2423 2972 2470 vocetur
3006 2426 3131 2487 post
3163 2418 3617 2489 incarnationem,

2034 2502 2199 2556 docet
2225 2502 2448 2572 quidem
2484 2504 2718 2574 ipsemet
2758 2506 3022 2562 Dominus
3055 2523 3179 2563 cum
3205 2509 3408 2566 Judzeis
3433 2511 3621 2584 disp!»

2035 2601 2178 2656 tans,
2215 2602 2272 2648 et
2312 2593 2556 2650 clamans
2593 2613 2607 2647 :
2652 2615 2671 2646 ι
2716 2595 2855 2662 Quid
2887 2613 2975 2652 me
3004 2599 3251 2668 quaeritis
3284 2600 3618 2669 interﬁcere,

2034 2682 2340 2746 hominem,
2381 2684 2475 2753 qui
2504 2685 2795 2740 veritatem
2823 2688 2980 2743 vobis
3012 2689 3229 2745 locutus
3254 2707 3376 2747 sum
3401 2693 3484 2746 ”?
3516 2713 3534 2747 ι
3564 2706 3624 2751 et

2033 2772 2230 2828 beatus
2279 2774 2482 2829 Paulus
2528 2775 2583 2829 in
2637 2775 2816 2845 prima
2869 2777 2937 2832 ad
2987 2778 3333 2848 Corinthios,
3380 2783 3617 2843 dicens:

2041 2878 2061 2913 ι
2101 2862 2371 2928 Quoniam
2408 2864 2633 2933 quidem
2672 2881 2771 2934 per
2804 2866 3082 2921 hominem
3115 2885 3284 2936 mors,
3310 2881 3366 2928 et
3390 2890 3489 2943 per
3516 2876 3619 2931 ho-

2035 2954 2240 3009 minem
2274 2957 2608 3011 resurrectio
2636 2966 2981 3012 mortuorum
3005 2961 3078 3027 ’3;
3112 2979 3130 3012 ι
3166 2977 3230 3017 ac
3258 2972 3316 3017 ut
3342 2967 3616 3031 ostendat,

2033 3043 2105 3121 de
2146 3060 2261 3115 quo
2299 3047 2469 3100 verba
2518 3046 2703 3111 faciat,
2738 3064 2861 3117 qua:
2907 3049 3068 3114 dixit,
3105 3052 3360 3122 explicat,
3404 3056 3484 3112 sic
3533 3058 3621 3113 in-

2034 3120 2235 3201 quiens
2270 3150 2283 3186 :
2317 3153 2338 3184 c
2379 3134 2447 3188 Et
2472 3134 2617 3190 sicut
2660 3136 2713 3190 in
2755 3137 2964 3193 Adamo
3002 3120 3338 3208 moriuntur,
3367 3145 3441 3201 ita
3468 3158 3524 3201 et
3562 3148 3620 3204 in

2033 3220 2255 3278 Christo
2294 3238 2488 3279 omnes
2533 3226 2962 3282 viviﬁcabuntur
2985 3230 3050 3282 ⁸⁷.
3084 3249 3103 3281 ι
3147 3230 3231 3287 Ad
3266 3232 3621 3292 Timotheum

2033 3327 2256 3382 quoque
2309 3316 2593 3380 scribens,
2650 3318 2905 3375 similiter
2958 3320 3096 3376 dicit
3131 3339 3146 3375 :
3190 3343 3210 3374 ι
3253 3325 3409 3382 Unus
3448 3329 3616 3394 Deus,

2035 3418 2181 3459 unus
2211 3415 2268 3460 et
2304 3407 2576 3461 mediator
2607 3408 2702 3462 Dei
2745 3418 2802 3464 et
2834 3410 3140 3476 hominum,
3178 3413 3342 3471 homo
3366 3418 3620 3478 Christus

2031 3495 2194 3551 Jesus
2218 3497 2284 3549 ’³.
2321 3515 2339 3547 ι
2368 3497 2429 3551 In
2467 3496 2619 3553 Actis
2658 3499 2846 3564 etiam,
2883 3501 3014 3556 dum
3060 3503 3290 3559 Athenis
3328 3510 3625 3565 conciona-

2034 3596 2143 3653 tur,
2190 3589 2268 3643 ait
2309 3606 2323 3643 :
2359 3609 2378 3641 ι
2414 3590 2481 3645 Ει
2524 3599 2771 3661 tempora
2813 3593 3039 3665 quidem
3087 3595 3253 3666 hujus
3299 3596 3619 3667 ignorantiae

2038 3681 2249 3751 1297
2295 3680 2606 3751 despiciens
2644 3683 2808 3747 Deus,
2840 3700 2989 3739 nunc
3021 3687 3333 3741 enuntiabit
3375 3688 3618 3745 homini.

2034 3773 2157 3837 bus,
2187 3782 2248 3828 ut
2274 3788 2466 3828 omnes
2503 3772 2709 3844 ubique
2740 3776 3120 3845 paenitentiam
3152 3786 3335 3849 agant.
3364 3780 3443 3834 Eo
3469 3784 3617 3852 quod

2031 3866 2225 3921 statuit
2254 3866 2422 3931 diem,
2452 3867 2511 3920 in
2536 3883 2646 3937 quo
2662 3868 3011 3939 judicaturus
3029 3879 3114 3925 est
3134 3871 3325 3926 orbem
3355 3872 3411 3926 in
3441 3879 3609 3945 arqui-

2031 3963 2163 4020 tate,
2204 3971 2305 4027 per
2336 3956 2517 4011 virum
2557 3973 2656 4027 per
2699 3974 2863 4028 quem
2904 3960 3115 4022 statuit,
3158 3960 3320 4015 ﬁdem
3361 3963 3614 4031 prmbens

2029 4048 2310 4113 omnibus,
2338 4049 2610 4104 suscitans
2639 4064 2765 4104 eum
2805 4066 2834 4104 a
2871 4052 3104 4106 mortuis
3124 4051 3190 4105 ”.
3227 4071 3246 4102 ι
3287 4052 3485 4110 Beatus
3513 4069 3612 4124 pa-

2028 4140 2167 4195 riter
2200 4139 2398 4194 Petrus
2427 4139 2632 4194 Judaais
2676 4140 2984 4210 praedicans
3018 4159 3031 4195 :
3072 4161 3092 4194 ‹
3131 4142 3269 4207 Viri,
3300 4143 3396 4208 ait,
3442 4144 3614 4199 Israc-

2027 4233 2160 4298 litte,
2200 4231 2388 4287 audite
2423 4231 2587 4287 verba
2621 4231 2738 4288 haec
2770 4249 2785 4286 :
2819 4232 3004 4287 Jesum
3034 4234 3400 4297 Nazarenum,
3429 4235 3608 4290 virum

347 4326 615 4399 ζωραῖον,
665 4327 834 4398 ἄνδρα
872 4327 980 4381 ἀπὸ
1023 4327 1118 4381 τοῦ
1170 4327 1307 4381 Θεοῦ
1360 4328 1814 4399 ἀποδεδειγμένον
1847 4330 1926 4393 είς

2037 4324 2391 4395 approbatum
2417 4337 2449 4379 a
2474 4323 2586 4378 Deo
2616 4323 2761 4377 inter
2789 4338 2888 4378 vos
2911 4323 3215 4379 virtutibus
3255 4333 3312 4379 et
3345 4326 3612 4397 prodigiis

348 4419 492 4489 ὑμᾶς
524 4418 769 4489 σημείοις
796 4419 891 4471 καὶ¹
912 4419 1125 4489 τέρασι,
1157 4419 1251 4473 καὶ
1281 4417 1683 4490 δυνάμεσιν,οἷς
1734 4420 1924 4491 ἐποίη-

2037 4424 2086 4470 et
2105 4416 2279 4486 signis
2303 4430 2426 4486 quae
2450 4414 2579 4470 fecit
2620 4415 2765 4470 Deus
2791 4430 2891 4484 per
2915 4414 3070 4469 illum
3099 4416 3177 4497 ³ο,
3200 4434 3217 4465 ι
3252 4415 3319 4469 Et
3346 4417 3609 4485 propheta

350 4525 441 4562 σεν
464 4511 492 4562 6
528 4509 659 4574 Θεὸς
689 4509 757 4563 δι’
781 4509 967 4564 αὑτοῦ.
1005 4528 1024 4560 ι
1054 4510 1164 4563 Kal
1210 4512 1240 4562 6
1278 4511 1563 4581 προφήτης
1591 4509 1649 4563 δὲ
1692 4510 1921 4575 Ἡσαΐας

2037 4506 2195 4563 Isaias
2214 4506 2418 4562 Christi
2442 4506 2659 4561 Domini
2684 4507 2995 4577 passionem
3022 4506 3418 4576 praenuntiam,
3445 4522 3608 4577 quem

347 4598 442 4652 τοῦ
482 4601 750 4654 Δεσπότου
806 4600 1043 4673 Χριστοῦ
1091 4601 1161 4655 τὰ
1209 4599 1358 4670 πάθη
1405 4600 1824 4674 προαγορεύων,
1865 4601 1925 4655 ὃν

2037 4614 2206 4670 nuper
2242 4600 2417 4655 Deum
2458 4597 2794 4662 nominavit,
2850 4598 2999 4652 hunc
3046 4597 3325 4652 hominem
3374 4598 3611 4667 appellat

351 4688 457 4758 πρὸ
480 4688 727 4759 βραχέων
760 4691 1010 4761 ὠνόμασε
1042 4689 1197 4755 Θεὸν,
1228 4690 1419 4745 τοῦτον
1467 4688 1754 4759 ἄνθρωπον
1790 4692 1927 4744 ἀπο-

2037 4691 2114 4746 his
2142 4691 2329 4746 verbis
2364 4708 2377 4744 :
2420 4710 2438 4742 ι
2473 4690 2570 4744 Vir
2605 4690 2879 4754 dolorum,
2925 4699 2982 4744 et
3016 4689 3198 4744 sciens
3234 4689 3478 4758 perferre
3522 4690 3609 4744 in-

356 4781 511 4834 καλεί
538 4781 732 4851 λέγων·
769 4800 788 4834 ι
826 4784 1143 4854 ’Ἄνθρωπος
1172 4785 1231 4836 ἐν
1262 4783 1445 4854 πληγῇ
1482 4781 1577 4848 ὣν,
1625 4783 1719 4836 καὶ
1767 4780 1926 4845 είδὼς

2037 4781 2361 4836 firmitatem.
2407 4781 2726 4852 Languores
2771 4790 2992 4836 nostros
3045 4781 3159 4851 ipse
3205 4783 3361 4846 tulit,
3406 4788 3462 4835 et
3508 4796 3609 4850 pro

356 4874 543 4946 φέρειν
579 4873 872 4945 μαλακίαν·
927 4867 1086 4937 οὗτος
1137 4874 1238 4937 τὰς
1271 4874 1498 4946 ἀνομίας
1539 4874 1698 4945 ἡμῶν
1740 4874 1917 4946 φέρει,

2037 4873 2185 4929 nobis
2238 4873 2413 4928 doluit
2450 4873 2515 4926 “.
2554 4891 2572 4924 ι
2630 4872 2748 4927 Alia
2794 4888 3013 4942 quoque
3046 4886 3077 4924 ε
3128 4888 3284 4928 sacra
3327 4872 3609 4942 Scriptura

351 4967 444 5019 καὶ
468 4965 610 5036 ὑπὲρ
668 4966 827 5038 ἡμῶν
877 4966 986 5039 (56)
1043 4965 1315 5020 ὁδυνᾶται.
1367 4984 1387 5020 ι
1438 4967 1548 5019 Kal
1580 4964 1744 5029 ἄλλας
1780 4965 1823 5019 δ’
1850 4966 1918 5020 ἂν

2037 4965 2256 5020 collecta
2293 4964 2608 5020 testimonia
2634 4963 2687 5018 in
2726 4964 2958 5034 epistola
2988 4963 3317 5033 posuissem,
3347 4962 3452 5017 nisi
3483 4977 3610 5033 per-

346 5054 661 5125 ὁμοφώνους
694 5057 997 5129 μαρτυρίας
1032 5055 1292 5120 συλλέξας
1346 5057 1410 5109 ἐκ
1457 5056 1555 5125 τῆς
1584 5055 1742 5123 ἁγίας
1774 5055 1919 5126 Γρα-

2037 5064 2274 5126 spectum
2297 5055 2430 5111 mihi
2452 5064 2620 5120 esset,
2643 5056 2809 5110 vitam
2826 5070 2948 5110 esse
2969 5055 3159 5125 pietati
3178 5064 3373 5111 vestrae
3393 5054 3611 5109 divino-

348 5146 473 5217 φῆς,
517 5147 753 5217 ἐνέθηκα
788 5149 854 5202 ἂν
896 5152 964 5219 τῇ
994 5148 1273 5220 ἐπιστολῇ,
1306 5149 1354 5201 εἰ
1404 5146 1478 5219 μὴ
1516 5147 1615 5218 τὴν
1646 5146 1918 5218 ὑμετέραν

2037 5163 2148 5202 rum
2179 5162 2495 5204 sermonum
2519 5145 2937 5201 meditationem
2966 5144 3271 5199 secundum
3306 5144 3605 5209 hominem,

344 5238 663 5293 θεοσέὸειαν
695 5233 1015 5311 ἠπίστάμην
1052 5240 1163 5309 βίον
1207 5240 1352 5311 ἔχειν
1380 5240 1480 5311 τὴν
1507 5238 1615 5292 τῶν
1649 5239 1923 5305 θείωνλο-

2037 5238 2121 5309 qui
2153 5255 2210 5293 ιη
2246 5237 2477 5293 Psalmis
2518 5237 2715 5293 beatus
2755 5235 2979 5291 dicitur.
3015 5234 3305 5290 lndustriae
3338 5241 3604 5305 praeterea

413 5442 476 5475 η’
517 5443 619 5497 lsa.
654 5459 775 5503 xw,
805 5443 891 5496 M.
969 5442 1013 5473 ’³
1037 5442 1224 5496 Matth.
1251 5460 1287 5507 ι,
1314 5444 1402 5497 25.
1508 5443 1554 5474 εδ
1590 5441 1824 5496 Baruch.
1862 5457 1918 5503 ιι,

2037 5483 2042 5501 ,
2085 5441 2154 5494 ’58
2286 5441 2331 5470 ’⁵
2360 5439 2514 5494 Joan.
2547 5454 2641 5500 vn,
2670 5436 2770 5499 19;
2810 5451 2924 5498 vui,
2951 5435 3017 5488 40
3119 5436 3164 5469 ’⁸
3193 5434 3361 5491 lCor.
3391 5452 3479 5503 xv,
3506 5436 3599 5492 2L

347 5500 390 5532 ”
419 5511 557 5567 ibid.
585 5512 674 5566 22.
749 5500 796 5544 ί⁸
822 5514 840 5566 Ι
872 5512 1110 5568 Timmh.
1145 5529 1202 5579 ιι,
1229 5500 1286 5567 Si.
1352 5517 1396 5544 ’ν
1424 5517 1542 5566 Act.
1587 5528 1713 5578 xm,
1742 5512 1830 5575 50,
1858 5500 1917 5565 3i

2037 5513 2070 5543 '°
2100 5511 2215 5579 Act.
2254 5526 2308 5562 ιι.
2340 5511 2426 5563 2:2.
2510 5510 2549 5540 ³¹
2583 5510 2685 5562 lsa.
2722 5520 2831 5569 ιλιι,
2864 5506 2916 5559 5.

421 5716 531 5790 (56)
568 5717 719 5788 ὑμῶν
754 5717 981 5771 Vindob.
1058 5760 1061 5767 .
