3962 6204
442 332 444 334 τ
466 281 603 348 1423

460 486 808 558 propositum
846 493 1083 538 transeo.

511 769 703 824 ‘Deum
736 767 901 837 igitur
935 781 1128 820 verum
1165 773 1222 821 et
1255 780 1445 819 verum
1482 765 1760 818 hominem
1791 779 1911 819 esse
1939 765 2044 818 Do-

459 862 670 916 minum
714 868 965 913 nostrum
1001 857 1189 912 Jesum
1225 856 1503 912 Christum
1543 855 1908 926 profitemur;
1947 871 2043 910 ne-

461 967 567 1022 que.
610 951 666 1002 in
713 947 850 1002 duas
889 961 1150 1016 personas
1194 945 1493 998 dividimus
1528 958 1678 1007 eum,
1713 942 1807 1011 qui
1849 943 2046 998 unicus

436 1054 546 1096 est
567 1083 579 1104 ,
604 1040 699 1096 sed
732 1040 867 1094 duas
895 1049 1123 1092 naturas
1147 1037 1353 1105 absque
1376 1034 1698 1089 confusione
1723 1034 2046 1102 conjunctas

439 1135 629 1188 fuisse
672 1131 968 1187 credimus.
1007 1127 1098 1184 Sic
1136 1128 1301 1183 etiam
1342 1126 1704 1197 multiplicem
1750 1126 2044 1180 haeretico-

462 1242 585 1280 rum
618 1223 1013 1294 blasphemiam
1045 1221 1202 1275 facile
1235 1219 1487 1274 refellere
1526 1221 1851 1289 poterimus.
1889 1217 2046 1272 Multi

461 1318 685 1388 quidem
718 1325 773 1370 et
800 1315 938 1369 varii
970 1322 1097 1368 sunt
1125 1327 1345 1367 errores
1384 1328 1599 1380 eorum,
1631 1314 1723 1383 qui
1757 1329 1789 1369 a
1816 1313 2047 1367 veritate

460 1407 832 1468 desciverunt,
869 1411 928 1456 ut
975 1403 1159 1456 statim
1201 1402 1588 1457 indicabimus.
1626 1404 1762 1457 Nam
1809 1403 2044 1458 Marcion

460 1508 516 1551 et
538 1498 722 1551 Manes
751 1510 928 1564 neque
969 1494 1186 1563 1298
1209 1493 1456 1548 divinum
1483 1495 1722 1550 Verbum
1749 1497 2046 1550 humanam

459 1586 768 1655 suscepisse
793 1592 1046 1636 naturam
1076 1581 1367 1646 afﬁrmant,
1398 1599 1578 1652 neque
1603 1599 1670 1638 ex
1698 1584 1922 1655 Virgine
1947 1600 2046 1638 na-

460 1683 576 1726 tum
609 1688 728 1727 esse
762 1672 1056 1725 Dominum
1097 1679 1351 1726 nostrum
1388 1672 1576 1726 Jesum
1609 1673 1890 1730 Christum
1927 1689 2048 1729 cre-

1454 271 1944 336 THEODORETI
1978 269 2315 328 EPISCOPI
2345 269 2708 330 CYRENSIS

460 404 660 453 vestra:
693 388 1136 447 testimoniorum
1179 388 1560 444 collectionem
1603 387 1946 462 relinquens,
1979 386 2046 439 ad

2157 386 2286 452 γίων
2325 387 2452 456 μελέ
2461 404 2579 456 την,

2619 383 2762 438 κατὰ
2789 384 2877 436 τὸν
2901 385 2959 436 ὲν
2994 382 3249 453 Ψαλμοῖς
3285 384 3704 456 μακαριζόμενον

2147 476 2451 547 ἄνθρωπον.
2493 478 2571 547 Τῇ
2605 475 2846 547 ὑμετέρᾳ
2869 475 3048 526 τοίνυν
3089 474 3376 545 φιλοπονίᾳ
3410 477 3708 530 καταλιπὼν

2147 567 2374 637 τὴντῶν
2427 567 2741 638 μαρτυριῶν
2802 564 3104 635 συλλογὴν,
3143 564 3236 618 ἐπὶ
3277 563 3344 616 τά
3388 567 3712 639 προκείμενα

2148 657 2453 728 βαδιοῦμαι.

2233 752 2364 805 Θεὸν
2431 752 2610 806 τοίνυν
2676 751 2954 822 άληθινὸνς
2984 753 3078 805 καὶ
3131 756 3416 827 ἄνθρωπον
3472 756 3717 823 ἀληθινὸν

2148 850 2240 898 τὸν
2289 845 2492 916 Κύριον
2539 843 2695 915 ἡμῶν
2758 843 2966 914 Ἰησοῦν
3027 847 3261 916 Χριστὸν
3310 849 3674 917 ὁμολογοῦμεν
3701 890 3714 909 ,

2147 937 2248 990 οὐκ
2286 938 2364 1000 εἰς
2420 935 2514 988 δύο
2564 935 2831 1005 πρόσωπα
2895 936 3228 1007 διαιροῦντες
3264 940 3358 993 τὸν
3411 941 3509 993 ἕνα
3535 980 3549 1003 ,
3583 941 3718 994 am

2146 1029 2239 1082 δύο
2289 1028 2481 1097 φύσεις
2526 1026 2849 1097 ἀσυγχύτους
2899 1028 3142 1098 ἡνῶσθαι
3177 1032 3529 1102 πιστεύομεν.
3565 1034 3719 1086 Οὕτω

2147 1117 2257 1188 γὰρ
2299 1117 2392 1170 καὶ
2421 1116 2520 1186 τὴν
2551 1116 2856 1186 πολυσχεδῆ
2909 1117 3017 1170 τῶν
3047 1119 3338 1188 αἱρετικῶν
3375 1120 3720 1191 βλασφημίαν

2150 1211 2350 1282 ῥᾳδίως
2376 1207 2650 1276 διελέγξαι
2673 1208 3034 1279 δυνησόμεθα·
3071 1211 3240 1283 πολλὴ
3262 1214 3353 1266 καὶ
3375 1215 3593 1286 ποικίλη
3619 1215 3721 1266 τῶν

2147 1301 2566 1355 ἐπαναστάντων
2609 1302 2674 1371 τῇ
2726 1299 2957 1371 ἀληθείᾳ
2987 1302 3020 1370 ή
3060 1301 3256 1372 πλάνη,
3300 1304 3375 1367 ὡς
3404 1306 3607 1358 αὐτίκα.
3637 1306 3723 1373 61;-

2151 1392 2420 1462 λώσομεν.
2456 1391 2726 1462 Μαρκίων
2769 1390 2869 1460 μὲν
2921 1391 3029 1462 γὰρ
3072 1394 3167 1445 καὶ
3220 1394 3409 1462 Μάνης
3451 1396 3576 1448 οὔτε
3635 1398 3723 1449 άν-

2149 1484 2430 1556 ειληφέναι
2469 1482 2815 1553 ἀνθρωπείαν
2852 1482 3012 1552 φύσιν
3052 1484 3142 1536 τὸν
3168 1483 3300 1538 Θεὸν
3332 1487 3504 1554 Λόγον
3526 1489 3723 1556 φασὶν,

2149 1575 2272 1629 οὔτε
2303 1578 2367 1629 ὲκ
2392 1574 2672 1646 Παρθένου
2702 1575 2792 1628 τὸν
2822 1574 3027 1644 Κύριον
3057 1575 3216 1644 ἡμῶν
3260 1577 3464 1646 Ἰησοῦν
3492 1580 3726 1647 Χριστὸν

2149 1669 2512 1738 γεγεννῆσθαι
2568 1667 2997 1720 πεπιστεύκασιν
3028 1685 3036 1693 ”
3067 1668 3183 1721 ἀλλ’
3231 1670 3392 1722 αὐτὸν
3447 1671 3540 1722 τὸν
3594 1670 3736 1722 Θεὸν

459 1764 748 1829 diderunt;
807 1761 901 1815 sed
957 1761 1102 1815 idem
1162 1761 1400 1816 Verbum
1452 1761 1702 1817 divinum
1744 1763 2044 1818 humanam

2157 1762 2321 1830 Λόγον
2350 1759 2790 1830 σχηματισθῆναι
2832 1760 2912 1823 εἰς
2944 1756 3083 1822 εἶδος
3108 1759 3446 1830 ἀνθρώπειον
3492 1762 3587 1814 καὶ
3624 1779 3726 1829 φα-

459 1854 698 1924 speciem
750 1853 1062 1922 accepisse,
1109 1861 1166 1906 et
1215 1852 1316 1906 sub
1362 1853 1599 1908 humana
1647 1854 1824 1910 forma
1876 1872 2045 1926 appa-

446 1947 662 2011 ruisse,
704 1945 886 2014 Specie
941 1944 1127 2012 potius
1175 1960 1340 2013 quam
1393 1945 1590 2014 reipsa.
1632 1947 2048 2002 Valentinianus

458 2048 516 2092 ct
547 2038 872 2092 Bardisancs
915 2037 1258 2091 nativitatem
1307 2038 1528 2106 quidem
1582 2039 1913 2103 admittunt,
1951 2039 2048 2094 sed

459 2135 663 2198 negant
730 2136 934 2181 nostrae
1000 2135 1212 2180 naturm
1268 2127 1733 2196 assumptionem,
1787 2137 1842 2181 et
1895 2128 2050 2181 aiunt

464 2218 660 2272 Filium
709 2217 804 2270 Dei
862 2224 1119 2285 tanquam
1168 2218 1343 2286 canali
1402 2218 1586 2288 aliquo
1629 2218 1849 2288 Virgine
1889 2234 2048 2272 usum

460 2325 604 2366 esse.
646 2308 917 2364 Sabellius
967 2316 1152 2362 autem
1199 2324 1266 2362 ex
1310 2309 1512 2381 Libya,
1556 2317 1613 2364 et
1658 2309 1956 2375 Photinus,
1995 2317 2052 2364 et

461 2400 751 2456 Marcellus
775 2414 842 2454 ex
865 2398 1099 2465 Galatia,
1124 2409 1180 2454 et
1210 2400 1411 2455 Paulus
1431 2400 1845 2466 Samosatenus,
1869 2401 2051 2454 homi-

463 2509 590 2548 nem
631 2491 940 2560 simplicem
979 2507 1047 2545 ex
1076 2491 1298 2562 Virgine
1338 2501 1527 2547 natum
1568 2509 1689 2548 esse
1720 2501 2049 2558 asserentes,

463 2590 652 2652 aperte
686 2591 889 2651 negant
913 2579 1195 2636 Christum
1225 2590 1494 2634 aeternum
1516 2597 1638 2636 esse
1667 2583 1860 2636 Deum.
1891 2581 2054 2635 Arius

463 2681 519 2723 ct
560 2668 865 2724 Eunomins
906 2683 1108 2736 corpus
1159 2675 1368 2722 tantum
1407 2685 1475 2723 ex
1513 2671 1734 2740 Virgine
1773 2672 2053 2740 accepisse

464 2763 714 2818 divinum
735 2761 976 2816 Verbum
1017 2759 1377 2814 contendunt.
1421 2760 1795 2829 Apollinarius
1832 2763 2054 2817 tandem

466 2851 686 2920 corpori
725 2850 914 2921 adjicit
948 2859 1004 2905 et
1044 2850 1280 2904 animam
1314 2851 1714 2917 irrationalem,
1750 2869 1862 2907 non
1897 2853 2057 2909 aliter

467 2959 532 2998 ac
573 2943 620 2997 si
667 2941 844 2996 divini
881 2940 1044 2994 Verbi
1101 2941 1407 2994 incarnatio
1463 2958 1564 3012 pro
1620 2943 2052 3012 irrationalibus,

470 3032 697 3088 minime
727 3045 858 3085 vero
885 3046 984 3100 pro
1016 3029 1381 3085 rationalibus
1412 3029 1549 3086 facta
1580 3031 1796 3086 fuisset.
1824 3033 1894 3086 At
1919 3050 2055 3103 apo-

459 3126 739 3180 stolorum
787 3122 1037 3176 doctrina
1083 3121 1379 3190 perfectam
1425 3123 1823 3179 humanitatem
1869 3141 1901 3179 a
1942 3127 2055 3181 Deo

471 3231 600 3268 rere
643 3220 952 3280 susceptam
993 3227 1114 3266 esse
1156 3211 1407 3278 aﬂirmat,
1449 3213 1556 3268 hoc
1591 3215 1740 3269 enim
1785 3216 2056 3286 significat

467 3307 647 3362 illud:
693 3325 711 3357 ι
747 3305 852 3372 Qui
887 3321 1011 3361 cum
1045 3307 1100 3359 in
1128 3306 1300 3359 forma
1336 3307 1430 3361 Dei
1471 3317 1637 3374 esset,
1671 3302 1913 3365 hominis
1939 3311 2054 3365 for-

473 3414 619 3454 mam
648 3396 858 3466 accepit
893 3398 970 3462 ³¹;
1011 3416 1028 3448 ι
1065 3396 1238 3450 forma
1277 3397 1425 3450 enim
1454 3398 1576 3453 loco
1604 3410 1815 3454 natura;
1840 3409 1896 3455 et
1927 3401 2058 3454 sub-

473 3489 687 3544 stantia:
725 3488 968 3558 ponitur,
1021 3488 1145 3542 ideo
1199 3489 1343 3558 quod
1393 3490 1668 3560 signiﬁcat
1703 3492 1884 3561 quod,
1929 3507 2056 3546 cum

474 3582 570 3637 Dei
614 3580 846 3635 haberet
889 3588 1177 3646 naturam,
1229 3581 1469 3636 hominis
1513 3590 1772 3637 naturam
1821 3584 2052 3653 accepit.

457 3673 654 3740 :Quare
705 3686 832 3726 cum
879 3670 1074 3740 primis
1117 3671 1415 3740 impietatis
1461 3671 1873 3741 inventoribus,
1919 3676 2060 3730 Mare

454 3764 641 3828 .cioni,
678 3763 918 3818 Manenti
956 3770 1013 3818 et
1049 3763 1338 3818 Valentino
1371 3764 1738 3834 disputantes,
1779 3782 1847 3821 ex
1885 3767 2057 3824 sacris

476 3855 779 3926 Scripturis
813 3855 1191 3909 demonstrare
1229 3856 1533 3921 studemus,
1576 3859 1722 3926 quod
1759 3875 1870 3914 non
1913 3861 2058 3915 Deus

453 3957 719 4012 tantum,
771 3945 867 4001 sed
918 3946 1086 4026 homo
1137 3947 1304 4001 etiam
1355 3947 1426 4002 sit
1469 3947 1720 4004 Christus
1763 3949 2053 4006 Dominus.

473 4038 590 4092 Arii
634 4044 818 4092 autem
865 4045 921 4090 et
956 4037 1213 4091 Eunomii
1251 4046 1308 4092 et
1345 4038 1670 4108 Apollinarii
1705 4058 1955 4097 mancam
1985 4043 2054 4098 de

459 4127 783 4182 .mconomia
825 4127 1132 4182 doctrinam
1165 4129 1398 4185 rudibus
1428 4131 1870 4189 demonstrantes
1898 4151 1929 4189 e
1966 4135 2054 4188 di-

476 4217 622 4273 vinis
661 4217 900 4287 Spiritus
941 4219 1179 4274 oraculis
1213 4221 1515 4290 perfectam
1556 4238 1676 4278 esse
1715 4234 2069 4294 assumptam.

478 4319 732 4365 naturam
765 4309 1046 4365 docemus.
1087 4311 1304 4380 1299
1347 4311 1572 4366 Sabellii
1605 4329 1790 4382 porro,
1821 4323 1877 4370 et
1911 4316 2054 4370 Pho-

461 4401 605 4466 .tini,
641 4409 696 4456 et
729 4400 1080 4466 Marcelli,.et
1106 4401 1258 4455 Pauli
1297 4402 1633 4472 impietatem
1674 4406 2054 4462 convincimus

477 4491 809 4546 testimoniis
836 4507 904 4548 ex
943 4507 1097 4546 sacra
1128 4492 1410 4562 Scriptura
1447 4495 1644 4558 allatis,
1678 4505 1842 4564 atque
1875 4507 2057 4552 osten-

477 4581 670 4636 dentes
703 4596 816 4635 non
853 4581 1135 4636 hominem
1169 4590 1400 4649 tantum,
1438 4601 1630 4640 verum
1677 4589 1844 4642 etiam
1883 4590 2053 4645 Deum

472 4680 744 4728 mternnm
779 4681 835 4727 et
866 4673 1015 4728 Patri
1056 4674 1581 4731 consubstantialem
1613 4693 1734 4734 esse
1773 4679 2054 4737 Christum

465 4765 792 4819 ,Dominum.
832 4764 989 4830 Quod
1025 4781 1159 4821 vero
1191 4767 1429 4824 animam
1459 4771 1672 4841 accepit
1707 4775 2050 4840 rationalem,

475 4855 593 4925 ipse
622 4856 888 4911 Dominus
924 4855 1102 4922 docet,
1135 4858 1391 4929 inquiens
1425 4879 1438 4914 :
1475 4881 1491 4912 ι
1521 4862 1678 4918 Nunc
1713 4865 1894 4920 anima
1932 4883 2053 4922 mea

467 4947 696 5001 turbata
736 4955 847 5009 est;
876 4957 931 5002 et
971 4948 1103 5018 quid
1129 4949 1344 5005 dicam?
1375 4953 1556 5018 Pater,
1593 4955 1833 5011 salvifica
1870 4973 1958 5012 me
1988 4974 2054 5012 ex

463 5037 582 5093 .bac
610 5038 775 5103 hora;
809 5039 904 5094 sed
946 5049 1236 5110 propterea
1268 5042 1392 5096 veni
1440 5042 1495 5096 in
1538 5043 1730 5097 horam
1759 5044 1902 5099 hanc
1924 5046 1990 5101 ³⁸.
2030 5067 2047 5098 ι

466 5132 547 5186 .Et
581 5131 781 5187 iterum
809 5151 822 5185 :
863 5151 880 5184 ι
915 5133 1114 5188 Tristis
1138 5141 1222 5188 est
1247 5133 1430 5189 anima
1461 5151 1580 5190 mea
1605 5152 1780 5206 usque
1810 5138 1877 5191 ad
1914 5155 2061 5194 mor-

481 5237 588 5283 tem
621 5225 686 5279 “.
730 5244 748 5276 ι
793 5224 863 5279 Ει
910 5225 1041 5280 alibi
1088 5243 1101 5280 :
1149 5245 1167 5276 ‹
1212 5226 1543 5281 Potestatem
1594 5227 1772 5282 habeo
1819 5231 2058 5298 ponendi

483 5317 724 5371 animam
765 5331 975 5381 meam,
1021 5325 1078 5372 et
1125 5325 1450 5386 potestatem
1498 5317 1674 5374 habeo
1722 5319 1920 5375 iterum
1970 5339 2062 5376 su-

547 5469 589 5499 “
616 5471 854 5540 Philipp.
875 5488 935 5535 ll,
965 5472 1018 5524 6.
1096 5471 1141 5502 ³³
1169 5472 1327 5526 Joan.
1356 5489 1451 5538 ιιι,
1482 5473 1572 5526 9.7.

550 5622 659 5752 $57)
685 5625 846 5692 φησιν
879 5626 1039 5680 Vind.
1073 5634 1129 5679 et
1154 5626 1322 5681 Mans.

579 5692 664 5752 58)
705 5693 778 5744 ita
815 5692 955 5746 haud
1003 5695 1168 5748 dubie
1213 5696 1520 5752 legendum.
1570 5699 1626 5752 Vi

579 5692 664 5752 58)
705 5693 778 5744 ita
815 5692 955 5746 haud
1003 5695 1168 5748 dubie
1213 5696 1520 5767 legendum.
1570 5699 1726 5752 Vind.
1785 5700 2055 5754 habebat:

2150 1855 2308 1923 νῆναι
2349 1851 2424 1915 ὡς
2479 1851 2801 1922 ἄνθρωπον,
2855 1851 3126 1921 φαντασίᾳ
3178 1851 3449 1923 μᾶλλονῆ
3503 1851 3731 1922 ἀληθεία

2151 1944 2514 2015 χρησάμενον.
2548 1942 2863 2006 Βαλεντῖνος
2907 1943 2963 1996 δὲ
3008 1944 3100 1996 καὶ
3130 1942 3468 2013 Βαρδισάνης
3497 1945 3600 2013 τὴν
3636 1946 3729 2014 μὲν

2151 2037 2404 2107 γέννησιν
2433 2035 2694 2106 δέχονται’
2728 2035 2828 2105 τὴν
2875 2033 2931 2087 δὲ
2987 2034 3253 2104 ἀνάληψιν
3290 2035 3586 2104 ἀρνοῦνται
3636 2036 3732 2106 τῆς

2150 2129 2426 2200 ἡμετέρας
2469 2128 2704 2197 φύσεως,
2747 2122 2861 2181 οἷόν
2911 2145 3016 2180 τινι
3069 2127 3266 2196 σωλῆνι
3295 2127 3611 2199 χρήσασθαι
3666 2132 3727 2197 τῇ

2154 2218 2417 2289 Παρθένῳ
2452 2217 2702 2284 λέγοντες
2741 2215 2834 2268 τὸν
2873 2216 3000 2269 Υίὸν
3031 2215 3124 2268 τοῦ
3159 2216 3315 2270 Θεοῦ.
3349 2216 3652 2280 Σαϐέλλιος
3679 2217 3732 2269 δὲ

2153 2312 2181 2363 6
2209 2309 2398 2372 Λίϐυς,
2415 2309 2506 2362 καὶ
2523 2307 2806 2370 Φωτεινὸς,
2823 2308 2917 2360 καὶ⁵
2943 2306 3260 2378 Μάρκελλος
3284 2309 3313 2360 ό
3339 2307 3611 2376 Γαλάτης,
3645 2309 3732 2359 καὶ

2155 2399 2366 2462 Παῦλος
2400 2399 2428 2450 6
2459 2399 2831 2468 Σαμοσατεὺς,
2869 2396 3154 2467 ἄνθρωπον
3187 2395 3340 2465 ψιλὸν
3369 2398 3432 2448 ὲκ
3457 2397 3558 2463 τῆς
3590 2398 3734 2466 Παρ-

2157 2493 2314 2545 θένου
2349 2490 2672 2561 γεννηθῆναι
2707 2489 2948 2558 λέγουσι’
2993 2488 3053 2540 τὸ
3085 2488 3139 2540 δὲ
3171 2488 3268 2541 καὶ
3295 2487 3429 2541 Θεὸν
3466 2483 3608 2540 εἶναι
3649 2489 3733 2538 τὸν

2157 2583 2482 2655 προαιώνιον
2517 2579 2774 2651 Χριστὸν,
2816 2577 3110 2650 διαρρήδην
3141 2577 3467 2647 ἀρνοῦνται·
3517 2577 3738 2645 ’Ἄρειος

2155 2677 2210 2729 δὲ
2272 2678 2365 2730 καὶ
2420 2675 2684 2744 Εὑνόμιος
2733 2671 2893 2742 σῶμα
2947 2672 3106 2742 μόνον
3147 2669 3497 2740 ἀνειληφέναι
3538 2669 3608 2722 ὲκ
3641 2669 3739 2736 τῆς

2158 2768 2435 2838 Παρθένου
2470 2766 2560 2820 τὸν
2593 2764 2725 2818 Θεὸν
2756 2764 2928 2831 Λόγον
2981 2762 3142 2830 φασίν
3182 2761 3314 2832 (57)·
3361 2761 3743 2831 Ἀπολινάριος

2157 2861 2211 2914 δὲ
2240 2860 2318 2930 τῷ
2359 2859 2571 2930 σώματι
2597 2856 2924 2927 προστίθησι
2954 2855 3046 2907 καὶ
3076 2853 3252 2924 ψυχὴν
3281 2853 3500 2922 ἄλογον,
3537 2853 3621 2915 ὡς
3647 2852 3746 2918 τῆς

2159 2953 2624 3024 ὲνανθρωπήσεως
2661 2948 2754 3001 τοῦ
2795 2946 2929 3000 Θεοῦ
2976 2947 3148 3014 Λόγου
3181 2943 3321 3014 ὑπὲρ
3365 2944 3606 3011 ἀλόγων,
3653 2943 3748 3009 οὺχ

2161 3045 2298 3115 ὑπὲρ
2344 3042 2576 3110 λογικῶν
2633 3039 3032 3109 γεγενημένηςο
3085 3037 3120 3106 ἡ
3165 3036 3221 3088 δὲ
3259 3035 3368 3087 τῶν
3420 3032 3751 3086 ἀποστόλων

2163 3134 2480 3191 διδασκαλία
2507 3133 2713 3186 τέλειον
2745 3131 3029 3202 ἄνθρωπον
3057 3128 3162 3181 ὑπὸ
3185 3127 3391 3180 τελείου
3423 3125 3568 3178 Θεοῦ
3601 3127 3754 3178 ἀνει-

2162 3231 2366 3301 λῆφθαι
2395 3228 2654 3282 διδάσκειο
2684 3225 2744 3279 τὸ
2768 3225 2895 3295 γάρ,
2924 3243 2942 3275 ι
2985 3226 3082 3285 Ὃς
3109 3223 3167 3272 ὲν
3201 3221 3382 3290 μορφῇ
3406 3217 3547 3271 Θεοῦ
3580 3219 3756 3288 6:59--

2165 3341 2274 3395 χων
2298 3321 2510 3393 μορφὴν
2532 3318 2715 3372 δούλου
2741 3317 2919 3380 ἔλαϐε,
2945 3335 2963 3367 ι
2994 3312 3152 3368 τοῦτο
3171 3311 3349 3381 δηλοῖ·
3379 3311 3504 3363 ἀντὶ
3529 3309 3757 3377 φύσεως

2163 3410 2271 3480 γὰρ
2321 3407 2415 3461 καὶ
2447 3407 2631 3470 οὐσίας
2661 3406 2694 3476 ἠ
2733 3404 2914 3476 μορφὴ
2945 3402 3231 3472 πρόκειται
3262 3399 3376 3471 (58)
3403 3417 3416 3430 ·
3451 3398 3613 3467 δηλοῖ
3644 3401 3760 3467 γάρ

2164 3499 2246 3552 ὅτι
2289 3497 2450 3565 φύσιν
2485 3497 2621 3567 ἔχων
2654 3494 2812 3557 Θεοῦ,
2849 3494 3008 3562 φύσιν
3059 3492 3215 3544 ἔλαϐε
3255 3491 3456 3544 δούλου.
3489 3489 3591 3542 Διὸ
3638 3493 3768 3552 τοίς

2168 3589 2267 3659 μὲν
2316 3587 2552 3660 πρώτοις
2607 3588 2704 3656 τῆς
2755 3585 3008 3649 ἀσεϐείας
3041 3583 3291 3652 εὑρεταῖς
3326 3581 3613 3650 Μαρκίωνι
3656 3584 3770 3633 καὶ

2163 3680 2243 3751 τῷ
2275 3681 2510 3734 Μάνεντι
2553 3679 2647 3732 καὶ
2679 3678 2980 3748 Βαλεντίνῳ
3017 3675 3385 3744 διαλεγόμενοι
3416 3673 3771 3726 ἀποδεικνύ-

2164 3791 2250 3826 ναι
2296 3771 2670 3840 σπουδάζομεν
2711 3773 2774 3823 ἐκ
2812 3769 2921 3824 τῶν
2955 3768 3114 3821 θείων
3139 3766 3388 3838 Γραφῶν,
3424 3767 3508 3818 ὅτι
3539 3766 3612 3817 οὐ
3671 3769 3771 3836 μὸ-

2163 3884 2252 3919 νον
2285 3865 2438 3928 Θεὸς,
2471 3863 2608 3916 ἀλλά
2651 3863 2746 3915 καὶ
2781 3861 3064 3930 ἄνθρωπος
3109 3861 3138 3912 6
3175 3858 3455 3925 Δεσπότης
3485 3858 3774 3926 Χριστός.

2177 3957 2388 4027 Ἀρείου
2441 3954 2497 4007 δὲ
2544 3955 2639 4007 καὶ
2675 3952 2938 4023 Εὑνομίου
2975 3950 3071 4003 καὶ
3104 3947 3490 4018 Ἀπολιναρίου
3523 3948 3598 3999 τὸ
3634 3964 3708 3998 πε
3723 3950 3778 4014 pi.

2163 4049 2262 4118 τὴν
2289 4049 2600 4117 οἰκονομίαν
2623 4045 2810 4107 ἀτελὲς
2833 4043 2990 4112 δῆλον
3019 4040 3297 4102 ποιοῦντες
3327 4042 3442 4101 τοῖς
3460 4038 3772 4106 ἀγνοοῦσι,

2162 4139 2371 4193 τελείαν
2393 4133 2529 4190 εἶναι
2558 4137 2657 4206 τὴν
2689 4133 2986 4205 ληφθεῖσαν
3039 4131 3461 4200 ἀποφαινόμεθα
3487 4128 3570 4198 cpi
3583 4146 3677 4182 σιν
3705 4132 3774 4181 ἐκ

2161 4231 2269 4284 τῶν
2298 4231 2457 4282 θείων
2491 4229 2684 4296 λογίων
2715 4226 2808 4280 τοῦ
2850 4224 3188 4293 Πνεύματος·
3220 4222 3520 4276 Σαϐελλίου
3562 4223 3630 4275 δὲ
3672 4221 3780 4273 καὶ

2161 4322 2425 4376 Φωτεινοῦ
2462 4322 2556 4374 καὶ
2579 4317 2899 4392 Μαρκέλλου
2958 4319 3052 4371 καὶ
3103 4317 3317 4372 Παύλου
3350 4314 3456 4384 τὴν
3489 4314 3778 4367 ἁσέὸειαν

2087 4437 2132 4493 D
2164 4415 2481 4484 ἐλέγχομεν,
2511 4413 2744 4484 μάρτυρι
2773 4415 2837 4481 τῇ
2885 4409 3004 4481 θείᾳ
3041 4410 3232 4479 Γραφῇ
3278 4406 3784 4493 κεχρημένοι-καὶ

2161 4503 2490 4568 δεικνύντες,
2530 4501 2605 4563 ὡς
2632 4501 2734 4553 οὑκ
2777 4498 3064 4569 ἄνθρωπος
3098 4498 3276 4567 μόνον,
3313 4493 3452 4548 ἀλλὰ
3486 4493 3601 4545 καὶ
3636 4491 3785 4548 832.;

2164 4593 2484 4666 προαιὼνιος
2514 4592 2605 4645 καὶ
2633 4590 2713 4662 τῷ
2736 4591 2912 4661 Πατρὶ
2933 4587 3216 4658 ὀμοούσιος
3244 4589 3272 4638 6
3301 4583 3604 4652 Δεσπότης
3637 4584 3788 4652 Χρι-

2163 4688 2306 4749 στός.
2347 4687 2470 4737 Ὅτι
2500 4683 2608 4753 γὰρ
2627 4681 2805 4752 ψυχὴν
2836 4677 3066 4733 ἀνέλαϐε
3090 4676 3338 4746 λογικὴν,
3373 4673 3554 4735 αὐτὸς
3590 4676 3624 4725 6
3652 4674 3750 4724 Κὺ
3771 4701 3788 4709 -

2165 4795 2276 4848 ριος
2312 4773 2552 4828 διδάσκει
2582 4771 2774 4838 λέγων·
2807 4787 2824 4819 ι
2860 4767 2974 4820 Νῦν
2997 4769 3030 4835 ἡ
3065 4765 3210 4834 ψυχή
3248 4781 3348 4832 μου
3382 4762 3790 4831 τετάρακται.

2163 4871 2255 4923 καὶ
2283 4867 2336 4920 τί
2371 4869 2542 4929 almo;
2570 4865 2772 4932 Πάτερ,
2811 4860 2983 4914 σῶσόν
3017 4875 3082 4929 με
3114 4859 3177 4910 ἐκ
3210 4855 3310 4923 τῆς
3337 4853 3488 4923 ὥρας
3519 4851 3794 4920 ταύτης

2161 4961 2296 5016 ἁλλά
2321 4957 2406 5014 διὰ
2439 4957 2595 5010 τοῦτο
2650 4952 2814 5025 ἦλθον
2861 4953 2941 5012 είς
2987 4949 3085 5020 τὴν
3115 4948 3264 5018 ὤραν
3289 4945 3527 5010 ταύτην.
3579 4963 3602 4994 ι
3661 4943 3800 4994 Καὶ

2163 5053 2345 5105 πάλιν·
2384 5069 2401 5100 ι
2443 5047 2747 5120 Περίλυπός
2778 5048 2924 5098 ἐστιν
2943 5046 2976 5112 ἡ
3007 5043 3153 5112 ψυχή
3181 5056 3281 5109 μου
3305 5038 3411 5099 ἓως
3439 5036 3746 5089 θανάτου.
3777 5054 3798 5083 ι

2164 5144 2273 5196 Καὶ
2310 5139 2558 5212 ἑτέρωθι·
2610 5157 2627 5190 ι
2699 5136 2977 5201 Ἐξουσίαν
3039 5135 3148 5204 ἔχω
3191 5131 3361 5183 θεῖναι
3413 5128 3522 5195 τὴν
3589 5127 3806 5196 eun»

2168 5252 2290 5304 μου,
2328 5233 2422 5285 καὶ
2468 5229 2716 5296 ἐξουσίαν
2774 5228 2882 5296 ἔχω
2914 5225 3079 5278 πάλιν
3121 5221 3306 5275 λαῦεἶν
3336 5219 3548 5285 αύτήψ
3590 5217 3809 5274 οὐδεὶς

2166 5323 2308 5394 αἴρει
2366 5323 2534 5391 αὐτὴν
2584 5319 2676 5372 ἀπ’
2717 5317 2870 5388 ἐμοῦ.
2915 5337 2931 5367 ›
2987 5316 3094 5368 Καὶ
3127 5317 3155 5368 ὁ
3203 5311 3432 5381 ἄγγελος
3473 5312 3648 5380 πρὸς
3701 5310 3814 5362 τὸν

1654 5473 1698 5505 ³⁸
1730 5473 1919 5530 Matth.
1947 5494 2089 5540 xxvi,
2121 5477 2209 5532 ⁵58.

2168 5631 2286 5684 ἀντὶ
2333 5630 2546 5698 φύσεως
2589 5630 2760 5699 γὰρὴ
2802 5627 2981 5697 μορφὴ
3015 5644 3066 5680 κ.
3114 5626 3266 5678 οὐσία
3303 5639 3400 5692 πρ.
3457 5621 3674 5676 Mans.
3757 5638 3824 5676 α...

2171 5702 2328 5769 φύσιν
2358 5718 2408 5769 γ.
2448 5704 2502 5771 ἡ.
2537 5719 2594 5770 μ.
2630 5718 2660 5752 κ
2715 5699 2901 5752 οὐσίαν
2937 5715 3030 5768 πρ.
