3962 6204
302 354 425 421 1425

1625 358 1985 420 EPlSTOLA
2023 357 2164 417 CLI.

3409 341 3547 406 1426

313 469 517 543 Ἰωσήφ·
564 489 583 521 ι
630 469 919 542 Παράλαδε
973 470 1036 524 τὸ
1100 469 1309 525 παιδίον
1352 468 1448 523 καὶ
1492 468 1592 537 τὴν
1645 465 1859 537 μητέρα

1988 462 2148 516 nendi
2174 476 2332 526 eam;
2368 474 2532 515 nemo
2574 457 2715 513 tollit
2749 470 2869 513 eam
2896 470 2926 509 a
2951 469 3038 508 me
3069 453 3135 507 ³⁵.
3169 471 3187 503 ι
3219 453 3288 507 Ει
3323 454 3550 525 angelus

303 560 472 624 αὐτοῦ,
507 562 602 616 καὶ
633 560 867 630 πορεύου
913 563 991 625 είς
1021 563 1123 633 γῆν
1160 560 1401 632 Ἰσραήλ·
1432 558 1725 629 τεθνήκασι
1753 556 1861 624 γὰρ

305 656 489 717 πάντες
548 655 599 705 οί
625 652 913 724 ζητοῦντες
933 652 1031 725 τὴν
1058 652 1239 725 ψυχὴν
1275 652 1373 706 τοῦ
1417 650 1654 705 παιδίου.
1698 668 1717 701 ι
1751 648 1863 703 Καὶ

303 741 726 814 ὸεύαγγελιστής
750 758 764 771 ·
802 762 820 795 ι
853 742 1060 813 Ἰησοῦς
1086 742 1142 796 δὲ
1176 740 1516 815 προέκοπτεν
1538 737 1744 810 ἡλικίᾳ,
1770 737 1864 790 καὶ

306 833 474 905 expia,
506 833 600 886 καὶ
626 833 809 904 χάριτι
836 834 987 903 παρά
1013 833 1132 905 Θεῷ
1162 834 1258 887 καὶ
1299 832 1627 905 ἀνθρώποις.
1672 850 1691 884 ι
1726 832 1868 901 Προ-

305 924 481 977 κὸπτει
525 924 580 978 δὲ
620 925 809 997 ἡλικίᾳ
833 924 1121 995 καὶ·σοφίᾳ
1152 926 1215 979 οὐ
1246 925 1439 995 θεότης
1467 925 1501 995 ἡ
1535 922 1619 977 ἀεὶ
1651 921 1867 984 τελεία,

304 1015 408 1068 ἀλλ’
456 1016 490 1086 ἡ
510 1015 827 1086 ἀνθρωπεία
860 1016 1041 1087 φύσις,
1076 1019 1110 1088 ή
1135 1017 1312 1089 χρόνῳ
1343 1018 1439 1070 καὶ
1466 1015 1750 1087 γινομένη,
1776 1012 1870 1067 καὶ

303 1105 564 1178 αὐξομένη
592 1104 703 1179 (59)
741 1107 835 1161 καὶ
861 1108 1229 1180 τελειουμένη.

368 1275 440 1336 Οὖ
473 1282 630 1351 χάριν
676 1282 745 1336 τὰ
788 1284 887 1354 μὲν
918 1282 1234 1355 ἀνθρώπινα
1278 1284 1456 1338 πάντα
1481 1284 1573 1338 τοῦ
1600 1283 1871 1338 Δεσπότου

304 1372 551 1442 Χριστοῦ,
574 1373 762 1428 πεῖνάν
784 1390 925 1446 φημι
945 1375 1039 1428 καὶ
1055 1375 1215 1445 δίψαν
1232 1376 1324 1429 καὶ
1346 1376 1535 1442 κόπον,
1563 1376 1655 1429 καὶ
1683 1374 1870 1442 ὕπνον,

305 1462 389 1515 καὶ
407 1462 627 1526 δειλίαν,
651 1463 745 1517 καὶ⁵
767 1464 1014 1537 ἱδρῶτας,
1042 1466 1136 1520 καὶ
1152 1465 1478 1538 προσευχὴν,
1505 1468 1600 1519 καὶ
1628 1465 1872 1534 ἄγνοιαν,

304 1553 390 1607 καὶ
420 1555 522 1609 ὅσα
545 1554 769 1610 τοιαῦτα
797 1557 894 1627 τῆς
923 1558 1195 1628 ἡμετέρας
1211 1558 1470 1628 ἀπαρχῆς
1500 1553 1639 1612 εἷναί
1672 1572 1872 1628 φαμεν,

304 1647 364 1715 ἢν
383 1645 671 1700 ἀναλαόὼν
694 1648 724 1700 ὁ
747 1648 880 1711 Θεὸς
906 1648 1077 1717 Λόγος
1100 1649 1310 1719 ἥνωσεν
1331 1649 1530 1719 ἐαυτῷ,
1559 1650 1657 1719 τὴν
1678 1649 1878 1720 ἡμετέ-

1967 554 2034 611 ad
2061 553 2360 623 Josephum
2390 572 2402 605 :
2436 570 2455 603 ι
2483 550 2683 620 Accipe
2711 562 2944 620 puerum
2969 559 3027 603 et
3058 552 3291 602 matrem
3327 547 3466 617 ejus,
3496 557 3554 604 et

1967 647 2105 703 vade
2130 646 2186 701 in
2224 655 2427 702 terram
2461 645 2661 710 Israel;
2686 642 2930 699 defuncti
2955 648 3085 697 sunt
3110 640 3259 696 enim
3288 639 3381 710 qui
3408 656 3556 710 quae-

1969 740 2166 794 rebant
2187 739 2426 792 animam
2452 737 2611 808 pueri
2636 736 2701 790 “.
2734 754 2752 786 ι
2782 732 3131 806 Evangelista
3156 732 3364 804 pariter
3391 748 3404 784 :
3439 749 3458 781 ι
3489 732 3555 785 Et

1968 831 2128 887 Iesus
2158 828 2481 900 proﬁciebat
2511 827 2801 898 sapientia,
2833 835 2888 881 et
2918 833 3102 890 aetate,
3128 830 3185 879 et
3212 824 3387 895 gratia
3411 824 3553 894 apud

1970 923 2143 978 Deum
2182 932 2238 976 et
2279 921 2534 975 homines
2555 920 2619 974 ".
2654 939 2671 971 ι
2724 919 2947 974 Proﬁcit
2975 927 3162 975 autem
3194 924 3353 974 :etate
3384 924 3441 972 et
3472 932 3555 971 sa,

1970 1014 2178 1085 pientia
2216 1028 2565 1082 nequaquam
2594 1011 2876 1077 divinitas,
2915 1027 3036 1081 quae
3069 1025 3286 1081 semper
3313 1008 3575 1080 perfecta“

1971 1114 2078 1170 est,
2104 1105 2200 1160 sed
2227 1106 2467 1160 humana
2490 1113 2708 1172 natura,
2747 1118 2870 1173 qua:
2890 1110 2948 1158 et
2972 1102 3032 1158 ﬁt
3054 1112 3320 1175 tempore,
3350 1110 3406 1158 et
3428 1101 3560 1155 ado-

1972 1197 2151 1263 lescit,
2186 1206 2244 1252 et
2280 1196 2446 1251 ﬁnem
2481 1196 2669 1251 habet.

2044 1285 2410 1353 Quamobrem
2451 1287 2692 1342 humana
2736 1286 2924 1341 omnia
2958 1284 3163 1341 Christi
3199 1284 3439 1348 Domini,
3476 1283 3558 1337 fa-

1975 1394 2143 1443 mem,
2192 1378 2438 1448 inquam,
2481 1378 2663 1443 sitim,‘
2691 1377 2956 1443 calorem,
3002 1392 3278 1441 somnum,
3329 1384 3558 1438 metum,

1977 1469 2259 1535 sudorem,
2294 1469 2625 1533 orationem,
2662 1467 2958 1533 inscitiam,
2994 1476 3052 1521 et
3095 1467 3200 1521 alia
3243 1464 3561 1536 huiusmodi

1977 1576 2101 1631 quae
2133 1567 2321 1615 nostra
2358 1574 2480 1614 esse
2517 1558 2785 1624 dicimus,
2841 1554 3118 1625 accipiens
3153 1553 3403 1609 divinum
3431 1552 3565 1608 Ver-

1979 1652 2111 1706 bum
2160 1651 2267 1707 sibi
2308 1650 2559 1723 adjunxit
2607 1657 2811 1704 nostra:
2856 1646 3050 1702 salutis
3091 1644 3288 1716 gratia.
3325 1642 3563 1699 Cursum

306 1753 401 1808 ραν
439 1739 966 1810 πραγματευόμενος
1003 1741 1300 1812 σωτηρίαν.
1324 1741 1429 1794 Τὸν
1461 1741 1519 1794 δὲ
1545 1740 1655 1794 τῶν
1690 1739 1878 1811 χωλῶν

1988 1758 2113 1798 vero
2142 1742 2356 1797 claudis
2382 1741 2723 1805 restitutum,
2747 1746 2804 1794 et
2836 1744 3183 1793 mortuorum
3204 1734 3567 1791 resurrectio-

302 1827 516 1899 δρόμον,
545 1831 640 1884 καὶ
672 1830 779 1886 τῶν
808 1830 1019 1903 νεκρῶν
1047 1835 1147 1903 τὴν
1174 1834 1488 1898 ἀνάστασιν,
1520 1835 1615 1888 καὶ
1642 1834 1741 1899 τὰς
1764 1833 1872 1887 τῶν

306 1920 486 1989 ἄρτων
515 1922 720 1991 πηγάς,
755 1923 848 1976 καὶ
890 1923 988 1994 τὴν
1028 1925 1123 1978 τοῦ
1147 1925 1337 1990 ὓδατος
1363 1927 1442 1990 είς
1466 1921 1607 1979 οἶνον
1641 1925 1875 1996 μετασο-

301 2014 417 2085 λὴν,
451 2013 545 2067 καὶ
572 2016 753 2081 πάσας
786 2015 886 2080 τάς
923 2017 1087 2080 άλλας
1114 2017 1565 2089 θαυματουργίας
1593 2016 1695 2085 τῆς
1722 2017 1874 2081 θείας

304 2101 437 2158 εἶναι
452 2104 735 2176 δυνάμεως
762 2106 899 2180 ἔργα
920 2108 1270 2179 πιστεύομεν.
1310 2109 1398 2172 Ὠς
1417 2108 1507 2161 τὸν
1532 2108 1694 2161 αὐτόν
1732 2125 1875 2179 φημι

193 2280 198 2285 θ
301 2196 362 2268 δὴ
407 2198 501 2252 τὸν
542 2198 821 2271 Δεσπότην
872 2201 1128 2271 Χριστὸν,
1179 2200 1272 2262 καὶ¹
1303 2203 1552 2271 πάσχειν,
1603 2201 1697 2256 καὶ
1728 2200 1875 2272 πάθη

302 2288 466 2342 λύειν·
498 2289 725 2361 πάσχειν
776 2291 876 2361 μὲν
925 2291 1067 2346 κατὰ
1098 2292 1160 2345 τὸ
1203 2291 1500 2365 ὁρώμενον,
1527 2292 1675 2348 λύειν
1709 2291 1769 2347 δὲ
1801 2294 1871 2347 τὰ

303 2381 448 2452 πάθη
472 2382 613 2436 κατά
642 2383 741 2454 τὴν
769 2384 1028 2456 ἀρρήτως
1056 2384 1311 2438 οἰκοῦσαν
1350 2385 1599 2456 θεότητα.
1629 2385 1792 2457 Δηλοῖ
1821 2385 1879 2438 δὲ

300 2470 454 2525 τοῦτο
470 2472 657 2541 σαφῶς
673 2473 768 2528 καὶ
791 2475 899 2527 τῶν
919 2473 1080 2545 ίερῶν
1099 2474 1448 2543 Εὐαγγελίων
1468 2477 1501 2545 η
1528 2475 1879 2546 ίστορία.Καὶ

306 2562 653 2634 μανθάνομεν
676 2564 907 2628 ἐκεῖθεν,
927 2564 1002 2628 ὡς
1024 2565 1083 2617 ὲν
1109 2565 1286 2636 φάτνῃ
1313 2565 1564 2635 κείμενος
1583 2565 1678 2618 καὶ
1702 2565 1879 2635 σπάρ-

303 2667 443 2719 γανα
474 2651 959 2723 περιϐεϐλημένος,
989 2652 1095 2706 ὐπὺ
1129 2650 1359 2722 ἀστέρος
1391 2648 1740 2721 ὲκηρύττετο,
1774 2649 1873 2702 καὶ·

306 2744 410 2797 ὐπὸ
438 2743 628 2814 μάγων
656 2745 1065 2814 προσεκυνεῖτο,
1090 2743 1183 2796 καὶ
1216 2742 1322 2794 ὑπὸ
1351 2741 1604 2810 ἀγγέλων
1636 2742 1878 2811 ὑμνεῖτο,

305 2836 399 2888 καὶ
420 2834 769 2905 διακρίνομεν
785 2833 1047 2898 εὐσεϐῶς,
1068 2834 1149 2887 ὃτι
1170 2833 1240 2887 τά
1261 2834 1426 2905 ράκη,
1444 2832 1538 2886 καὶ
1561 2833 1878 2904 σπάργανα,

1980 1850 2129 1900 nem,
2158 1841 2214 1888 et
2249 1834 2410 1904 panis
2442 1833 2681 1903 copiam,
2705 1839 2761 1886 et
2784 1844 2944 1902 agnae
2970 1830 3027 1884 in
3051 1827 3243 1883 vinum
3285 1834 3564 1881 transmu-

1982 1925 2246 1979 tationem
2293 1932 2491 1979 caetera
2534 1922 2773 1992 denique
2819 1920 3108 1986 miracula,
3145 1933 3313 1991 opera
3356 1916 3567 1988 1300

1981 2033 2101 2073 esse
2137 2016 2337 2070 divinae
2365 2015 2627 2086 potentia:
2654 2013 2952 2069 credimus.
2990 2011 3173 2079 Quare
3209 2017 3266 2065 et
3298 2008 3411 2081 pati
3440 2009 3567 2064 dico

1984 2109 2166 2178 ipsum
2204 2106 2487 2161 Christum
2531 2104 2860 2183 pominum,
2904 2109 2961 2157 et
2998 2099 3283 2172 passiones
3328 2098 3566 2154 solvere.

1983 2200 2103 2256 Pati
2159 2198 2385 2270 quidem
2441 2197 2746 2254 secundum
2804 2193 3094 2250 oculorum
3157 2191 3565 2262 receptionem,

1985 2296 2040 2351 id
2102 2303 2188 2351 est
2236 2296 2461 2351 realiter
2512 2294 2815 2351 secundum
2870 2289 3323 2357 humanitatem;
3354 2288 3570 2344 solvere

1984 2404 2119 2444 vero
2145 2388 2429 2458 passiones
2466 2387 2774 2443 secundum
2803 2380 3593 2453 divinitatem,,inexplicabili.

1985 2479 2151 2533 modo
2193 2478 2248 2532 in
2295 2478 2415 2548 ipso
2449 2478 2809 2532 habitantem.
2843 2474 3001 2542 Quod
3040 2489 3171 2529 sane
3200 2473 3365 2528 etiam
3389 2487 3591 2527 sacro-7

1986 2583 2109 2623 rum
2151 2568 2578 2639 Evangeliorum
2626 2565 2856 2621 historia
2910 2565 3222 2620 luculenter
3270 2561 3515 2618 ostendit
3555 2579 3591 2613 :~

1986 2659 2227 2728 indeque
2261 2658 2528 2713 discimus
2551 2656 2720 2727 quod,
2757 2656 2885 2709 dum
2919 2655 2976 2709 in
3014 2652 3244 2723 praesepi
3275 2653 3485 2724 jaceret
3516 2659 3597 2706 et.

1985 2751 2171 2807 fasciis
2207 2750 2542 2822 cingeretur,
2574 2749 2732 2806 stella
2763 2763 2890 2803 eum
2928 2746 3240 2812 nuntiabat,
3271 2744 3411 2815 magi
3440 2760 3603 2800 vero.

1988 2843 2325 2909 adorabant,
2374 2852 2433 2898 et
2485 2840 2665 2913 angeli
2707 2839 3037 2903 laudabant;
3098 2846 3264 2908 atque
3317 2837 3595 2908 religiose

306 2926 402 2980 καὶ
430 2925 532 2996 τῆς
564 2926 751 2997 κλίνης
784 2927 817 2996 ἡ
848 2925 1071 2996 ἀπορία,
1102 2925 1197 2979 καὶ
1230 2927 1263 2995 ἡ
1296 2924 1465 2996 πολλὴ
1482 2924 1749 2991 εὐτέλεια,
1784 2926 1882 2996 τῆς

1988 2932 2405 2995 consideramus
2456 2930 2606 3002 quod
2649 2928 2929 2999 panniculi
2978 2937 3034 2984 et
3087 2927 3300 2993 fasces,
3334 2928 3587 2998 lectique'

258 3102 261 3105 ν
305 3017 721 3088 ἀνθρωπότητος
750 3017 876 3070 ῐδια.
912 3017 969 3070 '0
994 3017 1050 3069 δὲ
1078 3017 1187 3070 τῶν
1216 3016 1423 3085 Μάγων
1456 3015 1656 3087 δρόμος
1673 3016 1769 3069 καὶ
1787 3013 1881 3069 τοῦ

1989 3025 2175 3096 inopia
2203 3034 2369 3094 atque
2401 3022 2705 3094 indigentia
2744 3036 2977 3085 summa,
3003 3020 3335 3075 humanitati
3367 3035 3572 3076 conve-

304 3110 533 3180 ἀστέρος
553 3111 587 3179 ἡ
607 3109 839 3181 ποδηγία
860 3109 998 3179 καὶή
1019 3107 1127 3162 τῶν
1139 3107 1384 3177 ἀγγέλων
1402 3107 1591 3179 χορεία
1622 3108 1882 3179 κηρύττει

1988 3115 2176 3183 niant;
2218 3114 2500 3186 Magorum
2532 3128 2666 3169 vero
2703 3112 2810 3168 iter
2838 3112 3112 3182 stellaque
3146 3110 3281 3165 illud
3307 3110 3572 3183 dirigens.

304 3203 405 3272 τὴν
444 3201 538 3255 τοῦ
566 3202 940 3273 κρυπτομένου
964 3199 1215 3270 θεότητα.
1261 3200 1449 3262 Οὕτως
1494 3199 1882 3269 ἀποδιδράσκει

1988 3214 2041 3259 et
2069 3204 2393 3275 angelorum
2439 3204 2665 3269 chorus,
2708 3202 3056 3258 divinitatem
3103 3200 3274 3268 illius,
3318 3202 3414 3272 qui
3452 3218 3576 3258 eam

309 3292 409 3364 μὲν
443 3293 523 3357 είς
554 3292 849 3360 Αἴγυπτον,
880 3292 975 3344 καὶ
1003 3293 1070 3361 τῇ
1100 3292 1248 3360 φυγῇ
1278 3290 1377 3359 τῆς
1409 3288 1653 3358 Ἡρώδου
1682 3287 1882 3357 μανίας

1988 3296 2315 3359 occultabat,
2343 3295 2662 3349 ostendunt.
2709 3293 2803 3349 Sic
2842 3294 2899 3348 in
2936 3293 3230 3366 Egyptum
3266 3309 3325 3349 se
3355 3295 3598 3362 recipit,.

305 3384 737 3439 ἀπαλλάττεται·
770 3385 865 3437 καὶ
916 3384 1024 3453 γὰρ
1067 3381 1355 3453 ἄνθρωπος
1398 3375 1489 3451 ἦν.
1519 3379 1768 3433 Συσσείει
1801 3379 1882 3443 δὲ,

1987 3395 2043 3442 ει
2084 3386 2209 3457 fuga
2236 3387 2377 3441 vitat
2405 3385 2641 3440 llerodis
2676 3385 2813 3439 iram
2837 3424 2852 3449 ,
2893 3392 3186 3454 propterea
3220 3386 3368 3455 quod
3413 3385 3578 3440 homo

307 3474 449 3529 κατά
472 3477 564 3529 τὸν
592 3476 909 3547 Προφήτην,
945 3473 1014 3528 τά
1051 3472 1406 3543 χειροποίητα
1427 3471 1725 3540 Αἰγύπτου·
1753 3470 1882 3534 Θεὸς

1988 3486 2126 3532 erat.
2154 3478 2223 3532 Et
2248 3476 2562 3531 manufacta
2585 3475 2803 3547 Egypti
2828 3474 3078 3530 concutit
3103 3474 3248 3529 idola
3273 3476 3578 3530 secundum

306 3567 418 3638 γάρ
458 3567 693 3637 ὑπῆρχε.
724 3566 1119 3636 Περιτέμνεται
1162 3564 1252 3617 καὶ
1289 3563 1548 3633 φυλάττει
1595 3563 1689 3616 τὸν
1722 3562 1887 3633 νόμον

306 3657 404 3709 καὶ
437 3654 769 3725 καθαρσίους
803 3654 1101 3726 προσφέρει
1126 3652 1340 3716 θυσίας·
1370 3653 1435 3705 ὲκ
1463 3652 1573 3724 γάρ
1608 3652 1708 3723 τῆς
1754 3652 1887 3705 ’Ῑεσ-

310 3747 405 3798 σαὶ
444 3745 781 3816 βεϐλάστηκε
810 3746 922 3819 (60)
957 3747 1131 3818 ῥίζης.
1170 3747 1280 3800 Καὶ
1324 3746 1429 3800 ὑπὸ
1470 3745 1636 3817 νόμον
1683 3745 1757 3809 ὡς
1796 3745 1890 3799 ἄν·

307 3836 528 3905 θρωπος
567 3833 655 3909 ἦν·
702 3838 795 3891 καὶ
822 3837 978 3891 ἔλυσε
1022 3838 1114 3891 τὸν
1161 3840 1325 3909 νόμον
1367 3837 1507 3909 μετὰ
1553 3836 1764 3902 ταῦτα,
1795 3840 1891 3891 κοιλ¹

308 3931 512 3985 δέδωκε
546 3933 647 4002 τὴν
673 3931 868 4006 καινὴν
893 3930 1183 4003 διαθήκην·
1216 3930 1513 4002 νομοθέτης
1533 3931 1643 4001 γάρ
1673 3926 1763 4002 ἦν,
1798 3931 1892 3984 καὶ

309 4021 519 4094 ταύτην
535 4025 696 4091 αὐτὸς
713 4023 908 4080 δώσειν
932 4023 1020 4079 διὰ
1045 4024 1155 4077 τῶν
1181 4022 1478 4095 προφητῶν
1504 4023 1893 4095 ἐπηγγείλατο.

324 4113 658 4186 Ἐὃαπτίσθη
685 4114 791 4168 ὑπὸ
836 4114 1108 4169 Ἰωάννου·
1142 4113 1301 4167 τοῦτο
1332 4113 1572 4166 δείκνυσι
1596 4111 1658 4165 τδ
1690 4111 1892 4184 ἡμέτε-

311 4223 425 4274 ρον.
452 4208 832 4280 Μαρτυρεῖται
870 4207 1079 4263 ἀνωθεν
1108 4207 1216 4262 ὑπὸ
1257 4204 1354 4261 τοῦ
1386 4207 1620 4279 Πατρδς,
1654 4206 1749 4262 καὶ
1789 4208 1895 4261 ὑπὸ

308 4298 410 4351 τοῦ
433 4299 749 4371 Πνεύματος
764 4300 1060 4354 δείκνυται·
1084 4298 1244 4353 τοῦτο
1260 4298 1522 4372 κηρύττει
1546 4299 1638 4354 τὸν
1654 4299 1896 4373 προαιὼ-

311 4406 449 4445 νιον.
511 4391 861 4463 Ἐπείνησεν,
913 4390 1048 4445 ἀλλά
1118 4393 1215 4444 καὶ
1269 4390 1469 4456 πολλὰς
1526 4391 1773 4463 χιλιάδας
1832 4394 1897 4446 ἐκ

1988 3567 2334 3637 prophetam,
2357 3565 2487 3636 quia
2504 3566 2651 3621 Deus
2669 3572 2808 3619 erat.
2833 3563 3287 3630 Circumciditur,
3322 3573 3381 3619 et
3400 3565 3577 3635 legent

1989 3668 2202 3724 servat,
2242 3667 2300 3715 et
2344 3657 2747 3729 puriﬁcationis
2791 3654 3063 3712 sacriﬁcia
3102 3654 3300 3722 oﬁert,
3344 3656 3471 3725 quia
3513 3672 3581 3711 ex

1987 3752 2142 3807 Iesse
2201 3750 2375 3822 stirpe
2424 3749 2693 3820 originem
2747 3747 2944 3815 traxit;
3003 3755 3060 3803 et
3100 3747 3208 3818 legi
3253 3747 3478 3817 parebat
3523 3756 3582 3801 ut

1990 3845 2178 3910 homo,
2213 3852 2269 3899 et
2299 3843 2475 3914 legem
2522 3840 2745 3898 tandem
2787 3840 2972 3907 solvit,
3010 3847 3068 3895 et
3105 3854 3310 3894 novum
3352 3837 3582 3893 tradidit
3646 3859 3691 3915 ,-

1992 3944 2419 4003 testamentum;
2463 3935 2602 4005 legis
2638 3934 2788 3990 enim
2826 3933 2971 3989 lator
3015 3938 3155 3997 erat,
3193 3931 3483 4002 ipsumque
3521 3947 3580 3986 se

1993 4031 2253 4086 daturum
2296 4045 2397 4100 per
2438 4028 2738 4099 prophetas
2778 4026 3059 4098 pollicitus
3097 4034 3237 4081 erat.
3280 4025 3325 4080 A
3372 4023 3582 4080 Joanne

1994 4120 2305 4191 baptizatus
2328 4128 2434 4183 est,
2465 4126 2523 4174 et
2554 4118 2661 4173 hoc
2689 4117 3091 4173 humanitatem
3125 4115 3387 4172 ostendit.
3417 4114 3583 4170 Pater

1995 4213 2065 4268 de
2088 4228 2155 4269 eo
2184 4210 2347 4267 ﬁdem
2372 4210 2526 4276 facit,
2544 4217 2601 4266 et
2623 4209 3039 4265 demonstratur
3062 4224 3094 4263 a
3117 4207 3331 4279 Spiritu
3357 4214 3578 4270 saneto;

1996 4304 2103 4360 hoc
2125 4302 2387 4375 pmdicat
2421 4310 2549 4357 ante
2580 4300 2780 4356 sarcula
2809 4300 2991 4370 ipsum
3021 4298 3214 4354 fuisse.
3236 4297 3402 4352 Fame
3429 4295 3583 4350 labo~

1998 4396 2161 4460 ravit,
2186 4395 2281 4451 sed
2317 4403 2374 4451 et
2404 4395 2575 4450 multa
2598 4393 2772 4449 millia
2796 4392 3041 4464 quinque
3067 4388 3303 4460 replevit
3324 4386 3578 4458 panibus.

312 4481 481 4537 πέντε
529 4483 711 4555 ἄρτων
743 4482 988 4554 ὲκὸρεσε·
1026 4481 1189 4537 τοῦτο
1215 4481 1584 4547 θεῖον,ἐκεῖνο
1614 4482 1882 4554 ἀνθρώπι-

1997 4487 2112 4544 Hoc
2140 4488 2423 4554 divinum;
2453 4486 2590 4542 illud
2618 4486 2921 4541 humanum
2943 4491 3049 4541 est.
3074 4480 3177 4538 Siti
3211 4477 3503 4541 laboravit,
3526 4486 3584 4531 et

204 4596 223 4609 ~
310 4588 424 4625 νον.
476 4572 726 4644 Ἐδίψησε
756 4572 849 4625 καὶ
870 4572 1070 4644 ᾔτησεν
1088 4571 1254 4643 ὕδωρ,
1292 4572 1429 4626 ἀλλὰ
1459 4574 1609 4645 πηγὴ
1631 4569 1700 4645 ἦν
1731 4572 1898 4642 ζωῆς·

312 4656 413 4709 καὶ
439 4657 500 4710 τὺ
533 4660 630 4729 μὲν
669 4655 736 4731 ἦν
764 4659 865 4730 τῆς
901 4657 1251 4730 ἀνθρωπίνης
1289 4660 1597 4727 ἀσθενείας,
1624 4662 1686 4716 τὸ
1714 4661 1771 4715 δὲ
1799 4663 1900 4734 τῆς

309 4746 470 4811 θείας
510 4749 811 4820 δυνάμεως.
862 4750 1259 4823 Ἐκαθεύδησεν
1296 4753 1355 4805 ὲν
1393 4752 1471 4823 τῷ
1514 4753 1715 4824 πλοίῳ,
1762 4753 1901 4809 ἀλλά

314 4840 415 4893 καὶ
441 4840 540 4910 τῆς
565 4840 833 4911 θαλάττης
856 4843 957 4914 τὴν
972 4842 1139 4914 ζάλην
1155 4843 1417 4916 ἐκοίμησε
1435 4860 1450 4875 ·
1475 4844 1634 4898 τοῦτο
1657 4845 1771 4915 (fil)
1798 4844 1900 4915 τῆς

313 4932 569 5005 παθητῆς
613 4933 848 5003 φύσεως,
894 4936 1070 4988 ἐκεῖνο
1105 4934 1208 5004 τῆς
1246 4935 1537 5007 ποιητικῆς
1571 4935 1666 4989 καὶ
1727 4935 1893 5006 δημιο

312 5026 582 5096 ουργικῆς
625 5026 721 5079 καὶ
756 5026 857 5096 τῆς
894 5030 1005 5091 τοῖς
1039 5029 1172 5082 πᾶσι
1205 5028 1268 5081 τὸ
1299 5023 1438 5082 εἶναι
1476 5027 1892 5100 δωρησαμένης.

324 5111 622 5169 Ἕκοπίασε
653 5115 899 5185 βαδίσας,
947 5117 1085 5173 ἀλλά
1114 5121 1207 5173 καὶ
1227 5118 1432 5191 χωλοὺς
1454 5118 1752 5190 ἀρτίποδας
1782 5120 1897 5190 sip-

312 5204 550 5270 γάσατο,
592 5206 688 5259 καὶ
708 5208 934 5276 νεκροὺς
952 5209 1017 5261 ὲκ
1048 5209 1156 5263 τῶν
1177 5210 1364 5279 τάφων
1389 5209 1653 5281 ἀνέστησε
1670 5225 1683 5238 ·
1712 5210 1807 5264 καὶ
1838 5210 1899 5263 τὸ

317 5298 426 5367 μὲν
455 5293 521 5368 ἦν
543 5298 640 5369 τῆς
671 5299 1047 5371 ύπερκοσμίου
1071 5299 1377 5374 δυνάμεως,
1405 5301 1469 5356 τὸ
1491 5301 1549 5356 δὲ
1572 5304 1673 5374 τῆς
1697 5300 1896 5372 ἡμετέ-

321 5404 429 5459 ρας
492 5387 797 5454 ἀσθενείας.
888 5389 1179 5445 Ἐδειλίασε
1234 5393 1484 5459 θάνατον,
1551 5394 1645 5447 καὶ
1739 5390 1897 5445 ἔλυσε

395 5540 442 5573 ³⁸
468 5542 626 5598 Joan.
651 5560 706 5607 ι,
738 5542 823 5599 l8.
900 5544 945 5576 ³⁸
966 5544 1157 5603 Matth.
1184 5562 1245 5612 ιι,
1268 5546 1359 5602 20.
1434 5550 1476 5580 ⁸⁷
1504 5548 1638 5604 Luc.
1672 5565 1732 5614 ιι,
1763 5548 1851 5602 5‘2.

394 5695 509 5838 £59)
541 5713 858 5768 γιγνομανη,
896 5700 988 5754 καὶ
1014 5700 1377 5775 αὐξανομένη,
1403 5701 1574 5759 Mans.

414 5767 505 5836 60)
532 5768 920 5838 ὲόεΰλαοτηκει
953 5770 1119 5826 Mans.

414 5767 505 5836 60)
532 5768 920 5843 ὲόεΰλαοτηκει
953 5770 1119 5826 Mans.

1998 4599 2196 4656 aquam
2230 4583 2410 4654 petiit,
2436 4582 2531 4637 sed
2564 4589 2684 4637 erat
2721 4579 2846 4635 fons
2870 4578 3024 4645 vitae;
3057 4577 3296 4648 primum
3330 4574 3585 4628 humanae

1998 4672 2412 4738 imbecillitatis,
2429 4670 2735 4727 secundum
2768 4683 2903 4726 vero
2929 4668 3137 4739 1301
3164 4665 3365 4721 divinae
3389 4670 3583 4734 poten-

1996 4765 2089 4820 tiae
2142 4770 2248 4818 est.
2289 4761 2558 4817 Dormivit
2600 4762 2656 4817 in
2703 4761 2866 4827 navi,
2915 4758 3014 4814 sed
3059 4765 3118 4813 et
3161 4752 3329 4810 maris
3370 4749 3586 4809 sedavit
3662 4746 3679 4761 ’

1997 4850 2317 4921 procellam.
2352 4848 2600 4904 Alterum
2631 4849 2897 4920 patientis
2925 4856 3139 4904 naturae
3165 4852 3250 4901 est
3274 4842 3582 4915 proprium,

1999 4940 2234 4995 alterum
2274 4939 2526 4994 convenit
2558 4948 2770 4994 natura:
2800 4936 3083 5002 eﬁicienti,
3124 4942 3181 4990 et
3222 4931 3499 4997 creatrici,
3529 4938 3587 4985 et

1998 5046 2122 5102 qua:
2145 5037 2343 5086 cuncta
2375 5036 2438 5085 ut
2473 5030 2802 5085 exsisterent
2832 5029 2983 5085 fecit.
3007 5024 3358 5083 Ambulando
3385 5020 3584 5079 defati-

1993 5129 2152 5193 gatus
2185 5130 2289 5184 est,
2327 5121 2422 5177 sed
2457 5120 2683 5177 claudos
2705 5120 2869 5175 etiam
2900 5119 3135 5184 sanavit,
3161 5123 3219 5173 et
3241 5123 3492 5171 mortuos
3517 5130 3586 5169 ex

1994 5213 2262 5282 sepulcris
2284 5212 2560 5268 excitavit.
2598 5211 2714 5266 Hoc
2737 5209 3000 5282 potentia!
3030 5217 3151 5265 erat
3188 5206 3410 5271 divinae,
3448 5203 3584 5258 illud

1995 5316 2197 5360 nostra:
2230 5303 2550 5359 debilitatis.
2590 5303 2812 5357 Timore
2846 5302 3041 5357 mortis
3068 5300 3360 5372 perculsus
3389 5303 3493 5361 est,
3526 5301 3584 5351 et

1997 5404 2229 5450 mortem
2260 5394 2453 5461 solvit;
2485 5394 2721 5449 alterum
2763 5390 3013 5446 mortalis
3051 5397 3137 5446 est
3177 5388 3414 5459 signum,
3444 5385 3581 5441 alte-

2074 5700 2186 5770 (61)
2235 5698 2598 5770 Scribendum
2655 5654 3018 5770 eratztateivo
3078 5698 3176 5770 μὲν
3220 5715 3271 5752 τ.
3338 5714 3398 5753 π.
3453 5712 3579 5764 φυσ.

2004 5768 2242 5826 τοῦτοδὲ
2275 5769 2372 5843 τῆς
2397 5785 2578 5842 ποιητ.
2616 5785 2669 5823 κ.
2702 5768 2752 5825 δ.
