3962 6204
362 311 496 375 1427
537 367 545 376 .

1351 308 1838 367 ΤΙΙΕΟΠΟΒΕΤΙ
1879 309 2214 368 EPISCOPI
2255 312 2618 374 CYRENSIS

3503 317 3630 380 14%
3661 353 3663 356 -

358 444 481 481 rum
513 439 642 478 vero
671 423 1024 488 immortalis;
1063 421 1173 474 imo
1209 421 1334 474 vita:
1367 421 1644 490 largitoris
1675 419 1941 474 iudicium

2071 425 2276 478 ιάνατον
2303 443 2314 454 ·
2353 429 2447 481 καὶ
2475 427 2534 480 τὸ
2560 429 2658 498 μὲν
2682 427 2774 481 τοῦ
2804 427 2998 498 θνητοῦ
3028 429 3348 499 δηλωτικὸν,
3377 430 3440 482 τὸ
3459 431 3516 483 δὲ
3543 431 3636 482 τοῦ

359 529 462 575 est.
521 517 827 572 Cruciﬁxus
859 523 967 577 cst,
1001 513 1302 567 secundum
1330 513 1551 566 beatum
1580 512 1828 575 Paulum,
1850 527 1946 580 per

360 610 828 672 imbecillitatem;
863 606 958 661 sed
995 605 1150 671 vivit,
1183 605 1484 660 secundum
1515 604 1769 658 eumdem
1804 605 1946 658 Pau-

360 708 496 768 lum,
542 719 640 772 per
688 699 932 755 divinam
990 698 1314 768 potentiam.
1370 697 1782 767 Explanandum
1844 697 1950 752 erit

359 794 736 850 inbecillitatis
781 807 985 846 nomen
1034 809 1047 844 :
1091 790 1295 844 etenim
1332 806 1441 845 non
1483 797 1542 843 ut
1579 789 1946 859 omnipotens,

362 905 473 940 non
514 883 992 953 circumscriptus,
1038 882 1418 947 immutabilis,
1477 891 1640 952 atque
1671 880 1950 935 vicissitu-

362 979 586 1033 dinibus
631 976 859 1031 minime
909 975 1200 1040 obnoxius,
1241 975 1432 1029 allix‘us
1483 982 1566 1030 est
1622 975 1805 1040 cruci,
1855 973 1952 1028 sed

364 1078 596 1133 natura,
646 1068 735 1124 cui
777 1069 922 1122 Deus
963 1067 1130 1122 vitam
1184 1068 1307 1130 dat,
1361 1067 1664 1121 secundum
1705 1067 1952 1137 Apostoli

365 1162 696 1225 doctrinam,
726 1168 943 1215 mortua
981 1171 1065 1214 est
1099 1169 1155 1214 et
1193 1160 1440 1228 sepulta;
1473 1175 1708 1229 quorum
1743 1167 1954 1212 utrum-

364 1270 472 1322 que
512 1254 578 1307 ad
635 1253 888 1306 servilem
945 1251 1184 1321 pertinet
1229 1252 1480 1304 formam.
1531 1251 1732 1306 Januas
1775 1264 1954 1304 teneas

367 1346 549 1415 fregit,
592 1353 650 1399 et
695 1352 879 1398 vectes
925 1343 1137 1399 ferreos
1179 1343 1416 1416 disjecit,
1463 1343 1658 1397 mortis
1703 1341 1956 1396 dissolvit

366 1435 702 1503 potentiam,
760 1443 816 1488 et
864 1441 990 1503 post
1038 1432 1284 1487 triduum
1334 1432 1646 1502 proximum
1699 1431 1957 1485 excitavit

372 1527 659 1597 templum.
688 1526 815 1580 Πῖεο
837 1526 1041 1580 indicia
1065 1532 1190 1580 sunt
1217 1525 1404 1580 forma:
1429 1524 1628 1580 divina
1652 1526 1805 1594 juxta
1834 1539 1958 1577 ver-

370 1620 499 1672 bum
529 1617 744 1672 Domini
783 1635 794 1670 :
835 1635 853 1668 ι
891 1617 1099 1671 Solvite
1132 1618 1398 1687 templum
1440 1617 1565 1680 hoc,
1598 1625 1652 1671 et
1681 1616 1736 1670 in
1777 1615 1957 1669 tribus

372 1710 568 1764 diebus
598 1709 850 1764 excitabo
885 1709 1017 1764 illud
1038 1709 1101 1763 ³⁸.
1130 1729 1148 1762 ι
1175 1709 1265 1764 Sic
1293 1710 1348 1763 in
1381 1726 1490 1763 uno
1513 1709 1630 1778 ipso
1649 1707 1867 1763 Christo
1886 1707 1955 1762 ab

373 1805 483 1858 illis
508 1819 630 1873 qua:
665 1819 858 1874 passus
891 1812 974 1858 est
1009 1803 1446 1872 contemplamur
1478 1801 1892 1865 humanitatem,
1927 1816 1956 1854 a

374 1897 658 1952 miraculis
681 1913 814 1951 vero
838 1897 957 1967 ejus
979 1895 1323 1949 divinitatem
1348 1895 1705 1964 intelligimus
1736 1911 1749 1945 :
1778 1908 1958 1962 neque

373 1991 428 2042 in
457 1987 597 2041 duos
621 1986 870 2042 Christos
891 1987 1030 2040 duas
1051 1996 1275 2040 naturas
1302 1984 1620 2047 dividimus,
1645 1991 1700 2037 et
1732 1984 1957 2048 scimus,

375 2079 522 2150 quod
573 2095 642 2133 ex
675 2080 835 2132 Patre
880 2085 1070 2132 natum
1104 2085 1188 2132 est
1225 2077 1460 2132 Verbum
1503 2075 1770 2139 divinum,
1799 2081 1855 2128 et
1893 2090 1960 2129 ex

375 2171 585 2226 semine
625 2169 848 2223 Davidis
889 2179 945 2222 et
989 2167 1285 2223 Abrahami
1334 2167 1729 2238 primogenilus
1773 2176 1961 2221 noster

381 2263 590 2333 1302
621 2270 806 2316 ortum
851 2260 1068 2316 habuit.
1109 2259 1376 2326 Quocirca
1421 2268 1477 2313 et
1523 2259 1720 2313 beatus
1763 2259 1964 2312 Paulus

378 2355 446 2408 de
474 2355 788 2408 Ahrahamo
817 2354 986 2408 verba
1015 2353 1223 2408 faciens
1252 2353 1328 2407 ait
1354 2372 1366 2406 :
1401 2372 1417 2404 ‹
1449 2353 1777 2422 Neutiquam
1804 2351 1959 2417 dixit,

376 2457 434 2500 et
459 2445 764 2500 seminibus
794 2445 922 2509 tuis,
964 2454 1222 2514 tanquam
1261 2444 1329 2498 de
1366 2444 1575 2508 multis,
1619 2443 1715 2496 sed
1753 2442 1821 2503 de
1853 2457 1964 2495 uno

379 2546 628 2603 tantum;
663 2546 718 2592 et
750 2537 947 2591 semini
979 2545 1071 2590 tuo
1101 2553 1112 2589 ;
1149 2536 1298 2605 quod
1331 2536 1585 2591 Christus
1614 2543 1698 2588 est
1726 2534 1788 2587 ’9.
1827 2552 1845 2584 ι
1882 2533 1965 2587 Ad

380 2627 730 2679 Timotheum
783 2626 988 2680 etenim
1050 2627 1299 2681 scribens
1331 2643 1345 2679 ι
1385 2645 1403 2676 ι
1440 2627 1648 2680 Memor
1685 2634 1826 2689 esto,
1865 2625 1962 2688 ait,

378 2711 566 2766 Jesum
607 2711 887 2765 Christum
929 2713 1298 2767 resurrexisse
1335 2729 1365 2767 a
1396 2713 1631 2766 mortuis
1654 2729 1721 2766 ex
1756 2713 1965 2767 semine

381 2801 625 2867 Davidis,
667 2803 971 2857 secundum
1012 2805 1370 2875 Evangelium
1415 2820 1599 2858 meum
1630 2804 1696 2858 ⁸ο.
1729 2824 1746 2856 ι
1799 2805 1868 2859 Ει
1897 2804 1966 2858 ad

381 2892 660 2946 Romanos
709 2893 919 2962 pariter
966 2892 1214 2948 scribens
1255 2911 1266 2945 :
1325 2911 1341 2943 ι
1374 2893 1449 2946 De
1481 2891 1621 2944 Filio
1674 2891 1821 2961 ejus,
1868 2891 1964 2954 ait,

384 2985 480 3056 qui
514 2986 692 3041 factus
728 2993 814 3041 est
847 3002 917 3041 ex
948 2986 1156 3042 semine
1193 2985 1415 3040 Davidis
1439 3026 1453 3051 ,
1488 2984 1790 3042 secundum
1848 3000 1968 3038 car-

2055 517 2343 582 ἀθανάτου,
2376 520 2572 589 μᾶλλον
2599 520 2654 573 δὲ
2688 519 2954 585 ζωοποιοῦ
2981 523 3244 590 τυγχάνει
3271 523 3634 593 σημαντικόν.

2069 611 2438 682 Ἑσταυρώθη,
2482 615 2624 666 κατά
2662 613 2754 666 τὸν
2786 615 3056 686 μακάριον
3093 615 3326 679 Παῦλον,
3369 614 3432 679 ἐξ
3477 615 3641 668 ἀσθε-

2053 699 2200 764 νείας
2221 721 2234 731 ’
2263 701 2398 754 ἀλλά
2427 702 2493 774 ζῇ
2529 705 2593 756 ἐκ
2635 704 2917 775 δυνάμεως
2958 705 3092 758 Θεοῦ
3110 746 3124 771 ,
3153 705 3296 758 κατὰ
3324 705 3418 757 τὸν
3447 706 3636 758 αὐτόν.

2057 793 2132 849 Τὸ
2154 795 2253 862 τῆς
2283 794 2602 862 ἀσθενείας
2623 797 2794 868 ὄνομα
2821 797 3123 850 διδασκέτω
3152 797 3250 866 οὐχ
3275 797 3349 860 ὼς
3379 798 3410 849 ὁ
3439 814 3642 848 παντοο

2054 884 2315 955 δύναμες,
2348 885 2440 938 καὶ
2481 886 2880 957 ἀπερίγραφος.
2913 886 3007 938 καὶ
3041 885 3309 956 ἄτρεπτος
3336 886 3434 937 καὶ
3473 884 3640 937 ἀνα).-

2055 976 2280 1040 λοίωτος
2311 976 2659 1048 προσηλώθη,
2695 977 2810 1030 ἀλλ’
2843 978 2876 1044 ἡ
2911 978 2976 1028 ἐκ
3005 976 3286 1045 δυνάμεως
3325 975 3460 1027 Θεοῦ
3497 974 3635 1037 Cmo-

2057 1069 2343 1140 ποιηθεῖσα
2369 1071 2550 1138 φύσις,
2577 1069 2720 1121 κατὰ
2749 1068 2848 1138 τὴν
2883 1066 2974 1120 τοῦ
3023 1067 3346 1119 Ἀποστόλου
3383 1065 3640 1118 διδασκαο

2055 1162 2195 1224 λίαν,
2233 1161 2473 1215 ἀπέθανε
2501 1161 2598 1214 καὶ
2628 1162 2802 1231 ἐτάφη
2827 1178 2840 1192 ο
2877 1159 3164 1230 ἀμφότερα
3190 1160 3289 1229 τῆς
3318 1157 3410 1211 τοῦ
3447 1157 3642 1210 δούλου

2060 1254 2296 1323 μορφῆς.
2333 1252 2518 1316 Πύλας
2563 1252 2769 1322 χαλκᾶς
2815 1251 3104 1322 συνέτριψε
3151 1250 3248 1303 καὶ
3291 1249 3528 1319 μοχλοὺς
3565 1265 3646 1298 av.-

2055 1343 2258 1414 δηροῦς
2293 1343 2403 1413 (69.)
2434 1342 2749 1406 συνέῦλασε,
2782 1342 2877 1395 κα).
2911 1341 3174 1394 κατέλυσε
3202 1339 3294 1393 τοῦ
3319 1341 3558 1392 θανάτου
3585 1339 3652 1390 τὸ

2057 1434 2279 1503 κράτος,
2314 1435 2409 1486 καὶ
2455 1435 2512 1486 ἐν
2544 1434 2722 1504 τρισὶν
2753 1433 2992 1504 ἡμέραις
3018 1433 3281 1502 ἀνέστησε
3321 1432 3412 1485 τὸν
3437 1433 3652 1483 οἰκεῖον

2057 1528 2183 1581 ναόν
2205 1545 2218 1558 ·
2249 1528 2422 1582 ταῦτα
2460 1528 2559 1598 τῆς
2597 1527 2691 1579 τοῦ
2728 1526 2866 1580 Θεοῦ
2903 1527 3114 1596 μορφῆς
3150 1525 3219 1576 τὰ
3247 1524 3649 1595 γνωρίσματα,

2058 1622 2202 1676 κατὰ
2247 1623 2346 1693 τὴν
2378 1620 2474 1674 τοῦ
2518 1619 2724 1690 Κυρίου
2755 1619 2940 1688 φωνήν
2966 1634 2978 1646 °
3039 1635 3058 1668 ι
3108 1615 3320 1669 Λύσατε
3362 1616 3452 1668 τὴν
3511 1615 3647 1667 ναὸν

2059 1719 2270 1784 τοῦτον,
2302 1719 2396 1771 καὶ
2421 1719 2478 1769 ἐν
2507 1715 2684 1784 τρισὶν
2708 1714 2943 1785 ἡμέραις
2975 1711 3151 1782 ἐγερῶ
3183 1711 3363 1764 αὐτόν.
3401 1729 3416 1762 ι
3447 1709 3650 1771 Οῦτως

2059 1814 2115 1866 ἐν
2142 1810 2220 1881 τῷ
2246 1811 2326 1862 ἐνί
2349 1807 2572 1879 Χριστῷ
2602 1807 2690 1860 διὰ
2721 1807 2818 1875 μὲν
2847 1804 2956 1856 τῶν
2979 1802 3166 1856 παθῶν
3195 1801 3515 1872 θεωροῦμεν
3542 1801 3650 1870 τὴν

2059 1903 2479 1974 ἁνθρωπὸτητα,
2523 1897 2614 1952 διὰ
2644 1899 2701 1952 δὲ
2729 1898 2839 1951 τῶν
2875 1894 3168 1963 θαυμάτων
3213 1893 3439 1962 νοοῦμεν
3470 1891 3652 1945 αὑτοῦ

2059 1995 2158 2066 τὴν
2209 1993 2459 2063 θεότητα.
2515 1991 2588 2044 Οὐ
2643 1989 2752 2059 γὰρ
2799 1990 2875 2051 εἰς
2932 1986 3026 2040 δύο
3072 1986 3341 2056 Χριστοῦς
3393 1983 3495 2045 τὰς
3551 1983 3656 2035 δύο

2061 2087 2251 2154 φύσεις
2282 2083 2597 2155 μερίζομεν.
2622 2081 2733 2134 Kal
2764 2080 2945 2150 ἴσμεν,
2979 2079 3062 2130 ὅτι
3095 2076 3194 2146 μὲν
3217 2077 3280 2128 ἐκ
3306 2074 3399 2127 τοῦ
3424 2074 3656 2142 Harp-’3;

2060 2181 2090 2230 ὁ
2119 2178 2250 2240 Θεὸς
2281 2175 2450 2244 Λόγος
2477 2171 2762 2243 ἐγεννήθη,
2795 2170 2892 2225 καὶ
2920 2171 2985 2223 ἐκ
3015 2168 3329 2238 σπέρματος
3378 2165 3652 2234 Ἀϐρααμ

2063 2269 2157 2323 καὶ
2198 2267 2361 2320 Δαδὶδ
2406 2269 2439 2336 ή
2477 2264 2720 2336 ἡμετέρα
2745 2257 2967 2332 ἀπαρχὴ
3007 2258 3381 2331 προσελήφθη.
3424 2257 3519 2309 Διὸ
3549 2258 3653 2307 καὶ

2063 2362 2091 2414 ὁ
2127 2359 2392 2431 μακάριος
2424 2356 2633 2418 Παῦλος
2675 2371 2828 2423 φησι,
2871 2351 3000 2421 περὶ
3032 2350 3124 2403 τοῦ
3169 2348 3421 2420 Ἀϐραὰμ
3458 2345 3652 2398 διαλει-

2063 2452 2332 2522 γόμενος·
2392 2467 2411 2498 «
2441 2449 2553 2502 Οὐκ
2594 2441 2749 2508 εἷπε,
2781 2445 2890 2498 Kal
2933 2446 3046 2506 τοῖς
3095 2440 3370 2512 σπέρμασί
3407 2455 3529 2499 σου,
3569 2437 3654 2498 ὡς

2065 2543 2157 2596 ἐπὶ
2189 2540 2420 2605 πολλῶν,
2444 2538 2556 2593 ἀλλ’
2583 2537 2657 2602 ὡς
2684 2539 2768 2605 ἐφ’
2807 2538 2944 2600 ἐνὸς,
2975 2533 3083 2588 Kal
3112 2533 3189 2603 τῷ
3214 2529 3493 2603 σπέρματί
3526 2547 3655 2593 σου,

2067 2635 2126 2698 ὃς
2164 2636 2280 2687 ἐστι
2311 2630 2565 2702 Χριστός.
2602 2649 2620 2681 ι
2651 2628 2761 2682 Kal
2782 2626 3032 2698 Τιμοθέῳ
3061 2625 3116 2678 δὲ
3140 2625 3368 2696 γράφων
3389 2664 3404 2688 ,
3440 2641 3460 2673 ι
3493 2622 3656 2688 Μνη-

2071 2727 2284 2797 μόνευε,
2325 2723 2510 2795 φησιν,
2557 2719 2765 2792 Ἰησοῦν
2797 2718 3031 2790 Χριστὸν
3062 2714 3428 2785 ἐγηγερμένον
3462 2713 3528 2763 ἐκ
3556 2727 3655 2761 νε-

2069 2819 2218 2892 κρῶν
2239 2819 2307 2870 ’ἐκ
2337 2816 2650 2886 σπέρματος
2677 2812 2860 2877 Δαὸὶδ,
2885 2809 3023 2864 κατὰ
3046 2808 3105 2862 τὸ
3130 2805 3455 2873 Εὑαγγέλιόν
3485 2820 3614 2874 μου.
3635 2823 3654 2853 ι

2068 2910 2180 2963 Καὶ
2215 2907 2503 2978 Ῥωμαίοις
2530 2904 2859 2960 ἐπιστέλλων
2887 2919 2900 2932 °
2941 2919 2958 2952 ι
2989 2900 3125 2972 Περὶ
3160 2898 3252 2951 τοῦ
3285 2895 3412 2950 Υίοῦ
3456 2894 3662 2957 αὑτοῦ,

2071 3000 2225 3071 φησι,
2288 2997 2381 3051 τοῦ
2430 2996 2722 3068 γενομένου
2782 2996 2847 3048 ἐκ
2904 2992 3218 3063 σπέρματος
3273 2987 3438 3040 Δαϐιδ
3507 2986 3665 3038 κατὰ

385 3093 512 3132 nem
538 3077 603 3132 “.
635 3097 653 3130 ι
692 3078 770 3134 Ac
817 3079 1015 3133 iterum
1045 3096 1058 3132 :
1104 3097 1122 3129 ι
1156 3077 1402 3145 Quorum
1429 3086 1632 3148 patres,
1663 3086 1718 3131 et
1741 3092 1808 3130 ex
1845 3076 1965 3146 qui-

2074 3070 2253 3162 σάρκα
2273 3091 2402 3160 (63).
2429 3108 2450 3142 ι
2474 3088 2583 3141 Kal
2610 3087 2792 3140 πάλιν·
2815 3105 2845 3138 τ(
2871 3078 2973 3136 Ὧν
2997 3085 3046 3136 οί
3077 3082 3310 3151 πατέρες
3359 3082 3454 3132 καὶ
3483 3078 3544 3144 ἐξ
3579 3070 3668 3130 ὧν

385 3170 491 3224 bus
531 3180 615 3225 est
660 3169 914 3224 Christus
955 3169 1261 3224 secundum
1300 3186 1522 3224 carnem
1550 3170 1613 3223 δ’.
1648 3189 1666 3221 ι
1703 3169 1770 3223 Ει
1797 3185 1966 3223 evan-

387 3261 580 3331 gelista
617 3278 630 3313 :
667 3279 684 3310 ι
717 3261 881 3315 Liber
906 3261 1276 3332 generationis
1315 3262 1442 3317 Jesu
1479 3261 1704 3327 Christi,
1739 3260 1836 3315 ﬁlii
1864 3261 1968 3314 Da-

387 3352 516 3417 vid,
565 3352 663 3406 lilii
704 3351 982 3406 Abraham
1008 3351 1072 3406 ”.
1109 3371 1128 3404 ›
1179 3352 1378 3408 Beatus
1415 3367 1634 3422 quoque
1677 3351 1871 3406 Petrus
1915 3349 1972 3404 in

389 3443 582 3498 Actis:
623 3462 639 3493 ι
678 3443 970 3513 PrOphela,
1005 3444 1113 3510 ait,
1153 3460 1279 3498 cum
1316 3453 1462 3498 esset
1484 3443 1686 3507 David,
1717 3451 1774 3496 et
1806 3442 1974 3497 sciret

392 3534 537 3605 quod
557 3535 917 3606 jurejurando
943 3537 1183 3606 jurasset
1211 3535 1291 3589 illi
1318 3536 1466 3592 Deus
1487 3534 1554 3589 de
1584 3533 1766 3588 fructu
1798 3532 1972 3587 lumbi

390 3629 510 3698 ejus
535 3628 775 3682 excitare
803 3626 1105 3692 Christum,
1127 3635 1183 3682 et
1208 3627 1398 3682 sedere
1421 3642 1586 3696 super
1605 3625 1792 3680 sedem
1815 3626 1933 3696 ejus
1957 3642 1970 3678 :

391 3718 690 3788 providens
726 3719 939 3774 locutus
964 3727 1048 3774 est
1076 3719 1143 3773 de
1178 3717 1585 3773 resurrectione
1610 3717 1810 3788 ejus“.
1847 3735 1864 3766 ι
1907 3715 1976 3770 Et

391 3811 538 3864 Deus
585 3810 700 3880 ipse
747 3810 886 3864 dixit
924 3799 1236 3865 Abrahamo
1271 3827 1282 3862 :
1332 3827 1350 3860 ι
1384 3809 1452 3862 Ει
1491 3808 1889 3864 benedicentur
1918 3806 1975 3860 in

331 3885 344 3891 ’
395 3899 604 3954 semine
634 3908 729 3954 tuo
767 3916 958 3956 omnes
985 3911 1174 3972 gentes
1211 3908 1372 3955 terrae
1391 3899 1458 3952 ⁸⁸⁵.
1492 3919 1510 3950 ι
1550 3899 1718 3953 Isaias
1747 3906 1929 3952 autem
1959 3914 1972 3950 :

403 4011 422 4043 c
458 3990 784 4061 Egredietur
807 3991 956 4061 virga
995 3992 1063 4046 de
1100 3992 1284 4045 radice
1316 3991 1502 4054 Jesse,
1548 3999 1604 4044 et
1646 3989 1744 4044 ﬂos
1782 3989 1848 4044 de
1886 4005 1975 4043 ra-

396 4081 517 4135 dice
541 4081 661 4151 ejus
683 4081 961 4136 ascendet.
987 4082 1055 4136 Et
1079 4083 1386 4151 requiescet
1407 4097 1573 4151 super
1598 4097 1724 4134 eum
1753 4081 1978 4150 spiritus

396 4171 680 4240 sapientia:
714 4179 769 4225 et
804 4161 1391 4242 intellectus,’spiritus
1423 4173 1636 4227 consilii
1673 4179 1728 4224 et
1756 4172 1977 4226 fortitu-

396 4264 565 4328 dinis,
603 4263 830 4334 spiritus
863 4263 1105 4320 scientia:
1138 4275 1194 4319 et
1225 4265 1464 4334 pietatis,
1499 4275 1555 4319 et
1592 4265 1824 4335 replehit
1851 4281 1979 4318 eum

398 4355 630 4426 spiritus
668 4355 879 4410 timoris
925 4357 1020 4410 Dei
1050 4356 1115 4409 ⁸⁸.
1157 4375 1173 4407 ι
1213 4357 1281 4410 Et
1309 4357 1473 4426 paulo
1502 4366 1655 4426 post:
1701 4375 1718 4407 ‹
1755 4357 1821 4410 Ει
1850 4356 1976 4421 erit,

2071 3183 2099 3233 ὁ
2140 3179 2375 3250 Χριστὸς
2410 3179 2468 3230 τὸ
2510 3175 2652 3230 κατά
2693 3176 2892 3246 σάρκα.
2929 3192 2947 3225 ›
2987 3171 3095 3252 Kal
3136 3173 3164 3223 ὁ
3203 3168 3609 3236 εὐαγγελιστής
3649 3183 3665 3195 ⁸

2079 3284 2097 3316 ι
2131 3265 2324 3326 Βίϐλος
2351 3264 2617 3332 γενέσεως
2659 3261 2834 3329 Ἰησοῦ
2865 3258 3123 3332 Χριστοῦ,
3155 3258 3270 3310 υἱοῦ
3302 3256 3500 3318 Δαῶδ,
3533 3255 3666 3308 υἱοῦ

2086 3356 2359 3428 Ἀϐραάμ.
2391 3377 2409 3408 ι
2446 3357 2552 3409 Kal
2578 3357 2605 3408 ὁ
2631 3355 2898 3424 μακάριος
2929 3352 3129 3422 Πέτρος
3152 3353 3208 3403 ἐν
3230 3352 3348 3412 ταῖς
3371 3349 3620 3418 Πράξεσι
3650 3389 3668 3412 ,

2081 3470 2098 3503 ι
2132 3451 2446 3521 Προφήτης,
2495 3449 2680 3519 φησὶν,
2739 3449 2998 3516 ὑπάρχων
3044 3449 3072 3499 ὁ
3121 3444 3306 3506 Δαϐὶδ,
3359 3443 3450 3494 καὶ
3497 3441 3674 3503 εἰδὼς

2073 3543 2154 3596 ὅτι
2184 3543 2332 3612 ὅρκῳ
2365 3540 2578 3610 ὤμοσεν
2606 3538 2752 3606 αὐτῷ
2784 3541 2811 3590 ὁ
2838 3539 2968 3598 Θεὸς
2994 3537 3056 3588 ἐκ
3090 3534 3304 3604 καρποῦ
3331 3535 3418 3602 τῆς
3441 3532 3670 3597 ὀσφύος

2075 3633 2240 3688 αὑτοῦ
2275 3633 2601 3702 ἀναστήσειν
2651 3630 2741 3683 τὸν
2772 3629 3004 3699 Χριστὸν
3051 3628 3146 3681 καὶ
3180 3625 3398 3678 καθίσαι
3431 3623 3523 3674 ἐπὶ
3552 3621 3666 3674 τοῦ

2077 3726 2270 3798 θρόνου
2303 3723 2466 3779 αὑτοῦ
2491 3739 2505 3755 ο
2543 3722 2805 3792 προειδὼς
2844 3721 3073 3790 ἐλάλησε
3123 3718 3252 3788 περὶ
3293 3719 3390 3786 τῆς
3416 3715 3675 3767 ἀναστᾶ-

2079 3836 2216 3882 σεως
2244 3817 2431 3872 αὐτοῦ.
2471 3835 2489 3867 ι
2527 3815 2634 3868 Kal
2675 3815 2704 3866 ὁ
2728 3815 2858 3875 Θεὸς
2887 3812 2964 3882 τῷ
3001 3811 3250 3882 Ἀϐραάμ
3289 3824 3457 3878 φησι·
3503 3826 3521 3856 ι
3571 3808 3684 3858 Ἐν

2076 3907 2154 3978 τῷ
2185 3908 2462 3979 σπέρματί
2513 3923 2604 3959 σου
2653 3904 3166 3974 ἐνευ).ογηθὴσονται
3203 3901 3384 3953 πάντα
3423 3899 3497 3951 τὰ
3529 3899 3682 3968 ἔθνη

2076 4003 2175 4073 τῆς
2204 4002 2327 4071 γῆς.
2377 4020 2396 4052 ι
2430 3999 2538 4056 Kal
2568 3999 2596 4051 ὁ
2637 3998 2864 4061 Ἡσαΐας
2897 3996 2952 4048 δέ
2988 4014 2999 4025 ·
3051 4015 3069 4045 ι
3139 3993 3512 4057 Ἐξελεύσεται
3573 3993 3691 4060 ῥά.-

2079 4091 2205 4154 6δος
2233 4094 2296 4143 ἐκ
2346 4090 2443 4159 τῆς
2495 4087 2649 4160 ῥίζης
2692 4085 2907 4148 Ἰεσσαὶ,
2950 4085 3044 4136 καὶ
3087 4082 3339 4144 ἄνθος
3377 4082 3478 4148 τῆς
3512 4080 3687 4147 ῥξζης

2081 4179 2435 4250 ἀναδήσεται,
2480 4179 2573 4230 καὶ
2617 4175 3067 4229 ἐπαναπαύσεται
3113 4174 3198 4225 ἐπ’
3232 4172 3396 4224 αὑτὸν
3440 4169 3685 4239 πνεῦμα

2083 4271 2273 4341 σοφίας
2320 4271 2414 4323 καὶ
2452 4269 2720 4330 συνέσεως
2750 4306 2764 4330 ,
2808 4265 3029 4335 πνεῦμα
3065 4265 3257 4334 βουλῆς
3303 4262 3401 4314 καὶ
3453 4263 3682 4331 ἰσχύος,

2083 4363 2300 4431 πνεῦμα
2324 4361 2577 4431 γνώσεως
2608 4360 2702 4412 καὶ
2735 4356 3039 4419 εὐσεϐείας,
3072 4354 3288 4423 πνεῦμα
3324 4351 3497 4419 φόϐου
3529 4351 3688 4402 Θεοῦ

399 4449 496 4512 ait,
529 4448 680 4502 radix
717 4448 889 4511 Jesse,
925 4455 981 4502 et
1007 4448 1098 4516 qui
1139 4455 1246 4502 stat
1286 4447 1337 4500 in
1379 4447 1592 4516 signum
1624 4447 1965 4515 populorum,

2083 4456 2353 4528 ἐμπλήσει
2389 4454 2570 4508 αὐτόν.
2619 4472 2636 4504 ι
2708 4453 2816 4504 Kal
2877 4449 2993 4520 μετ’
3033 4449 3218 4519 ὀλίγα,
3268 4465 3284 4495 ι
3324 4447 3435 4497 Kal
3488 4445 3690 4507 ἔσται,

401 4537 578 4607 ipsum
608 4546 797 4607 gentes
819 4537 1287 4606 deprecabuntur,
1317 4545 1372 4591 et
1393 4537 1501 4590 erit
1524 4537 1835 4605 sepulcrum
1866 4538 1984 4607 ejus

400 4629 702 4700 gloriosum
721 4627 831 4683 ⁸⁷.»

475 4813 763 4868 Manifesto
793 4815 961 4884 igitur
993 4830 1059 4869 ex
1095 4816 1203 4885 jam
1243 4815 1406 4870 dictis
1451 4825 1676 4886 apparet
1703 4815 1984 4871 Christum

403 4907 703 4962 secundum
735 4923 956 4961 carnem
981 4907 1276 4962 Abrahami
1307 4919 1363 4964 et
1394 4909 1612 4963 Davidis
1641 4911 1810 4964 lilium
1839 4927 1981 4975 esse,

402 5009 460 5054 et
493 4999 771 5069 propriam
802 4999 1021 5053 illorum
1056 4999 1314 5054 habuisse
1355 5011 1625 5054 naturam.
1658 5002 1865 5072 1303
1899 5003 1986 5056 Fi-

404 5092 514 5146 lius
545 5105 676 5144 vero
701 5099 959 5155 aeternus,
996 5099 1052 5144 et
1073 5089 1315 5144 Verbum
1346 5090 1440 5144 Dei
1466 5100 1549 5143 est
1571 5092 1870 5145 secundum
1896 5091 1983 5144 di-

404 5184 725 5248 vinitatem,
770 5181 1037 5236 inell‘abili
1088 5181 1284 5245 modo,
1332 5189 1388 5235 et
1438 5197 1601 5251 supra
1645 5182 1982 5238 intellectum

408 5279 707 5332 humanum
740 5292 805 5330 ex
840 5275 999 5330 Patre
1038 5283 1227 5337 natus;
1264 5285 1570 5329 coretcrnus
1605 5283 1664 5328 ut
1700 5275 1981 5346 splendor,

407 5377 463 5420 et
491 5368 681 5440 ﬁgura,
707 5377 763 5425 et
785 5367 1027 5454 Xerbum
1053 5367 1172 5438 ejus
1197 5367 1485 5422 exsistens.
1515 5367 1982 5433 Quemadmodum

483 5523 528 5596 ’β
549 5526 708 5580 Joan.
740 5543 798 5588 ιι,
826 5529 908 5581 l9.
952 5528 994 5560 ³⁹
1027 5528 1200 5581 Galat.
1231 5547 1309 5584 ιιι.
1347 5530 1426 5582 16.
1472 5529 1513 5559 "°
1542 5529 1584 5582 ll
1622 5529 1861 5584 Timoth.
1888 5548 1946 5590 ιι,

2071 5532 2108 5562 δ’
2139 5535 2297 5587 Rom.
2331 5532 2443 5596 1,5.

413 5607 473 5654 ιι,
505 5595 591 5645 50.
655 5597 699 5624 ⁸⁵
729 5598 925 5650 Cenes.
957 5600 1200 5686 κνημίς.
1274 5603 1314 5630 ‘*"
1344 5602 1442 5653 lsa.
1474 5616 1541 5662 x1,
1579 5600 1683 5652 1-5.
1760 5603 1797 5630 ⁵⁷
1835 5602 1964 5654 ilid.
2006 5602 2081 5655 lO.

491 5727 600 5794 (Ut!)
637 5728 733 5778 σιδ.
761 5729 907 5782 abest
943 5749 970 5785 τι
999 5733 1168 5786 Mans.

2081 4549 2268 4619 φησὶν,
2303 4548 2337 4615 ἡ
2379 4544 2503 4616 ῥίζα
2528 4544 2621 4597 τοῦ
2667 4544 2863 4598 Ἰεσσαὶ
2895 4544 2988 4594 καὶ
3018 4545 3046 4595 ὁ
3074 4539 3439 4608 ἀνιστάμενος
3476 4538 3694 4604 ἄρχειν

2082 4638 2251 4692 ἐθνῶν
2276 4655 2290 4668 ’
2333 4640 2418 4689 ἐπ’
2445 4636 2593 4704 αῦτῴ
2630 4635 2760 4703 ἔθνη
2806 4631 3050 4687 ἐλπιοῦσι
3088 4649 3101 4661 ·
3133 4631 3226 4684 καὶ
3267 4628 3420 4681 ἔσται
3466 4631 3501 4698 ἡ
3537 4629 3696 4681 ἀνεὶ-

2083 4748 2282 4794 παυσις
2327 4729 2491 4784 αὑτοῦ
2522 4731 2672 4799 τιμή.
2708 4747 2726 4779 ι

2155 4822 2327 4892 Δῆλον
2363 4822 2543 4874 τοίνυν
2594 4822 2657 4872 ἐκ
2698 4819 2804 4872 τῶν
2841 4816 3162 4888 εἰρημένων,
3189 4814 3262 4876 ὡς
3292 4813 3352 4865 τὸ
3383 4813 3488 4881 μὲν
3527 4813 3700 4864 κατὰ

2093 4915 2271 4984 σάρκα
2303 4916 2331 4966 ὁ
2379 4913 2613 4984 Χριστὸς
2651 4911 2741 4964 τοῦ
2807 4911 3056 4980 Ἀϐραὰμ
3095 4912 3186 4960 καὶ
3223 4905 3388 4957 Δαὸὶδ
3419 4905 3700 4972 ὑπῆρχεν

2091 5007 2377 5073 ἀπόγονος,
2427 5003 2522 5056 καὶ
2566 5003 2666 5073 τὴν
2716 5001 2884 5071 αὐτὴν
2919 5001 3100 5060 αὐτοῖς
3139 4996 3447 5068 περιέκειτο
3482 4993 3702 5061 φύσιν,

2092 5097 2230 5150 κατά
2263 5096 2317 5148 δὲ
2341 5095 2438 5166 τὴν
2470 5094 2697 5164 θεότητα
2724 5093 2816 5146 τοῦ
2847 5091 2981 5144 Θεοῦ
3010 5088 3330 5160 προαιὼνιός
3359 5088 3512 5138 ἐστιν
3545 5085 3706 5148 Υἱὸς

2092 5189 2186 5241 καὶ
2219 5187 2413 5254 Λόγος,
2442 5186 2736 5255 ἀφράστως
2759 5201 2818 5236 τε
2849 5183 2944 5234 καὶ
2984 5182 3125 5250 ὑπὲρ
3153 5178 3440 5250 ἄνθρωπον
3477 5176 3546 5228 ἐκ
3591 5175 3710 5228 τοῦ

2093 5283 2305 5350 Πατρὸς
2329 5279 2631 5349 γεννηθεὶς,
2664 5277 2758 5329 καὶ
2781 5275 3051 5337 συναῖδιος
3081 5273 3340 5341 ὑπάρχων
3370 5270 3447 5331 ὠς
3489 5268 3710 5320 ἀπαύ-

2092 5390 2278 5444 γασμα
2307 5373 2399 5425 καὶ
2430 5371 2714 5442 χαρακτὴρ
2749 5370 2842 5421 καὶ
2869 5367 3059 5436 Λόγος.
3096 5366 3184 5427 Ὠς
3206 5365 3315 5433 γὰρ
3342 5362 3503 5430 λόγος
3536 5361 3714 5433 πρὸς

2521 5532 2561 5562 ’⁵³
2593 5533 2747 5587 Rom.
2770 5549 2843 5592 Ix,
2880 5531 2929 5584 5.
2984 5529 3026 5559 ’⁸³
3053 5528 3240 5581 Matth.
3268 5541 3304 5589 ι,
3337 5526 3387 5578 1.
3473 5527 3518 5556 ⁸⁵
3554 5527 3716 5579 Act.

2164 5735 2272 5806 (0'5)
2306 5734 2358 5784 τξ
2391 5753 2438 5785 κ.
2482 5751 2526 5785 τ.
2556 5733 2722 5786 Mans.
