3962 6204
301 352 434 420 1429

1652 352 2017 413 EPISTULA
2051 354 2191 415 CLI.

3428 340 3564 409 1430

300 460 421 516 νοῦν
453 460 546 515 καὶ
579 458 924 532 ἀπαύγασμα
957 460 1095 534 πρὸς
1119 461 1180 515 τὸ
1219 461 1334 531 φῶς
1372 457 1693 530 ἀχωρίστως
1733 456 1870 527 ἔχει,

2001 458 2125 512 :nim
2158 459 2390 513 verbum
2420 474 2451 513 a
2491 466 2675 514 mente
2714 468 2771 516 et
2803 457 3065 530 splendor
3102 472 3132 512 a
3162 457 3286 512 luce
3318 457 3563 527 separari

300 553 468 620 οὕτως
507 554 538 607 6
570 552 864 625 μονογενὴς
906 553 1035 616 Υἱὸς
1076 552 1215 626 πρὸς
1257 552 1349 606 τὸν
1397 549 1593 605 ἑαυτοῦ
1626 550 1870 621 Πατέρα.

301 646 481 717 Φαμὲν
521 644 700 699 τοίνυν
744 645 836 700 τὸν
889 646 1094 716 Κύριον
1145 645 1305 717 ἡμῶν
1372 642 1582 715 Ἰησοῦν
1636 642 1875 714 Χριστὸν

305 737 429 791 Υίὸν
452 733 588 791 εἶναι
625 736 890 808 μονογενῆ
919 736 1013 790 τοῦ
1050 735 1187 790 Θεοῦ
1218 737 1312 789 καὶ⁹
1360 736 1704 806 πρωτότοκον
1726 751 1739 765 ·
1780 752 1871 805 μο-

303 825 489 897 νογενῆ
522 826 621 898 μὲν
653 827 751 880 καὶ
780 828 887 898 πρὸ
931 827 1029 898 τῆς
1076 828 1570 904 ἐνανθρωπὴσεως,
1608 827 1704 880 καὶ
1737 824 1876 896 μετὰ

303 917 396 987 τὴν
449 915 865 988 ὲνανθρὼπησιν
912 933 927 948 ·
981 917 1329 988 πρωτότοκον
1378 916 1436 969 δὲ
1478 916 1618 988 μετὰ
1668 916 1767 987 τὴν
1812 917 1879 969 ὲκ

305 1008 576 1081 Παρθένου
615 1007 868 1080 γέννησιν
906 1028 921 1042 ο
954 1010 1032 1081 τῷ
1073 1009 1181 1083 γὰρ
1215 1011 1516 1080 Μονογενεῖ
1553 1009 1615 1064 τὸ
1655 1010 1877 1082 Πρωτό-

305 1116 460 1163 τοκος
494 1098 666 1170 δνομα
689 1101 926 1155 ἐναντίον
953 1102 1051 1173 μὲν
1079 1098 1220 1156 εἶναί
1266 1107 1384 1166 πως
1406 1102 1573 1168 δοκεῖ,
1603 1102 1736 1156 διότι
1762 1101 1878 1171 (64)

309 1189 601 1261 μονογενὴς
630 1190 731 1261 μὲν
754 1193 783 1244 6
811 1192 972 1262 μόνος
1002 1192 1067 1246 ἐκ
1111 1210 1258 1257 τινος
1294 1192 1576 1263 γεννηθεὶς
1611 1208 1881 1265 προσαγο-

309 1280 546 1351 ρεύεται,
577 1281 921 1353 πρωτότοκος
962 1283 1019 1338 δὲ
1056 1286 1084 1338 6
1113 1284 1325 1340 πολλῶν
1354 1284 1601 1353 ἀδελφῶν
1638 1284 1876 1356 πρῶτος.

307 1371 408 1425 Τὸν
426 1366 482 1421 δὲ
506 1371 638 1427 Θεὸν
686 1372 859 1443 Λόγον
912 1374 1073 1446 μόνον
1111 1377 1175 1429 ἐκ
1220 1374 1314 1429 τοῦ
1357 1376 1574 1446 Πατρὸς
1622 1377 1680 1430 αἱ
1735 1375 1880 1428 θεῖαι

306 1460 519 1533 Γραφαὶ
541 1464 869 1535 γεννηθῆναι
897 1464 1146 1535 λέγουσιν
1165 1483 1179 1496 ο
1209 1464 1501 1536 γίνεταίδὲ
1543 1466 1637 1519 καὶ
1665 1464 1881 1536 πρωτό-

306 1569 460 1617 τοκος
487 1555 515 1607 ὁ
546 1554 879 1628 Μονογενὴς,
916 1557 1017 1627 τὴν
1043 1558 1322 1630 ἡμετέραν
1357 1557 1518 1626 φύσιν
1549 1553 1788 1627 εἰληφὼς
1819 1556 1884 1607 ἐκ

307 1645 404 1714 τῆς
429 1644 733 1714 Παρθένου,
756 1646 851 1699 καὶ
867 1646 1128 1715 ἀδελφοὺς
1149 1649 1273 1711 τοὺς
1296 1650 1375 1711 είς
1402 1648 1564 1702 αὐτὸν
1591 1662 1886 1700 πεπιστευ-

312 1735 475 1798 κότας
496 1735 940 1807 προσαγορεῦσαι
974 1736 1318 1803 καταξιώσας
1337 1754 1352 1767 ·
1384 1737 1458 1801 ὡς
1493 1730 1636 1790 εἶναι
1662 1736 1755 1789 τὸν
1785 1735 1884 1789 αὑ-

309 1826 398 1878 τὸν
432 1799 701 1898 μονογενῆ
738 1799 837 1897 μὲν
886 1828 1022 1881 καθὸ
1062 1799 1218 1892 Θεὸς,
1254 1799 1600 1898 πρωτότοκον
1643 1826 1702 1880 δὲ
1748 1825 1883 1880 καθὸ
1918 1799 1960 1855 Β

312 1917 619 1990 ἄνθρωπος.
670 1918 860 1983 Οὕτως
889 1921 1050 1991 ἡμεῖς
1088 1910 1199 1984 τὰς
1217 1918 1311 1973 δύο
1340 1919 1533 1990 φύσεις
1559 1918 1887 1990 ὁμολογοῦν-

311 2027 402 2073 τες
426 2010 518 2064 τὸν
559 2011 657 2065 ἒνα
703 2013 938 2084 Χριστὸν
978 2012 1412 2083 προσκυνοῦμεν,
1449 2012 1544 2065 καὶ
1579 2012 1711 2082 μίαν
1739 2010 1888 2081 αὑτῷ

314 2102 696 2175 προσφέρομεν
726 2103 826 2175 τὴν
870 2105 1263 2176 προσκύνησιν.
1308 2104 1421 2178 Τὴν
1462 2105 1569 2178 γὰρ
1609 2105 1803 2159 ἕνωσιν
1828 2104 1887 2170 ἐξ

313 2194 483 2266 αὐτῆς
508 2195 608 2264 τῆς
635 2194 951 2269 συλλήψεως
975 2196 1034 2249 ὲν
1060 2199 1127 2268 τῇ
1151 2197 1285 2270 ἁγίᾳ
1305 2200 1403 2268 τῆς
1425 2195 1706 2269 Παρθένου
1730 2195 1888 2267 νηδύϊ

313 2285 644 2357 γεγενῆσθαι
690 2286 1039 2360 πιστεύομεν.
1078 2289 1172 2343 Διὸ
1205 2290 1304 2344 καὶ
1344 2289 1605 2343 Θεοτόκον
1648 2289 1746 2344 καὶ
1797 2290 1891 2344 ἀν·

198 2442 214 2452 .
312 2376 659 2446 θρωποτόκον
706 2379 805 2451 τὴν
843 2380 1006 2448 ἁγίαν
1059 2380 1334 2451 Παρθένον
1386 2381 1889 2453 προσαγορεύομεν.

323 2469 541 2540 Ἐπειδὴ
578 2471 674 2525 κα)⁵
715 2472 879 2535 αὐτὸς
920 2475 949 2526 ό
981 2473 1259 2541 Δεσπότης
1298 2474 1557 2545 Χριστὸς,
1615 2473 1749 2537 Θεὸς
1798 2473 1893 2526 καὶ

311 2558 597 2630 ἄνθρωπος
641 2561 747 2614 ὑπὸ
791 2561 892 2631 τῆς
943 2562 1094 2626 θείας
1143 2562 1390 2617 καλεῖται
1428 2564 1674 2633 Γραφῆς.
1716 2565 1827 2616 Καὶ
1863 2564 1892 2616 6

323 2652 672 2723 Ἐμμανουὴλ
701 2653 778 2719 δὲ,
807 2653 915 2708 τῶν
947 2654 1041 2708 δύο
1067 2654 1282 2724 φύσεων
1313 2655 1574 2727 κηρύττει
1612 2653 1710 2725 τὴν
1754 2653 1892 2707 ἕνω-

317 2759 421 2797 σιν.
457 2742 520 2796 ΕΞ
560 2743 617 2796 δὲ
648 2743 740 2796 τὸν
774 2744 1009 2814 Χριστὸν
1062 2745 1195 2797 Θεὸν
1238 2746 1333 2798 κα)⁸
1375 2744 1660 2816 ἄνθρωπον
1703 2744 1894 2811 ὁμολο-

314 2833 520 2904 γοῦμεν
565 2834 658 2887 καὶ
701 2833 953 2904 λέγομεν,
989 2834 1073 2898 τίς
1100 2833 1275 2898 οὕτως
1322 2835 1545 2907 εὐήθης,
1591 2834 1668 2899 ὡς
1702 2838 1896 2904 φυγεῖν

315 2927 415 2997 τὴν
438 2926 899 2996 ἀνθρωποτόκος
930 2926 1137 2996 φωνὴν,
1174 2927 1311 2998 μετὰ
1350 2928 1447 3000 τῆς
1466 2928 1731 2983 Θεοτόκου
1753 2927 1898 2982 τιθε-

320 3017 523 3088 μένην;
572 3017 659 3071 Ἐν
684 3017 792 3088 γὰρ
820 3017 900 3088 τῷ
932 3017 1179 3092 Δεσπότῃ
1226 3017 1450 3090 Χριστῷ
1493 3019 1594 3083 τὰς
1625 3019 1720 3073 δύο
1750 3021 1898 3074 τίθε-

1977 548 2205 604 minime
2239 558 2501 619 possunt;
2536 551 2611 605 ita
2642 564 2746 606 nec
2772 550 3090 622 unigenitus
3122 547 3294 604 Filius
3322 564 3351 603 a
3382 548 3563 603 Patre.

1976 638 2324 711 Quapropter
2382 642 2677 697 Dominum
2730 649 2984 697 nostrum
3040 642 3227 697 Jesum
3282 637 3563 695 Christum

1978 732 2177 788 Filium
2232 733 2579 805 unigenitum
2626 742 2682 790 et
2725 734 3151 805 primogenitum
3193 748 3314 787 esse
3362 731 3565 787 asseri—

1978 839 2137 891 mus;
2171 824 2518 896 unigenitum
2551 825 2775 895 quidem
2810 833 2922 879 tam
2962 834 3091 880 ante
3124 840 3287 894 quam
3322 830 3445 895 post
3477 822 3565 879 in-

1980 914 2392 982 carnationem;
2450 916 2879 988 primogenitum
2929 932 3064 971 vero
3116 916 3352 971 dicimus
3401 932 3562 984 eum,

1978 1014 2273 1078 postquam
2295 1024 2363 1063 ex
2386 1007 2610 1079 Virgine
2632 1017 2796 1064 natus
2811 1017 2914 1064 est.
2937 1009 3148 1063 Nomen
3171 1007 3569 1079 primogenitus

1983 1096 2274 1169 Unigenito
2335 1114 2645 1170 repugnare
2700 1098 3106 1170 quodammodo
3152 1097 3394 1162 videtur,
3438 1115 3567 1168 pro-

1980 1196 2171 1259 pterea
2217 1190 2365 1260 quod
2409 1190 2736 1263 Unigenitus
2774 1191 3115 1262 appellatur;
3152 1191 3248 1260 qui
3279 1191 3477 1245 unicus
3503 1206 3571 1245 ex

1981 1280 2170 1352 aliquo
2197 1282 2475 1349 nascitur;
2512 1283 2910 1354 primogenitus
2932 1298 3086 1348 vero,
3112 1281 3207 1353 qui
3240 1281 3414 1353 major
3438 1290 3572 1335 natu

1984 1372 2132 1428 inter
2172 1373 2376 1429 multos
2425 1375 2641 1431 fratres.
2698 1374 2956 1430 Divinum
3005 1375 3251 1430 Verbum
3298 1390 3366 1429 ex
3412 1374 3573 1428 Patre

1985 1464 2210 1520 unicum
2241 1475 2430 1522 natum
2464 1483 2584 1523 esse
2609 1467 2909 1537 Scriptura:
2938 1466 3174 1534 docent;
3206 1466 3267 1521 ﬁt
3302 1478 3485 1522 autem
3519 1474 3576 1520 et

1986 1558 2423 1630 primogenitns,
2464 1560 2559 1630 qui
2602 1558 2922 1631 unigenitus
2956 1568 3108 1624 erat,
3163 1559 3296 1613 dum
3332 1567 3575 1617 nostram

1987 1662 2242 1709 naturam
2270 1670 2303 1709 a
2325 1653 2550 1724 Virgine
2584 1653 2905 1723 assumpsit,
2934 1663 2993 1710 et
3025 1654 3172 1719 illos,
3197 1652 3292 1722 qui
3328 1653 3431 1722 ipsi
3458 1667 3577 1707 cre-

1988 1746 2272 1811 diderunt,
2296 1746 2500 1801 fratres
2523 1747 2799 1817 appellare
2831 1744 3089 1819 dignatus
3112 1754 3226 1812 est;
3253 1745 3328 1800 ita
3352 1752 3413 1799 ut
3430 1744 3577 1800 idem

1988 1852 2098 1908 qua
2123 1837 2289 1902 Deus,
2326 1836 2644 1907 nnigenitus
2681 1842 2788 1902 est,
2834 1835 3235 1907 primogenitus
3275 1850 3428 1901 vero,
3468 1851 3577 1905 qua

1990 1927 2176 1982 homo.
2237 1924 2329 1981 Sic
2379 1940 2481 1980 nos
2538 1925 2678 1981 duas
2733 1925 3077 1981 admittimus
3118 1933 3384 1990 'naturas,
3481 1923 3580 1980 scd

1990 2035 2161 2075 unum
2193 2018 2488 2073 adoramus
2544 2016 2851 2084 Christum,
2913 2026 2970 2072 et
3041 2032 3151 2071 una
3196 2032 3322 2072 eum
3351 2031 3582 2071 venera-

1991 2124 2116 2163 mur
2153 2107 2511 2172 adoratione,
2562 2106 2967 2178 copulationem
3027 2106 3096 2162 ab
3142 2107 3261 2177 ipso
3306 2116 3581 2177 conceptu

1991 2199 2192 2257 factam
2232 2198 2401 2254 fuisse
2434 2199 2493 2253 in
2530 2207 2722 2254 sancto
2761 2197 3005 2269 Virginis
3039 2206 3200 2253 utero
3235 2197 3517 2253 credimus
3565 2216 3579 2251 :

1989 2300 2330 2364 quapropter
2364 2298 2420 2346 et
2460 2299 2701 2345 sanctam
2740 2289 3044 2360 Virginem,
3085 2288 3184 2344 Dei
3232 2295 3289 2344 et
3344 2288 3582 2344 hominis

1993 2384 2318 2457 genitricem
2347 2396 2751 2453 nuncupamus,
2776 2381 3035 2452 quoniam
3065 2388 3122 2437 et
3159 2380 3392 2452 ipsemet
3419 2379 3581 2435 Chri-

1995 2486 2116 2533 stus
2147 2475 2415 2531 Dominus
2446 2474 2592 2529 Deus
2624 2482 2681 2528 et
2718 2474 2885 2530 homo
2911 2480 3142 2530 vocatur
3172 2488 3207 2528 a
3238 2488 3395 2527 sacra
3430 2470 3582 2527 Scri-

1994 2578 2179 2640 ptura,
2211 2575 2376 2638 atque
2418 2565 2797 2621 Emmanuclis
2829 2580 3033 2625 nomen
3078 2563 3315 2619 duarum
3352 2574 3582 2619 natura-

1996 2676 2122 2715 rum
2147 2659 2558 2729 copulationem
2584 2657 2845 2713 declarat.
2873 2656 2930 2712 Si
2951 2672 3084 2713 vero
3103 2655 3384 2711 Christum
3412 2654 3584 2709 Deum

1996 2751 2163 2807 simul
2203 2758 2259 2807 et
2304 2747 2590 2804 hominem
2636 2748 2962 2819 proﬁtemur
2991 2756 3048 2803 et
3087 2746 3345 2813 dicimus,
3375 2744 3587 2817 1304

1999 2844 2189 2914 ecquis
2222 2846 2328 2897 erit
2360 2841 2500 2897 adeo
2534 2841 2809 2912 stupidus,
2841 2850 2904 2897 ut
2940 2854 3128 2906 voces,
3156 2838 3255 2893 Dei
3280 2839 3508 2910 genitria:
3531 2845 3588 2892 et

1998 2935 2225 2989 hominis
2245 2934 2493 3005 genitricis,
2510 2942 2673 3003 neget
2694 2932 2862 2988 simul
2883 2930 3167 3003 ponendas
3189 2930 3345 2985 esse?
3368 2928 3589 2985 Christo

2000 3027 2235 3083 Domino
2257 3027 2396 3082 duas
2418 3028 2644 3098 quidem
2669 3025 2969 3082 tribuimus
2990 3022 3420 3095 appellationes;
3450 3036 3588 3090 qua-

322 3127 422 3181 μεν
451 3110 854 3181 προσηγορίας·
885 3109 965 3164 διὸ
992 3112 1026 3181 ή
1059 3110 1341 3183 Παρθένος
1364 3112 1653 3184 τετίμηται
1677 3113 1772 3168 καὶ
1804 3131 1897 3168 κε-

2001 3126 2233 3190 propter
2274 3119 2439 3190 Virgo
2474 3119 2685 3175 honore
2728 3116 2926 3172 affecta
2960 3125 3065 3181 est,
3097 3121 3155 3170 et
3195 3112 3590 3186 gratiae-plena

317 3201 666 3272 χαριτωμένη
705 3203 1160 3275 προσηγορεύθη’
1206 3203 1290 3269 τίς
1309 3199 1402 3258 οὖν
1440 3201 1499 3258 εὖ
1533 3204 1643 3275 (65)
1687 3207 1897 3277 φρονῶν

2001 3218 2226 3276 vocata;
2266 3211 2392 3280 quis
2421 3211 2588 3280 igitur
2620 3209 2791 3265 animi
2825 3223 3053 3280 compos
3078 3205 3376 3273 recusabit,
3407 3203 3590 3260 nomi-

319 3293 740 3365 παραιτήσαιτο,
763 3293 872 3348 ἀπὸ
903 3294 1013 3349 τῶν
1045 3293 1141 3348 τοῦ
1176 3295 1428 3367 Σωτῆρος
1450 3295 1733 3367 ὀνομάτων
1764 3297 1902 3350 ἀπο-

320 3386 542 3441 καλέσαι
596 3385 696 3458 τὴν
749 3386 1049 3458 Παρθένον,
1094 3386 1130 3456 ἢ
1193 3386 1261 3439 δι’
1315 3366 1523 3440 ἐκεῖνον
1578 3366 1735 3457 παρὰ
1792 3387 1902 3442 τῶν

320 3479 529 3533 πιστῶν
571 3478 932 3551 γεραίρεταις
981 3479 1055 3532 Οὐ
1089 3477 1198 3550 γὰρ
1240 3480 1269 3531 6
1310 3477 1370 3543 ὲξ
1415 3479 1586 3550 αὐτῆς
1622 3479 1689 3532 δι’
1734 3480 1904 3552 αὐτὴν

322 3572 638 3644 σεὸἀσμιος,
665 3572 781 3625 ἀλλ’
806 3572 945 3643 αὐτὴ
973 3571 1062 3625 διὰ
1083 3571 1174 3625 τὸν
1197 3569 1259 3636 ἐξ
1285 3570 1457 3641 αὐτῆς
1475 3573 1596 3635 ταῖς
1619 3571 1905 3642 μεγίσταις

323 3667 723 3739 προσηγορίαις
748 3666 1095 3720 καλλύνεται.

394 3758 458 3810 Et
511 3756 611 3827 μὲν
661 3752 754 3809 οὖν
786 3755 918 3818 Θεὸς
964 3756 1125 3828 μόνον
1170 3756 1199 3808 6
1238 3755 1512 3827 Χριστὸς,
1555 3756 1650 3809 καὶ
1699 3757 1763 3809 ὲκ
1809 3755 1908 3826 τῆς

324 3846 605 3920 Παρθένου
661 3846 757 3900 τοῦ
797 3843 935 3901 εἶναι
980 3846 1081 3918 τὴν
1129 3845 1304 3917 ἀρχὴν
1366 3845 1612 3918 εἴληφεν,
1655 3845 1907 3899 ἐντεῦθεν

328 3938 489 4010 μόνον
505 3940 539 4010 ἡ
565 3938 840 4010 Παρθένος
868 3938 1219 4010 ὀνομαζέσθω
1241 3939 1337 3992 καὶ
1358 3938 1631 3993 καλείσθω
1646 3936 1909 4002 Θεοτόκος

325 4031 402 4095 ὡς
426 4030 558 4084 Θεὸν
587 4029 746 4099 φύσει
774 4031 1106 4103 γεννήσασα.
1143 4032 1206 4083 Εἰ
1233 4030 1289 4085 δὲ
1322 4030 1457 4094 Θεὸς
1496 4032 1589 4085 καὶ
1619 4029 1910 4102 ἄνθρωπος

325 4123 358 4176 6
383 4121 641 4193 Χριστὸς,
674 4121 769 4175 καὶ
795 4120 855 4175 τὸ
888 4122 985 4192 μὲν
1013 4116 1081 4193 ἦν
1111 4121 1199 4175 ἀεὶ
1250 4121 1395 4194 (οὔτε
1427 4122 1536 4193 γὰρ
1569 4120 1772 4193 ἤρξατο
1814 4121 1909 4175 τοῦ

326 4208 487 4267 εἶναι·
522 4213 792 4278 συναῖδιος
819 4213 929 4286 γὰρ
956 4212 1034 4285 τῷ
1071 4216 1438 4286 γεννήσαντι),
1474 4215 1534 4269 τὸ
1564 4215 1622 4269 δὲ
1647 4215 1732 4269 ἐπ’
1758 4214 1913 4285 ἐσχά-

326 4322 435 4360 των
475 4304 587 4378 (66)
641 4305 748 4360 τῶν
782 4306 987 4378 καιρῶν
1014 4306 1078 4359 ὲκ
1103 4307 1199 4377 τῆς
1226 4306 1571 4378 ἀνθρωπείας
1608 4306 1912 4377 ἐϐλάστησε

330 4397 566 4467 φύσεως,
603 4398 943 4471 ἑκατέρωθεν
969 4400 997 4451 6
1024 4397 1371 4468 δογματίζειν
1410 4398 1630 4464 ἐθέλων,
1666 4398 1915 4451 πλεκέτω

2002 3300 2166 3355 nibus
2203 3300 2505 3355 Salvatoris
2538 3301 2823 3372 Virginem
2866 3316 3091 3371 quoque
3131 3300 3431 3371 appellare,
3469 3314 3592 3369 qua:

2005 3390 2179 3460 ipsius
2219 3406 2384 3446 causa
2430 3406 2462 3444 a
2505 3391 2863 3447 credentibus
2910 3392 3225 3447 exaltatur?
3277 3391 3397 3446 Non
3443 3390 3592 3446 enim

2007 3484 2180 3539 Filius
2214 3483 2283 3538 ab
2313 3499 2376 3539 ea
2412 3484 2758 3548 honestatur,
2787 3482 2885 3538 sed
2913 3498 2977 3539 ea
3010 3482 3134 3537 Filii
3169 3496 3334 3536 causa
3371 3482 3594 3553 amplis-
3662 3476 3673 3493 ‘

2007 3576 2162 3632 simis
2183 3575 2650 3647 appellationibus
2672 3575 2989 3645 insignitur.

2079 3753 2235 3821 Quod
2266 3755 2310 3809 si
2349 3752 2517 3823 igitur
2541 3753 2688 3809 Deus
2732 3760 2948 3808 tantum
2987 3761 3135 3808 esset
3168 3750 3443 3816 Christus,
3476 3761 3531 3806 et
3564 3768 3595 3806 a

2013 3847 2234 3919 Virgine
2270 3845 2525 3902 essentia:
2565 3845 2871 3916 accepisset
2911 3843 3267 3915 principium,
3300 3852 3433 3897 tunc
3469 3843 3597 3912 qni—

2010 3941 2135 3995 dem
2166 3937 2264 3994 Dei
2306 3937 2560 3993 Genitrix
2603 3945 2819 3992 tantum
2848 3937 3016 4008 Virgo
3045 3934 3291 3991 vocanda
3330 3942 3385 3990 et
3413 3935 3600 4005 appel-

2011 4030 2173 4086 landa
2203 4040 2371 4095 esset,
2405 4039 2465 4085 ut
2502 4029 2615 4095 illa,
2651 4044 2773 4100 quae
2814 4028 3058 4083 divinam
3099 4027 3393 4083 habentem
3432 4033 3597 4081 natu-

2014 4140 2128 4179 ram
2165 4123 2492 4195 peperisset.
2526 4122 2598 4177 At
2628 4123 2673 4178 si
2701 4121 2958 4178 Christus
2996 4121 3144 4177 Deus
3165 4120 3330 4176 simul
3352 4131 3409 4175 et
3433 4119 3601 4177 homo

2012 4223 2117 4282 est,
2142 4224 2194 4271 et
2230 4224 2291 4270 ut
2321 4216 2468 4270 Deus
2510 4229 2729 4284 semper
2758 4212 2864 4268 fuit
2900 4230 2913 4265 :
2946 4227 3124 4283 neque
3161 4211 3461 4268 essistendi
3495 4212 3602 4266 ini-

2017 4310 2153 4364 tium
2192 4308 2342 4375 fecit,
2375 4315 2683 4364 coaeternus
2720 4306 2871 4362 enim
2910 4312 2996 4360 est
3024 4304 3303 4371 Genltori;
3343 4313 3405 4358 ut
3432 4303 3600 4357 homo

2016 4417 2146 4458 vero
2175 4401 2470 4471 postremis
2498 4398 2843 4469 temporibus
2865 4413 2933 4453 ex
2957 4397 3199 4452 humana
3222 4401 3421 4449 natura
3445 4400 3601 4448 ortus

328 4492 396 4558 τῇ
444 4490 705 4562 Παρθένῳ
746 4489 844 4553 τὰς
887 4489 1281 4559 προσηγορίας,
1318 4489 1494 4560 δηλῶν
1528 4490 1656 4543 ποῖα
1709 4489 1807 4560 μὲν
1844 4492 1897 4560 τῇ

2016 4502 2102 4549 est
2128 4510 2141 4547 :
2168 4492 2421 4563 dogmata
2446 4490 2709 4561 utrinque
2734 4488 2984 4545 facturus
3012 4487 3068 4543 in
3100 4484 3351 4543 texendis
3373 4483 3603 4555 virginis

331 4580 513 4651 φύσει,
556 4585 684 4637 ποῖα
724 4582 782 4636 δὲ
810 4584 876 4654 τῇ
909 4579 1098 4635 ένώσει
1138 4583 1428 4653 προσήκει.
1470 4583 1532 4635 Εἰ
1563 4580 1621 4634 δὲ
1659 4597 1910 4653 πανηγυ-

334 4673 507 4744 ρικῶς
547 4691 631 4739 τις
668 4672 1090 4744 λέγειν’·ὲθέλοι,
1130 4674 1225 4728 καὶ
1265 4672 1469 4744 ὕμνους
1506 4672 1775 4742 ὑφαίνειν,
1820 4672 1915 4726 καὶ

333 4763 590 4828 ἐπαίνους
638 4764 928 4834 διεξιέναι,
976 4767 1069 4820 καὶ
1116 4765 1365 4836 βούλεται
1416 4767 1530 4829 τοῖς
1567 4762 1915 4836 σεμνοτέροις

332 4857 594 4927 ὀνόμασιν
631 4858 945 4926 ἀναγκαίως
986 4857 1319 4929 κεχρῆσθαι,
1357 4858 1418 4910 οὐ
1454 4855 1800 4926 δογματίζων
1838 4854 1915 4920 ὡς

336 4948 495 5019 ἔφην,
523 4948 661 5003 ἀλλὰ
689 4946 1077 5019 πανηγυρίζων
1119 4948 1214 5003 καὶ
1259 4946 1556 5019 θαυμάζων
1594 4947 1670 5011 ὡς
1702 4940 1814 5000 οἷόν
1856 4963 1916 5000 τε

337 5036 433 5090 τοῦ
471 5037 770 5108 μυστηρίου
807 5038 869 5091 τὸ
921 5036 1173 5110 μέγεθος’
1223 5036 1544 5091 ἀπολαυέτω
1592 5035 1687 5090 τοῦ
1730 5036 1918 5103 πόθου,

337 5129 435 5183 καὶ
464 5132 576 5192 τοῖς
606 5130 864 5200 μεγάλοις
895 5131 1122 5200 ὀνόμασι
1156 5129 1470 5202 κεχρήσθω,
1503 5129 1599 5183 καὶ
1622 5128 1918 5183 ἐπαινείτω

338 5224 437 5277 καὶ
467 5222 827 5293 θαυμαζέτω.
861 5223 1038 5277 Πολλὰ
1066 5224 1173 5295 γὰρ
1198 5222 1424 5279 τοιαῦτα
1456 5222 1607 5293 παρὰ
1626 5224 1738 5285 τοῖς
1765 5221 1923 5292 ὀρθο-

338 5315 513 5383 δόξοις
547 5314 888 5378 διδασκάλοις
924 5315 1276 5387 εὑρίσκομενο
1318 5313 1591 5386 πανταχοῦ
1625 5314 1682 5367 δὲ
1715 5315 1778 5367 τὸ
1819 5313 1919 5384 μέ-

338 5423 491 5479 τριον
516 5406 629 5476 (67)
657 5406 928 5477 τιμάσθω.
969 5407 1204 5475 Ἐπαινῶ
1224 5407 1333 5478 γὰρ
1354 5408 1444 5461 τὸν
1487 5405 1766 5477 εἰρηκότα,
1800 5406 1923 5475 ἄρι-

340 5513 469 5551 στον
497 5491 637 5549 εἶναι
661 5495 722 5548 τὸ
753 5496 992 5567 μέτριον,
1018 5496 1064 5549 εί
1088 5497 1179 5550 xa‘t
1196 5497 1293 5567 τῆς
1308 5497 1577 5568 ἡμετέρας,
1605 5495 1804 5565 ἀγέλης
1822 5494 1921 5548 οὐκ

417 5694 530 5823 (64)
566 5693 656 5779 Δέὸ
687 5694 857 5780 hians.

418 5763 509 5823 (65
561 5781 653 5818 ουν
693 5782 758 5819 αν
782 5764 857 5820 Ma

440 5763 530 5822 65)
561 5763 653 5818 οὖν
693 5764 758 5819 ἂν
782 5764 949 5822 Mans.

2020 4581 2499 4654 appellationibus,
2524 4579 2768 4635 declaret
2803 4584 3025 4650 oportet
3059 4590 3184 4647 quae
3215 4581 3449 4637 naturae,
3481 4586 3604 4642 qua:

2022 4670 2529 4742 vero‘copnlationi
2568 4668 2921 4726 conveniant.
2956 4667 3015 4723 Si
3048 4665 3173 4737 quis
3197 4679 3330 4720 vero
3363 4678 3603 4734 panegy-

2020 4766 2166 4821 ricas
2202 4763 2481 4818 orationes
2520 4761 2701 4817 facere
2739 4759 3014 4828 voluerit,
3055 4767 3113 4814 ct
3150 4756 3344 4814 laudes
3383 4769 3603 4824 compo-

2020 4870 2175 4920 nere,
2206 4861 2262 4908 et
2287 4850 2795 4908 commendationes
2827 4848 3100 4929 proferre,
3131 4855 3296 4918 atque
3319 4843 3606 4901 honestio-

2022 4945 2179 5001 ribus
2226 4942 2547 5000 hominibus
2588 4940 2902 4997 necessario
2951 4939 3221 4995 utendum
3267 4936 3604 5001 arbitratur;

2020 5037 2247 5093 minime
2276 5035 2518 5101 decreta,
2547 5040 2607 5087 ut
2637 5030 2772 5097 dixi,
2800 5028 3298 5101 sedﬁpanegyricas
3328 5025 3607 5082 orationes

2019 5129 2244 5194 faciens,
2274 5136 2330 5184 et
2356 5125 2603 5199 mysterii
2645 5122 3090 5194 amplitudinem,
3123 5128 3186 5176 ut
3209 5120 3390 5186 decet,
3427 5116 3606 5173 admi-

2020 5232 2171 5283 rans,
2212 5216 2328 5272 voti
2369 5215 2457 5271 sui
2505 5215 2577 5270 sit
2614 5228 2866 5285 compos,
2911 5209 3377 5283 amplissimisque
3420 5216 3608 5264 utatur

2020 5308 2357 5374 nominibus,
2392 5305 2581 5362 laudet
2609 5305 2775 5361 etiam
2811 5312 2870 5359 et
2895 5301 3225 5358 admiretur.
3263 5299 3431 5355 Multa
3461 5297 3607 5353 enim

2022 5399 2293 5471 ejusmodi
2333 5398 2477 5469 apud
2519 5395 2856 5452 orthodoxos
2893 5394 3147 5450 doctores
3185 5391 3455 5464 legimus;
3490 5388 3608 5443 ubi-

2025 5508 2131 5562 que
2195 5507 2322 5545 vero
2385 5487 2739 5543 mediocritas
2802 5485 3127 5557 praeferatur
3175 5501 3188 5539 :
3241 5482 3405 5540 laudo
3452 5480 3606 5537 enim

2052 5656 2073 5677 κ

2102 5692 2210 5761 (66)
2245 5691 2327 5761 ἐπ’
2371 5688 2800 5761 ἔσχατον-Μέλης.

2105 5756 2215 5834 (67)
2252 5756 2563 5832 μέτροεῖὺίε
2588 5758 2756 5813 Mans.
