3962 6204
419 265 551 331 1431

1407 255 1890 317 TllEODORETI
1936 252 2274 312 EPISCOPI
2315 249 2674 310 CYHENSIS

3544 236 3678 302 use

415 378 594 439 illum,
633 373 725 442 qui
767 371 1202 426 mediocritatem
1241 366 1509 436 Optimum
1538 365 1671 434 quid
1703 379 1822 418 esse
1855 376 2002 416 assc-

2115 361 2268 412 ξστιν.
2311 358 2456 426 Δὺτη
2500 357 2598 425 τῆς
2649 351 3102 424 ὲκκλησιαστικῆς
3148 349 3382 414 πίστεως
3417 350 3453 419 ἡ
3485 348 3687 418 ὁμολο-

419 465 564 530 ruit,
592 465 694 519 etsi
739 464 910 518 nostri
955 461 1102 515 baud
1141 460 1214 513 sit.
1256 457 1452 528 gregis.
1495 455 1703 526 1305
1745 455 1869 509 llaec
1916 462 1999 508 cst

418 555 806 610 ecclesiastica:
837 551 960 605 tidei
987 549 1286 614 confessio;
1320 548 1423 601 hoc
1445 546 1770 616 evangelicze
1792 553 1846 598 et
1871 559 2000 613 apo—

419 645 626 699 stolica:
654 642 918 697 doctrina:
948 640 1254 700 decretum,
1285 652 1385 705 pro
1415 651 1523 706 quo
1552 643 1742 704 terque
1772 634 2001 704 pluries—

419 749 528 802 que
558 731 721 794 mori,
752 730 938 784 divina
980 743 1176 796 nempe
1219 727 1508 796 adjuvante
1550 724 1721 794 gratia
1759 740 1867 777 non
1907 739 1998 777 rc-

421 839 700 878 cusamus.
755 822 881 876 Haec
928 820 1119 874 eadem
1168 819 1318 884 illos,
1370 819 1462 888 qui
1511 818 1564 871 in
1613 816 1901 886 praesentia
1945 815 2000 866 in

421 930 614 970 errore
645 920 955 975 versantur,
985 911 1184 965 docere
1216 911 1269 963 in
1306 910 1548 963 animum
1580 907 1917 971 indusimus,
1946 914 2002 959 et

422 1006 630 1075 pluries
674 1019 768 1058 cos
814 1002 881 1056 ad
927 1001 1354 1071 disputationem
1391 1001 1845 1070 provocavimus,
1889 1006 2003 1051 stu-

422 1097 618 1151 dentes
666 1095 958 1151 ostendere
1011 1094 1118 1147 illis
1165 1092 1475 1155 veritatem,
1510 1107 1612 1146 nec
1660 1100 1840 1144 tamen
1891 1089 2003 1142 iliis

423 1188 798 1257 persuasimus
829 1203 841 1238 :
881 1200 1004 1238 nam
1035 1192 1483 1254 argumentorum
1511 1182 1767 1234 timentes
1789 1177 2002 1248 perspi—

424 1279 686 1334 cuitatem
740 1277 1122 1356 a/ccrtamine
1171 1291 1230 1330 se
1273 1275 1678 1330 subtraxerunt.
1722 1271 2002 1325 Inﬁrmum

424 1369 570 1424 enim
598 1383 790 1422 revera
813 1365 1178 1429 mendacium,
1198 1372 1252 1418 ct
1273 1363 1594 1417 obscuritati
1617 1361 2001 1431 coniunctum:

433 1481 450 1512 ι
481 1459 672 1514 Omnis
717 1459 887 1522 enim,
931 1457 1130 1526 inquit,
1162 1456 1257 1526 qui
1296 1455 1435 1508 male
1477 1455 1608 1525 agit,
1641 1453 1756 1507 odit
1799 1454 2002 1518 lucem,

425 1559 481 1604 ct
519 1565 631 1603 non
670 1547 820 1602 venit
870 1547 937 1600 ad
975 1547 1155 1599 lucem
1180 1586 1192 1610 ,
1247 1554 1308 1598 ut
1350 1560 1460 1598 non
1497 1552 1796 1614 arguantur
1839 1557 2004 1611 opera

426 1645 545 1714 ejus
566 1640 632 1696 ⁸⁸.
663 1661 682 1693 ι

497 1734 766 1800 Quoniam
804 1737 967 1807 igitur
999 1746 1122 1806 post
1172 1736 1404 1790 multum
1456 1735 1699 1788 laborem
1751 1729 1858 1783 illis
1892 1741 2004 1782 non

429 1828 803 1896 persuasimus
824 1828 1198 1916 ut‘veritatem
1225 1831 1639 1896 cognoscerent,
1662 1822 1730 1877 ad
1755 1819 2006 1891 proprias

430 1920 639 1974 reversi
665 1912 1187 1983 sumus'Ecclesias,
1225 1918 1414 1972 dolore
1451 1926 1506 1970 et
1554 1914 1752 1986 gaudio
1788 1912 2003 1966 aliecti:

428 2012 650 2082 gaudio,
705 2021 932 2082 propter
981 2012 1308 2066 sententiam
1345 2018 1588 2064 nostram
1632 2006 1779 2061 omni
1819 2019 2006 2059 errore

429 2113 746 2176 expertem;
794 2103 982 2159 dolore
1025 2119 1179 2170 vero,
1224 2109 1449 2172 propter
1491 2100 1860 2154 membrorum
1911 2111 2010 2149 no-

430 2208 671 2255 strorum
711 2197 1146 2267 corruptionem.
1199 2195 1568 2262 Quamobrem
1613 2203 1848 2247 vestram
1881 2207 2008 2245 san-

431 2289 678 2343 ctitatem
730 2290 897 2344 etiam
938 2297 1103 2359 atque
1133 2289 1297 2341 etiam
1333 2303 1490 2358 rogo,
1524 2294 1585 2340 ut
1620 2285 1859 2355 benigno
1898 2284 2008 2338 Do-

433 2382 584 2434 mino
633 2390 822 2436 nostro
881 2382 1224 2452 supplicetis,
1276 2389 1332 2434 et
1387 2379 1705 2434 exclametis
1748 2396 1762 2430 :
1818 2378 2008 2440 Parce,

433 2473 672 2537 Domine,
693 2473 886 2544 populo
929 2483 1038 2536 tuo,
1072 2481 1118 2524 et
1153 2489 1215 2525 ne
1245 2473 1432 2524 tradas
1463 2470 1824 2524 [nereditatem
1862 2479 2011 2522 tuam

431 2568 487 2618 in
513 2566 852 2634 opprobrium
877 2565 939 2618 ⁸³.
975 2565 1143 2618 Pasce
1169 2580 1284 2626 nos,
1319 2562 1560 2625 Domine,
1587 2578 1650 2614 ne
1680 2563 1848 2614 denuo
1879 2560 2011 2613 tales

432 2654 741 2718 evadamus,
773 2653 955 2725 quales
1006 2654 1061 2705 in
1102 2644 1357 2724 principio
1389 2653 1605 2721 fuimus,
1640 2667 1758 2703 cum
1788 2651 1877 2702 tibi
1908 2667 2012 2702 non

433 2747 771 2816 parebamus,
806 2762 973 2815 neque
1001 2743 1419 2814 implorabamus
1455 2759 1644 2796 nomen
1664 2750 1830 2794 tuum.
1866 2741 2010 2804 Vide,

432 2834 823 2904 Domine,quod
854 2834 980 2903 facti
1008 2849 1190 2885 sumus
1223 2832 1558 2904 opprobrium
1580 2832 1758 2884 vicinis
1791 2831 2013 2884 nostris:

433 2927 778 2981 subsannatio
836 2934 884 2978 et
941 2924 1118 2978 illusio
1176 2925 1277 2986 Itis,
1333 2922 1422 2993 qui
1475 2923 1530 2975 in
1571 2923 1792 2976 circuitu
1837 2931 2013 2975 nostro

2099 451 2224 518 γία’
2259 449 2414 500 τοῦτο
2445 448 2544 516 τῆς
2580 444 2940 513 εὑαγγελικῆς
2988 442 3083 495 καὶ
3127 439 3492 508 ἀποστολικῆς
3534 438 3690 490 διδα-

2101 541 2325 602 σκαλίας
2357 540 2416 592 τὸ
2443 539 2638 608 δόγμα.
2669 536 2840 606 ’Υπὲρ
2861 532 3052 586 τούτου
3077 533 3197 601 τρὶς
3223 531 3335 601 (68)
3354 534 3451 584 καὶ
3479 529 3693 582 πολλα·-

2100 650 2186 695 κις
2215 631 2506 684 ἀποθανεῖν
2539 629 2638 699 τῆς
2659 627 2753 681 τοῦ
2787 625 2924 679 Θεοῦ
2959 624 3202 694 δηλονότι
3227 624 3452 694 χάριτος
3484 638 3692 690 συνερ-

2099 723 2299 792 γούσης
2331 722 2390 774 οὑ
2422 717 2898 790 παραιτησόμεθα.
2928 715 3117 769 Ταῦτα
3145 715 3237 766 καὶ
3266 715 3391 776 τοὺς
3418 712 3514 765 νῦν
3539 711 3693 762 πλα-

2101 813 2374 883 νωμένους
2419 811 2626 873 διδάξαι
2696 806 3160 878 προεθυμήθημεν
3205 819 3221 833 ⁶
3268 804 3361 856 καὶ
3415 802 3697 864 πολλάκις

2102 905 2297 967 αὐτοὺς
2320 904 2398 966 εἰς
2442 901 2674 965 διάλεξιν
2707 895 3227 970 προύκαλεσάμεθα,
3261 894 3540 957 ὑποδεῖξαι
3589 893 3694 944 αὑ-

2100 999 2212 1058 τοῖς
2245 995 2631 1058 σπουδάζοντες
2658 991 2754 1063 τὴν
2783 989 3063 1060 ἀλήθειαν,
3097 989 3192 1040 καὶ
3220 987 3280 1038 οὑ
3306 987 3689 1053 πεπείκαμεν.

2113 1086 2483 1155 ’Υφορὼμενοι
2515 1083 2622 1154 γὰρ
2653 1081 2760 1135 τῶν
2787 1081 3026 1150 ἐλέγχων
3054 1079 3116 1130 τὸ
3158 1077 3434 1147 προφανὲς
3478 1076 3693 1143 ἔφυγον

2101 1179 2226 1239 τοὺς
2261 1176 2476 1243 ἀγῶνας
2500 1192 2514 1204 ’
2547 1173 2744 1244 σαθρὸν
2771 1172 2880 1241 γὰρ
2904 1171 2980 1232 ὼς
3002 1167 3218 1237 ἀληθῶς
3253 1168 3313 1218 τὸ
3340 1165 3569 1234 ψεῦδος,
3598 1166 3699 1216 καὶ

2101 1267 2178 1338 τῷ
2207 1268 2385 1320 σκότει
2411 1263 2856 1335 συνεζευγμένον.
2893 1281 2912 1311 ‹
2935 1261 3046 1322 Πᾶς
3076 1258 3203 1328 γὰρ.
3231 1259 3415 1325 φησὶν,
3440 1258 3469 1308 ὁ
3497 1255 3701 1322 φαῦλα

2104 1359 2383 1428 πράσσων,
2410 1356 2509 1408 οὐκ
2539 1354 2756 1424 ἔρχεται
2781 1350 2919 1420 πρὸς
2944 1350 3005 1401 τὸ
3027 1349 3163 1416 φῶς,
3201 1349 3286 1400 ἵνα
3323 1346 3397 1417 μὴ
3432 1362 3698 1415 φανερω-

2106 1449 2172 1521 θῇ
2206 1449 2310 1502 ὑπὸ
2338 1447 2430 1500 τοῦ
2472 1447 2647 1515 φωτὸς
2676 1443 2744 1496 τὰ
2768 1443 2906 1514 ἔργα
2930 1439 3114 1494 αὑτοῦ.
3157 1459 3174 1491 ι

2189 1720 2406 1788 Ἐπειδὴ
2437 1718 2615 1771 τοίνυν
2635 1713 2803 1770 πολλὰ
2831 1709 3223 1780 πεπονηκότες,
3249 1709 3310 1760 οὑ
3331 1706 3700 1775 πεπείκαμεν

2107 1814 2306 1876 αὐτοὺς
2336 1810 2633 1878 ἐπιγνῶναι
2661 1808 2761 1878 τὴν
2801 1804 3082 1876 ἀλήθειαν,
3115 1805 3194 1864 εἰς
3220 1800 3318 1862 τὰς
3339 1798 3556 1860 οἰκείας
3592 1799 3706 1848 ἑπ-

2108 1903 2409 1974 ανὴλθομεν
2441 1900 2767 1970 Ἐκκλησίας
2792 1895 3126 1966 ἀθυμοῦντες
3154 1895 3247 1945 καὶ
3269 1891 3558 1963 χαίροντες
3584 1907 3598 1918 ·
3633 1889 3706 1939 τὸ

2112 1996 2229 2066 μὲν,
2253 1994 2339 2047 διὰ
2369 1991 2430 2044 τὸ
2463 1991 2728 2062 ἡμέτερον
2759 1987 2994 2048 ἀπλανὲς
3015 2025 3028 2047 ,
3067 1984 3127 2036 τὸ
3176 1982 3270 2044 δὲ,
3305 1981 3392 2032 διὰ
3432 1980 3539 2048 τὴν
3587 1976 3710 2027 τῶν

2113 2085 2288 2156 μελῶν
2319 2083 2473 2154 ἡμῶν
2506 2080 2795 2150 σηπεδόνα.
2823 2076 2913 2129 Διὸ
2945 2076 3040 2145 τὴν
3071 2072 3342 2144 ὑμετέραν
3371 2067 3709 2136 ἁγιωσύνην

2111 2176 2434 2249 παρακαλῶ,
2470 2173 2723 2243 ἐκθύμως
2749 2173 2838 2225 τὸν
2870 2168 3247 2240 φιλάνθρωπον
3282 2169 3314 2234 ἡ
3325 2165 3442 2234 μῶν
3474 2163 3710 2215 ἰκετεῦ-

2113 2285 2202 2320 σαι
2238 2267 2534 2337 Δεσπότην,
2561 2266 2654 2317 καὶ
2686 2263 2822 2334 πρὸς
2849 2261 3011 2314 αὑτὸν
3038 2260 3229 2330 βοῆσαι
3255 2275 3268 2288 ·
3305 2257 3544 2316 Φεῖσαι,
3583 2259 3710 2309 Ku-

2103 2377 2220 2428 ριε,
2247 2359 2351 2412 τοῦ
2381 2357 2533 2410 λαοῦ
2569 2372 2710 2419 σου,
2740 2354 2838 2407 καὶ
2863 2352 2949 2422 μὴ
2984 2351 3102 2417 δῷς
3136 2349 3251 2418 τὴν
3277 2348 3713 2415 κληρονομίαν

2113 2468 2229 2505 σου
2250 2452 2338 2515 εις
2375 2447 2626 2513 ὄνειδος.
2681 2445 2984 2514 Ποίμανον
3015 2440 3192 2511 ἡμᾶς,
3233 2441 3435 2506 Κύριε,
3479 2438 3592 2489 ἵνα
3619 2436 3710 2504 μὴ

2113 2543 2411 2614 γενώμεθα
2439 2543 2518 2607 ὡς
2559 2541 2623 2593 τὸ
2658 2538 2938 2606 ἀπαρχῆς
2983 2535 3082 2588 ὅτε
3127 2535 3238 2587 οὐκ
3265 2527 3444 2600 ἦρχες
3502 2528 3712 2597 ἡμῶν,

2115 2635 2257 2690 οὐδὲ
2293 2633 2662 2699 ἐπεκέκλητο
2702 2630 2768 2683 τὸ
2814 2627 3001 2697 ὄνομά
3034 2642 3151 2679 σου
3183 2625 3274 2693 ἐφ’
3319 2622 3501 2691 ἡμᾶς.
3556 2621 3715 2680 Ἴδε,

2114 2728 2312 2794 Κύριε,
2371 2725 2461 2778 ὅτι
2518 2723 2888 2793 ἐγενήθημεν
2956 2717 3186 2782 ὄνειδος
3246 2714 3369 2779 τοῖς
3426 2713 3718 2781 γείτοσιν

2116 2818 2313 2888 ἡμῶν,
2338 2814 2755 2886 μυκτηρισμὸς
2789 2812 2885 2866 καὶ
2920 2807 3267 2880 χλευασμὸς
3315 2805 3445 2870 τοῖς
3490 2806 3721 2868 κύκλῳ

2115 2909 2283 2979 ἡμῶν
2307 2925 2320 2939 ⁸
2363 2909 2452 2961 ὅτι
2479 2905 2730 2972 εἰσῆλθε
2750 2904 3013 2973 δόγματα
3036 2898 3266 2967 πονηρὰ
3290 2900 3372 2962 εἰς
3403 2895 3522 2962 τὴν
3554 2898 3683 2961 eam
3699 2922 3721 2933 -

430 3027 556 3073 sunt
587 3017 654 3099 δξ,
686 3018 811 3088 quia
831 3033 997 3086 prava
1029 3015 1277 3085 dogmata
1308 3014 1520 3067 inducta
1556 3023 1676 3066 sunt
1698 3014 1752 3066 in
1796 3014 2012 3067 Incredi-

2115 3001 2418 3070 ρονομίαν.
2491 2999 2778 3066 Ἐμίαναν
2828 2995 2938 3048 τὸν
2984 2993 3137 3047 ναὸν
3188 2997 3293 3044 τόν
3341 2988 3521 3056 ἅγιόν·
3565 3004 3718 3046 σου,

2127 3093 2151 3103 κ
2279 3093 2291 3103 ι
2409 3089 2420 3103 ο
2475 3093 2498 3103 Α
2703 3091 2727 3103 Α
2899 3085 2911 3103 ν
3070 3086 3196 3103 9.1,
3238 3083 3419 3103 ξορα-λ--
3452 3081 3550 3103 3-ὶ
3587 3079 3718 3103 --τ-

436 3120 621 3165 tatem.
677 3108 994 3164 Polluerunt
1045 3106 1301 3176 templum
1359 3115 1601 3160 sanctum
1659 3114 1829 3168 tuum,
1889 3107 2012 3170 quia

436 3201 857 3271 alienigenarum
879 3197 1006 3257 filia:
1036 3197 1229 3252 laztatae
1253 3207 1376 3251 sunt
1397 3199 1459 3250 de
1473 3197 1626 3251 malis
1646 3199 1836 3251 nostris
1855 3239 1868 3260 ,
1891 3199 2016 3266 quia

436 3292 494 3347 in
546 3291 739 3346 multos
790 3290 941 3344 divisi
986 3306 1190 3353 sumus,
1236 3291 1324 3360 qui
1354 3298 1514 3342 antea
1567 3289 1846 3342 concordes
1877 3289 2019 3360 ejus-

440 3385 559 3437 dem
594 3383 806 3453 1306
821 3399 1032 3436 eramus
1061 3383 1351 3436 sententiw.
1384 3381 1607 3434 Domine
1637 3381 1778 3434 Deus
1816 3390 2014 3447 noster,

439 3476 508 3528 da
540 3475 682 3528 nobis
703 3491 906 3546 pacem,
938 3491 1098 3545 quam
1128 3480 1217 3527 tua
1235 3472 1550 3543 negligentes
1597 3481 1857 3543 pra’cepta
1895 3490 2016 3542 per-

439 3567 688 3620 didimus.
742 3566 984 3631 Domine,
1029 3572 1220 3636 prwter
1243 3573 1291 3616 te
1319 3564 1485 3618 alium
1529 3580 1635 3616 non
1665 3563 2015 3634 cognovimus,

440 3674 629 3712 nomen
661 3666 807 3710 tuum
839 3659 1206 3721 nominamus;
1249 3655 1415 3709 divisa
1447 3657 1499 3708 in
1531 3647 1918 3723 unum'redige,
1968 3661 2017 3706 et

437 3751 714 3813 sepimenti
744 3751 1021 3820 parietem,
1053 3749 1108 3801 id
1151 3759 1225 3800 est
1256 3748 1600 3818 impietatem,
1660 3763 1778 3818 qua:
1834 3754 2019 3801 exorta

438 3854 535 3904 est,
574 3841 819 3896 dissolve.
872 3841 1009 3912 Coge
1052 3858 1144 3894 nos
1187 3839 1444 3910 singulos,
1490 3842 1578 3907 qui
1619 3857 1780 3894 novus
1834 3856 2017 3893 sumus

439 3933 629 3998 Israel,
660 3931 928 4001 wdificans
945 3931 1266 3994 Jerusalem,
1299 3939 1347 3983 et
1391 3930 1640 4001 colligens
1658 3931 1876 3985 Israelis
1907 3931 2016 3984 dis-

440 4040 639 4095 persos.
700 4021 916 4076 Fiamus
946 4026 1139 4079 iterum
1169 4023 1303 4077 ovile
1333 4040 1494 4076 unum
1530 4023 1595 4086 ⁵³,
1621 4032 1671 4074 et
1700 4040 1875 4076 omnes
1907 4042 1938 4077 a
1971 4033 2020 4077 te

439 4131 758 4187 pascantur;
816 4132 943 4168 nam
987 4125 1041 4168 tu
1086 4133 1138 4169 es
1182 4125 1362 4186 pastor
1421 4115 1604 4176 bonus,
1651 4114 1740 4184 qui
1781 4116 2018 4167 animum

441 4216 591 4261 tuam
637 4205 823 4260 dedisti
855 4224 949 4277 pro
995 4208 1193 4260 ovibus.
1244 4207 1638 4276 Expergiscere,
1672 4222 1766 4258 cur
1795 4207 2015 4272 dormis,

439 4296 703 4351 Domine?
731 4313 972 4367 exsurge,
1005 4313 1098 4350 nec
1131 4294 1356 4366 repellas
1396 4296 1448 4347 in
1480 4303 1788 4366 perpetuum
1817 4297 1881 4348 ³⁸.
1915 4295 2019 4349 0b-

431 4388 600 4458 jurga
634 4403 801 4451 mare,
833 4393 885 4438 et
913 4395 1112 4449 ventos,
1145 4396 1192 4437 et
1224 4383 1471 4438 Ecclesia:
1516 4392 1618 4437 tum
1646 4383 2017 4454 tranquillita-

442 4486 546 4530 tem
595 4485 645 4530 et
691 4480 948 4548 fluctuant
993 4476 1316 4529 sedationem
1363 4475 1601 4528 concede.
1639 4475 1765 4529 llrec
1807 4476 2021 4545 aliaque

443 4569 737 4640 ejusmodi,
788 4578 1028 4623 vestram
1072 4583 1201 4638 rogo
1259 4567 1541 4636 pietatem,
1587 4575 1647 4618 ut
1679 4565 1747 4619 ab
1773 4566 2024 4634 omnipo—

446 4669 598 4714 tente
622 4658 996 4729 deprecemini
1027 4658 1138 4711 Deo
1165 4673 1178 4721 ;
1209 4657 1355 4726 quia,
1383 4671 1503 4709 cum
1529 4656 1707 4710 bonus
1737 4657 1805 4710 sit
1839 4665 1893 4709 ct
1921 4656 2021 4710 ho-

441 4749 656 4803 minum
683 4765 894 4811 amans,
947 4757 1112 4818 atque
1165 4763 1382 4816 semper
1432 4746 1721 4816 indulgens
1755 4745 2025 4800 voluntati

440 4840 685 4904 illorum,
713 4842 806 4911 qui
849 4857 976 4895 cum
1020 4841 1234 4902 timent,
1263 4848 1499 4892 vestram
1535 4837 1792 4891 exaudiet
1829 4837 2025 4906 depre-

444 4932 742 4996 cationem,
773 4948 838 4987 ac
861 4939 1187 5002 przesentem
1237 4930 1524 5000 caliginem
1581 4929 1830 4998 {Egyptia
1870 4929 2024 4998 plaga

443 5024 825 5080 obscuriorem
859 5023 1118 5093 depellet,
1157 5037 1422 5090 suamque
1441 5021 1733 5075 amabilem
1759 5020 2025 5089 largietur

444 5112 922 5182 tranquillitatem,
953 5112 1233 5180 dispersos
1262 5109 1502 5179 colliget,
1546 5119 1602 5163 et
1647 5108 1905 5178 expulsos
1933 5123 2025 5161 re-

443 5203 636 5274 cipiet,
667 5211 830 5272 atque
863 5217 970 5255 vox
995 5202 1195 5255 laetitia:
1221 5208 1278 5256 et
1302 5200 1495 5254 salutis
1524 5199 1725 5254 iterum
1757 5199 1810 5252 in
1839 5199 2019 5269 justo-

444 5309 568 5350 rum
600 5294 858 5348 audietur
884 5293 1278 5347 tabernaculis.
1316 5292 1473 5346 Tunc
1523 5301 1579 5345 et
1619 5307 1720 5345 nos
1753 5291 2021 5345 acclama-

440 5381 626 5438 bimus
646 5386 696 5440 ci
727 5404 741 5439 :
774 5405 792 5436 ι
819 5385 1012 5440 Lsetati
1063 5401 1254 5442 sumus
1300 5402 1401 5456 pro
1450 5385 1666 5450 diebus,
1693 5383 1894 5454 quibus
1917 5400 2019 5439 nos

2118 3093 2204 3146 ὅτι
2233 3089 2662 3161 εὐφράνθησαν
2695 3085 3014 3156 θυγατέρες
3051 3071 3420 3152 ἀλλοφύλων
3445 3081 3550 3132 ἐπὶ
3587 3079 3720 3142 τοῖς

2117 3183 2426 3253 ἡμετέροις
2449 3182 2673 3246 κακοῖς.
2714 3182 2842 3232 Ὅτι
2873 3177 3271 3247 ἐμερίσθημεν
3299 3175 3386 3238 εις
3414 3170 3721 3240 γλώσσας

2119 3275 2356 3342 πολλὰς
2403 3279 2457 3329 οἱ
2504 3273 2708 3343 πρώην
2735 3268 3212 3341 ὀμορρονοῦντές
3245 3284 3308 3320 τε
3334 3266 3432 3318 καὶ
3469 3268 3719 3332 ὁμοφω-

2120 3371 2393 3436 νοῦντες.
2445 3369 2621 3436 Κύριε
2653 3369 2685 3420 ό
2723 3364 2868 3430 Θεὸς
2905 3363 3094 3432 ἡμῶν,
3132 3359 3381 3428 είρήνην
3409 3357 3516 3420 δὸς
3559 3354 3720 3420 ἡμῖν

2125 3463 2207 3530 ἢν
2226 3459 2643 3528 ἀπωλέσαμεν,
2668 3456 2788 3510 τῶν
2812 3454 2942 3509 σῶν
2961 3450 3227 3507 ἐντολῶν
3258 3447 3714 3518 ἀμελήσαντες.

2126 3555 2328 3623 Κύριε,
2367 3552 2541 3616 ἐκτὸς
2576 3550 2692 3604 σοῦ
2733 3549 2926 3602 ἄλλον
2958 3549 3068 3600 οὐκ
3107 3544 3355 3612 οἴδαμεν
3376 3560 3389 3571 ε
3421 3539 3480 3592 τὸ
3503 3539 3717 3606 ὄνομά

2125 3663 2242 3700 σου
2274 3643 2636 3712 ὀνομάζομεν
2672 3658 2686 3673 ο
2733 3641 2996 3706 ποίησον
3034 3635 3105 3690 τὰ
3135 3635 3442 3704 ἀμφότερα
3471 3630 3564 3690 ἓν,
3608 3630 3714 3681 καὶ

2119 3739 2183 3790 τὸ
2235 3739 2595 3806 μεσότοιχον
2632 3732 2740 3786 τοῦ
2787 3729 3058 3800 φραγμοῦ
3102 3727 3305 3782 λῦσον
3333 3766 3347 3787 ,
3399 3723 3519 3789 τὴν
3559 3727 3720 3774 dra-

2119 3829 2379 3900 seveTO'ar
2415 3826 2716 3898 ἀσέϐειαν.
2752 3822 3060 3892 Συνάγπαγε
3092 3817 3247 3886 ἡμᾶς
3293 3817 3405 3870 ἕνα
3443 3815 3584 3867 καθ’
3609 3815 3724 3866 ἕνα

2119 3923 2224 3975 τὸν
2239 3917 2412 3974 ³νέον
2449 3932 2566 3970 σου
2625 3913 2896 3981 Ἰσραὴλ,
2931 3909 3256 3978 οἰκοδομῶν
3301 3905 3727 3973 Ἰερουσαλὴμ

2119 4011 2217 4066 καὶ
2252 4011 2358 4075 τὰς
2389 4006 2722 4074 διασπορὰς
2767 4005 3014 4073 Ἰσραὴλ
3058 3998 3468 4066 ἐπισυνάγων.
3521 3999 3576 4048 Γ
3578 3997 3726 4048 sub-

2115 4108 2265 4174 μεθα
2291 4102 2477 4155 πάλιν
2499 4101 2609 4169 μία
2637 4098 2880 4166 ποίμνη,
2911 4096 3010 4148 καὶ
3038 4093 3258 4157 πάντες
3281 4088 3401 4145 ὑπὸ
3434 4089 3562 4141 σοί
3591 4103 3725 4139 ποι-

2115 4193 2482 4263 μανθείημεν
2506 4206 2521 4219 ο
2549 4188 2631 4242 σὺ
2671 4188 2780 4255 γὰρ
2809 4183 2867 4239 εἴ
2900 4188 2931 4238 ό
2959 4184 3184 4252 ποιμὴν
3222 4184 3253 4234 ό
3285 4179 3500 4244 καλὸς,
3544 4183 3582 4231 ὀ
3609 4177 3727 4240 τὴν

2120 4283 2332 4355 ψυχὴν
2359 4283 2544 4338 αὐτοῦ
2572 4278 2844 4344 τεθεικὼς
2871 4277 3023 4344 ὑπὲρ
3051 4275 3169 4327 τῶν
3195 4271 3544 4341 προϐάτων.
3593 4269 3727 4334 Ἐξ-

2053 4394 2096 4449 υ
2124 4375 2409 4446 εγέρθητι,
2442 4371 2598 4426 tract
2627 4369 2862 4433 ὐπνοῖς,
2906 4367 3123 4433 Κύριε;
3158 4361 3459 4426 ἀνάστηθι
3499 4357 3612 4412 και
3638 4361 3728 4427 μὴ

2120 4467 2335 4534 ἀπώσῃ
2387 4468 2473 4530 εἷς
2506 4465 2679 4526 τέλος
2706 4479 2719 4490 ·
2771 4459 3130 4526 ἐπιτίμησον
3173 4453 3296 4517 τοῖς
3325 4451 3594 4518 ἀνέμοις
3629 4449 3728 4500 καὶ

2121 4559 2195 4628 τῇ
2227 4557 2487 4624 θαλάττῃ
2511 4572 2525 4585 ’
2557 4554 2653 4606 καὶ
2678 4552 2782 4615 δὸς
2808 4549 3086 4619 γαλήνην
3115 4542 3190 4611 τῇ
3228 4542 3578 4607 Ἐκκλησίςι
3605 4554 3733 4593 σοι

2121 4652 2216 4704 καὶ
2252 4648 2528 4718 κυμάτων
2574 4641 2958 4711 ἀπαλλαγήν.
2990 4637 3176 4691 Ταῦτα
3209 4635 3302 4687 καὶ
3340 4633 3445 4684 ὅσα
3483 4630 3732 4683 τοιαῦτα

2124 4741 2427 4814 παρακαλῶ
2453 4739 2550 4810 τὴν
2589 4736 2860 4808 ὑμετέραν
2909 4729 3222 4786 θεοσέϐειαν
3266 4726 3398 4796 βοᾷν
3435 4725 3590 4793 πρὸς
3636 4721 3732 4773 εἰη

2122 4838 2229 4890 τῶν
2260 4835 2395 4890 ὅλων
2435 4831 2565 4885 Θεόν
2592 4849 2606 4862 ο
2648 4827 2850 4897 ἀγαθὸς
2892 4825 3000 4895 γὰρ
3043 4822 3118 4876 ὢν
3169 4819 3262 4873 καὶ
3297 4816 3727 4885 φιλάνθρωπκ,

2124 4929 2216 4983 καὶ
2259 4928 2321 4980 τὸ
2354 4926 2564 4994 θέλημα
2611 4921 2720 4974 τῶν
2767 4916 3120 4989 φοϐουμένων
3153 4911 3316 4965 αὑτὸν
3378 4909 3569 4960 ποιῶν
3617 4910 3732 4966 ἀεὶ,

2121 5021 2220 5089 τῆς
2241 5018 2511 5087 ὑμετέρας
2529 5012 2639 5082 (69)
2655 5012 2890 5082 δεήσεως
2919 5005 3305 5063 ἐπακούσεται,
3323 4999 3420 5052 καὶ
3451 4999 3558 5050 τὸν
3578 5015 3734 5068 παρ-

2123 5109 2450 5177 όνταζὸφον
2494 5103 2852 5158 ἀποσκεδάσει
2884 5100 2974 5152 τὸν
3016 5098 3115 5166 τῆς
3151 5094 3543 5162 Αἰγυπτιακῆς
3584 5091 3739 5158 πλη-

2127 5203 2228 5270 γῆς
2279 5198 2702 5268 ζοφωδέστερον,
2742 5192 2838 5245 καὶ
2882 5191 2982 5260 τὴν
3025 5186 3190 5242 αὑτοῦ
3227 5186 3388 5254 φίλην
3435 5187 3738 5254 χαριεῖται

2127 5292 2394 5360 γαλήνην,
2451 5287 2546 5340 καὶ
2593 5284 2805 5349 συνάξει
2855 5282 2980 5343 τοὺς
3029 5275 3592 5347 διεσκορπισμένους,
3641 5278 3742 5327 καὶ

2125 5383 2252 5443 τοὺς
2283 5376 2642 5446 ἁπωσμένους
2677 5371 2990 5437 εἰσδὲξεται.
3024 5368 3134 5422 Kal.
3179 5365 3601 5435 ἀκουσθήσεται
3632 5368 3744 5418 πᾶ·

513 5542 558 5568 ⁸³⁸
582 5537 738 5592 Joan.
773 5556 853 5604 ιιι,
883 5539 964 5594 l0.
1045 5540 1225 5595 “Jocl
1295 5558 1352 5605 ιι,
1385 5544 1464 5595 l7.
1543 5543 1586 5574 ⁵ο
1623 5543 1765 5597 Psal.
1793 5559 2006 5605 LXXVIII,

2165 5541 2205 5570 ⁵⁸
2231 5539 2387 5592 Joan.
2423 5551 2478 5595 χ,
2514 5531 2595 5586 10.
2673 5532 2718 5561 δ’
2755 5529 2893 5584 Psal.
2937 5543 3083 5592 mu,
3115 5525 3204 5580 ‘25.

519 5691 626 5766 (68)
659 5695 802 5764 τρεῖς
834 5693 994 5748 Vind.
1029 5695 1240 5750 vitiose.

2201 5691 2309 5764 (159)
2337 5707 2382 5743 τ.
2424 5691 2580 5760 ἡμετ.
2605 5687 2774 5740 Mans.
