3962 6204
236 335 373 406 1433

1594 345 1959 407 EPISTULA
1990 345 2130 406 CLI.

3351 338 3491 408 1434

234 453 315 507 λιν
340 448 491 523 φωνὴ
519 449 890 520 ἀγαλλιάσεως
919 451 1012 504 καὶ
1051 449 1329 522 σωτηρίας
1359 453 1418 506 ὲν
1463 454 1690 523 σκηναῖς
1729 455 1808 504 δι-

1921 450 2256 510 humiliasti:
2303 451 2483 516 annis,
2530 452 2733 520 quibus
2762 451 3005 507 vidimus
3043 450 3187 506 mala
3216 450 3284 506 ³³.
3326 468 3347 503 ι
3377 451 3489 509 Vos

235 543 421 597 καίων.
452 541 584 595 Τότε
614 542 710 595 καὶ
732 544 892 613 ἡμεῖς
930 542 1198 613 βοήσομεν
1227 542 1365 613 πρὸς
1397 543 1559 597 αὐτόν
1586 561 1600 575 υ
1650 562 1669 595 ι
1700 544 1802 596 Εὐ-

233 633 544 705 φράνθημεν
567 633 682 687 ἀνθ’
713 626 789 686 ὧν
808 634 1033 704 ἡμερῶν
1061 634 1430 699 ὲταπείνωσας
1462 636 1610 707 ἡμᾶς
1663 620 1799 705 (Ἱθ),

232 725 366 777 ἑτῶν
388 719 462 778 ὧν
491 724 708 796 εἴδομεν
732 724 899 779 κακά.
940 742 959 775 ι
993 726 1102 778 Καὶ
1139 726 1296 796 ὐμεῖς
1320 726 1377 780 δὲ
1408 728 1508 797 τῆς
1533 727 1803 798 αίτήσεως

232 814 499 884 τυχόντες,
533 813 906 886 ἀνυμνοῦντες
931 816 1093 868 αὐτὸν
1114 818 1290 888 ἐρεῖτε
1327 834 1342 850 ·
1380 835 1399 869 ι
1430 817 1735 887 Εὐλογητὸς
1772 816 1802 867 6

1910 551 2093 598 autem
2120 543 2268 597 nacti
2312 542 2762 611 postulationem,
2793 543 3079 598 laudantes
3098 557 3223 597 eum
3249 541 3444 597 dicetis
3472 559 3487 596 :

1917 654 1935 686 ι
1971 634 2301 689 Benedictus
2337 633 2623 698 Dominus,
2672 634 2769 703 qui
2821 649 2934 688 non
2967 634 3172 689 amovit
3212 633 3491 687 orationes

1909 734 2147 788 nostras,
2179 732 2236 778 et
2266 723 2702 778 misericordiam
2728 740 2883 780 suam
2912 741 2943 779 a
2974 724 3155 780 nobis.
3172 723 3237 778 Ei
3270 722 3344 778 sit
3370 722 3489 793 glo-

1912 814 1994 868 ria
2016 813 2075 867 in
2097 814 2320 869 saecula.
2353 813 2529 869 Amen
2554 816 2620 869 “.
2663 834 2682 867 ι

232 906 361 969 Θεὸς
387 905 446 970 ὃς
482 907 583 961 οὐκ
619 907 897 978 ἀπέστησε
930 909 1029 979 τὴν
1054 910 1358 982 προσευχὴν
1405 910 1586 982 ήμῶν,
1618 910 1713 964 καὶ
1740 908 1801 961 τὸ
1837 907 1983 971 ἔλεος
2005 906 2170 962 αὐτοῦ
2204 909 2296 977 ἀφ’
2326 907 2503 979 ἡμῶν.
2535 909 2750 981 Αὐτῷή
2811 910 2938 974 δόξα
2994 911 3075 974 είς
3102 911 3227 973 τούς
3260 907 3486 971 αίῶνας.

245 993 435 1071 Ἀμήν.
478 1020 497 1052 ι

234 1111 363 1165 Ὅτι
389 1111 486 1165 καί
514 1111 666 1180 μετὰ
698 1112 812 1178 τὴν
847 1113 1305 1181 ἐνανθρὼπησιν
1334 1108 1426 1180 εἷς
1474 1118 1603 1182 Γὶυς
1636 1134 1667 1170 o
1690 1117 1806 1170 Κύ-

565 1198 699 1249 ριος
721 1182 893 1250 ἡμῶν
932 1183 1171 1250 Ἰησοῦς
1194 1186 1465 1253 Χριστός.

307 1292 371 1344 Ol
399 1290 496 1354 τάς
526 1289 648 1344 καθ’
696 1292 852 1362 ἡμῶν
887 1293 1252 1362 συκοφαντίας
1283 1295 1690 1351 συντεθεικότες
1724 1292 1805 1354 είς

1976 1112 2187 1182 1307
2222 1110 2380 1182 Quod
2408 1122 2458 1166 et
2487 1123 2600 1182 post
2629 1113 2975 1166 humanitatis
3006 1120 3436 1182 assumptwnem,

1973 1181 2157 1237 unicus
2190 1181 2358 1236 Filius
2385 1184 2455 1237 sit
2483 1181 2738 1237 Dominus
2768 1191 2947 1236 noster
2973 1182 3126 1236 Iesus
3158 1181 3415 1239 Christus.

1981 1293 2085 1360 Qui
2120 1293 2424 1349 calumnias
2469 1295 2525 1349 in
2568 1309 2670 1348 nos
2709 1294 3099 1359 contulerunt,
3136 1295 3191 1349 in
3229 1294 3369 1349 duos
3402 1295 3488 1349 dt-

235 1382 326 1436 δύο
367 1382 773 1454 μερίζεινήμᾶς
801 1400 963 1453 φασιν
986 1384 1099 1454 (71)
1131 1386 1280 1450 υίούς
1320 1386 1410 1439 τὸν
1459 1386 1556 1439 ἕνα
1600 1384 1806 1455 Κύριον

1921 1394 2049 1442 cunt
2090 1385 2232 1439 filios
2249 1401 2350 1439 nos
2365 1385 2615 1440 dividere
2650 1384 2873 1439 unicum
2911 1384 3201 1440 Dominum
3239 1396 3487 1441 nostrum

238 1473 391 1544 ἡμῶν
427 1473 632 1543 Ἰησοῦν
659 1475 913 1546 Χριστόν.
946 1476 1135 1545 Ἡμεῖς
1163 1476 1218 1528 δὲ
1251 1475 1504 1531 τοσοῦτον
1532 1475 1809 1544 ἀπέχομεν

1921 1480 2099 1533 Iesum
2121 1476 2421 1533 Christum.
2455 1477 2655 1531 Verum
2680 1483 2890 1530 tantum
2934 1475 3091 1530 abest
3141 1484 3202 1530 ut
3231 1492 3333 1531 nos
3363 1478 3488 1531 talia

235 1564 329 1616 τοῦ
370 1564 546 1617 ταῦτα
583 1567 820 1635 φρονεῖν,
850 1567 933 1619 ὅτι
967 1568 1062 1620 καὶ
1105 1569 1231 1630 τοὺς
1260 1566 1431 1620 ταῦτα
1466 1567 1646 1635 λέγειν
1686 1565 1809 1618 τολ-

1921 1569 2241 1639 cogitemus,
2272 1574 2333 1621 ut
2360 1576 2418 1621 et
2439 1567 2561 1621 illos
2583 1567 2674 1636 qui
2700 1582 2765 1621 ea
2793 1566 2977 1621 dicere
2994 1566 3218 1631 audent,
3242 1568 3491 1637 impieta-

239 1654 455 1725 μῶντας
500 1655 611 1725 (72)
646 1656 963 1720 δυσσεϐείας
1001 1658 1344 1729 γραφόμεθα.
1377 1658 1517 1710 Ἕνα
1545 1657 1653 1728 γὰρ
1682 1656 1810 1709 Υίὸν

1921 1659 1987 1714 tis
2008 1672 2350 1712 accusemus.
2381 1657 2514 1711 Nam
2543 1656 2766 1711 unicum
2784 1648 2984 1711 Filium
3015 1657 3269 1711 venerari
3289 1672 3319 1710 a
3337 1673 3490 1712 sacra

238 1745 389 1815 παρὰ
447 1745 549 1815 τῆς
595 1745 743 1809 Θείας
792 1746 1016 1817 Γραφῆς
1061 1750 1386 1817 προσκυνεῖν
1428 1747 1807 1816 ἐδιδάχθημεν,

1921 1752 2200 1822 Scriptura
2224 1750 2409 1808 edocti
2438 1766 2650 1815 sumus,
2687 1750 2977 1804 Dominum
3013 1750 3225 1805 scilicet
3241 1757 3490 1803 nostrum

235 1833 326 1886 τὸν
377 1831 578 1902 Κύριον
630 1833 787 1903 ήμῶν
841 1832 1049 1903 Ἰησοῦν
1094 1833 1351 1905 Χριστὸν,
1396 1833 1488 1886 τὸν
1540 1833 1806 1904 μονογενῆ

239 1922 366 1975 Υίὸν
408 1920 505 1974 τοῦ
560 1921 718 1989 Θεοῦ,
760 1921 853 1976 τὸν
891 1924 1387 1995 ὲνανθρωπήσαντα
1433 1925 1564 1979 Θεὸν
1601 1925 1807 1993 Λόγον’

237 2014 329 2068 τὸν
369 2014 480 2085 γὰρ
519 2014 679 2069 αὐτὸν
716 2014 1116 2086 ὁμολογοῦμεν,
1156 2016 1251 2068 καὶ
1287 2016 1420 2069 Θεὸν
1466 2016 1808 2088 προαιώνιον,

240 2107 333 2159 καὶ
364 2106 651 2177 ἄνθρωπον
682 2107 770 2161 διὰ
802 2107 900 2178 τὴν
940 2106 1047 2161 τῶν
1078 2106 1382 2178 ἀνθρώπων
1426 2108 1699 2179 σωτηρίαν
1725 2108 1810 2160 ἐπ’

239 2196 481 2268 ἐσχάτων
513 2197 627 2267 (75)
663 2198 774 2251 τῶν
807 2196 1029 2268 ἡμερῶν
1063 2200 1352 2269 γενόμενον
1378 2213 1393 2227 ⁶
1440 2198 1731 2268 γενόμενον
1755 2196 1812 2250 δὲ

239 2290 521 2360 ἄνθρωπον
557 2291 618 2344 οὐ
648 2292 714 2362 τῇ
748 2295 921 2363 τροπῇ
955 2293 1052 2363 τῆς
1083 2293 1357 2363 θεότητος,
1389 2293 1526 2347 ἀλλά
1555 2296 1622 2364 τῇ
1648 2310 1814 2364 προσ-

239 2383 397 2452 λήψει
447 2382 546 2450 τῆς
590 2380 1027 2452 ἀνθρωπότητος.
1083 2385 1387 2454 Ἀτρεπτον
1430 2382 1541 2454 γὰρ
1570 2381 1680 2453 ἔχει
1714 2383 1812 2451 τὴν

237 2473 336 2543 τῆς
360 2472 612 2542 θεότητος
646 2473 807 2540 φύσιν
835 2474 927 2525 καὶ
957 2473 1339 2536 ἀναλλοίωτον,
1370 2473 1623 2543 καθάπερ
1651 2475 1680 2525 6
1708 2473 1814 2543 πρὸ

237 2564 344 2617 τῶν
370 2561 578 2616 αίώνων
608 2564 872 2634 γεννήσας
898 2563 1059 2615 αὐτὸν
1086 2563 1299 2633 Πατὴρ,
1328 2565 1421 2615 καὶ
1452 2564 1589 2634 ὅπερ
1618 2564 1684 2616 ἄν
1727 2580 1812 2626 τις

241 2660 332 2711 ὲπὶ
357 2660 454 2731 τῆς
478 2659 571 2712 τοῦ
598 2660 811 2730 Πατρὸς
836 2659 1023 2721 οὐσίας
1051 2660 1284 2731 νοήσειε,
1328 2658 1424 2713 καὶ.
1465 2658 1558 2710 ἐπὶ
1587 2656 1686 2726 τῆς
1715 2654 1810 2708 τοῦ

241 2749 577 2818 Μονογενοῦς
607 2749 764 2802 τοῦτο
795 2749 1012 2811 πάντως
1041 2750 1284 2819 εὑρήσει.
1333 2749 1425 2813 Ἐξ
1457 2747 1674 2819 ἐκείνης
1705 2745 1813 2817 γάρ

242 2840 340 2910 τῆς
365 2840 551 2903 οὐσίας
578 2839 916 2910 γεγέννηται.
944 2840 1054 2891 Kal
1083 2838 1241 2892 τοῦτο
1261 2838 1537 2893 διδάσκων
1559 2839 1587 2889 6
1612 2837 1814 2907 Κύριος

244 2933 348 3003 ἔφη
376 2932 452 3004 τῷ
489 2931 741 3002 Φιλίππῳ
772 2948 787 2963 ·
839 2951 857 2982 ι
899 2932 956 2984 ’0
1002 2932 1262 3001 ἑωρακὼς
1312 2931 1434 3003 ἐμὲ,
1481 2930 1690 3003 ἑώρακε
1725 2929 1814 2984 τὸν

1911 1844 2100 1899 Jesum
2135 1841 2439 1907 Christum,
2482 1841 2831 1913 unigenitum
2864 1842 3065 1896 Filium
3099 1841 3219 1906 Dei,
3250 1841 3490 1897 Verbum

1872 1958 1881 1963 ~
1912 1936 2105 2000 Deum,
2140 1934 2289 2005 quod
2312 1935 2613 1989 humanum
2638 1951 2839 2005 corpus
2868 1936 3194 2005 assumpsit,
3222 1949 3287 1989 ac
3306 1934 3489 2004 ipsum

1913 2027 2086 2081 Deum
2102 2041 2223 2081 esse
2244 2025 2641 2095 sempiternum
2663 2024 2919 2089 fatemur,
2938 2032 2996 2080 et
3012 2025 3291 2079 hominem
3310 2028 3494 2078 extre—

1912 2117 2391 2188 misitemporibus
2411 2116 2639 2182 factum,
2662 2124 2889 2187 propter
2909 2117 3140 2175 salutem
3162 2115 3447 2171 hominum
3476 2131 3490 2168 :

1870 2238 1885 2247 κ
1913 2208 2118 2262 factum
2149 2216 2357 2273 autem,
2394 2222 2504 2262 non
2537 2207 2844 2261 mutatione
2886 2205 3213 2270 divinitatis,
3256 2203 3353 2260 sed
3391 2204 3495 2259 hu-

1913 2297 2062 2351 mani
2107 2296 2359 2366 corporis
2407 2296 2827 2366 assumptione;
2882 2293 3279 2349 immutabilem
3327 2292 3495 2346 habet

1915 2387 2222 2444 divinitatis
2244 2396 2517 2451 naturam,
2544 2403 2727 2458 neque
2761 2384 3129 2442 vicissitudini
3168 2384 3493 2455 subiectam,

1915 2474 2379 2544 quemadmodum
2412 2476 2595 2541 Pater,
2637 2476 2733 2545 qui
2780 2491 2907 2531 eum
2940 2482 3070 2530 ante
3109 2473 3305 2529 saecula
3332 2489 3495 2544 gene-

1915 2566 2085 2630 ravit;
2134 2575 2192 2620 et
2244 2565 2517 2635 quidquid
2566 2566 2635 2622 de
2679 2567 2858 2622 Patris
2897 2575 3095 2621 natura
3142 2564 3493 2636 intelligitur,

1913 2654 2082 2708 etiam
2114 2654 2170 2736 in
2203 2654 2482 2725 Unigeniti
2510 2664 2709 2710 natura
2763 2655 2990 2720 omnino
3041 2657 3340 2719 invenitur,
3369 2670 3495 2709 cum

1914 2760 1982 2802 ex
2010 2744 2204 2799 eadem
2222 2753 2382 2799 natus
2407 2744 2481 2800 sit
2513 2754 2710 2801 natura
2749 2762 2764 2800 :
2810 2746 3026 2817 hocque
3072 2746 3281 2802 docens
3306 2746 3495 2801 Domi-

1916 2850 2041 2899 nus,
2074 2834 2214 2888 dixit
2240 2834 2538 2905 Philippo:
2587 2855 2605 2886 ι
2635 2835 2741 2902 Qui
2778 2836 2931 2891 videt
2966 2851 3076 2900 me,
3114 2835 3268 2892 videt
3300 2844 3356 2891 et
3390 2837 3495 2891 Pa-

1916 2937 2058 2982 trem
2084 2926 2151 2981 ".
2188 2946 2207 2978 ι
2245 2925 2314 2981 Et
2336 2926 2538 2981 iterum
2564 2924 2822 2985 aliunde:
2857 2944 2877 2981 ι
2911 2925 3109 2983 Omnia
3156 2942 3497 2999 quaecunque

245 3022 490 3093 Πατέρα.
527 3041 546 3073 ι
585 3022 694 3075 Kal
730 3021 889 3075 πάλιν
929 3021 1153 3093 ἑτέρωθι
1178 3039 1192 3053 ⁶
1230 3039 1250 3073 ι
1291 3022 1476 3075 Πάντα
1505 3021 1605 3075 ὅσα
1643 3019 1761 3091 ἔχει
1785 3021 1814 3074 6

1921 3015 2085 3069 habet
2114 3015 2298 3080 Pater,
2321 3030 2444 3070 mea
2479 3023 2608 3071 sunt
2634 3016 2706 3071 ⁸⁸.
2746 3035 2767 3068 ι
2812 3017 2879 3072 Et
2909 3018 3079 3072 alibi:
3118 3037 3137 3069 ι
3172 3018 3286 3089 Ego
3311 3027 3367 3073 et
3397 3019 3498 3073 Pa-

248 3114 458 3185 Πατὴρ.
514 3112 623 3184 ἐμά
661 3114 797 3166 ἐστι.
841 3131 860 3163 ι
915 3112 1026 3167 Kal
1072 3110 1343 3183 ἀλλαχοῦο
1397 3131 1416 3164 ι
1453 3112 1596 3181 Ἐγὼ
1642 3112 1740 3166 καὶ
1788 3114 1817 3165 6

248 3203 435 3275 Πατὴρ
457 3203 514 3257 ἓν
540 3206 726 3274 ἐσμεν,
764 3222 782 3255 ι
817 3203 928 3256 Kal
966 3201 1130 3272 ἕτερα
1155 3202 1213 3255 δὲ
1246 3201 1417 3275 μυρία
1449 3201 1593 3256 ἔστιν
1633 3203 1818 3273 εὑρεῖν

245 3294 306 3347 τὸ
328 3280 520 3347 ταυτὸν
548 3294 645 3363 τῆς
688 3292 874 3355 οὐσίας
904 3291 1239 3362 σημαίνοντα

318 3384 451 3447 Θεὸς
485 3384 583 3451 μὲν
629 3377 723 3436 οὖν
762 3383 863 3435 οὐκ
909 3380 1148 3449 ἐγένετο,
1183 3380 1297 3433 ἀλλ’
1326 3377 1431 3452 ἦν’
1483 3398 1502 3431 ι
1546 3382 1636 3434 Ἐν
1666 3381 1807 3451 ἀρχῇ

249 3476 477 3547 γὰρ(74)
495 3472 561 3547 ἦν
579 3478 606 3529 6
636 3475 828 3543 Λόγος,
851 3472 946 3526 καὶ
972 3474 999 3526 6
1021 3473 1192 3541 Λόγος
1207 3468 1274 3545 ἦν
1288 3472 1421 3545 πρὸς
1442 3473 1533 3527 τὸν
1552 3473 1704 3538 Θεὸν,
1729 3473 1824 3526 καὶ

249 3569 381 3633 Θεὸς
410 3565 479 3641 ἦν
505 3570 533 3621 6
565 3567 754 3635 Λόγος.
796 3585 815 3617 ι
858 3565 1178 3636 Ἀνθρωπος
1215 3565 1271 3619 δὲ
1304 3567 1403 3620 οὐκ
1427 3561 1516 3638 ἦν,
1552 3566 1668 3619 ἀλλ’
1699 3565 1821 3635 ἐγέ-

250 3678 389 3724 νετο,
417 3660 633 3728 ἐγένετο
661 3658 718 3711 δὲ
744 3656 1065 3729 προσλαϐὼν
1093 3658 1155 3710 τὸ
1182 3657 1448 3729 ἡμέτερον
1473 3675 1486 3689 ·
1517 3657 1677 3713 τοῦτο
1716 3659 1821 3730 γὰρ

250 3754 279 3802 ὁ
308 3748 577 3818 μακάριος
609 3746 712 3818 ἔφη
743 3746 979 3811 Παῦλος·
1010 3765 1028 3798 ι
1060 3749 1157 3810 Ὃς
1182 3748 1239 3800 ὲν
1272 3749 1452 3818 μορφῆ
1478 3746 1613 3800 Θεοῦ
1644 3747 1821 3818 ὑπάρ-

251 3858 381 3912 χων,
410 3841 507 3911 οὐχ
536 3839 824 3910 ἁρπαγμὸν
851 3841 1095 3911 ἡγήσατο
1127 3839 1188 3892 τὸ
1226 3835 1365 3893 εἶναι
1413 3841 1503 3892 ίσα
1532 3839 1668 3910 Θεῷ,
1705 3839 1821 3894 ἀλλ’

254 3929 446 3986 ἑαυτὸν
464 3931 720 3993 ὲκένωσε,
747 3931 959 4001 μορφὴν
982 3928 1168 3983 δούλου
1196 3928 1399 3983 λαϐὼν.
1430 3949 1447 3982 ι
1478 3929 1588 3982 Kal
1619 3930 1781 3983 πάλιν
1802 3946 1817 3962 ο

260 4044 278 4075 ι
309 4024 382 4077 Οὐ
419 4022 527 4092 γὰρ
549 4022 716 4093 δήπου
742 4021 989 4089 ἀγγέλων
1011 4020 1464 4092 ἐπιλαμϐάνεται,
1490 4020 1628 4074 ἀλλὰ
1650 4020 1819 4092 σπέρ-

257 4130 424 4184 ματος
456 4111 705 4184 ’Δϐραάμ
732 4110 1184 4181 ἐπιλαμϐάνεται.
1215 4131 1235 4163 ι
1262 4112 1372 4165 Kal
1395 4108 1552 4176 αὖθις
1574 4131 1586 4145 ο
1616 4132 1635 4165 ι
1671 4114 1823 4167 Ἐπεὶ

252 4204 343 4262 οὖν
394 4206 462 4260 τὰ
514 4205 695 4260 παιδία
746 4202 1110 4276 κεκοινώνηκε
1173 4204 1374 4276 σαρκὸς
1422 4206 1515 4258 καὶ
1567 4205 1818 4276 αἵματος,

252 4300 648 4371 ’παραπλησίως
682 4297 776 4352 καὶ
804 4297 964 4361 αὐτὸς
987 4296 1217 4368 μετέσχε
1248 4297 1354 4351 τῶν
1383 4295 1581 4351 αὐτῶν.
1610 4314 1629 4348 ι
1667 4294 1823 4350 Οὕτω

1922 3118 2007 3163 ter
2061 3123 2232 3163 unum
2270 3123 2461 3163 sumus
2499 3109 2569 3163 ⁸⁷.
2608 3128 2628 3161 ι
2680 3108 2750 3164 Et
2788 3109 2897 3165 alia
2935 3110 3226 3165 innumera
3262 3109 3495 3165 inveniri

1920 3210 2169 3272 possunt,
2198 3218 2320 3271 qua:
2346 3211 2554 3258 naturae
2576 3204 2885 3275 signiﬁcant
2920 3205 3379 3262 convenientiam.

1991 3386 2137 3441 Deus
2180 3386 2349 3459 igitur
2397 3389 2627 3444 minime
2675 3391 2852 3446 factus
2901 3403 3005 3457 est,
3042 3393 3138 3447 sed
3173 3406 3293 3449 erat
3328 3412 3340 3447 :
3384 3414 3402 3445 ι
3435 3395 3497 3449 ιιι

1922 3475 2194 3547 principio
2216 3478 2363 3531 enim
2406 3488 2526 3533 erat
2546 3481 2812 3559 Verbum,
2843 3492 2899 3538 et
2926 3485 3167 3539 Verbum
3197 3496 3315 3540 erat
3352 3487 3497 3556 apud

1922 3567 2116 3630 Deum,
2145 3575 2201 3622 et
2228 3568 2374 3621 Deus
2407 3578 2528 3623 erat
2553 3570 2795 3625 Verbum
2823 3572 2888 3626 ⁸⁸.
2931 3591 2950 3625 ι
2997 3573 3173 3629 Homo
3214 3590 3349 3628 vero
3387 3592 3496 3630 non

1922 3658 2170 3723 erat,sed
2193 3658 2370 3713 factus
2389 3667 2507 3725 est;
2538 3658 2912 3717 factusautem
2945 3671 3049 3729 cst,
3066 3673 3308 3719 nostram
3348 3681 3501 3720 assu-

1922 3765 2078 3804 mens
2096 3756 2370 3813 naturam;
2399 3748 2569 3804 ethoc
2591 3749 2786 3805 beatus
2801 3752 3002 3808 Paulus
3026 3753 3164 3808 dixit
3188 3772 3231 3808 :a
3252 3754 3497 3821 Quicum

1924 3842 1979 3897 in
2013 3841 2188 3896 forma
2213 3838 2309 3893 Dei
2354 3848 2517 3908 esset,
2546 3858 2657 3896 non
2680 3843 2928 3913 rapinam
2952 3844 3168 3916 1308
3197 3847 3499 3904 arbitratus

1922 3941 2009 3990 est
2041 3948 2162 3988 esse
2189 3949 2247 3987 se
2274 3933 2540 4011 aequalem
2580 3934 2713 3999 Deo,
2741 3936 2837 3992 sed
2865 3936 3220 4008 semetipsum
3248 3938 3498 3994 exinani-

1923 4026 2023 4092 vit,
2049 4026 2280 4081 formam
2305 4026 2449 4080 servi
2477 4026 2753 4097 accipiens
2782 4030 2847 4083 ".
2881 4049 2900 4081 ι
2929 4032 2997 4087 Et
3030 4031 3229 4086 iterum
3259 4046 3273 4086 :
3318 4050 3335 4083 ι
3360 4031 3501 4087 Nus-

1923 4134 2087 4188 quam
2116 4118 2263 4173 enim
2291 4118 2512 4186 angelos
2538 4120 2923 4189 apprehendit,
2963 4122 3057 4178 sed
3084 4138 3272 4178 semen
3322 4123 3498 4177 Abra-

1924 4209 2009 4264 hae
2035 4207 2404 4279 apprehendit
2434 4207 2502 4262 ‘°.
2539 4227 2558 4260 ι
2612 4209 2680 4263 Et
2706 4209 2929 4266 denuo:
2972 4232 2990 4264 ι
3022 4212 3161 4280 Quia
3186 4229 3317 4285 ergo
3342 4212 3499 4284 pueri

1924 4299 2468 4355 communicaverunt
2492 4299 2642 4354 carni
2663 4307 2721 4355 et
2748 4301 3020 4371 sanguini,
3051 4311 3109 4357 et
3152 4303 3268 4373 ipse
3302 4302 3500 4357 simili-

255 4392 349 4446 καὶ
381 4392 620 4462 παθητὸς
649 4386 718 4462 ἦν
755 4391 847 4443 καὶ
882 4389 1117 4459 ἀπαθὴς,
1149 4390 1244 4443 καὶ
1273 4388 1463 4459 θνητὸς
1492 4389 1588 4442 καὶ
1623 4388 1817 4442 ἀθάνα-

1924 4400 2008 4446 ter
2047 4391 2394 4462 participavit
2426 4390 2635 4446 eisdem
2666 4393 2731 4447 ⁶¹.
2763 4412 2781 4444 ι
2815 4393 2906 4449 Sic
2934 4403 2990 4449 et
3022 4394 3344 4464 impatibilis
3381 4402 3503 4449 erat

255 4500 377 4547 τοςο
415 4482 654 4553 παθητὸς
685 4482 782 4552 μὲν
821 4482 918 4534 καὶ
956 4480 1145 4550 θνητὸς
1173 4480 1248 4544 ὡς
1274 4479 1581 4551 ἄνθρωπος.
1612 4480 1829 4550 ἀπαθὴς

255 4576 312 4628 δὲ
349 4575 443 4630 καὶ
483 4574 748 4636 ἀθάνατος
781 4573 856 4636 ὼς
895 4572 1048 4635 Θεός.
1091 4571 1177 4634 Ὠς
1202 4571 1312 4642 γὰρ
1348 4571 1481 4634 Θεὸς
1518 4571 1617 4642 τὴν
1652 4571 1830 4642 σάρκα

254 4666 355 4738 τὴν
395 4665 600 4719 οίκείαν
642 4664 965 4734 τεθνηκυῖαν
1001 4663 1328 4733 ἀνέστησεν·
1361 4664 1524 4716 αὐτοῦ
1565 4662 1674 4733 γάρ
1714 4663 1831 4715 ἐστι

258 4759 410 4830 φωνή
433 4776 446 4789 ·
480 4776 498 4809 ι
530 4742 740 4811 Λύσατε
764 4757 855 4810 τὸν
878 4756 1003 4810 ναὸν
1029 4756 1239 4821 τοῦτον,
1271 4755 1366 4809 καὶ
1390 4758 1448 4809 ὲν
1482 4758 1664 4829 τρισὶν
1693 4760 1725 4828 ἡ
1736 4757 1830 4827 μέ-

260 4864 381 4919 ραις
413 4849 502 4916 ὲγε
515 4846 592 4918 ρῶ
619 4846 782 4899 αὐτόν
804 4862 817 4876 ·
854 4864 871 4898 ι
899 4846 993 4900 καὶ
1019 4846 1092 4910 ὡς
1122 4845 1406 4917 ἄνθρωπος
1432 4846 1487 4899 δὲ
1526 4848 1688 4918 μέχρι
1728 4847 1822 4902 τοῦ

261 4938 465 5002 πάθους
489 4934 558 5009 ἦν
588 4937 825 5007 παθητὸς
853 4938 947 4990 καὶ
978 4935 1169 5005 θνητός
1202 4952 1217 4968 ο
1258 4937 1396 5005 μετά
1422 4939 1531 5009 γὰρ
1568 4940 1668 5010 τὴν
1698 4939 1831 4993 ἀνά-

265 5044 472 5090 στασιν,
494 5026 586 5078 καὶ
607 5026 681 5089 ὡς
704 5025 988 5097 ἄνθρωπος
1016 5024 1129 5095 ἔχει
1170 5025 1268 5096 τὴν
1294 5026 1583 5083 ,ἀπάθειαν
1613 5029 1708 5081 καὶ
1733 5029 1832 5100 τὴν

263 5115 557 5171 ἀθανασίαν
608 5118 701 5169 καὶ
734 5117 832 5184 τὴν
858 5115 1195 5186 ἀφθαρσίαν’
1229 5114 1324 5169 καὶ
1364 5117 1462 5179 τὰς
1508 5116 1831 5187 θεοπρεπεῖς

263 5209 488 5280 ἀφίησιν
517 5207 802 5276 ἀστραπάς
826 5221 840 5233 ·
868 5207 968 5259 οὐκ
999 5207 1078 5268 εἰς
1105 5206 1357 5278 θεότητος
1382 5206 1542 5275 φύσιν
1571 5207 1710 5261 κατά
1734 5209 1832 5279 τὴν

263 5298 442 5353 σάοκα
471 5296 855 5368 μεταϐληθεὶς,
883 5294 1019 5349 ἀλλά
1052 5295 1152 5365 τῆς
1182 5297 1600 5369 ἀνθρωπότητος
1632 5297 1834 5367 φυλάτ-

332 5434 378 5467 ⁶³
406 5433 549 5489 Psal.
572 5430 899 5503 Lxxxtx,_l5.
936 5501 945 5503 _
973 5430 1020 5503 ff
1046 5431 1187 5503 Psal.
1208 5450 1325 5498 LXV,
1346 5433 1434 5488 20.
1510 5435 1556 5468 ⁸⁵
1575 5436 1731 5491 Joan.
1752 5453 1861 5500 xlv,
1885 5436 1938 5493 9.
2014 5437 2062 5469 “
2086 5436 2244 5491 Joan.
2309 5453 2418 5503 xvx,
2442 5436 2525 5492 15.

1927 4491 1983 4539 et
2011 4483 2321 4554 impatiens,
2349 4495 2407 4541 et
2451 4485 2699 4540 mortalis
2754 4495 2810 4540 et
2861 4486 3206 4541 immortalis.
3255 4485 3504 4540 Patibilis

1928 4572 2149 4641 quidem
2175 4580 2232 4628 et
2266 4573 2532 4638 mortalis,
2559 4590 2665 4643 qua
2694 4574 2891 4640 homo;
2918 4574 3207 4645 impatiens
3234 4582 3416 4628 autem
3447 4581 3504 4627 et

1929 4662 2277 4725 immortalis,
2333 4679 2441 4733 qua
2479 4664 2641 4719 Deus.
2679 4663 2794 4730 Qua
2829 4664 2975 4719 Deus
3033 4663 3181 4719 enim
3222 4661 3502 4733 proprium

1928 4770 2128 4825 corpus
2141 4770 2209 4809 ex
2222 4762 2399 4809 morte
2422 4755 2703 4816 excitavit;
2734 4771 2861 4809 nam
2885 4756 3005 4826 ejus
3028 4764 3113 4811 est
3136 4769 3242 4809 vox
3274 4770 3288 4807 :
3332 4773 3350 4805 ι
3384 4753 3503 4809 Sol-

1928 4845 2040 4899 vite
2090 4844 2353 4913 templum
2398 4844 2523 4910 hoc,
2572 4852 2630 4899 et
2675 4844 2731 4899 in
2785 4846 2961 4900 tribus
3008 4845 3206 4901 diebus
3253 4845 3503 4901 excitabo

1930 4934 2067 4988 illud
2084 4934 2151 4988 ⁸’.
2190 4954 2208 4986 ι
2246 4935 2312 4988 Et
2336 4935 2557 5004 quidem
2590 4951 2768 5006 usque
2799 4936 2865 4991 ad
2890 4935 3162 5006 passionis
3188 4944 3421 5006 tempus,
3441 4944 3503 4990 ut

1931 5027 2118 5092 homo,
2154 5026 2401 5097 patibilis
2432 5036 2554 5083 erat
2585 5035 2639 5082 et
2664 5028 2948 5093 mortalis;
2983 5036 3106 5099 post
3139 5027 3502 5084 resurrectio-

1932 5134 2057 5174 nem
2081 5134 2231 5184 vero,
2254 5128 2310 5173 et
2337 5135 2445 5189 qua
2484 5119 2650 5174 homo
2668 5159 2684 5184 ,
2717 5119 3009 5189 impatiens
3029 5127 3113 5175 est
3136 5129 3191 5175 et
3220 5119 3501 5174 immorta-

1930 5205 2028 5273 lis,
2058 5214 2224 5277 atque
2255 5207 2630 5279 incorruptus,
2663 5223 2727 5263 ac
2762 5207 3002 5279 fulgores
3025 5209 3136 5265 Deo
3167 5208 3502 5265 convenien-

1932 5304 2015 5355 tes
2038 5299 2267 5366 dimisit,
2291 5316 2470 5371 neque
2498 5301 2808 5356 secundum
2837 5316 3058 5357 carnem
3080 5308 3325 5357 mutatus
3342 5312 3425 5356 est
3446 5300 3502 5356 in

2607 5437 2833 5494 "Joan.
2866 5456 2919 5507 x,
2947 5438 3035 5495 50.
3112 5439 3158 5473 ⁵⁸
3180 5437 3340 5494 Joan.
3374 5453 3412 5506 ι,
3447 5438 3498 5493 l.

264 5505 311 5538 ⁸³
337 5504 570 5573 Philipp.
610 5517 669 5567 ιι,
700 5501 754 5566 5,
776 5501 828 5555 6.
906 5501 951 5534 ⁸⁸
974 5500 1140 5558 Hebr.
1168 5520 1224 5568 ιι,
1259 5504 1344 5559 16.
1420 5505 1461 5536 ⁸⁸
1490 5506 1657 5561 Hebr.
1690 5522 1748 5571 ιι,
1788 5514 1810 5561 t

1948 5507 1993 5541 “
2025 5506 2184 5563 Joan.
2219 5522 2280 5573 ιι,
2310 5507 2401 5562 29.

337 5638 445 5702 (7m
485 5639 931 5709 εὐφρανθήσομεν
960 5631 1033 5692 ὧν
1056 5639 1236 5710 ήμ.ὲτ.
1266 5639 1363 5709 ἡμ.
1396 5636 1563 5695 Mans.

340 5712 414 5771 (71
430 5712 445 5769 )
472 5711 673 5778 ἔφασαν
700 5710 868 5764 Mans.

340 5779 448 5853 (Ἡ.)
478 5780 631 5852 τολμ-
665 5779 781 5849 λεγ.
810 5779 981 5834 Mans.

2010 5639 2119 5783 (73;
2154 5641 2241 5692 ἐπ’
2272 5640 2496 5711 ἐσχάτου
2528 5641 2693 5696 idem.

2010 5712 2098 5783 (74
2152 5714 2255 5783 γάρ
2287 5712 2439 5767 abest
2471 5728 2501 5768 a
2534 5712 2693 5767 Vindt

2009 5712 2118 5783 (74)
2152 5714 2255 5785 γάρ
2287 5712 2439 5767 abest
2471 5728 2501 5768 a
2534 5712 2767 5768 Vindob.
