3962 6204
455 278 595 344 1435

1516 265 2002 330 TIIEODORETI
2029 258 2369 321 EPISCOPI
2402 252 2764 316 CYRENSIS

3575 235 3700 298 1436

455 397 712 443 naturam
739 383 1006 446 divinam,
1038 380 1133 436 sed
1179 379 1539 434 humanitatis
1559 386 1746 432 servat
1773 375 2036 437 formam;
2069 425 2070 429 η

2176 384 2248 420 ων
2294 365 2418 427 τοὺς
2475 359 2844 430 χαρακτῆρας,
2881 353 3002 407 οὖδὲ
3046 350 3434 422 ἀπερίγραφον
3480 347 3614 446 lxxiv

458 495 563 535 nec
588 492 792 546 corpus
825 474 990 529 habet
1042 488 1152 526 non
1187 470 1668 539 circumscriptum
1723 467 1850 539 (hoc
1890 464 2040 518 enim

461 572 663 626 divina:
682 577 888 623 tantum
911 576 1119 622 natura:
1146 564 1430 634 proprium
1450 562 1577 633 est),
1605 561 1700 616 sed
1729 561 1782 614 in
1810 557 2042 628 pristina

464 670 651 715 manet
671 655 1202 724 circumscriptione.
1242 652 1464 720 Hocque
1489 651 1692 704 docens
1720 656 1842 717 post
1861 660 2045 700 resur-

465 753 766 807 rectionem
789 749 925 803 dixit
947 746 1209 816 apostolis
1238 763 1250 798 :
1285 765 1304 796 ι
1345 744 1538 800 Videte
1583 759 1780 797 manus
1809 754 1959 794 meas
1987 746 2045 792 et

466 845 638 914 pedes
653 856 827 904 meos,
856 839 985 909 quia
1018 853 1119 909 ego
1154 837 1269 906 ipse
1301 851 1420 890 sum
1461 854 1473 889 :
1507 835 1720 905 palpate
1754 841 1811 886 et
1841 831 2042 894 videte,

469 935 598 1005 quia
632 932 857 1002 spiritus
900 945 1120 985 carnem
1164 939 1220 984 et
1271 946 1394 984 ossa
1423 943 1530 981 non
1571 927 1754 988 habet,
1784 925 1927 978 sicut
1959 938 2045 976 me

466 1023 668 1077 videtis
697 1021 900 1075 habere
920 1019 985 1070 ⁸³.
1016 1039 1034 1070 ι
1067 1018 1157 1074 Sic
1180 1028 1238 1074 ut
1258 1035 1385 1074 eum
1415 1018 1691 1080 videbant,
1709 1015 1955 1070 ascendit
1978 1013 2047 1067 ad

381 1159 390 1169 .
470 1114 662 1176 celos,
691 1119 745 1166 et
774 1111 854 1166 sic
879 1111 1074 1166 iterum
1097 1110 1167 1164 ad
1188 1126 1288 1165 nos
1314 1120 1606 1164 venturum
1629 1123 1751 1162 esse
1774 1105 2047 1176 promisit.

472 1201 569 1259 διδ
595 1216 721 1256 eum
748 1200 1015 1260 videbunt
1033 1210 1088 1254 et
1111 1199 1204 1269 qui
1236 1199 1594 1261 crediderunt
1616 1198 1692 1251 illi
1719 1205 1775 1251 et
1799 1196 1894 1266 qui
1921 1211 2050 1249 cru-

477 1295 770 1350 eilixerunt
803 1311 816 1347 :
862 1313 880 1344 ‹
909 1292 1187 1348 Videbunt
1214 1293 1386 1359 enim,
1416 1292 1578 1357 dixit,
1602 1290 1659 1344 in
1685 1305 1847 1360 quem
1873 1296 2052 1342 trans-

488 1387 726 1441 ﬁxerunt
759 1385 830 1440 “.
865 1405 882 1436 ι

551 1479 784 1533 Unicum
822 1485 1109 1546 propterea
1137 1493 1461 1531 veneramur
1494 1477 1730 1541 Filium;
1769 1483 2056 1542 utramque

480 1585 614 1624 vero
646 1581 896 1624 naturam
927 1569 1225 1640 perfectam
1261 1569 1316 1623 in
1339 1585 1406 1624 eo
1435 1568 1867 1631 consideramus,
1899 1582 2056 1620 assu-

479 1667 721 1715 luentem
750 1661 1005 1715 videlicet
1027 1669 1082 1714 et
1110 1660 1322 1730 1309
1361 1670 1693 1730 assumptam
1739 1660 1886 1714 illam
1929 1659 2056 1728 qui-

481 1749 606 1804 dem
656 1765 723 1806 ex
759 1751 891 1815 Deo,
930 1750 1073 1804 hanc
1114 1767 1245 1805 vero
1296 1767 1364 1806 ex
1410 1751 1631 1805 Davide.
1668 1750 1847 1817 Quare
1877 1761 1932 1804 et
1962 1749 2057 1803 Dei

481 1843 722 1899 viventis
769 1841 960 1908 Filius,
993 1851 1050 1897 et
1094 1843 1267 1898 Filius
1308 1843 1528 1898 Davidis
1565 1843 1890 1912 appellatur,
1925 1858 2062 1898 una-

485 1950 704 2004 quaque
731 1941 923 1989 natura
957 1950 1078 1988 eam
1103 1950 1225 2004 quae
1255 1935 1306 1990 ei
1328 1934 1927 2004 convenit.accipiente
1970 1951 2064 2004 ap-

487 2025 864 2093 pellationem.
919 2024 1288 2091 Quamobrem
1337 2035 1392 2079 et
1440 2025 1718 2080 hominem
1771 2025 1964 2087 simul,
2008 2034 2065 2080 et

487 2115 661 2170 Deum
686 2131 814 2170 eum
841 2117 1089 2170 nominat
1121 2117 1276 2171 sacra
1290 2117 1594 2186 Scriptura;
1625 2124 1682 2172 et
1707 2117 1901 2172 beatus
1925 2117 2067 2171 Pau-

487 2207 576 2262 lus
608 2208 808 2262 clamat
887 2228 904 2260 ‹
933 2209 1088 2266 Unus
1112 2209 1278 2275 Deus,
1319 2225 1463 2264 unus
1489 2217 1545 2264 et
1585 2209 1856 2263 mediator
1891 2208 1988 2263 Dei
2011 2215 2069 2263 et

490 2299 799 2365 hominum,
837 2300 1002 2356 homo
1031 2300 1284 2357 Christus
1316 2301 1496 2365 Jesns,
1535 2301 1630 2370 qui
1663 2300 1816 2354 dedit
1848 2300 2070 2355 redem-

489 2393 736 2464 ptionem
787 2395 1147 2465 semetipsum
1188 2411 1289 2466 pro
1335 2395 1590 2450 omnibus
1639 2393 1704 2448 ‘5.
1763 2412 1780 2445 ›
1816 2392 1925 2448 Sed
1973 2393 2070 2462 qui

490 2483 774 2539 hominem
807 2487 988 2555 ipsum
1032 2486 1139 2540 hoc
1182 2487 1305 2541 loco
1353 2485 1588 2550 vocavit,
1619 2485 1747 2540 alibi
1778 2485 1952 2538 Deum
1977 2499 2074 2554 ap-

492 2576 662 2645 pellat
693 2594 707 2629 :
751 2594 770 2627 ι
807 2578 1201 2647 Exspectantes
1232 2579 1445 2632 beatam
1485 2593 1656 2648 spem,
1691 2586 1745 2632 et
1775 2577 2072 2632 adventum

493 2666 682 2738 gloriae
728 2669 908 2738 magni
960 2669 1057 2723 Dei
1111 2679 1166 2723 et
1205 2670 1502 2725 Salvatoris
1539 2671 1709 2724 nostri
1751 2671 1879 2726 Jesu
1908 2669 2074 2724 Chri-

492 2743 566 2815 sti
597 2758 665 2812 ⁶⁸.
700 2778 717 2808 ι
748 2757 890 2812 Alibi
923 2776 1056 2814 vero
1091 2768 1385 2828 utrumque
1423 2759 1490 2814 de
1539 2774 1607 2814 eo
1650 2760 1893 2830 ponitur.
1931 2759 2076 2815 Dicit

492 2855 642 2904 enim
681 2867 696 2904 :
735 2871 752 2902 ι
783 2852 860 2905 Ex
884 2851 1087 2920 quibus
1110 2860 1195 2908 est
1214 2852 1469 2908 Christus
1496 2852 1799 2906 secundum
1826 2867 2071 2918 carnem,

491 2942 590 3012 qui
627 2952 713 2997 est
748 2958 912 3013 super
953 2943 1140 2999 omnia
1186 2945 1332 2998 Deus
1374 2943 1696 2997 benedictus
1749 2943 1803 2994 in
1849 2943 2068 2996 saecula.

491 3033 668 3090 Amen
692 3035 756 3088 ⁸⁷.
790 3053 809 3085 ι
850 3035 919 3088 Ει
944 3034 1123 3104 ipsum
1163 3051 1230 3090 ex
1279 3035 1482 3090 Iudaeis
1512 3033 1814 3088 secundum
1851 3048 2072 3087 carnem
2101 3045 2144 3104 ο

493 3125 823 3188 nominavit,
863 3136 919 3180 et
964 3142 1130 3196 supra
1177 3128 1364 3182 omnia
1397 3128 1590 3190 Deum,
1643 3134 1706 3180 ut
1751 3127 1946 3180 Deum.
1996 3124 2076 3179 Ita

496 3214 664 3268 Isaias
709 3215 976 3283 propheta
1021 3217 1158 3270 dixit
1197 3233 1210 3269 :
1269 3235 1286 3266 ι
1331 3216 1430 3271 Vir
1472 3215 1747 3277 dolorum,
1790 3222 1846 3268 et
1897 3213 2077 3268 sciens

499 3301 876 3357 infirmitatem
917 3305 1253 3376 :languorcs
1295 3315 1515 3359 nostros
1551 3305 1669 3374 ipse
1715 3304 1859 3368 tulit,
1896 3311 1950 3358 et
1978 3317 2078 3372 pro

498 3390 662 3444 nobis
689 3390 866 3446 doluit
893 3390 958 3444 ⁸⁸.
1000 3411 1016 3442 ι
1066 3393 1132 3446 Ει
1180 3394 1344 3464 paulo
1385 3403 1509 3462 post
1544 3411 1558 3444 :
1599 3413 1617 3443 ι
1655 3391 2078 3447 Generationem

497 3480 619 3553 ejus
635 3480 759 3550 quis
772 3481 1146 3536 enarrabit"?
1173 3504 1188 3534 ι
1218 3483 1330 3536 Hoc
1349 3482 1571 3551 quidem
1592 3481 1738 3536 haud
1758 3481 2077 3543 humanum,

498 3567 856 3623 seddivinum
874 3579 976 3623 est.
1000 3569 1071 3622 Ita
1087 3585 1183 3639 per
1210 3569 1491 3624 Michazam
1526 3569 1887 3623 aitDominus
1916 3587 1929 3622 :
1966 3587 1983 3618 ‹
2011 3568 2080 3623 Ει

500 3665 563 3712 ιιι
583 3696 598 3722 ,
628 3652 942 3722 Bethleem",
970 3667 1114 3712 terra
1147 3658 1285 3712 Juda
1308 3698 1322 3722 ,
1351 3656 1576 3712 minime
1630 3657 1857 3726 parvula
1909 3672 1970 3711 es
2022 3656 2081 3710 in

499 3748 846 3820 principibus
877 3749 1072 3804 Judae:
1108 3765 1176 3803 ex
1203 3758 1254 3803 te
1288 3749 1436 3804 enim
1476 3748 1788 3819 egredietur
1827 3747 2082 3817 princeps

502 3837 599 3909 qui
629 3839 807 3908 pascit
839 3840 1102 3909 populum
1138 3854 1321 3893 meum
1357 3837 1545 3904 Israel,
1582 3846 1638 3893 et
1675 3852 1930 3908 egressus
1962 3837 2083 3907 ejus

502 3929 577 3986 ab
598 3930 757 3985 initio
781 3946 812 3985 a
849 3931 1049 3985 diebus
1088 3930 1414 3986 azternitatis
1445 3931 1510 3982 7°.
1547 3950 1564 3981 ι
1601 3930 1798 3984 Verbis
1821 3928 2079 4000 quidem:

510 4040 534 4076 ι
565 4021 646 4077 Ex
674 4031 724 4074 te
751 4022 896 4075 enim
928 4021 1261 4091 egredietur,
1283 4020 1377 4092 qui
1417 4021 1489 4075 sit
1522 4021 1798 4089 princeps,
1837 4038 1854 4070 ι
1903 4018 2084 4072 carnis

509 4113 908 4181 assumptionis
945 4114 1312 4168 (nconomiam
1349 4112 1612 4175 ostendit,
1643 4112 1749 4164 illis
1777 4127 1926 4172 vero,
1963 4127 2085 4180 quae

506 4197 701 4255 addit:
735 4218 752 4249 ι
782 4199 1047 4270 Egressus
1065 4201 1184 4271 ejus
1207 4201 1276 4253 ah
1304 4200 1483 4262 initio,
1510 4217 1538 4254 a
1565 4199 1762 4254 diebus
1805 4199 2088 4252 aeternita-

508 4288 608 4357 tis,
654 4307 675 4342 ι
731 4290 1030 4345 declaravit
1084 4290 1298 4360 1310
1346 4289 1724 4352 divinitatem,
1772 4304 1895 4359 quaa
1958 4296 2086 4344 ante

506 4382 709 4438 saecula
736 4397 768 4437 a
790 4382 952 4437 Patre
983 4389 1104 4436 orta
1134 4389 1238 4436 est.

581 4558 707 4613 Haec
722 4573 845 4612 cum
868 4574 897 4612 a
931 4573 1085 4612 sacra
1117 4557 1399 4627 Scriptura
1419 4557 1601 4612 edocti
1641 4557 1836 4620 simus,
1874 4564 2086 4611 etcum

509 4645 890 4700 invenerimus
939 4644 996 4698 in
1032 4644 1224 4698 eadem
1288 4643 1459 4697 fuisse
1506 4644 1779 4698 sententia
1836 4642 2089 4696 doctores

511 4737 793 4801 Ecclesiw,
825 4735 919 4805 qui
940 4735 1172 4790 diversis
1197 4736 1539 4805 temporibus
1559 4737 1802 4790 illustres
1841 4735 2087 4799 fuerunt,

513 4837 575 4884 ut
605 4829 879 4899 integrum
912 4837 1171 4883 tueamur
1205 4827 1352 4898 quod
1373 4829 1707 4898 accepimus,
1742 4843 1964 4897 operam
1997 4826 2092 4880 da-

510 4934 672 4983 mus;
706 4927 761 4972 et
796 4935 965 4978 unum
994 4919 1292 4974 adoramus
1317 4919 1517 4977 Filium
1563 4919 1680 4982 Dei,
1729 4917 2089 4988 quemadmo-

509 5009 644 5066 dum
663 5011 831 5064 Deum
853 5027 1022 5064 unum
1039 5012 1254 5064 Patrem
1273 5018 1328 5064 et
1348 5026 1514 5062 unum
1529 5009 1792 5078 Spiritum
1811 5018 2087 5074 sanctum;

509 5101 700 5159 carnis
727 5117 857 5156 vero
896 5110 953 5156 et
1009 5102 1312 5156 divinitatis
1359 5101 1737 5155 diversitatem
1805 5100 2091 5170 cognosci-

514 5211 662 5253 mus.
686 5195 756 5252 Et
786 5196 1250 5266 quemadmodum
1277 5196 1419 5259 illos,
1453 5195 1547 5265 qui
1579 5194 1631 5248 in
1661 5194 1800 5248 duos
1834 5193 1974 5247 lilios
2004 5193 2094 5246 di.

514 5287 718 5346 vidum
738 5287 1034 5342 Dominum
1055 5297 1305 5342 nostrum
1326 5287 1511 5342 Jesum
1563 5286 1871 5349 Christum,
1921 5285 2092 5339 delle-

591 5443 638 5472 ⁸³
671 5443 802 5496 Luc.
841 5460 983 5504 sxw,
1015 5446 1103 5498 59.
1179 5445 1225 5475 ⁸³
1253 5447 1406 5500 Joan.
1443 5461 1552 5508 xtx,
1581 5444 1668 5496 57.

520 5507 567 5538 ⁸³
597 5509 728 5565 ibid.
758 5514 810 5566 8;
887 5515 934 5544 ⁷⁰
963 5514 1127 5568 Mich.
1157 5531 1206 5578 ν,
1237 5515 1304 5581 2;
1337 5515 1526 5569 Matth.
1568 5530 1634 5578 ιι,
1664 5517 1715 5565 6.

622 5623 709 5760 75;
753 5626 910 5692 μόνον
943 5629 1109 5681 Mans.

622 5693 687 5748 76
737 5694 931 5746 λα6.κ.
969 5699 1067 5760 τὴν
1101 5715 1109 5746 1

595 5693 707 5764 (76)
737 5694 931 5746 λα6.κ.
969 5699 1067 5763 τὴν
1101 5699 1378 5754 exciderat
1401 5717 1426 5754 ο
1461 5700 1627 5754 Mans.

1763 5444 1852 5498 6"l
1888 5443 2125 5500 Timeth.
2175 5459 2230 5506 ιι,
2271 5442 2322 5496 Ei.

2143 457 2300 526 σῶμα
2328 453 2507 523 (τοῦτο
2531 450 2638 521 γὰρ
2662 449 2830 518 μόνης
2853 444 2962 517 (75)
2983 444 3082 515 τῆς
3110 443 3262 506 θείας
3293 441 3515 510 φύσεως
3545 436 3706 506 ἴδιον).

2141 550 2258 603 ἀλλ’
2309 550 2364 600 ἐν
2401 549 2468 617 τῇ
2511 543 2758 614 προτέρᾳ
2807 539 2983 610 μένων
3029 536 3367 607 περιγραφῇ.
3411 529 3586 584 Τοῦτο
3612 530 3708 597 γὰρ

2141 641 2408 696 διδάσκων
2453 637 2548 690 καὶ
2591 635 2730 705 μετὰ
2776 633 2877 702 τὴν
2925 630 3224 683 ἀνάστασιν
3251 626 3352 695 ἔφη
3392 627 3510 686 τοῖς
3553 621 3714 692 μαθη-

2144 736 2261 797 ταῖς
2285 747 2297 760 ·
2327 749 2345 782 ι
2387 730 2622 782 Βλέπετε
2643 726 2743 788 τὰς
2776 723 2963 794 χεῖράς
2997 738 3097 792 μου
3126 719 3220 772 καὶ
3247 719 3370 778 τοὺς
3401 715 3573 775 πόδας
3598 729 3713 781 μου,

2145 828 2227 880 ὃτι
2261 824 2422 885 αὐτὸς
2459 819 2568 889 ἐγώ
2600 820 2754 888 εἰμι’
2784 811 3143 886 ψηλαφήσατέ
3190 826 3280 881 με,
3313 809 3407 861 καὶ
3453 807 3612 865 ἷδετε,
3643 805 3716 855 ὅτι

2149 917 2366 987 πνεῦμα
2401 914 2578 985 σάρκα
2616 912 2712 965 καὶ
2750 908 2912 962 ὀστέα
2947 906 3046 959 οὐκ
3081 904 3215 974 ἔχει,
3249 899 3434 962 καθὼς
3467 897 3566 967 ἐμὲ
3596 895 3720 946 Θεω-

2152 1009 2294 1080 ρεῖτε
2325 1005 2534 1076 ἔχοντα.
2573 1022 2591 1053 ι
2620 1000 2808 1062 Οῦτως
2831 995 3106 1068 ὁρώμενος
3137 995 3213 1055 είς
3244 989 3510 1061 οὐρανοὺς
3541 985 3714 1052 ἁνελὴ-

2149 1076 2340 1154 λυοεν·
2391 1096 2566 1158 οὕτως
2615 1092 2765 1164 ἥξειν
2806 1087 2964 1151 αὖθις
3015 1085 3310 1154 ὑπέσχετο·
3349 1081 3530 1141 οὕτως
3571 1076 3723 1130 αὐτὸν

2152 1190 2372 1260 ὄψονται
2409 1187 2506 1240 καὶ
2545 1187 2595 1238 οἱ
2636 1181 3027 1240 πιστεύσαντες
3059 1175 3156 1230 καὶ
3185 1176 3233 1227 οί
3274 1170 3721 1242 σταυρώσαντες·

2161 1300 2180 1331 ι
2217 1278 2473 1347 Ὄψονται
2505 1273 2636 1345 γὰρ,
2663 1273 2848 1342 φησιν,
2889 1270 2967 1332 εἰς
2991 1267 3050 1320 ὃν
3083 1264 3465 1332 ἐξεκέντησαν.
3496 1279 3514 1310 ι

2230 1457 2368 1509 Ἕνα
2400 1451 2692 1524 τοιγαροῦν
2732 1444 3148 1518 προσκυνοῦμεν
3185 1442 3311 1495 Υἱὸν
3334 1482 3349 1504 ,
3378 1437 3652 1506 ἑκατέραν
3681 1435 3735 1488 δὲ

2161 1549 2322 1618 φύσιν
2345 1545 2558 1598 τελείαν
2588 1543 2646 1594 ὲν
2675 1539 2822 1609 αύτῷ
2847 1534 3178 1605 θεωροῦμεν,
3199 1533 3292 1586 καὶ
3311 1531 3408 1600 τὴν
3437 1526 3736 1587 λαϐοῦσαν,

2161 1616 2256 1692 καὶ
2295 1638 2393 1707 τὴν
2418 1635 2529 1705 (76)
2571 1631 2898 1701 ληφθεῖσαψ
2935 1627 3029 1679 καὶ
3062 1624 3160 1696 τὴν
3204 1625 3267 1675 ὲκ
3308 1621 3401 1674 τοῦ
3433 1620 3549 1690 (77)
3578 1616 3738 1676 Θεοῦ,

2093 1713 2133 1770 Β
2163 1732 2256 1784 καὶ
2285 1729 2381 1798 τὴν
2432 1728 2497 1779 ὲκ
2540 1723 2725 1778 Δαϐίδ.
2766 1719 2968 1773 Τούτου
2997 1716 3107 1786 γὰρ
3148 1715 3306 1785 χάριν
3347 1713 3445 1764 καὶ
3481 1710 3617 1770 Υἱὸς
3651 1707 3740 1760 τοῦ

2161 1820 2296 1874 Θεοῦ
2340 1817 2434 1872 τοῦ
2478 1816 2678 1881 ζῶντος
2723 1813 2817 1866 καὶ
2856 1811 2970 1872 υἱὸς
3011 1807 3105 1877 τοῦ
3157 1804 3319 1858 Δαὸὶδ
3365 1802 3743 1871 ὀνομάζεται,

2163 1911 2430 1982 ἑκατέρας
2459 1910 2674 1980 φύσεως
2711 1905 2810 1976 τὴν
2850 1903 3224 1973 ἁρμόττουσαν
3264 1897 3538 1964 ἑλκούσης
3577 1909 3747 1962 πφσο

2163 2001 2393 2073 ηγορίαν
2413 2015 2426 2029 ο
2456 1998 2543 2052 διά
2571 2013 2654 2049 τοι
2675 1993 2832 2047 τοῦτο
2861 1991 2956 2044 καὶ
2990 1990 3122 2042 Θεὸν
3146 1987 3308 2040 αὐτὸν
3331 1986 3426 2037 καὶ
3458 1984 3747 2073 ᾇνΘροιπον

2166 2096 2200 2164 ἡ
2225 2072 2344 2146 Θεία
2371 2087 2625 2160 ὀνομάζει
2652 2083 2866 2158 Γραφὴ,
2888 2083 2983 2136 καὶ
3005 2083 3033 2134 ὁ
3059 2079 3325 2151 μακάριος
3359 2072 3712 2164 lla-3104?»?
3734 2089 3745 2100 ³

2173 2162 2199 2232 ι-
2233 2175 2327 2244 Εἷς
2368 2178 2519 2243 Θεὸς,
2566 2172 2647 2239 εἷς
2687 2176 2782 2228 καὶ
2834 2172 3061 2243 μεσίτης
3100 2168 3234 2222 Θεοῦ
3278 2167 3374 2220 καὶ
3418 2162 3750 2233 ἀνθρώπιον,

2169 2275 2265 2330 ἄνθ
2276 2290 2455 2346 ρωπος
2491 2270 2726 2343 Χριστὸς
2761 2266 2990 2338 Ἰησοῦς,
3015 2268 3043 2318 ὁ
3067 2264 3186 2326 δοὺς
3211 2261 3403 2315 ἑαυτὸν
3427 2260 3753 2327 ἀντίλυτρον

2171 2366 2290 2420 ἀντὶ
2317 2363 2549 2417 πάντων.
2587 2379 2605 2411 ι
2652 2357 2794 2412 Ἀλλ’
2826 2355 3062 2408 ἐνταῦθα
3113 2351 3275 2406 αὐτὸν
3310 2351 3614 2420 ἄνθρωπον
3639 2348 3752 2398 ὀνο-

2176 2451 2373 2523 μὰσας,
2414 2446 2637 2519 ἑτέρωθι
2668 2443 3063 2518 προσαγορεύει
3107 2441 3259 2494 Θεόν.
3303 2459 3322 2490 ι
3364 2436 3751 2510 Προσδεχόμε-

2171 2559 2250 2596 νοι
2281 2541 2392 2612 (78)
2428 2539 2552 2609 γὰρ,
2581 2535 2735 2608 φησὶ,
2770 2535 2869 2605 τὴν
2905 2531 3180 2604 μακαρίαν
3208 2529 3404 2583 ἐλπίδα
3436 2529 3537 2580 καὶ
3565 2527 3760 2594 ἐπι-.ξὰ-

2172 2651 2319 2687 νειαν
2347 2632 2443 2701 τῆς
2470 2629 2630 2699 δόξης
2652 2626 2746 2680 τοῦ
2773 2626 3009 2697 μεγάλου
3041 2622 3172 2676 Θεοῦ
3194 2622 3284 2674 καὶ
3315 2619 3587 2689 Σωτῆῳς
3611 2619 3760 2688 ἡμῶν

2186 2723 2358 2795 Ἰησοῦ
2388 2719 2645 2795 Χριστοῦ.
2687 2738 2704 2769 ι
2749 2714 3010 2786 Ἀλλαχοῦ
3042 2714 3098 2767 δὲ
3131 2712 3419 2783 ἀμφότερα
3464 2711 3620 2764 κατὰ
3648 2728 3765 2762 tau-

2173 2793 2266 2870 τὸν
2309 2793 2558 2884 τίθησινο
2602 2830 2620 2862 ι
2671 2811 2760 2876 Ἐξ
2803 2801 2876 2863 ὧν
2913 2806 3057 2878 γὰρ,
3105 2805 3291 2875 φησιν,
3350 2806 3380 2856 ὁ
3427 2803 3683 2874 Χριστος
3713 2803 3766 2853 τὸ

2174 2907 2315 2961 κατὰ
2347 2907 2545 2976 σάρκα,
2568 2903 2596 2955 ὁ
2624 2900 2698 2954 ὣν
2731 2901 2824 2954 ἐπὶ
2856 2900 3071 2952 πάντων
3101 2897 3228 2957 Θεὸς
3262 2896 3344 2957 είς
3373 2894 3510 2956 τοὺς
3538 2894 3768 2954 αἰῶνας.

2187 3000 2378 3069 ’Δμήν.
2419 3015 2437 3049 ι
2483 2996 2592 3049 Καὶ
2638 2993 2729 3046 τὸν
2758 2991 2917 3044 αὑτὸν
2948 2989 3042 3043 καὶ
3068 2988 3126 3054 ἐξ
3173 2986 3447 3039 Ἰουδαίων
3497 2985 3769 3054 κέκληκε,

2178 3089 2319 3145 κατὰ
2345 3089 2544 3160 σάρκα,
2580 3085 2672 3139 καὶ
2704 3084 2796 3137 ἐπὶ
2826 3081 3044 3135 πάντων
3066 3078 3220 3138 Θεὸν,
3256 3077 3335 3138 ὡς
3377 3075 3545 3128 Θεὸν.
3584 3076 3773 3136 (litui;

2178 3183 2206 3234 ὁ
2233 3182 2518 3252 προφήτης
2554 3176 2782 3238 Ἠσαίας
2805 3172 3075 3246 εἰρηκώςο
3113 3188 3132 3221 ι
3175 3169 3506 3238 Ἀνθρωπκ
3537 3169 3599 3219 ἐν
3640 3167 3777 3235 τελη-

2179 3279 2250 3345 Ὑῇ
2282 3273 2379 3336 ὣνν
2409 3273 2504 3326 καὶ
2532 3267 2688 3332 εἰδὼς
2720 3267 2906 3338 φέρειν
2941 3263 3212 3335 μαλακίαν
3237 3278 3248 3290 ·
3295 3256 3458 3322 οὗτος
3492 3263 3604 3321 τὶς
3651 3261 3780 3312 ἀνθ,

2175 3365 2310 3436 μίας
2329 3361 2486 3433 ἡμῶν
2508 3361 2663 3430 φέρει
2682 3358 2774 3410 καὶ
2801 3356 2927 3426 περὶ
2959 3351 3116 3423 ἡμῶν
3137 3351 3389 3403 ὀδυνᾰται
3415 3365 3429 3379 ·
3455 3369 3473 3399 ι
3511 3349 3786 3416 ἐπήγαγε

2185 3458 2300 3527 μετ’
2325 3454 2482 3522 ὀλίγα
2512 3469 2525 3482 ο
2584 3471 2602 3504 ι
2631 3449 2740 3521 Τὴν
2769 3447 2960 3517 γενεὰν
3008 3445 3172 3499 αὑτοῦ
3217 3444 3303 3505 τίς
3338 3441 3675 3512 διηγήσεται
3709 3457 3726 3502 ;
3767 3460 3784 3490 τ

2181 3547 2353 3602 Τοῦτο
2380 3546 2435 3599 δὲ
2471 3545 2570 3599 οὐκ
2603 3542 2962 3613 ἀνθρώπινον,
2997 3537 3134 3591 ἀλλὰ
3167 3536 3333 3590 θεῖον.
3364 3532 3519 3584 υῦτω
3559 3531 3658 3583 διὰ
3685 3531 3794 3582 τοῦ

2180 3637 2418 3707 Μιχαίου
2449 3633 2613 3705 φησὶν
2648 3634 2676 3684 ὁ
2704 3632 2856 3694 Θεόςο
2892 3649 2908 3680 ι
2943 3629 3053 3682 Καὶ
3096 3628 3182 3690 σὺ,
3203 3623 3478 3694 Βηθλεὲμ,
3513 3622 3598 3690 ﬁ}
3641 3622 3763 3674 Ἰού

2180 3730 2266 3793 δα,
2295 3728 2543 3797 οὐδαμῶς
2566 3723 2822 3795 ἐλαχίστη
2863 3715 2915 3774 εἷ
2941 3723 2997 3772 ὲν
3031 3721 3142 3782 τοῖς
3168 3715 3434 3789 ἡγεμόσιν
3480 3713 3696 3766 Ἰούδα·
3736 3715 3796 3765 ἐκ

2185 3821 2278 3873 σοῦ
2307 3819 2414 3890 γὰρ
2447 3815 2792 3884 ἐξελεύσεται
2822 3808 3148 3884 ἡγούμενος,
3176 3810 3324 3869 ὅστις
3371 3808 3664 3874 ποιμανεῖ
3708 3805 3796 3855 τὸν

2183 3913 2310 3965 λαόν
2336 3929 2436 3983 μου
2461 3909 2552 3962 τὸν
2584 3907 2820 3979 Ἰσραήλ.
2855 3905 2962 3958 Καὶ
2995 3903 3052 3958 αἱ
3082 3900 3249 3965 ἔξοδοι
3273 3897 3446 3950 αὑτοῦ
3477 3897 3590 3950 ἀπ’
3621 3898 3800 3968 ἀρχῆς

2186 4003 2280 4072 ἀφ’
2303 4000 2523 4074 ἡμερῶν
2552 3999 2767 4061 αἰῶνος.
2817 4015 2836 4048 ι
2868 3996 2977 4050 Καὶ
3007 3992 3085 4064 τῷ
3110 3993 3208 4062 μὲν
3235 3991 3416 4042 εἰπεῖν
3444 4031 3459 4054 ,
3502 4008 3525 4040 ε
3577 3989 3684 4040 Ἐκ
3712 3988 3800 4038 ς;;

2186 4093 2294 4164 γὰρ
2323 4090 2660 4158 ἐξελεύσεταί
2693 4108 2781 4162 μοι
2809 4089 3132 4160 ἡγούμενος,
3162 4107 3181 4137 ι
3221 4086 3320 4154 τὴν
3358 4085 3466 4154 τῆς
3508 4085 3802 4154 ὲνανθρω-

2188 4188 2405 4257 πήσεως
2430 4183 2738 4253 οίκονομίαν
2764 4181 3040 4246 ὑπέδειξε’
3078 4180 3157 4250 τῷ
3189 4179 3244 4231 δὲ
3277 4177 3657 4248 προσύείναι,
3694 4195 3716 4228 ι
3747 4179 3806 4227 Δί

2190 4277 2354 4343 ἔξοδοι
2385 4273 2548 4326 αὑτοῦ
2591 4272 2686 4326 ἀπ’
2726 4271 3026 4342 ἁρχῆς,ἁφ’
3055 4270 3274 4341 ἡμερῶν
3306 4271 3544 4335 αίῶνος,
3592 4288 3612 4320 ι
3661 4285 3806 4335 παρ-

2113 4386 2167 4447 D
2190 4367 2422 4438 εδήλωσε
2459 4365 2564 4436 πρὸ
2592 4363 2700 4416 τῶν
2731 4361 2943 4416 αίὼνων
2978 4361 3075 4431 τὴν
3102 4362 3168 4412 ὲκ
3198 4358 3290 4412 τοῦ
3333 4361 3579 4428 Πατῴς
3612 4375 3813 4427 γενιηο

2196 4458 2380 4510 θεῖσαν
2413 4457 2661 4525 θεότητα.

2267 4545 2451 4599 Ταῦτα
2502 4543 2654 4615 παρὰ
2683 4543 2778 4613 τῆς
2815 4541 2964 4606 Θείας
2996 4539 3337 4610 διθαχθέντες
3387 4538 3677 4608 Γραςςῆς,
3727 4540 3818 4591 καὶ

2193 4641 2322 4703 τοὺς
2352 4640 2411 4692 ἐν
2454 4639 2728 4707 διαφόροις
2762 4633 3175 4702 διαλάμψαντας
3200 4630 3296 4699 τῆς
3339 4629 3718 4698 Ἐκκλησίεις
3749 4630 3823 4680 δι-

2195 4731 2492 4794 δασκάλους
2520 4727 2696 4782 ταῦτα
2739 4725 3070 4797 φρονοῦντας
3113 4721 3391 4792 εὑρόντες,
3438 4720 3674 4773 ἄσυλον
3729 4739 3830 4788 ς’..-

2195 4824 2444 4887 λάττειν,
2501 4821 2560 4874 ὂν
2613 4819 3031 4890 παρελάϐομεν,
3099 4811 3486 4880 σπουδάζομεν
3561 4812 3826 4880 κὶῆμιπ

2197 4917 2290 4969 καὶ
2344 4916 2440 4968 ἕνα
2509 4916 2606 4984 μὲν
2655 4909 3073 4983 προσκυνοῦμεν
3126 4907 3252 4958 Υἱὸν
3307 4903 3404 4956 τοῦ
3463 4903 3629 4956 Θεοῦ
3763 4905 3836 4964 ὡς

2197 5011 2292 5064 ἕνα
2329 5010 2460 5063 Θεὸν
2507 5009 2759 5077 Πατέρα,
2801 5005 2895 5058 καὶ
2944 5002 3001 5054 ἓν
3051 5003 3203 5069 ἅγιον
3255 4996 3536 5066 Πνεῦμαδ
3608 4998 3839 5068 οιιργξς

2201 5102 2382 5172 μέντοι
2429 5103 2524 5153 καὶ
2574 5099 2826 5167 Οεότητος
2863 5097 2923 5147 τὸ
2955 5095 3208 5164 διάφορον
3257 5089 3664 5158 ἐπιστάμεθα-
3733 5091 3844 5140 Καὶ

2199 5193 2385 5262 ὥσπερ
2423 5193 2550 5254 τοὺς
2588 5192 2666 5251 εἰς
2709 5187 2802 5241 δύο
2849 5188 2997 5248 υἱοὺς
3041 5184 3362 5255 μερίζοντας
3396 5181 3498 5232 τὸν
3567 5182 3688 5232 ἕνα
3731 5179 3850 5231 RL-

2206 5301 2318 5354 ριον
2374 5283 2528 5354 ήμῶν
2589 5280 2794 5350 Ἰησοῦν
2846 5277 3114 5348 Χριστὸν,
3171 5274 3273 5338 ἔξω
3333 5271 3562 5341 βαίνειν
3641 5275 3850 5342 φαμὲν

2402 5442 2446 5470 ⁵⁸
2475 5441 2583 5494 Tit.
2613 5454 2671 5503 ll,
2705 5437 2788 5492 l3.
2867 5437 2910 5467 ⁶⁷
2940 5435 3097 5489 Rom.
3140 5449 3210 5497 Ix,
3242 5432 3295 5487 5.
3367 5429 3566 5485 ⁵³15³.
3617 5446 3766 5492 mu,
3805 5428 3858 5478 3.

2275 5629 2384 5694 (77)
2410 5626 2502 5679 τοῦ
2531 5628 2686 5682 abest
2712 5643 2740 5679 a
2768 5624 2935 5694 Mans.

2272 5692 2385 5768 (78)
2427 5697 2850 5768 προσδεχόμενος
2885 5692 3053 5747 Mans.
