3962 6204
209 272 341 342 1437

1502 367 1507 372 ,
1578 290 1944 359 EPISTOLA
1974 301 2121 361 CLI.

2346 156 2377 173 χ

3324 311 3464 379 1438

203 392 567 504 ‘53];1'JRD‘IEN
628 398 799 467 ἁγίων
847 403 1161 463 ἀποστόλων
1197 416 1569 489 τετριμμένης
1624 419 1763 473 ὀδοῦ,

1884 436 2038 479 ctere
2060 425 2298 481 dicimus
2327 442 2357 482 a
2382 427 2470 483 via
2500 444 2664 499 quam
2702 419 2974 488 triverunt
2997 433 3228 504 apostoli
3259 450 3272 486 :
3307 435 3383 491 ita
3405 454 3420 489 ι
3439 445 3465 493 t

204 482 341 581 οὕτω
371 489 613 581 καὶτοὺς
643 492 773 560 μίαν
795 491 1055 563 λέγοντας
1102 482 1431 574 γεγενῆσθαι
1477 482 1651 577 φῦσιν
1673 482 1772 581 τὴν

203 574 422 669 θεότητα
437 579 530 633 τοῦ
547 582 888 652 Μονογενοῦς
905 588 1002 641 καὶ
1021 591 1121 661 τὴν
1144 594 1242 647 ἀνθ
1251 574 1563 669 ρωπότητα,
1582 602 1663 666 είς
1679 574 1771 657 τόν

201 668 381 768 ἕτερον
409 672 652 768 κρημνὸν
671 677 987 733 ἀποκλίνειν
1014 684 1216 750 φαμέν.
1234 686 1420 743 Ταῦτα
1442 693 1769 765 φρονοῦμεν,

196 761 364 853 ⁴ταῦτα
398 761 767 836 κηρύττομεν.
800 769 941 841 ὑπὲρ
981 772 1189 830 τούτων
1234 776 1619 853 ἀγωνιζόμεθα
1650 761 1770 840 *τῶν

194 846 495 917 δογμάτων.

261 940 380 1036 ’ρτι
408 943 473 1036 δὲᾼ
507 951 936 1036 συκοφαντοῦσιν
970 957 1020 1009 οί
1047 957 1140 1012 δύο
1166 960 1411 1028 λέγοντες
1443 967 1769 1036 πρεσϐεύειν

195 1028 336 1127 ἡμᾶς
361 1033 546 1127 Βίοὺς,
577 1035 676 1109 βοᾷ
703 1040 811 1093 τῶν
842 1048 1186 1117 πραγμάτων
1222 1054 1253 1121 ή
1290 1028 1568 1127 μαρτυρία
1592 1075 1606 1088 ·
1642 1059 1769 1123 τοὺς

193 1121 297 1190 γὰρ
318 1120 398 1217 τῷ
416 1127 672 1217 παναγίῳ
693 1133 1014 1201 προσιόντας
1037 1120 1496 1217 βαπτίσματι-τὴν
1526 1120 1754 1203 ἐκτεθεῖέ

194 1226 288 1263 σαν
319 1214 379 1311 ὲν
413 1216 622 1311 Νικαίᾳ
644 1222 825 1276 πίστιν
858 1225 1180 1302 διδάσκομεν
1199 1249 1214 1265 ο
1243 1237 1338 1289 καὶ
1361 1237 1422 1291 τὸ
1441 1214 1539 1309 τῆς
1566 1241 1765 1311 παλιγο

192 1304 435 1402 γενεσίας
470 1309 846 1381 ἐπιτελοῦντες
890 1324 1211 1395 μυστήριον,
1267 1304 1605 1402 βαπτίζομεν
1639 1304 1766 1400 τοῦς

190 1396 543 1492 πιστεύοντας
574 1403 656 1466 είς
675 1405 737 1458 τὸ
766 1406 937 1480 ὄνομα
965 1414 1059 1467 τοῦ
1083 1396 1320 1489 Πατρδς,
1363 1423 1457 1476 καὶ
1487 1396 1582 1477 τοῦ
1609 1396 1762 1492 Υίοῦ,

189 1485 278 1587 καὶ
305 1486 400 1539 τοῦ
427 1489 586 1587 ἀγίου
614 1496 950 1568 Πνεύματος,
986 1505 1180 1572 ἑνικῶς
1203 1485 1450 1583 ⁷ἑκάστην
1491 1485 1765 1587 προετηγοζ

189 1576 309 1680 ρίαν
333 1584 759 1680 προσφέροντες,
793 1594 888 1646 καὶ
934 1598 1120 1665 μέντοι
1146 1604 1242 1656 καὶ
1281 1576 1416 1669 ταῖς.
1445 1576 1766 1680 ἐκκλησίαις

118 1718 124 1723 ,
185 1670 444 1767 διηνεκῶς
472 1676 933 1751 λειτουργοῦντες,
962 1688 1207 1756 δοξάζειν
1230 1695 1504 1767 εἰώθαμεν
1529 1670 1619 1751 τὸν
1649 1670 1762 1753 Πα-ζ

483 1769 576 1862 rb}
611 1771 758 1838 Υίὸν,
784 1776 879 1828 καὶ
906 1778 969 1832 τὸ
998 1781 1154 1849 ἅγιον
1174 1761 1435 1858 Πνεῦμα·
1465 1790 1564 1862 οὑχ
1592 1792 1763 1857 υἱοὺς,

186 1849 300 1953 an:
334 1852 591 1953 Dida-Ii)!
621 1864 797 1919 τοίνυν
846 1867 941 1922 δύο
990 1872 1175 1943 φαμὲν
1217 1849 1389 1944 υἱοῦς,
1418 1880 1503 1944 τίς
1633 1849 1766 1953 παρλ

186 1941 738 2043 ὴμῶν-δοξαζόμενος,
768 1958 861 2011 καὶ
897 1959 980 2025 τίς
1011 1965 1040 2016 ὁ
1075 1941 1263 2034 μένων
1304 1941 1651 2043 ἀγ-ἐρα-στοςς
1689 1941 1763 2030 (if)

184 2035 393 2137 γάρείς
418 2043 673 2098 τοσοῦτον
713 2051 914 2117 μανίας
952 2053 1323 2126 ὲληλάκαμεν,
1354 2035 1496 2118 ὥστε
1530 2035 1647 2119 δύο,
1666 2068 1765 2137 μὲν

182 2125 365 2227 λεγειν
394 2133 573 2201 υἱοὺς,
608 2140 883 2211 μηδεμιᾶς
911 2145 967 2199 δὲ
999 2150 1166 2221 τιμῆς
1205 2125 1301 2206 τὸν
1333 2154 1522 2227 ἕτερον
1554 2125 1760 2224 ἀξιοῦν.

181 2219 354 2323 Δήλη.
380 2229 676 2323 τοιγαροῦν
724 2235 1020 2294 κάντεῦθεν
1073 2219 1129 2313 ἡ.
1161 2219 1499 2316 συκοφαντία
1536 2219 1767 2323 γεγένη-

180 2315 496 2415 ταν-ἡμεῖς
549 2321 660 2394 γὰρ
708 2324 806 2380 ἕνα
851 2334 1269 2406 προσκυνοῦμεν
1315 2315 1447 2395 Υίδν
1500 2315 1762 2415 μονογενῆ

178 2406 269 2504 :bv
308 2408 812 2504 ενανθρωπήσαντα
858 2421 991 2475 Θεὸν
1043 2425 1219 2496 Λόγον
1244 2447 1259 2460 ·
1328 2432 1430 2504 τὴν
1486 2406 1655 2500 ἀγίαν
1706 2406 1763 2490 δέ

180 2496 452 2596 Παρθένον
472 2505 734 2596 θεοτόκον
761 2511 1041 2567 ἀποκαλοῦ
1050 2534 1169 2585 μεν,
1201 2496 1395 2591 ἐπειδη
1420 2523 1510 2578 τὸν
1534 2496 1762 2596 -Έμμα-

353 2594 701 2667 γεγέννηκεν,
717 2601 775 2663 ὃς
793 2604 1177 2675 ἑρμηνεύεται,
1197 2612 1336 2666 Μεθ’
1354 2589 1521 2683 μῶν
1540 2619 1573 2671 d
1592 2589 1758 2684 ὸέός.

193 2680 252 2734 Ὀ
278 2681 489 2780 δὲὴπερὶ
513 2687 607 2780 τοῦ
643 2692 992 2764 Ἐμμανουὴλ
1021 2680 1439 2771 προαγορεύσας
1473 2680 1761 2780 προφήτης

181 2773 297 2841 μετ’
330 2773 486 2866 όλίγα
512 2777 673 2832 πάλιν
717 2782 942 2836 τοιαῦτα
971 2786 1101 2857 περὶ
1131 2789 1298 2843 αὐτοῦ
1336 2773 1656 2866 γέγραφεν,

184 2881 204 2961 ι
238 2864 455 2961 Παιδίον
489 2869 752 2961 ἐγεννήθη
784 2875 938 2945 ήμῖν,
976 2876 1094 2943 υίὸς
1128 2882 1223 2935 καὶ
1256 2882 1412 2956 ἐδόθη
1443 2864 1595 2957 ήμίν,
1638 2883 1698 2943 οὗ
1727 2891 1761 2961 ὴ

177 2955 443 3051 ἀρχὴ-ἐπὶ
489 2959 587 3012 τοῦ
640 2960 792 3033 ὤμου
825 2966 1015 3035 αὑτοῦ,
1072 2972 1168 3025 καὶ
1210 2955 1558 3033 καλεῖταιητὸ
1589 2955 1760 3051 ὄνομα

175 3047 371 3169 Σῗῖξῗξ
401 3052 644 3169 ii???
664 3055 1199 3169 βουῧῆςᾷλτγελυςπ
1241 3066 1577 3169 “frame
1616 3047 1758 3169 eis-
1786 3110 1831 3169 c

176 3136 391 3238 Ξουλος,
423 3142 556 3238 Θεὸς
591 3147 831 3219 ἰσχυρὸς,
873 3152 1252 3229 ὲξουσιαστὴς.
1295 3136 1481 3232 ἄρχων
1511 3136 1759 3238 εἰρήνης,

176 3228 490 3328 Ιξατὴρᾼτοῦ
537 3238 823 3307 μέλλοντος
852 3244 1067 3310 αἰῶνος.
1106 3267 1125 3300 i
1161 3228 1224 3302 Ei
1274 3228 1498 3317 δὲ’ὀεὺς
1538 3228 1761 3328 ιέτχύῥδξ

174 3321 238 3375 τὸ
270 3324 461 3396 τεχθὲν
499 3330 603 3383 ὑπὸ
642 3332 743 3402 τῆς
789 3334 1068 3406 Παρθένου
1115 3343 1555 3415 προσηγόρευται
1594 3321 1762 3418 ’-βρέ-

176 3434 299 3486 φος,
323 3422 549 3486 εἰκότως
584 3424 693 3495 ἄρα
753 3428 786 3496 ή
819 3428 1056 3483 τεκοῦσα
1103 3431 1369 3500 Θεοτὸκος
1409 3438 1726 3510 ὠνόμασται
1748 3458 1761 3472 ’

177 3511 443 3582 μετέλαχε
474 3514 583 3585 γὰρ
616 3517 649 3587 ἡ
681 3517 915 3572 τεκοῦσα
959 3521 1060 3591 τῆς
1108 3523 1201 3577 τοῦ
1247 3527 1529 3597 τεχθέντος
1570 3530 1762 3600 τιμῆς,

174 3602 275 3654 καὶ
306 3602 453 3657 ἔστιν
479 3606 512 3675 ή
544 3607 820 3676 Παρθένος
859 3610 953 3664 καὶ
987 3613 1192 3686 μήτηρ,
1212 3615 1288 3682 ὡς
1318 3619 1633 3693 ἀνθρώπου,
1665 3622 1762 3675 τοῦ

174 3693 451 3747 Δεσπότου
503 3697 763 3768 Χριστοῦ,
812 3701 908 3754 xui.
948 3703 1111 3775 δούλη
1152 3707 1336 3777 πάλιν,
1378 3710 1454 3774 ὡς
1487 3713 1763 3767 Δεσπότου

174 3784 276 3839 καὶ
304 3786 536 3857 Ποιητοῦ
566 3790 660 3843 καὶ⁸
691 3790 849 3848 Θεοῦ.

247 3876 352 3930 Διά
384 3878 588 3950 ταύτην
615 3881 723 3936 τῶν
760 3885 954 3952 φωνῶν
985 3889 1086 3959 τὴν
1121 3890 1384 3965 διαφορὰν
1410 3895 1504 3949 καὶ
1532 3897 1763 3970 ἀπάτωρ

175 3967 287 4021 ὑπὸ
312 3969 407 4023 τοῦ
441 3971 731 4028 θεσπεσίου
754 3977 969 4032 Παύλου
1007 3982 1103 4035 καὶ
1137 3983 1370 4057 ἀμήτωρ
1393 3987 1641 4044 καλεῖται
1665 3967 1761 4044 καλ.

175 4061 633 4151 ἀγενεαλόγητος,
673 4067 809 4138 μήτε
845 4070 1019 4141 ἀρχὴν
1051 4073 1294 4149 ἡμερῶν,
1328 4078 1466 4149 μήτε
1497 4077 1643 4151 ζωῆς
1670 4080 1762 4135 τέ-

176 4150 271 4217 λος
305 4153 464 4225 ἔχων.
515 4158 770 4224 Ἀπάτωρ
800 4161 897 4232 μὲν
928 4164 1038 4235 γάρ
1082 4166 1198 4219 ἐστι
1245 4169 1387 4223 κατὰ
1430 4170 1493 4224 τὸ
1546 4150 1760 4243 ἀνθρὼ-

179 4262 340 4337 πινον
362 4264 377 4277 ’
418 4248 483 4302 ὲκ
508 4251 679 4323 μόνης
711 4253 843 4325 γὰρ,
863 4254 939 4325 ᾡς
967 4256 1273 4330 ἄνθρωπος,
1298 4263 1491 4335 ἐτέχθη
1522 4265 1758 4337 μητρός’

174 4336 414 4412 ἀμήτωρ
449 4341 507 4395 δέ
542 4344 712 4411 ἐστιν,
763 4347 839 4411 ὡς
870 4348 1037 4413 Θεός·
1086 4354 1153 4427 ὲκ
1204 4353 1367 4423 μόνου
1415 4355 1526 4427 γὰρ
1556 4358 1620 4411 ὲκ
1652 4357 1761 4410 τῶν

1880 518 2005 573 illos
2030 519 2126 589 qui
2147 535 2214 574 ex
2245 520 2534 578 divinitate
2560 525 2830 596 unigeniti
2867 527 2991 581 Filii
3016 536 3073 583 et
3115 522 3461 585 humanitate

1883 625 2047 663 unam
2072 609 2332 680 inquiunt
2367 612 2563 668 factam
2588 630 2712 670 esse
2741 627 3017 683 naturam,
3059 635 3125 673 ex
3148 619 3255 674 alia
3300 628 3460 689 parte

1878 701 2191 771 praecipites
2212 702 2343 757 ferri
2371 706 2691 762 asserimus.
2719 707 2778 761 ln
2813 708 2918 763 hac
2949 726 3139 764 sumus
3163 712 3457 777 sententia;

1877 792 1997 846 haec
2047 793 2304 865 dogmata
2340 796 2736 866 praedicamus,
2791 810 2955 871 atque
3003 817 3105 872 pro
3145 802 3278 872 ipsis
3329 818 3455 857 cer—

1875 892 2074 940 tamus.

1944 976 2131 1032 Nostri
2193 994 2326 1035 vere
2382 980 2833 1046 calumniatores,
2881 982 2975 1052 qui
3021 983 3162 1039 duos
3200 986 3458 1040 venerari

1877 1069 2021 1124 ﬁlios
2046 1070 2258 1137 dicunt,
2293 1071 2549 1128 falsitatis
2577 1083 2888 1145 arguuntur
2916 1091 2945 1129 a
2982 1088 3166 1129 rerum
3199 1078 3452 1132 veritate.

1872 1162 2007 1217 Nam
2037 1177 2103 1217 ea
2125 1178 2228 1218 nos
2249 1204 2264 1229 ,
2297 1164 2364 1219 ad
2394 1166 2805 1220 sanctissimum
2840 1166 3130 1222 venientes
3159 1166 3453 1238 baptisma,

1874 1252 2219 1309 instituimus
2243 1254 2371 1320 ﬁde,
2427 1273 2549 1326 qua:
2574 1257 2772 1314 Nicaea
2818 1258 3043 1314 deﬁnita
3105 1271 3222 1323 est,
3289 1269 3454 1330 atque

1869 1361 2027 1402 nova:
2047 1349 2418 1418 generationis
2448 1349 2580 1403 dum
2609 1365 2933 1405 exercemus
2954 1353 3301 1435 mysterium,
3330 1353 3457 1407 illos

1868 1438 2236 1509 baptizamus,
2267 1440 2362 1510 qui
2397 1441 2575 1496 Patris
2625 1449 2685 1497 et
2729 1441 2852 1496 Filii
2881 1452 2936 1496 et
2992 1442 3235 1513 Spiritus
3277 1445 3453 1498 sancti

1868 1531 2084 1586 nomini
2130 1532 2395 1594 credunt,
2451 1531 2751 1604 separatim
2802 1534 3049 1605 singulas
3109 1536 3455 1605 proferentes

1870 1623 2293 1693 appellationes.
2348 1624 2643 1681 Enimvero
2676 1628 2735 1681 in
2779 1626 3033 1682 ecclesiis
3064 1628 3271 1699 jugiter
3296 1642 3450 1682 saera

1868 1711 2160 1777 obeuntes,
2175 1713 2401 1771 laudare
2421 1715 2810 1771 consuevimus
2823 1717 3064 1781 Patrem;
3078 1726 3132 1771 et
3155 1717 3376 1777 Filium.
3396 1725 3454 1771 et

1797 1771 1838 1826 Β
1873 1803 2142 1872 Spiritum
2174 1815 2448 1860 sanctum.
2508 1805 2697 1877 Neque
2753 1807 2897 1862 ﬁlios
2943 1808 3201 1874 dicimus,
3231 1808 3327 1863 sed
3358 1809 3450 1863 Fi-

1867 1895 2003 1949 lium
2025 1912 2040 1961 ;
2061 1895 2105 1950 si
2130 1896 2268 1951 duos
2304 1897 2453 1951 enim
2480 1899 2900 1954 nominaremus
2929 1900 3092 1965 ﬁlios,
3122 1900 3247 1970 quis
3278 1910 3449 1966 esset,

1866 2004 2031 2059 quem
2061 1988 2457 2044 laudaremus?
2483 1992 2609 2060 quis
2632 2008 2764 2046 vero
2808 1992 3020 2047 honore
3059 1993 3251 2047 caret?
3292 1991 3449 2047 Haud

1866 2079 2014 2133 enim
2044 2088 2195 2134 tanta
2228 2097 2333 2135 nos
2385 2082 2532 2151 cepit
2582 2082 2883 2149 dementia,
2922 2091 2984 2137 ut
3006 2081 3148 2138 duos
3197 2084 3451 2139 dicamus

1866 2188 1990 2229 esse
2010 2173 2173 2237 ﬁlios,
2209 2189 2445 2243 quorum
2470 2175 2631 2230 alteri
2662 2176 2876 2231 nullum
2933 2175 3243 2232 tribuamus
3269 2178 3449 2232 hono-

1866 2264 2162 2320 rem.Inde
2179 2264 2348 2335 igitur
2372 2274 2524 2336 patet
2551 2267 2849 2332 calumnia,
2886 2269 3111 2323 unicum
3165 2270 3313 2323 enim
3350 2284 3450 2323 nos

1865 2353 2161 2409 adoramus
2188 2354 2390 2409 Filium
2420 2357 2789 2428 unigenitum,
2839 2359 3048 2429 1311
3093 2359 3190 2414 Dei
3249 2374 3448 2431 nempe

1864 2446 2107 2501 Verbum
2132 2447 2412 2503 hominem
2444 2448 2683 2505 factum:
2713 2460 2958 2506 sanctam
2992 2465 3125 2506 vero
3165 2450 3449 2523 Virginem

1863 2536 1958 2590 Dei
1989 2537 2313 2607 genitricem
2377 2555 2654 2605 vocamus,
2681 2542 2811 2611 quia
2862 2542 3079 2612 peperit
3116 2540 3447 2598 Emmanue-

1862 2626 1991 2691 lem,
2022 2628 2440 2700 quisignilicat:
2474 2630 2616 2686 Deus
2643 2633 2911 2687 nobiscum
2941 2633 3008 2689 ⁷¹.
3040 2633 3110 2687 Ει
3138 2631 3304 2703 paulo
3326 2642 3451 2704 post

1862 2721 2161 2791 propheta,
2188 2722 2282 2792 qui
2306 2723 2724 2780 Emmanuelem
2761 2723 3036 2795 praedixit,
3073 2724 3196 2780 haec
3220 2724 3287 2780 de
3328 2725 3449 2796 ipso

1865 2814 2124 2885 scripsit:
2162 2835 2181 2864 ι
2202 2816 2474 2872 Parvulus
2503 2817 2649 2872 enim
2675 2829 2835 2872 natus
2863 2827 2950 2873 est
2993 2818 3176 2884 nobis,
3198 2826 3257 2871 et
3305 2818 3450 2871 [ilius

1864 2902 2028 2960 datus
2053 2913 2137 2960 est
2166 2907 2349 2974 nobis,
2387 2910 2545 2979 cujus
2568 2916 2653 2964 cst
2688 2909 3028 2980 principatus
3060 2925 3225 2980 super
3253 2909 3450 2963 hume-

1863 3012 1984 3051 rum
2015 2997 2157 3067 ejus,
2178 3007 2233 3053 et
2257 2999 2547 3055 vocabitur
2581 3015 2782 3055 nomen
2824 3001 2946 3071 ejus
2977 2999 3215 3071 Angelus
3265 2997 3447 3069 magni

1863 3086 2103 3152 consilii,
2137 3087 2501 3153 admirabilis,
2534 3086 2911 3152 consiliarius,
2936 3087 3082 3141 Deus
3136 3086 3315 3148 fortis,
3348 3102 3447 3156 po-

1867 3184 2011 3239 tens,
2034 3178 2292 3248 princeps
2338 3178 2513 3249 pacis,
2561 3181 2728 3235 Pater
2790 3178 2963 3234 futuri
3025 3179 3209 3233 saeculi
3241 3179 3307 3231 ".
3336 3199 3352 3229 ι
3389 3176 3446 3232 Si

1858 3283 1999 3328 ⁶νει-ο
2026 3284 2166 3338 puer
2187 3286 2215 3323 a
2240 3270 2464 3341 Virgine
2496 3279 2683 3336 natus,
2725 3272 2871 3325 Deus
2907 3271 3065 3326 fortis
3111 3260 3446 3341 appellatur,

1861 3360 1988 3430 jure
2022 3359 2191 3431 igitur
2219 3368 2276 3414 et
2302 3377 2424 3429 quae
2452 3376 2581 3415 eum
2613 3362 2941 3432 peperitDei
2972 3361 3222 3416 Ccnitrix
3254 3370 3448 3416 vocata

1865 3457 1979 3503 est:
2007 3449 2284 3520 particeps
2315 3449 2464 3505 enim
2510 3450 2652 3506 facta
2700 3460 2784 3506 est
2824 3459 3001 3505 mater
3042 3449 3270 3505 honoris
3319 3450 3446 3514 lilii;

1866 3522 2041 3597 et‘est
2059 3541 2222 3613 Virgo
2247 3551 2303 3597 et
2329 3550 2525 3608 mater,
2552 3550 2815 3612 tanquam
2837 3542 3082 3597 hominis
3101 3541 3308 3597 Christi
3338 3541 3445 3595 Do-

1866 3633 2025 3698 mini,
2054 3643 2110 3688 et
2150 3633 2353 3689 iterum
2380 3634 2598 3702 ancilla,
2629 3642 2891 3706 tanquam
2906 3634 3198 3690 Dominiet
3223 3632 3450 3690 Creato-

1866 3726 1945 3782 ris
1969 3727 2161 3782 etDei.

1936 3914 2167 3984 Propter
2225 3914 2368 3970 hanc
2400 3930 2597 3969 vocum
2648 3915 2992 3980 varietatem,
3024 3926 3080 3969 et
3125 3916 3238 3967 sine
3271 3920 3447 3984 patre,

1864 4022 1891 4060 a
1928 4006 2056 4060 divo
2084 4006 2338 4072 Paulo”,
2365 4007 2543 4062 etsine
2565 4015 2737 4061 matre
2769 4015 3019 4072 vocatur,
3044 4015 3101 4062 et
3119 4008 3232 4061 sine
3248 4021 3445 4077 genea-

1865 4093 2027 4166 logia,
2052 4112 2215 4167 neque
2242 4096 2453 4150 initium
2474 4096 2702 4163 dierum,
2720 4114 2886 4169 neque
2906 4096 3068 4167 ﬁnem
3096 4100 3212 4153 vitae
3230 4097 3443 4152 habens.

1864 4184 1992 4240 Sine
2019 4195 2175 4256 patre
2209 4187 2434 4257 quidem
2473 4196 2579 4254 est,
2619 4188 2925 4243 secundum
2958 4188 3387 4255 humanitatem;
3414 4204 3446 4243 a

1863 4276 2135 4332 solaenim
2152 4276 2374 4350 Virgine
2390 4287 2549 4335 natus
2561 4287 2664 4341 est,
2682 4288 2742 4333 ut
2755 4280 2940 4334 homo.
2957 4278 3086 4334 Sine
3101 4288 3274 4334 matre
3292 4295 3446 4347 vero,

1864 4378 1926 4421 ut
1948 4368 2112 4422 Deus.
2142 4369 2219 4422 Ex
2250 4369 2369 4423 solo
2395 4368 2544 4424 enim
2562 4370 2724 4425 Patre
2756 4379 2919 4425 natus
2935 4379 3021 4426 est
3053 4379 3181 4425 ante
3223 4371 3444 4425 saecula.

174 4428 406 4532 αἰωνων.
446 4433 715 4508 ἐγεννήθη
755 4439 1003 4510 Πατρός’
1061 4443 1155 4495 καὶ
1190 4445 1613 4519 ἀγενεαλόγητος
1647 4449 1757 4520 (79)

1870 4460 1934 4513 Et
1965 4459 2084 4514 sine
2115 4461 2451 4532 genealogia,
2489 4463 2690 4517 iterum
2720 4472 2780 4517 ut
2806 4464 2969 4518 Deus.
3039 4464 3147 4519 Sed
3179 4472 3239 4518 ut
3282 4464 3448 4518 homo

177 4520 349 4574 πάλιν
376 4522 451 4588 ὡς
480 4527 634 4591 θεὸς,
679 4529 819 4584 ἀλλά
854 4533 950 4585 καὶ
983 4534 1392 4604 γενεαλογεῖταο.
1441 4538 1517 4602 ὡς
1549 4540 1764 4613 ἄνθρω-

177 4628 306 4674 πος.
346 4633 365 4665 ι
392 4613 584 4680 Βίϐλος
613 4621 744 4692 γὰρ,
774 4624 928 4693 φησι,
957 4626 1225 4693 γενέσεως
1284 4627 1457 4699 Ἰησοῦ
1502 4631 1761 4702 Χριστοῦ,

1865 4553 2240 4626 genealogiam
2255 4555 2440 4610 habet.
2476 4555 2621 4611 Dicit
2652 4557 2800 4612 enim
2831 4559 3163 4630 evangelista
3189 4577 3201 4613 :
3239 4577 3257 4609 ι
3281 4558 3447 4613 Liber

1864 4645 2238 4715 generationis
2266 4646 2394 4701 .lesu
2441 4645 2670 4711 Christi,
2716 4648 2813 4703 ﬁlii
2846 4650 3090 4716 Davidis,
3130 4649 3230 4704 ﬁlii
3268 4650 3447 4704 Abra-

174 4703 299 4755 υἱοῦ
332 4704 521 4770 Δαὸὶδ,
544 4708 661 4762 υἱοῦ
706 4711 978 4785 Ἀϐραάμ.
1017 4736 1035 4767 ι
1066 4717 1387 4786 Γενεαλογεί
1405 4720 1460 4772 δὲ
1479 4722 1642 4775 αὐτὸν
1670 4725 1763 4778 καὶ

1870 4732 1993 4789 ham
2020 4735 2084 4789 ⁷⁸.
2106 4755 2124 4786 ›
2163 4735 2232 4790 Ει
2261 4751 2456 4791 rursus
2487 4738 2607 4808 ejus
2647 4741 3063 4809 generationem
3098 4741 3265 4795 tradit
3285 4741 3448 4795 divus

173 4795 396 4900 flowed;
424 4800 453 4852 ό
488 4799 795 4869 θεσπέσιος.
839 4807 995 4861 Οῦτω
1040 4810 1224 4870 πάλιν,
1264 4812 1340 4875 ὡς
1380 4811 1532 4877 Θεὸς,
1589 4815 1763 4887 ἀρχὴν

1870 4825 2043 4881 Lucas
2069 4828 2134 4882 ⁷⁸.
2164 4828 2236 4884 Ut
2293 4828 2439 4883 Deus
2488 4830 2789 4887 exsistendi
2819 4834 3036 4888 initium
3075 4850 3188 4889 non
3231 4834 3446 4900 habuit,

171 4886 407 4993 ἡμερῶν
436 4891 535 4944 οὐκ
572 4891 720 4963 ἔσχε,
752 4894 858 4967 πρὸ
889 4897 997 4970 γὰρ
1027 4900 1133 4952 τῶν
1161 4900 1371 4955 αἰώνων
1400 4886 1725 4975 γεγέννηται
1745 4921 1759 4935 ’

1870 4911 1991 4973 ante
2011 4919 2210 4973 saecula
2231 4918 2378 4974 enim
2409 4931 2572 4977 natus
2591 4932 2696 4987 est,
2730 4940 2910 4994 neque
2963 4925 3126 4980 ﬁnem
3182 4926 3310 4981 vitae
3343 4926 3444 4980 ha-

171 4980 303 5030 οῦτε
331 4980 438 5051 μὴν
486 4981 635 5053 ζωῆς
684 4987 838 5050 τέλος
876 4989 1023 5060 ἔχει,
1070 4992 1336 5047 ἀθάνατον
1383 4993 1493 5067 γὰρ
1523 4994 1636 5066 ἔχει
1670 4997 1763 5051 καὶ

1870 5010 1988 5077 bet,
2031 5009 2397 5067 immortalem
2453 5030 2577 5070 cum
2626 5016 2829 5072 habeat
2876 5029 3131 5073 naturam
3162 5028 3218 5073 et
3268 5019 3445 5089 impa-

172 5070 366 5167 ἀπαθή
393 5074 493 5145 τὴν
520 5076 700 5146 φύσιν.
736 5080 819 5146 Ὠς
852 5082 909 5135 δὲ
948 5085 1235 5157 ἄνθρωπος
1264 5088 1356 5140 καὶ
1396 5088 1570 5162 ἀρχὴν
1601 5089 1763 5162 ἔσχεν

1870 5102 2113 5158 tientem.
2142 5104 2213 5161 Ut
2238 5105 2405 5161 homo
2433 5119 2617 5163 autem
2641 5118 2696 5164 et
2721 5109 2937 5165 dierum
2984 5111 3177 5167 habuit
3198 5070 3441 5165 initiu'm.

172 5164 414 5271 ἡμερῶν
431 5167 566 5271 (80j'
592 5170 686 5222 ἐπὶ
708 5173 818 5243 γὰρ
834 5175 1141 5243 ⁸Αὐγούστου
1166 5179 1439 5252 Καίσαρος
1468 5183 1727 5255 ἐγεννήθη
1747 5202 1762 5218 ·

1870 5193 2078 5263 1312
2106 5194 2241 5249 Nam
2265 5194 2495 5267 Augusti
2526 5196 2760 5254 Caesaris
2790 5209 3037 5271 tempore
3067 5210 3229 5256 natus
3258 5211 3363 5266 est,
3388 5208 3445 5253 et

173 5256 272 5361 καὶ
306 5255 460 5361 ζωής
480 5258 633 5323 τέλος
679 5261 836 5333 ἔσχεν
863 5283 875 5295 ·
911 5267 1007 5320 ἐπὶ
1036 5270 1144 5340 γὰρ
1181 5272 1434 5344 Τιϐερίου
1480 5275 1760 5348 Καίσαρος

1870 5284 1991 5340 vita:
2016 5286 2211 5341 habuit
2236 5287 2433 5349 ﬁnem;
2468 5299 2714 5361 tempore
2762 5294 2911 5347 enim
2961 5294 3172 5349 Tiberii
3210 5294 3445 5349 Caesaris

170 5346 527 5452 ἐσταυρωθη.
553 5352 713 5408 Ἀλλά
739 5355 856 5421 νῦν,
890 5358 965 5421 ὡς
993 5359 1148 5431 ἔφην,
1177 5364 1271 5416 καὶ¹
1296 5366 1393 5435 τὴν
1413 5346 1759 5437 ἀνθρωπείαν

1870 5376 2163 5431 cruciﬁxus
2183 5385 2287 5432 est.
2322 5379 2481 5435 Nunc
2513 5396 2668 5445 vero,
2701 5382 3171 5452 quemadmodum
3218 5384 3356 5449 dixi,
3388 5390 3445 5438 et

173 5437 345 5507 φύσιν
374 5441 644 5499 ἀθάνατον
680 5448 816 5518 ἔχει,
859 5450 952 5504 καὶ
1000 5452 1077 5517 ὼς
1123 5454 1400 5528 ἀνελήφθη
1444 5459 1604 5514 πάλιν
1637 5460 1758 5531 ἥξει

1870 5464 2107 5520 humana
2130 5474 2331 5522 natura
2364 5466 2663 5525 immortali
2705 5471 2967 5541 praeditus
3012 5480 3116 5540 est,
3155 5484 3214 5532 et
3251 5483 3313 5530 ut
3357 5488 3443 5530 as-

140 5594 167 5611 ‘-
248 5577 296 5609 "
324 5579 512 5637 Matth.
548 5600 584 5648 ι,
611 5585 701 5641 25.
780 5590 824 5619 ⁷³
853 5589 954 5645 lsa.
983 5609 1068 5659 ix,
1096 5595 1146 5647 (ἰ,
1206 5595 1251 5626 τ³
1279 5595 1442 5651 llcbr.
1472 5616 1561 5667 vn,
1590 5600 1642 5655 5.
1720 5603 1763 5635 ⁷³

1870 5604 2004 5658 atth.
2042 5610 2155 5669 ι,1.
2230 5605 2275 5637 ⁷⁵
2302 5605 2432 5661 Luc.
2466 5592 2543 5673 in,
2574 5610 2664 5665 25.

255 5694 368 5768 (79)
399 5697 455 5752 δὲ
490 5699 643 5758 addit
674 5703 845 5761 Mans.

1949 5719 2058 5791 (se)
2098 5721 2196 5792 ἡμ.
2228 5719 2341 5794 ἔσχ.
2370 5722 2537 5781 idem.
