3962 6204
507 314 642 379 1439

1491 303 1977 367 THEODOI-{ETI
2018 299 2354 360 EPISCOI‘I
2392 299 2755 358 CYRENSIS

3613 289 3757 353 1H0

489 428 698 487 uendit.
722 427 921 481 iterum
953 422 1476 487 veniet,sccundum
1507 419 1826 489 angelorum
1852 429 2061 470 vocem.
2095 460 2100 471 ,

2211 412 2308 464 ατὰ
2335 413 2433 481 τὴν
2461 411 2570 463 τῶν
2597 408 2846 475 ἀγγέλων
2875 403 3080 474 φωνήν.
3122 421 3140 453 σ
3169 395 3336 466 Οὗτος
3359 401 3491 474 γὰρ,
3517 402 3756 471 ἔφησαν,

503 517 576 572 ita
601 516 748 571 enim
777 515 1039 568 dixerunt
1065 529 1078 565 :
1114 531 1132 561 ι
1159 510 1258 566 llic
1279 512 1460 574 Jesus,
1497 509 1591 578 qui
1640 514 1955 576 assumptus
1987 514 2073 557 est

2241 500 2444 572 Ἰησοῦς
2491 503 2520 554 6
2553 496 2884 566 ἀναληφθεὶς
2930 493 3024 563 ἀφ’
3065 493 3220 561 ὑμῶν
3260 493 3339 555 είς
3371 493 3464 546 τὸν
3502 493 3758 562 οὐρανὸν,

501 623 530 661 a
560 607 716 661 vobis
750 605 808 658 in
831 605 1053 667 malum,
1087 602 1168 679 sic
1220 600 1422 662 veniet,
1482 596 1945 669 quemadmodum
1990 593 2074 646 vi-

2211 591 2344 654 ὗτως
2393 591 2692 654 ἐλεύσεται,
2739 587 2798 639 δν
2845 584 3049 655 τρόπον
3091 581 3389 637 ἐθεάσασθε
3445 585 3621 638 αὐτὸν
3663 602 3761 639 πο·

401 721 408 726 ·
503 699 666 754 distis
687 714 814 752 eum
839 707 1060 751 euntem
1095 696 1150 749 in
1172 695 1373 749 cmlum
1395 693 1461 745 ⁷⁸.
1486 711 1505 743 ι

576 789 728 843 Hanc
751 787 912 841 nobis
943 785 1250 840 doctrinam
1283 783 1608 837 nuntiarunt
1628 778 1739 834 divi
1772 777 2073 848 prophetat,

507 883 647 936 hanc
672 880 874 934 chorus
903 877 1309 946 apostolorum;
1339 875 1478 927 hanc
1509 872 1714 942 pariter
1743 869 1939 931 sancti,
1977 866 2074 936 qui

508 967 842 1024 in-Oriente
897 965 1202 1019 ﬂoruerunt
1248 972 1304 1017 et
1344 961 1668 1018 Occidente:
1708 957 1943 1012 celebris
1988 957 2077 1010 ille

507 1061 750 1132 lgnatius
770 1058 864 1128 qui
898 1073 994 1127 per
1041 1056 1287 1110 dextram
1320 1053 1500 1124 magni
1547 1050 1699 1106 Petri
1739 1047 2078 1120 pontiliciam

507 1152 829 1222 dignitatem
856 1149 1092 1217 accepit,
1114 1155 1168 1202 et
1193 1162 1290 1216 pro
1311 1144 1529 1200 Christo
1553 1159 1583 1196 a
1599 1143 1797 1196 belluis
1826 1139 2080 1196 dilaniari

508 1244 735 1298 minime
767 1240 1075 1304 recusavit;
1106 1252 1334 1307 magnus
1361 1234 1703 1297 Eustathius,
1750 1232 1845 1302 qui
1875 1233 2083 1301 primas

509 1333 686 1388 tenuit
716 1333 768 1386 in
798 1329 991 1401 synodi
1024 1327 1476 1396 congregatione,
1521 1333 1576 1378 et
1626 1324 1718 1393 qui
1764 1323 1954 1391 pulsus
2000 1330 2084 1376 est

512 1425 568 1478 in
590 1423 856 1479 exsilium‘
887 1429 1115 1491 prepter
1141 1418 1364 1488 pictatis
1392 1431 1662 1470 amorem.
1707 1413 1858 1468 llanc
1887 1414 2081 1484 ipsam,

512 1517 730 1571 easdem
767 1529 1062 1584 perpessus
1087 1512 1424 1566 calamitates
1450 1508 1720 1570 Meletius,
1750 1505 2082 1577 praadieavit.

512 1609 625 1662 Ter
648 1607 795 1661 enim
823 1615 880 1659 et
921 1604 1038 1674 ipse
1084 1611 1308 1673 propter
1333 1600 1706 1670 apostolorum
1760 1605 2029 1667 praecepta
2057 1611 2088 1649 a

513 1715 615 1754 suo
648 1714 808 1769 grege
827 1697 1088 1766 expulsus
1109 1695 1231 1750 fuit.
1263 1694 1413 1748 lianc
1445 1691 1756 1755 Flavianus,
1799 1689 1893 1758 qui
1935 1689 2089 1743 thro-

514 1805 650 1844 num
676 1788 825 1841 illius
851 1786 956 1840 loci
992 1783 1302 1850 decoravit;
1330 1785 1472 1836 hanc
1504 1781 1696 1836 docuit
1727 1780 1926 1834 divina
1973 1794 2092 1848 gra-

518 1880 608 1934 tia:
627 1893 913 1947 organum,
939 1876 1280 1931 admirabilis
1321 1873 1673 1943 Ephraimus,
1721 1870 1816 1939 qui
1873 1869 2094 1941 S;riaco

518 1983 772 2023 sermone
807 1983 959 2031 usus,
992 1966 1285 2020 utilitatem
1319 1963 1478 2017 nobis
1501 1963 1554 2016 in
1601 1960 1818 2030 scriptis
1848 1959 2091 2028 reliquit.

519 2059 646 2116 Haec
668 2059 1011 2131 Cyprianus,
1063 2056 1216 2110 omni
1250 2055 1413 2109 laude
1447 2053 1666 2124 dignus,
1703 2050 1798 2120 qui
1863 2050 2096 2106 Cartha-

523 2153 707 2224 ginem
733 2159 789 2206 et
811 2151 1036 2215 Libyam
1068 2156 1322 2203 cunctam
1349 2145 1666 2200 moderatus
1681 2152 1784 2208 est,
1816 2143 1979 2212 etqui
2001 2157 2098 2212 pro

519 2243 740 2298 Christo
773 2242 1018 2298 funestas
1050 2251 1310 2310 expertus
1361 2248 1446 2292 est
1485 2237 1766 2298 ﬂammas;
1801 2237 2095 2298 Damasus,

522 2333 616 2401 qui
632 2347 883 2402 magnam
902 2331 1042 2385 rexit
1058 2331 1281 2384 Romam
1301 2345 1314 2393 ;
1339 2326 1682 2390 Ambrosius,
1699 2326 1792 2395 qui
1810 2323 2100 2380 Mediolani

531 2424 790 2476 thronum
809 2422 1116 2484 exornavit,
1142 2429 1196 2473 et
1218 2419 1408 2473 Latina
1442 2433 1576 2472 usus
1599 2427 1684 2471 est
1714 2417 1932 2486 lingua;
1961 2415 2098 2478 lucc,

523 2509 1206 2580 inquam,etpr:edieando
1240 2507 1448 2577 1313
1476 2514 1530 2561 et
1557 2505 1852 2560 scribendo
1883 2518 2100 2572 semper

523 2601 853 2653 docuerunt.
897 2600 1023 2653 llaec
1073 2599 1238 2651 etiam
1285 2595 1417 2649 dum
1469 2595 1836 2664 przedicarunt
1891 2606 2102 2647 summa

524 2691 863 2746 Alexandriae
889 2689 1206 2753 luminaria,
1239 2688 1546 2743 Alexander
1591 2687 1802 2741 scilicet
1833 2697 1889 2741 et
1935 2687 2105 2740 Atha-

523 2783 731 2848 nasius,
748 2791 804 2837 et
832 2781 1265 2844 consentientes,
1302 2781 1370 2834 ab
1395 2779 1651 2833 omnibus
1671 2779 1986 2849 pervulgata
2011 2793 2108 2846 pe-

528 2875 696 2929 ricula
729 2873 975 2944 perpessi
1010 2881 1158 2926 sunt.
1189 2871 1301 2925 Hoc
1321 2871 1530 2940 pariter
1554 2870 1821 2939 pabulum
1847 2870 2108 2940 gregibus

527 2965 848 3020 obtulerunt
879 2965 1038 3034 regite
1054 2963 1293 3017 civitatis
1307 2962 1562 3016 doctores
1578 2960 1789 3024 eximii,
1811 2961 2108 3030 Gregorius

2178 686 2468 754 ρευόμενον
2497 685 2577 746 είς
2607 681 2700 734 τὸν
2733 677 2984 748 οὐρανόν,
3019 695 3037 727 ι

2249 775 2464 844 Ταύτην
2505 776 2639 844 ἡμῖν
2684 771 2781 842 τὴν
2821 769 3169 822 διδασκαλίαν
3199 770 3248 822 οι
3295 769 3427 820 θεῖοι
3478 768 3765 836 προφῆται

2186 864 2593 934 προσήνεγκαν,
2618 859 2820 926 ταύτην
2838 860 2866 911 6
2887 856 2996 909 τῶν
3023 858 3194 926 ἁγίων
3225 857 3540 910 ἀποστόλων
3561 856 3736 925 χορός
3753 873 3764 884 ο

2177 955 2382 1025 ταύτην
2413 955 2463 1007 οἱ
2499 949 2923 1022 κατὰτὴνἚῴαν
2953 951 3047 1004 καὶ
3084 950 3184 1020 τὴν
3223 950 3497 1018 Ἑσπέραν
3531 947 3770 1016 διαπρέ-

2178 1048 2379 1117 ψαντες
2412 1047 2591 1114 ἅγιοι·
2644 1046 2905 1112 Ἰγνάτιος
2939 1044 3147 1104 ἐκεῖνος
3183 1042 3210 1092 6
3246 1038 3720 1110 πολυθρύλλητος,
3747 1042 3772 1089 6

2179 1139 2270 1192 διὰ
2315 1139 2412 1209 τῆς
2459 1135 2555 1189 τοῦ
2612 1135 2850 1206 μεγάλου
2887 1133 3096 1202 Πέτρου
3139 1131 3320 1195 δεξιᾶς
3350 1131 3453 1201 τὴν
3487 1132 3773 1199 ἀρχιερω-

2185 1229 2350 1299 σύνην
2377 1226 2690 1295 δεξάμενος,
2736 1224 2830 1276 καὶ
2864 1223 3005 1293 ὑπὲρ
3040 1221 3139 1289 τῆς
3183 1223 3261 1284 είς
3305 1220 3543 1289 Χριστὺν
3574 1219 3775 1287 651.010-

2185 1319 2309 1388 γίας
2345 1316 2529 1388 θηρῶν
2580 1315 2874 1384 γενόμενος
2921 1313 3129 1383 ἀγρίων
3177 1311 3345 1380 βορά⁶
3400 1308 3777 1368 Εὐστάθιοςὸ

2189 1412 2381 1480 μέγας,
2402 1410 2430 1460 6
2455 1408 2556 1476 τῆς
2579 1405 3057 1474 συναθροισθείσης
3081 1402 3298 1456 συνόδου
3323 1400 3668 1471 πρωτεῦσας
3693 1398 3780 1450 καὶ

2185 1497 2275 1551 διὰ
2308 1498 2395 1549 τὸν
2423 1495 2623 1566 θερμὸν
2659 1495 2800 1564 ὑπὲρ
2834 1493 2930 1562 τῆς
2961 1491 3246 1552 εὐσεϐείας
3272 1489 3428 1557 ζῆλον
3460 1489 3569 1554 τὴν
3608 1487 3782 1553 ὑπερ-

2187 1591 2344 1663 ορίαν
2379 1589 2628 1659 οἰκήσας.
2665 1585 2883 1652 Ταύτην
2912 1583 3174 1645 Μελέτιος
3223 1584 3252 1634 6
3289 1581 3428 1634 πάνυ
3484 1577 3646 1648 μετὰ
3684 1578 3784 1628 τῶν

2192 1685 2322 1737 ἴσων
2354 1679 2692 1749 παθημάτων
2727 1674 2961 1746 ἐκήρυξε
2989 1691 3002 1705 ο
3033 1674 3155 1744 τρὶς
3177 1672 3285 1743 γὰρ
3310 1673 3400 1725 καὶ
3431 1671 3611 1732 αὐτὸς
3648 1669 3788 1734 ὑπὲρ

2195 1775 2303 1828 τῶν
2340 1769 2715 1827 ἀποστολικῶν
2757 1767 3046 1837 δογμάτων
3081 1763 3313 1834 ἐξηλάθη
3354 1765 3456 1832 τῆς
3491 1761 3785 1830 ποίμνης·

2195 1865 2397 1934 ταύτην
2421 1860 2721 1923 Φλαϐιανδς
2761 1861 2789 1913 6
2839 1858 2930 1912 τόν
2961 1858 3078 1910 ἐκεῖ
3120 1857 3305 1928 θρόνον
3350 1854 3788 1923 διακοσμήσας·

2195 1956 2398 2026 ταύτην
2437 1953 2676 2024 Ἐφραῒμ
2715 1953 2744 2004 6
2781 1950 3080 2020 θαυμάσιος
3114 1948 3174 2000 τὸ
3211 1949 3308 2017 τῆς
3355 1946 3511 2008 θείας
3559 1944 3791 2013 χάριτος

2197 2051 2450 2120 ὄργανον,
2478 2050 2544 2118 τῇ
2581 2046 2652 2098 Σύ
2663 2063 2768 2112 ρων
2797 2041 3012 2113 γλώττῃ
3034 2041 3394 2112 χρησάμενος,
3423 2038 3792 2106 ἀνάγραπτον

2200 2144 2334 2213 ἡμῖν
2384 2139 2482 2210 τὴν
2529 2137 2799 2207 ὠφέλειαν
2849 2133 3129 2187 κατέλιπε.
3169 2130 3354 2184 Ταῦτα
3394 2127 3742 2197 Κυπριανδς
3768 2128 3792 2177 ξ,

2201 2230 2561 2300 πανεύφημος
2591 2229 2620 2280 6
2651 2227 2750 2297 τὴν
2782 2224 3108 2295 Καρχηδόνα
3143 2221 3254 2294 (8|)
3297 2223 3390 2273 xui.
3432 2221 3541 2291 τὴν
3586 2218 3792 2287 Λιϐύην

2203 2326 2421 2380 ἃπασαν
2445 2321 2810 2391 κυϐερνήσας,
2831 2319 2927 2372 καὶ
2951 2316 3041 2368 τὸν
3062 2315 3150 2368 διὰ
3176 2313 3346 2384 πυρὸς
3371 2313 3520 2382 ὑπὲρ
3549 2311 3793 2381 Χριστοῧ

2203 2413 2639 2483 καταδεξάμενος
2666 2411 2894 2463 θάνατον
2920 2425 2934 2438 ·
2964 2408 3056 2459 καὶ
3077 2405 3328 2476 Δάμασος
3351 2404 3379 2454 6
3401 2404 3505 2472 τὴν
3545 2403 3791 2471 μεγάλην

2215 2510 2434 2579 Ῥώμην
2485 2506 2701 2569 ίθύνας,
2741 2502 2836 2556 καὶ
2880 2499 3205 2570 Ἀμϐρόσιος
3237 2501 3265 2550 6
3301 2496 3658 2550 Μεδιολάνου
3712 2496 3794 2547 τὸν

2205 2601 2393 2670 θρόνον
2421 2598 2726 2668 κοσμήσας,
2756 2597 2820 2665 τῇ
2870 2592 3157 2662 Ῥωμαίων
3185 2588 3400 2659 γλώττῃ
3439 2588 3542 2641 καὶ
3597 2588 3796 2656 κηρὶς-

2204 2706 2385 2751 τοντες
2413 2686 2507 2740 καὶ
2532 2683 2936 2756 συγγράφοντες
2963 2675 3488 2733 διετέλεσαν.Ταῦτα
3503 2675 3618 2744 τῆς
3657 2672 3800 2725 Ἀλε-

2209 2778 2478 2850 ξανδρέων
2529 2776 2579 2829 οἱ
2639 2772 2864 2844 μεγάλοι
2910 2767 3226 2838 φωστῆρες,
3285 2764 3663 2831 Ἀλέξανδρος
3716 2764 3800 2813 καὶ

2221 2869 2560 2932 Ἀθανάσιος,
2594 2866 2690 2920 καὶ
2727 2861 3178 2933 ὁμοφρονοῦντες,
3218 2857 3345 2920 τοὺς
3373 2857 3541 2925 παρὰ
3582 2856 3798 2908 πάντων

2210 2961 2504 3035 ᾀδομένους
2536 2955 2818 3018 κινδύνους
2859 2952 3178 3022 ὑπέμειναν.
3204 2948 3425 3017 Ταύτην
3467 2949 3574 3001 καὶ
3621 2949 3678 2999 οί
3717 2947 3801 3014 τῆς

532 3058 624 3112 ille
674 3057 906 3111 illustris
931 3055 1211 3124 religionis
1247 3061 1531 3122 patronus,
1586 3061 1642 3105 et
1683 3051 1924 3106 Joannes
1953 3052 2100 3106 orbis

2214 3050 2604 3127 βασιλευούσης
2636 3047 2846 3108 πόλεως
2884 3042 3112 3114 μεγάλοι
3153 3039 3466 3094 διδάσκαλοι
3514 3038 3629 3109 τὴν
3675 3037 3803 3090 πόαν

535 3161 810 3204 terrarum
861 3148 1074 3208 doctor,
1105 3153 1161 3200 et
1211 3145 1447 3208 Atticus,
1484 3145 1576 3214 qui
1608 3145 1665 3198 in
1705 3158 1896 3198 eorum
1924 3144 2107 3198 locum

533 3239 830 3302 successit,
876 3245 933 3292 et
977 3235 1228 3290 eamdem
1288 3235 1576 3304 amplexus
1634 3243 1719 3288 est
1777 3233 2106 3289 doctrinam.

531 3330 683 3384 Hanc
699 3329 918 3384 demum
938 3327 1190 3391 Basilius,
1216 3327 1428 3381 illustre
1446 3327 1581 3380 illud
1598 3327 1783 3380 lumen
1803 3327 2106 3397 religionis,

532 3430 590 3474 et
610 3418 926 3489 Gregorius,
956 3418 1050 3487 qui
1076 3417 1272 3471 iisdem
1305 3433 1430 3472 cum
1468 3417 1562 3470 illo
1591 3417 1910 3486 parentibus
1931 3419 2113 3487 splen-

536 3509 818 3572 descebat,
849 3515 906 3563 et
927 3508 1373 3577 Amphilochius,
1401 3507 1496 3577 qui
1547 3507 1886 3576 pontiﬁciam
1920 3508 1988 3562 ab
2018 3509 2111 3564 illo

535 3600 858 3671 dignitatem
885 3598 1116 3667 accepit.
1149 3597 1320 3661 Hanc,
1357 3597 1606 3666 inquam,
1641 3597 1968 3662 doctrinam,
2000 3614 2112 3653 non

539 3693 716 3746 solum
739 3691 963 3761 populis
1003 3690 1138 3756 ipsis
1177 3687 1488 3744 commissis
1530 3688 1872 3754 obtulerunt,
1919 3705 2113 3746 verum

537 3785 702 3839 etiam
729 3785 890 3838 nobis
923 3797 1172 3853 magnam
1197 3781 1254 3836 in
1283 3781 1507 3850 scriptis
1557 3781 1906 3851 reliquerunt
1959 3783 2116 3838 utili-

541 3885 730 3932 tatem.
764 3876 833 3929 At
855 3891 942 3930 me
973 3873 1232 3929 deﬁceret
1283 3873 1423 3938 dies,
1481 3872 1528 3928 si
1569 3873 1952 3944 Polyearpum,
2002 3875 2116 3930 Ire—

541 3984 743 4031 meum,
773 3966 1137 4029 Methodium,
1161 3964 1514 4035 Hippolytum
1549 3972 1884 4035 caaterosque
1927 3965 2117 4020 Eccle-

540 4059 635 4111 siae
657 4057 912 4111 doctores
937 4070 1264 4110 enumerare
1314 4055 1549 4109 vellem:
1586 4071 1756 4124 quare
1804 4056 1995 4126 paucis
2032 4056 2117 4109 di-

539 4148 715 4202 cimus
747 4161 846 4200 nos
869 4146 1083 4201 divinos
1099 4147 1253 4216 sequi
1272 4161 1574 4211 sermones,
1605 4153 1768 4214 atque
1791 4146 1846 4200 in
1868 4148 2113 4201 omnium

540 4241 739 4294 horum
768 4247 1082 4293 sanctorum
1102 4254 1222 4293 esse
1243 4237 1537 4292 sententia.
1568 4236 1632 4290 Hi
1658 4238 1802 4291 enim
1823 4254 1853 4292 a
1878 4237 2116 4308 Spiritus

541 4331 714 4386 sancti
769 4330 942 4400 gratia
995 4329 1312 4398 Scripturaa,
1367 4343 1531 4397 quam
1579 4327 1816 4396 Spiritus
1863 4327 2112 4393 dictavit,

2209 3147 2320 3207 τοῖς
2363 3140 2636 3210 ποιμνίοις
2667 3137 3072 3208 προσήνεγκαν,
3118 3131 3422 3203 Γρηγόριος
3459 3133 3489 3183 6
3547 3129 3806 3198 λαμπρὸς

2209 3241 2310 3308 τῆς
2335 3234 2613 3298 εὐσεϐείας
2638 3234 2956 3303 συνήγορος,
3005 3227 3253 3295 Ἰωάννης
3273 3227 3301 3278 ὁ
3327 3225 3433 3294 τῆς
3463 3225 3810 3290 οἰκουμένης

2213 3328 2567 3392 διδάσκαλος,
2613 3322 2860 3384 Ἀττικὸς
2889 3322 2915 3372 6
2966 3320 3065 3391 τὴν
3112 3317 3336 3370 ἐκείνων
3366 3315 3675 3387 προεδρίαν
3718 3315 3815 3366 καὶ

2212 3419 2562 3476 διδασκαλίαν
2604 3415 2913 3486 δεξάμενος.
2950 3412 3171 3473 Τούτοις
3215 3408 3502 3469 Βασίλειος
3554 3409 3586 3458 6
3645 3407 3816 3474 φανει-

2212 3529 2376 3574 τατος
2401 3509 2514 3583 (8‘2)
2543 3509 2644 3578 τῆς
2667 3505 2951 3568 εὐσεϐείας
2981 3502 3266 3572 λαμπτὴρ,
3301 3501 3396 3553 καὶ
3427 3499 3760 3568 Γρηγὸριος
3793 3503 3816 3549 ὀ

2213 3606 2341 3667 τοὺς
2367 3601 2566 3664 αὐτοὺς
2591 3598 2782 3666 ἐκείνῳ
2814 3596 3144 3665 γεννήτορας
3173 3593 3443 3662 αὐχήσας,
3469 3591 3567 3640 καὶ
3596 3589 3817 3656 Ἀμφι-

2214 3697 2392 3766 λόχιος
2431 3695 2460 3747 6
2502 3692 2569 3745 δι’
2617 3689 2830 3743 ἐκείνου
2893 3687 2993 3757 τῆς
3045 3682 3464 3756 ἀρχιερωσύνης
3519 3680 3588 3732 τδ
3634 3679 3820 3748 δῶρον

2213 3765 2416 3848 λαϐὼν,
2438 3783 2499 3835 οὐ
2530 3780 2690 3851 μόνον
2719 3779 2830 3838 τοῖς
2858 3775 2944 3827 ἐπ’
2979 3771 3156 3826 αὐτῶν
3195 3767 3513 3838 ἀνθρώποις
3535 3767 3641 3835 τὴν
3668 3765 3815 3817 διεα.

2217 3874 2444 3930 σκαλίαν
2466 3871 2864 3944 προσήνεγκαν,
2896 3863 3033 3918 ἀλλὰ
3077 3863 3170 3916 καὶ
3206 3862 3337 3931 ημῖν
3380 3857 3473 3910 διά
3519 3857 3640 3909 τῶν
3681 3873 3816 3920 σέτ-

2214 3964 2560 4037 γραμμάτιον
2589 3961 2688 4031 τὴν
2717 3958 2986 4028 ὠφέλειαν
3015 3953 3324 4008 κατέλιπον.
3343 3949 3518 4002 Ἀλλὰ
3545 3947 3664 4017 γάρ
3694 3948 3818 3997 ἐπι-

2214 4059 2388 4128 λείψει
2433 4074 2497 4127 με
2540 4056 2574 4125 ἡ
2605 4052 2786 4124 ἡμέρα
2811 4048 3173 4117 Πολύκαρπον
3199 4043 3311 4122 ’καὶ
3351 4043 3689 4110 Είρηναῖον,
3729 4039 3822 4089 καὶ

2216 4150 2495 4209 Μεθόδιον,
2521 4145 2616 4197 καὶ
2651 4141 2990 4200 Ἱππόλυτον,
3025 4134 3268 4196 καὶτοὺς
3299 4132 3509 4193 ἄλλους
3547 4132 3652 4199 τῆς
3692 4130 3819 4180 Ἐκ-

2217 4239 2451 4310 κλησίας
2505 4231 2861 4293 διδασκάλους
2933 4223 3445 4296 ἁπαριθμούμενον.
3519 4221 3822 4288 Συντάξεως

2215 4332 2391 4385 τοίνυν
2435 4327 2636 4398 φαμὲν,
2665 4325 2740 4388 ὡς
2778 4325 2940 4394 ἡμεῖς
2975 4322 3089 4382 τοῖς
3133 4316 3298 4377 θείοις
3330 4313 3557 4380 λογίοις
3593 4311 3820 4365 ἀκολασ-

541 4421 843 4476 occultiora
869 4422 1102 4476 scrutari
1129 4429 1511 4490 susceperunt,
1551 4421 1781 4490 ejusque
1823 4421 2100 4476 intellexe-

2217 4424 2417 4494 θοῦμεν
2464 4422 2560 4474 καὶ
2586 4417 2796 4480 τούτοις
2827 4416 2998 4468 ἅπασι
3029 4412 3142 4473 τοῖς
3187 4408 3388 4475 ἁγίοις.
3419 4406 3532 4458 Διὰ
3576 4404 3688 4473 γάρ
3727 4402 3824 4467 τῆς

542 4521 672 4568 runt
699 4514 1045 4579 sententiam,
1086 4521 1248 4582 atque
1289 4511 1539 4566 discendi
1593 4511 1811 4580 cupidis
1843 4528 1963 4566 eam
2020 4531 2114 4568 ex-

540 4618 810 4674 posuere:
843 4620 1021 4674 neque
1043 4604 1193 4659 enim
1215 4603 1525 4673 linguarum
1554 4602 1847 4657 diversitas
1892 4603 2116 4675 dogma-

540 4705 657 4751 tum
692 4696 1230 4761 fecitdiversitatem,
1266 4710 1387 4765 qua:
1415 4702 1673 4764 tanquam
1693 4695 1910 4750 canales
1926 4699 2112 4767 gratiae

541 4788 711 4842 divini
737 4789 994 4859 Spiritus,
1028 4789 1098 4842 ab
1127 4787 1319 4842 eodem
1350 4785 1502 4841 fonte
1529 4799 1699 4857 aquas
1727 4797 2068 4841 mutuantur.

542 4880 713 4949 φορὰν
738 4856 1020 4954 δογμάτων
1066 4881 1386 4951 εἰργάσατο·
1422 4856 1642 4948 κρουνοὶ
1665 4876 1775 4948 γὰρ
1802 4874 1939 4948 ἦσαν
1976 4880 2074 4951 τῆς
2137 4885 2232 4941 τοῦ
2272 4881 2416 4936 θείου
2452 4871 2770 4940 Πνεύματος
2797 4863 3124 4936 χάριτος,ὲκ
3159 4861 3288 4930 μιᾶς
3315 4856 3514 4926 πηγῆς

540 4970 838 5040 δεχόμενοι.
1671 5013 1680 5016 -

547 5061 760 5133 1314
797 5065 814 5081 ⁹
845 5062 978 5118 CLII
1011 5093 1083 5133 έ-
1129 5059 1325 5133 Relalio
1375 5055 1731 5133 Orientalium
1775 5058 1845 5111 ad
1882 5059 2112 5128 impera-

614 5129 800 5204 iam,
829 5151 932 5204 qua
956 5132 1110 5186 illum
1140 5132 1204 5204 de
1227 5131 1333 5204 suis
1365 5129 1516 5191 actis,
1565 5129 1730 5197 deque
1770 5145 1957 5204 causa,
1995 5146 2112 5200 qua:

616 5199 922 5259 Antiochiam
971 5203 1194 5272 episcopi
1245 5200 1529 5254 adventum
1584 5206 1851 5251 remorata
1900 5199 2105 5269 fuerat,

618 5276 890 5329 certiorem
914 5274 1154 5326 reddunt.

614 5366 773 5419 Juxta
813 5364 1024 5434 piarum
1049 5362 1360 5418 litterarum
1390 5367 1692 5414 vestrarum
1726 5359 2106 5429 praescriptum

622 5473 668 5504 "
692 5477 810 5529 Act.
847 5476 1000 5541 1,11.

599 5589 836 5663 __(8l)_lta
883 5590 1308 5663 rescribendum
1357 5589 1525 5663 fuisse
1565 5589 1688 5659 quis
1741 5602 1882 5663 non
1911 5585 2120 5663 Videat?

550 5654 923 5727 Lilnjéinepte
961 5660 1230 5712 habebant
1271 5654 1636 5727 Χαλκηδονίάν
1675 5658 1754 5711 τοι
1785 5655 2114 5723 Χαλκηδόνα.

634 5724 743 5790 (89.)
779 5723 1096 5787 φωνώτατος
1129 5727 1294 5780 Mans.
1332 5723 1553 5796 φαϊνώτ.
1597 5745 1659 5781 ex
1685 5726 2082 5781 emendatione.

2212 4517 2306 4570 τυῦ
2338 4512 2655 4580 Πνεύματος
2680 4507 2902 4578 χάριτος
2933 4505 3011 4566 εἰς
3036 4502 3097 4554 τὸ
3134 4500 3229 4570 τῆς
3263 4496 3651 4550 θεοπνεύστου
3683 4494 3824 4563 Γρα-

2213 4609 2321 4678 φῆς
2354 4600 2683 4661 καταδύντες
2713 4595 2899 4668 βάθος,
2935 4593 3086 4646 αὐτοὶ
3113 4590 3170 4642 δὲ
3197 4591 3296 4658 τὴν
3335 4587 3523 4656 αὐτῆς
3574 4586 3826 4638 Baiae-.3

2211 4699 2475 4765 ἔγνωσαν,
2517 4687 2745 4748 καὶτοῖς
2787 4682 2978 4754 μαθεῖν
3016 4677 3364 4749 βουλομένοις
3401 4674 3591 4744 δήλην
3613 4672 3824 4736 ταύτης

2210 4761 2511 4854 ἀπέφηναν.
2545 4777 2679 4832 Οὐδὲ
2706 4775 2814 4846 γὰρ
2861 4775 2895 4843 ὴ
2941 4769 3175 4839 διαφορά
3232 4765 3341 4819 τῶν
3381 4762 3665 4833 γλωττῷν
3715 4761 3832 4814 δια-

3557 4855 3623 4907 τδ
3677 4857 3830 4922 νΞμα

2213 5044 2759 5114 ΡΝΒἼ--Ἀναςρρρὰ
2784 5040 2903 5114 τῷν
2941 5034 3526 5114 ἈνατοτιικῶνΑπρό(
3558 5037 3698 5114 f6..-
3725 5038 3836 5100 βα.

2287 5104 2717 5185 ἇινίέαξδιδῆξ-
2738 5111 3059 5185 ἐμήνυσαν
3107 5110 3182 5185 τά
3211 5104 3646 5185 πεαριίαὐτοῑς.
3675 5122 3834 5185 πρε-

2287 5174 2527 5264 Stagna,
2562 5174 2809 5264 in}
2841 5174 3052 5264 αἰτίαν.
3077 5175 3185 5230 τοῦ
3219 5174 3515 5264 ,βρῶσις-ς.
3563 5175 3700 5242 τῆς
3729 5181 3842 5243 ci;-

2291 5246 2462 5329 ῗξεως
2489 5246 2595 5312 τοῦ
2640 5246 2991 5319 Ἀντιοχείας
3028 5247 3365 5300 ἐπισκόπου
3397 5246 3542 5314 (8'5).

2286 5355 2410 5416 Τοῖς
2468 5343 2744 5401 εὐσεϐέσιν
2802 5338 2956 5410 ὑμῶν
3019 5333 3399 5395 κελευσθέντες
3465 5335 3841 5406 γράμμςζ-

2299 5579 2409 5647 (85)
2436 5578 2493 5632 ln
2523 5573 2672 5631 Actis
2687 5569 2904 5647 concilii
2924 5560 3578 5647 Orientaliumgpbcsiui
3610 5578 3678 5616 τι.

2225 5631 2405 5705 exstat
2446 5649 2558 5702 haec
2615 5642 2875 5714 epistol_a__
2898 5635 3253 5714 apud‘glansi
3287 5631 3526 5687 Collect.
3559 5637 3844 5703 amplis;

2227 5719 2612 5783 Conciliorum,
2648 5706 2778 5769 tom.
2811 5711 2896 5777 ιν,
2923 5706 2975 5780 p.
3019 5706 3168 5762 1271-.
