3962 6204
241 172 365 238 im

1550 169 1912 231 EPISTULA
1950 168 2158 228 CLIII.

3354 166 3381 233 I
3397 167 3491 231 ΗΞ

234 284 737 356 xarsld6opav~1~hv
773 283 1031 353 Ἐφεσίων
1062 284 1415 355 μητρόπολιν,
1452 284 1544 336 καὶ
1567 282 1796 352 εὑρομεν

1904 277 1976 332 ad
1996 277 2361 347 Ephesiorum
2408 278 2737 348 metropolin
2794 277 3154 341 devenimus,
3208 285 3267 333 et
3290 278 3481 334 confu-

235 377 413 448 πάσης
440 376 753 447 συγχύσεως
795 376 891 429 καὶ
949 374 1214 446 ἐμφυλίου
1267 373 1511 443 πολέμου
1551 373 1663 443 (84)
1702 372 1799 440 γέ-

235 484 401 538 μοντα
448 466 518 520 τά
559 466 994 537 ἐκκλησιαστικά
1040 465 1364 536 πράγματα,
1392 463 1667 535 Κυρίλλου
1708 462 1803 516 τοῦ

244 557 632 628 Ἀλεξανδρέως
675 556 814 629 (85),
851 557 946 611 καὶ
977 557 1260 628 Μέμνονος
1279 556 1374 610 τοῦ
1407 554 1656 625 Ἐφεσίου
1689 553 1803 625 (86)

233 648 730 722 συμφραξαμένων,
758 650 851 702 κα)⁸
894 647 1102 717 πλῆθος
1139 647 1461 719 ἀγροικικὸν
1514 644 1803 716 συναθροι-

234 743 455 806 σάντων,
479 741 574 795 καὶ
609 741 751 812 μήτε
803 741 905 809 τῆς
937 740 1099 808 ἁγίας
1137 741 1518 811 Πεντηκοστῆς
1544 740 1642 810 τὴν
1671 756 1806 792 παν-

229 836 422 905 ήγυριν
446 833 753 887 ἐπιτελέσαι
772 832 1269 903 συγχωρησάντων,
1298 832 1435 903 μήτε
1461 830 1562 895 τὰς
1583 832 1806 901 ἑσπερι-

230 925 324 988 vi;
353 925 386 996 ἢ
419 924 518 988 τὰς
543 923 773 987 ἑωθινὰς
804 923 1149 993 λειτουργίας
1169 940 1184 956 ·
1222 926 1357 995 πρὸς
1391 923 1448 978 δὲ
1472 922 1682 986 τούτοις
1709 921 1805 976 καὶ

229 1017 324 1080 τὰς
355 1016 518 1083 ἁγίας
564 1014 881 1085 ἐκκλησίας,
936 1015 1029 1068 καὶ
1070 1016 1141 1068 τὰ
1180 1015 1313 1084 ἆγια
1353 1014 1627 1087 μαρτύρια
1670 1015 1806 1068 ἀπο-

229 1104 578 1168 κλεισάντων,
620 1102 743 1156 καο’
786 1104 1014 1168 ἑαυτοὺς
1055 1105 1110 1157 δὲ
1151 1103 1248 1157 σὺν
1292 1107 1405 1168 τοῖς
1447 1103 1804 1174 ἀπατηθεῖσιν

231 1197 321 1248 ὑπ’
372 1194 551 1249 αὑτῶν
602 1193 1108 1265 συνεδρευσάντων,
1150 1197 1245 1249 καὶ
1292 1196 1461 1267 μυρία
1510 1196 1805 1266 παράνομά

228 1285 638 1357 ἐργασαμένων,
670 1286 760 1339 καὶ
782 1284 909 1350 τούς
934 1304 992 1340 τε
1016 1287 1124 1341 τῶν
1155 1288 1330 1356 ἁγίων
1357 1287 1614 1359 Πατέρων
1639 1288 1801 1341 κανό-

227 1395 341 1441 νας,
389 1378 459 1430 τά
500 1393 559 1429 τε
615 1376 858 1446 ὑμέτερα
899 1378 1259 1447 πατησάντων
1289 1379 1658 1449 Θεσπίσματαο
1707 1378 1804 1431 καὶ

1907 368 2155 423 sionibus
2188 369 2560 439 iutestinoque
2591 369 2739 424 bello
2760 385 2849 424 res
2876 369 3279 425 ecclesiasticas
3296 370 3487 441 Opple—

1908 469 1993 514 tas
2010 473 2131 512 esse
2156 458 2527 527 comperimus
2566 477 2580 512 :
2613 459 3062 529 quandoquidem
3089 458 3327 528 Cyrillus.
3361 460 3490 513 Ale-

1909 550 2216 605 xandrinus
2247 558 2305 605 et
2332 550 2590 605 Memnon
2644 549 2937 619 Ephesius,
2990 546 3250 608 satellitio
3271 564 3492 619 compa-

1907 649 2051 705 rato,
2112 654 2421 709 magnaque
2454 639 2755 710 agrestium
2803 639 3093 692 hominum
3137 638 3491 692 multitudine

1906 739 2124 810 coacta,
2146 746 2217 785 ne
2243 737 2448 785 sanctae
2471 729 2696 800 quidem
2718 730 3070 785 Pentecostes
3111 728 3312 783 festum
3347 729 3491 784 cele-

1906 821 2093 886 brare,
2108 821 2448 876 matutinave
2470 830 2566 875 aut
2590 822 2910 891 vespertina
2928 820 3104 877 ollicia
3117 821 3271 876 obire
3282 822 3489 892 permi—

1906 919 2119 967 serunt.
2154 910 2234 966 Ac
2273 918 2473 980 praeter
2531 910 2670 977 hac,
2730 922 2949 967 sanctas
2991 913 3156 966 etiam
3206 912 3487 976 ecclesias,

1906 1011 2232 1073 sanctasque
2258 1014 2563 1074 martyrum
2582 1002 2732 1058 aedes
2751 1003 2916 1057 nobis
2935 1003 3355 1073 praecludentes,
3385 1004 3490 1074 ipsi

1906 1105 2033 1145 cum
2062 1090 2392 1161 quibusdam
2419 1091 2472 1145 in
2508 1106 2756 1147 errorem
2803 1091 3024 1146 illorum
3069 1092 3324 1147 abductis
3347 1093 3491 1147 inter

1906 1196 1965 1237 se
1997 1181 2308 1237 confessum
2356 1181 2738 1247 instituerunt,
2790 1189 3214 1251 sanctorumque
3264 1183 3488 1236 Patrum

1907 1273 2235 1339 canonibus,
2266 1275 2280 1295 ‘
2318 1273 2628 1342 vestrisque
2681 1273 2923 1327 decretis
2972 1274 3325 1342 proculcatis,
3361 1289 3489 1327 sex-

1905 1371 2065 1417 centa
2091 1362 2362 1416 scelerum
2379 1363 2627 1432 exempla
2648 1362 2948 1417 ediderunt
2969 1380 2981 1415 :
3003 1379 3128 1416 cum
3159 1372 3343 1418 tamen
3375 1380 3489 1418 ma-

223 1470 393 1522 ταῦτα
413 1468 508 1521 τοῦ
543 1469 1129 1540 μεγαλοπρεπεστάτου
1155 1471 1397 1542 κὸμητος
1421 1469 1796 1535 Κανδιδιανοῦ,

1906 1453 2396 1524 gniﬁcentissimus
2423 1467 2608 1508 comes
2636 1452 3010 1508 Candidianus
3036 1454 3490 1509 aChristiaman-

222 1562 314 1614 τοῦ
340 1561 488 1632 παρὰ
503 1563 605 1630 τῆς
627 1562 898 1633 ὑμετέρας
921 1562 1266 1634 φιλοχρίστου
1288 1564 1532 1635 κορυφῆς
1556 1563 1796 1616 ἀποστα-

1908 1550 1963 1597 te
2017 1541 2347 1596 celsitudine
2394 1549 2576 1596 vestra
2624 1541 2847 1606 missus,
2903 1550 2959 1595 ct
3002 1543 3206 1611 scripto
3256 1553 3313 1597 et
3370 1545 3488 1598 sine

144 1632 147 1637 ἱ
225 1652 425 1719 λέντος,
470 1632 959 1723 παρεγγυήσαντος
996 1632 1183 1716 αὑτοζς
1224 1654 1320 1707 καὶ⁸
1356 1632 1668 1724 ’ἐγγράφως
1707 1654 1796 1707 καὶ

1906 1633 2114 1703 scripto
2191 1632 2303 1688 illis
2386 1633 2807 1696 denuntiasset,
2884 1643 2946 1688 ut
3017 1635 3487 1689 sanctissimorum

223 1745 508 1815 ἀγράφως,
532 1747 820 1817 ἀναμεῖναι
848 1746 975 1810 τοὺς
1003 1746 1341 1817 πανταχόθεν
1375 1746 1796 1816 ἀφικνουμένους

1907 1724 2293 1794 episcoporum
2351 1724 2720 1794 undecunque
2794 1724 3206 1780 advenientium
3245 1742 3486 1797 praesen-

222 1836 560 1904 ἀγιωτάτους
599 1815 954 1903 ἐπισκόπους,
984 1838 1078 1892 καὶ
1104 1815 1229 1892 τότε
1261 1841 1411 1909 κοινῇ
1440 1838 1501 1891 τὸ
1526 1815 1801 1909 συνέδριον
1909 1815 2040 1909 ‘Iam
2097 1824 2499 1909 e‘SPc‘fIarema
2529 1831 2594 1871 ac
2647 1824 2763 1870 tum
2798 1817 3037 1909 flemum
3089 1816 3245 1909 In?”
3301 1818 3485 1909 Piela"

223 1927 446 1997 ποιῆσαι
467 1929 608 1982 κατά
632 1928 702 1982 τὰ
736 1929 1043 1999 γράμματα
1069 1929 1170 1999 τῆς
1198 1905 1468 1999 ὑμτέρἆς
1494 1905 1796 1994 εὐσεϐείας*

1909 1905 1981 1960 tis
2040 1915 2236 1962 vestrae
2286 1907 2530 1972 litteras,
2576 1907 2973 1962 convenienter
3015 1907 3284 1979 synodum
3333 1908 3483 1962 cele-

221 2019 317 2070 xal.
355 2019 520 2073 αὑτοῦ
575 2020 634 2073 δὲ
676 1997 949 2092 Κυρίλλου
989 2019 1084 2074 τοῦ
1128 1997 1535 2091 Ἀλεξανδρέως
1561 2019 1796 2073 ἐπιστεί-

1904 1997 2153 2052 brarent.
2181 1998 2289 2053 Sed
2315 2007 2371 2053 et
2389 1999 2505 2069 ipse
2535 2015 2756 2069 quoque
2790 1999 3032 2071 Cyrinus
3059 2000 3480 2063 Alexandrinus,

221 2108 411 2173 λαντός
442 2128 533 2181 μοι
568 2111 646 2181 τῷ
671 2087 782 2182 τῆς
814 2113 1151 2183 Ἀντιοχέων,
1180 2114 1287 2184 πρὸ
1325 2087 1419 2165 δύο
1451 2111 1674 2182 ἡμερῶν
1701 2110 1796 2164 τοῦ

1904 2087 2074 2143 biduo
2095 2097 2222 2143 ante
2251 2088 2505 2144 habitum
2532 2090 2599 2144 ab
2624 2090 2758 2159 ipsis
2784 2106 3108 2146 consessum
3139 2092 3316 2157 illum,
3343 2093 3484 2146 seri-

220 2201 515 2271 γενομένου
550 2203 643 2255 ὑπ’
666 2203 846 2257 αὑτῶν
888 2203 1199 2275 συνεδρίου,
1228 2204 1304 2267 ὼς
1341 2206 1374 2273 ἡ
1399 2202 1621 2268 σύνοδος
1647 2205 1796 2258 πᾶσα

1904 2188 2085 2248 pserat
2108 2179 2177 2234 ad
2207 2196 2295 2235 me
2353 2180 2754 2236 Antiochenum
2786 2182 3126 2253 episcopum,
3179 2185 3325 2253 quod
3366 2185 3519 2257 uni“

218 2292 480 2361 ἀναμένει
508 2310 611 2363 μου
644 2294 745 2364 τὴν
782 2272 1108 2365 παρουσίαν.
1366 2272 1371 2273 ν

1904 2287 2056 2344 versa
2100 2272 2344 2344 synodus
2373 2288 2556 2328 meum
2577 2274 2874 2330 adventum
2897 2275 3340 2345 pnestolabatur.

1988 2401 2208 2472 1315
2236 2403 2470 2470 Propter
2501 2403 2619 2457 bzec
2651 2418 2783 2473 ergo
2820 2414 3138 2473 utrumque,
3192 2403 3480 2476 Cyrillum,

1895 2499 2120 2560 inquam
2157 2533 2171 2556 ,
2228 2502 2285 2547 et
2329 2493 2669 2547 Memnonem
2726 2496 3237 2560 exauctoravimus,
3297 2507 3353 2549 et
3413 2496 3483 2550 ab

1893 2582 2046 2634 omni
2096 2582 2469 2636 ecclesiastica
2521 2583 2805 2637 functione
2859 2585 3206 2638 amovimus:
3241 2584 3483 2653 reliquos

1892 2687 2027 2726 vero
2056 2670 2222 2743 hujus
2275 2671 2592 2743 iniquitatis
2645 2689 2839 2729 eorum
2892 2675 3071 2730 socios
3100 2675 3479 2731 excommuni-

1895 2763 2101 2816 cationi
2147 2763 2516 2833 subjccimus,
2564 2765 2740 2819 donec
2796 2766 2996 2835 capita,
3055 2782 3177 2837 qua:
3220 2765 3476 2838 Cyrillus.

220 2872 423 2943 φάλαια
444 2873 513 2927 τά
547 2874 699 2942 παρά
734 2853 1004 2946 Κυρίλλου
1046 2853 1451 2947 ἐκπεμφθέντα,
1492 2876 1593 2946 τῆς
1635 2877 1792 2931 Ἀπο-

1904 2853 2220 2922 Apollinarii
2245 2861 2303 2909 et
2318 2854 2572 2909 Eunomii
2603 2862 2659 2908 et
2686 2854 2803 2908 Arii
2829 2856 3104 2926 perversis
3132 2856 3481 2927 dogmatibus

218 2964 462 3036 λιναρίου
489 2964 584 3018 καὶ
634 2943 901 3036 Εὑνομίου
932 2966 1028 3020 καὶ
1079 2943 1291 3038 Ἀρείου
1332 2943 1650 3035 κακοδοξίας
1696 2969 1794 3038 γέ-

1904 2943 2057 3012 plena
2109 2944 2405 3013 evulgavit,
2456 2943 2718 3014 abjiciant
2767 2953 2823 2999 et
2872 2945 3359 3012 anathematizent,
3412 2962 3477 3002 ac

222 3034 424 3126 μοντα,
458 3055 728 3110 ἐκϐάλωσι
769 3034 863 3109 καὶ
914 3034 1396 3128 άναθεμάτίσωσι,
1426 3061 1521 3113 καὶ¹
1546 3034 1796 3114 Ῠκατά-τὺ

1904 3034 2048 3104 iuxta
2080 3034 2303 3103 pietatis
2327 3041 2526 3091 vestrm
2562 3035 2850 3091 decretum
2881 3037 3253 3091 communiter
3285 3038 3476 3094 nobis-

217 3149 318 3217 τῆς
356 3148 626 3220 ὑμετέρας
680 3149 962 3212 εὐσεϐείας
1012 3151 1249 3220 γράμμα
1307 3154 1463 3222 κοινῇ
1520 3152 1617 3203 σὺν
1663 3152 1796 3221 ἡμῖν

220 3238 699 3310 συνεδρεύσαντες,
743 3240 965 3311 ἡσύχως
1001 3242 1095 3294 καὶ
1139 3240 1386 3311 ἀκριδῶς
1425 3243 1493 3295 τά
1534 3259 1595 3294 τε
1624 3240 1794 3313 ζητή-

220 3347 367 3401 ματα
399 3332 496 3385 σὺν
523 3332 655 3402 ἡμῖν
692 3330 867 3395 ἴδωσι,
909 3333 1005 3384 καὶ
1031 3330 1094 3383 τὸ
1110 3331 1349 3405 ,εὑσεεὲς
1380 3332 1489 3385 τῶν
1537 3333 1795 3404 Πατέρων

220 3421 570 3493 βεϐαιώσωσι
601 3422 693 3490 δύγ
702 3439 797 3492 μα.

287 2419 379 2473 Διὸ
412 2421 756 2493 ἀμφοτέρους
801 2424 929 2486 τοὺς
968 2424 1402 2496 προειρημένους
1446 2426 1792 2498 καθείλομεν,

218 2509 485 2581 Κύρι).λον
514 2515 609 2567 καὶ
642 2515 925 2584 Μέμνονα,
955 2515 1050 2568 καὶ
1094 2515 1277 2587 πάσης
1330 2516 1795 2588 ἐκκλησιαστικῆς

218 2602 564 2672 λειτουργίας
596 2604 913 2676 ἀλλοτρίους
963 2608 1380 2678 πεποιήκαμεν·
1423 2608 1552 2671 τοὺς
1589 2608 1645 2661 δὲ
1679 2607 1790 2661 λοι-

220 2693 378 2758 ποὺς,
411 2693 538 2757 τοὺς
569 2692 775 2763 ταύτης
805 2695 904 2764 τῆς
928 2696 1272 2765 παρανομίας
1305 2697 1490 2759 αὑτοῖς
1529 2697 1790 2767 κοινωνή-

221 2799 441 2849 σαντας,
474 2784 875 2854 ἀκοινωνήτους
904 2785 1307 2856 πεποιήκαμεν,
1352 2785 1458 2848 ἕως
1492 2784 1557 2838 ἂν
1594 2786 1663 2840 τά
1698 2803 1793 2840 κε-

1897 3140 2023 3179 cum
2064 3141 2383 3181 consessum
2426 3127 2730 3194 celebrent,
2786 3129 3334 3199 controversiasque,
3370 3145 3478 3200 qua

1896 3216 2155 3270 convenit
2190 3215 2475 3287 diligentia
2500 3225 2555 3271 et
2585 3219 2800 3287 quiete,
2837 3235 2945 3273 una
2971 3220 3260 3275 nobiscum
3299 3219 3478 3275 discu-

1896 3304 2056 3368 tiant,
2074 3313 2129 3359 et
2150 3306 2301 3374 pium
2324 3314 2638 3360 sanctorum
2656 3307 2877 3361 Patrum
2898 3308 3093 3379 dogma
3119 3310 3468 3367 conﬁrment.

288 3534 424 3604 Περὶ
459 3520 519 3586 δὲ
554 3531 655 3601 τῆς
683 3532 824 3601 ἐμῆς
859 3531 1189 3604 βραδύτητος
1221 3530 1354 3585 ῐστω
1385 3531 1536 3600 ὑμῶν
1564 3532 1597 3603 ἡ
1643 3530 1795 3584 εὑσέ-

214 3624 359 3687 ὕεια,
391 3624 468 3687 ὡς
512 3622 650 3692 πρὸς
694 3623 754 3674 τὸ
786 3627 1037 3694 χερσαῖον
1077 3624 1352 3693 διάστημα
1389 3624 1489 3695 τῆς
1520 3624 1640 3678 ὀδοῦ
1685 3625 1794 3695 (διά

212 3722 319 3790 γῆς
345 3720 454 3793 γὰρ
486 3718 644 3791 ἡμῶν
674 3720 842 3790 ήὸδδς
870 3710 1185 3792 γεγένηται)
1222 3721 1429 3791 σφόδρα
1458 3721 1794 3790 ἐπεταχύνα·

215 3827 320 3880 μεν
339 3825 353 3839 ’
383 3813 796 3883 τεσσαράκοντα
822 3812 931 3883 γὰρ
969 3811 1137 3883 μονὰς
1158 3811 1495 3881 ὡδεύσαμεν,
1523 3810 1793 3882 μηδεμιᾶς

212 3901 509 3972 ἀνακωχῆς
550 3902 691 3955 κατὰ
736 3904 835 3973 τὴν
869 3903 1096 3974 πορείαν
1136 3901 1565 3967 ἀπολαύσαντες,
1604 3902 1679 3965 ὡς
1707 3901 1791 3968 ἐξ·

211 4006 364 4044 εστιν
408 3991 560 4061 ὑμῶν
592 3994 658 4064 τῇ
707 3992 1036 4065 φιλοχρίστῳ
1068 3992 1316 4066 βασιλείᾳ
1350 3992 1501 4065 παρά
1547 3993 1657 4046 τῶν
1692 3992 1790 4056 τὰς

212 4082 358 4136 κατὰ
406 4082 505 4154 τὴν
549 4083 667 4136 ὁδὸν
698 4083 883 4149 πόλεις
934 4085 1226 4141 οἰκούντων
1264 4086 1476 4157 μαθεῖν.
1530 4087 1675 4159 Πρὸς
1731 4087 1788 4140 δὲ

207 4172 425 4237 τούτοις
457 4175 552 4226 καὶ
571 4175 600 4226 ὁ
629 4174 785 4244 λιμὸς
810 4175 954 4229 κατά
983 4174 1081 4245 τὴν
1116 4176 1445 4246 Ἀντιόχειαν
1476 4176 1784 4246 γενόμενος,

1904 4186 2166 4255 maiestas,
2208 4202 2276 4242 ex
2331 4203 2521 4243 earum
2576 4189 2861 4245 civitatum
2911 4190 3125 4259 incolis,
3192 4209 3292 4263 per
3326 4208 3462 4263 quas

211 4263 310 4315 καὶ
343 4263 401 4315 αί
427 4263 549 4316 καθ’
583 4264 819 4335 ἑκάστην
847 4265 1061 4337 ἡμέραν
1092 4268 1329 4337 ταραχαὶ
1350 4266 1445 4321 τοῦ
1475 4267 1670 4339 δήμου,
1692 4270 1786 4321 καὶ

1904 4283 1997 4330 ter
2028 4277 2280 4342 fecimus,
2316 4278 2477 4333 facile
2506 4278 2812 4349 intelligere
2870 4288 3068 4349 potest.
3111 4282 3303 4337 Fames
3326 4299 3465 4352 pra:-

212 4353 366 4422 παρά
396 4352 508 4422 (87)
544 4353 635 4408 τὸν
692 4329 900 4424 καίρὸν
931 4329 1271 4425 σφοδρπάτῆ
1307 4329 1574 4427 γενομένη
1609 4329 1783 4427 ἑπομ-

1948 4329 1953 4330 i
2030 4329 2073 4331 ἡ-
2101 4329 2280 4342 ηψπ,
2507 4329 2808 4349 --------,,---
2871 4329 3067 4349 rm---
3111 4329 3436 4352 "umor...

1904 4382 2060 4432 'erea,
2086 4383 2209 4437 quae
2226 4369 2623 4425 Antiochenam
2647 4370 2927 4426 civitatem
2958 4372 3319 4427 vehementer
3352 4374 3462 4427 alli-

211 4441 365 4514 δρία,
398 4442 433 4513 ἢ
464 4444 558 4496 καλ⁵
588 4444 835 4498 κίνδυνον
865 4446 930 4498 ἐκ
951 4445 1061 4498 τῶν
1096 4447 1412 4518 χειμάρρων
1445 4448 1693 4519 ἐπήγαγε
1720 4450 1787 4520 τῇ

1904 4458 1985 4517 tit.
2013 4466 2068 4513 et
2100 4460 2431 4528 quotidianae
2450 4461 2639 4530 populi
2667 4462 3132 4531 perturbationes,
3164 4472 3217 4518 et
3255 4465 3461 4535 [rigens

209 4533 392 4597 πόλει,
428 4535 528 4587 οὑκ
553 4535 742 4603 ὀλίγας
772 4536 991 4608 ἡμέρας
1013 4536 1163 4608 ἡμᾶς
1202 4538 1284 4599 είς
1310 4537 1411 4608 τὴν
1453 4538 1789 4611 προειρημέα

1904 4558 2087 4619 praeter
2102 4560 2320 4622 tempus
2335 4553 2419 4607 vis
2445 4554 2728 4621 imbrium,
2755 4571 2878 4625 quae
2923 4556 3263 4612 torrentibus
3300 4533 3463 4611 inun-

208 4641 312 4694 νην
338 4623 534 4696 ἐπέσχε
564 4625 738 4681 πόλιν.

1904 4640 2169 4708 lantibus,
2205 4643 2262 4697 in
2291 4644 2591 4700 discrimen
2640 4623 2919 4701 civitatem
2969 4647 3306 4713 adduxerat,
3351 4663 3458 4703 non

1866 4748 2096 4801 paucos
2120 4749 2343 4804 quoque
2367 4732 2488 4789 dies
2506 4734 2563 4789 in
2593 4750 2759 4805 supra
2806 4736 2952 4791 dicta
2976 4737 3197 4793 civitate
3224 4753 3326 4793 nos
3358 4739 3459 4793 ἀοι

1891 4824 2195 4880 tinuerunt.
2538 4819 2551 4825 ’

1956 4953 2170 5025 1316
2202 4953 2464 5010 CLIII.—
2488 4954 2695 5011 Relatio
2714 4958 3014 5011 earumdem
3050 4958 3122 5011 ad
3153 4959 3384 5028 reginas.

1967 3545 2123 3613 Quod
2163 3562 2295 3602 vero
2350 3548 2565 3604 tardius
2616 3548 2896 3620 aliquanto
2946 3551 3286 3618 advenerim,
3322 3554 3472 3611 aliud

1894 3654 2075 3694 causae
2114 3639 2238 3694 fuit.
2288 3639 2425 3694 Nam
2458 3640 2504 3694 si
2546 3643 2822 3697 terrestris
2860 3641 3074 3698 itineris
3122 3643 3468 3701 intervallum

1895 3730 2065 3803 (terra
2123 3732 2273 3787 enim
2323 3731 2596 3803 venimus)
2644 3733 2820 3803 pietas
2890 3743 3071 3789 vestra
3118 3738 3468 3805 spectaverit,

1893 3839 2088 3894 magna
2119 3823 2367 3894 profecto
2416 3824 2697 3880 celeritate
2740 3840 2843 3881 nos
2882 3826 2989 3881 iter
3009 3810 3134 3883 ’hoc
3163 3828 3466 3885 confecisse

1890 3913 2224 3982 comperiet:
2279 3913 2555 3984 siquidem
2602 3916 2965 3988 quadraginta
2998 3918 3313 3974 mansiones
3343 3935 3467 3989 per-

1888 4005 2221 4074 agravimus,
2276 4005 2427 4061 nulla
2474 4021 2715 4076 unquam
2789 4004 3268 4080 a'prugrediendo
3327 4013 3467 4067 rela-

1889 4096 2112 4152 xatione
2146 4095 2255 4163 nsi,
2308 4098 2771 4168 quemadmodum
2792 4099 3014 4156 Christo
3042 4102 3242 4158 dilecta
3281 4113 3464 4161 vestra

207 4930 382 4985 PNI".
411 4960 481 4972 --
519 4932 807 5002 Ἀναςοορὰ
854 4932 975 5005 τῶν
1016 4936 1218 4991 αὐτῶν
1254 4936 1405 5005 πρὸς
1452 4941 1550 5004 τὰς
1595 4939 1782 5003 ,βασι-

825 5004 1002 5071 λίδας
1027 5005 1160 5076 (88).

285 5114 489 5183 Ἕτερα
538 5113 825 5185 γνωρίζειν
870 5118 938 5187 τῇ
996 5118 1236 5192 ὑμετέρᾳ
1309 5119 1781 5193 προσδοκήσαντες

205 5205 481 5278 εὑσεεεία,
515 5207 587 5260 τά
626 5207 845 5261 ἐναντία
894 5208 1133 5279 δηλῶσαι
1181 5212 1613 5285 ἠναγκάσθημεν
1635 5253 1649 5275 ,
1682 5216 1781 5286 τῆς

1955 5134 2243 5191 Contraria
2274 5136 2342 5191 iis
2370 5153 2491 5207 qua:
2514 5138 2891 5208 sperabamus,
2917 5146 3114 5194 vestra:
3163 5139 3352 5209 pietati
3379 5142 3457 5196 si-

1879 5225 2129 5293 gniﬁcari
2176 5229 2447 5298 compulsi
2494 5245 2708 5296 sumus,
2762 5230 3042 5301 tyrannica
3090 5230 3280 5303 Cyriili
3331 5232 3457 5290 Alc-

282 5404 392 5472 (84)
431 5405 666 5476 πολέμου
692 5409 881 5463 aberat
914 5424 944 5462 a
977 5410 1142 5467 Garn.

282 5476 392 5533 (85)
434 5476 839 5533 Ἀλεξανδρείας
860 5478 928 5531 Μ.

1954 5420 2064 5533 (8η
2098 5425 2228 5493 περὶ
2262 5423 2429 5478 Mans.
2472 5424 2526 5478 in
2562 5439 2731 5495 marg.

1951 5492 2039 5533 (RR
2102 5493 2190 5533 Fc!
2224 5493 2275 5533 in
2309 5494 2498 5533 nnthnn
2534 5496 2720 5533 nnllnnl

281 5476 392 5615 (ὣς
434 5476 839 5548 Ἀλεξανδρείας
860 5478 928 5531 Μ.

281 5545 372 5615 (86
428 5548 519 5599 τοι)
562 5547 811 5615 Ἐφεσίου
843 5549 996 5604 abest
1025 5567 1055 5605 a
1079 5552 1246 5606 Maus.

1951 5476 2061 5546 issi
2102 5478 2191 5547 Esi
2224 5476 2854 5550 me;.*.i¢.a‘caiez~’.‘ionc
2890 5496 2924 5549 ι.
2955 5512 3027 5562 c.,
3052 5512 3106 5567 ι).
3141 5495 3412 5564 ίεπςειι.

280 5545 391 5617 (86)
428 5548 519 5599 τοι)
562 5545 811 5617 Ἐφεσίου
843 5549 996 5604 abest
1025 5567 1055 5605 a
1079 5552 1246 5606 Maus.
1800 5586 1809 5595 -
