3962 6204
514 167 650 231 1443

1492 162 1981 223 THEODORETI
2023 163 2363 222 EPISCOPI
2400 162 2764 221 CYRENSIS

3646 156 3765 219 illi

511 280 762 346 xandrini
798 287 855 333 et
884 277 1187 331 Memnonis
1218 274 1481 343 Ephesini
1510 276 1811 343 petulantia
1860 277 1929 328 ad
1959 290 2081 328 eam
2114 326 2118 336 ,

2226 275 2519 347 υραννικῆς
2565 274 2786 338 ἀταξίας
2814 271 3085 342 Κυρίλλου
3133 268 3225 321 τοῦ
3262 268 3665 339 Ἀλεξανδρέως
3690 276 3769 320 καὶ

512 373 898 428 necessitatem
936 384 1036 421 nos
1070 373 1429 436 perurgente.

583 463 717 516 Nam
770 475 894 513 cum
932 469 1156 527 pmpter
1210 456 1709 510 ecclesiasticarum
1746 455 2090 509 sanctionum

514 552 787 614 ordinem,
840 548 1039 617 piaque
1104 546 1309 600 Christi
1355 546 1657 599 amantium
1696 546 2093 615 imperatorum

515 662 549 699 n
572 653 828 696 lSlt‘Ol‘ltm
852 641 1101 701 decreta,
1131 638 1677 707 religiosissimorum
1706 639 2092 708 episcoporum

517 733 943 791 adventantium
977 730 1324 800 przesentiam
1380 744 1477 783 eos
1518 729 1746 799 operiri,
1786 729 2096 783 communi-

519 838 711 897 terqne
733 841 855 895 qnze
877 833 1079 878 sanctae
1112 822 1239 875 ﬁdei
1273 830 1423 885 sunt,
1463 820 1799 890 expendere,
1846 833 1903 877 et
1947 831 2098 876 ortas

518 915 928 971 controversias
962 913 1126 966 simul
1150 912 1486 974 examinare,
1514 919 1681 980 atque
1732 910 2097 981 apostolicum

520 1012 714 1077 dogma
763 1014 953 1060 exacte
1013 1004 1324 1057 discussum
1379 1002 1710 1055 conﬁrmare
1764 1010 2095 1070 oporteret:

522 1099 681 1151 nobis
708 1112 765 1149 sc
789 1104 1040 1149 nostrum
1100 1093 1401 1145 adventum
1444 1094 1744 1161 przestolari
1793 1108 1918 1147 cum
1960 1091 2099 1147 scri-

522 1189 780 1257 psissent,
836 1184 1269 1251 didicissentquc
1297 1182 1464 1237 tridui
1493 1183 1689 1237 itinere
1720 1198 1821 1237 nos
1866 1184 2097 1247 abesse;

525 1278 812 1350 tyrannico
861 1277 1006 1328 inter
1059 1290 1117 1327 se
1144 1288 1407 1327 consessu
1466 1275 1790 1337 constituto,
1828 1289 1916 1328 res
1946 1273 2102 1343 ﬁagi-

514 1370 716 1441 _tiosas,
745 1366 1079 1435 illegitimas,
1106 1365 1365 1433 omnique
1392 1365 1731 1419 absurditate
1762 1367 1950 1435 plenas
1983 1367 2103 1420 ausi

528 1467 657 1510 sunt
684 1476 696 1509 :
720 1473 842 1509 cum
874 1465 1058 1508 tamen
1084 1453 1662 1522 magniﬁcentissimus
1684 1470 1868 1508 comes
1907 1453 2106 1507 Candi-

2202 368 2484 435 Μέμνονος
2507 365 2601 416 τοῦ
2635 364 2882 431 Ἐφεσίου
2910 360 3070 414 τοῦτο
3102 361 3327 429 ποιῆσαι
3357 360 3713 430 βιαζομένης.

2266 461 2394 512 Δέον
2434 460 2542 528 γὰρ
2564 458 2652 509 διά
2689 473 2746 508 τε
2784 454 2883 525 τὴν
2917 453 3029 507 τῶν
3058 451 3536 521 ὲκκλησιαστικῶν
3574 452 3769 519 θεσμὲπι

2197 551 2538 613 ἀκολουθίαν,
2558 550 2653 602 καλ⁸
2680 548 2767 601 διὰ
2787 548 2854 600 τὰ
2880 546 3082 612 εὐσεϐῆ
3104 546 3208 598 τῶν
3233 544 3609 614 φιλοχρίστων
3637 545 3769 612 ἡμᾶν

2201 643 2465 713 βασιλέων
2504 640 2876 709 θεσπίσματα,
2908 640 3199 708 ἀναμεῖναι
3235 638 3333 706 μὲν
3378 636 3489 687 τῶν
3526 636 3772 701 ἀφικνοι-

2203 734 2383 803 μένων
2439 732 2872 800 θεοφιλεστάτων
2942 730 3259 782 ἐπισκόπων
3303 729 3402 798 τὴν
3460 729 3771 795 παρουτία-ι,

2202 827 2353 893 κοινῇ
2388 822 2442 875 δὲ
2480 822 2780 890 σκέψασθαι
2812 821 2924 892 (89)
2972 821 3040 872 τὰ
3076 819 3206 890 περὶ
3252 818 3351 887 τῆς
3402 816 3674 878 εὐσεϐοῦς
3706 820 3773 867 τῖ-

2204 906 2395 978 στεως,
2423 915 2518 968 καλ⁴
2570 915 2639 967 τὰ
2678 912 3017 983 προκείμενα
3059 910 3347 980 ζητήματα
3382 908 3663 967 συνιδεῖν,
3707 916 3772 959 διῖὶ

2202 1006 2446 1076 ἀκριϐῶς
2493 1006 2554 1058 τὸ
2614 1002 2972 1058 ἁποστολικδν
3024 1003 3432 1073 ἐρευνήσαντας
3494 999 3775 1067 βεϐαιῶςει

2202 1098 2409 1167 δόγμαο
2438 1096 2752 1167 γράψαντες
2805 1097 2958 1165 ἡμῖν,
3009 1094 3084 1154 ὡς
3117 1094 3215 1160 τὴν
3264 1091 3554 1161 ἡμετέραν
3594 1092 3774 1155 ἀναμέ-

2187 1180 2353 1241 ’νουσι
2387 1188 2713 1259 παρουσίαν,
2746 1186 2842 1238 καὶ
2878 1183 3143 1252 μαθόντες
3167 1182 3242 1245 ὼς
3268 1181 3375 1233 ἀπὸ
3400 1180 3581 1251 τριῶν
3626 1180 3776 1247 μοεετέη.

2203 1280 2568 1348 τυγχάνομεν,
2598 1275 2720 1329 καθ’
2743 1276 2972 1336 ἑαυτοὺς
3002 1271 3324 1343 τυραννικὸν
3356 1272 3651 1339 συνέδριον
3681 1287 3779 1335 συγ-

2206 1372 2595 1441 κροτήσαντες,
2647 1367 2864 1435 ἄθεσμα
2921 1366 3015 1418 καὶ
3065 1363 3390 1432 παράνομα,
3448 1364 3550 1413 καὶ
3624 1363 3781 1425 πάςιζς

2208 1463 2437 1523 ἀτοπίας
2472 1461 2712 1530 γέμοντα
2744 1458 3048 1527 ἐτόλμησαν
3100 1456 3435 1525 πράγματα·
3480 1454 3589 1505 καὶ
3628 1453 3781 1504 τιῦτπ

526 1552 745 1613 dianus,
801 1548 1014 1601 ordinis
1070 1545 1325 1599 servandi
1388 1561 1553 1599 causa
1598 1562 1626 1599 a
1678 1545 2107 1615 religiosissimis

2226 1551 2302 1603 τοῦ
2354 1548 2941 1619 μεγαλοπρεπεστάτων
2988 1545 3227 1614 κόμητος
3281 1541 3684 1603 Κανδιδιανοῦ,
3716 1543 3781 1592 τρὶ

526 1640 841 1709 Christique
866 1637 1177 1692 amantibus
1214 1636 1639 1705 imperatoribus
1665 1637 2106 1701 nostrismissus,

2226 1642 2465 1707 εὐταξίας
2500 1640 2659 1709 χάριν
2707 1637 2813 1691 ὑπὸ
2841 1636 2949 1689 τῶν
2980 1636 3386 1687 εὐσεϐεστάτων
3426 1633 3526 1684 καὶ
3562 1632 3788 1701 9:101:55-

529 1737 585 1781 et
614 1727 803 1787 verbo,
833 1734 887 1779 et
912 1725 1119 1793 scripto
1147 1724 1253 1777 illis
1284 1724 1685 1791 denuntiasset,
1738 1734 1799 1778 ut
1831 1725 2110 1795 piissimo-

530 1833 651 1871 rum
679 1817 1083 1885 episcoporum,
1121 1814 1211 1883 qui
1244 1816 1530 1870 convocati
1553 1814 1788 1879 fuerant,
1817 1816 2112 1870 adventum

530 1917 933 1978 exspectarent,
990 1922 1170 1975 neque
1222 1908 1522 1976 quidquam
1574 1909 1723 1962 circa
1755 1910 1901 1978 piam
1950 1908 2113 1964 ﬁdem

535 2001 901 2063 innovarent;
935 1998 1030 2052 sed
1060 1998 1185 2063 illis,
1214 2013 1335 2067 quze
1361 2014 1391 2051 a
1446 1999 1551 2068 pize
1602 2000 1805 2054 mentis
1836 2002 1854 2019 ⁴
1876 2001 2116 2071 impera-

536 2092 749 2146 toribus
776 2090 980 2145 nostris
1004 2090 1225 2145 decreta
1251 2100 1458 2155 essent,
1489 2092 1828 2147 insisterent.

606 2272 811 2326 Verum
843 2280 957 2324 tum
984 2269 1188 2323 litteris
1220 2268 1622 2338 imperialibus,
1652 2277 1770 2323 tum
1806 2276 1972 2323 etiam
2006 2282 2120 2321 ma-

538 2360 978 2431 gniﬁcentissimi
1033 2359 1252 2412 comitis
1274 2358 1600 2413 Candidiani
1636 2359 1880 2412 consiliis
1908 2356 2118 2426 1317

539 2453 744 2507 auditis
774 2453 1027 2505 ordinem
1068 2461 1123 2504 ct
1156 2450 1420 2503 decorum
1462 2450 1945 2519 parvipcndentcs,
1972 2449 2120 2517 aspi-

540 2544 670 2596 dum
710 2558 811 2596 ova
842 2542 1151 2610 fregerunt,
1182 2549 1238 2593 et
1266 2542 1449 2605 telam,
1497 2542 1658 2594 sicuti
1712 2541 1980 2609 propheta
2035 2539 2121 2591 lo-

540 2629 729 2697 quitur
761 2629 825 2693 ",
854 2643 1066 2680 aranea:
1111 2635 1321 2681 texunt.
1373 2628 1480 2682 Sed
1527 2629 1621 2697 qui
1667 2628 1735 2681 de
1779 2628 1898 2681 ovis
1927 2642 2120 2680 eorum

541 2718 829 2773 comedere
860 2717 1117 2782 voluerit,
1148 2726 1440 2772 conterens
1464 2718 1709 2773 inveniet
1730 2718 2035 2788 putridum,
2067 2726 2124 2773 et

543 2809 599 2861 in
642 2808 761 2876 ipso
801 2806 1043 2877 regulus.
1093 2806 1331 2861 Proinde
1375 2807 1721 2862 conﬁdenter
1768 2809 2070 2862 clamamus
2105 2824 2117 2859 :

552 2919 569 2950 ι
593 2898 725 2952 Tela
752 2914 943 2952 eorum
970 2913 1083 2952 non
1112 2900 1220 2952 erit
1246 2898 1301 2952 in
1337 2899 1751 2963 vestimentum,
1780 2915 1957 2968 neque
1994 2913 2124 2968 ope-

545 2992 761 3046 rientur
790 3006 821 3046 e
850 3006 1114 3044 manuum
1142 3005 1367 3046 suarum
1388 2990 1653 3060 operibus
1675 2992 1738 3042 ⁷⁷.
1766 3010 1784 3040 ›

613 3085 750 3139 Cum
792 3100 923 3153 ergo
977 3084 1198 3136 illorum
1237 3084 1577 3138 temeritates
1617 3094 1673 3138 et
1723 3082 1957 3153 ineptias
1982 3085 2121 3139 mul-

546 3185 630 3228 tas
670 3174 1100 3227 advertissemus
1123 3174 1270 3245 (nam
1295 3181 1349 3228 et
1371 3182 1588 3229 sanctas
1606 3174 1866 3229 ecclesias
1897 3181 1955 3227 et
1981 3190 2127 3228 mar-

548 3273 727 3336 tyrum
759 3263 905 3318 aedes
957 3264 1331 3325 occluserunt,
1360 3274 1417 3320 ct
1438 3280 1506 3318 ne
1536 3273 1736 3319 sancta:
1775 3266 2126 3320 Pentecostes

548 3357 946 3413 solemnitatem
990 3357 1417 3421 celebraremus,
1452 3356 1845 3426 impedimento
1882 3356 2125 3421 fuerunt,

548 3454 603 3500 et
651 3446 946 3516 tyrannica:
988 3452 1249 3515 praeterea
1280 3445 1583 3500 insolentiae
1607 3462 1719 3501 suae
1748 3446 2031 3513 ministros
2061 3447 2130 3502 ad

548 3537 939 3606 episc0porum
974 3536 1169 3590 domos
1201 3536 1508 3601 mittentes,
1538 3551 1601 3590 ac
1631 3548 1874 3591 extrema
1901 3553 2130 3607 quaeque

552 3628 849 3693 minantes,
910 3628 1114 3697 iniquis
1158 3628 1273 3682 suis
1316 3628 1515 3682 studiis
1559 3630 1961 3699 conatibusque
2010 3630 2131 3685 illos

552 3720 902 3775 subscribere
959 3721 1390 3791 compulerunt),
1442 3722 1735 3790 praedictos
1767 3722 2033 3793 Cyrillum
2077 3732 2134 3778 et

551 3810 899 3866 Memnonem
937 3811 1311 3881 deposuimus,
1360 3818 1416 3865 et
1449 3802 1518 3865 ab
1563 3811 1858 3882 episcopali
1906 3829 2133 3869 munere

552 3903 886 3969 amovimus;
924 3903 1167 3973 reliquos
1220 3911 1404 3957 autem
1442 3902 1746 3959 insolentiae
1786 3905 2006 3959 illorum
2042 3921 2133 3960 so-

553 3994 691 4059 cios,
731 3996 816 4049 vel
867 4004 1018 4049 metu
1051 3998 1139 4049 vel
1176 3996 1493 4050 adulatione
1540 3997 1784 4062 adactos,
1818 4013 2135 4052 excommu-

554 4087 818 4142 nicationi
849 4087 1216 4151 subdidimus,
1239 4088 1416 4142 donec
1445 4074 1673 4142 vulnera
1699 4104 1794 4143 sua
1834 4089 2136 4145 sentientes

553 4193 623 4232 ex
665 4177 849 4231 animo
908 4178 1254 4247 resipiscam,
1299 4188 1354 4233 et
1404 4178 1661 4232 haeretica
1692 4177 1881 4248 Cyrilli
1933 4180 2133 4249 capita,

2218 1752 2360 1786 στων
2408 1732 2565 1803 ἡμῶν
2617 1729 2879 1800 βασιλέων
2931 1727 3346 1789 ἀποσταλέντος,
3396 1726 3493 1777 καὶ
3537 1724 3787 1795 ἁγράςως

2216 1828 2400 1888 αὐτοῖς
2466 1826 2560 1876 καὶ
2612 1823 2909 1892 ἐγγράφως
2949 1820 3441 1890 παρεγγυήσαντος
3511 1818 3789 1886 ἁναμείνει

2215 1917 2343 1979 τούς
2380 1914 2789 1984 συγκληθέντας
2825 1911 3269 1979 θεοφιλεστάτους
3311 1910 3695 1969 ἐπισκόπους,
3725 1915 3791 1959 xz‘.

2221 2006 2388 2077 μηδὲν
2428 2004 2764 2073 νεωτερίσαι
2806 2001 2936 2069 περὶ
2991 1999 3089 2067 τὴν
3143 1996 3340 2065 εὐσεϐῆ
3404 1998 3643 2052 πίστιν,
3690 1998 3791 2047 di};

2219 2095 2503 2165 στοιχῆσαι
2533 2096 2645 2155 τοῖς
2681 2091 3021 2144 θεσπισθείσι
3055 2089 3207 2158 παρὰ
3247 2087 3356 2139 τῶν
3394 2088 3465 2139 τὰ
3517 2086 3648 2138 θεῖα
3701 2105 3791 2154 qm-

2218 2186 2453 2242 νούντων
2493 2184 2760 2255 βασιλέων
2791 2182 2967 2253 ἡμῶν.

2307 2277 2425 2331 Ἀλλ
2450 2277 2621 2344 ’ὅμως
2648 2274 2742 2327 καὶ
2770 2272 2864 2324 τοῦ
2902 2268 3181 2341 βασιλικοῦ
3202 2267 3546 2338 γράμματος
3580 2268 3793 2318 ἐπακτο-

2225 2385 2437 2432 σαντες,
2467 2369 2560 2419 καὶ
2582 2357 2691 2418 τῶν
2721 2362 3062 2433 συμϐουλιῶν
3088 2359 3181 2412 τοῦ
3212 2359 3792 2428 μεγαλοπρεπεστάτιι
3872 2384 3873 2389 η

2222 2460 2463 2528 κόμητος
2499 2453 2881 2518 Κανδιδιανοῦ,
2909 2452 3138 2522 σμικρὸν
3167 2450 3264 2519 τῆς
3298 2449 3573 2512 εὐταξίας
3610 2453 3795 2518 φροττὺ

2226 2566 2437 2611 σαντες,
2484 2547 2565 2599 ὼὰ
2600 2544 2843 2598 ἀσπίδων
2904 2538 3160 2612 έῤῥηξαν,
3198 2536 3293 2588 καὶ
3343 2535 3498 2587 ἱστὸν
3554 2537 3795 2604 ἀράχνης,

2224 2638 2367 2693 κατά
2397 2638 2487 2690 τὸν
2513 2637 2828 2707 Προφήτην,
2863 2632 3197 2700 ὑφαίνουσιν.
3234 2626 3374 2678 Ἀλλ’
3406 2628 3436 2679 ὁ
3465 2626 3698 2695 μέλλων
3722 2627 3800 2676 τῷν

2225 2730 2348 2783 ὠῶν
2397 2728 2575 2783 αὐτῶν
2614 2728 2832 2796 φαγεῖν,
2865 2722 3161 2793 συντρίψας
3202 2718 3384 2788 οὐριον
3437 2710 3610 2786 εὗρε,
3648 2718 3736 2769 καὶ
3760 2720 3799 2765 2,,

2227 2820 2377 2891 αὐτῷ
2410 2820 2745 2890 βασιλίσκος.
2774 2816 2863 2868 Διὸ
2892 2814 3213 2886 θαρραλέως
3258 2809 3477 2879 βοῶμεν
3500 2824 3516 2837 '
3555 2827 3577 2859 ι
3604 2810 3667 2859 Ὀ
3692 2812 3806 2869 ira;

2149 2912 2193 2971 C
2232 2910 2411 2965 αὐτῶν
2445 2911 2544 2962 οὐκ
2570 2908 2722 2960 ἔσται
2754 2910 2832 2970 είς
2860 2906 3096 2976 ίμάτιον,
3129 2902 3249 2955 οὐδὲ
3280 2901 3357 2969 μὴ
3391 2898 3803 2967 περιϐάλλοντα

2221 3003 2329 3059 ἀπὺ
2368 3002 2478 3057 τῶν
2510 3002 2685 3072 ἔργων
2715 2999 2824 3052 τῶν
2850 2998 3048 3069 χειρῶν
3078 2993 3285 3049 αὐτῶν.
3320 3010 3337 3042 ι

2292 3094 2494 3147 Τούτου
2532 3094 2691 3163 χάριν
2731 3090 2831 3153 τὰς
2878 3089 3077 3151 πολλὰς
3109 3088 3333 3148 ἀτοπίας
3387 3084 3589 3137 αὐτῶν
3626 3083 3809 3136 θεατά-

2228 3201 2399 3257 μενοι’
2437 3184 2556 3255 (τάς
2580 3200 2637 3234 τε
2664 3181 2772 3253 γὰρ
2800 3180 3117 3250 ἐκκλησίας,
3140 3180 3231 3231 καὶ
3266 3181 3333 3232 τά
3365 3180 3507 3246 ἅγια
3550 3174 3817 3246 μαρτζιριι

2226 3277 2577 3336 ἀπέκλεισαν,
2609 3274 2707 3343 τῆς
2737 3289 2796 3323 τε
2819 3270 2979 3339 ἁγίας
3020 3270 3409 3338 Πεντηκοστῆς
3440 3269 3551 3337 τὴν
3579 3268 3817 3333 ravim.»

2232 3386 2315 3439 ριν
2370 3364 2678 3419 ἐπιτελέσαι
2719 3363 2820 3415 οὐκ
2869 3360 3077 3412 εἴασανο
3120 3362 3214 3412 καὶ
3266 3360 3406 3428 πρὸς
3439 3360 3661 3419 τούτοις
3706 3360 3821 3411 τοίας

2228 3459 2324 3529 τῆς
2348 3454 2676 3526 τυραννικῆς
2708 3451 2884 3504 αὐτῶν
2916 3450 3135 3515 ἀταξίας
3165 3450 3448 3520 ὑπηρέτας
3471 3450 3552 3510 είς
3588 3448 3697 3508 τὰς
3722 3447 3821 3495 τὼ

2230 3548 2541 3601 ἐπισκόπων
2571 3545 2747 3607 οἰκίας
2790 3541 3232 3602 ἀποστέλλοντες,
3278 3540 3377 3592 καὶ
3427 3542 3493 3589 τὰ
3540 3539 3830 3607 ἀνήκεττι

2232 3637 2603 3698 ἀπειλοῦντες,
2645 3633 2959 3704 ὑπογράψαι
2991 3634 3101 3694 τοῖς
3134 3632 3224 3682 ὐπ’
3262 3629 3451 3683 αὐτῶν
3488 3631 3827 3699 rapax/+3144);

2231 3728 2578 3799 τολμηθεῖσιν
2621 3724 2987 3795 ἠνάγκασαψ)
3028 3718 3087 3776 οὐ
3116 3722 3275 3791 χάριν
3322 3722 3456 3783 τοὺς
3486 3722 3825 3791 apes-.9139:

2233 3835 2356 3879 νους
2386 3816 2649 3886 Κύριλλον
2678 3815 2771 3867 καὶ⁵
2796 3814 3050 3885 Μέμνονα
3080 3811 3427 3881 καθείλομεν,
3459 3814 3562 3864 καὶ
3596 3813 3701 3879 τῆς
3729 3815 3833 3863 ἐπι-

2238 3909 2444 3979 σκοπῆς
2485 3907 2794 3977 ἀλλοτρίους
2838 3907 3238 3974 πεποιήκαμεν,
3284 3903 3418 3965 τούς
3459 3921 3525 3955 τε
3566 3906 3835 3971 save???

2237 4018 2437 4064 σαντας
2463 3999 2641 4054 αὐτῶν
2669 4001 2735 4069 τῇ
2769 3998 2987 4067 ἀταξία,
3018 3998 3111 4050 καὶ
3138 3997 3245 4049 εἴτε
3272 3996 3574 4066 κολακεία,
3612 3998 3733 4047 εἴτε
3764 3998 3841 4061 ξέ-

2238 4092 2316 4163 ϐῳ
2346 4091 2734 4162 ὐποσυρέντας,
2762 4090 3155 4159 ἀκοινωνήτους
3184 4089 3612 4157 πεποιήκαμεν,
3641 4089 3753 4147 Em;
3786 4088 3840 4136 ἓν

2238 4188 2317 4247 είς
2351 4184 2601 4253 αἴσθησιν
2636 4182 2745 4235 τῶν
2783 4182 2999 4234 οἰκείων
3048 4180 3291 4241 ἐλθόντες
3322 4181 3717 4249 τραυμάτων,
3764 4182 3843 4227 1:.1

557 4268 900 4339 Apollinarii,
939 4277 995 4323 et
1019 4268 1158 4333 Arii,
1199 4277 1255 4324 et
1291 4269 1549 4323 Eunomii
1592 4270 1861 4339 impietati
1902 4286 2118 4326 consen-

2245 4273 2664 4344 μεταμεληθῶσι
2698 4273 2959 4341 γνησίως,
3006 4270 3099 4323 καὶ
3126 4270 3196 4323 τὰ
3238 4269 3512 4338 αἰρετικὰ
3570 4270 3844 4338 Rupilio.

560 4368 740 4425 tanea,
787 4360 1273 4426 anathematizent,
1326 4368 1382 4414 et
1433 4370 1751 4415 sanctorum
1797 4362 2019 4417 Patrum
2042 4363 2135 4417 Ni-

556 4468 835 4507 caanorum
900 4452 1061 4507 ﬁdem
1120 4453 1418 4522 recipiant,
1480 4462 1536 4508 et
1579 4454 1732 4524 juxta
1788 4455 1877 4523 pia
1932 4454 2135 4511 Christi

558 4545 860 4599 amantium
909 4543 1306 4613 imperatorum
1350 4553 1668 4605 nostrorum
1719 4544 1919 4611 edicta,
1952 4546 2135 4615 quiete

557 4642 618 4690 et
664 4635 871 4704 absque
918 4634 1065 4689 omni
1110 4635 1533 4691 tumultuatione
1582 4637 1635 4690 in
1680 4636 1975 4691 concilium
2003 4652 2135 4691 con-

562 4727 803 4791 veniant,
848 4726 1266 4796 propositasque
1312 4729 1644 4797 quaestiones
1695 4738 1948 4784 accurate
1976 4730 2137 4784 simul

561 4816 836 4886 dispicere
883 4818 1072 4882 velint,
1118 4828 1174 4873 et
1222 4820 1550 4890 evangelicze
1595 4820 1719 4874 lidei
1768 4821 2138 4875 sinceritatem

565 4908 683 4961 sine
719 4909 846 4963 fuco
882 4910 1218 4965 custodiant.

632 5256 673 5286 ττ
710 5255 809 5307 lsa.
854 5268 957 5315 ιιι,
988 5252 1041 5305 6.

2240 4365 2531 4435 κεφάλαια,
2569 4363 2636 4415 τὰ
2670 4366 2736 4433 τῇ
2764 4362 3156 4433 Ἀπολιναρίου,
3184 4360 3275 4413 καὶ
3306 4360 3565 4429 Ἀρείου,
3613 4363 3724 4411 καὶ
3762 4362 3852 4412 EL-

2241 4457 2427 4528 νομίου
2447 4454 2731 4526 δυσσεϐεία
2754 4454 3141 4525 συμϐαίνοντα,
3167 4450 3744 4520 άναθεματίσαντες,
3767 4453 3825 4515 τὲ
3846 4482 3849 4493 -

2240 4549 2348 4601 τῶν
2372 4547 2541 4615 ἁγίων
2566 4546 2822 4615 Πατέρων
2847 4544 2957 4598 τῶν
2984 4546 3040 4597 έν
3071 4543 3274 4612 Νικαία
3318 4544 3498 4595 συναθ
3512 4545 3831 4615 ροισθέντιε
3852 4578 3857 4587 ι

2242 4641 2651 4708 ἀνακτήσωνται
2685 4638 2887 4699 πίστιν,
2923 4636 3183 4690 καὶκατὰ
3210 4635 3277 4688 τὰ
3308 4636 3525 4706 εὐσεϐῆ
3557 4638 3687 4689 τῶν
3724 4638 3859 4705 ς-ῑλιν

2243 4731 2476 4801 χρίστων
2520 4728 2678 4798 ἡμῶν
2733 4727 2995 4798 βασιλέων
3059 4727 3407 4796 θεσπίσματα
3464 4728 3730 4797 ἡσύχως
3784 4734 3868 4779 κει

2237 4818 2360 4887 δίχα
2419 4815 2646 4883 θορύϐου
2700 4815 2843 4877 τινὸς
2894 4817 2976 4877 εἰς
3022 4815 3081 4867 τὸ
3133 4814 3409 4886 συνέδριον
3454 4818 3867 4875 συνελθόντες.

2236 4906 2479 4977 ἀκριϐῶς
2534 4906 2603 4958 τά
2647 4922 2705 4958 τε
2752 4904 3056 4975 ζητούμενα
3096 4907 3324 4959 συνιδεῖν
3369 4905 3753 4976 ἐθελήσωσι,
3793 4928 3857 4957 x:

2237 5002 2336 5069 τῆς
2370 5000 2728 5071 εὐαγγελικῆς
2755 5000 2988 5063 πίστεως
3015 5000 3074 5053 τὸ
3102 5000 3392 5070 εἱλικρινὲς
3423 4999 3673 5063 ἀδόλως
3709 5002 3877 5070 qui.»

2240 5093 2391 5159 ξωσι.

636 5413 747 5482 (89)
778 5412 853 5465 Ita
893 5411 1064 5466 Mans.
1100 5410 1157 5464 in
1202 5406 1469 5477 margine.
1500 5406 1705 5460 Textus
1744 5404 1889 5475 vulg.
1924 5399 2340 5471 διασκέψασθαι.
