3962 6204
254 258 363 325 14ίό

1564 244 1932 307 EPISTOLA
1966 243 2158 303 CLIV.

3353 231 3491 298 1446

251 369 395 425 PNA'.
423 398 493 409 —
542 326 863 433 Ἐπιστολῆ
917 361 1038 417 τῶν
1093 362 1293 419 αὐτῶν
1355 360 1513 433 πρὸς
1532 360 1678 433 Δτὴν
1730 357 1803 411 ἐν

1922 351 2126 422 [318
2173 351 2352 407 CLIV.
2372 352 2474 433 :—'
2496 351 2819 433 Eorumdm
2851 351 2921 433 qd
2956 356 3202 433 senatum
3227 348 3491 407 Constan-

414 429 1047 499 Κωνσταντινοὺπόλει
1085 433 1436 501 σύγκλητον
1468 429 1601 500 (90).

309 552 378 623 Τῇ
403 551 638 621 θεοφιλεῖ
663 550 760 604 καὶ
791 546 1122 619 φιλοχρίστῳ
1152 545 1438 616 συγκλήτῳ
1465 547 1496 614 ή
1525 542 1657 611 άγία
1679 541 1805 594 σύν-

252 642 352 707 οδος
375 644 432 696 ἐν
452 642 642 713 Κυρίῳ
662 641 902 712 χαίρειν.

309 735 435 789 Δίαν
467 734 764 804 ἀλγοῦμεν,
788 732 1008 786 οἰκείων
1040 729 1217 801 μελῶν
1244 728 1483 798 ἐκτομὴν
1514 728 1580 798 τῇ
1612 725 1806 795 ὑμετέ-

253 842 310 896 ρᾳ
349 822 793 895 μεγαλοπρεπείᾳ
830 821 1055 893 μηνύειν
1094 817 1547 888 ἀναγκαζόμενοι.
1579 817 1642 869 Εἰ
1696 815 1804 884 γὰρ

247 916 328 969 καὶ
367 916 662 982 ἀναγκαῖος
707 914 737 965 ὁ
770 911 1049 984 χωρισμὸς
1087 912 1197 963 τῶν
1243 909 1558 978 σεσηπότων
1607 906 1802 977 μελῶν,

245 1005 345 1060 ἀλλ’
365 1007 513 1076 ὅμως
533 1002 724 1073 ὀδύνην
751 1001 954 1073 πικρὰν
981 1001 1061 1072 τῷ
1091 999 1262 1071 λοιπῷ
1290 998 1504 1070 σώματι
1535 998 1807 1069 κατεργά-

247 1097 402 1160 ζεται.
431 1114 451 1148 ι
483 1095 542 1146 Εἰ
566 1093 766 1163 πάσχει
792 1092 921 1162 γάρ,
956 1092 1121 1162 φησὶν
1147 1093 1176 1144 ὁ
1196 1089 1465 1161 μακάριος
1490 1087 1719 1150 Παῦλος,
1747 1086 1806 1139 ἒν

249 1179 417 1258 μέλος,
441 1185 755 1255 συμπάσχει
802 1185 984 1238 πάντα
1018 1183 1088 1237 τὰ
1131 1181 1291 1252 μέλη.
1321 1200 1340 1233 ι
1389 1180 1529 1233 Ἀλλ’
1563 1180 1714 1249 ὅμως
1743 1177 1805 1230 ού

247 1277 576 1348 παραιτητέα
604 1278 715 1339 τοῖς
747 1277 952 1344 ίατροῖς
992 1274 1101 1328 τῶν
1134 1274 1425 1345 ἀχρήστων
1458 1272 1553 1326 καὶ
1582 1270 1806 1323 ἐπιϐλα-

246 1367 350 1423 ϐὦν
379 1366 553 1438 μελῶν
586 1368 617 1434 ή
649 1366 813 1436 τομή.
847 1367 908 1418 '0
935 1365 1044 1436 γάρ
1079 1365 1330 1435 ἐχέφρων
1372 1362 1468 1416 καὶ
1508 1360 1671 1429 σοφὸς
1697 1359 1807 1411 τῶν

246 1458 497 1527 σωμάτων
559 1455 898 1526 θεραπευτής
961 1455 1041 1518 εἰς
1117 1453 1217 1524 τὴν
1272 1450 1381 1505 τῶν
1445 1451 1647 1505 λοιπῶν
1715 1466 1804 1519 με·

244 1548 339 1601 λῶν
398 1547 616 1620 ἀφορῶν
676 1545 884 1616 ὑγείαν,
942 1549 1275 1618 καταφρονεῖ
1326 1543 1422 1599 τοῦ
1486 1542 1804 1612 σεσηπότος,

243 1641 391 1693 παντὶ
432 1638 506 1709 τῷ
562 1637 772 1709 σώματι
810 1635 912 1706 τὴν
956 1637 1231 1708 σωτηρίαν
1266 1634 1803 1706 πραγματευόμενος.

2346 420 2759 492 tinopolitanum
2791 420 3034 491 epistola.

1974 532 2072 586 Pio
2113 531 2445 603 Christoque
2495 534 2699 589 dilecto
2748 535 2985 600 senatui,
3022 543 3209 589 sancta
3246 533 3489 605 synodus

1904 622 1961 678 in
1999 624 2234 678 Domino
2280 625 2534 679 salutem.

1974 714 2167 785 Magno
2200 731 2332 769 sane
2353 716 2522 770 animi
2547 716 2735 770 dolore
2767 716 3008 785 bocipso
3032 713 3316 779 aﬂicimur,
3341 720 3489 784 quod

1904 804 2281 858 membrorum
2333 813 2647 858 nostrorum
2687 804 3023 859 excisionem
3055 812 3250 858 vestra:
3282 804 3492 873 magni-

1905 895 2137 951 licentiae
2180 896 2425 951 indicare
2475 898 2879 967 compellimur.
2932 899 3066 953 Nam
3097 898 3200 952 etsi
3241 898 3491 967 putrido-

1907 1004 2027 1042 rum
2061 988 2436 1042 membrorum
2465 990 2737 1058 separatio
2762 1000 2846 1044 est
2866 990 3209 1054 necessaria;
3248 999 3488 1044 attamen

1905 1079 2166 1137 acerbum
2211 1080 2457 1135 dolorem
2511 1082 2727 1151 reliquo
2755 1083 2973 1151 corpori
3002 1082 3183 1137 aﬂ‘ert.
3220 1101 3236 1133 ι
3266 1081 3321 1137 Si
3356 1082 3489 1151 quid

1906 1173 2074 1237 enim,
2099 1173 2277 1243 inquit
2298 1173 2491 1229 beatus
2508 1173 2727 1238 Paulus,
2746 1175 2952 1243 patitur
2968 1189 3137 1228 unum
3155 1174 3485 1237 membrum,

1907 1263 2324 1333 compatiuntur
2364 1265 2547 1318 omnia
2609 1265 2857 1319 membra
2907 1266 2975 1319 ’⁸.
3019 1284 3037 1318 ι
3096 1267 3489 1322 Verumtamen

1909 1354 2188 1435 inutilium
2218 1355 2618 1424 noxiorumque
2644 1357 3020 1411 membrorum
3050 1357 3280 1412 refectio
3309 1374 3338 1411 a
3377 1374 3492 1412 mc-

1909 1446 2050 1501 dicis
2093 1446 2564 1503 est.adliibenda.
2624 1436 2841 1501 Etenim
2891 1449 3136 1518 prudens
3175 1465 3240 1504 ac
3272 1451 3492 1519 sapiens

1910 1553 2203 1606 corporum
2263 1546 2485 1592 curator
2531 1538 2871 1608 reliquorum
2918 1540 3292 1595 membrorum
3347 1541 3494 1595 sani-

1914 1636 2078 1682 tatem
2111 1629 2182 1682 ob
2228 1630 2421 1683 oculos
2444 1645 2675 1698 ponens,
2706 1630 2838 1683 illud
2866 1631 3011 1699 quod
3038 1631 3337 1700 putredine
3361 1646 3495 1684 con-

1909 1729 2189 1788 sumptum
2226 1730 2365 1783 erat,
2398 1720 2641 1789 negligit,
2690 1721 2756 1774 ad
2809 1722 2978 1775 totius
3009 1721 3258 1790 corporis
3302 1736 3493 1776 curam

1824 1817 1835 1827 ‘
1910 1819 1965 1865 et
1988 1811 2457 1864 conservationem
2492 1825 2654 1865 omne
2693 1810 2984 1865 consilium
3009 1819 3066 1865 et
3087 1812 3330 1865 studium
3363 1827 3495 1866 con—

2846 1894 2855 1919 ἱ

307 1987 475 2040 Τοῦτο
513 1988 609 2040 καὶ
651 1988 812 2057 ἡμεῖς
851 1987 944 2039 ἐπὶ
976 1986 1070 2039 τοῦ
1100 1984 1368 2054 παρόντος
1405 1985 1807 2055 πεποιήκαμεν.

244 2079 480 2150 Εὖρομεν
522 2077 628 2148 γὰρ
665 2077 954 2147 Κύριλλον,
994 2076 1086 2129 τὸν
1130 2075 1537 2145 Ἀλεξανδρείας
1587 2075 1811 2129 ἐπίσκο-

243 2188 356 2234 πον,
402 2170 496 2223 καὶ
544 2168 820 2237 Μέμνονα,
848 2168 938 2221 τὸν
976 2166 1225 2237 Ἐφέσου,
1264 2166 1435 2236 μυρία
1481 2166 1616 2219 ἄττα
1673 2167 1811 2219 κατὰ

239 2263 333 2332 τῆς
361 2260 451 2314 τοῦ
469 2259 952 2332 ΘεοῦῈκκλησίας
977 2256 1378 2329 ἐργαζομένους
1408 2257 1578 2319 δεινὰ,
1604 2256 1699 2310 καὶ⁵
1722 2256 1812 2309 θο-

241 2351 421 2423 ρύϐου,
453 2352 547 2403 καὶ
572 2350 817 2421 ταραχῆς
845 2349 944 2419 τήν
968 2364 1027 2400 τε
1055 2347 1228 2412 πόλιν,
1257 2347 1350 2401 καὶ
1373 2347 1473 2416 τὴν
1501 2346 1663 2415 ἁγίαν
1692 2348 1815 2400 σύν-

237 2441 349 2494 οδον
373 2441 781 2511 ἐμπλήσαντας,
814 2439 1036 2502 ναύταις
1070 2455 1129 2491 τε
1159 2438 1476 2506 Αἰγυπτίοις
1500 2439 1595 2492 καὶ
1623 2438 1813 2509 ἀγροί-

240 2550 352 2596 κοις
394 2532 680 2595 Ἀσιανοῖς,
718 2531 1016 2600 ὐπουργοῖς
1058 2529 1156 2598 τῆς
1187 2529 1499 2599 τυραννίδος
1530 2528 1814 2600 χρησαμέ-

238 2639 380 2688 νους,
411 2624 504 2675 καὶ
555 2623 691 2692 μήτε
733 2620 861 2683 τοὺς
892 2616 1292 2688 συγκληθέντας
1337 2617 1677 2685 ἁγιωτάτους
1718 2618 1812 2671 καὶ

240 2712 681 2782 θεοφιλεστάτους
718 2709 1048 2772 ἐπισκόπους
1077 2708 1498 2778 ἀναμείναντας,
1537 2708 1674 2779 μήτε
1702 2707 1812 2761 τῶν

240 2803 581 2875 γραμμάτων
636 2802 746 2853 τῶν
806 2799 1236 2869 θεοφιλεστάτων
1292 2798 1385 2852 καὶ
1457 2799 1814 2869 φιλοχρίστων

242 2896 398 2969 ήμῶν
427 2894 691 2965 βασιλέων
716 2891 1141 2963 ἀνασχομένους,
1170 2891 1308 2962 μήτε
1332 2893 1454 2953 ταῖς
1498 2891 1815 2962 είσηγήσεσι

241 2988 341 3041 καὶ
373 2984 772 3055 παραγγελίαις
798 2983 891 3036 τοῦ
922 2981 1510 3053 μεγαλοπρεπεστάτου
1553 2982 1644 3035 καὶ
1666 2981 1814 3034 ἐνδο-

242 3078 466 3143 ξοτάτου
534 3076 773 3147 κόμητος
839 3072 1192 3128 Κανδιδιανοῦ
1265 3072 1613 3136 πεισθέντας·
1676 3072 1814 3127 ἀλλὰ

240 3168 423 3221 πάντα
466 3165 671 3237 φύρδην
711 3165 1042 3236 συγχέαντας
1070 3163 1140 3217 τὰ
1165 3163 1265 3233 τῆς
1300 3162 1579 3226 εὐσεϐείας
1620 3164 1812 3235 σεμνὰ,

239 3257 494 3327 ἀθέσμως
521 3273 581 3309 τε
604 3256 698 3309 καὶ
720 3255 1053 3327 παρανόμως
1072 3255 1252 3307 πάντα
1275 3253 1697 3325 ἐργαζομένους,
1723 3255 1818 3307 καὶ

239 3347 342 3419 τῆς
373 3346 532 3416 ἁγίας
574 3345 957 3416 Πεντηκοστῆς
1002 3344 1098 3415 τὴν
1151 3334 1457 3415 πανήγυριν
1508 3343 1818 3398 ἐπιτελέσαι

241 3441 611 3505 κωλύσαντας,
635 3439 759 3502 τούς
788 3455 846 3491 τε
872 3437 1051 3499 θείους
1080 3436 1262 3501 ναοὺς,
1293 3435 1386 3489 καὶ
1409 3436 1535 3500 τοὺς
1556 3434 1666 3489 τῶν
1691 3435 1821 3490 καλ-

238 3531 461 3587 λινίκων
491 3530 787 3603 μαρτύρων
819 3532 1039 3599 σηκοὺς,
1066 3527 1520 3591 άποκλείσαντας·
1559 3527 1647 3582 ἵνα
1682 3527 1820 3599 μηδὲ

238 3621 506 3690 εὔξασθαι
531 3625 645 3685 τοῖς
673 3620 1018 3691 βουλομένοις
1044 3620 1162 3691 ἐξῇ,
1192 3621 1305 3682 τοῖς
1340 3618 1561 3690 μακρὰν
1587 3618 1687 3689 μὲν
1718 3636 1820 3672 πο-

241 3715 400 3788 ρείαν
444 3713 857 3784 πεποιημένοις,
902 3711 1208 3783 ἐφιεμένοις
1240 3709 1297 3763 δὲ
1342 3710 1523 3775 πάσας
1564 3711 1664 3773 τὰς
1709 3711 1820 3766 τῶν

239 3802 419 3871 ἁγίων
483 3803 579 3857 καὶ
638 3801 962 3856 καλλινίκων
1030 3799 1325 3871 μαρτύρων
1386 3799 1821 3869 περιπτύξασθαι

236 3895 543 3966 λάρνακας,
599 3893 698 3963 οὐχ
753 3892 957 3962 ἥκιστα
1009 3892 1066 3945 δὲ
1110 3890 1211 3962 τὴν
1264 3890 1358 3944 τοῦ
1418 3892 1820 3963 τρισμακαρίου

250 3987 507 4040 Ἰωάννου
554 3984 648 4036 τοῦ
697 3982 949 4050 θεολόγον
982 3982 1078 4036 καὶ
1114 3981 1524 4050 εὐαγγελιστοῦ,
1560 3981 1655 4035 τοῦ
1694 3982 1822 4036 πολ-

237 4078 344 4147 λὴν
370 4075 506 4148 πρὸς
538 4076 631 4130 τὸν
658 4074 924 4149 ήμὲτερον
952 4077 1230 4144 Δεσπότην
1262 4074 1577 4145 παρρησίαν
1613 4091 1818 4145 κτησα-

239 4169 434 4241 μένου.

310 4258 409 4311 Διὺ
447 4259 575 4322 τοὺς
620 4256 1052 4329 προειρημένους
1110 4256 1377 4330 Κύριλλον
1425 4256 1519 4311 καὶ
1564 4258 1822 4330 Μέμνονα

1910 1898 2113 1954 ferens.

1982 1990 2097 2045 Hoc
2127 1991 2305 2060 ipsum
2338 1992 2392 2046 in
2443 1993 2733 2062 praesentia
2770 2000 2828 2048 et
2872 2008 2975 2049 nos
2996 2010 3213 2066 quoque
3240 1996 3489 2051 fecimus.

1910 2080 2294 2151 Comperimus
2323 2083 2469 2137 enim
2498 2083 2762 2155 Cyrillum
2794 2084 3227 2140 Alexandrinum
3273 2087 3492 2156 episco-

1911 2189 2065 2242 pum,
2097 2182 2153 2228 et
2181 2173 2526 2230 Memnonem
2560 2175 2948 2245 Ephesiorum,
2996 2185 3251 2231 sexcenta
3282 2178 3494 2247 gravis~

1913 2263 2052 2319 sima
2074 2271 2129 2319 et
2157 2264 2549 2319 detrimentosa
2575 2274 2767 2320 contra
2789 2272 3033 2321 sanctam
3068 2267 3160 2320 Dei
3192 2267 3494 2322 Ecclesium

1912 2355 2171 2425 gessisse,
2200 2364 2257 2412 ct
2291 2356 2592 2421 civitatem,
2626 2366 2980 2427 sanctamque
3010 2357 3277 2429 synodum
3317 2358 3498 2414 turbis

1914 2447 2353 2517 tumultibusque
2382 2449 2706 2519 complesse,
2731 2458 2895 2518 atque
2924 2465 2989 2504 ex
3010 2450 3192 2504 nautis
3206 2450 3494 2523 Egyptiis,

1911 2537 2278 2607 Asiaticisque
2298 2540 2521 2593 rusticis
2536 2542 2799 2595 satellitio
2820 2542 3073 2608 collecto,
3092 2544 3367 2614 tyrannidi
3385 2561 3499 2599 sua:

1910 2626 2194 2682 ministros
2224 2629 2565 2698 quaesivisse,
2590 2645 2771 2699 neque
2801 2631 3175 2687 sanctissimos
3196 2634 3500 2703 piissimos-

1912 2733 2020 2787 que
2041 2718 2333 2788 episcopos
2355 2728 2687 2775 convocatos
2718 2730 3088 2790 exspectasse,
3139 2738 3318 2792 neque
3353 2724 3497 2778 litte-

1914 2824 2099 2863 rarum
2129 2808 2506 2878 piissimorum
2531 2809 2850 2880 Christique
2878 2815 3179 2868 amantium
3204 2815 3501 2885 imperato-

1915 2915 2040 2954 rum
2082 2909 2401 2955 nostrorum
2448 2902 2616 2956 ullam
2663 2903 2932 2958 rationem
2992 2905 3207 2976 1319
3250 2907 3494 2972 duxisse,

1913 3004 2094 3059 neque
2115 2989 2645 3059 magniﬁcentissimi
2665 3006 2731 3046 ac
2757 2992 3107 3048 celeberrimi
3125 2996 3342 3051 comitis
3358 2996 3500 3051 Can-

1914 3077 2124 3133 didiani
2149 3077 2554 3134 admonitiones
2570 3086 2628 3134 et
2656 3088 2930 3149 praecepta
2952 3080 3250 3149 quidquam
3274 3082 3500 3137 omnino

1915 3182 2166 3233 curasse;
2204 3167 2298 3222 sed
2331 3167 2516 3223 omnia
2550 3167 2835 3239 religionis
2880 3177 3203 3224 ornamenta
3243 3170 3350 3225 late
3374 3186 3500 3241 per-

1916 3259 2228 3324 miscuisse,
2269 3258 2456 3313 omnia
2501 3258 2690 3328 inique
2721 3267 2778 3314 et
2808 3259 3093 3330 illegitime
3125 3272 3497 3331 perpetrasse,

1917 3364 2127 3405 sacram
2175 3358 2375 3404 sanctae
2404 3349 2759 3404 Pentecostes
2794 3350 3195 3405 solemnitatem
3230 3354 3501 3409 celebrari

1917 3436 2179 3500 vetuisse,
2226 3450 2382 3491 sacra
2421 3436 2625 3504 templa
2659 3436 3255 3508 invictissimorumque
3295 3451 3501 3513 marty-

1920 3542 2045 3581 rum
2088 3526 2235 3582 redes
2278 3524 2644 3596 praeclusisse,
2704 3526 2779 3579 ita
2832 3534 2894 3581 ut
2944 3542 3014 3581 ne
3065 3542 3222 3582 orare
3276 3530 3501 3598 quidem

1920 3617 2237 3674 volentibus
2297 3616 2538 3682 licuerit,
2584 3631 2616 3670 e
2667 3616 2806 3672 locis
2861 3633 3037 3687 usque
3083 3618 3224 3672 adeo
3277 3621 3502 3679 remotis

1918 3709 2289 3775 venientibus,
2319 3716 2747 3779 sanctorumque
2783 3724 2846 3764 ac
2872 3709 3327 3780 triumphantium
3360 3730 3504 3769 mar-

1920 3807 2125 3873 tyrum,
2148 3800 2383 3855 maxime
2402 3814 2535 3854 vero
2557 3799 2864 3855 beatissimi
2891 3801 3119 3857 Joannis
3142 3803 3418 3875 theologi‘
3439 3822 3503 3862 ac

1918 3890 2267 3962 evangelista
2285 3888 2467 3963 (quem
2490 3905 2759 3945 summam
2776 3891 2922 3963 apud
2941 3892 3232 3948 Dominum
3252 3904 3502 3951 nostrum

1922 3981 2179 4037 ﬁduciam
2269 3980 2807 4053 familiaritatemque
2864 3982 3170 4039 obtinuisse
3230 3988 3501 4057 constat),

1921 4080 2275 4128 monumenta
2307 4072 2492 4128 omnia
2513 4074 2913 4144 complectendi
2957 4075 3232 4131 desiderio
3272 4077 3502 4149 ﬂagrano

1921 4164 2093 4221 tibus.

1993 4255 2337 4327 Quapropter
2392 4254 2689 4326 praedictos
2739 4254 3003 4327 Cyrillum
3049 4266 3105 4313 et
3156 4259 3502 4316 Memnonem

233 4348 496 4401 καθελεῖν
526 4348 975 4417 ἠναγκάσθημεν,
1023 4347 1119 4400 καὶ
1171 4346 1273 4417 τῆς
1323 4347 1629 4416 ἐπισκοπῆς
1665 4346 1815 4401 ἀλλο-

1923 4347 2221 4417 deponere,
2255 4355 2313 4401 et
2356 4347 2656 4418 episcopali
2705 4362 2937 4402 munere
2982 4363 3185 4403 exuere
3232 4354 3504 4421 compulsi

229 4439 431 4510 τρίους
487 4438 886 4510 πεποιήκαμεν·
940 4436 1068 4499 τοὺς
1122 4436 1180 4490 δέ
1224 4437 1671 4508 συνεργήσαντας
1724 4437 1867 4490 αὐο”

230 4530 356 4584 τῶν
405 4533 473 4601 τῇ
520 4530 779 4601 αὐθαδείᾳ
832 4530 927 4583 καὶ
978 4529 1267 4601 τυραννίδι,
1307 4530 1341 4601 ἢ
1390 4530 1458 4584 δι’
1501 4530 1737 4602 ἀπάτην,
1784 4530 1819 4601 ἢ

229 4622 332 4678 διὰ
399 4622 593 4690 φόϐον,
652 4623 1046 4693 ἀκοινωνήτους
1116 4623 1495 4693 πεποιήκαμεν
1519 4660 1536 4685 ,
1609 4639 1822 4693 συμμε-

231 4717 549 4787 τρήσαντες
596 4712 697 4783 τὴν
726 4712 973 4767 παιδείαν
1005 4715 1072 4783 τῇ
1114 4712 1215 4783 τῆς
1247 4711 1619 4783 προαιρέσεως
1659 4728 1825 4782 μετα-

234 4806 463 4879 μελιίᾳ.

314 4901 421 4952 Ἦν
446 4898 555 4971 γὰρ
590 4895 889 4951 αἴσθωνται
912 4897 1012 4968 τῆς
1041 4894 1420 4968 πλημμελείας
1452 4892 1585 4965 (91),
1612 4893 1705 4947 καὶ
1731 4897 1837 4971 τῆς

232 4991 533 5062 αἱρετικῆς
574 4988 892 5044 παύσωνται
928 4987 1270 5052 κακοδοξίας,
1306 4988 1407 5056 τήν
1432 5001 1493 5039 τε
1521 4985 1631 5038 τῶν
1655 4985 1827 5053 ἁγίων

232 5081 510 5148 Πατάρων
529 5081 709 5133 πίστιν
724 5079 831 5133 τῶν
848 5081 907 5132 ἐν
927 5078 1133 5151 Νικαίᾳ
1150 5078 1249 5149 τῆς
1272 5076 1524 5140 Βιθυνίας
1548 5076 1829 5131 συνελθόν-

230 5188 361 5226 των
384 5172 815 5244 ἁνακτήσωντιι,
849 5173 943 5225 καὶ
972 5172 1069 5225 σὺν
1098 5173 1230 5243 ήμίν
1260 5169 1404 5225 κατὰ
1433 5170 1503 5224 τὰ
1526 5170 1828 5240 γράμματα

308 5309 363 5343 ⁷⁸
391 5310 413 5365 Ι
449 5309 577 5365 Cor.
608 5325 703 5374 xu,
736 5307 831 5362 ‘26.

314 5445 434 5518 (90)
478 5445 739 5501 Eamdem
780 5442 1067 5514 epistolam
1113 5442 1354 5510 reperies
1380 5441 1523 5511 apud
1552 5441 1821 5509 Mansum,

224 5518 274 5572 i.
302 5532 387 5578 c.,
412 5518 629 5587 p.127?)
647 5531 765 5587 seq.

311 5579 431 5657 (915
458 5579 845 5657 μεταμελείας
880 5580 1048 5657 Mansi
1090 5581 1154 5657 in
1214 5595 1383 5657 marg.
1434 5579 1819 5657 interpretatio

225 5650 422 5714 etiam
451 5650 641 5713 Latina
665 5670 695 5711 a
730 5651 998 5709 Garnerio
1039 5650 1184 5706 edita
1225 5650 1319 5703 :Si
1359 5665 1444 5703 eos
1495 5650 1812 5719 paenituerit.

1922 4453 2114 4493 sumus
2137 4454 2152 4502 ;
2182 4437 2425 4507 reliquos
2448 4453 2581 4492 vero
2602 4437 2908 4509 tyrannidis
2936 4453 3001 4493 ac
3035 4439 3361 4497 temeritatis
3388 4442 3506 4496 illo-

1922 4546 2045 4584 rum
2070 4529 2312 4585 fautores
2341 4538 2397 4585 et
2419 4530 2791 4594 administros,
2819 4531 2933 4586 sive
2968 4539 3118 4586 metu
3151 4532 3351 4599 adacti,
3388 4535 3504 4590 sive

1922 4622 2115 4678 fraude
2161 4638 2381 4693 quoque
2433 4622 2611 4678 allecti
2672 4622 2901 4686 fuerint,
2948 4625 3501 4682 excommunicationi

1926 4714 2281 4785 subjecimus,
2324 4714 2649 4769 correctioni
2680 4714 2902 4768 modum
2932 4715 3240 4772 voluntaria
3284 4718 3505 4773 illorum

1926 4806 2252 4877 pmnitentia
2298 4804 2649 4864 deﬁnientes.

1990 4895 2128 4951 Nam
2162 4894 2208 4949 si
2236 4909 2484 4949 errorem
2510 4895 2856 4965 agnoverint,
2882 4906 2937 4950 et
2960 4886 3274 4953 haereticam
3297 4897 3506 4951 doctri-

1921 5004 2049 5043 nam
2073 4972 2443 5053 deseriierint,
2470 4996 2894 5059 sanctorumque
2923 4990 3166 5053 Patrum,
3197 4991 3290 5061 qui
3314 4991 3509 5047 Nicaea-

1922 5078 2189 5152 Bithynire
2226 5088 2628 5145 convenerunt,
2675 5079 2838 5137 ﬁdem
2869 5083 3200 5153 receperint,
3231 5092 3285 5136 et
3312 5091 3509 5142 nostro

1923 5171 2205 5229 consessui
2232 5173 2386 5245 juxta
2419 5172 2955 5244 religiosissimorum
2989 5189 3053 5229 ac
3085 5172 3289 5230 Christi
3318 5190 3513 5230 aman—

1929 5448 2137 5504 Vitium
2188 5459 2375 5506 natum
2426 5452 2647 5507 videtur
2695 5467 2763 5507 cx
2810 5452 3259 5507 antecedentibus
3296 5452 3534 5515 verbis,

1929 5518 2036 5573 Sed
2090 5520 2254 5576 iidem
2299 5521 2605 5578 Orientales
2634 5522 2828 5577 eodem
2874 5523 2928 5576 in
2970 5531 3223 5578 contextu
3261 5523 3507 5591 epistolae

1927 5591 2237 5659 sequentis:
2267 5592 2577 5662 ἐπιγνόντες
2614 5591 3011 5663 πλημμέλημα.
