3962 6204
409 171 549 240 ΜΗ

1370 174 1891 233 ηΤΗΕΟΒΟΒΕΤΙ
1932 172 2267 232 EPISCOPI
2308 170 2672 231 CYRENSIS

3537 165 3674 230 1448

407 287 546 340 tium
588 284 975 353 imperatorum
1022 292 1340 335 nostrorum
1388 283 1602 337 litteras
1644 299 1763 337 sese
1800 282 1994 352 adjun-

2116 282 2202 334 πῶν
2232 280 2635 333 εὐσεϐεστάτων
2676 276 2769 330 καὶ
2817 276 3178 347 φιλοχρίστων
3209 277 3365 347 ἡμῶν
3410 278 3673 349 βασιλέων

404 376 611 436 ierint,
645 390 817 443 eaque
846 373 1134 435 modestia,
1176 390 1298 442 qua:
1332 375 1644 428 sacerdotes
1668 374 1846 438 decet,
1871 389 1994 441 qua:

407 470 791 538 disputantur,
880 466 1358 535 pervestigarint;
1413 465 1995 520 excommunicationis

411 558 628 614 vinculo
679 557 1054 621 absolventur,
1099 558 1241 610 etin
1282 558 1638 612 sacerdotalis
1697 556 1991 611 ministerii

408 648 587 702 locum
636 648 1019 700 restituentur.

414 782 624 851 1320
669 781 821 835 CLV.
844 780 1169 849 —Epistola
1198 780 1419 834 Joannis
1452 781 1678 850 episcopi
1715 780 1996 851 Antioche-

482 849 555 912 iii,
588 862 1019 921 cwterorumque,
1048 852 1137 920 qui
1177 867 1295 903 cum
1330 852 1441 921 ipso
1471 849 1644 915 erant,
1692 850 1760 902 ad
1795 849 1993 902 clerum

483 922 1152 991 Constantinopolitanum.

484 1028 757 1082 Intellexit
791 1029 935 1082 haud
966 1029 1133 1083 dubie
1156 1031 1332 1098 pietas
1355 1039 1537 1084 vestra
1574 1029 1791 1097 iniquas
1823 1037 1994 1082 teme-

411 1123 697 1190 rariasque
720 1122 908 1191 Cyrilli
936 1121 1285 1175 Alexandrini
1318 1122 1727 1190 Memnonisque
1751 1120 1993 1189 Ephesii,

409 1221 466 1266 et
510 1221 838 1267 eazterorum
877 1215 971 1280 qui
1019 1228 1143 1265 cum
1182 1213 1314 1281 ipsis
1359 1220 1506 1275 sunt,
1543 1212 1993 1275 machinationes,

388 1316 601 1356 ~contra
666 1317 829 1355 omne
877 1301 964 1354 fas
1007 1309 1062 1354 et
1099 1302 1209 1370 jus,
1247 1302 1340 1370 qui
1379 1310 1570 1354 contra
1625 1301 1997 1369 piissimorum

410 1391 723 1459 Christique
776 1390 1076 1442 amantium
1124 1390 1515 1458 imperatorum
1566 1400 1879 1443 nostrorum
1906 1391 1996 1443 lit-

413 1494 559 1537 teras
594 1482 737 1534 inter
779 1495 837 1533 ςθ
880 1496 1200 1534 οοηεωεευιῐι
1235 1482 1568 1535 constituere
1602 1496 1710 1534 non
1749 1489 1876 1534 sunt
1908 1496 2001 1535 V8-

414 1573 526 1625 riti.

484 1664 830 1733 Quapropter
868 1664 1243 1717 necessarium
1293 1663 1551 1717 duximus
1597 1665 1855 1733 pietatem
1902 1679 2017 1729 ιιι-ρ

417 1763 584 1809 stram
619 1755 911 1809 certiorem
946 1754 1146 1818 facere,
1182 1770 1373 1808 omnes
1405 1755 1624 1808 illorum
1665 1763 1894 1809 conatus
1944 1762 2000 1808 et

418 1846 873 1910 machinationes,
942 1848 1098 1916 juxta
1145 1847 1427 1916 pr0pheta3
1452 1848 1743 1912 dictum",
1786 1864 2000 1902 araneae

420 1939 584 1993 telam
614 1954 753 1993 esse.
796 1939 878 1992 Illi
910 1947 1093 1991 autem
1138 1939 1229 2007 qui
1256 1940 1371 1992 haec
1401 1940 1519 1991 ausi
1548 1948 1697 2001 sunt,
1728 1948 1789 1993 ut
1832 1948 2002 1993 teme-

420 2030 615 2091 ritatis,
643 2030 965 2097 iniquitatis,
991 2030 1435 2098 contusionisque
1458 2040 1732 2095 auctores,
1766 2030 1999 2101 Cyrillus

420 2129 475 2173 et
504 2120 781 2184 Memnon,
831 2137 861 2173 a
898 2121 1061 2174 nobis
1101 2121 1459 2185 exauctorati,
1510 2129 1674 2190 atque
1705 2121 2000 2191 episcopali

421 2209 683 2278 dignitate
740 2208 891 2262 exuti
946 2215 1110 2272 sunt;
1168 2215 1398 2261 caeteros
1445 2223 1608 2272 vero,
1663 2208 1758 2276 qui
1809 2222 2001 2261 eorum

421 2301 702 2355 consessui
728 2301 919 2355 adesse
946 2300 1260 2364 voluerunt,
1290 2298 1841 2354 excommunicationi
1877 2299 2004 2353 sub-

418 2392 673 2461 iecimus,
697 2393 715 2410 ‘
753 2390 950 2455 donec,
1002 2392 1224 2460 proprio
1264 2407 1451 2446 errore
1493 2392 1699 2462 agnito,
1747 2392 2003 2445 hmretica

420 2478 607 2550 Cyrilli
630 2480 978 2533 Alexandrini
1009 2481 1185 2549 capita
1215 2481 1700 2544 anathematizent,
1727 2481 2000 2550 iidemque

424 2579 737 2624 sanctorum
785 2571 1028 2633 Patrum,
1069 2572 1162 2638 qui
1198 2571 1255 2624 in
1287 2572 1468 2625 Nicaea
1522 2572 1788 2642 Bithyniae
1828 2586 2005 2640 quon—

423 2659 547 2713 dam
579 2666 974 2723 convenerunt,
1024 2659 1242 2714 sincero
1279 2661 1463 2713 animo
1510 2662 1963 2729 complectantur.

496 2849 572 2903 Ne
610 2849 734 2918 quis
763 2849 930 2921 igitur
962 2865 1030 2905 ex
1067 2866 1258 2905 eorum
1289 2868 1541 2914 numero,
1572 2852 1665 2922 qui
1705 2852 2005 2907 seditiones

424 2939 663 2992 excitare
707 2939 904 2999 solent.
943 2949 1182 2994 vestram
1218 2941 1476 3009 pietatem
1511 2943 1803 2996 conturbet
1836 2961 1847 2994 :
1878 2958 2003 2995 nam

426 3029 701 3082 temerarii
741 3037 797 3082 et
823 3030 1093 3099 illegitimi
1131 3032 1349 3085 illorum
1394 3048 1580 3097 ausus,
1614 3042 1675 3087 ut
1702 3034 1811 3104 jam
1841 3034 2009 3105 signi-

420 3121 730 3183 ﬁcavimus,
770 3122 977 3173 nullam
1023 3110 1244 3190 penitus
1285 3123 1396 3176 vim
1443 3123 1664 3177 habent.

498 3211 610 3263 Hoc
643 3212 821 3280 ipsum
854 3227 1071 3281 quoque
1110 3214 1200 3282 pio
1229 3213 1545 3283 Christique
1597 3217 1801 3270 amanti
1833 3217 2009 3287 impe-

426 3303 594 3355 ratori
656 3312 866 3367 nostro,
909 3304 1232 3372 exterisque
1280 3305 1838 3375 magniﬁcentissimis
1866 3308 2011 3361 cele-

426 3392 791 3462 berrimisque
824 3394 1165 3465 principibus
1204 3395 1586 3451 indicavimus.

430 3525 638 3595 1321
698 3525 1304 3601 CLVI.7-Eoruntdem
1337 3530 1405 3582 ad
1452 3530 1704 3601 populum
1747 3531 2009 3587 Constan-

871 3597 1276 3667 tinopolitanum
1318 3597 1561 3670 epistola.

476 3706 730 3778 Synodus
760 3707 1011 3777 piissimo
1037 3708 1481 3779 ﬁdelissimoque,
1496 3728 1558 3767 ac
1572 3711 1790 3767 Christo
1806 3713 2007 3767 amanti

428 3800 628 3869 populo
682 3808 885 3854 sancta:
922 3799 1017 3852 Dei
1042 3800 1301 3854 Ecclesiae
1333 3802 1975 3873 Constantinopolitanre.

502 3991 612 4045 Lex
633 3998 717 4044 est
744 3991 862 4044 sine
899 3991 1107 4060 scripto
1138 3992 1331 4047 tradita
1359 3994 1691 4063 pastoribus,
1716 4010 1912 4064 nempe
1951 4002 2012 4049 ut

427 4082 675 4136 sedulam
722 4096 945 4149 operam
989 4092 1211 4148 navent,
1259 4099 1329 4138 ne
1355 4100 1573 4154 gregem
1613 4092 1707 4138 aut
1739 4086 1886 4141 fures
1927 4103 2012 4140 ra-

427 4170 600 4240 piant,
642 4178 735 4223 aut
759 4170 890 4223 ferte
923 4170 1205 4237 devorent,
1248 4182 1343 4227 aut
1388 4174 1566 4227 morbi
1600 4175 2011 4246 qualescunque

428 4262 643 4316 laedant.
666 4262 821 4328 Quod
842 4262 886 4316 si
912 4263 987 4315 illi
1007 4263 1099 4331 qui
1120 4264 1392 4331 pecudum
1415 4280 1602 4318 curam
1626 4276 2009 4335 susceperunt,

2094 375 2173 435 εἰς
2217 372 2278 423 τὸ
2317 372 2587 441 συνέδριον
2636 371 2976 431 συνελθόντες
3034 368 3154 435 μεθ’
3190 369 3419 438 ἡσυχίας
3467 371 3676 440 ἱερεῦσι

2094 461 2405 530 πρεπούσης
2440 462 2506 513 τά
2535 461 2841 530 ζητούμενα
2869 461 3231 529 ὲρευνήσωσι,
3263 459 3357 512 τοῦ
3385 477 3448 512 τε
3470 460 3674 529 δεσμοῦ

2093 556 2192 623 τῆς
2217 554 2609 622 ἀκοινωνησίας
2638 552 3134 621 ἀπαλλαγήσονται,
3159 551 3254 603 καὶ
3270 550 3370 621 τὴν
3392 552 3676 621 ἱερατικὴν

2095 644 2464 715 ἀπολήψονται
2488 642 2849 712 λειτουργίαν.

2095 775 2339 828 ΡΝΕἎ-
2356 775 2678 845 Ἐπιστολὴ
2698 772 2807 845 (92)
2824 771 3094 845 Ἰωάτςνου
3117 771 3449 845 ἐπισκόπου
3466 771 3651 823 Ἄντιο
3663 801 3679 811 ι

2168 848 2353 912 χείας,
2387 846 2487 922 παὶ
2526 844 2644 896 τῶν
2670 842 2794 922 ξὺν
2828 842 3006 906 αὐτῷ,
3038 842 3187 908 πρὸς
3221 843 3329 893 τὸν
3354 846 3677 894 Κωνσταν-

2168 918 2573 980 τινουπόλεως
2608 918 2855 981 κλῆρον.

2172 1029 2352 1096 Ἔγνω
2375 1046 2478 1080 που
2507 1028 2721 1088 πάντως
2760 1026 2912 1095 ὑμῶν
2963 1023 3275 1096 ήεύλάϐεια
3318 1023 3385 1076 τά
3423 1022 3682 1092 ἀθέσμως

2096 1123 2192 1178 καὶ
2252 1121 2586 1193 παρανόμως
2630 1120 2734 1171 ὑπὸ
2781 1118 3047 1187 Κυρίλλου
3109 1116 3205 1169 τοῦ
3260 1116 3678 1185 Ἀλεξανδρέως.

2098 1215 2192 1267 καὶ
2242 1213 2521 1280 Μέμνονος
2574 1209 2667 1262 τοῦ
2717 1207 2989 1275 Ἐφεσίου,
3036 1207 3132 1259 καὶ
3175 1205 3285 1257 τῶν
3333 1206 3431 1256 σὺν
3470 1205 3681 1266 αὐτοῖς,

2098 1302 2250 1373 παρὰ
2313 1302 2374 1354 τὸ
2435 1300 2669 1370 γράμμα
2726 1298 2835 1350 τῶν
2868 1288 3305 1349 εὐσεϐεστάτων
3371 1293 3467 1347 καὶ
3532 1293 3683 1361 φιλο-

2099 1394 2335 1465 χρίστων
2388 1390 2543 1463 ἡμῶν
2602 1389 2868 1459 βασιλέων
2928 1386 3393 1458 συνεδρευσάντων
3452 1400 3679 1453 γεγενη-

2103 1486 2260 1557 μένα.

2177 1663 2265 1715 Διὸ
2302 1662 2598 1728 ἀναγκαῖον
2645 1655 2903 1727 ᾠήθημεν
2945 1654 3211 1723 γνωρίσαι
3247 1653 3400 1722 ὑμῶν
3446 1657 3511 1723 τῇ
3556 1653 3680 1707 θεοο

2109 1756 2311 1826 σεϐείᾳ,
2344 1754 2417 1816 ὡς
2449 1755 2631 1805 ἐκεῖνα
2663 1752 2761 1821 μὲν
2795 1752 3012 1804 ἅπαντα
3040 1748 3109 1802 τά
3146 1750 3235 1801 ὐπ’
3267 1749 3444 1802 αὐτῶν
3473 1749 3674 1829 τολμηῖ

2108 1849 2287 1908 θέντα,
2316 1846 2459 1908 ἱστὸς
2496 1846 2756 1914 ἀράχνης,
2790 1841 2929 1894 κατὰ
2962 1842 3051 1894 τὸν
3088 1842 3391 1912 προφήτην,
3422 1842 3677 1909 ὑπάρχει.

2106 1940 2269 1993 Αὐτοὶ
2295 1938 2351 1991 δὲ
2382 1940 2428 1989 οἱ
2460 1935 2634 1989 ταῦτα
2673 1934 3087 2003 τετολμηκότες.
3118 1934 3145 1986 ὃ
3176 1950 3232 1986 τε
3262 1933 3550 2002 Κύριλλος,
3585 1935 3679 1986 καὶ

2107 2034 2134 2084 ὁ
2174 2030 2431 2099 Μέμνων,
2463 2027 2537 2089 ὡς
2566 2025 2907 2094 ἔξαρχοιίτῆς
2936 2022 3161 2087 ἀταξίας
3204 2023 3297 2075 καὶ
3336 2024 3679 2093 παρανομίας

2108 2124 2385 2193 γενόμενοι
2448 2119 2537 2189 ὐφ’
2589 2116 2746 2189 ἡμῶν
2797 2116 3204 2187 καθῃρέθησαν,
3270 2116 3361 2169 καὶ
3410 2115 3680 2185 ἀλλότριοι

2109 2214 2207 2282 τῆς
2242 2210 2543 2280 ἐπισκοπῆς
2578 2208 2841 2277 ὲγένοντο’
2896 2208 3022 2270 τοὺς
3079 2206 3135 2259 δὲ
3186 2207 3282 2259 σύν
3333 2207 3515 2268 αὐτοῖς
3559 2224 3680 2259 συν·

2111 2304 2362 2375 εδρεῦσαι
2385 2302 2690 2371 ἑλομένους,
2726 2301 3121 2369 άκοινωνήτους
3145 2300 3546 2369 πεποιήκαμεν,
3577 2300 3683 2360 ἕως

2111 2393 2177 2446 ἂν
2206 2392 2267 2445 τὸ
2304 2393 2503 2443 οἰκεῖον
2561 2390 2872 2456 ἐπιγνόντες
2910 2389 3304 2458 πλημμέλημα,
3336 2388 3405 2441 τά
3444 2405 3501 2440 τε
3533 2391 3683 2458 αἱρε-

2108 2485 2235 2538 τικά
2263 2484 2534 2552 κεφάλαια
2557 2482 2830 2553 Κυρίλλου
2853 2481 2941 2534 τοῦ
2989 2480 3381 2551 Ἀλεξανδρέως
3406 2481 3682 2550 ἀναθεμα-

2108 2576 2322 2635 τίσωσι,
2350 2573 2443 2624 καὶ
2480 2571 2581 2642 τήν
2618 2572 2798 2623 πίστιν
2824 2570 2931 2623 τῶν
2967 2570 3136 2637 ἁγίων
3178 2569 3436 2638 Πατέρων
3478 2569 3589 2621 τῶν
3626 2571 3683 2620 ἐν

2109 2665 2315 2735 Νικαία
2343 2664 2443 2733 τῆς
2468 2662 2721 2726 Βιθυνίας
2752 2662 3243 2733 συναθροισθέντων
3274 2661 3475 2723 ἀδόλως
3511 2678 3684 2713 κατα-

2109 2755 2385 2818 δέξωνται.

2182 2849 2273 2918 Μὴ
2321 2848 2499 2901 τοίνυν
2547 2848 2823 2919 θορυϐήσῃ
2861 2865 2943 2911 τις
2969 2847 3068 2917 τὴν
3097 2846 3368 2917 ὑμετέραν
3397 2845 3682 2899 εὐλάϐειαν

2036 2971 2075 3025 C
2110 2937 2216 2991 τῶν
2237 2938 2306 2991 τά
2330 2938 2549 2991 τοιαῦτα
2579 2942 2752 2992 ποιεῖν
2775 2940 3059 2993 εἰωθότων’
3091 2940 3346 3009 οὐδεμίαν
3374 2940 3481 3010 γάρ
3507 2941 3679 3009 ἰσχὺν,

2110 3029 2184 3092 ὡς
2222 3030 2320 3100 ἤδη
2357 3030 2726 3102 ἐδηλώσαμεν,
2760 3030 2873 3101 ἔχει
2904 3032 2972 3086 τά
3006 3032 3334 3102 παρανόμως
3370 3034 3462 3085 ὐπ’
3504 3032 3681 3086 αὐτῶν

2102 3121 2467 3191 τολμηθέντα.

2182 3214 2352 3267 Τοῦτο
2376 3216 2433 3268 δὲ
2458 3216 2551 3268 καὶ
2577 3216 2655 3286 τῷ
2679 3216 2893 3269 εὐσεϐεῖ
2922 3218 3015 3270 καὶ
3043 3216 3368 3289 φιλοχρίστῳ
3401 3217 3556 3287 ἡμῶν
3584 3218 3683 3286 βα-

2113 3307 2250 3359 σιλεῖ
2274 3308 2671 3377 ἐγνωρίσαμεν,
2702 3309 2795 3360 καὶ
2821 3310 2933 3371 τοῖς
2966 3308 3563 3380 μεγαλοπρεπεστάτοις
3584 3309 3683 3360 καὶ

2111 3397 2474 3462 ἐνδοξοτάτοις
2501 3400 2748 3470 ἄρχουσι.

2110 3533 2298 3600 PNCT.
2326 3565 2395 3573 —
2430 3534 2755 3600 Ἐπιστολὴ
2780 3534 2896 3587 τῶν
2918 3535 3118 3589 αὐτῶν
3137 3536 3284 3605 πρὸς
3304 3536 3407 3590 τὸν
3425 3536 3493 3589 ἐν
3516 3539 3684 3590 Kair-

2183 3606 2684 3658 σταντινουπόλει
2721 3606 2874 3658 λαόν
2901 3606 3035 3676 (95).

2183 3714 2272 3784 Τῷ
2308 3715 2703 3786 εὐλαϐεστάτῳ,
2745 3718 2837 3770 καὶ
2878 3719 3209 3789 πιστοτάτῳ,
3241 3719 3334 3773 καὶ
3357 3720 3686 3791 φιλοχρίστῳ

2111 3806 2224 3876 λαῷ
2255 3808 2351 3877 τῆς
2387 3808 2445 3859 ὲν
2470 3809 3039 3865 Κωνσταντινουπόλει
3074 3812 3233 3880 ἁγίας
3265 3811 3358 3865 τοῦ
3392 3812 3524 3865 θεοῦ
3564 3813 3687 3864 Ἐκ-

2112 3895 2339 3965 κλησίας
2375 3898 2406 3965 ἡ
2440 3897 2677 3960 σύνοδος.

2182 3985 2358 4055 Νόμος
2382 3982 2531 4040 ἐστὶν
2552 3986 2794 4057 ἄγραφος
2820 3990 2933 4049 τοῖς
2956 3990 3175 4060 ποιμέσι
3199 3990 3396 4062 πολλὴν
3414 3992 3524 4044 τῶν
3553 4010 3685 4062 προ-

2113 4076 2293 4129 ϐάτων
2315 4076 2583 4129 ποιεῖσθαι
2606 4078 2949 4148 κηδεμονίαν,
2980 4081 3067 4132 ἵνα
3092 4082 3225 4151 μήτε
3250 4082 3491 4153 κλέπτης
3514 4084 3683 4135 ταῦτα

2111 4165 2367 4237 λῃστεύῃ,
2405 4168 2541 4235 μήτε
2573 4166 2733 4238 θηρία
2768 4169 3049 4242 κατεσθίῃ,
3084 4172 3217 4242 μήτε
3244 4173 3397 4233 νόσος
3424 4172 3685 4243 λυμαίνη-

2110 4275 2219 4311 ται.
2254 4259 2313 4310 Et
2348 4259 2404 4311 δὲ
2452 4260 2501 4311 οί
2533 4257 2640 4311 τῶν
2669 4260 2878 4328 ἀλόγων
2912 4263 3197 4332 προϐάτων
3226 4264 3324 4334 τὴν
3363 4265 3684 4335 κηδεμονίαν

430 4362 631 4407 tantam
661 4354 1081 4423 providentiam,
1108 4362 1423 4424 tantamque
1444 4356 1873 4411 sollicitudinem
1899 4358 2002 4412 illis

2116 4349 2544 4418 πεπιστευμένοι
2600 4352 2868 4421 τοσαύτην
2920 4352 3095 4405 αὐτῶν
3140 4354 3416 4407 ποιοῦνται
3472 4357 3686 4425 προμή-

429 4443 774 4513 impendunt,
827 4454 887 4498 ut
935 4445 1127 4498 beatus
1171 4446 1339 4500 Jacob
1393 4446 1462 4499 ad
1516 4442 1703 4502 Laban
1754 4449 2003 4503 clamet:

437 4555 453 4585 ι
483 4535 600 4588 Diei
624 4546 756 4588 aistu
798 4535 1014 4599 urebar,
1050 4544 1106 4589 et
1128 4536 1306 4590 noctis
1326 4536 1470 4605 gelu,
1493 4535 1839 4607 fugiebatque
1866 4553 2011 4592 som-

427 4642 530 4679 nus
571 4626 640 4679 ab
676 4627 851 4681 oculis
898 4626 1057 4692 meis,
1093 4637 1321 4697 captum.
1360 4644 1391 4681 a
1423 4628 1598 4683 bestia
1631 4629 1729 4683 tibi
1781 4646 1891 4684 non
1931 4638 2013 4684 at-

428 4718 527 4770 tuli
556 4718 630 4782 8°;
652 4738 669 4767 ›
698 4729 957 4786 quantam
980 4718 1191 4773 ratione
1228 4719 1474 4789 praeditis
1502 4719 1800 4775 Salvatoris
1834 4722 2009 4776 nostri

427 4812 683 4880 gregibus
723 4827 913 4864 curam
961 4811 1281 4881 impendere
1335 4829 1435 4881 par
1481 4812 1623 4877 erit,
1681 4814 1774 4884 qui
1822 4830 2012 4885 greges

427 4902 631 4956 divinis
683 4903 1098 4957 eharacteribus
1146 4903 1392 4973 insigniti
1443 4913 1590 4967 sunt,
1631 4904 1687 4957 in
1729 4904 2009 4960 Christum

426 4993 648 5062 quidem
684 4994 965 5064 baptizati,
997 5004 1053 5048 et
1085 4995 1361 5049 Christum
1397 4994 1593 5057 induti,
1634 5004 1689 5049 et
1741 4995 2008 5049 Dominici

427 5083 615 5138 vultus
652 5084 858 5139 lumine
883 5085 1101 5155 signati.
1136 5084 1502 5150 Quamobrem
1534 5100 1601 5138 ne
1633 5085 1789 5139 vanis
1825 5101 2013 5138 rumo-

431 5168 587 5223 ribus
627 5170 842 5224 seducti
874 5186 1108 5225 mmrore
1151 5171 1461 5235 tabescatis,
1504 5172 1854 5227 turbarumve
1907 5173 2011 5227 llu-

505 5325 547 5355 "
583 5324 685 5378 lsa.
719 5341 824 5388 ιιι,
849 5325 904 5379 5.
971 5326 1015 5357 ⁸⁰
1046 5325 1181 5381 Gen.
1214 5343 1358 5393 χχιι,
1389 5326 1570 5399 59,μθ

652 5479 937 5557 ,ίλγαφθῖρά
966 5485 1135 5557 Mans.
1163 5485 1215 5557 in
1238 5487 1478 5557 margine
1502 5489 1540 5542 1.
1580 5506 1651 5555 e.,
1677 5505 1729 5557 p.
1756 5492 1911 5549 1273.

504 5547 613 5618 (93)
652 5547 818 5603 liabet
857 5547 996 5607 hanc
1024 5554 1308 5622 epistolam

2112 4439 2283 4504 θειαν,
2308 4440 2379 4503 ὡς
2411 4440 2537 4511 βοᾷν
2563 4440 2652 4494 τὸν
2683 4443 2950 4512 μακάριον
2984 4443 3177 4497 Ἰακὼϐ
3203 4446 3340 4516 πρὸς
3368 4447 3458 4500 τὸν
3480 4448 3683 4501 Λάϐαν·

2118 4549 2136 4581 ‹
2172 4532 2356 4602 Ἥμην
2392 4532 2786 4601 συγκαιόμενος
2822 4533 2898 4603 τῷ
2927 4533 3167 4605 καύματι
3192 4537 3293 4606 τῆς
3328 4540 3562 4608 ἡμέρας,
3596 4540 3690 4592 καὶ

2120 4625 2343 4694 παγετῷ
2377 4627 2475 4696 τῆς
2512 4627 2726 4692 νυκτὸς,
2756 4629 2850 4681 καὶ
2882 4629 3145 4696 ἀφίστατο
3176 4632 3205 4683 ό
3233 4630 3399 4694 ὐπνος
3442 4632 3548 4685 ἀπὸ
3581 4634 3689 4684 τῶν

2112 4717 2405 4787 ὀφθαλμῶν
2448 4735 2570 4787 μου,
2601 4720 2693 4772 καὶ
2732 4718 3065 4789 θηριάλωτον
3117 4723 3218 4775 οὐκ
3242 4724 3473 4793 ὲνήνοχά
3522 4741 3623 4776 σοι’
3666 4745 3683 4774 ι

2112 4810 2244 4878 ὅσην
2267 4810 2370 4879 χρὴ
2394 4811 2723 4881 ποιήσασθαι
2755 4812 3008 4881 πρόνοιαν
3034 4813 3143 4866 τῶν
3182 4814 3413 4882 λογικῶν
3453 4816 3543 4868 τοῦ
3570 4817 3687 4867 Σω-

2112 4903 2275 4969 τῆρος
2307 4901 2461 4971 ήμῶν
2501 4902 2806 4972 προϐάτων,
2841 4904 2876 4958 ἂ
2903 4906 3029 4969 τοὺς
3059 4906 3236 4971 θείους
3257 4908 3561 4980 περίκειται
3591 4927 3691 4977 χαο

2114 4996 2412 5063 ρακτῆρας,
2448 4996 2809 5065 βαπτισθέντα
2837 4997 2935 5065 μὲν
2959 4999 3038 5061 είς
3063 4999 3316 5068 Χριστὸν,
3354 4998 3690 5069 ἐνδυσάμενα

2064 5126 2065 5129 η
2110 5083 2168 5135 δὲ
2203 5086 2455 5155 Χριστὸν,
2488 5089 2581 5141 καὶ
2603 5088 2978 5159 σημειωθέντα
3004 5090 3081 5161 τῷ
3105 5091 3241 5161 φωτὶ
3269 5091 3361 5144 τοῦ
3392 5092 3686 5162 προσώπου

2113 5178 2361 5246 Κυρίου;
2418 5180 2618 5234 Τούτου
2681 5180 2841 5251 χάριν
2905 5185 3200 5242 ἀναγκαῖον
3260 5190 3521 5263 ᾠήθημεν
3588 5193 3688 5252 τὰς

1387 5558 1525 5613 lans.
1582 5560 1802 5614 Collect.
1848 5563 1883 5615 Ι.
1915 5578 1989 5627 c.,
2032 5559 2249 5631 ι).1275
2280 5574 2392 5629 seq.
