3962 6204
249 262 382 327 1449

1577 246 1941 317 EPISTOLA
1979 245 2147 311 CEVI

3368 243 3503 309 1450

244 375 517 448 ὑμετέρας
573 371 658 424 διό
719 370 1058 441 γραμμάτων
1109 367 1550 441 προθεραπεῦσαι
1609 369 1816 440 ψυχάςο

1929 364 2108 419 ctibus
2165 352 2536 432 exagitemini.
2596 372 2777 430 operae
2820 358 3058 429 pretium
3118 356 3372 415 duximus
3415 360 3501 414 bis

247 466 334 519 ἵνα
363 462 437 534 μὴ
463 463 585 524 ταῖς
608 459 862 531 ματαίαις
881 461 1090 529 φήμαις
1112 458 1444 529 ὑπαχθέντες
1474 457 1817 529 ἀθυμήσητε,

245 553 340 608 καὶ
370 552 615 622 ταραχὴν
644 552 764 613 ταῖς
792 548 1052 612 διανοίαις
1082 547 1414 618 εἰσδέξησθε.

328 640 665 713 Ἀφικόμεθα
702 639 811 711 γάρ
848 639 929 702 εἰς
956 637 1055 703 τὴν
1095 636 1358 704 Ἐφεσίων
1389 636 1567 699 πόλιν,
1597 635 1692 688 τοῦ
1723 652 1823 705 κη⁴

241 735 465 806 δεμόνος
491 732 599 786 τῶν
632 731 772 785 ὅλων
810 728 945 783 Θεοῦ
980 727 1085 781 τῶν
1117 725 1523 780 εὐσεϐεστάτων
1549 725 1645 780 καὶ
1673 724 1823 794 φιλο-

245 825 483 897 χρίστων
516 820 783 893 βασιλέων
816 814 972 889 ήμῶν
1000 816 1096 887 τὴν
1119 815 1353 869 διάνοιαν
1383 812 1461 878 είς
1482 814 1639 867 τοῦτο
1665 813 1821 882 κινή-

247 925 463 977 σαντος,
502 912 597 965 καὶ
639 908 872 981 εὕρομεν
922 908 1020 978 τήν
1064 916 1125 958 τε
1166 905 1321 959 πόλιν
1362 902 1592 975 θορύϐου
1626 902 1824 964 παντὸς

246 1002 708 1074 πεπληρωμένην,
735 999 831 1054 καὶ
859 995 959 1070 τ’ὴν
988 997 1204 1052 ἅπασαν
1237 995 1454 1049 σύνοδον
1494 995 1557 1047 ού
1588 993 1824 1066 μετρίως

241 1095 680 1169 ταραττομένην,
730 1093 825 1146 καί
872 1091 1123 1145 κλύδωνα
1180 1087 1463 1142 θαλάττιον
1513 1084 1612 1155 τὴν
1662 1083 1827 1152 ἁγίαν

253 1184 581 1255 Ἐκκλησίαν
622 1181 985 1253 μιμουμένην,
1050 1177 1318 1249 Κυρίλλου
1367 1174 1463 1230 τοῦ
1510 1175 1639 1245 πρὶν
1677 1173 1826 1226 Ἀλε-

244 1276 525 1350 ξανδρείας
574 1273 898 1337 ἐπισκόπου,
936 1272 1032 1324 καὶ
1062 1270 1342 1340 Μέμνονος
1390 1267 1485 1321 τοῦ
1525 1265 1811 1336 Ἐφεσίων,

241 1373 402 1442 δίκην
451 1366 780 1435 καταιγίδων
832 1365 924 1417 τὸν
972 1362 1205 1434 χαλεπὸν
1253 1359 1443 1414 τοῦτον
1492 1358 1824 1429 ὲγειράντων

243 1460 512 1535 χειμῶνα.
554 1458 837 1520 Δείσαντες
869 1457 979 1527 γὰρ
1013 1457 1042 1507 6
1073 1453 1173 1524 μὲν
1197 1451 1516 1521 Αἰγύπτιος,
1539 1451 1628 1505 ἵνα
1653 1450 1820 1521 μήτά

242 1552 519 1624 κεφάλαια
572 1549 673 1619 τῆς
718 1544 1003 1618 αἰρετικῆς
1045 1542 1212 1598 αὐτοῦ
1258 1535 1596 1606 κακοδοξίας,
1641 1540 1710 1593 τά
1754 1541 1823 1610 τῇ

254 1639 630 1709 ’Δπολιναρίου
670 1635 958 1707 δυσσεϐείᾳ
998 1631 1383 1704 συμϐαίνοντα,
1407 1631 1820 1703 ἐρευνήσαντες,

1925 454 2129 509 nostris
2168 452 2367 507 litteris
2412 453 2623 507 animas
2673 455 2881 506 vestras
2930 449 3282 521 prmmunire.

1991 627 2102 682 Nos
2138 627 2309 688 enim,
2336 626 2721 681 universorum
2748 634 3004 681 curatore
3033 626 3146 679 Deo
3174 630 3387 679 mentes
3418 640 3505 699 rc~

1920 715 2396 787 ligiosissimorum
2426 713 2742 784 Christique
2780 715 3082 768 amantium
3113 714 3503 784 imperatorum

1924 812 2242 863 nostrorum
2276 799 2345 860 ad
2376 805 2482 859 hoc
2510 804 2822 876 instigante,
2854 806 3132 875 Ephesum
3156 805 3501 865 advenimus,
3568 871 3572 877 '

1924 913 1988 952 ac
2035 899 2053 918 ‘
2092 890 2369 952 civitatem
2398 895 2621 965 quidem
2653 892 2802 949 omni
2831 893 3273 949 tumultuationis
3304 909 3505 964 genere
3563 880 3569 910 Γ

1922 987 2163 1057 plenam,
2199 986 2512 1040 universam
2546 999 2678 1038 vero
2711 982 2980 1054 synodum
3013 989 3123 1038 non
3154 982 3503 1038 mediocriter
3556 1013 3563 1043 ε

1925 1080 2105 1137 turbis
2119 1074 2399 1153 agitatam,
2421 1085 2667 1135 sanctam
2685 1091 2867 1134 autem
2891 1074 3211 1143 Ecclesiam,
3227 1078 3376 1133 velut
3391 1094 3506 1132 ma-

1926 1186 1987 1227 re
2015 1187 2156 1227 sreva
2177 1170 2412 1241 quadam
2436 1168 2758 1240 tempestate
2775 1167 3031 1239 jadtatam
3050 1160 3377 1237 reperimus,
3404 1162 3507 1237 Cy-

1926 1263 2053 1317 rillo
2074 1262 2285 1332 1322
2309 1260 2655 1315 Alexandria:
2673 1267 2833 1313 antea
2849 1257 3127 1327 episcopo,
3146 1265 3202 1310 et
3218 1256 3505 1311 Memnone

1926 1354 2226 1424 Ephesino,
2263 1352 2436 1407 instar
2458 1352 2712 1421 procellae
2738 1358 2933 1404 tetram
2959 1350 3102 1403 hanc
3124 1356 3501 1418 tempestatem

1927 1442 2351 1498 concitantibus.
2381 1438 2558 1495 Ambo
2602 1440 2749 1495 enim
2798 1446 3110 1493 metuentes
3161 1457 3174 1491 :
3217 1438 3507 1511 Egyptius

1926 1532 2174 1604 quidem,
2195 1545 2266 1586 ne
2289 1532 2344 1585 in
2366 1530 2638 1584 hzereticae
2662 1528 2926 1582 doctrinm
2954 1526 3124 1596 ipsius
3153 1528 3354 1597 capita,
3380 1544 3505 1582 cum

1928 1621 2252 1693 Apollinarii
2276 1620 2559 1690 impietate
2610 1617 3027 1682 convenientia,
3071 1618 3502 1688 inquireremus.

241 1734 515 1807 αἱρετικὸν
548 1731 708 1785 αὐτὸν
736 1729 1173 1801 κατακρίνωμεν·
1198 1729 1228 1780 6
1252 1726 1310 1779 δὲ
1336 1726 1436 1795 τῆς
1460 1724 1628 1794 ἄλλης
1652 1719 1818 1775 αὐτοῦ

1929 1715 2209 1785 ipsumque
2264 1714 2540 1768 bereseds
2570 1710 3093 1776 condemnaremus;
3153 1710 3293 1767 alter
3348 1718 3503 1772 ‘vero.

244 1825 521 1899 ῥᾳθυμίας
548 1825 618 1878 τά
645 1821 787 1876 κατά
823 1821 923 1893 τὴν
950 1819 1106 1873 πόλιν
1140 1816 1529 1890 θρυλλούμενα·
1572 1829 1817 1884 συμφρο-

241 1918 527 1988 νήσαντες,
558 1915 651 1969 καὶ
689 1911 818 1984 μίαν
846 1909 1173 1983 τυραννικὴν
1219 1906 1630 1978 ἁναδειξάμενοι
1674 1901 1817 1972 γνὼ-

247 2024 376 2079 μην·
401 2007 495 2060 καί
528 2008 558 2059 6
590 2005 689 2077 μὲν
724 2003 1063 2074 πεντήκοντα
1100 1998 1432 2068 Αἰγυπτίους
1460 1995 1817 2057 ἐπισκόπους,

241 2103 271 2154 6
291 2099 349 2153 δὲ
384 2096 664 2159 Ἀσιανοὺς
701 2094 915 2156 πλείους
942 2092 976 2165 ἢ
1005 2091 1298 2164 τριάκοντα
1340 2086 1689 2156 συναγαγὼν,
1722 2086 1819 2138 καὶ

241 2190 435 2252 ἄλλους
461 2188 632 2251 τινὰς,
662 2184 789 2248 τοὺς
820 2183 920 2256 μὲν
944 2170 1151 2255 ἀπάτῃ,
1179 2180 1306 2244 τοὺς
1353 2179 1411 2233 δὲ
1461 2176 1612 2248 φόϐῳ
1645 2190 1820 2247 προσ-

242 2282 554 2351 λαϐόμενοι,
580 2278 680 2332 οὐκ
713 2275 1094 2347 ἠϐουλήθησαν
1112 2273 1213 2343 μὲν
1240 2273 1531 2343 ἀναμεῖναι
1551 2270 1612 2323 τὸ
1644 2268 1821 2322 κοινὸν

242 2374 352 2428 τῶν
371 2370 706 2443 πανταχόθεν
727 2367 1137 2439 ἀφικνουμένων
1154 2364 1475 2434 ἁγιωτάτων
1502 2360 1818 2416 ἐπισκόπων

246 2467 548 2539 συνέδριον,
584 2460 1099 2533 καταφρονήσαντες
1127 2457 1185 2510 δὲ
1214 2456 1322 2509 τῶν
1352 2450 1822 2525 ἐκκλησιαστικῶν

248 2558 483 2629 θεσμῶν,
516 2555 614 2611 καὶ
646 2556 821 2608 πάντα
849 2551 1064 2613 ἀτόπως
1096 2548 1191 2602 καὶ
1215 2545 1550 2618 παρανόμως
1587 2544 1822 2612 διαπρα-

246 2652 492 2721 ξάμενοι,
540 2648 615 2710 ὡς
666 2646 728 2710 ἐξ
776 2642 1126 2715 ἀκροπόλεως
1179 2640 1277 2710 μὲν
1317 2635 1597 2691 δυσσεϐεῖν
1648 2634 1822 2689 άπασι

246 2738 735 2815 παρακελεύονται,
789 2733 990 2796 ναύτας
1037 2731 1096 2784 δὲ
1155 2731 1251 2783 καὶ
1303 2726 1598 2797 κληρικοὺς
1659 2726 1824 2793 Αἰγυι

245 2835 457 2897 πτίους,
490 2829 588 2883 καὶ
617 2826 907 2898 ἀγροίκους
941 2820 1220 2882 Ἀσιανοὺς
1244 2819 1325 2881 εἰς
1356 2818 1454 2879 τὰς
1474 2816 1584 2868 τῶν
1613 2815 1825 2866 ὲπισκό·

247 2940 367 2978 πων
411 2920 590 2982 οἰκίας
629 2914 1073 2974 ἀποστέλλοντες,
1108 2908 1205 2962 καὶ
1249 2907 1319 2961 τά
1365 2905 1639 2975 ἀνήκεστα
1667 2903 1828 2955 ἀπει-

245 3012 487 3078 λοῦντες,
528 3010 622 3064 καὶ
649 3008 812 3078 φόϐον
850 3008 962 3068 τοῖς
998 3000 1348 3073 σαθροτέροις
1389 2994 1819 3106 ἐπικρεμῶντες,
1850 3046 1893 3106 c

248 3107 344 3161 καὶ
377 3105 476 3169 τάς
511 3102 692 3164 οἰκίας
723 3098 922 3164 ἔξωθεν
950 3092 1370 3167 ἐπιγράφοντες,
1400 3090 1474 3153 ὡς
1516 3088 1822 3158 ἐπισήμους

247 3195 389 3255 εῖναι
446 3197 573 3259 τοὺς
629 3189 1057 3264 πολιορκηθῆναι
1117 3184 1452 3254 ὀφείλοντας,
1513 3177 1822 3250 ⁴ἠνάγκαζον

251 3287 593 3346 συντίθεσθαι
650 3286 764 3346 τοῖς
805 3280 900 3335 ὑπ’
929 3277 1109 3334 αὐτῶν
1149 3273 1482 3346 παρανόμως
1514 3267 1821 3340 γεγενημέ-

247 3400 379 3446 νοις.

319 3473 506 3526 Ταῦτα
544 3464 960 3528 καταλαϐόντες,
1011 3461 1107 3515 καὶ
1154 3459 1321 3531 πείρᾳ
1352 3456 1449 3527 τὴν
1492 3448 1823 3526 τυραννικὴν

250 3564 431 3620 αὐτῶν
481 3559 707 3627 ἀταξίαν
770 3553 1181 3628 μεμαθηκότες,
1228 3551 1427 3604 ἄτοπον
1470 3542 1821 3618 ἡγησάμεθα,

243 3652 374 3715 τοὺς
411 3653 489 3713 εἰς
514 3647 765 3702 τοσοῦτον
793 3643 993 3707 κακίας
1023 3638 1376 3714 ἐληλακότας,
1396 3638 1548 3706 ἐνετῇ
1580 3633 1702 3704 θείᾳ
1730 3634 1823 3687 καὶ

257 3741 466 3814 μεγάλῃ
510 3737 777 3810 ἱερωσύνῃ
809 3734 1154 3789 καταλιπεῖν.

321 3917 416 3975 Διὸ
466 3915 695 3978 τούτους
724 3893 849 3991 μέν,
886 3912 963 3976 ὡς
991 3911 1100 3964 τῶν
1128 3907 1315 3963 κακῶν
1356 3905 1652 3977 ἡγεμόνας,
1690 3903 1825 3957 καθ·

250 4009 393 4062 ελεῖν
422 4005 874 4080 ἠναγκάσθημεν,
906 4002 1002 4057 καὶ
1041 4002 1146 4072 τῆς
1173 3999 1481 4069 ἐπισκοπῆς
1511 3995 1824 4067 ἀλλοτρίους

252 4100 634 4169 πεποιήκαμεν
662 4113 673 4125 ·
739 4096 865 4159 τοὺς
921 4093 980 4148 δὲ
1017 4093 1228 4155 τούτοις
1275 4090 1713 4161 συνεργήσαντας
1746 4085 1826 4156 τῷ

249 4189 349 4264 τῆς
397 4189 792 4259 ἀκοινωνησίας
826 4186 1170 4257 ύπεϐάλομεν
1221 4179 1425 4252 δεσμῷ,
1458 4180 1559 4234 οὐκ
1614 4180 1824 4246 ἀπαγο-

252 4285 501 4356 ρεύοντες
528 4278 628 4353 τὴν
653 4279 962 4353 μετάνοιαν,
990 4275 1128 4331 ἀλλά
1159 4275 1258 4346 τὴν
1282 4270 1385 4344 τῆς
1412 4269 1824 4342 φιλανθρωπίας

252 4376 433 4439 αὐτοῖς
462 4373 853 4437 ὑπανοίξαντες
879 4369 1072 4439 θύραν.
1096 4367 1198 4420 Ἦν
1225 4366 1334 4435 γὰρ
1358 4360 1687 4433 ἐθελήσωσιν
1711 4358 1823 4431 (94)
1858 4381 1902 4436 ι)

248 4466 326 4531 ὡς
356 4467 586 4537 τάχιστα
608 4460 1003 4532 ἀναθεματίσαι
1039 4456 1138 4527 μὲν
1163 4457 1231 4509 τά
1261 4453 1366 4508 ὑπὸ
1384 4451 1656 4524 Κυρίλλου
1684 4451 1822 4503 ἀπο-

254 4552 515 4605 σταλέντα
536 4550 828 4620 κεφὰλαια,
856 4546 925 4615 τᾲ
958 4545 1058 4614 τῆς
1085 4541 1450 4611 ἀποπολικῆς
1471 4540 1567 4593 καί
1595 4539 1824 4608 εὐαγγε-

249 4639 408 4710 λικῆς
441 4638 787 4701 διδασκαλίας
825 4635 937 4706 (95)
975 4632 1252 4705 ἀλλότρια,
1294 4632 1373 4694 εἰς
1398 4630 1457 4684 δὲ
1497 4629 1597 4701 τὴν
1635 4629 1823 4682 πίστιν

250 4730 358 4784 τῶν
396 4730 567 4796 ἁγίων
609 4729 866 4801 Πατέρων
906 4725 1239 4788 ἐπανελθεῖν,
1267 4723 1375 4776 τῶν
1401 4724 1458 4776 ὲν
1487 4721 1535 4775 Ν
1543 4720 1694 4791 ικαίᾳ
1726 4720 1824 4789 τῆς

254 4821 503 4884 Βιθυνίας
540 4819 924 4885 συνελθόντων,
953 4819 1047 4872 καὶ
1080 4815 1220 4870 κατὰ
1247 4814 1307 4867 τὸ
1334 4813 1568 4885 γράμμα
1597 4811 1707 4865 τῶν
1730 4811 1822 4863 εύ-

252 4914 593 4969 σεϐεστάτων
623 4911 719 4967 καί
748 4911 1109 4983 φιλοχρίστων
1129 4906 1284 4978 ήμῶν
1309 4904 1596 4976 βασιλέων,
1620 4900 1822 4974 ἀθορύ-

252 5001 362 5065 ϐως
396 5004 488 5056 καί
523 5001 767 5073 ἀκριϐῶς
801 5001 871 5056 τά
910 5017 968 5054 τε
1002 4998 1338 5072 προκείμενα
1366 4995 1689 5066 συζητῆσαι,
1730 4994 1823 5046 καὶ

1921 1815 2148 1878 propter
2172 1806 2276 1861 alia
2303 1808 2514 1877 ignavae
2544 1819 2658 1859 suae
2680 1802 3195 1869 administrationis,
3232 1819 3355 1873 quae
3393 1806 3506 1857 tota

1921 1899 2143 1955 civitate
2171 1905 2362 1953 rumor
2396 1898 2737 1969 iactaverat:
2771 1895 2919 1949 inter
2947 1910 3008 1950 se
3030 1894 3427 1964 conspirantes,
3452 1904 3507 1949 et

1922 2002 2087 2046 unam
2109 1989 2453 2062 tyranniéam
2481 1995 2722 2042 mentem
2749 1999 2862 2055 prae
2896 1994 2957 2039 se
3004 1983 3247 2038 ferentes
3280 1999 3294 2036 :
3330 1992 3386 2037 et
3416 1983 3505 2037 ille

1920 2084 2142 2154 quidem
2160 2081 2558 2154 quinquaginta
2578 2080 2868 2150 episcopos
2888 2076 3189 2149 Egyptios,
3216 2078 3354 2132 alter
3371 2093 3505 2133 vero

1920 2172 2047 2242 plus
2078 2185 2240 2241 quam
2274 2169 2499 2240 triginta
2532 2166 2804 2222 Asiaticos
2853 2172 2910 2219 et
2951 2164 3165 2234 aliquos
3198 2165 3354 2228 alios,
3406 2163 3507 2217 bos

1921 2261 2143 2332 quidem
2168 2269 2291 2316 astu
2313 2260 2737 2320 circumventos,
2761 2255 2884 2309 illos
2905 2269 3037 2309 vero
3057 2263 3207 2309 metu
3231 2254 3503 2317 inductos,

1922 2362 2345 2424 congregantes;
2376 2351 2674 2405 noluerunt
2697 2346 2922 2416 quidem
2951 2357 3242 2401 commune
3272 2347 3507 2402 sanctis.

1923 2447 2190 2501 simorum
2235 2443 2621 2513 episcoporum
2671 2441 3036 2510 undecunque
3087 2438 3503 2494 adventantium

1924 2544 2245 2605 exspectare
2271 2531 2566 2588 concilium
2586 2548 2600 2583 :
2619 2529 2951 2600 contemptis
2971 2534 3154 2584 autem
3176 2528 3507 2584 ecclesiasti-

1924 2624 2004 2678 cis
2033 2623 2270 2694 legibus,
2290 2621 2584 2689 omniaque
2606 2618 2847 2673 absurde
2872 2624 2929 2673 et
2949 2617 3215 2673 scelerate
3232 2626 3505 2689 gerentes,

1926 2723 2184 2784 tanquam
2214 2728 2283 2767 ex
2310 2725 2436 2766 arce
2465 2723 2658 2764 omnes
2677 2708 2747 2763 ad
2775 2708 3112 2777 impietatem
3140 2707 3507 2763 adhortaban-

1927 2813 2018 2858 tur
2041 2811 2268 2857 :nautas
2288 2802 2442 2865 vero,
2467 2800 2809 2869 clericosque
2841 2799 3142 2871 Egyptios,
3180 2806 3236 2854 et
3265 2810 3506 2871 agrestes

1926 2893 2161 2947 Asianos
2206 2891 2275 2944 ad
2305 2891 2693 2960 episcoporum
2737 2888 2931 2943 domos
2981 2889 3284 2954 mittentes,
3324 2898 3505 2946 extre-

1929 2998 2129 3054 maque
2197 2980 2656 3044 interminantes,
2715 2994 2779 3033 ac
2829 2979 3164 3035 infirmiores
3225 2990 3502 3051 perterre-

1927 3078 2223 3143 facientes,
2276 3084 2333 3131 et
2376 3074 2571 3130 domos
2606 3073 2916 3129 forinsecus
2957 3074 3352 3140 inscribentes,
3393 3085 3502 3145 quo

1927 3167 2190 3222 nimirum
2234 3163 2586 3236 oppugnandi
2621 3162 2906 3233 conspicui
2940 3172 3141 3229 essent,
3191 3162 3395 3234 iniquis
3428 3164 3508 3236 ip-

1926 3273 2113 3315 sorum
2156 3254 2297 3311 actis
2332 3255 2589 3311 assentiri
2623 3253 3043 3322 compellebant.

1998 3428 2124 3490 “me
2165 3442 2349 3489 autem
2390 3446 2516 3488 cum
2568 3432 3171 3495 animadvertissemus,
3215 3436 3505 3503 experien.

1928 3528 2113 3597 tiaque
2128 3525 2471 3597 tyrannidem
2489 3518 2707 3578 illorum
2723 3524 3198 3593 comperissemus,
3218 3522 3503 3592 indignum

1920 3616 2308 3689 indicavimus,
2352 3614 2398 3670 si
2431 3629 2528 3669 eos
2571 3615 2666 3684 qui
2702 3614 2759 3668 in
2805 3621 3017 3668 tantum
3055 3614 3328 3685 progressi
3376 3627 3506 3670 sunt

1929 3708 2317 3780 improbitatis,
2372 3707 2427 3761 in
2461 3706 2648 3761 divina
2693 3715 2750 3761 et
2788 3720 2984 3777 magna
3025 3704 3353 3761 sacerdotali
3383 3706 3506 3759 fun-

1927 3798 2109 3854 Ctione
2142 3797 2598 3867 relinqueremus.

1996 3888 2176 3957 Quare
2224 3889 2326 3943 hos
2370 3886 2592 3958 quidem
2644 3894 2899 3957 tanquam
2952 3885 3220 3940 malorum
3253 3892 3507 3939 auctores

1927 3981 2200 4051 deponere
2246 3978 2420 4034 coacti
2466 3977 2693 4044 fuimus,
2722 3986 2780 4033 et
2816 3978 2884 4032 ab
2932 3976 3252 4047 episcopatu
3281 3976 3508 4031 omnino

1927 4070 2260 4137 amovimus;
2299 4068 2509 4139 1323
2532 4074 2758 4123 caeteros
2790 4075 2971 4121 autem
2997 4065 3093 4137 qui
3129 4066 3328 4120 horum
3354 4064 3509 4136 adju-

1906 4172 2076 4221 ‘tores
2092 4173 2149 4219 et
2169 4162 2479 4217 administri
2509 4160 2752 4225 fuerunt,
2776 4161 3356 4216 excommunicationis
3380 4161 3506 4215 vin-

1927 4256 2053 4311 culo
2069 4254 2424 4325 subiecimus,
2441 4252 2821 4323 paenitentiam
2838 4267 2949 4306 non
2973 4252 3308 4324 denegantes
3328 4269 3342 4317 ;
3370 4250 3505 4322 quin

1927 4345 2113 4417 potius
2135 4342 2441 4400 clementiae
2457 4345 2659 4398 ostium
2687 4343 3042 4412 subapertum
3064 4342 3145 4397 eis
3160 4342 3507 4412 reliquimus.

1926 4439 2063 4495 Nam
2110 4439 2155 4494 si
2198 4438 2379 4508 capita
2414 4452 2445 4491 a
2469 4434 2674 4506 Cyrillo
2703 4435 2931 4499 Emissa,
2960 4445 3082 4503 quae
3113 4430 3183 4488 ab
3208 4433 3505 4502 apostolica

1926 4541 1983 4585 et
2030 4530 2343 4601 evangelica
2383 4528 2632 4584 doctrina
2678 4527 2856 4582 aliena
2898 4532 3046 4588 sunt,
3099 4524 3503 4595 quamprimum

1928 4621 2391 4676 anathema‘tizare
2418 4618 2714 4682 voluerint,
2749 4620 2805 4671 et
2828 4614 2896 4671 ad
2920 4624 3231 4672 sanctorum
3255 4616 3501 4680 Patrum,

1928 4711 2023 4783 qni
2060 4712 2114 4766 in
2151 4710 2330 4766 Nicaea
2382 4708 2648 4782 Bithyniae
2681 4713 3078 4770 convenerunt,
3110 4705 3271 4762 ﬁdem
3300 4705 3503 4771 redire,

1927 4811 1986 4857 ct
2021 4803 2174 4873 juxta
2205 4801 2679 4871 pientissimorum
2705 4801 2723 4823 ⁴
2746 4814 2810 4854 ac
2842 4798 3046 4855 Christi
3075 4798 3376 4853 amantium
3400 4798 3506 4852 im-

1931 4902 2245 4963 peratorum
2310 4900 2625 4947 nostrorum
2689 4891 2918 4955 litteras,
2961 4898 3017 4944 et
3056 4905 3178 4960 quae
3229 4889 3506 4959 proposita

1926 4993 2074 5048 sunt,
2108 4984 2225 5039 sine
2256 4984 2495 5039 tumultu
2528 4996 2591 5038 ac
2618 4992 2807 5037 exacte
2842 4982 3128 5036 nobiscum
3174 4977 3501 5049 disquirere,

250 5093 312 5146 τὸ
355 5093 575 5154 εὐσεϐὲς
615 5092 794 5162 δόγμα
842 5092 1109 5164 κυρῶσαι,
1158 5087 1474 5159 παραυτίκα
1515 5084 1710 5149 αὐτοὺς
1747 5084 1822 5147 ὡς

1929 5077 2187 5149 piumque
2241 5076 2437 5147 dogma
2486 5075 2847 5140 conﬁrmare;
2887 5084 3011 5128 mOx
3038 5071 3161 5128 illos
3187 5071 3356 5126 veluti
3381 5084 3507 5140 pro-

250 5183 426 5237 οἰκεῖα
463 5182 597 5253 μέλη
628 5181 913 5251 δεξόμεθα,
967 5183 1063 5236 καὶ
1101 5184 1226 5245 τοὺς
1281 5179 1585 5250 ἰερατικοὺς
1640 5176 1824 5238 αὐτοῖς

255 5272 606 5347 ἀποδώσομεν
636 5271 879 5343 θρόνους.

325 5429 435 5503 (94)
467 5428 721 5485 ἐθέλωσιν
752 5435 929 5482 textus
959 5425 1103 5495 vulg.
1142 5426 1287 5497 apud
1336 5426 1505 5480 Mans.
1530 5431 1585 5478 et
1617 5421 1785 5477 Garri,

603 5760 871 5824 PA'rttOL.
902 5760 1022 5826 Gn.
1054 5756 1392 5821 LXXXIII.

1926 5170 2045 5240 pria
2098 5168 2346 5225 membra
2389 5167 2772 5238 suscipiemus,
2823 5166 3091 5236 sedesque
3137 5161 3505 5219 saCerdotales

1929 5254 2061 5333 ipsis
2099 5263 2475 5318 restituemus.

2004 5418 2115 5489 (95)
2135 5419 2429 5490 ἐκκλησίας
2461 5418 2629 5473 Mans.
2673 5415 2727 5470 in
2768 5417 3030 5485 margine.

3146 5741 3216 5801 46
