  <div class='ocr_page' id='page_1' title='image "/cluster/home/n/w/nwhite01/storage/ocr_20150623/83/hvd.32044073502072/731.png"; bbox 0 0 3962 6204; ppageno 0'>
   <div class='ocr_carea' id='block_1_1' title="bbox 415 185 541 247">
    <p class='ocr_par' dir='ltr' id='par_1_1' title="bbox 415 185 541 247">
     <span class='ocr_line' id='line_1_1' title="bbox 415 185 541 247; baseline -0.008 0"><span class='ocrx_word' id='word_1_1' title='bbox 415 185 541 247; x_wconf 63' lang='lat' dir='ltr'><strong>“Si</strong></span> 
     </span>
    </p>
   </div>
   <div class='ocr_carea' id='block_1_2' title="bbox 1395 171 2643 235">
    <p class='ocr_par' dir='ltr' id='par_1_2' title="bbox 1395 171 2643 235">
     <span class='ocr_line' id='line_1_2' title="bbox 1395 171 2643 235; baseline -0.001 -1"><span class='ocrx_word' id='word_1_2' title='bbox 1395 173 1881 234; x_wconf 78' lang='lat' dir='ltr'><strong>THEODORETI</strong></span> <span class='ocrx_word' id='word_1_3' title='bbox 1919 171 2254 232; x_wconf 83' lang='lat' dir='ltr'><strong>EPISCOPI</strong></span> <span class='ocrx_word' id='word_1_4' title='bbox 2288 173 2643 235; x_wconf 74' lang='lat' dir='ltr'><strong>CYRENSIS</strong></span> 
     </span>
    </p>
   </div>
   <div class='ocr_carea' id='block_1_3' title="bbox 3523 171 3676 236">
    <p class='ocr_par' dir='ltr' id='par_1_3' title="bbox 3523 171 3676 236">
     <span class='ocr_line' id='line_1_3' title="bbox 3523 171 3676 236; baseline 0.02 -3"><span class='ocrx_word' id='word_1_5' title='bbox 3523 171 3676 236; x_wconf 64' lang='lat' dir='ltr'><strong>lii-2</strong></span> 
     </span>
    </p>
   </div>
   <div class='ocr_carea' id='block_1_4' title="bbox 403 282 2007 353">
    <p class='ocr_par' dir='ltr' id='par_1_4' title="bbox 403 282 1985 353">
     <span class='ocr_line' id='line_1_4' title="bbox 403 282 1985 353; baseline -0.012 -2"><span class='ocrx_word' id='word_1_6' title='bbox 403 294 606 351; x_wconf 72' lang='lat' dir='ltr'><strong>CLVII.</strong></span> <span class='ocrx_word' id='word_1_7' title='bbox 635 322 702 331; x_wconf 67' lang='grc' dir='ltr'><strong>κ-</strong></span> <span class='ocrx_word' id='word_1_8' title='bbox 728 290 931 344; x_wconf 72' lang='lat' dir='ltr'><strong>Rciatio</strong></span> <span class='ocrx_word' id='word_1_9' title='bbox 959 286 1241 343; x_wconf 76' lang='lat' dir='ltr'><strong>Orientalis</strong></span> <span class='ocrx_word' id='word_1_10' title='bbox 1258 283 1588 338; x_wconf 75' lang='lat' dir='ltr'><strong>conciliabuli</strong></span> <span class='ocrx_word' id='word_1_11' title='bbox 1612 282 1681 337; x_wconf 83' lang='lat' dir='ltr'><strong>ad</strong></span> <span class='ocrx_word' id='word_1_12' title='bbox 1704 284 1985 353; x_wconf 76' lang='lat' dir='ltr'><strong>imperato-</strong></span> 
     </span>
    </p>
   </div>
   <div class='ocr_carea' id='block_1_5' title="bbox 2117 282 3677 353">
    <p class='ocr_par' dir='ltr' id='par_1_5' title="bbox 2117 282 3677 353">
     <span class='ocr_line' id='line_1_5' title="bbox 2117 282 3677 353; baseline 0.004 -19"><span class='ocrx_word' id='word_1_13' title='bbox 2117 282 2254 335; x_wconf 80' lang='grc' dir='ltr'><strong>’ΝΖ’.</strong></span> <span class='ocrx_word' id='word_1_14' title='bbox 2281 313 2348 322; x_wconf 87' lang='lat'><strong>-——</strong></span> <span class='ocrx_word' id='word_1_15' title='bbox 2383 285 2675 352; x_wconf 72' lang='grc' dir='ltr'>Ἀναφορὰ</span> <span class='ocrx_word' id='word_1_16' title='bbox 2699 283 2805 350; x_wconf 81' lang='grc' dir='ltr'>τῆς</span> <span class='ocrx_word' id='word_1_17' title='bbox 2828 283 3194 350; x_wconf 70' lang='grc' dir='ltr'>Ανατολικῆς</span> <span class='ocrx_word' id='word_1_18' title='bbox 3220 283 3488 338; x_wconf 69' lang='grc' dir='ltr'>συνόδου</span> <span class='ocrx_word' id='word_1_19' title='bbox 3511 291 3677 353; x_wconf 59' lang='grc' dir='ltr'><strong>πως</strong></span> 
     </span>
    </p>
   </div>
   <div class='ocr_carea' id='block_1_6' title="bbox 478 350 1987 424">
    <p class='ocr_par' dir='ltr' id='par_1_6' title="bbox 478 350 1987 424">
     <span class='ocr_line' id='line_1_6' title="bbox 478 350 1987 424; baseline -0.009 -8"><span class='ocrx_word' id='word_1_20' title='bbox 478 381 588 418; x_wconf 83' lang='lat' dir='ltr'><strong>rem</strong></span> <span class='ocrx_word' id='word_1_21' title='bbox 618 363 845 416; x_wconf 79' lang='lat' dir='ltr'><strong>uictoriis</strong></span> <span class='ocrx_word' id='word_1_22' title='bbox 875 359 1102 421; x_wconf 85' lang='lat' dir='ltr'><strong>clarum,</strong></span> <span class='ocrx_word' id='word_1_23' title='bbox 1141 373 1354 408; x_wconf 77' lang='lat' dir='ltr'><strong><em>rursum</em></strong></span> <span class='ocrx_word' id='word_1_24' title='bbox 1382 353 1683 424; x_wconf 78' lang='lat' dir='ltr'><strong>signiﬁcans</strong></span> <span class='ocrx_word' id='word_1_25' title='bbox 1708 350 1987 421; x_wconf 78' lang='lat' dir='ltr'><strong>depositio-</strong></span> 
     </span>
    </p>
   </div>
   <div class='ocr_carea' id='block_1_7' title="bbox 397 427 1217 501">
    <p class='ocr_par' dir='ltr' id='par_1_7' title="bbox 397 427 1217 501">
     <span class='ocr_line' id='line_1_7' title="bbox 397 427 1217 501; baseline -0.011 -14"><span class='ocrx_word' id='word_1_26' title='bbox 397 452 407 467; x_wconf 78' lang='grc'><strong>“</strong></span> <span class='ocrx_word' id='word_1_27' title='bbox 480 449 597 486; x_wconf 86' lang='lat' dir='ltr'><strong>nem</strong></span> <span class='ocrx_word' id='word_1_28' title='bbox 629 430 814 501; x_wconf 78' lang='lat' dir='ltr'><strong>Cyrilli</strong></span> <span class='ocrx_word' id='word_1_29' title='bbox 839 439 887 482; x_wconf 82' lang='lat' dir='ltr'><strong>et</strong></span> <span class='ocrx_word' id='word_1_30' title='bbox 907 427 1217 482; x_wconf 77' lang='lat' dir='ltr'><strong>Memnonis.</strong></span> 
     </span>
    </p>
   </div>
   <div class='ocr_carea' id='block_1_8' title="bbox 481 603 1987 675">
    <p class='ocr_par' dir='ltr' id='par_1_8' title="bbox 481 603 1987 675">
     <span class='ocr_line' id='line_1_8' title="bbox 481 603 1987 675; baseline -0.008 -8"><span class='ocrx_word' id='word_1_31' title='bbox 481 613 662 666; x_wconf 87' lang='lat' dir='ltr'><strong>Pietas</strong></span> <span class='ocrx_word' id='word_1_32' title='bbox 705 617 906 670; x_wconf 89' lang='lat' dir='ltr'><strong>vestra,</strong></span> <span class='ocrx_word' id='word_1_33' title='bbox 939 621 1061 675; x_wconf 74' lang='lat' dir='ltr'><strong>qua:</strong></span> <span class='ocrx_word' id='word_1_34' title='bbox 1107 603 1504 659; x_wconf 81' lang='lat' dir='ltr'><strong>benefaciendo</strong></span> <span class='ocrx_word' id='word_1_35' title='bbox 1530 603 1653 657; x_wconf 86' lang='lat' dir='ltr'><strong>orbi</strong></span> <span class='ocrx_word' id='word_1_36' title='bbox 1697 609 1754 655; x_wconf 88' lang='lat' dir='ltr'><strong>et</strong></span> <span class='ocrx_word' id='word_1_37' title='bbox 1795 603 1987 656; x_wconf 89' lang='lat' dir='ltr'><strong>Eccle-</strong></span> 
     </span>
    </p>
   </div>
   <div class='ocr_carea' id='block_1_9' title="bbox 413 692 1991 766">
    <p class='ocr_par' dir='ltr' id='par_1_9' title="bbox 413 692 1991 766">
     <span class='ocr_line' id='line_1_9' title="bbox 413 692 1991 766; baseline -0.006 -10"><span class='ocrx_word' id='word_1_38' title='bbox 413 702 511 757; x_wconf 89' lang='lat' dir='ltr'><strong>siis</strong></span> <span class='ocrx_word' id='word_1_39' title='bbox 537 700 632 754; x_wconf 86' lang='lat' dir='ltr'><strong>Dei</strong></span> <span class='ocrx_word' id='word_1_40' title='bbox 668 697 942 760; x_wconf 74' lang='lat' dir='ltr'><strong>clarescit,</strong></span> <span class='ocrx_word' id='word_1_41' title='bbox 965 695 1131 766; x_wconf 84' lang='lat' dir='ltr'><strong>jussit</strong></span> <span class='ocrx_word' id='word_1_42' title='bbox 1155 710 1256 748; x_wconf 93' lang='lat' dir='ltr'><strong>nos</strong></span> <span class='ocrx_word' id='word_1_43' title='bbox 1289 694 1345 748; x_wconf 90' lang='lat' dir='ltr'><strong>in</strong></span> <span class='ocrx_word' id='word_1_44' title='bbox 1371 693 1740 762; x_wconf 83' lang='lat' dir='ltr'><strong>Ephesiorum</strong></span> <span class='ocrx_word' id='word_1_45' title='bbox 1765 692 1991 747; x_wconf 79' lang='lat' dir='ltr'><strong>civitate</strong></span> 
     </span>
    </p>
   </div>
   <div class='ocr_carea' id='block_1_10' title="bbox 413 781 1988 862">
    <p class='ocr_par' dir='ltr' id='par_1_10' title="bbox 413 781 1988 862">
     <span class='ocr_line' id='line_1_10' title="bbox 413 781 1988 862; baseline -0.006 -16"><span class='ocrx_word' id='word_1_46' title='bbox 413 790 756 862; x_wconf 82' lang='lat' dir='ltr'><strong>congregari,</strong></span> <span class='ocrx_word' id='word_1_47' title='bbox 813 798 871 844; x_wconf 90' lang='lat' dir='ltr'><strong>ut</strong></span> <span class='ocrx_word' id='word_1_48' title='bbox 912 787 1037 841; x_wconf 85' lang='lat' dir='ltr'><strong>inde</strong></span> <span class='ocrx_word' id='word_1_49' title='bbox 1062 787 1276 839; x_wconf 91' lang='lat' dir='ltr'><strong>lucrum</strong></span> <span class='ocrx_word' id='word_1_50' title='bbox 1319 794 1374 838; x_wconf 91' lang='lat' dir='ltr'><strong>et</strong></span> <span class='ocrx_word' id='word_1_51' title='bbox 1397 801 1500 854; x_wconf 85' lang='lat' dir='ltr'><strong>pax</strong></span> <span class='ocrx_word' id='word_1_52' title='bbox 1522 783 1778 838; x_wconf 75' lang='lat' dir='ltr'><strong>Ecclesiae</strong></span> <span class='ocrx_word' id='word_1_53' title='bbox 1801 781 1988 838; x_wconf 82' lang='lat' dir='ltr'><strong>conci-</strong></span> 
     </span>
    </p>
   </div>
   <div class='ocr_carea' id='block_1_11' title="bbox 413 875 1992 947">
    <p class='ocr_par' dir='ltr' id='par_1_11' title="bbox 413 875 1992 947">
     <span class='ocr_line' id='line_1_11' title="bbox 413 875 1992 947; baseline -0.006 -10"><span class='ocrx_word' id='word_1_54' title='bbox 413 883 666 947; x_wconf 89' lang='lat' dir='ltr'><strong>liaretur,</strong></span> <span class='ocrx_word' id='word_1_55' title='bbox 705 897 815 935; x_wconf 91' lang='lat' dir='ltr'><strong>non</strong></span> <span class='ocrx_word' id='word_1_56' title='bbox 849 888 909 934; x_wconf 88' lang='lat' dir='ltr'><strong>ut</strong></span> <span class='ocrx_word' id='word_1_57' title='bbox 934 880 1120 934; x_wconf 83' lang='lat' dir='ltr'><strong>omnia</strong></span> <span class='ocrx_word' id='word_1_58' title='bbox 1144 879 1468 932; x_wconf 73' lang='lat' dir='ltr'><strong>confusione</strong></span> <span class='ocrx_word' id='word_1_59' title='bbox 1496 888 1552 932; x_wconf 88' lang='lat' dir='ltr'><strong>et</strong></span> <span class='ocrx_word' id='word_1_60' title='bbox 1577 875 1992 945; x_wconf 89' lang='lat' dir='ltr'><strong>perturbatione</strong></span> 
     </span>
    </p>
   </div>
   <div class='ocr_carea' id='block_1_12' title="bbox 414 964 1994 1042">
    <p class='ocr_par' dir='ltr' id='par_1_12' title="bbox 414 964 1994 1042">
     <span class='ocr_line' id='line_1_12' title="bbox 414 964 1994 1042; baseline -0.006 -15"><span class='ocrx_word' id='word_1_61' title='bbox 414 972 844 1042; x_wconf 84' lang='lat' dir='ltr'><strong>complerentur.</strong></span> <span class='ocrx_word' id='word_1_62' title='bbox 900 969 1005 1022; x_wconf 88' lang='lat' dir='ltr'><strong>Sed</strong></span> <span class='ocrx_word' id='word_1_63' title='bbox 1037 978 1094 1022; x_wconf 87' lang='lat' dir='ltr'><strong>et</strong></span> <span class='ocrx_word' id='word_1_64' title='bbox 1124 968 1239 1038; x_wconf 89' lang='lat' dir='ltr'><strong>ipsa</strong></span> <span class='ocrx_word' id='word_1_65' title='bbox 1269 976 1464 1021; x_wconf 70' lang='lat' dir='ltr'><strong>vestrm</strong></span> <span class='ocrx_word' id='word_1_66' title='bbox 1490 964 1790 1034; x_wconf 84' lang='lat' dir='ltr'><strong>majestatis</strong></span> <span class='ocrx_word' id='word_1_67' title='bbox 1813 964 1994 1018; x_wconf 85' lang='lat' dir='ltr'><strong>edicta</strong></span> 
     </span>
    </p>
   </div>
   <div class='ocr_carea' id='block_1_13' title="bbox 415 1055 1995 1133">
    <p class='ocr_par' dir='ltr' id='par_1_13' title="bbox 415 1055 1995 1133">
     <span class='ocr_line' id='line_1_13' title="bbox 415 1055 1995 1133; baseline -0.005 -17"><span class='ocrx_word' id='word_1_68' title='bbox 415 1071 603 1133; x_wconf 85' lang='lat' dir='ltr'><strong>aperte</strong></span> <span class='ocrx_word' id='word_1_69' title='bbox 657 1077 720 1116; x_wconf 87' lang='lat' dir='ltr'><strong>ac</strong></span> <span class='ocrx_word' id='word_1_70' title='bbox 767 1061 972 1115; x_wconf 90' lang='lat' dir='ltr'><strong>diserte</strong></span> <span class='ocrx_word' id='word_1_71' title='bbox 1020 1061 1162 1129; x_wconf 84' lang='lat' dir='ltr'><strong>piam</strong></span> <span class='ocrx_word' id='word_1_72' title='bbox 1211 1067 1449 1112; x_wconf 87' lang='lat' dir='ltr'><strong>vestram</strong></span> <span class='ocrx_word' id='word_1_73' title='bbox 1495 1064 1550 1110; x_wconf 88' lang='lat' dir='ltr'><strong>et</strong></span> <span class='ocrx_word' id='word_1_74' title='bbox 1584 1055 1864 1125; x_wconf 89' lang='lat' dir='ltr'><strong>pacilicam</strong></span> <span class='ocrx_word' id='word_1_75' title='bbox 1895 1070 1995 1125; x_wconf 90' lang='lat' dir='ltr'><strong>pro</strong></span> 
     </span>
    </p>
   </div>
   <div class='ocr_carea' id='block_1_14' title="bbox 414 1153 1360 1209">
    <p class='ocr_par' dir='ltr' id='par_1_14' title="bbox 414 1153 1360 1209">
     <span class='ocr_line' id='line_1_14' title="bbox 414 1153 1360 1209; baseline -0.008 0"><span class='ocrx_word' id='word_1_76' title='bbox 414 1155 678 1209; x_wconf 84' lang='lat' dir='ltr'><strong>Ecclesiis</strong></span> <span class='ocrx_word' id='word_1_77' title='bbox 702 1153 794 1206; x_wconf 87' lang='lat' dir='ltr'><strong>Dei</strong></span> <span class='ocrx_word' id='word_1_78' title='bbox 831 1153 1076 1206; x_wconf 88' lang='lat' dir='ltr'><strong>indicant</strong></span> <span class='ocrx_word' id='word_1_79' title='bbox 1100 1159 1360 1204; x_wconf 86' lang='lat' dir='ltr'><strong>mentem.</strong></span> 
     </span>
    </p>
   </div>
   <div class='ocr_carea' id='block_1_15' title="bbox 489 1341 1998 1417">
    <p class='ocr_par' dir='ltr' id='par_1_15' title="bbox 489 1341 1998 1417">
     <span class='ocr_line' id='line_1_15' title="bbox 489 1341 1998 1417; baseline -0.005 -15"><span class='ocrx_word' id='word_1_80' title='bbox 489 1349 656 1417; x_wconf 78' lang='lat' dir='ltr'><strong>Atqui</strong></span> <span class='ocrx_word' id='word_1_81' title='bbox 703 1346 938 1417; x_wconf 71' lang='lat' dir='ltr'><strong>Cyrillus</strong></span> <span class='ocrx_word' id='word_1_82' title='bbox 986 1342 1421 1405; x_wconf 76' lang='lat' dir='ltr'><strong>Alexandrinus,</strong></span> <span class='ocrx_word' id='word_1_83' title='bbox 1464 1341 1529 1394; x_wconf 91' lang='lat' dir='ltr'><strong>ad</strong></span> <span class='ocrx_word' id='word_1_84' title='bbox 1566 1341 1860 1410; x_wconf 87' lang='lat' dir='ltr'><strong>perniciem</strong></span> <span class='ocrx_word' id='word_1_85' title='bbox 1893 1341 1998 1395; x_wconf 85' lang='lat' dir='ltr'><strong>Ec-</strong></span> 
     </span>
    </p>
   </div>
   <div class='ocr_carea' id='block_1_16' title="bbox 417 1433 2001 1502">
    <p class='ocr_par' dir='ltr' id='par_1_16' title="bbox 417 1433 2001 1502">
     <span class='ocr_line' id='line_1_16' title="bbox 417 1433 2001 1502; baseline -0.006 -8"><span class='ocrx_word' id='word_1_86' title='bbox 417 1441 729 1502; x_wconf 90' lang='lat' dir='ltr'><strong>clesiarum,</strong></span> <span class='ocrx_word' id='word_1_87' title='bbox 769 1447 828 1491; x_wconf 92' lang='lat' dir='ltr'><strong>ut</strong></span> <span class='ocrx_word' id='word_1_88' title='bbox 860 1437 1100 1499; x_wconf 88' lang='lat' dir='ltr'><strong>videtur,</strong></span> <span class='ocrx_word' id='word_1_89' title='bbox 1135 1443 1189 1488; x_wconf 91' lang='lat' dir='ltr'><strong>et</strong></span> <span class='ocrx_word' id='word_1_90' title='bbox 1215 1445 1377 1487; x_wconf 91' lang='lat' dir='ltr'><strong>natus</strong></span> <span class='ocrx_word' id='word_1_91' title='bbox 1399 1442 1453 1486; x_wconf 92' lang='lat' dir='ltr'><strong>et</strong></span> <span class='ocrx_word' id='word_1_92' title='bbox 1478 1433 1766 1496; x_wconf 88' lang='lat' dir='ltr'><strong>educatus,</strong></span> <span class='ocrx_word' id='word_1_93' title='bbox 1789 1447 2001 1487; x_wconf 84' lang='lat' dir='ltr'><strong>assum-</strong></span> 
     </span>
    </p>
   </div>
   <div class='ocr_carea' id='block_1_17' title="bbox 419 1523 1999 1600">
    <p class='ocr_par' dir='ltr' id='par_1_17' title="bbox 419 1523 1999 1600">
     <span class='ocr_line' id='line_1_17' title="bbox 419 1523 1999 1600; baseline -0.006 -14"><span class='ocrx_word' id='word_1_94' title='bbox 419 1541 510 1600; x_wconf 82' lang='lat' dir='ltr'><strong>pta</strong></span> <span class='ocrx_word' id='word_1_95' title='bbox 558 1529 938 1598; x_wconf 56' lang='lat' dir='ltr'><strong>cooiteratrice</strong></span> <span class='ocrx_word' id='word_1_96' title='bbox 987 1527 1291 1581; x_wconf 81' lang='lat' dir='ltr'><strong>Memnonis</strong></span> <span class='ocrx_word' id='word_1_97' title='bbox 1336 1526 1559 1595; x_wconf 85' lang='lat' dir='ltr'><strong>Ephesii</strong></span> <span class='ocrx_word' id='word_1_98' title='bbox 1591 1525 1838 1587; x_wconf 90' lang='lat' dir='ltr'><strong>audacia,</strong></span> <span class='ocrx_word' id='word_1_99' title='bbox 1888 1523 1999 1594; x_wconf 88' lang='lat' dir='ltr'><strong>pri-</strong></span> 
     </span>
    </p>
   </div>
   <div class='ocr_carea' id='block_1_18' title="bbox 2157 353 3676 422">
    <p class='ocr_par' dir='ltr' id='par_1_18' title="bbox 2157 353 3676 422">
     <span class='ocr_line' id='line_1_18' title="bbox 2157 353 3676 422; baseline 0.004 -18"><span class='ocrx_word' id='word_1_100' title='bbox 2157 353 2264 422; x_wconf 77' lang='grc' dir='ltr'><strong>τὸν</strong></span> <span class='ocrx_word' id='word_1_101' title='bbox 2293 355 2647 406; x_wconf 70' lang='grc' dir='ltr'><em>καλλίνικον</em></span> <span class='ocrx_word' id='word_1_102' title='bbox 2685 354 2970 418; x_wconf 76' lang='grc' dir='ltr'>βασιλέα,</span> <span class='ocrx_word' id='word_1_103' title='bbox 3006 354 3284 419; x_wconf 75' lang='grc' dir='ltr'>δηλοῦσα</span> <span class='ocrx_word' id='word_1_104' title='bbox 3331 355 3429 406; x_wconf 79' lang='grc' dir='ltr'>καὶ</span> <span class='ocrx_word' id='word_1_105' title='bbox 3486 353 3676 422; x_wconf 75' lang='grc' dir='ltr'>αὖθις</span> 
     </span>
    </p>
   </div>
   <div class='ocr_carea' id='block_1_19' title="bbox 2157 421 3675 492">
    <p class='ocr_par' dir='ltr' id='par_1_19' title="bbox 2157 421 3675 492">
     <span class='ocr_line' id='line_1_19' title="bbox 2157 421 3675 492; baseline 0.004 -19"><span class='ocrx_word' id='word_1_106' title='bbox 2157 421 2273 488; x_wconf 75' lang='grc' dir='ltr'><strong>τὴν</strong></span> <span class='ocrx_word' id='word_1_107' title='bbox 2327 423 2735 492; x_wconf 71' lang='grc' dir='ltr'>γεγενημένη)-</span> <span class='ocrx_word' id='word_1_108' title='bbox 2791 425 3138 492; x_wconf 78' lang='grc' dir='ltr'>καθαίρεσιν</span> <span class='ocrx_word' id='word_1_109' title='bbox 3190 425 3492 490; x_wconf 66' lang='grc' dir='ltr'>Κυρίλλου</span> <span class='ocrx_word' id='word_1_110' title='bbox 3563 421 3675 479; x_wconf 75' lang='grc' dir='ltr'>καὶ</span> 
     </span>
    </p>
   </div>
   <div class='ocr_carea' id='block_1_20' title="bbox 2159 492 2633 561">
    <p class='ocr_par' dir='ltr' id='par_1_20' title="bbox 2159 492 2633 561">
     <span class='ocr_line' id='line_1_20' title="bbox 2159 492 2633 561; baseline 0.002 -16"><span class='ocrx_word' id='word_1_111' title='bbox 2159 492 2468 558; x_wconf 83' lang='grc' dir='ltr'>Μέμνονος</span> <span class='ocrx_word' id='word_1_112' title='bbox 2501 492 2633 561; x_wconf 79' lang='lat'><strong>(96).</strong></span> 
     </span>
    </p>
   </div>
   <div class='ocr_carea' id='block_1_21' title="bbox 2172 607 3678 682">
    <p class='ocr_par' dir='ltr' id='par_1_21' title="bbox 2172 607 3678 682">
     <span class='ocr_line' id='line_1_21' title="bbox 2172 607 3678 682; baseline 0.003 -23"><span class='ocrx_word' id='word_1_113' title='bbox 2172 607 2234 660; x_wconf 86' lang='lat' dir='ltr'><strong>&#39;H</strong></span> <span class='ocrx_word' id='word_1_114' title='bbox 2261 607 2640 677; x_wconf 84' lang='grc' dir='ltr'>διαλάμπουσα</span> <span class='ocrx_word' id='word_1_115' title='bbox 2671 608 2823 678; x_wconf 87' lang='grc' dir='ltr'>ὐμῶν</span> <span class='ocrx_word' id='word_1_116' title='bbox 2850 607 3100 661; x_wconf 82' lang='grc' dir='ltr'>εὐσέϐεια</span> <span class='ocrx_word' id='word_1_117' title='bbox 3127 609 3212 660; x_wconf 83' lang='grc' dir='ltr'>ἐπ’</span> <span class='ocrx_word' id='word_1_118' title='bbox 3245 610 3539 682; x_wconf 77' lang='grc' dir='ltr'><strong>εὐεργεσίᾳ</strong></span> <span class='ocrx_word' id='word_1_119' title='bbox 3565 616 3678 681; x_wconf 78' lang='grc' dir='ltr'>τῆς</span> 
     </span>
    </p>
   </div>
   <div class='ocr_carea' id='block_1_22' title="bbox 2091 699 3675 770">
    <p class='ocr_par' dir='ltr' id='par_1_22' title="bbox 2091 699 3675 770">
     <span class='ocr_line' id='line_1_22' title="bbox 2091 699 3675 770; baseline 0.002 -18"><span class='ocrx_word' id='word_1_120' title='bbox 2091 700 2413 770; x_wconf 77' lang='grc' dir='ltr'><strong>οἰκουμένης</strong></span> <span class='ocrx_word' id='word_1_121' title='bbox 2445 700 2539 752; x_wconf 69' lang='grc' dir='ltr'><strong>καὶ</strong></span> <span class='ocrx_word' id='word_1_122' title='bbox 2564 700 2671 751; x_wconf 85' lang='grc' dir='ltr'><strong>τῶν</strong></span> <span class='ocrx_word' id='word_1_123' title='bbox 2706 699 2799 752; x_wconf 90' lang='grc' dir='ltr'><strong>τοῦ</strong></span> <span class='ocrx_word' id='word_1_124' title='bbox 2839 699 2974 752; x_wconf 86' lang='grc' dir='ltr'>Θεοῦ</span> <span class='ocrx_word' id='word_1_125' title='bbox 3015 699 3350 770; x_wconf 83' lang='grc' dir='ltr'>Ἐκκλησιῶν</span> <span class='ocrx_word' id='word_1_126' title='bbox 3377 703 3675 755; x_wconf 83' lang='grc' dir='ltr'>ἐκέλευσεν</span> 
     </span>
    </p>
   </div>
   <div class='ocr_carea' id='block_1_23' title="bbox 2090 789 3678 864">
    <p class='ocr_par' dir='ltr' id='par_1_23' title="bbox 2090 789 3678 864">
     <span class='ocr_line' id='line_1_23' title="bbox 2090 789 3678 864; baseline 0.003 -23"><span class='ocrx_word' id='word_1_127' title='bbox 2090 789 2238 859; x_wconf 82' lang='grc' dir='ltr'>ἡμᾶς</span> <span class='ocrx_word' id='word_1_128' title='bbox 2274 791 2329 841; x_wconf 86' lang='grc' dir='ltr'>ὲν</span> <span class='ocrx_word' id='word_1_129' title='bbox 2360 793 2422 859; x_wconf 84' lang='grc' dir='ltr'>τῇ</span> <span class='ocrx_word' id='word_1_130' title='bbox 2449 790 2556 842; x_wconf 83' lang='grc' dir='ltr'>τῶν</span> <span class='ocrx_word' id='word_1_131' title='bbox 2591 791 2850 859; x_wconf 84' lang='grc' dir='ltr'>Ἐφεσίων</span> <span class='ocrx_word' id='word_1_132' title='bbox 2877 790 3249 860; x_wconf 71' lang='grc' dir='ltr'><strong>ἀθροισθῆναι,</strong></span> <span class='ocrx_word' id='word_1_133' title='bbox 3277 792 3417 845; x_wconf 85' lang='grc' dir='ltr'>ὥστε</span> <span class='ocrx_word' id='word_1_134' title='bbox 3475 795 3678 864; x_wconf 82' lang='grc' dir='ltr'>κέρδος</span> 
     </span>
    </p>
   </div>
   <div class='ocr_carea' id='block_1_24' title="bbox 2092 881 3677 954">
    <p class='ocr_par' dir='ltr' id='par_1_24' title="bbox 2092 881 3677 954">
     <span class='ocr_line' id='line_1_24' title="bbox 2092 881 3677 954; baseline 0.002 -19"><span class='ocrx_word' id='word_1_135' title='bbox 2092 883 2186 935; x_wconf 75' lang='grc' dir='ltr'><strong>καὶ</strong></span> <span class='ocrx_word' id='word_1_136' title='bbox 2210 883 2431 952; x_wconf 76' lang='grc' dir='ltr'>εἰρήνην</span> <span class='ocrx_word' id='word_1_137' title='bbox 2451 886 2514 952; x_wconf 84' lang='grc' dir='ltr'>τῇ</span> <span class='ocrx_word' id='word_1_138' title='bbox 2541 881 2837 954; x_wconf 71' lang='grc' dir='ltr'>Ἐκκλησία</span> <span class='ocrx_word' id='word_1_139' title='bbox 2857 884 3228 954; x_wconf 80' lang='grc' dir='ltr'>περιποιῆσαι,</span> <span class='ocrx_word' id='word_1_140' title='bbox 3253 885 3350 954; x_wconf 83' lang='grc' dir='ltr'>οὐχ</span> <span class='ocrx_word' id='word_1_141' title='bbox 3371 885 3509 938; x_wconf 82' lang='grc' dir='ltr'>ὥστε</span> <span class='ocrx_word' id='word_1_142' title='bbox 3535 903 3677 952; x_wconf 79' lang='grc' dir='ltr'>σογ-</span> 
     </span>
    </p>
   </div>
   <div class='ocr_carea' id='block_1_25' title="bbox 2093 972 3678 1044">
    <p class='ocr_par' dir='ltr' id='par_1_25' title="bbox 2093 972 3678 1044">
     <span class='ocr_line' id='line_1_25' title="bbox 2093 972 3678 1044; baseline 0.003 -18"><span class='ocrx_word' id='word_1_143' title='bbox 2093 972 2301 1044; x_wconf 83' lang='grc' dir='ltr'>χύσεως</span> <span class='ocrx_word' id='word_1_144' title='bbox 2349 975 2442 1027; x_wconf 73' lang='grc' dir='ltr'><strong>καὶ</strong></span> <span class='ocrx_word' id='word_1_145' title='bbox 2486 975 2710 1040; x_wconf 79' lang='grc' dir='ltr'><strong>ἀταξίας</strong></span> <span class='ocrx_word' id='word_1_146' title='bbox 2747 977 2922 1028; x_wconf 84' lang='grc' dir='ltr'>πάντα</span> <span class='ocrx_word' id='word_1_147' title='bbox 2969 975 3277 1044; x_wconf 80' lang='grc' dir='ltr'>πληρῶσαι.</span> <span class='ocrx_word' id='word_1_148' title='bbox 3308 978 3418 1030; x_wconf 72' lang='grc' dir='ltr'><strong>Καὶ</strong></span> <span class='ocrx_word' id='word_1_149' title='bbox 3449 978 3586 1030; x_wconf 75' lang='grc' dir='ltr'>αὐτὰ</span> <span class='ocrx_word' id='word_1_150' title='bbox 3614 979 3678 1029; x_wconf 74' lang='grc' dir='ltr'>δὲ</span> 
     </span>
    </p>
   </div>
   <div class='ocr_carea' id='block_1_26' title="bbox 2093 1064 3679 1136">
    <p class='ocr_par' dir='ltr' id='par_1_26' title="bbox 2093 1064 3679 1136">
     <span class='ocr_line' id='line_1_26' title="bbox 2093 1064 3679 1136; baseline 0.002 -18"><span class='ocrx_word' id='word_1_151' title='bbox 2093 1065 2160 1118; x_wconf 82' lang='grc' dir='ltr'>τὰ</span> <span class='ocrx_word' id='word_1_152' title='bbox 2200 1064 2292 1119; x_wconf 87' lang='grc' dir='ltr'><strong>τοῦ</strong></span> <span class='ocrx_word' id='word_1_153' title='bbox 2331 1067 2596 1136; x_wconf 78' lang='grc' dir='ltr'>ὑμετέρου</span> <span class='ocrx_word' id='word_1_154' title='bbox 2653 1067 2889 1136; x_wconf 76' lang='grc' dir='ltr'><strong>κράτους</strong></span> <span class='ocrx_word' id='word_1_155' title='bbox 2943 1066 3287 1136; x_wconf 83' lang='grc' dir='ltr'>θεσπίσματα</span> <span class='ocrx_word' id='word_1_156' title='bbox 3338 1070 3523 1136; x_wconf 65' lang='grc' dir='ltr'>σαφῶς</span> <span class='ocrx_word' id='word_1_157' title='bbox 3573 1072 3679 1121; x_wconf 80' lang='grc' dir='ltr'><strong>καί</strong></span> 
     </span>
    </p>
   </div>
   <div class='ocr_carea' id='block_1_27' title="bbox 2094 1157 3678 1230">
    <p class='ocr_par' dir='ltr' id='par_1_27' title="bbox 2094 1157 3678 1230">
     <span class='ocr_line' id='line_1_27' title="bbox 2094 1157 3678 1230; baseline -0.001 -20"><span class='ocrx_word' id='word_1_158' title='bbox 2094 1157 2392 1228; x_wconf 77' lang='grc' dir='ltr'>διαρρήδην</span> <span class='ocrx_word' id='word_1_159' title='bbox 2426 1159 2516 1209; x_wconf 78' lang='grc' dir='ltr'><strong>τὸν</strong></span> <span class='ocrx_word' id='word_1_160' title='bbox 2553 1157 2751 1225; x_wconf 76' lang='grc' dir='ltr'>εὐσεϐῆ</span> <span class='ocrx_word' id='word_1_161' title='bbox 2781 1157 2932 1226; x_wconf 86' lang='grc' dir='ltr'>ὐμῶν</span> <span class='ocrx_word' id='word_1_162' title='bbox 2961 1159 3056 1209; x_wconf 71' lang='grc' dir='ltr'><strong>καὶ</strong></span> <span class='ocrx_word' id='word_1_163' title='bbox 3081 1159 3353 1228; x_wconf 73' lang='grc' dir='ltr'>εἰρηνικὸν</span> <span class='ocrx_word' id='word_1_164' title='bbox 3394 1161 3536 1230; x_wconf 81' lang='grc' dir='ltr'>ὑπὲρ</span> <span class='ocrx_word' id='word_1_165' title='bbox 3560 1161 3678 1211; x_wconf 72' lang='grc' dir='ltr'>τῶν</span> 
     </span>
    </p>
   </div>
   <div class='ocr_carea' id='block_1_28' title="bbox 2093 1247 3312 1319">
    <p class='ocr_par' dir='ltr' id='par_1_28' title="bbox 2093 1247 3312 1319">
     <span class='ocr_line' id='line_1_28' title="bbox 2093 1247 3312 1319; baseline 0 -17"><span class='ocrx_word' id='word_1_166' title='bbox 2093 1247 2186 1302; x_wconf 83' lang='grc' dir='ltr'><strong>τοῦ</strong></span> <span class='ocrx_word' id='word_1_167' title='bbox 2217 1249 2450 1318; x_wconf 75' lang='grc' dir='ltr'>Χριστοῦ</span> <span class='ocrx_word' id='word_1_168' title='bbox 2495 1249 2830 1318; x_wconf 83' lang='grc' dir='ltr'>Ἐκκλησιῶν</span> <span class='ocrx_word' id='word_1_169' title='bbox 2871 1250 3064 1319; x_wconf 85' lang='grc' dir='ltr'>μηνύει</span> <span class='ocrx_word' id='word_1_170' title='bbox 3091 1252 3312 1303; x_wconf 77' lang='grc' dir='ltr'>σκοπόν.</span> 
     </span>
    </p>
   </div>
   <div class='ocr_carea' id='block_1_29' title="bbox 2179 1339 3680 1412">
    <p class='ocr_par' dir='ltr' id='par_1_29' title="bbox 2179 1339 3680 1412">
     <span class='ocr_line' id='line_1_29' title="bbox 2179 1339 3680 1412; baseline 0.002 -20"><span class='ocrx_word' id='word_1_171' title='bbox 2179 1342 2238 1392; x_wconf 87' lang='lat'><strong>&#39;0</strong></span> <span class='ocrx_word' id='word_1_172' title='bbox 2259 1339 2313 1392; x_wconf 84' lang='grc' dir='ltr'>δὲ</span> <span class='ocrx_word' id='word_1_173' title='bbox 2343 1342 2430 1394; x_wconf 84' lang='grc' dir='ltr'><strong>ἐπ’</strong></span> <span class='ocrx_word' id='word_1_174' title='bbox 2457 1341 2664 1411; x_wconf 80' lang='grc' dir='ltr'><strong>ὀλέθρῳ</strong></span> <span class='ocrx_word' id='word_1_175' title='bbox 2692 1341 2798 1394; x_wconf 76' lang='grc' dir='ltr'><strong>τῶν</strong></span> <span class='ocrx_word' id='word_1_176' title='bbox 2833 1342 3166 1411; x_wconf 84' lang='grc' dir='ltr'>Ἐκκλησιῶν</span> <span class='ocrx_word' id='word_1_177' title='bbox 3202 1344 3295 1396; x_wconf 72' lang='grc' dir='ltr'><strong>καὶ</strong></span> <span class='ocrx_word' id='word_1_178' title='bbox 3326 1343 3542 1412; x_wconf 72' lang='grc' dir='ltr'>τεχθεὶς</span> <span class='ocrx_word' id='word_1_179' title='bbox 3577 1347 3680 1396; x_wconf 68' lang='grc' dir='ltr'><strong>καὶ</strong></span> 
     </span>
    </p>
   </div>
   <div class='ocr_carea' id='block_1_30' title="bbox 2097 1433 3678 1505">
    <p class='ocr_par' dir='ltr' id='par_1_30' title="bbox 2097 1433 3678 1505">
     <span class='ocr_line' id='line_1_30' title="bbox 2097 1433 3678 1505; baseline 0.001 -19"><span class='ocrx_word' id='word_1_180' title='bbox 2097 1433 2345 1504; x_wconf 67' lang='grc' dir='ltr'>τραφεὶς,</span> <span class='ocrx_word' id='word_1_181' title='bbox 2378 1434 2454 1494; x_wconf 85' lang='grc' dir='ltr'>ὡς</span> <span class='ocrx_word' id='word_1_182' title='bbox 2508 1433 2670 1496; x_wconf 75' lang='grc' dir='ltr'>ἔοικε,</span> <span class='ocrx_word' id='word_1_183' title='bbox 2706 1433 2970 1504; x_wconf 81' lang='grc' dir='ltr'>Κύριλλος</span> <span class='ocrx_word' id='word_1_184' title='bbox 3029 1437 3056 1486; x_wconf 86' lang='grc' dir='ltr'>ὁ</span> <span class='ocrx_word' id='word_1_185' title='bbox 3099 1436 3195 1504; x_wconf 81' lang='grc' dir='ltr'>τῆς</span> <span class='ocrx_word' id='word_1_186' title='bbox 3241 1436 3678 1505; x_wconf 69' lang='grc' dir='ltr'>Ἀλεξανδρείας,</span> 
     </span>
    </p>
   </div>
   <div class='ocr_carea' id='block_1_31' title="bbox 2101 1525 3682 1597">
    <p class='ocr_par' dir='ltr' id='par_1_31' title="bbox 2101 1525 3682 1597">
     <span class='ocr_line' id='line_1_31' title="bbox 2101 1525 3682 1597; baseline -0.001 -18"><span class='ocrx_word' id='word_1_187' title='bbox 2101 1527 2361 1595; x_wconf 78' lang='grc' dir='ltr'>συνεργὸν</span> <span class='ocrx_word' id='word_1_188' title='bbox 2387 1525 2565 1579; x_wconf 84' lang='grc' dir='ltr'>λαϐὼν</span> <span class='ocrx_word' id='word_1_189' title='bbox 2603 1527 2699 1596; x_wconf 84' lang='grc' dir='ltr'>τὴν</span> <span class='ocrx_word' id='word_1_190' title='bbox 2727 1527 3006 1595; x_wconf 85' lang='grc' dir='ltr'>Μέμνονος</span> <span class='ocrx_word' id='word_1_191' title='bbox 3045 1527 3136 1578; x_wconf 81' lang='grc' dir='ltr'><strong>τοῦ</strong></span> <span class='ocrx_word' id='word_1_192' title='bbox 3183 1527 3432 1594; x_wconf 59' lang='grc' dir='ltr'>Ἐρεσίου</span> <span class='ocrx_word' id='word_1_193' title='bbox 3465 1527 3682 1597; x_wconf 76' lang='grc' dir='ltr'><strong>θρασύ⁹</strong></span> 
     </span>
    </p>
   </div>
   <div class='ocr_carea' id='block_1_32' title="bbox 421 1615 2007 1688">
    <p class='ocr_par' dir='ltr' id='par_1_32' title="bbox 421 1616 1993 1688">
     <span class='ocr_line' id='line_1_32' title="bbox 421 1616 1993 1688; baseline -0.001 -16"><span class='ocrx_word' id='word_1_194' title='bbox 421 1635 569 1672; x_wconf 92' lang='lat' dir='ltr'><strong>mum</strong></span> <span class='ocrx_word' id='word_1_195' title='bbox 593 1618 816 1688; x_wconf 88' lang='lat' dir='ltr'><strong>quidem</strong></span> <span class='ocrx_word' id='word_1_196' title='bbox 849 1619 903 1670; x_wconf 91' lang='lat' dir='ltr'><strong>in</strong></span> <span class='ocrx_word' id='word_1_197' title='bbox 931 1617 1208 1686; x_wconf 88' lang='lat' dir='ltr'><strong>placidum</strong></span> <span class='ocrx_word' id='word_1_198' title='bbox 1239 1625 1294 1670; x_wconf 91' lang='lat' dir='ltr'><strong>et</strong></span> <span class='ocrx_word' id='word_1_199' title='bbox 1327 1617 1475 1684; x_wconf 91' lang='lat' dir='ltr'><strong>pium</strong></span> <span class='ocrx_word' id='word_1_200' title='bbox 1513 1616 1726 1686; x_wconf 64' lang='lat'><strong>1324</strong></span> <span class='ocrx_word' id='word_1_201' title='bbox 1751 1626 1993 1670; x_wconf 89' lang='lat' dir='ltr'><strong>vestrum</strong></span> 
     </span>
    </p>
   </div>
   <div class='ocr_carea' id='block_1_33' title="bbox 2117 1615 3686 1688">
    <p class='ocr_par' dir='ltr' id='par_1_33' title="bbox 2117 1615 3686 1687">
     <span class='ocr_line' id='line_1_33' title="bbox 2117 1615 3686 1687; baseline -0.001 -18"><span class='ocrx_word' id='word_1_202' title='bbox 2117 1634 2252 1687; x_wconf 71' lang='grc' dir='ltr'>τητα,</span> <span class='ocrx_word' id='word_1_203' title='bbox 2283 1617 2495 1686; x_wconf 82' lang='grc' dir='ltr'>πρῶτον</span> <span class='ocrx_word' id='word_1_204' title='bbox 2532 1617 2629 1687; x_wconf 81' lang='grc' dir='ltr'><strong>μὲν</strong></span> <span class='ocrx_word' id='word_1_205' title='bbox 2667 1618 2744 1678; x_wconf 88' lang='grc' dir='ltr'>εἰς</span> <span class='ocrx_word' id='word_1_206' title='bbox 2787 1617 2846 1666; x_wconf 74' lang='grc' dir='ltr'>τὸ</span> <span class='ocrx_word' id='word_1_207' title='bbox 2873 1615 3106 1683; x_wconf 73' lang='grc' dir='ltr'>γαληνὸν</span> <span class='ocrx_word' id='word_1_208' title='bbox 3145 1617 3238 1667; x_wconf 73' lang='grc' dir='ltr'><strong>καὶ</strong></span> <span class='ocrx_word' id='word_1_209' title='bbox 3268 1616 3488 1678; x_wconf 82' lang='grc' dir='ltr'>εὐσεϐὲς</span> <span class='ocrx_word' id='word_1_210' title='bbox 3516 1617 3686 1686; x_wconf 73' lang='grc' dir='ltr'>ὑμῶν</span> 
     </span>
    </p>
   </div>
   <div class='ocr_carea' id='block_1_34' title="bbox 361 1705 1994 1778">
    <p class='ocr_par' dir='ltr' id='par_1_34' title="bbox 361 1705 1994 1778">
     <span class='ocr_line' id='line_1_34' title="bbox 361 1705 1994 1778; baseline -0.006 -12"><span class='ocrx_word' id='word_1_211' title='bbox 361 1736 366 1744; x_wconf 91' lang='grc'><strong>·</strong></span> <span class='ocrx_word' id='word_1_212' title='bbox 418 1711 661 1766; x_wconf 82' lang='lat' dir='ltr'><strong>edictum</strong></span> <span class='ocrx_word' id='word_1_213' title='bbox 681 1709 944 1778; x_wconf 87' lang='lat' dir='ltr'><strong>peccavit,</strong></span> <span class='ocrx_word' id='word_1_214' title='bbox 969 1723 1066 1776; x_wconf 91' lang='lat' dir='ltr'><strong>per</strong></span> <span class='ocrx_word' id='word_1_215' title='bbox 1090 1707 1273 1760; x_wconf 88' lang='lat' dir='ltr'><strong>omnia</strong></span> <span class='ocrx_word' id='word_1_216' title='bbox 1291 1723 1348 1761; x_wconf 89' lang='lat' dir='ltr'><strong>se</strong></span> <span class='ocrx_word' id='word_1_217' title='bbox 1367 1705 1653 1775; x_wconf 81' lang='lat' dir='ltr'><strong>profanum</strong></span> <span class='ocrx_word' id='word_1_218' title='bbox 1675 1705 1994 1759; x_wconf 88' lang='lat' dir='ltr'><strong>ostendens.</strong></span> 
     </span>
    </p>
   </div>
   <div class='ocr_carea' id='block_1_35' title="bbox 423 1795 1998 1868">
    <p class='ocr_par' dir='ltr' id='par_1_35' title="bbox 423 1795 1998 1868">
     <span class='ocr_line' id='line_1_35' title="bbox 423 1795 1998 1868; baseline -0.004 -12"><span class='ocrx_word' id='word_1_219' title='bbox 423 1802 558 1856; x_wconf 84' lang='lat' dir='ltr'><strong>Nam</strong></span> <span class='ocrx_word' id='word_1_220' title='bbox 605 1817 729 1855; x_wconf 91' lang='lat' dir='ltr'><strong>cum</strong></span> <span class='ocrx_word' id='word_1_221' title='bbox 761 1808 942 1853; x_wconf 86' lang='lat' dir='ltr'><strong>vestra</strong></span> <span class='ocrx_word' id='word_1_222' title='bbox 983 1800 1239 1868; x_wconf 84' lang='lat' dir='ltr'><strong>majestas</strong></span> <span class='ocrx_word' id='word_1_223' title='bbox 1289 1797 1612 1866; x_wconf 72' lang='lat' dir='ltr'><strong>praeceperit</strong></span> <span class='ocrx_word' id='word_1_224' title='bbox 1659 1797 1726 1851; x_wconf 89' lang='lat' dir='ltr'><strong>de</strong></span> <span class='ocrx_word' id='word_1_225' title='bbox 1771 1795 1874 1850; x_wconf 67' lang='lat' dir='ltr'><strong>fide</strong></span> <span class='ocrx_word' id='word_1_226' title='bbox 1912 1795 1998 1849; x_wconf 90' lang='lat' dir='ltr'><strong>di-</strong></span> 
     </span>
    </p>
   </div>
   <div class='ocr_carea' id='block_1_36' title="bbox 424 1887 2002 1963">
    <p class='ocr_par' dir='ltr' id='par_1_36' title="bbox 424 1887 2002 1963">
     <span class='ocr_line' id='line_1_36' title="bbox 424 1887 2002 1963; baseline -0.003 -17"><span class='ocrx_word' id='word_1_227' title='bbox 424 1893 598 1963; x_wconf 86' lang='lat' dir='ltr'><strong>ligens</strong></span> <span class='ocrx_word' id='word_1_228' title='bbox 645 1907 871 1947; x_wconf 78' lang='lat' dir='ltr'><strong>examen</strong></span> <span class='ocrx_word' id='word_1_229' title='bbox 920 1899 976 1944; x_wconf 91' lang='lat' dir='ltr'><strong>et</strong></span> <span class='ocrx_word' id='word_1_230' title='bbox 1021 1890 1474 1959; x_wconf 84' lang='lat' dir='ltr'><strong>inquisitionem,</strong></span> <span class='ocrx_word' id='word_1_231' title='bbox 1531 1903 1762 1956; x_wconf 82' lang='lat' dir='ltr'><strong>eamque</strong></span> <span class='ocrx_word' id='word_1_232' title='bbox 1807 1887 2002 1941; x_wconf 86' lang='lat' dir='ltr'><strong>haberi</strong></span> 
     </span>
    </p>
   </div>
   <div class='ocr_carea' id='block_1_37' title="bbox 424 1979 2003 2050">
    <p class='ocr_par' dir='ltr' id='par_1_37' title="bbox 424 1979 2003 2050">
     <span class='ocr_line' id='line_1_37' title="bbox 424 1979 2003 2050; baseline -0.005 -11"><span class='ocrx_word' id='word_1_233' title='bbox 424 2000 548 2039; x_wconf 91' lang='lat' dir='ltr'><strong>cum</strong></span> <span class='ocrx_word' id='word_1_234' title='bbox 583 1983 878 2038; x_wconf 88' lang='lat' dir='ltr'><strong>concordia</strong></span> <span class='ocrx_word' id='word_1_235' title='bbox 908 1993 963 2036; x_wconf 88' lang='lat' dir='ltr'><strong>et</strong></span> <span class='ocrx_word' id='word_1_236' title='bbox 987 1996 1118 2050; x_wconf 90' lang='lat' dir='ltr'><strong>pace</strong></span> <span class='ocrx_word' id='word_1_237' title='bbox 1145 1981 1391 2034; x_wconf 88' lang='lat' dir='ltr'><strong>omnium</strong></span> <span class='ocrx_word' id='word_1_238' title='bbox 1429 1998 1440 2032; x_wconf 91' lang='lat'>:</span> <span class='ocrx_word' id='word_1_239' title='bbox 1474 1979 1712 2050; x_wconf 83' lang='lat' dir='ltr'><strong>Cyrillus</strong></span> <span class='ocrx_word' id='word_1_240' title='bbox 1741 1979 1807 2031; x_wconf 92' lang='lat' dir='ltr'><strong>de</strong></span> <span class='ocrx_word' id='word_1_241' title='bbox 1832 1979 2003 2047; x_wconf 83' lang='lat' dir='ltr'><strong>Apol-</strong></span> 
     </span>
    </p>
   </div>
   <div class='ocr_carea' id='block_1_38' title="bbox 425 2069 2002 2144">
    <p class='ocr_par' dir='ltr' id='par_1_38' title="bbox 425 2069 2002 2144">
     <span class='ocr_line' id='line_1_38' title="bbox 425 2069 2002 2144; baseline -0.004 -15"><span class='ocrx_word' id='word_1_242' title='bbox 425 2074 606 2130; x_wconf 90' lang='lat' dir='ltr'><strong>linarii</strong></span> <span class='ocrx_word' id='word_1_243' title='bbox 633 2073 981 2144; x_wconf 80' lang='lat' dir='ltr'><strong>dogmatibus</strong></span> <span class='ocrx_word' id='word_1_244' title='bbox 1004 2080 1312 2134; x_wconf 86' lang='lat' dir='ltr'><strong>accusatus,</strong></span> <span class='ocrx_word' id='word_1_245' title='bbox 1362 2071 1469 2123; x_wconf 90' lang='lat' dir='ltr'><strong>imo</strong></span> <span class='ocrx_word' id='word_1_246' title='bbox 1497 2070 1610 2140; x_wconf 87' lang='lat' dir='ltr'><strong>ipse</strong></span> <span class='ocrx_word' id='word_1_247' title='bbox 1636 2069 1877 2138; x_wconf 86' lang='lat' dir='ltr'><strong>seipsum</strong></span> <span class='ocrx_word' id='word_1_248' title='bbox 1911 2085 2002 2122; x_wconf 90' lang='lat' dir='ltr'><strong>re-</strong></span> 
     </span>
    </p>
   </div>
   <div class='ocr_carea' id='block_1_39' title="bbox 424 2159 2006 2238">
    <p class='ocr_par' dir='ltr' id='par_1_39' title="bbox 424 2159 2006 2238">
     <span class='ocr_line' id='line_1_39' title="bbox 424 2159 2006 2238; baseline -0.006 -18"><span class='ocrx_word' id='word_1_249' title='bbox 424 2168 718 2238; x_wconf 86' lang='lat' dir='ltr'><strong>darguens,</strong></span> <span class='ocrx_word' id='word_1_250' title='bbox 765 2182 865 2233; x_wconf 87' lang='lat' dir='ltr'><strong>per</strong></span> <span class='ocrx_word' id='word_1_251' title='bbox 891 2179 974 2226; x_wconf 88' lang='lat' dir='ltr'><strong>ea,</strong></span> <span class='ocrx_word' id='word_1_252' title='bbox 1006 2178 1127 2232; x_wconf 69' lang='lat' dir='ltr'><strong>quae</strong></span> <span class='ocrx_word' id='word_1_253' title='bbox 1158 2177 1280 2215; x_wconf 88' lang='lat' dir='ltr'><strong>cum</strong></span> <span class='ocrx_word' id='word_1_254' title='bbox 1308 2159 1782 2214; x_wconf 85' lang='lat' dir='ltr'><strong>anathematismis</strong></span> <span class='ocrx_word' id='word_1_255' title='bbox 1804 2173 2006 2228; x_wconf 85' lang='lat' dir='ltr'><strong>nuper-</strong></span> 
     </span>
    </p>
   </div>
   <div class='ocr_carea' id='block_1_40' title="bbox 430 2251 2005 2327">
    <p class='ocr_par' dir='ltr' id='par_1_40' title="bbox 430 2251 2005 2327">
     <span class='ocr_line' id='line_1_40' title="bbox 430 2251 2005 2327; baseline -0.006 -15"><span class='ocrx_word' id='word_1_256' title='bbox 430 2260 566 2312; x_wconf 90' lang='lat' dir='ltr'><strong>rimc</strong></span> <span class='ocrx_word' id='word_1_257' title='bbox 613 2260 667 2312; x_wconf 94' lang='lat' dir='ltr'><strong>in</strong></span> <span class='ocrx_word' id='word_1_258' title='bbox 711 2257 915 2327; x_wconf 81' lang='lat' dir='ltr'><strong>regiam</strong></span> <span class='ocrx_word' id='word_1_259' title='bbox 955 2255 1145 2310; x_wconf 87' lang='lat' dir='ltr'><strong>urbem</strong></span> <span class='ocrx_word' id='word_1_260' title='bbox 1197 2271 1320 2308; x_wconf 90' lang='lat' dir='ltr'><strong>cum</strong></span> <span class='ocrx_word' id='word_1_261' title='bbox 1356 2253 1575 2324; x_wconf 83' lang='lat' dir='ltr'><strong>propria</strong></span> <span class='ocrx_word' id='word_1_262' title='bbox 1599 2251 2005 2320; x_wconf 87' lang='lat' dir='ltr'><strong>subscriptione</strong></span> 
     </span>
    </p>
   </div>
   <div class='ocr_carea' id='block_1_41' title="bbox 431 2340 2008 2418">
    <p class='ocr_par' dir='ltr' id='par_1_41' title="bbox 431 2340 2008 2418">
     <span class='ocr_line' id='line_1_41' title="bbox 431 2340 2008 2418; baseline -0.007 -15"><span class='ocrx_word' id='word_1_263' title='bbox 431 2351 600 2414; x_wconf 88' lang='lat' dir='ltr'><strong>misit,</strong></span> <span class='ocrx_word' id='word_1_264' title='bbox 633 2350 687 2402; x_wconf 89' lang='lat' dir='ltr'><strong>in</strong></span> <span class='ocrx_word' id='word_1_265' title='bbox 723 2349 926 2418; x_wconf 89' lang='lat' dir='ltr'><strong>quibus</strong></span> <span class='ocrx_word' id='word_1_266' title='bbox 956 2347 1335 2416; x_wconf 88' lang='lat' dir='ltr'><strong>deprehensus</strong></span> <span class='ocrx_word' id='word_1_267' title='bbox 1357 2354 1440 2398; x_wconf 88' lang='lat' dir='ltr'><strong>est</strong></span> <span class='ocrx_word' id='word_1_268' title='bbox 1465 2342 1669 2397; x_wconf 89' lang='lat' dir='ltr'><strong>sentire</strong></span> <span class='ocrx_word' id='word_1_269' title='bbox 1691 2357 1812 2394; x_wconf 90' lang='lat' dir='ltr'><strong>cum</strong></span> <span class='ocrx_word' id='word_1_270' title='bbox 1839 2340 2008 2409; x_wconf 88' lang='lat' dir='ltr'><strong>impio</strong></span> 
     </span>
    </p>
   </div>
   <div class='ocr_carea' id='block_1_42' title="bbox 430 2434 2004 2509">
    <p class='ocr_par' dir='ltr' id='par_1_42' title="bbox 430 2434 2004 2509">
     <span class='ocr_line' id='line_1_42' title="bbox 430 2434 2004 2509; baseline -0.005 -15"><span class='ocrx_word' id='word_1_271' title='bbox 430 2452 485 2495; x_wconf 89' lang='lat' dir='ltr'><strong>et</strong></span> <span class='ocrx_word' id='word_1_272' title='bbox 532 2442 791 2496; x_wconf 71' lang='lat' dir='ltr'><strong>haeretico</strong></span> <span class='ocrx_word' id='word_1_273' title='bbox 837 2439 1175 2509; x_wconf 83' lang='lat' dir='ltr'><strong>Apollinario</strong></span> <span class='ocrx_word' id='word_1_274' title='bbox 1200 2478 1214 2502; x_wconf 94' lang='lat'><strong>,</strong></span> <span class='ocrx_word' id='word_1_275' title='bbox 1267 2437 1354 2489; x_wconf 89' lang='lat' dir='ltr'><strong>his</strong></span> <span class='ocrx_word' id='word_1_276' title='bbox 1377 2435 1632 2489; x_wconf 90' lang='lat' dir='ltr'><strong>omnibus</strong></span> <span class='ocrx_word' id='word_1_277' title='bbox 1656 2434 2004 2503; x_wconf 87' lang='lat' dir='ltr'><strong>posthabitis,</strong></span> 
     </span>
    </p>
   </div>
   <div class='ocr_carea' id='block_1_43' title="bbox 430 2525 2010 2602">
    <p class='ocr_par' dir='ltr' id='par_1_43' title="bbox 430 2525 2010 2602">
     <span class='ocr_line' id='line_1_43' title="bbox 430 2525 2010 2602; baseline -0.008 -14"><span class='ocrx_word' id='word_1_278' title='bbox 430 2534 586 2602; x_wconf 82' lang='lat' dir='ltr'><strong>quasi</strong></span> <span class='ocrx_word' id='word_1_279' title='bbox 613 2543 857 2602; x_wconf 91' lang='lat' dir='ltr'><strong>tempora</strong></span> <span class='ocrx_word' id='word_1_280' title='bbox 884 2532 999 2584; x_wconf 65' lang='lat' dir='ltr'><strong>bmc</strong></span> <span class='ocrx_word' id='word_1_281' title='bbox 1046 2529 1191 2598; x_wconf 86' lang='lat' dir='ltr'><strong>regia</strong></span> <span class='ocrx_word' id='word_1_282' title='bbox 1216 2527 1614 2596; x_wconf 83' lang='lat' dir='ltr'><strong>gubernatione</strong></span> <span class='ocrx_word' id='word_1_283' title='bbox 1641 2525 1902 2578; x_wconf 87' lang='lat' dir='ltr'><strong>destituta</strong></span> <span class='ocrx_word' id='word_1_284' title='bbox 1924 2539 2010 2577; x_wconf 81' lang='lat' dir='ltr'><strong>es-</strong></span> 
     </span>
    </p>
   </div>
   <div class='ocr_carea' id='block_1_44' title="bbox 431 2617 2009 2689">
    <p class='ocr_par' dir='ltr' id='par_1_44' title="bbox 431 2617 2009 2689">
     <span class='ocr_line' id='line_1_44' title="bbox 431 2617 2009 2689; baseline -0.006 -11"><span class='ocrx_word' id='word_1_285' title='bbox 431 2634 572 2686; x_wconf 81' lang='lat' dir='ltr'><strong>sent,</strong></span> <span class='ocrx_word' id='word_1_286' title='bbox 627 2625 683 2676; x_wconf 91' lang='lat' dir='ltr'><strong>in</strong></span> <span class='ocrx_word' id='word_1_287' title='bbox 732 2637 950 2675; x_wconf 89' lang='lat' dir='ltr'><strong>omnem</strong></span> <span class='ocrx_word' id='word_1_288' title='bbox 996 2619 1306 2689; x_wconf 86' lang='lat' dir='ltr'><strong>prolabitur</strong></span> <span class='ocrx_word' id='word_1_289' title='bbox 1349 2617 1692 2685; x_wconf 87' lang='lat' dir='ltr'><strong>iniquitatem</strong></span> <span class='ocrx_word' id='word_1_290' title='bbox 1729 2633 1741 2666; x_wconf 92' lang='lat'>:</span> <span class='ocrx_word' id='word_1_291' title='bbox 1773 2630 2009 2683; x_wconf 89' lang='lat' dir='ltr'><strong>cumque</strong></span> 
     </span>
    </p>
   </div>
   <div class='ocr_carea' id='block_1_45' title="bbox 420 2705 2009 2784">
    <p class='ocr_par' dir='ltr' id='par_1_45' title="bbox 420 2705 2009 2784">
     <span class='ocr_line' id='line_1_45' title="bbox 420 2705 2009 2784; baseline -0.006 -16"><span class='ocrx_word' id='word_1_292' title='bbox 420 2721 713 2784; x_wconf 76' lang='lat' dir='ltr'><strong>oporteret</strong></span> <span class='ocrx_word' id='word_1_293' title='bbox 755 2712 1026 2766; x_wconf 89' lang='lat' dir='ltr'><strong>rationem</strong></span> <span class='ocrx_word' id='word_1_294' title='bbox 1067 2709 1298 2764; x_wconf 85' lang='lat' dir='ltr'><strong>reddere</strong></span> <span class='ocrx_word' id='word_1_295' title='bbox 1331 2723 1512 2776; x_wconf 65' lang='lat' dir='ltr'><strong>pravae</strong></span> <span class='ocrx_word' id='word_1_296' title='bbox 1537 2722 1649 2762; x_wconf 63' lang='lat' dir='ltr'><strong>suae</strong></span> <span class='ocrx_word' id='word_1_297' title='bbox 1680 2705 1746 2760; x_wconf 90' lang='lat' dir='ltr'><strong>de</strong></span> <span class='ocrx_word' id='word_1_298' title='bbox 1776 2706 2009 2760; x_wconf 91' lang='lat' dir='ltr'><strong>Domino</strong></span> 
     </span>
    </p>
   </div>
   <div class='ocr_carea' id='block_1_46' title="bbox 433 2796 2011 2869">
    <p class='ocr_par' dir='ltr' id='par_1_46' title="bbox 433 2796 2011 2869">
     <span class='ocr_line' id='line_1_46' title="bbox 433 2796 2011 2869; baseline -0.008 -9"><span class='ocrx_word' id='word_1_299' title='bbox 433 2813 623 2860; x_wconf 90' lang='lat' dir='ltr'><strong>nostro</strong></span> <span class='ocrx_word' id='word_1_300' title='bbox 677 2804 806 2860; x_wconf 83' lang='lat' dir='ltr'><strong>Jesu</strong></span> <span class='ocrx_word' id='word_1_301' title='bbox 850 2801 1072 2857; x_wconf 87' lang='lat' dir='ltr'><strong>Christo</strong></span> <span class='ocrx_word' id='word_1_302' title='bbox 1116 2799 1416 2869; x_wconf 82' lang='lat' dir='ltr'><strong>Opinionis,</strong></span> <span class='ocrx_word' id='word_1_303' title='bbox 1471 2798 1576 2851; x_wconf 88' lang='lat' dir='ltr'><strong>sibi</strong></span> <span class='ocrx_word' id='word_1_304' title='bbox 1624 2796 2011 2851; x_wconf 87' lang='lat' dir='ltr'><strong>auctoritatem</strong></span> 
     </span>
    </p>
   </div>
   <div class='ocr_carea' id='block_1_47' title="bbox 435 2885 2012 2964">
    <p class='ocr_par' dir='ltr' id='par_1_47' title="bbox 435 2885 2012 2964">
     <span class='ocr_line' id='line_1_47' title="bbox 435 2885 2012 2964; baseline -0.007 -15"><span class='ocrx_word' id='word_1_305' title='bbox 435 2910 729 2964; x_wconf 87' lang='lat' dir='ltr'><strong>usurpans,</strong></span> <span class='ocrx_word' id='word_1_306' title='bbox 763 2907 943 2961; x_wconf 90' lang='lat' dir='ltr'><strong>neque</strong></span> <span class='ocrx_word' id='word_1_307' title='bbox 970 2895 986 2909; x_wconf 88' lang='lat'><strong><em>‘</em></strong></span> <span class='ocrx_word' id='word_1_308' title='bbox 1015 2907 1045 2945; x_wconf 91' lang='lat' dir='ltr'><strong>a</strong></span> <span class='ocrx_word' id='word_1_309' title='bbox 1071 2889 1400 2951; x_wconf 84' lang='lat' dir='ltr'><strong>canonibus,</strong></span> <span class='ocrx_word' id='word_1_310' title='bbox 1426 2902 1605 2955; x_wconf 89' lang='lat' dir='ltr'><strong>neque</strong></span> <span class='ocrx_word' id='word_1_311' title='bbox 1627 2901 1656 2939; x_wconf 88' lang='lat' dir='ltr'><strong>a</strong></span> <span class='ocrx_word' id='word_1_312' title='bbox 1677 2886 1875 2941; x_wconf 81' lang='lat' dir='ltr'><strong>vestris</strong></span> <span class='ocrx_word' id='word_1_313' title='bbox 1893 2885 2012 2938; x_wconf 85' lang='lat' dir='ltr'><strong>edi-</strong></span> 
     </span>
    </p>
   </div>
   <div class='ocr_carea' id='block_1_48' title="bbox 2101 1705 3684 1778">
    <p class='ocr_par' dir='ltr' id='par_1_48' title="bbox 2101 1705 3684 1778">
     <span class='ocr_line' id='line_1_48' title="bbox 2101 1705 3684 1778; baseline -0.003 -18"><span class='ocrx_word' id='word_1_314' title='bbox 2101 1707 2461 1778; x_wconf 78' lang='grc' dir='ltr'>παρηνόμησε</span> <span class='ocrx_word' id='word_1_315' title='bbox 2509 1707 2802 1776; x_wconf 78' lang='grc' dir='ltr'>θέσπισμα,</span> <span class='ocrx_word' id='word_1_316' title='bbox 2834 1706 2920 1758; x_wconf 84' lang='grc' dir='ltr'>διὰ</span> <span class='ocrx_word' id='word_1_317' title='bbox 2952 1705 3169 1758; x_wconf 83' lang='grc' dir='ltr'>πάντων</span> <span class='ocrx_word' id='word_1_318' title='bbox 3208 1705 3268 1757; x_wconf 79' lang='grc' dir='ltr'>τὸ</span> <span class='ocrx_word' id='word_1_319' title='bbox 3304 1706 3684 1758; x_wconf 81' lang='grc' dir='ltr'>ἀκαθοσίωτον</span> 
     </span>
    </p>
   </div>
   <div class='ocr_carea' id='block_1_49' title="bbox 2103 1799 3684 1870">
    <p class='ocr_par' dir='ltr' id='par_1_49' title="bbox 2103 1799 3684 1870">
     <span class='ocr_line' id='line_1_49' title="bbox 2103 1799 3684 1870; baseline -0.003 -17"><span class='ocrx_word' id='word_1_320' title='bbox 2103 1800 2265 1854; x_wconf 89' lang='grc' dir='ltr'>αὐτοῦ</span> <span class='ocrx_word' id='word_1_321' title='bbox 2301 1799 2534 1864; x_wconf 84' lang='grc' dir='ltr'>δεικνύς.</span> <span class='ocrx_word' id='word_1_322' title='bbox 2579 1799 2684 1852; x_wconf 81' lang='grc' dir='ltr'>Τοῦ</span> <span class='ocrx_word' id='word_1_323' title='bbox 2733 1802 2840 1870; x_wconf 85' lang='grc' dir='ltr'><strong>γὰρ</strong></span> <span class='ocrx_word' id='word_1_324' title='bbox 2890 1801 3155 1870; x_wconf 79' lang='grc' dir='ltr'>ὑμετέρου</span> <span class='ocrx_word' id='word_1_325' title='bbox 3217 1799 3452 1868; x_wconf 71' lang='grc' dir='ltr'>κράτους</span> <span class='ocrx_word' id='word_1_326' title='bbox 3494 1799 3684 1850; x_wconf 77' lang='grc' dir='ltr'>θεσπί-</span> 
     </span>
    </p>
   </div>
   <div class='ocr_carea' id='block_1_50' title="bbox 2104 1889 3683 1964">
    <p class='ocr_par' dir='ltr' id='par_1_50' title="bbox 2104 1889 3683 1964">
     <span class='ocr_line' id='line_1_50' title="bbox 2104 1889 3683 1964; baseline -0.003 -18"><span class='ocrx_word' id='word_1_327' title='bbox 2104 1909 2296 1956; x_wconf 81' lang='grc' dir='ltr'>σαντος</span> <span class='ocrx_word' id='word_1_328' title='bbox 2318 1893 2445 1964; x_wconf 74' lang='grc' dir='ltr'>περὶ</span> <span class='ocrx_word' id='word_1_329' title='bbox 2475 1893 2708 1956; x_wconf 84' lang='grc' dir='ltr'>πίστεως</span> <span class='ocrx_word' id='word_1_330' title='bbox 2739 1891 2836 1962; x_wconf 78' lang='grc' dir='ltr'>τὴν</span> <span class='ocrx_word' id='word_1_331' title='bbox 2868 1891 3109 1954; x_wconf 79' lang='grc' dir='ltr'>ἐξέτασιν</span> <span class='ocrx_word' id='word_1_332' title='bbox 3132 1891 3406 1958; x_wconf 87' lang='grc' dir='ltr'>γενέσθαι,</span> <span class='ocrx_word' id='word_1_333' title='bbox 3452 1891 3547 1943; x_wconf 71' lang='grc' dir='ltr'><strong>καὶ</strong></span> <span class='ocrx_word' id='word_1_334' title='bbox 3579 1889 3683 1948; x_wconf 72' lang='grc' dir='ltr'><strong>βά-</strong></span> 
     </span>
    </p>
   </div>
   <div class='ocr_carea' id='block_1_51' title="bbox 2106 1979 3684 2053">
    <p class='ocr_par' dir='ltr' id='par_1_51' title="bbox 2106 1979 3684 2053">
     <span class='ocr_line' id='line_1_51' title="bbox 2106 1979 3684 2053; baseline -0.005 -17"><span class='ocrx_word' id='word_1_335' title='bbox 2106 1999 2264 2036; x_wconf 87' lang='grc' dir='ltr'>σανον</span> <span class='ocrx_word' id='word_1_336' title='bbox 2313 1983 2513 2053; x_wconf 81' lang='grc' dir='ltr'>ἀκριϐῆ</span> <span class='ocrx_word' id='word_1_337' title='bbox 2566 1984 2663 2052; x_wconf 78' lang='grc' dir='ltr'><strong>τὴν</strong></span> <span class='ocrx_word' id='word_1_338' title='bbox 2717 1982 2834 2052; x_wconf 77' lang='grc' dir='ltr'>μεθ’</span> <span class='ocrx_word' id='word_1_339' title='bbox 2865 1980 3113 2051; x_wconf 77' lang='grc' dir='ltr'>ὁμονοίας</span> <span class='ocrx_word' id='word_1_340' title='bbox 3158 1981 3252 2032; x_wconf 69' lang='grc' dir='ltr'><strong>καὶ</strong></span> <span class='ocrx_word' id='word_1_341' title='bbox 3297 1981 3520 2049; x_wconf 73' lang='grc' dir='ltr'>εἰρήνης</span> <span class='ocrx_word' id='word_1_342' title='bbox 3567 1979 3684 2029; x_wconf 77' lang='grc' dir='ltr'>τῶν</span> 
     </span>
    </p>
   </div>
   <div class='ocr_carea' id='block_1_52' title="bbox 2106 2071 3686 2143">
    <p class='ocr_par' dir='ltr' id='par_1_52' title="bbox 2106 2071 3686 2143">
     <span class='ocr_line' id='line_1_52' title="bbox 2106 2071 3686 2143; baseline -0.004 -16"><span class='ocrx_word' id='word_1_343' title='bbox 2106 2074 2343 2127; x_wconf 58' lang='grc' dir='ltr'>πάντων</span> <span class='ocrx_word' id='word_1_344' title='bbox 2376 2077 2404 2127; x_wconf 85' lang='grc' dir='ltr'>ὁ</span> <span class='ocrx_word' id='word_1_345' title='bbox 2435 2072 2698 2143; x_wconf 81' lang='grc' dir='ltr'>Κύριλλος</span> <span class='ocrx_word' id='word_1_346' title='bbox 2734 2074 2823 2125; x_wconf 69' lang='grc' dir='ltr'>ἐπὶ</span> <span class='ocrx_word' id='word_1_347' title='bbox 2848 2075 2955 2135; x_wconf 82' lang='grc' dir='ltr'>τοῖς</span> <span class='ocrx_word' id='word_1_348' title='bbox 2995 2071 3368 2139; x_wconf 85' lang='grc' dir='ltr'>Ἀπολιναρίου</span> <span class='ocrx_word' id='word_1_349' title='bbox 3412 2071 3686 2138; x_wconf 71' lang='grc' dir='ltr'>δόγμασιν</span> 
     </span>
    </p>
   </div>
   <div class='ocr_carea' id='block_1_53' title="bbox 2105 2159 3686 2234">
    <p class='ocr_par' dir='ltr' id='par_1_53' title="bbox 2105 2159 3686 2234">
     <span class='ocr_line' id='line_1_53' title="bbox 2105 2159 3686 2234; baseline -0.005 -16"><span class='ocrx_word' id='word_1_350' title='bbox 2105 2165 2525 2234; x_wconf 78' lang='grc' dir='ltr'>ἐγκαλούμενος,</span> <span class='ocrx_word' id='word_1_351' title='bbox 2565 2163 2762 2234; x_wconf 82' lang='grc' dir='ltr'>μᾶλλον</span> <span class='ocrx_word' id='word_1_352' title='bbox 2793 2163 2849 2215; x_wconf 84' lang='grc' dir='ltr'>δὲ</span> <span class='ocrx_word' id='word_1_353' title='bbox 2886 2162 3046 2225; x_wconf 85' lang='grc' dir='ltr'>αὐτὸς</span> <span class='ocrx_word' id='word_1_354' title='bbox 3086 2162 3278 2215; x_wconf 71' lang='grc' dir='ltr'>ἑαυτὸν</span> <span class='ocrx_word' id='word_1_355' title='bbox 3324 2159 3572 2226; x_wconf 78' lang='grc' dir='ltr'>ἐλέγξας,</span> <span class='ocrx_word' id='word_1_356' title='bbox 3610 2161 3686 2210; x_wconf 71' lang='grc' dir='ltr'>δι’</span> 
     </span>
    </p>
   </div>
   <div class='ocr_carea' id='block_1_54' title="bbox 2107 2251 3690 2326">
    <p class='ocr_par' dir='ltr' id='par_1_54' title="bbox 2107 2251 3690 2326">
     <span class='ocr_line' id='line_1_54' title="bbox 2107 2251 3690 2326; baseline -0.008 -13"><span class='ocrx_word' id='word_1_357' title='bbox 2107 2252 2181 2311; x_wconf 77' lang='grc' dir='ltr'>ὧν</span> <span class='ocrx_word' id='word_1_358' title='bbox 2207 2256 2395 2326; x_wconf 86' lang='grc' dir='ltr'>πρώην</span> <span class='ocrx_word' id='word_1_359' title='bbox 2427 2259 2505 2318; x_wconf 82' lang='grc' dir='ltr'>εἰς</span> <span class='ocrx_word' id='word_1_360' title='bbox 2532 2257 2630 2325; x_wconf 78' lang='grc' dir='ltr'><strong>τὴν</strong></span> <span class='ocrx_word' id='word_1_361' title='bbox 2666 2254 2909 2324; x_wconf 76' lang='grc' dir='ltr'>βασιλίδα</span> <span class='ocrx_word' id='word_1_362' title='bbox 2935 2254 3085 2306; x_wconf 76' lang='grc' dir='ltr'>πόλιν</span> <span class='ocrx_word' id='word_1_363' title='bbox 3122 2254 3238 2322; x_wconf 77' lang='grc' dir='ltr'>μετ’</span> <span class='ocrx_word' id='word_1_364' title='bbox 3272 2251 3406 2315; x_wconf 77' lang='grc' dir='ltr'>ιδίας</span> <span class='ocrx_word' id='word_1_365' title='bbox 3439 2253 3690 2320; x_wconf 76' lang='grc' dir='ltr'>ὑπογρα-</span> 
     </span>
    </p>
   </div>
   <div class='ocr_carea' id='block_1_55' title="bbox 2109 2338 3691 2418">
    <p class='ocr_par' dir='ltr' id='par_1_55' title="bbox 2109 2338 3691 2418">
     <span class='ocr_line' id='line_1_55' title="bbox 2109 2338 3691 2418; baseline -0.013 -13"><span class='ocrx_word' id='word_1_366' title='bbox 2109 2353 2214 2418; x_wconf 68' lang='grc' dir='ltr'>φῆς</span> <span class='ocrx_word' id='word_1_367' title='bbox 2249 2347 2534 2400; x_wconf 82' lang='grc' dir='ltr'>ἀπέστειλε</span> <span class='ocrx_word' id='word_1_368' title='bbox 2582 2349 2697 2417; x_wconf 77' lang='grc' dir='ltr'>μετ’</span> <span class='ocrx_word' id='word_1_369' title='bbox 2731 2345 3209 2414; x_wconf 80' lang='grc' dir='ltr'>ἀναθεματισμῶν,</span> <span class='ocrx_word' id='word_1_370' title='bbox 3248 2346 3305 2395; x_wconf 86' lang='grc' dir='ltr'><strong>ἐν</strong></span> <span class='ocrx_word' id='word_1_371' title='bbox 3347 2338 3428 2406; x_wconf 70' lang='grc' dir='ltr'>οἷς</span> <span class='ocrx_word' id='word_1_372' title='bbox 3472 2344 3542 2395; x_wconf 80' lang='grc' dir='ltr'>τὰ</span> <span class='ocrx_word' id='word_1_373' title='bbox 3588 2343 3691 2395; x_wconf 61' lang='grc' dir='ltr'><strong>τοῦ</strong></span> 
     </span>
    </p>
   </div>
   <div class='ocr_carea' id='block_1_56' title="bbox 2107 2435 3691 2507">
    <p class='ocr_par' dir='ltr' id='par_1_56' title="bbox 2107 2435 3691 2507">
     <span class='ocr_line' id='line_1_56' title="bbox 2107 2435 3691 2507; baseline -0.005 -16"><span class='ocrx_word' id='word_1_374' title='bbox 2107 2439 2399 2502; x_wconf 83' lang='grc' dir='ltr'>δυσσεϐοῦς</span> <span class='ocrx_word' id='word_1_375' title='bbox 2437 2440 2531 2491; x_wconf 69' lang='grc' dir='ltr'><strong>καὶ</strong></span> <span class='ocrx_word' id='word_1_376' title='bbox 2571 2436 2848 2507; x_wconf 79' lang='grc' dir='ltr'>αἱρετικοῦ</span> <span class='ocrx_word' id='word_1_377' title='bbox 2887 2435 3258 2504; x_wconf 77' lang='grc' dir='ltr'>’Λπολιναρίου</span> <span class='ocrx_word' id='word_1_378' title='bbox 3305 2436 3516 2505; x_wconf 74' lang='grc' dir='ltr'>φρονῶν</span> <span class='ocrx_word' id='word_1_379' title='bbox 3558 2437 3691 2505; x_wconf 75' lang='grc' dir='ltr'>ἐλή-</span> 
     </span>
    </p>
   </div>
   <div class='ocr_carea' id='block_1_57' title="bbox 2108 2527 3695 2598">
    <p class='ocr_par' dir='ltr' id='par_1_57' title="bbox 2108 2527 3695 2598">
     <span class='ocr_line' id='line_1_57' title="bbox 2108 2527 3695 2598; baseline -0.003 -16"><span class='ocrx_word' id='word_1_380' title='bbox 2108 2531 2353 2598; x_wconf 87' lang='grc' dir='ltr'>λεγκται,</span> <span class='ocrx_word' id='word_1_381' title='bbox 2381 2530 2473 2582; x_wconf 76' lang='grc' dir='ltr'><strong>καὶ</strong></span> <span class='ocrx_word' id='word_1_382' title='bbox 2504 2529 2713 2592; x_wconf 78' lang='grc' dir='ltr'>οὐδενὸς</span> <span class='ocrx_word' id='word_1_383' title='bbox 2735 2528 2938 2582; x_wconf 86' lang='grc' dir='ltr'>τούτων</span> <span class='ocrx_word' id='word_1_384' title='bbox 2965 2527 3274 2597; x_wconf 75' lang='grc' dir='ltr'>φροντίσας,</span> <span class='ocrx_word' id='word_1_385' title='bbox 3306 2527 3380 2590; x_wconf 84' lang='grc' dir='ltr'>ὡς</span> <span class='ocrx_word' id='word_1_386' title='bbox 3403 2527 3460 2579; x_wconf 89' lang='grc' dir='ltr'><strong>ἐν</strong></span> <span class='ocrx_word' id='word_1_387' title='bbox 3493 2527 3695 2579; x_wconf 77' lang='grc' dir='ltr'>ἀϐασι-</span> 
     </span>
    </p>
   </div>
   <div class='ocr_carea' id='block_1_58' title="bbox 2109 2618 3692 2691">
    <p class='ocr_par' dir='ltr' id='par_1_58' title="bbox 2109 2618 3692 2691">
     <span class='ocr_line' id='line_1_58' title="bbox 2109 2618 3692 2691; baseline -0.003 -16"><span class='ocrx_word' id='word_1_388' title='bbox 2109 2624 2319 2684; x_wconf 76' lang='grc' dir='ltr'>λεύτοις</span> <span class='ocrx_word' id='word_1_389' title='bbox 2354 2625 2588 2691; x_wconf 78' lang='grc' dir='ltr'>καιροῖς,</span> <span class='ocrx_word' id='word_1_390' title='bbox 2614 2624 2781 2690; x_wconf 87' lang='grc' dir='ltr'><strong>χωρεῖ</strong></span> <span class='ocrx_word' id='word_1_391' title='bbox 2813 2621 2946 2691; x_wconf 76' lang='grc' dir='ltr'>πρὸς</span> <span class='ocrx_word' id='word_1_392' title='bbox 2974 2621 3151 2672; x_wconf 81' lang='grc' dir='ltr'>πᾶσαν</span> <span class='ocrx_word' id='word_1_393' title='bbox 3191 2618 3559 2688; x_wconf 76' lang='grc' dir='ltr'>παρανομίαν·</span> <span class='ocrx_word' id='word_1_394' title='bbox 3595 2621 3692 2670; x_wconf 69' lang='grc' dir='ltr'><strong>καὶ</strong></span> 
     </span>
    </p>
   </div>
   <div class='ocr_carea' id='block_1_59' title="bbox 2109 2705 3690 2781">
    <p class='ocr_par' dir='ltr' id='par_1_59' title="bbox 2109 2705 3690 2781">
     <span class='ocr_line' id='line_1_59' title="bbox 2109 2705 3690 2781; baseline -0.003 -16"><span class='ocrx_word' id='word_1_395' title='bbox 2109 2714 2226 2766; x_wconf 87' lang='grc' dir='ltr'>δέον</span> <span class='ocrx_word' id='word_1_396' title='bbox 2260 2713 2416 2781; x_wconf 81' lang='grc' dir='ltr'>λόγον</span> <span class='ocrx_word' id='word_1_397' title='bbox 2447 2712 2627 2764; x_wconf 86' lang='grc' dir='ltr'>δοῦναι</span> <span class='ocrx_word' id='word_1_398' title='bbox 2676 2712 2814 2781; x_wconf 78' lang='grc' dir='ltr'>ὑπὲρ</span> <span class='ocrx_word' id='word_1_399' title='bbox 2858 2705 2931 2764; x_wconf 86' lang='grc' dir='ltr'>ὧν</span> <span class='ocrx_word' id='word_1_400' title='bbox 2978 2711 3348 2781; x_wconf 70' lang='grc' dir='ltr'>διεφθαρμένη</span> <span class='ocrx_word' id='word_1_401' title='bbox 3380 2711 3585 2780; x_wconf 73' lang='grc' dir='ltr'>χρῆται</span> <span class='ocrx_word' id='word_1_402' title='bbox 3615 2715 3690 2779; x_wconf 73' lang='grc' dir='ltr'>τῇ</span> 
     </span>
    </p>
   </div>
   <div class='ocr_carea' id='block_1_60' title="bbox 2111 2801 3688 2875">
    <p class='ocr_par' dir='ltr' id='par_1_60' title="bbox 2111 2801 3688 2875">
     <span class='ocr_line' id='line_1_60' title="bbox 2111 2801 3688 2875; baseline -0.003 -19"><span class='ocrx_word' id='word_1_403' title='bbox 2111 2805 2243 2875; x_wconf 58' lang='grc' dir='ltr'><strong>’περὶ⁵</strong></span> <span class='ocrx_word' id='word_1_404' title='bbox 2271 2803 2362 2856; x_wconf 85' lang='grc' dir='ltr'><strong>τὸν</strong></span> <span class='ocrx_word' id='word_1_405' title='bbox 2397 2803 2599 2874; x_wconf 79' lang='grc' dir='ltr'>Κύριον</span> <span class='ocrx_word' id='word_1_406' title='bbox 2628 2803 2783 2873; x_wconf 80' lang='grc' dir='ltr'>ἡμῶν</span> <span class='ocrx_word' id='word_1_407' title='bbox 2819 2801 3021 2873; x_wconf 81' lang='grc' dir='ltr'>Ἰησοῦν</span> <span class='ocrx_word' id='word_1_408' title='bbox 3049 2802 3281 2872; x_wconf 80' lang='grc' dir='ltr'>Χριστὸν</span> <span class='ocrx_word' id='word_1_409' title='bbox 3315 2801 3464 2870; x_wconf 80' lang='grc' dir='ltr'>δόξῃ,</span> <span class='ocrx_word' id='word_1_410' title='bbox 3502 2803 3688 2871; x_wconf 76' lang='grc' dir='ltr'>ἁρπά-</span> 
     </span>
    </p>
   </div>
   <div class='ocr_carea' id='block_1_61' title="bbox 2113 2892 3690 2965">
    <p class='ocr_par' dir='ltr' id='par_1_61' title="bbox 2113 2892 3690 2965">
     <span class='ocr_line' id='line_1_61' title="bbox 2113 2892 3690 2965; baseline -0.001 -17"><span class='ocrx_word' id='word_1_411' title='bbox 2113 2913 2212 2958; x_wconf 85' lang='grc' dir='ltr'><strong>σας</strong></span> <span class='ocrx_word' id='word_1_412' title='bbox 2249 2895 2426 2965; x_wconf 83' lang='grc' dir='ltr'>ἐαυτῷ</span> <span class='ocrx_word' id='word_1_413' title='bbox 2454 2895 2550 2965; x_wconf 85' lang='grc' dir='ltr'><strong>τὴν</strong></span> <span class='ocrx_word' id='word_1_414' title='bbox 2578 2894 2880 2956; x_wconf 87' lang='grc' dir='ltr'>αὐθεντίαν,</span> <span class='ocrx_word' id='word_1_415' title='bbox 2912 2893 3008 2964; x_wconf 78' lang='grc' dir='ltr'>τὴν</span> <span class='ocrx_word' id='word_1_416' title='bbox 3048 2896 3181 2964; x_wconf 75' lang='grc' dir='ltr'>μήτε</span> <span class='ocrx_word' id='word_1_417' title='bbox 3214 2892 3362 2963; x_wconf 79' lang='grc' dir='ltr'>παρὰ</span> <span class='ocrx_word' id='word_1_418' title='bbox 3383 2892 3490 2946; x_wconf 83' lang='grc' dir='ltr'><strong>τῶν</strong></span> <span class='ocrx_word' id='word_1_419' title='bbox 3523 2895 3690 2946; x_wconf 72' lang='grc' dir='ltr'>κανδ-</span> 
     </span>
    </p>
   </div>
   <div class='ocr_carea' id='block_1_62' title="bbox 431 2972 2007 3056">
    <p class='ocr_par' dir='ltr' id='par_1_62' title="bbox 431 2975 2007 3046">
     <span class='ocr_line' id='line_1_62' title="bbox 431 2975 2007 3046; baseline -0.009 -3"><span class='ocrx_word' id='word_1_420' title='bbox 431 2991 536 3043; x_wconf 88' lang='lat' dir='ltr'><strong>ctis</strong></span> <span class='ocrx_word' id='word_1_421' title='bbox 576 2987 628 3040; x_wconf 86' lang='lat' dir='ltr'><strong>ei</strong></span> <span class='ocrx_word' id='word_1_422' title='bbox 671 2999 987 3039; x_wconf 88' lang='lat' dir='ltr'><strong>concessam</strong></span> <span class='ocrx_word' id='word_1_423' title='bbox 1015 3023 1028 3045; x_wconf 97' lang='lat'><strong>,</strong></span> <span class='ocrx_word' id='word_1_424' title='bbox 1084 2981 1138 3034; x_wconf 91' lang='lat' dir='ltr'><strong>in</strong></span> <span class='ocrx_word' id='word_1_425' title='bbox 1177 2994 1336 3033; x_wconf 90' lang='lat' dir='ltr'><strong>omne</strong></span> <span class='ocrx_word' id='word_1_426' title='bbox 1360 2993 1532 3046; x_wconf 82' lang='lat' dir='ltr'><strong>genus</strong></span> <span class='ocrx_word' id='word_1_427' title='bbox 1561 2975 1920 3030; x_wconf 77' lang='lat' dir='ltr'><strong>immodestia:</strong></span> <span class='ocrx_word' id='word_1_428' title='bbox 1945 2991 2007 3030; x_wconf 88' lang='lat' dir='ltr'><strong>ac</strong></span> 
     </span>
    </p>
   </div>
   <div class='ocr_carea' id='block_1_63' title="bbox 2117 2972 3691 3056">
    <p class='ocr_par' dir='ltr' id='par_1_63' title="bbox 2117 2981 3691 3056">
     <span class='ocr_line' id='line_1_63' title="bbox 2117 2981 3691 3056; baseline -0.003 -18"><span class='ocrx_word' id='word_1_429' title='bbox 2117 3003 2217 3038; x_wconf 86' lang='grc' dir='ltr'><strong>νων</strong></span> <span class='ocrx_word' id='word_1_430' title='bbox 2243 2986 2390 3055; x_wconf 84' lang='grc' dir='ltr'>αὐτῷ</span> <span class='ocrx_word' id='word_1_431' title='bbox 2418 2986 2726 3055; x_wconf 83' lang='grc' dir='ltr'>δεδομένην,</span> <span class='ocrx_word' id='word_1_432' title='bbox 2759 2986 2893 3056; x_wconf 77' lang='grc' dir='ltr'>μήτε</span> <span class='ocrx_word' id='word_1_433' title='bbox 2924 2985 3031 3038; x_wconf 81' lang='grc' dir='ltr'><strong>ἀπὸ</strong></span> <span class='ocrx_word' id='word_1_434' title='bbox 3060 2983 3166 3036; x_wconf 85' lang='grc' dir='ltr'><strong>τῶν</strong></span> <span class='ocrx_word' id='word_1_435' title='bbox 3196 2984 3476 3053; x_wconf 83' lang='grc' dir='ltr'>ὑμετέρων</span> <span class='ocrx_word' id='word_1_436' title='bbox 3503 2981 3691 3036; x_wconf 76' lang='grc' dir='ltr'>θεσπι-</span> 
     </span>
    </p>
   </div>
   <div class='ocr_carea' id='block_1_64' title="bbox 433 3075 813 3134">
    <p class='ocr_par' dir='ltr' id='par_1_64' title="bbox 433 3075 813 3134">
     <span class='ocr_line' id='line_1_64' title="bbox 433 3075 813 3134; baseline -0.018 0"><span class='ocrx_word' id='word_1_437' title='bbox 433 3076 661 3134; x_wconf 85' lang='lat' dir='ltr'><strong>sceleris</strong></span> <span class='ocrx_word' id='word_1_438' title='bbox 684 3075 813 3128; x_wconf 87' lang='lat' dir='ltr'><strong>ruit.</strong></span> 
     </span>
    </p>
   </div>
   <div class='ocr_carea' id='block_1_65' title="bbox 505 3251 2012 3325">
    <p class='ocr_par' dir='ltr' id='par_1_65' title="bbox 505 3251 2012 3325">
     <span class='ocr_line' id='line_1_65' title="bbox 505 3251 2012 3325; baseline -0.006 -13"><span class='ocrx_word' id='word_1_439' title='bbox 505 3258 874 3325; x_wconf 86' lang='lat' dir='ltr'><strong>Quamobrem</strong></span> <span class='ocrx_word' id='word_1_440' title='bbox 929 3263 1077 3308; x_wconf 87' lang='lat' dir='ltr'><strong>mota</strong></span> <span class='ocrx_word' id='word_1_441' title='bbox 1109 3260 1295 3306; x_wconf 83' lang='lat' dir='ltr'><strong>sancta</strong></span> <span class='ocrx_word' id='word_1_442' title='bbox 1327 3251 1584 3321; x_wconf 81' lang='lat' dir='ltr'><strong>synodus,</strong></span> <span class='ocrx_word' id='word_1_443' title='bbox 1637 3266 1757 3319; x_wconf 73' lang='lat' dir='ltr'><strong>quae</strong></span> <span class='ocrx_word' id='word_1_444' title='bbox 1781 3265 1890 3304; x_wconf 91' lang='lat' dir='ltr'><strong>non</strong></span> <span class='ocrx_word' id='word_1_445' title='bbox 1911 3264 2012 3320; x_wconf 87' lang='lat' dir='ltr'><strong>ap-</strong></span> 
     </span>
    </p>
   </div>
   <div class='ocr_carea' id='block_1_66' title="bbox 434 3341 2013 3422">
    <p class='ocr_par' dir='ltr' id='par_1_66' title="bbox 434 3341 2013 3422">
     <span class='ocr_line' id='line_1_66' title="bbox 434 3341 2013 3422; baseline -0.008 -17"><span class='ocrx_word' id='word_1_446' title='bbox 434 3351 689 3422; x_wconf 80' lang='lat' dir='ltr'><strong>probavit</strong></span> <span class='ocrx_word' id='word_1_447' title='bbox 727 3350 848 3420; x_wconf 76' lang='lat' dir='ltr'><strong>ejus</strong></span> <span class='ocrx_word' id='word_1_448' title='bbox 885 3345 1306 3400; x_wconf 87' lang='lat' dir='ltr'><strong>adinventiones</strong></span> <span class='ocrx_word' id='word_1_449' title='bbox 1331 3343 1453 3396; x_wconf 83' lang='lat' dir='ltr'><strong>ﬁdei</strong></span> <span class='ocrx_word' id='word_1_450' title='bbox 1489 3342 1794 3411; x_wconf 80' lang='lat' dir='ltr'><strong>pestiferas,</strong></span> <span class='ocrx_word' id='word_1_451' title='bbox 1832 3341 2013 3410; x_wconf 90' lang='lat' dir='ltr'><strong>ipsum</strong></span> 
     </span>
    </p>
   </div>
   <div class='ocr_carea' id='block_1_67' title="bbox 435 3433 2014 3515">
    <p class='ocr_par' dir='ltr' id='par_1_67' title="bbox 435 3433 2014 3515">
     <span class='ocr_line' id='line_1_67' title="bbox 435 3433 2014 3515; baseline -0.007 -18"><span class='ocrx_word' id='word_1_452' title='bbox 435 3443 659 3515; x_wconf 82' lang='lat' dir='ltr'><strong>quidem</strong></span> <span class='ocrx_word' id='word_1_453' title='bbox 687 3439 914 3510; x_wconf 90' lang='lat' dir='ltr'><strong>deponit</strong></span> <span class='ocrx_word' id='word_1_454' title='bbox 965 3444 1190 3507; x_wconf 88' lang='lat' dir='ltr'><strong>propter</strong></span> <span class='ocrx_word' id='word_1_455' title='bbox 1221 3435 1477 3504; x_wconf 72' lang='lat' dir='ltr'><strong>praedicta</strong></span> <span class='ocrx_word' id='word_1_456' title='bbox 1502 3435 1685 3487; x_wconf 87' lang='lat' dir='ltr'><strong>omnia</strong></span> <span class='ocrx_word' id='word_1_457' title='bbox 1719 3452 1732 3486; x_wconf 95' lang='lat'>:</span> <span class='ocrx_word' id='word_1_458' title='bbox 1769 3433 2014 3488; x_wconf 76' lang='lat' dir='ltr'><strong>Memno-</strong></span> 
     </span>
    </p>
   </div>
   <div class='ocr_carea' id='block_1_68' title="bbox 436 3520 2015 3593">
    <p class='ocr_par' dir='ltr' id='par_1_68' title="bbox 436 3520 2015 3593">
     <span class='ocr_line' id='line_1_68' title="bbox 436 3520 2015 3593; baseline -0.008 -8"><span class='ocrx_word' id='word_1_459' title='bbox 436 3547 560 3586; x_wconf 88' lang='lat' dir='ltr'><strong>nem</strong></span> <span class='ocrx_word' id='word_1_460' title='bbox 587 3546 742 3593; x_wconf 89' lang='lat' dir='ltr'><strong>vero,</strong></span> <span class='ocrx_word' id='word_1_461' title='bbox 769 3529 918 3582; x_wconf 88' lang='lat' dir='ltr'><strong>velut</strong></span> <span class='ocrx_word' id='word_1_462' title='bbox 939 3525 1326 3580; x_wconf 88' lang='lat' dir='ltr'><strong>administrum</strong></span> <span class='ocrx_word' id='word_1_463' title='bbox 1347 3523 1486 3592; x_wconf 86' lang='lat' dir='ltr'><strong>ejus,</strong></span> <span class='ocrx_word' id='word_1_464' title='bbox 1509 3529 1564 3575; x_wconf 90' lang='lat' dir='ltr'><strong>et</strong></span> <span class='ocrx_word' id='word_1_465' title='bbox 1582 3520 2015 3575; x_wconf 85' lang='lat' dir='ltr'><strong>commilitonem</strong></span> 
     </span>
    </p>
   </div>
   <div class='ocr_carea' id='block_1_69' title="bbox 437 3612 2016 3688">
    <p class='ocr_par' dir='ltr' id='par_1_69' title="bbox 437 3612 2016 3688">
     <span class='ocr_line' id='line_1_69' title="bbox 437 3612 2016 3688; baseline -0.009 -10"><span class='ocrx_word' id='word_1_466' title='bbox 437 3625 492 3678; x_wconf 90' lang='lat' dir='ltr'><strong>in</strong></span> <span class='ocrx_word' id='word_1_467' title='bbox 517 3622 797 3684; x_wconf 90' lang='lat' dir='ltr'><strong>omnibus,</strong></span> <span class='ocrx_word' id='word_1_468' title='bbox 826 3619 996 3688; x_wconf 90' lang='lat' dir='ltr'><strong>quiet</strong></span> <span class='ocrx_word' id='word_1_469' title='bbox 1021 3617 1336 3686; x_wconf 83' lang='lat' dir='ltr'><strong>innumeras</strong></span> <span class='ocrx_word' id='word_1_470' title='bbox 1359 3613 1549 3666; x_wconf 85' lang='lat' dir='ltr'><strong>turbas</strong></span> <span class='ocrx_word' id='word_1_471' title='bbox 1573 3622 1764 3666; x_wconf 85' lang='lat' dir='ltr'><strong>contra</strong></span> <span class='ocrx_word' id='word_1_472' title='bbox 1787 3612 2016 3665; x_wconf 87' lang='lat' dir='ltr'><strong>sanctis-</strong></span> 
     </span>
    </p>
   </div>
   <div class='ocr_carea' id='block_1_70' title="bbox 437 3701 2014 3781">
    <p class='ocr_par' dir='ltr' id='par_1_70' title="bbox 437 3701 2014 3781">
     <span class='ocr_line' id='line_1_70' title="bbox 437 3701 2014 3781; baseline -0.008 -14"><span class='ocrx_word' id='word_1_473' title='bbox 437 3714 607 3768; x_wconf 84' lang='lat' dir='ltr'><strong>simos</strong></span> <span class='ocrx_word' id='word_1_474' title='bbox 632 3711 941 3781; x_wconf 89' lang='lat' dir='ltr'><strong>episcopos,</strong></span> <span class='ocrx_word' id='word_1_475' title='bbox 993 3721 1173 3776; x_wconf 73' lang='lat' dir='ltr'><strong>pravze</strong></span> <span class='ocrx_word' id='word_1_476' title='bbox 1201 3704 1349 3758; x_wconf 89' lang='lat' dir='ltr'><strong>illius</strong></span> <span class='ocrx_word' id='word_1_477' title='bbox 1382 3718 1444 3756; x_wconf 85' lang='lat' dir='ltr'><strong>ac</strong></span> <span class='ocrx_word' id='word_1_478' title='bbox 1471 3703 1742 3757; x_wconf 74' lang='lat' dir='ltr'><strong>haeretica:</strong></span> <span class='ocrx_word' id='word_1_479' title='bbox 1765 3701 2014 3771; x_wconf 89' lang='lat' dir='ltr'><strong>opinioni</strong></span> 
     </span>
    </p>
   </div>
   <div class='ocr_carea' id='block_1_71' title="bbox 436 3794 2012 3862">
    <p class='ocr_par' dir='ltr' id='par_1_71' title="bbox 436 3794 2012 3862">
     <span class='ocr_line' id='line_1_71' title="bbox 436 3794 2012 3862; baseline -0.008 -4"><span class='ocrx_word' id='word_1_480' title='bbox 436 3802 696 3858; x_wconf 84' lang='lat' dir='ltr'><strong>assentiri</strong></span> <span class='ocrx_word' id='word_1_481' title='bbox 739 3807 1078 3861; x_wconf 88' lang='lat' dir='ltr'><strong>recusantes,</strong></span> <span class='ocrx_word' id='word_1_482' title='bbox 1128 3795 1416 3860; x_wconf 78' lang='lat' dir='ltr'><strong>excitavit;</strong></span> <span class='ocrx_word' id='word_1_483' title='bbox 1475 3804 1529 3848; x_wconf 90' lang='lat' dir='ltr'><strong>et</strong></span> <span class='ocrx_word' id='word_1_484' title='bbox 1553 3794 1818 3849; x_wconf 88' lang='lat' dir='ltr'><strong>ecclesias</strong></span> <span class='ocrx_word' id='word_1_485' title='bbox 1846 3804 2012 3862; x_wconf 89' lang='lat' dir='ltr'><strong>atque</strong></span> 
     </span>
    </p>
   </div>
   <div class='ocr_carea' id='block_1_72' title="bbox 438 3886 2013 3956">
    <p class='ocr_par' dir='ltr' id='par_1_72' title="bbox 438 3886 2013 3956">
     <span class='ocr_line' id='line_1_72' title="bbox 438 3886 2013 3956; baseline -0.008 -6"><span class='ocrx_word' id='word_1_486' title='bbox 438 3894 678 3950; x_wconf 86' lang='lat' dir='ltr'><strong>oratoria</strong></span> <span class='ocrx_word' id='word_1_487' title='bbox 701 3891 884 3947; x_wconf 88' lang='lat' dir='ltr'><strong>omnia</strong></span> <span class='ocrx_word' id='word_1_488' title='bbox 906 3887 1197 3951; x_wconf 91' lang='lat' dir='ltr'><strong>conclusit,</strong></span> <span class='ocrx_word' id='word_1_489' title='bbox 1223 3887 1380 3956; x_wconf 88' lang='lat' dir='ltr'><strong>quasi</strong></span> <span class='ocrx_word' id='word_1_490' title='bbox 1406 3886 1660 3940; x_wconf 86' lang='lat' dir='ltr'><strong>adessent</strong></span> <span class='ocrx_word' id='word_1_491' title='bbox 1682 3901 2013 3955; x_wconf 76' lang='lat' dir='ltr'><strong>paganorum</strong></span> 
     </span>
    </p>
   </div>
   <div class='ocr_carea' id='block_1_73' title="bbox 427 3976 2015 4049">
    <p class='ocr_par' dir='ltr' id='par_1_73' title="bbox 427 3976 2015 4049">
     <span class='ocr_line' id='line_1_73' title="bbox 427 3976 2015 4049; baseline -0.006 -8"><span class='ocrx_word' id='word_1_492' title='bbox 427 3995 494 4042; x_wconf 80' lang='lat' dir='ltr'><strong>et</strong></span> <span class='ocrx_word' id='word_1_493' title='bbox 523 3983 765 4039; x_wconf 86' lang='lat' dir='ltr'><strong>hostium</strong></span> <span class='ocrx_word' id='word_1_494' title='bbox 794 3981 893 4035; x_wconf 76' lang='lat' dir='ltr'><strong>ltei</strong></span> <span class='ocrx_word' id='word_1_495' title='bbox 923 3987 1202 4049; x_wconf 85' lang='lat' dir='ltr'><strong>tempora;</strong></span> <span class='ocrx_word' id='word_1_496' title='bbox 1257 3987 1314 4031; x_wconf 89' lang='lat' dir='ltr'><strong>et</strong></span> <span class='ocrx_word' id='word_1_497' title='bbox 1339 3978 1534 4046; x_wconf 85' lang='lat' dir='ltr'><strong>vulgus</strong></span> <span class='ocrx_word' id='word_1_498' title='bbox 1563 3976 1803 4046; x_wconf 82' lang='lat' dir='ltr'><strong>regionis</strong></span> <span class='ocrx_word' id='word_1_499' title='bbox 1830 3977 2015 4046; x_wconf 84' lang='lat' dir='ltr'><strong>Ephe-</strong></span> 
     </span>
    </p>
   </div>
   <div class='ocr_carea' id='block_1_74' title="bbox 439 4068 2016 4138">
    <p class='ocr_par' dir='ltr' id='par_1_74' title="bbox 439 4068 2016 4138">
     <span class='ocr_line' id='line_1_74' title="bbox 439 4068 2016 4138; baseline -0.008 -4"><span class='ocrx_word' id='word_1_500' title='bbox 439 4079 647 4134; x_wconf 89' lang='lat' dir='ltr'><strong>siorum</strong></span> <span class='ocrx_word' id='word_1_501' title='bbox 666 4073 995 4136; x_wconf 73' lang='lat' dir='ltr'><strong>introduxit,</strong></span> <span class='ocrx_word' id='word_1_502' title='bbox 1022 4073 1160 4126; x_wconf 87' lang='lat' dir='ltr'><strong>adeo</strong></span> <span class='ocrx_word' id='word_1_503' title='bbox 1185 4080 1244 4125; x_wconf 93' lang='lat' dir='ltr'><strong>ut</strong></span> <span class='ocrx_word' id='word_1_504' title='bbox 1271 4071 1431 4125; x_wconf 89' lang='lat' dir='ltr'><strong>nobis</strong></span> <span class='ocrx_word' id='word_1_505' title='bbox 1452 4068 1698 4138; x_wconf 88' lang='lat' dir='ltr'><strong>quotidie</strong></span> <span class='ocrx_word' id='word_1_506' title='bbox 1721 4068 1788 4122; x_wconf 89' lang='lat' dir='ltr'><strong>de</strong></span> <span class='ocrx_word' id='word_1_507' title='bbox 1803 4083 2016 4123; x_wconf 90' lang='lat' dir='ltr'><strong>summa</strong></span> 
     </span>
    </p>
   </div>
   <div class='ocr_carea' id='block_1_75' title="bbox 442 4158 2012 4234">
    <p class='ocr_par' dir='ltr' id='par_1_75' title="bbox 442 4158 2012 4234">
     <span class='ocr_line' id='line_1_75' title="bbox 442 4158 2012 4234; baseline -0.004 -14"><span class='ocrx_word' id='word_1_508' title='bbox 442 4181 626 4220; x_wconf 89' lang='lat' dir='ltr'><strong>rerum</strong></span> <span class='ocrx_word' id='word_1_509' title='bbox 659 4162 1086 4234; x_wconf 88' lang='lat' dir='ltr'><strong>periclitandum</strong></span> <span class='ocrx_word' id='word_1_510' title='bbox 1126 4162 1218 4225; x_wconf 88' lang='lat' dir='ltr'><strong>sit,</strong></span> <span class='ocrx_word' id='word_1_511' title='bbox 1270 4161 1399 4214; x_wconf 92' lang='lat' dir='ltr'><strong>dum</strong></span> <span class='ocrx_word' id='word_1_512' title='bbox 1440 4175 1550 4212; x_wconf 88' lang='lat' dir='ltr'><strong>non</strong></span> <span class='ocrx_word' id='word_1_513' title='bbox 1581 4158 1647 4212; x_wconf 89' lang='lat' dir='ltr'><strong>dc</strong></span> <span class='ocrx_word' id='word_1_514' title='bbox 1673 4158 2012 4224; x_wconf 83' lang='lat' dir='ltr'><strong>defensione,</strong></span> 
     </span>
    </p>
   </div>
   <div class='ocr_carea' id='block_1_76' title="bbox 440 4247 2013 4319">
    <p class='ocr_par' dir='ltr' id='par_1_76' title="bbox 440 4247 2013 4319">
     <span class='ocr_line' id='line_1_76' title="bbox 440 4247 2013 4319; baseline -0.004 -10"><span class='ocrx_word' id='word_1_515' title='bbox 440 4255 536 4309; x_wconf 89' lang='lat' dir='ltr'><strong>sed</strong></span> <span class='ocrx_word' id='word_1_516' title='bbox 567 4254 633 4308; x_wconf 92' lang='lat' dir='ltr'><strong>de</strong></span> <span class='ocrx_word' id='word_1_517' title='bbox 661 4253 825 4308; x_wconf 90' lang='lat' dir='ltr'><strong>rectis</strong></span> <span class='ocrx_word' id='word_1_518' title='bbox 850 4251 978 4306; x_wconf 82' lang='lat' dir='ltr'><strong>ﬁdei</strong></span> <span class='ocrx_word' id='word_1_519' title='bbox 1003 4249 1354 4319; x_wconf 83' lang='lat' dir='ltr'><strong>dogmatibus</strong></span> <span class='ocrx_word' id='word_1_520' title='bbox 1377 4247 1702 4317; x_wconf 84' lang='lat' dir='ltr'><strong>cogitamus.</strong></span> <span class='ocrx_word' id='word_1_521' title='bbox 1736 4247 1848 4302; x_wconf 88' lang='lat' dir='ltr'><strong>llos</strong></span> <span class='ocrx_word' id='word_1_522' title='bbox 1864 4249 2013 4304; x_wconf 86' lang='lat' dir='ltr'><strong>enim</strong></span> 
     </span>
    </p>
   </div>
   <div class='ocr_carea' id='block_1_77' title="bbox 441 4338 2013 4408">
    <p class='ocr_par' dir='ltr' id='par_1_77' title="bbox 441 4338 2013 4408">
     <span class='ocr_line' id='line_1_77' title="bbox 441 4338 2013 4408; baseline -0.003 -8"><span class='ocrx_word' id='word_1_523' title='bbox 441 4345 765 4400; x_wconf 87' lang='lat' dir='ltr'><strong>abscindere</strong></span> <span class='ocrx_word' id='word_1_524' title='bbox 797 4344 935 4397; x_wconf 85' lang='lat' dir='ltr'><strong>nihil</strong></span> <span class='ocrx_word' id='word_1_525' title='bbox 968 4341 1117 4404; x_wconf 80' lang='lat' dir='ltr'><strong>aliud</strong></span> <span class='ocrx_word' id='word_1_526' title='bbox 1148 4349 1251 4405; x_wconf 87' lang='lat' dir='ltr'><strong>est,</strong></span> <span class='ocrx_word' id='word_1_527' title='bbox 1289 4355 1452 4408; x_wconf 90' lang='lat' dir='ltr'><strong>quam</strong></span> <span class='ocrx_word' id='word_1_528' title='bbox 1483 4350 1686 4392; x_wconf 90' lang='lat' dir='ltr'><strong>rectam</strong></span> <span class='ocrx_word' id='word_1_529' title='bbox 1713 4338 1876 4394; x_wconf 80' lang='lat' dir='ltr'><strong>tidem</strong></span> <span class='ocrx_word' id='word_1_530' title='bbox 1900 4347 2013 4395; x_wconf 89' lang='lat' dir='ltr'><strong>sta-</strong></span> 
     </span>
    </p>
   </div>
   <div class='ocr_carea' id='block_1_78' title="bbox 441 4444 614 4488">
    <p class='ocr_par' dir='ltr' id='par_1_78' title="bbox 441 4444 614 4488">
     <span class='ocr_line' id='line_1_78' title="bbox 441 4444 614 4488; baseline 0.006 -1"><span class='ocrx_word' id='word_1_531' title='bbox 441 4444 614 4488; x_wconf 86' lang='lat' dir='ltr'><strong>tuere.</strong></span> 
     </span>
    </p>
   </div>
   <div class='ocr_carea' id='block_1_79' title="bbox 519 4523 2016 4597">
    <p class='ocr_par' dir='ltr' id='par_1_79' title="bbox 519 4523 2016 4597">
     <span class='ocr_line' id='line_1_79' title="bbox 519 4523 2016 4597; baseline -0.003 -16"><span class='ocrx_word' id='word_1_532' title='bbox 519 4527 727 4597; x_wconf 76' lang='lat'><strong>1325</strong></span> <span class='ocrx_word' id='word_1_533' title='bbox 744 4525 950 4580; x_wconf 81' lang='lat' dir='ltr'><strong>Poterit</strong></span> <span class='ocrx_word' id='word_1_534' title='bbox 977 4533 1162 4578; x_wconf 88' lang='lat' dir='ltr'><strong>autem</strong></span> <span class='ocrx_word' id='word_1_535' title='bbox 1190 4524 1444 4591; x_wconf 85' lang='lat' dir='ltr'><strong>majestas</strong></span> <span class='ocrx_word' id='word_1_536' title='bbox 1468 4533 1667 4587; x_wconf 84' lang='lat' dir='ltr'><strong>vestra,</strong></span> <span class='ocrx_word' id='word_1_537' title='bbox 1689 4523 1773 4577; x_wconf 84' lang='lat' dir='ltr'><strong>vel</strong></span> <span class='ocrx_word' id='word_1_538' title='bbox 1791 4540 1858 4578; x_wconf 87' lang='lat' dir='ltr'><strong>ex</strong></span> <span class='ocrx_word' id='word_1_539' title='bbox 1881 4523 2016 4593; x_wconf 91' lang='lat' dir='ltr'><strong>ipsis</strong></span> 
     </span>
    </p>
   </div>
   <div class='ocr_carea' id='block_1_80' title="bbox 443 4614 2011 4688">
    <p class='ocr_par' dir='ltr' id='par_1_80' title="bbox 443 4614 2011 4688">
     <span class='ocr_line' id='line_1_80' title="bbox 443 4614 2011 4688; baseline -0.004 -15"><span class='ocrx_word' id='word_1_540' title='bbox 443 4620 594 4674; x_wconf 87' lang='lat' dir='ltr'><strong>illius</strong></span> <span class='ocrx_word' id='word_1_541' title='bbox 615 4617 888 4688; x_wconf 88' lang='lat' dir='ltr'><strong>capitibus</strong></span> <span class='ocrx_word' id='word_1_542' title='bbox 932 4616 1153 4684; x_wconf 89' lang='lat' dir='ltr'><strong>impiam</strong></span> <span class='ocrx_word' id='word_1_543' title='bbox 1177 4615 1295 4684; x_wconf 84' lang='lat' dir='ltr'><strong>ejus</strong></span> <span class='ocrx_word' id='word_1_544' title='bbox 1320 4614 1644 4668; x_wconf 88' lang='lat' dir='ltr'><strong>sententiam</strong></span> <span class='ocrx_word' id='word_1_545' title='bbox 1675 4629 1968 4685; x_wconf 87' lang='lat' dir='ltr'><strong>agnoscere</strong></span> <span class='ocrx_word' id='word_1_546' title='bbox 1999 4633 2011 4667; x_wconf 91' lang='lat'>:</span> 
     </span>
    </p>
   </div>
   <div class='ocr_carea' id='block_1_81' title="bbox 444 4705 2014 4780">
    <p class='ocr_par' dir='ltr' id='par_1_81' title="bbox 444 4705 2014 4780">
     <span class='ocr_line' id='line_1_81' title="bbox 444 4705 2014 4780; baseline -0.005 -16"><span class='ocrx_word' id='word_1_547' title='bbox 444 4711 670 4780; x_wconf 88' lang='lat' dir='ltr'><strong>impium</strong></span> <span class='ocrx_word' id='word_1_548' title='bbox 711 4709 858 4762; x_wconf 89' lang='lat' dir='ltr'><strong>enim</strong></span> <span class='ocrx_word' id='word_1_549' title='bbox 901 4707 1340 4777; x_wconf 82' lang='lat' dir='ltr'><strong>Apollinarium,</strong></span> <span class='ocrx_word' id='word_1_550' title='bbox 1399 4705 1452 4758; x_wconf 90' lang='lat' dir='ltr'><strong>in</strong></span> <span class='ocrx_word' id='word_1_551' title='bbox 1499 4706 1692 4760; x_wconf 69' lang='lat' dir='ltr'><strong>IIIBI‘CSi</strong></span> <span class='ocrx_word' id='word_1_552' title='bbox 1727 4707 1835 4776; x_wconf 81' lang='lat' dir='ltr'><strong>jam</strong></span> <span class='ocrx_word' id='word_1_553' title='bbox 1865 4721 2014 4758; x_wconf 85' lang='lat' dir='ltr'><strong>mor-</strong></span> 
     </span>
    </p>
   </div>
   <div class='ocr_carea' id='block_1_82' title="bbox 445 4797 2016 4870">
    <p class='ocr_par' dir='ltr' id='par_1_82' title="bbox 445 4797 2016 4870">
     <span class='ocr_line' id='line_1_82' title="bbox 445 4797 2016 4870; baseline -0.003 -15"><span class='ocrx_word' id='word_1_554' title='bbox 445 4811 622 4865; x_wconf 88' lang='lat' dir='ltr'><strong>tuum,</strong></span> <span class='ocrx_word' id='word_1_555' title='bbox 660 4799 815 4870; x_wconf 87' lang='lat' dir='ltr'><strong>quasi</strong></span> <span class='ocrx_word' id='word_1_556' title='bbox 844 4814 910 4852; x_wconf 77' lang='lat' dir='ltr'><strong>ex</strong></span> <span class='ocrx_word' id='word_1_557' title='bbox 932 4798 1147 4852; x_wconf 77' lang='lat' dir='ltr'><strong>inferno</strong></span> <span class='ocrx_word' id='word_1_558' title='bbox 1168 4798 1430 4861; x_wconf 79' lang='lat' dir='ltr'><strong>excitare,</strong></span> <span class='ocrx_word' id='word_1_559' title='bbox 1455 4809 1509 4850; x_wconf 91' lang='lat' dir='ltr'><strong>et</strong></span> <span class='ocrx_word' id='word_1_560' title='bbox 1534 4806 1722 4852; x_wconf 86' lang='lat' dir='ltr'><strong>contra</strong></span> <span class='ocrx_word' id='word_1_561' title='bbox 1744 4797 2016 4852; x_wconf 87' lang='lat' dir='ltr'><strong>Ecclesias</strong></span> 
     </span>
    </p>
   </div>
   <div class='ocr_carea' id='block_1_83' title="bbox 443 4888 2018 4956">
    <p class='ocr_par' dir='ltr' id='par_1_83' title="bbox 443 4888 2018 4956">
     <span class='ocr_line' id='line_1_83' title="bbox 443 4888 2018 4956; baseline -0.004 -8"><span class='ocrx_word' id='word_1_562' title='bbox 443 4901 497 4948; x_wconf 86' lang='lat' dir='ltr'><strong>et</strong></span> <span class='ocrx_word' id='word_1_563' title='bbox 547 4902 748 4948; x_wconf 87' lang='lat' dir='ltr'><strong>rectam</strong></span> <span class='ocrx_word' id='word_1_564' title='bbox 794 4890 954 4945; x_wconf 83' lang='lat' dir='ltr'><strong>ﬁdem</strong></span> <span class='ocrx_word' id='word_1_565' title='bbox 1011 4889 1065 4942; x_wconf 91' lang='lat' dir='ltr'><strong>in</strong></span> <span class='ocrx_word' id='word_1_566' title='bbox 1102 4889 1275 4944; x_wconf 86' lang='lat' dir='ltr'><strong>aciem</strong></span> <span class='ocrx_word' id='word_1_567' title='bbox 1303 4888 1541 4942; x_wconf 89' lang='lat' dir='ltr'><strong>educere</strong></span> <span class='ocrx_word' id='word_1_568' title='bbox 1567 4888 1923 4956; x_wconf 89' lang='lat' dir='ltr'><strong>comperitur,</strong></span> <span class='ocrx_word' id='word_1_569' title='bbox 1961 4896 2018 4942; x_wconf 89' lang='lat' dir='ltr'><strong>et</strong></span> 
     </span>
    </p>
   </div>
   <div class='ocr_carea' id='block_1_84' title="bbox 445 4980 2019 5050">
    <p class='ocr_par' dir='ltr' id='par_1_84' title="bbox 445 4980 2019 5050">
     <span class='ocr_line' id='line_1_84' title="bbox 445 4980 2019 5050; baseline -0.003 -12"><span class='ocrx_word' id='word_1_570' title='bbox 445 4983 908 5038; x_wconf 86' lang='lat' dir='ltr'><strong>auatbematizare</strong></span> <span class='ocrx_word' id='word_1_571' title='bbox 957 4981 1012 5036; x_wconf 87' lang='lat' dir='ltr'><strong>in</strong></span> <span class='ocrx_word' id='word_1_572' title='bbox 1043 4981 1159 5036; x_wconf 90' lang='lat' dir='ltr'><strong>suis</strong></span> <span class='ocrx_word' id='word_1_573' title='bbox 1186 4980 1624 5050; x_wconf 79' lang='lat' dir='ltr'><strong>expositionibus</strong></span> <span class='ocrx_word' id='word_1_574' title='bbox 1657 4980 2019 5050; x_wconf 86' lang='lat' dir='ltr'><strong>evangelistas</strong></span> 
     </span>
    </p>
   </div>
   <div class='ocr_carea' id='block_1_85' title="bbox 445 5067 2017 5141">
    <p class='ocr_par' dir='ltr' id='par_1_85' title="bbox 445 5067 2017 5141">
     <span class='ocr_line' id='line_1_85' title="bbox 445 5067 2017 5141; baseline -0.002 -15"><span class='ocrx_word' id='word_1_575' title='bbox 445 5072 610 5127; x_wconf 84' lang='lat' dir='ltr'><strong>simul</strong></span> <span class='ocrx_word' id='word_1_576' title='bbox 659 5080 716 5125; x_wconf 90' lang='lat' dir='ltr'><strong>et</strong></span> <span class='ocrx_word' id='word_1_577' title='bbox 763 5071 1058 5141; x_wconf 87' lang='lat' dir='ltr'><strong>apostolos,</strong></span> <span class='ocrx_word' id='word_1_578' title='bbox 1114 5077 1170 5123; x_wconf 93' lang='lat' dir='ltr'><strong>et</strong></span> <span class='ocrx_word' id='word_1_579' title='bbox 1196 5076 1318 5138; x_wconf 90' lang='lat' dir='ltr'><strong>post</strong></span> <span class='ocrx_word' id='word_1_580' title='bbox 1341 5067 1483 5131; x_wconf 90' lang='lat' dir='ltr'><strong>illos,</strong></span> <span class='ocrx_word' id='word_1_581' title='bbox 1536 5068 1797 5122; x_wconf 68' lang='lat' dir='ltr'><strong>Ecclesia:</strong></span> <span class='ocrx_word' id='word_1_582' title='bbox 1822 5085 2017 5139; x_wconf 84' lang='lat' dir='ltr'><strong>proge-</strong></span> 
     </span>
    </p>
   </div>
   <div class='ocr_carea' id='block_1_86' title="bbox 443 5157 2022 5230">
    <p class='ocr_par' dir='ltr' id='par_1_86' title="bbox 443 5157 2022 5230">
     <span class='ocr_line' id='line_1_86' title="bbox 443 5157 2022 5230; baseline -0.003 -14"><span class='ocrx_word' id='word_1_583' title='bbox 443 5163 674 5224; x_wconf 88' lang='lat' dir='ltr'><strong>nitores,</strong></span> <span class='ocrx_word' id='word_1_584' title='bbox 722 5162 815 5230; x_wconf 90' lang='lat' dir='ltr'><strong>qui</strong></span> <span class='ocrx_word' id='word_1_585' title='bbox 866 5177 895 5214; x_wconf 88' lang='lat' dir='ltr'><strong>a</strong></span> <span class='ocrx_word' id='word_1_586' title='bbox 945 5159 1151 5230; x_wconf 89' lang='lat' dir='ltr'><strong>Spiritu</strong></span> <span class='ocrx_word' id='word_1_587' title='bbox 1183 5168 1391 5221; x_wconf 87' lang='lat' dir='ltr'><strong>sancto,</strong></span> <span class='ocrx_word' id='word_1_588' title='bbox 1420 5173 1529 5211; x_wconf 92' lang='lat' dir='ltr'><strong>non</strong></span> <span class='ocrx_word' id='word_1_589' title='bbox 1559 5173 1588 5210; x_wconf 93' lang='lat' dir='ltr'><strong>a</strong></span> <span class='ocrx_word' id='word_1_590' title='bbox 1613 5158 1848 5226; x_wconf 87' lang='lat' dir='ltr'><strong>propriis</strong></span> <span class='ocrx_word' id='word_1_591' title='bbox 1872 5157 2022 5226; x_wconf 85' lang='lat' dir='ltr'><strong>cogi-</strong></span> 
     </span>
    </p>
   </div>
   <div class='ocr_carea' id='block_1_87' title="bbox 446 5249 2019 5321">
    <p class='ocr_par' dir='ltr' id='par_1_87' title="bbox 446 5249 2019 5321">
     <span class='ocr_line' id='line_1_87' title="bbox 446 5249 2019 5321; baseline -0.001 -17"><span class='ocrx_word' id='word_1_592' title='bbox 446 5252 748 5307; x_wconf 87' lang='lat' dir='ltr'><strong>tationibus</strong></span> <span class='ocrx_word' id='word_1_593' title='bbox 792 5252 1032 5321; x_wconf 88' lang='lat' dir='ltr'><strong>impulsi,</strong></span> <span class='ocrx_word' id='word_1_594' title='bbox 1071 5250 1214 5319; x_wconf 86' lang='lat' dir='ltr'><strong>piam</strong></span> <span class='ocrx_word' id='word_1_595' title='bbox 1251 5249 1413 5304; x_wconf 78' lang='lat' dir='ltr'><strong>fidem</strong></span> <span class='ocrx_word' id='word_1_596' title='bbox 1459 5249 1916 5318; x_wconf 66' lang='lat' dir='ltr'><strong>praedicaverunt,</strong></span> <span class='ocrx_word' id='word_1_597' title='bbox 1962 5257 2019 5302; x_wconf 83' lang='lat' dir='ltr'><strong>et</strong></span> 
     </span>
    </p>
   </div>
   <div class='ocr_carea' id='block_1_88' title="bbox 445 5343 2016 5415">
    <p class='ocr_par' dir='ltr' id='par_1_88' title="bbox 445 5343 2016 5415">
     <span class='ocr_line' id='line_1_88' title="bbox 445 5343 2016 5415; baseline -0.001 -17"><span class='ocrx_word' id='word_1_598' title='bbox 445 5344 798 5415; x_wconf 77' lang='lat' dir='ltr'><strong>Evangelium</strong></span> <span class='ocrx_word' id='word_1_599' title='bbox 824 5343 1317 5405; x_wconf 88' lang='lat' dir='ltr'><strong>annuntiaverunt,</strong></span> <span class='ocrx_word' id='word_1_600' title='bbox 1353 5350 1544 5396; x_wconf 91' lang='lat' dir='ltr'><strong>contra</strong></span> <span class='ocrx_word' id='word_1_601' title='bbox 1571 5357 1692 5396; x_wconf 89' lang='lat' dir='ltr'><strong>eam</strong></span> <span class='ocrx_word' id='word_1_602' title='bbox 1721 5358 1882 5410; x_wconf 88' lang='lat' dir='ltr'><strong>quam</strong></span> <span class='ocrx_word' id='word_1_603' title='bbox 1910 5343 2016 5396; x_wconf 87' lang='lat' dir='ltr'><strong>iste</strong></span> 
     </span>
    </p>
   </div>
   <div class='ocr_carea' id='block_1_89' title="bbox 444 5433 2015 5504">
    <p class='ocr_par' dir='ltr' id='par_1_89' title="bbox 444 5433 2015 5504">
     <span class='ocr_line' id='line_1_89' title="bbox 444 5433 2015 5504; baseline 0.002 -19"><span class='ocrx_word' id='word_1_604' title='bbox 444 5445 500 5486; x_wconf 80' lang='lat' dir='ltr'><strong>et</strong></span> <span class='ocrx_word' id='word_1_605' title='bbox 551 5436 693 5503; x_wconf 85' lang='lat' dir='ltr'><strong>sapit</strong></span> <span class='ocrx_word' id='word_1_606' title='bbox 753 5444 808 5488; x_wconf 90' lang='lat' dir='ltr'><strong>et</strong></span> <span class='ocrx_word' id='word_1_607' title='bbox 854 5434 1134 5502; x_wconf 87' lang='lat' dir='ltr'><strong>loquitur,</strong></span> <span class='ocrx_word' id='word_1_608' title='bbox 1195 5433 1674 5504; x_wconf 48' lang='lat' dir='ltr'><strong>praecipiendoque</strong></span> <span class='ocrx_word' id='word_1_609' title='bbox 1695 5435 1812 5485; x_wconf 88' lang='lat' dir='ltr'><strong>vult</strong></span> <span class='ocrx_word' id='word_1_610' title='bbox 1835 5434 2015 5488; x_wconf 83' lang='lat' dir='ltr'><strong>ubivis</strong></span> 
     </span>
    </p>
   </div>
   <div class='ocr_carea' id='block_1_90' title="bbox 2114 3072 3686 3150">
    <p class='ocr_par' dir='ltr' id='par_1_90' title="bbox 2114 3072 3686 3150">
     <span class='ocr_line' id='line_1_90' title="bbox 2114 3072 3686 3150; baseline -0.003 -19"><span class='ocrx_word' id='word_1_611' title='bbox 2114 3079 2356 3148; x_wconf 85' lang='grc' dir='ltr'>σμάτων,</span> <span class='ocrx_word' id='word_1_612' title='bbox 2389 3081 2536 3150; x_wconf 80' lang='grc' dir='ltr'>ὁρμᾷ</span> <span class='ocrx_word' id='word_1_613' title='bbox 2565 3080 2699 3150; x_wconf 79' lang='grc' dir='ltr'>πρὸς</span> <span class='ocrx_word' id='word_1_614' title='bbox 2728 3081 2831 3132; x_wconf 80' lang='grc' dir='ltr'><strong>πᾶν</strong></span> <span class='ocrx_word' id='word_1_615' title='bbox 2878 3072 3016 3140; x_wconf 78' lang='grc' dir='ltr'>εἶδος</span> <span class='ocrx_word' id='word_1_616' title='bbox 3049 3075 3272 3142; x_wconf 78' lang='grc' dir='ltr'>ἀταξίας</span> <span class='ocrx_word' id='word_1_617' title='bbox 3309 3076 3405 3128; x_wconf 64' lang='grc' dir='ltr'><strong>καὶ⁸</strong></span> <span class='ocrx_word' id='word_1_618' title='bbox 3442 3091 3686 3145; x_wconf 81' lang='grc' dir='ltr'>παρανο-</span> 
     </span>
    </p>
   </div>
   <div class='ocr_carea' id='block_1_91' title="bbox 2116 3171 2263 3241">
    <p class='ocr_par' dir='ltr' id='par_1_91' title="bbox 2116 3171 2263 3241">
     <span class='ocr_line' id='line_1_91' title="bbox 2116 3171 2263 3241; baseline 0.007 -18"><span class='ocrx_word' id='word_1_619' title='bbox 2116 3171 2263 3241; x_wconf 87' lang='grc' dir='ltr'>μίας.</span> 
     </span>
    </p>
   </div>
   <div class='ocr_carea' id='block_1_92' title="bbox 2184 3259 3694 3332">
    <p class='ocr_par' dir='ltr' id='par_1_92' title="bbox 2184 3259 3694 3332">
     <span class='ocr_line' id='line_1_92' title="bbox 2184 3259 3694 3332; baseline -0.003 -18"><span class='ocrx_word' id='word_1_620' title='bbox 2184 3263 2310 3314; x_wconf 73' lang='grc' dir='ltr'><strong>Ἐπὶ</strong></span> <span class='ocrx_word' id='word_1_621' title='bbox 2338 3262 2548 3324; x_wconf 81' lang='grc' dir='ltr'>τούτοις</span> <span class='ocrx_word' id='word_1_622' title='bbox 2577 3261 2858 3332; x_wconf 86' lang='grc' dir='ltr'>κινηθεῖσα</span> <span class='ocrx_word' id='word_1_623' title='bbox 2884 3263 2917 3330; x_wconf 79' lang='grc' dir='ltr'><strong>ἡ</strong></span> <span class='ocrx_word' id='word_1_624' title='bbox 2949 3259 3076 3326; x_wconf 74' lang='grc' dir='ltr'>ἁγία</span> <span class='ocrx_word' id='word_1_625' title='bbox 3105 3259 3337 3324; x_wconf 80' lang='grc' dir='ltr'>σύνοδος,</span> <span class='ocrx_word' id='word_1_626' title='bbox 3363 3261 3394 3329; x_wconf 78' lang='grc' dir='ltr'><strong>ἡ</strong></span> <span class='ocrx_word' id='word_1_627' title='bbox 3425 3259 3485 3311; x_wconf 85' lang='grc' dir='ltr'><strong>οὐ</strong></span> <span class='ocrx_word' id='word_1_628' title='bbox 3516 3273 3694 3327; x_wconf 82' lang='grc' dir='ltr'>παρα-</span> 
     </span>
    </p>
   </div>
   <div class='ocr_carea' id='block_1_93' title="bbox 2113 3348 3686 3423">
    <p class='ocr_par' dir='ltr' id='par_1_93' title="bbox 2113 3348 3686 3423">
     <span class='ocr_line' id='line_1_93' title="bbox 2113 3348 3686 3423; baseline -0.003 -17"><span class='ocrx_word' id='word_1_629' title='bbox 2113 3352 2378 3423; x_wconf 76' lang='grc' dir='ltr'>δεξαμένη</span> <span class='ocrx_word' id='word_1_630' title='bbox 2406 3353 2504 3415; x_wconf 86' lang='grc' dir='ltr'>τὰς</span> <span class='ocrx_word' id='word_1_631' title='bbox 2534 3353 2626 3404; x_wconf 68' lang='grc' dir='ltr'>ἐπὶ</span> <span class='ocrx_word' id='word_1_632' title='bbox 2660 3353 2804 3423; x_wconf 78' lang='grc' dir='ltr'>λύμῃ</span> <span class='ocrx_word' id='word_1_633' title='bbox 2837 3353 2933 3421; x_wconf 75' lang='grc' dir='ltr'><strong>τῆς</strong></span> <span class='ocrx_word' id='word_1_634' title='bbox 2964 3353 3197 3414; x_wconf 86' lang='grc' dir='ltr'>πίστεως</span> <span class='ocrx_word' id='word_1_635' title='bbox 3230 3349 3391 3402; x_wconf 85' lang='grc' dir='ltr'>αὐτοῦ</span> <span class='ocrx_word' id='word_1_636' title='bbox 3419 3348 3686 3409; x_wconf 81' lang='grc' dir='ltr'>ἐπινοίας.</span> 
     </span>
    </p>
   </div>
   <div class='ocr_carea' id='block_1_94' title="bbox 2113 3436 3689 3511">
    <p class='ocr_par' dir='ltr' id='par_1_94' title="bbox 2113 3436 3689 3511">
     <span class='ocr_line' id='line_1_94' title="bbox 2113 3436 3689 3511; baseline -0.003 -15"><span class='ocrx_word' id='word_1_637' title='bbox 2113 3441 2301 3496; x_wconf 85' lang='grc' dir='ltr'>τοῦτον</span> <span class='ocrx_word' id='word_1_638' title='bbox 2327 3443 2424 3511; x_wconf 79' lang='grc' dir='ltr'><strong>μὲν</strong></span> <span class='ocrx_word' id='word_1_639' title='bbox 2445 3442 2697 3511; x_wconf 78' lang='grc' dir='ltr'>καθαιρεῖ</span> <span class='ocrx_word' id='word_1_640' title='bbox 2733 3441 2818 3492; x_wconf 79' lang='grc' dir='ltr'><strong>διὰ</strong></span> <span class='ocrx_word' id='word_1_641' title='bbox 2842 3440 2907 3492; x_wconf 76' lang='grc' dir='ltr'>τὰ</span> <span class='ocrx_word' id='word_1_642' title='bbox 2933 3436 3305 3509; x_wconf 75' lang='grc' dir='ltr'>προειρημένα</span> <span class='ocrx_word' id='word_1_643' title='bbox 3343 3441 3535 3492; x_wconf 59' lang='grc' dir='ltr'>πάντων</span> <span class='ocrx_word' id='word_1_644' title='bbox 3571 3440 3689 3491; x_wconf 64' lang='lat' dir='ltr'><strong>Mi-</strong></span> 
     </span>
    </p>
   </div>
   <div class='ocr_carea' id='block_1_95' title="bbox 2118 3527 3690 3603">
    <p class='ocr_par' dir='ltr' id='par_1_95' title="bbox 2118 3527 3690 3603">
     <span class='ocr_line' id='line_1_95' title="bbox 2118 3527 3690 3603; baseline -0.006 -19"><span class='ocrx_word' id='word_1_645' title='bbox 2118 3549 2286 3603; x_wconf 87' lang='grc' dir='ltr'>μνονα</span> <span class='ocrx_word' id='word_1_646' title='bbox 2333 3531 2389 3584; x_wconf 83' lang='grc' dir='ltr'>δὲ</span> <span class='ocrx_word' id='word_1_647' title='bbox 2445 3531 2519 3593; x_wconf 86' lang='grc' dir='ltr'>ὡς</span> <span class='ocrx_word' id='word_1_648' title='bbox 2559 3529 2816 3600; x_wconf 77' lang='grc' dir='ltr'>συνεργὸν</span> <span class='ocrx_word' id='word_1_649' title='bbox 2859 3527 3023 3582; x_wconf 89' lang='grc' dir='ltr'>αὐτοῦ</span> <span class='ocrx_word' id='word_1_650' title='bbox 3069 3530 3162 3580; x_wconf 74' lang='grc' dir='ltr'><strong>καὶ</strong></span> <span class='ocrx_word' id='word_1_651' title='bbox 3196 3527 3597 3595; x_wconf 69' lang='grc' dir='ltr'>συναγωνιστὴν</span> <span class='ocrx_word' id='word_1_652' title='bbox 3627 3529 3690 3577; x_wconf 83' lang='grc' dir='ltr'><strong>ἐν</strong></span> 
     </span>
    </p>
   </div>
   <div class='ocr_carea' id='block_1_96' title="bbox 2118 3617 3687 3692">
    <p class='ocr_par' dir='ltr' id='par_1_96' title="bbox 2118 3617 3687 3692">
     <span class='ocr_line' id='line_1_96' title="bbox 2118 3617 3687 3692; baseline -0.004 -17"><span class='ocrx_word' id='word_1_653' title='bbox 2118 3625 2290 3676; x_wconf 77' lang='grc' dir='ltr'>ἅπασι</span> <span class='ocrx_word' id='word_1_654' title='bbox 2317 3622 2682 3692; x_wconf 80' lang='grc' dir='ltr'>γεγενημένον</span> <span class='ocrx_word' id='word_1_655' title='bbox 2699 3660 2713 3684; x_wconf 87' lang='grc'><strong>,</strong></span> <span class='ocrx_word' id='word_1_656' title='bbox 2739 3620 2833 3672; x_wconf 66' lang='grc' dir='ltr'><strong>καὶ</strong></span> <span class='ocrx_word' id='word_1_657' title='bbox 2869 3619 3092 3690; x_wconf 86' lang='grc' dir='ltr'>μυρίους</span> <span class='ocrx_word' id='word_1_658' title='bbox 3128 3619 3383 3688; x_wconf 71' lang='grc' dir='ltr'>θορύϐους</span> <span class='ocrx_word' id='word_1_659' title='bbox 3408 3617 3547 3669; x_wconf 75' lang='grc' dir='ltr'>κατὰ</span> <span class='ocrx_word' id='word_1_660' title='bbox 3573 3617 3687 3669; x_wconf 80' lang='grc' dir='ltr'><strong>τῶν</strong></span> 
     </span>
    </p>
   </div>
   <div class='ocr_carea' id='block_1_97' title="bbox 2117 3711 3684 3783">
    <p class='ocr_par' dir='ltr' id='par_1_97' title="bbox 2117 3711 3684 3783">
     <span class='ocr_line' id='line_1_97' title="bbox 2117 3711 3684 3783; baseline -0.006 -15"><span class='ocrx_word' id='word_1_661' title='bbox 2117 3715 2435 3783; x_wconf 77' lang='grc' dir='ltr'>ἁγιωτάτων</span> <span class='ocrx_word' id='word_1_662' title='bbox 2477 3713 2812 3774; x_wconf 82' lang='grc' dir='ltr'>ἐπισκόπων,</span> <span class='ocrx_word' id='word_1_663' title='bbox 2858 3713 2964 3763; x_wconf 78' lang='grc' dir='ltr'><strong>τῶν</strong></span> <span class='ocrx_word' id='word_1_664' title='bbox 3001 3711 3287 3763; x_wconf 79' lang='grc' dir='ltr'>συνθέσθαι</span> <span class='ocrx_word' id='word_1_665' title='bbox 3329 3713 3392 3778; x_wconf 78' lang='grc' dir='ltr'>τῇ</span> <span class='ocrx_word' id='word_1_666' title='bbox 3434 3711 3684 3778; x_wconf 75' lang='grc' dir='ltr'>αἱρετικῇ</span> 
     </span>
    </p>
   </div>
   <div class='ocr_carea' id='block_1_98' title="bbox 2118 3800 3681 3872">
    <p class='ocr_par' dir='ltr' id='par_1_98' title="bbox 2118 3800 3681 3872">
     <span class='ocr_line' id='line_1_98' title="bbox 2118 3800 3681 3872; baseline -0.005 -16"><span class='ocrx_word' id='word_1_667' title='bbox 2118 3804 2326 3857; x_wconf 84' lang='grc' dir='ltr'>ἐκείνου</span> <span class='ocrx_word' id='word_1_668' title='bbox 2375 3803 2661 3872; x_wconf 80' lang='grc' dir='ltr'>κακοδοξίᾳ</span> <span class='ocrx_word' id='word_1_669' title='bbox 2707 3803 2780 3872; x_wconf 77' lang='grc' dir='ltr'>μὴ</span> <span class='ocrx_word' id='word_1_670' title='bbox 2804 3801 3214 3871; x_wconf 82' lang='grc' dir='ltr'>ἀνασχομένων,</span> <span class='ocrx_word' id='word_1_671' title='bbox 3246 3800 3554 3870; x_wconf 81' lang='grc' dir='ltr'>ἐγείραντα,</span> <span class='ocrx_word' id='word_1_672' title='bbox 3587 3800 3681 3850; x_wconf 66' lang='grc' dir='ltr'><strong>καὶ</strong></span> 
     </span>
    </p>
   </div>
   <div class='ocr_carea' id='block_1_99' title="bbox 2081 3888 3687 3963">
    <p class='ocr_par' dir='ltr' id='par_1_99' title="bbox 2081 3888 3687 3963">
     <span class='ocr_line' id='line_1_99' title="bbox 2081 3888 3687 3963; baseline -0.006 -17"><span class='ocrx_word' id='word_1_673' title='bbox 2081 3942 2084 3946; x_wconf 89' lang='grc'>.</span> <span class='ocrx_word' id='word_1_674' title='bbox 2116 3894 2214 3958; x_wconf 88' lang='grc' dir='ltr'>τὰς</span> <span class='ocrx_word' id='word_1_675' title='bbox 2247 3893 2540 3963; x_wconf 81' lang='grc' dir='ltr'>ἐκκλησίας</span> <span class='ocrx_word' id='word_1_676' title='bbox 2575 3894 2667 3945; x_wconf 75' lang='grc' dir='ltr'>καὶ</span> <span class='ocrx_word' id='word_1_677' title='bbox 2697 3893 2871 3946; x_wconf 79' lang='grc' dir='ltr'>πάντα</span> <span class='ocrx_word' id='word_1_678' title='bbox 2903 3891 3066 3943; x_wconf 84' lang='grc' dir='ltr'>τόπον</span> <span class='ocrx_word' id='word_1_679' title='bbox 3125 3891 3410 3959; x_wconf 79' lang='grc' dir='ltr'>εὐκτήριον</span> <span class='ocrx_word' id='word_1_680' title='bbox 3443 3888 3687 3939; x_wconf 83' lang='grc' dir='ltr'>κλείσαν-</span> 
     </span>
    </p>
   </div>
   <div class='ocr_carea' id='block_1_100' title="bbox 2117 3979 3686 4052">
    <p class='ocr_par' dir='ltr' id='par_1_100' title="bbox 2117 3979 3686 4052">
     <span class='ocr_line' id='line_1_100' title="bbox 2117 3979 3686 4052; baseline -0.005 -16"><span class='ocrx_word' id='word_1_681' title='bbox 2117 4001 2204 4048; x_wconf 88' lang='grc' dir='ltr'>τα,</span> <span class='ocrx_word' id='word_1_682' title='bbox 2255 3984 2329 4047; x_wconf 85' lang='grc' dir='ltr'>ὼς</span> <span class='ocrx_word' id='word_1_683' title='bbox 2374 3986 2432 4036; x_wconf 85' lang='grc' dir='ltr'><strong>ἐν</strong></span> <span class='ocrx_word' id='word_1_684' title='bbox 2473 3983 2803 4052; x_wconf 77' lang='grc' dir='ltr'>Ἑλληνικοῖς</span> <span class='ocrx_word' id='word_1_685' title='bbox 2847 3983 2939 4035; x_wconf 86' lang='grc' dir='ltr'><strong>καὶ</strong></span> <span class='ocrx_word' id='word_1_686' title='bbox 2987 3981 3270 4051; x_wconf 78' lang='grc' dir='ltr'>θεομάχοις</span> <span class='ocrx_word' id='word_1_687' title='bbox 3311 3981 3534 4049; x_wconf 84' lang='grc' dir='ltr'>καιροῖ;’</span> <span class='ocrx_word' id='word_1_688' title='bbox 3593 3979 3686 4030; x_wconf 68' lang='grc' dir='ltr'>καὶ</span> 
     </span>
    </p>
   </div>
   <div class='ocr_carea' id='block_1_101' title="bbox 2120 4068 3684 4145">
    <p class='ocr_par' dir='ltr' id='par_1_101' title="bbox 2120 4068 3684 4145">
     <span class='ocr_line' id='line_1_101' title="bbox 2120 4068 3684 4145; baseline -0.004 -18"><span class='ocrx_word' id='word_1_689' title='bbox 2120 4075 2324 4143; x_wconf 78' lang='grc' dir='ltr'>πλῆθος</span> <span class='ocrx_word' id='word_1_690' title='bbox 2368 4073 2662 4145; x_wconf 73' lang='grc' dir='ltr'>ἐπιχώριον</span> <span class='ocrx_word' id='word_1_691' title='bbox 2701 4075 2798 4143; x_wconf 81' lang='grc' dir='ltr'>τῆς</span> <span class='ocrx_word' id='word_1_692' title='bbox 2832 4072 3092 4141; x_wconf 69' lang='grc' dir='ltr'>Ἐφεσίων</span> <span class='ocrx_word' id='word_1_693' title='bbox 3132 4072 3581 4138; x_wconf 79' lang='grc' dir='ltr'>ἐπεισαγαγόντα,</span> <span class='ocrx_word' id='word_1_694' title='bbox 3609 4068 3684 4130; x_wconf 83' lang='grc' dir='ltr'><strong>ὡς</strong></span> 
     </span>
    </p>
   </div>
   <div class='ocr_carea' id='block_1_102' title="bbox 2117 4159 3686 4237">
    <p class='ocr_par' dir='ltr' id='par_1_102' title="bbox 2117 4159 3686 4237">
     <span class='ocr_line' id='line_1_102' title="bbox 2117 4159 3686 4237; baseline -0.006 -18"><span class='ocrx_word' id='word_1_695' title='bbox 2117 4170 2246 4237; x_wconf 72' lang='grc' dir='ltr'>περὶ</span> <span class='ocrx_word' id='word_1_696' title='bbox 2273 4164 2368 4218; x_wconf 83' lang='grc' dir='ltr'><strong>τοῦ</strong></span> <span class='ocrx_word' id='word_1_697' title='bbox 2405 4165 2604 4229; x_wconf 75' lang='grc' dir='ltr'>παντὸς</span> <span class='ocrx_word' id='word_1_698' title='bbox 2638 4166 2767 4235; x_wconf 73' lang='grc' dir='ltr'>ἡμῖν</span> <span class='ocrx_word' id='word_1_699' title='bbox 2796 4160 2935 4218; x_wconf 82' lang='grc' dir='ltr'>εἶναι</span> <span class='ocrx_word' id='word_1_700' title='bbox 2968 4163 3090 4216; x_wconf 82' lang='grc' dir='ltr'>καθ’</span> <span class='ocrx_word' id='word_1_701' title='bbox 3119 4163 3354 4232; x_wconf 74' lang='grc' dir='ltr'>ἑκάστην</span> <span class='ocrx_word' id='word_1_702' title='bbox 3386 4163 3474 4214; x_wconf 64' lang='grc' dir='ltr'>τὸν</span> <span class='ocrx_word' id='word_1_703' title='bbox 3511 4159 3686 4212; x_wconf 79' lang='grc' dir='ltr'>κίνδυ-</span> 
     </span>
    </p>
   </div>
   <div class='ocr_carea' id='block_1_103' title="bbox 2117 4251 3688 4329">
    <p class='ocr_par' dir='ltr' id='par_1_103' title="bbox 2117 4251 3688 4329">
     <span class='ocr_line' id='line_1_103' title="bbox 2117 4251 3688 4329; baseline -0.004 -20"><span class='ocrx_word' id='word_1_704' title='bbox 2117 4275 2225 4321; x_wconf 89' lang='grc' dir='ltr'>νον,</span> <span class='ocrx_word' id='word_1_705' title='bbox 2267 4258 2326 4309; x_wconf 86' lang='grc' dir='ltr'><strong>οὐ</strong></span> <span class='ocrx_word' id='word_1_706' title='bbox 2373 4256 2506 4329; x_wconf 83' lang='grc' dir='ltr'>πρὸς</span> <span class='ocrx_word' id='word_1_707' title='bbox 2540 4255 2753 4325; x_wconf 84' lang='grc' dir='ltr'>ἄμυναν</span> <span class='ocrx_word' id='word_1_708' title='bbox 2789 4255 3093 4325; x_wconf 78' lang='grc' dir='ltr'>βλέπουσιν,</span> <span class='ocrx_word' id='word_1_709' title='bbox 3126 4254 3261 4306; x_wconf 75' lang='grc' dir='ltr'>ἀλλὰ</span> <span class='ocrx_word' id='word_1_710' title='bbox 3287 4254 3420 4322; x_wconf 73' lang='grc' dir='ltr'>πρὸς</span> <span class='ocrx_word' id='word_1_711' title='bbox 3455 4253 3521 4304; x_wconf 69' lang='grc' dir='ltr'><strong>τὰ</strong></span> <span class='ocrx_word' id='word_1_712' title='bbox 3553 4251 3688 4320; x_wconf 73' lang='grc' dir='ltr'>ὀρθὰ</span> 
     </span>
    </p>
   </div>
   <div class='ocr_carea' id='block_1_104' title="bbox 2118 4343 3684 4418">
    <p class='ocr_par' dir='ltr' id='par_1_104' title="bbox 2118 4343 3684 4418">
     <span class='ocr_line' id='line_1_104' title="bbox 2118 4343 3684 4418; baseline -0.006 -16"><span class='ocrx_word' id='word_1_713' title='bbox 2118 4349 2364 4418; x_wconf 79' lang='grc' dir='ltr'>δόγματα</span> <span class='ocrx_word' id='word_1_714' title='bbox 2413 4348 2512 4417; x_wconf 71' lang='grc' dir='ltr'>τῆς</span> <span class='ocrx_word' id='word_1_715' title='bbox 2565 4348 2866 4411; x_wconf 76' lang='grc' dir='ltr'>εὐσεϐείας.</span> <span class='ocrx_word' id='word_1_716' title='bbox 2899 4348 2971 4400; x_wconf 78' lang='grc' dir='ltr'>Τὸ</span> <span class='ocrx_word' id='word_1_717' title='bbox 3017 4347 3124 4417; x_wconf 78' lang='grc' dir='ltr'>γὰρ</span> <span class='ocrx_word' id='word_1_718' title='bbox 3167 4346 3388 4406; x_wconf 80' lang='grc' dir='ltr'>τούτους</span> <span class='ocrx_word' id='word_1_719' title='bbox 3437 4343 3684 4410; x_wconf 53' lang='grc' dir='ltr'>ἐκκόψαι,</span> 
     </span>
    </p>
   </div>
   <div class='ocr_carea' id='block_1_105' title="bbox 2118 4437 3439 4509">
    <p class='ocr_par' dir='ltr' id='par_1_105' title="bbox 2118 4437 3439 4509">
     <span class='ocr_line' id='line_1_105' title="bbox 2118 4437 3439 4509; baseline -0.005 -16"><span class='ocrx_word' id='word_1_720' title='bbox 2118 4442 2268 4494; x_wconf 75' lang='grc' dir='ltr'>οὐδὲν</span> <span class='ocrx_word' id='word_1_721' title='bbox 2294 4441 2480 4509; x_wconf 73' lang='grc' dir='ltr'>ἕτερον</span> <span class='ocrx_word' id='word_1_722' title='bbox 2511 4442 2680 4502; x_wconf 87' lang='grc' dir='ltr'>ἐστιν,</span> <span class='ocrx_word' id='word_1_723' title='bbox 2711 4439 2743 4508; x_wconf 84' lang='grc' dir='ltr'>ἢ</span> <span class='ocrx_word' id='word_1_724' title='bbox 2770 4440 2866 4509; x_wconf 82' lang='grc' dir='ltr'>τὴν</span> <span class='ocrx_word' id='word_1_725' title='bbox 2889 4438 3196 4507; x_wconf 80' lang='grc' dir='ltr'>ὁρθοδοξίαν</span> <span class='ocrx_word' id='word_1_726' title='bbox 3227 4437 3439 4506; x_wconf 77' lang='grc' dir='ltr'>στῆσαι.</span> 
     </span>
    </p>
   </div>
   <div class='ocr_carea' id='block_1_106' title="bbox 2197 4523 3687 4600">
    <p class='ocr_par' dir='ltr' id='par_1_106' title="bbox 2197 4523 3687 4600">
     <span class='ocr_line' id='line_1_106' title="bbox 2197 4523 3687 4600; baseline -0.007 -17"><span class='ocrx_word' id='word_1_727' title='bbox 2197 4531 2417 4594; x_wconf 79' lang='grc' dir='ltr'>Ἔξεστι</span> <span class='ocrx_word' id='word_1_728' title='bbox 2453 4531 2507 4582; x_wconf 82' lang='grc' dir='ltr'><strong>δὲ</strong></span> <span class='ocrx_word' id='word_1_729' title='bbox 2541 4531 2694 4600; x_wconf 80' lang='grc' dir='ltr'>ὐμῶν</span> <span class='ocrx_word' id='word_1_730' title='bbox 2741 4530 2818 4600; x_wconf 83' lang='grc' dir='ltr'><strong>τῷ</strong></span> <span class='ocrx_word' id='word_1_731' title='bbox 2859 4531 3047 4600; x_wconf 77' lang='grc' dir='ltr'>κράτει</span> <span class='ocrx_word' id='word_1_732' title='bbox 3080 4527 3140 4593; x_wconf 81' lang='grc' dir='ltr'><strong>ἐξ</strong></span> <span class='ocrx_word' id='word_1_733' title='bbox 3171 4527 3347 4580; x_wconf 81' lang='grc' dir='ltr'>αὐτῶν</span> <span class='ocrx_word' id='word_1_734' title='bbox 3374 4524 3537 4580; x_wconf 87' lang='grc' dir='ltr'>αὐτοῦ</span> <span class='ocrx_word' id='word_1_735' title='bbox 3580 4523 3687 4575; x_wconf 80' lang='grc' dir='ltr'>τῶν</span> 
     </span>
    </p>
   </div>
   <div class='ocr_carea' id='block_1_107' title="bbox 2119 4615 3684 4688">
    <p class='ocr_par' dir='ltr' id='par_1_107' title="bbox 2119 4615 3684 4688">
     <span class='ocr_line' id='line_1_107' title="bbox 2119 4615 3684 4688; baseline -0.005 -16"><span class='ocrx_word' id='word_1_736' title='bbox 2119 4619 2430 4686; x_wconf 78' lang='grc' dir='ltr'>κεφαλαίων</span> <span class='ocrx_word' id='word_1_737' title='bbox 2461 4617 2519 4671; x_wconf 70' lang='grc' dir='ltr'>τὸ</span> <span class='ocrx_word' id='word_1_738' title='bbox 2560 4619 2817 4682; x_wconf 82' lang='grc' dir='ltr'>δυσσεϐὲς</span> <span class='ocrx_word' id='word_1_739' title='bbox 2860 4617 3024 4672; x_wconf 82' lang='grc' dir='ltr'>αὐτοῦ</span> <span class='ocrx_word' id='word_1_740' title='bbox 3057 4619 3312 4688; x_wconf 71' lang='grc' dir='ltr'>φρόνημα</span> <span class='ocrx_word' id='word_1_741' title='bbox 3355 4615 3684 4682; x_wconf 75' lang='grc' dir='ltr'>ἐπιγνῶναιο</span> 
     </span>
    </p>
   </div>
   <div class='ocr_carea' id='block_1_108' title="bbox 2119 4709 3685 4782">
    <p class='ocr_par' dir='ltr' id='par_1_108' title="bbox 2119 4709 3685 4782">
     <span class='ocr_line' id='line_1_108' title="bbox 2119 4709 3685 4782; baseline -0.005 -18"><span class='ocrx_word' id='word_1_742' title='bbox 2119 4712 2517 4780; x_wconf 77' lang='grc' dir='ltr'>τελευτήσαντα</span> <span class='ocrx_word' id='word_1_743' title='bbox 2551 4711 2659 4782; x_wconf 78' lang='grc' dir='ltr'>γὰρ</span> <span class='ocrx_word' id='word_1_744' title='bbox 2705 4711 2794 4763; x_wconf 84' lang='grc' dir='ltr'><strong>τὸν</strong></span> <span class='ocrx_word' id='word_1_745' title='bbox 2830 4710 3060 4782; x_wconf 80' lang='grc' dir='ltr'>δυσσεϐῆ</span> <span class='ocrx_word' id='word_1_746' title='bbox 3123 4709 3496 4777; x_wconf 80' lang='grc' dir='ltr'>Ἀπολινάριον</span> <span class='ocrx_word' id='word_1_747' title='bbox 3533 4709 3591 4758; x_wconf 84' lang='grc' dir='ltr'><strong>ἐν</strong></span> <span class='ocrx_word' id='word_1_748' title='bbox 3620 4709 3685 4774; x_wconf 76' lang='grc' dir='ltr'>τῇ</span> 
     </span>
    </p>
   </div>
   <div class='ocr_carea' id='block_1_109' title="bbox 2120 4796 3691 4870">
    <p class='ocr_par' dir='ltr' id='par_1_109' title="bbox 2120 4796 3691 4870">
     <span class='ocr_line' id='line_1_109' title="bbox 2120 4796 3691 4870; baseline -0.004 -18"><span class='ocrx_word' id='word_1_749' title='bbox 2120 4801 2349 4870; x_wconf 77' lang='grc' dir='ltr'>αἱρέσει,</span> <span class='ocrx_word' id='word_1_750' title='bbox 2399 4800 2558 4852; x_wconf 81' lang='grc' dir='ltr'>οἱονεὶ</span> <span class='ocrx_word' id='word_1_751' title='bbox 2593 4801 2652 4864; x_wconf 81' lang='grc' dir='ltr'>ἐξ</span> <span class='ocrx_word' id='word_1_752' title='bbox 2684 4799 2815 4869; x_wconf 68' lang='grc' dir='ltr'>ᾅδου</span> <span class='ocrx_word' id='word_1_753' title='bbox 2834 4800 3063 4869; x_wconf 78' lang='grc' dir='ltr'>ἐγείρων</span> <span class='ocrx_word' id='word_1_754' title='bbox 3087 4841 3101 4864; x_wconf 93' lang='grc'><strong>,</strong></span> <span class='ocrx_word' id='word_1_755' title='bbox 3146 4800 3239 4852; x_wconf 75' lang='grc' dir='ltr'><strong>καὶ</strong></span> <span class='ocrx_word' id='word_1_756' title='bbox 3283 4796 3691 4866; x_wconf 68' lang='grc' dir='ltr'>ἐπιστρατεύων</span> 
     </span>
    </p>
   </div>
   <div class='ocr_carea' id='block_1_110' title="bbox 2119 4887 3689 4960">
    <p class='ocr_par' dir='ltr' id='par_1_110' title="bbox 2119 4887 3689 4960">
     <span class='ocr_line' id='line_1_110' title="bbox 2119 4887 3689 4960; baseline -0.005 -18"><span class='ocrx_word' id='word_1_757' title='bbox 2119 4892 2240 4952; x_wconf 86' lang='grc' dir='ltr'>ταῖς</span> <span class='ocrx_word' id='word_1_758' title='bbox 2277 4889 2622 4958; x_wconf 78' lang='grc' dir='ltr'>Ἐκκλησίαις</span> <span class='ocrx_word' id='word_1_759' title='bbox 2649 4889 2742 4942; x_wconf 73' lang='grc' dir='ltr'><strong>καὶ</strong></span> <span class='ocrx_word' id='word_1_760' title='bbox 2767 4892 2833 4960; x_wconf 80' lang='grc' dir='ltr'>τῇ</span> <span class='ocrx_word' id='word_1_761' title='bbox 2865 4889 3131 4960; x_wconf 79' lang='grc' dir='ltr'>ὀρθοδὸξῳ</span> <span class='ocrx_word' id='word_1_762' title='bbox 3171 4889 3350 4941; x_wconf 88' lang='grc' dir='ltr'>πίστει</span> <span class='ocrx_word' id='word_1_763' title='bbox 3383 4887 3689 4954; x_wconf 73' lang='grc' dir='ltr'>ἐλέγχεται,</span> 
     </span>
    </p>
   </div>
   <div class='ocr_carea' id='block_1_111' title="bbox 2123 4975 3690 5049">
    <p class='ocr_par' dir='ltr' id='par_1_111' title="bbox 2123 4975 3690 5049">
     <span class='ocr_line' id='line_1_111' title="bbox 2123 4975 3690 5049; baseline -0.005 -16"><span class='ocrx_word' id='word_1_764' title='bbox 2123 4981 2218 5033; x_wconf 70' lang='grc' dir='ltr'><strong>καὶ</strong></span> <span class='ocrx_word' id='word_1_765' title='bbox 2263 4980 2679 5049; x_wconf 76' lang='grc' dir='ltr'>ἀναθεματίςων</span> <span class='ocrx_word' id='word_1_766' title='bbox 2727 4981 2784 5032; x_wconf 87' lang='grc' dir='ltr'><strong>ἐν</strong></span> <span class='ocrx_word' id='word_1_767' title='bbox 2834 4975 2914 5042; x_wconf 61' lang='grc' dir='ltr'>οἷς</span> <span class='ocrx_word' id='word_1_768' title='bbox 2953 4979 3264 5042; x_wconf 89' lang='grc' dir='ltr'>ἐκτίθεται,</span> <span class='ocrx_word' id='word_1_769' title='bbox 3297 4975 3690 5044; x_wconf 85' lang='grc' dir='ltr'>εὐαγγελιστὰς</span> 
     </span>
    </p>
   </div>
   <div class='ocr_carea' id='block_1_112' title="bbox 2122 5065 3724 5140">
    <p class='ocr_par' dir='ltr' id='par_1_112' title="bbox 2122 5065 3724 5140">
     <span class='ocr_line' id='line_1_112' title="bbox 2122 5065 3724 5140; baseline -0.005 -18"><span class='ocrx_word' id='word_1_770' title='bbox 2122 5070 2257 5139; x_wconf 80' lang='grc' dir='ltr'>ὁμοῦ</span> <span class='ocrx_word' id='word_1_771' title='bbox 2283 5071 2376 5123; x_wconf 80' lang='grc' dir='ltr'>καὶ</span> <span class='ocrx_word' id='word_1_772' title='bbox 2404 5070 2862 5134; x_wconf 67' lang='grc' dir='ltr'>ἀποστόλους,καὶ</span> <span class='ocrx_word' id='word_1_773' title='bbox 2886 5072 3012 5129; x_wconf 77' lang='grc' dir='ltr'><strong>τούς</strong></span> <span class='ocrx_word' id='word_1_774' title='bbox 3038 5070 3155 5140; x_wconf 83' lang='grc' dir='ltr'>μετ’</span> <span class='ocrx_word' id='word_1_775' title='bbox 3189 5069 3430 5128; x_wconf 83' lang='grc' dir='ltr'>ἐκείνους</span> <span class='ocrx_word' id='word_1_776' title='bbox 3464 5065 3724 5133; x_wconf 52' lang='grc' dir='ltr'>Ἐκκληπ</span> 
     </span>
    </p>
   </div>
   <div class='ocr_carea' id='block_1_113' title="bbox 2127 5154 3694 5232">
    <p class='ocr_par' dir='ltr' id='par_1_113' title="bbox 2127 5154 3694 5232">
     <span class='ocr_line' id='line_1_113' title="bbox 2127 5154 3694 5232; baseline -0.007 -18"><span class='ocrx_word' id='word_1_777' title='bbox 2127 5161 2246 5224; x_wconf 85' lang='grc' dir='ltr'>σίας</span> <span class='ocrx_word' id='word_1_778' title='bbox 2279 5161 2574 5232; x_wconf 79' lang='grc' dir='ltr'>προγόνους</span> <span class='ocrx_word' id='word_1_779' title='bbox 2599 5198 2612 5222; x_wconf 84' lang='grc'><strong>,</strong></span> <span class='ocrx_word' id='word_1_780' title='bbox 2642 5161 2690 5213; x_wconf 78' lang='grc' dir='ltr'>οἳ</span> <span class='ocrx_word' id='word_1_781' title='bbox 2723 5162 2872 5230; x_wconf 72' lang='grc' dir='ltr'>παρὰ</span> <span class='ocrx_word' id='word_1_782' title='bbox 2891 5161 2984 5213; x_wconf 87' lang='grc' dir='ltr'><strong>τοῦ</strong></span> <span class='ocrx_word' id='word_1_783' title='bbox 3017 5162 3170 5228; x_wconf 88' lang='grc' dir='ltr'>ἁγίου</span> <span class='ocrx_word' id='word_1_784' title='bbox 3208 5156 3548 5226; x_wconf 84' lang='grc' dir='ltr'>Πνεύματος,</span> <span class='ocrx_word' id='word_1_785' title='bbox 3579 5154 3694 5206; x_wconf 76' lang='grc' dir='ltr'>ἀλλ’</span> 
     </span>
    </p>
   </div>
   <div class='ocr_carea' id='block_1_114' title="bbox 2124 5245 3692 5322">
    <p class='ocr_par' dir='ltr' id='par_1_114' title="bbox 2124 5245 3692 5322">
     <span class='ocr_line' id='line_1_114' title="bbox 2124 5245 3692 5322; baseline -0.006 -19"><span class='ocrx_word' id='word_1_786' title='bbox 2124 5252 2224 5303; x_wconf 87' lang='grc' dir='ltr'><strong>οὐκ</strong></span> <span class='ocrx_word' id='word_1_787' title='bbox 2257 5252 2362 5304; x_wconf 84' lang='grc' dir='ltr'><strong>ἀπὸ</strong></span> <span class='ocrx_word' id='word_1_788' title='bbox 2383 5251 2658 5321; x_wconf 74' lang='grc' dir='ltr'>λογισμῶν</span> <span class='ocrx_word' id='word_1_789' title='bbox 2680 5253 2895 5305; x_wconf 76' lang='grc' dir='ltr'>οἰκείων</span> <span class='ocrx_word' id='word_1_790' title='bbox 2927 5251 3236 5322; x_wconf 83' lang='grc' dir='ltr'>ὁρμώμενοι</span> <span class='ocrx_word' id='word_1_791' title='bbox 3255 5251 3353 5318; x_wconf 76' lang='grc' dir='ltr'><strong>τὴν</strong></span> <span class='ocrx_word' id='word_1_792' title='bbox 3374 5245 3572 5315; x_wconf 79' lang='grc' dir='ltr'>εὐσεϐῆ</span> <span class='ocrx_word' id='word_1_793' title='bbox 3603 5245 3692 5296; x_wconf 78' lang='grc' dir='ltr'><strong>πί-</strong></span> 
     </span>
    </p>
   </div>
   <div class='ocr_carea' id='block_1_115' title="bbox 2126 5335 3696 5412">
    <p class='ocr_par' dir='ltr' id='par_1_115' title="bbox 2126 5335 3696 5412">
     <span class='ocr_line' id='line_1_115' title="bbox 2126 5335 3696 5412; baseline -0.004 -17"><span class='ocrx_word' id='word_1_794' title='bbox 2126 5359 2240 5395; x_wconf 90' lang='grc' dir='ltr'>στιν</span> <span class='ocrx_word' id='word_1_795' title='bbox 2269 5342 2562 5412; x_wconf 73' lang='grc' dir='ltr'>ἐκήρυξαν,</span> <span class='ocrx_word' id='word_1_796' title='bbox 2595 5343 2689 5396; x_wconf 77' lang='grc' dir='ltr'>καὶ</span> <span class='ocrx_word' id='word_1_797' title='bbox 2724 5343 3092 5411; x_wconf 83' lang='grc' dir='ltr'>κατήγγειλαν</span> <span class='ocrx_word' id='word_1_798' title='bbox 3114 5342 3175 5394; x_wconf 86' lang='grc' dir='ltr'><strong>τὸ</strong></span> <span class='ocrx_word' id='word_1_799' title='bbox 3207 5338 3565 5407; x_wconf 84' lang='grc' dir='ltr'>Εὐαγγέλιον,</span> <span class='ocrx_word' id='word_1_800' title='bbox 3590 5335 3696 5388; x_wconf 77' lang='grc' dir='ltr'><strong>ἀπ-</strong></span> 
     </span>
    </p>
   </div>
   <div class='ocr_carea' id='block_1_116' title="bbox 2123 5428 3696 5503">
    <p class='ocr_par' dir='ltr' id='par_1_116' title="bbox 2123 5428 3696 5503">
     <span class='ocr_line' id='line_1_116' title="bbox 2123 5428 3696 5503; baseline -0.005 -17"><span class='ocrx_word' id='word_1_801' title='bbox 2123 5435 2374 5496; x_wconf 86' lang='grc' dir='ltr'>εναντίας</span> <span class='ocrx_word' id='word_1_802' title='bbox 2403 5429 2485 5496; x_wconf 81' lang='grc' dir='ltr'>οἷς</span> <span class='ocrx_word' id='word_1_803' title='bbox 2520 5429 2672 5498; x_wconf 76' lang='grc' dir='ltr'>οὗτος</span> <span class='ocrx_word' id='word_1_804' title='bbox 2713 5436 2804 5488; x_wconf 73' lang='grc' dir='ltr'><strong>καὶ</strong></span> <span class='ocrx_word' id='word_1_805' title='bbox 2833 5437 3039 5503; x_wconf 79' lang='grc' dir='ltr'>φρονεῖ,</span> <span class='ocrx_word' id='word_1_806' title='bbox 3072 5434 3165 5486; x_wconf 72' lang='grc' dir='ltr'><strong>καὶ</strong></span> <span class='ocrx_word' id='word_1_807' title='bbox 3195 5432 3460 5496; x_wconf 73' lang='grc' dir='ltr'>διδάσκει,</span> <span class='ocrx_word' id='word_1_808' title='bbox 3508 5428 3603 5482; x_wconf 74' lang='grc' dir='ltr'><strong>καὶ</strong></span> <span class='ocrx_word' id='word_1_809' title='bbox 3638 5429 3696 5494; x_wconf 77' lang='grc' dir='ltr'>ἐξ</span> 
     </span>
    </p>
   </div>
   <div class='ocr_carea' id='block_1_117' title="bbox 523 5587 2299 5660">
    <p class='ocr_par' dir='ltr' id='par_1_117' title="bbox 523 5587 2299 5660">
     <span class='ocr_line' id='line_1_117' title="bbox 523 5587 2299 5660; baseline 0 -20"><span class='ocrx_word' id='word_1_810' title='bbox 523 5587 632 5660; x_wconf 70' lang='grc' dir='ltr'><strong>ωδ)</strong></span> <span class='ocrx_word' id='word_1_811' title='bbox 668 5590 763 5644; x_wconf 84' lang='lat' dir='ltr'><strong>Est</strong></span> <span class='ocrx_word' id='word_1_812' title='bbox 814 5591 865 5642; x_wconf 89' lang='lat' dir='ltr'><strong>in</strong></span> <span class='ocrx_word' id='word_1_813' title='bbox 931 5589 1101 5643; x_wconf 84' lang='lat' dir='ltr'><strong>Mansi</strong></span> <span class='ocrx_word' id='word_1_814' title='bbox 1151 5588 1376 5644; x_wconf 86' lang='lat' dir='ltr'><strong>Collect.</strong></span> <span class='ocrx_word' id='word_1_815' title='bbox 1436 5589 1814 5651; x_wconf 88' lang='lat' dir='ltr'><strong>conciliorum,</strong></span> <span class='ocrx_word' id='word_1_816' title='bbox 1857 5590 1894 5642; x_wconf 92' lang='grc'><strong>1.</strong></span> <span class='ocrx_word' id='word_1_817' title='bbox 1936 5603 2009 5650; x_wconf 81' lang='lat' dir='ltr'><strong>c.,</strong></span> <span class='ocrx_word' id='word_1_818' title='bbox 2047 5603 2100 5654; x_wconf 89' lang='lat' dir='ltr'><strong>p.</strong></span> <span class='ocrx_word' id='word_1_819' title='bbox 2146 5588 2299 5646; x_wconf 78' lang='grc'><strong>1585.</strong></span> 
     </span>
    </p>
   </div>
  </div>
