3962 6204
305 310 326 372 1
345 309 444 373 ίῦῑὶ

1601 310 1961 372 EPISTOLA
1998 309 2253 372 CLVIII.

3414 320 3552 387 145i

301 418 673 489 ἐπιτάγματος
704 418 951 489 βούλεται
973 419 1070 490 τὴν
1096 419 1291 473 ἑαυτοῦ
1315 419 1568 474 ἀσέϐειαν
1599 420 1864 491 πανταχοῦ

1978 431 2250 477 terrarum
2279 440 2433 479 suam
2465 425 2805 495 impietatem
2834 429 3035 484 valere.
3084 430 3140 486 Id
3167 432 3314 503 quod
3338 448 3548 505 nequa-

297 510 400 581 τῆς
428 509 752 581 οἰκουμένης
777 512 1021 581 κρατεῖν.
1048 511 1226 582 Ὅπερ
1250 511 1312 565 οὐ
1343 511 1620 584 φέροντες,
1644 516 1711 583 τῇ
1746 512 1872 581 στά.

303 616 387 653 σει
412 603 478 672 τῇ
504 600 695 672 δεούσῃ
727 601 1104 672 ἐχρησάμεθα,
1137 604 1204 673 τῇ
1236 618 1296 656 τε
1325 601 1448 675 θείᾳ
1486 604 1627 675 ῥοπῇ
1670 604 1764 657 καὶ
1794 602 1872 675 τῷ

299 690 401 761 τῆς
421 692 707 756 εὐσεϐείας
744 692 899 764 ὑμῶν
924 692 1253 765 θαρροῦντες
1289 694 1497 766 σκοπῷ.

374 786 563 855 Ἰσμεν
588 784 699 855 γάρ
729 783 805 847 ὡς
832 783 984 838 οὐδὲν
1009 787 1375 858 προτιμήσετε
1418 786 1521 857 τῆς
1559 785 1745 854 ὐγιοῦς
1790 786 1874 838 πί-

303 891 473 940 στεως
493 916 510 941 ,
640 875 1037 946 συντραφέντες
1077 877 1236 949 ὑμεῖς
1261 894 1342 941 τε,
1372 878 1465 933 καὶ
1491 878 1541 930 οί
1572 877 1872 958 τρισμακά-

302 984 409 1037 ριοι
434 966 589 1039 ὐμῶν
619 967 896 1038 πρόγονοι,
935 968 1191 1040 άδιάδοχα
1205 968 1277 1023 τὰ
1304 968 1405 1040 τῆς
1431 968 1707 1039 βασιλείας
1737 984 1872 1040 παρ-

297 1057 556 1130 ειλήφατε
586 1059 861 1130 σκῆπτρα,
889 1061 1016 1124 τοὺς
1039 1062 1151 1124 τοῖς
1189 1060 1570 1124 άποστολικοίς
1604 1060 1869 1130 δόγμασιν

299 1148 745 1219 ἐναντιουμένους
764 1148 852 1203 ἀεὶ
871 1149 1230 1215 καταλύοντες
1249 1167 1265 1182 ο
1294 1142 1369 1204 ὧν
1398 1151 1546 1203 ἐστιν
1570 1151 1598 1202 ὁ
1618 1166 1871 1221 προειρη-

302 1241 462 1312 μένος
493 1239 777 1310 Κύριλλος,
795 1240 853 1303 ὃς
879 1240 1069 1313 ὥσπερ
1086 1240 1380 1312 ἀκρόπολιν
1408 1240 1750 1311 κατειληφὼς
1772 1241 1870 1310 τὴν

300 1331 535 1400 Ἔφεσον
582 1330 671 1384 διά
702 1330 987 1401 Μέμνονος
1018 1330 1111 1385 τοῦ
1139 1330 1427 1403 συνεργοῦ,
1477 1331 1702 1396 δικαίως
1746 1333 1866 1402 μετ’

295 1422 463 1477 αὐτοῦ
505 1420 602 1493 τὴν
648 1422 967 1493 καθαίρεσιν
1013 1423 1399 1495 ἀπηνέγκατο·
1435 1424 1572 1494 πρὸς
1616 1423 1726 1494 γὰρ
1757 1424 1868 1486 τοῖς

293 1514 628 1585 εἰρημένοις,
677 1515 857 1567 πᾶσαν
888 1512 1095 1584 ἔφοδον,
1126 1513 1220 1577 καὶ
1259 1515 1439 1568 πᾶσαν
1465 1513 1694 1578 ἀταξίαν
1720 1512 1869 1566 ἐτόλ-

299 1619 478 1672 μησαν
503 1601 623 1656 καθ’
645 1601 825 1672 ἡμῶν,
864 1601 914 1654 οἳ
948 1602 1339 1673 συνελέγημεν,
1362 1602 1457 1655 καὶ
1486 1602 1697 1656 πόλεων
1728 1602 1867 1672 ἀμε-

293 1695 578 1766 λήσαντες,
600 1694 696 1747 καὶ
724 1693 1016 1764 πατρίδων,
1043 1694 1137 1746 καὶ¹
1161 1692 1396 1760 ἑαυτῶν,
1416 1693 1555 1746 ὥστε
1583 1694 1643 1746 τὸ
1666 1692 1865 1762 ὐμέτε-

296 1800 389 1855 ρον
414 1781 658 1854 κυρῶσαι
686 1781 980 1851 θέσπισμα.

368 1874 478 1928 Καὶ
519 1875 687 1944 ἐσμὲν
720 1873 814 1926 νῦν
856 1872 1173 1943 τυραννίδος
1225 1871 1644 1945 παρανάλωμα,
1697 1873 1744 1924 εἰ
1786 1871 1861 1941 μὴ

297 1962 687 2035 προκαταλάϐῃ
731 1962 842 2034 (97)
884 1965 917 2033 ἡ
944 1964 1185 2034 ὑμετέρα
1216 1963 1488 2024 εὐσέϐεια,
1529 1962 1862 2026 θεσπίζουσα

295 2054 529 2125 ἐ·.έρωσε
561 2053 672 2125 (98)
704 2055 851 2125 ἡμᾶς
882 2054 1174 2120 συνελθεῖν,
1200 2054 1430 2124 πλησίον
1464 2071 1589 2119 που,
1618 2053 1745 2107 ἔνθα
1774 2053 1864 2106 δυ-

293 2146 572 2218 νησόμεθα
601 2146 710 2199 ἀπό
737 2162 796 2199 τε
825 2145 932 2199 τῶν
969 2144 1222 2216 Γραφῶν,
1259 2145 1353 2198 καὶ
1385 2145 1493 2199 τῶν
1517 2161 1863 2218 συγγεγραμ·

295 2237 474 2305 μένων
494 2238 607 2300 τοῖς
633 2236 879 2307 Πατράσι
911 2235 1107 2306 βίϐλων
1129 2275 1144 2301 ,
1177 2235 1389 2304 ἐλέγξαι
1426 2237 1624 2300 αὐτοὺς
1655 2237 1860 2306 σαφῶς,

290 2327 383 2381 τόν
413 2345 472 2386 τε
498 2327 787 2399 Κύριλλον,
818 2328 914 2381 κα)⁵
943 2328 1073 2392 τοὺς
1101 2328 1243 2400 ὑπὲρ
1287 2326 1454 2381 αὐτοῦ
1495 2328 1861 2399 ὑπαχθέντας,

290 2417 384 2483 οὒς
412 2419 791 2488 πεφεισμένως
837 2420 1203 2489 ἀκοινωνησίᾳ
1230 2419 1594 2490 ὐπεϐάλομεν,
1637 2420 1863 2484 ἐλπίδας

290 2512 475 2576 αὐτοῖς
501 2512 795 2582 σωτηρίας,
815 2513 863 2564 εί
891 2510 1334 2581 μεταμεληθεϊεν,
1364 2511 1755 2579 ὐποφαίνοντες
1777 2528 1790 2541 ·
1813 2509 1862 2563 οἳ

291 2603 479 2673 ὥσπερ
507 2603 600 2656 ἐπὶ
630 2602 889 2674 στρατείᾳ
920 2600 1232 2672 βαρϐαρικῇ
1279 2599 1412 2662 ὔλας
1453 2598 1683 2663 ἀταξίας
1712 2596 1864 2668 αὐτῷ

294 2692 457 2762 μέχρι
484 2691 579 2745 τοῦ
605 2691 872 2762 παρόντος
924 2692 1226 2762 παρέσχον·
1262 2674 1312 2744 οί
1351 2690 1451 2760 μὲν
1488 2690 1863 2762 καθῃρημένοι

290 2783 444 2846 δντες
470 2784 535 2837 ἐκ
564 2780 785 2846 πολλοῦ,
807 2782 902 2835 καλ⁸
924 2781 1016 2834 ὐπ’
1032 2779 1200 2834 αὐτοῦ
1226 2778 1664 2850 προσληφθέντες
1684 2796 1697 2810 ·
1729 2779 1779 2831 oi
1805 2778 1863 2831 δὲ

291 2871 648 2943 ἀκοινώνητοι
674 2873 790 2934 τοῖς
814 2870 1036 2933 οἰκείοις
1058 2868 1510 2941 μητροπολίταις,
1535 2870 1632 2921 καὶ
1658 2869 1751 2921 ὐπ’
1774 2868 1865 2921 αὐ·

291 2960 387 3015 τοῦ
417 2962 499 3025 είς
520 2959 806 3014 κοινωνίαν
838 2956 1150 3029 δεχθέντες·
1183 2956 1334 3011 ἄλλοι
1365 2955 1645 3038 διαφόρρις
1665 2954 1864 3025 ἐγκλή-

297 3064 464 3119 μασιν
504 3045 945 3118 ἐμπεπαρμένοι,
1002 3046 1133 3116 παρ’
1162 3043 1329 3099 αὐτοῦ
1362 3043 1702 3115 τιμηθέντες.
1750 3041 1863 3096 Καὶ

290 3112 467 3193 ταῦτα
487 3112 660 3192 ἐποίει
688 3112 795 3191 ἀπύ
822 3137 917 3191 τοῦ
942 3112 1183 3210 πλήθους
1206 3112 1452 3208 κυρῶσαι
1484 3112 1546 3189 τὸ
1586 3135 1863 3206 αἱρετικὸν
1888 3112 1931 3170 C

292 3227 455 3284 αὐτοῦ
483 3227 820 3299 πειρώμενος
848 3225 1123 3297 φρόνημα,
1168 3225 1244 3296 μὴ
1288 3223 1662 3293 λογισάμενος,
1696 3222 1772 3284 ὡς
1805 3223 1862 3275 έν

292 3320 545 3390 εὐσεϐείᾳ
574 3321 674 3374 οὐκ
704 3320 937 3390 ἀριθμὸς
959 3319 1224 3389 ζητεῖται,
1255 3316 1369 3370 ἀλλ’
1400 3315 1631 3387 ὀρθότης
1656 3313 1865 3384 δογμάο

290 3430 420 3477 των,
447 3413 542 3467 καὶ
564 3414 598 3484 ἠ
620 3410 731 3465 τῶν
767 3408 1140 3463 ἀποστολικῶν
1172 3407 1459 3476 δογμάτων
1489 3404 1736 3477 ἀλήθεια,
1766 3405 1863 3457 καὶ

293 3504 484 3576 ἄνδρες
516 3505 575 3556 έν
610 3501 823 3562 τούτοις
871 3497 1111 3560 εὐσεϐῶς
1146 3497 1206 3563 ἐξ
1232 3496 1606 3551 ἁποστολικῶν
1646 3494 1863 3549 ἀποδείο

293 3594 429 3660 ξεων
458 3596 551 3647 καὶ
585 3590 898 3663 μαρτυριῶν
925 3590 1124 3652 εἰδότες
1144 3588 1518 3652 συνίστασθαι,
1544 3586 1641 3639 καὶ
1670 3584 1770 3639 οὐκ
1800 3585 1863 3637 ἐκ

294 3687 525 3758 θράσους
558 3685 653 3738 καὶ
674 3682 958 3744 αὐθεντίας
988 3682 1337 3751 τυραννικῆς.

278 3804 281 3811 α
364 3776 525 3829 Ὅθεν
554 3773 979 3847 παρακαλοῦμεν
1019 3774 1115 3827 καὶ
1159 3770 1474 3841 ἱκετεύομεν
1528 3771 1618 3826 διὰ
1663 3774 1863 3847 τάχους

1971 530 2136 586 quam
2158 517 2418 582 ferentes,
2444 520 2795 574 convenienti
2818 523 3213 579 constitutione
3234 540 3423 581 sumus
3439 528 3548 594 usi,

1972 603 2355 677 divina‘gratia
2386 616 2690 678 vestraeque
2713 609 2933 679 pietatis
2964 622 3145 667 mente
3169 613 3274 667 ﬁsi.

2044 773 2262 835 Scimus
2300 781 2450 835 enim
2498 783 2647 853 quod
2689 798 2836 841 sanat
2880 783 3008 840 ﬁdei
3042 782 3182 841 nihil
3220 788 3546 858 praeferetis,

1969 869 2027 924 in
2047 885 2155 940 qua
2175 870 2394 927 educati
2419 887 2518 928 vos
2543 884 2599 928 et
2625 873 2925 930 beatissimi
2948 877 3330 947 progenitores
3353 881 3546 945 vestri,

1968 975 2081 1015 non
2123 961 2413 1034 interjecto
2457 974 2721 1020 extraneo
2746 980 3091 1031 successore,
3145 965 3300 1038 regni
3328 978 3548 1037 sceptra

1968 1053 2291 1123 suscepistis
2309 1095 2323 1120 ,
2368 1070 2588 1127 semper
2611 1072 2710 1111 eos
2740 1058 2834 1128 qui
2858 1058 3178 1128 apostolicis
3199 1058 3547 1130 dogmatibus

1968 1144 2360 1211 adversantur,
2414 1145 2821 1216 deprimentes;
2876 1164 2907 1203 e
2951 1148 3154 1219 quibus
3196 1157 3281 1205 est
3309 1150 3546 1222 Cyrillus

1968 1235 2282 1306 praedictus,
2317 1237 2414 1306 qui
2443 1236 2693 1308 adjutore
2718 1238 3029 1305 Memnone,
3059 1241 3215 1310 quasi
3244 1232 3424 1296 aircem
3452 1257 3546 1296 oc-

1968 1336 2289 1396 cupaturus,
2334 1327 2565 1383 veniens
2606 1328 2904 1398 Ephesum,
2945 1331 3091 1400 juste
3122 1347 3246 1386 cum
3272 1347 3339 1387 eo
3371 1331 3543 1402 depo-

1966 1418 2153 1473 sitioni
2186 1419 2471 1489 subjectus
2494 1419 2636 1474 fuit:
2662 1434 2788 1474 nam
2820 1430 3021 1491 prieter
3037 1437 3106 1476 ea
3133 1436 3254 1491 quae
3280 1422 3540 1487 diximus,

1966 1524 2186 1564 omnem
2223 1510 2521 1574 insultum,
2580 1526 2910 1581 omnemque
2942 1513 3412 1583 perturbationem
3446 1530 3544 1585 per

1964 1601 2252 1657 audaciam
2278 1603 2518 1673 aggressi
2539 1612 2673 1658 sunt
2693 1612 2886 1658 contra
2905 1619 3026 1669 nos,
3047 1604 3141 1673 qui
3161 1606 3540 1671 convenimus,

1966 1694 1985 1713 '
2014 1692 2224 1748 relictis
2266 1693 2584 1749 civitatibus
2626 1702 2684 1748 et
2724 1694 2952 1764 patriis,
3005 1710 3069 1748 ac
3098 1694 3259 1749 nobis
3289 1695 3442 1765 ipsis,
3479 1705 3542 1750 ut

1894 1777 1937 1831 Β
1963 1783 2206 1839 edictum
2229 1794 2478 1840 vestrum
2509 1793 2685 1839 ratum
2707 1795 2871 1840 esset.

2033 1874 2103 1929 At
2147 1891 2296 1931 nunc
2340 1891 2530 1931 sumus
2575 1877 2851 1948 tyrannidi
2899 1876 3148 1947 exposita
3177 1875 3394 1947 praeda;
3434 1875 3541 1932 nisi

1963 1973 2145 2021 vestra
2162 1967 2337 2036 pietas
2358 1975 2686 2034 antevertat,
2710 1968 2956 2033 edicens,
2981 1975 3041 2022 ut
3057 1969 3164 2022 alio
3186 1968 3541 2039 132610co

1964 2056 2224 2126 propiore
2247 2057 2661 2122 conveniamus,
2712 2058 2806 2112 ubi
2830 2058 3137 2128 poterimus
3163 2074 3192 2112 e
3238 2057 3540 2128 Scripturis

1963 2156 2021 2203 et
2046 2163 2078 2202 e
2104 2148 2264 2203 libris
2288 2149 2620 2219 conscriptis
2642 2164 2674 2203 a
2694 2148 2972 2214 Patrihus,
3009 2148 3335 2220 redarguere
3359 2150 3539 2202 mani-

1965 2239 2102 2295 feste
2142 2238 2441 2312 Cyrillum,
2497 2249 2554 2296 et
2591 2257 2708 2319 eos,
2749 2242 2843 2312 qui
2877 2242 3068 2297 abillo
3109 2241 3298 2297 dolose
3328 2241 3544 2296 inducti

1966 2342 2123 2397 sunt,
2177 2348 2316 2402 quos
2365 2332 2714 2404 indulgenter
2749 2333 3305 2389 excommunicationi
3352 2333 3539 2403 subje-

1963 2423 2164 2488 cimus,
2202 2440 2354 2493 spem
2385 2425 2600 2489 salutis,
2628 2424 2676 2479 si
2702 2426 3046 2496 resipiscam,
3077 2425 3489 2480 subindicantes
3519 2445 3535 2481 :

1964 2513 2060 2582 qui
2108 2515 2265 2583 quasi
2299 2514 2356 2568 in
2388 2514 2677 2570 barbarico
2704 2516 2953 2570 exercitu
2993 2517 3277 2570 materiam
3313 2524 3537 2586 pertur-

1965 2601 2207 2656 bationis
2258 2618 2435 2673 usque
2465 2603 2520 2657 in
2547 2612 2874 2673 praesentem
2900 2604 3092 2659 horam
3139 2605 3193 2660 ei
3220 2603 3537 2674 suppedita-

1966 2700 2098 2747 runt
2146 2710 2159 2746 :
2212 2692 2305 2747 alii
2332 2692 2558 2763 quidem
2590 2694 2766 2748 multo
2796 2703 2923 2748 ante
2964 2694 3223 2764 depositi,
3263 2702 3321 2748 et
3350 2695 3538 2749 abillo

1965 2784 2234 2852 suscepti;
2292 2783 2386 2836 alii
2415 2797 2547 2838 vero
2584 2784 3043 2839 excommunicati
3066 2800 3097 2839 a
3120 2786 3237 2840 suis
3258 2793 3538 2856 metrOpo-

1964 2871 2187 2935 litanis,
2238 2880 2295 2926 et
2338 2872 2408 2926 ab
2449 2873 2569 2941 ipso
2610 2876 2666 2927 in
2694 2874 3137 2929 communionem
3165 2877 3406 2946 recepti;
3444 2878 3538 2931 alii

1965 2960 2132 3016 variis
2160 2960 2487 3015 criminibus
2513 2960 2787 3032 impliciti,
2819 2970 2877 3017 et
2904 2962 2973 3017 ab
2996 2962 3116 3032 ipso
3146 2963 3385 3020 honores
3402 2981 3536 3020 con-

1965 3052 2161 3108 secuti.
2200 3052 2269 3106 Et
2298 3052 2415 3106 haec
2442 3050 2574 3106 fecit
2603 3060 2820 3107 tentans
2845 3067 2944 3123 per
2970 3052 3378 3108 multitudinem
3407 3070 3536 3110 sen-

1964 3161 2087 3201 sum
2131 3160 2292 3199 suum
2339 3144 2661 3201 baereticum
2718 3145 2964 3200 stabilire
3015 3163 3028 3199 :
3073 3160 3184 3202 non
3221 3147 3538 3218 expendens

1963 3236 2111 3307 quod
2142 3236 2197 3290 in
2224 3236 2488 3307 religione
2515 3251 2627 3291 non
2657 3253 2927 3293 numerus
2955 3238 3223 3307 quaeritur
3241 3280 3258 3305 ,
3307 3240 3403 3295 sed
3434 3240 3534 3296 do-

1935 3333 2206 3396 'grnatum
2228 3325 2522 3390 rectitude,
2547 3337 2605 3380 et
2624 3327 3051 3394 apostolicorum
3073 3327 3422 3384 decretorum
3445 3346 3538 3387 ve-

1964 3414 2118 3479 ritas,
2139 3422 2197 3470 et
2215 3416 2342 3479 viri,
2368 3415 2463 3485 qui
2485 3415 2574 3469 illa
2596 3406 2685 3484 pie
2700 3432 2767 3470 ex
2783 3416 3098 3486 apostolicis
3114 3417 3538 3477 demonstratio—

1962 3506 2130 3560 uibus
2160 3516 2217 3561 et
2240 3506 2568 3563 testimoniis
2603 3507 2963 3577 comprobare
2984 3507 3183 3572 sciant,
3213 3524 3322 3562 non
3353 3520 3534 3565 autem

1962 3613 2030 3651 ex
2061 3596 2287 3651 audacia
2320 3605 2375 3651 et
2400 3596 2683 3667 tyrannica
2704 3605 2994 3666 potestate.

2034 3782 2267 3839 Proinde
2322 3770 2678 3838 obsecramus
2724 3792 2780 3838 et
2827 3799 3081 3849 oramus,
3131 3795 3193 3841 ut
3216 3794 3398 3841 vestra
3424 3802 3538 3843 ma-

294 3866 568 3937 ἐπαμῦναι
586 3869 651 3937 τῇ
680 3866 934 3937 εὐσεϐείᾳ
954 3863 1338 3937 πολεμουμένῃ
1357 3865 1420 3917 τὸ
1446 3864 1713 3938 ὑμέτερον
1736 3868 1864 3938 κράο

1971 3876 2129 3944 iestas
2149 3874 2553 3944 quamprimum
2577 3872 2850 3945 religioni,
2876 3890 2997 3944 qua:
3014 3874 3386 3947 impugnatur,
3408 3879 3538 3934 sub-

292 3976 405 4022 τος,
436 3957 530 4011 καὶ
580 3954 863 4027 διόρθωσιν
916 3955 1181 4024 ὀξυτάτην
1232 3956 1500 4011 ἐπιθεῖναι
1545 3960 1611 4029 τῇ
1657 3960 1862 4014 τούτων

296 4054 465 4126 μανίᾳ
489 4054 582 4107 καὶ
610 4050 907 4123 τυραννίδι,
935 4050 971 4122 ἠ
994 4048 1184 4121 ὥσπερ
1211 4067 1295 4113 τις
1316 4050 1516 4121 λαῖλαψ
1542 4052 1680 4122 πρὸς
1710 4055 1861 4124 αἱρε-

290 4146 450 4218 τικὴν
489 4143 813 4210 κακοδοξίαν
846 4140 1157 4214 παρασύρει
1189 4144 1315 4205 τούς
1355 4139 1741 4213 θρασυτέρους.
1772 4145 1863 4198 Δί-

291 4255 445 4294 καιον
474 4236 582 4307 γάρ
614 4234 712 4305 τὴν
746 4232 1018 4304 ὑμετέραν
1041 4231 1342 4295 εὐσέϐειαν,
1361 4233 1462 4303 τὴν
1492 4232 1601 4285 τῶν
1629 4234 1685 4285 ἐν
1724 4235 1860 4306 Περ-

294 4330 397 4383 σίδι
426 4330 518 4382 καὶ
548 4327 654 4382 τῶν
687 4329 743 4380 ἐν
773 4324 1071 4396 βαρϐάροις
1105 4323 1442 4393 Ἑκκλησιῶν
1471 4326 1857 4395 φροντίσασαν,

1963 3962 2164 4018 sidium
2191 3962 2353 4027 ferat,
2406 3972 2463 4018 et
2496 3962 2840 4019 celerrimam
2864 3964 3265 4019 correctionem
3292 3966 3538 4037 imponat

1964 4050 2182 4105 illorum
2211 4050 2436 4106 insania:
2479 4059 2535 4105 et
2563 4052 2874 4123 tyrannidi,
2926 4068 3048 4123 quae
3091 4054 3251 4123 quasi
3276 4055 3440 4111 turbo
3465 4056 3536 4112 ad

1964 4141 2277 4197 haereticam
2324 4141 2609 4212 perﬁdiam
2671 4142 2996 4198 audaciores
3040 4145 3256 4215 arripit.
3319 4147 3536 4203 Iustum

1961 4233 2109 4288 enim
2130 4243 2216 4287 est
2241 4240 2301 4287 ut
2321 4239 2502 4288 vestra
2528 4234 2722 4302 pietas,
2748 4249 2870 4302 qua:
2889 4233 3257 4290 Ecclesiarum
3273 4237 3534 4303 Persidis,

1962 4333 2019 4378 et
2058 4340 2270 4386 earum,
2316 4339 2437 4394 quae
2474 4323 2619 4378 inter
2654 4324 2924 4379 Barbaros
2944 4334 3096 4391 sunt,
3130 4342 3319 4381 curam
3345 4329 3533 4397 gessit,

291 4424 349 4474 ἐν
371 4423 437 4491 τῇ
476 4417 766 4489 Ῥωμαίων
793 4418 937 4488 ἀρχῇ
968 4414 1335 4484 σαλευομένας
1367 4415 1442 4484 μὴ
1465 4416 1709 4487 παριδεῖν
1729 4418 1854 4471 Ἐκ-

1971 4415 2258 4479 Ecclesias,
2286 4432 2407 4485 qua:
2429 4415 2484 4469 in
2511 4416 2883 4470 Romanorum
2910 4415 3219 4485 principatu
3239 4417 3535 4487 jactentur,

291 4509 537 4581 κλησίας.

290 4642 470 4695 PNII’.
494 4671 564 4681 ——
609 4638 904 4707 Ἀναφορὰ
959 4636 1069 4706 (99)
1117 4634 1236 4707 τῶν
1262 4635 1652 4707 Ϊᾼνατολικῶν
1706 4637 1857 4705 πρὸς

360 4716 467 4763 τὸν
484 4705 922 4763 εὐσεϐέστατον
935 4705 1222 4772 βασιλέα,
1248 4705 1438 4774 ἤνπερ
1456 4706 1689 4774 ἔδωκαν
1705 4707 1858 4774 μετὰ

358 4779 469 4847 τῆς
490 4775 794 4847 ἀναφορᾶς
821 4776 926 4843 τῆς
958 4773 1481 4847 πρργεγραμμένης
1504 4773 1582 4838 τῷ
1595 4773 1855 4844 μεγαλο-

359 4845 749 4919 πρεπεστάτῃ»
774 4847 982 4915 κόμητι
1007 4845 1318 4914 Εἰρηναίῳ.

371 4982 706 5053 Ἡλπίσαμεν
735 4981 888 5034 λύσιν
918 4977 1136 5033 ἔσεσθαι
1173 4978 1269 5032 τοῦ
1313 4975 1692 5045 Δίγυπτιακοῦ
1724 4978 1857 5032 κλύ-

286 5075 475 5139 δωνος,
497 5072 593 5126 τοῦ
623 5075 744 5135 ταῖς
770 5074 956 5140 ἁγίαις
991 5070 1086 5125 τοῦ
1121 5069 1256 5124 Θεοῦ
1304 5068 1656 5140 Ἐκκλησίαις
1698 5085 1857 5141 προσ-

287 5164 565 5229 ϐαλόντος,
604 5164 673 5216 τὰ
700 5164 800 5233 τῆς
831 5162 1110 5225 εὐσεϐείας
1147 5164 1244 5233 τῆς
1271 5159 1544 5232 ὑμετέρας
1572 5160 1855 5231 δεχόμενοι

286 5257 622 5329 γράμματαο
659 5254 1006 5325 ἐψεύσθημεν
1034 5254 1089 5307 δὲ
1119 5256 1218 5325 τῆς
1256 5253 1493 5317 ἐλπίδος.
1522 5252 1857 5323 Θρασύτεροι

287 5350 396 5420 γὰρ
430 5349 481 5401 οἱ
527 5346 718 5418 ἀνδρες
761 5344 822 5410 ἐξ
850 5344 1107 5406 ἀπονοίας
1136 5345 1381 5411 ἐγένοντο
1402 5360 1415 5373 ·
1456 5343 1550 5396 καὶ
1596 5342 1721 5396 οὔτε
1757 5342 1858 5412 τῆς

287 5438 513 5502 ἐνδίκως
542 5439 633 5491 καὶ
660 5437 899 5508 ἐννόμως
924 5432 1310 5505 ἐπενεχθείσης
1328 5436 1511 5500 αὐτοῖς
1537 5434 1859 5506 ἐφρόντισαν

383 5615 472 5755 97ζ
506 5614 595 5670 Sic
624 5615 692 5670 Μ.
722 5615 776 5669 in
808 5628 980 5684 marg.
1012 5612 1167 5684 Vulg.
1201 5611 1498 5684 καταλάϐῃ.

383 5686 450 5741 98
509 5684 773 5752 ἑτέρωθεν
807 5684 976 5738 Mans.

383 5684 471 5752 98)
509 5684 773 5752 ἑτέρωθεν
807 5684 976 5738 Mans.

1959 4524 2071 4564 non
2104 4509 2360 4580 negligat.

1960 4642 2171 4712 1327
2196 4641 2418 4696 CLVIII.
2442 4673 2511 4680 —
2541 4639 2744 4694 Relatio
2778 4640 3126 4696 Orientalium
3153 4642 3222 4694 ad
3246 4642 3533 4712 piissimum

2025 4711 2449 4781 imperatorem,
2486 4727 2645 4774 quam
2696 4728 2816 4781 cum
2866 4719 2989 4764 ante
3021 4712 3237 4781 scripta
3283 4711 3537 4765 relatione

2028 4779 2543 4852 magniﬁcentissimo
2569 4780 2745 4833 comiti
2765 4779 2969 4834 Ireuwo
2994 4779 3269 4833 dederunt.

2034 4976 2389 5050 Speravimus
2433 4976 2551 5032 fore
2607 4986 2669 5032 ut
2723 4975 3040 5047 Egyptiaca
3065 4983 3381 5046 tempestas,
3415 4991 3536 5045 quae

1962 5078 2179 5128 sanctas
2224 5070 2321 5127 Dei
2368 5068 2643 5125 Ecclesias
2680 5068 2995 5139 exagitavit,
3044 5066 3284 5137 acceptis
3317 5068 3538 5137 pietatis

1961 5172 2157 5220 vestra:
2204 5161 2407 5217 litteris
2457 5159 2678 5216 tandem
2719 5159 3021 5230 aliquando
3064 5158 3355 5213 sedaretur
3391 5176 3404 5213 :
3439 5158 3535 5213 sed

1962 5268 2058 5323 spe
2079 5259 2269 5309 nostra
2297 5250 2548 5306 frustrati
2574 5263 2786 5305 sumus.
2827 5247 3043 5303 Etenim
3074 5248 3177 5302 viri
3206 5247 3285 5302 illi
3315 5247 3537 5302 vesania

1963 5344 2072 5399 acti
2106 5342 2494 5398 insolentiores
2510 5348 2828 5404 evaserunt,
2855 5348 2911 5395 et
2933 5355 3112 5409 neque
3136 5339 3534 5410 depositionem

1959 5434 2107 5503 juste
2131 5434 2146 5452 ‘
2177 5432 2532 5503 legitimeque
2581 5430 2716 5499 ipsis
2748 5430 2953 5485 illatam
2992 5430 3290 5500 quidquam
3317 5439 3531 5494 curant,

1973 5608 2144 5735 4£8953)
2185 5608 2470 5679 Ἐπιστολὴ
2511 5610 2618 5663 τῶν
2651 5608 2849 5665 αὐτῶν.
2886 5610 2958 5665 Μ.
2995 5607 3048 5663 in
3089 5608 3369 5697 margine,
3407 5622 3529 5679 pag.
