3962 6204
462 237 597 299 1455

1441 218 1925 282 THEODORETI
1965 214 2302 275 EPISCOPI
2343 213 2703 273 CYREN‘SIS

3564 201 3634 263 l-‘t
3645 203 3737 264 Ξιῧ

457 362 634 415 neque
684 359 780 413 per
827 339 1128 410 majestatis
1158 345 1351 391 vestrm
1382 331 1811 400 increpationem
1844 327 2029 381 mode-

2150 324 2525 396 ιαθαιρέσεως,
2557 321 2678 374 οὐτε
2712 322 2776 390 τῇ
2799 319 3111 387 ἐπιτιμήσει
3143 315 3231 367 τοῦ
3265 313 3532 381 ὑμετέρου
3560 311 3736 379 κράα-

457 437 654 487 stiores
677 432 860 485 effecti
885 438 1013 484 sunt
1060 447 1072 479 :
1113 425 1208 479 sed
1243 434 1298 476 et
1327 421 1549 491 pietatis
1574 429 1768 481 vestrm
1792 416 2028 471 sanctio-

459 523 621 575 nibus
647 519 996 585 contemptis,
1027 524 1454 578 sanctorumque
1479 509 1699 562 Patrum
1725 503 2027 559 canonibus

456 613 814 673 conculcatis,
857 625 980 664 cum
1007 609 1099 662 alii
1126 608 1235 660 sint
1255 602 1510 674 depositi,
1545 602 1636 655 alii
1662 616 1790 653 vero
1813 614 2029 654 excom—

459 705 742 766 municati,
771 702 941 754 festos
963 699 1083 752 dies
1107 699 1161 750 in
1186 695 1444 750 oratoriis
1467 700 1654 762 agunt,
1687 692 2030 746 celebrantes

458 812 706 867 synaxes.

533 889 643 942 Nos
667 885 891 955 quidem
916 923 930 946 ,
988 879 1151 935 sicuti
1195 877 1357 932 etiam
1398 875 1602 930 Christi
1624 882 1894 928 amantem
1924 872 2032 925 cel-

462 979 758 1033 situdinem
781 987 1016 1029 vestram
1042 987 1104 1024 ea
1129 970 1272 1023 dere
1293 969 1582 1021 certiorem
1603 975 1760 1019 antea
1782 963 2028 1023 fecimus,

464 1087 586 1125 eum
612 1066 850 1136 acceptis
883 1061 1186 1118 clementia:
1205 1069 1398 1113 vestra:
1419 1056 1622 1136 litteris
1653 1053 1801 1107 omni
1830 1053 2032 1122 pietate

463 1160 660 1231 plenis,
689 1159 742 1209 in
770 1151 1014 1224 Apostoli
1041 1149 1263 1205 basilica
1289 1162 1480 1217 preces
1503 1145 1765 1198 duntaxat
1787 1144 1897 1196 Deo
1918 1141 2035 1194 fun-

464 1251 594 1305 dere
622 1261 967 1317 cuperemus,
995 1259 1101 1296 non
1126 1242 1286 1295 modo
1309 1238 1744 1308 prohibuerunt;
1781 1235 1874 1289 sed
1899 1233 2036 1303 lapi-

465 1341 686 1395 datione
725 1338 887 1400 facta,
931 1336 1094 1403 longo
1128 1346 1346 1402 quoque
1391 1329 1567 1398 spatio
1607 1326 1837 1381 insecuti
1872 1332 2031 1389 sunt;

439 1497 444 1500 _
468 1433 542 1485 ita
575 1439 637 1484 ut
666 1428 789 1497 fuga
822 1439 1101 1492 cursuque
1128 1421 1254 1475 vita:
1283 1418 1589 1489 periculum
1615 1416 1978 1470 evaserimus.

541 1521 658 1574 Sibi
723 1532 856 1571 vero
905 1513 1125 1584 quidvis
1188 1513 1352 1566 licere
1420 1510 1790 1570 arbitrantur;
1859 1519 2038 1574 neque

466 1611 534 1678 ad
579 1606 876 1665 concilium
924 1603 1257 1666 convenire,
1313 1614 1491 1668 neque
1539 1595 2037 1651 controversiarum

469 1696 866 1752 discussionem
908 1700 1266 1761 pertractare,
1302 1703 1479 1756 neque
1511 1687 1577 1740 dc
1634 1683 1905 1738 haereticis
1939 1682 2040 1754 Cy-

470 1789 576 1842 rilli
624 1785 893 1855 capitibus
942 1781 1217 1851 (quoniam
1269 1784 1605 1848 argumenta,
1652 1773 2043 1845 quzeimpieta-

468 1890 580 1932 tem
629 1875 848 1930 illorum
907 1880 1093 1941 aperte
1129 1870 1459 1930 ostendunt,
1522 1867 1732 1920 diluere
1777 1881 1834 1919 sc
1882 1879 2041 1933 posse

471 1971 628 2038 plane
658 1965 954 2034 diffidunt),
994 1963 1262 2017 rationem
1298 1961 1530 2014 reddere
1557 1960 1852 2012 voluerunt
1885 1974 1896 2008 :
1926 1955 2040 2009 sola

471 2069 653 2113 autem
679 2057 905 2112 audacia
936 2054 1355 2122 temeritateque
1391 2066 1510 2104 sese
1534 2050 1799 2114 elferunt;
1829 2064 1939 2102 non
1964 2056 2043 2100 ta—

470 2169 595 2206 men
641 2151 888 2210 audacia,
938 2163 1117 2217 ncque
1150 2145 1480 2206 temeritate,
1534 2141 1747 2210 1328
1775 2138 1870 2192 sed
1897 2147 2044 2190 tran—

471 2242 765 2310 quillitate,
799 2238 892 2292 sed
917 2235 1170 2298 scientia,
1203 2234 1299 2288 sed
1325 2233 1636 2302 dogmatum
1661 2227 1890 2298 peritia,
1922 2240 2042 2294 qua:

467 2330 750 2399 proposita
771 2333 919 2391 sunt,
951 2324 1113 2379 simul
1139 2320 1438 2376 examinari
1465 2319 1692 2373 debent.

542 2420 846 2489 Eapropter
873 2412 1476 2486 magnificentissimum
1500 2409 1754 2462 comitem
1779 2407 2042 2460 lremeum

467 2509 806 2578 praemittere
835 2504 1102 2574 compulsi
1129 2517 1338 2563 sumus,
1375 2507 1434 2553 ut
1463 2499 1509 2552 is
1537 2507 1590 2551 et
1612 2506 1846 2551 vestram
1875 2497 2045 2564 pieta-

473 2607 580 2649 tem
631 2593 946 2653 conveniat,
1013 2591 1294 2656 totiusque
1355 2589 1559 2657 negotii
1614 2588 1810 2640 scriem
1859 2587 2044 2653 expla-

472 2693 603 2739 net:
641 2683 910 2751 siquidem
940 2680 1079 2733 nihil
1133 2689 1315 2733 actum
1365 2687 1469 2741 est,
1508 2677 1653 2746 quod
1681 2676 1831 2730 illum
1855 2677 2040 2728 lateat.

473 2779 696 2848 Accepit
749 2777 892 2831 idem
938 2791 968 2828 a
1008 2775 1166 2828 nobis
1217 2773 1483 2843 plurimos
1538 2771 1822 2840 prmsentis
1867 2768 2044 2822 morbi

473 2870 698 2925 curandi
749 2867 940 2920 modos
961 2907 975 2929 ,
1023 2865 1226 2934 quibus
1267 2863 1632 2931 tranquillitas
1661 2860 1924 2916 Ecclesiis
1947 2859 2040 2914 Dei

476 2959 690 3016 restitui
709 2967 891 3027 queat.
917 2957 1192 3025 Rogamus
1208 2961 1444 3006 vestram
1464 2951 1961 3014 mansuetudinem,
1986 2960 2044 3005 ut

2129 434 2254 479 τους
2293 414 2539 482 ἐγένοντο
2586 410 3040 480 σωφρονέστεροι·
3095 405 3229 458 ἀλλά
3286 402 3380 455 καὶ
3425 403 3554 462 τοὺς
3609 401 3734 466 τῆς

2133 509 2408 576 ὑμετέρας
2438 502 2718 564 εὐσεϐείας
2747 502 2961 570 νόμους,
2991 497 3230 558 καὶτοὺς
3253 495 3360 546 τῶν
3388 493 3560 558 ἁγίων
3597 492 3738 543 Πα-

2131 597 2304 668 τέρων
2339 596 2568 657 κανόνας
2599 593 2960 662 πατήσαντες,
2994 587 3161 657 οἱμὲν
3183 584 3638 655 καθαιρεθέντες,
3674 582 3737 633 οἱ

2131 687 2188 739 δὲ
2218 685 2568 755 ἀκοινώνητοι
2595 683 2896 751 γενόμενοι,
2929 681 2984 731 ἐν
3008 681 3120 740 τοῖς
3162 675 3470 745 εὐκτηρίοις
3511 676 3607 742 ἐορ
3629 673 3737 724 τά-

2134 778 2314 841 ζουσιν
2339 777 2527 838 οἴκοις,
2565 775 2814 838 συνάξεις
2847 769 3240 830 ἐπιτελοῦντες.

2205 869 2313 921 Kal.
2335 868 2480 934 ἡμᾶς
2523 867 2644 936 μὲν,
2685 865 2759 926 ὡς
2789 863 2882 915 καὶ
2913 863 3014 932 ἤδη
3045 859 3144 929 τὴν
3169 857 3510 926 φιλόχριστον
3544 853 3737 922 ὑμῶν

2136 956 2452 1026 ἐδιδάξαμεν
2474 952 2734 1023 κορυφὴν,
2752 948 3151 1020 προσεύξασθαι
3177 947 3335 1016 μόνον
3363 947 3439 1006 εἰς
3466 945 3525 996 τὸ
3547 944 3626 1008 ay
3638 959 3742 994 ιον

2138 1043 2869 1116 βουληθένταςἈποστόλιον,
2901 1040 3037 1109 μετὰ
3062 1038 3121 1090 τὸ
3142 1036 3396 1100 δέξασθαι
3425 1035 3494 1088 τὰ
3523 1035 3738 1101 πάσης

2137 1137 2416 1196 εὐσεϐείας
2444 1136 2682 1205 γέμοντα
2708 1134 3010 1202 γράμματα
3053 1130 3153 1198 τῆς
3190 1128 3458 1199 ὑμετέρας
3510 1127 3740 1195 ἡμερό-

2136 1247 2316 1299 τητος,
2346 1229 2405 1279 οὐ
2435 1228 2592 1296 μόνον
2615 1225 2915 1286 ἐκώλυσαν,
2948 1221 3083 1274 ἀλλὰ
3111 1221 3203 1273 καὶ
3225 1219 3579 1280 κατέλευσαν,
3616 1216 3739 1266 καὶ

2142 1319 2301 1389 μέχρι
2333 1317 2526 1370 πολλοῦ
2551 1315 2877 1378 κατεδίωξαν
2903 1356 2919 1379 ,
2955 1313 3030 1375 ὼς
3079 1314 3226 1380 φυγῇ
3259 1311 3351 1362 καὶ
3388 1309 3577 1379 δρὸμῳ
3616 1306 3738 1375 τὴν

2143 1407 2412 1478 σωτηρίαν
2433 1408 2578 1477 ἡμᾶς
2610 1403 2956 1476 πορίσασθαι.

2210 1503 2403 1564 Αὑτοῖς
2429 1501 2485 1553 δὲ
2514 1502 2620 1553 πᾶν
2647 1495 2824 1551 ὁτιοῦν
2848 1498 3018 1548 ποιεῖν
3040 1495 3240 1560 ἐξεῖναι
3268 1493 3600 1563 νομίζουσιν·
3638 1496 3738 1556 εἰς

2141 1595 2198 1648 δὲ
2236 1593 2506 1662 συνέδριον
2529 1589 2788 1644 εἰσελθεῖν
2822 1589 2922 1658 (1),
2958 1589 3052 1640 καὶ
3094 1585 3324 1655 βάσανον
3356 1585 3460 1637 τῶν
3509 1586 3733 1654 ζητου-

2149 1687 2321 1756 μένων
2353 1682 2701 1754 ποιήσασθαι,
2732 1681 2826 1734 κα)¹
2857 1679 2995 1748 ὑπὲρ
3016 1678 3122 1730 τῶν
3149 1676 3438 1747 αἱρετικῶν
3466 1678 3558 1728 τοῦ
3594 1678 3738 1728 Ku-

2144 1778 2326 1849 ρίλλου
2352 1773 2660 1844 κεφαλαίων
2681 1770 3121 1842 ἀπολογήσασθαι
3143 1769 3240 1821 οὐκ
3258 1768 3562 1837 ἠνέσχοντο,
3580 1771 3736 1829 τοὺς

2143 1867 2436 1936 προςανεῖς
2466 1867 2567 1932 τῆς
2598 1865 2655 1914 ἐν
2683 1861 2863 1924 αὐτοῖς
2892 1857 3205 1920 δυσσεϐείας
3231 1857 3481 1926 ἐλέγχους
3505 1858 3736 1923 ἀπαγο-

2145 1954 2389 2024 ρεύοντες
2411 1971 2424 1982 ·
2473 1955 2613 2023 μέγα
2636 1954 2691 2005 δὲ
2722 1950 3009 2020 φρονοῦσιν
3053 1950 3143 2002 ἐπὶ
3179 1950 3324 2019 μόνῳ
3360 1949 3436 2018 τῷ
3476 1948 3689 2018 θράσει
3714 1966 3728 1978 ·

2145 2045 2318 2098 καίτοι
2347 2063 2409 2113 γε
2448 2044 2510 2097 οὐ
2541 2045 2773 2113 θράσους
2801 2083 2814 2106 ,
2867 2043 2985 2095 ἀλλ’
3019 2042 3267 2111 ἡσυχίας,
3304 2040 3397 2092 καὶ
3429 2039 3730 2107 γνώσεως,

2144 2136 2236 2188 κα).
2266 2136 2364 2204 τῆς
2403 2134 2510 2186 τῶν
2561 2134 2845 2204 δογμάτων
2888 2133 3179 2203 ἐμπειρίας
3205 2133 3240 2201 ἡ
3267 2131 3392 2201 περὶ
3438 2130 3550 2184 τῶν
3579 2147 3735 2200 προ-

2144 2229 2414 2297 κειμένων
2450 2225 2795 2289 συνεξέτασίς
2826 2227 2964 2278 ἐστι.

2213 2399 2417 2453 Τούτου
2476 2401 2634 2470 χάριν
2664 2400 3085 2470 ἠναγκάσθημεν
3145 2399 3574 2470 προπέμψασθαι
3639 2399 3734 2470 (Ξ)

2144 2493 2234 2544 τὸν
2266 2493 2840 2562 μεγαλοπρεπέστατον
2877 2492 3088 2561 κόμητα
3121 2492 3428 2560 Εἰρηναῖον,
3467 2491 3732 2543 καταλα-

2145 2583 2259 2635 ϐεῖν
2282 2583 2435 2652 ὑμῶν
2463 2583 2560 2653 τὴν
2586 2583 2884 2645 εὐσέϐειαν,
2920 2582 3012 2634 καὶ
3037 2581 3104 2634 τὰ
3145 2581 3238 2634 τοῦ
3278 2583 3599 2652 πράγματος
3638 2581 3733 2634 δι-

2147 2673 2335 2738 δάξαι·
2372 2672 2437 2726 τά
2492 2690 2548 2724 τε
2598 2673 2704 2742 γάρ
2759 2671 3096 2741 γεγενημένα
3128 2669 3367 2741 ἀκριϐῶς
3399 2670 3730 2732 ἐπίστατατ,

2148 2764 2240 2815 καὶ
2283 2763 2567 2833 μεμάθηκε
2603 2763 2732 2832 παρ’
2783 2763 2952 2832 ἡμῶν
2986 2761 3208 2823 πολλοὺς
3253 2761 3549 2830 θεραπείας
3592 2763 3731 2831 τρό-

2147 2870 2298 2915 πους,
2336 2853 2401 2904 δι’
2451 2846 2524 2903 ὧν
2570 2851 2789 2903 δυνατὸν
2817 2852 2876 2903 τὺ
2925 2852 3194 2921 ἀτάραχον
3227 2853 3347 2912 ταῖς
3388 2851 3571 2917 ἁγίαις
3623 2851 3727 2903 τοῦ

2147 2944 2280 2998 Θεοῦ
2323 2943 2669 3013 Ἐκκλησίαις
2704 2943 3114 3015 παραηεθῆναι
3149 2943 3255 3011 (5)·
3278 2941 3370 3005 οῦς
3399 2941 3732 3011 ἱκετεύομεν

479 3051 748 3120 patienter
774 3049 897 3100 illos
921 3047 988 3099 ab
1017 3060 1082 3098 eo
1109 3053 1422 3114 cognoscat,
1455 3053 1508 3095 et
1533 3043 1677 3111 quod
1706 3050 1901 3096 vestra:
1924 3042 2040 3111 pie-

2150 3036 2480 3099 ἀνεξικάκως
2513 3037 2611 3106 τὴν
2642 3036 2911 3106 ὑμετέραν
2957 3036 3086 3106 παρ’
3135 3035 3299 3088 αὐτοῦ
3354 3034 3547 3104 μαθεῖν
3577 3037 3726 3104 ἡμε-

477 3135 574 3191 tati
628 3138 803 3189 visum
849 3134 1033 3197 fuerit,
1092 3140 1294 3201 quanta
1338 3129 1451 3184 ﬁeri
1503 3131 1720 3198 poterit,
1770 3130 2047 3184 celeritate

477 3224 784 3295 prmeipiat,
836 3237 902 3275 ne
926 3225 1060 3276 citra
1103 3235 1319 3274 onmem
1343 3220 1632 3274 utilitatem
1661 3228 1716 3272 et
1747 3218 2046 3273 necessita-

481 3323 590 3367 tem
627 3313 717 3365 hic
743 3325 1152 3365 consumantur.

477 3423 658 3479 CLIX.
683 3425 771 3462 —-°
791 3421 1031 3492 Epistola
1057 3423 1354 3475 earumdem
1383 3422 1451 3474 ad
1479 3422 1778 3492 prarfcctum
1805 3430 1852 3473 et
1883 3424 2050 3492 magi-

647 3511 650 3514 '
1069 3500 1239 3544 atrum
1265 3510 1295 3544 a
1319 3493 1456 3561 pari.

548 3581 630 3636 Ad
653 3595 946 3642 summum,
1009 3588 1069 3633 ut
1099 3580 1204 3633 dici
1235 3581 1392 3641 solet,
1420 3579 1683 3632 malorum
1704 3578 2045 3643 devenimus,

463 3688 528 3732 --et
577 3690 698 3728 cum
745 3674 1004 3726 extremis
1051 3670 1313 3740 periculis
1359 3671 1668 3731 luctamur,
1713 3685 1776 3722 ac
1819 3677 2046 3723 mortem

478 3765 724 3836 quotidie
760 3764 918 3817 nobis
952 3763 1022 3816 ob
1053 3763 1245 3816 oculos
1268 3770 1576 3814 versantem
1604 3762 1871 3814 videmus.
1912 3761 2045 3814 Nam

477 3872 598 3925 quae
623 3872 652 3908 a
672 3855 873 3925 Cyriilo
901 3863 956 3906 et
988 3853 1274 3904 Memnone
1312 3853 1635 3917 ueterisque
1661 3849 1911 3903 factionis
1931 3850 2048 3902 illo—

481 3962 599 3999 rum
631 3942 981 3999 consortibus
1016 3941 1071 3994 in
1102 3957 1202 3994 nos
1228 3940 1489 3994 audacter
1510 3940 1946 4002 committuntur,
1983 3955 2046 3992 ea

476 4050 694 4089 omnem
721 4033 1072 4088 barbaricum
1101 4031 1341 4084 furorem
1369 4030 1676 4093 excedunt,
1727 4032 2046 4098 nullumque

478 4123 784 4194 tyrannidis
799 4137 972 4191 genus
988 4122 1054 4175 ab
1071 4123 1150 4174 eis
1168 4119 1593 4190 przetermissum
1613 4125 1714 4172 est.
1733 4119 2043 4182 Continuis,

477 4220 644 4282 prout
679 4213 734 4265 in
759 4211 900 4264 bello
933 4210 1048 4264 fieri
1076 4211 1233 4270 solet,
1269 4207 1566 4261 insultibus
1595 4206 1854 4259 audacter
1876 4206 2047 4274 impc-

476 4302 644 4355 timur
687 4319 699 4354 :
739 4299 884 4355 :edes
908 4309 1123 4354 nostras
1148 4301 1256 4367 jam
1285 4298 1370 4350 his
1395 4297 1809 4365 inscripserunt,
1845 4312 2039 4366 nempe

477 4400 538 4444 ut
587 4390 694 4443 illis
726 4390 835 4443 sint
874 4389 1174 4442 manifestae
1202 4393 1258 4440 et
1282 4386 1601 4455 designatae,
1653 4385 1744 4454 qui
1778 4387 2040 4455 impetum

465 4480 670 4535 facturi
698 4488 845 4533 sunt.
893 4479 1064 4532 Omne
1097 4477 1358 4545 templum
1392 4476 1551 4529 nobis
1581 4476 1904 4544 praeclusam
1931 4485 2042 4540 est;

475 4571 673 4626 morbo
720 4569 1053 4638 consumpti,
1108 4584 1169 4622 ac
1217 4568 1302 4620 vel
1347 4566 1565 4621 modico
1595 4567 1732 4620 crelo
1771 4565 1877 4619 frui
1900 4567 2045 4621 desi-

475 4660 750 4720 derantes,
776 4657 987 4726 1329
1009 4657 1288 4725 obliquato
1305 4656 1480 4724 capite
1499 4655 1808 4725 prospicere
1822 4670 1930 4708 non
1953 4670 2051 4708 au-

441 4759 444 4762 '
475 4751 688 4815 demus,
715 4749 1052 4804 contribules
1076 4763 1183 4800 non
1207 4763 1366 4802 secus
1382 4764 1445 4802 ac
1462 4747 1844 4802 infestissimos
1865 4747 2049 4800 hostes

441 4835 450 4849 “
474 4842 912 4897 extimescentes.
929 4838 1251 4892 Sanctorum
1266 4840 1486 4893 Patrum
1501 4844 1736 4894 canones
1745 4837 2048 4891 coneulcati

475 4942 624 4994 sunt,
657 4932 1112 4985 excommunicati
1150 4939 1206 4984 et
1245 4929 1581 4984 exauctorati
1625 4929 1797 4982 sacris
1835 4929 2048 4996 cperari

475 5023 614 5077 nihil
644 5031 925 5085 verentur,
962 5022 1127 5091 impia
1167 5035 1264 5074 sua
1289 5019 1541 5089 dogmata
1568 5018 1790 5086 copiose
1829 5018 1926 5071 Dei
1955 5034 2050 5086 po-

474 5115 606 5184 pulo
627 5163 631 5166 .
653 5111 1054 5181 profundentes
1075 5152 1090 5176 ,
1140 5119 1197 5164 et
1241 5125 1341 5164 nos
1374 5109 1592 5163 interim
1625 5108 1820 5161 inclusi
1852 5110 2050 5163 misere

476 5205 568 5260 hic
611 5219 838 5267 sumus,
901 5203 1320 5271 invasionesque
1373 5201 1898 5268 circ’umspeetamus
1947 5201 2049 5254 im-

478 5297 769 5350 minentcs.

551 5385 627 5454 (l)
665 5385 933 5437 συνελθεῖν
965 5385 1032 5436 Μ.
1061 5385 1113 5437 in
1141 5383 1404 5454 margine.

658 5454 1057 5524 προτρέψασθαι
1085 5455 1152 5505 Μ.
1180 5456 1233 5505 in
1263 5449 1523 5524 margine.

568 5521 613 5572 '3'
655 5521 956 5590 παρασχεῖν
990 5521 1056 5573 Μ.
1100 5524 1152 5574 in
1181 5521 1438 5590 margine.

574 5529 625 5658 ὁ)
662 5591 1030 5658 συντριϐῶμεν
1059 5591 1124 5642 Μ.
1163 5591 1216 5642 in
1252 5605 1418 5658 marg.

574 5591 625 5658 4)
662 5591 1030 5659 συντριϐῶμεν
1059 5591 1124 5642 Μ.
1163 5591 1216 5642 in
1252 5605 1418 5660 marg.

2150 3127 2372 3198 ρότητα,
2408 3128 2500 3180 καὶ
2530 3127 2589 3179 τὸ
2617 3126 2806 3180 δοκοῦν
2838 3129 2903 3197 τῇ
2943 3127 3183 3196 ὑμετέρᾳ
3232 3125 3481 3196 εὐσεϐείᾳ
3520 3126 3727 3178 θᾶττον

2149 3219 2402 3272 κελεῦσαι
2454 3218 2739 3286 γενέσθαι,
2774 3218 2863 3271 ἵνα
2907 3217 2980 3287 μὴ
3015 3218 3094 3279 εἰς
3137 3216 3287 3268 οὐδὲν
3317 3216 3433 3268 δέον
3478 3216 3726 3269 ἐνταῦθα

2151 3310 2562 3380 συντριϐώμεθα
2597 3310 2694 3377 (4).

2148 3423 2319 3475 ΡΝΘ’.
2363 3452 2432 3460 -
2470 3423 2796 3488 Ἐπιστολή
2842 3422 2956 3474 τῶν
2986 3422 3184 3474 αὐτῶν
3225 3421 3368 3488 πρὸς
3393 3422 3494 3472 τὸν
3517 3422 3727 3488 ἔπαρ-

2359 3508 2489 3559 χον,
2519 3493 2616 3544 καί
2653 3491 2758 3543 τὸν
2787 3491 3118 3559 μὰγιστρον
3151 3492 3351 3559 ὁμοίως
3392 3489 3487 3560 (5).

2219 3580 2312 3641 Εἰς
2339 3579 2562 3649 ἔσχατον
2593 3580 2758 3633 κακὸν
2789 3580 2886 3649 (ϐ),
2915 3580 2973 3631 τὸ
3000 3580 3063 3649 δὴ
3097 3580 3407 3648 λεγόμενον,
3437 3578 3723 3647 ἐληλάκα-

2151 3685 2271 3738 μεν,
2300 3670 2393 3722 καὶ
2419 3669 2610 3732 δεινοῖς
2636 3670 3080 3740 προσ-παλαίομεν
3104 3671 3440 3738 ἀνηκέστοις,
3466 3670 3561 3721 καὶ
3584 3670 3722 3722 καθ’

2148 3759 2407 3830 ἑκάστην,
2432 3761 2506 3822 ὡς
2534 3762 2726 3823 εἰπεῖν,
2755 3760 2848 3829 τὴν
2875 3761 3086 3830 ἡμέραν
3105 3761 3182 3829 (7)
3201 3760 3290 3812 τὸν
3312 3761 3534 3813 θάνατον
3553 3763 3720 3829 ἡμῶν

2150 3849 2260 3919 πρὸ
2319 3851 2610 3920 ὀφθαλμῶν
2652 3851 2943 3920 βλέπομεν.
2992 3854 3178 3904 Πᾶσαν
3211 3852 3318 3920 γάρ
3372 3851 3720 3921 βαρϐαρικὴν

2150 3943 2465 4014 ὑπερϐαίνει
2518 3943 2711 4012 μανίαν
2752 3943 2818 3996 τά
2847 3944 2950 3996 ὑπὸ
2990 3943 3257 4013 Κυρί).λου
3287 3945 3376 3996 καὶ
3406 3944 3714 4012 Μέμνονος,
3763 3975 3766 3978 -

2148 4035 2363 4087 καὶτῶν
2393 4036 2487 4087 σὺν
2513 4036 2715 4099 αὐτοῖς,
2741 4035 2860 4088 καθ’
2887 4037 2919 4104 ἡ
2930 4035 3043 4106 μῶν
3062 4033 3406 4105 τολμώμενα,
3439 4036 3532 4089 καὶ
3562 4037 3714 4090 οὐδὲν

2147 4122 2284 4188 εἶδος
2319 4127 2501 4189 αὐτοῖς
2535 4127 2961 4197 παραλέλειπται
2994 4127 3330 4198 τυραννίδος.
3365 4129 3580 4196 Ἐφοδοι
3611 4131 3713 4198 μὲν

2146 4218 2254 4287 γὰρ
2288 4221 2534 4286 συνεχεῖς
2558 4257 2572 4280 ,
2607 4217 2683 4279 ὠς
2723 4219 2778 4268 ἐν
2810 4217 3029 4290 πολέμῳ
3051 4261 3064 4285 ,
3103 4220 3428 4289 τολμῶνται,
3453 4221 3511 4272 αἱ
3546 4220 3714 4272 οἰκίαι

2146 4306 2301 4376 ἡμῶν
2331 4307 2427 4375 ἤδη
2461 4307 2541 4368 δίς
2595 4307 2984 4377 ἐπεγράφησαν
3010 4351 3023 4372 ,
3059 4307 3196 4362 ὥστε
3238 4308 3400 4378 δήλας
3447 4304 3587 4360 εἶναι
3617 4309 3718 4360 καὶ

2148 4398 2453 4469 ἐπισήμους
2499 4400 2615 4460 τοῖς
2663 4399 2872 4452 ἐπιέναι
2917 4400 3188 4469 μέλλουσι.
3233 4401 3346 4462 Πᾶς
3398 4395 3546 4460 οἶκος
3581 4401 3715 4469 ἡμῖν

2147 4493 2435 4561 εὐκτὴριος
2463 4492 2910 4546 άποκέκλεισται·
2940 4493 3078 4563 νόσῳ
3114 4493 3572 4564 διαφθειρόμενοι,
3617 4493 3717 4545 καὶ

2151 4581 2387 4653 σμικροῦ
2417 4584 2574 4654 ἀέρος
2603 4583 2910 4636 ἀπολαῦσαι
2940 4583 3250 4646 ποθοῦντες,
3283 4583 3623 4652 προκύπτειν
3651 4585 3713 4635 οὐ

2149 4673 2482 4744 θαρροῦμεν,
2512 4674 2586 4736 ὡς
2620 4674 2925 4745 βαρϐάρους
2953 4675 3078 4736 τοὺς
3108 4673 3410 4744 ὁμοφύλους
3441 4673 3722 4742 φοϐούμε-

2150 4783 2250 4820 νοι.
2286 4769 2348 4820 Οἱ
2379 4766 2483 4819 τῶν
2510 4765 2677 4833 ἁγίων
2700 4764 2957 4836 Πατέρων
2994 4767 3216 4828 κανόνες
3252 4766 3618 4834 πεπάτηνταιο
3670 4769 3720 4817 εἰ

2151 4855 2517 4926 καθῃρημένοι
2557 4856 2652 4907 καὶ⁹
2703 4855 3052 4924 ἀκοινώνητοι
3098 4855 3402 4925 ἱερουργίας
3449 4857 3724 4906 κατατοκ-

2157 4947 2321 5015 μῶσι,
2377 4947 2444 4998 τά
2478 4945 2713 5014 δυσσεϐῆ
2753 4945 2932 4997 αὐτῶν
2981 4945 3266 5016 ἐκχέοντες
3310 4944 3385 5013 τῷ
3434 4945 3549 5014 λαῷ
3581 4946 3722 5000 Θεοῦ

2151 5034 2452 5102 διδάγματα
2472 5051 2485 5064 ο
2517 5027 2692 5104 ἡμεῖς’
2711 5050 2770 5085 τε
2799 5032 3186 5102 καθειργμένοι
3217 5030 3592 5101 διατελοῦμεν,
3626 5036 3729 5092 καὶ

2151 5126 2249 5189 τὰς
2273 5126 2494 5193 ἐφόδους
2522 5123 2977 5196 περισκοποῦμεν.

2245 5389 2296 5458 5)
2337 5390 2401 5444 ν.
2431 5388 2599 5442 Mansi
2641 5387 2866 5458 Collect.
2895 5387 3161 5458 concil.l.
3195 5403 3266 5452 c.,
3301 5403 3357 5457 p.
3397 5385 3556 5442 i584.

2244 5457 2296 5526 6)
2331 5458 2532 5527 ἔσχατα
2567 5458 2746 5509 κακῶν
2773 5457 2841 5509 Μ.
2872 5458 2924 5510 in
2950 5457 3211 5527 margine.

2245 5529 2298 5597 7)
2335 5526 2481 5596 ὥραν
2514 5527 2580 5582 Μ.
2609 5527 2664 5581 in
2691 5541 2862 5596 marg.
