3962 6204
281 341 299 405 Ξ
312 333 414 400 457

1604 328 1964 392 EPISTOLA
2007 328 2202 388 CLXI.

3367 323 3434 387 14
3445 326 3513 388 58

345 440 587 512 Δεόμεθα
607 439 785 493 τοίνυν
807 440 899 493 καὶ
917 439 1233 508 ἱκετεύομεν
1256 438 1354 509 τὴν
1376 438 1647 510 ὑμετέραν
1676 455 1836 509 μετα·

2007 434 2373 489 Obsecramus
2420 431 2652 502 proinde
2716 438 2954 485 vestram
3004 431 3470 502 magniﬁcentiam
3498 475 3511 497 ,

279 534 625 605 λοπρέπειαν,
653 530 726 601 μὴ
750 530 994 601 παριδεῖν
1023 532 1169 600 ἡμᾶς
1189 530 1247 582 ἐν
1275 529 1422 601 μέσῳ
1451 528 1557 582 τῶν
1583 528 1838 583 τοιούτων

277 621 715 693 ἀπειλημμένους
748 619 955 682 κακῶν,
990 618 1104 672 ἀλλ’
1140 618 1445 688 ἐξαρπάσαι
1478 620 1625 688 ἡμᾶς
1661 618 1736 688 (8)
1763 618 1839 680 ὡς

277 714 503 783 τάχιστα
525 711 617 765 τοῦ
648 710 887 763 ὑπόπτου
910 708 1162 773 Θανάτου,
1185 710 1279 762 καὶ
1308 710 1719 779 παρασκευάσαι
1740 708 1839 777 τὴν

281 803 527 872 βασιλίδα
573 803 728 855 πόλιν
775 799 1122 866 καταλαϐεῖν,
1150 801 1244 853 καὶ
1280 800 1461 865 δοῦναι
1508 800 1664 869 λόγον
1693 801 1841 869 ἡμᾶς

281 893 418 960 ὑπὲρ
444 893 543 962 τῆς
566 892 820 957 πίστεως,
853 891 949 948 καὶ
981 890 1256 959 ἐξελέγξαι
1295 893 1402 944 τῶν
1430 892 1841 963 προειρημένων

280 982 484 1053 ἀνδρῶν
512 983 612 1051 τήν
639 998 696 1033 τε
718 982 1000 1052 αίρετικὴν
1031 980 1372 1046 κακοδοξίαν.
1424 984 1515 1034 καὶ
1547 982 1645 1050 τὴν
1677 982 1844 1051 ὑπερ-

281 1073 578 1125 ϐάλλουσαν
629 1071 1004 1144 παρανομίαν·
1055 1072 1103 1123 εἰ
1147 1072 1254 1143 γὰρ
1286 1071 1361 1142 μὴ
1406 1070 1560 1124 τοῦτο
1609 1071 1841 1138 γένοιτο,

282 1160 555 1220 παντελῶς
583 1160 947 1231 ἀπολούμεθα,
980 1161 1073 1213 καὶ
1099 1160 1473 1231 παρανάλωμα
1493 1159 1592 1229 τῆς
1620 1159 1844 1213 ἐκείνων

285 1252 479 1321 μανίας
513 1250 766 1319 ἐσόμεθα.

351 1342 519 1394 Πάλιν
547 1342 725 1395 τοίνυν
755 1342 986 1412 δεόμεθα
1005 1381 1020 1407 ,
1055 1342 1151 1395 καὶ
1179 1342 1509 1413 ἐνορκοῦμεν
1552 1342 1688 1412 πρὸς
1714 1341 1844 1396 παί-

282 1431 406 1495 δων,
438 1433 571 1501 πρὸς
590 1431 706 1503 τῶν
736 1432 1027 1501 φιλτάτων,
1060 1433 1198 1504 πρὸς
1226 1433 1325 1503 τῆς
1353 1432 1566 1495 δικαίας
1588 1431 1681 1485 τοῦ
1708 1432 1843 1486 θεοῦ

283 1522 533 1592 κρίσεως,
578 1523 652 1594 μὴ
680 1522 1034 1594 περιοφθῆναι
1066 1525 1216 1596 παρά
1256 1524 1356 1593 τῆς
1382 1523 1654 1594 ὑμετέρας
1684 1538 1844 1590 μεγα-

281 1612 629 1683 λοπρεπείας,
671 1613 784 1667 ἀλλ’
810 1614 885 1676 ὡς
912 1615 1141 1684 τάχιστα
1166 1614 1412 1667 ἐντεῦθεν
1443 1614 1843 1684 ἀπαλλαγῆναι,

284 1703 377 1755 καὶ
403 1702 682 1775 ἐλεύθερον
714 1705 850 1775 ἀέρα
881 1705 1196 1759 θεάσασθαι.

1943 525 2253 594 obnixeque
2307 524 2556 579 eamdem
2587 536 2870 591 rogamus,
2926 536 2996 575 ne
3034 537 3137 576 nos
3172 523 3340 577 tantis
3364 523 3523 578 hisce

1945 617 2102 670 malis
2142 616 2389 684 undique
2431 615 2663 679 cinctos,
2697 613 2794 667 sed
2826 609 3068 667 evidenti
3099 614 3293 668 mortis
3316 613 3517 668 discri-

1944 707 2113 770 mine,
2143 714 2343 775 quanta
2373 703 2489 759 ﬁeri
2516 710 2697 773 potest
2719 702 3020 764 celeritate,
3045 700 3271 765 eximat,
3297 700 3525 756 elﬁciat~

1944 812 2051 866 que
2092 804 2152 850 ut
2199 795 2267 849 ad
2290 795 2494 865 regiam
2519 794 2797 849 civitatem
2827 791 3018 846 accitis
3047 790 3172 844 ﬁdei
3198 798 3398 845 nostrae
3427 805 3519 845 ra-
3564 862 3577 871 ἦ

1945 887 2152 941 tionem
2198 886 2447 950 reddere,
2484 900 2549 939 ac
2577 883 2962 954 praedictorum
2998 881 3240 935 virorum
3284 880 3517 933 hzeresin

1945 976 2437 1045 incredibilemque
2459 974 2806 1045 iniquitatem
2851 973 3013 1026 liceat
3045 979 3474 1025 commonstrare
3500 989 3515 1025 :

1946 1083 2094 1132 nam,
2133 1068 2239 1122 nisi
2274 1067 2378 1121 hoc
2403 1066 2515 1131 ﬁat,
2554 1064 2859 1135 peribimus
2889 1062 3156 1125 funditus,
3209 1069 3371 1132 atque
3399 1061 3515 1117 illo-

1949 1175 2072 1213 rum
2092 1158 2252 1213 furiis
2272 1157 2531 1228 pabulum
2556 1156 2729 1210 futuri
2754 1170 2964 1209 sumus.

2020 1349 2209 1404 Denuo
2256 1348 2443 1417 itaque
2493 1363 2712 1402 oramus
2762 1356 2818 1401 et
2864 1363 2962 1417 per
2996 1347 3221 1411 liberos,
3258 1355 3313 1402 et
3336 1362 3435 1416 per
3452 1364 3517 1404 ea

1951 1454 2073 1509 qua:
2100 1440 2259 1494 vobis
2288 1448 2417 1493 sunt
2445 1439 2787 1504 charissima,
2826 1454 2890 1494 ac
2918 1440 3240 1509 pcrjustum
3260 1440 3357 1494 Dei
3372 1441 3524 1510 judi—

1951 1530 2097 1584 cium
2119 1531 2482 1593 obtestamur,
2506 1546 2574 1584 nc
2600 1546 2631 1583 a
2652 1536 2835 1583 vestra
2856 1515 3530 1600 magniﬁcentia'neglecti

1954 1618 2348 1688 relinquamur,
2380 1619 2475 1673 sed
2505 1627 2565 1672 ut
2593 1633 2755 1687 quam
2779 1616 3065 1672 celerrime
3090 1616 3220 1671 hinc
3240 1632 3533 1683 eruamur,

1952 1719 2010 1762 et
2038 1709 2271 1763 liberum
2297 1724 2479 1763 aerem
2501 1709 2834 1763 intueamur.

284 1812 405 1867 PE’.
430 1843 501 1855 -—
537 1816 855 1892 Ἐπιστολὴ
901 1814 1021 1870 τῶν
1057 1816 1254 1892 αὐτῶν
1282 1817 1440 1892 Δπρὸς
1464 1818 1571 1892 τὸν
1596 1818 1844 1892 πραιπό-

1963 1818 2201 1875 CLX.—‘
2219 1819 2460 1890 Epistula
2482 1821 2779 1873 earumdem
2803 1821 2873 1875 ad
2894 1822 3230 1892 praepositum
3251 1832 3297 1875 et
3318 1823 3523 1877 schola-

423 1899 618 1948 σιτον,
654 1886 754 1938 καὶ
785 1887 892 1940 τὸν
928 1887 1341 1954 σχολαστικὸν
1375 1889 1450 1956 (9)
1473 1890 1703 1956 ὁμοίως.

354 1972 517 2027 Οὑδὲν
568 1974 824 2036 ἀπονοίας
861 1976 917 2027 ἐν
956 1976 1386 2047 πλημμελήμασι
1429 1976 1841 2049 χαλεπώτερον·

283 2062 420 2133 αὑτη
461 2063 566 2134 γὰρ
597 2066 690 2118 ἐπὶ
737 2065 912 2119 πάντα
939 2067 1056 2119 ἐστι
1087 2066 1153 2119 τὰ
1186 2067 1362 2120 ἄτοπα
1405 2066 1647 2138 ἡγεμών.
1713 2070 1846 2123 Ὑπὸ

284 2151 484 2223 ταύτης
511 2156 558 2207 οἱ
592 2156 877 2223 Αἰγύπτιοι
907 2158 1001 2210 καὶ
1020 2158 1068 2209 οἱ
1096 2158 1193 2209 σὺν
1230 2159 1410 2221 αὑτοῖς
1440 2159 1848 2230 στρατηγούμε-

284 2259 364 2297 νοι
405 2245 514 2299 τῶν
551 2264 611 2301 τε
663 2247 1125 2317 ἐκκλησιαστικίῖλν
1170 2250 1566 2320 καταφρονοῦσι
1607 2251 1846 2322 Θεσμῶν,

285 2334 380 2387 καὶ
417 2334 487 2387 τά
537 2336 732 2407 εὐσεϐῆ
778 2338 887 2390 τῶν
916 2337 1342 2407 θεοφιλεστάτων
1381 2341 1537 2411 ἡμῶν
1584 2340 1848 2411 βασιλέων

287 2426 517 2479 πατοῦσι
552 2428 913 2498 θεσπίσματα.
944 2429 1080 2483 Οὑτε
1107 2430 1214 2499 γὰρ
1255 2430 1325 2483 τὰ
1370 2431 1581 2501 πρῶτα,
1613 2432 1738 2486 οὑτε
1780 2434 1850 2487 τὰ

285 2517 530 2588 δεύτερα,
570 2518 692 2573 οὑτε
723 2521 790 2573 τά
826 2521 986 2592 τρίτα
1031 2523 1226 2584 αὑτοὺς
1278 2526 1573 2592 σωφρονεῖν
1605 2523 1851 2590 ἐδίδαξαν

289 2609 610 2678 γράμματα.
654 2610 788 2664 Οὔτε
826 2613 857 2683 ἠ
892 2612 1131 2682 ἐννόμως
1165 2613 1347 2676 αὑτοῖς
1376 2614 1465 2682 ὑφ’
1499 2616 1656 2685 ήμῶν
1689 2619 1849 2670 ἐπεν-

290 2697 508 2767 εχθεῖσα
537 2700 854 2768 καθαίρεσις
898 2701 1117 2755 ἔσϐεσεν
1159 2703 1338 2756 αὑτῶν
1382 2704 1481 2772 τὴν
1512 2703 1847 2775 θρασύτητα.

302 2788 440 2840 Ἀλλ’
477 2789 813 2860 ἀθροίζονται
863 2792 961 2860 μὲν
994 2794 1072 2854 εἰς
1124 2793 1250 2855 τοὺς
1305 2793 1624 2869 εὑκτηρίους
1673 2797 1852 2859 οἴκους

292 2879 642 2949 παρανόμως,
691 2881 999 2939 ἐπιτελοῦσι
1029 2882 1084 2936 δέ
1128 2883 1374 2949 συνάξεις
1421 2885 1716 2957 ἀθέσμους,
1760 2889 1853 2943 καί

292 2986 375 3024 τοι
404 2987 467 3039 γε
488 2971 595 3026 τῶν
626 2972 768 3025 λαῶν
794 2972 1018 3039 ταύταις
1042 2974 1105 3027 οὑ
1136 2976 1577 3046 παραϐαλόντων.
1602 2981 1772 3033 Παντί
1795 2999 1853 3034 τε

292 3061 419 3133 θείῳ
447 3062 583 3133 οἴκῳ
609 3066 873 3137 φρουροὺς
899 3068 1310 3137 ἐπιστήσαντες,
1346 3069 1534 3123 οὐδένα
1581 3071 1721 3142 πλὴν
1754 3074 1853 3127 αὑη

290 3152 400 3207 τῶν
430 3155 654 3209 είσιέναι
687 3155 1049 3228 συγχωροῦσι.
1082 3159 1191 3211 Καὶ
1223 3160 1396 3213 ταῦτα
1416 3160 1517 3231 ἤδη
1545 3160 1631 3215 διά
1673 3180 1855 3233 γραμ-

295 3246 480 3316 μάτων
504 3247 704 3319 ἐτέρων
726 3248 824 3319 τὴν
849 3249 1121 3320 ὑμετέραν
1150 3249 1465 3321 ἐδιδάξαμεν
1514 3253 1853 3325 μεγαλοπρέ-

293 3355 483 3404 πειαν,
528 3342 674 3404 ὅπως
718 3341 1168 3411 ἐκινδυνεύσαμεν
1209 3341 1606 3412 προσεύξασθαι
1661 3343 1855 3416 βουλη-

293 3430 477 3493 θέντες
522 3434 601 3494 είς
644 3432 704 3485 τὸ
753 3431 905 3500 ἅγιον
948 3431 1311 3494 Ἀποστόλιον,
1346 3431 1484 3499 μετά
1512 3433 1574 3485 τὸ
1600 3433 1855 3500 δέξασθαι

293 3521 362 3574 τά
388 3521 473 3574 διὰ
500 3521 593 3574 τοῦ
625 3521 1073 3592 θαυμασιωτάτου
1105 3521 1397 3596 Παλλαδίου
1419 3523 1513 3575 τοῦ
1539 3540 1857 3596 μαγιστρια-

295 3609 386 3663 νοῦ
417 3612 720 3681 γράμματα
754 3611 860 3663 τῶν
885 3592 1286 3666 εὑσεῦεστάτων
1323 3613 1477 3683 ἡμῶν
1499 3592 1593 3666 καὶ
1618 3592 1858 3687 φιλοάρί-

297 3715 437 3752 στων
467 3698 744 3769 βασιλέων.
782 3701 854 3754 Οὑ
880 3701 1002 3771 ηγάρ
1043 3701 1202 3771 μόνον
1244 3702 1593 3774 ἐκωλύθημεν
1622 3707 1859 3776 προσεύ-

297 3788 512 3854 ξασθαι,
543 3790 675 3844 ἀλλά
704 3792 797 3844 καὶ
826 3791 1279 3857 καταλευσθέντες
1314 3794 1473 3865 μέχρι
1502 3795 1696 3849 πολλοῦ
1728 3814 1859 3850 κατ-

295 3879 525 3952 εδιώχθη
535 3898 653 3950 μεν.

377 3972 595 4042 Ἐπειδὴ
620 3973 800 4028 τοίνυν
824 3976 917 4028 καὶ
943 3975 1042 4046 τῆς
1070 3975 1348 4040 εὑσεὸείας
1372 3977 1645 4049 ὑπάρχετε
1672 3981 1862 4050 τρόφι-

300 4080 413 4134 μοι,
442 4064 535 4117 καὶ
562 4066 620 4117 ἐν
644 4065 810 4137 ἀρετῇ
835 4066 1231 4136 διαλάμποντες
1268 4069 1416 4140 πάσῃ
1437 4109 1451 4132 ,
1484 4068 1559 4132 ὡς
1597 4069 1697 4141 τὴν
1728 4072 1860 4142 ὑμε-

294 4151 460 4223 τέραν
481 4151 728 4207 εὔκλειαν
754 4156 810 4206 ἐν
836 4158 945 4218 τοῖς
968 4155 1221 4209 ἁπάντων
1245 4157 1636 4228 περιφέρεσθαι
1660 4160 1863 4230 στόμα-

299 4258 372 4308 σι,
405 4241 618 4311 καὶτῆς
644 4242 805 4310 ἁγίας
844 4243 1172 4313 Ἐκκλησίας
1198 4242 1451 4314 ἐκθύμως
1478 4244 1591 4312 (10)
1614 4246 1861 4316 ὑπερμα-

296 4336 464 4403 χεῖτε,
499 4336 679 4387 πᾶσαν
703 4334 1013 4403 ποιούμενοι
1036 4334 1399 4405 προμήθειαν,
1433 4333 1573 4388 ὥστε
1597 4334 1862 4406 διηνεκῶς

2529 1892 2718 1943 sticum
2744 1908 2775 1943 a
2800 1894 2939 1961 pari.

2020 1980 2168 2035 Inter
2194 1981 2394 2036 delicta
2424 1982 2563 2036 nihil
2590 1990 2675 2036 est
2701 1983 2951 2052 gravius,
2986 1984 3123 2038 nihil
3154 1984 3523 2054 perniciosius

1952 2071 2259 2140 arrogantia
2309 2088 2321 2124 :
2373 2086 2436 2124 ea
2470 2070 2616 2124 enim
2662 2070 2729 2123 ad
2759 2070 2995 2124 absurda
3017 2087 3245 2141 quaeque
3274 2072 3517 2125 deducit.

1953 2157 2065 2213 Hac
2087 2157 2346 2229 Egyptii,
2402 2170 2456 2212 et
2508 2159 2604 2228 qui
2656 2174 2780 2213 cum
2811 2158 2919 2213 illis
2970 2174 3068 2213 ceu
3100 2160 3203 2214 sub
3226 2161 3393 2231 signis
3423 2162 3525 2215 mi-

1951 2248 2130 2315 litant,
2157 2250 2285 2314 acti,
2321 2250 2723 2305 ecclesiasticas
2744 2251 2892 2320 leges
2919 2260 3301 2320 aspernantur,
3326 2253 3523 2322 piaque

1954 2339 2051 2394 Dei
2077 2339 2579 2394 amantissimorum
2629 2339 2840 2410 1330
2882 2340 3274 2410 imperatorum
3304 2350 3524 2396 nostro-

1955 2444 2078 2482 rum
2113 2429 2295 2483 edicta
2322 2422 2672 2485 conculcant.
2727 2430 2863 2484 Nam
2907 2446 3087 2500 neque
3112 2432 3308 2501 prima,
3344 2446 3525 2501 neque

1955 2516 2216 2579 secunda,
2267 2532 2449 2584 neque
2483 2518 2643 2571 tertia
2678 2517 3071 2587 imperatorum
3096 2520 3327 2590 epistola
3349 2520 3416 2573 ad
3437 2535 3539 2574 sa-v

1956 2606 2169 2659 niorem
2215 2619 2453 2661 mentem
2506 2624 2605 2662 eos
2649 2624 2910 2664 revocare
2954 2610 3152 2679 potuit.
3209 2611 3315 2666 Sed
3348 2626 3526 2680 neque

1956 2694 2201 2764 legitima
2260 2710 2360 2764 per
2402 2711 2505 2751 nos
2555 2696 2609 2750 in
2640 2711 2737 2752 eos
2758 2700 3136 2754 exauctoratio
3165 2684 3272 2754 lata
3307 2701 3527 2755 illorum

1957 2785 2218 2838 exstinxit
2241 2786 2547 2842 audaciam.
2606 2787 2713 2843 Sed
2746 2798 2804 2843 et
2834 2790 2887 2843 in
2912 2791 3171 2845 oratoriis
3200 2800 3381 2861 spreta
3406 2794 3527 2864 lege

1961 2874 2325 2939 conveniunt,
2380 2886 2437 2930 et
2482 2870 2738 2946 profanas
2780 2896 3038 2950 synaxes,
3090 2881 3302 2936 etiamsi
3338 2883 3525 2951 populi

1961 2964 2026 3018 ad
2054 2979 2147 3019 eas
2177 2981 2287 3019 non
2312 2967 2556 3031 veniant,
2586 2969 2848 3025 scelerate
2874 2971 3175 3037 celebrant,
3202 2981 3258 3027 et
3275 2973 3529 3030 omnibus

1963 3056 2132 3110 sacris
2152 3056 2363 3112 aedibus
2385 3059 2663 3124 custodes,
2697 3062 2792 3129 qui
2815 3061 3025 3117 nullum
3052 3062 3157 3117 nisi
3182 3063 3328 3133 ipsos
3349 3065 3530 3135 ingre-

1960 3145 2015 3199 di
2062 3146 2265 3210 sinant,
2313 3148 2704 3204 adhibuerunt.
2762 3151 2832 3205 Et
2870 3153 3093 3223 quidem
3121 3154 3229 3224 jam
3263 3162 3389 3209 ante
3431 3171 3547 3225 per'

1957 3234 2092 3289 alias
2133 3236 2346 3290 litteras
2396 3247 2593 3293 vestra:
2633 3239 3050 3309 magniﬁcentiae
3091 3242 3541 3309 indicatum'estr

1957 3333 2224 3393 quantum
2269 3328 2575 3395 periculum
2618 3328 2983 3397 adiverimus,
3040 3333 3261 3401 quando
3294 3334 3529 3403 pientis--

1957 3413 2227 3469 simorum
2252 3415 2567 3487 ChriStique
2586 3420 2887 3473 amantium
2908 3421 3297 3490 imperatorum
3317 3433 3533 3478 nostro-

1956 3520 2079 3558 rum
2107 3506 2306 3562 litteris
2331 3522 2431 3576 per
2450 3508 2751 3563 Palladium
2775 3510 3032 3564 comitem
3054 3505 3533 3579 praeclarissimum

1951 3596 2065 3666 jam
2087 3598 2349 3667 acceptis,
2372 3599 2440 3654 ad
2463 3607 2705 3654 sanctam
2731 3599 2978 3669 Apostoli
3001 3600 3280 3655 basilicam
3302 3602 3532 3657 adorare

1958 3688 2403 3746 instituebamus.
2458 3692 2676 3747 Etenim
2720 3709 2833 3748 non
2854 3694 3018 3748 modo
3062 3693 3130 3747 ab
3158 3677 3405 3748 oratione
3427 3694 3535 3750 fui-

1960 3796 2083 3836 mus
2131 3783 2431 3852 prohibiti,
2484 3800 2677 3839 verum
2716 3786 2883 3840 etiam
2938 3785 3212 3856 lapidibus
3259 3785 3528 3856 impetiti,

1959 3872 2258 3943 hostilique
2287 3873 2645 3931 insectatione
2681 3877 2838 3947 longe
2861 3877 3060 3933 abacti.

2028 3962 2167 4018 Cum
2197 3964 2382 4034 itaque
2416 3965 2637 4035 pietatis
2663 3967 2869 4021 alumni
2900 3967 3042 4031 sitis,
3073 3968 3332 4039 omnique
3361 3969 3535 4023 virtu-

1960 4062 2075 4108 tum
2128 4070 2329 4124 genere
2374 4056 2771 4128 praal‘ulgeatis,
2811 4058 2949 4114 adeo
2981 4070 3043 4116 ut
3067 4068 3250 4115 vestra
3275 4061 3446 4131 gloria
3474 4061 3532 4115 in

1960 4146 2208 4200 omnium
2257 4161 2353 4201 ore
2395 4155 2670 4212 versetur,
2712 4156 2768 4203 et
2809 4158 3054 4206 sanctam
3095 4152 3395 4207 Ecclesiam
3424 4153 3533 4207 ala-

1959 4238 2127 4292 criter
2155 4238 2537 4310 propugnetis,
2566 4255 2788 4295 omnem
2810 4240 3170 4311 diligentiam,
3194 4250 3255 4294 ut
3275 4241 3533 4295 secundis

1961 4341 2231 4403 perpetuo
2258 4335 2441 4389 ventis
2471 4333 2699 4401 feratur,
2738 4335 3083 4401 adhibentes,
3115 4334 3530 4405 amplitudinem

296 4423 466 4495 αὑτὴν
495 4424 554 4489 ἐξ
593 4426 791 4498 οὑρίων
830 4424 1128 4495 φέρεσθαι,
1165 4424 1589 4495 παρακαλοῦμεν
1619 4426 1773 4496 ὑμῶν
1800 4426 1852 4479 τὲ

1966 4436 2201 4481 vestram
2250 4428 2593 4482 obtestamur
2620 4470 2635 4493 ,
2712 4438 2773 4482 ut
2824 4429 3170 4499 pientissimo
3218 4427 3534 4497 Christique

300 4516 550 4585 μέγεθος,
577 4518 671 4570 καὶ
695 4516 763 4571 τὰ
787 4517 1031 4588 ἡμέτερα
1050 4516 1349 4586 γράμματα
1376 4516 1758 4584 ὑπαναγνῶναι
1784 4516 1861 4589 τῷ

298 4607 671 4678 εὑσεὸεστάτῳ
702 4609 796 4661 καὶ
821 4608 1149 4679 φιλοχρίστῳ
1178 4606 1331 4678 ἡμῶν
1360 4608 1600 4679 βασιλεῖ,
1632 4610 1726 4662 καὶ
1754 4612 1861 4663 πᾶ-

301 4715 401 4752 σαν
429 4700 745 4767 ὑπενεγκεῖν
783 4701 864 4770 (Η
879 4711 894 4767 )
927 4700 1181 4771 σπουδὴν,
1230 4700 1304 4762 ὡς
1332 4699 1431 4769 τὴν
1457 4702 1554 4771 μὲν
1582 4702 1864 4772 παροῦσαν

300 4790 572 4860 παυθῆναι
601 4792 713 4859 (19..)
745 4792 1022 4862 σύγχυσιν,
1076 4792 1364 4862 ἀταράχως
1395 4792 1452 4846 δὲ
1497 4794 1591 4846 καὶ
1631 4793 1862 4866 θορύϐου

300 4883 499 4947 παντὸς
531 4884 697 4955 χωρίς
723 4884 782 4937 τὸ
812 4885 987 4937 κοινὸν
1019 4885 1269 4953 γενέσθαι
1299 4886 1593 4957 συνέδριον,
1623 4890 1719 4942 καὶ
1750 4893 1863 4953 τοῖς

212 4988 219 4995 °
299 4976 831 5046 ἀμφισϐητουμένοις
862 4977 1089 5031 ἕκαστον
1122 4977 1287 5049 μέρος
1324 4976 1432 5031 τῶν
1459 4978 1865 5050 ἀμφισϐητούν-

298 5083 407 5120 των
441 5067 723 5136 συστῆναι.

302 5155 471 5213 ΡΞΑ’.
498 5186 569 5199 -
608 5158 899 5226 Ἆναςρορὰ
939 5158 1088 5224 πρὸς
1132 5159 1239 5214 τὸν
1263 5160 1531 5224 βασιλέα
1586 5161 1864 5217 Ἰωάννου

369 5228 843 5298 ἀρχιεπισκόξτου
908 5227 1267 5298 Ἀντιοχείας
1305 5229 1402 5285 καὶ
1444 5228 1562 5284 τῶν
1595 5230 1717 5284 σὺν
1756 5235 1864 5287 ιιύ-

374 5295 478 5380 τῷ,
504 5295 988 5440 ἵδιγέςὶντέγραψαν
1023 5295 1134 5349 διὰ*
1148 5300 1491 5354 Παλλαδίου
1517 5315 1864 5372 partequa-

370 5384 480 5421 νου
625 5407 639 5420 .

372 5434 561 5523 Τοῦτο,
585 5434 827 5524 εὐσεϐεῖς
852 5457 1088 5530 βασιλεῖς
1102 5491 1125 5519 -,
1159 5458 1315 5512 τοῦτο
1338 5434 1646 5530 όρθοδοξίας
1666 5462 1862 5517 σύστα-

375 5574 449 5638 (8)
472 5576 570 5643 ἠμ.
597 5602 663 5613 ——
690 5589 931 5642 παρασκ.
962 5571 1113 5626 addit
1147 5571 1315 5625 Mans.

375 5640 451 5709 (9)
486 5642 773 5709 γενόμενον
801 5640 951 5695 addit
984 5641 1052 5695 Μ.
1098 5642 1151 5694 in
1192 5656 1315 5707 mar;

375 5640 951 5721 (9)”fsyfipsvov‘addit
984 5641 1052 5695 Μ.
1098 5642 1158 5721 in.
1192 5656 1383 5712 marg.,
1413 5641 1451 5696 1.
1480 5658 1553 5709 c.,
1599 5659 1651 5713 p.
1699 5644 1858 5701 1583.

375 5712 483 5783 (Ill)
510 5712 756 5784 εὐθύμως
789 5712 856 5766 Μ.
894 5712 950 5765 in
995 5712 1277 5780 margine..

1966 4518 2171 4573 amanti
2220 4519 2538 4589 imperatori
2590 4529 2781 4574 nostro
2829 4520 3041 4575 litteras
3070 4527 3289 4575 nostras
3319 4520 3530 4590 legatis,

1967 4610 2226 4680 omnique
2251 4610 2436 4664 studio
2465 4611 2533 4665 ad
2563 4611 2669 4665 hoc
2697 4612 3049 4675 incumbatis,
3077 4622 3137 4664 ut
3157 4624 3397 4680 praesens
3415 4609 3537 4679 qui-

1916 4713 1924 4722 '
1967 4698 2091 4752 dem
2115 4698 2365 4753 confusio
2391 4707 2793 4768 compescatur,
2835 4701 3094 4769 omnique
3120 4697 3535 4768 perturbatione

1967 4804 2032 4843 ac
2083 4788 2321 4842 tumultu
2378 4804 2409 4842 e
2453 4789 2635 4843 medio
2679 4790 2919 4855 sublato,
2957 4787 3264 4843 communis
3297 4785 3536 4858 synodus

1969 4876 2279 4930 celebretur
2303 4916 2317 4939 ,
2370 4884 2427 4930 et
2466 4877 2725 4946 quaelibet
2758 4877 3178 4948 disceptantium
3208 4892 3335 4947 pars
3368 4875 3553 4931 rebus.

1967 4969 2340 5041 controversis
2372 4970 2610 5024 assistat.

1974 5147 2179 5217 1331
2213 5146 2391 5201 CLXI.
2433 5177 2502 5186 —
2535 5145 2776 5217 ‘Joqnnis
2824 5144 3196 5217 archiepiscopi
3214 5141 3551 5217 Antioclgem"

2038 5212 2445 5287 ἓιέιῖνονιιιηᾳιιε
2462 5217 2550 5286 qui
2581 5215 2661 5269 illi
2673 5212 3034 5287 gdlzazrebant,
3069 5212 3257 5287 relatio
3282 5213 3535 5282 rescripta

2043 5286 2112 5338 ad
2142 5283 2511 5355 imperatorem
2543 5302 2634 5355 per
2665 5284 2972 5339 Palladium
3002 5283 3424 5354 magistrianum.

2039 5463 2173 5525 lloc,
2211 5462 2285 5531 pii
2313 5462 2691 5531 imperatores,
2724 5461 2828 5515 hoc
2850 5458 3168 5513 orthodoxa:
3205 5455 3331 5512 ﬁdei
3372 5454 3531 5512 fulci~

2045 5574 2155 5643 (ll)
2184 5572 2508 5643 εἰσενεγκεῖν
2534 5570 2604 5624 Μ.
2632 5571 2689 5643 in
2724 5569 2997 5639 margine.-

2046 5639 2154 5711 (12)
2200 5642 2422 5711 ποθῆναι
2454 5639 2617 5711 Garn.
2648 5641 2847 5711 inepte.

2046 5707 2154 5780 (lli)
2185 5710 2336 5780 Apud
2371 5710 2540 5766 Mansi
2565 5717 2739 5764 exstat
2766 5709 2804 5763 Ι.
2839 5723 2912 5774 c.,
2942 5725 2996 5779 p.
3037 5707 3171 5763 1379
3206 5717 3325 5775 seq.
