3962 6204
463 328 606 394 1459

1447 325 1932 384 THEODORETI
1956 324 2292 384 EPISCOPI
2319 325 2679 384 CYRENSIS

3575 315 3720 380 1460

458 445 707 492 mentum
738 442 844 497 est,
881 434 1063 488 omnia
1092 433 1159 487 ab
1191 433 1300 487 illis
1327 433 1610 502 illegitime
1635 442 1754 487 acta
1784 441 2030 486 evertere

2142 450 2241 498 σις,
2269 433 2329 486 τὸ
2359 432 2516 485 λῦσαι
2545 432 2724 484 πάντα
2758 429 2826 483 τὰ
2857 429 3111 499 ἀθέσμως
3157 427 3247 481 ὑπ’
3280 426 3503 480 ἐκείνων
3544 443 3718 495 γεγε-

457 534 515 583 et
537 527 845 595 antiquare,
888 541 1010 593 qua:
1049 524 1214 578 etiam
1262 539 1362 592 per
1387 521 1682 577 canonicas
1720 521 2034 576 sanctiones

453 622 568 690 jam
622 627 750 672 ante
789 632 983 671 eversa
1025 623 1081 670 et
1129 615 1410 683 antiquata
1449 622 1626 677 erant,
1667 613 2034 682 universaque

459 705 668 778 synodo
719 704 880 758 simul
932 713 1280 773 congregata,
1325 703 1503 771 primo
1540 702 1663 756 loco
1717 701 2034 771 dogmatum

460 794 924 850 examinationem
980 793 1376 848 instituendam
1432 793 1694 848 indicere.
1721 791 1864 848 Sane
1907 807 2034 847 cum

462 888 685 942 decreta
717 894 898 940 vestra
947 885 1194 955 proxime
1237 885 1398 938 allata
1444 900 1554 939 non
1589 884 1795 953 absque
1842 899 2036 954 magna

461 977 684 1032 laudum
729 975 1115 1046 praedicatione
1158 975 1501 1044 legissemus,
1537 975 1723 1028 orbem
1763 983 2035 1028 terrarum

462 1069 683 1123 beatum
728 1067 1117 1137 indicavimus,
1149 1066 1236 1119 cui
1282 1065 1483 1119 talibus
1507 1066 1731 1120 subesse
1777 1065 2036 1134 sceptris,

463 1159 670 1228 talique
703 1156 999 1227 gubernari
1029 1155 1324 1225 contigerit
1357 1155 1610 1224 imperio.

533 1251 739 1304 Verum
786 1257 848 1302 ut
889 1249 1028 1310 ista,
1069 1260 1408 1315 quaacunque
1459 1244 1777 1307 mandastis,
1818 1259 2035 1298 onmem

463 1340 883 1395 admirationem
907 1341 1067 1403 longe
1091 1338 1383 1399 excedunt,
1401 1337 1758 1404 imperatores
1781 1336 2034 1405 piissimi,

401 1407 410 1434 ζ
464 1435 542 1488 ita“
571 1431 732 1486 nobis
771 1445 990 1500 quoque
1017 1428 1390 1482 necessarium
1437 1427 1572 1480 illud
1616 1434 1720 1490 est,
1750 1435 1810 1479 ut
1842 1436 2037 1480 vestrae

398 1559 405 1585 ;
465 1523 732 1594 majestati
778 1521 1047 1575 rationem
1099 1518 1409 1582 reddamus,
1440 1532 1538 1570 cur
1565 1519 1620 1570 in
1671 1518 2035 1592 Ephesiorum

399 1594 404 1597 ³
462 1612 753 1682 metropoli
809 1609 1116 1672 constituti,
1177 1607 1654 1662 condemnationis
1707 1609 2039 1666 sententiam

463 1707 520 1759 in
550 1719 647 1759 eos
685 1703 831 1758 ferre
859 1701 1128 1771 compulsi
1157 1699 1448 1763 fuerimus,
1483 1700 1578 1767 qui
1610 1699 1678 1752 ab
1707 1699 1825 1768 ipso
1851 1704 2038 1756 statim

461 1795 689 1849 exordio
715 1802 897 1848 vestra
923 1793 1144 1846 decreta
1168 1791 1648 1860 proculcaverunt,
1680 1791 1775 1855 qui
1803 1795 2038 1864 propriae

461 1884 812 1940 conscientia:
867 1883 1108 1937 stimulis
1159 1882 1369 1952 agitati,
1423 1881 1747 1950 Apollinarii
1804 1895 1861 1938 et
1923 1883 2036 1937 Arii

457 1979 714 2049 dogmata
757 1985 949 2032 contra
998 1976 1256 2045 pietatem
1304 1974 1632 2030 conﬁrmare
1674 1983 1731 2030 et
1775 1976 2038 2030 innovare

459 2072 776 2134 voluerunt,
826 2085 926 2139 per
955 2085 1042 2133 ea,
1083 2084 1206 2138 qua:
1231 2067 1469 2138 Cyrillus
1516 2069 1646 2124 olim
1693 2068 2038 2123 Alexandria:

459 2163 752 2232 episcopus
812 2177 991 2230 nuper
1035 2161 1214 2231 capita
1269 2159 1523 2216 scribens
1564 2177 1689 2216 cum
1725 2161 2040 2215 anathema-

460 2254 638 2308 tismis
681 2253 832 2308 omni
874 2253 1270 2323 superstitione
1322 2255 1554 2318 referta,
1587 2254 1655 2309 ad
1703 2255 1898 2310 urbem
1947 2270 2038 2310 re-

458 2345 606 2413 giam
639 2344 791 2399 misit
823 2344 953 2414 :qui
986 2344 1309 2417 priusquam
1345 2347 1509 2401 ullam
1550 2346 1863 2400 divinorum
1909 2345 2040 2416 dog-

459 2442 667 2488 matum
703 2434 1099 2491 scrutationem
1140 2436 1482 2507 attigissent,
1522 2436 1591 2490 ad
1625 2436 1811 2490 odium
1850 2445 1906 2489 et
1935 2435 2040 2488 ini-

458 2524 696 2580 micitias
724 2540 846 2582 sese
872 2534 1176 2592 verterunt,
1200 2543 1351 2592 cum,
1375 2527 1523 2580 nulla
1556 2526 1770 2595 piarum
1801 2525 2039 2580 sanctio-

456 2629 589 2668 num
618 2630 928 2672 vestrarum
968 2617 1179 2671 ratione
1203 2616 1410 2682 habita,
1449 2615 1694 2683 iniquam
1729 2616 1866 2669 adeo
1910 2630 2036 2669 sen-

457 2708 686 2761 tentiam
725 2696 935 2777 13.32
977 2707 1241 2762 adversus
1283 2716 1492 2762 tantam
1537 2706 2040 2776 Constantinopolis

459 2797 827 2866 imperatricis
851 2798 1134 2852 civitatum
1180 2797 1365 2852 sedem
1413 2806 1620 2852 temere
1651 2797 1901 2866 proferre
1927 2813 2036 2852 non

465 2885 809 2941 dubitarunt.

531 2976 719 3045 Itaque
744 2977 964 3030 illorum
992 2975 1200 3031 insania
1229 2985 1284 3031 et
1323 2978 1616 3031 insolentia
1668 2995 1768 3046 per
1803 2981 2032 3048 seipsam

2137 522 2344 594 νημένα
2370 561 2388 586 ,
2435 525 2528 577 καὶ
2561 525 2673 585 τοῖς
2718 524 2938 575 κανόσιν
2970 521 3071 590 ήδη
3114 518 3512 588 προλελυμένα,
3560 519 3622 572 τὸ
3661 521 3725 572 ἐν

2141 616 2333 688 πρώτῃ
2364 614 2515 680 τάξει
2544 613 2846 685 προστάξαι
2875 612 2971 684 τὴν
3002 612 3247 678 ἐξέτασιν
3275 611 3382 665 τῶν
3416 611 3720 681 δογμάτων

2138 708 2194 758 ὲν
2215 708 2280 774 τῇ
2316 704 2649 777 συνελθούσῃ
2696 703 2898 773 συνόδῳ
2929 701 3200 771 γενέσθαι.
3263 701 3728 771 Ἐμακαρίσαμεν

2136 797 2234 866 τὴν
2254 793 2581 864 οἰκουμένην
2611 795 2682 846 τὰ
2709 793 3017 863 πρόσφατον
3038 793 3170 862 ἡμῖν
3195 790 3525 860 κομισθέντα
3557 790 3730 858 ὑμῶν

2139 887 2485 956 θεσπίσματα
2522 888 2618 940 σὺν
2668 885 2910 946 ἐπαίνοις
2961 884 3174 954 μυρίοις
3229 884 3586 950 ἀναγνόντες,
3624 883 3728 949 ἐφ’

2139 978 2270 1039 οἵοις
2317 977 2616 1047 σκήπτροις
2639 1017 2655 1042 ,
2699 975 2792 1029 καὶ
2837 975 2920 1043 ἐφ’
2959 975 3048 1043 οἵα
3087 972 3330 1046 βασιλείᾳ
3362 973 3731 1043 διακυϐερνᾶ-

2135 1088 2245 1126 ται.

2222 1247 2361 1300 Ἀλλ’
2383 1248 2531 1301 ὥσπε
2542 1267 2571 1318 ρ
2588 1248 2757 1300 ταῦτα
2775 1247 2968 1308 παντὸς
2984 1246 3256 1315 θαύματος
3271 1246 3416 1296 ἐστιν
3432 1245 3727 1307 ἐπέκεινα,

2136 1339 2238 1392 ὅσα.
2304 1339 2736 1408 προστετάχατε,
2803 1335 3175 1388 εὐσεϐέστατοι
3237 1334 3507 1404 βασιλεῖς,
3567 1335 3730 1388 οὕτω

2135 1433 2232 1484 καὶ
2259 1432 2389 1501 ἡμῖν
2415 1429 2694 1497 ἀναγκαία
2719 1428 2867 1480 ἐστὶν
2903 1429 2935 1497 ή
2970 1427 3105 1496 πρὸς
3142 1427 3202 1478 τὸ
3222 1427 3482 1496 ὑμέτερον
3507 1429 3730 1498 κράτος

2137 1522 2424 1589 ἀπολογία,
2454 1520 2582 1589 περὶ
2601 1513 2675 1573 ὧν
2698 1519 2965 1587 συνηλάθη
2975 1535 3072 1587 μεν
3094 1520 3150 1569 ἐν
3171 1521 3236 1587 τῇ
3263 1518 3523 1586 Ἐφεσίων
3551 1519 3727 1585 γενό-

2145 1632 2294 1686 μενοι
2321 1612 2471 1667 πόλει
2496 1610 2972 1680 καταψηφίσασθαι
3000 1611 3088 1661 καὶ
3119 1614 3440 1681 κατακρῖναι
3479 1611 3610 1674 τοὺς
3653 1612 3732 1662 ἐκ

2141 1707 2444 1778 προοιμίων
2501 1705 2570 1757 τά
2623 1701 2864 1773 ὑμέτερα
2921 1701 3266 1770 πατήσαντας
3318 1701 3725 1771 θεσπίσματαο

2139 1797 2286 1860 τοὺς,
2321 1793 2510 1864 ἐπειδὴ
2553 1792 2657 1846 ὑπὸ
2689 1790 2782 1845 τοῦ
2811 1789 3010 1843 οἰκείου
3061 1790 3354 1854 συνειδότος
3391 1790 3728 1860 ἠλαύνοντο,

2141 1886 2386 1956 κυρῶσαι
2415 1884 2743 1956 θελήσαντας
2767 1887 2858 1937 καὶ
2886 1883 3188 1936 ἀνανεῶσαι
3229 1883 3299 1936 τά
3333 1883 3727 1952 Ἀπολιναρὶου

2141 1981 2234 2032 καὶ
2279 1978 2486 2049 Ἀρείου
2508 1977 2752 2047 δόγματα
2777 1977 2916 2030 κατὰ
2943 1976 3038 2045 τῆς
3064 1975 3361 2040 εὐσεϐείας,
3391 1977 3448 2029 ἐν
3474 1973 3561 2038 οἷς
3591 1976 3726 2027 Κύ-

2143 2072 2320 2142 ριλλος
2347 2073 2374 2123 ὁ
2405 2069 2810 2140 ’Δλεξανδρείας
2835 2068 3028 2139 πρώην
3057 2071 3134 2130 είς
3154 2067 3252 2138 τὴν
3280 2067 3523 2138 βασιλίδα
3551 2067 3730 2119 πόλιν

2140 2163 2413 2233 κεφάλαιά
2440 2179 2560 2215 τινα
2601 2161 2739 2232 μετά
2782 2159 3240 2231 ἀναθεματισμῶν
3284 2160 3395 2230 (14)
3429 2158 3723 2228 ἐξέπεμψε

2142 2254 2281 2324 μετὰ
2318 2253 2496 2322 πάσης
2524 2252 2989 2323 ὲθελοθρησκείας
3015 2253 3162 2315 τοὺς,
3185 2252 3311 2320 πρὶν
3332 2249 3572 2318 ἅψωνται
3595 2250 3720 2318 (15)

2138 2347 2236 2416 τῆς
2273 2345 2382 2397 τῶν
2428 2343 2588 2397 θείων
2616 2343 2903 2413 δογμάτων
2945 2341 3190 2412 ἐρεύνης,
3226 2340 3360 2410 πρὸς
3380 2339 3582 2410 ἔχθραν
3616 2342 3725 2393 καὶ

2139 2435 2432 2505 ἀπέχθειαν
2459 2435 2684 2496 ἰδόντας,
2716 2434 2773 2484 ὲν
2803 2427 2884 2496 οἷς
2905 2432 3208 2503 ἐτόλμησαν
3242 2431 3389 2501 παρά
3415 2431 3483 2484 τά
3516 2431 3726 2499 ὑμέτεο

2144 2544 2212 2597 ρα
2243 2525 2442 2595 εὐσεϐῆ
2472 2524 2840 2594 θεσπίσματα,
2864 2523 3042 2594 ψῆφον
3077 2523 3250 2584 οὔτως
3279 2521 3458 2576 ἄδικον
3489 2521 3727 2588 ἐξενεγ-

2139 2617 2254 2668 κεῖν
2285 2616 2425 2668 κατά
2444 2613 2697 2667 τοσούτου
2725 2613 2918 2685 θρόνου
2944 2613 3044 2683 τῆς
3075 2612 3342 2683 βασιλίδος
3360 2611 3468 2665 τῶν
3495 2610 3724 2664 πόλεων

2138 2704 2783 2768 Κωνσταντινουπόλεως.

2223 2970 2285 3020 Ἦ
2341 2969 2436 3038 μὲν
2470 2964 2565 3020 οὖν
2597 2965 2801 3019 τούτων
2836 2965 3090 3036 παροινία
3141 2966 3366 3020 αὐτόθεν
3415 2968 3582 3020 πᾶσιν
3615 2968 3718 3019 ἀν-

459 3064 751 3118 manifesta
790 3073 875 3118 est
907 3065 1188 3128 omnibus,
1212 3073 1438 3133 propter
1469 3066 1615 3133 quod
1649 3067 1813 3120 etiam
1845 3079 2030 3122 sancta

2142 3059 2376 3130 θρώποις
2399 3059 2530 3139 δήλη
2551 3059 2698 3111 ἐστίν
2717 3075 2728 3090 ·
2753 3059 2836 3128 ἐφ’
2930 3059 3022 3110 καὶ
3055 3059 3088 3128 ἡ
3116 3058 3245 3126 ἁγία
3274 3058 3515 3122 σύνοδος,
3558 3059 3723 3130 ὀρθῷ

461 3154 702 3222 synodus
747 3161 900 3208 recto
939 3155 1105 3208 animi
1156 3171 1344 3220 sensu,
1383 3157 1682 3226 divinoque
1731 3159 1847 3212 zelo
1906 3175 2028 3228 per-

458 3252 604 3298 mota
657 3251 714 3298 et
757 3245 963 3299 sanctis
995 3246 1256 3301 Ecclesiis
1306 3250 1603 3303 consulens
1631 3291 1644 3312 ,
1700 3251 2031 3305 condemna-

461 3334 628 3389 tionis
679 3336 1008 3390 sententiam
1071 3338 1127 3390 in
1173 3353 1291 3402 eos,
1343 3339 1437 3408 qui
1478 3355 1579 3395 suo
1629 3342 1742 3410 jam
1779 3351 1906 3396 ante
1938 3344 2028 3412 ju—

459 3426 602 3480 dicio
631 3427 978 3482 condemnati
1034 3438 1212 3491 erant,
1237 3431 1466 3498 protulit
1495 3448 1508 3484 :
1534 3432 1672 3484 nihil
1726 3433 2028 3502 culpabile,

459 3515 632 3577 absit,
668 3517 752 3572 vel
790 3519 1163 3583 temerarium,
1197 3521 1343 3588 quod
1374 3521 1645 3590 quispiam
1673 3522 1895 3586 dixerit,
1929 3524 2030 3577 hac

458 3609 512 3660 in
542 3624 600 3662 re
633 3610 1012 3674 committens;
1039 3610 1136 3664 sed
1197 3611 1422 3679 pietati,
1448 3628 1570 3681 quae
1623 3613 1678 3667 in
1723 3616 2027 3683 periculum

457 3701 692 3756 adducta
712 3702 1020 3764 videbatur,
1048 3711 1175 3757 ante
1197 3705 1379 3758 omnia
1410 3707 1775 3776 prospiciens.

527 3792 706 3862 Atque
741 3794 856 3848 lucc
889 3799 1134 3848 actorum
1168 3804 1483 3849 nostrorum
1515 3798 1658 3866 apud
1691 3801 2026 3869 mjestatem

456 3892 692 3936 vestram
725 3883 1028 3952 justissima
1072 3884 1143 3938 sit
1170 3883 1439 3938 defensio.
1469 3886 1484 3904 ‘
1525 3885 1714 3954 Neque
1743 3887 1887 3940 enim
1935 3895 2028 3939 aut

456 3973 627 4044 gratia
660 3982 754 4027 aut
786 3973 916 4027 odio
937 3973 1087 4027 ducti
1112 3975 1451 4039 sumus;se'd
1483 3976 1587 4029 hoc
1610 3992 1779 4029 unum
1813 3987 2024 4047 specta-

455 4064 654 4125 vimus,
686 4072 746 4115 ut
793 4063 938 4130 piam
967 4062 1128 4116 ﬁdem
1169 4064 1523 4118 ﬂuctuantem
1559 4065 1627 4118 ab
1673 4066 1741 4120 iis
1778 4069 1933 4136 quasi
1971 4069 2024 4122 in

455 4154 685 4209 salutem
712 4153 1150 4219 vindicaremus,
1185 4155 1281 4225 qui
1315 4156 1518 4225 scripta
1548 4171 1645 4210 sua
1671 4157 1725 4210 in
1758 4173 2026 4212 summam

455 4245 673 4298 illorum
721 4244 1108 4299 contumeliam
1163 4254 1220 4300 et
1277 4246 1752 4301 labefactationem
1811 4249 2024 4303 munire

454 4334 802 4398 studuerunt,
829 4349 952 4404 quae
975 4335 1173 4390 Petrus
1210 4335 1489 4405 professus
1521 4346 1624 4400 est,
1655 4352 1777 4406 qua:
1817 4338 1884 4392 de
1911 4339 2024 4394 Deo

2132 3154 2210 3225 τῷ
2237 3154 2546 3224 φρονήματι
2598 3152 2693 3205 καὶ
2733 3152 2878 3224 ζήλῳ
2925 3151 3068 3205 κατά
3111 3151 3244 3206 Θεὸν
3271 3153 3577 3221 κινηθεῖσα,
3617 3154 3716 3204 καὶ

2133 3246 2304 3313 φειδοῖ
2334 3244 2443 3297 τῶν
2478 3244 2646 3312 ἁγίων
2675 3243 3034 3313 Ἐκκλησιων,
3066 3243 3382 3313 κατέκρινεν
3407 3243 3717 3300 αὐτοκαταο

2134 3337 2352 3406 κρίτους
2375 3335 2533 3397 ὄντας
2553 3352 2566 3365 ·
2597 3335 2658 3388 οὐ
2693 3334 3043 3404 μεμπτόντι,
3077 3335 3151 3405 μὴ
3175 3333 3407 3401 γένοιτο,
3436 3333 3555 3386 οὐδὲ
3580 3335 3713 3404 θερς

2134 3427 2254 3496 μὸν,
2286 3426 2360 3489 ὼς
2389 3427 2453 3480 ἄν
2489 3443 2570 3488 τις
2596 3425 2759 3487 εἴποι,
2793 3425 3138 3495 πράττουσα,
3171 3426 3306 3478 ἀλλά
3345 3428 3406 3494 τῇ
3447 3423 3713 3496 εὐσεϐείᾳ

2132 3516 2513 3586 κινδυνευούσῃ
2543 3517 2647 3586 πρὸ
2681 3516 2895 3569 πάντων
2925 3515 3226 3584 ἀμύνουσα.

2204 3789 2350 3857 Αὕτη
2385 3789 2522 3857 ὑπὲρ
2567 3779 2674 3840 τῶν
2725 3791 2851 3857 παρ’
2875 3789 3033 3858 ἡμῶν
3065 3787 3465 3857 πεπραγμένων
3494 3786 3707 3839 δικαιο-

2130 3881 2263 3950 τάτη
2297 3881 2429 3951 πρὸς
2452 3881 2510 3932 τὸ
2538 3881 2800 3951 ὑμέτερον
2846 3881 3047 3948 κράτος
3095 3881 3233 3931 ἔστω
3267 3878 3377 3945 (Ni)
3409 3877 3700 3943 ἀπολογία·

2130 3973 2286 4043 ἡμῶν
2320 3974 2417 4043 μὲν
2471 3974 2604 4041 μήτε
2641 3971 2775 4042 πρὸς
2820 3973 2999 4041 χάριν,
3048 3973 3181 4039 μήτε
3231 3971 3365 4040 πρὸς
3401 3967 3705 4036 ἀπέχθειαν

2134 4063 2458 4133 βλεπόντων,
2486 4062 2600 4116 ἀλλ’
2624 4063 2740 4124 ὲνὺς
2767 4061 2936 4114 ὅντων
2970 4062 3104 4129 (l7),
3140 4062 3232 4114 τοῦ
3254 4061 3353 4130 τὴν
3373 4058 3571 4122 εὐσεϐῆ
3607 4059 3702 4110 πί-

2129 4171 2244 4207 στιν
2271 4153 2688 4223 κυματουμένην
2714 4151 2901 4220 ὥσπερ
2931 4151 3191 4203 διασῶσαι
3218 4150 3322 4202 ὑπὸ
3359 4149 3466 4200 τῶν
3486 4147 3554 4199 τά
3578 4147 3700 4198 ἑαυο

2128 4247 2234 4298 τῶν
2259 4244 2668 4314 συγγράμματα
2699 4241 2956 4312 αὐθαδείᾳ
3000 4242 3366 4312 βουληθέντων
3403 4238 3698 4308 κρατῦναι,

2129 4337 2215 4388 ἐπ’
2241 4335 2492 4406 ἀθετήσει
2516 4335 2610 4387 καὶ
2635 4333 2810 4404 ῦὸρει,
2849 4327 2925 4386 ὧν
2968 4333 3169 4401 Πέτρος
3201 4331 3571 4400 ὡμολόγησεν,
3620 4323 3702 4381 ὧν

451 4429 671 4483 locutus
691 4435 774 4481 est
803 4427 1060 4491 Joannes;
1091 4443 1214 4497 qua:
1257 4427 1543 4482 Matthaeus
1569 4435 1626 4482 et
1653 4429 1743 4483 alii
1787 4445 2023 4501 evange-

2142 4427 2393 4494 Ἰωάννης
2424 4424 2794 4494 ἐθεολόγησεν,
2828 4419 2904 4476 ὧν
2938 4424 3213 4485 Maelio;
3241 4420 3473 4492 ἐκήρυξε
3520 4421 3619 4472 καὶ
3645 4423 3700 4472 οἱ

450 4516 594 4570 Ιίειω
614 4517 1148 4586 pradicarunt,qua2
1192 4517 1394 4570 Paulus
1437 4516 1646 4586 Spiritu
1697 4528 2022 4588 suggerente

451 4606 660 4671 docuit,
713 4622 836 4676 qua:
891 4621 1088 4660 omnes
1137 4605 1425 4662 orthodoxi
1486 4607 1690 4676 ubique
1748 4617 2019 4663 terrarum

450 4697 836 4766 praedicatione
893 4697 1273 4767 divulgantes,
1314 4697 1458 4767 piam
1517 4698 1678 4753 ﬁdem
1739 4699 2022 4768 plantave-

449 4797 598 4844 runt.

520 4879 702 4946 Quare
759 4888 1002 4936 vestram
1039 4881 1300 4950 pietatem
1344 4884 1794 4952 maiestatemque
1829 4884 1883 4936 in
1933 4899 2022 4937 or-

450 4969 687 5024 thodoxa
729 4969 976 5025 doctrina
1006 4970 1293 5024 educatam
1325 4971 1526 5026 obnixe
1551 4987 1826 5042 rogamus,
1851 4989 2022 5043 quan-

451 5069 566 5114 tum
605 5076 799 5131 rogare
840 5075 1161 5130 possumus,
1191 5070 1252 5114 ut
1288 5061 1430 5116 hanc
1462 5063 1820 5117 orthodoxam
1857 5063 2020 5118 ﬁdem

449 5154 686 5208 retineat
714 5153 946 5208 ﬁrmiter
975 5168 1038 5207 ac
1083 5163 1410 5222 propugnet,
1433 5161 1487 5208 et
1532 5155 1860 5209 incolumem
1887 5172 2021 5211 con-

447 5251 650 5308 servet,
677 5259 800 5298 cum
841 5245 897 5297 in
932 5243 1020 5296 his
1041 5259 1252 5297 summa
1287 5260 1476 5298 rerum
1507 5260 1632 5314 spes
1663 5245 1815 5300 vobis
1845 5249 2020 5316 posita

447 5338 537 5392 sit.
562 5339 674 5392 Nos
706 5345 890 5391 autem
918 5344 972 5390 et
1014 5345 1172 5390 antea
1200 5346 1255 5390 et
1295 5353 1442 5392 nunc
1471 5353 1690 5407 quoque
1715 5339 1899 5393 animo
1923 5357 2018 5410 pa-

450 5429 551 5481 rati
606 5444 816 5489 sumus,
857 5429 1008 5499 juxta
1044 5427 1266 5496 pietatis
1321 5437 1516 5484 vestra:
1561 5429 1804 5496 decreta,
1835 5447 2016 5502 neque

521 5580 630 5654 (ξεί)
659 5581 974 5654 __6s~/.a-:pt6)_v_
991 5580 1141 5654 addit
1166 5581 1336 5654 Mans.
1375 5583 1427 5636 in
1453 5599 1620 5654 marg.

520 5648 630 5718 (l5)
655 5648 894 5718 ᾃψαντας
929 5649 996 5702 Μ.
1024 5651 1075 5702 in
1103 5651 1360 5718 margine.

521 5715 628 5785 (l6)
665 5715 810 5770 ἕσται
841 5717 890 5769 Μ
935 5719 987 5769 in
1025 5715 1287 5786 margine.

2129 4516 2304 4569 λοιποὶ
2355 4513 2756 4582 εὐαγγελισταὶ,
2803 4506 2879 4566 ὧν
2926 4512 3134 4575 Παῦλος
3163 4515 3228 4582 τῇ
3255 4508 3701 4578 τούΉνεύματος

2129 4608 2380 4678 ἐνεργείᾳ
2414 4606 2670 4672 ἐδίδαξεν,
2699 4599 2774 4658 ὧν
2809 4606 3044 4666 ἅπαντες
3076 4605 3126 4657 oi
3168 4602 3433 4673 όρθόδοξοι
3486 4619 3700 4653 παντα-

2128 4703 2226 4773 χοῦ
2249 4701 2346 4770 τῆς
2376 4698 2701 4770 οἰκουμένης
2723 4696 2784 4749 τὸ
2812 4697 3072 4766 κήρυγμα
3108 4694 3430 4764 ἐκφέροντες
3472 4692 3575 4761 τὴν
3608 4693 3705 4744 εὐ-

2129 4794 2259 4863 σεϐῆ
2285 4793 2464 4846 πίστιν
2492 4791 2813 4863 ἐρῤίζωσαν.

2199 4885 2415 4954 Ταύτης
2441 4883 2536 4951 τῆς
2562 4882 2841 4952 ὀρθοδόξου
2871 4882 3105 4943 πίστεως
3153 4882 3453 4952 εὐχόμεθα,
3479 4884 3584 4950 ὅστε
3611 4898 3708 4943 τις

2127 4977 2294 5048 εὐχῆς
2331 4979 2461 5046 ἡμῖν
2493 4973 2741 5044 δύναμις,
2768 4973 2866 5044 τὴν
2896 4974 3166 5044 ὑμετέραν
3191 4975 3488 5035 εὐσέϐειαν,
3515 4974 3616 5025 καὶ
3637 4974 3710 5023 τὸ

2129 5069 2389 5138 ὑμέτερον
2419 5069 2485 5135 τῇ
2515 5065 2793 5137 ὁρθοδοξίᾳ
2833 5066 3270 5138 ὲντεθραμμένον
3309 5065 3532 5134 κράτος,
3575 5065 3710 5116 ἀντ-

2127 5157 2344 5227 έχεσθαί
2366 5175 2424 5212 τε
2446 5157 2537 5210 καὶ
2567 5157 2980 5227 ύπερασπίζειν.
3010 5158 3105 5210 καὶ
3134 5158 3376 5234 ἄτρωτον
3398 5156 3710 5222 διαφυλάτς

2126 5265 2258 5313 τειν,
2288 5249 2362 5312 ὡς
2384 5251 2442 5300 ἐν
2467 5249 2676 5311 τούτοις
2713 5250 2841 5318 ύμῖν
2883 5248 3051 5318 οὔσης
3084 5251 3181 5318 τῆς
3213 5251 3387 5303 πάντα
3413 5249 3545 5318 ύμῖν
3582 5267 3709 5301 συν-

2125 5339 2354 5410 εχούσης
2379 5341 2476 5410 τῆς
2499 5340 2608 5392 τῶν
2640 5343 2980 5410 πραγμάτων
3018 5342 3231 5404 ἐλπίδος
3255 5355 3267 5369 ⁸
3300 5341 3457 5410 ἡμῶν
3485 5342 3584 5392 καὶ
3606 5340 3714 5392 νῦν

2126 5433 2218 5485 καὶ
2258 5432 2520 5502 πρότερον
2550 5431 3085 5502 παρεσκευασμένων
3128 5432 3203 5503 μὴ
3244 5433 3520 5492 ἐκκλῖναι,
3557 5435 3713 5484 κατὰ

2192 5586 2300 5654 (l7)
2326 5587 2474 5648 ὄντος
2503 5588 2570 5641 Μ.
2609 5589 2663 5641 ἰη
2717 5605 2885 5658 marg.
2914 5588 3090 5644 Locus
3123 5589 3267 5643 haud
3315 5587 3482 5642 dubie
3503 5603 3714 5643 corru-

2119 5667 2264 5724 ptus,
2291 5658 2341 5709 in
2377 5672 2486 5724 quo
2511 5674 2608 5727 pro
2643 5659 2756 5721 ἐνὸς
2783 5660 2933 5722 ὄντος
2966 5659 3187 5729 legerim
3217 5659 3554 5715 ἐνωτάντων.
