3962 6204
263 387 393 457 1461

1599 384 1961 445 EPISTOLA
1996 383 2193 443 CLXI.

3371 374 3510 440 1462

261 505 330 557 τὰ
361 501 600 573 ὑμέτερα
622 499 985 571 θεσπίσματα,
1012 498 1151 567 μήτε
1178 496 1346 561 δεξιὰ,
1376 496 1511 567 μήτε
1537 495 1823 567 ἀριστερὰ,

1955 494 1995 548 Δ
2020 493 2290 559 dextram,
2315 508 2494 563 neque
2523 491 2732 563 1333
2757 490 2825 545 ad
2848 488 3515 560 sinistram,quemadmo-

262 594 338 655 ὼς
364 595 398 661 ἡ
434 591 551 645 θεία
584 589 753 660 ἔφησε
782 588 985 660 Γραφή.
1032 586 1256 657 Ἐπειδὴ
1285 587 1392 657 γάρ
1430 586 1566 657 πρὸς
1590 586 1649 640 τὸ
1682 586 1831 639 εὐσε-

264 684 357 746 ϐὲς
395 682 495 752 τὴν
535 685 717 736 πᾶσαν
774 682 945 751 ῥοπὴν
978 680 1039 733 τι.
1077 679 1341 750 ὑμέτερον
1373 679 1486 750 ἔχει
1529 679 1751 749 κράτος,
1781 680 1830 732 οἰ

268 775 367 844 μὲν
389 773 699 843 πειθόμενοι
729 771 909 834 ἕξουσι
942 770 1032 823 τὸν
1053 771 1187 839 παρῖ
1206 770 1235 821 ὑ
1245 768 1359 839 μῶν
1392 769 1569 823 αὐτῶν
1588 769 1829 834 ἔπαινον,

265 864 358 917 καὶ
380 864 478 930 τὴν
514 863 665 934 παρὰ
698 860 792 914 τοῦ
822 860 956 913 Θεοῦ
989 859 1259 931 ἀποδοχήν
1281 877 1295 890 ’
1329 861 1380 912 οἰ
1406 860 1462 913 δὲ
1486 859 1623 930 πρὸς
1648 877 1835 912 νεωτε-

270 959 498 1024 ρισμοὺς
526 954 835 1023 βλέποντες,
884 950 980 1005 καὶ
1016 950 1115 1022 τὴν
1145 954 1209 1004 ὲκ
1259 950 1503 1021 θορύϐων
1549 949 1838 1021 ὲπινοητὴν

265 1045 493 1113 δύναμιν
526 1044 739 1105 ἑαυτοῖς
769 1042 1289 1106 κατασκευάζοντες,
1317 1041 1504 1110 ὥσπερ
1533 1043 1581 1094 οἱ
1614 1040 1712 1103 τὰς
1746 1058 1839 1092 τυ-

271 1135 523 1205 ραννίδας
544 1136 662 1195 ταῖς
697 1132 980 1202 εὐνομίαις
1009 1132 1391 1200 ἐπεισάγοντες
1420 1130 1578 1196 ἀξίαν
1608 1130 1840 1198 ἀπενέγ-

268 1240 472 1275 κωνται
501 1222 764 1293 αἰσχύνην
788 1222 922 1292 (18),
942 1223 1038 1276 ἆτε
1058 1221 1121 1290 δὴ
1143 1224 1244 1290 τὴν
1256 1220 1511 1291 εὐνομίαν
1533 1219 1840 1289 διαφθεῖραι

270 1315 670 1377 σπουδάσαντες
690 1356 704 1381 ,
753 1314 846 1367 καὶ
873 1314 971 1377 τὰς
1013 1313 1284 1384 ὑμετέρας
1320 1313 1726 1383 παρεγγυήσεις
1752 1328 1845 1381 χα-

273 1407 370 1476 μαὶ
401 1405 554 1477 ῥίψαι
580 1406 975 1473 τολμήσαντες.

344 1584 505 1634 Ὥστε
542 1580 722 1633 τοίνυν
761 1579 1030 1649 μηδεμίαν
1075 1579 1314 1651 ταραχὴν
1343 1578 1376 1649 ἢ
1405 1577 1634 1648 θόρυϐον
1664 1578 1723 1630 ὲν
1768 1577 1845 1648 τῷ

274 1673 437 1743 κοινῷ
470 1672 722 1740 γενέσθαι
762 1670 1042 1741 συνεδρίῳ,
1080 1670 1391 1723 θεσπισάτω
1436 1667 1591 1740 ὑμῶν
1641 1669 1674 1739 ἡ
1707 1668 1848 1737 φιλό-

274 1780 491 1833 χριστος
514 1763 726 1832 κορυφὴ
757 1761 850 1815 δύο
896 1761 1113 1831 ἑκάστῳ
1161 1759 1531 1833 μητροπολίτῃ
1583 1763 1842 1815 συνεῖναι.

1932 585 2061 640 dum
2078 584 2262 639 divina
2275 584 2556 654 Scriptura
2572 583 2815 653 loquitur
2827 583 2869 615 ⁸¹
2882 623 2896 648 ,
2910 581 3212 637 declinare.
3229 581 3366 635 Nam
3387 596 3517 636 cum

1934 692 2096 732 omne
2118 675 2421 747 majestatis
2450 684 2647 730 vestrae
2673 674 2916 729 studium
2951 673 3018 726 ad
3043 671 3305 742 pietatem
3334 671 3511 724 inten-

1935 769 2048 831 dat,
2076 767 2153 822 illi
2179 766 2402 836 quidem
2424 766 2518 837 qui
2546 766 2850 836 paruerint,
2884 780 2912 819 a
2932 763 3089 818 vobis
3114 762 3245 832 ipsis
3271 761 3514 821 laudem,

1935 876 1967 914 a
1988 860 2100 917 Deo
2125 867 2307 913 autem
2327 846 2858 912 commendationem
2884 853 3265 923 reportabunt,
3290 860 3517 906 ceteros

1936 966 2071 1005 vero
2095 949 2189 1019 qui
2213 947 2552 1003 novitatibus
2573 947 2705 1001 dant
2729 962 2977 1016 operam,
3001 944 3217 1012 sibique
3249 941 3515 1012 imagina-

1939 1043 2080 1097 riam
2124 1041 2414 1111 quamdam
2464 1038 2891 1093 tumultuatione
2927 1036 3248 1106 potentiam,
3283 1031 3518 1103 proinde

1940 1148 2005 1189 ac
2036 1133 2113 1186 illi
2143 1131 2239 1201 qui
2272 1133 2408 1200 bene
2440 1129 2759 1198 temperatis
2788 1127 2955 1182 rebus
2989 1125 3225 1196 publicis
3270 1122 3517 1194 tyranni-

1942 1225 2066 1279 dem
2103 1223 2393 1284 inducunt,
2430 1236 2747 1289 comparare
2777 1219 3019 1282 student,
3050 1218 3253 1287 justam
3288 1214 3514 1283 ignomi-
3562 1270 3566 1274 Α

1942 1317 2090 1370 niam
2123 1325 2379 1382 tanquam
2415 1313 2547 1381 justi
2576 1310 2860 1379 regiminis
2902 1316 3276 1377 corruptores,
3303 1312 3519 1358 vestra-

1947 1422 2177 1474 rumque
2223 1402 2703 1460 denuntiationum
2757 1399 3035 1455 temerarii
3088 1405 3516 1466 contemptores,

1944 1494 2250 1548 incurrent.

2017 1584 2363 1654 Quapropter
2421 1597 2489 1636 ne
2534 1580 2776 1635 turbatio
2816 1587 2910 1633 aut
2940 1578 3123 1646 aliqua
3170 1575 3524 1629 tumultuatio

1947 1676 2243 1732 concilium
2286 1674 2528 1739 infestet,
2555 1682 2737 1728 vestra
2770 1670 2976 1726 Christi
3027 1684 3215 1723 amans
3253 1666 3522 1721 celsitudo

1950 1767 2235 1829 decernat,
2264 1773 2324 1819 ut
2349 1765 2457 1819 duo
2480 1771 2691 1818 tantum
2721 1760 2950 1816 cuilibet
2976 1757 3397 1829 metropolitano
3423 1756 3520 1809 ad-

286 1853 503 1923 Ἐπειδὴ
520 1854 611 1905 καὶ
632 1854 792 1922 ἡμεῖς
815 1854 924 1914 τοῖς
944 1852 1041 1921 τῆς
1063 1850 1330 1920 ὑμετέρας
1349 1849 1628 1912 εὐσεϐείας
1647 1849 1832 1920 γράμ-

1955 1856 2080 1910 sint.
2110 1855 2247 1909 Nam
2279 1861 2336 1908 et
2364 1868 2464 1908 nos
2511 1850 2732 1921 pietatis
2766 1858 2962 1905 vestrae
3006 1846 3207 1901 litteris
3248 1843 3521 1907 obsecuti,

277 1960 441 2012 μασιν
493 1943 733 2008 εἴξαντες
787 1942 1074 2006 τοσούτους
1133 1941 1470 2012 ἐπαγόμεθα,
1528 1940 1839 2012 δυνάμενοι,

273 2034 429 2103 εἰπερ
474 2034 581 2104 ἄρα
628 2034 865 2105 πλήθους
892 2030 960 2103 ἦν
992 2033 1171 2104 χρεία,
1221 2033 1504 2096 πλείστους
1548 2032 1695 2102 ἔχειν
1724 2031 1843 2103 μεθ’

273 2123 483 2178 ἑαυτῶν
510 2126 635 2189 τοὺς
655 2125 724 2179 τὰ
749 2125 867 2178 θεῖα
887 2125 1134 2195 δόγματα
1159 2122 1402 2195 ἀκριϐῶς
1424 2123 1841 2193 ἐπισταμένους,

273 2217 367 2268 καὶ
392 2216 544 2270 οὐδὲν
571 2216 646 2287 τῷ
668 2216 881 2281 ἀμαθεῖ·
896 2218 1003 2270 τῶν
1034 2215 1191 2269 θείων
1224 2214 1417 2286 πλήθει
1458 2214 1722 2270 Ἀσιανῶν
1749 2217 1844 2269 καὶ

273 2308 586 2375 Αἰγυπτίων
608 2308 872 2370 ἐοικότας.
904 2307 968 2361 Εἰ
993 2307 1101 2378 γὰρ
1122 2307 1282 2360 τοῦτο
1317 2306 1392 2377 μὴ
1422 2306 1654 2375 γένοιτο,
1685 2306 1849 2375 ἀνάγ·

272 2413 346 2465 κη
369 2397 634 2467 σύγχυσιν
673 2394 828 2460 αὖθις
855 2396 1141 2466 γενέσθαι’
1182 2397 1495 2465 Αἰγυπτίων
1530 2398 1628 2467 μὲν
1678 2398 1847 2451 ὄντων

274 2488 611 2558 πεντήκοντα
638 2504 651 2519 ⁸
695 2487 959 2542 Ἀσιανῶν
977 2487 1035 2540 δὲ
1071 2487 1178 2541 τῶν
1221 2488 1325 2541 ὑπὸ
1348 2488 1606 2558 Μέμνονα
1637 2491 1728 2541 τὸν
1749 2491 1845 2558 τῆς

275 2577 586 2649 τυραννίδος
605 2579 702 2648 ἠγε
712 2578 871 2648 μόνα,
899 2578 1311 2648 τεσσαράκοντα
1329 2595 1343 2607 ·
1375 2578 1591 2631 καὶτῶν
1618 2579 1676 2630 ὲν
1700 2579 1848 2645 Παμ-

279 2663 443 2734 φυλία
471 2664 762 2733 αἰρετικῶν
804 2664 1220 2720 Μεσαλινιωτῶν
1260 2666 1372 2735 (19)
1413 2665 1719 2736 λεγομένων
1751 2663 1849 2717 δὼ-

273 2752 408 2806 δεκα
431 2768 444 2784 ο
480 2754 648 2825 χωρὶς
700 2754 809 2809 τῶν
841 2755 1106 2809 συνόντων
1148 2756 1229 2825 τῷ
1270 2756 1419 2826 αὐτῷ
1451 2757 1846 2827 μητροπολίτῃ,

277 2844 372 2898 καὶ
399 2844 603 2915 ἐτέρων
625 2844 1026 2916 καθῃρημένων
1049 2847 1145 2899 καὶ
1166 2848 1543 2918 ἀκοινωνήτων
1571 2847 1713 2900 κατά
1740 2846 1850 2899 δια-

278 2932 477 3002 φόρους
506 2934 703 2998 τόπους
755 2932 864 3004 (20)
892 2934 998 2988 ὑπὸ
1042 2935 1274 2989 συνόδων
1320 2935 1489 3006 ῆὺπὸ
1537 2936 1850 2988 ἐπισκόπων

276 3024 664 3094 γεγενημένων
690 3043 704 3057 ·
740 3026 899 3097 οἵπερ
928 3028 1066 3079 εἰσὶν
1099 3027 1251 3081 οὐδὲν
1300 3027 1487 3098 ἕτερον
1507 3066 1522 3091 ,
1572 3027 1605 3098 ἢ
1645 3027 1850 3095 πλῆθος

272 3114 610 3186 ἀνθρώπων,
649 3117 800 3171 οὐδὲν
838 3117 939 3189 μὲν
967 3118 1192 3188 ἀκριϐὲς
1221 3118 1329 3171 τῶν
1358 3118 1518 3173 θείων
1563 3118 1850 3190 δογμάτων

275 3206 676 3276 ἐπισταμένων,
712 3208 956 3280 ταραχῆς
990 3209 1047 3262 δὲ
1071 3210 1162 3263 καὶ
1190 3209 1432 3279 θορύϐων
1464 3210 1698 3280 μεστῶν.
1724 3212 1853 3263 Δεό-

280 3297 419 3369 μεθα
448 3300 627 3355 τοίνυν
656 3301 752 3354 καὶ
781 3299 1096 3371 ἱκετεύομεν
1125 3300 1224 3370 τὴν
1254 3300 1529 3371 ὑμετέραν
1564 3299 1850 3354 εὐσέϐειαν

278 3385 433 3454 αὖθις
468 3393 775 3462 φροντίσαι,
805 3395 1069 3446 ἐπιτεῖναι
1090 3392 1146 3445 δὲ
1176 3394 1241 3462 τῇ
1272 3392 1475 3463 συνόδῳ
1500 3391 1600 3464 τὴν
1630 3392 1852 3464 εἰρήνην

276 3482 356 3552 τῷ
386 3482 605 3554 συνήθει
642 3482 795 3553 ὑμῶν
824 3482 1039 3536 εὐσεϐεῖ
1075 3482 1428 3553 θεσπίσματι.

349 3659 687 3730 Νομίσαντες
713 3661 821 3731 γὰρ
848 3661 942 3715 νῦν
970 3662 1100 3731 γοῦν
1126 3663 1322 3727 αὐτοὺς
1355 3665 1724 3734 σωφρονήσειν
1765 3662 1853 3718 διὰ

278 3747 351 3801 τὰ
386 3748 585 3819 εὐσεϐῆ
614 3750 920 3820 γράμματα
951 3751 1051 3821 τῆς
1081 3750 1362 3820 θεοφιλοῦς
1393 3751 1547 3822 ὑμῶν
1582 3753 1850 3823 κορυφῆς,

283 3840 423 3911 μετὰ
467 3840 528 3893 τὸ
572 3842 986 3912 ἀναγνωσθῆναι
1039 3844 1224 3907 αὐτοῖς
1272 3844 1332 3897 τὸ
1361 3844 1540 3914 πάσης
1598 3845 1854 3910 εὐσεϐοῦς

282 3928 594 4000 προθέσεως
627 3930 794 4001 γέμον
815 3931 1112 4002 θέσπισμα,
1146 3934 1241 3986 καὶ
1270 3933 1443 3987 ταῦτα
1466 3936 1614 4003 ἡμᾶς
1645 3936 1854 4003 ὑπαγο-

286 4021 475 4093 ρεύσαι
505 4022 574 4075 τὰ
602 4022 928 4093 γράμματα,
953 4024 1269 4095 ἀπήλθομεν
1301 4027 1381 4088 εἰς
1418 4026 1478 4079 τὸ
1513 4026 1855 4080 Ἀποστόλιον

283 4112 377 4166 τοῦ
421 4112 576 4181 ἁγίου
627 4114 873 4168 Ἰωάννου
913 4113 1006 4168 τοῦ
1048 4116 1458 4185 εὐαγγελιστοῦ,
1495 4119 1589 4171 καὶ
1635 4118 1855 4189 εὐχαρι-

287 4203 484 4273 στῆσαι
508 4205 601 4257 καὶ
628 4206 1030 4278 προσεύξασθαι
1058 4209 1195 4280 ὑπὲρ
1219 4211 1311 4263 τοῦ
1337 4210 1605 4282 ὑμετέρου
1622 4215 1856 4283 κράτους

288 4294 382 4346 καὶ
419 4294 512 4347 τοῦ
563 4296 820 4361 εὐσεϐοῦς
861 4298 1013 4369 ὑμῶν
1067 4300 1293 4355 σκοποῦ.
1328 4300 1394 4354 Ol
1429 4301 1485 4356 δὲ
1526 4302 1857 4374 θεασάμενοι

288 4386 442 4453 ἡμᾶς
470 4390 811 4459 παραχρῆμα
848 4389 939 4442 τὸν
971 4390 1093 4442 ναὸν
1124 4392 1474 4446 ἀπέκλεισαν.
1523 4394 1609 4458 Ὠς
1636 4395 1694 4447 δὲ
1725 4396 1858 4462 ἕξω-

1948 1947 2176 2003 totidem
2207 1944 2556 2008 adduximus,
2583 1958 2709 1998 cum
2753 1950 2935 1997 tamen
2957 1982 2972 2006 ,
2997 1939 3042 1995 si
3067 1937 3289 2008 quidem
3335 1937 3523 1991 multi-

1946 2038 2136 2094 tudine
2193 2053 2332 2107 opus
2386 2035 2603 2101 fuisset,
2648 2034 2916 2105 plurimos
2946 2030 3165 2102 egregie
3216 2029 3271 2083 in
3323 2026 3527 2082 divinis

1946 2128 2296 2199 dogmatibus
2336 2125 2641 2190 institutos,
2668 2140 2770 2179 nec
2813 2124 2923 2178 ulla
2956 2121 3167 2176 ratione
3197 2134 3324 2175 cum
3347 2119 3524 2195 impe-

1946 2225 2053 2280 rita
2091 2224 2405 2279 divinarum
2455 2237 2640 2278 rerum
2655 2219 3037 2279 Asiaticorum
3060 2224 3117 2270 et
3141 2213 3526 2286 Egyptiorum

1946 2318 2109 2371 turba
2130 2314 2517 2380 conferendos,
2556 2313 2847 2369 nobiseum
2891 2309 3096 2363 habere
3129 2306 3523 2377 potuissemus.

1945 2409 2063 2464 Nisi
2091 2408 2238 2462 enim
2276 2408 2382 2462 hoc
2416 2414 2709 2468 statuatur,
2744 2401 2863 2456 ﬁeri
2901 2415 3010 2454 non
3058 2404 3238 2467 potest
3266 2394 3401 2466 quin
3428 2395 3528 2448 ali-

1946 2517 2056 2571 qua
2093 2515 2286 2555 rursus
2332 2499 2541 2553 oriatur
2585 2495 2840 2552 confusio
2873 2512 2886 2547 :
2938 2489 3212 2561 siquidem
3251 2487 3527 2558 quinqua-

1947 2591 2094 2661 ginta
2120 2599 2250 2645 sunt
2275 2589 2512 2659 Egyptii
2531 2629 2547 2653 ,
2578 2587 2680 2642 sub
2716 2586 3001 2640 Memnone
3049 2579 3356 2652 tyrannidis
3386 2578 3528 2631 duce

1939 2679 2309 2749 quadraginta
2331 2678 2582 2740 Asiatici,
2622 2674 2914 2729 duodecim
2947 2674 3076 2728 item
3109 2687 3177 2725 ex
3211 2668 3531 2741 Pamphylia

1948 2767 2213 2832 haeretici,
2242 2766 2729 2821 Messalianitarum
2754 2764 2977 2819 nomine
3000 2761 3259 2833 appellati
3287 2779 3299 2813 :
3330 2774 3528 2830 praeter

1949 2856 2299 2911 alioseidem
2347 2856 2773 2925 metropolitano
2796 2855 2813 2875 "
2850 2853 3216 2916 adhaerentes,
3247 2857 3304 2905 et
3337 2849 3471 2904 alios
3497 2864 3530 2903 a

1948 2947 2157 3019 synodo
2188 2948 2274 3002 vel
2302 2948 2370 3003 ab
2397 2947 2670 3017 episcopis
2702 2945 2933 3001 diversis
2960 2945 3017 2998 in
3048 2943 3184 2999 locis
3215 2956 3533 2998 excommu-

1950 3038 2164 3094 nicatos
2218 3046 2276 3093 et
2321 3037 2622 3108 depositos,
2665 3036 2761 3106 qui
2802 3050 2933 3090 sane
2982 3033 3135 3089 aliud
3188 3031 3328 3086 nihil
3375 3036 3524 3092 sunt.

1952 3142 2115 3197 quam
2143 3127 2429 3182 hominum
2456 3126 2618 3182 turba
2644 3126 2957 3181 divinorum
2981 3124 3297 3195 dogmatum
3318 3122 3525 3185 nescia,

1958 3216 2170 3288 1334
2190 3226 2246 3271 et
2289 3218 2357 3272 ad
2396 3218 2666 3272 tumultus
2707 3216 3117 3286 seditionesque
3156 3222 3304 3270 nata.
3332 3213 3530 3268 Preca-

1953 3323 2080 3361 mur
2108 3308 2339 3377 proinde
2378 3316 2617 3361 vestram
2653 3308 2945 3375 pietatem,
2976 3304 3410 3373 suppliciterque
3434 3318 3528 3380 ro-

1952 3414 2145 3471 gamus
2190 3408 2250 3453 ut
2295 3414 2514 3469 rursum
2557 3398 2941 3468 cogitationem
2993 3394 3286 3462 suscipiat,
3345 3393 3532 3449 solito-

1954 3504 2063 3560 que
2110 3497 2295 3543 vestro
2346 3487 2437 3555 pio
2486 3487 2709 3541 decreto
2764 3499 2956 3552 pacem
3003 3482 3222 3537 concilii
3275 3481 3531 3550 adaugeri

1955 3587 2135 3637 curet.

2022 3670 2240 3726 Etenim
2286 3668 2391 3723 rati
2440 3668 2525 3722 vel
2568 3683 2716 3721 nunc
2760 3665 2979 3719 tandem
3033 3662 3149 3717 fore
3206 3667 3265 3714 ut
3310 3666 3535 3729 propter

1955 3763 2075 3833 pias
2123 3761 2308 3815 devoti
2360 3757 2618 3813 culminis
2663 3755 2833 3812 vestri
2879 3755 3090 3809 litteras
3124 3750 3532 3820 resipiscerent,

1956 3859 2310 3921 posteaquam
2340 3849 2626 3904 decretum
2655 3846 2804 3901 omni
2837 3842 3058 3915 pietatis
3097 3856 3259 3895 sensu
3309 3839 3534 3909 plenum

1958 3943 2068 3998 illis
2091 3950 2177 3996 est
2208 3943 2431 4003 lectum,
2472 3953 2683 4008 nosque
2728 3938 2826 3991 has
2855 3935 3068 3989 litteras
3108 3933 3533 3993 dietaveramus,

1957 4032 2190 4103 profecti
2218 4046 2409 4086 sumus
2442 4030 2506 4083 ad
2536 4029 2719 4083 Sancti
2769 4026 2995 4082 Joannis
3023 4022 3368 4094 evangelista:
3400 4035 3537 4091 apo.

1958 4124 2208 4179 stolicam
2255 4122 2572 4186 ecclesiam,
2617 4115 2821 4192 gratias
2867 4120 3065 4183 acturi,
3107 4117 3391 4185 Deumque
3436 4130 3545 4184 pro

1958 4224 2138 4269 vestra
2167 4216 2467 4285 majestate,
2498 4228 2707 4283 proque
2733 4216 2825 4281 pio
2870 4209 3037 4265 animi
3076 4208 3246 4264 vestri
3284 4206 3537 4262 instituto

1960 4292 2299 4378 consilioque
2330 4307 2595 4378 rogaturi.
2622 4304 2760 4361 Cum
2788 4311 2972 4359 autem
2998 4303 3076 4356 illi
3104 4317 3205 4356 nos
3234 4298 3537 4370 conspicati

1960 4408 2167 4464 essent,
2204 4407 2434 4469 repente
2460 4397 2724 4467 templum
2755 4395 2917 4451 nobis
2943 4394 3313 4448 occluserunt.
3350 4391 3537 4460 Itaque

287 4475 378 4528 θεν
409 4480 860 4551 προσευξάμενοι,
901 4482 996 4534 καὶ
1034 4482 1222 4552 μηδενὶ
1274 4484 1441 4555 μηδὲν
1487 4485 1733 4549 εἰπόντες
1772 4490 1849 4539 ἐπ·

1966 4507 2090 4545 cum
2114 4490 2419 4545 forinsecus
2448 4488 2912 4566 adoravissemus',
2934 4485 3265 4554 silentioque
3291 4490 3540 4537 reverte'

287 4567 569 4641 ανῄειμεν,
595 4571 799 4643 πλῆθος
814 4572 1033 4644 ἐξῆλθον
1057 4574 1285 4627 οἰκετῶν
1301 4591 1482 4641 τινων,
1511 4577 1741 4641 καὶτοὺς
1763 4577 1862 4647 μὲν

294 4658 354 4723 ἐξ
385 4661 541 4729 ἡμῶν
581 4664 866 4734 κατέσχον’
897 4664 1006 4718 τῶν
1035 4664 1091 4717 δὲ
1125 4666 1193 4733 τὰ
1233 4664 1345 4729 ζῶα
1377 4667 1720 4731 ἀπέσπασαν,
1768 4669 1860 4723 ἅλ-

286 4750 411 4814 λους
439 4752 494 4805 δὲ
520 4756 863 4824 τραυματίας
894 4757 1178 4827 ἐποίησαν*
1215 4759 1362 4829 ἡμᾶς
1401 4759 1456 4811 δὲ
1487 4760 1742 4829 ῥοπάλοις
1772 4764 1864 4815 καί

289 4844 456 4909 λίθοις
496 4844 826 4911 κατεδίωξαν
874 4848 1036 4918 μέχρι
1099 4849 1293 4903 πολλοῦ
1336 4850 1739 4923 διαστήματος,
1787 4853 1863 4916 ὼς

292 4934 699 5006 ἀναγκασθῆναι
729 4938 876 5008 ἡμᾶς
902 4937 1040 5008 μετὰ
1083 4937 1283 5009 πολλῆς
1327 4938 1585 5004 ἐπείξεως
1617 4942 1727 5011 (21)
1760 4958 1852 5010 φυ-

290 5027 429 5092 γεῖν,
462 5027 754 5100 βαρϐάρων
774 5030 1096 5086 διωκόντων.
1130 5032 1316 5086 Ταῦτα
1350 5030 1406 5084 δὲ
1436 5033 1500 5085 ἐκ
1535 5032 1728 5085 πολλοῦ
1764 5036 1861 5105 ηὐ-

290 5120 549 5187 τρέπισεν
601 5122 630 5172 ό
671 5119 929 5191 Μέμνων,
987 5123 1061 5195 μὴ
1108 5123 1405 5196 συγχωρῶν
1463 5122 1672 5193 μηδενὶ,
1724 5126 1861 5196 μήτε

292 5210 693 5280 προσεύξασθαι
727 5214 784 5266 ὲν
809 5214 1081 5286 εὐκτηρίῳ
1105 5216 1268 5288 οίκῳ,
1304 5217 1442 5288 μήτε
1477 5215 1593 5287 μετ’
1640 5217 1861 5289 εἰρήνης

360 5385 403 5420 ’³
435 5388 594 5444 Deut.
625 5406 679 5454 v,
703 5388 792 5443 52.

363 5564 472 5635 (18)
501 5564 590 5641 Sic
612 5564 784 5641 Mans.
821 5565 877 5620 in
921 5567 1184 5641 margine.
1215 5569 1275 5623 In
1316 5576 1479 5641 textu
1512 5571 1748 5628 habebat
1781 5573 1868 5641 ἁξ.

292 5635 679 5758 ῗέτεέδεγκόντες
699 5637 846 5706 αἰσχ.
870 5651 992 5706 quae
1016 5635 1183 5692 verba
1208 5638 1533 5697 exciderunt
1563 5658 1593 5699 e
1617 5635 1870 5700 Garnerii

352 5722 380 5758 ι
413 5722 466 5758 ιι.

352 5722 466 5759 χιιι.

368 5775 477 5847 (ιν)
507 5775 917 5832 Μεσαλιανιτῶν
948 5777 1019 5831 Μ.
1055 5776 1111 5833 in
1136 5793 1307 5852 marg.

1961 4598 2171 4648 remur,
2213 4581 2549 4637 famulorum
2610 4578 2975 4650 quorumdam
3008 4575 3305 4631 multitudo
3351 4589 3540 4631 erum-

1959 4691 2118 4745 pens,
2158 4674 2296 4729 alios
2332 4673 2557 4743 quidem
2617 4679 2934 4728 nostrorum
2974 4668 3353 4732 detinuerunt,
3397 4681 3541 4729 non-

1961 4765 2131 4819 nullis
2168 4766 2416 4835 jumenta
2469 4779 2569 4818 sua
2628 4762 3003 4827 abstulerunt,
3043 4758 3314 4830 quosdam
3373 4756 3543 4812 etiam

1960 4856 2426 4921 vulneraverunt;
2468 4870 2570 4911 nos
2627 4864 2815 4910 autem
2864 4852 3108 4909 fustibus
3164 4860 3221 4906 et
3264 4849 3542 4920 lapidibus

1967 4947 2130 5017 longo
2192 4946 2484 5001 intervallo
2543 4946 2798 5003 insectati
2857 4954 3006 5010 sunt,
3045 4944 3119 4999 ita
3172 4950 3232 4997 ut
3282 4950 3541 5011 tanquam

1968 5037 2225 5093 Barbaris
2296 5037 2718 5108 insequentibus
2772 5051 2967 5109 magna
3007 5050 3135 5092 cum
3191 5031 3542 5089 festinatione

1967 5129 2151 5201 fugam
2203 5146 2490 5201 capessere
2546 5145 2891 5201 cogeremur.
2948 5128 3076 5183 llaec
3129 5134 3313 5181 autem
3370 5123 3546 5179 multo

1962 5223 2074 5292 jam
2095 5231 2220 5277 ante
2252 5231 2653 5293 praeparaverat
2676 5222 2931 5276 Memnon
2966 5238 2980 5273 :
3012 5218 3150 5274 nulli
3179 5225 3433 5273 nostrum
3459 5215 3545 5270 vel

2044 5575 2152 5646 (20)
2191 5577 2267 5631 Ita
2296 5576 2585 5646 legendum
2613 5576 2759 5631 haud
2785 5575 2953 5646 dubie
2970 5589 3085 5646 pro
3106 5573 3254 5644 vulg.
3282 5571 3537 5646 τρόπους,

1972 5642 2205 5716 quodet
2228 5642 2473 5701 nota'tum
2501 5655 2619 5701 erat
2643 5647 2698 5701 in
2734 5661 2904 5716 marg.
2937 5642 3106 5716 Mans.
3150 5642 3505 5698 recensionis.

2046 5715 2158 5787 (τι)
2195 5717 2501 5781 ἐπιδείξεως
2540 5717 2709 5773 Mans.
2738 5717 2793 5771 in
2824 5714 3067 5788 margine
3089 5714 3293 5783 inepte.
