3962 6204
427 278 559 344 1463

1415 283 1900 344 THEODORETI
1935 287 2269 348 EPISCOPI
2305 288 2666 348 CYRENSIS

3551 283 3686 350 1464

420 390 475 454 in
531 391 718 460 aliquo
775 389 1016 444 oratorio
1078 389 1314 458 precari,
1346 391 1431 443 vel
1461 391 1648 460 quiete
1713 391 1994 461 debitoqut

2114 396 2205 447 καὶ
2239 397 2624 458 καταστάσεως
2669 393 2930 447 διαθεῖναι
2975 391 3046 445 τὰ
3071 390 3506 462 ἐκκλησιαστικὰ
3542 393 3679 463 πρά-

416 482 612 543 ordine
644 497 730 537 res
761 481 1160 537 ecclesiasticas
1193 492 1427 536 tractare
1453 483 1658 538 sinens.

485 572 665 638 Quare
691 571 1036 625 obtestamur
1060 581 1297 625 vestram
1321 572 1603 642 pietatem,
1635 583 1695 628 ut
1725 574 1998 644 praacipue

413 663 760 717 Memnonem
790 670 1103 732 tyrannum,
1135 664 1244 732 jam
1276 663 1589 732 depositum
1616 664 1687 718 ob
1722 665 1818 728 has
1853 665 1999 720 inso-

412 755 630 819 lentias,
687 762 743 808 et
796 753 980 812 omnia
1038 755 1354 810 turbantem
1405 772 1469 810 ac
1520 756 1874 818 miscentem,
1928 772 1996 810 ne

413 846 556 900 facta
601 861 699 901 sua
733 844 981 914 diligenti
1011 847 1250 900 examini
1295 848 1681 918 subjiciantur,
1727 848 1830 902 hac
1863 848 1996 902 civi-

411 945 523 992 tate
561 937 688 1006 pelli
719 937 930 1007 jubeat.
957 937 1091 991 Nam
1118 939 1223 992 nisi
1255 939 1343 992 hic
1372 940 1698 1008 expellatur,
1741 938 1859 993 ﬁeri
1895 955 1990 994 ne—

408 1029 530 1096 quit
573 1038 631 1082 ut
669 1043 858 1097 pacem
892 1029 1189 1098 aliquando
1224 1045 1640 1100 recuperemus,
1682 1039 1776 1085 aut
1815 1030 1990 1099 picta-

411 1118 480 1176 tis
520 1128 714 1174 vestra:
741 1135 942 1197 scopus
981 1119 1049 1174 ad
1072 1119 1278 1174 exitum
1304 1120 1665 1199 perducatur.

395 1289 403 1322 I
1980 1307 2054 1322 ...ι-

411 1417 618 1478 CLXII.
659 1450 756 1497 ‘—_
804 1420 1048 1497 Epistula
1109 1421 1220 1491 (22)
1282 1423 1586 1497 Theodoreti
1648 1426 1732 1497 ad,
1786 1428 1985 1497 episco—

386 1520 392 1530 ι
480 1506 608 1559 pum
636 1487 906 1545 Andream
929 1487 1338 1546 Santosatenum
1373 1496 1571 1566 scripta
1590 1497 1654 1549 ab
1687 1487 1914 1567 Epheso.

480 1619 563 1675 Ab
615 1620 834 1690 Epheso
881 1623 1129 1678 scribens
1182 1627 1362 1681 saluto
1422 1637 1572 1682 tuam
1619 1629 1988 1693 sanctitatem,

410 1725 574 1778 quam
598 1709 852 1766 beatiﬁco
865 1713 1090 1781 quidem
1116 1715 1453 1771 inﬁrmitatis
1479 1733 1664 1781 causa,
1697 1718 1990 1774 amabilem

2105 501 2310 554 γματα.

2175 573 2415 642 Δεόμεθα
2455 555 2635 626 τοίνυχν
2665 574 2762 644 τῆς
2809 574 3077 643 ὑμετέρας
3112 572 3423 638 εὐσεϐείας,
3472 572 3680 643 ἐξαιρέ-

2103 680 2210 726 τως
2239 664 2497 732 Μέμνονα
2547 665 2638 718 τὸν
2681 664 2944 736 τύραννον
2991 662 3290 734 προστάξαι
3345 664 3682 732 ἐκϐληθῆναι

2102 754 2201 823 τῆς
2224 754 2430 816 πόλεως
2455 753 2679 824 ταύτης,
2706 755 2793 808 διὰ
2824 771 2887 823 γε
2913 754 3012 819 τὰς
3038 755 3262 821 ἀταξίας
3285 755 3450 808 αὑτοῦ
3483 757 3685 818 ταύτας

2104 844 2517 915 καθαιρεθέντα,
2545 846 2640 899 καὶ
2660 847 2911 900 κυκῶντα
2931 889 2944 911 ,
2976 845 3116 902 ὥστε
3155 847 3229 917 μὴ
3257 846 3499 918 ἀκριϐῶς
3524 850 3688 916 ἐρευ-

2101 936 2332 1006 νηθῆναι
2377 937 2446 989 τὰ
2497 937 2617 991 καθ’
2651 938 2834 1001 αὐτόν,
2874 940 2935 991 Ei
2981 938 3090 1009 γὰρ
3123 931 3276 1001 οὗτος
3330 938 3408 1009 μὴ
3448 938 3682 1008 ἐξέλθω,

2099 1028 2362 1084 ἀδύνατον
2390 1029 2612 1100 εἰρήνην
2642 1028 2915 1097 γενέσθαι,
2943 1029 2978 1096 ἢ
3005 1029 3096 1082 τὴν
3131 1028 3332 1088 σκοπὸν
3360 1029 3459 1099 τῆς
3493 1029 3687 1100 69.2152-

2102 1139 2202 1192 ρας
2227 1120 2508 1184 εὐσεϐείας
2542 1121 2624 1184 εἰς
2646 1121 2817 1193 πέρας
2844 1121 3104 1192 ἀχθῆναι.
3719 1119 3721 1121 ’

2097 1423 2311 1493 1336
2341 1421 2570 1493 CLXIII.
2610 1421 2942 1493 qupistola
3010 1423 3182 1491 prima
3225 1418 3346 1490 (55)
3381 1419 3684 1493 legatorum

2183 1489 2534 1549 O'riEntalium
2593 1489 2977 1546 Calch'edonem
3010 1489 3018 1491 ⁷
3056 1489 3354 1553 missorum,
3379 1490 3518 1543 inter
3546 1505 3683 1558 quos

2657 1571 2773 1618 erat
2791 1561 3182 1629 Theodoretus).

2161 1695 2454 1762 Postquam
2486 1691 2887 1748 Calchedonem
2931 1693 3041 1763 (54)
3077 1693 3327 1748 venimus
3369 1695 3512 1764 (nam
3531 1694 3684 1749 Con-

409 1810 592 1857 autem
618 1801 729 1874 (25)
764 1804 876 1858 Deo
901 1805 1186 1874 existimo;
1221 1809 1483 1877 quoniam
1514 1809 1729 1874 auditu,
1752 1825 1862 1865 non
1895 1825 1992 1865 ex-
2023 1835 2064 1889 Β
2093 1785 2506 1887 Ϋιωηίηθνοιίηξ
2561 1799 2739 1888 {nque
2763 1781 2884 1848 "05’
2912 1799 3092 1854 neque
3141 1784 3438 1889 adv‘e‘zsarii
3501 1788 3684 1840 “sui

409 1897 736 1965 perimento,
764 1897 1020 1967 cognovit
1046 1899 1186 1952 mala
1220 1916 1342 1969 quae
1373 1900 1464 1954 hic
1497 1900 1638 1954 facta
1663 1909 1812 1967 sunt,
1850 1903 1988 1956 mala

407 1975 628 2041 omnem
661 1986 891 2040 rationis
918 1986 1027 2040 vim
1053 1989 1365 2058 superantia
1385 1998 1441 2044 et
1493 1990 1812 2044 historicam
1867 1993 1991 2045 vin—

407 2076 587 2131 centia
618 2077 1008 2142 narrationem,
1041 2079 1430 2148 continuisque
1469 2079 1726 2150 lacrymis
1754 2090 1811 2135 et
1865 2097 1994 2152 per-

407 2167 592 2236 petuis
617 2165 835 2222 ﬂetibus
900 2168 1084 2238 digna.
1152 2169 1501 2223 Periclitatur
1546 2172 1694 2224 enim
1732 2173 1994 2227 Ecclesiae

407 2270 608 2325 corpus
642 2255 881 2325 dirumpi
913 2256 1024 2326 (24)
1063 2275 1075 2310 :
1112 2259 1282 2327 magis
1330 2259 1386 2312 id
1416 2275 1550 2314 vero
1595 2259 1707 2332 (25)
1739 2261 1849 2331 jam
1910 2262 1995 2315 in-

407 2345 672 2402 cisionem
705 2347 964 2416 suscepit,
994 2347 1100 2402 nisi
1125 2348 1216 2402 ille
1265 2348 1488 2418 sapiens
1511 2350 1758 2406 medicus
1809 2351 1989 2406 divisa

406 2447 465 2493 et
489 2437 794 2506 putrefacta
826 2438 1070 2492 membra
1103 2439 1355 2493 reﬁceret
1384 2450 1443 2494 et
1459 2442 1818 2511 conjungeret
1849 2440 1985 2513 (26).

479 2529 688 2582 Insanit
709 2528 910 2583 iterum
945 2528 1210 2599 [Egyptus
1241 2529 1509 2585 adversus
1537 2532 1733 2596 Deum,
1784 2541 1840 2585 et
1873 2531 1994 2586 bel.

409 2621 485 2674 lat
534 2635 658 2674 cum
708 2622 860 2675 Mose
891 2630 947 2676 ct
1005 2622 1207 2685 Aaron,
1241 2629 1298 2674 et
1346 2621 1566 2677 famulis
1613 2624 1735 2693 ejus
1763 2622 1899 2694 (27),
1936 2633 1993 2677 et

410 2710 647 2781 plurima
695 2727 820 2781 pars
877 2712 1043 2767 Israel
1083 2712 1419 2767 adversariis
1482 2714 1792 2782 consensit;
1826 2715 1993 2770 nimis

412 2819 545 2860 vero
574 2804 732 2875 pauci
769 2813 898 2858 sunt
920 2805 1059 2870 sani,
1092 2804 1302 2875 1335
1345 2805 1439 2874 qui
1461 2812 1517 2859 et
1550 2822 1651 2876 pro
1685 2807 1891 2876 pietate
1916 2807 1995 2862 la-

413 2896 576 2951 bores
613 2901 627 2918 ‘
663 2905 857 2964 sponte
894 2897 1188 2950 sustinent.
1252 2897 1542 2951 Deculcata
1593 2905 1720 2952 sunt
1771 2899 1994 2967 pietatis

412 2987 769 3042 venerabilia.
803 2987 885 3040 llli
920 2986 1015 3054 qui
1043 2985 1278 3054 depositi
1312 2995 1462 3048 sunt,
1495 2987 1858 3041 sacerdotalia
1890 2989 1994 3041 mi-

413 3076 641 3130 nisteria
675 3084 974 3143 peragunt;
1009 3081 1063 3126 et
1079 3074 1174 3142 qui
1205 3075 1598 3143 deposuerunt,
1618 3076 1765 3130 domi
1797 3077 1992 3133 sedent

2095 1875 2306 1931 intrare
2337 1876 2603 1947 permissi
2644 1891 2854 1941 sumus,
2880 1888 3105 1946 propter
3159 1878 3459 1933 seditiones
3505 1879 3684 1933 bono-

2096 1980 2218 2018 rum
2251 1963 2714 2032 mouachorum),
2760 1965 2904 2018 fama
2967 1965 3302 2034 accepimus,
3368 1964 3516 2033 quod
3550 1971 3684 2017 ante

2094 2065 2220 2111 octo
2273 2055 2394 2110 dies
2442 2057 2765 2126 priusquam
2805 2072 3252 2126 compareremus
3299 2056 3389 2127 (en
3445 2056 3684 2126 gloriam

2094 2145 2427 2216 pientissimi
2457 2144 2597 2215 regis
2617 2143 2678 2216 !),
2709 2145 2966 2200 dominus
3015 2145 3301 2201 Ncstorius
3335 2147 3404 2200 ab
3460 2146 3686 2216 Epheso

2095 2237 2358 2292 dimissus
2379 2237 2468 2302 sit,
2499 2246 2560 2290 ut
2579 2246 2669 2291 eat
2697 2253 2807 2307 quo
2840 2238 3038 2292 liberet
3081 2256 3094 2290 :
3136 2239 3279 2292 unde
3314 2238 3470 2294 valde
3500 2239 3687 2292 dolui-

2095 2344 2238 2392 mus,
2266 2329 2716 2398 quandoquidem
2748 2317 2879 2383 vere
2910 2344 2974 2383 ea
2999 2345 3120 2399 qua:
3165 2329 3354 2384 illicite
3380 2339 3437 2383 et
3467 2330 3687 2399 absque

2091 2419 2305 2489 judicio
2336 2418 2479 2474 facta
2515 2429 2662 2484 sunt,
2694 2420 2805 2490 jam
2847 2420 3020 2474 robur
3046 2420 3250 2475 habere
3286 2420 3570 2474 videntur.

2167 2507 2316 2561 Sciat
2344 2516 2528 2562 autem
2563 2517 2748 2563 vestra
2801 2511 3066 2565 sanctitas
3104 2527 3206 2565 nos
3259 2510 3546 2580 promptos
3581 2527 3687 2581 pro

2098 2596 2204 2650 ﬁde
2237 2607 2519 2652 certamen
2543 2597 2798 2662 inituros,
2823 2605 2880 2652 et
2906 2607 3119 2653 certare
3171 2599 3310 2653 velle
3339 2597 3409 2652 ad
3439 2607 3687 2652 mortem

2094 2701 2292 2756 usque.
2333 2687 2726 2758 Exspectamus
2756 2696 2939 2743 autem
2977 2688 3164 2752 hodie,
3215 2689 3322 2743 hoc
3351 2697 3457 2751 est,
3502 2687 3688 2742 unde-

2095 2777 2239 2833 cima
2290 2778 2498 2833 mensis
2527 2778 2798 2849 Gorpiaai,
2851 2780 3212 2834 transiturum
3269 2779 3686 2850 pientissimum

2097 2881 2350 2924 nostrum
2391 2885 2574 2941 regem
2609 2871 2675 2926 ad
2733 2870 3122 2936 Ruﬁnianum,
3170 2880 3227 2926 et
3278 2872 3391 2927 illic
3455 2888 3685 2927 causam

2094 2960 2431 3014 auditurum.
2469 2961 2732 3016 Precctur
2755 2963 2923 3032 igitur
2960 2972 3142 3018 vestra
3187 2963 3448 3017 sanctitas
3487 2973 3551 3016 ut
3576 2964 3688 3017 Βον

2095 3050 2277 3104 minus
2303 3049 2558 3106 Christus
2599 3067 2699 3106 nos
2735 3052 2994 3122 adjuvet,
3065 3069 3175 3122 quo
3226 3055 3506 3108 valeamus
3553 3069 3697 3108 san-

413 3173 718 3236 gementes.
778 3163 860 3217 llli
912 3163 1006 3233 qui
1033 3178 1156 3217 cum
1223 3165 1488 3235 depositis
1530 3171 1990 3226 excommunicati
2019 3158 2059 3215 (ἶ
2094 3154 2308 3236 “cnim
2332 3143 2556 3236 Pamlm
2593 3143 2756 3199 ﬁdem
2774 3145 3059 3236 robora'e'
3084 3155 3139 3200 εί
3173 3146 3228 3236 In
3260 3145 3520 3199 damnum
3553 3160 3689 3198 san‘

412 3266 565 3322 sunt,
601 3257 882 3327 depositos
916 3258 1288 3325 liberaverunt
1313 3259 1677 3329 depositione,
1715 3263 1860 3319 sicut
1905 3279 1994 3318 ar-

411 3347 606 3402 bitrati
641 3357 789 3405 sunt.

488 3466 672 3522 Talem
699 3466 898 3520 ludunt
929 3465 1198 3535 synodum
1230 3463 1486 3535 Egyptii,
1521 3475 1579 3519 et
1614 3466 1908 3529 Palatstini,
1938 3477 1993 3522 et

414 3552 648 3620 Pontici,
689 3561 745 3606 et
807 3552 1016 3615 Asiani,
1050 3559 1106 3606 et
1158 3567 1283 3605 cum
1331 3553 1417 3606 his
1446 3552 1704 3608 Occasus.
1751 3556 1992 3610 Plurima

413 3643 561 3709 enim
598 3658 724 3713 pars
749 3643 902 3698 orbis
923 3651 1194 3702 terrarum
1225 3641 1484 3709 morbum
1516 3643 1780 3714 suscepit.

485 3757 684 3825 Quales
706 3755 860 3810 mimi
897 3755 1276 3818 ridiculorum,
1308 3755 1365 3808 in
1403 3762 1652 3824 tempore
1675 3754 1994 3824 impietatis,

414 3849 497 3911 sic
528 3849 791 3919 pietatem
829 3847 888 3900 in
919 3845 1188 3901 comoedia
1225 3845 1336 3916 (28.)
1375 3845 1752 3905 deluserunt?
1807 3845 1996 3913 Qualis

415 3956 549 3996 vero
600 3939 883 3994 comoediae
940 3936 1174 4006 scriptor
1240 3937 1403 3992 talem
1465 3953 1708 4007 unquam
1755 3937 1996 3993 fabulam

417 4031 771 4088 recitaverit?
805 4030 992 4096 Qualis
1021 4045 1154 4084 vero
1182 4028 1460 4099 tragoedia:
1491 4038 1670 4094 poeta,
1708 4029 1870 4099 digne
1901 4028 1997 4084 ile-

421 4133 509 4177 tus
540 4137 731 4178 eorum
765 4121 1191 4191 conscripserit?
1223 4120 1398 4173 Tanta
1432 4130 1490 4175 et
1514 4120 1641 4174 talia
1683 4119 1781 4174 Dei
1814 4120 2005 4174 Eccle-

419 4215 515 4269 siae
551 4212 660 4284 (29)
709 4214 850 4268 mala
897 4213 1008 4284 (50)
1047 4212 1451 4266 insultaverunt
1490 4228 1502 4262 :
1546 4226 1859 4280 quanquam
1890 4210 2001 4281 (51)

419 4305 798 4362 brevissimam
833 4303 1158 4374 particulam
1192 4301 1412 4357 narravi
1439 4317 1633 4367 eorum
1687 4317 1808 4379 qua:
1865 4317 2004 4372 prae-

421 4403 637 4466 sumpta
662 4403 791 4450 sunt
828 4393 966 4466 (52).~

498 4572 610 4643 (22)
648 4573 836 4628 Exstat
863 4573 979 4643 hzec
1006 4571 1119 4643 ipsa
1148 4571 1379 4643 epistola
1412 4569 1607 4643 iisdem
1635 4570 1818 4643 verbis
1849 4569 1991 4643 inter
2027 4575 2067 4626 D

428 4654 545 4701 acta
590 4639 805 4697 concilii
861 4639 1042 4710 quinti
1075 4639 1666 4708 Constantinopolitani
1706 4640 1991 4710 collatus,

427 4713 801 4785 apudugMansi
850 4708 904 4764 in
967 4709 1446 4785 Coﬂect.__con_ci_l.
1490 4711 1680 4778 ampl.,
1735 4719 1865 4785 tom.
1898 4708 1996 4785 1ξ,

427 4778 480 4853 p'.
527 4783 652 4848 295,
679 4782 771 4851 qui
813 4797 932 4836 eam
974 4795 1004 4853 e
1046 4779 1529 4853 Baluzii_editione
1563 4780 1846 4853 capressit.
1881 4778 2000 4853 sliat

427 4848 621 4910 Latina
653 4848 1032 4922 interpretatio
1052 4858 1136 4902 est
1167 4850 1222 4922 in
1242 4849 1514 4922 Syn_o_dico
1545 4849 1814 4922 a_Baluzio
1829 4848 2000 4922 edit_o_,

427 4941 476 4978 c.
509 4922 597 4984 20,
630 4917 947 4992 quam—vid.
993 4919 1047 4972 in
1090 4917 1297 4973 cadetu'
1349 4919 1518 4972 Mans.
1567 4917 1815 4983 Collect.,
1853 4927 1892 4970 t.
1940 4917 2002 4982 V,

427 5009 734 5127 l".({21§'»).Sic
759 5070 974 5116 veteres
996 5057 1122 5111 libri
1151 5057 1292 5127 apud
1317 5057 1525 5121 Baluz.,
1549 5057 1696 5125 vulg.
1727 5072 1865 5110 vero.

522 5127 612 5200 24)
642 5131 913 5200 Disrumpi
943 5127 1216 5183 habebant
1246 5127 1408 5200 iidem
1440 5127 1584 5180 libri.
1673 5148 1688 5200 ς

524 5194 615 5272 25)
645 5199 814 5272 Magis
835 5194 911 5272 his
942 5207 1216 5272 autemts.
1248 5198 1428 5272 magis
1445 5204 1639 5272 autem.
1673 5194 1807 5272 Illud
1833 5195 2002 5272 codex

427 5265 852 5335 Bellovacensis,
893 5269 1000 5324 hoc
1045 5265 1368 5322 Parisiensis
1417 5266 1579 5321 habet
1647 5265 1789 5335 apud
1843 5265 2000 5318 Balti-

431 5345 598 5398 zium.

505 5410 646 5483 (26),
677 5409 769 5464 Sic
817 5408 962 5479 apud
1024 5409 1218 5472 Mans,
1255 5406 1421 5462 Garn.
1479 5406 1714 5476 refecerit
1769 5414 1814 5458 et
1890 5421 2010 5457 ron-

427 5489 693 5558 junxerit.

505 5551 612 5615 (27)
645 5549 835 5602 Bellati
868 5547 1060 5616 (Paris.
1112 5548 1284 5616 Bella)
1337 5547 1511 5616 Moyse
1552 5557 1597 5598 ct
1632 5547 1831 5602 Aaron.
1873 5544 1978 5612 fam

435 5618 692 5702 εέιξξςηβίει
715 5619 918 5702 Best"-
1019 5688 1047 5702 ..
1117 5687 1156 5702 -.
1225 5688 1233 5696 .

506 5687 614 5764 (28)
649 5686 708 5739 In
750 5686 1081 5739 Nic/remedia
1117 5687 1285 5741 Paris.
1313 5686 1454 5756 apud
1486 5686 1669 5739 Baluz.

2097 3242 2196 3287 ctae
2221 3233 2476 3289 Ecclesiae
2499 3243 2687 3289 exorta
2730 3235 2970 3304 capitula
3017 3235 3283 3290 radicitus
3339 3236 3684 3304 discerpere.

2100 3325 2304 3378 Eadem
2337 3335 2398 3379 ut
2429 3334 2485 3380 et
2505 3335 2687 3380 vestra
2711 3326 2972 3380 sanctitas
3011 3327 3213 3381 sentiat
3239 3341 3302 3378 ac
3332 3325 3513 3388 faciat,
3579 3323 3691 3376 ηιμ

2101 3431 2400 3481 secramus,
2435 3424 2758 3486 maneatque
2791 3417 2847 3469 in
2875 3432 2972 3471 sua
2989 3431 3089 3486 pro
3111 3415 3219 3470 ﬁde
3240 3413 3536 3468 orthodoxa
3561 3413 3691 3466 ala-

2099 3507 2320 3563 critate.

2167 3598 2342 3652 Porro
2370 3613 2496 3652 cum
2523 3598 2725 3668 scripta
2748 3606 2894 3653 esset
2924 3597 3177 3666 epistola,
3204 3595 3442 3650 nondum
3467 3607 3692 3646 occur-

2099 3695 2247 3741 rcrat
2271 3687 2432 3742 nobis
2459 3687 2716 3742 dominus
2739 3687 3017 3741 Himerius
3065 3705 3078 3739 :
3118 3700 3244 3740 nam
3291 3684 3541 3739 fortassis
3579 3683 3695 3736 im.

2095 3777 2316 3846 peditus
2345 3786 2430 3833 est
2479 3779 2536 3833 in
2572 3779 2788 3834 itinere.
2823 3779 3096 3834 Caeterum
3144 3777 3283 3832 nihil
3331 3791 3429 3830 vos
3463 3774 3686 3830 turbet.

2097 3866 2394 3937 Speramus
2414 3869 2563 3923 enim
2594 3870 2770 3925 tristia
2800 3867 3201 3939 exstinguenda
3222 3907 3237 3930 ,
3275 3874 3332 3921 et
3384 3865 3690 3919 veritatem

2100 3960 2444 4027 eﬁulsuram,
2479 3963 2642 4017 modo
2675 3970 2855 4017 vestra
2905 3961 3082 4030 pietas
3113 3969 3336 4015 strenue
3392 3972 3494 4012 nos
3522 3956 3702 4026 adju-

2103 4062 2212 4107 vet.

2099 4187 2330 4244 CLXIV.
2362 4220 2428 4228 —
2459 4189 2645 4244 Altera
2701 4189 3004 4242 earumdem
3051 4186 3273 4252 epistola
3314 4181 3694 4252 intempestiue

2275 4259 2338 4311 de
2369 4259 2588 4312 victoria
2623 4259 2989 4329 gloriantium,
3025 4252 3096 4311 ad
3122 4257 3328 4310 eosdem
3361 4252 3500 4324 (55).

2171 4392 2436 4446 Precibus
2465 4391 2775 4447 sanctitatis
2808 4399 3004 4445 vestra:
3064 4390 3223 4444 datus
3255 4395 3340 4441 est
3395 4383 3560 4438 nobis
3597 4397 3700 4437 ac-

2172 4570 2280 4639 (29)
2324 4571 2463 4626 Vett.
2497 4571 2622 4626 libri
2646 4570 2812 4640 apud.
2840 4568 3026 4623 Baluz.
3047 4565 3306 4622 Ecclesia.

2199 4640 2286 4708 50)
2320 4640 2539 4694 Αἶιηιιια
2577 4641 2748 4695 Paris.
2782 4651 2800 4668 θ

2199 4711 2288 4779 51)
2322 4710 2488 4780 Magis
2515 4727 2636 4764 vero
2663 4710 2832 4764 Mans.

2178 4778 2288 4849 (52)
2319 4778 2480 4834 Plu—ra
2505 4780 2782 4834 adduntur
2809 4780 2864 4832 in
2886 4778 3178 4849 Synodico,
3202 4778 3241 4849 1.
3275 4792 3324 4849 c.

2180 4844 2289 4918 (55)
2339 4849 2598 4904 Eamdem
2657 4844 3161 4918 interpretationem
3205 4847 3375 4918 hujus
3431 4844 3706 4918 epistol:

2112 4911 2312 4974 habent
2333 4929 2450 4974 acta
2475 4917 2688 4974 concilii
2717 4911 3077 4976 Orientalium
3117 4911 3377 4986 Ephesini
3431 4911 3486 4986 in
3509 4911 3706 4986 _Man-

2109 4991 2262 5062 siuna
2285 4990 2638 5062 Collectione,
2664 4997 2705 5062 ε.
2733 4988 2821 5062 _l_V,
2848 4988 3064 5062 p._l_406
3083 4982 3232 5062 seq—.1
3242 4985 3404 5062 aliam
3433 4984 3487 5036 in
3505 4982 3710 5062 Sino-

2113 5059 2257 5123 dico,
2294 5074 2342 5111 c.
2375 5059 2464 5122 26,
2496 5069 2534 5112 t.
2565 5060 2628 5121 γ,
2653 5053 2878 5112 Collect.
2907 5057 3098 5119 Mans,
3121 5053 3175 5123 ι).
3204 5055 3324 5109 794.
3355 5055 3414 5108 In
3452 5053 3710 5122 quibus—

2113 5128 2236 5182 dam
2266 5137 2398 5182 vett.
2435 5129 2591 5183 libris
2620 5130 2692 5182 ita
2727 5127 3080 5181 inscribitur:
3114 5126 3470 5179 Sanctissimtz
3507 5132 3564 5174 et
3601 5139 3712 5174 sa-

2111 5199 2448 5268 pientissime:
2473 5199 2692 5268 synodo,
2723 5198 2916 5268 quasi»
2937 5194 3456 5268 Ephesolrloaimes,
3491 5191 3714 5268 Heuu-

2109 5261 2226 5334 nes)
2255 5267 2479 5330 Paulus,
2503 5261 2797 5329 Macarius,
2816 5261 3118 5336 Apringius,
3146 5261 3508 5327 Theodoritus,
3533 5261 3712 5333 (Hel-

2113 5335 2334 5404 ladius),
2363 5341 2418 5390 in
2452 5338 2673 5391 Domino
2695 5337 2942 5390 salutem.

2134 5353 2334 5400 amas),
2363 5355 2418 5390 ιη
2452 5353 2673 5391 uommo
2695 5353 2942 5390 saturem.

2181 5407 2291 5470 (54)
2331 5407 2706 5462 Chalcedonem
2734 5407 2903 5460 Mans.

2179 5472 2294 5547 (55)
2321 5477 2453 5547 Haec
2474 5493 2694 5547 quoque
2753 5483 2930 5547 exstat
2980 5475 3035 5529 in
3061 5476 3206 5547 actis
3240 5472 3718 5547 commemoratis

2111 5543 2558 5615 apndhlansift.
2595 5543 2685 5610 IV,
2729 5563 2783 5616 p.
2823 5545 2951 5600 Hll
2985 5563 2999 5608 ;
3060 5545 3300 5616 itemque
3331 5559 3398 5597 ex
3446 5543 3561 5598 alia
3614 5543 3718 5601 in-

2107 5613 2492 5686 iit-prolatione
2527 5617 2579 5671 in
2618 5613 2869 5686 Synodici
2905 5632 2950 5669 c.
2989 5616 3077 5680 2'7,
3112 5630 3164 5684 p.
3205 5613 3335 5667 793.
