3962 6204
339 342 475 410 1465

1637 346 1997 406 EPISTULA
2034 347 2280 408 CLXVI.

3450 322 3475 389 1
3492 323 3588 388 £66

337 474 524 516 cessus
552 460 619 516 ad
642 461 1046 532 pientissimum
1079 474 1262 531 regem
1302 471 1575 523 nostrum,
1602 456 1901 527 divinaque
1935 467 1978 520 Δ
2007 461 2307 524 minentur,
2365 464 2421 512 et
2479 456 2546 512 de
2595 455 2681 509 his
2743 445 3014 520 disputari
3062 459 3289 516 prorsus
3350 456 3464 495 non
3511 441 3588 495 si-

337 551 509 620 gratia
545 552 651 618 bis,
677 553 773 623 qui
804 553 1023 608 diversa
1049 551 1316 618 sentiunt,
1367 550 1425 604 in
1458 547 1760 604 certamine
1817 563 1909 601 su-

339 641 588 711 periores
616 644 747 699 facti
779 659 1006 710 sumus;
1068 643 1199 713 quia
1248 641 1432 697 omnia
1465 639 1688 710 quidem
1723 645 1909 693 nostra

341 741 565 803 accepta
597 734 754 791 fuere
808 734 956 805 apud
979 734 1186 789 Christi
1240 732 1674 789 amantissimum
1702 745 1907 801 regem.

342 822 505 878 Lecta
532 832 716 880 autem
737 834 866 880 sunt
897 827 1080 882 oblata
1108 827 1176 881 ab
1204 826 1349 890 aliis,
1378 833 1435 881 et
1467 839 1589 894 quae
1620 823 1737 877 visa
1782 830 1913 877 sunt

340 915 583 987 indigna,
616 923 679 970 ut
708 917 1105 988 reciperentur,
1140 932 1320 988 neque
1369 916 1537 971 ullam
1570 927 1914 983 consequen-

342 999 799 1073 tlam’habebant,
837 1010 1146 1081 rejecimus.
1173 1008 1359 1080 Cyrilli
1391 1007 1539 1062 enim
1594 1022 1813 1062 sursum
1850 1021 1914 1061 ac

342 1094 599 1151 deorsum
632 1111 902 1154 memores
926 1107 1103 1180 erant,
1134 1099 1476 1168 orabantque
1518 1097 1674 1152 illum
1727 1112 1915 1151 accer-

343 1186 464 1254 siri,
493 1197 554 1243 ut
587 1188 703 1260 ipse
739 1206 839 1261 pro
875 1191 1059 1262 seipse
1117 1191 1384 1246 rationem
1426 1189 1699 1245 redderet.
1727 1188 1913 1258 Usque

344 1278 400 1333 in
431 1290 757 1350 praesentem
781 1282 928 1337 diem
976 1298 1087 1337 non
1127 1283 1491 1338 obtinuerunt
1527 1279 1663 1352 (36),
1695 1278 1791 1333 sed
1818 1294 1916 1332 au-

344 1371 567 1429 dierunt
601 1374 746 1444 quod
774 1375 1067 1445 oportebat
1103 1374 1216 1445 (37)
1257 1389 1541 1430 sermones
1570 1372 1639 1427 de
1686 1371 1912 1441 pietate,

343 1462 449 1521 hoc
475 1472 579 1529 est,
615 1464 684 1519 de
711 1465 975 1536 religione
1010 1465 1121 1539 (38)
1154 1466 1301 1532 ﬁdei,
1329 1473 1386 1521 et
1406 1463 1718 1521 conﬁrmari
1754 1461 1915 1517 ﬁdem

345 1553 459 1624 (59)
482 1555 770 1615 beatorum
793 1557 1037 1615 Patrum.

415 1646 816 1718 Redarguimus
868 1660 925 1705 et
954 1648 1235 1714 Acacium,
1264 1636 1357 1719 qui
1388 1649 1445 1707 in
1498 1645 1918 1703 Commentariis

344 1747 625 1805 posuerat,
662 1741 979 1809 passibilem
1011 1756 1132 1796 esse
1187 1740 1477 1795 Deitatem.
1542 1738 1699 1805 Quod
1742 1751 1918 1807 usque

278 1890 281 1893 _
345 1824 495 1883 adeo
527 1832 793 1901 gravatim
835 1833 962 1888 tulit
986 1833 1112 1903 pius
1162 1849 1257 1888 rex
1284 1840 1493 1896 noster,
1522 1840 1583 1885 ut
1631 1838 1918 1884 excuteret
1949 1815 1990 1869 Β

345 1920 595 1993 pallium,
620 1931 676 1977 et
690 1931 995 1979 retrorsum
1024 1924 1246 1979 cederet
1271 1938 1385 1994 prae
1411 1921 1763 1993 blasphemia:
1802 1936 1919 1974 ma-

345 2010 651 2080 gnitudine.
686 2013 901 2071 Scimus
935 2024 1120 2072 autem
1173 2023 1231 2073 et
1284 2023 1461 2070 totum
1530 2013 1916 2069 consistorium

347 2116 448 2156 nos
472 2103 627 2160 valde
652 2104 857 2164 habere
879 2114 1151 2177 acceptos,
1175 2106 1322 2177 quod
1348 2121 1447 2177 pro
1502 2105 1708 2176 pietate
1742 2111 1921 2160 certa-

347 2210 491 2251 mus.
766 2211 773 2216 ‘

417 2288 606 2342 Visum
645 2288 810 2360 igitur
835 2300 921 2346 est
936 2291 1283 2362 pientissimo
1306 2298 1497 2346 nostro
1524 2290 1639 2361 regi
1658 2297 1718 2343 nt
1752 2303 1925 2343 unus-

347 2377 580 2448 quisque
603 2395 764 2435 suum
802 2397 1027 2436 sensum
1061 2390 1319 2452 exponat,
1354 2390 1411 2435 et
1438 2395 1553 2435 suae
1594 2380 1788 2449 pietati
1842 2378 1925 2434 of-

347 2467 506 2523 ferat.
539 2470 945 2540 Respondimus
966 2482 1149 2527 autem
1171 2489 1274 2527 nos
1301 2472 1448 2541 quod
1474 2471 1813 2541 impossibile
1839 2478 1925 2525 est

348 2560 467 2616 ﬁeri
505 2562 666 2617 aliam
698 2563 1119 2633 expositionem,
1147 2579 1312 2633 quam
1350 2578 1435 2628 ea,
1489 2577 1611 2631 quae
1665 2562 1721 2615 in
1744 2560 1925 2616 Nicaea

350 2668 380 2706 a
410 2651 743 2708 beatissimis
764 2654 1023 2712 Patribus
1041 2654 1185 2709 facta
1211 2661 1297 2708 est
1319 2662 1407 2708 :et
1431 2651 1640 2721 placuit
1667 2652 1786 2723 ejus
1811 2667 1927 2706 ma-

346 2739 552 2810 iestati.
582 2743 974 2813 Proposuimus
1003 2746 1171 2815 igitur
1196 2744 1365 2809 illam,
1394 2744 1449 2797 in
1468 2759 1576 2812 qua
1607 2752 1785 2799 vestra
1802 2758 1927 2798 san-

351 2833 515 2888 ctitas
543 2834 889 2905 subscripsit.

422 2924 694 2981 Cteterum
748 2927 928 2983 omnis
987 2927 1224 2998 populus
1284 2926 1931 2996 Coustantinopolitanus

348 3016 553 3089 iugiter
573 3018 642 3072 ad
668 3033 769 3074 nos
797 3018 968 3084 venit,
1005 3034 1171 3073 orans
1200 3025 1261 3072 ut
1287 3024 1509 3073 strenue
1536 3002 1638 3086 pro
1688 3015 1794 3071 ﬁde
1828 3032 1931 3087 pu-

353 3125 583 3180 gnemus
607 3128 621 3176 ;
652 3111 995 3182 multumque
1011 3111 1326 3166 laboramus
1345 3109 1413 3164 ad
1432 3108 1780 3165 retinendum
1805 3124 1923 3175 eos,

352 3211 424 3253 ne
456 3196 743 3252 videamur
766 3199 1110 3254 occasionem
1142 3195 1359 3253 dedisse
1379 3198 1731 3253 adversariis.
1774 3198 1927 3253 Misi-

354 3303 479 3343 mus
507 3297 691 3344 autem
748 3291 1028 3361 exemplar
1061 3289 1442 3359 expositionis,
1478 3297 1540 3343 ut
1584 3288 1695 3343 duo
1749 3304 1935 3343 exem-

353 3378 527 3449 plaria
557 3378 710 3445 ﬁant,
744 3379 1071 3449 duobusque
1095 3379 1205 3433 illis
1243 3377 1626 3433 subscribatis.

371 3514 582 3585 1337
618 3513 823 3570 CLXV-
875 3543 947 3555 -·
1000 3510 1349 3585 Ἐονπετῃᾷεπι
1395 3510 1639 3578 Epistula
1696 3511 1765 3564 ad
1824 3526 1936 3564 σοι·
2019 3550 2023 3554 .

1002 3588 1119 3636 dem
1150 3580 1289 3653 (te).

426 3692 673 3747 Dominis
720 3693 956 3748 maxime
1007 3691 1427 3748 honorabilibus
1468 3701 1525 3748 et
1574 3690 1935 3763 pientissimis

354 3784 648 3855 episcopis,
685 3785 779 3855 qui
808 3784 865 3839 in
891 3784 1111 3855 Epheso
1141 3792 1289 3848 sunt,
1316 3783 1554 3839 Joannes
1568 3782 1726 3855 (40⁸),
1748 3783 1936 3839 Hime-

357 3876 495 3936 rius.
530 3877 757 3943 Paulus,
809 3876 1100 3951 Macarius,
1157 3874 1473 3945 Apringius,
1529 3874 1929 3930 Theodoretus.

428 3969 634 4037 Quinto
658 3983 914 4025 accessus
932 3967 1095 4022 nobis
1121 3967 1391 4037 contigit;
1429 3973 1485 4021 et
1510 3966 1764 4037 quamvis
1790 3968 1935 4021 mul-

356 4074 472 4120 tum
499 4062 567 4117 de
598 4060 875 4116 haereticis
896 4058 1153 4130 capitulis
1181 4057 1690 4127 disceptaverimus,
1713 4056 1936 4128 iurave-

355 4156 638 4224 rimusque
693 4152 898 4222 saepius
928 4150 1274 4222 pientissimo
1301 4150 1435 4221 regi,
1470 4148 1617 4219 quod
1681 4149 1935 4220 impossi-

356 4249 467 4304 bile
491 4247 564 4303 sit
591 4247 755 4302 nobis
775 4244 1185 4302 communicare
1202 4244 1290 4299 his
1308 4243 1403 4314 qui
1423 4242 1639 4298 diversa
1663 4243 1930 4307 sentiunt,

356 4340 402 4395 si
437 4338 685 4395 nondum
716 4336 1055 4407 exploserint
1086 4334 1328 4405 capitula
1356 4351 1371 4400 ;
1400 4340 1456 4389 et
1490 4333 1638 4404 quod
1671 4332 1930 4403 Cyrillus,

354 4431 571 4487 etiamsi
635 4427 890 4500 reiecerit
928 4426 1189 4496 capitula,
1241 4441 1271 4480 a
1333 4427 1493 4482 nobis
1545 4423 1933 4495 suscipiendus

354 4538 468 4578 non
498 4522 590 4587 sit,
623 4535 691 4575 eo
737 4518 884 4589 quod
918 4518 1034 4587 ipse
1061 4525 1171 4580 tam
1206 4516 1387 4585 impiae
1436 4516 1710 4570 haereseos
1758 4514 1931 4568 haere-

355 4614 602 4672 siarches
631 4613 810 4667 factus
843 4610 914 4666 sit
964 4627 978 4663 :
1028 4608 1167 4663 nihil
1228 4616 1409 4662 tamen
1444 4605 1811 4676 profecimus,
1864 4618 1933 4658 eo

357 4707 504 4778 quod
535 4713 591 4760 et
615 4702 915 4759 adversarii
947 4702 1239 4765 instarent,
1294 4706 1352 4755 et
1384 4698 1665 4753 auditores
1691 4697 1793 4751 hos
1822 4704 1932 4750 tam

358 4794 710 4867 impudenter
759 4792 1107 4846 obluctantes
1152 4805 1263 4843 non
1326 4794 1769 4858 compescerent,
1828 4799 1934 4839 nec

355 4891 616 4958 cogerent
641 4898 759 4947 eos,
795 4890 856 4937 ut
881 4880 950 4936 ad
975 4878 1389 4950 inquisitionem
1411 4885 1467 4933 et
1492 4876 1934 4946 colloquinmvc-

356 4978 557 5035 nirent.
588 4975 701 5030 Hac
732 4974 881 5029 enim
920 4971 1010 5027 via
1054 4970 1346 5041 eﬁ‘ugiunt,
1392 4984 1463 5023 ne
1509 4968 1751 5038 capitula
1798 4981 1930 5022 exa-

427 5138 538 5213 (36)
572 5139 664 5196 Sic
689 5147 866 5213 recte,
891 5139 1034 5213 quod
1068 5146 1125 5192 et
1156 5132 1535 5205 interpretatio
1568 5130 1622 5185 in
1659 5128 1929 5201 Synodico

356 5209 664 5267 conﬁrmat.
689 5209 858 5264 Mans.
884 5210 1204 5263 obedierunt.

417 5281 540 5405 i$127)
575 5279 717 5335 Add.
756 5280 972 5346 moveri,
1002 5278 1147 5348 quod
1178 5285 1261 5332 est
1294 5275 1352 5329 in
1399 5270 1691 5344 Synodico,
1726 5278 1821 5325 aut
1850 5271 1924 5326 si-

356 5367 507 5406 mue.

428 5419 540 5482 (58)
578 5419 800 5474 Ratione
831 5418 1002 5475 Mans.
1350 5434 1362 5447 ι

428 5483 540 5559 (39)
580 5490 647 5544 Et
684 5487 962 5559 ﬁrmatum
992 5483 1306 5559 esse‘ﬁdgm:
1331 5484 1503 5559 Mans.

430 5550 539 5628 (40)
576 5550 763 5615 Εειῖη
794 5557 987 5613 iisdem
1018 5550 1491 5628 aetis_pres_inis
1529 5551 1680 5628 apud
1734 5550 1920 5615 Mansi,

358 5640 399 5686 t.
435 5621 533 5693 iV,
562 5646 616 5700 p.
653 5628 790 5700 1420
820 5635 1025 5700 seq._et
1056 5623 1215 5700 alibi;
1252 5621 1305 5677 in
1363 5621 1634 5692 Synodico
1686 5636 1924 5691 quoque,

358 5719 408 5755 c.
445 5701 534 5763 3|,
562 5694 625 5769 'p.
663 5698 785 5762 801,
822 5694 1343 5769 extaliauintcrprct.

435 5766 827 5845 (‘iil'floamws
857 5767 977 5825 add.
1018 5766 1184 5821 Mans.

2011 562 2170 607 nunt.

2080 645 2192 699 Nos
2213 654 2396 699 autem
2419 651 2647 713 propter
2675 644 2891 693 vestras
2923 646 3116 704 preces
3136 643 3311 698 usque
3349 624 3417 679 ad
3440 638 3588 678 mor-

2012 747 2123 793 tem
2151 738 2356 791 instare
2393 734 2570 805 parati
2593 744 2823 794 sumus;
2857 735 2913 782 et
2943 737 3122 793 neque
3153 718 3416 791 Cyrillum
3463 727 3588 768 sus-

2014 832 2417 900 cipere,ueque
2443 824 2681 896 capitula
2719 822 2786 876 ab
2826 834 2893 873 eo
2942 814 3211 886 exposita,
3244 823 3423 877 neque
3480 804 3591 900 illis

2014 920 2441 981 communicare,
2472 916 2792 986 priusquam
2820 906 3204 978 explodantur,
3274 914 3397 969 qua:
3447 894 3591 948 male

2016 1013 2144 1068 ﬁdei
2176 1011 2387 1083 adjecta
2411 1018 2561 1064 sunt.

2084 1105 2450 1162 Obsecramus
2477 1101 2641 1172 igitur
2671 1095 2781 1170 (il)
2815 1101 3053 1150 vestram
3106 1085 3475 1143 sanctitatem,
3530 1086 3593 1131 ut

2016 1197 2241 1270 sapiatis
2264 1195 2456 1250 eadem
2478 1171 2600 1263 quae
2641 1187 2856 1259 1338
2892 1199 3013 1248 nos,
3046 1178 3422 1270 eumdemque.
3444 1171 3593 1270 labo-

2017 1307 2133 1347 rem
2154 1286 2480 1345 ostendatis.
2500 1262 2807 1338 Certamen
2837 1277 2985 1331 enim
3020 1272 3183 1328 nobis
3211 1282 3310 1338 pro
3327 1262 3592 1332 religione

2015 1392 2120 1446 est,
2172 1394 2335 1450 quam
2372 1377 2543 1432 solam
2593 1372 2860 1427 habemus
2881 1381 3055 1436 Spem,
3089 1370 3145 1416 et
3170 1365 3399 1430 propter
3427 1367 3594 1450 quam

2016 1440 2399 1543 exspectamus
2434 1466 2703 1521 frnituros
2762 1473 2863 1514 nos
2906 1452 3242 1524 benignitate
3295 1440 3594 1502 Salvaturis

2016 1564 2191 1620 nostri
2221 1562 2410 1617 futuro
2434 1557 2654 1614 saeculo.

2088 1660 2105 1678 ‘
2136 1658 2214 1711 De
2239 1652 2583 1726 pientissimo
2609 1657 2666 1704 et
2687 1641 3033 1702 sanctissimo
3057 1636 3316 1707 episcopo
3340 1627 3594 1685 Nestorio

2021 1751 2159 1808 sciat
2176 1723 2363 1803 vestra
2386 1745 2583 1815 pietas,
2612 1738 2760 1810 quod
2799 1730 3177 1791 studuerimus
3226 1723 3448 1795 quidem
3474 1734 3591 1774 ser-

2018 1855 2240 1897 monem
2265 1837 2333 1892 de
2359 1835 2452 1890 illo
2484 1835 2731 1888 inserere
2760 1846 2773 1882 :
2826 1824 2923 1881 sed
2955 1837 3103 1878 nunc
3131 1830 3306 1886 usque
3335 1812 3449 1885 (42)
3481 1825 3593 1865 ιιοιι

2019 1933 2320 2005 potuimus,
2348 1944 2415 1985 eo
2443 1924 2593 1997 quod
2636 1936 2847 1983 omnes,
2877 1917 2964 1972 vel
3012 1914 3081 1969 ad
3134 1912 3314 1982 ipsum
3368 1919 3592 1965 nomen,

2019 1995 2654 2081 hostiliteraﬁiciuntur.
2688 2008 3058 2067 Nihilominus
3085 2018 3230 2059 curae
3270 1998 3432 2054 nobis
3466 1995 3592 2058 erit,

2021 2113 2239 2172 tametsi
2272 2127 2361 2167 res
2386 2109 2467 2166 sic
2494 2123 2553 2164 se
2595 2102 2705 2177 (45)
2732 2101 2992 2163 habeant,
3057 2111 3156 2167 per
3216 2086 3596 2162 opportunita-

2021 2215 2133 2263 tem
2163 2202 2446 2275 temporis,
2471 2214 2535 2255 ac
2566 2196 2884 2252 auditorum
2909 2184 3372 2249 benevolentiam,
3431 2178 3595 2234 etiam

2024 2300 2130 2355 boc
2157 2297 2359 2359 facere,
2393 2290 2664 2362 siquidem
2689 2292 2879 2342 nostro
2903 2278 3185 2353 pr0posito
3211 2276 3360 2329 Deus
3392 2282 3597 2338 coope-

2024 2400 2178 2446 ratus
2205 2387 2394 2443 fuerit.

2092 2482 2265 2536 Porro
2290 2488 2351 2533 ut
2381 2484 2563 2532 vestra
2587 2472 2850 2530 sanctitas
2869 2470 3035 2524 etiam
3061 2466 3168 2521 hoc
3214 2477 3324 2517 non
3350 2461 3597 2530 ignoret;

2023 2573 2218 2628 scitote
2266 2569 2414 2641 quod
2463 2568 2714 2622 videntes
2762 2563 3098 2636 Cyrillianos
3162 2551 3492 2628 tyrannide,
3538 2553 3603 2641 et

2023 2639 2330 2727 fraudibus,
2364 2668 2421 2714 et
2445 2658 2785 2730 adulatione,
2810 2662 2867 2709 et
2893 2651 3055 2708 donis
3075 2663 3289 2712 omnes,
3328 2654 3388 2698 ut
3423 2644 3497 2696 ita
3521 2639 3605 2694 di-

2025 2771 2169 2818 cam,
2193 2753 2498 2823 decepisse,
2526 2766 2637 2805 non
2692 2763 2819 2802 raro
2850 2742 3261 2816 pientissimum
3304 2748 3510 2807 regem,
3551 2740 3606 2787 et

2028 2843 2599 2916 magniﬁcentissimos
2623 2840 2904 2910 principes
2954 2833 3391 2893 obsecravimus,
3454 2833 3516 2879 ut
3547 2834 3607 2879 et

2027 2954 2129 2994 nos
2158 2937 2227 2992 ad
2249 2935 2529 2992 Orientem
2555 2932 2979 2992 dimitteremur,
3013 2934 3069 2981 et
3096 2930 3279 2978 vestra
3329 2922 3506 2991 pietas
3537 2916 3605 2970 ad

2028 3029 2250 3101 propria
2271 3028 2614 3098 remigraret.
2638 3020 3031 3094 Cognoseimus
3062 3016 3210 3072 enim
3252 3011 3399 3084 quod
3424 3010 3481 3064 in
3513 3023 3607 3062 va-

2029 3099 2164 3177 num
2195 3134 2377 3175 moras
2402 3116 2696 3179 nectimus,
2728 3122 2783 3169 et
2823 3110 3072 3165 instituta
3128 3120 3237 3158 non
3265 3099 3605 3172 perlicimus,

2033 3228 2100 3267 eo
2134 3211 2280 3280 quod
2298 3209 2535 3281 Cyrillus
2568 3206 2772 3274 ubique
2804 3202 2942 3273 fugit
2968 3195 3304 3267 colloquium
3332 3197 3605 3251 nostrum,

2034 3300 2289 3355 conscius
2321 3298 2447 3361 sibi,
2473 3294 2863 3365 blasphemias,
2889 3305 3028 3361 quas
3076 3288 3131 3341 in
3169 3280 3462 3341 duodecim
3519 3293 3611 3333 ca-

2035 3390 2230 3462 pitulis
2252 3388 2368 3443 suis
2392 3386 2591 3450 edidit,
2618 3382 2904 3439 manifeste
2938 3375 3366 3448 redarguendas.

2104 3478 2319 3536 Placuit
2343 3484 2525 3531 autem
2551 3472 2899 3544 pientissimo
2932 3468 3047 3538 regi
3107 3470 3232 3535 post
3280 3462 3484 3517 multas
3514 3460 3612 3515 ad-

2035 3571 2394 3635 hortationes,
2415 3575 2476 3622 ut
2497 3564 2699 3636 singuli
2723 3563 2789 3618 ad
2818 3562 3037 3633 prepria
3058 3557 3367 3619 redeamus,
3395 3553 3464 3608 ad
3481 3553 3608 3615 hoc,

2035 3674 2098 3720 ut
2121 3672 2177 3720 et
2206 3660 2492 3734 Egyptius
2514 3667 2571 3713 et
2600 3657 2850 3712 Memnon
2875 3651 3188 3723 Ephesinus
3212 3649 3268 3703 in
3321 3648 3438 3703 suis
3473 3645 3612 3701 locis

2035 3760 2311 3811 maneant.
2343 3751 2434 3807 Sic
2457 3750 2605 3806 enim
2650 3746 2854 3818 poterit
2901 3743 3189 3815 IEgyptius
3217 3755 3409 3795 omnes
3439 3754 3615 3793 excze—

2034 3863 2162 3905 care
2190 3843 2517 3901 muneribus
2543 3840 2690 3906 suis;
2722 3838 2803 3894 sic
2832 3845 2892 3893 ut
2908 3837 3000 3891 ille
3022 3832 3267 3905 quidem,
3300 3845 3425 3885 cum
3450 3828 3613 3883 innu—

2034 3954 2187 3994 mera
2214 3935 2405 3993 fecerit
2428 3934 2589 3998 mala,
2622 3931 2691 3987 ad
2722 3931 2983 3985 thronum
3030 3941 3190 3981 suum
3220 3922 3444 3987 redeat;
3508 3920 3612 3974 iste

2035 4032 2121 4087 vir
2146 4031 2410 4085 innocens
2454 4027 2544 4081 vix
2596 4024 2664 4079 ad
2689 4038 2846 4078 suam
2905 4019 3247 4076 mansionem
3278 4014 3609 4070 dimittatur.

2103 4122 2334 4179 Omnem
2372 4136 2496 4191 qua:
2558 4117 2846 4173 vobiscum
2915 4122 3021 4180 est,
3069 4110 3472 4167 fraternitatem
3501 4148 3515 4171 ,
3557 4116 3614 4160 et

2034 4228 2177 4278 nos,
2224 4218 2281 4267 et
2348 4209 2446 4280 qui
2492 4205 2784 4263 nobiscum
2832 4212 3002 4269 sunt,
3049 4201 3351 4273 plurimum
3408 4195 3613 4252 saluta-

2033 4318 2178 4358 mus.

2033 4415 2260 4472 CLXVI.
2286 4414 2559 4484 —Prima
2599 4413 2781 4484 petitio
2806 4407 2918 4482 (44)
2955 4407 3252 4484 legatorum
3273 4420 3338 4458 ea:
3394 4400 3614 4459 Calche-

2350 4484 2484 4539 dona
2515 4476 2626 4557 (45)
2661 4482 2733 4537 ad
2758 4476 3135 4553 inipefatérem
3159 4476 3339 4531 missa.

2108 4599 2421 4672 Optandum
2440 4609 2562 4655 erat
2591 4596 2730 4668 (46),
2761 4612 2832 4652 ne
2858 4611 2890 4651 a
2931 4592 3193 4665 quopiam
3225 4591 3335 4647 ullo
3390 4585 3525 4660 (47),
3558 4586 3613 4639 in

2036 4688 2473 4760 expositionibus
2486 4688 2763 4755 absurdis,
2788 4702 2970 4743 sermo
3000 4682 3224 4756 pietatis
3270 4681 3601 4736 adulterare-

2038 4790 2161 4848 tur;
2191 4780 2425 4836 maxime
2455 4788 2661 4846 autem,
2685 4795 2755 4834 ne
2786 4779 2854 4833 ab
2879 4777 2967 4832 his
2986 4776 3080 4847 qui
3096 4772 3461 4831 sacerdotium
3479 4785 3618 4841 pra:-

2038 4874 2414 4943 l‘ecturamque
2440 4872 2813 4928 Eeclesiarum
2879 4868 3061 4925 sortiti
3087 4874 3217 4922 sunt
3243 4883 3257 4918 :
3289 4878 3428 4935 quos
3449 4904 3463 4927 ,
3514 4875 3616 4915 ne-

2039 4965 2245 5020 scimus
2264 4963 2563 5035 quomodo,
2591 4960 2921 5034 praesidendi
2956 4957 3231 5030 cupiditas
3256 4966 3314 5012 et
3365 4951 3614 5016 ambitio,

2109 5128 2220 5200 (41)
2256 5129 2328 5200 Et
2363 5127 2515 5200 addit
2546 5126 2718 5200 Mans.

2107 5193 2126 5267 ζ
2137 5193 2218 5270 t2)
2259 5199 2428 5270 Usque
2447 5199 2603 5270 abest
2617 5212 2654 5270 _a
2677 5193 2847 5249 Mans.

2102 5266 2213 5340 (is)
2250 5268 2316 5340 se
2340 5266 2499 5340 abest
2531 5282 2562 5322 a
2584 5266 2655 5321 Μ.

2109 5324 2221 5408 ζει)
2258 5339 2319 5393 In
2366 5338 2561 5393 iisdem
2616 5334 2753 5408 actis
2790 5341 2875 5387 est
2926 5347 2959 5408 a_
3007 5330 3194 5408 hianso
3256 5327 3424 5408 edita,
3461 5324 3612 5408 t.

2036 5424 2090 5478 p.
2115 5396 2259 5462 ’1401
2318 5424 2433 5477 seq.
2470 5408 2588 5461 Alia
2619 5402 3000 5474 interpretatio
3033 5401 3089 5456 in
3124 5397 3380 5471 Synodici
3414 5411 3463 5451 c.
3522 5396 3612 5460 32,

2036 5477 2089 5547 p.
2117 5477 2220 5533 802
2252 5493 2385 5548 seq.
2405 5477 2573 5548 Mans.

2107 5548 2218 5617 (ίὸ)
2254 5542 2582 5602 Chalcedone
2606 5546 2777 5600 Mans.
2813 5542 3015 5617 Synod.

2110 5609 2222 5687 (ιϐ)
2251 5618 2306 5671 In
2341 5617 2595 5672 eumdem
2621 5609 3080 5684 sensum'Synod.
3141 5610 3377 5667 Votivum
3413 5609 3606 5679 fuerat.

2034 5688 2198 5741 Mans.
2241 5687 2511 5741 Orandum
2551 5695 2684 5740 erat.

2105 5759 2212 5828 (Π)
2250 5757 2387 5811 Alio.
2430 5758 2597 5813 Mans.
2639 5754 2841 5828 Synod.
