  <div class='ocr_page' id='page_1' title='image "/cluster/home/n/w/nwhite01/storage/ocr_20150623/83/hvd.32044073502072/739.png"; bbox 0 0 3962 6204; ppageno 0'>
   <div class='ocr_carea' id='block_1_1' title="bbox 403 316 531 380">
    <p class='ocr_par' dir='ltr' id='par_1_1' title="bbox 403 316 531 380">
     <span class='ocr_line' id='line_1_1' title="bbox 403 316 531 380; baseline -0.016 0"><span class='ocrx_word' id='word_1_1' title='bbox 403 316 531 380; x_wconf 66' lang='lat'><strong>1167</strong></span> 
     </span>
    </p>
   </div>
   <div class='ocr_carea' id='block_1_2' title="bbox 1371 312 2622 373">
    <p class='ocr_par' dir='ltr' id='par_1_2' title="bbox 1371 312 2622 373">
     <span class='ocr_line' id='line_1_2' title="bbox 1371 312 2622 373; baseline 0 -2"><span class='ocrx_word' id='word_1_2' title='bbox 1371 312 1854 373; x_wconf 78' lang='lat' dir='ltr'><strong>TIIEODORETI</strong></span> <span class='ocrx_word' id='word_1_3' title='bbox 1889 313 2221 372; x_wconf 83' lang='lat' dir='ltr'><strong>EPISCOPI</strong></span> <span class='ocrx_word' id='word_1_4' title='bbox 2261 313 2622 373; x_wconf 69' lang='lat' dir='ltr'><strong>CYliENSIS</strong></span> 
     </span>
    </p>
   </div>
   <div class='ocr_carea' id='block_1_3' title="bbox 3502 307 3635 373">
    <p class='ocr_par' dir='ltr' id='par_1_3' title="bbox 3502 307 3635 373">
     <span class='ocr_line' id='line_1_3' title="bbox 3502 307 3635 373; baseline 0.03 -4"><span class='ocrx_word' id='word_1_5' title='bbox 3502 307 3635 373; x_wconf 75' lang='grc'>1468</span> 
     </span>
    </p>
   </div>
   <div class='ocr_carea' id='block_1_4' title="bbox 400 419 3646 496">
    <p class='ocr_par' dir='ltr' id='par_1_4' title="bbox 400 419 3646 496">
     <span class='ocr_line' id='line_1_4' title="bbox 400 419 3646 496; baseline -0.002 -18"><span class='ocrx_word' id='word_1_6' title='bbox 400 424 716 496; x_wconf 62' lang='lat' dir='ltr'><strong>fi&#39;igiquue</strong></span> <span class='ocrx_word' id='word_1_7' title='bbox 748 420 1138 491; x_wconf 86' lang='lat' dir='ltr'><strong>promissiones</strong></span> <span class='ocrx_word' id='word_1_8' title='bbox 1166 421 1433 491; x_wconf 67' lang='lat' dir='ltr'><strong>quaedam,</strong></span> <span class='ocrx_word' id='word_1_9' title='bbox 1459 421 1524 474; x_wconf 89' lang='lat' dir='ltr'><strong>ad</strong></span> <span class='ocrx_word' id='word_1_10' title='bbox 1567 422 1966 476; x_wconf 90' lang='lat' dir='ltr'><strong>contemnenda</strong></span> <span class='ocrx_word' id='word_1_11' title='bbox 1998 427 2040 480; x_wconf 85' lang='lat' dir='ltr'><strong>A</strong></span> <span class='ocrx_word' id='word_1_12' title='bbox 2070 438 2313 492; x_wconf 87' lang='lat' dir='ltr'><strong>pugnare</strong></span> <span class='ocrx_word' id='word_1_13' title='bbox 2344 439 2443 492; x_wconf 90' lang='lat' dir='ltr'><strong>pro</strong></span> <span class='ocrx_word' id='word_1_14' title='bbox 2482 423 2684 491; x_wconf 88' lang='lat' dir='ltr'><strong>pietate</strong></span> <span class='ocrx_word' id='word_1_15' title='bbox 2711 422 2844 492; x_wconf 69' lang='grc'>(38),</span> <span class='ocrx_word' id='word_1_16' title='bbox 2875 439 2973 492; x_wconf 91' lang='lat' dir='ltr'><strong>pro</strong></span> <span class='ocrx_word' id='word_1_17' title='bbox 2994 438 3100 491; x_wconf 89' lang='lat' dir='ltr'><strong>qua</strong></span> <span class='ocrx_word' id='word_1_18' title='bbox 3127 430 3182 474; x_wconf 90' lang='lat' dir='ltr'><strong>et</strong></span> <span class='ocrx_word' id='word_1_19' title='bbox 3213 435 3338 474; x_wconf 90' lang='lat' dir='ltr'><strong>cum</strong></span> <span class='ocrx_word' id='word_1_20' title='bbox 3368 419 3554 473; x_wconf 82' lang='lat' dir='ltr'><strong>Persis</strong></span> <span class='ocrx_word' id='word_1_21' title='bbox 3587 427 3646 474; x_wconf 88' lang='lat' dir='ltr'><strong>et</strong></span> 
     </span>
    </p>
   </div>
   <div class='ocr_carea' id='block_1_5' title="bbox 399 510 1970 580">
    <p class='ocr_par' dir='ltr' id='par_1_5' title="bbox 399 510 1970 580">
     <span class='ocr_line' id='line_1_5' title="bbox 399 510 1970 580; baseline -0.004 -11"><span class='ocrx_word' id='word_1_22' title='bbox 399 515 568 569; x_wconf 84' lang='lat' dir='ltr'><strong>semel</strong></span> <span class='ocrx_word' id='word_1_23' title='bbox 593 514 775 567; x_wconf 85' lang='lat' dir='ltr'><strong>omnia</strong></span> <span class='ocrx_word' id='word_1_24' title='bbox 801 510 1108 566; x_wconf 89' lang='lat' dir='ltr'><strong>Christiana</strong></span> <span class='ocrx_word' id='word_1_25' title='bbox 1140 511 1775 576; x_wconf 76' lang='lat' dir='ltr'><strong>mandatainduxerunt;</strong></span> <span class='ocrx_word' id='word_1_26' title='bbox 1807 511 1970 580; x_wconf 87' lang='lat' dir='ltr'><strong>idque</strong></span> 
     </span>
    </p>
   </div>
   <div class='ocr_carea' id='block_1_6' title="bbox 401 601 1971 671">
    <p class='ocr_par' dir='ltr' id='par_1_6' title="bbox 401 601 1971 671">
     <span class='ocr_line' id='line_1_6' title="bbox 401 601 1971 671; baseline -0.004 -9"><span class='ocrx_word' id='word_1_27' title='bbox 401 609 506 662; x_wconf 86' lang='lat' dir='ltr'><strong>hoc</strong></span> <span class='ocrx_word' id='word_1_28' title='bbox 537 607 655 660; x_wconf 91' lang='lat' dir='ltr'><strong>solo</strong></span> <span class='ocrx_word' id='word_1_29' title='bbox 683 606 886 669; x_wconf 89' lang='lat' dir='ltr'><strong>animo,</strong></span> <span class='ocrx_word' id='word_1_30' title='bbox 920 614 979 656; x_wconf 85' lang='grc' dir='ltr'><strong>ιιι</strong></span> <span class='ocrx_word' id='word_1_31' title='bbox 1014 605 1259 657; x_wconf 91' lang='lat' dir='ltr'><strong>serviant</strong></span> <span class='ocrx_word' id='word_1_32' title='bbox 1285 602 1426 667; x_wconf 86' lang='lat' dir='ltr'><strong>viro,</strong></span> <span class='ocrx_word' id='word_1_33' title='bbox 1464 601 1558 670; x_wconf 89' lang='lat' dir='ltr'><strong>qui</strong></span> <span class='ocrx_word' id='word_1_34' title='bbox 1595 601 1880 671; x_wconf 85' lang='lat' dir='ltr'><strong>praesumit</strong></span> <span class='ocrx_word' id='word_1_35' title='bbox 1909 617 1971 655; x_wconf 88' lang='lat' dir='ltr'><strong>ac</strong></span> 
     </span>
    </p>
   </div>
   <div class='ocr_carea' id='block_1_7' title="bbox 403 691 1972 767">
    <p class='ocr_par' dir='ltr' id='par_1_7' title="bbox 403 691 1972 767">
     <span class='ocr_line' id='line_1_7' title="bbox 403 691 1972 767; baseline -0.005 -16"><span class='ocrx_word' id='word_1_36' title='bbox 403 709 586 767; x_wconf 87' lang='lat' dir='ltr'><strong>sperat</strong></span> <span class='ocrx_word' id='word_1_37' title='bbox 609 712 666 750; x_wconf 91' lang='lat' dir='ltr'><strong>se</strong></span> <span class='ocrx_word' id='word_1_38' title='bbox 695 704 749 749; x_wconf 91' lang='lat' dir='ltr'><strong>ct</strong></span> <span class='ocrx_word' id='word_1_39' title='bbox 779 694 1042 747; x_wconf 69' lang='lat' dir='ltr'><strong>auxilium</strong></span> <span class='ocrx_word' id='word_1_40' title='bbox 1077 691 1180 746; x_wconf 84' lang='lat' dir='ltr'><strong>sibi</strong></span> <span class='ocrx_word' id='word_1_41' title='bbox 1209 691 1448 746; x_wconf 87' lang='lat' dir='ltr'><strong>ferentes</strong></span> <span class='ocrx_word' id='word_1_42' title='bbox 1473 691 1656 745; x_wconf 82' lang='lat' dir='ltr'><strong>omnia</strong></span> <span class='ocrx_word' id='word_1_43' title='bbox 1695 700 1843 744; x_wconf 90' lang='lat' dir='ltr'><strong>recte</strong></span> <span class='ocrx_word' id='word_1_44' title='bbox 1881 705 1972 759; x_wconf 80' lang='lat' dir='ltr'><strong>ge—</strong></span> 
     </span>
    </p>
   </div>
   <div class='ocr_carea' id='block_1_8' title="bbox 403 780 1970 853">
    <p class='ocr_par' dir='ltr' id='par_1_8' title="bbox 403 780 1970 853">
     <span class='ocr_line' id='line_1_8' title="bbox 403 780 1970 853; baseline -0.006 -12"><span class='ocrx_word' id='word_1_45' title='bbox 403 799 609 850; x_wconf 87' lang='lat' dir='ltr'><strong>sturos,</strong></span> <span class='ocrx_word' id='word_1_46' title='bbox 641 785 876 839; x_wconf 87' lang='lat' dir='ltr'><strong>dicimus</strong></span> <span class='ocrx_word' id='word_1_47' title='bbox 899 783 1325 837; x_wconf 79' lang='lat' dir='ltr'><strong>Alexandrinum</strong></span> <span class='ocrx_word' id='word_1_48' title='bbox 1355 781 1644 853; x_wconf 82' lang='lat' dir='ltr'><strong>Cyrillum;</strong></span> <span class='ocrx_word' id='word_1_49' title='bbox 1712 780 1803 849; x_wconf 87' lang='lat' dir='ltr'><strong>qui</strong></span> <span class='ocrx_word' id='word_1_50' title='bbox 1858 780 1970 833; x_wconf 84' lang='lat' dir='ltr'><strong>sola</strong></span> 
     </span>
    </p>
   </div>
   <div class='ocr_carea' id='block_1_9' title="bbox 401 871 1974 948">
    <p class='ocr_par' dir='ltr' id='par_1_9' title="bbox 401 871 1974 948">
     <span class='ocr_line' id='line_1_9' title="bbox 401 871 1974 948; baseline -0.008 -14"><span class='ocrx_word' id='word_1_51' title='bbox 401 879 711 948; x_wconf 84' lang='lat' dir='ltr'><strong>nugacitate</strong></span> <span class='ocrx_word' id='word_1_52' title='bbox 742 877 797 929; x_wconf 92' lang='lat' dir='ltr'><strong>in</strong></span> <span class='ocrx_word' id='word_1_53' title='bbox 821 886 1036 929; x_wconf 88' lang='lat' dir='ltr'><strong>sanctas</strong></span> <span class='ocrx_word' id='word_1_54' title='bbox 1051 875 1144 928; x_wconf 92' lang='lat' dir='ltr'><strong>Dei</strong></span> <span class='ocrx_word' id='word_1_55' title='bbox 1181 873 1455 927; x_wconf 79' lang='lat' dir='ltr'><strong>Ecclesias</strong></span> <span class='ocrx_word' id='word_1_56' title='bbox 1513 872 1767 925; x_wconf 77' lang='lat' dir='ltr'><strong>haeretica</strong></span> <span class='ocrx_word' id='word_1_57' title='bbox 1803 871 1974 923; x_wconf 82' lang='lat' dir='ltr'><strong>intro-</strong></span> 
     </span>
    </p>
   </div>
   <div class='ocr_carea' id='block_1_10' title="bbox 403 964 1973 1038">
    <p class='ocr_par' dir='ltr' id='par_1_10' title="bbox 403 964 1973 1038">
     <span class='ocr_line' id='line_1_10' title="bbox 403 964 1973 1038; baseline -0.005 -14"><span class='ocrx_word' id='word_1_58' title='bbox 403 970 558 1024; x_wconf 73' lang='lat' dir='ltr'><strong>duxit</strong></span> <span class='ocrx_word' id='word_1_59' title='bbox 583 969 855 1038; x_wconf 75' lang='lat' dir='ltr'><strong>dogmata,</strong></span> <span class='ocrx_word' id='word_1_60' title='bbox 882 982 1052 1034; x_wconf 90' lang='lat' dir='ltr'><strong>eaque</strong></span> <span class='ocrx_word' id='word_1_61' title='bbox 1087 965 1313 1019; x_wconf 81' lang='lat' dir='ltr'><strong>confidit</strong></span> <span class='ocrx_word' id='word_1_62' title='bbox 1360 980 1416 1018; x_wconf 90' lang='lat' dir='ltr'><strong>se</strong></span> <span class='ocrx_word' id='word_1_63' title='bbox 1470 964 1802 1033; x_wconf 76' lang='lat' dir='ltr'><strong>argumentis</strong></span> <span class='ocrx_word' id='word_1_64' title='bbox 1826 980 1973 1017; x_wconf 92' lang='lat' dir='ltr'><strong>com-</strong></span> 
     </span>
    </p>
   </div>
   <div class='ocr_carea' id='block_1_11' title="bbox 405 1056 1968 1132">
    <p class='ocr_par' dir='ltr' id='par_1_11' title="bbox 405 1056 1968 1132">
     <span class='ocr_line' id='line_1_11' title="bbox 405 1056 1968 1132; baseline -0.005 -17"><span class='ocrx_word' id='word_1_65' title='bbox 405 1063 796 1132; x_wconf 88' lang='lat' dir='ltr'><strong>probaturum;</strong></span> <span class='ocrx_word' id='word_1_66' title='bbox 829 1068 885 1112; x_wconf 91' lang='lat' dir='ltr'><strong>et</strong></span> <span class='ocrx_word' id='word_1_67' title='bbox 913 1058 1310 1112; x_wconf 90' lang='lat' dir='ltr'><strong>correctionem</strong></span> <span class='ocrx_word' id='word_1_68' title='bbox 1336 1065 1684 1125; x_wconf 78' lang='lat' dir='ltr'><strong>peccatorum</strong></span> <span class='ocrx_word' id='word_1_69' title='bbox 1706 1056 1968 1124; x_wconf 83' lang='lat' dir='ltr'><strong>ell‘ugcre,</strong></span> 
     </span>
    </p>
   </div>
   <div class='ocr_carea' id='block_1_12' title="bbox 406 1146 1971 1219">
    <p class='ocr_par' dir='ltr' id='par_1_12' title="bbox 406 1146 1971 1219">
     <span class='ocr_line' id='line_1_12' title="bbox 406 1146 1971 1219; baseline -0.006 -12"><span class='ocrx_word' id='word_1_70' title='bbox 406 1155 521 1208; x_wconf 88' lang='lat' dir='ltr'><strong>solo</strong></span> <span class='ocrx_word' id='word_1_71' title='bbox 561 1151 864 1206; x_wconf 81' lang='lat' dir='ltr'><strong>Memnonis</strong></span> <span class='ocrx_word' id='word_1_72' title='bbox 902 1159 956 1204; x_wconf 88' lang='lat' dir='ltr'><strong>et</strong></span> <span class='ocrx_word' id='word_1_73' title='bbox 981 1149 1253 1219; x_wconf 69' lang='lat' dir='ltr'><strong>praedicta:</strong></span> <span class='ocrx_word' id='word_1_74' title='bbox 1288 1146 1711 1215; x_wconf 82' lang='lat' dir='ltr'><strong>conspirationis</strong></span> <span class='ocrx_word' id='word_1_75' title='bbox 1757 1146 1971 1216; x_wconf 90' lang='lat' dir='ltr'><strong>episco-</strong></span> 
     </span>
    </p>
   </div>
   <div class='ocr_carea' id='block_1_13' title="bbox 404 1240 1257 1315">
    <p class='ocr_par' dir='ltr' id='par_1_13' title="bbox 404 1240 1257 1315">
     <span class='ocr_line' id='line_1_13' title="bbox 404 1240 1257 1315; baseline -0.009 -15"><span class='ocrx_word' id='word_1_76' title='bbox 404 1261 600 1315; x_wconf 90' lang='lat' dir='ltr'><strong>porum</strong></span> <span class='ocrx_word' id='word_1_77' title='bbox 635 1243 964 1307; x_wconf 88' lang='lat' dir='ltr'><strong>ministerio,</strong></span> <span class='ocrx_word' id='word_1_78' title='bbox 994 1240 1257 1311; x_wconf 78' lang='lat' dir='ltr'><strong>speravit.</strong></span> 
     </span>
    </p>
   </div>
   <div class='ocr_carea' id='block_1_14' title="bbox 473 1331 1970 1405">
    <p class='ocr_par' dir='ltr' id='par_1_14' title="bbox 473 1331 1970 1405">
     <span class='ocr_line' id='line_1_14' title="bbox 473 1331 1970 1405; baseline -0.007 -15"><span class='ocrx_word' id='word_1_79' title='bbox 473 1336 818 1405; x_wconf 82' lang='lat' dir='ltr'><strong>Quapropter</strong></span> <span class='ocrx_word' id='word_1_80' title='bbox 855 1351 972 1397; x_wconf 91' lang='lat' dir='ltr'><strong>nos,</strong></span> <span class='ocrx_word' id='word_1_81' title='bbox 1001 1333 1094 1403; x_wconf 91' lang='lat' dir='ltr'><strong>qui</strong></span> <span class='ocrx_word' id='word_1_82' title='bbox 1136 1333 1414 1386; x_wconf 87' lang='lat' dir='ltr'><strong>silentium</strong></span> <span class='ocrx_word' id='word_1_83' title='bbox 1467 1331 1668 1400; x_wconf 77' lang='lat' dir='ltr'><strong>alioqui</strong></span> <span class='ocrx_word' id='word_1_84' title='bbox 1707 1343 1970 1390; x_wconf 89' lang='lat' dir='ltr'><strong>amamus,</strong></span> 
     </span>
    </p>
   </div>
   <div class='ocr_carea' id='block_1_15' title="bbox 402 1423 1992 1495">
    <p class='ocr_par' dir='ltr' id='par_1_15' title="bbox 402 1423 1992 1495">
     <span class='ocr_line' id='line_1_15' title="bbox 402 1423 1992 1495; baseline -0.008 -11"><span class='ocrx_word' id='word_1_85' title='bbox 402 1442 459 1484; x_wconf 88' lang='lat' dir='ltr'><strong>et</strong></span> <span class='ocrx_word' id='word_1_86' title='bbox 487 1431 540 1482; x_wconf 91' lang='lat' dir='ltr'><strong>in</strong></span> <span class='ocrx_word' id='word_1_87' title='bbox 567 1428 780 1481; x_wconf 68' lang='lat' dir='ltr'><strong>caeteris</strong></span> <span class='ocrx_word' id='word_1_88' title='bbox 805 1424 1180 1495; x_wconf 82' lang='lat' dir='ltr'><strong>philosophice</strong></span> <span class='ocrx_word' id='word_1_89' title='bbox 1205 1423 1473 1493; x_wconf 81' lang='lat' dir='ltr'><strong>agendum</strong></span> <span class='ocrx_word' id='word_1_90' title='bbox 1503 1437 1809 1485; x_wconf 90' lang='lat' dir='ltr'><strong>censemus,</strong></span> <span class='ocrx_word' id='word_1_91' title='bbox 1832 1426 1992 1495; x_wconf 69' lang='lat' dir='ltr'><strong>nunc;</strong></span> 
     </span>
    </p>
   </div>
   <div class='ocr_carea' id='block_1_16' title="bbox 407 1490 1988 1585">
    <p class='ocr_par' dir='ltr' id='par_1_16' title="bbox 407 1490 1988 1585">
     <span class='ocr_line' id='line_1_16' title="bbox 407 1490 1988 1585; baseline -0.008 -12"><span class='ocrx_word' id='word_1_92' title='bbox 407 1519 688 1572; x_wconf 80' lang='lat' dir='ltr'><strong>silentium</strong></span> <span class='ocrx_word' id='word_1_93' title='bbox 719 1524 774 1568; x_wconf 91' lang='lat' dir='ltr'><strong>et</strong></span> <span class='ocrx_word' id='word_1_94' title='bbox 802 1517 922 1585; x_wconf 89' lang='lat' dir='ltr'><strong>ejus</strong></span> <span class='ocrx_word' id='word_1_95' title='bbox 948 1513 1229 1583; x_wconf 62' lang='lat' dir='ltr'><strong>sapientiae</strong></span> <span class='ocrx_word' id='word_1_96' title='bbox 1254 1513 1517 1576; x_wconf 86' lang='lat' dir='ltr'><strong>studium,</strong></span> <span class='ocrx_word' id='word_1_97' title='bbox 1554 1511 1679 1564; x_wconf 81' lang='lat' dir='ltr'><strong>fidei</strong></span> <span class='ocrx_word' id='word_1_98' title='bbox 1702 1490 1988 1584; x_wconf 51' lang='lat' dir='ltr'><strong>jacturamj‘</strong></span> 
     </span>
    </p>
   </div>
   <div class='ocr_carea' id='block_1_17' title="bbox 407 1587 2024 1677">
    <p class='ocr_par' dir='ltr' id='par_1_17' title="bbox 407 1587 2024 1677">
     <span class='ocr_line' id='line_1_17' title="bbox 407 1587 2024 1677; baseline -0.007 -15"><span class='ocrx_word' id='word_1_99' title='bbox 407 1608 797 1677; x_wconf 88' lang='lat' dir='ltr'><strong>intclligentes,</strong></span> <span class='ocrx_word' id='word_1_100' title='bbox 830 1604 898 1658; x_wconf 89' lang='lat' dir='ltr'><strong>ad</strong></span> <span class='ocrx_word' id='word_1_101' title='bbox 927 1621 1022 1658; x_wconf 91' lang='lat' dir='ltr'><strong>vos</strong></span> <span class='ocrx_word' id='word_1_102' title='bbox 1056 1604 1200 1657; x_wconf 89' lang='lat' dir='ltr'><strong>solos</strong></span> <span class='ocrx_word' id='word_1_103' title='bbox 1228 1612 1354 1672; x_wconf 87' lang='lat' dir='ltr'><strong>post</strong></span> <span class='ocrx_word' id='word_1_104' title='bbox 1392 1616 1686 1671; x_wconf 87' lang='lat' dir='ltr'><strong>supernam</strong></span> <span class='ocrx_word' id='word_1_105' title='bbox 1717 1600 1975 1653; x_wconf 77' lang='lat' dir='ltr'><strong>virtutem</strong></span> <span class='ocrx_word' id='word_1_106' title='bbox 2007 1587 2024 1603; x_wconf 29' lang='grc' dir='ltr'>ἦ</span> 
     </span>
    </p>
   </div>
   <div class='ocr_carea' id='block_1_18' title="bbox 405 1690 1975 1765">
    <p class='ocr_par' dir='ltr' id='par_1_18' title="bbox 405 1690 1975 1765">
     <span class='ocr_line' id='line_1_18' title="bbox 405 1690 1975 1765; baseline -0.008 -11"><span class='ocrx_word' id='word_1_107' title='bbox 405 1699 559 1755; x_wconf 91' lang='lat' dir='ltr'><strong>orbis</strong></span> <span class='ocrx_word' id='word_1_108' title='bbox 604 1706 934 1761; x_wconf 77' lang='lat' dir='ltr'><strong>servatores,</strong></span> <span class='ocrx_word' id='word_1_109' title='bbox 977 1694 1253 1765; x_wconf 87' lang='lat' dir='ltr'><strong>precando</strong></span> <span class='ocrx_word' id='word_1_110' title='bbox 1288 1693 1554 1747; x_wconf 84' lang='lat' dir='ltr'><strong>vcrtimur</strong></span> <span class='ocrx_word' id='word_1_111' title='bbox 1587 1709 1598 1743; x_wconf 91' lang='lat'>:</span> <span class='ocrx_word' id='word_1_112' title='bbox 1627 1690 1975 1759; x_wconf 89' lang='lat' dir='ltr'><strong>quandoqui-</strong></span> 
     </span>
    </p>
   </div>
   <div class='ocr_carea' id='block_1_19' title="bbox 2073 508 3643 582">
    <p class='ocr_par' dir='ltr' id='par_1_19' title="bbox 2073 508 3643 582">
     <span class='ocr_line' id='line_1_19' title="bbox 2073 508 3643 582; baseline -0.003 -17"><span class='ocrx_word' id='word_1_113' title='bbox 2073 528 2198 566; x_wconf 91' lang='lat' dir='ltr'><strong>cum</strong></span> <span class='ocrx_word' id='word_1_114' title='bbox 2244 513 2366 566; x_wconf 89' lang='lat' dir='ltr'><strong>aliis</strong></span> <span class='ocrx_word' id='word_1_115' title='bbox 2418 513 2671 566; x_wconf 89' lang='lat' dir='ltr'><strong>Barbaris</strong></span> <span class='ocrx_word' id='word_1_116' title='bbox 2729 514 2913 582; x_wconf 75' lang='lat' dir='ltr'><strong>przelia</strong></span> <span class='ocrx_word' id='word_1_117' title='bbox 2953 514 3298 567; x_wconf 84' lang='lat' dir='ltr'><strong>committere</strong></span> <span class='ocrx_word' id='word_1_118' title='bbox 3343 508 3643 575; x_wconf 87' lang='lat' dir='ltr'><strong>festinasti,</strong></span> 
     </span>
    </p>
   </div>
   <div class='ocr_carea' id='block_1_20' title="bbox 2074 596 3648 668">
    <p class='ocr_par' dir='ltr' id='par_1_20' title="bbox 2074 596 3648 668">
     <span class='ocr_line' id='line_1_20' title="bbox 2074 596 3648 668; baseline -0.002 -15"><span class='ocrx_word' id='word_1_119' title='bbox 2074 600 2336 654; x_wconf 88' lang='lat' dir='ltr'><strong>reddente</strong></span> <span class='ocrx_word' id='word_1_120' title='bbox 2369 600 2468 653; x_wconf 91' lang='lat' dir='ltr'><strong>tibi</strong></span> <span class='ocrx_word' id='word_1_121' title='bbox 2503 598 2726 654; x_wconf 86' lang='lat' dir='ltr'><strong>Christo</strong></span> <span class='ocrx_word' id='word_1_122' title='bbox 2767 601 3027 668; x_wconf 86' lang='lat' dir='ltr'><strong>pulchras</strong></span> <span class='ocrx_word' id='word_1_123' title='bbox 3063 598 3358 662; x_wconf 87' lang='lat' dir='ltr'><strong>victorias,</strong></span> <span class='ocrx_word' id='word_1_124' title='bbox 3398 611 3500 664; x_wconf 90' lang='lat' dir='ltr'><strong>pro</strong></span> <span class='ocrx_word' id='word_1_125' title='bbox 3541 596 3648 650; x_wconf 88' lang='lat' dir='ltr'><strong>hac</strong></span> 
     </span>
    </p>
   </div>
   <div class='ocr_carea' id='block_1_21' title="bbox 2074 691 2780 759">
    <p class='ocr_par' dir='ltr' id='par_1_21' title="bbox 2074 691 2780 759">
     <span class='ocr_line' id='line_1_21' title="bbox 2074 691 2780 759; baseline -0.001 -16"><span class='ocrx_word' id='word_1_126' title='bbox 2074 699 2162 743; x_wconf 90' lang='lat' dir='ltr'><strong>tua</strong></span> <span class='ocrx_word' id='word_1_127' title='bbox 2200 691 2254 744; x_wconf 91' lang='lat' dir='ltr'><strong>in</strong></span> <span class='ocrx_word' id='word_1_128' title='bbox 2281 691 2456 759; x_wconf 90' lang='lat' dir='ltr'><strong>ipsum</strong></span> <span class='ocrx_word' id='word_1_129' title='bbox 2479 691 2780 744; x_wconf 87' lang='lat' dir='ltr'><strong>alacritate.</strong></span> 
     </span>
    </p>
   </div>
   <div class='ocr_carea' id='block_1_22' title="bbox 2146 779 3653 859">
    <p class='ocr_par' dir='ltr' id='par_1_22' title="bbox 2146 779 3653 859">
     <span class='ocr_line' id='line_1_22' title="bbox 2146 779 3653 859; baseline 0.008 -26"><span class='ocrx_word' id='word_1_130' title='bbox 2146 779 2356 851; x_wconf 67' lang='grc'><strong>1340</strong></span> <span class='ocrx_word' id='word_1_131' title='bbox 2381 779 2748 836; x_wconf 89' lang='lat' dir='ltr'><strong>Obsecramus</strong></span> <span class='ocrx_word' id='word_1_132' title='bbox 2802 791 2983 835; x_wconf 86' lang='lat' dir='ltr'><strong>autem</strong></span> <span class='ocrx_word' id='word_1_133' title='bbox 3022 791 3082 836; x_wconf 93' lang='lat' dir='ltr'><strong>ut</strong></span> <span class='ocrx_word' id='word_1_134' title='bbox 3119 782 3268 848; x_wconf 81' lang='lat' dir='ltr'><strong>fiant,</strong></span> <span class='ocrx_word' id='word_1_135' title='bbox 3306 789 3448 856; x_wconf 90' lang='lat' dir='ltr'><strong>apud</strong></span> <span class='ocrx_word' id='word_1_136' title='bbox 3469 792 3653 859; x_wconf 82' lang='lat' dir='ltr'><strong>pieta—</strong></span> 
     </span>
    </p>
   </div>
   <div class='ocr_carea' id='block_1_23' title="bbox 2075 878 3652 949">
    <p class='ocr_par' dir='ltr' id='par_1_23' title="bbox 2075 878 3652 949">
     <span class='ocr_line' id='line_1_23' title="bbox 2075 878 3652 949; baseline 0.01 -20"><span class='ocrx_word' id='word_1_137' title='bbox 2075 884 2183 930; x_wconf 87' lang='lat' dir='ltr'><strong>tem</strong></span> <span class='ocrx_word' id='word_1_138' title='bbox 2217 885 2387 940; x_wconf 92' lang='lat' dir='ltr'><strong>tuam,</strong></span> <span class='ocrx_word' id='word_1_139' title='bbox 2421 878 2753 945; x_wconf 64' lang='lat' dir='ltr'><strong>qumstiones</strong></span> <span class='ocrx_word' id='word_1_140' title='bbox 2783 879 2835 931; x_wconf 93' lang='lat' dir='ltr'><strong>in</strong></span> <span class='ocrx_word' id='word_1_141' title='bbox 2862 879 3082 949; x_wconf 89' lang='lat' dir='ltr'><strong>scriptis</strong></span> <span class='ocrx_word' id='word_1_142' title='bbox 3108 899 3120 935; x_wconf 92' lang='lat'><strong>:</strong></span> <span class='ocrx_word' id='word_1_143' title='bbox 3147 882 3226 936; x_wconf 90' lang='lat' dir='ltr'><strong>sic</strong></span> <span class='ocrx_word' id='word_1_144' title='bbox 3250 885 3395 939; x_wconf 90' lang='lat' dir='ltr'><strong>enim</strong></span> <span class='ocrx_word' id='word_1_145' title='bbox 3425 887 3652 944; x_wconf 83' lang='lat' dir='ltr'><strong>facilius</strong></span> 
     </span>
    </p>
   </div>
   <div class='ocr_carea' id='block_1_24' title="bbox 2075 967 3650 1049">
    <p class='ocr_par' dir='ltr' id='par_1_24' title="bbox 2075 967 3650 1049">
     <span class='ocr_line' id='line_1_24' title="bbox 2075 967 3650 1049; baseline 0.01 -30"><span class='ocrx_word' id='word_1_146' title='bbox 2075 967 2484 1031; x_wconf 77' lang='lat' dir='ltr'><strong>dignoscentur,</strong></span> <span class='ocrx_word' id='word_1_147' title='bbox 2521 979 2576 1022; x_wconf 88' lang='lat' dir='ltr'><strong>et</strong></span> <span class='ocrx_word' id='word_1_148' title='bbox 2602 968 2654 1021; x_wconf 92' lang='lat' dir='ltr'><strong>in</strong></span> <span class='ocrx_word' id='word_1_149' title='bbox 2686 985 2846 1022; x_wconf 91' lang='lat' dir='ltr'><strong>omne</strong></span> <span class='ocrx_word' id='word_1_150' title='bbox 2882 981 3164 1038; x_wconf 87' lang='lat' dir='ltr'><strong>posterum</strong></span> <span class='ocrx_word' id='word_1_151' title='bbox 3203 983 3418 1044; x_wconf 89' lang='lat' dir='ltr'><strong>tempus</strong></span> <span class='ocrx_word' id='word_1_152' title='bbox 3460 995 3650 1049; x_wconf 89' lang='lat' dir='ltr'><strong>repre-</strong></span> 
     </span>
    </p>
   </div>
   <div class='ocr_carea' id='block_1_25' title="bbox 2075 1059 3650 1137">
    <p class='ocr_par' dir='ltr' id='par_1_25' title="bbox 2075 1059 3650 1137">
     <span class='ocr_line' id='line_1_25' title="bbox 2075 1059 3650 1137; baseline 0.008 -25"><span class='ocrx_word' id='word_1_153' title='bbox 2075 1059 2386 1112; x_wconf 89' lang='lat' dir='ltr'><strong>hendcntur</strong></span> <span class='ocrx_word' id='word_1_154' title='bbox 2415 1069 2723 1128; x_wconf 86' lang='lat' dir='ltr'><strong>peccantes.</strong></span> <span class='ocrx_word' id='word_1_155' title='bbox 2759 1059 2812 1113; x_wconf 89' lang='lat' dir='ltr'><strong>Si</strong></span> <span class='ocrx_word' id='word_1_156' title='bbox 2849 1061 2973 1130; x_wconf 91' lang='lat' dir='ltr'><strong>quis</strong></span> <span class='ocrx_word' id='word_1_157' title='bbox 2999 1071 3182 1117; x_wconf 90' lang='lat' dir='ltr'><strong>autem</strong></span> <span class='ocrx_word' id='word_1_158' title='bbox 3217 1068 3496 1137; x_wconf 79' lang='lat' dir='ltr'><strong>negligens</strong></span> <span class='ocrx_word' id='word_1_159' title='bbox 3532 1086 3650 1124; x_wconf 86' lang='lat' dir='ltr'><strong>scr-</strong></span> 
     </span>
    </p>
   </div>
   <div class='ocr_carea' id='block_1_26' title="bbox 2075 1149 3650 1228">
    <p class='ocr_par' dir='ltr' id='par_1_26' title="bbox 2075 1149 3650 1228">
     <span class='ocr_line' id='line_1_26' title="bbox 2075 1149 3650 1228; baseline 0.01 -29"><span class='ocrx_word' id='word_1_160' title='bbox 2075 1164 2288 1212; x_wconf 90' lang='lat' dir='ltr'><strong>moncs,</strong></span> <span class='ocrx_word' id='word_1_161' title='bbox 2334 1163 2435 1217; x_wconf 90' lang='lat' dir='ltr'><strong>pro</strong></span> <span class='ocrx_word' id='word_1_162' title='bbox 2472 1150 2675 1217; x_wconf 87' lang='lat' dir='ltr'><strong>quibus</strong></span> <span class='ocrx_word' id='word_1_163' title='bbox 2719 1149 3042 1220; x_wconf 90' lang='lat' dir='ltr'><strong>delinquens</strong></span> <span class='ocrx_word' id='word_1_164' title='bbox 3085 1154 3208 1214; x_wconf 91' lang='lat' dir='ltr'><strong>fuit,</strong></span> <span class='ocrx_word' id='word_1_165' title='bbox 3242 1157 3499 1221; x_wconf 85' lang='lat' dir='ltr'><strong>voluerit,</strong></span> <span class='ocrx_word' id='word_1_166' title='bbox 3550 1176 3650 1228; x_wconf 90' lang='lat' dir='ltr'><strong>per</strong></span> 
     </span>
    </p>
   </div>
   <div class='ocr_carea' id='block_1_27' title="bbox 2077 1239 3657 1317">
    <p class='ocr_par' dir='ltr' id='par_1_27' title="bbox 2077 1239 3657 1317">
     <span class='ocr_line' id='line_1_27' title="bbox 2077 1239 3657 1317; baseline 0.008 -27"><span class='ocrx_word' id='word_1_167' title='bbox 2077 1246 2435 1306; x_wconf 74' lang='lat' dir='ltr'><strong>przcccptum,</strong></span> <span class='ocrx_word' id='word_1_168' title='bbox 2455 1248 2614 1292; x_wconf 72' lang='lat' dir='ltr'><strong>rectzc</strong></span> <span class='ocrx_word' id='word_1_169' title='bbox 2639 1239 2762 1292; x_wconf 86' lang='lat' dir='ltr'><strong>ﬁdei</strong></span> <span class='ocrx_word' id='word_1_170' title='bbox 2796 1242 3094 1309; x_wconf 69' lang='lat' dir='ltr'><strong>prazvalere</strong></span> <span class='ocrx_word' id='word_1_171' title='bbox 3121 1243 3256 1312; x_wconf 64' lang='lat'><strong>(-39),</strong></span> <span class='ocrx_word' id='word_1_172' title='bbox 3291 1259 3396 1300; x_wconf 69' lang='lat' dir='ltr'><strong>tua:</strong></span> <span class='ocrx_word' id='word_1_173' title='bbox 3417 1250 3657 1317; x_wconf 71' lang='lat' dir='ltr'><strong>justitiae</strong></span> 
     </span>
    </p>
   </div>
   <div class='ocr_carea' id='block_1_28' title="bbox 2076 1328 3654 1408">
    <p class='ocr_par' dir='ltr' id='par_1_28' title="bbox 2076 1328 3654 1408">
     <span class='ocr_line' id='line_1_28' title="bbox 2076 1328 3654 1408; baseline 0.008 -26"><span class='ocrx_word' id='word_1_174' title='bbox 2076 1328 2353 1398; x_wconf 88' lang='lat' dir='ltr'><strong>acjudicii</strong></span> <span class='ocrx_word' id='word_1_175' title='bbox 2380 1329 2547 1383; x_wconf 84' lang='lat' dir='ltr'><strong>fuerit</strong></span> <span class='ocrx_word' id='word_1_176' title='bbox 2576 1331 2884 1394; x_wconf 89' lang='lat' dir='ltr'><strong>attendere,</strong></span> <span class='ocrx_word' id='word_1_177' title='bbox 2911 1349 3042 1386; x_wconf 90' lang='lat' dir='ltr'><strong>num</strong></span> <span class='ocrx_word' id='word_1_178' title='bbox 3087 1335 3258 1403; x_wconf 87' lang='lat' dir='ltr'><strong>ipsam</strong></span> <span class='ocrx_word' id='word_1_179' title='bbox 3294 1355 3510 1408; x_wconf 88' lang='lat' dir='ltr'><strong>quoque</strong></span> <span class='ocrx_word' id='word_1_180' title='bbox 3546 1343 3654 1394; x_wconf 89' lang='lat' dir='ltr'><strong>do-</strong></span> 
     </span>
    </p>
   </div>
   <div class='ocr_carea' id='block_1_29' title="bbox 2075 1422 3656 1501">
    <p class='ocr_par' dir='ltr' id='par_1_29' title="bbox 2075 1422 3656 1501">
     <span class='ocr_line' id='line_1_29' title="bbox 2075 1422 3656 1501; baseline 0.011 -30"><span class='ocrx_word' id='word_1_181' title='bbox 2075 1428 2289 1473; x_wconf 91' lang='lat' dir='ltr'><strong>ctorum</strong></span> <span class='ocrx_word' id='word_1_182' title='bbox 2339 1422 2760 1490; x_wconf 86' lang='lat' dir='ltr'><strong>appellationem</strong></span> <span class='ocrx_word' id='word_1_183' title='bbox 2791 1425 3226 1494; x_wconf 79' lang='lat' dir='ltr'><strong>(6&#39;J)abjecerint</strong></span> <span class='ocrx_word' id='word_1_184' title='bbox 3261 1433 3276 1450; x_wconf 84' lang='lat'><strong>&#39;</strong></span> <span class='ocrx_word' id='word_1_185' title='bbox 3314 1431 3384 1492; x_wconf 92' lang='lat' dir='ltr'><strong>ii,</strong></span> <span class='ocrx_word' id='word_1_186' title='bbox 3434 1435 3527 1501; x_wconf 89' lang='lat' dir='ltr'><strong>qui</strong></span> <span class='ocrx_word' id='word_1_187' title='bbox 3582 1436 3656 1489; x_wconf 88' lang='lat' dir='ltr'><strong>de</strong></span> 
     </span>
    </p>
   </div>
   <div class='ocr_carea' id='block_1_30' title="bbox 2043 1502 3657 1593">
    <p class='ocr_par' dir='ltr' id='par_1_30' title="bbox 2043 1502 3657 1593">
     <span class='ocr_line' id='line_1_30' title="bbox 2043 1502 3657 1593; baseline 0.01 -29"><span class='ocrx_word' id='word_1_188' title='bbox 2043 1502 2052 1550; x_wconf 71' lang='grc' dir='ltr'><strong>ἶ</strong></span> <span class='ocrx_word' id='word_1_189' title='bbox 2077 1511 2425 1581; x_wconf 88' lang='lat' dir='ltr'><strong>dogmatibus</strong></span> <span class='ocrx_word' id='word_1_190' title='bbox 2444 1530 2563 1581; x_wconf 65' lang='lat' dir='ltr'><strong>quae</strong></span> <span class='ocrx_word' id='word_1_191' title='bbox 2577 1513 2933 1568; x_wconf 89' lang='lat' dir='ltr'><strong>introducunt</strong></span> <span class='ocrx_word' id='word_1_192' title='bbox 2948 1516 3027 1583; x_wconf 82' lang='lat' dir='ltr'><strong>(6i</strong></span> <span class='ocrx_word' id='word_1_193' title='bbox 3043 1522 3080 1582; x_wconf 96' lang='lat'><strong>),</strong></span> <span class='ocrx_word' id='word_1_194' title='bbox 3095 1519 3395 1588; x_wconf 85' lang='lat' dir='ltr'><strong>periclitari</strong></span> <span class='ocrx_word' id='word_1_195' title='bbox 3413 1540 3657 1593; x_wconf 88' lang='lat' dir='ltr'><strong>gravan-</strong></span> 
     </span>
    </p>
   </div>
   <div class='ocr_carea' id='block_1_31' title="bbox 2081 1603 3658 1684">
    <p class='ocr_par' dir='ltr' id='par_1_31' title="bbox 2081 1603 3658 1684">
     <span class='ocr_line' id='line_1_31' title="bbox 2081 1603 3658 1684; baseline 0.01 -31"><span class='ocrx_word' id='word_1_196' title='bbox 2081 1609 2189 1664; x_wconf 91' lang='lat' dir='ltr'><strong>tur,</strong></span> <span class='ocrx_word' id='word_1_197' title='bbox 2230 1603 2509 1672; x_wconf 66' lang='lat' dir='ltr'><strong>prazdictis</strong></span> <span class='ocrx_word' id='word_1_198' title='bbox 2553 1603 2749 1673; x_wconf 86' lang='lat' dir='ltr'><strong>subjici</strong></span> <span class='ocrx_word' id='word_1_199' title='bbox 2782 1606 3055 1668; x_wconf 84' lang='lat' dir='ltr'><strong>nolentes,</strong></span> <span class='ocrx_word' id='word_1_200' title='bbox 3089 1619 3148 1662; x_wconf 88' lang='lat' dir='ltr'><strong>ut</strong></span> <span class='ocrx_word' id='word_1_201' title='bbox 3178 1625 3287 1663; x_wconf 93' lang='lat' dir='ltr'><strong>non</strong></span> <span class='ocrx_word' id='word_1_202' title='bbox 3316 1613 3658 1684; x_wconf 80' lang='lat' dir='ltr'><strong>redarguan-</strong></span> 
     </span>
    </p>
   </div>
   <div class='ocr_carea' id='block_1_32' title="bbox 2080 1693 3655 1775">
    <p class='ocr_par' dir='ltr' id='par_1_32' title="bbox 2080 1693 3655 1775">
     <span class='ocr_line' id='line_1_32' title="bbox 2080 1693 3655 1775; baseline 0.008 -28"><span class='ocrx_word' id='word_1_203' title='bbox 2080 1703 2168 1747; x_wconf 90' lang='lat' dir='ltr'><strong>tur</strong></span> <span class='ocrx_word' id='word_1_204' title='bbox 2196 1693 2361 1762; x_wconf 89' lang='lat' dir='ltr'><strong>impie</strong></span> <span class='ocrx_word' id='word_1_205' title='bbox 2391 1694 2598 1763; x_wconf 87' lang='lat' dir='ltr'><strong>egisse;</strong></span> <span class='ocrx_word' id='word_1_206' title='bbox 2633 1711 2811 1763; x_wconf 90' lang='lat' dir='ltr'><strong>nequc</strong></span> <span class='ocrx_word' id='word_1_207' title='bbox 2839 1711 2903 1749; x_wconf 91' lang='lat' dir='ltr'><strong>ea</strong></span> <span class='ocrx_word' id='word_1_208' title='bbox 2956 1698 3283 1756; x_wconf 84' lang='lat' dir='ltr'><strong>refutatione</strong></span> <span class='ocrx_word' id='word_1_209' title='bbox 3325 1703 3484 1773; x_wconf 81' lang='lat' dir='ltr'><strong>digna</strong></span> <span class='ocrx_word' id='word_1_210' title='bbox 3547 1722 3655 1775; x_wconf 80' lang='lat' dir='ltr'><strong>pu-</strong></span> 
     </span>
    </p>
   </div>
   <div class='ocr_carea' id='block_1_33' title="bbox 406 1770 3660 1858">
    <p class='ocr_par' dir='ltr' id='par_1_33' title="bbox 406 1770 3660 1858">
     <span class='ocr_line' id='line_1_33' title="bbox 406 1770 3660 1858; baseline -0.002 -15"><span class='ocrx_word' id='word_1_211' title='bbox 406 1792 528 1846; x_wconf 87' lang='lat' dir='ltr'><strong>dem</strong></span> <span class='ocrx_word' id='word_1_212' title='bbox 567 1791 770 1845; x_wconf 90' lang='lat' dir='ltr'><strong>scimus</strong></span> <span class='ocrx_word' id='word_1_213' title='bbox 809 1805 906 1858; x_wconf 87' lang='lat' dir='ltr'><strong>pro</strong></span> <span class='ocrx_word' id='word_1_214' title='bbox 938 1788 1139 1857; x_wconf 86' lang='lat' dir='ltr'><strong>pietate</strong></span> <span class='ocrx_word' id='word_1_215' title='bbox 1167 1785 1591 1840; x_wconf 90' lang='lat' dir='ltr'><strong>sollicitudinem</strong></span> <span class='ocrx_word' id='word_1_216' title='bbox 1623 1783 1779 1836; x_wconf 80' lang='lat' dir='ltr'><strong>vobis</strong></span> <span class='ocrx_word' id='word_1_217' title='bbox 1804 1798 1971 1851; x_wconf 89' lang='lat' dir='ltr'><strong>pecu—</strong></span> <span class='ocrx_word' id='word_1_218' title='bbox 2011 1770 2050 1822; x_wconf 78' lang='lat' dir='ltr'>B</span> <span class='ocrx_word' id='word_1_219' title='bbox 2083 1792 2257 1837; x_wconf 84' lang='lat' dir='ltr'><strong>tantes</strong></span> <span class='ocrx_word' id='word_1_220' title='bbox 2291 1783 2709 1854; x_wconf 68' lang='lat' dir='ltr'><strong>(6&#39;2).utmutua</strong></span> <span class='ocrx_word' id='word_1_221' title='bbox 2731 1800 2920 1840; x_wconf 89' lang='lat' dir='ltr'><strong>eorum</strong></span> <span class='ocrx_word' id='word_1_222' title='bbox 2947 1789 3282 1857; x_wconf 87' lang='lat' dir='ltr'><strong>conspiratio</strong></span> <span class='ocrx_word' id='word_1_223' title='bbox 3315 1770 3423 1846; x_wconf 84' lang='lat' dir='ltr'><strong>non</strong></span> <span class='ocrx_word' id='word_1_224' title='bbox 3453 1770 3660 1849; x_wconf 68' lang='lat' dir='ltr'><strong>halica-</strong></span> 
     </span>
    </p>
   </div>
   <div class='ocr_carea' id='block_1_34' title="bbox 406 1871 1978 1946">
    <p class='ocr_par' dir='ltr' id='par_1_34' title="bbox 406 1871 1978 1946">
     <span class='ocr_line' id='line_1_34' title="bbox 406 1871 1978 1946; baseline -0.008 -9"><span class='ocrx_word' id='word_1_225' title='bbox 406 1883 617 1938; x_wconf 86' lang='lat' dir='ltr'><strong>liaritcr</strong></span> <span class='ocrx_word' id='word_1_226' title='bbox 661 1881 1000 1944; x_wconf 82' lang='lat' dir='ltr'><strong>convenire;</strong></span> <span class='ocrx_word' id='word_1_227' title='bbox 1061 1885 1246 1946; x_wconf 87' lang='lat' dir='ltr'><strong>utpote</strong></span> <span class='ocrx_word' id='word_1_228' title='bbox 1300 1875 1387 1938; x_wconf 91' lang='lat' dir='ltr'><strong>iis,</strong></span> <span class='ocrx_word' id='word_1_229' title='bbox 1427 1874 1520 1944; x_wconf 92' lang='lat' dir='ltr'><strong>qui</strong></span> <span class='ocrx_word' id='word_1_230' title='bbox 1567 1890 1686 1928; x_wconf 89' lang='lat' dir='ltr'><strong>eam</strong></span> <span class='ocrx_word' id='word_1_231' title='bbox 1714 1887 1886 1941; x_wconf 89' lang='lat' dir='ltr'><strong>usque</strong></span> <span class='ocrx_word' id='word_1_232' title='bbox 1920 1871 1978 1924; x_wconf 91' lang='lat' dir='ltr'><strong>in</strong></span> 
     </span>
    </p>
   </div>
   <div class='ocr_carea' id='block_1_35' title="bbox 409 1963 1977 2039">
    <p class='ocr_par' dir='ltr' id='par_1_35' title="bbox 409 1963 1977 2039">
     <span class='ocr_line' id='line_1_35' title="bbox 409 1963 1977 2039; baseline -0.007 -13"><span class='ocrx_word' id='word_1_233' title='bbox 409 1974 514 2026; x_wconf 85' lang='lat' dir='ltr'><strong>hoc</strong></span> <span class='ocrx_word' id='word_1_234' title='bbox 574 1980 787 2039; x_wconf 90' lang='lat' dir='ltr'><strong>tempus</strong></span> <span class='ocrx_word' id='word_1_235' title='bbox 838 1967 1239 2031; x_wconf 89' lang='lat' dir='ltr'><strong>custodicriut,</strong></span> <span class='ocrx_word' id='word_1_236' title='bbox 1291 1965 1645 2034; x_wconf 88' lang='lat' dir='ltr'><strong>vicissimque</strong></span> <span class='ocrx_word' id='word_1_237' title='bbox 1687 1978 1785 2034; x_wconf 91' lang='lat' dir='ltr'><strong>per</strong></span> <span class='ocrx_word' id='word_1_238' title='bbox 1827 1963 1977 2016; x_wconf 89' lang='lat' dir='ltr'><strong>illam</strong></span> 
     </span>
    </p>
   </div>
   <div class='ocr_carea' id='block_1_36' title="bbox 409 2063 812 2118">
    <p class='ocr_par' dir='ltr' id='par_1_36' title="bbox 409 2063 812 2118">
     <span class='ocr_line' id='line_1_36' title="bbox 409 2063 812 2118; baseline -0.007 0"><span class='ocrx_word' id='word_1_239' title='bbox 409 2063 812 2118; x_wconf 90' lang='lat' dir='ltr'><strong>custodiantur.</strong></span> 
     </span>
    </p>
   </div>
   <div class='ocr_carea' id='block_1_37' title="bbox 480 2145 1980 2223">
    <p class='ocr_par' dir='ltr' id='par_1_37' title="bbox 480 2145 1980 2223">
     <span class='ocr_line' id='line_1_37' title="bbox 480 2145 1980 2223; baseline -0.008 -14"><span class='ocrx_word' id='word_1_240' title='bbox 480 2154 765 2223; x_wconf 86' lang='lat' dir='ltr'><strong>Supplices</strong></span> <span class='ocrx_word' id='word_1_241' title='bbox 794 2149 903 2223; x_wconf 68' lang='grc'>(48)</span> <span class='ocrx_word' id='word_1_242' title='bbox 933 2159 1113 2204; x_wconf 84' lang='lat' dir='ltr'><strong>autem</strong></span> <span class='ocrx_word' id='word_1_243' title='bbox 1134 2148 1470 2203; x_wconf 89' lang='lat' dir='ltr'><strong>hoslibellos</strong></span> <span class='ocrx_word' id='word_1_244' title='bbox 1495 2145 1802 2208; x_wconf 66' lang='lat' dir='ltr'><strong>offerimus,</strong></span> <span class='ocrx_word' id='word_1_245' title='bbox 1856 2154 1980 2198; x_wconf 89' lang='lat' dir='ltr'><strong>tan-</strong></span> 
     </span>
    </p>
   </div>
   <div class='ocr_carea' id='block_1_38' title="bbox 409 2237 1980 2314">
    <p class='ocr_par' dir='ltr' id='par_1_38' title="bbox 409 2237 1980 2314">
     <span class='ocr_line' id='line_1_38' title="bbox 409 2237 1980 2314; baseline -0.006 -16"><span class='ocrx_word' id='word_1_246' title='bbox 409 2260 572 2314; x_wconf 88' lang='lat' dir='ltr'><strong>quam</strong></span> <span class='ocrx_word' id='word_1_247' title='bbox 613 2259 796 2298; x_wconf 89' lang='lat' dir='ltr'><strong>coram</strong></span> <span class='ocrx_word' id='word_1_248' title='bbox 850 2241 1196 2311; x_wconf 87' lang='lat' dir='ltr'><strong>sanctissimo</strong></span> <span class='ocrx_word' id='word_1_249' title='bbox 1220 2240 1333 2294; x_wconf 90' lang='lat' dir='ltr'><strong>Deo</strong></span> <span class='ocrx_word' id='word_1_250' title='bbox 1366 2237 1675 2292; x_wconf 78' lang='lat' dir='ltr'><strong>exhibenda</strong></span> <span class='ocrx_word' id='word_1_251' title='bbox 1703 2244 1849 2291; x_wconf 89' lang='lat' dir='ltr'><strong>esset</strong></span> <span class='ocrx_word' id='word_1_252' title='bbox 1877 2251 1980 2290; x_wconf 85' lang='lat' dir='ltr'><strong>no-</strong></span> 
     </span>
    </p>
   </div>
   <div class='ocr_carea' id='block_1_39' title="bbox 411 2327 1980 2400">
    <p class='ocr_par' dir='ltr' id='par_1_39' title="bbox 411 2327 1980 2400">
     <span class='ocr_line' id='line_1_39' title="bbox 411 2327 1980 2400; baseline -0.005 -12"><span class='ocrx_word' id='word_1_253' title='bbox 411 2345 522 2388; x_wconf 85' lang='lat' dir='ltr'><strong>stra</strong></span> <span class='ocrx_word' id='word_1_254' title='bbox 551 2333 868 2397; x_wconf 82' lang='lat' dir='ltr'><strong>excusatio;</strong></span> <span class='ocrx_word' id='word_1_255' title='bbox 901 2348 1008 2385; x_wconf 91' lang='lat' dir='ltr'><strong>non</strong></span> <span class='ocrx_word' id='word_1_256' title='bbox 1047 2329 1192 2400; x_wconf 89' lang='lat' dir='ltr'><strong>quod</strong></span> <span class='ocrx_word' id='word_1_257' title='bbox 1226 2345 1327 2399; x_wconf 92' lang='lat' dir='ltr'><strong>pro</strong></span> <span class='ocrx_word' id='word_1_258' title='bbox 1357 2329 1620 2399; x_wconf 88' lang='lat' dir='ltr'><strong>religione</strong></span> <span class='ocrx_word' id='word_1_259' title='bbox 1655 2328 1838 2381; x_wconf 93' lang='lat' dir='ltr'><strong>minus</strong></span> <span class='ocrx_word' id='word_1_260' title='bbox 1865 2327 1980 2380; x_wconf 88' lang='lat' dir='ltr'><strong>ala-</strong></span> 
     </span>
    </p>
   </div>
   <div class='ocr_carea' id='block_1_40' title="bbox 409 2420 1982 2492">
    <p class='ocr_par' dir='ltr' id='par_1_40' title="bbox 409 2420 1982 2492">
     <span class='ocr_line' id='line_1_40' title="bbox 409 2420 1982 2492; baseline -0.006 -11"><span class='ocrx_word' id='word_1_261' title='bbox 409 2441 531 2481; x_wconf 91' lang='lat' dir='ltr'><strong>cres</strong></span> <span class='ocrx_word' id='word_1_262' title='bbox 563 2425 849 2488; x_wconf 82' lang='lat' dir='ltr'><strong>fuerimus,</strong></span> <span class='ocrx_word' id='word_1_263' title='bbox 873 2422 967 2478; x_wconf 91' lang='lat' dir='ltr'><strong>sed</strong></span> <span class='ocrx_word' id='word_1_264' title='bbox 1004 2421 1195 2492; x_wconf 89' lang='lat' dir='ltr'><strong>pietati</strong></span> <span class='ocrx_word' id='word_1_265' title='bbox 1229 2420 1536 2485; x_wconf 89' lang='lat' dir='ltr'><strong>studentes,</strong></span> <span class='ocrx_word' id='word_1_266' title='bbox 1563 2427 1618 2474; x_wconf 87' lang='lat' dir='ltr'><strong>et</strong></span> <span class='ocrx_word' id='word_1_267' title='bbox 1645 2434 1745 2488; x_wconf 90' lang='lat' dir='ltr'><strong>pro</strong></span> <span class='ocrx_word' id='word_1_268' title='bbox 1775 2433 1838 2472; x_wconf 86' lang='lat' dir='ltr'><strong>ea</strong></span> <span class='ocrx_word' id='word_1_269' title='bbox 1863 2433 1982 2472; x_wconf 88' lang='lat' dir='ltr'><strong>ser-</strong></span> 
     </span>
    </p>
   </div>
   <div class='ocr_carea' id='block_1_41' title="bbox 412 2511 1982 2582">
    <p class='ocr_par' dir='ltr' id='par_1_41' title="bbox 412 2511 1982 2582">
     <span class='ocr_line' id='line_1_41' title="bbox 412 2511 1982 2582; baseline -0.005 -10"><span class='ocrx_word' id='word_1_270' title='bbox 412 2534 632 2572; x_wconf 86' lang='lat' dir='ltr'><strong>monem</strong></span> <span class='ocrx_word' id='word_1_271' title='bbox 671 2517 955 2571; x_wconf 80' lang='lat' dir='ltr'><strong>facientes.</strong></span> <span class='ocrx_word' id='word_1_272' title='bbox 990 2515 1136 2570; x_wconf 84' lang='lat' dir='ltr'><strong>Nihil</strong></span> <span class='ocrx_word' id='word_1_273' title='bbox 1192 2514 1336 2568; x_wconf 84' lang='lat' dir='ltr'><strong>enim</strong></span> <span class='ocrx_word' id='word_1_274' title='bbox 1388 2521 1473 2567; x_wconf 90' lang='lat' dir='ltr'><strong>est</strong></span> <span class='ocrx_word' id='word_1_275' title='bbox 1526 2512 1672 2582; x_wconf 90' lang='lat' dir='ltr'><strong>quod</strong></span> <span class='ocrx_word' id='word_1_276' title='bbox 1714 2511 1982 2566; x_wconf 82' lang='lat' dir='ltr'><strong>Christia-</strong></span> 
     </span>
    </p>
   </div>
   <div class='ocr_carea' id='block_1_42' title="bbox 410 2603 1983 2677">
    <p class='ocr_par' dir='ltr' id='par_1_42' title="bbox 410 2603 1983 2677">
     <span class='ocr_line' id='line_1_42' title="bbox 410 2603 1983 2677; baseline -0.004 -15"><span class='ocrx_word' id='word_1_277' title='bbox 410 2626 609 2664; x_wconf 87' lang='lat' dir='ltr'><strong>norum</strong></span> <span class='ocrx_word' id='word_1_278' title='bbox 657 2607 998 2677; x_wconf 88' lang='lat' dir='ltr'><strong>temporibus</strong></span> <span class='ocrx_word' id='word_1_279' title='bbox 1048 2605 1364 2661; x_wconf 86' lang='lat' dir='ltr'><strong>sacerdotes</strong></span> <span class='ocrx_word' id='word_1_280' title='bbox 1415 2605 1588 2675; x_wconf 86' lang='lat' dir='ltr'><strong>magis</strong></span> <span class='ocrx_word' id='word_1_281' title='bbox 1641 2604 1824 2657; x_wconf 87' lang='lat' dir='ltr'><strong>facere</strong></span> <span class='ocrx_word' id='word_1_282' title='bbox 1883 2603 1983 2656; x_wconf 92' lang='lat' dir='ltr'><strong>de—</strong></span> 
     </span>
    </p>
   </div>
   <div class='ocr_carea' id='block_1_43' title="bbox 411 2692 1982 2770">
    <p class='ocr_par' dir='ltr' id='par_1_43' title="bbox 411 2692 1982 2770">
     <span class='ocr_line' id='line_1_43' title="bbox 411 2692 1982 2770; baseline -0.006 -16"><span class='ocrx_word' id='word_1_283' title='bbox 411 2693 577 2754; x_wconf 85' lang='lat' dir='ltr'><strong>beant</strong></span> <span class='ocrx_word' id='word_1_284' title='bbox 595 2699 727 2770; x_wconf 67' lang='grc'>(49),</span> <span class='ocrx_word' id='word_1_285' title='bbox 744 2713 905 2766; x_wconf 91' lang='lat' dir='ltr'><strong>quam</strong></span> <span class='ocrx_word' id='word_1_286' title='bbox 921 2705 1172 2750; x_wconf 91' lang='lat' dir='ltr'><strong>utcoram</strong></span> <span class='ocrx_word' id='word_1_287' title='bbox 1189 2707 1298 2749; x_wconf 88' lang='lat' dir='ltr'><strong>tam</strong></span> <span class='ocrx_word' id='word_1_288' title='bbox 1311 2693 1456 2748; x_wconf 84' lang='lat' dir='ltr'><strong>ﬁdeli</strong></span> <span class='ocrx_word' id='word_1_289' title='bbox 1476 2710 1601 2764; x_wconf 85' lang='lat' dir='ltr'><strong>rege</strong></span> <span class='ocrx_word' id='word_1_290' title='bbox 1614 2692 1982 2748; x_wconf 90' lang='lat' dir='ltr'><strong>testimonium</strong></span> 
     </span>
    </p>
   </div>
   <div class='ocr_carea' id='block_1_44' title="bbox 411 2786 1985 2860">
    <p class='ocr_par' dir='ltr' id='par_1_44' title="bbox 411 2786 1985 2860">
     <span class='ocr_line' id='line_1_44' title="bbox 411 2786 1985 2860; baseline -0.008 -11"><span class='ocrx_word' id='word_1_291' title='bbox 411 2794 628 2860; x_wconf 86' lang='lat' dir='ltr'><strong>ferant;</strong></span> <span class='ocrx_word' id='word_1_292' title='bbox 676 2791 890 2848; x_wconf 85' lang='lat' dir='ltr'><strong>etiamsi</strong></span> <span class='ocrx_word' id='word_1_293' title='bbox 937 2790 1110 2860; x_wconf 88' lang='lat' dir='ltr'><strong>parati</strong></span> <span class='ocrx_word' id='word_1_294' title='bbox 1153 2804 1399 2844; x_wconf 87' lang='lat' dir='ltr'><strong>essemus</strong></span> <span class='ocrx_word' id='word_1_295' title='bbox 1436 2786 1606 2840; x_wconf 89' lang='lat' dir='ltr'><strong>vitam</strong></span> <span class='ocrx_word' id='word_1_296' title='bbox 1645 2799 1710 2838; x_wconf 87' lang='lat' dir='ltr'><strong>ac</strong></span> <span class='ocrx_word' id='word_1_297' title='bbox 1753 2797 1985 2852; x_wconf 88' lang='lat' dir='ltr'><strong>corpora</strong></span> 
     </span>
    </p>
   </div>
   <div class='ocr_carea' id='block_1_45' title="bbox 414 2875 1984 2955">
    <p class='ocr_par' dir='ltr' id='par_1_45' title="bbox 414 2875 1984 2955">
     <span class='ocr_line' id='line_1_45' title="bbox 414 2875 1984 2955; baseline -0.007 -14"><span class='ocrx_word' id='word_1_298' title='bbox 414 2897 623 2950; x_wconf 87' lang='lat' dir='ltr'><strong>nostra,</strong></span> <span class='ocrx_word' id='word_1_299' title='bbox 661 2886 716 2939; x_wconf 92' lang='lat' dir='ltr'><strong>in</strong></span> <span class='ocrx_word' id='word_1_300' title='bbox 747 2884 873 2938; x_wconf 78' lang='lat' dir='ltr'><strong>fidei</strong></span> <span class='ocrx_word' id='word_1_301' title='bbox 905 2883 1014 2955; x_wconf 79' lang='grc'>(50)</span> <span class='ocrx_word' id='word_1_302' title='bbox 1047 2881 1387 2946; x_wconf 90' lang='lat' dir='ltr'><strong>discrimine,</strong></span> <span class='ocrx_word' id='word_1_303' title='bbox 1436 2879 1637 2934; x_wconf 89' lang='lat' dir='ltr'><strong>millies</strong></span> <span class='ocrx_word' id='word_1_304' title='bbox 1688 2875 1984 2946; x_wconf 77' lang='lat' dir='ltr'><strong>exponere.</strong></span> 
     </span>
    </p>
   </div>
   <div class='ocr_carea' id='block_1_46' title="bbox 488 2970 1990 3050">
    <p class='ocr_par' dir='ltr' id='par_1_46' title="bbox 488 2970 1990 3050">
     <span class='ocr_line' id='line_1_46' title="bbox 488 2970 1990 3050; baseline -0.01 -13"><span class='ocrx_word' id='word_1_305' title='bbox 488 2978 702 3050; x_wconf 78' lang='lat'><strong>1339</strong></span> <span class='ocrx_word' id='word_1_306' title='bbox 727 2977 938 3032; x_wconf 88' lang='lat' dir='ltr'><strong>Idcirco</strong></span> <span class='ocrx_word' id='word_1_307' title='bbox 961 2974 1352 3046; x_wconf 82' lang='lat' dir='ltr'><strong>per(5-l)Deum</strong></span> <span class='ocrx_word' id='word_1_308' title='bbox 1371 2971 1485 3042; x_wconf 87' lang='lat' dir='ltr'><strong>(qui</strong></span> <span class='ocrx_word' id='word_1_309' title='bbox 1507 2971 1660 3025; x_wconf 81' lang='lat' dir='ltr'><strong>videt</strong></span> <span class='ocrx_word' id='word_1_310' title='bbox 1685 2970 1914 3038; x_wconf 89' lang='lat' dir='ltr'><strong>omnia);</strong></span> <span class='ocrx_word' id='word_1_311' title='bbox 1935 2977 1990 3022; x_wconf 89' lang='lat' dir='ltr'><strong>et</strong></span> 
     </span>
    </p>
   </div>
   <div class='ocr_carea' id='block_1_47' title="bbox 412 3057 1988 3142">
    <p class='ocr_par' dir='ltr' id='par_1_47' title="bbox 412 3057 1988 3142">
     <span class='ocr_line' id='line_1_47' title="bbox 412 3057 1988 3142; baseline -0.009 -19"><span class='ocrx_word' id='word_1_312' title='bbox 412 3088 512 3142; x_wconf 84' lang='lat' dir='ltr'><strong>per</strong></span> <span class='ocrx_word' id='word_1_313' title='bbox 541 3071 832 3125; x_wconf 88' lang='lat' dir='ltr'><strong>Dominum</strong></span> <span class='ocrx_word' id='word_1_314' title='bbox 863 3076 1110 3120; x_wconf 93' lang='lat' dir='ltr'><strong>nostrum</strong></span> <span class='ocrx_word' id='word_1_315' title='bbox 1146 3063 1334 3117; x_wconf 77' lang='lat' dir='ltr'><strong>Iesum</strong></span> <span class='ocrx_word' id='word_1_316' title='bbox 1372 3061 1652 3114; x_wconf 89' lang='lat' dir='ltr'><strong>Christum</strong></span> <span class='ocrx_word' id='word_1_317' title='bbox 1695 3059 1810 3128; x_wconf 89' lang='lat' dir='ltr'><strong>(qui</strong></span> <span class='ocrx_word' id='word_1_318' title='bbox 1841 3057 1988 3126; x_wconf 89' lang='lat' dir='ltr'><strong>judi-</strong></span> 
     </span>
    </p>
   </div>
   <div class='ocr_carea' id='block_1_48' title="bbox 414 3149 1991 3222">
    <p class='ocr_par' dir='ltr' id='par_1_48' title="bbox 414 3149 1991 3222">
     <span class='ocr_line' id='line_1_48' title="bbox 414 3149 1991 3222; baseline -0.009 -6"><span class='ocrx_word' id='word_1_319' title='bbox 414 3171 638 3217; x_wconf 86' lang='lat' dir='ltr'><strong>caturus</strong></span> <span class='ocrx_word' id='word_1_320' title='bbox 666 3169 751 3213; x_wconf 91' lang='lat' dir='ltr'><strong>est</strong></span> <span class='ocrx_word' id='word_1_321' title='bbox 779 3172 971 3210; x_wconf 91' lang='lat' dir='ltr'><strong>omnes</strong></span> <span class='ocrx_word' id='word_1_322' title='bbox 1005 3156 1058 3206; x_wconf 92' lang='lat' dir='ltr'><strong>in</strong></span> <span class='ocrx_word' id='word_1_323' title='bbox 1083 3151 1317 3222; x_wconf 87' lang='lat' dir='ltr'><strong>justitia)</strong></span> <span class='ocrx_word' id='word_1_324' title='bbox 1335 3168 1349 3214; x_wconf 89' lang='lat'><strong>;</strong></span> <span class='ocrx_word' id='word_1_325' title='bbox 1369 3159 1426 3204; x_wconf 90' lang='lat' dir='ltr'><strong>et</strong></span> <span class='ocrx_word' id='word_1_326' title='bbox 1447 3165 1544 3218; x_wconf 88' lang='lat' dir='ltr'><strong>per</strong></span> <span class='ocrx_word' id='word_1_327' title='bbox 1573 3149 1840 3218; x_wconf 88' lang='lat' dir='ltr'><strong>Spiritum</strong></span> <span class='ocrx_word' id='word_1_328' title='bbox 1865 3163 1991 3203; x_wconf 87' lang='lat' dir='ltr'><strong>san-</strong></span> 
     </span>
    </p>
   </div>
   <div class='ocr_carea' id='block_1_49' title="bbox 414 3239 1990 3319">
    <p class='ocr_par' dir='ltr' id='par_1_49' title="bbox 414 3239 1990 3319">
     <span class='ocr_line' id='line_1_49' title="bbox 414 3239 1990 3319; baseline -0.007 -14"><span class='ocrx_word' id='word_1_329' title='bbox 414 3263 564 3306; x_wconf 90' lang='lat' dir='ltr'><strong>ctum</strong></span> <span class='ocrx_word' id='word_1_330' title='bbox 615 3249 794 3319; x_wconf 87' lang='lat' dir='ltr'><strong>(cujus</strong></span> <span class='ocrx_word' id='word_1_331' title='bbox 851 3245 1025 3316; x_wconf 90' lang='lat' dir='ltr'><strong>gratia</strong></span> <span class='ocrx_word' id='word_1_332' title='bbox 1079 3258 1305 3312; x_wconf 82' lang='lat' dir='ltr'><strong>regnum</strong></span> <span class='ocrx_word' id='word_1_333' title='bbox 1357 3239 1733 3312; x_wconf 81' lang='lat' dir='ltr'><strong>gubernatis);</strong></span> <span class='ocrx_word' id='word_1_334' title='bbox 1783 3251 1838 3294; x_wconf 89' lang='lat' dir='ltr'><strong>et</strong></span> <span class='ocrx_word' id='word_1_335' title='bbox 1890 3256 1990 3309; x_wconf 90' lang='lat' dir='ltr'><strong>per</strong></span> 
     </span>
    </p>
   </div>
   <div class='ocr_carea' id='block_1_50' title="bbox 415 3331 1985 3408">
    <p class='ocr_par' dir='ltr' id='par_1_50' title="bbox 415 3331 1985 3408">
     <span class='ocr_line' id='line_1_50' title="bbox 415 3331 1985 3408; baseline -0.008 -12"><span class='ocrx_word' id='word_1_336' title='bbox 415 3345 618 3397; x_wconf 86' lang='lat' dir='ltr'><strong>electus</strong></span> <span class='ocrx_word' id='word_1_337' title='bbox 672 3338 894 3408; x_wconf 86' lang='lat' dir='ltr'><strong>angelos</strong></span> <span class='ocrx_word' id='word_1_338' title='bbox 940 3337 1054 3406; x_wconf 90' lang='lat' dir='ltr'><strong>(qui</strong></span> <span class='ocrx_word' id='word_1_339' title='bbox 1088 3350 1186 3389; x_wconf 87' lang='lat' dir='ltr'><strong>vos</strong></span> <span class='ocrx_word' id='word_1_340' title='bbox 1212 3333 1554 3395; x_wconf 90' lang='lat' dir='ltr'><strong>custodiunt,</strong></span> <span class='ocrx_word' id='word_1_341' title='bbox 1578 3347 1826 3401; x_wconf 88' lang='lat' dir='ltr'><strong>quosque</strong></span> <span class='ocrx_word' id='word_1_342' title='bbox 1873 3331 1985 3401; x_wconf 76' lang='grc'>(52)</span> 
     </span>
    </p>
   </div>
   <div class='ocr_carea' id='block_1_51' title="bbox 415 3421 1988 3487">
    <p class='ocr_par' dir='ltr' id='par_1_51' title="bbox 415 3421 1988 3487">
     <span class='ocr_line' id='line_1_51' title="bbox 415 3421 1988 3487; baseline -0.009 0"><span class='ocrx_word' id='word_1_343' title='bbox 415 3431 738 3487; x_wconf 87' lang='lat' dir='ltr'><strong>assistenles</strong></span> <span class='ocrx_word' id='word_1_344' title='bbox 764 3427 1023 3481; x_wconf 90' lang='lat' dir='ltr'><strong>videbitis</strong></span> <span class='ocrx_word' id='word_1_345' title='bbox 1053 3424 1288 3479; x_wconf 85' lang='lat' dir='ltr'><strong>terribili</strong></span> <span class='ocrx_word' id='word_1_346' title='bbox 1317 3424 1536 3486; x_wconf 86' lang='lat' dir='ltr'><strong>throno,</strong></span> <span class='ocrx_word' id='word_1_347' title='bbox 1582 3429 1636 3475; x_wconf 86' lang='lat' dir='ltr'><strong>et</strong></span> <span class='ocrx_word' id='word_1_348' title='bbox 1659 3421 1988 3476; x_wconf 85' lang='lat' dir='ltr'><strong>horrendam</strong></span> 
     </span>
    </p>
   </div>
   <div class='ocr_carea' id='block_1_52' title="bbox 416 3514 1990 3585">
    <p class='ocr_par' dir='ltr' id='par_1_52' title="bbox 416 3514 1990 3585">
     <span class='ocr_line' id='line_1_52' title="bbox 416 3514 1990 3585; baseline -0.006 -7"><span class='ocrx_word' id='word_1_349' title='bbox 416 3526 562 3580; x_wconf 85' lang='lat' dir='ltr'><strong>illam</strong></span> <span class='ocrx_word' id='word_1_350' title='bbox 579 3519 1064 3577; x_wconf 85' lang='lat' dir='ltr'><strong>sanctiﬁcationem</strong></span> <span class='ocrx_word' id='word_1_351' title='bbox 1096 3532 1312 3585; x_wconf 87' lang='lat' dir='ltr'><strong>semper</strong></span> <span class='ocrx_word' id='word_1_352' title='bbox 1345 3516 1457 3570; x_wconf 88' lang='lat' dir='ltr'><strong>Deo</strong></span> <span class='ocrx_word' id='word_1_353' title='bbox 1487 3514 1801 3580; x_wconf 83' lang='lat' dir='ltr'><strong>oli‘erentes,</strong></span> <span class='ocrx_word' id='word_1_354' title='bbox 1826 3530 1990 3584; x_wconf 86' lang='lat' dir='ltr'><strong>quam</strong></span> 
     </span>
    </p>
   </div>
   <div class='ocr_carea' id='block_1_53' title="bbox 416 3607 1993 3685">
    <p class='ocr_par' dir='ltr' id='par_1_53' title="bbox 416 3607 1993 3685">
     <span class='ocr_line' id='line_1_53' title="bbox 416 3607 1993 3685; baseline -0.008 -14"><span class='ocrx_word' id='word_1_355' title='bbox 416 3633 563 3672; x_wconf 91' lang='lat' dir='ltr'><strong>nunc</strong></span> <span class='ocrx_word' id='word_1_356' title='bbox 584 3615 804 3685; x_wconf 89' lang='lat' dir='ltr'><strong>quidam</strong></span> <span class='ocrx_word' id='word_1_357' title='bbox 830 3613 1141 3667; x_wconf 88' lang='lat' dir='ltr'><strong>adulterare</strong></span> <span class='ocrx_word' id='word_1_358' title='bbox 1164 3607 1462 3678; x_wconf 90' lang='lat' dir='ltr'><strong>nituntur),</strong></span> <span class='ocrx_word' id='word_1_359' title='bbox 1482 3607 1740 3677; x_wconf 89' lang='lat' dir='ltr'><strong>pietatem</strong></span> <span class='ocrx_word' id='word_1_360' title='bbox 1755 3616 1993 3660; x_wconf 86' lang='lat' dir='ltr'><strong>vestram</strong></span> 
     </span>
    </p>
   </div>
   <div class='ocr_carea' id='block_1_54' title="bbox 420 3695 1993 3778">
    <p class='ocr_par' dir='ltr' id='par_1_54' title="bbox 420 3695 1993 3778">
     <span class='ocr_line' id='line_1_54' title="bbox 420 3695 1993 3778; baseline -0.008 -16"><span class='ocrx_word' id='word_1_361' title='bbox 420 3711 563 3778; x_wconf 78' lang='lat' dir='ltr'><strong>(quae</strong></span> <span class='ocrx_word' id='word_1_362' title='bbox 611 3706 839 3760; x_wconf 84' lang='lat' dir='ltr'><strong>vafricie</strong></span> <span class='ocrx_word' id='word_1_363' title='bbox 894 3699 1258 3772; x_wconf 90' lang='lat' dir='ltr'><strong>quorumdam</strong></span> <span class='ocrx_word' id='word_1_364' title='bbox 1313 3697 1618 3762; x_wconf 87' lang='lat' dir='ltr'><strong>obsidetur,</strong></span> <span class='ocrx_word' id='word_1_365' title='bbox 1672 3697 1881 3752; x_wconf 89' lang='lat' dir='ltr'><strong>aditum</strong></span> <span class='ocrx_word' id='word_1_366' title='bbox 1924 3695 1993 3750; x_wconf 82' lang='lat' dir='ltr'><strong>ad</strong></span> 
     </span>
    </p>
   </div>
   <div class='ocr_carea' id='block_1_55' title="bbox 419 3789 1996 3867">
    <p class='ocr_par' dir='ltr' id='par_1_55' title="bbox 419 3789 1996 3867">
     <span class='ocr_line' id='line_1_55' title="bbox 419 3789 1996 3867; baseline -0.006 -16"><span class='ocrx_word' id='word_1_367' title='bbox 419 3798 593 3867; x_wconf 85' lang='lat' dir='ltr'><strong>ipsam</strong></span> <span class='ocrx_word' id='word_1_368' title='bbox 612 3794 975 3849; x_wconf 88' lang='lat' dir='ltr'><strong>adimentium</strong></span> <span class='ocrx_word' id='word_1_369' title='bbox 991 3791 1100 3863; x_wconf 76' lang='grc'>(55)</span> <span class='ocrx_word' id='word_1_370' title='bbox 1117 3797 1172 3844; x_wconf 89' lang='lat' dir='ltr'><strong>et</strong></span> <span class='ocrx_word' id='word_1_371' title='bbox 1196 3789 1451 3845; x_wconf 67' lang='lat' dir='ltr'><strong>haeretica</strong></span> <span class='ocrx_word' id='word_1_372' title='bbox 1471 3789 1648 3858; x_wconf 89' lang='lat' dir='ltr'><strong>capita</strong></span> <span class='ocrx_word' id='word_1_373' title='bbox 1675 3789 1800 3842; x_wconf 83' lang='lat' dir='ltr'><strong>lidei</strong></span> <span class='ocrx_word' id='word_1_374' title='bbox 1823 3790 1996 3842; x_wconf 89' lang='lat' dir='ltr'><strong>intro-</strong></span> 
     </span>
    </p>
   </div>
   <div class='ocr_carea' id='block_1_56' title="bbox 419 3879 1994 3951">
    <p class='ocr_par' dir='ltr' id='par_1_56' title="bbox 419 3879 1994 3951">
     <span class='ocr_line' id='line_1_56' title="bbox 419 3879 1994 3951; baseline -0.006 -9"><span class='ocrx_word' id='word_1_375' title='bbox 419 3891 582 3942; x_wconf 86' lang='lat' dir='ltr'><strong>ducta</strong></span> <span class='ocrx_word' id='word_1_376' title='bbox 615 3883 1040 3948; x_wconf 90' lang='lat' dir='ltr'><strong>stabilientium,</strong></span> <span class='ocrx_word' id='word_1_377' title='bbox 1073 3896 1194 3951; x_wconf 73' lang='lat' dir='ltr'><strong>qua:</strong></span> <span class='ocrx_word' id='word_1_378' title='bbox 1213 3879 1439 3933; x_wconf 86' lang='lat' dir='ltr'><strong>omnino</strong></span> <span class='ocrx_word' id='word_1_379' title='bbox 1476 3895 1506 3931; x_wconf 91' lang='lat' dir='ltr'><strong>a</strong></span> <span class='ocrx_word' id='word_1_380' title='bbox 1539 3879 1685 3932; x_wconf 89' lang='lat' dir='ltr'><strong>sanis</strong></span> <span class='ocrx_word' id='word_1_381' title='bbox 1724 3879 1994 3949; x_wconf 87' lang='lat' dir='ltr'><strong>dogmati-</strong></span> 
     </span>
    </p>
   </div>
   <div class='ocr_carea' id='block_1_57' title="bbox 421 3969 2001 4038">
    <p class='ocr_par' dir='ltr' id='par_1_57' title="bbox 421 3969 2001 4038">
     <span class='ocr_line' id='line_1_57' title="bbox 421 3969 2001 4038; baseline -0.007 -3"><span class='ocrx_word' id='word_1_382' title='bbox 421 3981 526 4035; x_wconf 90' lang='lat' dir='ltr'><strong>bus</strong></span> <span class='ocrx_word' id='word_1_383' title='bbox 561 3979 736 4032; x_wconf 88' lang='lat' dir='ltr'><strong>aliena</strong></span> <span class='ocrx_word' id='word_1_384' title='bbox 765 3985 913 4038; x_wconf 90' lang='lat' dir='ltr'><strong>sunt,</strong></span> <span class='ocrx_word' id='word_1_385' title='bbox 946 3981 1002 4028; x_wconf 91' lang='lat' dir='ltr'><strong>et</strong></span> <span class='ocrx_word' id='word_1_386' title='bbox 1032 3989 1157 4026; x_wconf 89' lang='lat' dir='ltr'><strong>eum</strong></span> <span class='ocrx_word' id='word_1_387' title='bbox 1186 3971 1461 4026; x_wconf 67' lang='lat' dir='ltr'><strong>hiereticis</strong></span> <span class='ocrx_word' id='word_1_388' title='bbox 1489 3969 1843 4038; x_wconf 87' lang='lat' dir='ltr'><strong>opinionibus</strong></span> <span class='ocrx_word' id='word_1_389' title='bbox 1866 3986 2001 4024; x_wconf 91' lang='lat' dir='ltr'><strong>con-</strong></span> 
     </span>
    </p>
   </div>
   <div class='ocr_carea' id='block_1_58' title="bbox 419 4061 1995 4131">
    <p class='ocr_par' dir='ltr' id='par_1_58' title="bbox 419 4061 1995 4131">
     <span class='ocr_line' id='line_1_58' title="bbox 419 4061 1995 4131; baseline -0.006 -10"><span class='ocrx_word' id='word_1_390' title='bbox 419 4069 670 4128; x_wconf 84' lang='lat' dir='ltr'><strong>veniunt)</strong></span> <span class='ocrx_word' id='word_1_391' title='bbox 707 4068 1083 4126; x_wconf 89' lang='lat' dir='ltr'><strong>obsecramus,</strong></span> <span class='ocrx_word' id='word_1_392' title='bbox 1138 4072 1198 4117; x_wconf 85' lang='lat' dir='ltr'><strong>ut</strong></span> <span class='ocrx_word' id='word_1_393' title='bbox 1239 4062 1283 4116; x_wconf 88' lang='lat' dir='ltr'><strong>si</strong></span> <span class='ocrx_word' id='word_1_394' title='bbox 1321 4061 1446 4131; x_wconf 90' lang='lat' dir='ltr'><strong>quis</strong></span> <span class='ocrx_word' id='word_1_395' title='bbox 1477 4062 1586 4115; x_wconf 86' lang='lat' dir='ltr'><strong>illis</strong></span> <span class='ocrx_word' id='word_1_396' title='bbox 1632 4062 1716 4113; x_wconf 89' lang='lat' dir='ltr'><strong>vel</strong></span> <span class='ocrx_word' id='word_1_397' title='bbox 1752 4061 1995 4115; x_wconf 86' lang='lat' dir='ltr'><strong>subscri—</strong></span> 
     </span>
    </p>
   </div>
   <div class='ocr_carea' id='block_1_59' title="bbox 422 4153 2000 4231">
    <p class='ocr_par' dir='ltr' id='par_1_59' title="bbox 422 4153 2000 4231">
     <span class='ocr_line' id='line_1_59' title="bbox 422 4153 2000 4231; baseline -0.006 -14"><span class='ocrx_word' id='word_1_398' title='bbox 422 4163 516 4216; x_wconf 86' lang='lat' dir='ltr'><strong>bat</strong></span> <span class='ocrx_word' id='word_1_399' title='bbox 540 4161 647 4231; x_wconf 64' lang='grc'>(54)</span> <span class='ocrx_word' id='word_1_400' title='bbox 666 4201 680 4224; x_wconf 95' lang='grc'><strong>,</strong></span> <span class='ocrx_word' id='word_1_401' title='bbox 724 4158 806 4211; x_wconf 90' lang='lat' dir='ltr'><strong>vel</strong></span> <span class='ocrx_word' id='word_1_402' title='bbox 835 4155 1164 4220; x_wconf 88' lang='lat' dir='ltr'><strong>consentiat,</strong></span> <span class='ocrx_word' id='word_1_403' title='bbox 1190 4166 1246 4211; x_wconf 90' lang='lat' dir='ltr'><strong>et</strong></span> <span class='ocrx_word' id='word_1_404' title='bbox 1277 4162 1401 4224; x_wconf 91' lang='lat' dir='ltr'><strong>post</strong></span> <span class='ocrx_word' id='word_1_405' title='bbox 1427 4153 1750 4223; x_wconf 90' lang='lat' dir='ltr'><strong>promissam</strong></span> <span class='ocrx_word' id='word_1_406' title='bbox 1779 4171 1808 4206; x_wconf 91' lang='lat' dir='ltr'><strong>a</strong></span> <span class='ocrx_word' id='word_1_407' title='bbox 1841 4153 2000 4207; x_wconf 85' lang='lat' dir='ltr'><strong>vobis</strong></span> 
     </span>
    </p>
   </div>
   <div class='ocr_carea' id='block_1_60' title="bbox 423 4243 1996 4315">
    <p class='ocr_par' dir='ltr' id='par_1_60' title="bbox 423 4243 1996 4315">
     <span class='ocr_line' id='line_1_60' title="bbox 423 4243 1996 4315; baseline -0.006 -10"><span class='ocrx_word' id='word_1_408' title='bbox 423 4254 636 4307; x_wconf 83' lang='lat' dir='ltr'><strong>veniam</strong></span> <span class='ocrx_word' id='word_1_409' title='bbox 667 4247 1002 4304; x_wconf 87' lang='lat' dir='ltr'><strong>contendere</strong></span> <span class='ocrx_word' id='word_1_410' title='bbox 1034 4247 1175 4301; x_wconf 91' lang='lat' dir='ltr'><strong>ultra</strong></span> <span class='ocrx_word' id='word_1_411' title='bbox 1209 4247 1341 4300; x_wconf 89' lang='lat' dir='ltr'><strong>velit</strong></span> <span class='ocrx_word' id='word_1_412' title='bbox 1364 4245 1505 4315; x_wconf 78' lang='lat'><strong>(55);</strong></span> <span class='ocrx_word' id='word_1_413' title='bbox 1560 4243 1841 4313; x_wconf 62' lang='lat' dir='ltr'><strong>praecipiat</strong></span> <span class='ocrx_word' id='word_1_414' title='bbox 1885 4243 1996 4314; x_wconf 79' lang='lat'><strong>(56)</strong></span> 
     </span>
    </p>
   </div>
   <div class='ocr_carea' id='block_1_61' title="bbox 420 4332 2002 4401">
    <p class='ocr_par' dir='ltr' id='par_1_61' title="bbox 420 4332 2002 4401">
     <span class='ocr_line' id='line_1_61' title="bbox 420 4332 2002 4401; baseline -0.005 -6"><span class='ocrx_word' id='word_1_415' title='bbox 420 4343 576 4395; x_wconf 83' lang='lat' dir='ltr'><strong>illum</strong></span> <span class='ocrx_word' id='word_1_416' title='bbox 626 4339 681 4393; x_wconf 92' lang='lat' dir='ltr'><strong>in</strong></span> <span class='ocrx_word' id='word_1_417' title='bbox 735 4337 978 4390; x_wconf 90' lang='lat' dir='ltr'><strong>medium</strong></span> <span class='ocrx_word' id='word_1_418' title='bbox 1016 4335 1230 4400; x_wconf 90' lang='lat' dir='ltr'><strong>venire,</strong></span> <span class='ocrx_word' id='word_1_419' title='bbox 1278 4344 1334 4388; x_wconf 90' lang='lat' dir='ltr'><strong>et</strong></span> <span class='ocrx_word' id='word_1_420' title='bbox 1385 4332 1778 4388; x_wconf 85' lang='lat' dir='ltr'><strong>ecclesiasticis</strong></span> <span class='ocrx_word' id='word_1_421' title='bbox 1823 4332 2002 4401; x_wconf 68' lang='lat' dir='ltr'><strong>pinnis</strong></span> 
     </span>
    </p>
   </div>
   <div class='ocr_carea' id='block_1_62' title="bbox 422 4430 870 4501">
    <p class='ocr_par' dir='ltr' id='par_1_62' title="bbox 422 4430 870 4501">
     <span class='ocr_line' id='line_1_62' title="bbox 422 4430 870 4501; baseline -0.011 -14"><span class='ocrx_word' id='word_1_422' title='bbox 422 4434 704 4501; x_wconf 77' lang='lat' dir='ltr'><strong>subjaeerc</strong></span> <span class='ocrx_word' id='word_1_423' title='bbox 737 4430 870 4498; x_wconf 78' lang='grc'>(57).</span> 
     </span>
    </p>
   </div>
   <div class='ocr_carea' id='block_1_63' title="bbox 495 4515 1997 4588">
    <p class='ocr_par' dir='ltr' id='par_1_63' title="bbox 495 4515 1997 4588">
     <span class='ocr_line' id='line_1_63' title="bbox 495 4515 1997 4588; baseline -0.003 -12"><span class='ocrx_word' id='word_1_424' title='bbox 495 4523 639 4576; x_wconf 80' lang='lat' dir='ltr'><strong>Nihil</strong></span> <span class='ocrx_word' id='word_1_425' title='bbox 681 4522 851 4586; x_wconf 88' lang='lat' dir='ltr'><strong>enim,</strong></span> <span class='ocrx_word' id='word_1_426' title='bbox 902 4535 936 4574; x_wconf 90' lang='grc' dir='ltr'>ο</span> <span class='ocrx_word' id='word_1_427' title='bbox 985 4535 1102 4582; x_wconf 79' lang='lat' dir='ltr'><strong>rex,</strong></span> <span class='ocrx_word' id='word_1_428' title='bbox 1138 4518 1311 4588; x_wconf 86' lang='lat' dir='ltr'><strong>magis</strong></span> <span class='ocrx_word' id='word_1_429' title='bbox 1353 4517 1562 4586; x_wconf 83' lang='lat' dir='ltr'><strong>regium</strong></span> <span class='ocrx_word' id='word_1_430' title='bbox 1615 4515 1802 4579; x_wconf 87' lang='lat' dir='ltr'><strong>fuerit,</strong></span> <span class='ocrx_word' id='word_1_431' title='bbox 1831 4533 1997 4586; x_wconf 89' lang='lat' dir='ltr'><strong>quam</strong></span> 
     </span>
    </p>
   </div>
   <div class='ocr_carea' id='block_1_64' title="bbox 497 4693 2000 4770">
    <p class='ocr_par' dir='ltr' id='par_1_64' title="bbox 497 4693 2000 4770">
     <span class='ocr_line' id='line_1_64' title="bbox 497 4693 2000 4770; baseline -0.003 -17"><span class='ocrx_word' id='word_1_432' title='bbox 497 4698 606 4770; x_wconf 68' lang='grc'>(48)</span> <span class='ocrx_word' id='word_1_433' title='bbox 641 4699 699 4752; x_wconf 86' lang='lat' dir='ltr'><strong>In</strong></span> <span class='ocrx_word' id='word_1_434' title='bbox 737 4699 880 4770; x_wconf 76' lang='lat' dir='ltr'><strong>idem</strong></span> <span class='ocrx_word' id='word_1_435' title='bbox 930 4697 1159 4752; x_wconf 88' lang='lat' dir='ltr'><strong>verbum</strong></span> <span class='ocrx_word' id='word_1_436' title='bbox 1210 4695 1484 4751; x_wconf 86' lang='lat' dir='ltr'><strong>consentit</strong></span> <span class='ocrx_word' id='word_1_437' title='bbox 1531 4695 1734 4766; x_wconf 82' lang='lat' dir='ltr'><strong>Synod.</strong></span> <span class='ocrx_word' id='word_1_438' title='bbox 1770 4693 2000 4767; x_wconf 79' lang='lat' dir='ltr'><strong>Suspen-</strong></span> 
     </span>
    </p>
   </div>
   <div class='ocr_carea' id='block_1_65' title="bbox 413 4768 998 4837">
    <p class='ocr_par' dir='ltr' id='par_1_65' title="bbox 413 4768 998 4837">
     <span class='ocr_line' id='line_1_65' title="bbox 413 4768 998 4837; baseline -0.009 -13"><span class='ocrx_word' id='word_1_439' title='bbox 413 4768 513 4825; x_wconf 19' lang='lat' dir='ltr'><strong>sus.</strong></span> <span class='ocrx_word' id='word_1_440' title='bbox 530 4768 614 4823; x_wconf 83' lang='lat' dir='ltr'><strong>est</strong></span> <span class='ocrx_word' id='word_1_441' title='bbox 647 4769 791 4837; x_wconf 88' lang='lat' dir='ltr'><strong>apud</strong></span> <span class='ocrx_word' id='word_1_442' title='bbox 826 4768 998 4822; x_wconf 81' lang='lat' dir='ltr'><strong>Mans.</strong></span> 
     </span>
    </p>
   </div>
   <div class='ocr_carea' id='block_1_66' title="bbox 521 4837 1319 4906">
    <p class='ocr_par' dir='ltr' id='par_1_66' title="bbox 521 4837 1319 4906">
     <span class='ocr_line' id='line_1_66' title="bbox 521 4837 1319 4906; baseline -0.005 -12"><span class='ocrx_word' id='word_1_443' title='bbox 521 4841 606 4906; x_wconf 65' lang='lat' dir='ltr'><strong>l9)</strong></span> <span class='ocrx_word' id='word_1_444' title='bbox 647 4839 834 4892; x_wconf 77' lang='lat' dir='ltr'><strong>Dcceat</strong></span> <span class='ocrx_word' id='word_1_445' title='bbox 865 4837 931 4891; x_wconf 81' lang='grc' dir='ltr'><strong>Μ.</strong></span> <span class='ocrx_word' id='word_1_446' title='bbox 973 4838 1026 4890; x_wconf 91' lang='lat' dir='ltr'><strong>in</strong></span> <span class='ocrx_word' id='word_1_447' title='bbox 1059 4837 1319 4906; x_wconf 88' lang='lat' dir='ltr'><strong>margine.</strong></span> 
     </span>
    </p>
   </div>
   <div class='ocr_carea' id='block_1_67' title="bbox 522 4907 1280 4978">
    <p class='ocr_par' dir='ltr' id='par_1_67' title="bbox 522 4907 1280 4978">
     <span class='ocr_line' id='line_1_67' title="bbox 522 4907 1280 4978; baseline 0.001 -19"><span class='ocrx_word' id='word_1_448' title='bbox 522 4909 607 4978; x_wconf 70' lang='lat'><strong>50)</strong></span> <span class='ocrx_word' id='word_1_449' title='bbox 643 4907 808 4978; x_wconf 67' lang='lat' dir='ltr'><strong>Fideti</strong></span> <span class='ocrx_word' id='word_1_450' title='bbox 836 4907 905 4978; x_wconf 80' lang='lat' dir='ltr'><strong>M.</strong></span> <span class='ocrx_word' id='word_1_451' title='bbox 929 4907 1280 4978; x_wconf 19' lang='lat' dir='ltr'><strong>inﬁmargine.</strong></span> 
     </span>
    </p>
   </div>
   <div class='ocr_carea' id='block_1_68' title="bbox 497 4976 2000 5048">
    <p class='ocr_par' dir='ltr' id='par_1_68' title="bbox 497 4976 2000 5048">
     <span class='ocr_line' id='line_1_68' title="bbox 497 4976 2000 5048; baseline -0.003 -15"><span class='ocrx_word' id='word_1_452' title='bbox 497 4976 610 5048; x_wconf 77' lang='grc'>(5-1)</span> <span class='ocrx_word' id='word_1_453' title='bbox 646 4977 871 5047; x_wconf 85' lang='lat' dir='ltr'><strong>Propter</strong></span> <span class='ocrx_word' id='word_1_454' title='bbox 894 4977 965 5031; x_wconf 81' lang='grc' dir='ltr'><strong>Μ.</strong></span> <span class='ocrx_word' id='word_1_455' title='bbox 987 4977 1255 5048; x_wconf 79' lang='lat' dir='ltr'><strong>Caeterum</strong></span> <span class='ocrx_word' id='word_1_456' title='bbox 1277 4992 1506 5048; x_wconf 12' lang='lat' dir='ltr'><strong>ea,gquze</strong></span> <span class='ocrx_word' id='word_1_457' title='bbox 1538 4986 1865 5048; x_wconf 67' lang='lat' dir='ltr'><strong>sequuntur,</strong></span> <span class='ocrx_word' id='word_1_458' title='bbox 1901 4976 2000 5048; x_wconf 83' lang='lat' dir='ltr'><strong>sic,</strong></span> 
     </span>
    </p>
   </div>
   <div class='ocr_carea' id='block_1_69' title="bbox 419 5046 1999 5117">
    <p class='ocr_par' dir='ltr' id='par_1_69' title="bbox 419 5046 1999 5117">
     <span class='ocr_line' id='line_1_69' title="bbox 419 5046 1999 5117; baseline -0.004 -13"><span class='ocrx_word' id='word_1_459' title='bbox 419 5046 517 5104; x_wconf 71' lang='lat' dir='ltr'><strong>uti</strong></span> <span class='ocrx_word' id='word_1_460' title='bbox 531 5046 779 5112; x_wconf 78' lang='lat' dir='ltr'><strong>fecimus,</strong></span> <span class='ocrx_word' id='word_1_461' title='bbox 800 5047 1120 5117; x_wconf 82' lang='lat' dir='ltr'><strong>corrigenda</strong></span> <span class='ocrx_word' id='word_1_462' title='bbox 1136 5063 1256 5101; x_wconf 87' lang='lat' dir='ltr'><strong>esse</strong></span> <span class='ocrx_word' id='word_1_463' title='bbox 1285 5057 1341 5102; x_wconf 85' lang='lat' dir='ltr'><strong>et</strong></span> <span class='ocrx_word' id='word_1_464' title='bbox 1365 5046 1821 5116; x_wconf 85' lang='lat' dir='ltr'><strong>interpungenda,</strong></span> <span class='ocrx_word' id='word_1_465' title='bbox 1845 5046 1999 5117; x_wconf 78' lang='lat' dir='ltr'><strong>facile</strong></span> 
     </span>
    </p>
   </div>
   <div class='ocr_carea' id='block_1_70' title="bbox 417 5116 2002 5189">
    <p class='ocr_par' dir='ltr' id='par_1_70' title="bbox 417 5116 2002 5189">
     <span class='ocr_line' id='line_1_70' title="bbox 417 5116 2002 5189; baseline -0.003 -14"><span class='ocrx_word' id='word_1_466' title='bbox 417 5121 661 5189; x_wconf 77' lang='lat' dir='ltr'><strong>quisque</strong></span> <span class='ocrx_word' id='word_1_467' title='bbox 690 5117 914 5189; x_wconf 85' lang='lat' dir='ltr'><strong>viderit;</strong></span> <span class='ocrx_word' id='word_1_468' title='bbox 946 5116 1258 5189; x_wconf 83' lang='lat' dir='ltr'><strong>quanquam</strong></span> <span class='ocrx_word' id='word_1_469' title='bbox 1289 5117 1672 5189; x_wconf 81' lang='lat' dir='ltr'><strong>perturbatum</strong></span> <span class='ocrx_word' id='word_1_470' title='bbox 1699 5131 1821 5189; x_wconf 80' lang='lat' dir='ltr'><strong>esse</strong></span> <span class='ocrx_word' id='word_1_471' title='bbox 1854 5116 2002 5189; x_wconf 62' lang='lat' dir='ltr'><strong>nunc</strong></span> 
     </span>
    </p>
   </div>
   <div class='ocr_carea' id='block_1_71' title="bbox 421 5184 2000 5258">
    <p class='ocr_par' dir='ltr' id='par_1_71' title="bbox 421 5184 2000 5258">
     <span class='ocr_line' id='line_1_71' title="bbox 421 5184 2000 5258; baseline -0.004 -14"><span class='ocrx_word' id='word_1_472' title='bbox 421 5184 610 5245; x_wconf 77' lang='lat' dir='ltr'><strong>locum</strong></span> <span class='ocrx_word' id='word_1_473' title='bbox 665 5189 721 5243; x_wconf 92' lang='lat' dir='ltr'><strong>in</strong></span> <span class='ocrx_word' id='word_1_474' title='bbox 770 5184 1335 5258; x_wconf 70' lang='lat' dir='ltr'><strong>interpretationibus,</strong></span> <span class='ocrx_word' id='word_1_475' title='bbox 1365 5186 1467 5258; x_wconf 79' lang='lat' dir='ltr'><strong>vel</strong></span> <span class='ocrx_word' id='word_1_476' title='bbox 1493 5202 1577 5252; x_wconf 91' lang='lat' dir='ltr'><strong>ea,</strong></span> <span class='ocrx_word' id='word_1_477' title='bbox 1611 5202 1737 5258; x_wconf 63' lang='lat' dir='ltr'><strong>qua;</strong></span> <span class='ocrx_word' id='word_1_478' title='bbox 1774 5184 2000 5258; x_wconf 82' lang='lat' dir='ltr'><strong>in_Syn-</strong></span> 
     </span>
    </p>
   </div>
   <div class='ocr_carea' id='block_1_72' title="bbox 420 5255 2001 5323">
    <p class='ocr_par' dir='ltr' id='par_1_72' title="bbox 420 5255 2001 5323">
     <span class='ocr_line' id='line_1_72' title="bbox 420 5255 2001 5323; baseline -0.004 -9"><span class='ocrx_word' id='word_1_479' title='bbox 420 5261 588 5314; x_wconf 81' lang='lat' dir='ltr'><strong>odico</strong></span> <span class='ocrx_word' id='word_1_480' title='bbox 659 5267 776 5323; x_wconf 90' lang='lat' dir='ltr'><strong>est,</strong></span> <span class='ocrx_word' id='word_1_481' title='bbox 850 5255 1064 5312; x_wconf 76' lang='lat' dir='ltr'><strong>doceat.</strong></span> <span class='ocrx_word' id='word_1_482' title='bbox 1132 5256 1464 5311; x_wconf 83' lang='lat' dir='ltr'><strong>Horrendam</strong></span> <span class='ocrx_word' id='word_1_483' title='bbox 1531 5255 2001 5323; x_wconf 75' lang='lat' dir='ltr'><strong>sanctiﬁcatiouem</strong></span> 
     </span>
    </p>
   </div>
   <div class='ocr_carea' id='block_1_73' title="bbox 422 5324 2000 5398">
    <p class='ocr_par' dir='ltr' id='par_1_73' title="bbox 422 5324 2000 5398">
     <span class='ocr_line' id='line_1_73' title="bbox 422 5324 2000 5398; baseline -0.003 -16"><span class='ocrx_word' id='word_1_484' title='bbox 422 5331 672 5385; x_wconf 79' lang='lat' dir='ltr'><strong>alludere</strong></span> <span class='ocrx_word' id='word_1_485' title='bbox 694 5329 759 5384; x_wconf 90' lang='lat' dir='ltr'><strong>ad</strong></span> <span class='ocrx_word' id='word_1_486' title='bbox 803 5328 1105 5398; x_wconf 80' lang='lat' dir='ltr'><strong>trisagium,</strong></span> <span class='ocrx_word' id='word_1_487' title='bbox 1129 5327 1232 5382; x_wconf 91' lang='lat' dir='ltr'><strong>lsa.</strong></span> <span class='ocrx_word' id='word_1_488' title='bbox 1269 5344 1344 5394; x_wconf 81' lang='lat' dir='ltr'><strong>vi,</strong></span> <span class='ocrx_word' id='word_1_489' title='bbox 1371 5326 1424 5392; x_wconf 82' lang='lat'><strong>&#39;5,</strong></span> <span class='ocrx_word' id='word_1_490' title='bbox 1452 5342 1554 5382; x_wconf 90' lang='lat' dir='ltr'><strong>nec</strong></span> <span class='ocrx_word' id='word_1_491' title='bbox 1579 5342 1681 5396; x_wconf 80' lang='lat' dir='ltr'><strong>ego</strong></span> <span class='ocrx_word' id='word_1_492' title='bbox 1713 5341 1837 5381; x_wconf 88' lang='lat' dir='ltr'><strong>cum</strong></span> <span class='ocrx_word' id='word_1_493' title='bbox 1868 5324 2000 5380; x_wconf 88' lang='lat' dir='ltr'><strong>Gar-</strong></span> 
     </span>
    </p>
   </div>
   <div class='ocr_carea' id='block_1_74' title="bbox 423 5399 817 5456">
    <p class='ocr_par' dir='ltr' id='par_1_74' title="bbox 423 5399 817 5456">
     <span class='ocr_line' id='line_1_74' title="bbox 423 5399 817 5456; baseline -0.01 0"><span class='ocrx_word' id='word_1_494' title='bbox 423 5399 584 5456; x_wconf 74' lang='lat' dir='ltr'><strong>lterio</strong></span> <span class='ocrx_word' id='word_1_495' title='bbox 605 5401 817 5455; x_wconf 90' lang='lat' dir='ltr'><strong>dubito.</strong></span> 
     </span>
    </p>
   </div>
   <div class='ocr_carea' id='block_1_75' title="bbox 501 5468 891 5538">
    <p class='ocr_par' dir='ltr' id='par_1_75' title="bbox 501 5468 891 5538">
     <span class='ocr_line' id='line_1_75' title="bbox 501 5468 891 5538; baseline -0.008 -14"><span class='ocrx_word' id='word_1_496' title='bbox 501 5469 613 5538; x_wconf 67' lang='lat'><strong>(52)</strong></span> <span class='ocrx_word' id='word_1_497' title='bbox 651 5468 790 5533; x_wconf 77' lang='lat' dir='ltr'><strong>Quos</strong></span> <span class='ocrx_word' id='word_1_498' title='bbox 821 5469 867 5522; x_wconf 76' lang='grc' dir='ltr'>Μ</span> <span class='ocrx_word' id='word_1_499' title='bbox 879 5509 891 5522; x_wconf 86' lang='grc'><strong>.</strong></span> 
     </span>
    </p>
   </div>
   <div class='ocr_carea' id='block_1_76' title="bbox 504 5536 1324 5671">
    <p class='ocr_par' dir='ltr' id='par_1_76' title="bbox 504 5536 1324 5671">
     <span class='ocr_line' id='line_1_76' title="bbox 504 5536 1324 5671; baseline -0.001 -80"><span class='ocrx_word' id='word_1_500' title='bbox 504 5536 617 5671; x_wconf 72' lang='grc'>(55)</span> <span class='ocrx_word' id='word_1_501' title='bbox 646 5539 709 5591; x_wconf 82' lang='lat' dir='ltr'><strong>Id</strong></span> <span class='ocrx_word' id='word_1_502' title='bbox 733 5556 790 5591; x_wconf 84' lang='lat' dir='ltr'><strong>re</strong></span> <span class='ocrx_word' id='word_1_503' title='bbox 817 5540 932 5608; x_wconf 79' lang='lat' dir='ltr'><strong>ipsa</strong></span> <span class='ocrx_word' id='word_1_504' title='bbox 965 5537 1218 5591; x_wconf 69' lang='lat' dir='ltr'><strong>adimant.</strong></span> <span class='ocrx_word' id='word_1_505' title='bbox 1255 5537 1324 5592; x_wconf 82' lang='grc' dir='ltr'><strong>Μ.</strong></span> 
     </span>
     <span class='ocr_line' id='line_1_77' title="bbox 530 5607 1314 5671; baseline 0.004 -15"><span class='ocrx_word' id='word_1_506' title='bbox 530 5608 617 5671; x_wconf 66' lang='grc'><strong>54)</strong></span> <span class='ocrx_word' id='word_1_507' title='bbox 652 5607 1042 5661; x_wconf 75' lang='lat' dir='ltr'><strong>Obsecravimus</strong></span> <span class='ocrx_word' id='word_1_508' title='bbox 1073 5617 1123 5660; x_wconf 83' lang='lat' dir='ltr'><strong>ut</strong></span> <span class='ocrx_word' id='word_1_509' title='bbox 1164 5607 1243 5660; x_wconf 74' lang='lat' dir='ltr'><strong>vel</strong></span> <span class='ocrx_word' id='word_1_510' title='bbox 1272 5611 1314 5660; x_wconf 79' lang='lat' dir='ltr'><strong>si</strong></span> 
     </span>
    </p>
   </div>
   <div class='ocr_carea' id='block_1_77' title="bbox 530 5606 2009 5675">
    <p class='ocr_par' dir='ltr' id='par_1_77' title="bbox 530 5606 2009 5675">
     <span class='ocr_line' id='line_1_78' title="bbox 530 5606 2009 5675; baseline 0.001 -19"><span class='ocrx_word' id='word_1_511' title='bbox 530 5608 617 5675; x_wconf 65' lang='grc'><strong>54)</strong></span> <span class='ocrx_word' id='word_1_512' title='bbox 652 5606 1042 5661; x_wconf 68' lang='grc' dir='ltr'><strong>Οὺδεεηιυὶηιηδ</strong></span> <span class='ocrx_word' id='word_1_513' title='bbox 1073 5617 1123 5660; x_wconf 83' lang='lat' dir='ltr'><strong>ut</strong></span> <span class='ocrx_word' id='word_1_514' title='bbox 1164 5607 1243 5660; x_wconf 74' lang='lat' dir='ltr'><strong>vel</strong></span> <span class='ocrx_word' id='word_1_515' title='bbox 1272 5611 1314 5660; x_wconf 78' lang='lat' dir='ltr'><strong>si</strong></span> <span class='ocrx_word' id='word_1_516' title='bbox 1343 5607 1454 5675; x_wconf 81' lang='lat' dir='ltr'><strong>quis</strong></span> <span class='ocrx_word' id='word_1_517' title='bbox 1483 5606 1590 5660; x_wconf 79' lang='lat' dir='ltr'><strong>illis</strong></span> <span class='ocrx_word' id='word_1_518' title='bbox 1620 5606 1910 5660; x_wconf 79' lang='lat' dir='ltr'><strong>subscribat</strong></span> <span class='ocrx_word' id='word_1_519' title='bbox 1943 5607 2009 5660; x_wconf 80' lang='grc' dir='ltr'><strong>Μ.</strong></span> 
     </span>
    </p>
   </div>
   <div class='ocr_carea' id='block_1_78' title="bbox 509 5674 884 5735">
    <p class='ocr_par' dir='ltr' id='par_1_78' title="bbox 509 5674 884 5735">
     <span class='ocr_line' id='line_1_79' title="bbox 509 5674 884 5735; baseline 0 -10"><span class='ocrx_word' id='word_1_520' title='bbox 509 5674 619 5735; x_wconf 68' lang='grc'>(55)</span> <span class='ocrx_word' id='word_1_521' title='bbox 647 5675 787 5726; x_wconf 82' lang='lat' dir='ltr'><strong>Nolit</strong></span> <span class='ocrx_word' id='word_1_522' title='bbox 819 5677 884 5727; x_wconf 83' lang='lat' dir='ltr'><strong>M.</strong></span> 
     </span>
    </p>
   </div>
   <div class='ocr_carea' id='block_1_79' title="bbox 511 5741 1028 5808">
    <p class='ocr_par' dir='ltr' id='par_1_79' title="bbox 511 5741 1028 5808">
     <span class='ocr_line' id='line_1_80' title="bbox 511 5741 1028 5808; baseline 0.006 -19"><span class='ocrx_word' id='word_1_523' title='bbox 511 5741 620 5808; x_wconf 64' lang='lat'><strong>(36)</strong></span> <span class='ocrx_word' id='word_1_524' title='bbox 649 5741 930 5808; x_wconf 74' lang='lat' dir='ltr'><strong>Pi&#39;wripias</strong></span> <span class='ocrx_word' id='word_1_525' title='bbox 960 5743 1006 5794; x_wconf 77' lang='grc' dir='ltr'><strong>Μ</strong></span> <span class='ocrx_word' id='word_1_526' title='bbox 1018 5782 1028 5792; x_wconf 92' lang='grc'><em>.</em></span> 
     </span>
    </p>
   </div>
   <div class='ocr_carea' id='block_1_80' title="bbox 2083 1876 2432 1931">
    <p class='ocr_par' dir='ltr' id='par_1_80' title="bbox 2083 1876 2432 1931">
     <span class='ocr_line' id='line_1_81' title="bbox 2083 1876 2432 1931; baseline -0.006 0"><span class='ocrx_word' id='word_1_527' title='bbox 2083 1887 2173 1931; x_wconf 91' lang='lat' dir='ltr'><strong>tur</strong></span> <span class='ocrx_word' id='word_1_528' title='bbox 2199 1876 2432 1931; x_wconf 89' lang='lat' dir='ltr'><strong>inutilis.</strong></span> 
     </span>
    </p>
   </div>
   <div class='ocr_carea' id='block_1_81' title="bbox 2148 1970 3660 2046">
    <p class='ocr_par' dir='ltr' id='par_1_81' title="bbox 2148 1970 3660 2046">
     <span class='ocr_line' id='line_1_82' title="bbox 2148 1970 3660 2046; baseline 0.005 -21"><span class='ocrx_word' id='word_1_529' title='bbox 2148 1970 2266 2025; x_wconf 86' lang='lat' dir='ltr'><strong>Jam</strong></span> <span class='ocrx_word' id='word_1_530' title='bbox 2295 1970 2442 2024; x_wconf 90' lang='lat' dir='ltr'><strong>enim</strong></span> <span class='ocrx_word' id='word_1_531' title='bbox 2469 1986 2568 2040; x_wconf 91' lang='lat' dir='ltr'><strong>per</strong></span> <span class='ocrx_word' id='word_1_532' title='bbox 2584 1970 2867 2026; x_wconf 91' lang='lat' dir='ltr'><strong>ordinatos</strong></span> <span class='ocrx_word' id='word_1_533' title='bbox 2889 1972 3238 2029; x_wconf 85' lang='lat' dir='ltr'><strong>manifestum</strong></span> <span class='ocrx_word' id='word_1_534' title='bbox 3261 1987 3345 2031; x_wconf 90' lang='lat' dir='ltr'><strong>est</strong></span> <span class='ocrx_word' id='word_1_535' title='bbox 3387 1980 3660 2046; x_wconf 88' lang='lat' dir='ltr'><strong>quosdam</strong></span> 
     </span>
    </p>
   </div>
   <div class='ocr_carea' id='block_1_82' title="bbox 2079 2061 3661 2132">
    <p class='ocr_par' dir='ltr' id='par_1_82' title="bbox 2079 2061 3661 2132">
     <span class='ocr_line' id='line_1_83' title="bbox 2079 2061 3661 2132; baseline 0.005 -16"><span class='ocrx_word' id='word_1_536' title='bbox 2079 2077 2146 2116; x_wconf 84' lang='lat' dir='ltr'><strong>ex</strong></span> <span class='ocrx_word' id='word_1_537' title='bbox 2179 2062 2306 2125; x_wconf 91' lang='lat' dir='ltr'><strong>illis,</strong></span> <span class='ocrx_word' id='word_1_538' title='bbox 2338 2077 2440 2132; x_wconf 92' lang='lat' dir='ltr'><strong>pro</strong></span> <span class='ocrx_word' id='word_1_539' title='bbox 2485 2061 2588 2117; x_wconf 86' lang='lat' dir='ltr'><strong>hac</strong></span> <span class='ocrx_word' id='word_1_540' title='bbox 2637 2063 2944 2132; x_wconf 81' lang='lat' dir='ltr'><strong>impietate,</strong></span> <span class='ocrx_word' id='word_1_541' title='bbox 2981 2065 3278 2121; x_wconf 88' lang='lat' dir='ltr'><strong>meditatos</strong></span> <span class='ocrx_word' id='word_1_542' title='bbox 3305 2083 3446 2132; x_wconf 89' lang='lat' dir='ltr'><strong>esse,</strong></span> <span class='ocrx_word' id='word_1_543' title='bbox 3477 2080 3538 2122; x_wconf 93' lang='lat' dir='ltr'><strong>ut</strong></span> <span class='ocrx_word' id='word_1_544' title='bbox 3566 2071 3661 2124; x_wconf 89' lang='lat' dir='ltr'><strong>di-</strong></span> 
     </span>
    </p>
   </div>
   <div class='ocr_carea' id='block_1_83' title="bbox 2081 2153 3664 2224">
    <p class='ocr_par' dir='ltr' id='par_1_83' title="bbox 2081 2153 3664 2224">
     <span class='ocr_line' id='line_1_84' title="bbox 2081 2153 3664 2224; baseline 0.004 -17"><span class='ocrx_word' id='word_1_545' title='bbox 2081 2154 2384 2224; x_wconf 85' lang='lat' dir='ltr'><strong>gnitatibus</strong></span> <span class='ocrx_word' id='word_1_546' title='bbox 2405 2153 2684 2210; x_wconf 89' lang='lat' dir='ltr'><strong>concessis</strong></span> <span class='ocrx_word' id='word_1_547' title='bbox 2697 2156 2994 2210; x_wconf 92' lang='lat' dir='ltr'><strong>nonnullos</strong></span> <span class='ocrx_word' id='word_1_548' title='bbox 3017 2156 3428 2221; x_wconf 88' lang='lat' dir='ltr'><strong>demercantur,</strong></span> <span class='ocrx_word' id='word_1_549' title='bbox 3447 2167 3501 2212; x_wconf 88' lang='lat' dir='ltr'><strong>et</strong></span> <span class='ocrx_word' id='word_1_550' title='bbox 3519 2160 3664 2214; x_wconf 87' lang='lat' dir='ltr'><strong>alios</strong></span> 
     </span>
    </p>
   </div>
   <div class='ocr_carea' id='block_1_84' title="bbox 2080 2244 3659 2324">
    <p class='ocr_par' dir='ltr' id='par_1_84' title="bbox 2080 2244 3659 2324">
     <span class='ocr_line' id='line_1_85' title="bbox 2080 2244 3659 2324; baseline 0.003 -26"><span class='ocrx_word' id='word_1_551' title='bbox 2080 2244 2349 2314; x_wconf 90' lang='lat' dir='ltr'><strong>quosdam</strong></span> <span class='ocrx_word' id='word_1_552' title='bbox 2370 2245 2564 2300; x_wconf 90' lang='lat' dir='ltr'><strong>modos</strong></span> <span class='ocrx_word' id='word_1_553' title='bbox 2597 2247 2958 2324; x_wconf 79' lang='lat' dir='ltr'><strong>excogitasse.</strong></span> <span class='ocrx_word' id='word_1_554' title='bbox 2979 2247 3048 2300; x_wconf 89' lang='lat' dir='ltr'><strong>Et</strong></span> <span class='ocrx_word' id='word_1_555' title='bbox 3072 2247 3124 2301; x_wconf 91' lang='lat' dir='ltr'><strong>id</strong></span> <span class='ocrx_word' id='word_1_556' title='bbox 3146 2248 3488 2304; x_wconf 83' lang='lat' dir='ltr'><strong>manifestius</strong></span> <span class='ocrx_word' id='word_1_557' title='bbox 3514 2251 3659 2305; x_wconf 79' lang='lat' dir='ltr'><strong>exsi-</strong></span> 
     </span>
    </p>
   </div>
   <div class='ocr_carea' id='block_1_85' title="bbox 2083 2338 3660 2411">
    <p class='ocr_par' dir='ltr' id='par_1_85' title="bbox 2083 2338 3660 2411">
     <span class='ocr_line' id='line_1_86' title="bbox 2083 2338 3660 2411; baseline 0.004 -19"><span class='ocrx_word' id='word_1_558' title='bbox 2083 2348 2189 2392; x_wconf 87' lang='lat' dir='ltr'><strong>stet</strong></span> <span class='ocrx_word' id='word_1_559' title='bbox 2212 2338 2343 2409; x_wconf 82' lang='grc'>(65),</span> <span class='ocrx_word' id='word_1_560' title='bbox 2372 2347 2428 2392; x_wconf 90' lang='lat' dir='ltr'><strong>et</strong></span> <span class='ocrx_word' id='word_1_561' title='bbox 2456 2339 2665 2393; x_wconf 83' lang='lat' dir='ltr'><strong>videbit</strong></span> <span class='ocrx_word' id='word_1_562' title='bbox 2689 2355 2786 2393; x_wconf 88' lang='lat' dir='ltr'><strong>eos</strong></span> <span class='ocrx_word' id='word_1_563' title='bbox 2811 2340 2987 2408; x_wconf 91' lang='lat' dir='ltr'><strong>pietas</strong></span> <span class='ocrx_word' id='word_1_564' title='bbox 3019 2347 3130 2403; x_wconf 92' lang='lat' dir='ltr'><strong>tua,</strong></span> <span class='ocrx_word' id='word_1_565' title='bbox 3150 2355 3259 2394; x_wconf 91' lang='lat' dir='ltr'><strong>non</strong></span> <span class='ocrx_word' id='word_1_566' title='bbox 3307 2342 3477 2395; x_wconf 92' lang='lat' dir='ltr'><strong>multo</strong></span> <span class='ocrx_word' id='word_1_567' title='bbox 3513 2349 3660 2411; x_wconf 84' lang='lat' dir='ltr'><strong>post.</strong></span> 
     </span>
    </p>
   </div>
   <div class='ocr_carea' id='block_1_86' title="bbox 2082 2431 3668 2502">
    <p class='ocr_par' dir='ltr' id='par_1_86' title="bbox 2082 2431 3668 2502">
     <span class='ocr_line' id='line_1_87' title="bbox 2082 2431 3668 2502; baseline 0.003 -19"><span class='ocrx_word' id='word_1_568' title='bbox 2082 2431 2414 2502; x_wconf 87' lang='lat' dir='ltr'><strong>proditionis</strong></span> <span class='ocrx_word' id='word_1_569' title='bbox 2448 2447 2560 2486; x_wconf 69' lang='lat' dir='ltr'><strong>sua:</strong></span> <span class='ocrx_word' id='word_1_570' title='bbox 2585 2431 2921 2497; x_wconf 88' lang='lat' dir='ltr'><strong>mercedem,</strong></span> <span class='ocrx_word' id='word_1_571' title='bbox 2947 2432 3102 2501; x_wconf 89' lang='lat' dir='ltr'><strong>quasi</strong></span> <span class='ocrx_word' id='word_1_572' title='bbox 3131 2433 3304 2502; x_wconf 90' lang='lat' dir='ltr'><strong>spolia</strong></span> <span class='ocrx_word' id='word_1_573' title='bbox 3342 2433 3467 2489; x_wconf 82' lang='lat' dir='ltr'><strong>fidei</strong></span> <span class='ocrx_word' id='word_1_574' title='bbox 3498 2433 3668 2489; x_wconf 84' lang='lat' dir='ltr'><strong>Chri-</strong></span> 
     </span>
    </p>
   </div>
   <div class='ocr_carea' id='block_1_87' title="bbox 2085 2520 2626 2585">
    <p class='ocr_par' dir='ltr' id='par_1_87' title="bbox 2085 2520 2626 2585">
     <span class='ocr_line' id='line_1_88' title="bbox 2085 2520 2626 2585; baseline 0 -10"><span class='ocrx_word' id='word_1_575' title='bbox 2085 2520 2175 2585; x_wconf 84' lang='lat' dir='ltr'><strong>sti,</strong></span> <span class='ocrx_word' id='word_1_576' title='bbox 2209 2522 2626 2576; x_wconf 89' lang='lat' dir='ltr'><strong>distributuros.</strong></span> 
     </span>
    </p>
   </div>
   <div class='ocr_carea' id='block_1_88' title="bbox 2153 2609 3673 2682">
    <p class='ocr_par' dir='ltr' id='par_1_88' title="bbox 2153 2609 3673 2682">
     <span class='ocr_line' id='line_1_89' title="bbox 2153 2609 3673 2682; baseline -0.001 -16"><span class='ocrx_word' id='word_1_577' title='bbox 2153 2611 2223 2666; x_wconf 87' lang='lat' dir='ltr'><strong>At</strong></span> <span class='ocrx_word' id='word_1_578' title='bbox 2251 2627 2442 2676; x_wconf 79' lang='lat' dir='ltr'><strong>nos,ex</strong></span> <span class='ocrx_word' id='word_1_579' title='bbox 2461 2612 2664 2679; x_wconf 88' lang='lat' dir='ltr'><strong>quibus</strong></span> <span class='ocrx_word' id='word_1_580' title='bbox 2679 2611 2904 2679; x_wconf 90' lang='lat' dir='ltr'><strong>quidam</strong></span> <span class='ocrx_word' id='word_1_581' title='bbox 2927 2609 3034 2682; x_wconf 64' lang='grc'>(64)</span> <span class='ocrx_word' id='word_1_582' title='bbox 3066 2628 3094 2666; x_wconf 93' lang='lat' dir='ltr'><strong>a</strong></span> <span class='ocrx_word' id='word_1_583' title='bbox 3127 2613 3472 2681; x_wconf 85' lang='lat' dir='ltr'><strong>pientissuno</strong></span> <span class='ocrx_word' id='word_1_584' title='bbox 3499 2611 3673 2667; x_wconf 84' lang='lat' dir='ltr'><strong>Juve-</strong></span> 
     </span>
    </p>
   </div>
   <div class='ocr_carea' id='block_1_89' title="bbox 2085 2700 3669 2772">
    <p class='ocr_par' dir='ltr' id='par_1_89' title="bbox 2085 2700 3669 2772">
     <span class='ocr_line' id='line_1_90' title="bbox 2085 2700 3669 2772; baseline -0.002 -16"><span class='ocrx_word' id='word_1_585' title='bbox 2085 2702 2194 2756; x_wconf 88' lang='lat' dir='ltr'><strong>nali</strong></span> <span class='ocrx_word' id='word_1_586' title='bbox 2227 2702 2726 2772; x_wconf 81' lang='lat' dir='ltr'><strong>Hierosolymorum</strong></span> <span class='ocrx_word' id='word_1_587' title='bbox 2765 2701 3030 2771; x_wconf 83' lang='lat' dir='ltr'><strong>episcopo</strong></span> <span class='ocrx_word' id='word_1_588' title='bbox 3051 2701 3180 2754; x_wconf 90' lang='lat' dir='ltr'><strong>olim</strong></span> <span class='ocrx_word' id='word_1_589' title='bbox 3216 2701 3476 2765; x_wconf 90' lang='lat' dir='ltr'><strong>ordinati,</strong></span> <span class='ocrx_word' id='word_1_590' title='bbox 3502 2700 3669 2754; x_wconf 87' lang='lat' dir='ltr'><strong>silui-</strong></span> 
     </span>
    </p>
   </div>
   <div class='ocr_carea' id='block_1_90' title="bbox 2087 2775 3670 2862">
    <p class='ocr_par' dir='ltr' id='par_1_90' title="bbox 2087 2775 3670 2862">
     <span class='ocr_line' id='line_1_91' title="bbox 2087 2775 3670 2862; baseline -0.001 -14"><span class='ocrx_word' id='word_1_591' title='bbox 2087 2810 2231 2857; x_wconf 87' lang='lat' dir='ltr'><strong>mus,</strong></span> <span class='ocrx_word' id='word_1_592' title='bbox 2264 2793 2514 2862; x_wconf 89' lang='lat' dir='ltr'><strong>quamvis</strong></span> <span class='ocrx_word' id='word_1_593' title='bbox 2550 2807 2652 2861; x_wconf 90' lang='lat' dir='ltr'><strong>pro</strong></span> <span class='ocrx_word' id='word_1_594' title='bbox 2694 2775 3000 2847; x_wconf 77' lang='lat' dir='ltr'><strong>eanonibus</strong></span> <span class='ocrx_word' id='word_1_595' title='bbox 3032 2792 3356 2846; x_wconf 89' lang='lat' dir='ltr'><strong>certandum</strong></span> <span class='ocrx_word' id='word_1_596' title='bbox 3381 2801 3561 2855; x_wconf 89' lang='lat' dir='ltr'><strong>esset,</strong></span> <span class='ocrx_word' id='word_1_597' title='bbox 3593 2808 3670 2846; x_wconf 88' lang='lat' dir='ltr'><strong>ne</strong></span> 
     </span>
    </p>
   </div>
   <div class='ocr_carea' id='block_1_91' title="bbox 2088 2883 3674 2954">
    <p class='ocr_par' dir='ltr' id='par_1_91' title="bbox 2088 2883 3674 2954">
     <span class='ocr_line' id='line_1_92' title="bbox 2088 2883 3674 2954; baseline -0.002 -15"><span class='ocrx_word' id='word_1_598' title='bbox 2088 2886 2402 2940; x_wconf 88' lang='lat' dir='ltr'><strong>videremur</strong></span> <span class='ocrx_word' id='word_1_599' title='bbox 2422 2895 2623 2940; x_wconf 67' lang='lat' dir='ltr'><strong>nostra:</strong></span> <span class='ocrx_word' id='word_1_600' title='bbox 2649 2885 2832 2954; x_wconf 68' lang='lat' dir='ltr'><strong>gloria:</strong></span> <span class='ocrx_word' id='word_1_601' title='bbox 2859 2899 3024 2939; x_wconf 88' lang='lat' dir='ltr'><strong>causa</strong></span> <span class='ocrx_word' id='word_1_602' title='bbox 3050 2883 3260 2937; x_wconf 88' lang='lat' dir='ltr'><strong>dolere.</strong></span> <span class='ocrx_word' id='word_1_603' title='bbox 3300 2883 3486 2952; x_wconf 84' lang='lat' dir='ltr'><strong>Neque</strong></span> <span class='ocrx_word' id='word_1_604' title='bbox 3519 2898 3674 2937; x_wconf 89' lang='lat' dir='ltr'><strong>nunc</strong></span> 
     </span>
    </p>
   </div>
   <div class='ocr_carea' id='block_1_92' title="bbox 2089 2973 3672 3046">
    <p class='ocr_par' dir='ltr' id='par_1_92' title="bbox 2089 2973 3672 3046">
     <span class='ocr_line' id='line_1_93' title="bbox 2089 2973 3672 3046; baseline -0.001 -16"><span class='ocrx_word' id='word_1_605' title='bbox 2089 2992 2309 3046; x_wconf 89' lang='lat' dir='ltr'><strong>quoque</strong></span> <span class='ocrx_word' id='word_1_606' title='bbox 2331 2976 2479 3030; x_wconf 89' lang='lat' dir='ltr'><strong>illius</strong></span> <span class='ocrx_word' id='word_1_607' title='bbox 2514 2975 2717 3038; x_wconf 89' lang='lat' dir='ltr'><strong>studia,</strong></span> <span class='ocrx_word' id='word_1_608' title='bbox 2759 2983 2815 3030; x_wconf 90' lang='lat' dir='ltr'><strong>et</strong></span> <span class='ocrx_word' id='word_1_609' title='bbox 2862 2975 3168 3046; x_wconf 72' lang='lat' dir='ltr'><strong>pmstigias</strong></span> <span class='ocrx_word' id='word_1_610' title='bbox 3204 2974 3357 3038; x_wconf 89' lang='lat' dir='ltr'><strong>tales,</strong></span> <span class='ocrx_word' id='word_1_611' title='bbox 3385 2990 3481 3043; x_wconf 87' lang='lat' dir='ltr'><strong>per</strong></span> <span class='ocrx_word' id='word_1_612' title='bbox 3505 2973 3672 3028; x_wconf 66' lang='lat' dir='ltr'><strong>Phae-</strong></span> 
     </span>
    </p>
   </div>
   <div class='ocr_carea' id='block_1_93' title="bbox 2015 3064 3671 3156">
    <p class='ocr_par' dir='ltr' id='par_1_93' title="bbox 2015 3064 3671 3156">
     <span class='ocr_line' id='line_1_94' title="bbox 2015 3064 3671 3156; baseline -0.002 -35"><span class='ocrx_word' id='word_1_613' title='bbox 2015 3100 2056 3156; x_wconf 67' lang='grc' dir='ltr'>ο</span> <span class='ocrx_word' id='word_1_614' title='bbox 2091 3069 2269 3121; x_wconf 88' lang='lat' dir='ltr'><strong>nicem</strong></span> <span class='ocrx_word' id='word_1_615' title='bbox 2294 3066 2592 3121; x_wconf 89' lang='lat' dir='ltr'><strong>secundam</strong></span> <span class='ocrx_word' id='word_1_616' title='bbox 2621 3074 2676 3121; x_wconf 90' lang='lat' dir='ltr'><strong>et</strong></span> <span class='ocrx_word' id='word_1_617' title='bbox 2694 3065 3574 3136; x_wconf 77' lang='lat' dir='ltr'><strong>Arabiam,ignoramus(65).Sane</strong></span> <span class='ocrx_word' id='word_1_618' title='bbox 3597 3064 3671 3117; x_wconf 89' lang='lat' dir='ltr'><strong>de</strong></span> 
     </span>
    </p>
   </div>
   <div class='ocr_carea' id='block_1_94' title="bbox 2088 3157 3671 3228">
    <p class='ocr_par' dir='ltr' id='par_1_94' title="bbox 2088 3157 3671 3228">
     <span class='ocr_line' id='line_1_95' title="bbox 2088 3157 3671 3228; baseline -0.002 -14"><span class='ocrx_word' id='word_1_619' title='bbox 2088 3160 2198 3214; x_wconf 87' lang='lat' dir='ltr'><strong>illis</strong></span> <span class='ocrx_word' id='word_1_620' title='bbox 2220 3160 2379 3213; x_wconf 87' lang='lat' dir='ltr'><strong>nobis</strong></span> <span class='ocrx_word' id='word_1_621' title='bbox 2401 3175 2510 3213; x_wconf 92' lang='lat' dir='ltr'><strong>non</strong></span> <span class='ocrx_word' id='word_1_622' title='bbox 2535 3167 2692 3213; x_wconf 90' lang='lat' dir='ltr'><strong>vacat</strong></span> <span class='ocrx_word' id='word_1_623' title='bbox 2719 3174 2908 3213; x_wconf 91' lang='lat' dir='ltr'><strong>curam</strong></span> <span class='ocrx_word' id='word_1_624' title='bbox 2939 3157 3446 3228; x_wconf 87' lang='lat' dir='ltr'><strong>habere,ut(66)qui</strong></span> <span class='ocrx_word' id='word_1_625' title='bbox 3476 3157 3671 3211; x_wconf 83' lang='lat' dir='ltr'><strong>civita-</strong></span> 
     </span>
    </p>
   </div>
   <div class='ocr_carea' id='block_1_95' title="bbox 2090 3249 3666 3319">
    <p class='ocr_par' dir='ltr' id='par_1_95' title="bbox 2090 3249 3666 3319">
     <span class='ocr_line' id='line_1_96' title="bbox 2090 3249 3666 3319; baseline -0.002 -15"><span class='ocrx_word' id='word_1_626' title='bbox 2090 3252 2236 3305; x_wconf 90' lang='lat' dir='ltr'><strong>tibus</strong></span> <span class='ocrx_word' id='word_1_627' title='bbox 2269 3250 2422 3319; x_wconf 90' lang='lat' dir='ltr'><strong>ipsis,</strong></span> <span class='ocrx_word' id='word_1_628' title='bbox 2446 3267 2679 3319; x_wconf 89' lang='lat' dir='ltr'><strong>quarum</strong></span> <span class='ocrx_word' id='word_1_629' title='bbox 2707 3250 2863 3304; x_wconf 92' lang='lat' dir='ltr'><strong>nobis</strong></span> <span class='ocrx_word' id='word_1_630' title='bbox 2893 3250 3258 3304; x_wconf 90' lang='lat' dir='ltr'><strong>ministerium</strong></span> <span class='ocrx_word' id='word_1_631' title='bbox 3297 3249 3666 3303; x_wconf 89' lang='lat' dir='ltr'><strong>contraditum</strong></span> 
     </span>
    </p>
   </div>
   <div class='ocr_carea' id='block_1_96' title="bbox 2090 3338 3667 3407">
    <p class='ocr_par' dir='ltr' id='par_1_96' title="bbox 2090 3338 3667 3407">
     <span class='ocr_line' id='line_1_97' title="bbox 2090 3338 3667 3407; baseline -0.002 -15"><span class='ocrx_word' id='word_1_632' title='bbox 2090 3347 2192 3403; x_wconf 91' lang='lat' dir='ltr'><strong>est,</strong></span> <span class='ocrx_word' id='word_1_633' title='bbox 2231 3347 2394 3406; x_wconf 82' lang='lat' dir='ltr'><strong>atque</strong></span> <span class='ocrx_word' id='word_1_634' title='bbox 2421 3338 2560 3392; x_wconf 89' lang='lat' dir='ltr'><strong>adeo</strong></span> <span class='ocrx_word' id='word_1_635' title='bbox 2578 3338 2690 3392; x_wconf 85' lang='lat' dir='ltr'><strong>vita</strong></span> <span class='ocrx_word' id='word_1_636' title='bbox 2712 3348 2898 3392; x_wconf 89' lang='lat' dir='ltr'><strong>nostra</strong></span> <span class='ocrx_word' id='word_1_637' title='bbox 2922 3338 3144 3392; x_wconf 89' lang='lat' dir='ltr'><strong>destitui</strong></span> <span class='ocrx_word' id='word_1_638' title='bbox 3163 3339 3477 3400; x_wconf 90' lang='lat' dir='ltr'><strong>maluimus,</strong></span> <span class='ocrx_word' id='word_1_639' title='bbox 3500 3354 3667 3407; x_wconf 89' lang='lat' dir='ltr'><strong>quam</strong></span> 
     </span>
    </p>
   </div>
   <div class='ocr_carea' id='block_1_97' title="bbox 2092 3429 3672 3501">
    <p class='ocr_par' dir='ltr' id='par_1_97' title="bbox 2092 3429 3672 3501">
     <span class='ocr_line' id='line_1_98' title="bbox 2092 3429 3672 3501; baseline -0.002 -17"><span class='ocrx_word' id='word_1_640' title='bbox 2092 3430 2196 3484; x_wconf 88' lang='lat' dir='ltr'><strong>ista</strong></span> <span class='ocrx_word' id='word_1_641' title='bbox 2220 3446 2319 3499; x_wconf 90' lang='lat' dir='ltr'><strong>pro</strong></span> <span class='ocrx_word' id='word_1_642' title='bbox 2337 3430 2441 3484; x_wconf 84' lang='lat' dir='ltr'><strong>[ide</strong></span> <span class='ocrx_word' id='word_1_643' title='bbox 2465 3429 3245 3501; x_wconf 79' lang='lat' dir='ltr'><strong>promptitudinc(67).Verum</strong></span> <span class='ocrx_word' id='word_1_644' title='bbox 3271 3429 3530 3484; x_wconf 87' lang='lat' dir='ltr'><strong>adversus</strong></span> <span class='ocrx_word' id='word_1_645' title='bbox 3547 3430 3672 3481; x_wconf 89' lang='lat' dir='ltr'><strong>illo-</strong></span> 
     </span>
    </p>
   </div>
   <div class='ocr_carea' id='block_1_98' title="bbox 2093 3518 3666 3588">
    <p class='ocr_par' dir='ltr' id='par_1_98' title="bbox 2093 3518 3666 3588">
     <span class='ocr_line' id='line_1_99' title="bbox 2093 3518 3666 3588; baseline -0.001 -16"><span class='ocrx_word' id='word_1_646' title='bbox 2093 3535 2214 3573; x_wconf 91' lang='lat' dir='ltr'><strong>rum</strong></span> <span class='ocrx_word' id='word_1_647' title='bbox 2248 3530 2500 3584; x_wconf 89' lang='lat' dir='ltr'><strong>conatus,</strong></span> <span class='ocrx_word' id='word_1_648' title='bbox 2525 3519 2621 3574; x_wconf 91' lang='lat' dir='ltr'><strong>Dei</strong></span> <span class='ocrx_word' id='word_1_649' title='bbox 2654 3534 2718 3573; x_wconf 89' lang='lat' dir='ltr'><strong>ac</strong></span> <span class='ocrx_word' id='word_1_650' title='bbox 2748 3528 2944 3573; x_wconf 70' lang='lat' dir='ltr'><strong>vestra:</strong></span> <span class='ocrx_word' id='word_1_651' title='bbox 2967 3518 3463 3588; x_wconf 85' lang='lat' dir='ltr'><strong>pietatisjudicium</strong></span> <span class='ocrx_word' id='word_1_652' title='bbox 3487 3533 3666 3586; x_wconf 86' lang='lat' dir='ltr'><strong>oppo-</strong></span> 
     </span>
    </p>
   </div>
   <div class='ocr_carea' id='block_1_99' title="bbox 2097 3627 2316 3665">
    <p class='ocr_par' dir='ltr' id='par_1_99' title="bbox 2097 3627 2316 3665">
     <span class='ocr_line' id='line_1_100' title="bbox 2097 3627 2316 3665; baseline 0.005 -1"><span class='ocrx_word' id='word_1_653' title='bbox 2097 3627 2316 3665; x_wconf 90' lang='lat' dir='ltr'><strong>nemus.</strong></span> 
     </span>
    </p>
   </div>
   <div class='ocr_carea' id='block_1_100' title="bbox 2164 3698 3667 3769">
    <p class='ocr_par' dir='ltr' id='par_1_100' title="bbox 2164 3698 3667 3769">
     <span class='ocr_line' id='line_1_101' title="bbox 2164 3698 3667 3769; baseline -0.002 -13"><span class='ocrx_word' id='word_1_654' title='bbox 2164 3703 2322 3756; x_wconf 87' lang='lat' dir='ltr'><strong>Nunc</strong></span> <span class='ocrx_word' id='word_1_655' title='bbox 2353 3709 2537 3755; x_wconf 89' lang='lat' dir='ltr'><strong>autem</strong></span> <span class='ocrx_word' id='word_1_656' title='bbox 2570 3717 2816 3764; x_wconf 89' lang='lat' dir='ltr'><strong>oramus,</strong></span> <span class='ocrx_word' id='word_1_657' title='bbox 2845 3711 2905 3755; x_wconf 91' lang='lat' dir='ltr'><strong>ut</strong></span> <span class='ocrx_word' id='word_1_658' title='bbox 2938 3717 3044 3754; x_wconf 91' lang='lat' dir='ltr'><strong>una</strong></span> <span class='ocrx_word' id='word_1_659' title='bbox 3094 3716 3158 3754; x_wconf 89' lang='lat' dir='ltr'><strong>ac</strong></span> <span class='ocrx_word' id='word_1_660' title='bbox 3201 3698 3460 3769; x_wconf 88' lang='lat' dir='ltr'><strong>primaria</strong></span> <span class='ocrx_word' id='word_1_661' title='bbox 3493 3698 3667 3766; x_wconf 83' lang='lat' dir='ltr'><strong>pietas</strong></span> 
     </span>
    </p>
   </div>
   <div class='ocr_carea' id='block_1_101' title="bbox 2091 3787 3668 3858">
    <p class='ocr_par' dir='ltr' id='par_1_101' title="bbox 2091 3787 3668 3858">
     <span class='ocr_line' id='line_1_102' title="bbox 2091 3787 3668 3858; baseline -0.003 -12"><span class='ocrx_word' id='word_1_662' title='bbox 2091 3800 2355 3856; x_wconf 88' lang='lat' dir='ltr'><strong>curetur;</strong></span> <span class='ocrx_word' id='word_1_663' title='bbox 2387 3801 2443 3844; x_wconf 92' lang='lat' dir='ltr'><strong>et</strong></span> <span class='ocrx_word' id='word_1_664' title='bbox 2469 3808 2536 3845; x_wconf 90' lang='lat' dir='ltr'><strong>ne</strong></span> <span class='ocrx_word' id='word_1_665' title='bbox 2567 3791 2888 3845; x_wconf 73' lang='lat' dir='ltr'><strong>orthodoxa:</strong></span> <span class='ocrx_word' id='word_1_666' title='bbox 2928 3790 3214 3858; x_wconf 81' lang='lat' dir='ltr'><strong>religionis</strong></span> <span class='ocrx_word' id='word_1_667' title='bbox 3254 3787 3530 3858; x_wconf 89' lang='lat' dir='ltr'><strong>splendor,</strong></span> <span class='ocrx_word' id='word_1_668' title='bbox 3571 3788 3668 3856; x_wconf 90' lang='lat' dir='ltr'><strong>qui</strong></span> 
     </span>
    </p>
   </div>
   <div class='ocr_carea' id='block_1_102' title="bbox 2095 3876 3673 3936">
    <p class='ocr_par' dir='ltr' id='par_1_102' title="bbox 2095 3876 3673 3936">
     <span class='ocr_line' id='line_1_103' title="bbox 2095 3876 3673 3936; baseline -0.003 -1"><span class='ocrx_word' id='word_1_669' title='bbox 2095 3881 2184 3936; x_wconf 83' lang='lat' dir='ltr'><strong>vix</strong></span> <span class='ocrx_word' id='word_1_670' title='bbox 2215 3881 2434 3934; x_wconf 88' lang='lat' dir='ltr'><strong>tandem</strong></span> <span class='ocrx_word' id='word_1_671' title='bbox 2460 3881 2564 3933; x_wconf 90' lang='lat' dir='ltr'><strong>sub</strong></span> <span class='ocrx_word' id='word_1_672' title='bbox 2593 3880 2769 3934; x_wconf 87' lang='lat' dir='ltr'><strong>sancti</strong></span> <span class='ocrx_word' id='word_1_673' title='bbox 2794 3880 3036 3934; x_wconf 88' lang='lat' dir='ltr'><strong>nominis</strong></span> <span class='ocrx_word' id='word_1_674' title='bbox 3053 3877 3415 3933; x_wconf 87' lang='lat' dir='ltr'><strong>Constantino</strong></span> <span class='ocrx_word' id='word_1_675' title='bbox 3443 3876 3673 3931; x_wconf 81' lang='lat' dir='ltr'><strong>irradia-</strong></span> 
     </span>
    </p>
   </div>
   <div class='ocr_carea' id='block_1_103' title="bbox 2096 3969 3673 4042">
    <p class='ocr_par' dir='ltr' id='par_1_103' title="bbox 2096 3969 3673 4042">
     <span class='ocr_line' id='line_1_104' title="bbox 2096 3969 3673 4042; baseline -0.004 -14"><span class='ocrx_word' id='word_1_676' title='bbox 2096 3975 2194 4039; x_wconf 92' lang='lat' dir='ltr'><strong>vit,</strong></span> <span class='ocrx_word' id='word_1_677' title='bbox 2223 3981 2279 4027; x_wconf 92' lang='lat' dir='ltr'><strong>et</strong></span> <span class='ocrx_word' id='word_1_678' title='bbox 2307 3990 2406 4042; x_wconf 87' lang='lat' dir='ltr'><strong>per</strong></span> <span class='ocrx_word' id='word_1_679' title='bbox 2428 3973 2781 4027; x_wconf 88' lang='lat' dir='ltr'><strong>beatissimos</strong></span> <span class='ocrx_word' id='word_1_680' title='bbox 2812 3989 2972 4026; x_wconf 88' lang='lat' dir='ltr'><strong>avum</strong></span> <span class='ocrx_word' id='word_1_681' title='bbox 2999 3982 3053 4025; x_wconf 90' lang='lat' dir='ltr'><strong>et</strong></span> <span class='ocrx_word' id='word_1_682' title='bbox 3081 3981 3294 4040; x_wconf 89' lang='lat' dir='ltr'><strong>patrem</strong></span> <span class='ocrx_word' id='word_1_683' title='bbox 3330 3979 3526 4024; x_wconf 66' lang='lat' dir='ltr'><strong>vestra:</strong></span> <span class='ocrx_word' id='word_1_684' title='bbox 3555 3969 3673 4038; x_wconf 87' lang='lat' dir='ltr'><strong>pie-</strong></span> 
     </span>
    </p>
   </div>
   <div class='ocr_carea' id='block_1_104' title="bbox 2097 4063 3672 4132">
    <p class='ocr_par' dir='ltr' id='par_1_104' title="bbox 2097 4063 3672 4132">
     <span class='ocr_line' id='line_1_105' title="bbox 2097 4063 3672 4132; baseline -0.001 -16"><span class='ocrx_word' id='word_1_685' title='bbox 2097 4063 2225 4117; x_wconf 88' lang='lat' dir='ltr'><strong>tatis</strong></span> <span class='ocrx_word' id='word_1_686' title='bbox 2249 4064 2607 4118; x_wconf 81' lang='lat' dir='ltr'><strong>coufirmatus</strong></span> <span class='ocrx_word' id='word_1_687' title='bbox 2628 4074 2733 4127; x_wconf 88' lang='lat' dir='ltr'><strong>est,</strong></span> <span class='ocrx_word' id='word_1_688' title='bbox 2767 4080 2797 4117; x_wconf 92' lang='lat' dir='ltr'><strong>a</strong></span> <span class='ocrx_word' id='word_1_689' title='bbox 2841 4072 2931 4117; x_wconf 90' lang='lat' dir='ltr'><strong>tua</strong></span> <span class='ocrx_word' id='word_1_690' title='bbox 2974 4072 3157 4117; x_wconf 90' lang='lat' dir='ltr'><strong>autem</strong></span> <span class='ocrx_word' id='word_1_691' title='bbox 3189 4064 3470 4132; x_wconf 84' lang='lat' dir='ltr'><strong>majestate</strong></span> <span class='ocrx_word' id='word_1_692' title='bbox 3509 4063 3672 4115; x_wconf 89' lang='lat' dir='ltr'><strong>etiam</strong></span> 
     </span>
    </p>
   </div>
   <div class='ocr_carea' id='block_1_105' title="bbox 2099 4156 3673 4228">
    <p class='ocr_par' dir='ltr' id='par_1_105' title="bbox 2099 4156 3673 4228">
     <span class='ocr_line' id='line_1_106' title="bbox 2099 4156 3673 4228; baseline 0 -19"><span class='ocrx_word' id='word_1_693' title='bbox 2099 4156 2152 4209; x_wconf 89' lang='lat' dir='ltr'><strong>in</strong></span> <span class='ocrx_word' id='word_1_694' title='bbox 2179 4156 2314 4210; x_wconf 90' lang='lat' dir='ltr'><strong>alias</strong></span> <span class='ocrx_word' id='word_1_695' title='bbox 2332 4157 2606 4211; x_wconf 83' lang='lat' dir='ltr'><strong>Barbaras</strong></span> <span class='ocrx_word' id='word_1_696' title='bbox 2622 4167 2814 4228; x_wconf 83' lang='lat' dir='ltr'><strong>gentes</strong></span> <span class='ocrx_word' id='word_1_697' title='bbox 2834 4169 2890 4211; x_wconf 90' lang='lat' dir='ltr'><strong>ct</strong></span> <span class='ocrx_word' id='word_1_698' title='bbox 2914 4158 2971 4211; x_wconf 92' lang='lat' dir='ltr'><strong>in</strong></span> <span class='ocrx_word' id='word_1_699' title='bbox 2999 4159 3289 4212; x_wconf 88' lang='lat' dir='ltr'><strong>Persarum</strong></span> <span class='ocrx_word' id='word_1_700' title='bbox 3313 4166 3528 4226; x_wconf 87' lang='lat' dir='ltr'><strong>gentem</strong></span> <span class='ocrx_word' id='word_1_701' title='bbox 3552 4172 3673 4224; x_wconf 89' lang='lat' dir='ltr'><strong>pro-</strong></span> 
     </span>
    </p>
   </div>
   <div class='ocr_carea' id='block_1_106' title="bbox 2101 4247 3673 4318">
    <p class='ocr_par' dir='ltr' id='par_1_106' title="bbox 2101 4247 3673 4318">
     <span class='ocr_line' id='line_1_107' title="bbox 2101 4247 3673 4318; baseline -0.001 -17"><span class='ocrx_word' id='word_1_702' title='bbox 2101 4258 2322 4316; x_wconf 84' lang='lat' dir='ltr'><strong>rogatus</strong></span> <span class='ocrx_word' id='word_1_703' title='bbox 2345 4258 2448 4311; x_wconf 89' lang='lat' dir='ltr'><strong>est,</strong></span> <span class='ocrx_word' id='word_1_704' title='bbox 2483 4249 2714 4302; x_wconf 91' lang='lat' dir='ltr'><strong>nuncin</strong></span> <span class='ocrx_word' id='word_1_705' title='bbox 2745 4249 2879 4318; x_wconf 87' lang='lat' dir='ltr'><strong>ipsis</strong></span> <span class='ocrx_word' id='word_1_706' title='bbox 2915 4249 3076 4318; x_wconf 74' lang='lat' dir='ltr'><strong>regia:</strong></span> <span class='ocrx_word' id='word_1_707' title='bbox 3119 4249 3257 4302; x_wconf 66' lang='lat' dir='ltr'><strong>aulae</strong></span> <span class='ocrx_word' id='word_1_708' title='bbox 3304 4247 3673 4316; x_wconf 81' lang='lat' dir='ltr'><strong>penetralibus</strong></span> 
     </span>
    </p>
   </div>
   <div class='ocr_carea' id='block_1_107' title="bbox 2101 4337 3672 4408">
    <p class='ocr_par' dir='ltr' id='par_1_107' title="bbox 2101 4337 3672 4408">
     <span class='ocr_line' id='line_1_108' title="bbox 2101 4337 3672 4408; baseline -0.001 -17"><span class='ocrx_word' id='word_1_709' title='bbox 2101 4337 2458 4408; x_wconf 85' lang='lat' dir='ltr'><strong>languescat,</strong></span> <span class='ocrx_word' id='word_1_710' title='bbox 2508 4349 2565 4393; x_wconf 93' lang='lat' dir='ltr'><strong>et</strong></span> <span class='ocrx_word' id='word_1_711' title='bbox 2617 4340 2762 4408; x_wconf 90' lang='lat' dir='ltr'><strong>apud</strong></span> <span class='ocrx_word' id='word_1_712' title='bbox 2809 4348 3049 4394; x_wconf 90' lang='lat' dir='ltr'><strong>vestram</strong></span> <span class='ocrx_word' id='word_1_713' title='bbox 3095 4339 3350 4394; x_wconf 88' lang='lat' dir='ltr'><strong>turbetur</strong></span> <span class='ocrx_word' id='word_1_714' title='bbox 3411 4339 3672 4393; x_wconf 87' lang='lat' dir='ltr'><strong>serenita-</strong></span> 
     </span>
    </p>
   </div>
   <div class='ocr_carea' id='block_1_108' title="bbox 2035 4437 2237 4499">
    <p class='ocr_par' dir='ltr' id='par_1_108' title="bbox 2035 4437 2237 4499">
     <span class='ocr_line' id='line_1_109' title="bbox 2035 4437 2237 4499; baseline 0.005 -18"><span class='ocrx_word' id='word_1_715' title='bbox 2035 4445 2079 4499; x_wconf 78' lang='grc' dir='ltr'>ι)</span> <span class='ocrx_word' id='word_1_716' title='bbox 2108 4437 2237 4483; x_wconf 90' lang='lat' dir='ltr'><strong>tem.</strong></span> 
     </span>
    </p>
   </div>
   <div class='ocr_carea' id='block_1_109' title="bbox 2177 4521 3675 4593">
    <p class='ocr_par' dir='ltr' id='par_1_109' title="bbox 2177 4521 3675 4593">
     <span class='ocr_line' id='line_1_110' title="bbox 2177 4521 3675 4593; baseline -0.001 -15"><span class='ocrx_word' id='word_1_717' title='bbox 2177 4521 2294 4578; x_wconf 78' lang='lat' dir='ltr'><strong>Non</strong></span> <span class='ocrx_word' id='word_1_718' title='bbox 2347 4523 2494 4576; x_wconf 92' lang='lat' dir='ltr'><strong>enim</strong></span> <span class='ocrx_word' id='word_1_719' title='bbox 2539 4522 2792 4593; x_wconf 88' lang='lat' dir='ltr'><strong>duplices</strong></span> <span class='ocrx_word' id='word_1_720' title='bbox 2835 4524 2891 4577; x_wconf 92' lang='lat' dir='ltr'><strong>in</strong></span> <span class='ocrx_word' id='word_1_721' title='bbox 2927 4523 3230 4586; x_wconf 83' lang='lat' dir='ltr'><strong>Persidem,</strong></span> <span class='ocrx_word' id='word_1_722' title='bbox 3270 4538 3304 4576; x_wconf 93' lang='grc' dir='ltr'><strong>ο</strong></span> <span class='ocrx_word' id='word_1_723' title='bbox 3345 4539 3462 4586; x_wconf 85' lang='lat' dir='ltr'><strong>rex,</strong></span> <span class='ocrx_word' id='word_1_724' title='bbox 3498 4524 3675 4576; x_wconf 84' lang='lat' dir='ltr'><strong>mittes</strong></span> 
     </span>
    </p>
   </div>
   <div class='ocr_carea' id='block_1_110' title="bbox 2171 4698 3672 4781">
    <p class='ocr_par' dir='ltr' id='par_1_110' title="bbox 2171 4698 3672 4781">
     <span class='ocr_line' id='line_1_111' title="bbox 2171 4698 3672 4781; baseline 0 -30"><span class='ocrx_word' id='word_1_725' title='bbox 2171 4698 2280 4781; x_wconf 55' lang='lat' dir='ltr'><strong>(Si?)</strong></span> <span class='ocrx_word' id='word_1_726' title='bbox 2315 4699 2480 4754; x_wconf 88' lang='lat' dir='ltr'><strong>Addit</strong></span> <span class='ocrx_word' id='word_1_727' title='bbox 2505 4700 2674 4754; x_wconf 82' lang='lat' dir='ltr'><strong>Mans.</strong></span> <span class='ocrx_word' id='word_1_728' title='bbox 2701 4717 2803 4770; x_wconf 85' lang='lat' dir='ltr'><strong>quo</strong></span> <span class='ocrx_word' id='word_1_729' title='bbox 2835 4715 3072 4772; x_wconf 81' lang='lat' dir='ltr'><strong>pugnare</strong></span> <span class='ocrx_word' id='word_1_730' title='bbox 3101 4716 3195 4769; x_wconf 87' lang='lat' dir='ltr'><strong>pro</strong></span> <span class='ocrx_word' id='word_1_731' title='bbox 3249 4701 3444 4769; x_wconf 81' lang='lat' dir='ltr'><strong>pietate</strong></span> <span class='ocrx_word' id='word_1_732' title='bbox 3499 4699 3672 4753; x_wconf 72' lang='lat' dir='ltr'><strong>melius</strong></span> 
     </span>
    </p>
   </div>
   <div class='ocr_carea' id='block_1_111' title="bbox 2137 4786 2284 4822">
    <p class='ocr_par' dir='ltr' id='par_1_111' title="bbox 2137 4786 2284 4822">
     <span class='ocr_line' id='line_1_112' title="bbox 2137 4786 2284 4822; baseline 0.007 -1"><span class='ocrx_word' id='word_1_733' title='bbox 2137 4786 2264 4822; x_wconf 73' lang='grc'><strong>08818</strong></span> <span class='ocrx_word' id='word_1_734' title='bbox 2273 4809 2284 4822; x_wconf 88' lang='grc'><strong>.</strong></span> 
     </span>
    </p>
   </div>
   <div class='ocr_carea' id='block_1_112' title="bbox 2099 4786 3668 4911">
    <p class='ocr_par' dir='ltr' id='par_1_112' title="bbox 2099 4786 3668 4911">
     <span class='ocr_line' id='line_1_113' title="bbox 2099 4786 3668 4911; baseline -0.001 -18"><span class='ocrx_word' id='word_1_735' title='bbox 2099 4786 2475 4911; x_wconf 45' lang='grc' dir='ltr'><strong>Ροῗὲἓᾚῖωο)</strong></span> <span class='ocrx_word' id='word_1_736' title='bbox 2515 4857 2678 4909; x_wconf 83' lang='lat' dir='ltr'><strong>quam</strong></span> <span class='ocrx_word' id='word_1_737' title='bbox 2734 4857 2897 4911; x_wconf 79' lang='lat' dir='ltr'><strong>pugn.</strong></span> <span class='ocrx_word' id='word_1_738' title='bbox 2949 4857 3001 4909; x_wconf 76' lang='grc' dir='ltr'><strong>ῃ.</strong></span> <span class='ocrx_word' id='word_1_739' title='bbox 3056 4840 3180 4910; x_wconf 84' lang='lat' dir='ltr'><strong>piet.</strong></span> <span class='ocrx_word' id='word_1_740' title='bbox 3220 4841 3422 4895; x_wconf 86' lang='lat' dir='ltr'><strong>absunt</strong></span> <span class='ocrx_word' id='word_1_741' title='bbox 3451 4857 3480 4894; x_wconf 91' lang='lat' dir='ltr'><strong>a</strong></span> <span class='ocrx_word' id='word_1_742' title='bbox 3509 4840 3668 4894; x_wconf 79' lang='lat' dir='ltr'><strong>Mans.</strong></span> 
     </span>
    </p>
   </div>
   <div class='ocr_carea' id='block_1_113' title="bbox 2101 4909 2940 4981">
    <p class='ocr_par' dir='ltr' id='par_1_113' title="bbox 2101 4909 2940 4981">
     <span class='ocr_line' id='line_1_114' title="bbox 2101 4909 2940 4981; baseline 0 -18"><span class='ocrx_word' id='word_1_743' title='bbox 2101 4909 2192 4979; x_wconf 90' lang='lat' dir='ltr'><strong>qui</strong></span> <span class='ocrx_word' id='word_1_744' title='bbox 2229 4910 2394 4981; x_wconf 72' lang='lat' dir='ltr'><strong>etiam</strong></span> <span class='ocrx_word' id='word_1_745' title='bbox 2432 4909 2603 4981; x_wconf 70' lang='lat' dir='ltr'><strong>habet</strong></span> <span class='ocrx_word' id='word_1_746' title='bbox 2641 4927 2655 4981; x_wconf 68' lang='grc' dir='ltr'>ς</span> <span class='ocrx_word' id='word_1_747' title='bbox 2694 4909 2940 4981; x_wconf 52' lang='grc' dir='ltr'><strong>ρῗοφιο.</strong></span> 
     </span>
    </p>
   </div>
   <div class='ocr_carea' id='block_1_114' title="bbox 2178 4978 3673 5049">
    <p class='ocr_par' dir='ltr' id='par_1_114' title="bbox 2178 4978 3673 5049">
     <span class='ocr_line' id='line_1_115' title="bbox 2178 4978 3673 5049; baseline -0.001 -19"><span class='ocrx_word' id='word_1_748' title='bbox 2178 4981 2289 5049; x_wconf 74' lang='lat'><strong>(59)</strong></span> <span class='ocrx_word' id='word_1_749' title='bbox 2327 4978 2608 5049; x_wconf 76' lang='lat' dir='ltr'><strong>lnGrzeco</strong></span> <span class='ocrx_word' id='word_1_750' title='bbox 2635 4978 2775 5034; x_wconf 82' lang='lat' dir='ltr'><strong>forte</strong></span> <span class='ocrx_word' id='word_1_751' title='bbox 2803 4978 2942 5041; x_wconf 85' lang='lat' dir='ltr'><strong>erat,</strong></span> <span class='ocrx_word' id='word_1_752' title='bbox 2973 4979 3040 5032; x_wconf 79' lang='grc' dir='ltr'><strong>δι’</strong></span> <span class='ocrx_word' id='word_1_753' title='bbox 3074 4978 3318 5048; x_wconf 73' lang='grc' dir='ltr'><strong>ἐντολὴν,</strong></span> <span class='ocrx_word' id='word_1_754' title='bbox 3369 4981 3470 5046; x_wconf 77' lang='grc' dir='ltr'><strong>τῆς</strong></span> <span class='ocrx_word' id='word_1_755' title='bbox 3515 4979 3673 5049; x_wconf 67' lang='grc' dir='ltr'><strong>ὀρθῆς</strong></span> 
     </span>
    </p>
   </div>
   <div class='ocr_carea' id='block_1_115' title="bbox 2108 5046 3673 5119">
    <p class='ocr_par' dir='ltr' id='par_1_115' title="bbox 2108 5046 3673 5119">
     <span class='ocr_line' id='line_1_116' title="bbox 2108 5046 3673 5119; baseline 0 -18"><span class='ocrx_word' id='word_1_756' title='bbox 2108 5046 2342 5110; x_wconf 76' lang='grc' dir='ltr'><strong>πίστεως</strong></span> <span class='ocrx_word' id='word_1_757' title='bbox 2374 5046 2710 5119; x_wconf 67' lang='grc' dir='ltr'><strong>ἐπικρατεῖν.</strong></span> <span class='ocrx_word' id='word_1_758' title='bbox 2738 5051 2894 5119; x_wconf 87' lang='lat' dir='ltr'><strong>quasi</strong></span> <span class='ocrx_word' id='word_1_759' title='bbox 2924 5050 3154 5119; x_wconf 88' lang='lat' dir='ltr'><strong>diceret,</strong></span> <span class='ocrx_word' id='word_1_760' title='bbox 3192 5046 3303 5102; x_wconf 80' lang='lat' dir='ltr'><strong>nea</strong></span> <span class='ocrx_word' id='word_1_761' title='bbox 3331 5046 3557 5116; x_wconf 75' lang='lat' dir='ltr'><strong>ratione,</strong></span> <span class='ocrx_word' id='word_1_762' title='bbox 3583 5046 3673 5103; x_wconf 83' lang='lat' dir='ltr'><strong>sed</strong></span> 
     </span>
    </p>
   </div>
   <div class='ocr_carea' id='block_1_116' title="bbox 2107 5118 3275 5181">
    <p class='ocr_par' dir='ltr' id='par_1_116' title="bbox 2107 5118 3275 5181">
     <span class='ocr_line' id='line_1_117' title="bbox 2107 5118 3275 5181; baseline -0.003 -7"><span class='ocrx_word' id='word_1_763' title='bbox 2107 5119 2384 5181; x_wconf 88' lang='lat' dir='ltr'><strong>mandato,</strong></span> <span class='ocrx_word' id='word_1_764' title='bbox 2419 5128 2582 5175; x_wconf 81' lang='lat' dir='ltr'><strong>recta:</strong></span> <span class='ocrx_word' id='word_1_765' title='bbox 2623 5118 3072 5174; x_wconf 32' lang='lat' dir='ltr'><strong>lidei’dominari.</strong></span> <span class='ocrx_word' id='word_1_766' title='bbox 3109 5118 3275 5173; x_wconf 84' lang='lat' dir='ltr'><strong>Garn.</strong></span> 
     </span>
    </p>
   </div>
   <div class='ocr_carea' id='block_1_117' title="bbox 2202 5187 2918 5260">
    <p class='ocr_par' dir='ltr' id='par_1_117' title="bbox 2202 5187 2918 5260">
     <span class='ocr_line' id='line_1_118' title="bbox 2202 5187 2918 5260; baseline -0.003 -16"><span class='ocrx_word' id='word_1_767' title='bbox 2202 5189 2290 5260; x_wconf 87' lang='grc'><strong>60)</strong></span> <span class='ocrx_word' id='word_1_768' title='bbox 2327 5187 2394 5260; x_wconf 66' lang='lat' dir='ltr'><strong>Et</strong></span> <span class='ocrx_word' id='word_1_769' title='bbox 2418 5189 2587 5260; x_wconf 71' lang='lat' dir='ltr'><strong>ipsam</strong></span> <span class='ocrx_word' id='word_1_770' title='bbox 2612 5190 2665 5242; x_wconf 87' lang='lat' dir='ltr'><strong>d.</strong></span> <span class='ocrx_word' id='word_1_771' title='bbox 2699 5207 2823 5260; x_wconf 89' lang='lat' dir='ltr'><strong>app.</strong></span> <span class='ocrx_word' id='word_1_772' title='bbox 2849 5190 2918 5243; x_wconf 82' lang='lat' dir='ltr'><strong>M.</strong></span> 
     </span>
    </p>
   </div>
   <div class='ocr_carea' id='block_1_118' title="bbox 2202 5206 3639 5328">
    <p class='ocr_par' dir='ltr' id='par_1_118' title="bbox 2202 5206 3639 5328">
     <span class='ocr_line' id='line_1_119' title="bbox 2202 5206 2918 5260; baseline -0.003 -16"><span class='ocrx_word' id='word_1_773' title='bbox 2202 5206 2290 5254; x_wconf 77' lang='grc' dir='ltr'><strong>ου)</strong></span> <span class='ocrx_word' id='word_1_774' title='bbox 2327 5206 2434 5242; x_wconf 78' lang='lat' dir='ltr'><strong>Mt</strong></span> <span class='ocrx_word' id='word_1_775' title='bbox 2471 5207 2587 5243; x_wconf 72' lang='lat' dir='ltr'><strong>sam</strong></span> <span class='ocrx_word' id='word_1_776' title='bbox 2612 5206 2665 5242; x_wconf 92' lang='lat' dir='ltr'><strong>a.</strong></span> <span class='ocrx_word' id='word_1_777' title='bbox 2699 5207 2823 5260; x_wconf 87' lang='lat' dir='ltr'><strong>app.</strong></span> <span class='ocrx_word' id='word_1_778' title='bbox 2849 5206 2918 5243; x_wconf 78' lang='lat' dir='ltr'><strong>in.</strong></span> 
     </span>
     <span class='ocr_line' id='line_1_120' title="bbox 2202 5206 3639 5328; baseline -0.003 -15"><span class='ocrx_word' id='word_1_779' title='bbox 2202 5259 2290 5328; x_wconf 75' lang='lat' dir='ltr'><strong>6i)</strong></span> <span class='ocrx_word' id='word_1_780' title='bbox 2317 5257 2380 5322; x_wconf 80' lang='grc' dir='ltr'><strong>Ο.</strong></span> <span class='ocrx_word' id='word_1_781' title='bbox 2500 5259 2554 5312; x_wconf 87' lang='lat' dir='ltr'><strong>d.</strong></span> <span class='ocrx_word' id='word_1_782' title='bbox 2585 5260 2948 5323; x_wconf 77' lang='lat' dir='ltr'><strong>introducunt,</strong></span> <span class='ocrx_word' id='word_1_783' title='bbox 2971 5276 3022 5328; x_wconf 87' lang='lat' dir='ltr'><strong>p.</strong></span> <span class='ocrx_word' id='word_1_784' title='bbox 3058 5274 3109 5328; x_wconf 90' lang='lat' dir='ltr'><strong>g.</strong></span> <span class='ocrx_word' id='word_1_785' title='bbox 3141 5265 3189 5328; x_wconf 82' lang='lat' dir='ltr'><strong>et</strong></span> <span class='ocrx_word' id='word_1_786' title='bbox 3218 5276 3270 5325; x_wconf 87' lang='lat' dir='ltr'><strong>p.</strong></span> <span class='ocrx_word' id='word_1_787' title='bbox 3297 5278 3343 5314; x_wconf 69' lang='grc' dir='ltr'><strong>δ.</strong></span> <span class='ocrx_word' id='word_1_788' title='bbox 3375 5278 3440 5313; x_wconf 86' lang='lat' dir='ltr'><strong>m.</strong></span> <span class='ocrx_word' id='word_1_789' title='bbox 3475 5259 3639 5314; x_wconf 78' lang='lat' dir='ltr'><strong>Mans.</strong></span> 
     </span>
    </p>
   </div>
   <div class='ocr_carea' id='block_1_119' title="bbox 2201 5327 3300 5401">
    <p class='ocr_par' dir='ltr' id='par_1_119' title="bbox 2201 5327 3300 5401">
     <span class='ocr_line' id='line_1_121' title="bbox 2201 5327 3300 5401; baseline 0.001 -18"><span class='ocrx_word' id='word_1_790' title='bbox 2201 5327 2287 5401; x_wconf 74' lang='lat'><strong>6‘2)</strong></span> <span class='ocrx_word' id='word_1_791' title='bbox 2321 5329 2500 5401; x_wconf 71' lang='lat' dir='ltr'><strong>Neque</strong></span> <span class='ocrx_word' id='word_1_792' title='bbox 2521 5328 2752 5401; x_wconf 63' lang='lat' dir='ltr'><strong>refutare</strong></span> <span class='ocrx_word' id='word_1_793' title='bbox 2778 5346 2839 5384; x_wconf 83' lang='lat' dir='ltr'><strong>ea</strong></span> <span class='ocrx_word' id='word_1_794' title='bbox 2869 5327 3027 5401; x_wconf 73' lang='lat' dir='ltr'><strong>digna</strong></span> <span class='ocrx_word' id='word_1_795' title='bbox 3053 5327 3106 5398; x_wconf 74' lang='grc' dir='ltr'><strong>ρ.</strong></span> <span class='ocrx_word' id='word_1_796' title='bbox 3131 5327 3300 5384; x_wconf 80' lang='lat' dir='ltr'><strong>Mans.</strong></span> 
     </span>
    </p>
   </div>
   <div class='ocr_carea' id='block_1_120' title="bbox 2173 5399 2735 5467">
    <p class='ocr_par' dir='ltr' id='par_1_120' title="bbox 2173 5399 2735 5467">
     <span class='ocr_line' id='line_1_122' title="bbox 2173 5399 2735 5467; baseline 0 -13"><span class='ocrx_word' id='word_1_797' title='bbox 2173 5400 2284 5467; x_wconf 75' lang='lat'><strong>(65)</strong></span> <span class='ocrx_word' id='word_1_798' title='bbox 2315 5399 2535 5454; x_wconf 73' lang='lat' dir='ltr'><strong>Obsistet</strong></span> <span class='ocrx_word' id='word_1_799' title='bbox 2566 5399 2735 5454; x_wconf 85' lang='lat' dir='ltr'><strong>Mans.</strong></span> 
     </span>
    </p>
   </div>
   <div class='ocr_carea' id='block_1_121' title="bbox 2181 5469 3098 5540">
    <p class='ocr_par' dir='ltr' id='par_1_121' title="bbox 2181 5469 3098 5540">
     <span class='ocr_line' id='line_1_123' title="bbox 2181 5469 3098 5540; baseline 0.001 -16"><span class='ocrx_word' id='word_1_800' title='bbox 2181 5471 2290 5540; x_wconf 60' lang='lat'><strong>(64)</strong></span> <span class='ocrx_word' id='word_1_801' title='bbox 2322 5470 2387 5523; x_wconf 86' lang='lat' dir='ltr'><strong>At</strong></span> <span class='ocrx_word' id='word_1_802' title='bbox 2417 5485 2480 5522; x_wconf 82' lang='lat' dir='ltr'><strong>ea:</strong></span> <span class='ocrx_word' id='word_1_803' title='bbox 2513 5469 2655 5522; x_wconf 79' lang='lat' dir='ltr'><strong>nobis</strong></span> <span class='ocrx_word' id='word_1_804' title='bbox 2684 5470 2899 5540; x_wconf 79' lang='lat' dir='ltr'><strong>quidam</strong></span> <span class='ocrx_word' id='word_1_805' title='bbox 2931 5471 3098 5526; x_wconf 83' lang='lat' dir='ltr'><strong>Mans.</strong></span> 
     </span>
    </p>
   </div>
   <div class='ocr_carea' id='block_1_122' title="bbox 2182 5539 3418 5614">
    <p class='ocr_par' dir='ltr' id='par_1_122' title="bbox 2182 5539 3418 5614">
     <span class='ocr_line' id='line_1_124' title="bbox 2182 5539 3418 5614; baseline 0.003 -23"><span class='ocrx_word' id='word_1_806' title='bbox 2323 5541 2380 5614; x_wconf 61' lang='grc' dir='ltr'><strong>ιξς</strong></span> <span class='ocrx_word' id='word_1_807' title='bbox 2412 5556 2548 5614; x_wconf 72' lang='lat' dir='ltr'><strong>nunc</strong></span> <span class='ocrx_word' id='word_1_808' title='bbox 2577 5539 2846 5614; x_wconf 77' lang='lat' dir='ltr'><strong>quo_q_ue...</strong></span> <span class='ocrx_word' id='word_1_809' title='bbox 2875 5559 2976 5594; x_wconf 81' lang='lat' dir='ltr'><strong>non</strong></span> <span class='ocrx_word' id='word_1_810' title='bbox 3014 5543 3324 5614; x_wconf 75' lang='lat' dir='ltr'><strong>ignoramus</strong></span> <span class='ocrx_word' id='word_1_811' title='bbox 3348 5539 3418 5596; x_wconf 75' lang='grc' dir='ltr'><strong>Μ.</strong></span> 
     </span>
    </p>
   </div>
   <div class='ocr_carea' id='block_1_123' title="bbox 2185 5608 2839 5668">
    <p class='ocr_par' dir='ltr' id='par_1_123' title="bbox 2185 5608 2839 5668">
     <span class='ocr_line' id='line_1_125' title="bbox 2185 5608 2839 5668; baseline -0.002 -5"><span class='ocrx_word' id='word_1_812' title='bbox 2185 5608 2293 5668; x_wconf 84' lang='grc'>(66)</span> <span class='ocrx_word' id='word_1_813' title='bbox 2337 5608 2399 5663; x_wconf 86' lang='lat' dir='ltr'><strong>Ut</strong></span> <span class='ocrx_word' id='word_1_814' title='bbox 2430 5609 2585 5663; x_wconf 86' lang='lat' dir='ltr'><strong>abest</strong></span> <span class='ocrx_word' id='word_1_815' title='bbox 2612 5626 2641 5662; x_wconf 88' lang='lat' dir='ltr'><strong>a</strong></span> <span class='ocrx_word' id='word_1_816' title='bbox 2670 5608 2839 5663; x_wconf 82' lang='lat' dir='ltr'><strong>Mans.</strong></span> 
     </span>
    </p>
   </div>
   <div class='ocr_carea' id='block_1_124' title="bbox 2184 5675 2880 5748">
    <p class='ocr_par' dir='ltr' id='par_1_124' title="bbox 2184 5675 2880 5748">
     <span class='ocr_line' id='line_1_126' title="bbox 2184 5675 2880 5748; baseline 0.009 -20"><span class='ocrx_word' id='word_1_817' title='bbox 2184 5675 2296 5748; x_wconf 82' lang='lat'><strong>(67)</strong></span> <span class='ocrx_word' id='word_1_818' title='bbox 2336 5679 2688 5748; x_wconf 72' lang='lat' dir='ltr'><strong>Ampliludinc</strong></span> <span class='ocrx_word' id='word_1_819' title='bbox 2716 5679 2880 5734; x_wconf 82' lang='lat' dir='ltr'><strong>Garn.</strong></span> 
     </span>
    </p>
   </div>
  </div>
