3962 6204
341 349 479 418 1469
1664 349 1914 410 EPISTC

2063 353 2333 414 CLXVII.
3440 341 3577 412 1470

337 469 743 527 Christianismi
799 469 1118 539 doctrinas;
1168 487 1346 540 neque
1407 479 1594 525 nostra
1645 484 1899 541 magnum
1930 474 1975 530 Α
2005 477 2087 525 tes
2140 472 2284 541 quod
2335 470 2559 541 paciﬁca
2616 482 2672 526 et
2719 471 2955 525 fraterne
3023 469 3353 540 qumstioncs
3384 506 3401 533 ,
3456 484 3579 538 qua:

338 562 549 632 aliquid
578 569 765 628 erunt,
790 563 953 618 nobis
987 561 1265 618 discordia
1309 560 1707 625 laborantibus,
1733 561 1909 616 nemi-
2010 574 2188 629 nuper
2227 568 2428 615 exortae
2475 566 2639 626 sunt,
2694 559 3083 628 inquirantur;
3139 572 3331 611 verum
3372 570 3576 610 conve-

340 670 519 726 neque
553 654 851 711 exsistcnte
892 655 1040 726 apud
1083 654 1227 720 illos,
1266 655 1361 724 qui
1395 653 1660 724 dijudicet
1685 671 1701 720 ;
1727 667 1908 723 neque
2009 650 2292 705 nientibus
2345 651 2602 706 omnibus
2661 649 3021 721 pientissimis
3073 647 3347 719 episcOpis
3373 688 3388 714 ,
3437 646 3574 701 nihil

339 746 463 814 quis
487 746 722 817 geminis
755 745 1186 802 communicabit
1215 745 1402 801 verbis
1425 753 1481 800 et
1514 744 1906 810 sacramentis;
2009 742 2217 813 profuit
2241 743 2425 797 lectio.

339 851 517 905 neque
543 846 694 893 certe
716 837 803 907 pie
825 852 857 891 a
900 836 1067 891 tantis
1096 837 1351 892 Patribus
1380 845 1437 892 et
1475 835 1911 891 incondemnatis
2085 831 2295 906 1342
2316 834 2480 889 Venit
2498 834 2700 889 nobilis
2722 834 2996 889 Palladius
3014 833 3421 904 Magistrianus,
3442 832 3579 887 alias

340 927 548 982 sanctis
575 926 866 981 desciscet.
910 925 1016 981 Sed
1065 943 1246 997 neque
1288 927 1440 997 regni
1482 925 1771 982 commoda
1810 925 1910 979 tri-
2008 934 2205 979 vestrae
2230 925 2529 996 majestatis
2558 926 2767 980 litteras
2799 924 3053 989 afferens,
3082 925 3340 979 docentes
3368 924 3578 979 rescin-

341 1013 561 1068 buenda
605 1021 769 1069 erunt
799 1015 908 1078 his,
941 1015 1037 1084 qui
1084 1014 1302 1070 diversa
1342 1016 1487 1069 inter
1528 1029 1586 1068 se
1623 1012 1908 1076 sentiunt;
2011 1015 2187 1070 denda
2237 1032 2358 1071 esse
2407 1018 2590 1071 omnia
2651 1029 2771 1086 qua:
2830 1015 3236 1085 particulariter
3281 1015 3579 1069 constituta

340 1118 519 1172 neque
549 1119 750 1173 parvus
775 1105 901 1160 inde
937 1104 1209 1176 risus(68)
1238 1105 1459 1174 pietatis
1480 1103 1732 1158 hostibus
1766 1103 1913 1158 exci—
2009 1105 2251 1171 fuerant,
2301 1114 2357 1161 et
2399 1106 2693 1161 concilium
2739 1105 2923 1159 denuo
2965 1106 3436 1175 congregandum,
3481 1119 3579 1156 ve—

344 1193 589 1259 tabitur;
623 1202 679 1248 et
725 1195 1011 1250 innumera
1068 1195 1174 1249 alia
1234 1194 1484 1265 malignae
1543 1193 1913 1249 contentionis
2009 1212 2242 1266 rumque
2293 1196 2488 1267 dogma
2533 1197 2909 1251 sanciendum.
2956 1196 3342 1263 Contemptum
3366 1202 3449 1248 est
3481 1210 3579 1248 au-

345 1283 588 1352 ipsorum
616 1285 742 1353 quis
770 1285 1112 1338 cnumcrarit
1146 1283 1514 1338 nocumenta?

416 1371 471 1427 Si
502 1373 630 1442 quis
657 1380 841 1427 autem
865 1383 952 1429 est
1001 1375 1097 1443 qui
1128 1373 1453 1444 parvifaciat
1486 1373 1792 1428 caelestium
1828 1388 1916 1427 ra-

344 1466 574 1533 tionem,
625 1468 751 1522 talis
787 1468 858 1523 sit
900 1468 1089 1539 potius
1124 1468 1441 1538 quicunque
1465 1466 1618 1530 olim,
1644 1481 1809 1536 quam
1846 1466 1914 1531 is,

344 1558 432 1612 cui
451 1574 669 1613 omnem
692 1559 845 1614 orbis
870 1566 1198 1627 potestatem
1218 1557 1482 1613 Dominus
1502 1557 1676 1612 dedit.
1703 1558 1916 1613 Nostras

343 1657 526 1704 autem
561 1665 758 1720 preces
793 1660 943 1713 sunt,
972 1658 1033 1705 ut
1049 1650 1320 1721 judicium
1354 1666 1382 1704 a
1414 1656 1509 1703 tua
1544 1649 1745 1719 pietate
1773 1649 1915 1705 acci-

341 1739 862 1808 piamus:mentem
910 1741 1058 1796 enim
1108 1751 1260 1795 tuam
1297 1739 1366 1795 ad
1407 1748 1651 1796 exactam
1690 1756 1910 1807 eorum,

341 1847 464 1901 qua:
496 1831 874 1901 inquiruntur,
899 1832 1449 1902 comprehensionem
1472 1831 1630 1902 gDcus
1664 1832 1907 1888 inducet.

403 1921 658 1989 Demum,
712 1922 759 1978 si
801 1922 937 1993 quid
982 1937 1131 1977 nunc
1168 1922 1491 1992 prohiberet
1533 1921 1732 1994 (neque
1764 1922 1912 1978 enim

346 2018 453 2066 tua:
474 2011 696 2083 pietatis
715 2013 933 2084 negotia
961 2012 1147 2068 omnia
1171 2023 1301 2069 nota
1324 2027 1446 2069 esse
1471 2012 1749 2085 possunt),
1774 2013 1917 2084 peti-

341 2119 470 2159 mus
498 2120 528 2158 a
554 2112 648 2159 tua
673 2104 996 2171 serenitate,
1023 2114 1084 2159 ut
1106 2105 1175 2160 ad
1200 2105 1426 2174 propria
1447 2112 1567 2159 tuto
1590 2114 1647 2160 et
1682 2104 1916 2160 feliciter

341 2198 706 2268 commigrare
751 2198 911 2254 nobis
956 2198 1139 2277 liceat.
1191 2198 1328 2253 Nam
1379 2197 1629 2252 videmus
1665 2197 1915 2253 civitates

341 2289 504 2345 nobis
534 2289 856 2345 commissas
891 2306 959 2345 ex
990 2291 1083 2345 tali
1115 2305 1268 2345 mora
1306 2306 1422 2346 non
1451 2306 1647 2361 parum
1681 2290 1912 2356 offendi,

341 2388 570 2450 propter
610 2396 727 2446 eos,
768 2381 864 2451 qui
898 2382 1064 2438 etiam
1119 2382 1176 2437 in
1212 2383 1381 2439 rebus
1423 2383 1549 2453 piis,
1585 2392 1648 2439 ut
1673 2384 1914 2449 videtur,

339 2470 749 2526 contentionem
806 2482 1060 2540 quaerunt
1083 2512 1099 2539 ,
1166 2473 1316 2529 nulla
1382 2473 1509 2530 inde
1557 2473 1915 2544 proveniento

340 2561 599 2618 utilitate.

339 2673 587 2745 CLXVII.
610 2674 889 2745 ——AAuera
910 2674 1220 2745 earumdem
1272 2675 1454 2745 petitio
1484 2673 1595 2744 (69)
1629 2693 1657 2729 ε
1697 2673 1917 2731 Calche-

446 2744 580 2797 dona
619 2743 731 2813 (70)
781 2745 851 2798 ad
899 2744 1243 2798 Theodosium
1274 2743 1582 2814 Augustum
1625 2746 1807 2799 missa.

410 2833 798 2904 Sarpenumero
830 2834 1090 2904 pietatem
1114 2843 1375 2899 vestram,
1404 2842 1461 2890 et
1488 2850 1588 2904 per
1610 2850 1712 2892 nos
1734 2835 1913 2904 ipsos,

340 2933 396 2978 et
430 2939 529 2993 per
562 2939 678 2990 eos,
705 2925 801 2993 qui
834 2939 866 2979 a
889 2924 1049 2979 nobis
1083 2923 1234 2978 missi
1260 2931 1409 2988 sunt,
1434 2923 1746 2984 docuimus.
1767 2923 1916 2992 quod

344 3023 509 3071 rectae
542 3015 669 3072 fidei
699 3016 894 3087 dogma
917 3014 1261 3084 corruptioni
1292 3014 1589 3069 obnoxium
1630 3014 1913 3081 videatur,

2010 1298 2122 1345 tem
2155 1299 2211 1346 et
2246 1290 2372 1354 hoc,
2402 1306 2553 1345 more
2588 1291 2769 1355 solito,
2814 1292 2963 1360 pium
2993 1297 3232 1343 vestrum
3265 1286 3577 1341 mandatum

2010 1383 2082 1440 ab
2112 1383 2220 1449 his,
2252 1383 2346 1454 qui
2381 1383 2565 1438 omnia
2600 1383 2822 1437 audent.

2082 1479 2100 1498 '
2131 1475 2367 1531 Advenit
2423 1490 2613 1530 rursus
2684 1473 3257 1544 magnificentissimus
3328 1472 3582 1542 magister

2009 1568 2267 1632 Joannes,
2293 1565 2387 1636 qui
2422 1575 2553 1621 tunc
2576 1580 2759 1620 comes
2785 1564 3030 1619 omnium
3056 1564 3427 1633 largitionum,
3447 1561 3582 1614 alias

2012 1658 2211 1714 iterum
2242 1659 2479 1713 aﬂ‘erens
2508 1658 2744 1721 litteras,
2777 1654 3325 1728 signiﬁcantes,quod
3349 1669 3377 1706 a
3400 1661 3581 1706 vestra

2012 1748 2295 1818 majestate
2330 1747 2494 1801 trium
2531 1746 2901 1816 depositiones
2942 1746 3173 1800 decreta:
3209 1751 3357 1808 sunt,
3383 1742 3581 1796 tollen-

2012 1837 2191 1907 daque
2222 1853 2253 1893 e
2288 1837 2468 1893 medio
2491 1838 2713 1892 suborta
2730 1836 3082 1901 offendicula,
3106 1835 3387 1904 solamque
3420 1831 3580 1885 fidem

2014 1928 2069 1982 in
2101 1929 2279 1984 Nicaea
2303 1928 2605 1998 expositam
2639 1944 2668 1982 a
2699 1927 2905 1983 sanctis
2931 1936 2987 1982 et
3018 1926 3194 1981 beatis
3222 1922 3581 1986 Patribus,ab

2011 2017 2271 2072 omnibus
2306 2016 2756 2073 confirmandam.
2797 2015 3142 2087 Transgressi
3197 2022 3344 2078 sunt,
3390 2021 3450 2067 ut
3491 2028 3582 2067 so-

2012 2110 2148 2176 lent,
2176 2120 2233 2166 et
2257 2110 2398 2166 hanc
2434 2112 2610 2182 legem
2638 2111 2699 2175 ii,
2743 2109 2839 2180 qui
2873 2109 3056 2163 omnia
3089 2123 3188 2178 pro
3215 2105 3453 2161 ludibrio
3489 2105 3584 2159 ha-

2012 2198 2165 2254 bent.
3182 2216 3187 2221 ·

2077 2291 2371 2347 Enimvero
2399 2308 2502 2347 nec
2542 2300 2664 2362 post
2696 2290 2985 2345 lectionem
3041 2305 3073 2343 a
3126 2287 3321 2358 coeptis
3352 2284 3582 2341 destite-

2013 2391 2163 2447 runt,
2218 2391 2274 2437 et
2323 2382 2764 2437 communionem
2815 2380 3061 2436 habuere
3110 2394 3235 2434 cum
3294 2376 3581 2447 depositis,

2014 2472 2492 2543 memineruntque
2522 2473 2632 2544 (75)
2648 2488 2861 2537 eorum,
2890 2478 3149 2542 tanquam
3174 2470 3583 2540 episcoporum,

2012 2577 2125 2618 non
2156 2563 2538 2632 permittentes
2602 2573 2664 2618 ut
2712 2562 2951 2633 capitula
2987 2562 3110 2627 ista,
3154 2560 3211 2615 in
3247 2560 3508 2615 damnum
3530 2565 3587 2614 et

2014 2654 2424 2722 corruptionem
2483 2654 2585 2723 pia:
2630 2653 2756 2707 ﬁdei
2812 2653 3081 2723 exposita,
3117 2650 3583 2721 exploderentur;

2016 2744 2230 2800 tametsi
2264 2760 2294 2799 a
2319 2744 2481 2800 nobis
2511 2744 2578 2799 ad
2611 2744 2942 2816 colloquium
2966 2744 3165 2815 saepius
3190 2741 3441 2797 accersiti
3471 2739 3589 2795 fue-

2015 2831 2148 2886 rint.
2205 2832 2552 2889 Habebamus
2591 2835 2738 2889 enim
2787 2834 2842 2888 in
2892 2840 3147 2902 promptu
3203 2829 3585 2886 hazreticorum

2016 2922 2384 2992 capitulorum
2415 2931 2757 2993 argumenta.

2088 3013 2296 3069 Horum
2329 3012 2492 3068 nobis
2526 3013 2680 3069 testis
2721 3018 2806 3067 est
2851 3009 3424 3083 magniﬁcentissimus
3464 3022 3585 3062 ma-

341 3111 399 3159 et
428 3104 577 3174 quod
617 3105 654 3159 ii
696 3104 1009 3176 discerpere
1044 3105 1337 3159 videantur
1394 3104 1651 3161 Ecclesia:
1688 3121 1912 3177 corpus,
1939 3131 1983 3189 ρ
2016 3103 2317 3176 gister,qui
2338 3103 2500 3158 nobis
2530 3111 2587 3159 et
2613 3101 2722 3157 illis
2750 3101 2913 3158 tertio
2941 3116 3005 3157 ac
3031 3108 3228 3170 quarto
3247 3100 3583 3164 convocatis,

341 3193 437 3262 qui
464 3194 645 3249 omnia
679 3209 880 3264 susque
910 3193 1087 3264 deque
1118 3192 1325 3265 135.1
1363 3192 1591 3260 faciunt,
1608 3205 1667 3250 et
1695 3211 1915 3251 omnem

341 3283 768 3339 ecclesiasticam
816 3283 1287 3347 constitutionem,
1336 3296 1664 3350 omnemque
1710 3285 1916 3353 regiam

338 3373 509 3444 legem
527 3374 1244 3441 conculcant,universaque
1254 3371 1415 3426 simul
1427 3372 1767 3428 confundunt
1782 3375 1914 3445 (71),

340 3475 401 3520 ut
440 3468 746 3537 expositam
795 3465 1046 3521 haeresim
1070 3479 1103 3518 a
1134 3462 1340 3536 Cyrillo
1377 3463 1747 3519 Alexandrino
1784 3480 1916 3519 con-

342 3556 583 3611 firment.

407 3648 543 3703 Nam
580 3647 675 3703 ubi
710 3647 821 3720 (72)
852 3664 883 3701 a
915 3659 1096 3702 vestra
1130 3646 1333 3717 pietate
1359 3647 1414 3701 in
1436 3647 1713 3716 Ephesum
1739 3649 1916 3704 vocati

341 3754 553 3804 sumus,
572 3738 640 3792 ad
666 3738 1023 3808 inquirendas
1043 3736 1151 3809 (75)
1167 3737 1517 3807 quaestiones,
1536 3754 1657 3809 qua:
1679 3739 1916 3809 pullula-

342 3841 504 3897 runt,
555 3841 611 3887 et
654 3832 722 3886 ad
757 3830 1187 3886 confirmandam
1240 3829 1402 3885 ﬁdem
1451 3831 1825 3902 evangelicam
1860 3843 1918 3887 et

342 3924 699 3994 apostolicam
736 3938 767 3977 a
803 3922 1008 3977 sanctis
1038 3920 1295 3976 Patribus
1324 3921 1649 3991 expositam,
1673 3922 1917 3978 nondum

339 4013 601 4070 omnibus
644 4011 1012 4083 praesentibus
1050 4008 1365 4066 convocatis
1406 4012 1699 4082 episcopis,
1742 4012 1781 4067 ii
1821 4013 1916 4083 qui

339 4105 673 4175 particulare
739 4102 1033 4159 concilium
1101 4102 1445 4169 habuerunt,
1496 4102 1753 4164 haeretica
1826 4103 1917 4159 illa

341 4196 545 4267 capita,
577 4210 701 4266 quae
738 4209 863 4249 cum
895 4192 1033 4259 Arii,
1085 4202 1142 4248 et
1192 4192 1469 4257 Eunomii,
1505 4200 1562 4249 ct
1594 4192 1914 4263 Apollinarii

339 4286 621 4357 impietate
653 4282 1012 4345 conveniunt,
1048 4280 1269 4352 scriptis
1300 4281 1710 4336 commentariis
1749 4281 1915 4335 robo-

2014 3203 2071 3250 et
2107 3195 2224 3251 haec
2244 3210 2347 3251 nec
2370 3194 2710 3269 praetendere
2732 3194 2961 3260 audens,
2995 3202 3222 3263 propter
3256 3190 3477 3246 illorum
3502 3190 3586 3245 in-

2014 3284 2402 3350 obedientiam,
2438 3300 2619 3354 operae
2637 3285 2873 3355 pretium
2896 3284 3052 3340 duxit
3088 3281 3316 3353 posthac
3347 3281 3455 3336 huc
3487 3296 3585 3337 nos

2014 3389 2213 3429 vocare
2221 3413 2235 3429 ο

2085 3465 2421 3521 Advenimus
2452 3464 2588 3519 nihil
2636 3472 2919 3529 remorati,
2957 3480 3060 3520 nec
3091 3466 3422 3534 quievimus,
3454 3480 3580 3520 cum

2015 3556 2125 3610 huc
2155 3556 2504 3626 pervenimus
2533 3556 2666 3627 (76),
2702 3563 2756 3610 et
2788 3555 2933 3625 apud
2952 3564 3187 3610 vestram
3211 3556 3488 3625 pietatem,
3529 3564 3585 3610 et

2014 3648 2159 3716 apud
2200 3647 2410 3702 illustre
2468 3647 2853 3702 consistorium
2879 3687 2894 3712 ,
2947 3647 3334 3710 obsecrantes,
3377 3654 3441 3700 ut
3480 3646 3582 3715 ipsi

2014 3750 2292 3796 certamen
2319 3739 2423 3793 hoc
2457 3755 2558 3808 pro
2586 3739 2845 3810 capitulis
2876 3739 3240 3809 susciperent,
3274 3754 3340 3793 ac
3376 3738 3431 3793 in
3468 3739 3582 3794 col-

2014 3830 2259 3900 loquium
2306 3827 2579 3893 venirent,
2625 3829 2712 3883 vel
2757 3843 2824 3883 ea
2868 3837 3127 3898 tanquam
3161 3829 3337 3883 aliena
3367 3843 3398 3882 a
3431 3836 3580 3882 recta

2017 3921 2123 3976 (ide
2155 3918 2531 3989 exploderent,
2547 3928 2832 3975 manentes
2857 3919 2914 3974 in
2939 3918 3053 3975 sola
3076 3919 3418 3989 expositione
3455 3916 3582 3972 ﬁdei

2016 4009 2301 4063 beatorum
2331 4009 2573 4074 Patrum,
2609 4009 2703 4079 qui
2740 4009 2793 4063 in
2828 4008 3009 4064 Nicaea
3043 4016 3416 4063 convenerunt
3443 4003 3577 4077 (77).

2084 4100 2154 4155 Et
2178 4100 2237 4154 hi
2265 4099 2486 4171 quidem
2516 4101 2655 4156 nihil
2678 4101 2878 4156 horum
2916 4100 3094 4154 facere
3121 4100 3445 4165 voluerunt;
3483 4099 3579 4154 sed

2015 4200 2300 4248 manentes
2342 4192 2398 4247 in
2437 4192 2693 4247 haeretica
2740 4192 3113 4256 contentione,
3168 4190 3421 4261 permissi
3454 4200 3583 4246 sunt

2014 4281 2273 4338 ecclesias
2294 4281 2666 4352 frequentare,
2693 4291 2750 4336 et
2771 4281 3077 4337 sacerdotio
3103 4280 3252 4350 fungi
3283 4298 3296 4333 :
3326 4295 3426 4334 nos
3446 4294 3582 4334 vero

342 4384 555 4432 rarunt.
588 4376 668 4440 Et
718 4375 856 4429 alios
901 4372 1122 4443 quidem
1172 4371 1544 4441 deceperunt;
1601 4372 1738 4428 alios
1782 4388 1916 4429 vero
2017 4374 2204 4446 synaxi
2243 4372 2492 4429 destituti
2534 4373 2836 4428 mansimus
2887 4379 3041 4426 tanto
3105 4378 3370 4439 tempore,
3415 4378 3471 4423 et
3525 4370 3581 4422 in

343 4477 692 4533 terruerunt;
745 4466 884 4520 alios
935 4472 1118 4518 autem
1170 4463 1237 4518 de
1272 4463 1470 4518 haeresi
1525 4474 1808 4519 accusatos
1850 4465 1905 4519 in
1941 4476 1979 4529 ο
2009 4466 2307 4536 Epheso,et
2340 4465 2431 4519 hic
2466 4464 2575 4537 (78)
2610 4479 2757 4519 nunc
2781 4479 2795 4529 ;
2818 4463 3216 4533 innumeraque
3250 4460 3492 4531 pericula
3525 4467 3582 4514 et

341 4558 780 4615 communionem
816 4562 1203 4624 susceperunt,
1236 4561 1291 4607 et
1322 4552 1463 4617 aliis,
1496 4553 1590 4623 qui
1623 4568 1733 4608 non
1766 4568 1918 4608 com-
2015 4555 2127 4611 illic
2159 4565 2216 4610 et
2269 4553 2360 4609 hic
2393 4554 2721 4625 pertulimus
2755 4572 2767 4608 :
2823 4561 2879 4609 et
2917 4568 3042 4608 cum
3082 4551 3474 4622 lapidaremur,
3523 4556 3581 4604 et

341 4647 717 4712 municabant,
748 4645 1089 4707 mercedem,
1128 4651 1187 4697 ut
1233 4644 1720 4708 communicarent,
1753 4645 1919 4700 dede-

343 4747 507 4803 .unt;
535 4737 674 4792 alios
705 4736 924 4790 demum
951 4750 1046 4804 spe
1082 4733 1354 4788 honorum
1381 4732 1514 4804 (74),
1543 4734 1745 4804 quibus
1771 4735 1915 4789 indi-

343 4828 434 4898 gni
482 4833 658 4892 erant,
699 4825 1112 4881 accenderunt:
1146 4834 1201 4880 et
1237 4824 1312 4878 ita
1352 4824 1457 4879 sibi
1501 4827 1911 4883 multitudinem

342 4924 765 4991 congregarunt,
807 4913 963 4986 quasi
1007 4914 1354 4977 nescientes,
1395 4914 1543 4983 quod
1577 4914 1722 4984 piam
1776 4916 1906 4971 reli-

342 5009 557 5079 gionem
593 5025 704 5064 non
738 5007 1056 5072 multitudo,
1091 5005 1189 5060 sed
1220 5004 1424 5060 veritas
1450 5005 1708 5060 ostendit.

413 5100 613 5154 lterum
634 5099 787 5153 lectae
805 5104 934 5152 sunt
966 5104 1161 5152 vestrae
1194 5094 1417 5166 pietatis
1448 5094 1644 5150 litterae
1672 5112 1772 5167 per
1795 5112 1909 5152 ma-

340 5188 850 5263 gnificentissimum
874 5188 1131 5243 comitem
1159 5186 1578 5251 Candidianum,
1595 5187 1907 5259 signiﬁcan-

435 5324 523 5393 68)
557 5324 686 5379 Usus
703 5323 874 5378 Mansi
896 5323 951 5377 in
977 5331 1147 5393 textu,
1175 5325 1228 5378 in
1262 5324 1524 5393 margine,
1552 5340 1728 5379 ausus.

434 5391 522 5474 69)
546 5394 641 5449 Est
700 5393 737 5474 ξ.
790 5391 1025 5474 οπερρίι
1084 5393 1252 5474 hiansi
1273 5391 1454 5474 _t_._i‘v,
1488 5410 1542 5463 p.
1583 5394 1719 5449 uos
1758 5412 1899 5466 scq.,

340 5461 542 5521 cx'alia
574 5463 827 5532 versione
858 5461 1152 5532 inigSynod.
1184 5479 1231 5513 (τ.
1273 5464 1362 5517 54.

435 5532 523 5587 70)
556 5528 884 5587 Chalcedene
912 5526 982 5585 Μ.

436 5600 520 5668 71)
560 5600 917 5668 Confuderunt
950 5600 1117 5655 Mans.

436 5672 521 5733 72)
551 5670 615 5726 Ut
649 5673 817 5726 Mans.

421 5738 523 5813 [75)
560 5740 935 5814 Inquirendum
968 5738 1135 5795 Mans.

2012 4653 2222 4700 tantum
2242 4658 2353 4700 non
2379 4644 2739 4714 perderemur
2765 4659 2795 4698 a
2831 4645 3024 4707 servis,
3053 4642 3448 4698 monachorum
3480 4641 3578 4695 ha-

2012 4738 2129 4793 bitu
2154 4736 2381 4801 indutis,
2407 4736 2538 4791 boni
2568 4737 2967 4803 consuluimus,
2999 4744 3189 4806 utpote
3231 4748 3332 4805 pro
3376 4734 3583 4806 pietate

2014 4828 2137 4882 talia
2166 4827 2402 4893 libenter
2436 4827 2796 4896 perferentes.

2084 4918 2213 4972 Post
2249 4917 2367 4973 haec
2398 4918 2576 4973 visum
2618 4927 2704 4974 est
2745 4928 2940 4973 vestrae
2973 4917 3262 4989 maiestati,
3292 4923 3354 4969 ut
3379 4916 3582 4970 iterum

2011 5022 2112 5062 nos
2143 5023 2207 5063 ac
2240 5008 2318 5062 illi
2343 5017 2860 5074 convocaremur,ut
2893 5006 3003 5079 (79)
3024 5008 3092 5062 ad
3114 5004 3439 5076 inquirenda
3472 5004 3579 5060 do-

2010 5109 2192 5170 gmata
2216 5100 2598 5156 inobedientes
2619 5100 3095 5171 compellerentur.
3118 5097 3245 5153 Haec
3271 5106 3331 5152 ut
3360 5094 3579 5158 fierent,

2013 5190 2173 5246 nobis
2216 5191 2682 5261 exspectantibus,
2736 5198 2917 5246 vestra
2967 5189 3141 5259 pietas
3192 5188 3248 5242 in
3296 5186 3579 5242 civitatem

2083 5325 2192 5393 (74)
2231 5326 2457 5381 Honoris
2485 5324 2722 5380 habebat
2745 5322 2890 5393 vulg.
2928 5330 3124 5377 textus.

2083 5393 2193 5461 (75)
2224 5397 2287 5450 Et
2317 5396 2661 5450 meminerunt
2680 5393 2849 5448 Maus.

2081 5456 2191 5534 (76)
2244 5464 2419 5519 Donec
2469 5468 2569 5534 huc
2624 5463 3005 5534 perveniremus
3054 5460 3222 5515 Mans.
3247 5457 3353 5534 Sed
3404 5456 3576 5514 Gam.

2005 5527 2354 5589 lcc‘tio'etiam
2384 5551 2506 5589 cum
2539 5527 2806 5602 Synodico
2840 5532 3008 5602 magis
3040 5527 3329 5588 consentit.

2080 5605 2191 5673 (77)
2221 5592 2773 5659 Convenerant'Mans.

2085 5674 2194 5739 (78)
2231 5674 2324 5727 llic
2353 5673 2507 5728 abest
2537 5691 2566 5728 a
2598 5673 2767 5728 Mans.

2086 5742 2194 5815 (79)
2230 5743 2293 5797 Et
2320 5743 2471 5799 addit
2493 5744 2660 5798 Mans.
