3962 6204
394 272 526 337 1471

1392 259 1873 324 THEODORETI
1914 254 2247 315 EPISCOPI
2288 249 2648 311 CYRENSIS

3489 235 3621 299 H72

394 382 639 455 profecta
672 387 775 444 est,
801 386 856 433 et
887 392 983 432 eos
1008 375 1250 444 quidem,
1277 372 1370 441 qui
1401 371 1467 424 de
1506 368 1701 423 hmresi
1744 379 1963 419 accusa-
1992 367 2032 421 Α
2066 361 2217 414 tinue
2239 360 2307 413 ab
2330 374 2396 413 eo
2425 356 2533 421 die,
2571 371 2680 424 quo
2725 353 3000 421 Ephesum
3038 345 3411 417 pervenimus,
3448 360 3629 413 usque

397 477 622 537 bantur,
676 482 732 526 et
772 480 994 541 propter
1020 468 1146 531 hoc,
1183 466 1319 520 alios
1369 481 1436 519 ex
1483 464 1571 517 his
1608 460 1885 530 depositos
1932 474 1962 510 a

394 566 583 629 nobis,
610 563 745 617 alios
778 576 906 615 vero
940 557 1458 618 excommunicatos,
1483 565 1537 608 et
1572 553 1769 606 deinde
1802 564 1965 603 cano-

395 656 543 710 nicis
588 653 765 724 pomis
819 649 1228 719 subjiciendos;
1291 646 1548 716 pnecepit
1602 645 1652 697 in
1688 642 1962 696 civitatem

394 749 603 810 venire,
622 743 926 799 sacerdotio
948 740 1100 809 fungi
1119 749 1173 793 et
1197 739 1453 793 ordinare
1480 735 1588 807 (80)
1613 778 1623 788 .
1664 734 1775 788 Nos
1807 747 1960 793 vero,

401 838 495 906 qui
552 852 652 905 pro
702 835 906 903 pietate
959 840 1170 885 tantum
1215 838 1489 884 certamen
1513 826 1873 895 suscepimus,
1910 830 1965 876 et

396 943 498 997 pro
521 926 684 980 rectis
705 923 1052 994 dogmatibus
1082 922 1292 975 nullum
1330 936 1438 973 non
1471 918 1773 988 periculum
1798 914 1964 969 susti-

401 1019 645 1079 nuimus,
692 1031 869 1084 neque
906 1012 1115 1084 ingredi
1140 1013 1194 1065 in
1221 1011 1495 1066 civitatem
1522 1009 1704 1080 jussit,
1738 1016 1799 1061 ut
1840 1004 1965 1059 ﬁdei

401 1108 767 1181 periclitantis
802 1107 1077 1175 negotium
1104 1120 1405 1175 ageremus,
1436 1110 1490 1156 et
1521 1117 1621 1170 pro
1662 1100 1826 1152 rectis
1864 1096 1964 1150 do-

400 1200 674 1271 gmatibus
726 1212 1065 1267 urgeremus,
1105 1212 1281 1264 neque
1309 1196 1375 1249 ad
1421 1192 1638 1263 prOpria
1671 1189 1965 1258 remigrare

401 1290 688 1361 permisit;
728 1288 823 1342 sed
849 1302 1039 1341 sumus
1076 1286 1129 1339 in
1159 1284 1501 1339 Calchedone
1539 1282 1649 1353 (8t)
1683 1282 1884 1342 tristes,
1912 1285 1967 1332 et

407 1394 689 1454 gementes
713 1382 766 1433 in
789 1379 1056 1442 Ecclesia,
1080 1394 1201 1446 qua:
1234 1382 1521 1430 exercetur
1550 1372 1859 1427 schismate.

474 1473 683 1526 Idcirco
708 1470 799 1539 qui
825 1470 1032 1522 nullum
1070 1482 1387 1537 responsum
1422 1464 1752 1525 obtinemus,
1784 1474 1970 1514 neces-

404 1560 607 1612 sarium
639 1558 893 1611 duximus
949 1564 1007 1609 ut
1036 1556 1396 1625 praesentibus
1426 1552 1622 1607 litteris
1651 1553 1969 1605 doceremus

404 1656 640 1701 vestram
683 1646 963 1714 pietatem,
1007 1660 1187 1698 coram
1232 1645 1341 1697 Deo
1394 1651 1442 1694 cut
1484 1641 1700 1695 Christo
1738 1640 1855 1708 ipso
1907 1650 1969 1691 ac

2066 451 2119 502 in
2149 450 2494 503 hodiernum.

2137 539 2521 592 Verumtamen
2556 545 2615 588 ut
2644 533 2884 593 videtur,
2924 529 3061 582 nihil
3102 527 3263 581 nobis
3317 524 3528 595 profuit
3575 522 3634 575 in

2064 627 2169 680 hoc
2199 626 2397 679 smeulo
2431 624 2698 677 modestia
2729 630 2946 684 nostra;
2980 620 3088 671 imo
3109 616 3273 670 etiam
3305 617 3633 684 plurimum,

2065 726 2125 769 ut
2158 716 2425 778 videmus,
2474 714 2670 767 obfuit.
2714 713 2848 767 Nam
2897 725 2997 763 nos
3034 708 3278 777 quidem.
3305 706 3501 774 quisic
3533 719 3641 756 nos

2065 805 2397 866 habuimus,
2444 808 2458 825 '
2505 818 2676 872 usque
2732 802 2787 855 in
2842 809 3163 870 praesentem
3217 798 3362 850 diem
3392 794 3641 863 Calche—

2066 896 2207 950 done
2237 895 2445 949 detenti
2491 909 2681 947 sumus
2712 892 2845 961 (85),
2896 905 3041 943 nunc
3081 897 3265 942 autem
3303 887 3369 940 ad
3408 885 3637 955 propria

2066 986 2417 1040 dimittimur.
2462 985 2693 1046 llivero,
2724 982 2816 1051 qui
2845 979 3027 1033 omnia
3053 978 3442 1039 confuderunt.
3461 985 3519 1029 et
3544 990 3638 1028 or—

2066 1080 2189 1134 bem
2234 1080 2408 1133 turbis
2461 1078 2846 1145 impleverunt,
2901 1083 2956 1127 et
3001 1072 3277 1127 Ecclesias
3319 1070 3641 1138 discerpere

2068 1170 2425 1230 contendunt,
2469 1178 2525 1221 et
2558 1168 2817 1236 pietatem
2859 1164 3148 1218 manifeste
3176 1170 3519 1231 oppugnant,
3558 1176 3645 1213 sa-

2068 1262 2311 1316 cerdotio
2348 1260 2674 1329 funguntur,
2722 1256 2981 1310 ecclesias
3024 1261 3395 1323 congregant,
3442 1260 3530 1314 et,
3577 1258 3646 1302 ut

2068 1360 2290 1421 putant,
2335 1351 2723 1405 auctoritatem
2760 1346 3049 1401 ordinandi
3093 1345 3324 1408 habent,
3372 1342 3644 1397 nimirum

2069 1441 2259 1494 illicite
2285 1439 2353 1493 ab
2383 1439 2492 1492 illis
2515 1438 2744 1507 petitam
2770 1453 2782 1499 ;
2814 1435 3111 1490 seditiones
3142 1434 3196 1486 in
3219 1433 3459 1487 Ecclesia
3491 1432 3648 1485 exci-

2071 1540 2188 1586 tant
2218 1549 2233 1597 ;
2272 1546 2394 1600 qua:
2425 1526 2783 1599 expendenda
2818 1527 2873 1579 in
2894 1541 3026 1579 usus
3075 1538 3395 1593 pauperum,
3425 1523 3477 1575 in
3508 1535 3649 1574 suos

2075 1625 2359 1677 insumunt
2386 1621 2607 1674 milites.
3284 1612 3289 1615 ’

407 1746 596 1791 sancto
630 1735 858 1804 Spiritu,
896 1734 1039 1803 quod
1067 1734 1110 1786 si
1145 1732 1266 1801 quis
1292 1731 1575 1785 ordinatus
1600 1706 1773 1782 fuerit
1792 1729 1967 1796 (antc—
2004 1709 2042 1761 Β
2140 1713 2410 1768 Caeterum
2443 1727 2550 1766 non
2589 1711 2806 1764 illorum
2836 1714 3071 1769 tantum.
3110 1706 3203 1759 sed
3232 1714 3284 1759 et
3322 1714 3506 1756 noster
3544 1719 3648 1756 rex

407 1844 569 1897 quam
598 1827 966 1880 discutiantur
991 1834 1141 1879 recta
1179 1821 1453 1892 dogmata)
1491 1821 1558 1874 ab
1607 1820 1695 1873 his
1730 1818 1822 1886 qui
1857 1817 1969 1869 ha:-

406 1919 575 1972 retica
600 1918 861 1979 sentiunt,
900 1932 1122 1970 necesse
1154 1915 1223 1968 sit
1284 1922 1343 1967 ut
1398 1920 1509 1966 tota
1556 1909 1799 1964 Ecclesia
1825 1907 1971 1960 scin-

407 2010 570 2062 datur
597 2050 609 2067 .
653 2020 760 2061 tam
803 2008 950 2061 clero
976 2048 989 2067 .
1038 2022 1201 2075 quam
1254 2004 1505 2074 plebibus
1556 1997 1969 2055 dissidentibus.

408 2084 603 2156 Nullus
678 2101 826 2154 enim
884 2101 1099 2168 piorum
1160 2098 1297 2151 feret
1357 2094 1613 2149 haeretica
1671 2088 1976 2145 colentibus

410 2191 848 2246 communionem
894 2190 1035 2250 dari,
1072 2187 1459 2258 propriamque
1491 2185 1721 2237 salutem
1761 2178 1977 2233 annihi-

410 2282 532 2335 lari.

483 2369 584 2425 Ubi
635 2377 814 2422 autem
873 2366 1008 2425 haec.
1058 2382 1179 2435 quae
1230 2364 1413 2417 futura
1467 2367 1623 2425 sunt,
1663 2357 1976 2415 evenerint,

413 2468 547 2511 tunc
585 2457 694 2527 (82)
718 2465 896 2509 vestra
930 2455 1105 2523 pietas
1131 2462 1329 2522 prazter
1363 2466 1515 2503 suam
1551 2454 1788 2501 mentem
1820 2459 1981 2514 agere

414 2555 660 2616 cogetur.
691 2545 825 2599 Nam
862 2554 917 2597 et
949 2543 1186 2595 schisma
1220 2550 1415 2610 praeter
1465 2536 1791 2591 sententiam
1832 2533 1982 2585 inva-

414 2640 603 2698 lesert,
630 2642 684 2689 et
718 2649 833 2695 eos,
865 2632 957 2700 qui
992 2647 1091 2700 pro
1124 2631 1325 2699 pietate
1356 2634 1586 2689 certant,
1616 2620 1978 2683 contristabit,

415 2741 525 2781 non
560 2724 816 2786 ferentes,
842 2730 905 2774 ut
946 2735 1058 2773 suae
1104 2719 1299 2772 anima:
1339 2722 1585 2785 pereant.
1635 2721 1690 2766 et
1733 2718 1983 2766 constent

418 2816 778 2873 eontentiosis
829 2811 1038 2883 1353
1084 2810 1248 2879 impia
1303 2806 1489 2878 Cyrilli
1549 2804 1819 2873 dogmata,
1864 2815 1985 2869 quae

415 2905 719 2981 justiﬁcare
745 2903 956 2957 volunt.

490 2997 643 3052 Multi
684 3006 891 3059 autem,
914 2994 1007 3063 qui
1030 2991 1218 3062 pietati
1246 2990 1485 3052 student,
1521 2986 1706 3057 Cyrilli
1734 2985 1985 3053 dogmata

421 3090 634 3145 admitti
662 3104 769 3140 non
794 3086 974 3138 sinent
1000 3095 1209 3148 :neque
1232 3094 1361 3130 vero
1388 3077 1650 3138 sinemus,
1675 3076 1769 3143 qui
1797 3088 1987 3127 sumus

418 3192 614 3232 omnes
642 3191 743 3229 nos
763 3190 827 3227 ex
864 3168 1125 3225 Orientali
1153 3160 1412 3230 dimeesi,‘
1441 3173 1637 3221 vestrm
1668 3164 1983 3233 provinciae,

417 3284 491 3325 ex
520 3265 743 3319 dioecesi
770 3262 950 3329 Ponti,
971 3269 1026 3314 et
1051 3259 1210 3322 Asiae,
1230 3268 1286 3312 et
1308 3257 1575 3319 Thraciae,
1603 3266 1657 3310 et
1692 3254 1915 3325 Illyrici,
1933 3260 1990 3307 et

424 3359 727 3420 ltaliarum,
770 3352 864 3423 qui
915 3361 971 3406 et
1012 3358 1206 3404 vestrae
1238 3349 1429 3419 pietati
1452 3348 1652 3402 librum
1689 3346 1990 3401 beatissimi

421 3444 701 3503 Ambrosii
746 3442 1016 3496 miserunt
1065 3440 1199 3510 (83),
1248 3440 1476 3494 adversa
1516 3438 1807 3508 pullulanti
1862 3437 1994 3491 huic

429 3533 805 3604 superstitioni
844 3532 1152 3586 docentem.

499 3624 843 3692 Quapropter
865 3636 931 3674 ne
961 3619 1066 3673 hoc
1087 3618 1324 3677 eveniat.
1349 3624 1405 3671 et
1424 3624 1606 3671 vestra
1629 3616 1805 3684 pietas
1823 3614 1995 3685 magis

431 3715 813 3779 conturbetur,
856 3710 1255 3780 supplicamus,
1283 3723 1593 3778 precamur.
1624 3706 1994 3770 obsecramus,

435 3816 496 3861 ut
536 3806 736 3867 edicat,
757 3820 825 3858 ne
861 3803 1133 3858 ordinatio
1157 3808 1315 3855 antea
1341 3799 1453 3863 ﬁat,
1489 3799 1664 3853 donec
1693 3799 1997 3853 orthodoxa

442 3895 579 3948 ﬁdes
605 3893 893 3954 formetur,
916 3897 1139 3960 propter
1168 3904 1330 3958 quam
1374 3903 1475 3941 nos
1505 3889 1857 3958 congregavit
1906 3903 2000 3942 ve-

436 3994 567 4045 stra,
595 3998 716 4049 qua:
737 3981 1015 4035 Christum
1056 3985 1220 4043 amat,
1267 3978 1553 4032 celsitudo.

436 4113 963 4171 Cl.XVllI.——Tertia
1000 4112 1297 4165 earumdem
1334 4111 1619 4181 postulatio
1671 4108 1781 4179 (84)
1815 4126 1842 4163 e
1871 4108 2000 4165 Cal-

794 4182 1020 4235 chedone
1051 4182 1119 4234 ad
1146 4184 1485 4251 imperatores
1517 4183 1695 4234 missa.

508 4296 627 4350 Non
648 4295 797 4349 hunc
822 4303 1079 4348 eventum
1101 4292 1416 4347 sortituram
1437 4302 1632 4346 vestra:
1667 4292 1887 4361 pietatis
1913 4307 2006 4346 ex-

439 4387 820 4460 spectabamus
865 4384 1238 4440 evocationem

442 4494 650 4540 sumus,
682 4485 939 4546 tanquam
974 4475 1285 4530 sacerdotes
1314 4488 1342 4526 a
1376 4483 1594 4543 rcge,et
1615 4474 1793 4528 vocati
1817 4489 2005 4527 sumus

442 4571 510 4624 ad
549 4567 975 4625 conﬁrmandam
1008 4576 1322 4621 sanctorum
1368 4566 1591 4618 Patrum
1636 4562 1837 4618 ﬁdem:
1874 4580 2005 4633 pro-

443 4668 627 4729 pterea
654 4658 839 4720 etiam,
874 4667 1130 4726 tanquam
1169 4656 1264 4725 pio
1311 4656 1425 4724 regi
1461 4655 1756 4718 obedituri,
1788 4654 2010 4708 adveni-

443 4766 585 4801 mus.
622 4748 724 4802 Ubi
747 4756 927 4801 autem
949 4745 1220 4806 venimus,
1266 4759 1443 4813 neque
1489 4744 1787 4798 Ecclesiam
1824 4745 2007 4797 minus

441 4841 616 4895 secuti
657 4855 866 4903 sumus,
908 4852 1085 4906 neque
1132 4836 1343 4907 1344
1385 4844 1629 4890 vestrum
1677 4834 2007 4903 contempsi-

441 4946 564 4984 mus
591 4929 862 4995 edictum;
893 4928 987 4982 sed
1023 4937 1233 4981 vestros
1260 4937 1429 4981 nutus
1464 4926 1637 4980 secuti
1666 4941 1856 4980 sumus
1878 4940 2008 4979 con-

511 5084 554 5115 ⁸²
579 5083 599 5137 ι
620 5083 762 5137 Tim.
793 5098 867 5147 vr,
898 5080 981 5135 15.
1060 5080 1105 5111 ⁸³
1144 5077 1347 5134 Ezech.
1378 5095 1455 5143 Ill,
1495 5078 1580 5132 i8.

515 5238 627 5311 (80)
670 5237 825 5311 Ut_in
852 5254 898 5291 ο.
938 5237 1196 5300 venirent,
1244 5233 1448 5288 sacerd.
1483 5232 1825 5303 fungerentur
1855 5242 1901 5285 et
1927 5248 2013 5283 or-

443 5308 706 5364 diriarent.
739 5308 809 5362 Μ.

520 5380 633 5513 (81)
665 5376 908 5433 Chalced.
933 5377 1102 5447 Mans.

545 5446 633 5513 82)
664 5446 756 5500 Ubi
784 5465 834 5499 a.
866 5450 972 5501 haec
1002 5446 1102 5513 futt

545 5446 638 5585 82)
664 5446 756 5500 Ubi
784 5465 834 5499 a.
866 5442 972 5501 hazb
1002 5446 1183 5515 futura
1209 5451 1352 5506 sunt,
1390 5452 1532 5504 tunc,
1558 5451 1662 5495 etc.
1697 5442 1766 5495 M.

545 5515 617 5583 ‘83
697 5516 766 5568 Et
794 5533 969 5569 omnes
1012 5531 1124 5575 nos,
1188 5514 1277 5585 qui
1326 5528 1390 5585 ea:
1438 5512 1683 5585 orientali
1734 5512 1766 5564 (1

528 5512 638 5584 (83)
697 5516 766 5568 Et
794 5533 969 5569 omnes
1003 5512 1124 5575 nos,
1188 5514 1276 5583 qui
1327 5528 1390 5584 fa:
1438 5512 1683 5566 orientali
1734 5512 1933 5584 (lia'fesi
1969 5519 2016 5563 et

454 5581 637 5636 vestra}
666 5587 961 5648 provincia,
990 5600 1051 5635 ea:
1079 5581 1279 5635 dioecesi
1318 5582 1471 5635 Pont.
1507 5593 1553 5634 et
1596 5583 1683 5636 As.
1734 5590 1781 5631 et
1817 5581 1935 5633 Thr.
1969 5590 2014 5632 et

461 5650 548 5707 HI.
580 5661 628 5704 ιι
660 5650 960 5715 ltaliarum,
990 5652 1173 5721 Cyrilli
1209 5652 1381 5719 dogm.
1426 5652 1564 5705 mini.
1601 5670 1651 5703 η.
1699 5653 1885 5715 sinent,
1928 5652 2017 5719 qui

2072 1821 2150 1859 es.
2188 1804 2308 1858 Non
2341 1804 2487 1857 enim
2514 1816 2680 1871 parva
2709 1799 2890 1868 portio
2925 1798 3072 1865 regni
3101 1795 3179 1848 tui
3214 1803 3297 1847 est
3338 1792 3553 1857 Oriens,
3586 1794 3651 1845 in

2072 1910 2181 1963 quo
2210 1910 2427 1962 semper
2454 1900 2601 1946 recta
2636 1891 2769 1944 ﬁdes
2789 1888 3024 1950 refulsit,
3064 1895 3119 1940 et
3155 1901 3279 1937 cum
3323 1886 3428 1938 hoc
3472 1885 3649 1937 etiam

2072 1986 2192 2040 alia:
2234 1985 2526 2055 provincia:
2572 1992 2627 2037 et
2661 1982 2963 2043 dimccses,
3026 1994 3057 2032 e
3095 1978 3296 2046 quibus
3335 1974 3649 2045 congregati

2074 2078 2299 2132 fuimus.

2144 2169 2383 2225 Proinde
2416 2183 2484 2222 ne
2516 2166 2784 2235 despiciat
2822 2171 3002 2218 vestra
3028 2163 3284 2230 majestas
3316 2158 3497 2219 ﬁdem,
3524 2173 3654 2225 qua:

2077 2260 2440 2321 adulteratur,
2482 2258 2536 2310 in
2579 2270 2739 2325 quam
2771 2261 2826 2307 et
2855 2268 2953 2306 vos
2990 2250 3247 2320 baptizati
3285 2249 3437 2313 estis,
3468 2256 3526 2301 et
3554 2263 3655 2300 ve-

2080 2351 2177 2405 stri
2213 2350 2632 2420 progenitores;
2691 2347 2747 2398 in
2796 2359 2958 2413 quam
3004 2342 3258 2397 Ecclesia:
3296 2340 3656 2393 fundamenta

2080 2451 2208 2497 sunt
2235 2443 2412 2511 jacta;
2451 2445 2674 2508 propter
2714 2451 2877 2504 quam
2906 2432 3235 2487 sanctissimi
3274 2438 3540 2500 martyres
3568 2429 3660 2480 in—

2081 2547 2307 2585 numera
2336 2528 2531 2582 mortis
2561 2540 2760 2595 genera
2786 2538 2908 2577 cum
2946 2522 3229 2590 voluptate
3256 2525 3653 2586 susceperunt;

2082 2635 2206 2673 cum
2241 2634 2348 2687 qua
2379 2626 2436 2671 et
2458 2616 2725 2670 Barbaros
2746 2614 2976 2677 vicistis,
3003 2621 3058 2666 et
3089 2621 3349 2682 tyrannos
3376 2608 3658 2663 destruxi-

2084 2711 2218 2774 stis;
2249 2725 2355 2778 qua
2390 2716 2443 2762 et
2470 2722 2618 2760 nunc
2649 2712 2787 2774 opus
2817 2704 3032 2758 habetis
3076 2703 3131 2755 in
3163 2702 3329 2765 bello,
3355 2715 3464 2769 quo
3511 2700 3662 2753 Afri-

2086 2814 2202 2852 eam
2228 2797 2499 2868 premitis.
2530 2794 2769 2848 Futurus
2794 2792 2904 2861 (86)
2934 2800 3019 2845 est
3051 2790 3195 2845 enim
3232 2790 3375 2843 Deus
3407 2789 3660 2841 omnium

2087 2889 2391 2945 commilito
2414 2895 2616 2951 vester,
2648 2886 2691 2939 si
2716 2899 2814 2953 pro
2842 2883 2948 2951 piis
2975 2883 3092 2952 ejus
3130 2879 3475 2949 dogmatibus
3503 2879 3665 2932 labo-

2090 2980 2424 3041 raveritis,et
2441 2975 2841 3047 prohibueritis
2861 2990 3061 3043 corpus
3075 2971 3329 3026 Ecclesia:
3349 2970 3623 3039 disrumpi
3645 2988 3660 3023 :

2091 3071 2467 3138 disrumpetur
2507 3067 2616 3139 (87)
2644 3068 2831 3129 .enim,
2867 3066 2915 3119 si
2954 3064 3163 3133 epinio,
3212 3077 3375 3131 quam
3422 3061 3664 3130 Cyrillus

2090 3156 2215 3211 ﬁdei
2251 3155 2634 3225 super-induxit
2694 3152 2833 3223 (88)
2880 3161 2936 3207 et
2985 3151 3076 3204 alii
3109 3150 3348 3204 haeretici
3370 3148 3666 3202 conﬁrma-

2090 3254 2245 3313 runt,
2268 3246 2586 3322 invalescat.

2164 3357 2286 3411 Hmc
2311 3370 2452 3425 saepe
2493 3354 2715 3425 quidem
2770 3367 2954 3407 coram
2996 3351 3129 3413 Deo,
3160 3349 3297 3403 etin
3322 3349 3558 3417 Epheso,
3601 3357 3661 3401 et

2092 3447 2185 3502 hic
2212 3447 2396 3502 testati
2424 3461 2638 3509 sumus,
2671 3454 2727 3499 et
2763 3450 3000 3498 vestram
3042 3442 3303 3510 pietatem
3350 3439 3659 3501 docuimus,

2094 3538 2361 3593 rationem
2389 3537 2560 3601 illius,
2596 3542 2857 3589 utcoram
2891 3532 3137 3587 omnium
3180 3533 3312 3593 Deo,
3344 3528 3655 3583 reddentes.

2096 3626 2211 3680 Hoc
2250 3625 2595 3695 enim-exigit
2623 3641 2652 3678 a
2684 3623 2861 3685 nobis,
2912 3622 3053 3677 sicut
3092 3621 3291 3675 divinae
3346 3619 3657 3687 Scriptura,
3728 3662 3733 3667 .

2095 3718 2426 3788 prophetiae
2471 3723 2527 3770 et
2569 3715 2899 3785 apostolicm,
2933 3715 3153 3768 docent.
3208 3711 3423 3766 Etenim
3470 3710 3669 3763 beatus

2096 3811 2298 3864 Paulus
2341 3809 2577 3863 clamat:
2632 3826 2650 3857 «
2686 3806 2972 3861 Testiﬁeor
3001 3820 3184 3858 coram
3229 3804 3361 3865 Deo,
3396 3802 3488 3871 qui
3520 3815 3669 3853 mor-

2098 3908 2223 3953 tuos
2254 3898 2515 3961 viviﬁcat,
2564 3906 2617 3951 et
2669 3895 2900 3949 Domino
2928 3904 3119 3948 nostro
3146 3894 3272 3948 Jesu
3303 3891 3541 3954 Christo,
3570 3890 3669 3958 qui

2101 3990 2421 4045 testiﬁcatus
2450 3997 2535 4044 est
2566 3989 2667 4043 sub
2702 3987 2897 4042 Pontio
2927 3987 3101 4040 Pilato
3132 3986 3330 4038 bonam
3367 3981 3663 4037 confessio-

2101 4098 2227 4137 nem
2253 4084 2316 4136 θ’.
2352 4101 2371 4133 ›
2418 4082 2487 4136 Ει
2535 4079 2806 4134 Ezecliieli
2841 4079 3098 4148 prmcepit
3133 4077 3295 4139 Deus,
3350 4083 3413 4128 ut
3457 4088 3673 4127 annun-

2103 4174 2202 4227 tiet
2226 4173 2470 4243 populo;
2508 4180 2561 4225 et
2586 4172 2760 4225 minas
2790 4169 2996 4239 adjicit,
3041 4169 3229 4222 dicens
3283 4185 3295 4218 :
3356 4184 3372 4217 ι
3415 4163 3527 4217 Nisi
3572 4178 3673 4215 au-

2103 4262 2463 4322 nuntiaveris,
2523 4260 2841 4329 sanguinem
2876 4258 2997 4328 ejus
3040 4257 3108 4310 de
3158 4270 3321 4309 manu
3366 4264 3457 4308 tua
3488 4253 3673 4320 requi-

1290 4400 1302 4434 :
1354 4382 1532 4436 vocati
1584 4383 1731 4437 enim
1773 4382 2000 4439 honeste
2037 4381 2078 4434 D
2110 4368 2224 4406 ram
2250 4351 2377 4439 ωδ.

2177 4466 2457 4521 Timentes
2490 4464 2674 4533 itaque
2697 4462 2803 4516 hoc
2821 4461 3112 4533 judicium,
3147 4456 3517 4512 necessarium
3554 4454 3672 4507 exi-

2105 4559 2390 4613 stimamus
2426 4556 2625 4609 iterum
2652 4555 2851 4608 docere
2877 4561 3111 4607 vestram
3139 4551 3497 4619 majestatem.
3527 4544 3675 4613 quod

2104 4650 2163 4714 ii,
2189 4650 2282 4718 qui
2305 4647 2559 4718 permissi
2595 4654 2721 4699 sunt
2752 4643 3024 4699 Eeclesias
3058 4640 3280 4703 habere,
3335 4639 3390 4691 in
3430 4636 3679 4689 ecclesiis

2107 4742 2325 4805 docent,
2350 4754 2471 4809 qua:
2491 4737 2881 4807 Apollinarius,
2927 4742 2982 4787 et
3012 4732 3194 4793 Arius,
3242 4739 3297 4783 ct
3336 4727 3633 4783 Eunomius
3662 4744 3675 4778 :

2109 4831 2393 4902 illegitimc
2422 4838 2476 4883 et
2508 4839 2698 4883 contra
2731 4840 2967 4881 canones
3009 4822 3312 4877 sacerdotio
3357 4819 3677 4887 funguntur,

2112 4934 2166 4977 et
2198 4924 2406 4977 animas
2432 4921 2690 4976 occidunt
2722 4933 2939 4981 eorum,
2974 4914 3067 4986 qui
3110 4913 3178 4967 ad
3225 4928 3281 4967 se
3313 4909 3600 4973 accedunt,
3634 4907 3680 4960 si

2112 5240 2160 5285 et
2194 5239 2398 5293 vestrm,
2426 5238 2532 5284 etc.
2562 5229 2651 5283 Sic
2671 5227 2838 5281 Mans.

2184 5287 2395 5371 (84))Et'
2414 5300 2531 5353 haec
2562 5306 2646 5371 est
2674 5297 2896 5371 in_actis
2948 5294 3284 5371 illis__apud_-
3313 5290 3567 5371 Mansight.
3592 5287 3688 5349 IV,

2111 5387 2168 5441 p.
2191 5360 2506 5441 ‘1405_seq.,
2533 5376 2588 5420 et
2617 5368 2673 5420 in
2718 5367 2944 5441 Synod,
2975 5381 3024 5420 c.
3056 5360 3214 5441 ξόζὶξῑ.
3243 5363 3306 5427 γ,
3342 5378 3394 5432 p.
3432 5360 3533 5416 808
3564 5373 3686 5425 seq.

2183 5441 2306 5508 (85).
2327 5433 2471 5508 Tent'i
2502 5433 2792 5508 conservati
2827 5452 3026 5508 sumus.
3056 5433 3226 5488 Mans.

2213 5441 2273 5494 85
2295 5479 2306 5491 .
2327 5441 2471 5492 Tenti
2502 5441 2792 5490 conservati
2827 5452 3007 5489 sumus

2213 5441 2301 5577 86‘)
2339 5507 2569 5560 Futurus
2594 5506 2755 5577 abest
2779 5521 2809 5558 a
2842 5506 3012 5559 Mans.

2212 5575 2297 5643 87)
2331 5577 2689 5646 Disrumpitur
2718 5575 2883 5630 Garn.

2210 5650 2295 5718 88)
2328 5647 2541 5701 Induxi!
2570 5646 2736 5701 Mans.
