  <div class='ocr_page' id='page_1' title='image "/cluster/home/n/w/nwhite01/storage/ocr_20150623/83/hvd.32044073502072/742.png"; bbox 0 0 3962 6204; ppageno 0'>
   <div class='ocr_carea' id='block_1_1' title="bbox 339 310 473 374">
    <p class='ocr_par' dir='ltr' id='par_1_1' title="bbox 339 310 473 374">
     <span class='ocr_line' id='line_1_1' title="bbox 339 310 473 374; baseline -0.015 0"><span class='ocrx_word' id='word_1_1' title='bbox 339 310 473 374; x_wconf 71' lang='grc'><strong>1473</strong></span> 
     </span>
    </p>
   </div>
   <div class='ocr_carea' id='block_1_2' title="bbox 1643 302 2286 365">
    <p class='ocr_par' dir='ltr' id='par_1_2' title="bbox 1643 302 2286 365">
     <span class='ocr_line' id='line_1_2' title="bbox 1643 302 2286 365; baseline 0.003 -2"><span class='ocrx_word' id='word_1_2' title='bbox 1643 305 2000 365; x_wconf 73' lang='lat' dir='ltr'><strong>EPISTOLA</strong></span> <span class='ocrx_word' id='word_1_3' title='bbox 2038 302 2286 365; x_wconf 77' lang='lat' dir='ltr'><strong>CLXIX.</strong></span> 
     </span>
    </p>
   </div>
   <div class='ocr_carea' id='block_1_3' title="bbox 3437 302 3571 367">
    <p class='ocr_par' dir='ltr' id='par_1_3' title="bbox 3437 302 3571 367">
     <span class='ocr_line' id='line_1_3' title="bbox 3437 302 3571 367; baseline 0.015 -2"><span class='ocrx_word' id='word_1_4' title='bbox 3437 302 3571 367; x_wconf 64' lang='grc'><strong>1474</strong></span> 
     </span>
    </p>
   </div>
   <div class='ocr_carea' id='block_1_4' title="bbox 335 398 3570 488">
    <p class='ocr_par' dir='ltr' id='par_1_4' title="bbox 335 398 3570 488">
     <span class='ocr_line' id='line_1_4' title="bbox 335 398 3570 488; baseline -0.001 -16"><span class='ocrx_word' id='word_1_5' title='bbox 335 419 460 488; x_wconf 86' lang='lat' dir='ltr'><strong>quis</strong></span> <span class='ocrx_word' id='word_1_6' title='bbox 483 426 661 471; x_wconf 86' lang='lat' dir='ltr'><strong>tamen</strong></span> <span class='ocrx_word' id='word_1_7' title='bbox 695 413 840 484; x_wconf 91' lang='lat' dir='ltr'><strong>ipsos</strong></span> <span class='ocrx_word' id='word_1_8' title='bbox 879 411 988 485; x_wconf 88' lang='lat'><strong>(89)</strong></span> <span class='ocrx_word' id='word_1_9' title='bbox 1026 413 1171 467; x_wconf 90' lang='lat' dir='ltr'><strong>volet</strong></span> <span class='ocrx_word' id='word_1_10' title='bbox 1238 412 1449 467; x_wconf 86' lang='lat' dir='ltr'><strong>audire.</strong></span> <span class='ocrx_word' id='word_1_11' title='bbox 1507 412 1639 465; x_wconf 86' lang='lat' dir='ltr'><strong>Nam</strong></span> <span class='ocrx_word' id='word_1_12' title='bbox 1672 398 1772 482; x_wconf 83' lang='lat' dir='ltr'><strong>per</strong></span> <span class='ocrx_word' id='word_1_13' title='bbox 1811 413 1905 466; x_wconf 86' lang='lat' dir='ltr'><strong>Dei</strong></span> <span class='ocrx_word' id='word_1_14' title='bbox 1937 424 1979 477; x_wconf 77' lang='grc' dir='ltr'>Α</span> <span class='ocrx_word' id='word_1_15' title='bbox 2011 411 2271 466; x_wconf 83' lang='lat' dir='ltr'><strong>virtutem</strong></span> <span class='ocrx_word' id='word_1_16' title='bbox 2307 412 2589 481; x_wconf 80' lang='lat' dir='ltr'><strong>explorat,</strong></span> <span class='ocrx_word' id='word_1_17' title='bbox 2629 430 2806 483; x_wconf 88' lang='lat' dir='ltr'><strong>neque</strong></span> <span class='ocrx_word' id='word_1_18' title='bbox 2855 414 3121 484; x_wconf 88' lang='lat' dir='ltr'><strong>supplicia</strong></span> <span class='ocrx_word' id='word_1_19' title='bbox 3166 413 3378 487; x_wconf 59' lang='lat'><strong>1356</strong></span> <span class='ocrx_word' id='word_1_20' title='bbox 3428 416 3570 469; x_wconf 83' lang='lat' dir='ltr'><strong>irro-</strong></span> 
     </span>
    </p>
   </div>
   <div class='ocr_carea' id='block_1_5' title="bbox 335 501 1898 577">
    <p class='ocr_par' dir='ltr' id='par_1_5' title="bbox 335 501 1898 577">
     <span class='ocr_line' id='line_1_5' title="bbox 335 501 1898 577; baseline -0.004 -16"><span class='ocrx_word' id='word_1_21' title='bbox 335 507 563 577; x_wconf 91' lang='lat' dir='ltr'><strong>gratiam</strong></span> <span class='ocrx_word' id='word_1_22' title='bbox 592 503 722 575; x_wconf 91' lang='lat'><strong>(90),</strong></span> <span class='ocrx_word' id='word_1_23' title='bbox 747 501 835 556; x_wconf 92' lang='lat' dir='ltr'><strong>cui</strong></span> <span class='ocrx_word' id='word_1_24' title='bbox 859 504 1103 555; x_wconf 91' lang='lat' dir='ltr'><strong>omnium</strong></span> <span class='ocrx_word' id='word_1_25' title='bbox 1129 501 1410 555; x_wconf 85' lang='lat' dir='ltr'><strong>hominum</strong></span> <span class='ocrx_word' id='word_1_26' title='bbox 1436 515 1567 554; x_wconf 89' lang='lat' dir='ltr'><strong>cura</strong></span> <span class='ocrx_word' id='word_1_27' title='bbox 1593 509 1697 565; x_wconf 89' lang='lat' dir='ltr'><strong>est,</strong></span> <span class='ocrx_word' id='word_1_28' title='bbox 1719 509 1775 554; x_wconf 90' lang='lat' dir='ltr'><strong>et</strong></span> <span class='ocrx_word' id='word_1_29' title='bbox 1802 502 1898 571; x_wconf 87' lang='lat' dir='ltr'><strong>qui</strong></span> 
     </span>
    </p>
   </div>
   <div class='ocr_carea' id='block_1_6' title="bbox 335 590 1895 671">
    <p class='ocr_par' dir='ltr' id='par_1_6' title="bbox 335 590 1895 671">
     <span class='ocr_line' id='line_1_6' title="bbox 335 590 1895 671; baseline -0.006 -19"><span class='ocrx_word' id='word_1_30' title='bbox 335 610 526 652; x_wconf 85' lang='lat' dir='ltr'><strong>omnes</strong></span> <span class='ocrx_word' id='word_1_31' title='bbox 550 594 666 648; x_wconf 89' lang='lat' dir='ltr'><strong>vult</strong></span> <span class='ocrx_word' id='word_1_32' title='bbox 692 591 920 656; x_wconf 90' lang='lat' dir='ltr'><strong>servari,</strong></span> <span class='ocrx_word' id='word_1_33' title='bbox 948 591 1180 645; x_wconf 73' lang='lat' dir='ltr'><strong>maxima</strong></span> <span class='ocrx_word' id='word_1_34' title='bbox 1220 605 1347 659; x_wconf 91' lang='lat' dir='ltr'><strong>pars</strong></span> <span class='ocrx_word' id='word_1_35' title='bbox 1384 590 1570 660; x_wconf 84' lang='lat' dir='ltr'><strong>populi</strong></span> <span class='ocrx_word' id='word_1_36' title='bbox 1613 606 1742 645; x_wconf 89' lang='lat' dir='ltr'><strong>sana</strong></span> <span class='ocrx_word' id='word_1_37' title='bbox 1778 599 1895 671; x_wconf 71' lang='lat' dir='ltr'><strong>est,</strong></span> 
     </span>
    </p>
   </div>
   <div class='ocr_carea' id='block_1_7' title="bbox 333 681 1897 756">
    <p class='ocr_par' dir='ltr' id='par_1_7' title="bbox 333 681 1897 756">
     <span class='ocr_line' id='line_1_7' title="bbox 333 681 1897 756; baseline -0.004 -14"><span class='ocrx_word' id='word_1_38' title='bbox 333 696 390 742; x_wconf 88' lang='lat' dir='ltr'><strong>et</strong></span> <span class='ocrx_word' id='word_1_39' title='bbox 419 701 519 756; x_wconf 87' lang='lat' dir='ltr'><strong>pro</strong></span> <span class='ocrx_word' id='word_1_40' title='bbox 551 685 657 755; x_wconf 91' lang='lat' dir='ltr'><strong>piis</strong></span> <span class='ocrx_word' id='word_1_41' title='bbox 691 682 925 738; x_wconf 88' lang='lat' dir='ltr'><strong>sollicita</strong></span> <span class='ocrx_word' id='word_1_42' title='bbox 949 681 1294 752; x_wconf 75' lang='lat' dir='ltr'><strong>dogmatibus</strong></span> <span class='ocrx_word' id='word_1_43' title='bbox 1329 690 1591 752; x_wconf 87' lang='lat' dir='ltr'><strong>:propter</strong></span> <span class='ocrx_word' id='word_1_44' title='bbox 1623 682 1746 736; x_wconf 90' lang='lat' dir='ltr'><strong>illos</strong></span> <span class='ocrx_word' id='word_1_45' title='bbox 1778 698 1897 737; x_wconf 90' lang='lat' dir='ltr'><strong>ma-</strong></span> 
     </span>
    </p>
   </div>
   <div class='ocr_carea' id='block_1_8' title="bbox 332 775 1664 839">
    <p class='ocr_par' dir='ltr' id='par_1_8' title="bbox 332 775 1664 839">
     <span class='ocr_line' id='line_1_8' title="bbox 332 775 1664 839; baseline -0.013 -7"><span class='ocrx_word' id='word_1_46' title='bbox 332 777 477 831; x_wconf 83' lang='lat' dir='ltr'><strong>xime</strong></span> <span class='ocrx_word' id='word_1_47' title='bbox 498 775 766 830; x_wconf 86' lang='lat' dir='ltr'><strong>dolemus.</strong></span> <span class='ocrx_word' id='word_1_48' title='bbox 1422 790 1436 802; x_wconf 90' lang='lat'><strong><em>-</em></strong></span> <span class='ocrx_word' id='word_1_49' title='bbox 1662 835 1664 839; x_wconf 83' lang='lat'><em>_</em></span> 
     </span>
    </p>
   </div>
   <div class='ocr_carea' id='block_1_9' title="bbox 402 862 1899 934">
    <p class='ocr_par' dir='ltr' id='par_1_9' title="bbox 402 862 1899 934">
     <span class='ocr_line' id='line_1_9' title="bbox 402 862 1899 934; baseline -0.003 -13"><span class='ocrx_word' id='word_1_50' title='bbox 402 866 472 921; x_wconf 84' lang='lat' dir='ltr'><strong>Et</strong></span> <span class='ocrx_word' id='word_1_51' title='bbox 523 866 652 934; x_wconf 86' lang='lat' dir='ltr'><strong>quia</strong></span> <span class='ocrx_word' id='word_1_52' title='bbox 682 862 1014 927; x_wconf 84' lang='lat' dir='ltr'><strong>cruciamur,</strong></span> <span class='ocrx_word' id='word_1_53' title='bbox 1058 862 1316 917; x_wconf 84' lang='lat' dir='ltr'><strong>timentes</strong></span> <span class='ocrx_word' id='word_1_54' title='bbox 1359 879 1430 918; x_wconf 90' lang='lat' dir='ltr'><strong>ne</strong></span> <span class='ocrx_word' id='word_1_55' title='bbox 1471 864 1735 933; x_wconf 78' lang='lat' dir='ltr'><strong>paulatim</strong></span> <span class='ocrx_word' id='word_1_56' title='bbox 1781 879 1899 919; x_wconf 90' lang='lat' dir='ltr'><strong>ser-</strong></span> 
     </span>
    </p>
   </div>
   <div class='ocr_carea' id='block_1_10' title="bbox 333 955 1898 1029">
    <p class='ocr_par' dir='ltr' id='par_1_10' title="bbox 333 955 1898 1029">
     <span class='ocr_line' id='line_1_10' title="bbox 333 955 1898 1029; baseline -0.003 -15"><span class='ocrx_word' id='word_1_57' title='bbox 333 974 471 1029; x_wconf 90' lang='lat' dir='ltr'><strong>pens</strong></span> <span class='ocrx_word' id='word_1_58' title='bbox 500 957 730 1012; x_wconf 87' lang='lat' dir='ltr'><strong>morbus</strong></span> <span class='ocrx_word' id='word_1_59' title='bbox 775 955 961 1025; x_wconf 84' lang='lat' dir='ltr'><strong>plures</strong></span> <span class='ocrx_word' id='word_1_60' title='bbox 1004 955 1454 1024; x_wconf 85' lang='lat' dir='ltr'><strong>comprehendat,</strong></span> <span class='ocrx_word' id='word_1_61' title='bbox 1495 970 1898 1025; x_wconf 84' lang='lat' dir='ltr'><strong>communeque</strong></span> 
     </span>
    </p>
   </div>
   <div class='ocr_carea' id='block_1_11' title="bbox 335 1046 1900 1111">
    <p class='ocr_par' dir='ltr' id='par_1_11' title="bbox 335 1046 1900 1111">
     <span class='ocr_line' id='line_1_11' title="bbox 335 1046 1900 1111; baseline -0.003 -8"><span class='ocrx_word' id='word_1_62' title='bbox 335 1049 540 1103; x_wconf 91' lang='lat' dir='ltr'><strong>malum</strong></span> <span class='ocrx_word' id='word_1_63' title='bbox 570 1047 684 1111; x_wconf 84' lang='lat' dir='ltr'><strong>ﬁat,</strong></span> <span class='ocrx_word' id='word_1_64' title='bbox 718 1047 835 1101; x_wconf 64' lang='lat' dir='ltr'><strong>haec</strong></span> <span class='ocrx_word' id='word_1_65' title='bbox 855 1060 956 1101; x_wconf 91' lang='lat' dir='ltr'><strong>nos</strong></span> <span class='ocrx_word' id='word_1_66' title='bbox 987 1052 1225 1100; x_wconf 81' lang='lat' dir='ltr'><strong>vestram</strong></span> <span class='ocrx_word' id='word_1_67' title='bbox 1256 1046 1608 1101; x_wconf 83' lang='lat' dir='ltr'><strong>serenitatem</strong></span> <span class='ocrx_word' id='word_1_68' title='bbox 1639 1046 1900 1101; x_wconf 87' lang='lat' dir='ltr'><strong>docemus</strong></span> 
     </span>
    </p>
   </div>
   <div class='ocr_carea' id='block_1_12' title="bbox 334 1139 1897 1215">
    <p class='ocr_par' dir='ltr' id='par_1_12' title="bbox 334 1139 1897 1215">
     <span class='ocr_line' id='line_1_12' title="bbox 334 1139 1897 1215; baseline -0.001 -18"><span class='ocrx_word' id='word_1_69' title='bbox 334 1153 390 1197; x_wconf 91' lang='lat' dir='ltr'><strong>et</strong></span> <span class='ocrx_word' id='word_1_70' title='bbox 431 1143 629 1197; x_wconf 89' lang='lat' dir='ltr'><strong>docere</strong></span> <span class='ocrx_word' id='word_1_71' title='bbox 676 1155 786 1196; x_wconf 92' lang='lat' dir='ltr'><strong>non</strong></span> <span class='ocrx_word' id='word_1_72' title='bbox 841 1139 1182 1215; x_wconf 86' lang='lat' dir='ltr'><strong>desistimus,</strong></span> <span class='ocrx_word' id='word_1_73' title='bbox 1222 1148 1279 1194; x_wconf 91' lang='lat' dir='ltr'><strong>et</strong></span> <span class='ocrx_word' id='word_1_74' title='bbox 1321 1154 1613 1210; x_wconf 84' lang='lat' dir='ltr'><strong>precamur</strong></span> <span class='ocrx_word' id='word_1_75' title='bbox 1657 1147 1897 1195; x_wconf 85' lang='lat' dir='ltr'><strong>vestram</strong></span> 
     </span>
    </p>
   </div>
   <div class='ocr_carea' id='block_1_13' title="bbox 334 1229 1900 1304">
    <p class='ocr_par' dir='ltr' id='par_1_13' title="bbox 334 1229 1900 1304">
     <span class='ocr_line' id='line_1_13' title="bbox 334 1229 1900 1304; baseline -0.001 -16"><span class='ocrx_word' id='word_1_76' title='bbox 334 1234 696 1304; x_wconf 85' lang='lat' dir='ltr'><strong>majestatem,</strong></span> <span class='ocrx_word' id='word_1_77' title='bbox 723 1239 785 1286; x_wconf 93' lang='lat' dir='ltr'><strong>ut</strong></span> <span class='ocrx_word' id='word_1_78' title='bbox 804 1230 1010 1286; x_wconf 89' lang='lat' dir='ltr'><strong>nostris</strong></span> <span class='ocrx_word' id='word_1_79' title='bbox 1030 1229 1287 1300; x_wconf 87' lang='lat' dir='ltr'><strong>precibus</strong></span> <span class='ocrx_word' id='word_1_80' title='bbox 1314 1238 1541 1296; x_wconf 83' lang='lat' dir='ltr'><strong>annuat,</strong></span> <span class='ocrx_word' id='word_1_81' title='bbox 1569 1240 1626 1287; x_wconf 94' lang='lat' dir='ltr'><strong>et</strong></span> <span class='ocrx_word' id='word_1_82' title='bbox 1656 1230 1796 1286; x_wconf 89' lang='lat' dir='ltr'><strong>nihil</strong></span> <span class='ocrx_word' id='word_1_83' title='bbox 1825 1231 1900 1286; x_wconf 90' lang='lat' dir='ltr'><strong>si-</strong></span> 
     </span>
    </p>
   </div>
   <div class='ocr_carea' id='block_1_14' title="bbox 334 1321 1897 1394">
    <p class='ocr_par' dir='ltr' id='par_1_14' title="bbox 334 1321 1897 1394">
     <span class='ocr_line' id='line_1_14' title="bbox 334 1321 1897 1394; baseline -0.001 -15"><span class='ocrx_word' id='word_1_84' title='bbox 334 1334 429 1380; x_wconf 91' lang='lat' dir='ltr'><strong>nat</strong></span> <span class='ocrx_word' id='word_1_85' title='bbox 457 1322 621 1394; x_wconf 84' lang='lat' dir='ltr'><strong>adjici</strong></span> <span class='ocrx_word' id='word_1_86' title='bbox 650 1322 718 1376; x_wconf 92' lang='lat' dir='ltr'><strong>ad</strong></span> <span class='ocrx_word' id='word_1_87' title='bbox 765 1322 927 1377; x_wconf 85' lang='lat' dir='ltr'><strong>ﬁdem</strong></span> <span class='ocrx_word' id='word_1_88' title='bbox 960 1330 1278 1377; x_wconf 88' lang='lat' dir='ltr'><strong>sanctorum</strong></span> <span class='ocrx_word' id='word_1_89' title='bbox 1302 1321 1554 1388; x_wconf 90' lang='lat' dir='ltr'><strong>Patrum,</strong></span> <span class='ocrx_word' id='word_1_90' title='bbox 1585 1323 1681 1392; x_wconf 87' lang='lat' dir='ltr'><strong>qui</strong></span> <span class='ocrx_word' id='word_1_91' title='bbox 1710 1324 1768 1378; x_wconf 93' lang='lat' dir='ltr'><strong>in</strong></span> <span class='ocrx_word' id='word_1_92' title='bbox 1798 1323 1897 1377; x_wconf 89' lang='lat' dir='ltr'><strong>Ni-</strong></span> 
     </span>
    </p>
   </div>
   <div class='ocr_carea' id='block_1_15' title="bbox 334 1413 1052 1484">
    <p class='ocr_par' dir='ltr' id='par_1_15' title="bbox 334 1413 1052 1484">
     <span class='ocr_line' id='line_1_15' title="bbox 334 1413 1052 1484; baseline -0.004 -14"><span class='ocrx_word' id='word_1_93' title='bbox 334 1431 442 1470; x_wconf 61' lang='lat' dir='ltr'><strong>caea</strong></span> <span class='ocrx_word' id='word_1_94' title='bbox 467 1414 776 1484; x_wconf 80' lang='lat' dir='ltr'><strong>congregati</strong></span> <span class='ocrx_word' id='word_1_95' title='bbox 810 1413 1052 1467; x_wconf 87' lang='lat' dir='ltr'><strong>fuerunt.</strong></span> 
     </span>
    </p>
   </div>
   <div class='ocr_carea' id='block_1_16' title="bbox 403 1503 1895 1574">
    <p class='ocr_par' dir='ltr' id='par_1_16' title="bbox 403 1503 1895 1574">
     <span class='ocr_line' id='line_1_16' title="bbox 403 1503 1895 1574; baseline -0.001 -14"><span class='ocrx_word' id='word_1_96' title='bbox 403 1504 560 1570; x_wconf 84' lang='lat' dir='ltr'><strong>Quod</strong></span> <span class='ocrx_word' id='word_1_97' title='bbox 587 1505 655 1568; x_wconf 91' lang='lat' dir='ltr'><strong>si,</strong></span> <span class='ocrx_word' id='word_1_98' title='bbox 680 1517 737 1560; x_wconf 84' lang='lat' dir='ltr'><strong>et</strong></span> <span class='ocrx_word' id='word_1_99' title='bbox 788 1512 912 1574; x_wconf 87' lang='lat' dir='ltr'><strong>post</strong></span> <span class='ocrx_word' id='word_1_100' title='bbox 954 1503 1095 1558; x_wconf 89' lang='lat' dir='ltr'><strong>hanc</strong></span> <span class='ocrx_word' id='word_1_101' title='bbox 1143 1513 1390 1559; x_wconf 85' lang='lat' dir='ltr'><strong>nostram</strong></span> <span class='ocrx_word' id='word_1_102' title='bbox 1437 1504 1895 1568; x_wconf 89' lang='lat' dir='ltr'><strong>obsecrationem,</strong></span> 
     </span>
    </p>
   </div>
   <div class='ocr_carea' id='block_1_17' title="bbox 333 1592 1897 1664">
    <p class='ocr_par' dir='ltr' id='par_1_17' title="bbox 333 1592 1897 1664">
     <span class='ocr_line' id='line_1_17' title="bbox 333 1592 1897 1664; baseline 0 -16"><span class='ocrx_word' id='word_1_103' title='bbox 333 1594 495 1660; x_wconf 90' lang='lat' dir='ltr'><strong>banc,</strong></span> <span class='ocrx_word' id='word_1_104' title='bbox 519 1609 641 1664; x_wconf 62' lang='lat' dir='ltr'><strong>quae</strong></span> <span class='ocrx_word' id='word_1_105' title='bbox 660 1608 843 1648; x_wconf 89' lang='lat' dir='ltr'><strong>coram</strong></span> <span class='ocrx_word' id='word_1_106' title='bbox 870 1593 982 1647; x_wconf 90' lang='lat' dir='ltr'><strong>Deo</strong></span> <span class='ocrx_word' id='word_1_107' title='bbox 1009 1592 1136 1647; x_wconf 89' lang='lat' dir='ltr'><strong>data</strong></span> <span class='ocrx_word' id='word_1_108' title='bbox 1161 1602 1266 1657; x_wconf 91' lang='lat' dir='ltr'><strong>est,</strong></span> <span class='ocrx_word' id='word_1_109' title='bbox 1291 1593 1596 1650; x_wconf 89' lang='lat' dir='ltr'><strong>doctrinam</strong></span> <span class='ocrx_word' id='word_1_110' title='bbox 1631 1609 1741 1648; x_wconf 90' lang='lat' dir='ltr'><strong>non</strong></span> <span class='ocrx_word' id='word_1_111' title='bbox 1774 1608 1897 1649; x_wconf 88' lang='lat' dir='ltr'><strong>sus-</strong></span> 
     </span>
    </p>
   </div>
   <div class='ocr_carea' id='block_1_18' title="bbox 334 1681 1894 1763">
    <p class='ocr_par' dir='ltr' id='par_1_18' title="bbox 334 1681 1894 1763">
     <span class='ocr_line' id='line_1_18' title="bbox 334 1681 1894 1763; baseline 0 -25"><span class='ocrx_word' id='word_1_112' title='bbox 334 1684 542 1753; x_wconf 89' lang='lat' dir='ltr'><strong>ceperit</strong></span> <span class='ocrx_word' id='word_1_113' title='bbox 582 1691 764 1738; x_wconf 88' lang='lat' dir='ltr'><strong>vestra</strong></span> <span class='ocrx_word' id='word_1_114' title='bbox 809 1681 1003 1752; x_wconf 89' lang='lat' dir='ltr'><strong>pietas,</strong></span> <span class='ocrx_word' id='word_1_115' title='bbox 1030 1697 1132 1737; x_wconf 83' lang='lat' dir='ltr'><strong>nos</strong></span> <span class='ocrx_word' id='word_1_116' title='bbox 1170 1683 1336 1763; x_wconf 89' lang='lat' dir='ltr'><strong>etiam</strong></span> <span class='ocrx_word' id='word_1_117' title='bbox 1366 1685 1648 1753; x_wconf 86' lang='lat' dir='ltr'><strong>pulverem</strong></span> <span class='ocrx_word' id='word_1_118' title='bbox 1693 1684 1894 1754; x_wconf 81' lang='lat' dir='ltr'><strong>pedum</strong></span> 
     </span>
    </p>
   </div>
   <div class='ocr_carea' id='block_1_19' title="bbox 2000 503 3352 573">
    <p class='ocr_par' dir='ltr' id='par_1_19' title="bbox 2000 503 3352 573">
     <span class='ocr_line' id='line_1_19' title="bbox 2000 503 3352 573; baseline 0.003 -19"><span class='ocrx_word' id='word_1_119' title='bbox 2000 511 2090 570; x_wconf 86' lang='lat' dir='ltr'><strong>gat</strong></span> <span class='ocrx_word' id='word_1_120' title='bbox 2118 506 2132 523; x_wconf 86' lang='lat'>&#39;</span> <span class='ocrx_word' id='word_1_121' title='bbox 2176 509 2399 570; x_wconf 88' lang='lat' dir='ltr'><strong>propter</strong></span> <span class='ocrx_word' id='word_1_122' title='bbox 2424 517 2508 566; x_wconf 87' lang='lat' dir='ltr'><strong>ea,</strong></span> <span class='ocrx_word' id='word_1_123' title='bbox 2536 517 2657 571; x_wconf 61' lang='lat' dir='ltr'><strong>quae</strong></span> <span class='ocrx_word' id='word_1_124' title='bbox 2690 513 2887 573; x_wconf 61' lang='lat' dir='ltr'><strong>praeter</strong></span> <span class='ocrx_word' id='word_1_125' title='bbox 2925 511 3165 558; x_wconf 90' lang='lat' dir='ltr'><strong>mentem</strong></span> <span class='ocrx_word' id='word_1_126' title='bbox 3199 503 3352 558; x_wconf 84' lang='lat' dir='ltr'><strong>ﬁunt.</strong></span> 
     </span>
    </p>
   </div>
   <div class='ocr_carea' id='block_1_20' title="bbox 2065 592 3569 666">
    <p class='ocr_par' dir='ltr' id='par_1_20' title="bbox 2065 592 3569 666">
     <span class='ocr_line' id='line_1_20' title="bbox 2065 592 3569 666; baseline 0.004 -21"><span class='ocrx_word' id='word_1_127' title='bbox 2065 592 2142 646; x_wconf 90' lang='lat' dir='ltr'><strong>De</strong></span> <span class='ocrx_word' id='word_1_128' title='bbox 2191 592 2370 646; x_wconf 90' lang='lat' dir='ltr'><strong>amico</strong></span> <span class='ocrx_word' id='word_1_129' title='bbox 2425 602 2606 648; x_wconf 89' lang='lat' dir='ltr'><strong>autem</strong></span> <span class='ocrx_word' id='word_1_130' title='bbox 2660 596 2796 649; x_wconf 86' lang='lat' dir='ltr'><strong>sciat</strong></span> <span class='ocrx_word' id='word_1_131' title='bbox 2847 604 2939 649; x_wconf 89' lang='lat' dir='ltr'><strong>tua</strong></span> <span class='ocrx_word' id='word_1_132' title='bbox 2990 596 3253 651; x_wconf 89' lang='lat' dir='ltr'><strong>sanctitas</strong></span> <span class='ocrx_word' id='word_1_133' title='bbox 3290 596 3459 666; x_wconf 90' lang='lat' dir='ltr'><strong>quod,</strong></span> <span class='ocrx_word' id='word_1_134' title='bbox 3522 598 3569 651; x_wconf 89' lang='lat' dir='ltr'><strong>si</strong></span> 
     </span>
    </p>
   </div>
   <div class='ocr_carea' id='block_1_21' title="bbox 1999 683 3573 757">
    <p class='ocr_par' dir='ltr' id='par_1_21' title="bbox 1999 683 3573 757">
     <span class='ocr_line' id='line_1_21' title="bbox 1999 683 3573 757; baseline 0.004 -22"><span class='ocrx_word' id='word_1_135' title='bbox 1999 683 2218 751; x_wconf 90' lang='lat' dir='ltr'><strong>quando</strong></span> <span class='ocrx_word' id='word_1_136' title='bbox 2244 684 2364 754; x_wconf 89' lang='lat' dir='ltr'><strong>ejus</strong></span> <span class='ocrx_word' id='word_1_137' title='bbox 2388 683 2694 740; x_wconf 80' lang='lat' dir='ltr'><strong>iaceremus</strong></span> <span class='ocrx_word' id='word_1_138' title='bbox 2727 687 3079 749; x_wconf 88' lang='lat' dir='ltr'><strong>mentionem,</strong></span> <span class='ocrx_word' id='word_1_139' title='bbox 3113 686 3197 740; x_wconf 86' lang='lat' dir='ltr'><strong>vel</strong></span> <span class='ocrx_word' id='word_1_140' title='bbox 3236 687 3379 756; x_wconf 88' lang='lat' dir='ltr'><strong>apud</strong></span> <span class='ocrx_word' id='word_1_141' title='bbox 3412 687 3573 757; x_wconf 88' lang='lat' dir='ltr'><strong>pien-</strong></span> 
     </span>
    </p>
   </div>
   <div class='ocr_carea' id='block_1_22' title="bbox 2001 774 3568 847">
    <p class='ocr_par' dir='ltr' id='par_1_22' title="bbox 2001 774 3568 847">
     <span class='ocr_line' id='line_1_22' title="bbox 2001 774 3568 847; baseline 0.003 -20"><span class='ocrx_word' id='word_1_142' title='bbox 2001 774 2273 827; x_wconf 88' lang='lat' dir='ltr'><strong>tissimum</strong></span> <span class='ocrx_word' id='word_1_143' title='bbox 2322 790 2526 844; x_wconf 83' lang='lat' dir='ltr'><strong>regem,</strong></span> <span class='ocrx_word' id='word_1_144' title='bbox 2567 775 2653 830; x_wconf 79' lang='lat' dir='ltr'><strong>vel</strong></span> <span class='ocrx_word' id='word_1_145' title='bbox 2704 777 2846 847; x_wconf 89' lang='lat' dir='ltr'><strong>apud</strong></span> <span class='ocrx_word' id='word_1_146' title='bbox 2889 777 3099 831; x_wconf 86' lang='lat' dir='ltr'><strong>illustre</strong></span> <span class='ocrx_word' id='word_1_147' title='bbox 3145 777 3568 844; x_wconf 89' lang='lat' dir='ltr'><strong>consistorium,</strong></span> 
     </span>
    </p>
   </div>
   <div class='ocr_carea' id='block_1_23' title="bbox 1999 865 3569 940">
    <p class='ocr_par' dir='ltr' id='par_1_23' title="bbox 1999 865 3569 940">
     <span class='ocr_line' id='line_1_23' title="bbox 1999 865 3569 940; baseline 0.003 -21"><span class='ocrx_word' id='word_1_148' title='bbox 1999 865 2322 921; x_wconf 78' lang='lat' dir='ltr'><strong>defectionis</strong></span> <span class='ocrx_word' id='word_1_149' title='bbox 2373 868 2703 922; x_wconf 85' lang='lat' dir='ltr'><strong>notabamur</strong></span> <span class='ocrx_word' id='word_1_150' title='bbox 2758 887 2771 922; x_wconf 93' lang='lat'><strong>:</strong></span> <span class='ocrx_word' id='word_1_151' title='bbox 2831 877 2996 924; x_wconf 72' lang='lat' dir='ltr'><strong>tanta:</strong></span> <span class='ocrx_word' id='word_1_152' title='bbox 3046 878 3176 923; x_wconf 91' lang='lat' dir='ltr'><strong>sunt</strong></span> <span class='ocrx_word' id='word_1_153' title='bbox 3226 885 3437 936; x_wconf 89' lang='lat' dir='ltr'><strong>eorum,</strong></span> <span class='ocrx_word' id='word_1_154' title='bbox 3473 871 3569 940; x_wconf 86' lang='lat' dir='ltr'><strong>qui</strong></span> 
     </span>
    </p>
   </div>
   <div class='ocr_carea' id='block_1_24' title="bbox 1999 956 3568 1029">
    <p class='ocr_par' dir='ltr' id='par_1_24' title="bbox 1999 956 3568 1029">
     <span class='ocr_line' id='line_1_24' title="bbox 1999 956 3568 1029; baseline 0.003 -19"><span class='ocrx_word' id='word_1_155' title='bbox 1999 956 2144 1011; x_wconf 90' lang='lat' dir='ltr'><strong>intro</strong></span> <span class='ocrx_word' id='word_1_156' title='bbox 2177 964 2325 1022; x_wconf 91' lang='lat' dir='ltr'><strong>sunt,</strong></span> <span class='ocrx_word' id='word_1_157' title='bbox 2357 973 2487 1029; x_wconf 86' lang='lat' dir='ltr'><strong>erga</strong></span> <span class='ocrx_word' id='word_1_158' title='bbox 2537 958 2693 1014; x_wconf 90' lang='lat' dir='ltr'><strong>illum</strong></span> <span class='ocrx_word' id='word_1_159' title='bbox 2739 960 3057 1015; x_wconf 68' lang='lat' dir='ltr'><strong>inimicitiae.</strong></span> <span class='ocrx_word' id='word_1_160' title='bbox 3094 961 3164 1015; x_wconf 86' lang='lat' dir='ltr'><strong>Et</strong></span> <span class='ocrx_word' id='word_1_161' title='bbox 3191 961 3296 1016; x_wconf 89' lang='lat' dir='ltr'><strong>hoc</strong></span> <span class='ocrx_word' id='word_1_162' title='bbox 3334 970 3418 1016; x_wconf 83' lang='lat' dir='ltr'><strong>est</strong></span> <span class='ocrx_word' id='word_1_163' title='bbox 3450 976 3568 1015; x_wconf 90' lang='lat' dir='ltr'><strong>mo-</strong></span> 
     </span>
    </p>
   </div>
   <div class='ocr_carea' id='block_1_25' title="bbox 1998 1045 3570 1123">
    <p class='ocr_par' dir='ltr' id='par_1_25' title="bbox 1998 1045 3570 1123">
     <span class='ocr_line' id='line_1_25' title="bbox 1998 1045 3570 1123; baseline 0.004 -23"><span class='ocrx_word' id='word_1_164' title='bbox 1998 1045 2377 1102; x_wconf 86' lang='lat' dir='ltr'><strong>lestissimum.</strong></span> <span class='ocrx_word' id='word_1_165' title='bbox 2419 1049 2805 1104; x_wconf 84' lang='lat' dir='ltr'><strong>Pientissimus</strong></span> <span class='ocrx_word' id='word_1_166' title='bbox 2851 1067 2947 1105; x_wconf 80' lang='lat' dir='ltr'><strong>rex</strong></span> <span class='ocrx_word' id='word_1_167' title='bbox 2994 1067 3107 1123; x_wconf 71' lang='lat' dir='ltr'><strong>prae</strong></span> <span class='ocrx_word' id='word_1_168' title='bbox 3150 1053 3407 1106; x_wconf 86' lang='lat' dir='ltr'><strong>omnibus</strong></span> <span class='ocrx_word' id='word_1_169' title='bbox 3447 1052 3570 1106; x_wconf 88' lang='lat' dir='ltr'><strong>aliis</strong></span> 
     </span>
    </p>
   </div>
   <div class='ocr_carea' id='block_1_26' title="bbox 1998 1140 3567 1207">
    <p class='ocr_par' dir='ltr' id='par_1_26' title="bbox 1998 1140 3567 1207">
     <span class='ocr_line' id='line_1_26' title="bbox 1998 1140 3567 1207; baseline 0.004 -17"><span class='ocrx_word' id='word_1_170' title='bbox 1998 1146 2282 1192; x_wconf 83' lang='lat' dir='ltr'><strong>aversatur</strong></span> <span class='ocrx_word' id='word_1_171' title='bbox 2310 1154 2533 1203; x_wconf 90' lang='lat' dir='ltr'><strong>nomen,</strong></span> <span class='ocrx_word' id='word_1_172' title='bbox 2561 1140 2852 1195; x_wconf 88' lang='lat' dir='ltr'><strong>manifeste</strong></span> <span class='ocrx_word' id='word_1_173' title='bbox 2886 1141 3091 1207; x_wconf 80' lang='lat' dir='ltr'><strong>dicens</strong></span> <span class='ocrx_word' id='word_1_174' title='bbox 3133 1161 3146 1195; x_wconf 89' lang='lat'>:</span> <span class='ocrx_word' id='word_1_175' title='bbox 3190 1143 3265 1196; x_wconf 92' lang='lat' dir='ltr'><strong>Dc</strong></span> <span class='ocrx_word' id='word_1_176' title='bbox 3303 1142 3407 1197; x_wconf 89' lang='lat' dir='ltr'><strong>hoc</strong></span> <span class='ocrx_word' id='word_1_177' title='bbox 3432 1142 3567 1197; x_wconf 90' lang='lat' dir='ltr'><strong>mihi</strong></span> 
     </span>
    </p>
   </div>
   <div class='ocr_carea' id='block_1_27' title="bbox 1997 1228 3568 1303">
    <p class='ocr_par' dir='ltr' id='par_1_27' title="bbox 1997 1228 3568 1303">
     <span class='ocr_line' id='line_1_27' title="bbox 1997 1228 3568 1303; baseline 0.003 -21"><span class='ocrx_word' id='word_1_178' title='bbox 1997 1228 2185 1283; x_wconf 89' lang='lat' dir='ltr'><strong>nullus</strong></span> <span class='ocrx_word' id='word_1_179' title='bbox 2212 1230 2490 1300; x_wconf 90' lang='lat' dir='ltr'><strong>loquatur.</strong></span> <span class='ocrx_word' id='word_1_180' title='bbox 2548 1230 2838 1302; x_wconf 90' lang='lat' dir='ltr'><strong>Speeimen</strong></span> <span class='ocrx_word' id='word_1_181' title='bbox 2898 1233 3045 1287; x_wconf 90' lang='lat' dir='ltr'><strong>enim</strong></span> <span class='ocrx_word' id='word_1_182' title='bbox 3096 1234 3265 1288; x_wconf 88' lang='lat' dir='ltr'><strong>semel</strong></span> <span class='ocrx_word' id='word_1_183' title='bbox 3316 1233 3429 1303; x_wconf 86' lang='lat' dir='ltr'><strong>ipse</strong></span> <span class='ocrx_word' id='word_1_184' title='bbox 3468 1233 3568 1287; x_wconf 82' lang='lat' dir='ltr'><strong>dc-</strong></span> 
     </span>
    </p>
   </div>
   <div class='ocr_carea' id='block_1_28' title="bbox 1999 1319 3570 1387">
    <p class='ocr_par' dir='ltr' id='par_1_28' title="bbox 1999 1319 3570 1387">
     <span class='ocr_line' id='line_1_28' title="bbox 1999 1319 3570 1387; baseline 0.003 -13"><span class='ocrx_word' id='word_1_185' title='bbox 1999 1319 2100 1375; x_wconf 90' lang='lat' dir='ltr'><strong>dit.</strong></span> <span class='ocrx_word' id='word_1_186' title='bbox 2154 1319 2412 1375; x_wconf 82' lang='lat' dir='ltr'><strong>Attamen</strong></span> <span class='ocrx_word' id='word_1_187' title='bbox 2461 1320 2592 1375; x_wconf 89' lang='lat' dir='ltr'><strong>dum</strong></span> <span class='ocrx_word' id='word_1_188' title='bbox 2652 1323 2742 1376; x_wconf 92' lang='lat' dir='ltr'><strong>hic</strong></span> <span class='ocrx_word' id='word_1_189' title='bbox 2792 1338 3005 1387; x_wconf 90' lang='lat' dir='ltr'><strong>sumus,</strong></span> <span class='ocrx_word' id='word_1_190' title='bbox 3068 1340 3180 1379; x_wconf 91' lang='lat' dir='ltr'><strong>non</strong></span> <span class='ocrx_word' id='word_1_191' title='bbox 3232 1323 3570 1379; x_wconf 83' lang='lat' dir='ltr'><strong>cessabimus</strong></span> 
     </span>
    </p>
   </div>
   <div class='ocr_carea' id='block_1_29' title="bbox 1998 1411 3569 1482">
    <p class='ocr_par' dir='ltr' id='par_1_29' title="bbox 1998 1411 3569 1482">
     <span class='ocr_line' id='line_1_29' title="bbox 1998 1411 3569 1482; baseline 0.003 -19"><span class='ocrx_word' id='word_1_192' title='bbox 1998 1411 2146 1463; x_wconf 91' lang='lat' dir='ltr'><strong>omni</strong></span> <span class='ocrx_word' id='word_1_193' title='bbox 2180 1412 2404 1475; x_wconf 90' lang='lat' dir='ltr'><strong>virtute,</strong></span> <span class='ocrx_word' id='word_1_194' title='bbox 2435 1419 2491 1465; x_wconf 91' lang='lat' dir='ltr'><strong>et</strong></span> <span class='ocrx_word' id='word_1_195' title='bbox 2510 1412 2629 1481; x_wconf 88' lang='lat' dir='ltr'><strong>ejus</strong></span> <span class='ocrx_word' id='word_1_196' title='bbox 2660 1413 2837 1482; x_wconf 85' lang='lat' dir='ltr'><strong>patris</strong></span> <span class='ocrx_word' id='word_1_197' title='bbox 2873 1428 3059 1467; x_wconf 89' lang='lat' dir='ltr'><strong>curam</strong></span> <span class='ocrx_word' id='word_1_198' title='bbox 3090 1428 3299 1482; x_wconf 77' lang='lat' dir='ltr'><strong>gerere,</strong></span> <span class='ocrx_word' id='word_1_199' title='bbox 3329 1413 3569 1468; x_wconf 85' lang='lat' dir='ltr'><strong>scientes</strong></span> 
     </span>
    </p>
   </div>
   <div class='ocr_carea' id='block_1_30' title="bbox 1996 1499 2982 1572">
    <p class='ocr_par' dir='ltr' id='par_1_30' title="bbox 1996 1499 2982 1572">
     <span class='ocr_line' id='line_1_30' title="bbox 1996 1499 2982 1572; baseline 0.001 -18"><span class='ocrx_word' id='word_1_200' title='bbox 1996 1499 2195 1555; x_wconf 84' lang='lat' dir='ltr'><strong>factam</strong></span> <span class='ocrx_word' id='word_1_201' title='bbox 2222 1500 2302 1555; x_wconf 91' lang='lat' dir='ltr'><strong>illi</strong></span> <span class='ocrx_word' id='word_1_202' title='bbox 2329 1501 2399 1555; x_wconf 91' lang='lat' dir='ltr'><strong>ab</strong></span> <span class='ocrx_word' id='word_1_203' title='bbox 2426 1500 2615 1571; x_wconf 89' lang='lat' dir='ltr'><strong>impiis</strong></span> <span class='ocrx_word' id='word_1_204' title='bbox 2638 1502 2982 1572; x_wconf 74' lang='lat' dir='ltr'><strong>iniustitiam.</strong></span> 
     </span>
    </p>
   </div>
   <div class='ocr_carea' id='block_1_31' title="bbox 2068 1590 3564 1661">
    <p class='ocr_par' dir='ltr' id='par_1_31' title="bbox 2068 1590 3564 1661">
     <span class='ocr_line' id='line_1_31' title="bbox 2068 1590 3564 1661; baseline 0.001 -16"><span class='ocrx_word' id='word_1_205' title='bbox 2068 1590 2240 1646; x_wconf 87' lang='lat' dir='ltr'><strong>Nobis</strong></span> <span class='ocrx_word' id='word_1_206' title='bbox 2275 1606 2495 1661; x_wconf 87' lang='lat' dir='ltr'><strong>quoque</strong></span> <span class='ocrx_word' id='word_1_207' title='bbox 2540 1592 2783 1647; x_wconf 84' lang='lat' dir='ltr'><strong>studium</strong></span> <span class='ocrx_word' id='word_1_208' title='bbox 2813 1600 2931 1655; x_wconf 88' lang='lat' dir='ltr'><strong>est,</strong></span> <span class='ocrx_word' id='word_1_209' title='bbox 2966 1599 3027 1646; x_wconf 90' lang='lat' dir='ltr'><strong>ut</strong></span> <span class='ocrx_word' id='word_1_210' title='bbox 3076 1592 3208 1647; x_wconf 92' lang='lat' dir='ltr'><strong>hinc</strong></span> <span class='ocrx_word' id='word_1_211' title='bbox 3242 1593 3564 1658; x_wconf 88' lang='lat' dir='ltr'><strong>liberemur,</strong></span> 
     </span>
    </p>
   </div>
   <div class='ocr_carea' id='block_1_32' title="bbox 1998 1680 3566 1752">
    <p class='ocr_par' dir='ltr' id='par_1_32' title="bbox 1998 1680 3566 1752">
     <span class='ocr_line' id='line_1_32' title="bbox 1998 1680 3566 1752; baseline 0.003 -18"><span class='ocrx_word' id='word_1_212' title='bbox 1998 1688 2055 1734; x_wconf 92' lang='lat' dir='ltr'><strong>et</strong></span> <span class='ocrx_word' id='word_1_213' title='bbox 2082 1688 2268 1734; x_wconf 85' lang='lat' dir='ltr'><strong>vestra</strong></span> <span class='ocrx_word' id='word_1_214' title='bbox 2318 1680 2587 1736; x_wconf 90' lang='lat' dir='ltr'><strong>liberetur</strong></span> <span class='ocrx_word' id='word_1_215' title='bbox 2635 1682 2829 1752; x_wconf 90' lang='lat' dir='ltr'><strong>pietas.</strong></span> <span class='ocrx_word' id='word_1_216' title='bbox 2862 1682 3011 1737; x_wconf 86' lang='lat' dir='ltr'><strong>Nihil</strong></span> <span class='ocrx_word' id='word_1_217' title='bbox 3058 1683 3205 1736; x_wconf 91' lang='lat' dir='ltr'><strong>enim</strong></span> <span class='ocrx_word' id='word_1_218' title='bbox 3258 1682 3389 1737; x_wconf 89' lang='lat' dir='ltr'><strong>hinc</strong></span> <span class='ocrx_word' id='word_1_219' title='bbox 3433 1682 3566 1738; x_wconf 89' lang='lat' dir='ltr'><strong>boni</strong></span> 
     </span>
    </p>
   </div>
   <div class='ocr_carea' id='block_1_33' title="bbox 333 1751 3561 1841">
    <p class='ocr_par' dir='ltr' id='par_1_33' title="bbox 333 1751 3561 1841">
     <span class='ocr_line' id='line_1_33' title="bbox 333 1751 3561 1841; baseline -0.001 -11"><span class='ocrx_word' id='word_1_220' title='bbox 333 1751 693 1839; x_wconf 75' lang='lat' dir='ltr'><strong>excutiemus,</strong></span> <span class='ocrx_word' id='word_1_221' title='bbox 738 1751 825 1829; x_wconf 16' lang='lat' dir='ltr'><strong>et,</strong></span> <span class='ocrx_word' id='word_1_222' title='bbox 849 1773 1209 1829; x_wconf 90' lang='lat' dir='ltr'><strong>clamabimus</strong></span> <span class='ocrx_word' id='word_1_223' title='bbox 1262 1751 1388 1829; x_wconf 84' lang='lat' dir='ltr'><strong>cum</strong></span> <span class='ocrx_word' id='word_1_224' title='bbox 1436 1774 1600 1829; x_wconf 88' lang='lat' dir='ltr'><strong>beato</strong></span> <span class='ocrx_word' id='word_1_225' title='bbox 1653 1751 1823 1829; x_wconf 78' lang='lat' dir='ltr'><strong>Paulo</strong></span> <span class='ocrx_word' id='word_1_226' title='bbox 1879 1792 1893 1827; x_wconf 90' lang='lat'><strong>:</strong></span> <span class='ocrx_word' id='word_1_227' title='bbox 1929 1751 1972 1808; x_wconf 76' lang='grc' dir='ltr'><strong><em>Β</em></strong></span> <span class='ocrx_word' id='word_1_228' title='bbox 2001 1768 2354 1837; x_wconf 79' lang='lat' dir='ltr'><strong>sperandum,</strong></span> <span class='ocrx_word' id='word_1_229' title='bbox 2377 1783 2445 1824; x_wconf 91' lang='lat' dir='ltr'><strong>eo</strong></span> <span class='ocrx_word' id='word_1_230' title='bbox 2461 1769 2608 1839; x_wconf 88' lang='lat' dir='ltr'><strong>quod</strong></span> <span class='ocrx_word' id='word_1_231' title='bbox 2628 1751 2845 1841; x_wconf 88' lang='lat' dir='ltr'><strong>judices</strong></span> <span class='ocrx_word' id='word_1_232' title='bbox 2880 1771 2983 1839; x_wconf 88' lang='lat' dir='ltr'><strong>ipsi</strong></span> <span class='ocrx_word' id='word_1_233' title='bbox 3006 1786 3196 1825; x_wconf 91' lang='lat' dir='ltr'><strong>omnes</strong></span> <span class='ocrx_word' id='word_1_234' title='bbox 3220 1785 3355 1825; x_wconf 88' lang='lat' dir='ltr'><strong>auro</strong></span> <span class='ocrx_word' id='word_1_235' title='bbox 3393 1772 3561 1826; x_wconf 82' lang='lat' dir='ltr'><strong>conli-</strong></span> 
     </span>
    </p>
   </div>
   <div class='ocr_carea' id='block_1_34' title="bbox 342 1866 1899 1936">
    <p class='ocr_par' dir='ltr' id='par_1_34' title="bbox 342 1866 1899 1936">
     <span class='ocr_line' id='line_1_34' title="bbox 342 1866 1899 1936; baseline 0.001 -17"><span class='ocrx_word' id='word_1_236' title='bbox 342 1885 362 1919; x_wconf 72' lang='grc' dir='ltr'><strong><em>ι</em></strong></span> <span class='ocrx_word' id='word_1_237' title='bbox 408 1867 593 1921; x_wconf 80' lang='lat' dir='ltr'><strong>Mundi</strong></span> <span class='ocrx_word' id='word_1_238' title='bbox 625 1882 817 1922; x_wconf 85' lang='lat' dir='ltr'><strong>sumus</strong></span> <span class='ocrx_word' id='word_1_239' title='bbox 845 1882 874 1920; x_wconf 92' lang='lat' dir='ltr'><strong>a</strong></span> <span class='ocrx_word' id='word_1_240' title='bbox 909 1867 1173 1936; x_wconf 80' lang='lat' dir='ltr'><strong>sanguine</strong></span> <span class='ocrx_word' id='word_1_241' title='bbox 1204 1875 1391 1921; x_wconf 87' lang='lat' dir='ltr'><strong>vestro</strong></span> <span class='ocrx_word' id='word_1_242' title='bbox 1420 1866 1486 1919; x_wconf 77' lang='grc'><strong>⁸⁸.</strong></span> <span class='ocrx_word' id='word_1_243' title='bbox 1529 1886 1548 1918; x_wconf 76' lang='grc' dir='ltr'><strong><em>ι</em></strong></span> <span class='ocrx_word' id='word_1_244' title='bbox 1595 1866 1714 1921; x_wconf 85' lang='lat' dir='ltr'><strong>Non</strong></span> <span class='ocrx_word' id='word_1_245' title='bbox 1751 1867 1899 1920; x_wconf 90' lang='lat' dir='ltr'><strong>enim</strong></span> 
     </span>
    </p>
   </div>
   <div class='ocr_carea' id='block_1_35' title="bbox 333 1956 1898 2026">
    <p class='ocr_par' dir='ltr' id='par_1_35' title="bbox 333 1956 1898 2026">
     <span class='ocr_line' id='line_1_35' title="bbox 333 1956 1898 2026; baseline 0.001 -15"><span class='ocrx_word' id='word_1_246' title='bbox 333 1972 614 2013; x_wconf 79' lang='lat' dir='ltr'><strong>cessamus</strong></span> <span class='ocrx_word' id='word_1_247' title='bbox 638 1966 800 2012; x_wconf 90' lang='lat' dir='ltr'><strong>nocte</strong></span> <span class='ocrx_word' id='word_1_248' title='bbox 823 1966 879 2011; x_wconf 89' lang='lat' dir='ltr'><strong>et</strong></span> <span class='ocrx_word' id='word_1_249' title='bbox 907 1956 1018 2022; x_wconf 91' lang='lat' dir='ltr'><strong>die,</strong></span> <span class='ocrx_word' id='word_1_250' title='bbox 1045 1956 1115 2010; x_wconf 91' lang='lat' dir='ltr'><strong>ab</strong></span> <span class='ocrx_word' id='word_1_251' title='bbox 1156 1972 1225 2012; x_wconf 89' lang='lat' dir='ltr'><strong>eo</strong></span> <span class='ocrx_word' id='word_1_252' title='bbox 1253 1956 1365 2020; x_wconf 89' lang='lat' dir='ltr'><strong>die,</strong></span> <span class='ocrx_word' id='word_1_253' title='bbox 1393 1972 1504 2026; x_wconf 92' lang='lat' dir='ltr'><strong>quo</strong></span> <span class='ocrx_word' id='word_1_254' title='bbox 1541 1957 1596 2011; x_wconf 92' lang='lat' dir='ltr'><strong>in</strong></span> <span class='ocrx_word' id='word_1_255' title='bbox 1637 1957 1778 2013; x_wconf 90' lang='lat' dir='ltr'><strong>hanc</strong></span> <span class='ocrx_word' id='word_1_256' title='bbox 1807 1972 1898 2012; x_wconf 84' lang='lat' dir='ltr'><strong>ce-</strong></span> 
     </span>
    </p>
   </div>
   <div class='ocr_carea' id='block_1_36' title="bbox 331 2042 1895 2119">
    <p class='ocr_par' dir='ltr' id='par_1_36' title="bbox 331 2042 1895 2119">
     <span class='ocr_line' id='line_1_36' title="bbox 331 2042 1895 2119; baseline 0 -17"><span class='ocrx_word' id='word_1_257' title='bbox 331 2046 539 2103; x_wconf 87' lang='lat' dir='ltr'><strong>lebrem</strong></span> <span class='ocrx_word' id='word_1_258' title='bbox 564 2047 829 2119; x_wconf 88' lang='lat' dir='ltr'><strong>synodum</strong></span> <span class='ocrx_word' id='word_1_259' title='bbox 855 2042 1195 2111; x_wconf 82' lang='lat' dir='ltr'><strong>advenimus,</strong></span> <span class='ocrx_word' id='word_1_260' title='bbox 1225 2056 1281 2102; x_wconf 91' lang='lat' dir='ltr'><strong>et</strong></span> <span class='ocrx_word' id='word_1_261' title='bbox 1302 2046 1438 2118; x_wconf 88' lang='lat' dir='ltr'><strong>regi,</strong></span> <span class='ocrx_word' id='word_1_262' title='bbox 1457 2055 1514 2102; x_wconf 89' lang='lat' dir='ltr'><strong>et</strong></span> <span class='ocrx_word' id='word_1_263' title='bbox 1535 2046 1895 2117; x_wconf 89' lang='lat' dir='ltr'><strong>principibus,</strong></span> 
     </span>
    </p>
   </div>
   <div class='ocr_carea' id='block_1_37' title="bbox 333 2136 1897 2202">
    <p class='ocr_par' dir='ltr' id='par_1_37' title="bbox 333 2136 1897 2202">
     <span class='ocr_line' id='line_1_37' title="bbox 333 2136 1897 2202; baseline 0.001 -10"><span class='ocrx_word' id='word_1_264' title='bbox 333 2144 392 2192; x_wconf 89' lang='lat' dir='ltr'><strong>et</strong></span> <span class='ocrx_word' id='word_1_265' title='bbox 426 2136 716 2200; x_wconf 84' lang='lat' dir='ltr'><strong>militibus,</strong></span> <span class='ocrx_word' id='word_1_266' title='bbox 745 2145 802 2191; x_wconf 90' lang='lat' dir='ltr'><strong>et</strong></span> <span class='ocrx_word' id='word_1_267' title='bbox 844 2136 1243 2201; x_wconf 87' lang='lat' dir='ltr'><strong>sacerdotibus,</strong></span> <span class='ocrx_word' id='word_1_268' title='bbox 1285 2146 1342 2192; x_wconf 90' lang='lat' dir='ltr'><strong>et</strong></span> <span class='ocrx_word' id='word_1_269' title='bbox 1373 2137 1530 2191; x_wconf 92' lang='lat' dir='ltr'><strong>laicis</strong></span> <span class='ocrx_word' id='word_1_270' title='bbox 1563 2137 1784 2202; x_wconf 88' lang='lat' dir='ltr'><strong>testari,</strong></span> <span class='ocrx_word' id='word_1_271' title='bbox 1827 2153 1897 2193; x_wconf 90' lang='lat' dir='ltr'><strong>ne</strong></span> 
     </span>
    </p>
   </div>
   <div class='ocr_carea' id='block_1_38' title="bbox 332 2225 1671 2282">
    <p class='ocr_par' dir='ltr' id='par_1_38' title="bbox 332 2225 1671 2282">
     <span class='ocr_line' id='line_1_38' title="bbox 332 2225 1671 2282; baseline -0.003 0"><span class='ocrx_word' id='word_1_272' title='bbox 332 2226 648 2282; x_wconf 88' lang='lat' dir='ltr'><strong>amittamus</strong></span> <span class='ocrx_word' id='word_1_273' title='bbox 676 2226 930 2281; x_wconf 87' lang='lat' dir='ltr'><strong>traditam</strong></span> <span class='ocrx_word' id='word_1_274' title='bbox 962 2226 1124 2281; x_wconf 87' lang='lat' dir='ltr'><strong>nobis</strong></span> <span class='ocrx_word' id='word_1_275' title='bbox 1157 2241 1186 2280; x_wconf 90' lang='lat' dir='ltr'><strong>a</strong></span> <span class='ocrx_word' id='word_1_276' title='bbox 1215 2226 1468 2280; x_wconf 88' lang='lat' dir='ltr'><strong>Patribus</strong></span> <span class='ocrx_word' id='word_1_277' title='bbox 1491 2225 1671 2281; x_wconf 81' lang='lat' dir='ltr'><strong>(idem.</strong></span> 
     </span>
    </p>
   </div>
   <div class='ocr_carea' id='block_1_39' title="bbox 329 2379 1897 2454">
    <p class='ocr_par' dir='ltr' id='par_1_39' title="bbox 329 2379 1897 2454">
     <span class='ocr_line' id='line_1_39' title="bbox 329 2379 1897 2454; baseline -0.002 -15"><span class='ocrx_word' id='word_1_278' title='bbox 329 2379 883 2454; x_wconf 76' lang='lat' dir='ltr'><strong>CLXIX.—-Epistolo</strong></span> <span class='ocrx_word' id='word_1_279' title='bbox 926 2383 1242 2454; x_wconf 67' lang='lat' dir='ltr'><strong>Theodoreti</strong></span> <span class='ocrx_word' id='word_1_280' title='bbox 1273 2384 1498 2454; x_wconf 78' lang='lat' dir='ltr'><strong>episcopi</strong></span> <span class='ocrx_word' id='word_1_281' title='bbox 1555 2381 1681 2454; x_wconf 84' lang='lat' dir='ltr'><strong>Cyri</strong></span> <span class='ocrx_word' id='word_1_282' title='bbox 1715 2399 1743 2435; x_wconf 87' lang='lat' dir='ltr'><strong>e</strong></span> <span class='ocrx_word' id='word_1_283' title='bbox 1768 2381 1897 2438; x_wconf 86' lang='lat' dir='ltr'><strong>Cal-</strong></span> 
     </span>
    </p>
   </div>
   <div class='ocr_carea' id='block_1_40' title="bbox 401 2451 1896 2592">
    <p class='ocr_par' dir='ltr' id='par_1_40' title="bbox 401 2451 1896 2592">
     <span class='ocr_line' id='line_1_40' title="bbox 401 2451 1896 2592; baseline 0.001 -87"><span class='ocrx_word' id='word_1_284' title='bbox 401 2453 627 2592; x_wconf 55' lang='grc' dir='ltr'><strong>ῗέιῗςιοηε</strong></span> <span class='ocrx_word' id='word_1_285' title='bbox 674 2452 744 2505; x_wconf 88' lang='lat' dir='ltr'><strong>ad</strong></span> <span class='ocrx_word' id='word_1_286' title='bbox 791 2451 1156 2507; x_wconf 71' lang='lat' dir='ltr'><strong>Alexandrum</strong></span> <span class='ocrx_word' id='word_1_287' title='bbox 1194 2451 1655 2523; x_wconf 69' lang='lat' dir='ltr'><strong>Hierapolitanum</strong></span> <span class='ocrx_word' id='word_1_288' title='bbox 1697 2453 1896 2522; x_wconf 77' lang='lat' dir='ltr'><strong>scripta</strong></span> 
     </span>
    </p>
   </div>
   <div class='ocr_carea' id='block_1_41' title="bbox 400 2676 1893 2747">
    <p class='ocr_par' dir='ltr' id='par_1_41' title="bbox 400 2676 1893 2747">
     <span class='ocr_line' id='line_1_41' title="bbox 400 2676 1893 2747; baseline -0.003 -12"><span class='ocrx_word' id='word_1_289' title='bbox 400 2680 621 2735; x_wconf 83' lang='lat' dir='ltr'><strong>Nullum</strong></span> <span class='ocrx_word' id='word_1_290' title='bbox 655 2679 1032 2743; x_wconf 87' lang='lat' dir='ltr'><strong>humanitatis,</strong></span> <span class='ocrx_word' id='word_1_291' title='bbox 1054 2677 1267 2732; x_wconf 90' lang='lat' dir='ltr'><strong>nullum</strong></span> <span class='ocrx_word' id='word_1_292' title='bbox 1309 2676 1649 2747; x_wconf 84' lang='lat' dir='ltr'><strong>asperitatis,</strong></span> <span class='ocrx_word' id='word_1_293' title='bbox 1681 2677 1893 2731; x_wconf 91' lang='lat' dir='ltr'><strong>nullum</strong></span> 
     </span>
    </p>
   </div>
   <div class='ocr_carea' id='block_1_42' title="bbox 329 2764 1894 2836">
    <p class='ocr_par' dir='ltr' id='par_1_42' title="bbox 329 2764 1894 2836">
     <span class='ocr_line' id='line_1_42' title="bbox 329 2764 1894 2836; baseline -0.004 -12"><span class='ocrx_word' id='word_1_294' title='bbox 329 2767 753 2831; x_wconf 84' lang='lat' dir='ltr'><strong>adhortationis,</strong></span> <span class='ocrx_word' id='word_1_295' title='bbox 788 2767 997 2820; x_wconf 91' lang='lat' dir='ltr'><strong>nullum</strong></span> <span class='ocrx_word' id='word_1_296' title='bbox 1027 2765 1445 2820; x_wconf 89' lang='lat' dir='ltr'><strong>declamationis</strong></span> <span class='ocrx_word' id='word_1_297' title='bbox 1475 2780 1643 2836; x_wconf 81' lang='lat' dir='ltr'><strong>genus</strong></span> <span class='ocrx_word' id='word_1_298' title='bbox 1684 2764 1894 2835; x_wconf 59' lang='lat'><strong>1345</strong></span> 
     </span>
    </p>
   </div>
   <div class='ocr_carea' id='block_1_43' title="bbox 331 2855 1893 2927">
    <p class='ocr_par' dir='ltr' id='par_1_43' title="bbox 331 2855 1893 2927">
     <span class='ocr_line' id='line_1_43' title="bbox 331 2855 1893 2927; baseline -0.004 -13"><span class='ocrx_word' id='word_1_299' title='bbox 331 2859 640 2923; x_wconf 87' lang='lat' dir='ltr'><strong>omisimus,</strong></span> <span class='ocrx_word' id='word_1_300' title='bbox 677 2873 787 2927; x_wconf 92' lang='lat' dir='ltr'><strong>quo</strong></span> <span class='ocrx_word' id='word_1_301' title='bbox 831 2856 977 2926; x_wconf 90' lang='lat' dir='ltr'><strong>apud</strong></span> <span class='ocrx_word' id='word_1_302' title='bbox 1011 2856 1416 2926; x_wconf 88' lang='lat' dir='ltr'><strong>pientissimum</strong></span> <span class='ocrx_word' id='word_1_303' title='bbox 1466 2871 1646 2927; x_wconf 83' lang='lat' dir='ltr'><strong>regem</strong></span> <span class='ocrx_word' id='word_1_304' title='bbox 1677 2863 1734 2909; x_wconf 90' lang='lat' dir='ltr'><strong>et</strong></span> <span class='ocrx_word' id='word_1_305' title='bbox 1766 2855 1893 2908; x_wconf 82' lang='lat' dir='ltr'><strong>illu-</strong></span> 
     </span>
    </p>
   </div>
   <div class='ocr_carea' id='block_1_44' title="bbox 330 2945 1893 3009">
    <p class='ocr_par' dir='ltr' id='par_1_44' title="bbox 330 2945 1893 3009">
     <span class='ocr_line' id='line_1_44' title="bbox 330 2945 1893 3009; baseline -0.004 -5"><span class='ocrx_word' id='word_1_306' title='bbox 330 2957 442 3004; x_wconf 85' lang='lat' dir='ltr'><strong>stre</strong></span> <span class='ocrx_word' id='word_1_307' title='bbox 471 2947 856 3005; x_wconf 88' lang='lat' dir='ltr'><strong>consistorium</strong></span> <span class='ocrx_word' id='word_1_308' title='bbox 886 2961 996 2999; x_wconf 90' lang='lat' dir='ltr'><strong>non</strong></span> <span class='ocrx_word' id='word_1_309' title='bbox 1025 2945 1199 3000; x_wconf 85' lang='lat' dir='ltr'><strong>simus</strong></span> <span class='ocrx_word' id='word_1_310' title='bbox 1219 2945 1692 3009; x_wconf 81' lang='lat' dir='ltr'><strong>usi,testillcantes</strong></span> <span class='ocrx_word' id='word_1_311' title='bbox 1709 2959 1893 2998; x_wconf 89' lang='lat' dir='ltr'><strong>coram</strong></span> 
     </span>
    </p>
   </div>
   <div class='ocr_carea' id='block_1_45' title="bbox 327 3034 1892 3109">
    <p class='ocr_par' dir='ltr' id='par_1_45' title="bbox 327 3034 1892 3109">
     <span class='ocr_line' id='line_1_45' title="bbox 327 3034 1892 3109; baseline -0.004 -14"><span class='ocrx_word' id='word_1_312' title='bbox 327 3040 463 3103; x_wconf 88' lang='lat' dir='ltr'><strong>Deo,</strong></span> <span class='ocrx_word' id='word_1_313' title='bbox 481 3038 576 3109; x_wconf 88' lang='lat' dir='ltr'><strong>qui</strong></span> <span class='ocrx_word' id='word_1_314' title='bbox 600 3037 782 3093; x_wconf 89' lang='lat' dir='ltr'><strong>omnia</strong></span> <span class='ocrx_word' id='word_1_315' title='bbox 806 3036 978 3101; x_wconf 86' lang='lat' dir='ltr'><strong>videt,</strong></span> <span class='ocrx_word' id='word_1_316' title='bbox 1008 3045 1064 3090; x_wconf 88' lang='lat' dir='ltr'><strong>et</strong></span> <span class='ocrx_word' id='word_1_317' title='bbox 1098 3036 1330 3090; x_wconf 91' lang='lat' dir='ltr'><strong>Domino</strong></span> <span class='ocrx_word' id='word_1_318' title='bbox 1360 3043 1552 3090; x_wconf 89' lang='lat' dir='ltr'><strong>nostro</strong></span> <span class='ocrx_word' id='word_1_319' title='bbox 1576 3036 1705 3090; x_wconf 81' lang='lat' dir='ltr'><strong>Jesu</strong></span> <span class='ocrx_word' id='word_1_320' title='bbox 1733 3034 1892 3089; x_wconf 82' lang='lat' dir='ltr'><strong>Chri-</strong></span> 
     </span>
    </p>
   </div>
   <div class='ocr_carea' id='block_1_46' title="bbox 326 3125 1891 3198">
    <p class='ocr_par' dir='ltr' id='par_1_46' title="bbox 326 3125 1891 3198">
     <span class='ocr_line' id='line_1_46' title="bbox 326 3125 1891 3198; baseline -0.003 -14"><span class='ocrx_word' id='word_1_321' title='bbox 326 3137 435 3195; x_wconf 88' lang='lat' dir='ltr'><strong>sto,</strong></span> <span class='ocrx_word' id='word_1_322' title='bbox 457 3129 552 3198; x_wconf 90' lang='lat' dir='ltr'><strong>qui</strong></span> <span class='ocrx_word' id='word_1_323' title='bbox 568 3127 914 3198; x_wconf 89' lang='lat' dir='ltr'><strong>judicaturus</strong></span> <span class='ocrx_word' id='word_1_324' title='bbox 942 3134 1027 3181; x_wconf 84' lang='lat' dir='ltr'><strong>est</strong></span> <span class='ocrx_word' id='word_1_325' title='bbox 1045 3125 1236 3181; x_wconf 90' lang='lat' dir='ltr'><strong>orbem</strong></span> <span class='ocrx_word' id='word_1_326' title='bbox 1263 3126 1320 3180; x_wconf 91' lang='lat' dir='ltr'><strong>in</strong></span> <span class='ocrx_word' id='word_1_327' title='bbox 1337 3126 1553 3198; x_wconf 87' lang='lat' dir='ltr'><strong>justitia</strong></span> <span class='ocrx_word' id='word_1_328' title='bbox 1581 3127 1661 3192; x_wconf 61' lang='lat'><strong>&#39;5;</strong></span> <span class='ocrx_word' id='word_1_329' title='bbox 1688 3136 1744 3182; x_wconf 89' lang='lat' dir='ltr'><strong>et</strong></span> <span class='ocrx_word' id='word_1_330' title='bbox 1771 3126 1891 3197; x_wconf 90' lang='lat' dir='ltr'><strong>Spi-</strong></span> 
     </span>
    </p>
   </div>
   <div class='ocr_carea' id='block_1_47' title="bbox 326 3206 1889 3288">
    <p class='ocr_par' dir='ltr' id='par_1_47' title="bbox 326 3206 1889 3288">
     <span class='ocr_line' id='line_1_47' title="bbox 326 3206 1889 3288; baseline -0.003 -12"><span class='ocrx_word' id='word_1_331' title='bbox 326 3222 437 3276; x_wconf 90' lang='lat' dir='ltr'><strong>ritu</strong></span> <span class='ocrx_word' id='word_1_332' title='bbox 456 3206 664 3283; x_wconf 86' lang='lat' dir='ltr'><strong>sancto,</strong></span> <span class='ocrx_word' id='word_1_333' title='bbox 688 3226 744 3273; x_wconf 88' lang='lat' dir='ltr'><strong>et</strong></span> <span class='ocrx_word' id='word_1_334' title='bbox 764 3219 957 3274; x_wconf 91' lang='lat' dir='ltr'><strong>electis</strong></span> <span class='ocrx_word' id='word_1_335' title='bbox 980 3218 1100 3288; x_wconf 90' lang='lat' dir='ltr'><strong>ejus</strong></span> <span class='ocrx_word' id='word_1_336' title='bbox 1135 3217 1339 3288; x_wconf 83' lang='lat' dir='ltr'><strong>angelis</strong></span> <span class='ocrx_word' id='word_1_337' title='bbox 1365 3235 1378 3270; x_wconf 90' lang='lat'><strong>:</strong></span> <span class='ocrx_word' id='word_1_338' title='bbox 1409 3234 1476 3272; x_wconf 92' lang='lat' dir='ltr'><strong>ne</strong></span> <span class='ocrx_word' id='word_1_339' title='bbox 1505 3226 1889 3273; x_wconf 88' lang='lat' dir='ltr'><strong>contemnatur</strong></span> 
     </span>
    </p>
   </div>
   <div class='ocr_carea' id='block_1_48' title="bbox 326 3307 1891 3379">
    <p class='ocr_par' dir='ltr' id='par_1_48' title="bbox 326 3307 1891 3379">
     <span class='ocr_line' id='line_1_48' title="bbox 326 3307 1891 3379; baseline -0.002 -14"><span class='ocrx_word' id='word_1_340' title='bbox 326 3310 482 3375; x_wconf 81' lang='lat' dir='ltr'><strong>ﬁdes,</strong></span> <span class='ocrx_word' id='word_1_341' title='bbox 507 3324 627 3379; x_wconf 65' lang='lat' dir='ltr'><strong>quae</strong></span> <span class='ocrx_word' id='word_1_342' title='bbox 649 3309 718 3363; x_wconf 92' lang='lat' dir='ltr'><strong>ab</strong></span> <span class='ocrx_word' id='word_1_343' title='bbox 752 3308 860 3372; x_wconf 90' lang='lat' dir='ltr'><strong>bis,</strong></span> <span class='ocrx_word' id='word_1_344' title='bbox 894 3308 989 3377; x_wconf 87' lang='lat' dir='ltr'><strong>qui</strong></span> <span class='ocrx_word' id='word_1_345' title='bbox 1023 3308 1277 3362; x_wconf 62' lang='lat' dir='ltr'><strong>haeretica</strong></span> <span class='ocrx_word' id='word_1_346' title='bbox 1308 3307 1561 3377; x_wconf 84' lang='lat' dir='ltr'><strong>dogmata</strong></span> <span class='ocrx_word' id='word_1_347' title='bbox 1600 3322 1891 3376; x_wconf 87' lang='lat' dir='ltr'><strong>suscepere</strong></span> 
     </span>
    </p>
   </div>
   <div class='ocr_carea' id='block_1_49' title="bbox 324 3396 1892 3461">
    <p class='ocr_par' dir='ltr' id='par_1_49' title="bbox 324 3396 1892 3461">
     <span class='ocr_line' id='line_1_49' title="bbox 324 3396 1892 3461; baseline -0.003 -6"><span class='ocrx_word' id='word_1_348' title='bbox 324 3408 382 3455; x_wconf 87' lang='lat' dir='ltr'><strong>et</strong></span> <span class='ocrx_word' id='word_1_349' title='bbox 408 3399 511 3455; x_wconf 65' lang='lat' dir='ltr'><strong>.his</strong></span> <span class='ocrx_word' id='word_1_350' title='bbox 557 3398 906 3454; x_wconf 89' lang='lat' dir='ltr'><strong>subscribere</strong></span> <span class='ocrx_word' id='word_1_351' title='bbox 934 3397 1053 3451; x_wconf 89' lang='lat' dir='ltr'><strong>ausi</strong></span> <span class='ocrx_word' id='word_1_352' title='bbox 1102 3396 1279 3460; x_wconf 83' lang='lat' dir='ltr'><strong>fuere,</strong></span> <span class='ocrx_word' id='word_1_353' title='bbox 1316 3397 1693 3461; x_wconf 89' lang='lat' dir='ltr'><strong>adulteratur;</strong></span> <span class='ocrx_word' id='word_1_354' title='bbox 1730 3406 1785 3450; x_wconf 92' lang='lat' dir='ltr'><strong>et</strong></span> <span class='ocrx_word' id='word_1_355' title='bbox 1831 3407 1892 3451; x_wconf 90' lang='lat' dir='ltr'><strong>ut</strong></span> 
     </span>
    </p>
   </div>
   <div class='ocr_carea' id='block_1_50' title="bbox 326 3487 1892 3561">
    <p class='ocr_par' dir='ltr' id='par_1_50' title="bbox 326 3487 1892 3561">
     <span class='ocr_line' id='line_1_50' title="bbox 326 3487 1892 3561; baseline -0.002 -16"><span class='ocrx_word' id='word_1_356' title='bbox 326 3490 693 3561; x_wconf 74' lang='lat' dir='ltr'><strong>praecipiatur,</strong></span> <span class='ocrx_word' id='word_1_357' title='bbox 730 3488 901 3542; x_wconf 91' lang='lat' dir='ltr'><strong>solam</strong></span> <span class='ocrx_word' id='word_1_358' title='bbox 932 3487 1309 3556; x_wconf 80' lang='lat' dir='ltr'><strong>exponendam</strong></span> <span class='ocrx_word' id='word_1_359' title='bbox 1339 3487 1482 3541; x_wconf 85' lang='lat' dir='ltr'><strong>sicut</strong></span> <span class='ocrx_word' id='word_1_360' title='bbox 1525 3487 1578 3540; x_wconf 90' lang='lat' dir='ltr'><strong>in</strong></span> <span class='ocrx_word' id='word_1_361' title='bbox 1616 3487 1814 3551; x_wconf 57' lang='lat' dir='ltr'><strong>Nicaea,</strong></span> <span class='ocrx_word' id='word_1_362' title='bbox 1837 3497 1892 3542; x_wconf 90' lang='lat' dir='ltr'><strong>et</strong></span> 
     </span>
    </p>
   </div>
   <div class='ocr_carea' id='block_1_51' title="bbox 325 3578 1889 3654">
    <p class='ocr_par' dir='ltr' id='par_1_51' title="bbox 325 3578 1889 3654">
     <span class='ocr_line' id='line_1_51' title="bbox 325 3578 1889 3654; baseline -0.004 -15"><span class='ocrx_word' id='word_1_363' title='bbox 325 3581 689 3654; x_wconf 90' lang='lat' dir='ltr'><strong>abjiciendam</strong></span> <span class='ocrx_word' id='word_1_364' title='bbox 731 3579 1177 3649; x_wconf 88' lang='lat' dir='ltr'><strong>superinductam</strong></span> <span class='ocrx_word' id='word_1_365' title='bbox 1246 3578 1477 3632; x_wconf 86' lang='lat' dir='ltr'><strong>haeresin</strong></span> <span class='ocrx_word' id='word_1_366' title='bbox 1527 3578 1593 3632; x_wconf 90' lang='lat' dir='ltr'><strong>ad</strong></span> <span class='ocrx_word' id='word_1_367' title='bbox 1627 3579 1889 3633; x_wconf 89' lang='lat' dir='ltr'><strong>damnum</strong></span> 
     </span>
    </p>
   </div>
   <div class='ocr_carea' id='block_1_52' title="bbox 324 3667 1891 3742">
    <p class='ocr_par' dir='ltr' id='par_1_52' title="bbox 324 3667 1891 3742">
     <span class='ocr_line' id='line_1_52' title="bbox 324 3667 1891 3742; baseline -0.004 -13"><span class='ocrx_word' id='word_1_368' title='bbox 324 3682 383 3729; x_wconf 90' lang='lat' dir='ltr'><strong>et</strong></span> <span class='ocrx_word' id='word_1_369' title='bbox 410 3669 709 3742; x_wconf 89' lang='lat' dir='ltr'><strong>perniciem</strong></span> <span class='ocrx_word' id='word_1_370' title='bbox 741 3668 960 3738; x_wconf 90' lang='lat' dir='ltr'><strong>pietatis</strong></span> <span class='ocrx_word' id='word_1_371' title='bbox 989 3686 1001 3721; x_wconf 90' lang='lat'><strong>:</strong></span> <span class='ocrx_word' id='word_1_372' title='bbox 1032 3675 1087 3722; x_wconf 92' lang='lat' dir='ltr'><strong>et</strong></span> <span class='ocrx_word' id='word_1_373' title='bbox 1112 3682 1286 3737; x_wconf 90' lang='lat' dir='ltr'><strong>usque</strong></span> <span class='ocrx_word' id='word_1_374' title='bbox 1317 3667 1370 3721; x_wconf 90' lang='lat' dir='ltr'><strong>in</strong></span> <span class='ocrx_word' id='word_1_375' title='bbox 1394 3667 1722 3722; x_wconf 89' lang='lat' dir='ltr'><strong>hodiernum</strong></span> <span class='ocrx_word' id='word_1_376' title='bbox 1745 3667 1891 3723; x_wconf 92' lang='lat' dir='ltr'><strong>diem</strong></span> 
     </span>
    </p>
   </div>
   <div class='ocr_carea' id='block_1_53' title="bbox 326 3759 1890 3824">
    <p class='ocr_par' dir='ltr' id='par_1_53' title="bbox 326 3759 1890 3824">
     <span class='ocr_line' id='line_1_53' title="bbox 326 3759 1890 3824; baseline -0.003 -5"><span class='ocrx_word' id='word_1_377' title='bbox 326 3763 462 3819; x_wconf 89' lang='lat' dir='ltr'><strong>nihil</strong></span> <span class='ocrx_word' id='word_1_378' title='bbox 487 3760 698 3818; x_wconf 82' lang='lat' dir='ltr'><strong>ellicere</strong></span> <span class='ocrx_word' id='word_1_379' title='bbox 720 3761 1010 3824; x_wconf 90' lang='lat' dir='ltr'><strong>valuimus,</strong></span> <span class='ocrx_word' id='word_1_380' title='bbox 1033 3773 1179 3813; x_wconf 90' lang='lat' dir='ltr'><strong>nunc</strong></span> <span class='ocrx_word' id='word_1_381' title='bbox 1204 3759 1332 3823; x_wconf 89' lang='lat' dir='ltr'><strong>huc,</strong></span> <span class='ocrx_word' id='word_1_382' title='bbox 1356 3775 1503 3814; x_wconf 88' lang='lat' dir='ltr'><strong>nunc</strong></span> <span class='ocrx_word' id='word_1_383' title='bbox 1527 3759 1657 3814; x_wconf 89' lang='lat' dir='ltr'><strong>illuc</strong></span> <span class='ocrx_word' id='word_1_384' title='bbox 1672 3760 1890 3815; x_wconf 91' lang='lat' dir='ltr'><strong>audito-</strong></span> 
     </span>
    </p>
   </div>
   <div class='ocr_carea' id='block_1_54' title="bbox 326 3852 970 3909">
    <p class='ocr_par' dir='ltr' id='par_1_54' title="bbox 326 3852 970 3909">
     <span class='ocr_line' id='line_1_54' title="bbox 326 3852 970 3909; baseline -0.008 0"><span class='ocrx_word' id='word_1_385' title='bbox 326 3855 481 3909; x_wconf 90' lang='lat' dir='ltr'><strong>ribus</strong></span> <span class='ocrx_word' id='word_1_386' title='bbox 495 3869 612 3909; x_wconf 90' lang='lat' dir='ltr'><strong>sese</strong></span> <span class='ocrx_word' id='word_1_387' title='bbox 645 3852 970 3909; x_wconf 82' lang='lat' dir='ltr'><strong>ferentibus.</strong></span> 
     </span>
    </p>
   </div>
   <div class='ocr_carea' id='block_1_55' title="bbox 395 3940 1893 4010">
    <p class='ocr_par' dir='ltr' id='par_1_55' title="bbox 395 3940 1893 4010">
     <span class='ocr_line' id='line_1_55' title="bbox 395 3940 1893 4010; baseline -0.004 -9"><span class='ocrx_word' id='word_1_388' title='bbox 395 3945 650 4001; x_wconf 87' lang='lat' dir='ltr'><strong>Attamen</strong></span> <span class='ocrx_word' id='word_1_389' title='bbox 699 3958 801 3997; x_wconf 92' lang='lat' dir='ltr'><strong>nos</strong></span> <span class='ocrx_word' id='word_1_390' title='bbox 830 3941 965 3996; x_wconf 90' lang='lat' dir='ltr'><strong>nihil</strong></span> <span class='ocrx_word' id='word_1_391' title='bbox 1015 3941 1211 3994; x_wconf 89' lang='lat' dir='ltr'><strong>horum</strong></span> <span class='ocrx_word' id='word_1_392' title='bbox 1261 3940 1541 3995; x_wconf 89' lang='lat' dir='ltr'><strong>dehortari</strong></span> <span class='ocrx_word' id='word_1_393' title='bbox 1585 3940 1782 4010; x_wconf 90' lang='lat' dir='ltr'><strong>potuit,</strong></span> <span class='ocrx_word' id='word_1_394' title='bbox 1833 3950 1893 3995; x_wconf 92' lang='lat' dir='ltr'><strong>ut</strong></span> 
     </span>
    </p>
   </div>
   <div class='ocr_carea' id='block_1_56' title="bbox 327 4032 1890 4107">
    <p class='ocr_par' dir='ltr' id='par_1_56' title="bbox 327 4032 1890 4107">
     <span class='ocr_line' id='line_1_56' title="bbox 327 4032 1890 4107; baseline -0.004 -15"><span class='ocrx_word' id='word_1_395' title='bbox 327 4037 396 4092; x_wconf 90' lang='lat' dir='ltr'><strong>ab</strong></span> <span class='ocrx_word' id='word_1_396' title='bbox 419 4035 665 4107; x_wconf 83' lang='lat' dir='ltr'><strong>urgendo</strong></span> <span class='ocrx_word' id='word_1_397' title='bbox 688 4034 1026 4104; x_wconf 85' lang='lat' dir='ltr'><strong>propositum</strong></span> <span class='ocrx_word' id='word_1_398' title='bbox 1062 4032 1472 4097; x_wconf 90' lang='lat' dir='ltr'><strong>desisteremus,</strong></span> <span class='ocrx_word' id='word_1_399' title='bbox 1500 4033 1598 4088; x_wconf 87' lang='lat' dir='ltr'><strong>sed</strong></span> <span class='ocrx_word' id='word_1_400' title='bbox 1618 4033 1890 4103; x_wconf 89' lang='lat' dir='ltr'><strong>persecuti</strong></span> 
     </span>
    </p>
   </div>
   <div class='ocr_carea' id='block_1_57' title="bbox 326 4121 1889 4194">
    <p class='ocr_par' dir='ltr' id='par_1_57' title="bbox 326 4121 1889 4194">
     <span class='ocr_line' id='line_1_57' title="bbox 326 4121 1889 4194; baseline -0.002 -13"><span class='ocrx_word' id='word_1_401' title='bbox 326 4140 518 4182; x_wconf 83' lang='lat' dir='ltr'><strong>sumus</strong></span> <span class='ocrx_word' id='word_1_402' title='bbox 564 4139 803 4185; x_wconf 90' lang='lat' dir='ltr'><strong>causam,</strong></span> <span class='ocrx_word' id='word_1_403' title='bbox 848 4123 942 4177; x_wconf 88' lang='lat' dir='ltr'><strong>Dei</strong></span> <span class='ocrx_word' id='word_1_404' title='bbox 976 4122 1169 4194; x_wconf 84' lang='lat' dir='ltr'><strong>gratia.</strong></span> <span class='ocrx_word' id='word_1_405' title='bbox 1214 4121 1351 4177; x_wconf 89' lang='lat' dir='ltr'><strong>Cum</strong></span> <span class='ocrx_word' id='word_1_406' title='bbox 1389 4123 1702 4192; x_wconf 89' lang='lat' dir='ltr'><strong>juramento</strong></span> <span class='ocrx_word' id='word_1_407' title='bbox 1741 4122 1889 4178; x_wconf 90' lang='lat' dir='ltr'><strong>enim</strong></span> 
     </span>
    </p>
   </div>
   <div class='ocr_carea' id='block_1_58' title="bbox 325 4212 1890 4287">
    <p class='ocr_par' dir='ltr' id='par_1_58' title="bbox 325 4212 1890 4287">
     <span class='ocr_line' id='line_1_58' title="bbox 325 4212 1890 4287; baseline -0.001 -18"><span class='ocrx_word' id='word_1_408' title='bbox 325 4214 666 4287; x_wconf 82' lang='lat' dir='ltr'><strong>pientissimo</strong></span> <span class='ocrx_word' id='word_1_409' title='bbox 690 4220 879 4269; x_wconf 82' lang='lat' dir='ltr'><strong>nostro</strong></span> <span class='ocrx_word' id='word_1_410' title='bbox 912 4214 1025 4283; x_wconf 79' lang='lat' dir='ltr'><strong>regi</strong></span> <span class='ocrx_word' id='word_1_411' title='bbox 1050 4213 1342 4276; x_wconf 87' lang='lat' dir='ltr'><strong>suasimus,</strong></span> <span class='ocrx_word' id='word_1_412' title='bbox 1378 4212 1525 4282; x_wconf 90' lang='lat' dir='ltr'><strong>quod</strong></span> <span class='ocrx_word' id='word_1_413' title='bbox 1552 4212 1890 4282; x_wconf 86' lang='lat' dir='ltr'><strong>impossibile</strong></span> 
     </span>
    </p>
   </div>
   <div class='ocr_carea' id='block_1_59' title="bbox 326 4303 1891 4376">
    <p class='ocr_par' dir='ltr' id='par_1_59' title="bbox 326 4303 1891 4376">
     <span class='ocr_line' id='line_1_59' title="bbox 326 4303 1891 4376; baseline -0.002 -15"><span class='ocrx_word' id='word_1_414' title='bbox 326 4306 418 4372; x_wconf 90' lang='lat' dir='ltr'><strong>sit,</strong></span> <span class='ocrx_word' id='word_1_415' title='bbox 473 4306 634 4361; x_wconf 90' lang='lat' dir='ltr'><strong>nobis</strong></span> <span class='ocrx_word' id='word_1_416' title='bbox 663 4304 929 4376; x_wconf 83' lang='lat' dir='ltr'><strong>Cyrillum</strong></span> <span class='ocrx_word' id='word_1_417' title='bbox 980 4312 1038 4358; x_wconf 90' lang='lat' dir='ltr'><strong>et</strong></span> <span class='ocrx_word' id='word_1_418' title='bbox 1081 4303 1426 4358; x_wconf 84' lang='lat' dir='ltr'><strong>Memnonem</strong></span> <span class='ocrx_word' id='word_1_419' title='bbox 1475 4303 1781 4368; x_wconf 84' lang='lat' dir='ltr'><strong>conciliari,</strong></span> <span class='ocrx_word' id='word_1_420' title='bbox 1834 4312 1891 4358; x_wconf 91' lang='lat' dir='ltr'><strong>et</strong></span> 
     </span>
    </p>
   </div>
   <div class='ocr_carea' id='block_1_60' title="bbox 325 4392 1966 4479">
    <p class='ocr_par' dir='ltr' id='par_1_60' title="bbox 325 4392 1966 4479">
     <span class='ocr_line' id='line_1_60' title="bbox 325 4392 1966 4479; baseline -0.004 -27"><span class='ocrx_word' id='word_1_421' title='bbox 325 4398 472 4469; x_wconf 91' lang='lat' dir='ltr'><strong>quod</strong></span> <span class='ocrx_word' id='word_1_422' title='bbox 522 4395 638 4452; x_wconf 86' lang='lat' dir='ltr'><strong>ﬁeri</strong></span> <span class='ocrx_word' id='word_1_423' title='bbox 691 4402 948 4464; x_wconf 87' lang='lat' dir='ltr'><strong>nequeat,</strong></span> <span class='ocrx_word' id='word_1_424' title='bbox 994 4402 1056 4447; x_wconf 92' lang='lat' dir='ltr'><strong>ut</strong></span> <span class='ocrx_word' id='word_1_425' title='bbox 1106 4393 1215 4447; x_wconf 92' lang='lat' dir='ltr'><strong>illis</strong></span> <span class='ocrx_word' id='word_1_426' title='bbox 1267 4392 1764 4457; x_wconf 89' lang='lat' dir='ltr'><strong>communicemus,</strong></span> <span class='ocrx_word' id='word_1_427' title='bbox 1795 4393 1889 4461; x_wconf 90' lang='lat' dir='ltr'><strong>qui</strong></span> <span class='ocrx_word' id='word_1_428' title='bbox 1924 4426 1966 4479; x_wconf 67' lang='grc' dir='ltr'><strong>Β</strong></span> 
     </span>
    </p>
   </div>
   <div class='ocr_carea' id='block_1_61' title="bbox 323 4484 1475 4557">
    <p class='ocr_par' dir='ltr' id='par_1_61' title="bbox 323 4484 1475 4557">
     <span class='ocr_line' id='line_1_61' title="bbox 323 4484 1475 4557; baseline -0.006 -12"><span class='ocrx_word' id='word_1_429' title='bbox 323 4505 434 4545; x_wconf 89' lang='lat' dir='ltr'><strong>non</strong></span> <span class='ocrx_word' id='word_1_430' title='bbox 467 4497 624 4544; x_wconf 84' lang='lat' dir='ltr'><strong>antea</strong></span> <span class='ocrx_word' id='word_1_431' title='bbox 649 4486 914 4557; x_wconf 90' lang='lat' dir='ltr'><strong>ejecerint</strong></span> <span class='ocrx_word' id='word_1_432' title='bbox 939 4484 1191 4538; x_wconf 65' lang='lat' dir='ltr'><strong>haeretica</strong></span> <span class='ocrx_word' id='word_1_433' title='bbox 1218 4484 1475 4552; x_wconf 87' lang='lat' dir='ltr'><strong>capitula.</strong></span> 
     </span>
    </p>
   </div>
   <div class='ocr_carea' id='block_1_62' title="bbox 292 4575 1888 4652">
    <p class='ocr_par' dir='ltr' id='par_1_62' title="bbox 292 4575 1888 4652">
     <span class='ocr_line' id='line_1_62' title="bbox 292 4575 1888 4652; baseline -0.006 -15"><span class='ocrx_word' id='word_1_434' title='bbox 292 4620 297 4625; x_wconf 60' lang='grc' dir='ltr'>ς</span> <span class='ocrx_word' id='word_1_435' title='bbox 395 4583 583 4652; x_wconf 85' lang='lat' dir='ltr'><strong>itaque</strong></span> <span class='ocrx_word' id='word_1_436' title='bbox 613 4594 713 4633; x_wconf 92' lang='lat' dir='ltr'><strong>nos</strong></span> <span class='ocrx_word' id='word_1_437' title='bbox 739 4577 962 4647; x_wconf 91' lang='lat' dir='ltr'><strong>quidem</strong></span> <span class='ocrx_word' id='word_1_438' title='bbox 995 4576 1137 4629; x_wconf 89' lang='lat' dir='ltr'><strong>hanc</strong></span> <span class='ocrx_word' id='word_1_439' title='bbox 1165 4575 1432 4629; x_wconf 89' lang='lat' dir='ltr'><strong>habemus</strong></span> <span class='ocrx_word' id='word_1_440' title='bbox 1460 4583 1739 4631; x_wconf 87' lang='lat' dir='ltr'><strong>mentem:</strong></span> <span class='ocrx_word' id='word_1_441' title='bbox 1769 4582 1888 4630; x_wconf 90' lang='lat' dir='ltr'><strong>stu-</strong></span> 
     </span>
    </p>
   </div>
   <div class='ocr_carea' id='block_1_63' title="bbox 325 4664 1886 4735">
    <p class='ocr_par' dir='ltr' id='par_1_63' title="bbox 325 4664 1886 4735">
     <span class='ocr_line' id='line_1_63' title="bbox 325 4664 1886 4735; baseline -0.004 -10"><span class='ocrx_word' id='word_1_442' title='bbox 325 4671 475 4725; x_wconf 90' lang='lat' dir='ltr'><strong>dium</strong></span> <span class='ocrx_word' id='word_1_443' title='bbox 518 4677 698 4721; x_wconf 88' lang='lat' dir='ltr'><strong>autem</strong></span> <span class='ocrx_word' id='word_1_444' title='bbox 726 4676 808 4723; x_wconf 89' lang='lat' dir='ltr'><strong>est</strong></span> <span class='ocrx_word' id='word_1_445' title='bbox 849 4667 957 4730; x_wconf 90' lang='lat' dir='ltr'><strong>his,</strong></span> <span class='ocrx_word' id='word_1_446' title='bbox 1001 4685 1018 4716; x_wconf 77' lang='grc' dir='ltr'>ι</span> <span class='ocrx_word' id='word_1_447' title='bbox 1058 4664 1150 4735; x_wconf 90' lang='lat' dir='ltr'><strong>qui</strong></span> <span class='ocrx_word' id='word_1_448' title='bbox 1202 4680 1299 4719; x_wconf 88' lang='lat' dir='ltr'><strong>sua</strong></span> <span class='ocrx_word' id='word_1_449' title='bbox 1344 4665 1585 4734; x_wconf 90' lang='lat' dir='ltr'><strong>ipsorum</strong></span> <span class='ocrx_word' id='word_1_450' title='bbox 1614 4673 1886 4735; x_wconf 61' lang='lat' dir='ltr'><strong>quarunt,</strong></span> 
     </span>
    </p>
   </div>
   <div class='ocr_carea' id='block_1_64' title="bbox 327 4756 1889 4827">
    <p class='ocr_par' dir='ltr' id='par_1_64' title="bbox 327 4756 1889 4827">
     <span class='ocr_line' id='line_1_64' title="bbox 327 4756 1889 4827; baseline -0.003 -13"><span class='ocrx_word' id='word_1_451' title='bbox 327 4776 435 4815; x_wconf 89' lang='lat' dir='ltr'><strong>non</strong></span> <span class='ocrx_word' id='word_1_452' title='bbox 462 4767 641 4813; x_wconf 88' lang='lat' dir='ltr'><strong>autem</strong></span> <span class='ocrx_word' id='word_1_453' title='bbox 668 4773 788 4827; x_wconf 62' lang='lat' dir='ltr'><strong>quae</strong></span> <span class='ocrx_word' id='word_1_454' title='bbox 819 4758 947 4813; x_wconf 88' lang='lat' dir='ltr'><strong>Jesu</strong></span> <span class='ocrx_word' id='word_1_455' title='bbox 982 4756 1185 4812; x_wconf 89' lang='lat' dir='ltr'><strong>Christi</strong></span> <span class='ocrx_word' id='word_1_456' title='bbox 1215 4757 1282 4820; x_wconf 80' lang='grc'><strong>⁸⁸,</strong></span> <span class='ocrx_word' id='word_1_457' title='bbox 1320 4774 1337 4807; x_wconf 71' lang='grc' dir='ltr'><strong><em>ι</em></strong></span> <span class='ocrx_word' id='word_1_458' title='bbox 1375 4764 1437 4809; x_wconf 84' lang='grc' dir='ltr'><strong>ιιι</strong></span> <span class='ocrx_word' id='word_1_459' title='bbox 1464 4757 1889 4811; x_wconf 90' lang='lat' dir='ltr'><strong>reconcilientur</strong></span> 
     </span>
    </p>
   </div>
   <div class='ocr_carea' id='block_1_65' title="bbox 324 4843 1887 4916">
    <p class='ocr_par' dir='ltr' id='par_1_65' title="bbox 324 4843 1887 4916">
     <span class='ocr_line' id='line_1_65' title="bbox 324 4843 1887 4916; baseline -0.001 -16"><span class='ocrx_word' id='word_1_460' title='bbox 324 4845 426 4911; x_wconf 88' lang='lat' dir='ltr'><strong>eis,</strong></span> <span class='ocrx_word' id='word_1_461' title='bbox 456 4852 655 4916; x_wconf 67' lang='lat' dir='ltr'><strong>praeter</strong></span> <span class='ocrx_word' id='word_1_462' title='bbox 680 4852 922 4899; x_wconf 89' lang='lat' dir='ltr'><strong>mentem</strong></span> <span class='ocrx_word' id='word_1_463' title='bbox 952 4852 1215 4898; x_wconf 89' lang='lat' dir='ltr'><strong>nostram.</strong></span> <span class='ocrx_word' id='word_1_464' title='bbox 1243 4843 1314 4897; x_wconf 87' lang='lat' dir='ltr'><strong>At</strong></span> <span class='ocrx_word' id='word_1_465' title='bbox 1341 4859 1451 4897; x_wconf 93' lang='lat' dir='ltr'><strong>non</strong></span> <span class='ocrx_word' id='word_1_466' title='bbox 1479 4850 1565 4898; x_wconf 88' lang='lat' dir='ltr'><strong>est</strong></span> <span class='ocrx_word' id='word_1_467' title='bbox 1589 4844 1747 4899; x_wconf 89' lang='lat' dir='ltr'><strong>nobis</strong></span> <span class='ocrx_word' id='word_1_468' title='bbox 1768 4845 1887 4914; x_wconf 86' lang='lat' dir='ltr'><strong>ejus</strong></span> 
     </span>
    </p>
   </div>
   <div class='ocr_carea' id='block_1_66' title="bbox 323 4932 1885 5003">
    <p class='ocr_par' dir='ltr' id='par_1_66' title="bbox 323 4932 1885 5003">
     <span class='ocr_line' id='line_1_66' title="bbox 323 4932 1885 5003; baseline -0.001 -12"><span class='ocrx_word' id='word_1_469' title='bbox 323 4938 407 4992; x_wconf 92' lang='lat' dir='ltr'><strong>rei</strong></span> <span class='ocrx_word' id='word_1_470' title='bbox 433 4952 585 4992; x_wconf 90' lang='lat' dir='ltr'><strong>cura.</strong></span> <span class='ocrx_word' id='word_1_471' title='bbox 610 4936 755 4991; x_wconf 90' lang='lat' dir='ltr'><strong>Deus</strong></span> <span class='ocrx_word' id='word_1_472' title='bbox 783 4935 931 4991; x_wconf 91' lang='lat' dir='ltr'><strong>enim</strong></span> <span class='ocrx_word' id='word_1_473' title='bbox 957 4942 1208 4990; x_wconf 79' lang='lat' dir='ltr'><strong>nostrum</strong></span> <span class='ocrx_word' id='word_1_474' title='bbox 1231 4933 1573 5003; x_wconf 90' lang='lat' dir='ltr'><strong>propositum</strong></span> <span class='ocrx_word' id='word_1_475' title='bbox 1606 4932 1795 5002; x_wconf 80' lang='lat' dir='ltr'><strong>exigit,</strong></span> <span class='ocrx_word' id='word_1_476' title='bbox 1829 4943 1885 4989; x_wconf 90' lang='lat' dir='ltr'><strong>et</strong></span> 
     </span>
    </p>
   </div>
   <div class='ocr_carea' id='block_1_67' title="bbox 388 5109 1633 5178">
    <p class='ocr_par' dir='ltr' id='par_1_67' title="bbox 388 5109 1633 5178">
     <span class='ocr_line' id='line_1_67' title="bbox 388 5109 1633 5178; baseline -0.006 -9"><span class='ocrx_word' id='word_1_477' title='bbox 388 5112 436 5146; x_wconf 77' lang='lat'><strong>“</strong></span> <span class='ocrx_word' id='word_1_478' title='bbox 463 5113 585 5168; x_wconf 80' lang='lat' dir='ltr'><strong>Act.</strong></span> <span class='ocrx_word' id='word_1_479' title='bbox 610 5126 761 5177; x_wconf 79' lang='lat' dir='ltr'><strong>xvm,</strong></span> <span class='ocrx_word' id='word_1_480' title='bbox 797 5113 864 5178; x_wconf 87' lang='lat'><strong>6;</strong></span> <span class='ocrx_word' id='word_1_481' title='bbox 890 5130 980 5177; x_wconf 81' lang='lat' dir='ltr'><strong>xx,</strong></span> <span class='ocrx_word' id='word_1_482' title='bbox 1004 5113 1093 5168; x_wconf 77' lang='lat'><strong>26.</strong></span> <span class='ocrx_word' id='word_1_483' title='bbox 1167 5110 1213 5145; x_wconf 85' lang='grc'><strong>⁸⁵</strong></span> <span class='ocrx_word' id='word_1_484' title='bbox 1246 5111 1292 5167; x_wconf 84' lang='lat' dir='ltr'><strong>Il</strong></span> <span class='ocrx_word' id='word_1_485' title='bbox 1318 5110 1459 5165; x_wconf 92' lang='lat' dir='ltr'><strong>Tim.</strong></span> <span class='ocrx_word' id='word_1_486' title='bbox 1479 5125 1555 5175; x_wconf 84' lang='lat' dir='ltr'><strong>tv,</strong></span> <span class='ocrx_word' id='word_1_487' title='bbox 1581 5109 1633 5162; x_wconf 82' lang='lat' dir='ltr'><strong>l.</strong></span> 
     </span>
    </p>
   </div>
   <div class='ocr_carea' id='block_1_68' title="bbox 387 5263 1323 5339">
    <p class='ocr_par' dir='ltr' id='par_1_68' title="bbox 387 5263 1323 5339">
     <span class='ocr_line' id='line_1_68' title="bbox 387 5263 1323 5339; baseline -0.002 -14"><span class='ocrx_word' id='word_1_488' title='bbox 387 5263 498 5339; x_wconf 83' lang='grc'><strong>(89)</strong></span> <span class='ocrx_word' id='word_1_489' title='bbox 525 5268 582 5325; x_wconf 91' lang='lat' dir='ltr'><strong>Si</strong></span> <span class='ocrx_word' id='word_1_490' title='bbox 610 5286 664 5339; x_wconf 90' lang='lat' dir='ltr'><strong>q.</strong></span> <span class='ocrx_word' id='word_1_491' title='bbox 694 5274 742 5321; x_wconf 79' lang='lat' dir='ltr'><strong>et</strong></span> <span class='ocrx_word' id='word_1_492' title='bbox 772 5268 911 5338; x_wconf 66' lang='lat' dir='ltr'><strong>ipso:</strong></span> <span class='ocrx_word' id='word_1_493' title='bbox 937 5266 1074 5339; x_wconf 70' lang='lat' dir='ltr'><strong>volet</strong></span> <span class='ocrx_word' id='word_1_494' title='bbox 1104 5269 1229 5323; x_wconf 81' lang='lat' dir='ltr'><strong>aud.</strong></span> <span class='ocrx_word' id='word_1_495' title='bbox 1253 5268 1323 5323; x_wconf 77' lang='grc' dir='ltr'><strong>Μ.</strong></span> 
     </span>
    </p>
   </div>
   <div class='ocr_carea' id='block_1_69' title="bbox 411 5337 1063 5407">
    <p class='ocr_par' dir='ltr' id='par_1_69' title="bbox 411 5337 1063 5407">
     <span class='ocr_line' id='line_1_69' title="bbox 411 5337 1063 5407; baseline -0.005 -13"><span class='ocrx_word' id='word_1_496' title='bbox 411 5337 499 5407; x_wconf 89' lang='grc'>90)</span> <span class='ocrx_word' id='word_1_497' title='bbox 539 5337 799 5393; x_wconf 66' lang='lat' dir='ltr'><strong>Divinam</strong></span> <span class='ocrx_word' id='word_1_498' title='bbox 816 5345 955 5407; x_wconf 85' lang='lat' dir='ltr'><strong>grat.</strong></span> <span class='ocrx_word' id='word_1_499' title='bbox 992 5337 1063 5391; x_wconf 87' lang='lat' dir='ltr'><strong>M.</strong></span> 
     </span>
    </p>
   </div>
   <div class='ocr_carea' id='block_1_70' title="bbox 388 5270 1893 5479">
    <p class='ocr_par' dir='ltr' id='par_1_70' title="bbox 388 5270 1893 5479">
     <span class='ocr_line' id='line_1_70' title="bbox 388 5270 1323 5339; baseline -0.002 -14"><span class='ocrx_word' id='word_1_500' title='bbox 388 5270 477 5326; x_wconf 82' lang='grc'><strong>(89</strong></span> <span class='ocrx_word' id='word_1_501' title='bbox 525 5270 582 5325; x_wconf 91' lang='lat' dir='ltr'><strong>Si</strong></span> <span class='ocrx_word' id='word_1_502' title='bbox 610 5286 664 5339; x_wconf 90' lang='lat' dir='ltr'><strong>q.</strong></span> <span class='ocrx_word' id='word_1_503' title='bbox 694 5274 742 5321; x_wconf 79' lang='lat' dir='ltr'><strong>et</strong></span> <span class='ocrx_word' id='word_1_504' title='bbox 772 5270 911 5338; x_wconf 66' lang='lat' dir='ltr'><strong>ipso:</strong></span> <span class='ocrx_word' id='word_1_505' title='bbox 937 5270 1074 5321; x_wconf 80' lang='lat' dir='ltr'><strong>volet</strong></span> <span class='ocrx_word' id='word_1_506' title='bbox 1104 5270 1229 5323; x_wconf 85' lang='lat' dir='ltr'><strong>aud.</strong></span> <span class='ocrx_word' id='word_1_507' title='bbox 1253 5270 1323 5323; x_wconf 79' lang='grc' dir='ltr'><strong>Μ.</strong></span> 
     </span>
     <span class='ocr_line' id='line_1_71' title="bbox 411 5337 1063 5407; baseline -0.005 -13"><span class='ocrx_word' id='word_1_508' title='bbox 411 5339 478 5394; x_wconf 88' lang='grc'>90</span> <span class='ocrx_word' id='word_1_509' title='bbox 539 5339 786 5393; x_wconf 78' lang='lat' dir='ltr'><strong>Divinam</strong></span> <span class='ocrx_word' id='word_1_510' title='bbox 816 5345 955 5407; x_wconf 86' lang='lat' dir='ltr'><strong>grat.</strong></span> <span class='ocrx_word' id='word_1_511' title='bbox 992 5337 1063 5391; x_wconf 87' lang='lat' dir='ltr'><strong>M.</strong></span> 
     </span>
     <span class='ocr_line' id='line_1_72' title="bbox 388 5270 1893 5479; baseline -0.003 -14"><span class='ocrx_word' id='word_1_512' title='bbox 388 5270 503 5479; x_wconf 47' lang='grc' dir='ltr'>ξωξ</span> <span class='ocrx_word' id='word_1_513' title='bbox 528 5409 588 5464; x_wconf 90' lang='lat' dir='ltr'><strong>ln</strong></span> <span class='ocrx_word' id='word_1_514' title='bbox 625 5407 764 5479; x_wconf 89' lang='lat' dir='ltr'><strong>actis</strong></span> <span class='ocrx_word' id='word_1_515' title='bbox 810 5407 1168 5479; x_wconf 64' lang='lat' dir='ltr'><strong>Orientalium</strong></span> <span class='ocrx_word' id='word_1_516' title='bbox 1201 5407 1500 5479; x_wconf 74' lang='lat' dir='ltr'><strong>Ephesinis</strong></span> <span class='ocrx_word' id='word_1_517' title='bbox 1537 5405 1738 5479; x_wconf 81' lang='lat' dir='ltr'><strong>legitur</strong></span> <span class='ocrx_word' id='word_1_518' title='bbox 1774 5407 1893 5479; x_wconf 47' lang='grc' dir='ltr'><strong>[παῖε</strong></span> 
     </span>
    </p>
   </div>
   <div class='ocr_carea' id='block_1_71' title="bbox 320 5475 1893 5600">
    <p class='ocr_par' dir='ltr' id='par_1_71' title="bbox 320 5475 1893 5600">
     <span class='ocr_line' id='line_1_73' title="bbox 320 5475 1893 5600; baseline -0.003 -67"><span class='ocrx_word' id='word_1_519' title='bbox 320 5475 808 5600; x_wconf 71' lang='lat' dir='ltr'><strong>interpretatio,</strong></span> <span class='ocrx_word' id='word_1_520' title='bbox 867 5475 1000 5557; x_wconf 69' lang='grc'><strong>1497</strong></span> <span class='ocrx_word' id='word_1_521' title='bbox 1054 5489 1191 5544; x_wconf 76' lang='lat' dir='ltr'><strong>seq.,</strong></span> <span class='ocrx_word' id='word_1_522' title='bbox 1245 5477 1375 5530; x_wconf 91' lang='lat' dir='ltr'><strong>tomi</strong></span> <span class='ocrx_word' id='word_1_523' title='bbox 1432 5476 1501 5531; x_wconf 76' lang='grc' dir='ltr'><strong>ιν</strong></span> <span class='ocrx_word' id='word_1_524' title='bbox 1566 5475 1733 5531; x_wconf 86' lang='lat' dir='ltr'><strong>Mans.</strong></span> <span class='ocrx_word' id='word_1_525' title='bbox 1766 5476 1893 5533; x_wconf 88' lang='lat' dir='ltr'><strong>Col-</strong></span> 
     </span>
     <span class='ocr_line' id='line_1_74' title="bbox 321 5544 1791 5600; baseline -0.001 0"><span class='ocrx_word' id='word_1_526' title='bbox 321 5549 472 5600; x_wconf 86' lang='lat' dir='ltr'><strong>lect..</strong></span> <span class='ocrx_word' id='word_1_527' title='bbox 514 5549 619 5600; x_wconf 77' lang='lat' dir='ltr'><strong>alia</strong></span> <span class='ocrx_word' id='word_1_528' title='bbox 657 5564 712 5600; x_wconf 80' lang='lat' dir='ltr'><strong>in</strong></span> <span class='ocrx_word' id='word_1_529' title='bbox 785 5545 1023 5600; x_wconf 83' lang='lat' dir='ltr'><strong>vnodlc..</strong></span> <span class='ocrx_word' id='word_1_530' title='bbox 1056 5559 1106 5599; x_wconf 93' lang='lat' dir='ltr'><strong>c.</strong></span> <span class='ocrx_word' id='word_1_531' title='bbox 1139 5544 1227 5600; x_wconf 77' lang='lat'><strong>50.</strong></span> <span class='ocrx_word' id='word_1_532' title='bbox 1268 5552 1307 5598; x_wconf 88' lang='lat' dir='ltr'><strong>t.</strong></span> <span class='ocrx_word' id='word_1_533' title='bbox 1348 5546 1416 5600; x_wconf 71' lang='grc' dir='ltr'><strong>ν.</strong></span> <span class='ocrx_word' id='word_1_534' title='bbox 1449 5561 1502 5600; x_wconf 90' lang='lat' dir='ltr'><strong>D.</strong></span> <span class='ocrx_word' id='word_1_535' title='bbox 1542 5547 1644 5600; x_wconf 78' lang='grc'><strong>799</strong></span> <span class='ocrx_word' id='word_1_536' title='bbox 1677 5561 1791 5600; x_wconf 83' lang='lat' dir='ltr'><strong>seu.</strong></span> 
     </span>
    </p>
   </div>
   <div class='ocr_carea' id='block_1_72' title="bbox 321 5544 1791 5616">
    <p class='ocr_par' dir='ltr' id='par_1_72' title="bbox 321 5544 1791 5616">
     <span class='ocr_line' id='line_1_75' title="bbox 321 5544 1791 5616; baseline -0.003 -13"><span class='ocrx_word' id='word_1_537' title='bbox 321 5544 486 5615; x_wconf 48' lang='lat' dir='ltr'><strong>lect,</strong></span> <span class='ocrx_word' id='word_1_538' title='bbox 514 5548 619 5602; x_wconf 89' lang='lat' dir='ltr'><strong>alia</strong></span> <span class='ocrx_word' id='word_1_539' title='bbox 657 5548 712 5601; x_wconf 90' lang='lat' dir='ltr'><strong>in</strong></span> <span class='ocrx_word' id='word_1_540' title='bbox 743 5544 1023 5616; x_wconf 84' lang='lat' dir='ltr'><strong>Synodic.,</strong></span> <span class='ocrx_word' id='word_1_541' title='bbox 1056 5559 1106 5599; x_wconf 93' lang='lat' dir='ltr'><strong>c.</strong></span> <span class='ocrx_word' id='word_1_542' title='bbox 1139 5544 1227 5610; x_wconf 78' lang='lat'><strong>50,</strong></span> <span class='ocrx_word' id='word_1_543' title='bbox 1268 5552 1307 5598; x_wconf 90' lang='lat' dir='ltr'><strong>t.</strong></span> <span class='ocrx_word' id='word_1_544' title='bbox 1348 5546 1416 5607; x_wconf 70' lang='grc' dir='ltr'><strong>ν,</strong></span> <span class='ocrx_word' id='word_1_545' title='bbox 1449 5561 1502 5614; x_wconf 93' lang='lat' dir='ltr'><strong>p.</strong></span> <span class='ocrx_word' id='word_1_546' title='bbox 1542 5547 1644 5601; x_wconf 77' lang='lat'><strong>799</strong></span> <span class='ocrx_word' id='word_1_547' title='bbox 1677 5561 1791 5615; x_wconf 87' lang='lat' dir='ltr'><strong>seq.</strong></span> 
     </span>
    </p>
   </div>
   <div class='ocr_carea' id='block_1_73' title="bbox 404 5614 1069 5690">
    <p class='ocr_par' dir='ltr' id='par_1_73' title="bbox 404 5614 1069 5690">
     <span class='ocr_line' id='line_1_76' title="bbox 404 5614 1069 5690; baseline -0.002 -22"><span class='ocrx_word' id='word_1_548' title='bbox 404 5614 514 5690; x_wconf 72' lang='lat'><strong>(92)</strong></span> <span class='ocrx_word' id='word_1_549' title='bbox 542 5614 1069 5690; x_wconf 45' lang='lat' dir='ltr'><strong>Meminimus.</strong></span> 
     </span>
    </p>
   </div>
   <div class='ocr_carea' id='block_1_74' title="bbox 397 5683 1894 5767">
    <p class='ocr_par' dir='ltr' id='par_1_74' title="bbox 397 5683 1894 5767">
     <span class='ocr_line' id='line_1_77' title="bbox 397 5683 1894 5767; baseline -0.005 -21"><span class='ocrx_word' id='word_1_550' title='bbox 397 5683 509 5767; x_wconf 68' lang='lat'><strong>(93)</strong></span> <span class='ocrx_word' id='word_1_551' title='bbox 538 5685 692 5742; x_wconf 72' lang='lat' dir='ltr'><strong>Multi</strong></span> <span class='ocrx_word' id='word_1_552' title='bbox 727 5701 789 5740; x_wconf 77' lang='lat' dir='ltr'><strong>ea:</strong></span> <span class='ocrx_word' id='word_1_553' title='bbox 820 5684 967 5739; x_wconf 82' lang='lat' dir='ltr'><strong>laicis</strong></span> <span class='ocrx_word' id='word_1_554' title='bbox 1024 5693 1071 5737; x_wconf 86' lang='lat' dir='ltr'><strong>et</strong></span> <span class='ocrx_word' id='word_1_555' title='bbox 1133 5683 1282 5753; x_wconf 75' lang='lat' dir='ltr'><strong>falsis</strong></span> <span class='ocrx_word' id='word_1_556' title='bbox 1345 5685 1629 5751; x_wconf 79' lang='lat' dir='ltr'><strong>monachis,</strong></span> <span class='ocrx_word' id='word_1_557' title='bbox 1664 5685 1754 5754; x_wconf 83' lang='lat' dir='ltr'><strong>qui</strong></span> <span class='ocrx_word' id='word_1_558' title='bbox 1800 5700 1894 5740; x_wconf 82' lang='lat' dir='ltr'><strong>uo-</strong></span> 
     </span>
    </p>
   </div>
   <div class='ocr_carea' id='block_1_75' title="bbox 2001 1857 3569 1922">
    <p class='ocr_par' dir='ltr' id='par_1_75' title="bbox 2001 1857 3569 1922">
     <span class='ocr_line' id='line_1_78' title="bbox 2001 1857 3569 1922; baseline 0.002 -10"><span class='ocrx_word' id='word_1_559' title='bbox 2001 1857 2154 1922; x_wconf 90' lang='lat' dir='ltr'><strong>dant,</strong></span> <span class='ocrx_word' id='word_1_560' title='bbox 2187 1866 2243 1912; x_wconf 91' lang='lat' dir='ltr'><strong>et</strong></span> <span class='ocrx_word' id='word_1_561' title='bbox 2273 1859 2610 1914; x_wconf 86' lang='lat' dir='ltr'><strong>contendant</strong></span> <span class='ocrx_word' id='word_1_562' title='bbox 2661 1876 2825 1915; x_wconf 87' lang='lat' dir='ltr'><strong>unam</strong></span> <span class='ocrx_word' id='word_1_563' title='bbox 2872 1875 2995 1915; x_wconf 90' lang='lat' dir='ltr'><strong>esse</strong></span> <span class='ocrx_word' id='word_1_564' title='bbox 3047 1868 3300 1915; x_wconf 88' lang='lat' dir='ltr'><strong>naturam</strong></span> <span class='ocrx_word' id='word_1_565' title='bbox 3349 1860 3569 1916; x_wconf 88' lang='lat' dir='ltr'><strong>deitatis</strong></span> 
     </span>
    </p>
   </div>
   <div class='ocr_carea' id='block_1_76' title="bbox 2000 1950 2462 2004">
    <p class='ocr_par' dir='ltr' id='par_1_76' title="bbox 2000 1950 2462 2004">
     <span class='ocr_line' id='line_1_79' title="bbox 2000 1950 2462 2004; baseline 0.002 -1"><span class='ocrx_word' id='word_1_566' title='bbox 2000 1957 2057 2004; x_wconf 91' lang='lat' dir='ltr'><strong>et</strong></span> <span class='ocrx_word' id='word_1_567' title='bbox 2084 1950 2462 2004; x_wconf 86' lang='lat' dir='ltr'><strong>humanitatis.</strong></span> 
     </span>
    </p>
   </div>
   <div class='ocr_carea' id='block_1_77' title="bbox 2066 2041 3568 2113">
    <p class='ocr_par' dir='ltr' id='par_1_77' title="bbox 2066 2041 3568 2113">
     <span class='ocr_line' id='line_1_80' title="bbox 2066 2041 3568 2113; baseline 0.001 -18"><span class='ocrx_word' id='word_1_568' title='bbox 2066 2041 2307 2110; x_wconf 89' lang='lat' dir='ltr'><strong>Populus</strong></span> <span class='ocrx_word' id='word_1_569' title='bbox 2347 2049 2531 2097; x_wconf 89' lang='lat' dir='ltr'><strong>autem</strong></span> <span class='ocrx_word' id='word_1_570' title='bbox 2565 2042 2746 2097; x_wconf 91' lang='lat' dir='ltr'><strong>omnis</strong></span> <span class='ocrx_word' id='word_1_571' title='bbox 2775 2041 2946 2113; x_wconf 89' lang='lat' dir='ltr'><strong>gratia</strong></span> <span class='ocrx_word' id='word_1_572' title='bbox 2979 2042 3076 2097; x_wconf 90' lang='lat' dir='ltr'><strong>Dei</strong></span> <span class='ocrx_word' id='word_1_573' title='bbox 3118 2042 3259 2097; x_wconf 88' lang='lat' dir='ltr'><strong>bene</strong></span> <span class='ocrx_word' id='word_1_574' title='bbox 3294 2043 3477 2108; x_wconf 87' lang='lat' dir='ltr'><strong>habet,</strong></span> <span class='ocrx_word' id='word_1_575' title='bbox 3511 2052 3568 2098; x_wconf 89' lang='lat' dir='ltr'><strong>et</strong></span> 
     </span>
    </p>
   </div>
   <div class='ocr_carea' id='block_1_78' title="bbox 1994 2130 3567 2204">
    <p class='ocr_par' dir='ltr' id='par_1_78' title="bbox 1994 2130 3567 2204">
     <span class='ocr_line' id='line_1_81' title="bbox 1994 2130 3567 2204; baseline 0.003 -20"><span class='ocrx_word' id='word_1_576' title='bbox 1994 2130 2199 2201; x_wconf 86' lang='lat' dir='ltr'><strong>jugiter</strong></span> <span class='ocrx_word' id='word_1_577' title='bbox 2242 2130 2310 2185; x_wconf 91' lang='lat' dir='ltr'><strong>ad</strong></span> <span class='ocrx_word' id='word_1_578' title='bbox 2362 2146 2465 2186; x_wconf 88' lang='lat' dir='ltr'><strong>nos</strong></span> <span class='ocrx_word' id='word_1_579' title='bbox 2505 2132 2806 2203; x_wconf 90' lang='lat' dir='ltr'><strong>egreditur.</strong></span> <span class='ocrx_word' id='word_1_580' title='bbox 2841 2132 3149 2203; x_wconf 87' lang='lat' dir='ltr'><strong>lncepimus</strong></span> <span class='ocrx_word' id='word_1_581' title='bbox 3200 2143 3381 2188; x_wconf 89' lang='lat' dir='ltr'><strong>autem</strong></span> <span class='ocrx_word' id='word_1_582' title='bbox 3435 2134 3567 2204; x_wconf 88' lang='lat' dir='ltr'><strong>ipsis</strong></span> 
     </span>
    </p>
   </div>
   <div class='ocr_carea' id='block_1_79' title="bbox 1998 2224 3568 2289">
    <p class='ocr_par' dir='ltr' id='par_1_79' title="bbox 1998 2224 3568 2289">
     <span class='ocr_line' id='line_1_82' title="bbox 1998 2224 3568 2289; baseline 0.003 -13"><span class='ocrx_word' id='word_1_583' title='bbox 1998 2224 2163 2277; x_wconf 88' lang='lat' dir='ltr'><strong>etiam</strong></span> <span class='ocrx_word' id='word_1_584' title='bbox 2228 2224 2502 2280; x_wconf 87' lang='lat' dir='ltr'><strong>disserere</strong></span> <span class='ocrx_word' id='word_1_585' title='bbox 2528 2265 2543 2289; x_wconf 91' lang='lat'><strong>,</strong></span> <span class='ocrx_word' id='word_1_586' title='bbox 2597 2233 2654 2280; x_wconf 92' lang='lat' dir='ltr'><strong>et</strong></span> <span class='ocrx_word' id='word_1_587' title='bbox 2706 2226 3103 2281; x_wconf 89' lang='lat' dir='ltr'><strong>celebravimus</strong></span> <span class='ocrx_word' id='word_1_588' title='bbox 3153 2226 3568 2281; x_wconf 88' lang='lat' dir='ltr'><strong>communiones</strong></span> 
     </span>
    </p>
   </div>
   <div class='ocr_carea' id='block_1_80' title="bbox 1999 2316 3568 2388">
    <p class='ocr_par' dir='ltr' id='par_1_80' title="bbox 1999 2316 3568 2388">
     <span class='ocr_line' id='line_1_83' title="bbox 1999 2316 3568 2388; baseline 0.003 -18"><span class='ocrx_word' id='word_1_589' title='bbox 1999 2316 2283 2379; x_wconf 79' lang='lat' dir='ltr'><strong>maximas,</strong></span> <span class='ocrx_word' id='word_1_590' title='bbox 2323 2326 2380 2371; x_wconf 91' lang='lat' dir='ltr'><strong>et</strong></span> <span class='ocrx_word' id='word_1_591' title='bbox 2427 2326 2625 2387; x_wconf 89' lang='lat' dir='ltr'><strong>quarto</strong></span> <span class='ocrx_word' id='word_1_592' title='bbox 2676 2317 2788 2372; x_wconf 89' lang='lat' dir='ltr'><strong>illis</strong></span> <span class='ocrx_word' id='word_1_593' title='bbox 2817 2325 3134 2373; x_wconf 88' lang='lat' dir='ltr'><strong>enarratum</strong></span> <span class='ocrx_word' id='word_1_594' title='bbox 3185 2328 3271 2374; x_wconf 89' lang='lat' dir='ltr'><strong>est</strong></span> <span class='ocrx_word' id='word_1_595' title='bbox 3307 2319 3568 2388; x_wconf 90' lang='lat' dir='ltr'><strong>precibus</strong></span> 
     </span>
    </p>
   </div>
   <div class='ocr_carea' id='block_1_81' title="bbox 2000 2406 3565 2478">
    <p class='ocr_par' dir='ltr' id='par_1_81' title="bbox 2000 2406 3565 2478">
     <span class='ocr_line' id='line_1_84' title="bbox 2000 2406 3565 2478; baseline 0.002 -18"><span class='ocrx_word' id='word_1_596' title='bbox 2000 2414 2108 2461; x_wconf 61' lang='lat' dir='ltr'><strong>tua;</strong></span> <span class='ocrx_word' id='word_1_597' title='bbox 2136 2406 2358 2476; x_wconf 89' lang='lat' dir='ltr'><strong>pietatis</strong></span> <span class='ocrx_word' id='word_1_598' title='bbox 2387 2406 2455 2461; x_wconf 93' lang='lat' dir='ltr'><strong>de</strong></span> <span class='ocrx_word' id='word_1_599' title='bbox 2483 2406 2628 2475; x_wconf 78' lang='lat' dir='ltr'><strong>ﬁde;</strong></span> <span class='ocrx_word' id='word_1_600' title='bbox 2668 2414 2725 2463; x_wconf 89' lang='lat' dir='ltr'><strong>et</strong></span> <span class='ocrx_word' id='word_1_601' title='bbox 2748 2414 2896 2462; x_wconf 88' lang='lat' dir='ltr'><strong>tanta</strong></span> <span class='ocrx_word' id='word_1_602' title='bbox 2930 2407 3227 2463; x_wconf 89' lang='lat' dir='ltr'><strong>audierunt</strong></span> <span class='ocrx_word' id='word_1_603' title='bbox 3265 2408 3565 2478; x_wconf 85' lang='lat' dir='ltr'><strong>voluptate.</strong></span> 
     </span>
    </p>
   </div>
   <div class='ocr_carea' id='block_1_82' title="bbox 1999 2497 3564 2570">
    <p class='ocr_par' dir='ltr' id='par_1_82' title="bbox 1999 2497 3564 2570">
     <span class='ocr_line' id='line_1_85' title="bbox 1999 2497 3564 2570; baseline 0 -18"><span class='ocrx_word' id='word_1_604' title='bbox 1999 2506 2062 2552; x_wconf 94' lang='lat' dir='ltr'><strong>ut</strong></span> <span class='ocrx_word' id='word_1_605' title='bbox 2091 2512 2264 2567; x_wconf 90' lang='lat' dir='ltr'><strong>usque</strong></span> <span class='ocrx_word' id='word_1_606' title='bbox 2285 2497 2353 2551; x_wconf 92' lang='lat' dir='ltr'><strong>ad</strong></span> <span class='ocrx_word' id='word_1_607' title='bbox 2377 2498 2567 2552; x_wconf 90' lang='lat' dir='ltr'><strong>horam</strong></span> <span class='ocrx_word' id='word_1_608' title='bbox 2590 2499 2876 2568; x_wconf 87' lang='lat' dir='ltr'><strong>septimam</strong></span> <span class='ocrx_word' id='word_1_609' title='bbox 2902 2514 3013 2553; x_wconf 92' lang='lat' dir='ltr'><strong>non</strong></span> <span class='ocrx_word' id='word_1_610' title='bbox 3041 2498 3399 2554; x_wconf 91' lang='lat' dir='ltr'><strong>discesserint</strong></span> <span class='ocrx_word' id='word_1_611' title='bbox 3429 2499 3564 2570; x_wconf 74' lang='grc'>(92),</span> 
     </span>
    </p>
   </div>
   <div class='ocr_carea' id='block_1_83' title="bbox 1998 2588 3569 2658">
    <p class='ocr_par' dir='ltr' id='par_1_83' title="bbox 1998 2588 3569 2658">
     <span class='ocr_line' id='line_1_86' title="bbox 1998 2588 3569 2658; baseline -0.001 -16"><span class='ocrx_word' id='word_1_612' title='bbox 1998 2589 2093 2642; x_wconf 88' lang='lat' dir='ltr'><strong>sed</strong></span> <span class='ocrx_word' id='word_1_613' title='bbox 2131 2588 2552 2657; x_wconf 87' lang='lat' dir='ltr'><strong>perduraverint</strong></span> <span class='ocrx_word' id='word_1_614' title='bbox 2598 2604 2771 2658; x_wconf 88' lang='lat' dir='ltr'><strong>usque</strong></span> <span class='ocrx_word' id='word_1_615' title='bbox 2806 2589 2875 2643; x_wconf 91' lang='lat' dir='ltr'><strong>ad</strong></span> <span class='ocrx_word' id='word_1_616' title='bbox 2915 2598 3110 2643; x_wconf 62' lang='lat' dir='ltr'><strong>aestum</strong></span> <span class='ocrx_word' id='word_1_617' title='bbox 3157 2588 3310 2643; x_wconf 90' lang='lat' dir='ltr'><strong>solis.</strong></span> <span class='ocrx_word' id='word_1_618' title='bbox 3346 2589 3404 2643; x_wconf 86' lang='lat' dir='ltr'><strong>In</strong></span> <span class='ocrx_word' id='word_1_619' title='bbox 3445 2589 3569 2642; x_wconf 88' lang='lat' dir='ltr'><strong>aula</strong></span> 
     </span>
    </p>
   </div>
   <div class='ocr_carea' id='block_1_84' title="bbox 1997 2678 3579 2750">
    <p class='ocr_par' dir='ltr' id='par_1_84' title="bbox 1997 2678 3579 2750">
     <span class='ocr_line' id='line_1_87' title="bbox 1997 2678 3579 2750; baseline 0.001 -18"><span class='ocrx_word' id='word_1_620' title='bbox 1997 2678 2146 2733; x_wconf 88' lang='lat' dir='ltr'><strong>enim</strong></span> <span class='ocrx_word' id='word_1_621' title='bbox 2180 2679 2437 2745; x_wconf 82' lang='lat' dir='ltr'><strong>maxima,</strong></span> <span class='ocrx_word' id='word_1_622' title='bbox 2470 2688 2528 2734; x_wconf 85' lang='lat' dir='ltr'><strong>et</strong></span> <span class='ocrx_word' id='word_1_623' title='bbox 2552 2688 2789 2748; x_wconf 90' lang='lat' dir='ltr'><strong>quatuor</strong></span> <span class='ocrx_word' id='word_1_624' title='bbox 2823 2680 3058 2735; x_wconf 88' lang='lat' dir='ltr'><strong>habente</strong></span> <span class='ocrx_word' id='word_1_625' title='bbox 3090 2680 3356 2750; x_wconf 86' lang='lat' dir='ltr'><strong>porticus,</strong></span> <span class='ocrx_word' id='word_1_626' title='bbox 3384 2679 3579 2734; x_wconf 81' lang='lat' dir='ltr'><strong>multi-</strong></span> 
     </span>
    </p>
   </div>
   <div class='ocr_carea' id='block_1_85' title="bbox 2000 2767 3567 2840">
    <p class='ocr_par' dir='ltr' id='par_1_85' title="bbox 2000 2767 3567 2840">
     <span class='ocr_line' id='line_1_88' title="bbox 2000 2767 3567 2840; baseline 0.003 -19"><span class='ocrx_word' id='word_1_627' title='bbox 2000 2767 2135 2821; x_wconf 90' lang='lat' dir='ltr'><strong>tudo</strong></span> <span class='ocrx_word' id='word_1_628' title='bbox 2180 2777 2508 2838; x_wconf 84' lang='lat' dir='ltr'><strong>congregata</strong></span> <span class='ocrx_word' id='word_1_629' title='bbox 2550 2768 2676 2834; x_wconf 85' lang='lat' dir='ltr'><strong>fuit,</strong></span> <span class='ocrx_word' id='word_1_630' title='bbox 2708 2776 2764 2823; x_wconf 89' lang='lat' dir='ltr'><strong>et</strong></span> <span class='ocrx_word' id='word_1_631' title='bbox 2786 2784 2888 2823; x_wconf 90' lang='lat' dir='ltr'><strong>nos</strong></span> <span class='ocrx_word' id='word_1_632' title='bbox 2919 2784 3157 2840; x_wconf 88' lang='lat' dir='ltr'><strong>superne</strong></span> <span class='ocrx_word' id='word_1_633' title='bbox 3202 2770 3567 2825; x_wconf 85' lang='lat' dir='ltr'><strong>concionaha-</strong></span> 
     </span>
    </p>
   </div>
   <div class='ocr_carea' id='block_1_86' title="bbox 1998 2866 2963 2928">
    <p class='ocr_par' dir='ltr' id='par_1_86' title="bbox 1998 2866 2963 2928">
     <span class='ocr_line' id='line_1_89' title="bbox 1998 2866 2963 2928; baseline -0.001 -18"><span class='ocrx_word' id='word_1_634' title='bbox 1998 2871 2125 2911; x_wconf 84' lang='lat' dir='ltr'><strong>mur</strong></span> <span class='ocrx_word' id='word_1_635' title='bbox 2155 2872 2187 2911; x_wconf 92' lang='lat' dir='ltr'><strong>e</strong></span> <span class='ocrx_word' id='word_1_636' title='bbox 2212 2866 2468 2928; x_wconf 84' lang='lat' dir='ltr'><strong>suggestu</strong></span> <span class='ocrx_word' id='word_1_637' title='bbox 2499 2873 2671 2928; x_wconf 89' lang='lat' dir='ltr'><strong>prope</strong></span> <span class='ocrx_word' id='word_1_638' title='bbox 2696 2866 2963 2913; x_wconf 90' lang='lat' dir='ltr'><strong>tectum.-</strong></span> 
     </span>
    </p>
   </div>
   <div class='ocr_carea' id='block_1_87' title="bbox 2070 2945 3568 3006">
    <p class='ocr_par' dir='ltr' id='par_1_87' title="bbox 2070 2945 3568 3006">
     <span class='ocr_line' id='line_1_90' title="bbox 2070 2945 3568 3006; baseline 0.005 -7"><span class='ocrx_word' id='word_1_639' title='bbox 2070 2945 2270 3000; x_wconf 78' lang='lat' dir='ltr'><strong>Verum</strong></span> <span class='ocrx_word' id='word_1_640' title='bbox 2301 2946 2484 3001; x_wconf 89' lang='lat' dir='ltr'><strong>clerus</strong></span> <span class='ocrx_word' id='word_1_641' title='bbox 2522 2947 2702 3002; x_wconf 92' lang='lat' dir='ltr'><strong>omnis</strong></span> <span class='ocrx_word' id='word_1_642' title='bbox 2745 2962 2870 3001; x_wconf 88' lang='lat' dir='ltr'><strong>cum</strong></span> <span class='ocrx_word' id='word_1_643' title='bbox 2900 2947 3062 3002; x_wconf 90' lang='lat' dir='ltr'><strong>bonis</strong></span> <span class='ocrx_word' id='word_1_644' title='bbox 3087 2950 3370 3003; x_wconf 90' lang='lat' dir='ltr'><strong>monachis</strong></span> <span class='ocrx_word' id='word_1_645' title='bbox 3411 2950 3568 3006; x_wconf 86' lang='lat' dir='ltr'><strong>valde</strong></span> 
     </span>
    </p>
   </div>
   <div class='ocr_carea' id='block_1_88' title="bbox 1997 3035 3566 3111">
    <p class='ocr_par' dir='ltr' id='par_1_88' title="bbox 1997 3035 3566 3111">
     <span class='ocr_line' id='line_1_91' title="bbox 1997 3035 3566 3111; baseline 0.006 -22"><span class='ocrx_word' id='word_1_646' title='bbox 1997 3035 2161 3093; x_wconf 87' lang='lat' dir='ltr'><strong>nobis</strong></span> <span class='ocrx_word' id='word_1_647' title='bbox 2206 3045 2327 3091; x_wconf 88' lang='lat' dir='ltr'><strong>erat</strong></span> <span class='ocrx_word' id='word_1_648' title='bbox 2373 3035 2655 3103; x_wconf 81' lang='lat' dir='ltr'><strong>infensus,</strong></span> <span class='ocrx_word' id='word_1_649' title='bbox 2714 3038 2791 3092; x_wconf 91' lang='lat' dir='ltr'><strong>ita</strong></span> <span class='ocrx_word' id='word_1_650' title='bbox 2849 3047 2911 3092; x_wconf 88' lang='lat' dir='ltr'><strong>ut</strong></span> <span class='ocrx_word' id='word_1_651' title='bbox 2968 3037 3122 3094; x_wconf 77' lang='lat' dir='ltr'><strong>fleret</strong></span> <span class='ocrx_word' id='word_1_652' title='bbox 3179 3041 3566 3111; x_wconf 88' lang='lat' dir='ltr'><strong>collapidatio,</strong></span> 
     </span>
    </p>
   </div>
   <div class='ocr_carea' id='block_1_89' title="bbox 1993 3125 3569 3200">
    <p class='ocr_par' dir='ltr' id='par_1_89' title="bbox 1993 3125 3569 3200">
     <span class='ocr_line' id='line_1_92' title="bbox 1993 3125 3569 3200; baseline 0.006 -21"><span class='ocrx_word' id='word_1_653' title='bbox 1993 3125 2218 3194; x_wconf 86' lang='lat' dir='ltr'><strong>quando</strong></span> <span class='ocrx_word' id='word_1_654' title='bbox 2276 3141 2308 3180; x_wconf 90' lang='lat' dir='ltr'><strong>a</strong></span> <span class='ocrx_word' id='word_1_655' title='bbox 2365 3126 2673 3181; x_wconf 80' lang='lat' dir='ltr'><strong>Ruﬁnianis</strong></span> <span class='ocrx_word' id='word_1_656' title='bbox 2731 3135 2854 3197; x_wconf 89' lang='lat' dir='ltr'><strong>post</strong></span> <span class='ocrx_word' id='word_1_657' title='bbox 2900 3127 3196 3184; x_wconf 86' lang='lat' dir='ltr'><strong>adventum</strong></span> <span class='ocrx_word' id='word_1_658' title='bbox 3242 3132 3569 3200; x_wconf 90' lang='lat' dir='ltr'><strong>pientissimi</strong></span> 
     </span>
    </p>
   </div>
   <div class='ocr_carea' id='block_1_90' title="bbox 1994 3208 3569 3284">
    <p class='ocr_par' dir='ltr' id='par_1_90' title="bbox 1994 3208 3569 3284">
     <span class='ocr_line' id='line_1_93' title="bbox 1994 3208 3569 3284; baseline 0.005 -15"><span class='ocrx_word' id='word_1_659' title='bbox 1994 3216 2342 3284; x_wconf 89' lang='lat' dir='ltr'><strong>imperatoris</strong></span> <span class='ocrx_word' id='word_1_660' title='bbox 2384 3218 2710 3282; x_wconf 89' lang='lat' dir='ltr'><strong>rediremus,</strong></span> <span class='ocrx_word' id='word_1_661' title='bbox 2746 3228 2805 3274; x_wconf 90' lang='lat' dir='ltr'><strong>et</strong></span> <span class='ocrx_word' id='word_1_662' title='bbox 2850 3208 3278 3277; x_wconf 79' lang='lat' dir='ltr'><strong>vulnerarentur</strong></span> <span class='ocrx_word' id='word_1_663' title='bbox 3324 3236 3356 3275; x_wconf 87' lang='lat' dir='ltr'><strong>a</strong></span> <span class='ocrx_word' id='word_1_664' title='bbox 3412 3222 3569 3277; x_wconf 88' lang='lat' dir='ltr'><strong>laicis</strong></span> 
     </span>
    </p>
   </div>
   <div class='ocr_carea' id='block_1_91' title="bbox 1991 3304 3565 3385">
    <p class='ocr_par' dir='ltr' id='par_1_91' title="bbox 1991 3304 3565 3385">
     <span class='ocr_line' id='line_1_94' title="bbox 1991 3304 3565 3385; baseline 0.005 -25"><span class='ocrx_word' id='word_1_665' title='bbox 1991 3313 2048 3360; x_wconf 91' lang='lat' dir='ltr'><strong>et</strong></span> <span class='ocrx_word' id='word_1_666' title='bbox 2076 3304 2228 3360; x_wconf 75' lang='lat' dir='ltr'><strong>falsis</strong></span> <span class='ocrx_word' id='word_1_667' title='bbox 2251 3307 2557 3369; x_wconf 87' lang='lat' dir='ltr'><strong>monachis,</strong></span> <span class='ocrx_word' id='word_1_668' title='bbox 2590 3309 2749 3362; x_wconf 91' lang='lat' dir='ltr'><strong>multi</strong></span> <span class='ocrx_word' id='word_1_669' title='bbox 2778 3308 2873 3378; x_wconf 91' lang='lat' dir='ltr'><strong>qui</strong></span> <span class='ocrx_word' id='word_1_670' title='bbox 2917 3311 3206 3367; x_wconf 87' lang='lat' dir='ltr'><strong>nobiscum</strong></span> <span class='ocrx_word' id='word_1_671' title='bbox 3243 3321 3404 3367; x_wconf 87' lang='lat' dir='ltr'><strong>erant</strong></span> <span class='ocrx_word' id='word_1_672' title='bbox 3431 3314 3565 3385; x_wconf 74' lang='lat'><strong>(93).</strong></span> 
     </span>
    </p>
   </div>
   <div class='ocr_carea' id='block_1_92' title="bbox 2064 3395 3569 3470">
    <p class='ocr_par' dir='ltr' id='par_1_92' title="bbox 2064 3395 3569 3470">
     <span class='ocr_line' id='line_1_95' title="bbox 2064 3395 3569 3470; baseline 0.007 -22"><span class='ocrx_word' id='word_1_673' title='bbox 2064 3395 2302 3449; x_wconf 88' lang='lat' dir='ltr'><strong>Noverat</strong></span> <span class='ocrx_word' id='word_1_674' title='bbox 2329 3403 2513 3450; x_wconf 89' lang='lat' dir='ltr'><strong>autem</strong></span> <span class='ocrx_word' id='word_1_675' title='bbox 2541 3414 2641 3452; x_wconf 79' lang='lat' dir='ltr'><strong>rex</strong></span> <span class='ocrx_word' id='word_1_676' title='bbox 2678 3400 3076 3468; x_wconf 87' lang='lat' dir='ltr'><strong>pientissimus,</strong></span> <span class='ocrx_word' id='word_1_677' title='bbox 3098 3402 3245 3470; x_wconf 91' lang='lat' dir='ltr'><strong>quod</strong></span> <span class='ocrx_word' id='word_1_678' title='bbox 3274 3404 3569 3459; x_wconf 89' lang='lat' dir='ltr'><strong>multitudo</strong></span> 
     </span>
    </p>
   </div>
   <div class='ocr_carea' id='block_1_93' title="bbox 1994 3486 3565 3558">
    <p class='ocr_par' dir='ltr' id='par_1_93' title="bbox 1994 3486 3565 3558">
     <span class='ocr_line' id='line_1_96' title="bbox 1994 3486 3565 3558; baseline 0.006 -22"><span class='ocrx_word' id='word_1_679' title='bbox 1994 3493 2420 3555; x_wconf 81' lang='lat' dir='ltr'><strong>congregaretur</strong></span> <span class='ocrx_word' id='word_1_680' title='bbox 2467 3494 2661 3540; x_wconf 84' lang='lat' dir='ltr'><strong>contra</strong></span> <span class='ocrx_word' id='word_1_681' title='bbox 2690 3502 2790 3541; x_wconf 87' lang='lat' dir='ltr'><strong>nos</strong></span> <span class='ocrx_word' id='word_1_682' title='bbox 2838 3486 2974 3558; x_wconf 65' lang='lat'><strong>(94),</strong></span> <span class='ocrx_word' id='word_1_683' title='bbox 3008 3496 3065 3542; x_wconf 91' lang='lat' dir='ltr'><strong>et</strong></span> <span class='ocrx_word' id='word_1_684' title='bbox 3096 3490 3230 3544; x_wconf 91' lang='lat' dir='ltr'><strong>solis</strong></span> <span class='ocrx_word' id='word_1_685' title='bbox 3283 3492 3445 3545; x_wconf 91' lang='lat' dir='ltr'><strong>nobis</strong></span> <span class='ocrx_word' id='word_1_686' title='bbox 3470 3508 3565 3547; x_wconf 92' lang='lat' dir='ltr'><strong>oc-</strong></span> 
     </span>
    </p>
   </div>
   <div class='ocr_carea' id='block_1_94' title="bbox 1994 3575 3566 3651">
    <p class='ocr_par' dir='ltr' id='par_1_94' title="bbox 1994 3575 3566 3651">
     <span class='ocr_line' id='line_1_97' title="bbox 1994 3575 3566 3651; baseline 0.004 -22"><span class='ocrx_word' id='word_1_687' title='bbox 1994 3590 2244 3639; x_wconf 91' lang='lat' dir='ltr'><strong>currens,</strong></span> <span class='ocrx_word' id='word_1_688' title='bbox 2269 3575 2487 3631; x_wconf 86' lang='lat' dir='ltr'><strong>dicebat</strong></span> <span class='ocrx_word' id='word_1_689' title='bbox 2538 3595 2550 3629; x_wconf 93' lang='lat'>:</span> <span class='ocrx_word' id='word_1_690' title='bbox 2595 3577 2730 3632; x_wconf 88' lang='lat' dir='ltr'><strong>Novi</strong></span> <span class='ocrx_word' id='word_1_691' title='bbox 2779 3577 2925 3646; x_wconf 91' lang='lat' dir='ltr'><strong>quod</strong></span> <span class='ocrx_word' id='word_1_692' title='bbox 2956 3579 3097 3632; x_wconf 89' lang='lat' dir='ltr'><strong>male</strong></span> <span class='ocrx_word' id='word_1_693' title='bbox 3137 3581 3566 3651; x_wconf 80' lang='lat' dir='ltr'><strong>congregamini.</strong></span> 
     </span>
    </p>
   </div>
   <div class='ocr_carea' id='block_1_95' title="bbox 1993 3664 3566 3734">
    <p class='ocr_par' dir='ltr' id='par_1_95' title="bbox 1993 3664 3566 3734">
     <span class='ocr_line' id='line_1_98' title="bbox 1993 3664 3566 3734; baseline 0.004 -15"><span class='ocrx_word' id='word_1_694' title='bbox 1993 3664 2248 3720; x_wconf 90' lang='lat' dir='ltr'><strong>Dicebam</strong></span> <span class='ocrx_word' id='word_1_695' title='bbox 2299 3674 2484 3720; x_wconf 90' lang='lat' dir='ltr'><strong>autem</strong></span> <span class='ocrx_word' id='word_1_696' title='bbox 2528 3666 2577 3721; x_wconf 86' lang='lat' dir='ltr'><strong>ei</strong></span> <span class='ocrx_word' id='word_1_697' title='bbox 2638 3685 2650 3720; x_wconf 93' lang='lat'><strong>:</strong></span> <span class='ocrx_word' id='word_1_698' title='bbox 2708 3686 2725 3718; x_wconf 75' lang='grc' dir='ltr'>ι</span> <span class='ocrx_word' id='word_1_699' title='bbox 2773 3666 2908 3734; x_wconf 86' lang='lat' dir='ltr'><strong>Quia</strong></span> <span class='ocrx_word' id='word_1_700' title='bbox 2940 3667 3140 3723; x_wconf 91' lang='lat' dir='ltr'><strong>dedisti</strong></span> <span class='ocrx_word' id='word_1_701' title='bbox 3188 3669 3444 3725; x_wconf 82' lang='lat' dir='ltr'><strong>ﬁduciam</strong></span> <span class='ocrx_word' id='word_1_702' title='bbox 3487 3670 3566 3725; x_wconf 93' lang='lat' dir='ltr'><strong>lo-</strong></span> 
     </span>
    </p>
   </div>
   <div class='ocr_carea' id='block_1_96' title="bbox 1993 3757 3568 3827">
    <p class='ocr_par' dir='ltr' id='par_1_96' title="bbox 1993 3757 3568 3827">
     <span class='ocr_line' id='line_1_99' title="bbox 1993 3757 3568 3827; baseline 0.004 -17"><span class='ocrx_word' id='word_1_703' title='bbox 1993 3757 2220 3827; x_wconf 89' lang='lat' dir='ltr'><strong>quendi,</strong></span> <span class='ocrx_word' id='word_1_704' title='bbox 2272 3772 2398 3811; x_wconf 90' lang='lat' dir='ltr'><strong>cum</strong></span> <span class='ocrx_word' id='word_1_705' title='bbox 2456 3757 2619 3812; x_wconf 88' lang='lat' dir='ltr'><strong>venia</strong></span> <span class='ocrx_word' id='word_1_706' title='bbox 2669 3758 2818 3812; x_wconf 90' lang='lat' dir='ltr'><strong>audi.</strong></span> <span class='ocrx_word' id='word_1_707' title='bbox 2875 3758 3093 3814; x_wconf 84' lang='lat' dir='ltr'><strong>Justum</strong></span> <span class='ocrx_word' id='word_1_708' title='bbox 3147 3768 3232 3815; x_wconf 90' lang='lat' dir='ltr'><strong>est</strong></span> <span class='ocrx_word' id='word_1_709' title='bbox 3281 3760 3568 3817; x_wconf 66' lang='lat' dir='ltr'><strong>haereticos</strong></span> 
     </span>
    </p>
   </div>
   <div class='ocr_carea' id='block_1_97' title="bbox 1993 3846 3567 3921">
    <p class='ocr_par' dir='ltr' id='par_1_97' title="bbox 1993 3846 3567 3921">
     <span class='ocr_line' id='line_1_100' title="bbox 1993 3846 3567 3921; baseline 0.004 -22"><span class='ocrx_word' id='word_1_710' title='bbox 1993 3846 2218 3915; x_wconf 90' lang='lat' dir='ltr'><strong>quidem</strong></span> <span class='ocrx_word' id='word_1_711' title='bbox 2274 3849 2778 3903; x_wconf 81' lang='lat' dir='ltr'><strong>excommunicatos</strong></span> <span class='ocrx_word' id='word_1_712' title='bbox 2825 3849 2879 3903; x_wconf 86' lang='lat' dir='ltr'><strong>in</strong></span> <span class='ocrx_word' id='word_1_713' title='bbox 2930 3850 3178 3905; x_wconf 90' lang='lat' dir='ltr'><strong>ecclesiis</strong></span> <span class='ocrx_word' id='word_1_714' title='bbox 3219 3865 3412 3921; x_wconf 81' lang='lat' dir='ltr'><strong>agere;</strong></span> <span class='ocrx_word' id='word_1_715' title='bbox 3465 3867 3567 3907; x_wconf 84' lang='lat' dir='ltr'><strong>nos</strong></span> 
     </span>
    </p>
   </div>
   <div class='ocr_carea' id='block_1_98' title="bbox 1993 3938 3567 4013">
    <p class='ocr_par' dir='ltr' id='par_1_98' title="bbox 1993 3938 3567 4013">
     <span class='ocr_line' id='line_1_101' title="bbox 1993 3938 3567 4013; baseline 0.004 -22"><span class='ocrx_word' id='word_1_716' title='bbox 1993 3952 2144 4001; x_wconf 90' lang='lat' dir='ltr'><strong>vero,</strong></span> <span class='ocrx_word' id='word_1_717' title='bbox 2173 3938 2267 4008; x_wconf 92' lang='lat' dir='ltr'><strong>qui</strong></span> <span class='ocrx_word' id='word_1_718' title='bbox 2293 3954 2391 4008; x_wconf 90' lang='lat' dir='ltr'><strong>pro</strong></span> <span class='ocrx_word' id='word_1_719' title='bbox 2415 3939 2518 3994; x_wconf 86' lang='lat' dir='ltr'><strong>tide</strong></span> <span class='ocrx_word' id='word_1_720' title='bbox 2544 3949 2842 4006; x_wconf 88' lang='lat' dir='ltr'><strong>certamus,</strong></span> <span class='ocrx_word' id='word_1_721' title='bbox 2869 3949 2926 3997; x_wconf 89' lang='lat' dir='ltr'><strong>et</strong></span> <span class='ocrx_word' id='word_1_722' title='bbox 2959 3949 3183 4013; x_wconf 85' lang='lat' dir='ltr'><strong>prepter</strong></span> <span class='ocrx_word' id='word_1_723' title='bbox 3219 3942 3325 3998; x_wconf 89' lang='lat' dir='ltr'><strong>hoc</strong></span> <span class='ocrx_word' id='word_1_724' title='bbox 3348 3942 3418 3997; x_wconf 90' lang='lat' dir='ltr'><strong>ab</strong></span> <span class='ocrx_word' id='word_1_725' title='bbox 3442 3943 3567 3999; x_wconf 86' lang='lat' dir='ltr'><strong>aliis</strong></span> 
     </span>
    </p>
   </div>
   <div class='ocr_carea' id='block_1_99' title="bbox 1994 4031 3565 4107">
    <p class='ocr_par' dir='ltr' id='par_1_99' title="bbox 1994 4031 3565 4107">
     <span class='ocr_line' id='line_1_102' title="bbox 1994 4031 3565 4107; baseline 0.003 -21"><span class='ocrx_word' id='word_1_726' title='bbox 1994 4031 2401 4087; x_wconf 89' lang='lat' dir='ltr'><strong>communionis</strong></span> <span class='ocrx_word' id='word_1_727' title='bbox 2437 4044 2690 4101; x_wconf 76' lang='lat' dir='ltr'><strong>exsortes</strong></span> <span class='ocrx_word' id='word_1_728' title='bbox 2733 4033 2861 4088; x_wconf 84' lang='lat' dir='ltr'><strong>facti</strong></span> <span class='ocrx_word' id='word_1_729' title='bbox 2915 4048 3106 4089; x_wconf 89' lang='lat' dir='ltr'><strong>sumus</strong></span> <span class='ocrx_word' id='word_1_730' title='bbox 3153 4035 3288 4107; x_wconf 81' lang='lat'><strong>(95),</strong></span> <span class='ocrx_word' id='word_1_731' title='bbox 3319 4050 3434 4091; x_wconf 87' lang='lat' dir='ltr'><strong>non</strong></span> <span class='ocrx_word' id='word_1_732' title='bbox 3478 4036 3565 4091; x_wconf 83' lang='lat' dir='ltr'><strong>in-</strong></span> 
     </span>
    </p>
   </div>
   <div class='ocr_carea' id='block_1_100' title="bbox 1993 4122 3566 4198">
    <p class='ocr_par' dir='ltr' id='par_1_100' title="bbox 1993 4122 3566 4198">
     <span class='ocr_line' id='line_1_103' title="bbox 1993 4122 3566 4198; baseline 0.002 -22"><span class='ocrx_word' id='word_1_733' title='bbox 1993 4130 2136 4176; x_wconf 88' lang='lat' dir='ltr'><strong>trare</strong></span> <span class='ocrx_word' id='word_1_734' title='bbox 2180 4122 2256 4175; x_wconf 43' lang='lat' dir='ltr'><strong>ini</strong></span> <span class='ocrx_word' id='word_1_735' title='bbox 2283 4123 2612 4179; x_wconf 86' lang='lat' dir='ltr'><strong>ecclesiam?</strong></span> <span class='ocrx_word' id='word_1_736' title='bbox 2660 4124 2728 4177; x_wconf 88' lang='lat' dir='ltr'><strong>Et</strong></span> <span class='ocrx_word' id='word_1_737' title='bbox 2788 4123 2878 4179; x_wconf 91' lang='lat' dir='ltr'><strong>ille</strong></span> <span class='ocrx_word' id='word_1_738' title='bbox 2916 4123 3203 4195; x_wconf 83' lang='lat' dir='ltr'><strong>respondit</strong></span> <span class='ocrx_word' id='word_1_739' title='bbox 3275 4144 3288 4180; x_wconf 90' lang='lat'><strong>:</strong></span> <span class='ocrx_word' id='word_1_740' title='bbox 3342 4127 3412 4181; x_wconf 87' lang='lat' dir='ltr'><strong>Et</strong></span> <span class='ocrx_word' id='word_1_741' title='bbox 3464 4143 3566 4198; x_wconf 74' lang='lat' dir='ltr'><strong>ego</strong></span> 
     </span>
    </p>
   </div>
   <div class='ocr_carea' id='block_1_101' title="bbox 1992 4213 3567 4286">
    <p class='ocr_par' dir='ltr' id='par_1_101' title="bbox 1992 4213 3567 4286">
     <span class='ocr_line' id='line_1_104' title="bbox 1992 4213 3567 4286; baseline 0.003 -19"><span class='ocrx_word' id='word_1_742' title='bbox 1992 4214 2124 4283; x_wconf 90' lang='lat' dir='ltr'><strong>quid</strong></span> <span class='ocrx_word' id='word_1_743' title='bbox 2171 4213 2398 4268; x_wconf 81' lang='lat' dir='ltr'><strong>faciam?</strong></span> <span class='ocrx_word' id='word_1_744' title='bbox 2450 4214 2732 4284; x_wconf 81' lang='lat' dir='ltr'><strong>Respondi</strong></span> <span class='ocrx_word' id='word_1_745' title='bbox 2788 4215 2953 4286; x_wconf 81' lang='lat' dir='ltr'><strong>igitur</strong></span> <span class='ocrx_word' id='word_1_746' title='bbox 3020 4216 3096 4271; x_wconf 91' lang='lat' dir='ltr'><strong>illi</strong></span> <span class='ocrx_word' id='word_1_747' title='bbox 3141 4236 3153 4270; x_wconf 89' lang='lat'><strong>:</strong></span> <span class='ocrx_word' id='word_1_748' title='bbox 3210 4217 3364 4285; x_wconf 85' lang='lat' dir='ltr'><strong>Quod</strong></span> <span class='ocrx_word' id='word_1_749' title='bbox 3436 4219 3567 4275; x_wconf 82' lang='lat' dir='ltr'><strong>fecit</strong></span> 
     </span>
    </p>
   </div>
   <div class='ocr_carea' id='block_1_102' title="bbox 1993 4295 3564 4378">
    <p class='ocr_par' dir='ltr' id='par_1_102' title="bbox 1993 4295 3564 4378">
     <span class='ocr_line' id='line_1_105' title="bbox 1993 4295 3564 4378; baseline 0.004 -21"><span class='ocrx_word' id='word_1_750' title='bbox 1993 4295 2252 4374; x_wconf 71' lang='lat' dir='ltr'><strong>magister</strong></span> <span class='ocrx_word' id='word_1_751' title='bbox 2301 4312 2429 4359; x_wconf 91' lang='lat' dir='ltr'><strong>tuus</strong></span> <span class='ocrx_word' id='word_1_752' title='bbox 2474 4319 2659 4360; x_wconf 88' lang='lat' dir='ltr'><strong>comes</strong></span> <span class='ocrx_word' id='word_1_753' title='bbox 2705 4305 3058 4375; x_wconf 80' lang='lat' dir='ltr'><strong>largitionum</strong></span> <span class='ocrx_word' id='word_1_754' title='bbox 3088 4308 3144 4370; x_wconf 86' lang='lat' dir='ltr'><strong>in</strong></span> <span class='ocrx_word' id='word_1_755' title='bbox 3185 4309 3422 4378; x_wconf 87' lang='lat' dir='ltr'><strong>Epheso.</strong></span> <span class='ocrx_word' id='word_1_756' title='bbox 3468 4311 3564 4365; x_wconf 84' lang='lat' dir='ltr'><strong>Ille</strong></span> 
     </span>
    </p>
   </div>
   <div class='ocr_carea' id='block_1_103' title="bbox 1993 4392 3566 4466">
    <p class='ocr_par' dir='ltr' id='par_1_103' title="bbox 1993 4392 3566 4466">
     <span class='ocr_line' id='line_1_106' title="bbox 1993 4392 3566 4466; baseline 0.004 -21"><span class='ocrx_word' id='word_1_757' title='bbox 1993 4392 2138 4445; x_wconf 90' lang='lat' dir='ltr'><strong>enim</strong></span> <span class='ocrx_word' id='word_1_758' title='bbox 2197 4402 2257 4445; x_wconf 91' lang='lat' dir='ltr'><strong>ut</strong></span> <span class='ocrx_word' id='word_1_759' title='bbox 2317 4392 2527 4447; x_wconf 87' lang='lat' dir='ltr'><strong>invenit</strong></span> <span class='ocrx_word' id='word_1_760' title='bbox 2600 4394 2895 4448; x_wconf 88' lang='lat' dir='ltr'><strong>nonnullos</strong></span> <span class='ocrx_word' id='word_1_761' title='bbox 2936 4396 3278 4466; x_wconf 80' lang='lat' dir='ltr'><strong>congregari,</strong></span> <span class='ocrx_word' id='word_1_762' title='bbox 3327 4412 3428 4452; x_wconf 90' lang='lat' dir='ltr'><strong>nos</strong></span> <span class='ocrx_word' id='word_1_763' title='bbox 3468 4412 3566 4451; x_wconf 80' lang='lat' dir='ltr'><strong>au-</strong></span> 
     </span>
    </p>
   </div>
   <div class='ocr_carea' id='block_1_104' title="bbox 2002 4484 3562 4554">
    <p class='ocr_par' dir='ltr' id='par_1_104' title="bbox 2002 4484 3562 4554">
     <span class='ocr_line' id='line_1_107' title="bbox 2002 4484 3562 4554; baseline 0.002 -16"><span class='ocrx_word' id='word_1_764' title='bbox 2002 4492 2111 4538; x_wconf 89' lang='lat' dir='ltr'><strong>tem</strong></span> <span class='ocrx_word' id='word_1_765' title='bbox 2137 4498 2249 4536; x_wconf 90' lang='lat' dir='ltr'><strong>non</strong></span> <span class='ocrx_word' id='word_1_766' title='bbox 2271 4484 2607 4554; x_wconf 83' lang='lat' dir='ltr'><strong>congregari,</strong></span> <span class='ocrx_word' id='word_1_767' title='bbox 2636 4485 2972 4554; x_wconf 80' lang='lat' dir='ltr'><strong>compescuit</strong></span> <span class='ocrx_word' id='word_1_768' title='bbox 2991 4500 3088 4541; x_wconf 87' lang='lat' dir='ltr'><strong>eos</strong></span> <span class='ocrx_word' id='word_1_769' title='bbox 3110 4486 3337 4543; x_wconf 89' lang='lat' dir='ltr'><strong>dicens:</strong></span> <span class='ocrx_word' id='word_1_770' title='bbox 3373 4487 3428 4542; x_wconf 91' lang='lat' dir='ltr'><strong>Si</strong></span> <span class='ocrx_word' id='word_1_771' title='bbox 3452 4504 3562 4542; x_wconf 85' lang='lat' dir='ltr'><strong>non</strong></span> 
     </span>
    </p>
   </div>
   <div class='ocr_carea' id='block_1_105' title="bbox 1993 4572 3564 4649">
    <p class='ocr_par' dir='ltr' id='par_1_105' title="bbox 1993 4572 3564 4649">
     <span class='ocr_line' id='line_1_108' title="bbox 1993 4572 3564 4649; baseline 0.003 -22"><span class='ocrx_word' id='word_1_772' title='bbox 1993 4572 2210 4628; x_wconf 77' lang='lat' dir='ltr'><strong>fueritis</strong></span> <span class='ocrx_word' id='word_1_773' title='bbox 2242 4574 2477 4644; x_wconf 77' lang='lat' dir='ltr'><strong>pacifici,</strong></span> <span class='ocrx_word' id='word_1_774' title='bbox 2522 4590 2633 4628; x_wconf 90' lang='lat' dir='ltr'><strong>non</strong></span> <span class='ocrx_word' id='word_1_775' title='bbox 2674 4575 2970 4630; x_wconf 89' lang='lat' dir='ltr'><strong>concedam</strong></span> <span class='ocrx_word' id='word_1_776' title='bbox 3006 4577 3103 4631; x_wconf 89' lang='lat' dir='ltr'><strong>uni</strong></span> <span class='ocrx_word' id='word_1_777' title='bbox 3152 4580 3297 4648; x_wconf 89' lang='lat' dir='ltr'><strong>parti</strong></span> <span class='ocrx_word' id='word_1_778' title='bbox 3337 4595 3564 4649; x_wconf 80' lang='lat' dir='ltr'><strong>congre-</strong></span> 
     </span>
    </p>
   </div>
   <div class='ocr_carea' id='block_1_106' title="bbox 1994 4661 3566 4737">
    <p class='ocr_par' dir='ltr' id='par_1_106' title="bbox 1994 4661 3566 4737">
     <span class='ocr_line' id='line_1_109' title="bbox 1994 4661 3566 4737; baseline 0.004 -22"><span class='ocrx_word' id='word_1_779' title='bbox 1994 4661 2131 4732; x_wconf 80' lang='lat' dir='ltr'><strong>gari.</strong></span> <span class='ocrx_word' id='word_1_780' title='bbox 2198 4663 2267 4717; x_wconf 90' lang='lat' dir='ltr'><strong>Et</strong></span> <span class='ocrx_word' id='word_1_781' title='bbox 2320 4662 2608 4732; x_wconf 85' lang='lat' dir='ltr'><strong>oportebat</strong></span> <span class='ocrx_word' id='word_1_782' title='bbox 2682 4666 2850 4718; x_wconf 90' lang='lat' dir='ltr'><strong>etiam</strong></span> <span class='ocrx_word' id='word_1_783' title='bbox 2899 4674 3045 4720; x_wconf 90' lang='lat' dir='ltr'><strong>tuam</strong></span> <span class='ocrx_word' id='word_1_784' title='bbox 3103 4667 3360 4736; x_wconf 89' lang='lat' dir='ltr'><strong>pietatem</strong></span> <span class='ocrx_word' id='word_1_785' title='bbox 3427 4683 3566 4737; x_wconf 71' lang='lat' dir='ltr'><strong>prte-</strong></span> 
     </span>
    </p>
   </div>
   <div class='ocr_carea' id='block_1_107' title="bbox 1994 4750 3564 4829">
    <p class='ocr_par' dir='ltr' id='par_1_107' title="bbox 1994 4750 3564 4829">
     <span class='ocr_line' id='line_1_110' title="bbox 1994 4750 3564 4829; baseline 0.005 -24"><span class='ocrx_word' id='word_1_786' title='bbox 1994 4750 2179 4820; x_wconf 92' lang='lat' dir='ltr'><strong>cipere</strong></span> <span class='ocrx_word' id='word_1_787' title='bbox 2247 4751 2337 4806; x_wconf 91' lang='lat' dir='ltr'><strong>hic</strong></span> <span class='ocrx_word' id='word_1_788' title='bbox 2384 4752 2663 4822; x_wconf 88' lang='lat' dir='ltr'><strong>episcopo,</strong></span> <span class='ocrx_word' id='word_1_789' title='bbox 2715 4770 2783 4809; x_wconf 91' lang='lat' dir='ltr'><strong>ne</strong></span> <span class='ocrx_word' id='word_1_790' title='bbox 2848 4756 3213 4825; x_wconf 86' lang='lat' dir='ltr'><strong>permitteret,</strong></span> <span class='ocrx_word' id='word_1_791' title='bbox 3274 4774 3454 4829; x_wconf 90' lang='lat' dir='ltr'><strong>neque</strong></span> <span class='ocrx_word' id='word_1_792' title='bbox 3499 4759 3564 4812; x_wconf 85' lang='lat' dir='ltr'><strong>il-</strong></span> 
     </span>
    </p>
   </div>
   <div class='ocr_carea' id='block_1_108' title="bbox 1993 4842 3560 4916">
    <p class='ocr_par' dir='ltr' id='par_1_108' title="bbox 1993 4842 3560 4916">
     <span class='ocr_line' id='line_1_111' title="bbox 1993 4842 3560 4916; baseline 0.004 -20"><span class='ocrx_word' id='word_1_793' title='bbox 1993 4842 2096 4905; x_wconf 91' lang='lat' dir='ltr'><strong>lis,</strong></span> <span class='ocrx_word' id='word_1_794' title='bbox 2163 4858 2342 4913; x_wconf 85' lang='lat' dir='ltr'><strong>neque</strong></span> <span class='ocrx_word' id='word_1_795' title='bbox 2382 4844 2562 4913; x_wconf 38' lang='lat' dir='ltr'><strong>\nobis</strong></span> <span class='ocrx_word' id='word_1_796' title='bbox 2612 4846 2959 4916; x_wconf 82' lang='lat' dir='ltr'><strong>congregari,</strong></span> <span class='ocrx_word' id='word_1_797' title='bbox 3026 4847 3202 4904; x_wconf 89' lang='lat' dir='ltr'><strong>donec</strong></span> <span class='ocrx_word' id='word_1_798' title='bbox 3269 4851 3560 4905; x_wconf 83' lang='lat' dir='ltr'><strong>convenia-</strong></span> 
     </span>
    </p>
   </div>
   <div class='ocr_carea' id='block_1_109' title="bbox 1994 4936 3561 5005">
    <p class='ocr_par' dir='ltr' id='par_1_109' title="bbox 1994 4936 3561 5005">
     <span class='ocr_line' id='line_1_112' title="bbox 1994 4936 3561 5005; baseline 0.006 -18"><span class='ocrx_word' id='word_1_799' title='bbox 1994 4949 2136 4997; x_wconf 86' lang='lat' dir='ltr'><strong>mus,</strong></span> <span class='ocrx_word' id='word_1_800' title='bbox 2191 4943 2253 4988; x_wconf 93' lang='lat' dir='ltr'><strong>ut</strong></span> <span class='ocrx_word' id='word_1_801' title='bbox 2294 4936 2441 5005; x_wconf 88' lang='lat' dir='ltr'><strong>justa</strong></span> <span class='ocrx_word' id='word_1_802' title='bbox 2495 4944 2586 4990; x_wconf 89' lang='lat' dir='ltr'><strong>tua</strong></span> <span class='ocrx_word' id='word_1_803' title='bbox 2633 4939 2905 4994; x_wconf 90' lang='lat' dir='ltr'><strong>sententia</strong></span> <span class='ocrx_word' id='word_1_804' title='bbox 2964 4941 3221 4996; x_wconf 91' lang='lat' dir='ltr'><strong>omnibus</strong></span> <span class='ocrx_word' id='word_1_805' title='bbox 3284 4948 3413 4996; x_wconf 87' lang='lat' dir='ltr'><strong>nota</strong></span> <span class='ocrx_word' id='word_1_806' title='bbox 3453 4941 3561 4997; x_wconf 84' lang='lat' dir='ltr'><strong>liat.</strong></span> 
     </span>
    </p>
   </div>
   <div class='ocr_carea' id='block_1_110' title="bbox 1710 5110 2226 5182">
    <p class='ocr_par' dir='ltr' id='par_1_110' title="bbox 1710 5110 2226 5182">
     <span class='ocr_line' id='line_1_113' title="bbox 1710 5110 2226 5182; baseline 0 -17"><span class='ocrx_word' id='word_1_807' title='bbox 1710 5110 1756 5143; x_wconf 84' lang='grc'><strong>⁸⁸</strong></span> <span class='ocrx_word' id='word_1_808' title='bbox 1779 5110 2017 5182; x_wconf 86' lang='lat' dir='ltr'><strong>Philipp.</strong></span> <span class='ocrx_word' id='word_1_809' title='bbox 2049 5127 2109 5175; x_wconf 82' lang='grc' dir='ltr'><strong>η,</strong></span> <span class='ocrx_word' id='word_1_810' title='bbox 2134 5111 2226 5166; x_wconf 74' lang='grc'><strong>21.</strong></span> 
     </span>
    </p>
   </div>
   <div class='ocr_carea' id='block_1_111' title="bbox 1991 5267 3566 5329">
    <p class='ocr_par' dir='ltr' id='par_1_111' title="bbox 1991 5267 3566 5329">
     <span class='ocr_line' id='line_1_114' title="bbox 1991 5267 3566 5329; baseline 0.006 -9"><span class='ocrx_word' id='word_1_811' title='bbox 1991 5267 2189 5321; x_wconf 73' lang='lat' dir='ltr'><strong>hiscum</strong></span> <span class='ocrx_word' id='word_1_812' title='bbox 2215 5276 2387 5323; x_wconf 84' lang='lat' dir='ltr'><strong>erant.</strong></span> <span class='ocrx_word' id='word_1_813' title='bbox 2415 5268 2505 5324; x_wconf 91' lang='lat' dir='ltr'><strong>Sic</strong></span> <span class='ocrx_word' id='word_1_814' title='bbox 2549 5269 2718 5325; x_wconf 80' lang='lat' dir='ltr'><strong>Mans.</strong></span> <span class='ocrx_word' id='word_1_815' title='bbox 2747 5269 2853 5325; x_wconf 90' lang='lat' dir='ltr'><strong>Sed</strong></span> <span class='ocrx_word' id='word_1_816' title='bbox 2892 5271 2977 5325; x_wconf 87' lang='lat' dir='ltr'><strong>vel</strong></span> <span class='ocrx_word' id='word_1_817' title='bbox 3007 5270 3256 5327; x_wconf 89' lang='lat' dir='ltr'><strong>Garnerii</strong></span> <span class='ocrx_word' id='word_1_818' title='bbox 3289 5272 3453 5329; x_wconf 86' lang='lat' dir='ltr'><strong>lectio</strong></span> <span class='ocrx_word' id='word_1_819' title='bbox 3470 5284 3566 5329; x_wconf 82' lang='lat' dir='ltr'><strong>&#39;re-</strong></span> 
     </span>
    </p>
   </div>
   <div class='ocr_carea' id='block_1_112' title="bbox 1996 5336 3563 5412">
    <p class='ocr_par' dir='ltr' id='par_1_112' title="bbox 1996 5336 3563 5412">
     <span class='ocr_line' id='line_1_115' title="bbox 1996 5336 3563 5412; baseline 0.006 -23"><span class='ocrx_word' id='word_1_820' title='bbox 1996 5336 2218 5412; x_wconf 79' lang='lat' dir='ltr'><strong>tineuda</strong></span> <span class='ocrx_word' id='word_1_821' title='bbox 2249 5346 2364 5412; x_wconf 54' lang='lat' dir='ltr'><strong>est,</strong></span> <span class='ocrx_word' id='word_1_822' title='bbox 2384 5340 2498 5412; x_wconf 76' lang='lat' dir='ltr'><strong>vel,</strong></span> <span class='ocrx_word' id='word_1_823' title='bbox 2550 5341 3058 5412; x_wconf 78' lang='lat' dir='ltr'><strong>accommodatead</strong></span> <span class='ocrx_word' id='word_1_824' title='bbox 3100 5340 3451 5412; x_wconf 87' lang='lat' dir='ltr'><strong>Synodicum,</strong></span> <span class='ocrx_word' id='word_1_825' title='bbox 3484 5344 3563 5398; x_wconf 87' lang='lat' dir='ltr'><strong>le-</strong></span> 
     </span>
    </p>
   </div>
   <div class='ocr_carea' id='block_1_113' title="bbox 1991 5406 3564 5482">
    <p class='ocr_par' dir='ltr' id='par_1_113' title="bbox 1991 5406 3564 5482">
     <span class='ocr_line' id='line_1_116' title="bbox 1991 5406 3564 5482; baseline 0.004 -23"><span class='ocrx_word' id='word_1_826' title='bbox 1991 5406 2230 5476; x_wconf 85' lang='lat' dir='ltr'><strong>gendum</strong></span> <span class='ocrx_word' id='word_1_827' title='bbox 2264 5425 2276 5459; x_wconf 94' lang='lat'><strong>:</strong></span> <span class='ocrx_word' id='word_1_828' title='bbox 2308 5406 2464 5462; x_wconf 75' lang='lat' dir='ltr'><strong>Multi</strong></span> <span class='ocrx_word' id='word_1_829' title='bbox 2498 5424 2525 5461; x_wconf 76' lang='grc' dir='ltr'><strong><em>θ</em></strong></span> <span class='ocrx_word' id='word_1_830' title='bbox 2555 5408 2724 5472; x_wconf 70' lang='lat' dir='ltr'><strong>laicis,</strong></span> <span class='ocrx_word' id='word_1_831' title='bbox 2768 5411 2857 5480; x_wconf 84' lang='lat' dir='ltr'><strong>qui</strong></span> <span class='ocrx_word' id='word_1_832' title='bbox 2886 5410 3079 5465; x_wconf 81' lang='lat' dir='ltr'><strong>nobisc.</strong></span> <span class='ocrx_word' id='word_1_833' title='bbox 3113 5406 3288 5477; x_wconf 64' lang='lat' dir='ltr'><strong>erant,</strong></span> <span class='ocrx_word' id='word_1_834' title='bbox 3322 5420 3369 5465; x_wconf 88' lang='lat' dir='ltr'><strong>et</strong></span> <span class='ocrx_word' id='word_1_835' title='bbox 3410 5406 3564 5482; x_wconf 69' lang='lat' dir='ltr'><strong>falsis</strong></span> 
     </span>
    </p>
   </div>
   <div class='ocr_carea' id='block_1_114' title="bbox 1995 5485 3122 5529">
    <p class='ocr_par' dir='ltr' id='par_1_114' title="bbox 1995 5485 3122 5529">
     <span class='ocr_line' id='line_1_117' title="bbox 1995 5485 3122 5529; baseline -0.003 0"><span class='ocrx_word' id='word_1_836' title='bbox 1995 5491 2137 5529; x_wconf 83' lang='lat' dir='ltr'><strong>mon.</strong></span> <span class='ocrx_word' id='word_1_837' title='bbox 3114 5485 3122 5493; x_wconf 75' lang='grc'><strong>’</strong></span> 
     </span>
    </p>
   </div>
   <div class='ocr_carea' id='block_1_115' title="bbox 2066 5544 3569 5624">
    <p class='ocr_par' dir='ltr' id='par_1_115' title="bbox 2066 5544 3569 5624">
     <span class='ocr_line' id='line_1_118' title="bbox 2066 5544 3569 5624; baseline 0.005 -27"><span class='ocrx_word' id='word_1_838' title='bbox 2066 5544 2177 5624; x_wconf 63' lang='grc'>(9.4)</span> <span class='ocrx_word' id='word_1_839' title='bbox 2201 5545 2291 5624; x_wconf 67' lang='lat' dir='ltr'><strong>Ad</strong></span> <span class='ocrx_word' id='word_1_840' title='bbox 2319 5562 2412 5624; x_wconf 67' lang='lat' dir='ltr'><strong>nos</strong></span> <span class='ocrx_word' id='word_1_841' title='bbox 2440 5562 2548 5601; x_wconf 88' lang='lat' dir='ltr'><strong>non</strong></span> <span class='ocrx_word' id='word_1_842' title='bbox 2585 5546 2828 5624; x_wconf 67' lang='lat' dir='ltr'><strong>dubitem</strong></span> <span class='ocrx_word' id='word_1_843' title='bbox 2889 5548 3250 5617; x_wconf 86' lang='lat' dir='ltr'><strong>substituere;</strong></span> <span class='ocrx_word' id='word_1_844' title='bbox 3307 5550 3478 5624; x_wconf 71' lang='lat' dir='ltr'><strong>quod‘</strong></span> <span class='ocrx_word' id='word_1_845' title='bbox 3503 5552 3569 5605; x_wconf 79' lang='lat' dir='ltr'><strong>et</strong></span> 
     </span>
    </p>
   </div>
   <div class='ocr_carea' id='block_1_116' title="bbox 1995 5615 3523 5688">
    <p class='ocr_par' dir='ltr' id='par_1_116' title="bbox 1995 5615 3523 5688">
     <span class='ocr_line' id='line_1_119' title="bbox 1995 5615 3523 5688; baseline 0.005 -22"><span class='ocrx_word' id='word_1_846' title='bbox 1995 5622 2283 5688; x_wconf 52' lang='lat' dir='ltr'><strong>centenus</strong></span> <span class='ocrx_word' id='word_1_847' title='bbox 2312 5615 2482 5688; x_wconf 76' lang='lat' dir='ltr'><strong>docet</strong></span> <span class='ocrx_word' id='word_1_848' title='bbox 2508 5626 2562 5670; x_wconf 89' lang='lat' dir='ltr'><strong>et</strong></span> <span class='ocrx_word' id='word_1_849' title='bbox 2594 5616 2925 5688; x_wconf 71' lang='lat' dir='ltr'><strong>Syuodicon.</strong></span> <span class='ocrx_word' id='word_1_850' title='bbox 3237 5615 3245 5617; x_wconf 56' lang='grc'><em>’</em></span> <span class='ocrx_word' id='word_1_851' title='bbox 3324 5615 3341 5624; x_wconf 90' lang='grc'><em>’</em></span> <span class='ocrx_word' id='word_1_852' title='bbox 3520 5634 3523 5637; x_wconf 91' lang='grc'><strong>·</strong></span> 
     </span>
    </p>
   </div>
   <div class='ocr_carea' id='block_1_117' title="bbox 2067 5681 2818 5755">
    <p class='ocr_par' dir='ltr' id='par_1_117' title="bbox 2067 5681 2818 5755">
     <span class='ocr_line' id='line_1_120' title="bbox 2067 5681 2818 5755; baseline 0.005 -18"><span class='ocrx_word' id='word_1_853' title='bbox 2067 5681 2176 5755; x_wconf 73' lang='grc'><strong>(95)</strong></span> <span class='ocrx_word' id='word_1_854' title='bbox 2214 5684 2423 5739; x_wconf 73' lang='lat' dir='ltr'><strong>Exsort.</strong></span> <span class='ocrx_word' id='word_1_855' title='bbox 2458 5681 2818 5755; x_wconf 54' lang='lat' dir='ltr'><strong>fartos&#39;Blans.</strong></span> 
     </span>
    </p>
   </div>
  </div>
