3962 6204
513 265 646 327 14ἳὸ

508 375 587 428 Ad
659 374 775 428 haec
834 372 1053 426 dicebat
1107 388 1121 423 :

507 479 614 517 non
642 478 883 533 possum.
940 462 1126 530 ltaque
1190 460 1448 528 respondi
1507 474 1609 531 ego
1647 479 1658 514 :
1705 461 1873 532 Igitur
1904 477 2081 531 neque

507 553 666 607 nobis
696 553 950 622 imperes,
977 562 1032 605 et
1064 550 1397 619 accipiemus
1418 551 1728 616 ecclesiam,
1762 560 1817 605 et
1847 566 2078 621 congre-

506 641 763 714 gabimur
795 665 808 697 :
843 653 900 699 et
941 652 1234 714 cognoscet
1301 652 1391 696 tua
1459 643 1652 713 pietas,
1703 643 1848 714 quod
1910 645 2084 698 multo

507 737 694 806 plures
740 735 1028 789 nobiscum
1087 743 1240 798 sunt,
1301 749 1465 804 quam
1513 750 1636 788 cum
1670 735 1797 788 illis.
1842 734 1924 788 Ad
1970 734 2084 789 hac

509 829 749 883 diximus
780 828 856 892 ei,
880 827 1026 897 quod
1066 835 1254 880 nostra
1288 826 1657 896 congregatio,
1687 842 1864 897 neque
1890 825 2082 880 lectio—

509 935 633 974 nem
671 935 951 974 sacrarum
991 920 1403 988 Scripturarum
1438 919 1706 981 habebat,
1733 933 1910 987 neque
1935 916 2087 971 obla-

513 1012 749 1075 tionem;
777 1012 920 1066 solas
965 1021 1147 1065 autem
1198 1026 1389 1080 preces
1413 1026 1512 1080 pro
1543 1011 1644 1064 (ide
1673 1019 1730 1063 et
1754 1021 1935 1065 vestra
1966 1024 2083 1062 ma-

509 1237 716 1308 CLXX.
760 1235 1112 1308 —-7Epistola
1163 1237 1522 1308 quorumdam
1569 1234 1944 1308 Orientalium,
1995 1241 2084 1308 qui

582 1307 1078 1375 Constantinopolin
1131 1307 1278 1359 missi
1331 1306 1582 1373 fuerant,
1617 1307 1686 1360 ad
1728 1305 1922 1376 Rufum
1977 1305 2086 1378 epi-

578 1393 813 1446 scopum.

608 1489 720 1542 Deo
769 1487 1134 1542 dilectissimo
1189 1487 1648 1556 sanctissimoque
1707 1491 2086 1545 comministro

511 1580 674 1644 Rufo,
713 1579 972 1642 Joannes,
1012 1578 1308 1639 Himerius.
1347 1579 1745 1643 Theodoretus,
1787 1591 1843 1635 et
1887 1583 2087 1652 reliqui

509 1670 774 1738 episcopi,
806 1670 859 1722 in
888 1670 1118 1723 Domino
1148 1670 1400 1725 salutem.

580 1759 930 1814 Arbitramur
969 1759 1230 1828 pietatem
1279 1770 1336 1814 et
1375 1761 1803 1816 ecclesiasticam
1843 1779 2075 1817 concor-

512 1852 656 1904 diam
687 1838 758 1904 oh
783 1853 1092 1906 sanctitatis
1129 1861 1234 1906 tute
1257 1853 1559 1906 absentiam
1589 1870 1696 1908 non
1725 1871 1951 1924 parvum
1984 1857 2081 1910 de-

516 1946 835 2000 trimentum
883 1944 1178 2013 accepisse.
1237 1945 1452 1998 Etenim
1509 1947 1554 1999 si
1614 1957 1811 2016 praesto
1869 1947 2080 2012 fuisset,

513 2034 863 2088 confusiones
905 2033 1202 2101 turbasque
1239 2043 1444 2086 temere
1471 2033 1830 2086 exsuscitatas
1868 2048 2086 2102 compe—

513 2127 768 2189 scuisset,
801 2135 855 2178 et
892 2125 1177 2178 nobiscum
1214 2124 1542 2178 debellasset
1577 2125 1811 2179 hereses
1831 2124 2086 2192 superin-

513 2229 700 2273 vectas
721 2217 1040 2272 orthodoxa!
1072 2215 1220 2277 ﬁdei,
1245 2223 1300 2269 et
1328 2215 1655 2285 evangelica:
1680 2231 1744 2268 ac
1773 2213 2087 2284 apostolica:

513 2309 796 2370 doctrinze,
828 2322 992 2376 quam
1028 2305 1121 2359 lilii
1144 2322 1176 2359 a
1210 2304 1456 2374 patribus
1479 2321 1697 2375 semper
1716 2313 1996 2374 acceptam
2019 2304 2086 2358 ad

515 2419 615 2457 nos
645 2417 816 2472 usque
851 2399 1293 2453 transmiserunt.

584 2579 710 2634 Haec
738 2581 876 2632 citra
905 2592 1124 2630 causam
1154 2592 1262 2629 non
1291 2575 1526 2628 dicimus
1553 2592 1566 2626 :
1600 2573 1870 2642 siquidem
1895 2591 1958 2628 ex
1996 2575 2088 2627 lit-

518 2669 670 2730 teris,
693 2682 830 2736 quas
853 2666 1027 2734 pietas
1045 2675 1136 2718 tua
1161 2663 1228 2717 ad
1244 2663 1521 2717 lulianum
1539 2663 1844 2730 piissimum
1877 2663 2091 2734 1348

516 2758 1040 2825 sanctissimumque
1077 2754 1318 2810 Serdicae
1359 2753 1683 2822 episcopum
1728 2753 1878 2808 misit
1903 2794 1918 2816 ,
1955 2755 2090 2824 quid

516 2849 778 2906 sanctitas
809 2855 899 2901 tua
929 2854 1156 2916 spectet.
1189 2845 1568 2913 cognovimus.
1599 2843 1890 2898 Monebant
1918 2847 2087 2910 enim,

519 2951 579 2997 ut
610 2955 708 3010 par
733 2947 852 2999 est,
883 2935 1082 2989 littera:
1112 2932 1420 3002 piissimum
1459 2930 1612 2983 illum
1649 2930 1986 3000 episcopum,
2027 2949 2092 2985 ne

1499 261 1982 322 TllEODORETI
2028 265 2356 323 EPlSCOPl
2396 266 2758 335 CYRENSIS

1190 371 1456 439 Equidem
1499 371 1761 441 episeopo
1812 372 2078 441 imperare

2193 376 2373 438 iestate
2389 383 2446 428 et
2463 376 2727 446 religione
2749 375 2860 445 (96)
2883 377 3170 445 colloquia.
3193 378 3396 449 1347
3415 381 3698 450 Approbaru

3590 276 3693 342 li‘rﬁ

2190 464 2376 534 igitur,
2408 477 2463 520 et
2490 469 2632 521 ultra
2654 483 2762 521 non
2797 468 3079 536 prohibuit
3105 469 3205 535 hoc
3233 470 3374 525 tieri.

2257 558 2540 626 Augentur
2579 558 2743 627 igitur
2781 568 3090 613 conventus
3127 560 3492 616 multitudinis
3529 564 3585 616 ad
3626 581 3701 621 nos

2181 649 2472 709 venientis.
2515 660 2570 704 et
2629 665 2755 704 cum
2806 651 3088 720 voluptate
3128 651 3410 726 doctrinas
3453 655 3700 712 audientis.

2181 736 2313 792 Oret
2357 739 2522 809 igitur
2559 751 2742 795 vestra
2781 742 2978 812 pietas,
3021 751 3081 796 ut
3117 757 3283 796 causa
3323 754 3502 798 nostra
3536 747 3702 800 exitum

2183 827 2385 883 habeat
2415 830 2528 885 Deo
2558 831 2866 899 placentem
2894 849 2908 882 :
2938 846 3040 885 nos
3075 831 3224 885 enim
3252 831 3495 901 quotidie
3525 835 3700 903 pericli-

2186 929 2388 982 tamur,
2418 928 2476 975 et
2505 921 2734 975 insidias
2767 921 3163 975 monachorum
3198 929 3256 975 et
3295 921 3606 976 clericorum
3631 939 3704 978 su-

2184 1011 2482 1080 spicantes,
2519 1023 2576 1067 et
2601 1012 2900 1082 potentiam
2922 1020 2977 1065 et
3005 1011 3272 1066 incuriam
3305 1010 3567 1066 videntes.

2192 1241 2314 1292 PO'.
2339 1269 2408 1278 —
2443 1237 2772 1304 Ἐπιστολὴ
2846 1234 3232 1289 Ἀνατολικῶν
3284 1251 3480 1297 τινων,
3504 1235 3609 1289 τῶν
3643 1242 3708 1304 εἰς

2259 1309 2902 1362 Κωνσεαντινούπολιν
2935 1304 3348 1374 πεμφθέντων,
3396 1305 3539 1372 πρὸς
3578 1307 3711 1361 Ῥοῦ-

2255 1397 2373 1447 φον
2410 1380 2749 1432 ἐπίσκοπον
2777 1375 2910 1446 (97).

2257 1491 2347 1560 Τῷ
2413 1489 2810 1557 θεοφιλεστάτη)
2879 1488 2974 1540 καὶ
3029 1485 3308 1556 ὁσιωτάτῳ
3363 1486 3713 1558 συλλειτονργῷ

2199 1581 2432 1650 Ῥούφῳ,
2491 1581 2763 1648 Ἰωάννης,
2826 1578 3100 1647 Ἱμέριος,
3159 1575 3514 1647 Θεοεὼριτος,
3564 1578 3646 1630 καὶ
3677 1581 3713 1629 oi

2116 1667 2154 1718 Β
2185 1673 2437 1741 καθεξῆς,
2479 1673 2535 1724 ἐν
2564 1671 2756 1741 Κυρίῳ
2789 1672 3020 1740 χαίρειν.

2257 1764 2388 1816 Δίαν
2421 1763 2718 1832 βεϐλάφθαι
2753 1763 2852 1830 τὴν
2896 1761 3179 1812 εὐσέϐειαν
3208 1759 3304 1812 καὶ
3336 1759 3432 1828 τὴν
3461 1759 3716 1828 ἐκκλησια-

2187 1854 2374 1924 στικὴν
2403 1855 2626 1924 εἰρήνην
2657 1852 2763 1905 ἀπὸ
2789 1853 2902 1921 (98)
2926 1853 3024 1919 τῆς
3051 1851 3318 1912 ἀπουσίας
3346 1851 3444 1919 τῆς
3474 1853 3565 1919 σῆς
3592 1851 3719 1915 amo.

2188 1947 2352 2017 σύνης
2378 1945 2684 2016 ἡγούμεθα.
2719 1945 2964 1995 Ἔπαυσε
2991 1942 3095 2012 γὰρ
3120 1941 3185 1994 ἂν
3212 1941 3617 2009 παραγενομένη
3647 1942 3718 1990 καὶ

2185 2040 2282 2101 τὰς
2323 2036 2693 2107 γεγενημένας
2745 2034 3075 2103 συγχύσεις,
3143 2032 3235 2085 καὶ
3282 2031 3380 2094 τὰς
3433 2031 3721 2100 τετολμημέ-

2186 2149 2282 2193 νας
2313 2129 2422 2198 (99)
2451 2127 2696 2194 ἀταξίας,
2724 2127 2816 2179 καὶ
2838 2127 2934 2178 σὺν
2956 2127 3089 2195 ἡμῖν
3115 2124 3191 2195 (1)
3223 2122 3621 2190 κατηγωνέσςιτο
3645 2124 3718 2183 τὰς

2188 2220 2601 2292 ὲπεισαχθείσας
2642 2218 2887 2288 αἱρέσεις
2916 2220 2982 2286 τῇ
3015 2214 3280 2286 ὀρθοδόξῳ
3303 2215 3488 2266 πίστει
3519 2214 3613 2282 (‘2),
3650 2216 3720 2266 καὶ

2186 2316 2253 2384 τῇ
2279 2313 2607 2381 εὐαγγελικῇ
2639 2311 2732 2362 καὶ
2761 2308 3092 2377 ἁποστολικῇ
3121 2306 3469 2376 διδασκαλία,
3495 2307 3554 2374 ἣν
3574 2307 3720 2365 παῖδες

2191 2405 2340 2476 παρᾶ
2373 2402 2622 2470 πατέριον
2654 2401 2739 2454 ἀεὶ
2768 2400 3046 2470 δεχόμενοι
3079 2397 3178 2466 (5),
3214 2398 3409 2468 μέχρις
3445 2397 3589 2467 ἡμῶν
3620 2399 3719 2449 ταύ-

2188 2516 2289 2568 την
2323 2493 2707 2566 παρέπεμψαν.

2261 2586 2446 2639 Ταῦτα
2473 2585 2530 2637 δὲ
2567 2585 2664 2652 οὐχ
2697 2583 2879 2644 ἁπλῶς
2924 2597 3133 2649 φαμεν,
3162 2580 3296 2633 ἀλλὰ
3328 2580 3422 2631 τὸν
3455 2578 3525 2647 (4)
3565 2577 3721 2628 σκοπὸν

2190 2679 2289 2746 τῆς
2317 2677 2414 2748 σῆς
2451 2676 2729 2746 ὁσιότητος
2771 2672 3155 2744 μεμαθηκότες
3211 2673 3276 2723 ὲκ
3330 2669 3446 2722 τῶν
3490 2668 3614 2738 πρὸς
3652 2666 3723 2717 τὸν

2192 2768 2605 2836 θεοφιλέστατον
2668 2765 2762 2818 καὶ
2832 2764 3134 2831 ἁγιώτατον
3201 2759 3490 2814 ’ἰουλιανὸν
3530 2760 3609 2812 τὸν
3648 2757 3723 2817 ﬁt;

2193 2859 2455 2930 Σερδικῆς
2490 2858 2567 2928 (5)
2603 2858 2922 2919 ἐπίσκοπον,
2974 2854 3126 2923 παρὰ
3175 2853 3274 2922 τῆς
3308 2855 3408 2920 σῆς
3461 2849 3728 2908 Θεοσεὸείας

2196 2950 2499 3004 σταλέντων
2528 2949 2603 3020 (6)
2644 2948 3005 3018 γραμμάτων.
3055 2945 3273 3014 Ἐδήλου
3322 2944 3437 3014 γὰρ
3473 2943 3538 2996 τὰ
3581 2941 3724 3011 γράμ-

517 3034 660 3103 ﬁdei,
692 3047 854 3102 quam
886 3027 1024 3082 beati
1053 3025 1240 3079 Patres
1270 3022 1470 3077 Nicwni
1501 3031 1873 3092 exposuerunt,
1907 3023 2089 3092 defen-

2196 3059 2364 3113 ματα,
2395 3041 2470 3104 ὡς
2496 3011 2625 3112 χρη,
2654 3011 3177 3110 τον-προειρημένον
3205 3011 3619 3090 θεοσεϐέστατον
3642 3033 3728 3085 ini-

516 3127 717 3178 sionem
747 3120 860 3174 ulla
905 3119 1114 3171 ratione
1139 3116 1410 3182 detrectet,
1440 3129 1566 3168 neve
1596 3116 1886 3184 permittat,
1923 3122 1979 3166 ut
2005 3115 2090 3168 in-

520 3216 702 3286 fractis
735 3213 842 3267 illis
872 3211 1038 3264 verbis
1070 3209 1401 3278 reprehensio
1432 3205 1511 3261 vel
1557 3206 1697 3261 labes
1737 3208 1921 3278 aliqua
1954 3209 2091 3262 irrc-

520 3317 634 3379 pat,
665 3315 722 3359 ut
747 3321 864 3376 qua!
887 3303 1024 3363 sola,
1044 3311 1090 3354 et
1122 3300 1190 3353 ad
1219 3301 1493 3353 veritatem
1523 3300 1920 3357 ostendendam.
1947 3308 1996 3352 et
2024 3299 2095 3352 ad

522 3406 534 3420 ‘
563 3399 850 3469 falsitatem
876 3394 1264 3455 revincendam,
1282 3392 1386 3445 sint
1411 3395 1564 3446 satis.

589 3682 656 3736 Et
683 3680 798 3734 haec
818 3677 1043 3748 quidem
1067 3676 1329 3731 sanctitas
1353 3683 1444 3726 tua
1469 3683 1636 3738 recte,
1662 3685 1718 3730 et
1742 3677 1849 3746 pie,
1877 3688 1933 3733 et
1948 3679 2095 3748 juste

520 3768 827 3831 admonuit,
858 3776 1025 3837 atque
1059 3767 1127 3831 is,
1168 3764 1264 3836 qui
1293 3761 1506 3830 accepit
1531 3763 1763 3829 litteras,
1786 3767 2093 3822 litterarum

521 3861 812 3915 consilium
841 3867 1066 3912 secutus
1087 3867 1189 3911 est.

589 3948 862 4004 Caeterum
902 3947 1059 4001 multi
1095 3949 1191 4016 qui
1229 3948 1295 4002 ad
1333 3951 1600 4020 synodum
1631 3958 1919 4012 venerunt,
1945 3953 2096 4021 juxta

521 4042 870 4110 Prophetam,
892 4059 909 4090 ι
927 4039 1361 4103 declinaverunt,
1375 4042 1702 4110 inutilesque
1715 4041 1839 4096 facti
1855 4043 2058 4095 sunt".
2074 4062 2089 4091 ι

522 4133 655 4185 Fide
689 4145 925 4199 namque
964 4131 1175 4194 relicta,
1220 4147 1382 4200 quam
1413 4148 1442 4185 a
1480 4133 1683 4186 sanctis
1715 4124 1971 4186 Patribus
2004 4148 2096 4186 ac-

519 4229 802 4292 ceperant,
851 4220 1142 4276 duodecim
1183 4221 1371 4293 Cyrilli
1415 4223 1772 4277 Alexandrini
1825 4224 2098 4292 capitibus

2194 3149 2393 3187 σκοπον
2453 3132 2988 3200 συναγωνίσασθαι
3044 3128 3118 3196 τῇ
3187 3129 3504 3197 ἐκτεθείσῃ
3567 3128 3727 3178 πίστει

2193 3225 2311 3280 ἀπὸ
2358 3225 2433 3295 (7)
2462 3223 2581 3278 τῶν
2625 3223 2938 3293 μακαρίων
2973 3219 3252 3287 Πατέρων
3287 3218 3408 3272 τῶν
3454 3219 3522 3272 ἐν
3552 3215 3727 3280 Nimia

2194 3315 2754 3384 συναθροισθέντων·
2790 3315 2892 3383 (8),
2931 3313 3028 3366 καὶ
3071 3311 3157 3380 μὴ
3201 3309 3588 3380 συγχωρῆσαι
3633 3304 3728 3376 1a?»-

2191 3425 2309 3476 μον
2374 3408 2628 3472 ἐκείνοις
2688 3405 2814 3471 τοῖς
2877 3402 3160 3473 ἀηραγέσι
3219 3402 3294 3472 (9)
3346 3402 3610 3470 ῥήμασιν
3652 3400 3735 3450 ἐπα

2195 3497 2568 3566 εισαχθῆναι,
2585 3497 2837 3566 ἀρκοῦσι
2873 3495 2968 3548 καὶ
2999 3495 3112 3562 τὴν
3135 3494 3429 3560 ἀλήθειαν
3451 3493 3629 3556 δεῖξαι,
3651 3491 3730 3541 καὶ

2196 3591 2263 3644 τὸ
2296 3590 2526 3666 ψεῦδος
2563 3589 2828 3657 ἐλέγξαι.

2267 3678 2452 3732 Ταῦτα
2506 3680 2540 3749 ή
2599 3678 2698 3746 μὲν
2726 3677 2942 3746 ὁσιότης
2975 3679 3008 3744 ἡ
3049 3675 3114 3744 σὴ
3160 3674 3356 3744 ὀρθῶς,
3391 3675 3487 3727 καὶ
3528 3669 3731 3728 δικαίως,

2199 3772 2293 3824 καὶ
2319 3769 2557 3832 εὐσεϐῶς
2587 3770 2936 3838 εἰσηγήσατο,
2984 3767 3080 3818 καὶ⁵
3108 3768 3136 3818 ὁ
3179 3765 3478 3835 δεξάμενος
3502 3764 3567 3816 τὰ
3591 3761 3742 3830 γράμ-

2203 3879 2348 3932 ματα
2375 3864 2439 3931 τῇ
2467 3860 2575 3912 τῶν
2615 3859 2956 3930 γραμμάτων
2987 3856 3317 3926 ἠκολούθησε
3345 3855 3640 3926 συμϐουλῇ.

2277 3951 2468 4003 Πολλοὶ
2519 3949 2576 4002 δὲ
2624 3949 2731 4001 τῶν
2777 3949 2857 4011 εἰς
2903 3949 3001 4018 τὴν
3048 3946 3263 3999 σύνοδον
3314 3941 3742 4016 παραγενομένων

2207 4062 2224 4092 ι
2263 4041 2567 4106 ἐξέκλιναν,
2601 4038 2743 4092 κατὰ
2762 4039 2853 4092 τὸν
2884 4041 3196 4109 Προφήτην,
3222 4039 3313 4090 καὶ
3339 4037 3739 4108 ἡχρειὼοησανη

2199 4133 2266 4202 ἢν
2316 4133 2413 4202 μὲν
2479 4131 2631 4202 παρὰ
2685 4131 2792 4182 τῶν
2832 4130 3002 4197 ἁγίων
3039 4130 3296 4197 ιιατέρων
3330 4128 3639 4199 παρέλαϐον
3676 4125 3745 4176 πί-

2204 4217 2320 4276 στιν
2348 4223 2762 4286 καταλιπόντες,
2794 4225 2907 4284 τοῖς
2945 4222 3001 4274 δὲ
3049 4221 3318 4291 Κυρξλλου
3348 4222 3449 4290 τῆς
3483 4221 3592 4290 (l0)
3633 4217 3749 4270 Ἀλε-

521 4314 1000 4384 subscripserunt,
1060 4329 1182 4381 qua:
1239 4314 1559 4383 Apollinarii
1616 4331 1780 4383 prava
1837 4315 2089 4384 Opinione

2203 4315 2486 4386 ξανδρείας
2524 4314 2732 4367 δώδεκα
2793 4313 3110 4382 κεφαλαίοις
3161 4313 3693 4384 καθυπογράψαντες,
3725 4307 3750 4358 3t

520 4407 682 4476 plena
703 4415 852 4468 sunt,
877 4413 1078 4458 etcum
1100 4405 1215 4458 Arii
1237 4414 1292 4458 et
1312 4405 1565 4459 Eunomii
1594 4405 1874 4474 impietate
1898 4423 2095 4463 conve-

521 4497 701 4557 niunt,
731 4509 1032 4563 omnesque
1073 4495 1166 4563 qui
1196 4495 1544 4549 manifestam
1585 4496 1729 4549 illam
1761 4497 2096 4566 impietatem

522 4603 632 4640 non
674 4585 1007 4654 suscipiunt,
1049 4586 1381 4639 anathemati
1423 4587 1740 4657 subjiciunt.
1787 4587 1926 4641 liuic
1971 4590 2096 4642 ﬁdei

521 4675 664 4744 pesti
703 4684 928 4729 strenue
958 4674 1286 4739 restitimus,
1334 4682 1442 4728 tam
1483 4691 1604 4739 nos,
1634 4676 1726 4745 qui
1757 4692 1823 4730 ex
1851 4677 2093 4741 Oriente,

521 4783 686 4838 quam
720 4767 811 4822 alii
836 4783 1076 4837 quoque,
1108 4768 1201 4837 qui
1237 4783 1303 4822 ex
1331 4767 1565 4823 diversis
1597 4768 1932 4824 dimcesibus
1962 4785 2094 4824 con—

591 4901 636 4934 ⁸⁷
665 4903 786 4958 Psal
833 4919 945 4964 xui,
973 4903 1030 4958 5.

616 5012 708 5084 96)
737 5013 899 5084 Forte
932 5033 944 5067 :
981 5014 1246 5084 religionis
1276 5029 1321 5066 s.
1356 5012 1622 5084 religiosa.

616 5081 704 5154 97)
763 5083 853 5138 Sic
911 5081 1228 5138 inscribitur
1286 5083 1514 5150 epistola
1570 5081 1624 5134 in
1685 5081 2094 5154 actisgconcilii

518 5151 877 5210 Orientalium
934 5155 1194 5223 Ephesiui
1258 5169 1400 5221 smpe
1456 5151 1892 5205 commemoratis
1951 5154 2094 5221 apud

522 5223 695 5278 Mans.
732 5233 770 5278 t.
801 5224 887 5287 IV,
925 5241 977 5293 p.
1012 5225 1142 5279 Mli
1179 5239 1293 5293 seq.

595 5241 695 5278 ms.
732 5241 770 5278 ι.
801 5241 887 5287 ιγ,
966 5241 1059 5278 .14-

595 5294 704 5359 (98)
745 5294 848 5346 ὑπό
888 5241 1059 5348 Dignus.

740 5364 1099 5446 τολμηθεξσας
1131 5363 1199 5417 Μ.
1233 5365 1289 5418 in
1319 5362 1586 5433 margine.

595 5433 671 5498 (ι)
699 5433 762 5485 ἄν
796 5433 947 5488 addit
977 5433 1046 5486 Μ.

589 5502 666 5565 (‘2)
694 5502 869 5554 πίστει
897 5503 1176 5556 exciderat
1205 5518 1234 5555 a
1269 5501 1436 5556 ϐοτη.

706 5569 1070 5647 ξιαδεχόμενοι
1100 5572 1184 5647 Μ.-
1206 5573 1259 5647 in
1288 5573 1555 5647 margine,
1587 5569 1732 5647 quod
1766 5581 1849 5624 est
1879 5572 2096 5647 melius.

622 5637 675 5694 ό)
710 5637 1140 5692 ἄλλονιιάἀὶιυιη
1171 5637 1618 5694 habebat'textus
1646 5640 1814 5694 Mans.
1846 5650 1900 5694 et
1931 5641 2096 5694 Garn.

622 5640 675 5694 ό)
710 5640 864 5689 ἄλλον
893 5640 1140 5692 additum
1171 5640 1618 5694 habebat’textus
1646 5640 1814 5694 Mans.
1846 5650 1900 5694 et
1931 5641 2096 5694 Garn.

598 5640 674 5776 (5)
707 5705 858 5771 Σερδ.
902 5721 946 5759 s.
981 5707 1139 5776 Σαρδ.
1176 5708 1318 5759 haud
1359 5710 1522 5762 dubie
1555 5710 1965 5764 rescribendum
2000 5711 2100 5764 fuit

2203 4412 2314 4470 τοῖς
2374 4409 2752 4478 Ἀπολιναρξου
2798 4407 2962 4475 γέμει
3011 4405 3346 4470 κακοδοξὲαςο
3395 4406 3679 4474 συμϐαίνει
3708 4401 3750 4451 δὲ

2206 4501 2296 4552 καὶ
2323 4502 2387 4568 τῇ
2445 4498 2653 4568 Ἀρείου
2685 4497 2777 4549 καὶ
2816 4496 3084 4564 Εὑνομξου
3119 4495 3427 4564 δυσσεϐείᾳ,
3468 4495 3564 4546 καὶ
3591 4489 3752 4545 ἀναθε-

2209 4591 2423 4660 ματίζει
2456 4591 2630 4642 πάντα
2666 4590 2755 4640 τὸν
2785 4588 2858 4658 μὴ
2893 4587 3176 4657 δεχόμενον
3208 4588 3306 4656 τὴν
3337 4588 3561 4657 γυμνὴν
3584 4584 3756 4649 ταύτην

2204 4683 2481 4734 ἀσέϐειαν.
2549 4682 2732 4751 Ταύτῃ
2773 4683 2838 4747 τῇ
2893 4679 3036 4748 λύμῃ
3067 4679 3176 4747 (11)
3211 4678 3313 4746 τῆς
3375 4678 3614 4740 πίστεως
3663 4675 3760 4723 λίαν

2201 4776 2558 4843 ἀπέστημεν,
2599 4774 2726 4825 οἵτε
2760 4772 2866 4825 ἀπδ
2891 4773 2988 4841 τῆς
3020 4771 3159 4840 ἑῴας
3203 4770 3649 4844 συνεληλυθότες,
3681 4766 3757 4816 καὶ

2189 5035 2288 5095 ντί)
2316 5022 2536 5092 vulgato
2572 5025 2862 5095 Ἑριὸικῆς.
2891 5026 3139 5080 Julianus
3166 5024 3388 5095 quidem
3435 5019 3767 5095 Sardicensis

2193 5090 2485 5174 episcopus
2514 5090 2657 5164 saepe
2699 5090 2973 5174 reperitur
3017 5090 3524 5174 inter—grientales
3561 5092 3770 5174 epist-9f

2196 5175 2315 5233 pos,
2360 5159 2455 5233 qui
2497 5179 2528 5217 a
2575 5159 2808 5219 concilio
2856 5164 3132 5233 Ephesino
3184 5159 3699 5224 dissenserunt,'ut
3727 5159 3772 5210 in

2199 5229 2454 5304 Synodici
2485 5249 2535 5287 c.
2572 5234 2657 5299 15,
2680 5233 2771 5295 28,
2798 5229 2920 5297 19οξ
2947 5235 3075 5290 alibi
3108 5250 3347 5304 quoque.

2277 5301 2353 5436 (6)
2387 5303 2704 5374 γραφέντων
2734 5304 2803 5358 Μ.
2837 5304 2891 5358 in
2925 5321 3095 5375 marg.

2301 5372 2353 5436 7)
2387 5374 2496 5425 ὑπό
2525 5374 2594 5426 Μ.

2301 5372 2353 5440 7)
2387 5372 2496 5425 ωτι
2525 5374 2594 5426 Μ.

2281 5443 2355 5510 (8)
2395 5442 2754 5498 συνελθόντων
2784 5444 2854 5498 Μ.
2889 5445 2943 5498 ἰη
2981 5459 3150 5512 marg.

2282 5512 2617 5585 (9)_3p¢xe:r_st
2653 5514 2720 5567 M.
2757 5515 2811 5568 in
2836 5531 3006 5585 marg.

2279 5581 2366 5647 (l0
2420 5581 2512 5635 τοῦ
2542 5583 2610 5635 Μ.

2279 5582 2386 5721 (ll)
2420 5653 2592 5721 τόλμῃ

2277 5651 2386 5721 (11)
2420 5653 2592 5724 τόλμῃ
2618 5653 2688 5708 Μ.
2721 5653 2774 5706 in
2815 5653 2983 5723 Marg.
