3962 6204
322 290 454 357 1477

1613 285 1978 346 EPISTOLA
2016 281 2234 342 CLXX.

3429 274 3563 340 1473

320 409 497 479 ἐτεροι
525 406 574 459 oi
613 407 676 458 ἐκ
700 403 969 475 διαφόρων
1008 401 1349 472 διοικήσεων,
1395 400 1538 451 ὥστε
1567 399 1667 468 τὴν
1700 399 1758 450 ἐν
1785 397 1885 450 Νι-

2008 400 2259 449 renerunt
2279 433 2293 457 ,
2318 399 2378 445 ut
2399 390 2535 445 ﬁdes
2554 405 2585 443 a
2610 388 2784 444 beatis
2821 388 3076 444 Patribus
3098 388 3292 445 Nicma:
3316 392 3564 460 exposita

322 502 454 571 καίᾳ
500 497 814 553 ἐκτεθεῖσαν
851 495 957 549 ὑπὸ
997 494 1107 547 τῶν
1142 491 1428 565 μακαρίων
1462 490 1722 562 Πατέρων
1748 504 1888 560 κρα-

318 590 577 660 τυνθῆναι
607 588 812 643 πίστιν.
851 586 1017 641 Οὐδὲν
1042 583 1152 655 γὰρ
1189 582 1327 655 αὐτῇ
1362 581 1621 647 ἐλλείπει,
1652 581 1726 642 ὡς
1749 576 1890 632 οἶδεν

318 685 351 751 ἡ
390 680 458 752 σή
495 682 739 751 ἀγιότης,
792 677 872 741 είς
911 693 970 729 τε
999 674 1349 730 διδασκαλίαν
1379 672 1489 727 τῶν
1519 671 1892 741 εύαγγελικῶν

319 772 626 842 δογμάτων,
657 770 755 824 καὶ
784 770 865 832 είς
894 767 1116 837 ἔλεγχον
1150 767 1330 837 πάσης
1363 764 1648 836 αἱρέσεως.

321 879 324 882 ’
403 866 574 936 ’Υπὲρ
596 862 801 929 ταύτης
830 860 1222 929 ἀγωνιζόμενοι
1265 858 1637 929 διατελοῦμεν,
1675 858 1892 912 πάντων

321 957 459 1027 ὁμοῦ
492 956 600 1009 τῶν
622 955 762 1009 κατά
789 955 880 1007 τὸν
910 953 1023 1024 βίον
1062 952 1531 1022 καταφρονοῦντες
1550 949 1801 1022 τερπνῶν
1832 966 1892 1003 τε

326 1050 420 1102 καὶ
463 1046 742 1116 λυπηρῶν,
802 1046 941 1100 ὥστε
998 1045 1275 1112 ἀνέπαφον
1325 1041 1752 1112 διαφυλαχθῆναι
1804 1039 1894 1093 τὸν

328 1135 579 1207 πατρῷον
605 1136 793 1189 τοῦτον
815 1136 1036 1207 κλῆρον.
1065 1134 1267 1188 Τούτου
1300 1134 1459 1205 χάριν
1483 1132 1581 1187 καὶ
1608 1129 1893 1203 Κύριλλον,

327 1227 422 1279 καὶ
461 1226 721 1296 Μέμνονα
775 1225 889 1295 (τὸν
946 1225 1045 1295 μὲν
1082 1224 1159 1288 ὡς
1196 1222 1578 1296 αίρεσιάρχην,
1602 1222 1694 1275 τὸν
1730 1220 1788 1274 δὲ
1819 1220 1897 1284 ὠς

331 1316 591 1399 συνεργὸν
623 1316 1011 1386 γεγενημένον,
1058 1314 1153 1368 καὶ
1201 1316 1260 1367 ἐν
1303 1313 1508 1368 ἅπασιν
1559 1311 1707 1382 αὐτῷ
1759 1329 1896 1382 συμ-

333 1408 670 1478 μαχήσαντα,
719 1404 859 1459 ὥστε
895 1405 1257 1476 βεϐαιωθῆναι
1291 1406 1385 1459 καὶ
1414 1403 1777 1476 στηριχθῆναι
1827 1403 1894 1457 τά

328 1498 425 1551 ἐπὶ⁸
459 1496 726 1569 διαφθορᾷ
758 1497 870 1570 (η)
921 1497 1032 1551 τῶν
1076 1496 1755 1568 Ἐκκλησιῶνςέκτεθέντα
1803 1513 1897 1549 κε-

330 1589 555 1659 φάλαια)
579 1632 592 1652 ,
636 1589 957 1660 καθαιρέσει
987 1588 1458 1659 ὑποδεϐλήκαμεν·
1490 1590 1585 1642 καὶ
1610 1590 1736 1653 τοὺς
1762 1590 1897 1641 ὑπο-

1993 484 2433 539 contirmaretur.
2452 481 2599 536 Nihil
2626 480 2794 545 enim,
2824 490 2886 534 ut
2913 479 3175 535 sanctitas
3196 486 3285 534 tua
3307 481 3480 542 novit,
3510 482 3565 535 in

1994 574 2084 629 illa
2111 572 2475 635 desideratur.
2527 570 2677 641 quod
2716 570 2785 625 ad
2824 568 3257 624 confirmandam
3285 571 3565 641 evangeli-

1992 681 2184 722 corum
2209 665 2524 744 dogmatum
2549 663 2878 729 doctrinam,
2896 670 2954 719 et
2971 661 3041 717 ad
3060 661 3312 731 quamvis
3332 662 3567 718 haeresin

1992 755 2383 812 confutandam
2407 753 2590 810 faciat.

2067 844 2281 917 135,9
2301 845 2531 914 Propter
2564 844 2706 898 hanc
2731 843 2987 898 omnibus
3018 843 3157 898 laetis
3184 844 3564 913 tristibusque,

1990 952 2115 1008 quae
2169 937 2422 991 humana:
2453 937 2581 991 vitae
2629 935 2883 991 accidere
2916 945 3170 1005 possunt,
3212 936 3373 991 simul
3410 945 3564 1006 post-

1994 1027 2216 1099 habitis,
2238 1028 2440 1099 jugiter
2468 1026 2524 1081 in
2555 1026 2675 1081 acie
2703 1042 3009 1091 versamur,
3034 1035 3095 1081 ut
3124 1027 3266 1081 hanc
3300 1036 3504 1081 sortem
3534 1043 3566 1080 a

1994 1118 2252 1173 Patribus
2302 1119 2556 1173 traditam
2620 1118 3106 1172 incontaminatam
3155 1133 3564 1174 conservemus.

1995 1209 2107 1265 Hac
2131 1210 2296 1265 etiam
2337 1210 2404 1265 de
2437 1226 2600 1265 causa
2636 1209 2900 1281 Cyrillum
2930 1220 2987 1264 et
3020 1210 3362 1264 Memnonem
3394 1210 3565 1279 depo-

1996 1302 2241 1366 suimus;
2302 1301 2457 1355 illum
2523 1300 2749 1371 quidem
2812 1312 3069 1370 tanquam
3123 1302 3564 1363 bmresiarcham,

1997 1390 2146 1445 hunc
2171 1405 2301 1444 vero
2330 1397 2586 1459 tanquam
2618 1390 2767 1443 illius
2796 1389 3069 1443 fautorem
3098 1398 3154 1443 et
3177 1390 3485 1461 adjutorem
3512 1391 3568 1444 in

1996 1481 2275 1545 omnibus,
2335 1479 2403 1533 ad
2450 1479 2822 1534 conﬁrmanda
2874 1494 2939 1533 ac
2995 1478 3320 1534 stabilienda
3367 1481 3566 1550 capita,

1997 1587 2120 1641 qua:
2141 1571 2388 1641 exposita
2414 1578 2545 1624 sunt
2566 1571 2620 1624 in
2642 1570 3014 1624 Ecclesiarum
3033 1571 3332 1639 perniciem
3356 1590 3368 1635 ;
3403 1582 3566 1627 cmico

327 1676 536 1746 γράψαι
566 1677 659 1729 καὶ
697 1676 986 1729 συνθέσθαι
1033 1678 1145 1739 τοῖς
1176 1677 1441 1740 ἐναντίοις
1476 1677 1575 1747 τῆς
1611 1676 1897 1739 εὐσεϐείας

2008 1678 2093 1719 ros
2121 1679 2273 1726 vero,
2309 1662 2789 1733 quidogmatibus
2830 1662 2937 1717 illis
2979 1663 3171 1731 pietati
3207 1663 3571 1720 dissentancis

327 1856 432 1918 ἕως
478 1855 544 1910 ἂν
570 1857 749 1908 ἐκεῖνα
790 1855 890 1925 μὲν
919 1855 1408 1924 ἀναθεματίσωσιν,
1460 1854 1540 1917 είς
1576 1853 1633 1905 δέ
1682 1853 1780 1923 τὴν
1810 1853 1899 1905 πί-

331 1965 448 2001 στιν
482 1948 590 2000 τῶν
627 1950 684 2001 ἐν
714 1948 918 2017 Νικαίᾳ
947 1946 1307 2001 συνελθόντων
1332 1945 1719 1999 ἐπανέλθωσιν.

411 2121 554 2174 Ἀλλ’
593 2122 748 2176 οὐδὲν
780 2123 978 2186 αὐτοὺς
1006 2122 1214 2193 ὥνησεν
1238 2125 1296 2194 ’ἠ
1340 2122 1582 2193 ἡμετέρα
1631 2121 1903 2193 μακροθυ-

334 2212 452 2283 μία.
493 2213 671 2283 Μέχρι
704 2213 812 2283 γὰρ
840 2214 940 2282 τῆς
989 2215 1230 2285 σήμερον
1259 2214 1472 2285 ἡμέρας
1497 2214 1606 2266 τῶν
1639 2213 1901 2285 διεφθαρ-

335 2306 509 2375 μένων
534 2304 757 2358 ἐκείνων
789 2305 1197 2376 ὑπερμάχονται
1215 2306 1521 2374 δογμάτων·
1549 2305 1901 2378 περιέπειραν

328 2393 385 2448 δὲ
420 2396 647 2457 ἑαυτοὺς
678 2396 771 2448 καὶ
800 2395 878 2466 τῷ
909 2397 1003 2449 τοῦ
1026 2396 1254 2457 κανόνος
1278 2396 1411 2466 ὅρῳ.
1442 2395 1540 2459 ’ος
1594 2396 1782 2467 σαφῶς
1815 2397 1897 2449 δι-

330 2486 603 2557 αγορεύει·
627 2486 701 2539 El
719 2502 810 2550 τις
843 2487 1213 2553 καθαιρεθεὶς
1239 2487 1578 2550 ἐπίσκοπος
1604 2487 1725 2541 ὑπὸ
1757 2503 1903 2540 συν-

329 2577 493 2639 όδου,
529 2578 568 2645 ἢ
608 2578 1009 2645 πρεσϐύτερος
1047 2578 1083 2645 ἢ
1123 2576 1403 2642 διάκονος
1436 2577 1556 2630 ὑπὸ
1603 2577 1710 2630 τοῦ
1745 2576 1902 2631 ὶδίου

329 2667 686 2730 ἐπισκόπου,
738 2668 929 2733 ἐαυτῷ
957 2667 1287 2736 ἐπιτρέψειε
1337 2666 1452 2735 τὴν
1497 2667 1897 2736 λειτουργίαν,

330 2758 429 2811 καί
460 2756 547 2827 μὴ
598 2759 933 2829 ἀναμείνειε
965 2757 1234 2812 συνόδου
1274 2757 1498 2825 κρίσιν,
1542 2756 1755 2824 μηκέτι
1788 2755 1903 2825 χώ-

324 2867 446 2922 ραν
510 2852 699 2907 αὑτὸν
750 2852 921 2922 ἔχειν
974 2852 1325 2920 ἀπολογίας,
1363 2849 1519 2920 μηδὲ
1570 2850 1665 2919 ἐφ’
1700 2850 1906 2917 ἑτέρας

332 2940 602 2999 συνόδου
626 2958 641 2972 ·
682 2941 840 2996 ἀλλὰ
878 2940 975 2994 καὶ
1034 2940 1177 3007 τοὺς
1222 2939 1662 3006 κοινωνοῦντας
1705 2938 1867 2999 αὐτῷ
1886 2976 1903 3001 ,

331 3028 641 3096 παντελῶς
658 3028 1004 3095 ἐξωθεῖσθαι
1027 3028 1140 3098 τῆς
1191 3028 1573 3096 Ἐκκλησίας.

403 3120 590 3191 Τούτῳ
610 3119 689 3191 τῷ
715 3123 827 3191 ὅρῳ
854 3117 1345 3190 περιπεπτὼκασιν
1368 3119 1423 3173 οῖ
1452 3136 1512 3172 τε
1543 3116 1902 3189 καθαιρεθέν-

332 3230 446 3278 τες,
472 3213 527 3265 οἴ
549 3228 610 3264 τε
631 3209 986 3282 άκοινώνητοι
1018 3209 1396 3280 γεγενημένοι.
1427 3210 1602 3272 Εὐθὺς
1626 3209 1736 3278 γὰρ
1763 3208 1905 3279 μετὰ

332 3305 393 3358 τὸ
416 3302 621 3373 γνῶναι
648 3302 747 3373 τὴν
782 3303 1084 3375 γενομένην
1117 3302 1437 3373 καθαίρεσιν
1480 3302 1574 3355 καὶ
1601 3303 1904 3372 ἀκοινωνη-

337 3397 479 3459 σίαν,
505 3397 599 3449 καὶ
629 3393 1175 3465 συνελειτούργησαν,
1208 3394 1305 3446 καὶ
1325 3393 1630 3446 διατελοῦσι
1664 3392 1904 3463 λειτουρ-

333 3486 576 3554 γοῦντες,
602 3485 679 3548 ὡς
697 3482 1053 3546 ἀπιστοῦντες
1076 3482 1317 3552 δηλονότι
1346 3482 1423 3552 τῷ
1455 3482 1713 3535 εἰπόντι-ι
1749 3483 1813 3535 Ὃ
1838 3481 1903 3551 δὴ

333 3576 401 3632 ἂν
444 3578 647 3648 δήσητε
682 3576 778 3628 ἐπὶ
814 3575 911 3644 τῆς
957 3574 1083 3645 γῆς,
1106 3574 1258 3627 ἔσται
1286 3574 1569 3644 δεδεμένον
1596 3575 1652 3625 ἐν
1677 3575 1789 3636 τοῖς
1816 3573 1905 3625 ού·-

336 3667 535 3736 ρανοῖς.
565 3683 583 3716 ι

402 3839 589 3895 Ταῦτα
621 3839 1056 3910 ἐϐουλευσάμεθα
1093 3839 1192 3910 μὲν
1216 3838 1378 3903 εὐθὺς
1415 3843 1481 3911 τῇ
1515 3843 1582 3911 σῇ
1625 3839 1902 3914 ἁγιωσύνῃ

333 3931 620 4004 γνωρίσαι,
656 3930 1129 4001 προσδοκήσαντες
1175 3930 1234 3985 δὲ
1268 3930 1488 3984 ἔσεσθαί
1529 3949 1651 3985 τινα
1682 3932 1787 3986 τῶν
1814 3932 1906 3986 λυ-

336 4023 529 4096 πηρῶν
566 4022 867 4094 μεταϐολὴν
898 4023 1063 4095 μέχρι
1089 4023 1184 4078 τοῦ
1215 4025 1480 4095 παρόντος
1515 4024 1902 4096 ἀνεμείναμεν.

347 4115 485 4168 Ἀλλ’
529 4113 873 4185 ἐψεύσθημεν
912 4116 1013 4185 τῆς
1062 4115 1298 4179 ἐλπίδος,
1332 4115 1591 4185 Ἔμειναν
1644 4116 1752 4186 γὰρ
1797 4119 1897 4189 τῆς

333 4203 627 4269 δυσσεϐοῦς
654 4205 858 4274 ταύτης
886 4204 1147 4275 αἱρέσεως
1180 4205 1647 4278 ὑπερμαχοῦντες,
1682 4206 1774 4260 καὶ
1803 4225 1906 4279 μη-

334 4294 392 4347 δὲ
418 4294 511 4348 τοῦ
539 4293 932 4349 εὐσεϐεστάτου
974 4293 1239 4365 βασιλέως
1267 4282 1365 4362 τὰς
1386 4299 1694 4369 συμϐουλὰς
1725 4300 1905 4352 αἰδού-

339 4401 510 4455 μενοι.
557 4383 826 4447 Πεντάκις
858 4383 968 4452 γὰρ
1000 4385 1101 4455 ήδη
1131 4387 1227 4439 καὶ
1256 4391 1443 4452 αὐτοῖς
1484 4390 1578 4442 καὶ
1611 4391 1742 4460 ἡμῖν
1781 4407 1906 4443 συν-

335 4473 670 4557 τετυχηκὼς,
730 4473 1063 4542 προσέταξεν
1115 4477 1330 4539 αὐτοῖς,
1379 4479 1411 4548 ἢ
1462 4478 1538 4542 ὡς
1582 4481 1799 4534 ἐναντία
1836 4484 1903 4553 τῇ

337 4566 518 4619 πίστει
554 4567 837 4621 ἐκϐάλλειν
877 4566 946 4618 τὰ
977 4567 1242 4637 Κυρίλλου
1268 4570 1559 4635 κεφάλαια,
1588 4571 1618 4641 ἢ
1647 4570 1736 4623 τὸν
1768 4573 1906 4643 ὑπὲρ

333 4658 540 4710 τούτων
576 4656 933 4722 ἀναδέξασθαι
968 4657 1173 4727 ἀγῶνα,
1204 4661 1296 4712 καὶ
1323 4661 1490 4726 δεῖξαι
1511 4661 1586 4726 ὡς
1620 4663 1907 4733 συμϐαίνει

335 4753 403 4822 τῇ
436 4750 544 4803 τῶν
583 4750 866 4821 μακαρίων
893 4752 1152 4823 Πατέρων
1189 4751 1467 4822 ὁμολογίᾳ.
1510 4752 1772 4822 Ἐτοίμως
1798 4755 1907 4824 γάρ

336 4839 530 4911 ἔχομεν
561 4837 671 4911 (15)
704 4840 863 4910 ἡμεῖς
891 4841 1017 4903 τοὺς
1051 4840 1327 4908 ἐλέγχους,
1353 4839 1420 4892 δι’
1443 4834 1518 4893 ὧν
1547 4840 1907 4911 ἀπεδείξαμεν

340 4930 424 4993 ἃν,
475 4928 551 4992 ὡς
593 4928 851 5001 ἄντικρυς
893 4930 992 5000 μὲν
1039 4930 1271 5000 μάχεται
1297 4932 1411 4992 τοῖς
1457 4934 1556 5000 τῆς
1598 4930 1908 5001 ὀρθοδοξίας

341 5020 700 5083 διδασκάλοις,
745 5023 1086 5094 συμφέρεται
1118 5021 1175 5076 δὲ
1200 5021 1321 5075 λίαν
1355 5025 1421 5094 τῇ
1471 5023 1595 5075 τῶνκ
1618 5024 1907 5094 αἱρετικῶν

334 5105 675 5181 διδασκαλίᾳ.

406 5200 656 5259 Διδάσκει
686 5200 795 5271 γάρ
819 5202 907 5255 διά
936 5203 1141 5258 τούτων
1178 5206 1359 5259 αὐτῶν
1379 5208 1406 5259 ὁ
1428 5207 1498 5261 τὰ
1530 5209 1741 5280 πονηρά
1765 5209 1903 5263 ταῦ-

330 5308 402 5344 τα
430 5292 619 5355 κτίσας
664 5295 998 5363 γεννήματα,
1039 5297 1114 5360 ὡς
1152 5300 1187 5364 ή
1225 5298 1415 5370 θεότης
1462 5298 1555 5353 τοῦ
1588 5301 1906 5368 μονογενοῦς

345 5384 467 5439 Υἱοῦ
494 5384 629 5439 Θεοῦ
650 5383 840 5450 ἔπαθε,
868 5388 963 5439 καὶ
991 5387 1088 5457 οὐχ
1118 5391 1151 5459 ή
1181 5391 1534 5462 ἀνθρωπότης
1560 5392 1626 5462 ήν
1652 5392 1791 5463 ὑπὲρ
1809 5394 1906 5463 τῆς

399 5535 516 5569 '8'”
548 5538 734 5593 Matth.
776 5554 923 5607 xvtn,
962 5539 1048 5594 18.

413 5650 519 5721 (12)
548 5650 778 5725 διαφορᾷ
799 5652 869 5707 Μ.
903 5655 956 5707 in
988 5668 1155 5724 marg.

214 1822 219 1827 _
328 1743 560 1835 δόγμασι
597 1763 1018 1833 τετολμηκότας,
1070 1763 1464 1833 άκοινωνήτους
1497 1743 1893 1832 πεποιήκαμεν,

2008 1753 2348 1807 subscribere
2374 1753 2729 1823 ctastipulari
2748 1760 2877 1806 sunt
2898 1753 3039 1817 ausi,
3069 1755 3333 1823 tantisper
3349 1770 3570 1807 excume

2000 1843 2359 1898 municationi
2398 1844 2756 1914 subjecimus,
2804 1845 2935 1899 dum
2975 1859 3038 1898 ea
3071 1845 3570 1900 anathematizam-

2000 1934 2131 1999 rint,
2172 1934 2314 1989 etad
2338 1943 2653 1990 sanctorum
2681 1935 2900 1989 Patrum
2922 1935 3267 1991 Nicaenorum
3304 1936 3461 1993 fidem
3488 1954 3573 1995 rc-

2001 2025 2224 2081 dierint.

2073 2117 2275 2172 Verum
2327 2126 2515 2171 nostra
2568 2116 2766 2171 lenitas
2815 2113 2924 2171 illis
2974 2118 3112 2173 nihil
3166 2120 3392 2189 profuit.
3438 2122 3571 2177 Nam

2001 2226 2176 2280 usque
2205 2208 2370 2264 hodie
2421 2224 2523 2278 pro
2554 2210 2836 2279 perversis
2869 2210 2977 2265 illis
3003 2212 3350 2281 dogmatibus
3378 2214 3572 2269 decer-

2003 2308 2141 2361 tant,
2181 2307 2239 2354 et
2264 2300 2413 2355 ultro
2446 2300 2499 2353 in
2528 2301 2756 2355 canonis
2798 2301 3158 2365 sanctionem,
3189 2305 3389 2358 vulnus
3415 2320 3573 2359 acce-

2001 2390 2173 2460 pturi,
2210 2390 2577 2461 impegerunt.
2617 2391 2794 2446 llabet
2823 2392 2869 2446 is
2894 2392 3037 2448 hanc
3069 2396 3414 2464 perspicuam
3445 2412 3573 2451 sen-

2003 2481 2228 2535 tentiam
2265 2498 2279 2534 :
2314 2480 2374 2536 Si
2408 2483 2528 2552 quis
2573 2484 2840 2554 episwpus
2870 2502 2901 2538 a
2931 2486 3150 2556 synodo,
3183 2496 3279 2540 aut
3306 2488 3577 2559 presbyter

2001 2571 2083 2624 vel
2098 2572 2350 2625 diaconus
2392 2572 2456 2625 ab
2499 2575 2738 2644 episcopo
2772 2593 2868 2629 suo
2916 2576 3202 2646 depositus,
3249 2595 3354 2631 non
3392 2594 3574 2649 exspe-

2004 2668 2143 2714 ctato
2166 2662 2353 2732 synodi
2371 2662 2577 2731 judicio
2601 2703 2615 2726 ,
2659 2666 2827 2718 sacris
2857 2667 3160 2720 ministeriis
3198 2683 3254 2720 se
3282 2668 3574 2737 ingesserit,

2004 2753 2184 2807 nullus
2210 2770 2264 2807 se
2293 2756 2623 2825 expurgandi
2652 2756 2814 2822 locus,
2840 2773 2903 2811 ne
2923 2758 2978 2812 in
3004 2758 3113 2812 alia
3130 2759 3337 2830 quidem
3357 2760 3578 2832 synodo,

2005 2845 2124 2896 huic
2162 2844 2374 2897 relictus
2404 2849 2422 2866 ‘
2448 2853 2578 2899 esto.
2626 2844 2730 2901 Sed
2777 2848 2875 2901 etsi
2915 2849 3005 2919 qui
3045 2857 3190 2910 sunt,
3234 2851 3324 2920 qui
3361 2867 3480 2904 cum
3517 2868 3577 2904 eo

2005 2936 2504 2990 communicaverint
2527 2977 2542 3002 ,
2598 2938 2652 2992 Ιιί
2709 2940 2914 3008 penitus
2970 2939 3036 2994 ab
3091 2940 3329 2995 Ecclesia
3396 2942 3583 3011 expet-

2009 3022 2214 3080 lantur.

2079 3117 2138 3171 In
2160 3118 2302 3174 banc
2315 3118 2655 3174 sanctionem
2679 3119 2996 3176 inciderunt
3013 3128 3121 3175 tam
3137 3122 3218 3187 hi,
3234 3123 3330 3192 qui
3351 3137 3577 3179 excom-

2003 3208 2590 3278 municationis,quam
2612 3209 2709 3274 illi,
2731 3211 2825 3280 qui
2845 3210 3210 3280 depositionis
3250 3214 3578 3268 sententiam

2004 3296 2063 3349 in
2089 3313 2148 3351 se
2171 3305 2529 3368 exceperunt.
2559 3299 2694 3353 Nam
2727 3314 2854 3354 cum
2879 3301 3120 3370 primum
3151 3317 3210 3356 se
3236 3317 3265 3355 a
3293 3302 3455 3357 nobis
3480 3303 3578 3358 de-

2004 3388 2212 3455 positos
2240 3396 2406 3458 atque
2451 3389 2958 3445 excommunicatos
2990 3391 3354 3457 resciverunt,
3392 3394 3579 3448 statim

2005 3495 2114 3534 una
2139 3479 2313 3535 sacris
2340 3480 2553 3550 operati
2574 3489 2725 3544 sunt,
2764 3488 2821 3535 et
2855 3482 3038 3536 adhuc
3064 3496 3219 3537 sacra
3245 3482 3427 3539 facere
3456 3500 3582 3552 per-

2005 3577 2291 3636 severant;
2317 3578 2575 3641 tanquam
2599 3573 2649 3626 ei
2669 3572 2831 3627 fidem
2855 3588 2963 3626 non
2990 3572 3275 3635 habentes,
3292 3573 3386 3642 qui
3404 3573 3575 3629 dixit:

2014 3680 2032 3711 ‹
2060 3658 2441 3731 Quodcunque
2469 3661 2772 3732 ligaveritis
2799 3661 3013 3733 1350
3032 3678 3199 3733 super
3223 3674 3448 3729 terram,
3472 3664 3580 3719 erit

2004 3752 2230 3822 ligatum
2259 3761 2316 3806 et
2344 3752 2400 3808 in
2429 3753 2584 3809 caelis
2609 3752 2753 3808 “"9.
2787 3774 2806 3805 ›

2076 3844 2204 3900 Haec
2229 3845 2287 3899 in
2313 3845 2433 3915 ipso
2467 3861 2595 3900 mox
2623 3845 2852 3901 exordio
2886 3846 3160 3901 sanctitati
3197 3855 3302 3902 tuae
3332 3847 3579 3904 indicare

2005 3938 2397 4010 cogitavimus;
2421 3953 2612 3993 verum
2642 3937 2967 3993 mutationis
2998 3937 3253 4009 alicujus,
3276 3946 3331 3994 et
3358 3953 3389 3993 a
3419 3941 3579 3996 malis

2005 4030 2158 4086 hisce
2172 4030 2500 4087 emersionis
2519 4045 2614 4100 spe
2633 4029 2807 4094 ducti,
2830 4030 3097 4086 hactenus
3120 4032 3575 4101 exspectavimus.

2004 4122 2076 4179 At
2105 4139 2184 4179 .ea
2214 4138 2316 4178 nos
2353 4138 2479 4193 spes
2515 4122 2726 4178 fefellit.
2772 4123 2910 4178 Nam
2944 4140 3126 4194 neque
3167 4124 3390 4195 impiam
3436 4126 3579 4182 banc

2006 4215 2238 4272 haeresin
2256 4231 2603 4287 propugnare
2629 4215 2979 4281 destiterunt,
3003 4232 3184 4287 neque
3216 4218 3449 4287 piissimi
3478 4219 3579 4273 im-

2005 4306 2281 4376 peratoris
2311 4305 2538 4361 consilia
2569 4313 2910 4361 reverentur.
2945 4306 3165 4363 Etenim
3187 4307 3439 4375 quintum
3463 4308 3578 4378 jam

1937 4428 1981 4482 D
2010 4412 2115 4453 nos
2141 4405 2201 4451 et
2232 4398 2381 4467 ipsos
2414 4397 2632 4462 affatus,
2673 4397 2784 4452 illis
2811 4397 3032 4467 quidem
3071 4398 3372 4463 mandavit,
3405 4407 3467 4452 ut
3491 4401 3578 4455 vel

2009 4486 2185 4555 capita
2210 4486 2397 4557 Cyrilli
2422 4494 2680 4555 tanquam
2699 4502 2826 4541 cum
2851 4487 2956 4541 iide
2979 4488 3275 4558 pugnantia
3304 4489 3576 4559 rejiciant,

2005 4580 2091 4635 vel
2121 4588 2275 4635 certe
2296 4588 2551 4649 suscepto
2568 4580 2623 4634 in
2643 4596 2834 4634 eorum
2856 4579 3231 4636 defensionem
3255 4582 3581 4653 certamine,

2005 4679 2320 4724 sanctorum
2339 4669 2561 4723 Patrum
2584 4668 2914 4725 confessioni
2939 4677 3309 4725 consentanea
3337 4686 3455 4726 esse
3481 4688 3579 4741 pa-

2002 4760 2111 4813 lam
2137 4759 2356 4813 faciant.
2391 4759 2451 4813 In
2473 4768 2729 4830 promptu
2758 4761 2907 4814 enim
2937 4769 3257 4830 argumenta
3292 4761 3578 4824 habemus,

2006 4866 2107 4919 per
2154 4866 2278 4919 quae
2311 4850 2593 4906 ostensuri
2626 4865 2867 4916 eramus,
2903 4851 3051 4921 quod
3080 4852 3399 4908 orthodoxae
3452 4854 3580 4910 iidei

2005 4940 2332 4996 doctoribus
2386 4942 2678 4998 manifeste
2726 4943 3110 5009 adversantur,
3168 4943 3583 5016 plurimumque

2006 5033 2394 5089 hereticorum
2421 5034 2689 5091 doctrina:
2715 5036 3090 5093 consentiunt.

2073 5212 2370 5268 Enimvero
2409 5213 2574 5268 homo
2614 5229 2997 5283 perversorum
3035 5219 3345 5288 germinum
3391 5227 3587 5277 auctor

2011 5319 2111 5374 per
2155 5304 2272 5358 haec
2334 5304 2451 5374 ipsa
2497 5305 2691 5369 docet,
2736 5304 3079 5364 divinitatem
3140 5309 3407 5382 unigeniti
3456 5312 3580 5367 Filii

2013 5394 2109 5449 Dei
2153 5409 2367 5464 passam
2402 5409 2543 5459 esse,
2582 5410 2693 5450 non
2735 5406 2917 5453 autem
2950 5398 3368 5469 humanitatem,
3415 5418 3581 5474 quam

2083 5660 2192 5732 (15)
2224 5663 2441 5734 εἴχομεν
2470 5664 2538 5718 Μ.
2573 5666 2626 5719 in
2657 5667 2915 5739 margine.
