3962 6204
465 236 593 299 1479

1447 237 1928 298 TllEODORETI
1972 239 2303 298 EPISCOPI
2347 242 2705 303 CYRENSIS

3566 246 3691 309 ΝΞΟ

463 368 563 420 pro
596 351 771 406 salute
814 363 1000 407 nostra
1040 351 1301 419 suscepit,
1355 366 1479 404 cum
1515 352 1775 407 divinitas
1820 355 2014 408 inhabi-

2140 358 2413 429 ἡμετέρας
2444 360 2700 430 ἀνείληφε
2731 357 3020 426 σωτηρίας,
3058 357 3157 424 τῆς
3180 357 3489 427 ἐνοικούσης
3516 359 3691 427 δηλον.

458 453 579 497 tans
620 444 901 512 passiones
941 443 1223 511 corporis,
1258 442 1413 511 quasi
1457 444 1698 512 proprii,
1736 446 1838 499 sibi
1873 448 2027 501 attri-

457 533 662 597 huerit,
692 543 748 587 et
782 542 961 588 tamen
994 533 1046 585 in
1078 534 1297 601 propria
1330 543 1525 587 natura
1556 536 1691 589 nihil
1724 537 1840 605 ipsa
1873 548 2024 606 pate-

458 634 629 677 retur.
668 624 829 677 Addit
856 634 1117 692 praeterea
1158 638 1224 676 ex
1257 624 1546 678 divinitate
1580 635 1636 679 et
1687 627 2025 684 humanitate

456 730 620 768 unam
660 715 856 768 factam
884 730 1001 768 esse
1031 722 1280 768 naturam
1311 732 1323 767 :
1349 706 1782 785 siquidem'illud
1813 738 1825 771 :
1858 740 1874 769 ι
1896 721 2027 774 Ver-

457 806 585 858 bum
617 822 743 858 earo
766 806 967 858 factum
990 815 1075 859 est
1104 808 1170 867 9",
1209 825 1225 855 ι
1263 806 1337 860 ita
1364 808 1606 876 exponit,
1638 811 1793 877 quasi
1818 812 2023 865 divini-

455 904 538 948 tas
591 894 1006 948 conversionem
1068 895 1306 963 aliquam
1356 912 1534 965 passa,
1600 907 1655 952 et
1703 900 1759 952 in
1804 915 2024 955 carnem

456 994 817 1039 transmutata
841 984 928 1037 sit.
955 985 1037 1038 Ad
1062 986 1177 1038 hmc
1199 1002 1294 1039 eos
1313 982 1649 1053 exsecratur,
1678 990 1772 1059 qui
1794 1006 2026 1060 evange-

456 1077 589 1130 licas
625 1076 1062 1145 apostolicasque
1093 1091 1258 1129 voces
1307 1076 1373 1131 de
1419 1077 1641 1132 Christo
1667 1081 1899 1134 Domino
1937 1082 2023 1135 di-

455 1170 762 1237 stiuguunt,
791 1176 849 1221 ut
883 1167 1115 1221 humiles
1144 1168 1365 1236 quidem
1393 1170 1457 1223 ad
1489 1172 1904 1237 immanitatem,
1937 1174 2023 1227 di-

457 1261 611 1313 vinas
647 1275 777 1313 vero
821 1258 887 1312 ad
919 1258 1123 1312 Christi
1167 1260 1510 1316 divinitatem
1553 1263 1793 1318 referant
1828 1283 1840 1318 :
1876 1266 2023 1334 quod

460 1350 665 1419 1351
697 1350 884 1403 Ariani
909 1360 965 1403 et
989 1351 1315 1405 Eunomiani
1342 1354 1663 1417 sentientes,
1682 1356 2024 1426 humilesque

452 1442 884 1511 dispensationis
953 1459 1117 1497 voces
1163 1444 1231 1497 ad
1299 1444 1639 1499 divinitatem
1702 1448 2021 1512 referentes,

453 1536 624 1588 Deum
660 1536 897 1588 Verbum
928 1543 1233 1589 creaturam
1264 1546 1320 1590 et
1359 1537 1647 1603 facturam,
1688 1541 2024 1611 alteriusque

453 1627 795 1690 substantiae,
832 1637 887 1681 et
924 1627 1069 1681 Patri
1106 1628 1429 1697 inmqualem
1458 1644 1578 1683 esse
1608 1630 1877 1687 affirmare
1914 1650 2021 1688 non

452 1718 810 1771 dubitarunt.

528 1810 542 1826 '
570 1806 701 1871 Quae
720 1822 851 1859 vero
882 1806 1217 1876 blasphemia
1243 1824 1307 1861 ex
1339 1809 1487 1863 hisee
1514 1810 1801 1880 principiis
1826 1828 2020 1868 conse-

451 1906 676 1965 quatur,
709 1898 888 1967 quivis
926 1898 1085 1953 facile
1117 1899 1389 1968 intelligit.
1432 1900 1565 1953 Nam
1610 1911 1665 1955 et
1698 1912 2019 1959 naturarum

455 1988 734 2041 inducitur
756 1988 1027 2050 confusio,
1055 1998 1111 2043 et
1136 1989 1249 2041 Deo
1278 1988 1455 2042 Verbo
1485 1990 1808 2045 attribuitur
1840 1992 1973 2045 illud
2004 2009 2017 2044 :

460 2098 476 2126 ι
529 2079 673 2131 Deus
714 2093 886 2140 meus,
942 2078 1086 2132 Deus
1161 2094 1352 2141 meus,
1432 2078 1624 2147 utquid
1680 2080 2021 2150 dereliquisti

452 2184 538 2222 me
561 2169 644 2220 9‘?
677 2189 691 2217 ι
723 2176 778 2221 et
806 2167 939 2221 illud
966 2185 979 2219 :
1018 2186 1035 2217 ι
1070 2168 1231 2221 Pater
1254 2167 1346 2231 mi,
1366 2168 1410 2221 si
1436 2168 1695 2237 possibile
1714 2182 1817 2233 est,
1845 2181 2019 2225 trans-

449 2268 596 2315 cata
632 2276 717 2313 me
742 2260 880 2314 calix
920 2260 1021 2314 iste
1054 2262 1132 2324 9’;
1174 2280 1189 2310 ι
1236 2276 1450 2314 rursum
1492 2260 1697 2325 fames,
1732 2263 1879 2327 sitis,
1919 2279 2019 2317 an-

450 2351 623 2421 gelica
668 2350 1032 2415 confortatio;
1088 2358 1143 2404 et
1179 2350 1311 2403 illud
1358 2368 1370 2402 :
1426 2368 1443 2399 ι
1487 2351 1645 2405 Nunc
1683 2352 1863 2406 anima
1901 2370 2019 2408 mea

451 2441 666 2494 turbata
716 2448 798 2494 est
845 2440 921 2503 9’;
956 2459 974 2491 ι
1024 2448 1079 2494 et
1124 2440 1325 2494 iterum
1372 2459 1383 2492 :
1427 2460 1444 2491 ι
1483 2442 1679 2496 Tristis
1717 2452 1802 2497 est
1839 2444 2017 2498 anima

451 2546 571 2584 mea
606 2546 778 2598 usque
807 2530 873 2582 ad
903 2536 1134 2583 mortem
1172 2530 1251 2593 9i;
1286 2549 1303 2579 ι
1344 2538 1400 2583 et
1432 2546 1773 2599 quacunque
1803 2533 1929 2585 talia
1962 2534 2017 2586 in

450 2620 665 2673 Domini
700 2620 872 2672 nostri
916 2620 1310 2673 humanitatem
1351 2621 1687 2675 ceciderunt.
1730 2621 1860 2686 Quae
1889 2638 2016 2690 pcr-

450 2711 637 2779 spicue
683 2725 807 2763 cum
841 2709 954 2761 Arii
995 2719 1051 2763 et
1092 2710 1346 2763 Eunomii
1393 2710 1671 2779 impietate
1713 2725 2016 2780 congruere

449 2805 606 2859 facile
636 2804 762 2873 quis
782 2802 1001 2857 viderit.
1028 2803 1109 2856 llli
1134 2804 1279 2857 enim
1311 2819 1433 2857 cum
1460 2803 1833 2869 heterousion,
1854 2812 2015 2858 natu-

451 2912 744 2965 rarumque
774 2895 1150 2949 diversitatem
1179 2903 1427 2949 astruere
1458 2910 1566 2948 non
1597 2894 1861 2958 valerent,
1889 2910 2015 2963 per-

450 2989 732 3058 pessiones
766 2996 821 3041 et
864 2987 1101 3041 humiles
1131 2987 1250 3039 illas
1289 3002 1449 3039 voces
1478 2985 1751 3039 divinitati
1786 2986 2013 3049 Christi,

450 3086 510 3129 ut
534 3086 661 3130 ante
704 3078 911 3130 dictum
940 3084 1043 3137 est,
1087 3074 1391 3127 ascribunt.
1425 3074 1580 3127 Norit
1618 3082 1802 3129 autem
1839 3076 2015 3144 pietas

451 3177 560 3228 tua,
589 3166 917 3219 Arianorum
942 3164 1195 3218 doctores
1219 3164 1353 3217 nihil
1384 3164 1532 3217 aliud
1556 3164 1611 3217 in
1634 3166 1882 3220 ecclesiis
1902 3166 2017 3221 suis

448 3257 553 3310 hoc
578 3263 824 3324 tempore
844 3255 1065 3317 docere,
1088 3271 1248 3324 quam
1268 3256 1414 3324 quod
1432 3255 2016 3314 consubstantialitatis

448 3357 750 3402 assertores
774 3349 884 3417 jam
912 3347 1130 3401 demum
1168 3363 1292 3400 cum
1319 3347 1449 3401 Ario
1471 3347 1729 3413 sentiant,
1757 3351 2015 3420 quodque

449 3440 672 3499 veritas,
703 3455 823 3507 qua:
863 3439 958 3493 diu
998 3439 1251 3502 latuerat,
1300 3454 1446 3492 nunc
1487 3439 1704 3493 tandem
1745 3441 1800 3494 in
1833 3443 2013 3498 lucem

449 3532 697 3601 prodeat.

517 3646 628 3699 Nos
649 3656 833 3700 autem
868 3646 923 3699 in
944 3646 1293 3716 dogmatibus
1327 3646 1611 3701 beatorum
1640 3648 1885 3713 Patrum,
1918 3654 2011 3719 qui

448 3738 591 3807 apud
626 3738 858 3791 Nicaeam
897 3745 1294 3799 convenerunt,
1320 3748 1376 3791 et
1401 3752 1590 3791 eorum
1618 3739 1863 3807 quipost
1892 3740 2013 3796 illos

447 3829 696 3883 doctrina
739 3831 1072 3891 claruerunt,
1120 3829 1391 3882 Eustathii
1437 3830 1786 3892 Antiocheni,
1828 3830 2011 3883 Basilii

445 3922 818 3984 Caesariensis,
844 3927 899 3974 et
918 3921 1185 3990 Gregorii,
1214 3929 1268 3975 et
1288 3919 1534 3984 Joannis,
1553 3929 1609 3973 et
1631 3921 1933 3983 Athanasii,
1957 3930 2011 3975 et

447 4012 755 4080 Theophili,
786 4021 841 4065 et
869 4011 1082 4064 Damasi
1115 4010 1368 4073 Romani,
1418 4018 1474 4065 et
1501 4011 1775 4065 Ambrosii
1802 4011 2008 4066 Medio-

448 4103 704 4163 lanensis,
734 4110 789 4156 ct
812 4102 1168 4169 reliquorum,
1204 4104 1297 4171 qui
1322 4117 1444 4156 cum
1470 4101 1555 4155 his
1580 4101 1771 4155 eadem
1806 4102 2009 4157 docue-

447 4199 596 4251 runt,
630 4204 1064 4256 perseveramus,
1100 4188 1309 4258 1352
1343 4189 1558 4257 piisque
1594 4190 1809 4243 illorum
1840 4192 2008 4246 vesti-

445 4281 548 4350 giis
568 4280 871 4334 insistimus
891 4299 903 4332 :
925 4281 1127 4349 quippe
1144 4282 1235 4348 qui
1258 4280 1588 4349 evangelica,
1610 4289 1667 4333 et
1688 4282 2005 4349 apostolica,

2127 450 2208 502 ότι
2253 450 2499 519 θεότητος
2548 448 2925 519 οἰκειουμένης
2992 449 3091 518 μὲν
3134 448 3199 500 τὰ
3248 449 3394 518 πάθη
3443 449 3518 513 ὡς
3570 449 3692 502 ἰδίον

2131 540 2400 608 σώματος,
2437 542 2587 594 οὐδὲν
2630 542 2686 594 δὲ
2736 539 3046 608 πασχούσης
3079 541 3157 601 είς
3202 539 3297 608 τὴν
3332 539 3469 592 ἰδίαν
3516 559 3690 609 φυσιν.

2129 629 2269 698 Πρὸς
2318 630 2373 682 δὲ
2411 630 2640 693 τούτοις,
2685 630 2764 682 ὅτι
2813 628 2911 698 μία
2936 627 3095 695 φύσις
3125 627 3314 694 γέγονε
3360 628 3610 699 Θεότητός
3637 648 3691 682 τε

2128 722 2221 775 xui
2251 722 2689 792 άνθρωπότητος·
2719 719 2860 773 οὕτω
2888 720 3017 791 γάρ,
3050 740 3066 769 ι
3114 720 3171 771 Ὀ
3206 720 3374 786 Λόγος
3400 720 3534 789 σάρξ
3569 723 3688 788 ἐγέ-

2128 831 2269 878 νετο,
2313 834 2331 865 ι
2384 815 2739 885 ἑρμήνευσεν,
2794 812 2869 876 ῶς
2904 814 3003 880 τῆς
3047 811 3299 883 οεότητος
3336 816 3538 881 τροπήν
3570 831 3691 866 τινα

2130 905 2525 975 ὑπομεινάσης,
2569 907 2662 958 xui
2706 906 2785 966 εἰς
2840 903 3019 973 σάρκα
3064 903 3511 973 μεταϐληθείσης.
3547 905 3687 973 “pi;

2126 998 2356 1061 τούτοις,
2384 994 2770 1066 άναθεματίζει
2801 994 2926 1056 τοὺς
2954 994 3297 1064 διαιροῦντας
3332 994 3431 1055 τὰς
3466 995 3681 1061 εὐαγγε-

2126 1089 2280 1152 λικάς
2328 1090 2419 1141 καὶ
2458 1087 2819 1149 ἀποστολικάς
2867 1087 2994 1155 περὶ
3033 1085 3126 1138 τοῦ
3159 1085 3429 1137 Δεσπότου
3458 1084 3686 1155 Χριστοῦ

2126 1180 2331 1248 φωνὰς,
2360 1181 2454 1233 xui
2490 1180 2587 1241 τὰς
2624 1180 2721 1251 μὲν
2753 1179 3011 1241 ταπεινὰς
3044 1180 3184 1230 κατὰ
3215 1176 3309 1246 τὴν
3337 1176 3687 1246 άνορωπότη-

2124 1288 2212 1333 τα,
2257 1272 2355 1335 τὰς
2402 1273 2457 1324 δὲ
2509 1272 2832 1342 Θεοπρεπεῖς
2863 1270 3003 1324 κατὰ
3036 1270 3134 1337 τὴν
3163 1269 3390 1337 Θεότητα
3420 1267 3515 1319 τοῦ
3564 1270 3691 1338 Χρι-

2127 1359 2250 1413 στοῦ
2282 1360 2738 1430 ὲκλαμόάνοντας·
2779 1362 2913 1430 ὅπερ
2940 1358 3259 1430 φρονοῦντες
3297 1359 3565 1427 Ἀρειανοὶ
3598 1357 3691 1410 xzi

2125 1453 2465 1522 Εὑνομιανοὶ,
2506 1454 2599 1505 xui.
2636 1452 2731 1515 τὰς
2759 1455 2855 1519 μὲν
2884 1453 3140 1511 ταπεινὰς
3174 1449 3304 1520 περὶ
3343 1449 3441 1517 τῆς
3481 1450 3691 1501 οίκονο⁸

2129 1544 2257 1613 μίας
2283 1543 2463 1611 φωνάς
2488 1545 2567 1605 εἰς
2590 1543 2688 1613 τὴν
2706 1543 2933 1611 Θεότητα
2960 1541 3341 1610 ἀναφέροντες,
3365 1541 3455 1591 xui
3484 1540 3692 1607 κτίσμα

2126 1635 2219 1685 καὶ
2246 1634 2456 1703 ποίημα
2478 1633 2565 1686 τὸν
2600 1632 2730 1685 Θεὸν
2756 1632 2948 1699 Λόγον,
2994 1632 3087 1684 xui
3122 1630 3453 1700 ἐτεροούσιον
3478 1630 3571 1682 xui
3594 1631 3688 1681 άν-

2055 1699 2095 1755 “
2124 1726 2306 1796 όμοιον
2335 1699 2412 1792 τῶ
2438 1726 2609 1796 [largi
2635 1724 2812 1792 λέγειν
2839 1699 3375 1794 ἐπραγματεύσαντο.

2212 1816 2493 1868 Ἐντεῦθεν
2525 1816 2603 1877 δὲ,
2634 1816 2686 1867 εἴ
2712 1832 2764 1868 τι
2798 1815 2901 1868 κᾶν
2930 1812 3199 1883 συμϐαίνῃ
3243 1812 3303 1865 τὸ
3350 1812 3685 1881 βλάσφημον,

2125 1909 2307 1979 ῥᾴδιον
2357 1910 2609 1961 κατιδεῖν.
2667 1907 2933 1977 Σύγχυσις
2966 1905 3076 1974 γὰρ
3115 1904 3391 1971 εἰσάγεται
3434 1905 3540 1956 τῶν
3585 1902 3687 1970 φύ-

2124 2014 2281 2061 σεων,
2310 1998 2404 2050 xui
2433 1998 2802 2067 προσάπτεται
2824 1995 2901 2064 τῷ
2933 1994 3051 2064 Θεῷ
3080 1993 3236 2064 Λόγῳ
3264 1994 3344 2046 τό·
3384 2012 3401 2043 ι
3437 1993 3533 2046 Θεέ
3561 2011 3681 2061 μου,

2121 2092 2219 2145 Θεέ
2253 2110 2376 2161 μου,
2414 2092 2553 2145 ἱνατί
2584 2109 2650 2161 με
2700 2090 3091 2159 ὲγκατέλιπες;
3134 2108 3152 2139 ι
3182 2088 3275 2141 xui
3297 2088 3375 2140 τό·
3417 2106 3436 2138 ι
3480 2088 3681 2157 Πάτερ,

2120 2185 2169 2235 εἰ
2194 2181 2436 2245 δυνατὸν,
2468 2179 2783 2252 παρελθέτω
2807 2179 2868 2232 τὸ
2891 2180 3144 2250 ποτήριον
3166 2177 3320 2230 τοῦτο
3341 2179 3432 2230 ἀπ’
3464 2178 3487 2228 ὲ
3497 2176 3617 2246 μοῦ·
3661 2198 3678 2227 ι

2120 2276 2211 2329 xui
2242 2276 2303 2328 τὸ
2342 2278 2553 2344 πεινῇν,
2605 2275 2697 2327 xui
2727 2273 2903 2342 διψῇν,
2949 2274 3045 2325 xui
3074 2272 3182 2325 άπὸ
3230 2268 3457 2339 ἀγγέλου
3495 2269 3679 2339 στηρί⁶

2121 2366 2331 2431 ζεσθαι·
2357 2368 2448 2419 καὶ
2470 2367 2530 2418 τὸ
2546 2366 2746 2433 λέγειν·
2772 2384 2788 2416 ι
2810 2365 2923 2416 Νῦν
2948 2366 2980 2431 ή
3010 2364 3153 2433 ψυχή
3178 2380 3275 2432 μου
3297 2362 3679 2431 τετάρακται-ι

2120 2459 2250 2511 καί·
2290 2477 2307 2508 ι
2351 2458 2651 2527 Περίλυπός
2706 2457 2851 2509 ἐστιν
2890 2456 2923 2524 ἡ
2968 2453 3113 2523 ψυχή
3156 2469 3254 2522 μου
3295 2452 3397 2515 ἕως
3429 2451 3680 2504 Θανάτου·

2118 2550 2215 2602 xui
2253 2550 2354 2602 ὅσα
2387 2548 2612 2601 τοιαῦτα
2642 2548 2769 2617 περὶ
2795 2546 2891 2616 τὴν
2928 2544 3319 2616 ἁνθρωπότητα
3346 2542 3436 2595 τοῦ
3475 2543 3682 2611 Κυρίου

2120 2640 2453 2710 συμϐέϐηκε.
2498 2639 2681 2692 Ταῦτα
2724 2640 2781 2692 δὲ
2834 2640 2909 2701 ὼς
2964 2635 3151 2706 σαφῶς
3197 2639 3263 2705 τῇ
3326 2636 3533 2705 Ἀρείου
3587 2636 3685 2687 xui

2117 2731 2381 2800 Εὑνομίου
2419 2728 2706 2799 δυσσεϐείᾳ
2733 2726 3034 2795 συμϐαίνει,
3064 2724 3300 2795 εὐχερῶς
3328 2724 3391 2777 ἄν
3423 2741 3505 2785 τις
3548 2740 3684 2776 κατι

2122 2822 2238 2874 ίδοι.
2283 2822 2511 2873 Ἐκεῖνοι
2564 2819 2671 2888 γὰρ
2704 2819 2764 2871 τὸ
2817 2817 3152 2886 ἑτεροούσιον
3182 2815 3585 2869 κατασκευάσαι
3611 2814 3687 2884 μὴ

2115 2914 2424 2983 δυνάμενοι,
2455 2913 2521 2965 τὰ
2565 2911 2861 2981 παθήματα
2883 2911 2979 2963 καὶ
3016 2911 3113 2973 τὰς
3138 2909 3374 2972 εὐτελεῖς
3406 2908 3587 2976 φωνὰς
3618 2909 3684 2977 τῇ

2042 3042 2084 3097 C
2120 3004 2331 3074 Θεότητι
2375 3004 2467 3056 τοῦ
2509 3003 2744 3074 Χριστοῦ
2781 3004 3192 3071 περιάπτουσιν,
3230 3001 3303 3062 ὡς
3337 3000 3683 3070 προείρηται.

2122 3098 2283 3149 Ἴστω
2308 3097 2365 3149 δέ
2404 3113 2496 3148 σου
2538 3098 2570 3165 ἡ
2611 3094 2908 3157 θεοσέϐεια,
2944 3093 3019 3157 ὡς
3047 3094 3097 3146 oi
3127 3092 3233 3145 τῶν
3284 3091 3578 3161 ’Δρειανῶν
3610 3092 3685 3142 δι-

2117 3186 2372 3239 δάσκαλοι
2403 3185 2496 3239 νῦν
2531 3186 2682 3238 οὐδὲν
2711 3186 2895 3255 ἕτερον
2922 3186 2979 3238 ἐν
3016 3186 3133 3246 ταῖς
3162 3182 3475 3251 ἐκκλησίαις
3507 3182 3685 3234 αὐτῶν

2117 3277 2477 3343 διδάσκουσιν,
2525 3276 2661 3346 ἢὼς
2703 3278 2752 3328 οἱ
2792 3277 2852 3328 τὸ
2889 3274 3169 3345 όμοούσιον
3214 3273 3553 3334 διδάσκοντες
3590 3272 3688 3326 νῦν

2117 3370 2183 3422 τά
2242 3369 2453 3438 Ἀρείου
2484 3369 2762 3440 φρονοῦσι,
2794 3368 2888 3421 καὶ
2917 3369 3001 3420 ὃτι
3044 3366 3132 3420 διὰ
3163 3366 3352 3438 χρόνου
3383 3364 3595 3436 μακροῦ
3622 3366 3685 3416 τὸ

2116 3461 2312 3530 ἀληθὲς
2344 3462 2604 3531 ἀνεφάνη.

2199 3644 2386 3713 Ἡμεῖς
2417 3643 2472 3695 δὲ
2498 3645 2608 3705 τοῖς
2634 3642 2741 3695 τῶν
2777 3642 3058 3713 μακαρίων
3090 3640 3341 3710 Πατέρων
3359 3636 3465 3690 τῶν
3487 3640 3540 3690 ἐν
3572 3637 3676 3690 Νι-

2116 3734 2249 3805 καίᾳ
2296 3734 2752 3805 συνεληλυθότων,
2809 3736 2901 3786 xui
2963 3734 3070 3785 τῶν
3111 3732 3226 3802 μετ’
3262 3732 3498 3793 ἐνείνους
3521 3732 3576 3781 ὲν
3608 3732 3680 3799 τῇ

2112 3826 2427 3895 διδασκαλίᾳ
2484 3825 2929 3896 διαπρεψάντων,
2984 3821 3277 3875 Εὑσταϐίου
3320 3812 3412 3873 τοῦ
3478 3822 3681 3872 Ἀντιοο

2113 3918 2285 3986 χείας,
2326 3918 2605 3971 Βασιλείου
2657 3917 2751 3971 τοῦ
2803 3916 3162 3985 Καισαρείας,
3203 3914 3295 3967 καὶ
3338 3912 3676 3981 Γρηγορίου,

2113 4010 2206 4063 xui
2248 4011 2513 4072 Ἰωάννου,
2561 4009 2656 4062 xui
2706 4007 3044 4071 Ἀθανασίου,
3095 4006 3190 4058 xui
3235 4004 3491 4072 Θεοφίλου
3520 4043 3534 4063 ,
3583 4004 3679 4054 καῖ

2111 4102 2367 4171 Δαμάσου
2397 4101 2491 4153 τοῦ
2538 4100 2769 4171 Ῥώμης,
2810 4101 2900 4153 καὶ
2941 4098 3264 4168 ’Λμόροσίου
3290 4096 3383 4148 τοῦ
3419 4093 3678 4149 Μεδιολά-

2110 4211 2239 4253 νων,
2280 4192 2371 4243 καὶ
2406 4191 2515 4243 τῶν
2545 4190 2718 4243 ταυτὰ
2756 4190 2965 4251 τούτοις
2995 4187 3338 4251 διδαξάντων,
3370 4185 3677 4255 ἐμμένομεν

2108 4281 2375 4349 δόγμασι,
2424 4281 2516 4331 xui
2556 4283 2668 4341 τοῖς
2730 4278 3008 4330 εὐσεϐέσιν
3056 4276 3232 4329 αὐτῶν
3278 4273 3673 4340 ἀκολουθοῦμεν

442 4380 497 4425 et
544 4370 861 4440 prophetica
888 4370 1052 4423 verba
1084 4380 1395 4437 sequentes,
1423 4379 1666 4424 exactam
1698 4372 2011 4426 orthodoxae

2116 4376 2303 4443 ἴχνεσι·
2364 4374 2473 4434 τοῖς
2525 4370 2633 4441 γὰρ
2708 4370 3102 4437 εὐαγγελικοῖς,
3151 4370 3245 4419 xui
3301 4365 3677 4425 umutohxoi;

445 4457 571 4510 fidei
600 4458 843 4525 regulam
874 4457 1033 4510 nobis
1064 4457 1393 4511 tradiderint
1425 4474 1623 4526 :quam
1646 4461 1888 4529 regulam
1911 4477 2010 4515 nos

443 4554 825 4606 inconcussam
897 4551 1343 4619 immobilemque
1413 4553 1652 4607 retinere
1724 4555 2008 4609 studemus

440 4662 633 4699 omnes
681 4646 775 4714 qui
817 4645 872 4697 in
925 4643 1148 4699 Oriente
1196 4644 1543 4710 habitamus;
1610 4647 1867 4700 similiter
1912 4648 2006 4716 qui

438 4736 766 4807 Bithyniam,
789 4736 1304 4805 etPaphlagoniam,
1329 4746 1383 4791 et
1402 4738 1795 4807 Cappadociam
1814 4755 2007 4793 secun-

438 4827 585 4889 dam,
614 4836 670 4879 et
697 4825 977 4891 Pisidiam,
1003 4833 1061 4880 et
1098 4826 1459 4889 Thessaliam,
1508 4836 1563 4880 et
1588 4828 1830 4897 Mysiam,
1860 4829 2006 4883 Rho-

438 4918 729 4986 dopenque
761 4918 1027 4979 incolunt,
1053 4925 1109 4971 et
1130 4916 1221 4969 alii
1243 4918 1634 4985 quamplurimi
1665 4918 2004 4973 diversarum

437 5008 864 5078 provinciarum.
916 5009 1081 5062 Italos
1105 5024 1323 5077 quoque
1350 5016 1562 5061 certum
1594 5018 1677 5063 est
1709 5011 2002 5065 novitatem

436 5103 583 5156 illam
618 5117 963 5171 nequaquam
990 5102 1201 5154 laturos
1220 5114 1360 5153 esse.
1409 5098 1543 5153 Nam
1582 5099 1846 5153 Martinus
1874 5116 2001 5155 san-

434 5192 736 5256 ctissimus.
796 5192 1017 5259 Deoque
1067 5187 1461 5243 dilectissimus
1509 5187 1995 5244 Mediolanensium

434 5284 744 5352 cpiscopus,
788 5283 853 5336 ad
895 5297 996 5336 nos
1035 5280 1276 5350 scripsit,
1317 5279 1633 5348 librumque
1676 5280 1821 5334 beati
1866 5282 1995 5336 Am-

432 5374 603 5427 brosii
626 5374 695 5427 de
728 5373 1010 5427 Dominica
1049 5370 1428 5425 incarnatione
1457 5370 1523 5423 ad
1556 5370 1860 5438 piissimum
1902 5374 1999 5426 im-

507 5487 551 5516 ”
592 5486 748 5549 Joan,
784 5504 823 5551 ι,
858 5488 942 5540 14.
1017 5487 1060 5517 ἰ
1091 5485 1235 5539 Psal.
1275 5499 1381 5547 χχι,
1476 5483 1526 5535 1.

642 5597 901 5665 δόγμασιν
932 5597 1000 5649 Μ.
1034 5597 1086 5649 in
1118 5574 1377 5665 margine.

1605 5484 1647 5514 "
1689 5482 1876 5537 Matth.
1916 5502 2059 5549 xxvi,
2092 5487 2179 5541 59.

2107 4465 2200 4516 καὶ
2245 4463 2600 4531 προφητικοῖς
2631 4460 2881 4529 ἑπόμενοι
2914 4462 3151 4531 ῥήμασιν
3184 4458 3316 4528 (Η),
3348 4457 3549 4525 ἀκριεῆ
3575 4455 3675 4523 τῆς

2105 4554 2411 4624 όρθοδοξίας
2461 4555 2590 4622 ἡμῖν
2644 4552 2933 4605 κατέλιπον
2973 4551 3191 4604 κανόνα·
3240 4551 3297 4602 ὃν
3346 4549 3537 4617 ἀκλινῆ
3578 4549 3673 4598 καὶ

2106 4646 2403 4699 ἀσάλευτον
2464 4644 2693 4714 φυλάξαι
2763 4643 3133 4711 σπουδάζομεν
3188 4642 3423 4702 ἅπαντες
3479 4641 3527 4691 οί
3572 4636 3675 4707 τὴν

2116 4736 2404 4805 ’Λνατολὴν
2433 4736 2725 4799 οἰκοῦντες.
2782 4734 3052 4796 Ὡσαύτως
3096 4734 3153 4785 δὲ
3206 4736 3254 4787 οἱ
3299 4733 3528 4793 Βιθυνοὶ,
3576 4732 3675 4782 καὶ

2104 4828 2475 4894 Παφλαγόνες,
2503 4829 2598 4880 xui
2619 4829 2652 4897 ἡ
2668 4827 2895 4895 δευτέρα
2907 4827 3289 4887 Καππαδοκία,
3317 4826 3409 4878 καὶ
3434 4823 3668 4883 Πισιδία,

2101 4920 2195 4972 xui
2224 4919 2507 4984 Θετταλία,
2573 4920 2668 4972 xui
2712 4921 2916 4983 Μυσία,
2969 4919 3063 4971 xui
3106 4917 3353 4987 Ῥοδόπη.
3395 4916 3484 4967 καὶ
3515 4913 3668 4967 ἄλλοι

2102 5010 2343 5062 πλεῖστοι
2389 5010 2496 5063 ἀπὸ
2523 5010 2793 5079 διαφόρων
2825 5008 3123 5079 ἐπαρχιῶν.
3156 5007 3316 5076 Δῆλοι
3357 5006 3411 5056 δέ
3440 5007 3541 5056 εἰσι
3570 5003 3671 5055 καὶ

2112 5101 2412 5155 Ἰταλιῶται
2445 5104 2542 5173 τῆς
2572 5103 2919 5171 καινοτομίας
2961 5102 3164 5170 ταύτης
3196 5101 3297 5153 οὐκ
3331 5097 3665 5167 ἀνεξόμενοι.

2116 5194 2173 5245 '0
2203 5194 2309 5264 γάρ
2346 5193 2753 5261 Θεοφιλέστατος
2783 5194 2874 5243 xui
2910 5191 3205 5259 άγιώτατος
3230 5189 3496 5258 Μαρτῖνος
3527 5185 3669 5254 (15),

2106 5286 2134 5337 ὁ
2182 5284 2281 5353 τῆς
2320 5283 2660 5338 Μεδιολάνων
2707 5282 3025 5344 ἐπίσκοπος,
3058 5282 3149 5333 καὶ
3188 5281 3483 5349 γράμματα
3530 5273 3671 5345 πρὸς

2107 5376 2252 5443 ἡμᾶς
2282 5374 2585 5437 ἀπέστειλε,
2616 5373 2711 5425 xui.
2735 5372 2813 5440 τῷ
2837 5368 3209 5437 εὖσεϐεστάτῳ
3232 5365 3441 5437 βασιλεῖ
3468 5362 3675 5434 βιῦλίον

2258 5490 2303 5520 ’³
2330 5490 2483 5543 Joan.
2518 5507 2609 5556 xu,
2644 5490 2731 5543 9.7.
2810 5490 2854 5520 "
2913 5486 3102 5540 Matth.
3134 5499 3275 5548 xxvi,
3302 5480 3387 5534 38.

512 5662 611 5731 [15)
642 5662 999 5733 Μαρτινιανός
1029 5666 1193 5719 scribi
1233 5662 1485 5730 debellat,
1520 5662 1663 5733 quod
1695 5674 1773 5718 est
1805 5680 1995 5719 verum

2116 5694 2153 5731 lS
2183 5690 2399 5730 nomen.
