  <div class='ocr_page' id='page_1' title='image "/cluster/home/n/w/nwhite01/storage/ocr_20150623/83/hvd.32044073502072/746.png"; bbox 0 0 3962 6204; ppageno 0'>
   <div class='ocr_carea' id='block_1_1' title="bbox 383 225 512 290">
    <p class='ocr_par' dir='ltr' id='par_1_1' title="bbox 383 225 512 290">
     <span class='ocr_line' id='line_1_1' title="bbox 383 225 512 290; baseline 0.023 -3"><span class='ocrx_word' id='word_1_1' title='bbox 383 225 512 290; x_wconf 70' lang='grc'><strong>1481</strong></span> 
     </span>
    </p>
   </div>
   <div class='ocr_carea' id='block_1_2' title="bbox 1689 231 2302 300">
    <p class='ocr_par' dir='ltr' id='par_1_2' title="bbox 1689 231 2302 300">
     <span class='ocr_line' id='line_1_2' title="bbox 1689 231 2302 300; baseline -0.003 -8"><span class='ocrx_word' id='word_1_2' title='bbox 1689 231 2052 300; x_wconf 72' lang='lat' dir='ltr'><strong>EPISTULA</strong></span> <span class='ocrx_word' id='word_1_3' title='bbox 2086 232 2302 294; x_wconf 80' lang='lat' dir='ltr'><strong>CLXX.</strong></span> 
     </span>
    </p>
   </div>
   <div class='ocr_carea' id='block_1_3' title="bbox 3473 232 3605 296">
    <p class='ocr_par' dir='ltr' id='par_1_3' title="bbox 3473 232 3605 296">
     <span class='ocr_line' id='line_1_3' title="bbox 3473 232 3605 296; baseline 0.03 -4"><span class='ocrx_word' id='word_1_4' title='bbox 3473 232 3605 296; x_wconf 70' lang='lat'><strong>1482</strong></span> 
     </span>
    </p>
   </div>
   <div class='ocr_carea' id='block_1_4' title="bbox 377 331 1921 428">
    <p class='ocr_par' dir='ltr' id='par_1_4' title="bbox 377 339 1921 413">
     <span class='ocr_line' id='line_1_4' title="bbox 377 339 1921 413; baseline 0.001 -21"><span class='ocrx_word' id='word_1_5' title='bbox 377 340 648 410; x_wconf 62' lang='grc' dir='ltr'>ἐξέπεμψε</span> <span class='ocrx_word' id='word_1_6' title='bbox 689 339 784 394; x_wconf 85' lang='grc' dir='ltr'><strong>τοῦ</strong></span> <span class='ocrx_word' id='word_1_7' title='bbox 843 340 1114 412; x_wconf 86' lang='grc' dir='ltr'>μακαρίου</span> <span class='ocrx_word' id='word_1_8' title='bbox 1183 339 1508 411; x_wconf 75' lang='grc' dir='ltr'>’Λμϐροσίου</span> <span class='ocrx_word' id='word_1_9' title='bbox 1559 341 1682 413; x_wconf 77' lang='grc' dir='ltr'>περὶ</span> <span class='ocrx_word' id='word_1_10' title='bbox 1716 344 1815 412; x_wconf 85' lang='grc' dir='ltr'>τῆς</span> <span class='ocrx_word' id='word_1_11' title='bbox 1842 343 1921 396; x_wconf 67' lang='lat' dir='ltr'><strong>toi</strong></span> 
     </span>
    </p>
   </div>
   <div class='ocr_carea' id='block_1_5' title="bbox 2029 331 3602 428">
    <p class='ocr_par' dir='ltr' id='par_1_5' title="bbox 2042 331 3602 418">
     <span class='ocr_line' id='line_1_5' title="bbox 2042 331 3602 418; baseline 0.002 -21"><span class='ocrx_word' id='word_1_12' title='bbox 2042 331 2354 412; x_wconf 83' lang='lat' dir='ltr'><strong>peratorcm</strong></span> <span class='ocrx_word' id='word_1_13' title='bbox 2392 343 2562 418; x_wconf 86' lang='lat' dir='ltr'><strong>misit,</strong></span> <span class='ocrx_word' id='word_1_14' title='bbox 2593 343 2686 414; x_wconf 88' lang='lat' dir='ltr'><strong>qui</strong></span> <span class='ocrx_word' id='word_1_15' title='bbox 2717 343 2993 400; x_wconf 67' lang='lat' dir='ltr'><strong>haereticis</strong></span> <span class='ocrx_word' id='word_1_16' title='bbox 3024 343 3132 399; x_wconf 91' lang='lat' dir='ltr'><strong>illis</strong></span> <span class='ocrx_word' id='word_1_17' title='bbox 3160 343 3433 414; x_wconf 79' lang='lat' dir='ltr'><strong>capitibus</strong></span> <span class='ocrx_word' id='word_1_18' title='bbox 3467 361 3602 401; x_wconf 85' lang='lat' dir='ltr'><strong>con-</strong></span> 
     </span>
    </p>
   </div>
   <div class='ocr_carea' id='block_1_6' title="bbox 378 432 1938 504">
    <p class='ocr_par' dir='ltr' id='par_1_6' title="bbox 378 432 1938 504">
     <span class='ocr_line' id='line_1_6' title="bbox 378 432 1938 504; baseline 0.001 -19"><span class='ocrx_word' id='word_1_19' title='bbox 378 433 581 502; x_wconf 81' lang='grc' dir='ltr'>Κυρίου</span> <span class='ocrx_word' id='word_1_20' title='bbox 619 432 1103 503; x_wconf 81' lang='grc' dir='ltr'>ἐνανθρωπήσεως.</span> <span class='ocrx_word' id='word_1_21' title='bbox 1129 433 1265 504; x_wconf 83' lang='grc' dir='ltr'>ὅπερ</span> <span class='ocrx_word' id='word_1_22' title='bbox 1297 435 1365 488; x_wconf 70' lang='grc' dir='ltr'><strong>τὰ</strong></span> <span class='ocrx_word' id='word_1_23' title='bbox 1405 434 1622 488; x_wconf 86' lang='grc' dir='ltr'>ἐναντία</span> <span class='ocrx_word' id='word_1_24' title='bbox 1658 436 1762 498; x_wconf 83' lang='grc' dir='ltr'>τοῖς</span> <span class='ocrx_word' id='word_1_25' title='bbox 1791 436 1938 504; x_wconf 83' lang='grc' dir='ltr'>αἱρε-</span> 
     </span>
    </p>
   </div>
   <div class='ocr_carea' id='block_1_7' title="bbox 375 521 1642 606">
    <p class='ocr_par' dir='ltr' id='par_1_7' title="bbox 375 521 1402 591">
     <span class='ocr_line' id='line_1_7' title="bbox 375 521 1402 591; baseline 0.006 -19"><span class='ocrx_word' id='word_1_26' title='bbox 375 525 544 584; x_wconf 80' lang='grc' dir='ltr'>τικοῖς</span> <span class='ocrx_word' id='word_1_27' title='bbox 571 521 778 585; x_wconf 75' lang='grc' dir='ltr'><strong>τούτοις</strong></span> <span class='ocrx_word' id='word_1_28' title='bbox 803 522 1042 576; x_wconf 81' lang='grc' dir='ltr'>διδάσκει</span> <span class='ocrx_word' id='word_1_29' title='bbox 1068 524 1402 591; x_wconf 79' lang='grc' dir='ltr'><strong>κεφαλαίοις.</strong></span> 
     </span>
    </p>
   </div>
   <div class='ocr_carea' id='block_1_8' title="bbox 446 634 1936 706">
    <p class='ocr_par' dir='ltr' id='par_1_8' title="bbox 446 634 1936 706">
     <span class='ocr_line' id='line_1_8' title="bbox 446 634 1936 706; baseline 0 -20"><span class='ocrx_word' id='word_1_30' title='bbox 446 634 761 688; x_wconf 70' lang='grc' dir='ltr'>Γινωσκέτω</span> <span class='ocrx_word' id='word_1_31' title='bbox 815 635 872 687; x_wconf 87' lang='grc' dir='ltr'><strong>δέ</strong></span> <span class='ocrx_word' id='word_1_32' title='bbox 933 652 1026 688; x_wconf 89' lang='grc' dir='ltr'><strong>σου</strong></span> <span class='ocrx_word' id='word_1_33' title='bbox 1077 638 1109 705; x_wconf 79' lang='grc' dir='ltr'>ἡ</span> <span class='ocrx_word' id='word_1_34' title='bbox 1152 635 1396 706; x_wconf 86' lang='grc' dir='ltr'>ἁγιότης,</span> <span class='ocrx_word' id='word_1_35' title='bbox 1459 635 1536 700; x_wconf 82' lang='grc' dir='ltr'>ὡς</span> <span class='ocrx_word' id='word_1_36' title='bbox 1578 635 1678 688; x_wconf 90' lang='grc' dir='ltr'><strong>οὐκ</strong></span> <span class='ocrx_word' id='word_1_37' title='bbox 1737 635 1936 705; x_wconf 71' lang='grc' dir='ltr'>ἤρκεσε</span> 
     </span>
    </p>
   </div>
   <div class='ocr_carea' id='block_1_9' title="bbox 373 725 1936 798">
    <p class='ocr_par' dir='ltr' id='par_1_9' title="bbox 373 725 1936 798">
     <span class='ocr_line' id='line_1_9' title="bbox 373 725 1936 798; baseline 0 -19"><span class='ocrx_word' id='word_1_38' title='bbox 373 725 626 796; x_wconf 82' lang='grc' dir='ltr'>Κυρίλλῳ</span> <span class='ocrx_word' id='word_1_39' title='bbox 659 729 750 779; x_wconf 69' lang='grc' dir='ltr'>καὶ</span> <span class='ocrx_word' id='word_1_40' title='bbox 781 728 1045 796; x_wconf 82' lang='grc' dir='ltr'><strong>Μέμνονι,</strong></span> <span class='ocrx_word' id='word_1_41' title='bbox 1076 728 1136 781; x_wconf 87' lang='grc' dir='ltr'><strong>τὸ</strong></span> <span class='ocrx_word' id='word_1_42' title='bbox 1163 731 1228 798; x_wconf 85' lang='grc' dir='ltr'>τῇ</span> <span class='ocrx_word' id='word_1_43' title='bbox 1259 725 1520 798; x_wconf 79' lang='grc' dir='ltr'>ὀρθοδόξῳ</span> <span class='ocrx_word' id='word_1_44' title='bbox 1548 728 1728 779; x_wconf 86' lang='grc' dir='ltr'>πίστει</span> <span class='ocrx_word' id='word_1_45' title='bbox 1759 727 1936 796; x_wconf 87' lang='grc' dir='ltr'>λυμή-</span> 
     </span>
    </p>
   </div>
   <div class='ocr_carea' id='block_1_10' title="bbox 372 803 1933 890">
    <p class='ocr_par' dir='ltr' id='par_1_10' title="bbox 372 817 1933 890">
     <span class='ocr_line' id='line_1_10' title="bbox 372 817 1933 890; baseline 0.002 -20"><span class='ocrx_word' id='word_1_46' title='bbox 372 818 587 880; x_wconf 74' lang='grc' dir='ltr'>νασθαι,</span> <span class='ocrx_word' id='word_1_47' title='bbox 639 817 773 870; x_wconf 73' lang='grc' dir='ltr'>ἀλλὰ</span> <span class='ocrx_word' id='word_1_48' title='bbox 822 818 915 871; x_wconf 78' lang='grc' dir='ltr'>καὶ</span> <span class='ocrx_word' id='word_1_49' title='bbox 949 819 1154 882; x_wconf 85' lang='grc' dir='ltr'>πάντας</span> <span class='ocrx_word' id='word_1_50' title='bbox 1205 822 1330 883; x_wconf 77' lang='grc' dir='ltr'>τοὺς</span> <span class='ocrx_word' id='word_1_51' title='bbox 1380 821 1606 883; x_wconf 83' lang='grc' dir='ltr'>κανόνας</span> <span class='ocrx_word' id='word_1_52' title='bbox 1638 819 1933 890; x_wconf 83' lang='grc' dir='ltr'>ἐπάτησαν.</span> 
     </span>
    </p>
   </div>
   <div class='ocr_carea' id='block_1_11' title="bbox 369 909 1936 982">
    <p class='ocr_par' dir='ltr' id='par_1_11' title="bbox 369 909 1936 982">
     <span class='ocr_line' id='line_1_11' title="bbox 369 909 1936 982; baseline -0.001 -18"><span class='ocrx_word' id='word_1_53' title='bbox 369 911 511 974; x_wconf 76' lang='grc' dir='ltr'>Τοὺς</span> <span class='ocrx_word' id='word_1_54' title='bbox 533 909 641 980; x_wconf 84' lang='grc' dir='ltr'>γὰρ</span> <span class='ocrx_word' id='word_1_55' title='bbox 662 909 767 962; x_wconf 75' lang='grc' dir='ltr'><strong>ἀπὸ</strong></span> <span class='ocrx_word' id='word_1_56' title='bbox 791 910 1057 982; x_wconf 72' lang='grc' dir='ltr'>διαφόρων</span> <span class='ocrx_word' id='word_1_57' title='bbox 1086 911 1361 982; x_wconf 76' lang='grc' dir='ltr'><strong>ἐπαρχιῶν</strong></span> <span class='ocrx_word' id='word_1_58' title='bbox 1388 913 1478 965; x_wconf 66' lang='grc' dir='ltr'>καὶ</span> <span class='ocrx_word' id='word_1_59' title='bbox 1500 911 1818 981; x_wconf 76' lang='grc' dir='ltr'><strong>διοικήσεων</strong></span> <span class='ocrx_word' id='word_1_60' title='bbox 1841 927 1936 978; x_wconf 84' lang='grc' dir='ltr'>γε-</span> 
     </span>
    </p>
   </div>
   <div class='ocr_carea' id='block_1_12' title="bbox 370 1001 1938 1071">
    <p class='ocr_par' dir='ltr' id='par_1_12' title="bbox 370 1001 1938 1071">
     <span class='ocr_line' id='line_1_12' title="bbox 370 1001 1938 1071; baseline -0.001 -17"><span class='ocrx_word' id='word_1_61' title='bbox 370 1002 630 1071; x_wconf 85' lang='grc' dir='ltr'>νομένους</span> <span class='ocrx_word' id='word_1_62' title='bbox 685 1002 1102 1070; x_wconf 81' lang='grc' dir='ltr'>ἀκοινωνὴτους,</span> <span class='ocrx_word' id='word_1_63' title='bbox 1149 1002 1310 1065; x_wconf 85' lang='grc' dir='ltr'><strong>εὐούς</strong></span> <span class='ocrx_word' id='word_1_64' title='bbox 1345 1005 1422 1065; x_wconf 87' lang='grc' dir='ltr'>εἰς</span> <span class='ocrx_word' id='word_1_65' title='bbox 1459 1002 1737 1055; x_wconf 78' lang='grc' dir='ltr'><strong>κοινωνίαν</strong></span> <span class='ocrx_word' id='word_1_66' title='bbox 1760 1001 1938 1054; x_wconf 83' lang='grc' dir='ltr'>ἀνεδέ-</span> 
     </span>
    </p>
   </div>
   <div class='ocr_carea' id='block_1_13' title="bbox 372 1089 1935 1162">
    <p class='ocr_par' dir='ltr' id='par_1_13' title="bbox 372 1089 1935 1162">
     <span class='ocr_line' id='line_1_13' title="bbox 372 1089 1935 1162; baseline -0.003 -16"><span class='ocrx_word' id='word_1_67' title='bbox 372 1091 532 1156; x_wconf 77' lang='grc' dir='ltr'>ξαντο</span> <span class='ocrx_word' id='word_1_68' title='bbox 557 1090 692 1162; x_wconf 83' lang='lat' dir='ltr'><strong>(l6).</strong></span> <span class='ocrx_word' id='word_1_69' title='bbox 715 1091 855 1159; x_wconf 78' lang='grc' dir='ltr'>Πρὸς</span> <span class='ocrx_word' id='word_1_70' title='bbox 884 1090 1091 1154; x_wconf 81' lang='grc' dir='ltr'>τούτοις</span> <span class='ocrx_word' id='word_1_71' title='bbox 1117 1091 1172 1144; x_wconf 85' lang='grc' dir='ltr'>δὲ</span> <span class='ocrx_word' id='word_1_72' title='bbox 1206 1093 1299 1144; x_wconf 76' lang='grc' dir='ltr'><strong>καὶ</strong></span> <span class='ocrx_word' id='word_1_73' title='bbox 1317 1092 1532 1162; x_wconf 86' lang='grc' dir='ltr'>ἐτέρους</span> <span class='ocrx_word' id='word_1_74' title='bbox 1548 1092 1640 1143; x_wconf 74' lang='grc' dir='ltr'><strong>καὶ</strong></span> <span class='ocrx_word' id='word_1_75' title='bbox 1668 1093 1757 1143; x_wconf 79' lang='grc' dir='ltr'><strong>ἐπί</strong></span> <span class='ocrx_word' id='word_1_76' title='bbox 1786 1089 1935 1159; x_wconf 81' lang='grc' dir='ltr'>αἱρέ-</span> 
     </span>
    </p>
   </div>
   <div class='ocr_carea' id='block_1_14' title="bbox 373 1182 1936 1251">
    <p class='ocr_par' dir='ltr' id='par_1_14' title="bbox 373 1182 1936 1251">
     <span class='ocr_line' id='line_1_14' title="bbox 373 1182 1936 1251; baseline -0.002 -15"><span class='ocrx_word' id='word_1_77' title='bbox 373 1201 524 1236; x_wconf 85' lang='grc' dir='ltr'>σεσιν</span> <span class='ocrx_word' id='word_1_78' title='bbox 565 1183 1016 1251; x_wconf 74' lang='grc' dir='ltr'><strong>ἐγκαλουμένους,</strong></span> <span class='ocrx_word' id='word_1_79' title='bbox 1070 1183 1162 1234; x_wconf 74' lang='grc' dir='ltr'>καὶ</span> <span class='ocrx_word' id='word_1_80' title='bbox 1208 1183 1275 1236; x_wconf 75' lang='grc' dir='ltr'><strong>τά</strong></span> <span class='ocrx_word' id='word_1_81' title='bbox 1300 1183 1436 1236; x_wconf 72' lang='grc' dir='ltr'>αὐτὰ</span> <span class='ocrx_word' id='word_1_82' title='bbox 1473 1182 1799 1250; x_wconf 77' lang='grc' dir='ltr'><strong>φρονοῦντας</strong></span> <span class='ocrx_word' id='word_1_83' title='bbox 1832 1183 1936 1233; x_wconf 83' lang='grc' dir='ltr'><strong>Κε-</strong></span> 
     </span>
    </p>
   </div>
   <div class='ocr_carea' id='block_1_15' title="bbox 371 1273 1937 1345">
    <p class='ocr_par' dir='ltr' id='par_1_15' title="bbox 371 1273 1937 1345">
     <span class='ocr_line' id='line_1_15' title="bbox 371 1273 1937 1345; baseline -0.003 -17"><span class='ocrx_word' id='word_1_84' title='bbox 371 1275 565 1345; x_wconf 83' lang='grc' dir='ltr'>λεστίῳ</span> <span class='ocrx_word' id='word_1_85' title='bbox 610 1274 701 1327; x_wconf 73' lang='grc' dir='ltr'>καὶ</span> <span class='ocrx_word' id='word_1_86' title='bbox 727 1274 975 1343; x_wconf 78' lang='grc' dir='ltr'>Πελαγίῳ</span> <span class='ocrx_word' id='word_1_87' title='bbox 1017 1273 1260 1345; x_wconf 83' lang='grc' dir='ltr'>(Εὐχῖται</span> <span class='ocrx_word' id='word_1_88' title='bbox 1295 1274 1402 1343; x_wconf 89' lang='grc' dir='ltr'><strong>γάρ</strong></span> <span class='ocrx_word' id='word_1_89' title='bbox 1429 1275 1584 1337; x_wconf 88' lang='grc' dir='ltr'>εἰσιν,</span> <span class='ocrx_word' id='word_1_90' title='bbox 1615 1274 1780 1342; x_wconf 71' lang='grc' dir='ltr'>ἢγουν</span> <span class='ocrx_word' id='word_1_91' title='bbox 1819 1273 1937 1324; x_wconf 86' lang='grc' dir='ltr'>Ἑν-</span> 
     </span>
    </p>
   </div>
   <div class='ocr_carea' id='block_1_16' title="bbox 374 1359 1932 1435">
    <p class='ocr_par' dir='ltr' id='par_1_16' title="bbox 374 1359 1932 1435">
     <span class='ocr_line' id='line_1_16' title="bbox 374 1359 1932 1435; baseline -0.003 -17"><span class='ocrx_word' id='word_1_92' title='bbox 374 1365 740 1435; x_wconf 82' lang='grc' dir='ltr'>Θουσιασταί)·</span> <span class='ocrx_word' id='word_1_93' title='bbox 771 1364 848 1418; x_wconf 75' lang='grc' dir='ltr'><strong>διο</strong></span> <span class='ocrx_word' id='word_1_94' title='bbox 872 1367 964 1418; x_wconf 72' lang='grc' dir='ltr'><strong>καὶ</strong></span> <span class='ocrx_word' id='word_1_95' title='bbox 988 1365 1337 1435; x_wconf 79' lang='grc' dir='ltr'>ἁκοινὼνητοι</span> <span class='ocrx_word' id='word_1_96' title='bbox 1354 1359 1491 1433; x_wconf 75' lang='grc' dir='ltr'>ἦσαν</span> <span class='ocrx_word' id='word_1_97' title='bbox 1508 1363 1653 1432; x_wconf 81' lang='grc' dir='ltr'>τῴτε</span> <span class='ocrx_word' id='word_1_98' title='bbox 1671 1363 1932 1432; x_wconf 80' lang='grc' dir='ltr'>διοικητῇ,</span> 
     </span>
    </p>
   </div>
   <div class='ocr_carea' id='block_1_17' title="bbox 373 1454 1936 1526">
    <p class='ocr_par' dir='ltr' id='par_1_17' title="bbox 373 1454 1936 1526">
     <span class='ocr_line' id='line_1_17' title="bbox 373 1454 1936 1526; baseline -0.002 -17"><span class='ocrx_word' id='word_1_99' title='bbox 373 1459 468 1510; x_wconf 71' lang='grc' dir='ltr'><strong>καὶ</strong></span> <span class='ocrx_word' id='word_1_100' title='bbox 517 1457 591 1525; x_wconf 76' lang='grc' dir='ltr'><strong>τῷ</strong></span> <span class='ocrx_word' id='word_1_101' title='bbox 631 1456 1020 1526; x_wconf 75' lang='grc' dir='ltr'>μητροπολίτῃ·</span> <span class='ocrx_word' id='word_1_102' title='bbox 1058 1455 1156 1526; x_wconf 77' lang='grc' dir='ltr'>τῆς</span> <span class='ocrx_word' id='word_1_103' title='bbox 1191 1456 1650 1526; x_wconf 82' lang='grc' dir='ltr'>ἐκκλησιαστικῆς</span> <span class='ocrx_word' id='word_1_104' title='bbox 1686 1454 1936 1517; x_wconf 78' lang='grc' dir='ltr'>εὐταξίας</span> 
     </span>
    </p>
   </div>
   <div class='ocr_carea' id='block_1_18' title="bbox 371 1546 1932 1621">
    <p class='ocr_par' dir='ltr' id='par_1_18' title="bbox 371 1546 1932 1621">
     <span class='ocr_line' id='line_1_18' title="bbox 371 1546 1932 1621; baseline -0.002 -20"><span class='ocrx_word' id='word_1_105' title='bbox 371 1549 887 1621; x_wconf 61' lang='grc' dir='ltr'>καταφρονήσαντες</span> <span class='ocrx_word' id='word_1_106' title='bbox 941 1549 1020 1609; x_wconf 86' lang='grc' dir='ltr'><strong>είς</strong></span> <span class='ocrx_word' id='word_1_107' title='bbox 1076 1547 1358 1600; x_wconf 77' lang='grc' dir='ltr'>κοινωνίαν</span> <span class='ocrx_word' id='word_1_108' title='bbox 1417 1546 1664 1611; x_wconf 77' lang='grc' dir='ltr'>ἐδέξαντο</span> <span class='ocrx_word' id='word_1_109' title='bbox 1714 1546 1932 1607; x_wconf 73' lang='grc' dir='ltr'>αὐτοὺς,</span> 
     </span>
    </p>
   </div>
   <div class='ocr_carea' id='block_1_19' title="bbox 369 1635 1933 1706">
    <p class='ocr_par' dir='ltr' id='par_1_19' title="bbox 369 1635 1933 1706">
     <span class='ocr_line' id='line_1_19' title="bbox 369 1635 1933 1706; baseline -0.003 -16"><span class='ocrx_word' id='word_1_110' title='bbox 369 1639 429 1690; x_wconf 79' lang='grc' dir='ltr'><strong>τὸ</strong></span> <span class='ocrx_word' id='word_1_111' title='bbox 466 1638 663 1704; x_wconf 77' lang='grc' dir='ltr'>πλῆθος</span> <span class='ocrx_word' id='word_1_112' title='bbox 694 1639 904 1697; x_wconf 78' lang='grc' dir='ltr'>ἑαυτοῖς</span> <span class='ocrx_word' id='word_1_113' title='bbox 939 1638 1272 1706; x_wconf 72' lang='grc' dir='ltr'>πανταχόθεν</span> <span class='ocrx_word' id='word_1_114' title='bbox 1321 1635 1686 1705; x_wconf 74' lang='grc' dir='ltr'>ἀθροίζοντες,</span> <span class='ocrx_word' id='word_1_115' title='bbox 1722 1635 1814 1686; x_wconf 67' lang='grc' dir='ltr'><strong>καὶ</strong></span> <span class='ocrx_word' id='word_1_116' title='bbox 1844 1652 1933 1687; x_wconf 87' lang='grc' dir='ltr'>τυ-</span> 
     </span>
    </p>
   </div>
   <div class='ocr_carea' id='block_1_20' title="bbox 2043 425 2474 489">
    <p class='ocr_par' dir='ltr' id='par_1_20' title="bbox 2043 425 2474 489">
     <span class='ocr_line' id='line_1_20' title="bbox 2043 425 2474 489; baseline 0 -1"><span class='ocrx_word' id='word_1_117' title='bbox 2043 433 2210 488; x_wconf 86' lang='lat' dir='ltr'><strong>traria</strong></span> <span class='ocrx_word' id='word_1_118' title='bbox 2244 425 2422 489; x_wconf 81' lang='lat' dir='ltr'><strong>docet.</strong></span> <span class='ocrx_word' id='word_1_119' title='bbox 2471 435 2474 438; x_wconf 87' lang='grc'><strong>’</strong></span> 
     </span>
    </p>
   </div>
   <div class='ocr_carea' id='block_1_21' title="bbox 2107 630 3604 708">
    <p class='ocr_par' dir='ltr' id='par_1_21' title="bbox 2107 630 3604 708">
     <span class='ocr_line' id='line_1_21' title="bbox 2107 630 3604 708; baseline 0.005 -23"><span class='ocrx_word' id='word_1_120' title='bbox 2107 630 2213 686; x_wconf 85' lang='lat' dir='ltr'><strong>Sed</strong></span> <span class='ocrx_word' id='word_1_121' title='bbox 2238 647 2341 686; x_wconf 87' lang='lat' dir='ltr'><strong>nec</strong></span> <span class='ocrx_word' id='word_1_122' title='bbox 2367 630 2512 685; x_wconf 88' lang='lat' dir='ltr'><strong>istud</strong></span> <span class='ocrx_word' id='word_1_123' title='bbox 2540 631 2882 686; x_wconf 85' lang='lat' dir='ltr'><strong>sanctitatem</strong></span> <span class='ocrx_word' id='word_1_124' title='bbox 2908 642 3052 686; x_wconf 89' lang='lat' dir='ltr'><strong>tuam</strong></span> <span class='ocrx_word' id='word_1_125' title='bbox 3079 645 3381 703; x_wconf 63' lang='lat' dir='ltr'><strong>praetereat,</strong></span> <span class='ocrx_word' id='word_1_126' title='bbox 3408 652 3604 708; x_wconf 83' lang='lat' dir='ltr'><strong>nempe</strong></span> 
     </span>
    </p>
   </div>
   <div class='ocr_carea' id='block_1_22' title="bbox 2036 718 3601 792">
    <p class='ocr_par' dir='ltr' id='par_1_22' title="bbox 2036 718 3601 792">
     <span class='ocr_line' id='line_1_22' title="bbox 2036 718 3601 792; baseline 0.003 -16"><span class='ocrx_word' id='word_1_127' title='bbox 2036 719 2297 792; x_wconf 75' lang='lat' dir='ltr'><strong>Cyrillum</strong></span> <span class='ocrx_word' id='word_1_128' title='bbox 2326 718 2382 775; x_wconf 83' lang='lat' dir='ltr'><strong>et</strong></span> <span class='ocrx_word' id='word_1_129' title='bbox 2414 721 2758 774; x_wconf 84' lang='lat' dir='ltr'><strong>Memnonem</strong></span> <span class='ocrx_word' id='word_1_130' title='bbox 2791 719 2808 740; x_wconf 80' lang='grc'><strong>⁴</strong></span> <span class='ocrx_word' id='word_1_131' title='bbox 2847 725 2963 774; x_wconf 85' lang='lat' dir='ltr'><strong>non‘</strong></span> <span class='ocrx_word' id='word_1_132' title='bbox 2987 731 3275 776; x_wconf 87' lang='lat' dir='ltr'><strong>contentos</strong></span> <span class='ocrx_word' id='word_1_133' title='bbox 3311 723 3475 780; x_wconf 80' lang='lat' dir='ltr'><strong>fuisse</strong></span> <span class='ocrx_word' id='word_1_134' title='bbox 3509 743 3601 781; x_wconf 85' lang='lat' dir='ltr'><strong>or-</strong></span> 
     </span>
    </p>
   </div>
   <div class='ocr_carea' id='block_1_23' title="bbox 2040 809 3602 886">
    <p class='ocr_par' dir='ltr' id='par_1_23' title="bbox 2040 809 3602 886">
     <span class='ocr_line' id='line_1_23' title="bbox 2040 809 3602 886; baseline 0.006 -24"><span class='ocrx_word' id='word_1_135' title='bbox 2040 809 2329 864; x_wconf 81' lang='lat' dir='ltr'><strong>thodoxam</strong></span> <span class='ocrx_word' id='word_1_136' title='bbox 2359 809 2518 863; x_wconf 81' lang='lat' dir='ltr'><strong>[idem</strong></span> <span class='ocrx_word' id='word_1_137' title='bbox 2565 810 2898 880; x_wconf 82' lang='lat' dir='ltr'><strong>corrupisse,</strong></span> <span class='ocrx_word' id='word_1_138' title='bbox 2931 819 3122 865; x_wconf 84' lang='lat' dir='ltr'><strong>verum</strong></span> <span class='ocrx_word' id='word_1_139' title='bbox 3160 828 3351 868; x_wconf 90' lang='lat' dir='ltr'><strong>omnes</strong></span> <span class='ocrx_word' id='word_1_140' title='bbox 3384 831 3602 886; x_wconf 86' lang='lat' dir='ltr'><strong>quoque</strong></span> 
     </span>
    </p>
   </div>
   <div class='ocr_carea' id='block_1_24' title="bbox 2038 889 3603 973">
    <p class='ocr_par' dir='ltr' id='par_1_24' title="bbox 2038 889 3603 973">
     <span class='ocr_line' id='line_1_24' title="bbox 2038 889 3603 973; baseline 0.003 -17"><span class='ocrx_word' id='word_1_141' title='bbox 2038 901 2330 956; x_wconf 90' lang='lat' dir='ltr'><strong>canonicas</strong></span> <span class='ocrx_word' id='word_1_142' title='bbox 2370 889 2683 956; x_wconf 85' lang='lat' dir='ltr'><strong>sanctiones</strong></span> <span class='ocrx_word' id='word_1_143' title='bbox 2709 901 3133 970; x_wconf 87' lang='lat' dir='ltr'><strong>proculcavisse.</strong></span> <span class='ocrx_word' id='word_1_144' title='bbox 3164 903 3299 956; x_wconf 71' lang='lat' dir='ltr'><strong>Nam</strong></span> <span class='ocrx_word' id='word_1_145' title='bbox 3329 906 3422 973; x_wconf 84' lang='lat' dir='ltr'><strong>qui</strong></span> <span class='ocrx_word' id='word_1_146' title='bbox 3463 921 3491 959; x_wconf 91' lang='lat' dir='ltr'><strong>a</strong></span> <span class='ocrx_word' id='word_1_147' title='bbox 3520 907 3603 959; x_wconf 91' lang='lat' dir='ltr'><strong>di-</strong></span> 
     </span>
    </p>
   </div>
   <div class='ocr_carea' id='block_1_25' title="bbox 2037 993 3598 1064">
    <p class='ocr_par' dir='ltr' id='par_1_25' title="bbox 2037 993 3598 1064">
     <span class='ocr_line' id='line_1_25' title="bbox 2037 993 3598 1064; baseline 0.003 -18"><span class='ocrx_word' id='word_1_148' title='bbox 2037 994 2212 1050; x_wconf 84' lang='lat' dir='ltr'><strong>versis</strong></span> <span class='ocrx_word' id='word_1_149' title='bbox 2249 993 2579 1050; x_wconf 72' lang='lat' dir='ltr'><strong>ditecesibus</strong></span> <span class='ocrx_word' id='word_1_150' title='bbox 2613 1002 2780 1063; x_wconf 87' lang='lat' dir='ltr'><strong>atque</strong></span> <span class='ocrx_word' id='word_1_151' title='bbox 2827 995 3126 1064; x_wconf 76' lang='lat' dir='ltr'><strong>provinciis</strong></span> <span class='ocrx_word' id='word_1_152' title='bbox 3156 998 3598 1051; x_wconf 79' lang='lat' dir='ltr'><strong>excommunica-</strong></span> 
     </span>
    </p>
   </div>
   <div class='ocr_carea' id='block_1_26' title="bbox 2037 1083 3599 1154">
    <p class='ocr_par' dir='ltr' id='par_1_26' title="bbox 2037 1083 3599 1154">
     <span class='ocr_line' id='line_1_26' title="bbox 2037 1083 3599 1154; baseline 0.003 -17"><span class='ocrx_word' id='word_1_153' title='bbox 2037 1084 2187 1140; x_wconf 88' lang='lat' dir='ltr'><strong>tione</strong></span> <span class='ocrx_word' id='word_1_154' title='bbox 2202 1085 2438 1153; x_wconf 82' lang='lat' dir='ltr'><strong>perculsi</strong></span> <span class='ocrx_word' id='word_1_155' title='bbox 2475 1083 2718 1148; x_wconf 85' lang='lat' dir='ltr'><strong>fuerunt,</strong></span> <span class='ocrx_word' id='word_1_156' title='bbox 2753 1085 2873 1139; x_wconf 90' lang='lat' dir='ltr'><strong>illos</strong></span> <span class='ocrx_word' id='word_1_157' title='bbox 2899 1084 3001 1154; x_wconf 87' lang='lat' dir='ltr'><strong>ipsi</strong></span> <span class='ocrx_word' id='word_1_158' title='bbox 3044 1086 3225 1139; x_wconf 78' lang='lat' dir='ltr'><strong>statim</strong></span> <span class='ocrx_word' id='word_1_159' title='bbox 3263 1086 3315 1140; x_wconf 90' lang='lat' dir='ltr'><strong>in</strong></span> <span class='ocrx_word' id='word_1_160' title='bbox 3351 1103 3599 1141; x_wconf 83' lang='lat' dir='ltr'><strong>conmm-</strong></span> 
     </span>
    </p>
   </div>
   <div class='ocr_carea' id='block_1_27' title="bbox 2036 1175 3598 1245">
    <p class='ocr_par' dir='ltr' id='par_1_27' title="bbox 2036 1175 3598 1245">
     <span class='ocr_line' id='line_1_27' title="bbox 2036 1175 3598 1245; baseline 0.002 -18"><span class='ocrx_word' id='word_1_161' title='bbox 2036 1175 2255 1228; x_wconf 87' lang='lat' dir='ltr'><strong>nionem</strong></span> <span class='ocrx_word' id='word_1_162' title='bbox 2280 1180 2623 1244; x_wconf 87' lang='lat' dir='ltr'><strong>recepcrunt.</strong></span> <span class='ocrx_word' id='word_1_163' title='bbox 2647 1175 2795 1230; x_wconf 83' lang='lat' dir='ltr'><strong>Alios</strong></span> <span class='ocrx_word' id='word_1_164' title='bbox 2818 1185 3082 1245; x_wconf 62' lang='lat' dir='ltr'><strong>praetcrea</strong></span> <span class='ocrx_word' id='word_1_165' title='bbox 3105 1176 3170 1230; x_wconf 91' lang='lat' dir='ltr'><strong>de</strong></span> <span class='ocrx_word' id='word_1_166' title='bbox 3189 1176 3416 1231; x_wconf 72' lang='lat' dir='ltr'><strong>diversis</strong></span> <span class='ocrx_word' id='word_1_167' title='bbox 3435 1178 3598 1232; x_wconf 89' lang='lat' dir='ltr'><strong>etiam</strong></span> 
     </span>
    </p>
   </div>
   <div class='ocr_carea' id='block_1_28' title="bbox 2038 1267 3598 1346">
    <p class='ocr_par' dir='ltr' id='par_1_28' title="bbox 2038 1267 3598 1346">
     <span class='ocr_line' id='line_1_28' title="bbox 2038 1267 3598 1346; baseline 0.001 -25"><span class='ocrx_word' id='word_1_168' title='bbox 2038 1267 2344 1322; x_wconf 78' lang='lat' dir='ltr'><strong>haeresibus</strong></span> <span class='ocrx_word' id='word_1_169' title='bbox 2397 1277 2719 1332; x_wconf 84' lang='lat' dir='ltr'><strong>accusatos,</strong></span> <span class='ocrx_word' id='word_1_170' title='bbox 2770 1268 3070 1339; x_wconf 88' lang='lat' dir='ltr'><strong>eademque</strong></span> <span class='ocrx_word' id='word_1_171' title='bbox 3130 1270 3429 1346; x_wconf 80' lang='lat' dir='ltr'><strong>sentientes</strong></span> <span class='ocrx_word' id='word_1_172' title='bbox 3475 1287 3598 1324; x_wconf 91' lang='lat' dir='ltr'><strong>cum</strong></span> 
     </span>
    </p>
   </div>
   <div class='ocr_carea' id='block_1_29' title="bbox 2035 1355 3596 1430">
    <p class='ocr_par' dir='ltr' id='par_1_29' title="bbox 2035 1355 3596 1430">
     <span class='ocr_line' id='line_1_29' title="bbox 2035 1355 3596 1430; baseline 0.003 -19"><span class='ocrx_word' id='word_1_173' title='bbox 2035 1357 2295 1413; x_wconf 72' lang='lat' dir='ltr'><strong>lecstio</strong></span> <span class='ocrx_word' id='word_1_174' title='bbox 2338 1367 2394 1412; x_wconf 88' lang='lat' dir='ltr'><strong>et</strong></span> <span class='ocrx_word' id='word_1_175' title='bbox 2433 1356 2651 1428; x_wconf 76' lang='lat' dir='ltr'><strong>Pelagio</strong></span> <span class='ocrx_word' id='word_1_176' title='bbox 2677 1359 2943 1430; x_wconf 69' lang='lat' dir='ltr'><strong>(Euchitzc</strong></span> <span class='ocrx_word' id='word_1_177' title='bbox 2984 1360 3130 1414; x_wconf 85' lang='lat' dir='ltr'><strong>enim</strong></span> <span class='ocrx_word' id='word_1_178' title='bbox 3163 1370 3309 1424; x_wconf 87' lang='lat' dir='ltr'><strong>sunt,</strong></span> <span class='ocrx_word' id='word_1_179' title='bbox 3347 1355 3460 1416; x_wconf 73' lang='lat' dir='ltr'><strong>sive</strong></span> <span class='ocrx_word' id='word_1_180' title='bbox 3493 1363 3596 1416; x_wconf 82' lang='lat' dir='ltr'><strong>En-</strong></span> 
     </span>
    </p>
   </div>
   <div class='ocr_carea' id='block_1_30' title="bbox 2037 1446 3599 1522">
    <p class='ocr_par' dir='ltr' id='par_1_30' title="bbox 2037 1446 3599 1522">
     <span class='ocr_line' id='line_1_30' title="bbox 2037 1446 3599 1522; baseline 0.004 -22"><span class='ocrx_word' id='word_1_181' title='bbox 2037 1446 2361 1517; x_wconf 69' lang='lat' dir='ltr'><strong>tltusiastm),</strong></span> <span class='ocrx_word' id='word_1_182' title='bbox 2381 1456 2436 1501; x_wconf 91' lang='lat' dir='ltr'><strong>et</strong></span> <span class='ocrx_word' id='word_1_183' title='bbox 2460 1447 2531 1501; x_wconf 89' lang='lat' dir='ltr'><strong>ob</strong></span> <span class='ocrx_word' id='word_1_184' title='bbox 2560 1448 2611 1501; x_wconf 91' lang='lat' dir='ltr'><strong>id</strong></span> <span class='ocrx_word' id='word_1_185' title='bbox 2640 1463 2670 1501; x_wconf 92' lang='lat' dir='ltr'><strong>a</strong></span> <span class='ocrx_word' id='word_1_186' title='bbox 2701 1464 2799 1502; x_wconf 93' lang='lat' dir='ltr'><strong>suo</strong></span> <span class='ocrx_word' id='word_1_187' title='bbox 2827 1449 3137 1504; x_wconf 71' lang='lat' dir='ltr'><strong>diteccsano</strong></span> <span class='ocrx_word' id='word_1_188' title='bbox 3169 1452 3252 1504; x_wconf 81' lang='lat' dir='ltr'><strong>vel</strong></span> <span class='ocrx_word' id='word_1_189' title='bbox 3281 1455 3599 1522; x_wconf 62' lang='lat' dir='ltr'><strong>metropoli-</strong></span> 
     </span>
    </p>
   </div>
   <div class='ocr_carea' id='block_1_31' title="bbox 2038 1539 3600 1610">
    <p class='ocr_par' dir='ltr' id='par_1_31' title="bbox 2038 1539 3600 1610">
     <span class='ocr_line' id='line_1_31' title="bbox 2038 1539 3600 1610; baseline 0.002 -18"><span class='ocrx_word' id='word_1_190' title='bbox 2038 1546 2165 1592; x_wconf 85' lang='lat' dir='ltr'><strong>tano</strong></span> <span class='ocrx_word' id='word_1_191' title='bbox 2195 1539 2718 1603; x_wconf 75' lang='lat' dir='ltr'><strong>exeommunicatos,</strong></span> <span class='ocrx_word' id='word_1_192' title='bbox 2745 1539 3118 1593; x_wconf 78' lang='lat' dir='ltr'><strong>ecclesiastica</strong></span> <span class='ocrx_word' id='word_1_193' title='bbox 3151 1540 3435 1610; x_wconf 83' lang='lat' dir='ltr'><strong>disciplina</strong></span> <span class='ocrx_word' id='word_1_194' title='bbox 3471 1558 3600 1595; x_wconf 85' lang='lat' dir='ltr'><strong>con-</strong></span> 
     </span>
    </p>
   </div>
   <div class='ocr_carea' id='block_1_32' title="bbox 2038 1630 3601 1698">
    <p class='ocr_par' dir='ltr' id='par_1_32' title="bbox 2038 1630 3601 1698">
     <span class='ocr_line' id='line_1_32' title="bbox 2038 1630 3601 1698; baseline 0.003 -16"><span class='ocrx_word' id='word_1_195' title='bbox 2038 1636 2262 1698; x_wconf 69' lang='lat' dir='ltr'><strong>tempta,</strong></span> <span class='ocrx_word' id='word_1_196' title='bbox 2291 1630 2665 1684; x_wconf 91' lang='lat' dir='ltr'><strong>communioni</strong></span> <span class='ocrx_word' id='word_1_197' title='bbox 2708 1630 3091 1693; x_wconf 85' lang='lat' dir='ltr'><strong>restituerunt,</strong></span> <span class='ocrx_word' id='word_1_198' title='bbox 3123 1631 3474 1686; x_wconf 82' lang='lat' dir='ltr'><strong>multitudine</strong></span> <span class='ocrx_word' id='word_1_199' title='bbox 3500 1649 3601 1686; x_wconf 83' lang='lat' dir='ltr'><strong>uu-</strong></span> 
     </span>
    </p>
   </div>
   <div class='ocr_carea' id='block_1_33' title="bbox 370 1701 1921 1799">
    <p class='ocr_par' dir='ltr' id='par_1_33' title="bbox 370 1726 1912 1799">
     <span class='ocr_line' id='line_1_33' title="bbox 370 1726 1912 1799; baseline -0.002 -18"><span class='ocrx_word' id='word_1_200' title='bbox 370 1728 638 1799; x_wconf 82' lang='grc' dir='ltr'>ραννικῶς</span> <span class='ocrx_word' id='word_1_201' title='bbox 672 1727 869 1796; x_wconf 79' lang='grc' dir='ltr'>μᾶλλον</span> <span class='ocrx_word' id='word_1_202' title='bbox 908 1727 939 1798; x_wconf 81' lang='grc' dir='ltr'><strong>ἦ</strong></span> <span class='ocrx_word' id='word_1_203' title='bbox 974 1727 1211 1789; x_wconf 78' lang='grc' dir='ltr'>εὐσεϐῶς</span> <span class='ocrx_word' id='word_1_204' title='bbox 1235 1727 1578 1796; x_wconf 75' lang='grc' dir='ltr'>δογματίζειν</span> <span class='ocrx_word' id='word_1_205' title='bbox 1619 1726 1912 1789; x_wconf 70' lang='grc' dir='ltr'>σπουδάζον</span> 
     </span>
    </p>
   </div>
   <div class='ocr_carea' id='block_1_34' title="bbox 2029 1701 3599 1799">
    <p class='ocr_par' dir='ltr' id='par_1_34' title="bbox 2034 1719 3599 1793">
     <span class='ocr_line' id='line_1_34' title="bbox 2034 1719 3599 1793; baseline 0.004 -21"><span class='ocrx_word' id='word_1_206' title='bbox 2034 1719 2319 1789; x_wconf 89' lang='lat' dir='ltr'><strong>decunque</strong></span> <span class='ocrx_word' id='word_1_207' title='bbox 2341 1719 2445 1774; x_wconf 89' lang='lat' dir='ltr'><strong>sibi</strong></span> <span class='ocrx_word' id='word_1_208' title='bbox 2481 1732 2688 1786; x_wconf 88' lang='lat' dir='ltr'><strong>coacta,</strong></span> <span class='ocrx_word' id='word_1_209' title='bbox 2726 1737 2789 1775; x_wconf 89' lang='lat' dir='ltr'><strong>ac</strong></span> <span class='ocrx_word' id='word_1_210' title='bbox 2819 1723 3096 1792; x_wconf 89' lang='lat' dir='ltr'><strong>tyrannice</strong></span> <span class='ocrx_word' id='word_1_211' title='bbox 3121 1723 3302 1792; x_wconf 84' lang='lat' dir='ltr'><strong>potius</strong></span> <span class='ocrx_word' id='word_1_212' title='bbox 3325 1740 3484 1792; x_wconf 86' lang='lat' dir='ltr'><strong>quam</strong></span> <span class='ocrx_word' id='word_1_213' title='bbox 3513 1725 3599 1793; x_wconf 93' lang='lat' dir='ltr'><strong>pie</strong></span> 
     </span>
    </p>
   </div>
   <div class='ocr_carea' id='block_1_35' title="bbox 367 1819 1932 1891">
    <p class='ocr_par' dir='ltr' id='par_1_35' title="bbox 367 1819 1932 1891">
     <span class='ocr_line' id='line_1_35' title="bbox 367 1819 1932 1891; baseline -0.003 -17"><span class='ocrx_word' id='word_1_214' title='bbox 367 1839 475 1884; x_wconf 87' lang='grc' dir='ltr'>τες.</span> <span class='ocrx_word' id='word_1_215' title='bbox 521 1821 735 1891; x_wconf 73' lang='grc' dir='ltr'>Ἐπειδὴ</span> <span class='ocrx_word' id='word_1_216' title='bbox 762 1819 870 1890; x_wconf 72' lang='grc' dir='ltr'><strong>γάρ</strong></span> <span class='ocrx_word' id='word_1_217' title='bbox 896 1823 994 1889; x_wconf 79' lang='grc' dir='ltr'><strong>τῆς</strong></span> <span class='ocrx_word' id='word_1_218' title='bbox 1023 1820 1303 1881; x_wconf 84' lang='grc' dir='ltr'>εὐσεϐείας</span> <span class='ocrx_word' id='word_1_219' title='bbox 1335 1819 1736 1888; x_wconf 82' lang='grc' dir='ltr'>ἐγεγύμνωντο,</span> <span class='ocrx_word' id='word_1_220' title='bbox 1762 1819 1932 1884; x_wconf 85' lang='grc' dir='ltr'>άναγ-</span> 
     </span>
    </p>
   </div>
   <div class='ocr_carea' id='block_1_36' title="bbox 368 1908 1933 1981">
    <p class='ocr_par' dir='ltr' id='par_1_36' title="bbox 368 1908 1933 1981">
     <span class='ocr_line' id='line_1_36' title="bbox 368 1908 1933 1981; baseline -0.003 -15"><span class='ocrx_word' id='word_1_221' title='bbox 368 1912 536 1974; x_wconf 82' lang='grc' dir='ltr'>καίως</span> <span class='ocrx_word' id='word_1_222' title='bbox 567 1913 775 1973; x_wconf 76' lang='grc' dir='ltr'>ἑαυτοῖς</span> <span class='ocrx_word' id='word_1_223' title='bbox 810 1911 1001 1981; x_wconf 78' lang='grc' dir='ltr'>ἑτέραν</span> <span class='ocrx_word' id='word_1_224' title='bbox 1029 1911 1329 1980; x_wconf 71' lang='grc' dir='ltr'>ἐπενόησαν</span> <span class='ocrx_word' id='word_1_225' title='bbox 1365 1908 1933 1979; x_wconf 78' lang='grc' dir='ltr'>δύναμιν,άνοριὶ›πων</span> 
     </span>
    </p>
   </div>
   <div class='ocr_carea' id='block_1_37' title="bbox 365 1998 1931 2071">
    <p class='ocr_par' dir='ltr' id='par_1_37' title="bbox 365 1998 1931 2071">
     <span class='ocr_line' id='line_1_37' title="bbox 365 1998 1931 2071; baseline -0.003 -17"><span class='ocrx_word' id='word_1_226' title='bbox 365 2003 538 2071; x_wconf 80' lang='grc' dir='ltr'>τείχη,</span> <span class='ocrx_word' id='word_1_227' title='bbox 572 2001 864 2071; x_wconf 86' lang='grc' dir='ltr'>χρημάτων</span> <span class='ocrx_word' id='word_1_228' title='bbox 917 1999 1178 2069; x_wconf 72' lang='grc' dir='ltr'>ῥεύμασιν</span> <span class='ocrx_word' id='word_1_229' title='bbox 1207 2000 1438 2071; x_wconf 75' lang='grc' dir='ltr'>οἰόμενοι</span> <span class='ocrx_word' id='word_1_230' title='bbox 1480 2000 1576 2070; x_wconf 82' lang='grc' dir='ltr'>τὴν</span> <span class='ocrx_word' id='word_1_231' title='bbox 1608 1999 1716 2051; x_wconf 81' lang='grc' dir='ltr'><strong>τῶν</strong></span> <span class='ocrx_word' id='word_1_232' title='bbox 1761 1998 1931 2052; x_wconf 84' lang='grc' dir='ltr'>Πατέ-</span> 
     </span>
    </p>
   </div>
   <div class='ocr_carea' id='block_1_38' title="bbox 368 2089 1928 2163">
    <p class='ocr_par' dir='ltr' id='par_1_38' title="bbox 368 2089 1928 2163">
     <span class='ocr_line' id='line_1_38' title="bbox 368 2089 1928 2163; baseline -0.001 -18"><span class='ocrx_word' id='word_1_233' title='bbox 368 2111 474 2163; x_wconf 88' lang='grc' dir='ltr'><strong>ρων</strong></span> <span class='ocrx_word' id='word_1_234' title='bbox 516 2089 978 2160; x_wconf 79' lang='grc' dir='ltr'>καταγωνίζεσοαι</span> <span class='ocrx_word' id='word_1_235' title='bbox 1003 2092 1202 2146; x_wconf 88' lang='grc' dir='ltr'>πίστιν.</span> <span class='ocrx_word' id='word_1_236' title='bbox 1236 2092 1398 2144; x_wconf 76' lang='grc' dir='ltr'>Ἀλλὰ</span> <span class='ocrx_word' id='word_1_237' title='bbox 1425 2091 1629 2144; x_wconf 85' lang='grc' dir='ltr'>τούτων</span> <span class='ocrx_word' id='word_1_238' title='bbox 1655 2091 1807 2143; x_wconf 79' lang='grc' dir='ltr'>οὐδὲν</span> <span class='ocrx_word' id='word_1_239' title='bbox 1831 2091 1928 2143; x_wconf 85' lang='grc' dir='ltr'>αὐ-</span> 
     </span>
    </p>
   </div>
   <div class='ocr_carea' id='block_1_39' title="bbox 366 2175 1927 2250">
    <p class='ocr_par' dir='ltr' id='par_1_39' title="bbox 366 2175 1927 2250">
     <span class='ocr_line' id='line_1_39' title="bbox 366 2175 1927 2250; baseline -0.012 -4"><span class='ocrx_word' id='word_1_240' title='bbox 366 2184 493 2244; x_wconf 76' lang='grc' dir='ltr'>τοὺς</span> <span class='ocrx_word' id='word_1_241' title='bbox 523 2183 705 2250; x_wconf 68' lang='grc' dir='ltr'><strong>ἐονήειέτ-</strong></span> <span class='ocrx_word' id='word_1_242' title='bbox 731 2181 824 2248; x_wconf 73' lang='grc' dir='ltr'><strong>τῆς</strong></span> <span class='ocrx_word' id='word_1_243' title='bbox 862 2180 1126 2249; x_wconf 75' lang='grc' dir='ltr'>ὑμετέρας</span> <span class='ocrx_word' id='word_1_244' title='bbox 1157 2179 1474 2250; x_wconf 77' lang='grc' dir='ltr'>ἐρρωμένης</span> <span class='ocrx_word' id='word_1_245' title='bbox 1503 2175 1927 2245; x_wconf 66' lang='grc' dir='ltr'>ὁσιότητοςῌἾ),</span> 
     </span>
    </p>
   </div>
   <div class='ocr_carea' id='block_1_40' title="bbox 368 2268 1698 2341">
    <p class='ocr_par' dir='ltr' id='par_1_40' title="bbox 368 2268 1698 2341">
     <span class='ocr_line' id='line_1_40' title="bbox 368 2268 1698 2341; baseline -0.004 -15"><span class='ocrx_word' id='word_1_246' title='bbox 368 2275 462 2326; x_wconf 70' lang='grc' dir='ltr'><strong>καὶ</strong></span> <span class='ocrx_word' id='word_1_247' title='bbox 496 2272 739 2341; x_wconf 77' lang='grc' dir='ltr'>συνήθως</span> <span class='ocrx_word' id='word_1_248' title='bbox 771 2271 866 2340; x_wconf 78' lang='grc' dir='ltr'>τῆς</span> <span class='ocrx_word' id='word_1_249' title='bbox 891 2270 1170 2333; x_wconf 87' lang='grc' dir='ltr'>εὐσεϐείας</span> <span class='ocrx_word' id='word_1_250' title='bbox 1200 2268 1698 2339; x_wconf 81' lang='grc' dir='ltr'>ὐπερασπιζούσης.</span> 
     </span>
    </p>
   </div>
   <div class='ocr_carea' id='block_1_41' title="bbox 434 2464 1926 2539">
    <p class='ocr_par' dir='ltr' id='par_1_41' title="bbox 434 2464 1926 2539">
     <span class='ocr_line' id='line_1_41' title="bbox 434 2464 1926 2539; baseline -0.003 -17"><span class='ocrx_word' id='word_1_251' title='bbox 434 2465 823 2539; x_wconf 77' lang='grc' dir='ltr'>Παρακλήθητι</span> <span class='ocrx_word' id='word_1_252' title='bbox 856 2464 1053 2530; x_wconf 84' lang='grc' dir='ltr'>τοίνυν,</span> <span class='ocrx_word' id='word_1_253' title='bbox 1089 2465 1324 2518; x_wconf 75' lang='grc' dir='ltr'>δέσποτα</span> <span class='ocrx_word' id='word_1_254' title='bbox 1373 2464 1659 2532; x_wconf 81' lang='grc' dir='ltr'>άγιὼτατε,</span> <span class='ocrx_word' id='word_1_255' title='bbox 1697 2469 1795 2536; x_wconf 75' lang='grc' dir='ltr'>τὴν</span> <span class='ocrx_word' id='word_1_256' title='bbox 1828 2464 1926 2535; x_wconf 78' lang='grc' dir='ltr'>μὲν</span> 
     </span>
    </p>
   </div>
   <div class='ocr_carea' id='block_1_42' title="bbox 363 2555 1924 2627">
    <p class='ocr_par' dir='ltr' id='par_1_42' title="bbox 363 2555 1924 2627">
     <span class='ocr_line' id='line_1_42' title="bbox 363 2555 1924 2627; baseline -0.004 -13"><span class='ocrx_word' id='word_1_257' title='bbox 363 2559 646 2614; x_wconf 80' lang='grc' dir='ltr'>κοινωνίαν</span> <span class='ocrx_word' id='word_1_258' title='bbox 688 2557 794 2610; x_wconf 84' lang='grc' dir='ltr'>τῶν</span> <span class='ocrx_word' id='word_1_259' title='bbox 836 2555 1008 2610; x_wconf 86' lang='grc' dir='ltr'>ταῦτα</span> <span class='ocrx_word' id='word_1_260' title='bbox 1039 2555 1469 2626; x_wconf 81' lang='grc' dir='ltr'>τετολμηκότων,</span> <span class='ocrx_word' id='word_1_261' title='bbox 1503 2561 1594 2608; x_wconf 74' lang='grc' dir='ltr'>καὶ</span> <span class='ocrx_word' id='word_1_262' title='bbox 1638 2555 1736 2626; x_wconf 76' lang='grc' dir='ltr'><strong>τὴν</strong></span> <span class='ocrx_word' id='word_1_263' title='bbox 1772 2558 1924 2627; x_wconf 79' lang='grc' dir='ltr'>αἴρε-</span> 
     </span>
    </p>
   </div>
   <div class='ocr_carea' id='block_1_43' title="bbox 364 2647 1922 2718">
    <p class='ocr_par' dir='ltr' id='par_1_43' title="bbox 364 2647 1922 2718">
     <span class='ocr_line' id='line_1_43' title="bbox 364 2647 1922 2718; baseline -0.002 -14"><span class='ocrx_word' id='word_1_264' title='bbox 364 2669 448 2706; x_wconf 85' lang='grc' dir='ltr'><strong>σιν</strong></span> <span class='ocrx_word' id='word_1_265' title='bbox 491 2649 694 2718; x_wconf 81' lang='grc' dir='ltr'>ταύτην</span> <span class='ocrx_word' id='word_1_266' title='bbox 737 2647 1132 2716; x_wconf 77' lang='grc' dir='ltr'>εἰσαγαγόντων</span> <span class='ocrx_word' id='word_1_267' title='bbox 1173 2647 1526 2716; x_wconf 71' lang='grc' dir='ltr'>φυλάξασῢαι·</span> <span class='ocrx_word' id='word_1_268' title='bbox 1574 2649 1834 2716; x_wconf 82' lang='grc' dir='ltr'>γνωρίσαι</span> <span class='ocrx_word' id='word_1_269' title='bbox 1867 2648 1922 2701; x_wconf 83' lang='grc' dir='ltr'>δὲ</span> 
     </span>
    </p>
   </div>
   <div class='ocr_carea' id='block_1_44' title="bbox 361 2730 1924 2806">
    <p class='ocr_par' dir='ltr' id='par_1_44' title="bbox 361 2730 1924 2806">
     <span class='ocr_line' id='line_1_44' title="bbox 361 2730 1924 2806; baseline -0.001 -12"><span class='ocrx_word' id='word_1_270' title='bbox 361 2742 496 2794; x_wconf 80' lang='grc' dir='ltr'>πᾶσι</span> <span class='ocrx_word' id='word_1_271' title='bbox 527 2740 753 2802; x_wconf 70' lang='grc' dir='ltr'>καὶτοῖς</span> <span class='ocrx_word' id='word_1_272' title='bbox 778 2738 942 2806; x_wconf 76' lang='grc' dir='ltr'>ἐγγὺς</span> <span class='ocrx_word' id='word_1_273' title='bbox 984 2738 1077 2792; x_wconf 73' lang='grc' dir='ltr'><strong>καὶ</strong></span> <span class='ocrx_word' id='word_1_274' title='bbox 1103 2740 1215 2799; x_wconf 81' lang='grc' dir='ltr'>τοῖς</span> <span class='ocrx_word' id='word_1_275' title='bbox 1248 2730 1482 2806; x_wconf 72' lang='grc' dir='ltr'>μακράν,</span> <span class='ocrx_word' id='word_1_276' title='bbox 1514 2739 1587 2801; x_wconf 81' lang='grc' dir='ltr'>ὡς</span> <span class='ocrx_word' id='word_1_277' title='bbox 1619 2739 1790 2792; x_wconf 79' lang='grc' dir='ltr'>ταῦτά</span> <span class='ocrx_word' id='word_1_278' title='bbox 1810 2742 1924 2792; x_wconf 85' lang='grc' dir='ltr'>ἐστι</span> 
     </span>
    </p>
   </div>
   <div class='ocr_carea' id='block_1_45' title="bbox 359 2821 1924 2896">
    <p class='ocr_par' dir='ltr' id='par_1_45' title="bbox 359 2821 1924 2896">
     <span class='ocr_line' id='line_1_45' title="bbox 359 2821 1924 2896; baseline -0.003 -14"><span class='ocrx_word' id='word_1_279' title='bbox 359 2831 424 2882; x_wconf 83' lang='grc' dir='ltr'>τὰ</span> <span class='ocrx_word' id='word_1_280' title='bbox 459 2829 743 2896; x_wconf 74' lang='grc' dir='ltr'>κεφάλαια,</span> <span class='ocrx_word' id='word_1_281' title='bbox 767 2829 850 2895; x_wconf 76' lang='grc' dir='ltr'><strong>ἐφ’</strong></span> <span class='ocrx_word' id='word_1_282' title='bbox 880 2821 960 2888; x_wconf 74' lang='grc' dir='ltr'>οἷς</span> <span class='ocrx_word' id='word_1_283' title='bbox 986 2828 1014 2878; x_wconf 85' lang='grc' dir='ltr'><strong>ὁ</strong></span> <span class='ocrx_word' id='word_1_284' title='bbox 1037 2828 1434 2896; x_wconf 85' lang='grc' dir='ltr'>τρισμακάριος</span> <span class='ocrx_word' id='word_1_285' title='bbox 1462 2826 1707 2894; x_wconf 80' lang='grc' dir='ltr'>Δάμασος</span> <span class='ocrx_word' id='word_1_286' title='bbox 1741 2826 1924 2878; x_wconf 81' lang='grc' dir='ltr'>καθεῖ-</span> 
     </span>
    </p>
   </div>
   <div class='ocr_carea' id='block_1_46' title="bbox 361 2915 1924 2989">
    <p class='ocr_par' dir='ltr' id='par_1_46' title="bbox 361 2915 1924 2989">
     <span class='ocr_line' id='line_1_46' title="bbox 361 2915 1924 2989; baseline -0.002 -16"><span class='ocrx_word' id='word_1_287' title='bbox 361 2920 452 2974; x_wconf 82' lang='grc' dir='ltr'><strong>λεν</strong></span> <span class='ocrx_word' id='word_1_288' title='bbox 502 2920 896 2989; x_wconf 74' lang='grc' dir='ltr'>’Δπολινάριον,</span> <span class='ocrx_word' id='word_1_289' title='bbox 949 2917 1040 2970; x_wconf 80' lang='grc' dir='ltr'>καὶ</span> <span class='ocrx_word' id='word_1_290' title='bbox 1079 2917 1344 2980; x_wconf 84' lang='grc' dir='ltr'>Βιτάλιον,</span> <span class='ocrx_word' id='word_1_291' title='bbox 1384 2918 1478 2969; x_wconf 75' lang='grc' dir='ltr'><strong>καὶ</strong></span> <span class='ocrx_word' id='word_1_292' title='bbox 1505 2917 1547 2968; x_wconf 86' lang='grc' dir='ltr'>Τ</span> <span class='ocrx_word' id='word_1_293' title='bbox 1554 2915 1764 2986; x_wconf 81' lang='grc' dir='ltr'>ιμόοεον</span> <span class='ocrx_word' id='word_1_294' title='bbox 1801 2919 1924 2980; x_wconf 87' lang='grc' dir='ltr'><strong>τούς</strong></span> 
     </span>
    </p>
   </div>
   <div class='ocr_carea' id='block_1_47' title="bbox 2035 1811 3597 1884">
    <p class='ocr_par' dir='ltr' id='par_1_47' title="bbox 2035 1811 3597 1884">
     <span class='ocr_line' id='line_1_47' title="bbox 2035 1811 3597 1884; baseline 0.004 -21"><span class='ocrx_word' id='word_1_295' title='bbox 2035 1811 2287 1880; x_wconf 75' lang='lat' dir='ltr'><strong>dogmata</strong></span> <span class='ocrx_word' id='word_1_296' title='bbox 2317 1827 2411 1865; x_wconf 86' lang='lat' dir='ltr'><strong>sua</strong></span> <span class='ocrx_word' id='word_1_297' title='bbox 2439 1821 2682 1866; x_wconf 88' lang='lat' dir='ltr'><strong>statuere</strong></span> <span class='ocrx_word' id='word_1_298' title='bbox 2708 1813 3041 1867; x_wconf 83' lang='lat' dir='ltr'><strong>laborantes.</strong></span> <span class='ocrx_word' id='word_1_299' title='bbox 3069 1812 3204 1866; x_wconf 84' lang='lat' dir='ltr'><strong>Nam</strong></span> <span class='ocrx_word' id='word_1_300' title='bbox 3238 1831 3360 1868; x_wconf 91' lang='lat' dir='ltr'><strong>cum</strong></span> <span class='ocrx_word' id='word_1_301' title='bbox 3401 1816 3597 1884; x_wconf 81' lang='lat' dir='ltr'><strong>pietate</strong></span> 
     </span>
    </p>
   </div>
   <div class='ocr_carea' id='block_1_48' title="bbox 2037 1899 3599 1973">
    <p class='ocr_par' dir='ltr' id='par_1_48' title="bbox 2037 1899 3599 1973">
     <span class='ocr_line' id='line_1_48' title="bbox 2037 1899 3599 1973; baseline 0.003 -20"><span class='ocrx_word' id='word_1_302' title='bbox 2037 1901 2244 1971; x_wconf 79' lang='lat'><strong>1353</strong></span> <span class='ocrx_word' id='word_1_303' title='bbox 2279 1899 2734 1965; x_wconf 73' lang='lat' dir='ltr'><strong>destituerentur,</strong></span> <span class='ocrx_word' id='word_1_304' title='bbox 2760 1903 2920 1956; x_wconf 88' lang='lat' dir='ltr'><strong>aliam</strong></span> <span class='ocrx_word' id='word_1_305' title='bbox 2945 1903 3254 1957; x_wconf 85' lang='lat' dir='ltr'><strong>necessario</strong></span> <span class='ocrx_word' id='word_1_306' title='bbox 3279 1903 3382 1957; x_wconf 89' lang='lat' dir='ltr'><strong>sibi</strong></span> <span class='ocrx_word' id='word_1_307' title='bbox 3404 1913 3599 1973; x_wconf 81' lang='lat' dir='ltr'><strong>poten-</strong></span> 
     </span>
    </p>
   </div>
   <div class='ocr_carea' id='block_1_49' title="bbox 2035 1992 3594 2066">
    <p class='ocr_par' dir='ltr' id='par_1_49' title="bbox 2035 1992 3594 2066">
     <span class='ocr_line' id='line_1_49' title="bbox 2035 1992 3594 2066; baseline 0.002 -22"><span class='ocrx_word' id='word_1_308' title='bbox 2035 1992 2163 2044; x_wconf 88' lang='lat' dir='ltr'><strong>tiam</strong></span> <span class='ocrx_word' id='word_1_309' title='bbox 2191 1993 2591 2063; x_wconf 76' lang='lat' dir='ltr'><strong>echgitarunt,</strong></span> <span class='ocrx_word' id='word_1_310' title='bbox 2629 2010 2825 2063; x_wconf 90' lang='lat' dir='ltr'><strong>nempe</strong></span> <span class='ocrx_word' id='word_1_311' title='bbox 2851 1993 3134 2049; x_wconf 81' lang='lat' dir='ltr'><strong>hominum</strong></span> <span class='ocrx_word' id='word_1_312' title='bbox 3169 1997 3594 2066; x_wconf 76' lang='lat' dir='ltr'><strong>propugnacula,</strong></span> 
     </span>
    </p>
   </div>
   <div class='ocr_carea' id='block_1_50' title="bbox 2029 2083 3598 2157">
    <p class='ocr_par' dir='ltr' id='par_1_50' title="bbox 2029 2083 3598 2157">
     <span class='ocr_line' id='line_1_50' title="bbox 2029 2083 3598 2157; baseline 0.002 -21"><span class='ocrx_word' id='word_1_313' title='bbox 2029 2084 2132 2137; x_wconf 85' lang='lat' dir='ltr'><strong>rati</strong></span> <span class='ocrx_word' id='word_1_314' title='bbox 2172 2083 2486 2153; x_wconf 78' lang='lat' dir='ltr'><strong>profusione</strong></span> <span class='ocrx_word' id='word_1_315' title='bbox 2516 2085 2762 2154; x_wconf 72' lang='lat' dir='ltr'><strong>pecunia:</strong></span> <span class='ocrx_word' id='word_1_316' title='bbox 2783 2100 2840 2139; x_wconf 90' lang='lat' dir='ltr'><strong>sc</strong></span> <span class='ocrx_word' id='word_1_317' title='bbox 2864 2086 3085 2139; x_wconf 83' lang='lat' dir='ltr'><strong>Patrum</strong></span> <span class='ocrx_word' id='word_1_318' title='bbox 3108 2087 3266 2140; x_wconf 83' lang='lat' dir='ltr'><strong>ﬁdem</strong></span> <span class='ocrx_word' id='word_1_319' title='bbox 3284 2103 3598 2157; x_wconf 77' lang='lat' dir='ltr'><strong>expugnau-</strong></span> 
     </span>
    </p>
   </div>
   <div class='ocr_carea' id='block_1_51' title="bbox 2031 2162 3595 2247">
    <p class='ocr_par' dir='ltr' id='par_1_51' title="bbox 2031 2162 3595 2247">
     <span class='ocr_line' id='line_1_51' title="bbox 2031 2162 3595 2247; baseline 0.003 -19"><span class='ocrx_word' id='word_1_320' title='bbox 2031 2183 2200 2228; x_wconf 89' lang='lat' dir='ltr'><strong>turos.</strong></span> <span class='ocrx_word' id='word_1_321' title='bbox 2239 2175 2439 2229; x_wconf 79' lang='lat' dir='ltr'><strong>Verum</strong></span> <span class='ocrx_word' id='word_1_322' title='bbox 2461 2162 2668 2244; x_wconf 73' lang='lat' dir='ltr'><strong>pietate”</strong></span> <span class='ocrx_word' id='word_1_323' title='bbox 2688 2183 2778 2230; x_wconf 88' lang='lat' dir='ltr'><strong>tua</strong></span> <span class='ocrx_word' id='word_1_324' title='bbox 2797 2176 2935 2229; x_wconf 86' lang='lat' dir='ltr'><strong>bene</strong></span> <span class='ocrx_word' id='word_1_325' title='bbox 2953 2178 3186 2241; x_wconf 83' lang='lat' dir='ltr'><strong>valente,</strong></span> <span class='ocrx_word' id='word_1_326' title='bbox 3211 2177 3595 2247; x_wconf 80' lang='lat' dir='ltr'><strong>religionisque</strong></span> 
     </span>
    </p>
   </div>
   <div class='ocr_carea' id='block_1_52' title="bbox 2026 2264 3593 2334">
    <p class='ocr_par' dir='ltr' id='par_1_52' title="bbox 2026 2264 3593 2334">
     <span class='ocr_line' id='line_1_52' title="bbox 2026 2264 3593 2334; baseline 0.003 -16"><span class='ocrx_word' id='word_1_327' title='bbox 2026 2264 2403 2320; x_wconf 79' lang='lat' dir='ltr'><strong>defensionem</strong></span> <span class='ocrx_word' id='word_1_328' title='bbox 2447 2268 2598 2320; x_wconf 83' lang='lat' dir='ltr'><strong>more</strong></span> <span class='ocrx_word' id='word_1_329' title='bbox 2645 2281 2746 2320; x_wconf 90' lang='lat' dir='ltr'><strong>suo</strong></span> <span class='ocrx_word' id='word_1_330' title='bbox 2796 2266 3165 2334; x_wconf 86' lang='lat' dir='ltr'><strong>suscipiente,</strong></span> <span class='ocrx_word' id='word_1_331' title='bbox 3209 2267 3347 2320; x_wconf 85' lang='lat' dir='ltr'><strong>nihil</strong></span> <span class='ocrx_word' id='word_1_332' title='bbox 3378 2268 3593 2323; x_wconf 91' lang='lat' dir='ltr'><strong>illorum</strong></span> 
     </span>
    </p>
   </div>
   <div class='ocr_carea' id='block_1_53' title="bbox 2028 2356 3337 2427">
    <p class='ocr_par' dir='ltr' id='par_1_53' title="bbox 2028 2356 3337 2427">
     <span class='ocr_line' id='line_1_53' title="bbox 2028 2356 3337 2427; baseline 0.001 -17"><span class='ocrx_word' id='word_1_333' title='bbox 2028 2357 2465 2412; x_wconf 85' lang='lat' dir='ltr'><strong>machinationes</strong></span> <span class='ocrx_word' id='word_1_334' title='bbox 2501 2356 2714 2412; x_wconf 80' lang='lat' dir='ltr'><strong>elliccre</strong></span> <span class='ocrx_word' id='word_1_335' title='bbox 2752 2366 3030 2427; x_wconf 88' lang='lat' dir='ltr'><strong>poterunt.</strong></span> <span class='ocrx_word' id='word_1_336' title='bbox 3087 2358 3092 2359; x_wconf 55' lang='grc'><strong>“</strong></span> <span class='ocrx_word' id='word_1_337' title='bbox 3333 2364 3337 2368; x_wconf 86' lang='lat'>&#39;</span> 
     </span>
    </p>
   </div>
   <div class='ocr_carea' id='block_1_54' title="bbox 2095 2467 3591 2542">
    <p class='ocr_par' dir='ltr' id='par_1_54' title="bbox 2095 2467 3591 2542">
     <span class='ocr_line' id='line_1_54' title="bbox 2095 2467 3591 2542; baseline 0.003 -20"><span class='ocrx_word' id='word_1_338' title='bbox 2095 2467 2483 2535; x_wconf 86' lang='lat' dir='ltr'><strong>Quamobrem,</strong></span> <span class='ocrx_word' id='word_1_339' title='bbox 2516 2469 2861 2524; x_wconf 87' lang='lat' dir='ltr'><strong>sanctissime</strong></span> <span class='ocrx_word' id='word_1_340' title='bbox 2904 2469 3158 2534; x_wconf 87' lang='lat' dir='ltr'><strong>domine,</strong></span> <span class='ocrx_word' id='word_1_341' title='bbox 3194 2480 3433 2542; x_wconf 78' lang='lat' dir='ltr'><strong>rogatus,</strong></span> <span class='ocrx_word' id='word_1_342' title='bbox 3469 2472 3591 2526; x_wconf 90' lang='lat' dir='ltr'><strong>illo-</strong></span> 
     </span>
    </p>
   </div>
   <div class='ocr_carea' id='block_1_55' title="bbox 2025 2549 3588 2630">
    <p class='ocr_par' dir='ltr' id='par_1_55' title="bbox 2025 2549 3588 2630">
     <span class='ocr_line' id='line_1_55' title="bbox 2025 2549 3588 2630; baseline 0 -14"><span class='ocrx_word' id='word_1_343' title='bbox 2025 2577 2148 2616; x_wconf 91' lang='lat' dir='ltr'><strong>rum</strong></span> <span class='ocrx_word' id='word_1_344' title='bbox 2181 2549 2624 2616; x_wconf 89' lang='lat' dir='ltr'><strong>communionem</strong></span> <span class='ocrx_word' id='word_1_345' title='bbox 2649 2602 2663 2626; x_wconf 90' lang='lat'><strong>,</strong></span> <span class='ocrx_word' id='word_1_346' title='bbox 2696 2561 2788 2630; x_wconf 88' lang='lat' dir='ltr'><strong>qui</strong></span> <span class='ocrx_word' id='word_1_347' title='bbox 2827 2570 2974 2614; x_wconf 88' lang='lat' dir='ltr'><strong>tanta</strong></span> <span class='ocrx_word' id='word_1_348' title='bbox 3011 2562 3112 2616; x_wconf 88' lang='lat' dir='ltr'><strong>hac</strong></span> <span class='ocrx_word' id='word_1_349' title='bbox 3158 2563 3469 2618; x_wconf 88' lang='lat' dir='ltr'><strong>temeritate</strong></span> <span class='ocrx_word' id='word_1_350' title='bbox 3506 2565 3588 2617; x_wconf 90' lang='lat' dir='ltr'><strong>usi</strong></span> 
     </span>
    </p>
   </div>
   <div class='ocr_carea' id='block_1_56' title="bbox 2025 2652 3587 2723">
    <p class='ocr_par' dir='ltr' id='par_1_56' title="bbox 2025 2652 3587 2723">
     <span class='ocr_line' id='line_1_56' title="bbox 2025 2652 3587 2723; baseline 0 -15"><span class='ocrx_word' id='word_1_351' title='bbox 2025 2663 2172 2719; x_wconf 88' lang='lat' dir='ltr'><strong>sunt,</strong></span> <span class='ocrx_word' id='word_1_352' title='bbox 2231 2653 2434 2723; x_wconf 87' lang='lat' dir='ltr'><strong>quique</strong></span> <span class='ocrx_word' id='word_1_353' title='bbox 2490 2653 2631 2708; x_wconf 85' lang='lat' dir='ltr'><strong>hanc</strong></span> <span class='ocrx_word' id='word_1_354' title='bbox 2686 2652 2919 2705; x_wconf 70' lang='lat' dir='ltr'><strong>hazresin</strong></span> <span class='ocrx_word' id='word_1_355' title='bbox 2979 2652 3326 2717; x_wconf 82' lang='lat' dir='ltr'><strong>invexcrunt,</strong></span> <span class='ocrx_word' id='word_1_356' title='bbox 3374 2663 3587 2717; x_wconf 76' lang='lat' dir='ltr'><strong>careto,</strong></span> 
     </span>
    </p>
   </div>
   <div class='ocr_carea' id='block_1_57' title="bbox 2025 2743 3592 2812">
    <p class='ocr_par' dir='ltr' id='par_1_57' title="bbox 2025 2743 3592 2812">
     <span class='ocr_line' id='line_1_57' title="bbox 2025 2743 3592 2812; baseline -0.002 -12"><span class='ocrx_word' id='word_1_357' title='bbox 2025 2745 2389 2812; x_wconf 89' lang='lat' dir='ltr'><strong>omnibusque</strong></span> <span class='ocrx_word' id='word_1_358' title='bbox 2425 2751 2535 2796; x_wconf 88' lang='lat' dir='ltr'><strong>tam</strong></span> <span class='ocrx_word' id='word_1_359' title='bbox 2569 2758 2737 2812; x_wconf 86' lang='lat' dir='ltr'><strong>prope</strong></span> <span class='ocrx_word' id='word_1_360' title='bbox 2773 2758 2935 2811; x_wconf 88' lang='lat' dir='ltr'><strong>quam</strong></span> <span class='ocrx_word' id='word_1_361' title='bbox 2979 2743 3138 2812; x_wconf 84' lang='lat' dir='ltr'><strong>longe</strong></span> <span class='ocrx_word' id='word_1_362' title='bbox 3181 2743 3375 2812; x_wconf 83' lang='lat' dir='ltr'><strong>positis</strong></span> <span class='ocrx_word' id='word_1_363' title='bbox 3412 2744 3592 2798; x_wconf 81' lang='lat' dir='ltr'><strong>decla-</strong></span> 
     </span>
    </p>
   </div>
   <div class='ocr_carea' id='block_1_58' title="bbox 2027 2832 3588 2902">
    <p class='ocr_par' dir='ltr' id='par_1_58' title="bbox 2027 2832 3588 2902">
     <span class='ocr_line' id='line_1_58' title="bbox 2027 2832 3588 2902; baseline 0.001 -16"><span class='ocrx_word' id='word_1_364' title='bbox 2027 2841 2165 2896; x_wconf 89' lang='lat' dir='ltr'><strong>rato,</strong></span> <span class='ocrx_word' id='word_1_365' title='bbox 2206 2832 2382 2900; x_wconf 87' lang='lat' dir='ltr'><strong>capita</strong></span> <span class='ocrx_word' id='word_1_366' title='bbox 2418 2832 2534 2886; x_wconf 70' lang='lat' dir='ltr'><strong>haec</strong></span> <span class='ocrx_word' id='word_1_367' title='bbox 2580 2833 2693 2900; x_wconf 90' lang='lat' dir='ltr'><strong>ipsa</strong></span> <span class='ocrx_word' id='word_1_368' title='bbox 2734 2847 2874 2896; x_wconf 89' lang='lat' dir='ltr'><strong>esse,</strong></span> <span class='ocrx_word' id='word_1_369' title='bbox 2921 2842 3147 2902; x_wconf 86' lang='lat' dir='ltr'><strong>propter</strong></span> <span class='ocrx_word' id='word_1_370' title='bbox 3177 2849 3296 2900; x_wconf 63' lang='lat' dir='ltr'><strong>quae</strong></span> <span class='ocrx_word' id='word_1_371' title='bbox 3336 2834 3588 2889; x_wconf 85' lang='lat' dir='ltr'><strong>beatissi-</strong></span> 
     </span>
    </p>
   </div>
   <div class='ocr_carea' id='block_1_59' title="bbox 2025 2919 3586 2989">
    <p class='ocr_par' dir='ltr' id='par_1_59' title="bbox 2025 2919 3586 2989">
     <span class='ocr_line' id='line_1_59' title="bbox 2025 2919 3586 2989; baseline 0.002 -15"><span class='ocrx_word' id='word_1_372' title='bbox 2025 2937 2149 2975; x_wconf 91' lang='lat' dir='ltr'><strong>mus</strong></span> <span class='ocrx_word' id='word_1_373' title='bbox 2186 2921 2450 2974; x_wconf 88' lang='lat' dir='ltr'><strong>Damasus</strong></span> <span class='ocrx_word' id='word_1_374' title='bbox 2492 2919 2923 2989; x_wconf 86' lang='lat' dir='ltr'><strong>Apollinarium,</strong></span> <span class='ocrx_word' id='word_1_375' title='bbox 2985 2921 3240 2974; x_wconf 81' lang='lat' dir='ltr'><strong>Vitalium</strong></span> <span class='ocrx_word' id='word_1_376' title='bbox 3288 2930 3343 2976; x_wconf 92' lang='lat' dir='ltr'><strong>et</strong></span> <span class='ocrx_word' id='word_1_377' title='bbox 3399 2924 3586 2978; x_wconf 87' lang='lat' dir='ltr'><strong>Timo-</strong></span> 
     </span>
    </p>
   </div>
   <div class='ocr_carea' id='block_1_60' title="bbox 363 3007 1921 3083">
    <p class='ocr_par' dir='ltr' id='par_1_60' title="bbox 363 3007 1917 3079">
     <span class='ocr_line' id='line_1_60' title="bbox 363 3007 1917 3079; baseline -0.003 -14"><span class='ocrx_word' id='word_1_378' title='bbox 363 3009 692 3079; x_wconf 81' lang='grc' dir='ltr'>αἱρετικούς’</span> <span class='ocrx_word' id='word_1_379' title='bbox 733 3009 824 3061; x_wconf 78' lang='grc' dir='ltr'><strong>καὶ</strong></span> <span class='ocrx_word' id='word_1_380' title='bbox 852 3010 931 3062; x_wconf 79' lang='grc' dir='ltr'><strong>ὅτι</strong></span> <span class='ocrx_word' id='word_1_381' title='bbox 968 3008 1030 3060; x_wconf 83' lang='grc' dir='ltr'><strong>οὐ</strong></span> <span class='ocrx_word' id='word_1_382' title='bbox 1056 3008 1160 3077; x_wconf 83' lang='grc' dir='ltr'><strong>χρὴ</strong></span> <span class='ocrx_word' id='word_1_383' title='bbox 1191 3010 1254 3077; x_wconf 80' lang='grc' dir='ltr'>τῇ</span> <span class='ocrx_word' id='word_1_384' title='bbox 1297 3007 1667 3078; x_wconf 79' lang='grc' dir='ltr'>ἐκπεμφθείσῃ</span> <span class='ocrx_word' id='word_1_385' title='bbox 1706 3009 1917 3061; x_wconf 81' lang='grc' dir='ltr'>ἐπιστο-</span> 
     </span>
    </p>
   </div>
   <div class='ocr_carea' id='block_1_61' title="bbox 2029 3007 3586 3083">
    <p class='ocr_par' dir='ltr' id='par_1_61' title="bbox 2029 3010 3586 3083">
     <span class='ocr_line' id='line_1_61' title="bbox 2029 3010 3586 3083; baseline 0.001 -15"><span class='ocrx_word' id='word_1_386' title='bbox 2029 3013 2210 3068; x_wconf 88' lang='lat' dir='ltr'><strong>thcum</strong></span> <span class='ocrx_word' id='word_1_387' title='bbox 2244 3010 2529 3066; x_wconf 63' lang='lat' dir='ltr'><strong>haereticos</strong></span> <span class='ocrx_word' id='word_1_388' title='bbox 2561 3011 2730 3081; x_wconf 81' lang='lat' dir='ltr'><strong>gradu</strong></span> <span class='ocrx_word' id='word_1_389' title='bbox 2763 3011 2934 3065; x_wconf 83' lang='lat' dir='ltr'><strong>movit</strong></span> <span class='ocrx_word' id='word_1_390' title='bbox 2962 3029 2975 3065; x_wconf 90' lang='lat'><strong>:</strong></span> <span class='ocrx_word' id='word_1_391' title='bbox 3011 3013 3294 3082; x_wconf 86' lang='lat' dir='ltr'><strong>epistolam</strong></span> <span class='ocrx_word' id='word_1_392' title='bbox 3326 3024 3586 3083; x_wconf 69' lang='lat' dir='ltr'><strong>praeterea</strong></span> 
     </span>
    </p>
   </div>
   <div class='ocr_carea' id='block_1_62' title="bbox 356 3092 1920 3171">
    <p class='ocr_par' dir='ltr' id='par_1_62' title="bbox 356 3092 1920 3171">
     <span class='ocr_line' id='line_1_62' title="bbox 356 3092 1920 3171; baseline -0.001 -19"><span class='ocrx_word' id='word_1_393' title='bbox 356 3099 422 3170; x_wconf 80' lang='grc' dir='ltr'>λῇ</span> <span class='ocrx_word' id='word_1_394' title='bbox 471 3100 596 3168; x_wconf 81' lang='grc' dir='ltr'>παρ’</span> <span class='ocrx_word' id='word_1_395' title='bbox 642 3097 804 3150; x_wconf 85' lang='grc' dir='ltr'>αὐτοῦ</span> <span class='ocrx_word' id='word_1_396' title='bbox 846 3097 1028 3163; x_wconf 73' lang='grc' dir='ltr'>ἁπλῶς</span> <span class='ocrx_word' id='word_1_397' title='bbox 1064 3097 1366 3168; x_wconf 82' lang='grc' dir='ltr'>προσέχειν,</span> <span class='ocrx_word' id='word_1_398' title='bbox 1401 3092 1515 3171; x_wconf 72' lang='grc' dir='ltr'>ἐνῇ</span> <span class='ocrx_word' id='word_1_399' title='bbox 1547 3096 1606 3150; x_wconf 82' lang='grc' dir='ltr'>τὺ</span> <span class='ocrx_word' id='word_1_400' title='bbox 1649 3097 1745 3166; x_wconf 79' lang='grc' dir='ltr'>μὲν</span> <span class='ocrx_word' id='word_1_401' title='bbox 1774 3100 1920 3170; x_wconf 80' lang='grc' dir='ltr'>αἱρε-</span> 
     </span>
    </p>
   </div>
   <div class='ocr_carea' id='block_1_63' title="bbox 355 3187 1918 3259">
    <p class='ocr_par' dir='ltr' id='par_1_63' title="bbox 355 3187 1918 3259">
     <span class='ocr_line' id='line_1_63' title="bbox 355 3187 1918 3259; baseline -0.001 -17"><span class='ocrx_word' id='word_1_402' title='bbox 355 3190 504 3242; x_wconf 76' lang='grc' dir='ltr'>τικὸν</span> <span class='ocrx_word' id='word_1_403' title='bbox 537 3188 852 3242; x_wconf 84' lang='grc' dir='ltr'>συνεσκίασε</span> <span class='ocrx_word' id='word_1_404' title='bbox 884 3188 1157 3258; x_wconf 77' lang='grc' dir='ltr'>φρόνημα,</span> <span class='ocrx_word' id='word_1_405' title='bbox 1200 3187 1276 3257; x_wconf 80' lang='grc' dir='ltr'><strong>τῷ</strong></span> <span class='ocrx_word' id='word_1_406' title='bbox 1309 3187 1364 3240; x_wconf 85' lang='grc' dir='ltr'>δὲ</span> <span class='ocrx_word' id='word_1_407' title='bbox 1399 3190 1495 3259; x_wconf 80' lang='grc' dir='ltr'>τῆς</span> <span class='ocrx_word' id='word_1_408' title='bbox 1523 3189 1800 3252; x_wconf 83' lang='grc' dir='ltr'>εὐσεϐείας</span> <span class='ocrx_word' id='word_1_409' title='bbox 1824 3191 1918 3242; x_wconf 78' lang='grc' dir='ltr'>αύο</span> 
     </span>
    </p>
   </div>
   <div class='ocr_carea' id='block_1_64' title="bbox 356 3279 1918 3350">
    <p class='ocr_par' dir='ltr' id='par_1_64' title="bbox 356 3279 1918 3350">
     <span class='ocr_line' id='line_1_64' title="bbox 356 3279 1918 3350; baseline -0.001 -16"><span class='ocrx_word' id='word_1_410' title='bbox 356 3280 454 3350; x_wconf 84' lang='grc' dir='ltr'><strong>τὴν</strong></span> <span class='ocrx_word' id='word_1_411' title='bbox 487 3279 798 3350; x_wconf 83' lang='grc' dir='ltr'>κατέχρωσε</span> <span class='ocrx_word' id='word_1_412' title='bbox 822 3279 1075 3349; x_wconf 77' lang='grc' dir='ltr'>δόγματι·</span> <span class='ocrx_word' id='word_1_413' title='bbox 1109 3280 1166 3330; x_wconf 84' lang='grc' dir='ltr'><strong>ἐν</strong></span> <span class='ocrx_word' id='word_1_414' title='bbox 1189 3279 1286 3349; x_wconf 84' lang='grc' dir='ltr'>μὲν</span> <span class='ocrx_word' id='word_1_415' title='bbox 1322 3279 1426 3347; x_wconf 72' lang='grc' dir='ltr'><strong>γάρ</strong></span> <span class='ocrx_word' id='word_1_416' title='bbox 1458 3282 1569 3341; x_wconf 88' lang='grc' dir='ltr'>τοῖς</span> <span class='ocrx_word' id='word_1_417' title='bbox 1601 3281 1918 3346; x_wconf 80' lang='grc' dir='ltr'>κεφαλαίοις</span> 
     </span>
    </p>
   </div>
   <div class='ocr_carea' id='block_1_65' title="bbox 357 3368 1918 3440">
    <p class='ocr_par' dir='ltr' id='par_1_65' title="bbox 357 3368 1918 3440">
     <span class='ocr_line' id='line_1_65' title="bbox 357 3368 1918 3440; baseline -0.002 -16"><span class='ocrx_word' id='word_1_418' title='bbox 357 3371 562 3440; x_wconf 77' lang='grc' dir='ltr'>σφόδρα</span> <span class='ocrx_word' id='word_1_419' title='bbox 608 3369 771 3423; x_wconf 83' lang='grc' dir='ltr'>αὐτοῦ</span> <span class='ocrx_word' id='word_1_420' title='bbox 813 3370 910 3439; x_wconf 79' lang='grc' dir='ltr'>τὴν</span> <span class='ocrx_word' id='word_1_421' title='bbox 977 3369 1236 3422; x_wconf 79' lang='grc' dir='ltr'>ἀσέϐειαν</span> <span class='ocrx_word' id='word_1_422' title='bbox 1269 3369 1603 3438; x_wconf 78' lang='grc' dir='ltr'>ἐγύμνωσεν,</span> <span class='ocrx_word' id='word_1_423' title='bbox 1653 3368 1779 3421; x_wconf 80' lang='grc' dir='ltr'><strong>ἔνθα</strong></span> <span class='ocrx_word' id='word_1_424' title='bbox 1825 3371 1918 3422; x_wconf 73' lang='grc' dir='ltr'>καὶ</span> 
     </span>
    </p>
   </div>
   <div class='ocr_carea' id='block_1_66' title="bbox 352 3457 1913 3530">
    <p class='ocr_par' dir='ltr' id='par_1_66' title="bbox 352 3457 1913 3530">
     <span class='ocr_line' id='line_1_66' title="bbox 352 3457 1913 3530; baseline -0.001 -16"><span class='ocrx_word' id='word_1_425' title='bbox 352 3460 754 3530; x_wconf 77' lang='grc' dir='ltr'>ἀναθεματίσαι</span> <span class='ocrx_word' id='word_1_426' title='bbox 783 3460 905 3522; x_wconf 86' lang='grc' dir='ltr'><strong>τούς</strong></span> <span class='ocrx_word' id='word_1_427' title='bbox 949 3458 1022 3528; x_wconf 78' lang='grc' dir='ltr'>μὴ</span> <span class='ocrx_word' id='word_1_428' title='bbox 1055 3458 1196 3510; x_wconf 85' lang='grc' dir='ltr'>οῦτω</span> <span class='ocrx_word' id='word_1_429' title='bbox 1219 3457 1545 3529; x_wconf 79' lang='grc' dir='ltr'>φρονοῦντας</span> <span class='ocrx_word' id='word_1_430' title='bbox 1596 3458 1913 3528; x_wconf 84' lang='grc' dir='ltr'>ἐτόλμησεν.</span> 
     </span>
    </p>
   </div>
   <div class='ocr_carea' id='block_1_67' title="bbox 367 3549 1916 3621">
    <p class='ocr_par' dir='ltr' id='par_1_67' title="bbox 367 3549 1916 3621">
     <span class='ocr_line' id='line_1_67' title="bbox 367 3549 1916 3621; baseline -0.001 -16"><span class='ocrx_word' id='word_1_431' title='bbox 367 3553 454 3605; x_wconf 84' lang='grc' dir='ltr'><strong>Ἐν</strong></span> <span class='ocrx_word' id='word_1_432' title='bbox 509 3553 562 3603; x_wconf 73' lang='grc' dir='ltr'>δὲ</span> <span class='ocrx_word' id='word_1_433' title='bbox 615 3555 681 3621; x_wconf 81' lang='grc' dir='ltr'>τῇ</span> <span class='ocrx_word' id='word_1_434' title='bbox 729 3550 983 3620; x_wconf 82' lang='grc' dir='ltr'>ἐπιστολῇ</span> <span class='ocrx_word' id='word_1_435' title='bbox 1025 3549 1225 3620; x_wconf 65' lang='grc' dir='ltr'>βλάψαι</span> <span class='ocrx_word' id='word_1_436' title='bbox 1275 3549 1388 3620; x_wconf 90' lang='lat' dir='ltr'><strong>(l8)</strong></span> <span class='ocrx_word' id='word_1_437' title='bbox 1435 3549 1754 3620; x_wconf 77' lang='grc' dir='ltr'>πανούργως</span> <span class='ocrx_word' id='word_1_438' title='bbox 1790 3551 1916 3614; x_wconf 84' lang='grc' dir='ltr'><strong>τούς</strong></span> 
     </span>
    </p>
   </div>
   <div class='ocr_carea' id='block_1_68' title="bbox 352 3642 1124 3713">
    <p class='ocr_par' dir='ltr' id='par_1_68' title="bbox 352 3642 1124 3713">
     <span class='ocr_line' id='line_1_68' title="bbox 352 3642 1124 3713; baseline 0.001 -20"><span class='ocrx_word' id='word_1_439' title='bbox 352 3642 749 3713; x_wconf 79' lang='grc' dir='ltr'>ἁπλουστέρους</span> <span class='ocrx_word' id='word_1_440' title='bbox 783 3642 1124 3713; x_wconf 80' lang='grc' dir='ltr'>ἐπεχείρησε.</span> 
     </span>
    </p>
   </div>
   <div class='ocr_carea' id='block_1_69' title="bbox 421 3727 1912 3802">
    <p class='ocr_par' dir='ltr' id='par_1_69' title="bbox 421 3727 1912 3802">
     <span class='ocr_line' id='line_1_69' title="bbox 421 3727 1912 3802; baseline -0.001 -19"><span class='ocrx_word' id='word_1_441' title='bbox 421 3729 514 3800; x_wconf 78' lang='grc' dir='ltr'><strong>Μὴ</strong></span> <span class='ocrx_word' id='word_1_442' title='bbox 541 3731 620 3782; x_wconf 89' lang='grc' dir='ltr'><strong>τοί</strong></span> <span class='ocrx_word' id='word_1_443' title='bbox 691 3750 716 3777; x_wconf 86' lang='grc' dir='ltr'><strong>ν</strong></span> <span class='ocrx_word' id='word_1_444' title='bbox 749 3731 1132 3802; x_wconf 73' lang='grc' dir='ltr'>καταφρονήσῃ</span> <span class='ocrx_word' id='word_1_445' title='bbox 1157 3729 1268 3800; x_wconf 84' lang='lat' dir='ltr'><strong>(l9)</strong></span> <span class='ocrx_word' id='word_1_446' title='bbox 1298 3729 1394 3798; x_wconf 83' lang='grc' dir='ltr'>τῆς</span> <span class='ocrx_word' id='word_1_447' title='bbox 1419 3729 1732 3792; x_wconf 79' lang='grc' dir='ltr'>ὑποθέσεως</span> <span class='ocrx_word' id='word_1_448' title='bbox 1768 3731 1800 3800; x_wconf 84' lang='grc' dir='ltr'><strong>ἡ</strong></span> <span class='ocrx_word' id='word_1_449' title='bbox 1847 3727 1912 3798; x_wconf 75' lang='grc' dir='ltr'>σὴ</span> 
     </span>
    </p>
   </div>
   <div class='ocr_carea' id='block_1_70' title="bbox 352 3819 1914 3892">
    <p class='ocr_par' dir='ltr' id='par_1_70' title="bbox 352 3819 1914 3892">
     <span class='ocr_line' id='line_1_70' title="bbox 352 3819 1914 3892; baseline -0.002 -18"><span class='ocrx_word' id='word_1_450' title='bbox 352 3821 590 3888; x_wconf 78' lang='grc' dir='ltr'>ὁσιότης,</span> <span class='ocrx_word' id='word_1_451' title='bbox 625 3821 711 3872; x_wconf 79' lang='grc' dir='ltr'><strong>ἵνα</strong></span> <span class='ocrx_word' id='word_1_452' title='bbox 757 3819 831 3890; x_wconf 83' lang='grc' dir='ltr'>μὴ</span> <span class='ocrx_word' id='word_1_453' title='bbox 868 3820 1091 3890; x_wconf 74' lang='grc' dir='ltr'>ὕστερον</span> <span class='ocrx_word' id='word_1_454' title='bbox 1124 3821 1306 3891; x_wconf 83' lang='grc' dir='ltr'>ὁρῶσα</span> <span class='ocrx_word' id='word_1_455' title='bbox 1334 3819 1431 3891; x_wconf 82' lang='grc' dir='ltr'>τὴν</span> <span class='ocrx_word' id='word_1_456' title='bbox 1454 3820 1663 3892; x_wconf 74' lang='grc' dir='ltr'>αἵρεσιν</span> <span class='ocrx_word' id='word_1_457' title='bbox 1687 3836 1914 3892; x_wconf 82' lang='grc' dir='ltr'>κρατυν-</span> 
     </span>
    </p>
   </div>
   <div class='ocr_carea' id='block_1_71' title="bbox 350 3910 1910 3983">
    <p class='ocr_par' dir='ltr' id='par_1_71' title="bbox 350 3910 1910 3983">
     <span class='ocr_line' id='line_1_71' title="bbox 350 3910 1910 3983; baseline -0.001 -20"><span class='ocrx_word' id='word_1_458' title='bbox 350 3910 540 3964; x_wconf 82' lang='grc' dir='ltr'>Θεῖσαν</span> <span class='ocrx_word' id='word_1_459' title='bbox 567 3911 839 3980; x_wconf 75' lang='grc' dir='ltr'>ἀνονήτοις</span> <span class='ocrx_word' id='word_1_460' title='bbox 869 3910 1185 3981; x_wconf 82' lang='grc' dir='ltr'>άλγύνηται,</span> <span class='ocrx_word' id='word_1_461' title='bbox 1226 3913 1316 3964; x_wconf 74' lang='grc' dir='ltr'><strong>καὶ</strong></span> <span class='ocrx_word' id='word_1_462' title='bbox 1343 3911 1584 3983; x_wconf 75' lang='grc' dir='ltr'>άσχάλλῃ</span> <span class='ocrx_word' id='word_1_463' title='bbox 1630 3911 1910 3981; x_wconf 77' lang='grc' dir='ltr'>ἐπαμῦναι</span> 
     </span>
    </p>
   </div>
   <div class='ocr_carea' id='block_1_72' title="bbox 351 4000 1242 4073">
    <p class='ocr_par' dir='ltr' id='par_1_72' title="bbox 351 4000 1242 4073">
     <span class='ocr_line' id='line_1_72' title="bbox 351 4000 1242 4073; baseline -0.001 -18"><span class='ocrx_word' id='word_1_464' title='bbox 351 4002 553 4073; x_wconf 78' lang='grc' dir='ltr'>μηκέτι</span> <span class='ocrx_word' id='word_1_465' title='bbox 580 4001 846 4072; x_wconf 84' lang='grc' dir='ltr'>δυναμένη</span> <span class='ocrx_word' id='word_1_466' title='bbox 872 4004 936 4072; x_wconf 82' lang='grc' dir='ltr'>τῇ</span> <span class='ocrx_word' id='word_1_467' title='bbox 971 4000 1242 4072; x_wconf 74' lang='grc' dir='ltr'>εὐσεϐείᾳ.</span> 
     </span>
    </p>
   </div>
   <div class='ocr_carea' id='block_1_73' title="bbox 431 4088 1908 4164">
    <p class='ocr_par' dir='ltr' id='par_1_73' title="bbox 431 4088 1908 4164">
     <span class='ocr_line' id='line_1_73' title="bbox 431 4088 1908 4164; baseline 0.001 -18"><span class='ocrx_word' id='word_1_468' title='bbox 431 4094 856 4163; x_wconf 76' lang='grc' dir='ltr'>’Λπεστείλαμεν</span> <span class='ocrx_word' id='word_1_469' title='bbox 888 4093 943 4146; x_wconf 84' lang='grc' dir='ltr'><strong>δὲ</strong></span> <span class='ocrx_word' id='word_1_470' title='bbox 989 4093 1083 4146; x_wconf 79' lang='grc' dir='ltr'><strong>καὶ</strong></span> <span class='ocrx_word' id='word_1_471' title='bbox 1109 4092 1168 4145; x_wconf 74' lang='grc' dir='ltr'>τὸ</span> <span class='ocrx_word' id='word_1_472' title='bbox 1199 4093 1311 4146; x_wconf 80' lang='grc' dir='ltr'>ῐσον</span> <span class='ocrx_word' id='word_1_473' title='bbox 1345 4092 1436 4145; x_wconf 79' lang='grc' dir='ltr'><strong>τοῦ</strong></span> <span class='ocrx_word' id='word_1_474' title='bbox 1479 4092 1668 4164; x_wconf 73' lang='grc' dir='ltr'>τόμον.</span> <span class='ocrx_word' id='word_1_475' title='bbox 1695 4088 1756 4148; x_wconf 76' lang='grc' dir='ltr'><strong>οὗ</strong></span> <span class='ocrx_word' id='word_1_476' title='bbox 1789 4096 1908 4148; x_wconf 76' lang='grc' dir='ltr'>ἐπι-</span> 
     </span>
    </p>
   </div>
   <div class='ocr_carea' id='block_1_74' title="bbox 345 4184 1912 4256">
    <p class='ocr_par' dir='ltr' id='par_1_74' title="bbox 345 4184 1912 4256">
     <span class='ocr_line' id='line_1_74' title="bbox 345 4184 1912 4256; baseline 0.001 -18"><span class='ocrx_word' id='word_1_477' title='bbox 345 4184 655 4255; x_wconf 82' lang='grc' dir='ltr'>δεδώκαμεν</span> <span class='ocrx_word' id='word_1_478' title='bbox 694 4185 772 4253; x_wconf 80' lang='grc' dir='ltr'>τῷ</span> <span class='ocrx_word' id='word_1_479' title='bbox 804 4184 1174 4255; x_wconf 84' lang='grc' dir='ltr'>εὐσεϐεστάτῳ</span> <span class='ocrx_word' id='word_1_480' title='bbox 1215 4184 1310 4237; x_wconf 69' lang='grc' dir='ltr'>καὶ</span> <span class='ocrx_word' id='word_1_481' title='bbox 1343 4185 1670 4256; x_wconf 80' lang='grc' dir='ltr'>φιλοχρίστῳ</span> <span class='ocrx_word' id='word_1_482' title='bbox 1704 4186 1912 4256; x_wconf 80' lang='grc' dir='ltr'>βασιλεῖ</span> 
     </span>
    </p>
   </div>
   <div class='ocr_carea' id='block_1_75' title="bbox 347 4274 1907 4346">
    <p class='ocr_par' dir='ltr' id='par_1_75' title="bbox 347 4274 1907 4346">
     <span class='ocr_line' id='line_1_75' title="bbox 347 4274 1907 4346; baseline 0.001 -19"><span class='ocrx_word' id='word_1_483' title='bbox 347 4275 523 4344; x_wconf 77' lang='grc' dir='ltr'>ἡμῶν.</span> <span class='ocrx_word' id='word_1_484' title='bbox 553 4275 674 4339; x_wconf 75' lang='grc' dir='ltr'>ἕχον</span> <span class='ocrx_word' id='word_1_485' title='bbox 718 4277 813 4344; x_wconf 76' lang='grc' dir='ltr'><strong>τὴν</strong></span> <span class='ocrx_word' id='word_1_486' title='bbox 850 4275 1030 4328; x_wconf 87' lang='grc' dir='ltr'>πίστιν</span> <span class='ocrx_word' id='word_1_487' title='bbox 1054 4274 1163 4328; x_wconf 83' lang='grc' dir='ltr'>τῶν</span> <span class='ocrx_word' id='word_1_488' title='bbox 1207 4275 1376 4341; x_wconf 83' lang='grc' dir='ltr'>ἁγίων</span> <span class='ocrx_word' id='word_1_489' title='bbox 1417 4276 1677 4346; x_wconf 87' lang='grc' dir='ltr'>Πατέρων</span> <span class='ocrx_word' id='word_1_490' title='bbox 1711 4276 1814 4329; x_wconf 83' lang='grc' dir='ltr'><strong>τῶν</strong></span> <span class='ocrx_word' id='word_1_491' title='bbox 1849 4278 1907 4330; x_wconf 80' lang='grc' dir='ltr'><strong>ἐν</strong></span> 
     </span>
    </p>
   </div>
   <div class='ocr_carea' id='block_1_76' title="bbox 2023 3103 3583 3174">
    <p class='ocr_par' dir='ltr' id='par_1_76' title="bbox 2023 3103 3583 3174">
     <span class='ocr_line' id='line_1_76' title="bbox 2023 3103 3583 3174; baseline 0.001 -15"><span class='ocrx_word' id='word_1_492' title='bbox 2023 3104 2091 3159; x_wconf 88' lang='lat' dir='ltr'><strong>ab</strong></span> <span class='ocrx_word' id='word_1_493' title='bbox 2128 3120 2194 3158; x_wconf 93' lang='lat' dir='ltr'><strong>eo</strong></span> <span class='ocrx_word' id='word_1_494' title='bbox 2237 3103 2481 3166; x_wconf 90' lang='lat' dir='ltr'><strong>missam,</strong></span> <span class='ocrx_word' id='word_1_495' title='bbox 2511 3120 2620 3158; x_wconf 90' lang='lat' dir='ltr'><strong>non</strong></span> <span class='ocrx_word' id='word_1_496' title='bbox 2648 3119 2768 3158; x_wconf 88' lang='lat' dir='ltr'><strong>esse</strong></span> <span class='ocrx_word' id='word_1_497' title='bbox 2810 3104 3135 3174; x_wconf 88' lang='lat' dir='ltr'><strong>simpliciter</strong></span> <span class='ocrx_word' id='word_1_498' title='bbox 3170 3105 3583 3171; x_wconf 54' lang='lat' dir='ltr'><strong>admittendam,</strong></span> 
     </span>
    </p>
   </div>
   <div class='ocr_carea' id='block_1_77' title="bbox 2022 3194 3582 3267">
    <p class='ocr_par' dir='ltr' id='par_1_77' title="bbox 2022 3194 3582 3267">
     <span class='ocr_line' id='line_1_77' title="bbox 2022 3194 3582 3267; baseline 0.002 -20"><span class='ocrx_word' id='word_1_499' title='bbox 2022 3194 2077 3249; x_wconf 90' lang='lat' dir='ltr'><strong>in</strong></span> <span class='ocrx_word' id='word_1_500' title='bbox 2109 3211 2214 3264; x_wconf 88' lang='lat' dir='ltr'><strong>qua</strong></span> <span class='ocrx_word' id='word_1_501' title='bbox 2253 3197 2578 3250; x_wconf 81' lang='lat' dir='ltr'><strong>sententiam</strong></span> <span class='ocrx_word' id='word_1_502' title='bbox 2616 3195 2926 3250; x_wconf 65' lang='lat' dir='ltr'><strong>haereticam</strong></span> <span class='ocrx_word' id='word_1_503' title='bbox 2957 3196 3178 3266; x_wconf 86' lang='lat' dir='ltr'><strong>pietatis</strong></span> <span class='ocrx_word' id='word_1_504' title='bbox 3206 3196 3458 3267; x_wconf 79' lang='lat' dir='ltr'><strong>dogmate</strong></span> <span class='ocrx_word' id='word_1_505' title='bbox 3488 3214 3582 3251; x_wconf 86' lang='lat' dir='ltr'><strong>eo-</strong></span> 
     </span>
    </p>
   </div>
   <div class='ocr_carea' id='block_1_78' title="bbox 2020 3282 3583 3352">
    <p class='ocr_par' dir='ltr' id='par_1_78' title="bbox 2020 3282 3583 3352">
     <span class='ocr_line' id='line_1_78' title="bbox 2020 3282 3583 3352; baseline 0.003 -16"><span class='ocrx_word' id='word_1_506' title='bbox 2020 3282 2247 3337; x_wconf 85' lang='lat' dir='ltr'><strong>loratam</strong></span> <span class='ocrx_word' id='word_1_507' title='bbox 2297 3282 2594 3337; x_wconf 79' lang='lat' dir='ltr'><strong>occultavit</strong></span> <span class='ocrx_word' id='word_1_508' title='bbox 2643 3301 2656 3335; x_wconf 91' lang='lat'>:</span> <span class='ocrx_word' id='word_1_509' title='bbox 2711 3283 2980 3352; x_wconf 77' lang='lat' dir='ltr'><strong>siquidem</strong></span> <span class='ocrx_word' id='word_1_510' title='bbox 3037 3285 3090 3337; x_wconf 89' lang='lat' dir='ltr'><strong>in</strong></span> <span class='ocrx_word' id='word_1_511' title='bbox 3152 3285 3424 3352; x_wconf 84' lang='lat' dir='ltr'><strong>capitibus</strong></span> <span class='ocrx_word' id='word_1_512' title='bbox 3478 3287 3583 3341; x_wconf 82' lang='lat' dir='ltr'><strong>illis</strong></span> 
     </span>
    </p>
   </div>
   <div class='ocr_carea' id='block_1_79' title="bbox 2019 3371 3578 3444">
    <p class='ocr_par' dir='ltr' id='par_1_79' title="bbox 2019 3371 3578 3444">
     <span class='ocr_line' id='line_1_79' title="bbox 2019 3371 3578 3444; baseline 0.003 -20"><span class='ocrx_word' id='word_1_513' title='bbox 2019 3381 2206 3440; x_wconf 88' lang='lat' dir='ltr'><strong>aperta</strong></span> <span class='ocrx_word' id='word_1_514' title='bbox 2230 3371 2408 3426; x_wconf 79' lang='lat' dir='ltr'><strong>fronte</strong></span> <span class='ocrx_word' id='word_1_515' title='bbox 2451 3371 2789 3439; x_wconf 87' lang='lat' dir='ltr'><strong>impietatem</strong></span> <span class='ocrx_word' id='word_1_516' title='bbox 2820 3387 2973 3426; x_wconf 87' lang='lat' dir='ltr'><strong>suam</strong></span> <span class='ocrx_word' id='word_1_517' title='bbox 3009 3372 3321 3440; x_wconf 89' lang='lat' dir='ltr'><strong>prolitetur,</strong></span> <span class='ocrx_word' id='word_1_518' title='bbox 3353 3390 3578 3444; x_wconf 87' lang='lat' dir='ltr'><strong>eosque,</strong></span> 
     </span>
    </p>
   </div>
   <div class='ocr_carea' id='block_1_80' title="bbox 2018 3458 3580 3532">
    <p class='ocr_par' dir='ltr' id='par_1_80' title="bbox 2018 3458 3580 3532">
     <span class='ocr_line' id='line_1_80' title="bbox 2018 3458 3580 3532; baseline 0.002 -15"><span class='ocrx_word' id='word_1_519' title='bbox 2018 3464 2112 3532; x_wconf 91' lang='lat' dir='ltr'><strong>qui</strong></span> <span class='ocrx_word' id='word_1_520' title='bbox 2162 3463 2320 3517; x_wconf 88' lang='lat' dir='ltr'><strong>aliter</strong></span> <span class='ocrx_word' id='word_1_521' title='bbox 2374 3463 2656 3525; x_wconf 88' lang='lat' dir='ltr'><strong>sentiunt.</strong></span> <span class='ocrx_word' id='word_1_522' title='bbox 2709 3463 2972 3517; x_wconf 85' lang='lat' dir='ltr'><strong>audacter</strong></span> <span class='ocrx_word' id='word_1_523' title='bbox 3003 3458 3462 3518; x_wconf 33' lang='lat' dir='ltr'><strong>‘anatlicmatizat.</strong></span> <span class='ocrx_word' id='word_1_524' title='bbox 3524 3468 3580 3520; x_wconf 90' lang='lat' dir='ltr'><strong>ln</strong></span> 
     </span>
    </p>
   </div>
   <div class='ocr_carea' id='block_1_81' title="bbox 2015 3553 3579 3625">
    <p class='ocr_par' dir='ltr' id='par_1_81' title="bbox 2015 3553 3579 3625">
     <span class='ocr_line' id='line_1_81' title="bbox 2015 3553 3579 3625; baseline 0.003 -17"><span class='ocrx_word' id='word_1_525' title='bbox 2015 3556 2245 3625; x_wconf 89' lang='lat' dir='ltr'><strong>epistola</strong></span> <span class='ocrx_word' id='word_1_526' title='bbox 2283 3563 2466 3609; x_wconf 89' lang='lat' dir='ltr'><strong>autem</strong></span> <span class='ocrx_word' id='word_1_527' title='bbox 2505 3553 2701 3609; x_wconf 89' lang='lat' dir='ltr'><strong>callide</strong></span> <span class='ocrx_word' id='word_1_528' title='bbox 2741 3553 3169 3624; x_wconf 85' lang='lat' dir='ltr'><strong>simplicioribus</strong></span> <span class='ocrx_word' id='word_1_529' title='bbox 3209 3554 3466 3609; x_wconf 90' lang='lat' dir='ltr'><strong>damnum</strong></span> <span class='ocrx_word' id='word_1_530' title='bbox 3496 3559 3579 3612; x_wconf 65' lang='lat' dir='ltr'><strong>iu»</strong></span> 
     </span>
    </p>
   </div>
   <div class='ocr_carea' id='block_1_82' title="bbox 2019 3639 3216 3700">
    <p class='ocr_par' dir='ltr' id='par_1_82' title="bbox 2019 3639 3216 3700">
     <span class='ocr_line' id='line_1_82' title="bbox 2019 3639 3216 3700; baseline -0.003 -1"><span class='ocrx_word' id='word_1_531' title='bbox 2019 3645 2162 3700; x_wconf 79' lang='lat' dir='ltr'><strong>ferre</strong></span> <span class='ocrx_word' id='word_1_532' title='bbox 2192 3644 2423 3699; x_wconf 89' lang='lat' dir='ltr'><strong>studuit.</strong></span> <span class='ocrx_word' id='word_1_533' title='bbox 3200 3639 3216 3643; x_wconf 29' lang='grc' dir='ltr'>’λ</span> 
     </span>
    </p>
   </div>
   <div class='ocr_carea' id='block_1_83' title="bbox 2081 3736 3574 3810">
    <p class='ocr_par' dir='ltr' id='par_1_83' title="bbox 2081 3736 3574 3810">
     <span class='ocr_line' id='line_1_83' title="bbox 2081 3736 3574 3810; baseline 0 -17"><span class='ocrx_word' id='word_1_534' title='bbox 2081 3736 2280 3793; x_wconf 80' lang='lat' dir='ltr'><strong>Caveat</strong></span> <span class='ocrx_word' id='word_1_535' title='bbox 2314 3737 2498 3806; x_wconf 88' lang='lat' dir='ltr'><strong>itaque</strong></span> <span class='ocrx_word' id='word_1_536' title='bbox 2519 3736 2783 3792; x_wconf 87' lang='lat' dir='ltr'><strong>sanctitas</strong></span> <span class='ocrx_word' id='word_1_537' title='bbox 2809 3744 2935 3810; x_wconf 86' lang='lat' dir='ltr'><strong>tua,</strong></span> <span class='ocrx_word' id='word_1_538' title='bbox 2967 3750 3035 3790; x_wconf 88' lang='lat' dir='ltr'><strong>ne</strong></span> <span class='ocrx_word' id='word_1_539' title='bbox 3061 3751 3279 3790; x_wconf 89' lang='lat' dir='ltr'><strong>causam</strong></span> <span class='ocrx_word' id='word_1_540' title='bbox 3317 3739 3574 3809; x_wconf 81' lang='lat' dir='ltr'><strong>negligat,</strong></span> 
     </span>
    </p>
   </div>
   <div class='ocr_carea' id='block_1_84' title="bbox 2013 3829 3576 3900">
    <p class='ocr_par' dir='ltr' id='par_1_84' title="bbox 2013 3829 3576 3900">
     <span class='ocr_line' id='line_1_84' title="bbox 2013 3829 3576 3900; baseline 0.001 -17"><span class='ocrx_word' id='word_1_541' title='bbox 2013 3845 2082 3884; x_wconf 90' lang='lat' dir='ltr'><strong>ne</strong></span> <span class='ocrx_word' id='word_1_542' title='bbox 2114 3837 2299 3900; x_wconf 89' lang='lat' dir='ltr'><strong>postea</strong></span> <span class='ocrx_word' id='word_1_543' title='bbox 2333 3829 2566 3884; x_wconf 70' lang='lat' dir='ltr'><strong>baeresin</strong></span> <span class='ocrx_word' id='word_1_544' title='bbox 2592 3829 2734 3883; x_wconf 87' lang='lat' dir='ltr'><strong>hanc</strong></span> <span class='ocrx_word' id='word_1_545' title='bbox 2761 3829 3166 3884; x_wconf 87' lang='lat' dir='ltr'><strong>corroboratam</strong></span> <span class='ocrx_word' id='word_1_546' title='bbox 3200 3830 3494 3898; x_wconf 87' lang='lat' dir='ltr'><strong>aspiciens,</strong></span> <span class='ocrx_word' id='word_1_547' title='bbox 3523 3832 3576 3884; x_wconf 89' lang='lat' dir='ltr'><strong>in</strong></span> 
     </span>
    </p>
   </div>
   <div class='ocr_carea' id='block_1_85' title="bbox 2013 3920 3574 3992">
    <p class='ocr_par' dir='ltr' id='par_1_85' title="bbox 2013 3920 3574 3992">
     <span class='ocr_line' id='line_1_85' title="bbox 2013 3920 3574 3992; baseline 0.001 -16"><span class='ocrx_word' id='word_1_548' title='bbox 2013 3938 2213 3976; x_wconf 84' lang='lat' dir='ltr'><strong>vanum</strong></span> <span class='ocrx_word' id='word_1_549' title='bbox 2249 3921 2452 3986; x_wconf 87' lang='lat' dir='ltr'><strong>doleat,</strong></span> <span class='ocrx_word' id='word_1_550' title='bbox 2490 3929 2546 3976; x_wconf 87' lang='lat' dir='ltr'><strong>et</strong></span> <span class='ocrx_word' id='word_1_551' title='bbox 2584 3921 2728 3992; x_wconf 86' lang='lat' dir='ltr'><strong>quod</strong></span> <span class='ocrx_word' id='word_1_552' title='bbox 2758 3921 3016 3992; x_wconf 89' lang='lat' dir='ltr'><strong>pietatem</strong></span> <span class='ocrx_word' id='word_1_553' title='bbox 3051 3920 3331 3975; x_wconf 84' lang='lat' dir='ltr'><strong>vindicare</strong></span> <span class='ocrx_word' id='word_1_554' title='bbox 3370 3921 3574 3977; x_wconf 90' lang='lat' dir='ltr'><strong>deinde</strong></span> 
     </span>
    </p>
   </div>
   <div class='ocr_carea' id='block_1_86' title="bbox 2010 4013 2606 4086">
    <p class='ocr_par' dir='ltr' id='par_1_86' title="bbox 2010 4013 2606 4086">
     <span class='ocr_line' id='line_1_86' title="bbox 2010 4013 2606 4086; baseline -0.003 -16"><span class='ocrx_word' id='word_1_555' title='bbox 2010 4025 2269 4086; x_wconf 85' lang='lat' dir='ltr'><strong>nequeat,</strong></span> <span class='ocrx_word' id='word_1_556' title='bbox 2301 4030 2358 4071; x_wconf 90' lang='lat' dir='ltr'><strong>se</strong></span> <span class='ocrx_word' id='word_1_557' title='bbox 2383 4013 2606 4086; x_wconf 65' lang='lat' dir='ltr'><strong>altligat.</strong></span> 
     </span>
    </p>
   </div>
   <div class='ocr_carea' id='block_1_87' title="bbox 2080 4104 3574 4178">
    <p class='ocr_par' dir='ltr' id='par_1_87' title="bbox 2080 4104 3574 4178">
     <span class='ocr_line' id='line_1_87' title="bbox 2080 4104 3574 4178; baseline 0.002 -19"><span class='ocrx_word' id='word_1_558' title='bbox 2080 4105 2327 4161; x_wconf 83' lang='lat' dir='ltr'><strong>Misimus</strong></span> <span class='ocrx_word' id='word_1_559' title='bbox 2357 4105 2522 4162; x_wconf 88' lang='lat' dir='ltr'><strong>etiam</strong></span> <span class='ocrx_word' id='word_1_560' title='bbox 2553 4106 2865 4178; x_wconf 81' lang='lat' dir='ltr'><strong>exemplum</strong></span> <span class='ocrx_word' id='word_1_561' title='bbox 2895 4104 3102 4177; x_wconf 85' lang='lat' dir='ltr'><strong>scripti,</strong></span> <span class='ocrx_word' id='word_1_562' title='bbox 3145 4107 3293 4176; x_wconf 89' lang='lat' dir='ltr'><strong>quod</strong></span> <span class='ocrx_word' id='word_1_563' title='bbox 3332 4107 3574 4178; x_wconf 88' lang='lat' dir='ltr'><strong>piissimo</strong></span> 
     </span>
    </p>
   </div>
   <div class='ocr_carea' id='block_1_88' title="bbox 2009 4195 3568 4266">
    <p class='ocr_par' dir='ltr' id='par_1_88' title="bbox 2009 4195 3568 4266">
     <span class='ocr_line' id='line_1_88' title="bbox 2009 4195 3568 4266; baseline 0.001 -15"><span class='ocrx_word' id='word_1_564' title='bbox 2009 4195 2584 4266; x_wconf 88' lang='lat' dir='ltr'><strong>Christianissimoque</strong></span> <span class='ocrx_word' id='word_1_565' title='bbox 2623 4195 2939 4266; x_wconf 84' lang='lat' dir='ltr'><strong>imperatori</strong></span> <span class='ocrx_word' id='word_1_566' title='bbox 2975 4206 3162 4251; x_wconf 91' lang='lat' dir='ltr'><strong>nostro</strong></span> <span class='ocrx_word' id='word_1_567' title='bbox 3196 4196 3568 4259; x_wconf 76' lang='lat' dir='ltr'><strong>exhibuimus.</strong></span> 
     </span>
    </p>
   </div>
   <div class='ocr_carea' id='block_1_89' title="bbox 2010 4287 3568 4355">
    <p class='ocr_par' dir='ltr' id='par_1_89' title="bbox 2010 4287 3568 4355">
     <span class='ocr_line' id='line_1_89' title="bbox 2010 4287 3568 4355; baseline 0.002 -15"><span class='ocrx_word' id='word_1_568' title='bbox 2010 4301 2121 4355; x_wconf 88' lang='lat' dir='ltr'><strong>quo</strong></span> <span class='ocrx_word' id='word_1_569' title='bbox 2153 4296 2468 4342; x_wconf 88' lang='lat' dir='ltr'><strong>sanctorum</strong></span> <span class='ocrx_word' id='word_1_570' title='bbox 2509 4287 2852 4343; x_wconf 66' lang='lat' dir='ltr'><strong>Nicaanorum</strong></span> <span class='ocrx_word' id='word_1_571' title='bbox 2890 4287 3113 4342; x_wconf 80' lang='lat' dir='ltr'><strong>Patrum</strong></span> <span class='ocrx_word' id='word_1_572' title='bbox 3152 4287 3287 4343; x_wconf 85' lang='lat' dir='ltr'><strong>ﬁdes</strong></span> <span class='ocrx_word' id='word_1_573' title='bbox 3319 4289 3568 4343; x_wconf 87' lang='lat' dir='ltr'><strong>contine-</strong></span> 
     </span>
    </p>
   </div>
   <div class='ocr_carea' id='block_1_90' title="bbox 342 4350 1921 4448">
    <p class='ocr_par' dir='ltr' id='par_1_90' title="bbox 342 4361 1907 4437">
     <span class='ocr_line' id='line_1_90' title="bbox 342 4361 1907 4437; baseline 0.003 -19"><span class='ocrx_word' id='word_1_574' title='bbox 342 4366 567 4436; x_wconf 79' lang='grc' dir='ltr'>Νικαίᾳο</span> <span class='ocrx_word' id='word_1_575' title='bbox 593 4368 651 4418; x_wconf 86' lang='grc' dir='ltr'>ἐν</span> <span class='ocrx_word' id='word_1_576' title='bbox 673 4361 716 4433; x_wconf 78' lang='grc' dir='ltr'><strong>ᾧ</strong></span> <span class='ocrx_word' id='word_1_577' title='bbox 736 4365 1056 4434; x_wconf 78' lang='grc' dir='ltr'>ἐξεϐάλομεν</span> <span class='ocrx_word' id='word_1_578' title='bbox 1088 4365 1155 4418; x_wconf 73' lang='grc' dir='ltr'>τὰ</span> <span class='ocrx_word' id='word_1_579' title='bbox 1187 4367 1494 4434; x_wconf 76' lang='grc' dir='ltr'>πρόσφατον</span> <span class='ocrx_word' id='word_1_580' title='bbox 1517 4368 1907 4437; x_wconf 84' lang='grc' dir='ltr'>ἐπεισαχθέντα</span> 
     </span>
    </p>
   </div>
   <div class='ocr_carea' id='block_1_91' title="bbox 2029 4350 3568 4448">
    <p class='ocr_par' dir='ltr' id='par_1_91' title="bbox 2029 4350 3568 4448">
     <span class='ocr_line' id='line_1_91' title="bbox 2029 4350 3568 4448; baseline 0.001 -19"><span class='ocrx_word' id='word_1_581' title='bbox 2029 4350 2121 4440; x_wconf 60' lang='lat' dir='ltr'><strong>ur,</strong></span> <span class='ocrx_word' id='word_1_582' title='bbox 2155 4385 2213 4432; x_wconf 88' lang='lat' dir='ltr'><strong>et</strong></span> <span class='ocrx_word' id='word_1_583' title='bbox 2257 4376 2514 4432; x_wconf 60' lang='lat' dir='ltr'><strong>heretica</strong></span> <span class='ocrx_word' id='word_1_584' title='bbox 2547 4375 2732 4448; x_wconf 81' lang='lat' dir='ltr'><strong>Cyrilli</strong></span> <span class='ocrx_word' id='word_1_585' title='bbox 2763 4375 2941 4445; x_wconf 87' lang='lat' dir='ltr'><strong>capita</strong></span> <span class='ocrx_word' id='word_1_586' title='bbox 2988 4390 3178 4432; x_wconf 88' lang='lat' dir='ltr'><strong>recens</strong></span> <span class='ocrx_word' id='word_1_587' title='bbox 3212 4376 3432 4431; x_wconf 88' lang='lat' dir='ltr'><strong>inducta</strong></span> <span class='ocrx_word' id='word_1_588' title='bbox 3479 4393 3568 4431; x_wconf 84' lang='lat' dir='ltr'><strong>re-</strong></span> 
     </span>
    </p>
   </div>
   <div class='ocr_carea' id='block_1_92' title="bbox 343 4455 1906 4530">
    <p class='ocr_par' dir='ltr' id='par_1_92' title="bbox 343 4455 1906 4530">
     <span class='ocr_line' id='line_1_92' title="bbox 343 4455 1906 4530; baseline 0.003 -22"><span class='ocrx_word' id='word_1_589' title='bbox 343 4456 448 4508; x_wconf 81' lang='grc' dir='ltr'><strong>ὐπὸ</strong></span> <span class='ocrx_word' id='word_1_590' title='bbox 480 4456 570 4511; x_wconf 87' lang='grc' dir='ltr'><strong>τοῦ</strong></span> <span class='ocrx_word' id='word_1_591' title='bbox 610 4456 874 4526; x_wconf 82' lang='grc' dir='ltr'>Κυρίλλου</span> <span class='ocrx_word' id='word_1_592' title='bbox 902 4455 1151 4525; x_wconf 84' lang='grc' dir='ltr'>αἱρετικὰ</span> <span class='ocrx_word' id='word_1_593' title='bbox 1186 4456 1472 4524; x_wconf 78' lang='grc' dir='ltr'>κεφάλαια,</span> <span class='ocrx_word' id='word_1_594' title='bbox 1502 4458 1758 4528; x_wconf 78' lang='grc' dir='ltr'>ἀλλότρια</span> <span class='ocrx_word' id='word_1_595' title='bbox 1789 4459 1906 4530; x_wconf 73' lang='lat' dir='ltr'><strong>xpl-</strong></span> 
     </span>
    </p>
   </div>
   <div class='ocr_carea' id='block_1_93' title="bbox 342 4542 1406 4616">
    <p class='ocr_par' dir='ltr' id='par_1_93' title="bbox 342 4542 1406 4616">
     <span class='ocr_line' id='line_1_93' title="bbox 342 4542 1406 4616; baseline -0.001 -19"><span class='ocrx_word' id='word_1_596' title='bbox 342 4562 529 4608; x_wconf 87' lang='grc' dir='ltr'>ναντες</span> <span class='ocrx_word' id='word_1_597' title='bbox 555 4545 690 4598; x_wconf 70' lang='grc' dir='ltr'>αὐτὰ</span> <span class='ocrx_word' id='word_1_598' title='bbox 713 4545 808 4615; x_wconf 81' lang='grc' dir='ltr'>τῆς</span> <span class='ocrx_word' id='word_1_599' title='bbox 842 4542 1119 4616; x_wconf 75' lang='grc' dir='ltr'>ὀρθοδόξου</span> <span class='ocrx_word' id='word_1_600' title='bbox 1151 4545 1406 4608; x_wconf 87' lang='grc' dir='ltr'>πίστεως.</span> 
     </span>
    </p>
   </div>
   <div class='ocr_carea' id='block_1_94' title="bbox 425 4655 1902 4731">
    <p class='ocr_par' dir='ltr' id='par_1_94' title="bbox 425 4655 1902 4731">
     <span class='ocr_line' id='line_1_94' title="bbox 425 4655 1902 4731; baseline 0.005 -24"><span class='ocrx_word' id='word_1_601' title='bbox 425 4656 638 4725; x_wconf 77' lang='grc' dir='ltr'>Ἐπειδὴ</span> <span class='ocrx_word' id='word_1_602' title='bbox 684 4657 834 4724; x_wconf 85' lang='grc' dir='ltr'>μόνοι</span> <span class='ocrx_word' id='word_1_603' title='bbox 859 4655 1004 4710; x_wconf 81' lang='grc' dir='ltr'>ὀκτὼ</span> <span class='ocrx_word' id='word_1_604' title='bbox 1043 4657 1454 4726; x_wconf 80' lang='grc' dir='ltr'>παρεγενόμεθα</span> <span class='ocrx_word' id='word_1_605' title='bbox 1483 4659 1563 4722; x_wconf 78' lang='grc' dir='ltr'>εἰς</span> <span class='ocrx_word' id='word_1_606' title='bbox 1600 4658 1698 4731; x_wconf 78' lang='grc' dir='ltr'><strong>τὴν</strong></span> <span class='ocrx_word' id='word_1_607' title='bbox 1749 4661 1902 4715; x_wconf 81' lang='grc' dir='ltr'><strong>Κων-</strong></span> 
     </span>
    </p>
   </div>
   <div class='ocr_carea' id='block_1_95' title="bbox 342 4745 1900 4818">
    <p class='ocr_par' dir='ltr' id='par_1_95' title="bbox 342 4745 1900 4818">
     <span class='ocr_line' id='line_1_95' title="bbox 342 4745 1900 4818; baseline 0.004 -21"><span class='ocrx_word' id='word_1_608' title='bbox 342 4745 796 4811; x_wconf 78' lang='grc' dir='ltr'>σταντινούπολιν,</span> <span class='ocrx_word' id='word_1_609' title='bbox 837 4745 978 4800; x_wconf 77' lang='grc' dir='ltr'>οὕτω</span> <span class='ocrx_word' id='word_1_610' title='bbox 1007 4746 1100 4798; x_wconf 86' lang='grc' dir='ltr'><strong>τοῦ</strong></span> <span class='ocrx_word' id='word_1_611' title='bbox 1142 4745 1528 4801; x_wconf 76' lang='grc' dir='ltr'>εὐσεϐεστάτου</span> <span class='ocrx_word' id='word_1_612' title='bbox 1563 4751 1900 4818; x_wconf 62' lang='grc' dir='ltr'><strong>’προστάξαν⁹</strong></span> 
     </span>
    </p>
   </div>
   <div class='ocr_carea' id='block_1_96' title="bbox 337 4833 1901 4906">
    <p class='ocr_par' dir='ltr' id='par_1_96' title="bbox 337 4833 1901 4906">
     <span class='ocr_line' id='line_1_96' title="bbox 337 4833 1901 4906; baseline 0.003 -18"><span class='ocrx_word' id='word_1_613' title='bbox 337 4853 428 4898; x_wconf 86' lang='grc' dir='ltr'><strong>τος</strong></span> <span class='ocrx_word' id='word_1_614' title='bbox 460 4834 742 4904; x_wconf 75' lang='grc' dir='ltr'>βασιλέως,</span> <span class='ocrx_word' id='word_1_615' title='bbox 773 4835 1117 4904; x_wconf 77' lang='grc' dir='ltr'>ὑπετάξαμεν</span> <span class='ocrx_word' id='word_1_616' title='bbox 1139 4833 1250 4906; x_wconf 66' lang='lat'><strong>(20)</strong></span> <span class='ocrx_word' id='word_1_617' title='bbox 1277 4837 1369 4888; x_wconf 82' lang='grc' dir='ltr'><strong>καὶ</strong></span> <span class='ocrx_word' id='word_1_618' title='bbox 1400 4835 1460 4888; x_wconf 72' lang='grc' dir='ltr'><strong>τι</strong></span> <span class='ocrx_word' id='word_1_619' title='bbox 1491 4836 1604 4890; x_wconf 81' lang='grc' dir='ltr'>ἴσον</span> <span class='ocrx_word' id='word_1_620' title='bbox 1641 4837 1735 4890; x_wconf 88' lang='grc' dir='ltr'><strong>τοῦ</strong></span> <span class='ocrx_word' id='word_1_621' title='bbox 1761 4839 1901 4892; x_wconf 82' lang='grc' dir='ltr'>ἐντο-</span> 
     </span>
    </p>
   </div>
   <div class='ocr_carea' id='block_1_97' title="bbox 335 4925 1896 5000">
    <p class='ocr_par' dir='ltr' id='par_1_97' title="bbox 335 4925 1896 5000">
     <span class='ocr_line' id='line_1_97' title="bbox 335 4925 1896 5000; baseline 0.002 -23"><span class='ocrx_word' id='word_1_622' title='bbox 335 4925 510 4989; x_wconf 80' lang='grc' dir='ltr'>λικοῦ,</span> <span class='ocrx_word' id='word_1_623' title='bbox 546 4925 639 4979; x_wconf 89' lang='grc' dir='ltr'><strong>τοῦ</strong></span> <span class='ocrx_word' id='word_1_624' title='bbox 682 4926 831 4996; x_wconf 75' lang='grc' dir='ltr'>παρὰ</span> <span class='ocrx_word' id='word_1_625' title='bbox 863 4927 964 4996; x_wconf 73' lang='grc' dir='ltr'>τῆς</span> <span class='ocrx_word' id='word_1_626' title='bbox 1017 4926 1176 4994; x_wconf 82' lang='grc' dir='ltr'>ἁγίας</span> <span class='ocrx_word' id='word_1_627' title='bbox 1221 4927 1438 4980; x_wconf 81' lang='grc' dir='ltr'>συνόδου</span> <span class='ocrx_word' id='word_1_628' title='bbox 1470 4927 1712 4992; x_wconf 85' lang='grc' dir='ltr'>δοθέντος</span> <span class='ocrx_word' id='word_1_629' title='bbox 1747 4930 1896 5000; x_wconf 82' lang='grc' dir='ltr'>ἡμῖν,</span> 
     </span>
    </p>
   </div>
   <div class='ocr_carea' id='block_1_98' title="bbox 331 5015 1899 5090">
    <p class='ocr_par' dir='ltr' id='par_1_98' title="bbox 331 5015 1899 5090">
     <span class='ocr_line' id='line_1_98' title="bbox 331 5015 1899 5090; baseline 0.005 -22"><span class='ocrx_word' id='word_1_630' title='bbox 331 5015 421 5069; x_wconf 83' lang='grc' dir='ltr'>διὰ</span> <span class='ocrx_word' id='word_1_631' title='bbox 451 5015 547 5086; x_wconf 82' lang='grc' dir='ltr'>τὴν</span> <span class='ocrx_word' id='word_1_632' title='bbox 579 5017 776 5084; x_wconf 81' lang='grc' dir='ltr'>γνῶσιν</span> <span class='ocrx_word' id='word_1_633' title='bbox 803 5017 912 5071; x_wconf 81' lang='grc' dir='ltr'>τῶν</span> <span class='ocrx_word' id='word_1_634' title='bbox 937 5018 1270 5089; x_wconf 83' lang='grc' dir='ltr'>ἐγκειμένων</span> <span class='ocrx_word' id='word_1_635' title='bbox 1304 5018 1453 5088; x_wconf 84' lang='grc' dir='ltr'>αὐτῷ</span> <span class='ocrx_word' id='word_1_636' title='bbox 1495 5019 1793 5090; x_wconf 82' lang='grc' dir='ltr'>ἐπαρχιῶν,</span> <span class='ocrx_word' id='word_1_637' title='bbox 1830 5021 1899 5084; x_wconf 77' lang='grc' dir='ltr'>ἃς</span> 
     </span>
    </p>
   </div>
   <div class='ocr_carea' id='block_1_99' title="bbox 335 5109 1894 5184">
    <p class='ocr_par' dir='ltr' id='par_1_99' title="bbox 335 5109 1894 5184">
     <span class='ocr_line' id='line_1_99' title="bbox 335 5109 1894 5184; baseline 0.003 -24"><span class='ocrx_word' id='word_1_638' title='bbox 335 5109 483 5162; x_wconf 78' lang='grc' dir='ltr'>ἔστιν</span> <span class='ocrx_word' id='word_1_639' title='bbox 511 5109 618 5163; x_wconf 80' lang='grc' dir='ltr'><strong>ἀπὸ</strong></span> <span class='ocrx_word' id='word_1_640' title='bbox 660 5110 768 5164; x_wconf 83' lang='grc' dir='ltr'>τῶν</span> <span class='ocrx_word' id='word_1_641' title='bbox 797 5110 1130 5182; x_wconf 71' lang='grc' dir='ltr'>ὑπογραφῶν</span> <span class='ocrx_word' id='word_1_642' title='bbox 1162 5111 1270 5164; x_wconf 84' lang='grc' dir='ltr'>τῶν</span> <span class='ocrx_word' id='word_1_643' title='bbox 1318 5111 1724 5182; x_wconf 83' lang='grc' dir='ltr'>μητροπολιτῶν</span> <span class='ocrx_word' id='word_1_644' title='bbox 1754 5113 1894 5184; x_wconf 81' lang='grc' dir='ltr'><strong>γνῶ-</strong></span> 
     </span>
    </p>
   </div>
   <div class='ocr_carea' id='block_1_100' title="bbox 330 5201 1889 5275">
    <p class='ocr_par' dir='ltr' id='par_1_100' title="bbox 330 5201 1889 5275">
     <span class='ocr_line' id='line_1_100' title="bbox 330 5201 1889 5275; baseline 0.004 -23"><span class='ocrx_word' id='word_1_645' title='bbox 330 5218 417 5253; x_wconf 87' lang='grc' dir='ltr'><strong>ναι</strong></span> <span class='ocrx_word' id='word_1_646' title='bbox 453 5201 552 5272; x_wconf 74' lang='grc' dir='ltr'><strong>τὴν</strong></span> <span class='ocrx_word' id='word_1_647' title='bbox 590 5204 688 5272; x_wconf 78' lang='grc' dir='ltr'>σὴν</span> <span class='ocrx_word' id='word_1_648' title='bbox 728 5202 999 5272; x_wconf 85' lang='grc' dir='ltr'>ὁσιότητα.</span> <span class='ocrx_word' id='word_1_649' title='bbox 1044 5204 1230 5257; x_wconf 79' lang='grc' dir='ltr'>Πᾶσαν</span> <span class='ocrx_word' id='word_1_650' title='bbox 1271 5203 1370 5274; x_wconf 83' lang='grc' dir='ltr'>τὴν</span> <span class='ocrx_word' id='word_1_651' title='bbox 1412 5205 1508 5258; x_wconf 78' lang='grc' dir='ltr'>σὺν</span> <span class='ocrx_word' id='word_1_652' title='bbox 1555 5205 1637 5258; x_wconf 77' lang='grc' dir='ltr'>σοὶ</span> <span class='ocrx_word' id='word_1_653' title='bbox 1669 5204 1889 5275; x_wconf 76' lang='grc' dir='ltr'>ἀδελφό-</span> 
     </span>
    </p>
   </div>
   <div class='ocr_carea' id='block_1_101' title="bbox 326 5293 985 5366">
    <p class='ocr_par' dir='ltr' id='par_1_101' title="bbox 326 5293 985 5366">
     <span class='ocr_line' id='line_1_101' title="bbox 326 5293 985 5366; baseline 0.006 -22"><span class='ocrx_word' id='word_1_654' title='bbox 326 5309 464 5361; x_wconf 88' lang='grc' dir='ltr'>τητα</span> <span class='ocrx_word' id='word_1_655' title='bbox 493 5293 985 5366; x_wconf 81' lang='grc' dir='ltr'>προσαγορεύομεν.</span> 
     </span>
    </p>
   </div>
   <div class='ocr_carea' id='block_1_102' title="bbox 391 5449 924 5582">
    <p class='ocr_par' dir='ltr' id='par_1_102' title="bbox 391 5449 924 5582">
     <span class='ocr_line' id='line_1_102' title="bbox 391 5449 924 5582; baseline 0.008 -80"><span class='ocrx_word' id='word_1_656' title='bbox 391 5449 511 5582; x_wconf 47' lang='grc' dir='ltr'>με)</span> <span class='ocrx_word' id='word_1_657' title='bbox 542 5451 826 5516; x_wconf 82' lang='grc' dir='ltr'>ἀνεδέξατο</span> <span class='ocrx_word' id='word_1_658' title='bbox 855 5453 924 5506; x_wconf 80' lang='grc' dir='ltr'>Μ.</span> 
     </span>
     <span class='ocr_line' id='line_1_103' title="bbox 422 5520 924 5582; baseline 0.004 -11"><span class='ocrx_word' id='word_1_659' title='bbox 422 5520 507 5582; x_wconf 81' lang='lat' dir='ltr'><strong>l7)</strong></span> <span class='ocrx_word' id='word_1_660' title='bbox 538 5521 818 5582; x_wconf 83' lang='grc' dir='ltr'>όρωμένης</span> <span class='ocrx_word' id='word_1_661' title='bbox 846 5522 924 5573; x_wconf 74' lang='grc' dir='ltr'><strong>Θεε</strong></span> 
     </span>
    </p>
   </div>
   <div class='ocr_carea' id='block_1_103' title="bbox 422 5520 1603 5655">
    <p class='ocr_par' dir='ltr' id='par_1_103' title="bbox 422 5520 1603 5655">
     <span class='ocr_line' id='line_1_104' title="bbox 422 5520 1603 5655; baseline 0.009 -84"><span class='ocrx_word' id='word_1_662' title='bbox 422 5520 507 5655; x_wconf 54' lang='lat' dir='ltr'><strong>l7;</strong></span> <span class='ocrx_word' id='word_1_663' title='bbox 538 5521 818 5588; x_wconf 83' lang='grc' dir='ltr'>όρωμένης</span> <span class='ocrx_word' id='word_1_664' title='bbox 846 5521 1118 5588; x_wconf 76' lang='grc' dir='ltr'>Θεοφιλίας</span> <span class='ocrx_word' id='word_1_665' title='bbox 1150 5521 1220 5575; x_wconf 84' lang='grc' dir='ltr'>Μ.</span> <span class='ocrx_word' id='word_1_666' title='bbox 1257 5522 1311 5575; x_wconf 89' lang='lat' dir='ltr'><strong>in</strong></span> <span class='ocrx_word' id='word_1_667' title='bbox 1343 5525 1603 5596; x_wconf 72' lang='lat' dir='ltr'><strong>margine.</strong></span> 
     </span>
     <span class='ocr_line' id='line_1_105' title="bbox 422 5587 1200 5655; baseline 0 -15"><span class='ocrx_word' id='word_1_668' title='bbox 422 5587 492 5640; x_wconf 60' lang='lat'><strong>18.</strong></span> <span class='ocrx_word' id='word_1_669' title='bbox 536 5589 727 5655; x_wconf 74' lang='grc' dir='ltr'>κλέψαι</span> <span class='ocrx_word' id='word_1_670' title='bbox 759 5590 826 5642; x_wconf 79' lang='grc' dir='ltr'>Μ.</span> <span class='ocrx_word' id='word_1_671' title='bbox 859 5591 912 5644; x_wconf 90' lang='lat' dir='ltr'><strong>in</strong></span> <span class='ocrx_word' id='word_1_672' title='bbox 942 5593 1200 5655; x_wconf 77' lang='lat' dir='ltr'><strong>margine.</strong></span> 
     </span>
    </p>
   </div>
   <div class='ocr_carea' id='block_1_104' title="bbox 393 5587 1200 5660">
    <p class='ocr_par' dir='ltr' id='par_1_104' title="bbox 393 5587 1200 5660">
     <span class='ocr_line' id='line_1_106' title="bbox 393 5587 1200 5660; baseline 0 -20"><span class='ocrx_word' id='word_1_673' title='bbox 393 5587 440 5658; x_wconf 74' lang='grc' dir='ltr'>(ί</span> <span class='ocrx_word' id='word_1_674' title='bbox 454 5587 504 5655; x_wconf 88' lang='lat'><strong>8)</strong></span> <span class='ocrx_word' id='word_1_675' title='bbox 536 5587 727 5658; x_wconf 73' lang='grc' dir='ltr'>κλέψαι</span> <span class='ocrx_word' id='word_1_676' title='bbox 759 5590 826 5642; x_wconf 79' lang='grc' dir='ltr'>Μ.</span> <span class='ocrx_word' id='word_1_677' title='bbox 859 5591 912 5644; x_wconf 90' lang='lat' dir='ltr'><strong>in</strong></span> <span class='ocrx_word' id='word_1_678' title='bbox 942 5587 1200 5660; x_wconf 76' lang='lat' dir='ltr'><strong>margine.</strong></span> 
     </span>
    </p>
   </div>
   <div class='ocr_carea' id='block_1_105' title="bbox 640 5683 1422 5747">
    <p class='ocr_par' dir='ltr' id='par_1_105' title="bbox 640 5683 1422 5747">
     <span class='ocr_line' id='line_1_107' title="bbox 640 5683 1422 5747; baseline 0.005 -4"><span class='ocrx_word' id='word_1_679' title='bbox 640 5683 906 5743; x_wconf 75' lang='grc' dir='ltr'>ΡΑτιιοῐ..</span> <span class='ocrx_word' id='word_1_680' title='bbox 952 5685 1065 5742; x_wconf 78' lang='lat' dir='ltr'><strong>Gn.</strong></span> <span class='ocrx_word' id='word_1_681' title='bbox 1113 5686 1422 5747; x_wconf 74' lang='lat' dir='ltr'><strong>LXXXIII.</strong></span> 
     </span>
    </p>
   </div>
   <div class='ocr_carea' id='block_1_106' title="bbox 2004 4466 3565 4537">
    <p class='ocr_par' dir='ltr' id='par_1_106' title="bbox 2004 4466 3565 4537">
     <span class='ocr_line' id='line_1_108' title="bbox 2004 4466 3565 4537; baseline 0.003 -19"><span class='ocrx_word' id='word_1_682' title='bbox 2004 4466 2328 4534; x_wconf 89' lang='lat' dir='ltr'><strong>probantur,</strong></span> <span class='ocrx_word' id='word_1_683' title='bbox 2360 4482 2424 4521; x_wconf 87' lang='lat' dir='ltr'><strong>ca</strong></span> <span class='ocrx_word' id='word_1_684' title='bbox 2455 4467 2614 4522; x_wconf 88' lang='lat' dir='ltr'><strong>nobis</strong></span> <span class='ocrx_word' id='word_1_685' title='bbox 2638 4466 3015 4537; x_wconf 72' lang='lat' dir='ltr'><strong>iudicantibus</strong></span> <span class='ocrx_word' id='word_1_686' title='bbox 3044 4467 3114 4521; x_wconf 81' lang='lat' dir='ltr'><strong>ab</strong></span> <span class='ocrx_word' id='word_1_687' title='bbox 3134 4467 3437 4522; x_wconf 80' lang='lat' dir='ltr'><strong>orthodoxa</strong></span> <span class='ocrx_word' id='word_1_688' title='bbox 3461 4467 3565 4522; x_wconf 78' lang='lat' dir='ltr'><strong>title</strong></span> 
     </span>
    </p>
   </div>
   <div class='ocr_carea' id='block_1_107' title="bbox 2002 4555 3298 4610">
    <p class='ocr_par' dir='ltr' id='par_1_107' title="bbox 2002 4555 3298 4610">
     <span class='ocr_line' id='line_1_109' title="bbox 2002 4555 3298 4610; baseline 0.002 -2"><span class='ocrx_word' id='word_1_689' title='bbox 2002 4555 2200 4610; x_wconf 84' lang='lat' dir='ltr'><strong>aliena.</strong></span> <span class='ocrx_word' id='word_1_690' title='bbox 2873 4567 2875 4570; x_wconf 82' lang='lat'>&#39;</span> <span class='ocrx_word' id='word_1_691' title='bbox 2984 4569 2987 4572; x_wconf 87' lang='lat'>&#39;</span> <span class='ocrx_word' id='word_1_692' title='bbox 3141 4565 3146 4570; x_wconf 73' lang='lat'><strong>‘</strong></span> <span class='ocrx_word' id='word_1_693' title='bbox 3294 4571 3298 4578; x_wconf 88' lang='lat'><strong><em>&#39;</em></strong></span> 
     </span>
    </p>
   </div>
   <div class='ocr_carea' id='block_1_108' title="bbox 2073 4666 3564 4742">
    <p class='ocr_par' dir='ltr' id='par_1_108' title="bbox 2073 4666 3564 4742">
     <span class='ocr_line' id='line_1_110' title="bbox 2073 4666 3564 4742; baseline 0 -17"><span class='ocrx_word' id='word_1_694' title='bbox 2073 4666 2284 4740; x_wconf 66' lang='grc'><strong>1354</strong></span> <span class='ocrx_word' id='word_1_695' title='bbox 2310 4667 2575 4736; x_wconf 84' lang='lat' dir='ltr'><strong>Quoniam</strong></span> <span class='ocrx_word' id='word_1_696' title='bbox 2609 4685 2740 4725; x_wconf 85' lang='lat' dir='ltr'><strong>vero</strong></span> <span class='ocrx_word' id='word_1_697' title='bbox 2763 4671 2918 4742; x_wconf 79' lang='lat' dir='ltr'><strong>juxta</strong></span> <span class='ocrx_word' id='word_1_698' title='bbox 2946 4671 3180 4741; x_wconf 87' lang='lat' dir='ltr'><strong>piissimi</strong></span> <span class='ocrx_word' id='word_1_699' title='bbox 3217 4671 3564 4742; x_wconf 84' lang='lat' dir='ltr'><strong>imperatoris</strong></span> 
     </span>
    </p>
   </div>
   <div class='ocr_carea' id='block_1_109' title="bbox 1999 4750 3563 4818">
    <p class='ocr_par' dir='ltr' id='par_1_109' title="bbox 1999 4750 3563 4818">
     <span class='ocr_line' id='line_1_111' title="bbox 1999 4750 3563 4818; baseline 0.003 -7"><span class='ocrx_word' id='word_1_700' title='bbox 1999 4755 2313 4813; x_wconf 77' lang='lat' dir='ltr'><strong>mandatum</strong></span> <span class='ocrx_word' id='word_1_701' title='bbox 2353 4765 2476 4816; x_wconf 86' lang='lat' dir='ltr'><strong>octo</strong></span> <span class='ocrx_word' id='word_1_702' title='bbox 2525 4750 2735 4815; x_wconf 77' lang='lat' dir='ltr'><strong>tantum</strong></span> <span class='ocrx_word' id='word_1_703' title='bbox 2767 4761 2830 4815; x_wconf 88' lang='lat' dir='ltr'><strong>‘in</strong></span> <span class='ocrx_word' id='word_1_704' title='bbox 2869 4762 3148 4818; x_wconf 75' lang='lat' dir='ltr'><strong>civitatem</strong></span> <span class='ocrx_word' id='word_1_705' title='bbox 3181 4761 3563 4817; x_wconf 82' lang='lat' dir='ltr'><strong>Constantino-</strong></span> 
     </span>
    </p>
   </div>
   <div class='ocr_carea' id='block_1_110' title="bbox 1995 4839 3559 4922">
    <p class='ocr_par' dir='ltr' id='par_1_110' title="bbox 1995 4839 3559 4922">
     <span class='ocr_line' id='line_1_112' title="bbox 1995 4839 3559 4922; baseline 0.005 -21"><span class='ocrx_word' id='word_1_706' title='bbox 1995 4849 2291 4918; x_wconf 86' lang='lat' dir='ltr'><strong>politanam</strong></span> <span class='ocrx_word' id='word_1_707' title='bbox 2343 4839 2626 4915; x_wconf 77' lang='lat' dir='ltr'><strong>venimus,</strong></span> <span class='ocrx_word' id='word_1_708' title='bbox 2676 4853 2697 4872; x_wconf 74' lang='lat'><strong><em>‘</em></strong></span> <span class='ocrx_word' id='word_1_709' title='bbox 2744 4851 3101 4922; x_wconf 90' lang='lat' dir='ltr'><strong>ascripsimus</strong></span> <span class='ocrx_word' id='word_1_710' title='bbox 3150 4851 3559 4909; x_wconf 76' lang='lat' dir='ltr'><strong>etiam&#39;exem-</strong></span> 
     </span>
    </p>
   </div>
   <div class='ocr_carea' id='block_1_111' title="bbox 1995 4939 3558 5014">
    <p class='ocr_par' dir='ltr' id='par_1_111' title="bbox 1995 4939 3558 5014">
     <span class='ocr_line' id='line_1_113' title="bbox 1995 4939 3558 5014; baseline 0.005 -23"><span class='ocrx_word' id='word_1_711' title='bbox 1995 4939 2146 5008; x_wconf 89' lang='lat' dir='ltr'><strong>plum</strong></span> <span class='ocrx_word' id='word_1_712' title='bbox 2169 4940 2406 4996; x_wconf 84' lang='lat' dir='ltr'><strong>mandati</strong></span> <span class='ocrx_word' id='word_1_713' title='bbox 2437 4957 2467 4996; x_wconf 85' lang='lat' dir='ltr'><strong>a</strong></span> <span class='ocrx_word' id='word_1_714' title='bbox 2491 4950 2676 4997; x_wconf 87' lang='lat' dir='ltr'><strong>sancta</strong></span> <span class='ocrx_word' id='word_1_715' title='bbox 2700 4943 2907 5014; x_wconf 80' lang='lat' dir='ltr'><strong>synodo</strong></span> <span class='ocrx_word' id='word_1_716' title='bbox 2937 4945 3096 4998; x_wconf 84' lang='lat' dir='ltr'><strong>nobis</strong></span> <span class='ocrx_word' id='word_1_717' title='bbox 3123 4939 3257 5006; x_wconf 82' lang='lat' dir='ltr'><strong>dati,</strong></span> <span class='ocrx_word' id='word_1_718' title='bbox 3293 4959 3404 5014; x_wconf 86' lang='lat' dir='ltr'><strong>quo</strong></span> <span class='ocrx_word' id='word_1_719' title='bbox 3429 4960 3558 5014; x_wconf 88' lang='lat' dir='ltr'><strong>pro—</strong></span> 
     </span>
    </p>
   </div>
   <div class='ocr_carea' id='block_1_112' title="bbox 1995 5028 3559 5102">
    <p class='ocr_par' dir='ltr' id='par_1_112' title="bbox 1995 5028 3559 5102">
     <span class='ocr_line' id='line_1_114' title="bbox 1995 5028 3559 5102; baseline 0.003 -21"><span class='ocrx_word' id='word_1_720' title='bbox 1995 5028 2188 5083; x_wconf 70' lang='lat' dir='ltr'><strong>vinciae</strong></span> <span class='ocrx_word' id='word_1_721' title='bbox 2221 5030 2278 5083; x_wconf 92' lang='lat' dir='ltr'><strong>in</strong></span> <span class='ocrx_word' id='word_1_722' title='bbox 2315 5029 2408 5085; x_wconf 89' lang='lat' dir='ltr'><strong>illo</strong></span> <span class='ocrx_word' id='word_1_723' title='bbox 2440 5028 2727 5086; x_wconf 68' lang='lat' dir='ltr'><strong>recenSitae</strong></span> <span class='ocrx_word' id='word_1_724' title='bbox 2764 5032 3177 5102; x_wconf 78' lang='lat' dir='ltr'><strong>dignoScautur.</strong></span> <span class='ocrx_word' id='word_1_725' title='bbox 3213 5034 3326 5088; x_wconf 84' lang='lat' dir='ltr'><strong>&#39;Eas</strong></span> <span class='ocrx_word' id='word_1_726' title='bbox 3352 5033 3498 5088; x_wconf 87' lang='lat' dir='ltr'><strong>enim</strong></span> <span class='ocrx_word' id='word_1_727' title='bbox 3529 5050 3559 5086; x_wconf 83' lang='lat' dir='ltr'><strong>a</strong></span> 
     </span>
    </p>
   </div>
   <div class='ocr_carea' id='block_1_113' title="bbox 1977 5109 3558 5191">
    <p class='ocr_par' dir='ltr' id='par_1_113' title="bbox 1977 5109 3558 5191">
     <span class='ocr_line' id='line_1_115' title="bbox 1977 5109 3558 5191; baseline 0.004 -19"><span class='ocrx_word' id='word_1_728' title='bbox 1977 5118 2543 5189; x_wconf 80' lang='lat' dir='ltr'><strong>metropolitanorum</strong></span> <span class='ocrx_word' id='word_1_729' title='bbox 2599 5118 3102 5191; x_wconf 86' lang='lat' dir='ltr'><strong>subscriptionihus</strong></span> <span class='ocrx_word' id='word_1_730' title='bbox 3143 5109 3414 5179; x_wconf 79' lang='lat' dir='ltr'><strong>sanctitas</strong></span> <span class='ocrx_word' id='word_1_731' title='bbox 3469 5131 3558 5179; x_wconf 89' lang='lat' dir='ltr'><strong>tua</strong></span> 
     </span>
    </p>
   </div>
   <div class='ocr_carea' id='block_1_114' title="bbox 1996 5210 3557 5290">
    <p class='ocr_par' dir='ltr' id='par_1_114' title="bbox 1996 5210 3557 5290">
     <span class='ocr_line' id='line_1_116' title="bbox 1996 5210 3557 5290; baseline 0.006 -28"><span class='ocrx_word' id='word_1_732' title='bbox 1996 5218 2309 5279; x_wconf 77' lang='lat' dir='ltr'><strong>cognoscet.</strong></span> <span class='ocrx_word' id='word_1_733' title='bbox 2363 5210 2673 5268; x_wconf 83' lang='lat' dir='ltr'><strong>Salutamus</strong></span> <span class='ocrx_word' id='word_1_734' title='bbox 2700 5214 3032 5278; x_wconf 84' lang='lat' dir='ltr'><strong>universam,</strong></span> <span class='ocrx_word' id='word_1_735' title='bbox 3064 5231 3185 5285; x_wconf 67' lang='lat' dir='ltr'><strong>qua:</strong></span> <span class='ocrx_word' id='word_1_736' title='bbox 3222 5225 3399 5271; x_wconf 87' lang='lat' dir='ltr'><strong>tecum</strong></span> <span class='ocrx_word' id='word_1_737' title='bbox 3424 5213 3557 5290; x_wconf 66' lang='lat' dir='ltr'><strong>agit.</strong></span> 
     </span>
    </p>
   </div>
   <div class='ocr_carea' id='block_1_115' title="bbox 1973 5300 2416 5384">
    <p class='ocr_par' dir='ltr' id='par_1_115' title="bbox 1973 5300 2416 5384">
     <span class='ocr_line' id='line_1_117' title="bbox 1973 5300 2416 5384; baseline 0.002 -29"><span class='ocrx_word' id='word_1_738' title='bbox 1973 5319 1984 5384; x_wconf 51' lang='grc' dir='ltr'><em>ς</em></span> <span class='ocrx_word' id='word_1_739' title='bbox 1996 5300 2416 5357; x_wconf 77' lang='lat' dir='ltr'><strong>fraternitatem.</strong></span> 
     </span>
    </p>
   </div>
   <div class='ocr_carea' id='block_1_116' title="bbox 2215 5461 3156 5533">
    <p class='ocr_par' dir='ltr' id='par_1_116' title="bbox 2215 5461 3156 5533">
     <span class='ocr_line' id='line_1_118' title="bbox 2215 5461 3156 5533; baseline 0.005 -22"><span class='ocrx_word' id='word_1_740' title='bbox 2215 5461 2678 5533; x_wconf 72' lang='grc' dir='ltr'>καταφρονησάτω</span> <span class='ocrx_word' id='word_1_741' title='bbox 2809 5462 2863 5516; x_wconf 77' lang='lat' dir='ltr'><strong>in</strong></span> <span class='ocrx_word' id='word_1_742' title='bbox 2893 5462 3156 5533; x_wconf 73' lang='lat' dir='ltr'><strong>margine.</strong></span> 
     </span>
    </p>
   </div>
   <div class='ocr_carea' id='block_1_117' title="bbox 2207 5529 3076 5610">
    <p class='ocr_par' dir='ltr' id='par_1_117' title="bbox 2207 5529 3076 5610">
     <span class='ocr_line' id='line_1_119' title="bbox 2207 5529 3076 5610; baseline 0.003 -29"><span class='ocrx_word' id='word_1_743' title='bbox 2207 5529 2603 5600; x_wconf 76' lang='grc' dir='ltr'>ὐπεγράψαμεν</span> <span class='ocrx_word' id='word_1_744' title='bbox 2729 5531 2781 5610; x_wconf 82' lang='lat' dir='ltr'><strong>in</strong></span> <span class='ocrx_word' id='word_1_745' title='bbox 2812 5529 3076 5604; x_wconf 74' lang='lat' dir='ltr'><strong>margine.</strong></span> 
     </span>
    </p>
   </div>
   <div class='ocr_carea' id='block_1_118' title="bbox 2067 5457 2178 5600">
    <p class='ocr_par' dir='ltr' id='par_1_118' title="bbox 2067 5457 2178 5600">
     <span class='ocr_line' id='line_1_120' title="bbox 2067 5457 2178 5600; baseline 0.009 -1"><span class='ocrx_word' id='word_1_746' title='bbox 2067 5457 2178 5600; x_wconf 65' lang='lat' dir='ltr'><strong>at</strong></span> 
     </span>
    </p>
   </div>
   <div class='ocr_carea' id='block_1_119' title="bbox 3004 5695 3154 5763">
    <p class='ocr_par' dir='ltr' id='par_1_119' title="bbox 3004 5695 3154 5763">
     <span class='ocr_line' id='line_1_121' title="bbox 3004 5695 3154 5763; baseline -0.047 -1"><span class='ocrx_word' id='word_1_747' title='bbox 3004 5695 3154 5763; x_wconf 72' lang='grc'>,47</span> 
     </span>
    </p>
   </div>
  </div>
