3962 6204
338 296 473 361 1485

1629 299 1991 358 EPISTULA
2027 301 2309 361 CLXXII.

3452 311 3587 379 1486

331 406 660 481 φρονοῦντας
674 406 1036 476 εὑρίσκοντες.
1057 428 1075 458 ι
1098 400 1191 472 Εἷς
1204 406 1311 479 γὰρ
1329 406 1551 479 Κύριος,
1572 408 1670 479 μία
1697 408 1900 473 πίστις,

2029 410 2207 467 ientes
2247 413 2618 483 repet-iremus
2649 416 2817 485 (unus
2848 417 2997 472 enim
3045 417 3330 485 Dominus,
3366 436 3471 476 una
3526 427 3586 476 ti-

332 502 391 554 ἒν
436 500 735 571 βάπτισμα,
771 519 790 551 ι
824 498 1156 569 ὲὸοξάσαμεν
1183 499 1276 552 τὸν
1323 499 1434 553 τῶν
1486 499 1622 553 ὅλων
1672 500 1899 570 Σωτῆρα

330 593 484 655 Θεὸν,
506 591 757 663 ἀλλήλοις
799 591 1205 662 συγχαίροντες,
1245 591 1329 644 ὅτι
1362 594 1480 655 ταῖς
1519 590 1898 651 Θεοπνεύστοις

330 684 608 755 Γραφαίς,
650 685 745 739 καὶ
770 686 835 753 τῇ
892 682 1188 752 παραδόσει
1224 683 1331 737 τῶν
1377 685 1547 753 ἁγίων
1598 682 1894 753 Πατέρων,

334 772 735 843 συμϐαίνουσαν
784 770 966 841 ἔχουσι
1005 772 1191 825 πίστιν
1240 771 1304 826 αἶ
1342 788 1402 825 τε
1442 772 1571 843 παρ’
1613 772 1746 841 ἡμῖν
1803 769 1898 821 καὶ

334 863 464 934 παρ’
500 864 630 934 ὑμῖν
677 861 1017 933 Ἑκκλησῑαι.

330 1058 586 1117 CLXXII.
609 1090 680 1100 —
703 1057 948 1131 Epistola
991 1058 1295 1116 Theodoreti
1326 1060 1397 1115 ad
1438 1058 1740 1115 Nestorium
1770 1058 1903 1129 (55).

336 1172 512 1227 Verrio
566 1173 789 1243 antiqua
843 1173 1061 1244 insertq
1093 1175 1223 1228 actis
1277 1174 1476 1244 quinto:
1523 1171 1833 1228 Collationis
1877 1189 1905 1226 ν

1023 1241 1222 1315 Synodt'
1230 1282 1246 1297 .

402 1354 634 1411 Domino
663 1370 786 1411 meo
817 1355 1274 1411 reverendissimo
1304 1364 1362 1411 et
1390 1355 1821 1428 religiosissimo,
1853 1364 1910 1409 et

330 1449 679 1506 sanctissimo
709 1448 878 1519 patri,
919 1447 1179 1519 episcopo
1226 1448 1503 1512 Nestorio,
1539 1446 1910 1505 Theodoritus

333 1539 389 1595 in
421 1540 653 1595 Domino
683 1539 942 1610 gaudere.

401 1631 559 1696 Quod
603 1646 712 1684 non
763 1630 971 1685 urbana
1019 1629 1438 1685 conversatione
1493 1629 1768 1693 delector,
1805 1646 1908 1685 nec

332 1722 588 1778 saeculari
635 1721 946 1787 curatione,
987 1736 1093 1776 nec
1135 1722 1333 1793 gloria,
1373 1736 1478 1776 nec
1523 1721 1648 1779 aliis
1680 1720 1908 1776 sedibus

332 1828 457 1867 sum
482 1813 756 1884 alligatus,
782 1813 1027 1867 arbitror
1057 1812 1198 1867 scire
1235 1820 1383 1866 tuam
1420 1810 1786 1866 sanctitatem.
1817 1811 1909 1865 Li-

333 1911 424 1958 cet
454 1903 603 1957 enim
638 1912 696 1958 et
724 1903 863 1959 nihil
894 1903 1065 1970 aliud,
1110 1902 1229 1972 ipsa
1277 1911 1459 1958 tamen
1492 1902 1734 1957 solitudo
1773 1902 1910 1955 civi-

336 1994 486 2057 tatis,
530 2009 694 2064 quam
737 1994 1048 2065 gubernare
1076 1995 1304 2049 sortitus
1350 2009 1503 2059 sum,
1541 1992 1737 2049 sufficit
1771 1994 1912 2048 hanc

332 2083 446 2152 (56)
482 2099 568 2139 me
597 2084 1000 2154 philosophiam
1028 2074 1248 2139 docere.
1279 2083 1399 2138 Non
1423 2085 1601 2139 solum
1639 2085 1789 2138 enim
1824 2100 1911 2139 so-

334 2170 644 2236 litudinem,
679 2172 776 2227 sed
802 2174 967 2228 etiam
997 2173 1266 2242 plurimos
1300 2172 1465 2228 habet
1491 2188 1674 2228 rerum
1707 2174 1911 2226 tumul-

335 2270 446 2328 tus,
478 2265 571 2334 qui
607 2274 838 2335 possunt
856 2265 1037 2321 facere
1068 2266 1275 2337 pigros,
1310 2265 1477 2320 etiam
1501 2282 1596 2322 eos
1625 2267 1721 2336 qui
1753 2267 1910 2322 valde

331 2355 416 2409 eis
448 2356 708 2425 gaudent.

400 2445 573 2500 Nemo
604 2446 771 2516 igitur
798 2448 1125 2516 persuadeat
1153 2457 1260 2503 tua:
1300 2450 1600 2516 sanctitati,
1637 2450 1782 2520 quod
1809 2454 1943 2521 ego"

330 2535 701 2605 episcopalem
737 2537 922 2592 sedem
956 2539 1207 2607 cupiens,
1245 2539 1554 2593 cobibendo
1594 2540 1740 2610 (37)
1779 2556 1910 2594 ocu-

334 2628 418 2682 los
468 2643 640 2691 meos,
686 2637 942 2699 tanquam
980 2630 1319 2685 orthodoxas
1367 2631 1582 2700 suscepi
1631 2629 1911 2702 Egyptia-

335 2731 430 2771 ωε
461 2717 694 2773 litteras.
726 2719 795 2774 Ut
831 2720 978 2773 enim
1006 2735 1129 2773 cum
1166 2720 1282 2790 ipsa
1316 2721 1543 2777 veritate
1574 2721 1776 2786 dicam,
1805 2736 1908 2775 sa:-

335 2807 463 2877 pius
494 2823 559 2862 ea
602 2810 809 2879 perlegi
842 2818 898 2863 et
931 2810 1208 2863 subtiliter
1257 2810 1510 2875 discussi,
1550 2821 1607 2866 et
1649 2812 1908 2866 haeretica

335 2900 461 2955 illas
491 2900 857 2956 amaritudine
876 2901 1135 2955 liberatas
1156 2900 1267 2971 (58)
1283 2916 1403 2956 esse
1433 2901 1642 2965 inveni,
1672 2910 1726 2956 et
1750 2901 1906 2957 timui

2003 497 2122 564 des,
2151 517 2321 555 unum
2340 502 2611 572 baptisma
2632 504 2723 575 π),
2752 505 3180 576 gloriﬁcavimus
3201 508 3586 566 universorum

2004 587 2341 647 Salvatorem
2371 595 2567 660 Deum,
2604 595 2841 651 invicem
2885 599 3314 670 congaudentes,
3352 604 3504 672 quod
3531 615 3587 659 ct

2003 695 2126 749 qua:
2154 684 2298 752 apud
2333 700 2433 759 nos
2461 694 2613 751 sunt,
2649 695 2706 742 et
2738 704 2859 758 quae
2897 689 3044 759 apud
3077 706 3197 757 vos,
3231 693 3491 751 Ecclesiae
3525 697 3585 749 ti-

2004 770 2130 825 dem
2166 774 2404 832 habeant
2441 777 2647 834 divinis
2694 779 2999 851 Scripturis
3030 793 3461 855 sanctorumque
3485 786 3587 839 l’a-

2006 872 2157 920 trum
2190 870 2468 926 traditioni
2505 881 2949 928 consentaneum.

2100 1062 2353 1121 CLxxn.
2386 1098 2451 1106 —
2480 1066 2719 1139 Epistola
2752 1067 3053 1122 Theodoreti
3083 1068 3152 1121 ad
3185 1066 3501 1122 Nestorium.
3552 1070 3559 1076 ί
3622 1028 3625 1031 ’

2440 1180 2613 1236 γενᾰο
2645 1181 2806 1236 Harii
2834 1181 3160 1236 Mercatoris.

2081 1349 2314 1407 Domino
2347 1368 2469 1409 meo
2493 1370 2623 1409 vere
2648 1354 2745 1409 Dei
2773 1356 3176 1421 amantissimo,
3201 1364 3257 1411 et
3274 1355 3586 1413 venerando

2005 1448 2197 1496 sancto
2238 1443 2387 1498 Patri
2444 1445 2720 1512 Nestorio,
2773 1447 3054 1517 episcopo,
3109 1447 3490 1504 Theodoretus
3530 1448 3585 1502 in

2009 1530 2241 1588 Domino
2269 1536 2524 1591 salutem.

2075 1624 2233 1691 Quod
2274 1627 2481 1683 urbana
2512 1644 2596 1683 me
2632 1638 2977 1686 conversatio
3005 1639 3062 1685 et
3090 1629 3416 1700 obsequium
3473 1629 3588 1699 gio-

2007 1714 2201 1786 riaqne
2224 1733 2335 1772 non
2365 1729 2609 1790 superet,
2633 1736 2735 1776 nec
2757 1722 2988 1777 excelsis
3020 1721 3294 1791 indigeant
3336 1720 3582 1780 sedibus,

2006 1808 2249 1863 arbitror
2299 1819 2447 1866 luant
2505 1828 2834 1883 cognoscere
2880 1814 3249 1869 sanctitatem.
3296 1813 3432 1867 Nam
3481 1812 3585 1867 etsi

2010 1899 2150 1954 nihil
2187 1901 2359 1968 aliud,
2396 1903 2589 1958 saltem
2620 1904 2861 1960 solitudo
2886 1905 3147 1969 civitatis,
3180 1905 3335 1974 cujus
3368 1904 3589 1972 dispen-

2010 1992 2276 2048 sationem
2297 1995 2487 2051 videor
2507 2012 2625 2052 esse
2645 1997 2892 2064 sortitus,
2914 1998 3056 2052 hanc
3074 2013 3162 2051 me
3186 1995 3587 2066 philosophiam

2009 2082 2345 2141 sullicienter
2385 2088 2608 2144 edocuit
2639 2128 2655 2150 .
2694 2106 2860 2161 quam
2900 2098 3116 2145 constat
3157 2090 3227 2144 ad
3273 2088 3587 2143 solitudinis

2010 2176 2315 2240 cumulum,
2345 2179 2511 2234 etiam
2535 2182 2727 2236 turbas
2765 2182 2971 2237 habere
2999 2197 3311 2244 causarum,
3347 2197 3469 2251 qua:
3498 2196 3586 2234 re-

2013 2264 2230 2321 tardare
2270 2268 2539 2337 plurimos
2579 2271 2814 2337 valeant,
2853 2271 3020 2327 etiam
3047 2271 3141 2341 qui
3186 2270 3352 2325 rebus
3386 2268 3587 2323 talibus

2011 2356 2178 2412 nimis
2209 2362 2506 2417 exsultant.

2040 2452 2276 2509 .Nullus
2322 2454 2492 2523 igitur
2543 2463 2650 2509 tua:
2704 2454 3031 2524 persuadeat
3082 2454 3380 2519 sanctitati,
3440 2453 3586 2523 quod

2008 2562 2111 2619 ego
2145 2547 2346 2617 praesul
2378 2562 2499 2602 esse
2530 2547 2873 2611 desiderans,
2912 2548 3114 2603 clausis
3144 2548 3320 2602 oculis
3374 2544 3584 2615 1357

2009 2638 2159 2692 velut
2209 2647 2361 2693 recta
2413 2638 2663 2707 dogmata
2688 2675 2704 2700 ,
2770 2637 3019 2707 Egyptia
3104 2637 3310 2705 scripta
3398 2649 3588 2688 susce-

2009 2728 2206 2798 perim.
2238 2727 2373 2782 Nam
2403 2743 2501 2798 per
2530 2729 2703 2797 ipsam
2738 2728 2913 2781 fateor
2949 2728 3262 2789 veritatem,
3294 2725 3492 2795 saepius
3523 2739 3586 2777 ca

2010 2821 2300 2873 revolvens
2351 2827 2408 2874 et
2467 2818 2761 2888 diligenter
2800 2818 3158 2882 examinans,
3209 2817 3281 2871 ab
3330 2816 3587 2869 literctiia

2009 2910 2281 2980 pravitate
2307 2909 2484 2965 libera
2520 2907 2883 2978 deprehendi,
2911 2917 2969 2963 et
3005 2908 3243 2976 aliquam
3274 2906 3381 2960 illis
3411 2909 3587 2976 impo-

333 2990 631 3059 quamdam
656 2991 737 3045 eis
774 2992 1040 3046 maculam
1075 2991 1376 3061 imponere,
1410 3001 1467 3046 et
1505 3000 1654 3046 certe
1688 2990 1744 3045 in
1783 2992 1910 3046 odio
1937 3003 1981 3061 α
2016 3015 2148 3055 nere
2190 3000 2460 3054 maculam
2502 2998 2817 3062 formidari,
2866 3013 2977 3052 non
3012 3006 3195 3055 tamen
3225 2996 3376 3052 velut
3414 2996 3461 3049 is
3488 3010 3587 3064 ap-

336 3085 569 3150 habens,
607 3101 773 3155 quam
814 3085 957 3140 alius
983 3085 1229 3155 quidam,
1267 3095 1477 3154 patrem
1516 3085 1754 3148 illarum,
1789 3095 1911 3139 tan-

336 3190 501 3244 quam
524 3185 808 3229 auctorem
828 3175 1161 3229 tumultuum
1186 3174 1540 3239 exsistentem
1560 3174 1711 3228 orbis
1736 3182 1912 3229 terra-

340 3277 462 3317 rum
490 3280 503 3316 :
533 3272 589 3318 et
624 3278 786 3332 spero
815 3262 995 3316 nullas
1023 3276 1214 3331 pmnas
1238 3260 1517 3314 sustinere
1550 3259 1715 3329 hujus
1741 3257 1913 3327 gratia

340 3353 394 3407 in
417 3353 505 3408 die
522 3352 739 3425 judicii,
763 3354 1022 3422 quoniam
1043 3352 1226 3421 justus
1236 3350 1404 3420 judex
1439 3348 1797 3402 intentionem
1824 3363 1915 3401 cx-

338 3444 529 3513 quirit.

407 3536 505 3590 His
540 3551 671 3590 vero
706 3549 826 3604 qua:
850 3532 1118 3587 adversus
1143 3540 1290 3585 tuam
1329 3531 1675 3596 sanctitatem
1714 3530 1915 3600 injuste

337 3637 395 3683 et
440 3638 629 3683 contra
671 3627 821 3694 leges
868 3627 1011 3680 facta
1060 3632 1208 3689 sunt,
1261 3639 1366 3680 nec
1408 3623 1454 3677 si
1483 3623 1671 3678 ambas
1722 3638 1918 3677 manus

339 3737 492 3776 meas
518 3721 721 3790 aliquis
750 3720 958 3781 incidet
1004 3720 1139 3790 (39),
1162 3718 1340 3788 patiar
1361 3718 1701 3783 consentire,
1732 3717 1916 3771 divina

340 3811 596 3867 videlicet
624 3811 799 3881 gratia
836 3827 924 3867 me
967 3811 1281 3883 adjuvante,
1307 3819 1363 3865 et
1394 3809 1765 3865 inﬁrmitatem
1800 3810 1919 3864 ani-

340 3917 444 3957 ma:
473 3910 855 3972 supportante.

410 3995 478 4049 Et
510 3995 621 4066 (40)
648 3995 753 4052 hoc
777 3996 943 4051 etiam
969 4004 1184 4051 certum
1204 3994 1548 4066 exigentibus
1574 4011 1673 4065 per
1704 3994 1919 4049 litteras

340 4084 466 4139 feci.
502 4085 685 4140 Direxi
710 4102 843 4141 vero
886 4087 1053 4141 etiam
1086 4090 1193 4141 tua:
1218 4086 1516 4151 sanctitati,
1556 4101 1677 4156 quae
1710 4087 1917 4142 rescri-

341 4177 553 4247 psimus
574 4178 641 4232 ad
671 4194 735 4232 ea
765 4194 886 4248 qua:
909 4178 1131 4248 scripsit
1152 4178 1333 4243 nobis,
1359 4185 1748 4249 utcognoscat,
1772 4178 1918 4248 quod

341 4266 553 4321 nullum
578 4283 679 4322 nos
713 4277 950 4338 tempus,
980 4275 1206 4338 propter
1240 4267 1351 4340 (41)
1385 4268 1626 4325 divinam
1656 4270 1915 4345 virtutem

2015 3090 2303 3161 probetur,
2356 3090 2450 3160 qui
2498 3091 2597 3145 toti
2651 3088 2857 3144 mundo
2898 3103 3065 3144 causa
3111 3086 3538 3159 perturbationis
3574 3091 3588 3106 ”

2012 3182 2286 3238 exstiterit
2319 3182 2452 3253 (44),
2479 3192 2534 3237 et
2560 3196 2720 3252 spem
2755 3195 2841 3234 me
2881 3195 2977 3251 pro
3016 3180 3120 3234 hac
3156 3194 3216 3234 re
3250 3178 3417 3234 nullis
3450 3178 3589 3233 deii-

2014 3276 2120 3329 ctis
2149 3276 2202 3329 in
2234 3275 2323 3328 die
2342 3274 2538 3343 judicii
2579 3274 2883 3343 subiacere,
2913 3273 3040 3341 quia
3082 3272 3250 3344 judex
3275 3272 3458 3342 justus
3498 3287 3591 3325 cx-

2009 3368 2197 3436 plorat
2219 3366 2563 3436 propositum
2599 3366 2962 3435 singulorum.

2087 3540 2186 3594 llis
2234 3547 2418 3593 autem
2466 3552 2587 3606 qua:
2620 3543 2811 3591 contra
2860 3543 3007 3588 tuam
3053 3533 3463 3589 venerationem
3503 3533 3589 3584 in-

2010 3632 2158 3702 juste
2186 3636 2349 3698 atque
2384 3629 2569 3696 inique
2592 3634 2803 3696 patrata
2830 3633 2977 3685 sunt,
3007 3638 3107 3677 nec
3145 3623 3190 3678 si
3215 3622 3349 3676 mihi
3378 3629 3589 3676 utram-

2017 3737 2124 3792 que
2150 3735 2369 3775 manum
2407 3719 2529 3788 quis
2569 3714 2919 3772 abscinderet
2965 3714 3098 3785 (lii),
3123 3721 3318 3783 potero
3343 3711 3588 3782 praebere

2017 3828 2369 3877 consensum,
2400 3811 2583 3865 divina
2626 3809 2813 3879 procul
2866 3806 3036 3863 dubio
3079 3804 3213 3859 mihi
3260 3813 3588 3874 cooperante

2016 3906 2213 3978 gratia,
2236 3914 2291 3960 et
2313 3901 2684 3958 inﬁrmitatem
2707 3899 2905 3954 anima:
2930 3896 3270 3951 sublevante.

2089 3997 2205 4052 Hoc
2237 4003 2420 4050 autem
2459 3994 2625 4048 etiam
2674 3990 2782 4054 his,
2817 3989 2910 4059 qui
2955 3988 3071 4043 inec
3107 3986 3355 4054 exigunt,
3376 3994 3588 4041 certum

2018 4088 2217 4143 litteris
2242 4086 2368 4150 feci,
2402 4092 2458 4140 et
2497 4092 2688 4138 vestro:
2713 4080 2822 4152 (46)
2855 4079 3157 4143 sanctitati,
3182 4075 3312 4148 quid
3341 4076 3470 4131 eisa
3504 4092 3588 4129 me

2019 4180 2345 4249 rescriptum
2367 4177 2458 4241 sit,
2490 4173 2738 4245 exempla
2779 4171 3092 4235 transmisi,
3119 4178 3391 4241 quatenus
3419 4183 3588 4238 agno-

2021 4280 2137 4327 scat
2156 4269 2300 4340 quod
2325 4269 2537 4322 nullum
2566 4274 2781 4336 tempus
2807 4280 2908 4318 nos
2950 4280 3046 4333 per
3079 4262 3322 4316 divinam
3358 4261 3588 4332 gratiam

342 4359 596 4424 mutavit,
620 4375 723 4414 nec
757 4336 1106 4429 multipedes,
1130 4360 1218 4415 vel
1246 4336 1662 4430 versipelliones
1694 4339 1912 4427 docuit,
1949 4336 1993 4391 θ
2021 4336 2379 4417 comuiutabit
2414 4357 2546 4430 (47),
2586 4373 2690 4412 nec
2722 4356 3018 4428 polypodas
3039 4370 3138 4408 nec
3172 4354 3590 4409 chamaeleontas

342 4464 577 4518 quorum
618 4450 676 4503 hi
717 4450 941 4520 quidem
994 4459 1196 4520 petras,
1224 4451 1303 4504 illi
1350 4451 1479 4506 folia
1523 4452 1632 4522 (42)
1674 4466 1773 4522 per
1802 4452 1913 4523 (53)

342 4542 584 4597 colorem
614 4541 919 4599 imitantur.

404 4657 452 4690 "
476 4658 679 4728 Ephcs.
705 4675 778 4713 IV.
807 4663 857 4718 5.

418 4773 543 4845 (55)
570 4774 682 4829 Etsi
728 4775 914 4831 Graeca
958 4777 1073 4829 haec
1115 4775 1346 4843 epistola
1390 4776 1574 4842 periit,
1604 4775 1806 4845 triplex
1836 4788 1915 4831 ta-

344 4859 472 4899 men
499 4844 618 4916 ejus
642 4845 1026 4916 interpretatio
1057 4846 1352 4916 reperitur.
1383 4845 1563 4899 Prima
1599 4844 1655 4898 in
1685 4844 1916 4916 Synodi-

344 4929 433 4978 co,
476 4928 527 4985 c4.
564 4914 685 4976 ιεο,
716 4915 861 4985 apud
907 4916 1174 4979 Mansum,
1222 4924 1263 4969 t.
1294 4915 1358 4978 V,
1388 4930 1445 4985 p.
1469 4916 1602 4978 898;
1651 4914 1821 4970 altera
1859 4916 1914 4969 in

344 4983 540 5058 synodi
579 4983 785 5058 quinta:
821 4985 1211 5058 collatione_5,
1257 4984 1402 5053 apud
1438 4984 1714 5058 eumdem,
1750 4995 1791 5040 t.
1816 4984 1911 5058 lx,

348 5053 401 5122 ρ.
428 5053 554 5118 294,
599 5053 1298 5126 cujusqquueApriorem
1355 5053 1917 5126 partemiGajnerius

347 5130 608 5205 posuerat
647 5122 703 5177 in
753 5122 975 5180 Aucta}.
1034 5122 1389 5206 Theodoreti,
1439 5139 1493 5194 p.
1537 5125 1626 5178 74.
1674 5122 1915 5205 ’[θτίίειηι

347 5192 524 5246 edidit
546 5193 749 5248 Marius
770 5194 1040 5249 Mercator
1067 5211 1099 5249 e
1129 5209 1449 5249 recensione
1471 5194 1746 5249 Garnern.
1779 5202 1822 5247 t.
1847 5193 1914 5249 ll.

346 5201 524 5246 edidit
547 5201 749 5248 Marius
770 5201 1040 5250 Mercator
1067 5211 1099 5251 e
1129 5201 1449 5252 recensione
1471 5201 1746 5254 Gamerii.
1779 5202 1822 5247 t.
1848 5201 1914 5256 ll,

349 5277 403 5329 ῃ.
444 5261 552 5337 ῼἹΞ
580 5272 721 5337 seq,
757 5271 816 5317 et
852 5265 1081 5337 Baluzii,
1121 5282 1178 5337 p.
1206 5266 1311 5321 ’555
1352 5279 1470 5335 seq.
1506 5262 1827 5337 Secundam
1864 5271 1923 5318 et

350 5331 567 5407 tertiam
594 5331 707 5396 hic,
742 5331 1331 5407 praeeunteﬁai'nerio,
1358 5331 1665 5407 posuimus,
1699 5332 1921 5401 utrique

349 5399 726 5458 diversitatem
743 5399 1008 5458 lectionis
1035 5405 1090 5458 in
1115 5399 1406 5460 Baluziatia
1440 5404 1684 5463 editione
1705 5410 1764 5457 et
1785 5399 1911 5458 con-

349 5469 688 5545 ciliorumet
722 5474 877 5545 Marii
904 5473 1221 5545 Mercatoris
1242 5475 1584 5545 adjicientes.

419 5539 535 5679 ἕω)
577 5540 727 5596 Hanc
758 5543 916 5598 abest
946 5560 977 5597 a
1000 5543 1174 5624 Paris.
1206 5539 1349 5615 apud
1384 5545 1688 5601 Baluzium.

445 5612 511 5666 '57
574 5611 906 5667 Conhibendo
935 5622 1068 5669 vett.
1108 5613 1234 5671 libri
1264 5630 1351 5679 ap.
1399 5614 1581 5670 Baluz.
1625 5631 1688 5679 qu

422 5612 533 5679 (³57)
574 5612 906 5667 Conhibendo
935 5622 1033 5669 vett

351 5691 597 5750 pretatur
626 5699 638 5737 :
671 5683 1033 5740 eonnivcndo.

574 5592 913 5667 ἷξοὴἦὶᾖῇᾇῆ
935 5592 1351 5684 ἶθῖίξ-Ῐῖὗτῖτίῆί
1385 5592 1716 5684 ῙόἶιῖιῖῘ-ᾇᾶὶ
1742 5613 1912 5669 inter-
1968 5592 1975 5595 ’

2022 4451 2276 4508 ostendet
2296 4448 2469 4520 :quod
2493 4448 2570 4504 illi
2598 4447 2820 4518 quidem
2840 4456 3041 4517 petras,
3061 4447 3117 4500 hi
3138 4461 3269 4500 vero
3286 4443 3415 4498 folia
3436 4443 3590 4514 juxta

2025 4546 2233 4601 colores
2256 4541 2512 4613 proprios
2553 4539 2859 4594 imitentur.

2094 4775 2206 4847 (58)
2244 4774 2486 4847 Libram:
2511 4771 2684 4847 Paris.
2713 4785 2804 4839 ap.
2831 4767 3034 4847 Datur...

2117 4834 2205 4905 59)
2243 4844 2499 4899 lncideret
2529 4839 2735 4895 rectius
2749 4834 2886 4891 vett.
2914 4836 3037 4891 libri
3065 4851 3157 4905 ap.
3194 4834 3378 4891 Balatro.

2116 4908 2206 4970 40)
2248 4915 2317 4968 Et
2344 4914 2499 4968 abest
2518 4927 2550 4965 a
2578 4910 2752 4965 Paris.
2778 4908 2960 4962 Baluz.

2095 4918 2185 4986 (40
2248 4918 2317 4968 Et
2344 4918 2499 4968 abest
2518 4927 2550 4965 a
2578 4918 2641 4965 Pa

2094 4918 2206 5057 (41)
2242 4984 2443 5057 ζξνωιεν
2465 4982 2641 5057 idem.

2113 5050 2203 5110 42)
2248 5054 2377 5107 Vero
2413 5052 2566 5107 addit
2590 5050 2757 5106 idem.

2113 5123 2541 5195 “)Proidem-
2769 5191 2780 5195 _
3098 5182 3110 5195 .
3251 5182 3272 5195 .

2115 5178 2203 5265 ᾗ)
2242 5178 2364 5249 Alio
2402 5208 2561 5265 quam
2610 5188 2714 5265 illis
2763 5191 2893 5259 imp.
2934 5182 3199 5265 maculam
3245 5178 3590 5265 formidabilis

2023 5251 2365 5391 aBgiiro'betur,
2404 5251 2544 5317 uelut
2578 5261 2669 5330 qui
2705 5268 2811 5313 toto
2839 5251 3043 5313 'mundo
3083 5270 3130 5308 c.
3167 5270 3215 5325 ρ,
3244 5251 3293 5308 o.
3335 5251 3425 5308 Sic
3457 5251 3592 5309 edit.

2121 5354 2208 5391 ιιι.
2400 5378 2404 5385 .

2121 5354 2208 5392 tu.
2400 5378 2404 5385 .

2123 5404 2212 5476 45)
2253 5402 2541 5476 έὺεεὶέετὶε
2574 5399 2634 5454 Β.

2123 5407 2212 5476 45)
2253 5407 2463 5457 Abscidc

2118 5478 2187 5531 £6
2249 5473 2375 5528 Tua:
2403 5472 2463 5526 Β.

2096 5407 2209 5618 ΞΠ)
2249 5542 2463 5609 Comma

2124 5534 2208 5609 47)
2249 5542 2600 5609 Commutavit
2633 5572 2699 5582 -—
2737 5539 2978 5594 ostendit.
3009 5534 3070 5592 Β.
