3962 6204
333 289 464 355 1491

332 398 674 457 contristavit
710 411 840 451 vero
890 393 1120 448 forsitan
1171 398 1449 455 mortuos;
1496 397 1555 442 et
1603 385 1768 441 timor
1795 391 1901 444 est,
1939 387 1979 438 Λ
2009 386 2112 432 ista
2169 391 2292 446 qua:
2345 373 2752 442 divulgantur:

2011 467 2315 534 eademque
2338 478 2532 518 omnes
2555 461 2824 522 dicentes,
2863 453 3236 511 necessarium
3262 448 3600 510 existimavi,

2011 558 2298 612 veritatem
2327 572 2356 608 a
2389 564 2478 609 tua
2507 553 2721 607 discere
2753 548 3042 605 sanctitate
3064 562 3076 597 :
3099 553 3160 598 ut
3180 543 3267 596 vel
3295 540 3602 601 rideamus,

333 509 402 547 ne
442 489 760 562 priegravati
806 489 929 558 ejus
971 482 1412 558 conversatione,
1456 480 1655 533 iterum
1701 476 1768 531 ad
1807 491 1909 529 nos

335 581 643 642 remittant,
681 577 766 632 vel
806 576 929 630 illos
959 571 1245 643 diﬂugiat,
1295 571 1389 641 qui
1437 585 1566 624 eum
1607 569 1908 630 abducunt,

336 673 477 730 sicut
497 672 588 726 ille
617 677 879 741 tyrannus
901 665 1118 736 Cynisci
1143 661 1369 716 Luciani
1399 661 1536 732 (77).

417 779 832 839 Procurandum
868 777 1035 847 igitur
1061 783 1165 839 est,
1199 782 1257 827 et
1287 778 1506 842 oportet
1535 779 1684 824 tuam
1710 766 1917 822 sancti-

345 882 509 929 tatem
543 869 778 925 maxime
821 868 965 922 hanc
1004 865 1283 933 suscipere
1316 858 1708 919 festinantiam,
1741 863 1798 909 et
1822 857 1915 924 ju-

344 963 475 1015 bere
519 957 753 1028 collegio
781 962 1029 1009 mortuos
1075 949 1494 1021 asportantium,
1541 944 1780 1014 lapidem
1815 944 1916 998 alia

341 1064 504 1118 quem
554 1047 850 1100 maximum
901 1052 957 1098 et
1007 1039 1384 1112 gravissimum
1434 1036 1688 1105 sepulcro
1741 1034 1918 1102 impo-

343 1142 499 1204 nere,
541 1153 610 1192 ne
649 1137 848 1191 iterum
879 1136 987 1188 huc
1031 1132 1311 1203 perveniat
1349 1131 1481 1200 (78),
1518 1136 1576 1182 et
1607 1126 1918 1182 instabilem

343 1233 682 1286 voluntatem
715 1229 916 1282 iterum
946 1227 1307 1280 demonstret.

419 1341 655 1396 infernis
695 1329 836 1395 nova
869 1340 1120 1408 dogmata
1143 1335 1357 1396 all‘erat,
1392 1332 1466 1386 ibi
1493 1331 1590 1386 diu
1621 1340 1918 1399 noctuque,

349 1433 654 1494 sicutvult,
678 1429 1098 1486 sermocinetur.
1134 1427 1253 1481 Non
1280 1425 1427 1479 enim
1463 1423 1739 1486 timemus,
1776 1437 1844 1474 ne
1868 1428 1925 1475 et

353 1523 472 1577 illos
501 1520 986 1576 dividatadvcrsus
1005 1517 1261 1586 pietatem
1287 1513 1494 1584 1363
1526 1511 1743 1580 publice
1793 1510 1927 1563 allo-

352 1626 544 1681 quens,
571 1620 627 1666 et
658 1618 831 1663 morte
872 1606 1221 1662 circumdans
1242 1613 1493 1656 naturam
1529 1601 1921 1654 immortalem.

951 284 1440 348 THEODORETI
1480 277 1825 343 EPISCOPI
1857 270 2224 335 CYRENSIS
2263 267 2622 329 EPISTULA
2658 260 2964 341 CLXXXI.

3459 245 3600 310 1452

2793 365 3056 437 quoniam
3112 374 3249 414 vero
3295 357 3404 411 vidi
3458 357 3601 420 sola,

2014 657 2203 718 utpote
2229 647 2383 711 falsa,
2414 653 2510 700 aut
2535 653 2595 698 ut
2619 657 2770 705 vera,
2803 639 3001 694 merito
3025 638 3330 706 lugeamus.

2015 788 2296 846 CLXXXI.
2354 817 2424 826 ——
2487 781 2729 854 Epistola
2792 780 2862 834 ad
2925 777 3230 854 detruditur:
3290 772 3603 829 Comensem

2577 853 2876 924 episcOpum
2918 850 3053 919 (84).

2093 989 2323 1043 Domino
2371 1002 2495 1041 vere
2543 983 2766 1038 amabili
2817 991 2984 1050 atque
3041 978 3394 1034 sanctissimo
3443 976 3603 1032 fratri

2019 1082 2298 1144 Ahundio,
2325 1079 2704 1134 Theodoretus
2733 1075 2787 1130 in
2812 1072 3046 1127 Domino
3076 1071 3332 1125 salutem.

2091 1171 2369 1240 Comperi,
2399 1168 2544 1238 quod
2575 1175 2760 1221 vestra
2808 1163 3004 1233 religio
3043 1177 3227 1215 veram
3257 1168 3313 1213 et
3341 1158 3608 1229 apostoli-

2023 1278 2140 1318 cam
2169 1262 2331 1318 lidem
2367 1259 2454 1330 pia
2482 1267 2666 1312 mente
2691 1262 3015 1312 conservet;
3057 1260 3113 1304 et
3147 1250 3353 1319 gratias
3375 1249 3460 1318 egi
3487 1248 3608 1302 Deo

2022 1351 2406 1422 onmipotenti,
2447 1349 2593 1420 quod
2627 1347 2820 1416 religio
2847 1386 2861 1407 ,
2893 1359 3017 1414 qum
3041 1342 3477 1412 periclitabatur,
3506 1355 3605 1393 re—

2026 1455 2228 1499 novata
2269 1454 2356 1499 est
2398 1457 2497 1511 per
2537 1439 2884 1496 sanctitatem
2919 1444 3195 1497 vestram,
3245 1439 3302 1484 et
3348 1431 3493 1484 venit
3543 1429 3605 1482 in

2025 1537 2226 1592 lucem.

2100 1630 2168 1684 Et
2200 1629 2344 1682 sicut
2380 1624 2588 1697 dudum
2615 1622 2670 1675 in
2707 1618 2918 1674 diluvio
2943 1615 3148 1670 factum
3175 1622 3282 1678 est,
3320 1621 3380 1666 ut
3411 1612 3477 1666 ad
3511 1627 3604 1665 se-

355 1701 863 1773 Lapidahuntenim
880 1713 1026 1761 cuiu,
1049 1712 1156 1750 nou
1176 1695 1349 1750 solum
1372 1692 1673 1764 quidivina
1697 1691 1926 1744 scicntia
1958 1755 2002 1809 Β
2029 1735 2153 1773 me"
2186 1715 2405 1788 generis
2443 1695 2691 1774 humani,
2729 1709 2843 1763 Noe
2879 1715 2935 1761 et
2969 1703 3066 1758 ﬁlii
3095 1705 3215 1773 eius
3259 1701 3435 1756 relic“
3467 1701 3604 1760 sim,

477 1794 556 1809 no-0
706 1803 718 1809 -
863 1792 875 1809 l
941 1791 996 1809 .9.
1035 1807 1062 1809 ._
1117 1798 1158 1809 κ.
1188 1789 1423 1809 \T__----.l
1497 1796 1544 1809 Α.
1599 1785 1809 1809 ΠΙ-....ΑΛ
1875 1790 1921 1809 ΑΙ
2212 1806 2236 1809 _
2294 1807 2303 1809 μ
2405 1804 2417 1809 -
2749 1800 2760 1809 .
2928 1796 2938 1807 -
2965 1796 2978 1809 I
3061 1803 3073 1809 -
3116 1795 3129 1809 ι
3241 1793 3281 1809 τι
3319 1799 3331 1809 ι
3379 1807 3425 1809 __
3478 1798 3602 1809 -4__.

355 1794 558 1848 eruditi
595 1803 743 1854 sunt,
782 1792 875 1846 sed
903 1791 1068 1845 etiam
1107 1798 1162 1843 et
1188 1789 1449 1852 Nemrod,
1493 1796 1547 1840 et
1599 1785 1832 1844 Pharao,
1873 1790 1929 1837 et

357 1883 753 1946 Semiacherib,
788 1893 844 1936 et
880 1883 921 1935 si
950 1881 1074 1949 quis
1108 1895 1298 1934 eorum
1345 1878 1541 1932 similis
1576 1885 1660 1930 est
1695 1877 1788 1930 Dei
1825 1876 1928 1928 im-

361 1985 647 2045 pugnator.

433 2085 540 2140 Sed
578 2086 726 2139 enim
777 2085 894 2138 sine
947 2098 1110 2137 causa
1160 2081 1328 2134 multa
1384 2080 1576 2149 loquar
1611 2079 1756 2148 (79);
1808 2079 1933 2132 silet

359 2177 510 2230 enim
555 2175 720 2229 miser
746 2174 969 2227 invitus.
1015 2192 1031 2222 ι
1073 2171 1396 2241 Egredietur
1416 2171 1582 2233 enim,
1619 2168 1752 2223 dicit
1783 2168 1932 2222 Scri-

363 2275 528 2335 ptura
570 2264 703 2335 (80),
752 2263 978 2332 spiritus
1011 2262 1150 2330 ejus,
1201 2267 1258 2314 et
1310 2269 1619 2313 revertetur
1662 2257 1935 2327 inpulve—

365 2373 477 2412 rem
517 2360 533 2374 '
565 2370 749 2421 suum,
783 2355 838 2408 in
877 2353 972 2406 illo
999 2352 1088 2406 die
1125 2351 1385 2421 peribunt
1425 2365 1616 2404 omnes
1648 2349 1935 2418 cogitatio-

363 2465 464 2502 nes
485 2449 551 2501 ”.
587 2467 603 2498 ι
629 2447 735 2501 Iste
776 2460 912 2498 vero
939 2452 994 2498 et
1020 2443 1170 2497 aliud
1203 2442 1368 2496 habet
1395 2441 1699 2496 silentium.
1723 2438 1938 2492 Nudata

363 2540 511 2592 enim
567 2537 714 2591 illius
755 2535 897 2589 facta
938 2534 1163 2603 alligant
1209 2532 1491 2601 linguam,
1529 2530 1827 2584 obstruunt
1853 2544 1935 2591 os,

366 2630 582 2682 frenant
618 2642 860 2690 sensum,
902 2625 1062 2680 silere
1093 2623 1320 2685 faciunt,
1348 2622 1403 2675 in
1440 2631 1641 2675 terram
1677 2620 1938 2674 inclinare

366 2726 586 2787 cogunt.

435 2810 562 2865 ideo
593 2810 788 2881 plango
823 2809 1084 2863 miserum
1125 2817 1180 2862 et
1205 2808 1396 2878 ploro:
1435 2821 1539 2860 nec
1573 2804 1719 2857 enim
1753 2817 1941 2872 puram

369 2903 504 2957 mihi
531 2903 949 2957 delectationem
987 2900 1118 2954 fecit
1152 2900 1346 2954 mortis
1373 2900 1494 2969 ejus
1520 2896 1814 2957 nuntiatio,
1847 2893 1941 2948 sed

365 2993 560 3048 dolore
592 2993 926 3063 permistam.
969 2991 1145 3044 Laetor
1186 2990 1334 3042 enim
1363 2996 1419 3040 et
1466 2985 1765 3055 jucundor,
1797 2985 1946 3051 ejus-

376 3085 518 3138 modi
551 3083 858 3154 pestilentia
890 3095 1180 3135 commune
1226 3078 1481 3132 Ecclesize
1523 3077 1717 3130 videns
1737 3076 1942 3129 lihera-
1972 3095 2014 3150 ο
2046 3075 2325 3129 Christum
2365 3070 2690 3133 dividimus;
2731 3077 2815 3122 est
2844 3067 2991 3121 enim
3029 3065 3225 3119 unicus

380 3184 529 3238 tum;
577 3171 876 3226 contristor
922 3186 1052 3224 vero
1092 3178 1147 3224 et
1177 3170 1332 3238 ploro
1371 3167 1640 3237 cogitans,
1668 3165 1814 3238 quod
1843 3181 1946 3222 nec

377 3264 624 3334 requiem
665 3264 932 3318 malorum
972 3261 1304 3318 miserabilis
1346 3261 1670 3331 susceperit,
1709 3261 1803 3314 sed
1839 3276 1942 3314 ma-

369 3358 490 3428 jora
514 3365 569 3410 et
599 3358 785 3427 pejora
817 3365 1158 3426 pertentans,
1191 3353 1485 3410 defunctus
1511 3359 1612 3408 est.
1643 3351 1950 3407 Somniavit

373 3450 543 3514 enim,
571 3449 713 3504 sicut
745 3448 956 3513 dicunt,
983 3455 1039 3502 et
1075 3447 1278 3517 regiam
1303 3446 1492 3500 urbem
1523 3445 1867 3515 perturbare,
1896 3451 1952 3497 et

375 3545 483 3615 piis
513 3545 711 3598 iterum
747 3543 1094 3614 dogmatibus
1116 3556 1440 3611 repugnare,
1479 3548 1534 3594 et
1573 3547 1718 3593 tuam
1751 3537 1954 3592 sancti-

376 3645 542 3691 tatem
572 3650 854 3694 accusare,
882 3641 1068 3703 utpote
1095 3648 1158 3686 ea
1180 3632 1472 3686 colentem.
1499 3627 1604 3683 Sed
1629 3627 1764 3683 vidit
1785 3628 1950 3691 Deus,

376 3737 434 3782 et
469 3745 578 3782 non
609 3727 858 3797 despexit
905 3726 1042 3798 (81).
1083 3744 1101 3776 ι
1153 3724 1388 3778 Immisit
1431 3738 1566 3778 vero
1600 3722 1763 3791 φιμὸν
1802 3722 1855 3774 in
1891 3735 1954 3774 os

377 3820 532 3890 ejus,
583 3827 638 3872 et
668 3818 883 3872 frenum
933 3816 990 3869 in
1038 3815 1181 3869 labia
1234 3814 1375 3884 ejus,
1414 3825 1471 3869 et
1506 3812 1707 3868 avertit
1742 3827 1867 3866 eum
1897 3811 1953 3864 in

379 3918 586 3964 terram
615 3907 748 3981 (8‘2),
775 3925 842 3963 ex
865 3924 970 3977 qua
988 3917 1239 3977 sumptus
1265 3907 1425 3961 est'.»
1451 3906 1570 3960 Fiat
1593 3920 1726 3959 vero
1754 3904 1959 3958 oratio-

379 4001 545 4056 nibus
578 4009 684 4054 tuaa
727 3999 1068 4061 sanctitatis,
1098 4006 1158 4052 ut
1188 3997 1616 4052 misericordiam
1649 4004 1704 4050 et
1737 3995 1954 4050 veniam

380 4101 773 4161 consequatur,
794 4099 851 4145 et
865 4090 1049 4146 vincat
1071 4090 1336 4144 immensa
1368 4089 1464 4144 Dei
1489 4087 1778 4143 clementia
1809 4087 1959 4141 illius

383 4183 806 4253 malignitatem.

458 4274 608 4343 Rogo
634 4287 765 4327 vero
791 4281 940 4326 tuam
975 4271 1343 4334 sanctitatem,
1393 4270 1606 4324 solvere
1651 4269 1813 4323 nobis
1844 4271 1962 4323 ani-

385 4378 488 4418 ma:
548 4361 816 4417 tumultus
861 4378 873 4414 :
921 4359 1172 4430 plurimae
1221 4357 1367 4413 enim
1420 4365 1475 4413 et
1522 4357 1752 4412 diversa:
1802 4357 1962 4412 fama:

2039 1806 2252 1879 1365.
2292 1807 2367 1860 ita
2405 1804 2461 1858 in
2507 1800 2762 1872 praesenti
2825 1795 3198 1852 occidentales
3241 1793 3429 1846 Patres
3473 1798 3608 1843 sunt

2034 1898 2320 1962 reservati,
2364 1903 2424 1951 ut
2465 1911 2532 1948 ex
2570 1893 2638 1946 iis
2687 1891 2852 1946 etiam
2904 1886 3201 1942 orientales
3249 1891 3608 1938 sacrosancta:

2033 1991 2290 2048 Ecclesia:
2340 2001 2526 2042 veram
2569 1981 2882 2038 custodiant
2930 1977 3276 2048 religionem,
3313 1991 3472 2045 quam
3515 1989 3610 2027 va-

2033 2093 2179 2137 stare
2219 2083 2331 2152 jam
2379 2086 2435 2132 et
2477 2075 2745 2130 devorare
2792 2071 3014 2141 penitus
3057 2069 3321 2136 sacrilega
3371 2074 3426 2118 et
3469 2077 3609 2116 nova

2037 2177 2262 2233 haeresis
2288 2171 2554 2228 tentabat.
2594 2169 2736 2238 Ergo
2781 2163 2893 2236 (85)
2940 2170 3251 2232 opportune
3293 2158 3398 2212 dici
3431 2165 3611 2226 potest

2036 2287 2142 2323 vox
2165 2271 2257 2323 illa
2288 2264 2610 2337 prophetica
2637 2280 2649 2313 :
2687 2280 2703 2311 ‹
2734 2260 2848 2314 Nisi
2875 2259 3140 2312 Dominus
3163 2256 3398 2309 Sabaoth
3423 2269 3609 2308 semen

2037 2361 2198 2433 nobis
2232 2354 2562 2427 reliquisset,
2600 2353 2809 2408 similes
2846 2349 2972 2404 facti
3009 2363 3290 2410 essemus,
3335 2344 3610 2415 quomodo

2039 2449 2273 2502 Sndsuua
2322 2453 2378 2500 et
2415 2441 2798 2503 Gomorrha’;
2839 2458 2856 2488 ι
2897 2437 3034 2490 adeo
3079 2435 3256 2494 Imhis,
3308 2434 3458 2502 quasi
3503 2433 3611 2486 ali-

2039 2539 2184 2608 quod
2224 2535 2515 2600 diluvium,
2555 2541 2612 2586 et
2636 2531 2842 2583 bellum
2874 2527 3059 2582 evenit
3097 2526 3175 2578 ira
3203 2525 3300 2578 Dei
3345 2540 3410 2578 ex
3445 2524 3614 2592 impia

2042 2628 2256 2683 hatrcsi.

2113 2719 2269 2772 Nunc
2300 2729 2433 2770 vero
2477 2711 2777 2768 Salvatoris
2803 2707 2976 2763 nostri
3009 2708 3064 2762 in
3102 2720 3332 2776 corpore
3378 2705 3618 2759 humano

2044 2805 2411 2878 praesentiam,
2443 2812 2500 2857 et
2529 2816 2699 2855 unum
2731 2797 2929 2853 Filium
2955 2797 3071 2860 Dei,
3097 2804 3152 2849 et
3178 2793 3474 2864 perfectam
3499 2793 3622 2862 ejus

2044 2899 2326 2958 deitatem,
2350 2901 2406 2948 et
2429 2892 2724 2962 perfectam
2753 2887 3146 2942 humanitatem
3175 2884 3521 2944 conﬁtemur,
3563 2890 3627 2935 et

2047 3005 2154 3042 non
2187 2988 2243 3040 in
2277 2985 2417 3038 duos
2444 2983 2586 3035 ﬁlios
2627 2995 2795 3033 unum
2834 2977 3127 3032 Dominum
3155 2982 3405 3028 nostrum
3435 2974 3624 3028 Iesum

3275 3082 3288 3116 :
3330 3063 3425 3118 sed
3471 3061 3624 3116 diffe-

2049 3165 2283 3222 rentiam
2329 3163 2426 3219 Dei
2473 3170 2530 3216 et
2575 3159 2813 3214 hominis
2871 3156 3271 3227 cognoscimus,
3319 3163 3375 3208 et
3423 3154 3626 3208 scimus

2049 3259 2196 3330 quod
2230 3259 2463 3312 alterum
2497 3271 2565 3310 ex
2591 3253 2752 3308 Patre
2776 3258 2883 3315 est,
2907 3250 3138 3305 alterum
3168 3263 3235 3301 ex
3273 3247 3480 3299 semine
3516 3245 3623 3297 Da—

2048 3349 2138 3404 vid
2163 3356 2217 3403 et
2237 3347 2536 3409 Abraham,
2561 3346 2714 3415 juxta
2742 3341 2958 3396 divinas
3003 3338 3334 3408 Scripturas,
3367 3335 3624 3406 quodque

2050 3441 2238 3496 divina
2262 3439 2486 3508 quidem
2515 3446 2712 3490 natura
2743 3435 2863 3490 sine
2889 3433 3144 3503 passione
3173 3438 3277 3493 est,
3301 3445 3490 3498 corpus
3512 3443 3617 3480 au-

2051 3543 2161 3588 tem
2209 3541 2336 3586 ante
2387 3529 2611 3600 quidem
2652 3536 2772 3582 erat
2815 3527 2871 3580 in
2905 3524 3180 3594 passione,
3231 3538 3375 3576 nunc
3412 3535 3538 3574 vero
3557 3527 3620 3573 et

2052 3624 2234 3693 ipsum
2289 3623 2531 3676 alienum
2587 3627 2671 3674 est
2717 3632 2748 3670 a
2802 3615 3055 3685 passione
3100 3629 3113 3666 :
3162 3626 3286 3664 nam
3341 3617 3622 3678 postquam

2052 3713 2316 3776 surrexit,
2347 3712 2416 3766 ab
2448 3710 2596 3765 omni
2625 3709 2876 3780 passione
2912 3711 3127 3759 constat
3146 3717 3266 3756 esse
3315 3700 3628 3754 liberatum.

2132 3804 2258 3859 H330
2291 3819 2358 3858 ex
2387 3801 2592 3856 litteris
2631 3796 2963 3854 sanctissimi
3000 3810 3065 3849 ac
3109 3787 3500 3861 religiosissimi
3533 3803 3632 3841 ar-

2052 3894 2387 3966 chiepiscopi
2431 3893 2641 3948 domini
2669 3889 2840 3946 nostri
2881 3885 3080 3942 Leonis
3116 3882 3428 3937 didicimus.
3474 3879 3631 3947 Legi-

2055 4004 2180 4045 mus
2211 3988 2359 4043 enim
2400 4001 2522 4056 quae
2561 3984 2628 4038 ad
2669 3990 2871 4037 sanetae
2899 3988 2955 4033 et
2997 3977 3168 4030 beatae
3209 3972 3482 4026 memoriae
3507 3971 3634 4024 Fla-

2056 4081 2279 4135 vianum
2317 4077 2555 4148 scripsit,
2597 4082 2653 4130 et
2678 4072 2882 4144 gratias
2924 4068 3136 4139 egimus
3169 4063 3404 4148 Domino
3442 4070 3633 4114 nostro

2058 4170 2458 4227 humanissimo
2487 4169 2621 4231 Deo,
2651 4163 2795 4234 quod
2827 4161 3151 4216 advocatum
3170 4141 3232 4208 et
3257 4161 3638 4223 prepugnato-

2059 4279 2174 4320 rem
2199 4261 2447 4316 veritatis
2482 4257 2812 4312 invenimus.

2131 4354 2228 4409 His
2255 4363 2310 4408 et
2339 4367 2440 4423 ego
2460 4350 2662 4405 litteris
2681 4346 2958 4409 consensi,
2986 4351 3044 4398 et
3075 4341 3206 4395 huic
3235 4338 3478 4410 epistola:
3501 4348 3638 4388 mea:

384 4455 809 4516 circumsonant,
855 4461 912 4506 et
945 4467 1047 4506 nos
1077 4449 1421 4521 perturbant,
1454 4463 1775 4503 communes
1814 4450 1959 4503 cala—
1994 4439 2034 4493 ί)
2063 4445 2373 4514 exemplum
2409 4456 2599 4497 earum
2632 4435 2882 4508 copulavi
2909 4475 2923 4499 ,
2965 4432 3054 4487 cui
3090 4431 3256 4485 etiam
3293 4423 3589 4493 subscripsi
3618 4463 3637 4487 ,

385 4545 605 4600 milates
631 4542 1040 4598 annuntiantes.
1081 4541 1316 4608 Quidam
1347 4556 1479 4595 vero
1511 4548 1659 4594 tuam
1693 4555 1957 4596 reveren-

388 4638 520 4692 tiam
565 4635 839 4706 proficisci
882 4635 1074 4690 dicunt
1125 4633 1192 4687 ad
1243 4634 1584 4698 comitatum,
1619 4632 1738 4688 sine
1760 4633 1957 4688 volun-

392 4737 520 4793 tate,
548 4736 607 4784 et
628 4739 802 4797 usque
827 4739 977 4780 nunc
1007 4723 1376 4794 despicieham
1409 4723 1544 4796 (85),
1577 4733 1766 4795 utpote
1798 4723 1955 4787 falsa,

451 4911 498 4945 ”
527 4910 671 4966 Psal.
697 4927 849 4978 chv,
876 4910 928 4965 5.
1009 4911 1024 4942 ⁸
1059 4910 1162 4965 lsa.
1190 4925 1390 4964 xxxvii.
1424 4909 1516 4963 24.
1587 4910 1608 4940 ³
1631 4908 1735 4973 lsa,
1769 4923 1806 4972 ι,
1837 4907 1890 4961 9.

463 5067 576 5141 (77)
599 5068 694 5141 ulta
718 5068 1006 5141 legendum
1034 5081 1156 5122 esse
1181 5065 1293 5141 jam
1323 5063 1506 5141 plures
1532 5062 1958 5141 admonuerunt,

395 5130 521 5196 cuin
559 5130 696 5194 alias
735 5130 802 5192 inv
842 5138 1000 5194 libris
1031 5130 1286 5191 vettfsit
1315 5130 1341 5188 τ’
1367 5132 1500 5203 Cyni
1548 5131 1824 5203 CiliciamL
1847 5130 1965 5203 sine

395 5225 583 5292 sensu,
629 5209 854 5292 propius
893 5200 1522 5292 aAd‘veritatemlin‘aliis
1556 5220 1570 5255 ε
1609 5200 1969 5284 Cynicilitiani

396 5280 437 5333 f.
463 5274 862 5332 cuniculutiani.
904 5277 984 5332 Ad
1025 5276 1245 5331 Luciani
1281 5274 1558 5342 dialogum
1599 5274 1842 5341 respicit,
1874 5274 1970 5339 qui

396 5355 485 5419 est
516 5348 937 5419 interidialogos
981 5354 1347 5419 mortuorum_
1365 5341 1739 5419 submomine
1783 5340 1970 5419 Ιξαςςά-

400 5417 572 5485 πλουςᾼ
595 5416 638 5470 r.
664 5409 958 5485 repav‘éoc.
984 5417 1078 5471 ubi
1108 5416 1156 5482 (ς
1178 5415 1231 5477 7,
1257 5424 1296 5469 t.
1326 5414 1368 5477 ι,
1393 5429 1446 5483 p.
1474 5411 1598 5485 ess,
1623 5411 1756 5466 edit.
1788 5409 1964 5465 Reitz.

401 5485 531 5557 coll.
558 5483 585 5554 ᾗ
615 5486 668 5548 9,
691 5481 800 5557 ’10)
857 5487 1070 5541 inducit
1117 5481 1409 5557 Cyniscuni
1435 5547 1440 5552 Ι
1468 5481 1852 5557 admonentem
1907 5488 1968 5532 ut

404 5547 815 5626 Megapenthem
873 5547 1178 5626 tyrannum'
1215 5547 1478 5618 vinciant,
1522 5566 1593 5607 ne
1632 5550 1700 5604 ad
1745 5564 1973 5619 superos

407 5623 653 5688 aufugiat
672 5639 738 5676 ex
761 5623 912 5676 orco;

481 5687 592 5761 (78)
633 5690 930 5745 Perveniret
969 5700 1025 5746 et
1047 5707 1172 5746 mox
1210 5692 1591 5746 demonstraret
1622 5689 1790 5744 Mans.

1783 5342 1973 5394 Κατά-

2063 4551 2120 4596 et
2157 4555 2225 4594 ex
2266 4537 2372 4591 hoc
2414 4533 2665 4604 probavi,
2713 4529 2859 4600 quod
2893 4526 3105 4598 regulas
3134 4521 3486 4595 apostolicas,
3528 4516 3641 4571 hoc

2064 4641 2168 4695 est,
2213 4643 2345 4684 vera
2369 4627 2626 4697 dogmata
2667 4635 2891 4692 sequor,
2926 4617 3201 4687 hodieque
3224 4615 3281 4669 in
3313 4613 3400 4667 bis
3423 4621 3643 4680 perma-

2065 4739 2192 4789 neo,
2227 4727 2283 4778 et
2322 4719 2448 4776 ideo
2478 4715 2686 4773 bellum
2712 4712 2911 4785 patior.

2138 5059 2249 5130 (79)
2291 5059 2498 5130 {.0un
2525 5054 2653 5130 libri
2681 5059 2815 5106 vett.
2835 5048 2996 5130 apud
3024 5045 3214 5100 Baluz.

2136 5119 2248 5198 (80)
2289 5119 2566 5198 Scriptura
2600 5125 2757 5179 abest
2780 5138 2811 5175 a
2834 5119 3006 5174 Mans.

2168 5196 2238 5252 8t
2304 5196 2451 5251 Videt
2481 5196 2655 5250 Mans.

2168 5199 2258 5338 82;
2296 5268 2460 5338 Ierra
2488 5266 2655 5338 Mans.

2166 5266 2254 5326 8?.)
2296 5268 2460 5322 Terra
2488 5266 2662 5319 Mans.
3297 5320 3308 5326 -
3406 5319 3416 5326 _
3451 5316 3463 5326 .

2165 5313 2254 5408 ἕξ)
2291 5313 2724 5408 siég'géiﬁiiine
2764 5331 2878 5401 ejus
2931 5341 3050 5397 qua
3100 5339 3237 5377 nunc
3274 5313 3656 5390 despiciebant.

2079 5405 2251 5465 Paris.
2280 5405 2424 5476 apud
2450 5405 2635 5476 Baluz.
2666 5473 2677 5476 _
2897 5465 2909 5476 ,
3234 5461 3250 5476 ,
3307 5475 3316 5476 ί
3362 5458 3397 5476 ,γ
3479 5452 3623 5476 ,λιιι

2153 5453 2769 5550 (83)_“lrlanc—epis—tol_ain
2806 5465 3059 5550 primus,
3105 5461 3251 5550 quod
3300 5458 3436 5520 scio,
3473 5453 3649 5510 edidit

2081 5533 2347 5604 Baronius
2376 5533 2574 5599 Αηηᾰι.
2611 5542 2681 5596 ad
2709 5559 2759 5594 η.
2798 5533 2997 5605 450,1».
3032 5550 3106 5588 m.
3130 5533 3250 5586 Ιὲί.

2153 5617 2262 5688 (85)
2304 5615 2391 5669 Et.
2417 5615 2541 5668 Bar.
