4090 6390
285 443 3554 509 W

905 697 1366 764 BENEVOLO
1417 693 1790 759 LECTORI
1828 692 2124 754 JOANN.
2171 692 2472 754 LUDOV.
2516 694 2929 756 SCHULZE.

350 1127 482 1195 Quae
513 1124 571 1178 in
615 1121 721 1175 hoc
749 1125 949 1189 quarto
995 1116 1238 1186 Operum
1286 1111 1621 1167 Theodoreti
1665 1120 1822 1167 temo
1871 1110 2296 1176 contineantur,
2347 1124 2579 1181 queque
2622 1111 2685 1166 in
2729 1112 2826 1166 illo
2853 1112 3020 1181 prelis
3051 1113 3300 1177 parando
3333 1129 3364 1168 a
3399 1109 3564 1167 nobis

280 1241 523 1312 praestita
549 1237 692 1300 sint,
724 1233 919 1305 paucis
947 1245 1310 1302 exponemus.
1348 1229 1431 1284 Ea
1486 1228 1670 1284 omnia
1713 1241 1837 1297 quae
1879 1225 2211 1282 Sirmondus
2242 1235 2392 1282 tomo
2421 1226 2683 1282 editionis
2727 1242 2840 1284 sua:
2866 1237 3062 1297 quarto
3097 1229 3416 1299 complexus
3444 1236 3555 1293 est,

280 1359 676 1426 maximamque
697 1361 917 1424 partem
947 1365 1141 1406 eorum
1193 1364 1316 1418 quae
1333 1346 1672 1417 Appendieis
1693 1344 2254 1416 nominesubjunxit,
2285 1344 2399 1400 imo
2413 1344 2700 1415 Epistolas
2729 1344 3084 1409 Theodoreti,
3114 1360 3237 1414 quae
3269 1357 3460 1398 omnes
3479 1355 3560 1396 ex

274 1480 426 1524 tomo
461 1469 623 1523 tertio
656 1466 885 1535 reliqua:
928 1469 1110 1528 erant,
1146 1461 1254 1516 hoc
1299 1462 1525 1515 unicum
1571 1459 1833 1515 editionis
1878 1467 2081 1514 nostra:
2125 1460 2386 1515 volumen
2416 1459 2858 1530 comprehendit.
2906 1457 3017 1513 Suo
3060 1458 3243 1527 itaque
3276 1456 3471 1513 ordine
3499 1471 3559 1512 se

272 1580 557 1649 excipiunt
585 1588 691 1632 tres
717 1575 936 1645 Dialogi
969 1574 1118 1628 lectu
1148 1570 1479 1642 dignissimi,
1513 1569 1607 1640 qui
1640 1584 1887 1625 commun

1965 1569 2188 1624 nomine
2223 1569 2606 1625 inscribuntur
2643 1568 2983 1641 Ἐρανιστὴς,
3019 1569 3136 1640 ἦτοι
3169 1567 3556 1638 Πολύμορφος;

274 1694 656 1750 llwreticarum
693 1692 1006 1763 fabularum
1050 1689 1442 1763 compendium,
1480 1688 1630 1758 quod
1673 1687 1920 1758 quinque
1967 1687 2274 1742 absolvitur
2317 1687 2506 1756 libris;
2553 1688 2632 1743 De
2661 1688 3002 1744 Providentia
3040 1688 3300 1741 orationes
3339 1702 3374 1739 x
3411 1701 3560 1756 pws--

269 1811 653 1876 stantissimae;
685 1810 994 1866 ercarum
1026 1806 1270 1878 denique
1311 1806 1644 1876 aﬂ‘eetionum
1669 1805 1972 1860 Curationis
2008 1805 2139 1859 libri
2177 1820 2224 1859 s.
2257 1805 2662 1876 disputationes
2696 1822 2807 1870 xu,
2829 1806 3052 1882 quibus,
3083 1821 3325 1875 perenne
3347 1802 3562 1859 nomini

269 1944 367 1985 suo
411 1929 592 1985 decus
637 1930 854 2000 paravit
899 1927 1150 1998 Scriptor
1196 1925 1640 1981 venustissimus.
1687 1924 1769 1979 Ex
1811 1923 2131 1995 Appendice
2183 1925 2537 1995 subjungitur
2585 1924 2814 1979 Libellus
2852 1925 2922 1978 ad
2955 1923 3288 1995 Sporacium,
3320 1923 3562 1992 scriptus

267 2051 447 2095 contra
480 2041 814 2096 Nestorium.
852 2041 1174 2112 Sequuntur
1208 2041 1467 2096 librorum
1501 2056 1647 2094 xxvu
1682 2038 1936 2093 adversus
1972 2042 2152 2092 varias
2176 2040 2557 2109 prepositiones
2586 2048 2924 2111 argumenta,
2951 2053 3020 2094 ex
3038 2037 3220 2096 Pitctii
3253 2036 3375 2093 cod.
3416 2051 3556 2090 xt.vt.

267 2161 453 2218 Finem
491 2165 667 2236 hujus
703 2163 837 2219 torni
868 2164 1078 2219 faciunt
1112 2161 1369 2234 Epistola:
1406 2161 1740 2217 Theodoreti.

319 2301 448 2356 Non
473 2302 597 2356 erit
624 2301 774 2371 quod
825 2301 1018 2356 multis
1051 2301 1498 2357 demonstremus
1547 2299 1742 2365 libros,
1769 2313 2010 2369 quorum
2037 2299 2276 2354 indicem
2301 2301 2414 2370 jam
2453 2301 2726 2367 dedimus,
2755 2303 3058 2373 plurimum
3095 2299 3562 2356 commendandus

265 2435 376 2476 esse
405 2419 477 2474 ob
500 2421 826 2492 argumenti
849 2403 1197 2492 dignitatem,
1223 2420 1553 2476 eruditionis
1579 2421 1794 2490 copiam
1823 2427 1882 2474 et
1937 2419 2062 2492 styli
2089 2419 2438 2490 elegantiam.
2469 2421 2694 2476 Duobus
2721 2422 2848 2487 illis,
2874 2435 3014 2492 quos
3036 2421 3216 2490 primo
3238 2420 3358 2474 loco
3379 2417 3560 2473 nomi-

267 2536 530 2602 navimus,
567 2549 766 2590 carere
793 2550 908 2590 non
933 2544 1116 2606 potest
1155 2535 1410 2606 quisquis
1436 2535 1505 2590 ad
1537 2534 1860 2592 solidiorem
1885 2533 2257 2605 cognitionem
2284 2541 2402 2588 tum
2432 2533 2738 2604 disciplina:
2786 2543 2904 2590 tum
2933 2533 3177 2589 historiae
3210 2547 3380 2588 sacra}
3411 2529 3562 2601 aspi-

268 2660 362 2707 rat.
395 2652 662 2707 Tertium
689 2653 734 2708 si
765 2653 892 2723 quis
913 2653 1059 2724 legat
1089 2662 1145 2708 et
1172 2668 1284 2708 non
1311 2652 1638 2719 admiretur,
1667 2652 1734 2708 in
1774 2660 1893 2708 arte
1921 2653 2146 2708 bene'et
2166 2661 2368 2708 ornate
2395 2652 2615 2708 dicendi
2634 2652 2804 2722 .plane
2842 2652 3042 2721 hospes
3067 2654 3139 2705 sit
3169 2665 3394 2706 necesse
3426 2655 3512 2704 est
3543 2663 3559 2700 :

271 2775 464 2822 tantam
486 2782 625 2822 esse
651 2767 908 2824 novimus
941 2768 1265 2824 Orationem
1294 2769 1364 2825 de
1388 2769 1739 2826 Providentia
1763 2769 2388 2837 venustatem.Quartus
2408 2769 2646 2840 denique
2679 2769 2774 2838 qui
2801 2767 3129 2839 evangelica:
3159 2765 3408 2820 veritatis
3434 2778 3561 2818 cum

270 2876 545 2948 gentilium
608 2877 956 2948 philosophia
999 2889 1331 2950 comparata:
1365 2880 1740 2952 prrestantiam
1772 2889 1982 2947 tuetur,
2013 2888 2130 2936 tum
2165 2882 2236 2937 ab
2269 2883 2380 2937 illis
2409 2883 2505 2953 qui
2545 2881 2838 2937 sanctioris
2880 2879 3009 2936 ﬁdei
3053 2891 3255 2935 nostra:
3301 2878 3560 2933 vindiciis

269 2991 462 3061 justum
493 3001 763 3048 statuunt
787 2993 1050 3064 pretium,
1081 3003 1198 3050 tum
1233 2995 1303 3074 ab
1331 2996 1730 3066 elegantiorum
1759 2997 2072 3052 litterarum
2098 2994 2281 3066 dignis
2306 2995 2737 3052 testimatoribus
2765 2995 2964 3051 merito
2989 3010 3203 3050 summa
3232 2993 3394 3048 laude
3424 3009 3561 3050 con-

274 3107 558 3166 decoratur
593 3127 611 3164 :
634 3120 718 3166 est
746 3113 896 3168 enim
926 3115 1174 3185 apprime
1203 3115 1374 3182 utilis,
1404 3117 1520 3173 sive
1551 3118 1620 3173 ad
1654 3118 2016 3176 sanctissimae
2042 3119 2170 3175 ﬁdei
2198 3127 2402 3175 nostra:
2427 3119 2704 3190 dogmata,
2731 3117 2847 3173 sive
2873 3117 2941 3173 ad
2974 3117 3348 3188 antiquiorum
3380 3117 3561 3186 philo-

273 3225 566 3294 sophorum
608 3228 811 3297 placita
840 3233 1173 3302 respexeris.
1205 3233 1326 3289 Non
1349 3243 1434 3290 est
1456 3234 1640 3305 itaque
1669 3235 1818 3305 quod
1866 3235 2133 3292 miremur
2154 3233 2356 3306 saepius
2382 3235 2517 3290 olim
2545 3235 2649 3290 bos
2672 3246 2908 3305 quatuor
2935 3233 3107 3288 libros
3128 3231 3360 3287 seorsim
3391 3227 3560 3286 fuisse

275 3342 404 3412 typis
447 3343 788 3414 exscriptos.
838 3344 938 3401 His
982 3347 1392 3416 antiquioribus
1440 3347 1782 3403 editionibus
1817 3347 1886 3403 ad
1933 3347 2097 3404 ﬁdem
2145 3347 2398 3402 codicum
2440 3347 2740 3418 evulgatis,
2783 3355 3051 3418 quantum
3083 3344 3202 3400 ﬁeri
3232 3343 3446 3416 potuit,
3476 3340 3563 3397 usi.

277 3470 472 3522 sumus,
509 3457 800 3528 imprimis
836 3457 934 3514 ubi
989 3460 1386 3532 manuscriptis
1429 3477 1534 3518 nos
1570 3461 1796 3518 destitui
1842 3461 2102 3517 vidimus.
2145 3461 2473 3516 Liberaliter
2499 3461 2772 3517 editiones
2800 3461 3042 3516 rariores
3080 3459 3373 3516 nobiscum
3410 3474 3562 3515 com.

279 3574 633 3632 municarunt
669 3578 853 3644 amici,
882 3577 1088 3650 quibus
1115 3579 1337 3650 publice
1370 3588 1586 3652 gratum
1613 3595 1723 3635 non
1758 3579 2007 3650 proﬁteri
2041 3580 2288 3634 animum
2321 3580 2546 3636 omnino
2581 3579 2733 3635 nefas
2753 3587 2928 3635 esset.

292 3733 295 3735 ·
339 3713 468 3781 Quae
494 3717 568 3772 ad
603 3726 716 3772 tres
747 3717 996 3789 dialogos
1029 3718 1088 3773 in
1112 3719 1340 3774 scholiis
1382 3721 1589 3775 nostris
1629 3719 2066 3786 observavimus,
2103 3721 2340 3775 maxima
2367 3736 2433 3775 ex
2462 3729 2618 3791 parte
2649 3720 2938 3791 desumpta
2969 3726 3098 3774 sunt
3127 3735 3196 3774 ex
3223 3715 3562 3774 editionibus

278 3828 490 3896 Crzecis,
515 3849 648 3902 quae
672 3834 860 3890 Romae
887 3851 1018 3890 ann.
1051 3836 1209 3903 4547,
1237 3837 1384 3909 apud
1412 3837 1752 3909 Stephanum
1776 3839 2091 3894 Nieolinum
2124 3838 2448 3896 Sabiensem
2481 3840 2625 3905 ἱππ-4,
2650 3849 2708 3896 et
2731 3838 2931 3910 Lipsiae
2958 3853 3090 3893 ann.
3123 3836 3564 3906 {59i,impcnsis

281 3941 543 4002 Valentini
566 3949 822 4020 Vogelini
853 3951 992 4018 in-8,
1022 3953 1372 4024 prodierunt.
1407 3956 1660 4012 Latinam
1684 3973 1906 4029 quoque
1935 3959 2205 4015 Victorini
2238 3960 2478 4033 Strigelii
2510 3961 2823 4017 versionem
2847 3959 3048 4015 saeculo
3070 3974 3156 4012 xvi
3183 3957 3384 4027 saepius
3405 3969 3565 4024 repe-

281 4061 450 4128 titam,
471 4066 526 4120 in
569 4067 869 4123 consilium
898 4072 1237 4138 vocavimus,
1265 4072 1312 4127 si
1342 4073 1609 4130 lectiones
1641 4075 2046 4133 Sirmondianze
2076 4093 2104 4132 a
2141 4085 2294 4134 textu
2323 4079 2629 4134 editionum
2659 4075 2971 4132 Graecarum
2992 4076 3228 4131 diversa:
3252 4082 3430 4137 erant,
3467 4074 3564 4128 aut

283 4180 544 4240 Eranistze
570 4196 630 4241 et
662 4185 971 4244 Orthodoxi
1005 4191 1232 4247 nomina
1274 4201 1587 4262 permutata
1620 4209 1743 4250 esse
1783 4194 2134 4250 videbantur.
2168 4195 2282 4250 Nec
2315 4193 2683 4249 omittendum
2708 4207 2836 4247 esse
2875 4192 3132 4246 duximus
3176 4190 3296 4244 loca
3337 4188 3560 4242 Patrum

287 4295 340 4345 In
378 4292 482 4349 ﬁne
522 4298 966 4370 uniuscujusque
997 4301 1200 4374 dialogi
1239 4320 1442 4376 magno
1468 4319 1705 4361 numero
1731 4306 1894 4361 allata
1919 4305 2236 4376 diligentius
2261 4313 2542 4370 excutere,
2569 4320 2691 4373 quae
2717 4315 2751 4358 α
2775 4304 2982 4358 nostris
3025 4301 3354 4358 lectionibus
3384 4301 3562 4356 aliena

287 4416 464 4461 essent
512 4410 568 4464 in
601 4412 828 4470 scholiis
853 4432 1103 4483 monere,
1133 4427 1190 4474 et
1212 4419 1630 4478 Sirmondianas
1655 4424 1925 4480 lectiones
1953 4423 2160 4492 passim
2185 4422 2504 4487 emendare,
2531 4431 2594 4475 ut
2616 4437 2735 4492 pag.
2769 4420 2840 4475 49
2855 4429 2917 4475 et
2946 4420 3098 4474 alibi.
3131 4419 3258 4476 Haec
3279 4436 3403 4475 cum
3433 4434 3560 4490 aged

290 4540 488 4592 remus,
519 4530 667 4586 baud
704 4547 828 4586 raro
855 4533 912 4587 in
951 4534 1072 4588 loca
1097 4533 1320 4590 Patrum
1356 4537 1674 4604 incidimus,
1700 4554 1830 4610 qua
1867 4541 2253 4596 emendatione
2279 4539 2464 4595 adhuc
2488 4552 2628 4607 opus
2660 4535 2885 4601 habent,
2920 4543 2976 4590 et
3002 4551 3069 4591 ex
3104 4535 3304 4591 Nostro
3330 4537 3563 4593 feliciter

291 4644 497 4698 restitui
530 4655 782 4715 possunt,
811 4648 915 4702 etsi
937 4649 1340 4719 probatissimis
1367 4651 1696 4742 plerumque
1747 4654 1833 4709 usi
1867 4653 2042 4710 simus
2063 4653 2424 4719 editionibus,
2449 4668 2586 4722 quas
2613 4652 2670 4706 in
2695 4650 2922 4706 Scholiis
2962 4665 3394 4710 commemorare
3414 4653 3561 4710 haud

293 4759 640 4829 negleximus.
664 4761 798 4828 Quae
830 4777 899 4816 ex
917 4763 1210 4820 Ambrosio
1239 4764 1293 4819 in
1328 4765 1416 4820 his
1442 4765 1674 4838 dialogis
1695 4783 1726 4822 a
1755 4767 2106 4823 Theodoreto
2127 4769 2290 4823 allata
2314 4775 2462 4831 sunt,
2485 4765 2634 4821 haud
2664 4781 2788 4820 raro
2828 4765 2990 4820 aliter
3023 4767 3079 4820 in
3110 4766 3300 4823 Graeco
3328 4784 3525 4825 sonant
3543 4815 3559 4840 ,

292 4878 345 4923 ct
370 4870 640 4927 mitiorem
669 4887 894 4927 sensum
933 4873 1192 4939 fundunt,
1232 4891 1397 4944 quam
1427 4876 1484 4930 in
1515 4884 1662 4931 textu
1694 4876 1910 4930 Latino.
1939 4877 2080 4932 Hinc
2109 4877 2352 4946 suspicio
2373 4877 2570 4939 oritur,
2601 4875 2861 4928 Nostrum
2891 4875 2947 4928 in
2979 4876 3168 4931 codice
3201 4893 3301 4934 suo
3327 4879 3564 4935 Ambro-

293 4980 437 5036 siano
461 4999 573 5038 non
608 4983 832 5038 easdem
857 4984 1117 5040 habuisse
1146 4985 1432 5051 lectiones,
1461 5003 1599 5057 quas
1623 5002 1774 5042 nunc
1803 4987 1858 5040 in
1889 4989 2111 5042 excusis
2137 4988 2411 5043 Ambrosii
2438 4988 2595 5042 libris
2625 4985 2914 5042 habemus.
2951 4987 3056 5042 Ista
3086 5005 3218 5044 vero
3251 4994 3562 5062 conjectura

296 5098 496 5146 tantum
527 5096 671 5164 apud
696 5111 800 5150 nos
832 5112 945 5150 non
972 5095 1166 5161 valuit,
1195 5107 1256 5152 ut
1294 5098 1472 5169 abripi
1513 5115 1614 5154 nos
1649 5107 1984 5169 pateremur,
2013 5100 2100 5155 his
2128 5101 2182 5154 in
2216 5101 2354 5156 locis
2383 5107 2588 5154 textum
2620 5100 2877 5154 Latinum
2905 5100 3207 5168 Ambrosii,
3241 5120 3403 5174 quem
3441 5105 3558 5162 edi-

294 5207 420 5263 tioni
467 5209 966 5272 Benedictinorum,
988 5211 1336 5267 exactissime
1376 5214 1710 5282 respondere
1759 5215 2036 5279 vidimus,
2079 5232 2148 5270 ex
2192 5215 2385 5271 Graeco
2433 5215 2737 5286 reﬁngere,
2792 5233 2862 5272 ne
2905 5217 3050 5272 idem
3097 5223 3564 5276 committeremns

293 5317 507 5386 vitium,
536 5321 592 5378 in
613 5325 761 5394 quod
804 5325 886 5380 illi
926 5326 1244 5383 inciderunt
1285 5328 1380 5399 qui
1415 5338 1624 5384 textum
1665 5344 1734 5384 ex
1779 5330 2235 5402 interpretatione
2277 5331 2463 5402 aliqua
2507 5333 2799 5388 restituere
2835 5332 3128 5388 temerario
3155 5349 3290 5388 ausu
3323 5333 3562 5404 aggressi

291 5443 435 5488 sunt.

358 5579 436 5633 Ad
467 5581 634 5636 libros
666 5582 1062 5638 Hzereticarum
1093 5581 1406 5640 fabularum
1434 5585 1758 5642 varietatem
1783 5583 2040 5642 lectionis
2064 5585 2440 5659 congessimus
2465 5601 2531 5641 ex
2561 5585 2806 5640 editione
2829 5599 2978 5640 mere
3003 5583 3209 5646 Caeca,
3235 5597 3355 5651 qua:
3379 5582 3564 5637 Roma:

296 5705 413 5747 Ian.
445 5692 598 5759 i557,
631 5693 775 5756 ἱππ-4,
810 5694 1033 5762 prodiit.
1062 5693 1254 5763 Opera:
1279 5713 1498 5767 quoque
1525 5699 1764 5768 pretium
1791 5713 1912 5754 esse
1938 5697 2197 5754 duximus
2247 5697 2583 5768 Scriptorem
2612 5705 2861 5752 nostrum
2894 5711 3018 5776 cum
3068 5694 3331 5754 Eusebio.
3356 5693 3564 5748 lrenaso

605 5791 879 5851 Parum“
926 5790 1041 5849 Gn.
1086 5790 1394 5850 LXXXIII.
3165 5789 3193 5852 ι
