4090 6420
427 393 484 459 ιι
1374 382 1651 446 mm.
1681 380 1957 442 LUDOV.
2001 381 2355 442 SCHULZII
2400 381 2816 445 PRAEFATIO.
3641 383 3705 448 12

421 532 480 579 et
507 520 812 593 Epiphanio
829 521 1240 589 compararc,et
1257 526 1378 584 quae
1403 527 1432 566 a
1458 509 2010 575 Petavio,Massueto,
2035 508 2259 572 Grabio,
2283 506 2556 563 Cotelerio
2580 510 2814 580 aliisque
2835 510 2948 582 jam
2976 512 3188 568 utiliter
3214 513 3505 570 observata
3525 525 3701 576 erant,

424 639 479 692 in
514 653 646 692 usus
677 644 896 689 nostros
919 639 1262 688 convertere.
1296 625 1602 683 Prolixiora
1639 624 1765 678 inde
1795 632 1957 678 enata
1987 630 2117 677 sunt
2145 619 2374 689 scholia,
2406 632 2461 678 et
2488 639 2598 679 non
2628 624 3006 682 dubitavimus
3037 627 3238 695 passim
3265 626 3558 682 aulectione
3583 626 3704 682 edi-

425 749 590 803 tionis
623 744 1021 801 Sirmondianas
1049 740 1363 804 deﬂectere,
1392 744 1453 790 ut
1485 751 1607 806 pag.
1643 734 1766 800 554,
1801 742 1858 789 et
1887 733 2040 789 alibi.

495 888 727 941 Textum
753 885 1002 939 Grmcum
1027 877 1607 952 praestantissimarum
1631 874 1698 928 de
1731 871 2087 929 Providentia
2116 872 2431 926 orationum
2457 872 2899 942 comparavimus
2923 890 3052 929 cum
3078 876 3323 932 editione
3347 893 3500 933 mere
3519 877 3706 934 Graeca

421 1002 648 1073 Parisiis
677 1017 804 1056 ann.
835 998 993 1063 1569,
1028 995 1172 1062 ἱη-8,
1206 995 1350 1067 typis
1375 993 1671 1064 exscripta,
1703 997 1759 1046 et
1788 990 1844 1044 in
1889 990 2199 1046 subsidium
2236 990 2556 1046 vocavimus
2591 991 3107 1062 interpretationem
3133 997 3387 1052 Latinam
3431 997 3705 1068 Rodoiphi

421 1117 727 1184 Gualtheri,
758 1133 881 1189 quae
912 1116 1048 1172 ibid.
1077 1131 1206 1171 ann.
1241 1114 1400 1178 1571,
1448 1111 1592 1176 ἰιι-8,
1624 1110 1848 1181 prodiit.
1887 1109 2186 1181 Utriusque
2220 1110 2480 1166 editionis
2504 1114 2730 1182 copiam
2759 1115 2922 1170 nobis
2951 1115 3081 1172 fecit
3126 1119 3260 1174 Rev.
3298 1119 3570 1187 Schmidt,
3613 1136 3706 1178 sa-

423 1251 642 1292 crorum
672 1238 817 1309 apud
841 1237 1207 1293 Dobrizenses
1249 1233 1500 1298 antistes,
1531 1233 1619 1288 cui
1647 1232 1868 1312 publice
1909 1231 2134 1303 agendae
2177 1239 2306 1287 sunt
2349 1233 2555 1304 gratiae.
2581 1209 2862 1291 Si'rmondi
2904 1246 3115 1293 textum
3152 1241 3359 1310 passim
3401 1240 3708 1312 integritati

426 1369 536 1410 suae
592 1356 887 1411 restituere
951 1353 1142 1418 licuit,
1207 1349 1515 1423 supplendo
1573 1365 1696 1420 quae
1745 1349 1985 1416 omissa,
2018 1350 2376 1420 seorrigendo
2433 1368 2560 1424 quae
2622 1354 2809 1412 minus
2866 1365 3016 1412 recte
3080 1372 3342 1430 expressa
3403 1370 3595 1429 erant,
3644 1366 3708 1416 ut

425 1486 547 1542 pag.
583 1471 706 1525 597.

496 1605 632 1660 Cum
667 1606 734 1659 ad
768 1604 1060 1660 duodecim
1094 1604 1265 1659 libros
1291 1601 1378 1659 De
1401 1601 1662 1659 curandis
1705 1601 2022 1660 Graecorum
2067 1603 2457 1662 affectionibus
2482 1609 2799 1666 veniremus
2821 1610 2922 1683 (a),
2949 1611 3097 1668 haud
3117 1613 3455 1686 negligendae
3477 1614 3703 1670 fuerunt

424 1721 598 1776 Fulvii
641 1721 826 1776 Ursini
866 1721 1280 1776 emendationes
1320 1738 1388 1776 ex
1417 1721 1660 1792 antiquis
1681 1722 2054 1792 potissimum
2084 1725 2248 1780 libris
2275 1727 2537 1794 collectae,
2567 1745 2705 1799 quas
2744 1730 3045 1786 Garnerius
3071 1734 3323 1788 exhibuit
3359 1736 3415 1789 in
3444 1733 3708 1791 Auctario

423 1851 545 1900 suo,
576 1851 699 1905 pag.
731 1834 989 1890 395-456.
1023 1835 1120 1890 His
1143 1834 1335 1891 Ursini
1361 1835 1726 1893 Collectaneis
1749 1839 1832 1894 sic
1857 1839 1942 1894 usi
1979 1855 2192 1908 sumus,
2229 1851 2291 1896 ut
2327 1859 2448 1912 quae
2486 1851 2677 1898 notatu
2714 1808 2962 1916 digniora
2991 1856 3120 1901 sunt
3147 1848 3204 1903 in
3229 1848 3454 1902 scholiis
3477 1851 3704 1905 nostris.

422 1952 603 2006 littera
631 1951 676 2006 U
699 1952 1001 2022 praemissa,
1049 1952 1242 2021 paucis
1272 1953 1789 2023 complecteremur.
1819 1955 1923 2011 His
1947 1965 2303 2013 accesserunt
2332 1959 2502 2022 variae
2541 1959 2811 2020 lectiones
2836 1978 2866 2017 e
2901 1961 3120 2018 duobus
3156 1963 3443 2020 codicibus
3475 1966 3706 2021 Floren-

423 2066 554 2120 tinis
579 2065 898 2134 desumptze.
926 2063 1203 2135 Sylburgii
1227 2064 1626 2135 editione,qum
1650 2066 2027 2137 Heidelberga:
2043 2069 2343 2135 ann.1592,
2371 2069 2581 2136 in—fol.,
2599 2072 2827 2142 prodiit,
2857 2073 2966 2127 frui
2996 2073 3217 2129 demum
3242 2075 3419 2141 licuit,
3447 2092 3572 2132 cum
3597 2087 3709 2132 tres

423 2183 634 2253 priores
669 2180 798 2235 libri
835 2181 947 2251 jam
989 2181 1132 2253 typis
1157 2181 1418 2251 exscripti
1445 2189 1651 2236 essent.
1681 2183 2158 2242 Constitueramus
2191 2189 2416 2258 quidem
2469 2205 2535 2244 ea
2564 2205 2685 2260 quae
2729 2191 2797 2245 ad
2839 2193 2942 2247 hos
2985 2194 3159 2250 libros
3189 2196 3400 2267 reliqua
3425 2206 3574 2264 sunt,
3601 2199 3710 2256 hoc

423 2291 544 2345 loco
571 2291 863 2361 supplere;
890 2291 988 2346 sed
1014 2291 1086 2345 ob
1113 2292 1380 2362 temporis
1403 2299 1460 2347 et
1485 2293 1592 2348 loci
1622 2295 1933 2365 angustiam
1969 2298 2261 2354 consilium
2303 2299 2440 2354 illud
2477 2303 2836 2358 mutavimus.
2870 2305 3064 2376 Aptior
3091 2307 3179 2364 his
3210 2309 3444 2381 aliisque
3474 2311 3708 2384 Supple-

424 2408 630 2466 mentis
647 2408 804 2462 locus
824 2407 932 2463 erit
961 2407 1016 2461 in
1045 2415 1197 2464 tomo
1225 2409 1439 2479 quinto.

492 2543 625 2609 Quae
651 2544 718 2598 de
749 2543 1064 2613 Appendice
1091 2545 1327 2601 dicenda
1353 2557 1560 2614 essent,
1586 2549 1701 2619 jam
1729 2549 2068 2616 monuimus,
2095 2565 2217 2623 pag.
2247 2553 2405 2607 1041.
2433 2551 2511 2609 De
2541 2555 2734 2612 ordine
2764 2567 2970 2626 autem,
3005 2575 3116 2630 quo
3151 2558 3414 2631 Epistolaa
3451 2561 3707 2618 Theodo-

425 2651 530 2707 reti
564 2653 620 2706 in
659 2653 764 2707 hoc
791 2653 1069 2708 volumine
1103 2653 1387 2724 dispositae
1411 2665 1574 2723 sunt,
1626 2656 1774 2712 dicet
1806 2659 1870 2714 V.
1905 2660 1965 2715 V.
1998 2661 2082 2715 Jo.
2126 2661 2267 2733 Aug.
2311 2662 2580 2730 Nmsselt,
2623 2667 2714 2720 cui
2757 2666 3025 2736 plurimas
3068 2668 3333 2725 debemus
3367 2671 3569 2742 gratias
3609 2687 3709 2742 pro

423 2764 626 2820 eximio
651 2763 835 2819 studio
863 2764 1012 2834 quod
1037 2765 1094 2819 in
1122 2765 1443 2822 adornando
1477 2777 1628 2823 tumo
1653 2769 1818 2824 tertio
1843 2771 2049 2840 posuit,
2078 2773 2237 2845 cujus
2263 2781 2478 2844 partem
2507 2775 2767 2846 Epistulae
2794 2779 2903 2834 illa
2927 2781 3358 2838 constituebant.
3395 2783 3550 2850 Quod
3584 2786 3706 2840 reli-

423 2898 594 2952 quum
637 2887 722 2936 est
771 2880 944 2935 Deum
968 2879 1032 2934 T.
1061 2878 1127 2935 Ο.
1158 2880 1229 2935 Μ.
1256 2897 1570 2951 precamur,
1600 2894 1662 2940 ut
1685 2883 1789 2941 hos
1815 2885 2035 2946 labores
2066 2896 2122 2949 in
2165 2891 2254 2947 sui
2300 2891 2543 2949 nominis
2576 2893 2805 2966 gloriam
2837 2896 3034 2954 cedere
3054 2899 3268 2972 jubeat.
3299 2903 3436 2986 Dab.
3463 2904 3610 2960 Ποία)
3653 2905 3706 2959 in

424 3001 578 3057 acad.
606 2998 756 3055 Frid.
781 2998 837 3054 d.
873 3014 940 3052 xx
967 2996 1114 3064 Maii,
1150 2997 1216 3054 A.
1245 2998 1314 3055 R.
1341 2999 1398 3057 S.
1424 2999 1825 3059 MDCCLXXII.

1553 3127 2026 3186 COROLLARIUM
2051 3126 2108 3176 Ἰ.
2138 3127 2206 3179 Ἀ.
2241 3121 2623 3175 NOESSELTI.

502 3261 565 3317 In
593 3261 932 3315 recensendo
960 3264 1114 3312 textu
1141 3255 1518 3326 Epistolarum
1542 3251 1900 3316 Theodoreti,
1927 3265 2050 3320 qua:
2089 3259 2218 3306 sunt
2241 3250 2297 3305 in
2320 3249 2469 3305 hunc
2495 3257 2706 3303 tomum
2746 3263 2776 3302 e
2806 3247 2969 3302 tertio
2994 3245 3384 3302 Sirmondiano
3420 3244 3716 3310 translatae,

433 3379 675 3450 primum
705 3373 1060 3430 adhibuimus
1093 3372 1361 3428 lectiones
1384 3384 1498 3434 eas,
1522 3381 1658 3437 quas
1682 3365 1798 3436 ipse
1822 3361 2152 3418 Sirmondus
2182 3379 2212 3419 e
2235 3363 2427 3419 codice
2450 3361 2810 3433 Neapolitano
2838 3370 3160 3433 acceperat;
3187 3375 3351 3432 porro
3375 3373 3497 3413 cum
3522 3374 3719 3427 quam-

431 3489 689 3559 plurima:
730 3487 976 3558 epistola
1011 3487 1134 3541 sive
1159 3481 1496 3540 Theodoreti
1537 3479 1652 3536 sive
1679 3479 1937 3544 aliorum,
1962 3478 2130 3532 etiam
2155 3477 2309 3541 alibi,
2335 3477 2449 3532 sive
2473 3477 2661 3532 Graece
2690 3477 2805 3532 sive
2828 3475 3024 3530 Latine
3057 3488 3255 3539 versae,
3281 3481 3344 3528 ut
3371 3472 3426 3526 in
3453 3471 3721 3528 concilio-

439 3627 562 3666 rum
588 3608 1025 3680 corporibus,-in
1066 3605 1340 3676 Opcribus
1367 3601 1523 3657 Marii
1552 3598 1899 3664 Mercatoris,
1939 3597 1999 3651 in
2039 3597 2261 3652 Baronii
2288 3596 2615 3663 Annalibus,
2641 3604 2877 3661 exstent,
2915 3595 3112 3650 harum
3153 3609 3374 3666 quoque
3414 3593 3724 3648 editionum

439 3732 816 3788 diversitatem
853 3730 1146 3800 diligenter
1178 3722 1554 3786 contulimus;
1609 3720 1848 3789 denique
1873 3717 2144 3773 beneﬁcio
2185 3717 2419 3772 illustris
2453 3718 2594 3783 viri,
2627 3716 2730 3772 Ad.
2775 3716 2971 3772 Franc.
3006 3714 3266 3775 Kollarii.
3303 3715 3646 3770 obtinuimus
3691 3731 3725 3771 ο

438 3842 774 3898 bibliotheca
858 3841 1107 3898 Cmsarea
1196 3833 1610 3912 Vindobonensi
1704 3831 2029 3901 exemplum
2109 3841 2373 3885 accurate
2461 3831 2802 3902 descriptum
2907 3831 3156 3902 epistolae
3244 3829 3578 3885 Theodoreti
3657 3828 3726 3884 ad

439 3958 705 4014 Joannem
735 3956 1102 4017 Germanicite
1133 3953 1455 4022 episcopum
1483 3949 1596 4022 (cui
1619 3950 1804 4004 locum
1836 3950 1938 4004 147
1965 3949 2239 4021 dedimus)
2267 3950 2605 4020 alteriusque
2635 3951 2704 4006 ad
2728 3949 3110 4020 Euphratesiae
3135 3949 3435 4003 monachos
3462 3947 3539 4019 (ιι.
3576 3947 3725 4015 151),

440 4091 606 4147 quam
641 4079 709 4134 ad
743 4076 1020 4134 edendum
1058 4073 1265 4127 frustra
1299 4067 1599 4125 Garnerius
1632 4069 1973 4139 expetierat;
2013 4068 2109 4122 ubi
2146 4069 2376 4139 contigit
2410 4077 2471 4124 ut
2513 4069 2680 4123 homo
2713 4067 2958 4132 Graecus,
3004 4067 3094 4122 cui
3128 4067 3492 4123 describenda
3529 4067 3728 4123 tradita

439 4209 588 4256 esset
617 4198 848 4269 epistola
868 4237 882 4262 ,
911 4196 967 4248 in
1001 4188 1382 4263 percurrendo
1416 4188 1608 4244 codice
1641 4189 1809 4244 etiam
1841 4189 1970 4245 aliis
2007 4205 2075 4245 ex
2107 4190 2356 4260 epistolis
2393 4189 2768 4262 discrepantes
2803 4190 3102 4256 lectiones,
3142 4205 3454 4260 quanquam
3490 4205 3729 4260 paucas,

441 4317 781 4380 excerperet,
828 4320 965 4377 quas
997 4317 1190 4358 omnes
1223 4299 1682 4372 Vindobonenses
1715 4302 1991 4371 appellare
2023 4304 2286 4358 solemus.
2326 4304 2403 4358 De
2452 4304 2713 4359 Auctario
2747 4302 3020 4368 Garnerii,
3058 4304 3216 4374 cujus
3261 4302 3511 4357 ordinem
3547 4305 3723 4360 secuti

444 4440 636 4480 sumus
662 4423 719 4477 in
752 4419 1000 4492 epistolis
1030 4418 1434 4488 Sirmondianm
1455 4415 1689 4471 editioni
1715 4415 1963 4486 adjectis,
1995 4426 2202 4473 textum
2237 4419 2424 4475 multis
2458 4420 2806 4489 inquinatum
2833 4418 3006 4483 vitiis,
3034 4418 3458 4487 versionemque
3483 4419 3733 4473 Latinam

444 4539 867 4610 castigavimus;
903 4536 1000 4590 ubi
1027 4534 1215 4591 Graeca
1247 4535 1551 4604 perierant,
1575 4532 1930 4588 exhibuimus
1957 4543 2200 4590 veterem
2238 4536 2490 4590 Latinam
2526 4534 3055 4603 interpretationem.
3092 4531 3281 4600 Neque
3314 4537 3496 4584 tamen
3530 4531 3738 4601 placuit

447 4653 569 4712 illas
601 4653 808 4708 addere
832 4650 1096 4721 epistolas
1120 4648 1478 4715 Theodoreti,
1503 4666 1625 4720 quae
1660 4650 1718 4705 in
1749 4651 2115 4709 celeberrimo
2140 4654 2416 4726 Synodico
2443 4653 2634 4708 [renati
2666 4659 2895 4706 servatae
2919 4650 3178 4715 fuerunt;
3217 4665 3343 4704 nam
3386 4649 3522 4704 illud
3555 4649 3736 4718 ipsum

447 4771 565 4826 vidi
600 4771 898 4840 repetitum
951 4785 1072 4824 esse
1107 4785 1138 4822 a
1170 4767 1444 4823 Garnerio
1489 4769 1970 4826 in'dissertatione
2021 4773 2214 4842 quinta
2264 4770 2511 4825 Auctarii
2553 4769 2622 4824 de
2670 4767 3003 4823 Theodoreti
3049 4776 3106 4822 et
3137 4767 3502 4823 Orientalium
3537 4782 3735 4828 causa,

450 4885 628 4956 cujus,
667 4899 736 4940 ex
775 4883 1022 4938 editione
1065 4879 1797 4953 Mansiana‘locupletandze
1848 4886 2271 4955 repetendaeque
2327 4892 2475 4938 tomo
2513 4883 2708 4952 quinto
2761 4898 2993 4953 operum
3026 4882 3384 4947 Theodoreti,
3421 4897 3575 4952 spem
3609 4881 3740 4935 fecit

454 4997 746 5052 Schulzius
779 4999 845 5053 V.
882 4998 970 5063 V.,
1009 4997 1064 5052 in
1098 5013 1210 5068 quo
1258 5000 1536 5056 volumine
1591 5009 1914 5071 repetentur
1953 5003 2119 5056 etiam
2157 5002 2564 5070 commentarii,
2600 5001 2803 5071 quibus
2838 5000 3142 5056 Garncrius
3177 5014 3370 5055 omnes
3404 4997 3519 5053 fere
3555 4994 3739 5084 Theo-

453 5114 632 5171 doreti
663 5117 926 5186 epistolas
955 5133 988 5172 a
1019 5133 1078 5173 se
1115 5117 1520 5189 Sirmondoque
1554 5120 1734 5174 editas
1771 5119 2088 5174 illustravit.

523 5357 604 5421 (a),
633 5357 834 5420 Egregii
860 5357 1006 5420 hujus
1036 5355 1203 5418 operis
1233 5355 1588 5407 recensionem
1622 5354 2137 5419 adhibuimus,quam
2177 5361 2498 5411 doctissimus
2524 5359 2712 5423 Anglus
2735 5361 2951 5410 Thomas
2987 5359 3212 5410 Gaisford
3251 5354 3433 5409 Oxonii
3457 5368 3587 5405 anno
3627 5351 3746 5404 [839

455 5437 706 5491 edendam
727 5437 936 5492 curavit.
964 5440 1100 5492 Enrr.
1126 5441 1285 5491 Pars.
