4090 6428
369 355 438 420 ἰῗὶ
1226 359 1596 425 VETERUM
1635 356 2344 432 RECENTIOBUMQUE
2383 357 2874 422 TESTIMONIA.
3606 367 3676 432 14

371 503 3654 538 W

1345 592 2672 862 ‘THEODORETI

1787 996 2306 1071 ALIORUMQUE‘

1057 1178 1204 1267 DE
1277 1175 1482 1267 HIS
1551 1176 2156 1271 OPERIBUS
2227 1177 3020 1271 TESTIMONIA.

373 1516 637 1579 δειδίξατῦ
673 1514 885 1573 Heneti
929 1512 1288 1586 Dialogorum
1345 1508 1839 1586 Hiereticarumque
1890 1507 2216 1586 fa_buiaruqt__
2246 1509 2546 1586 interpretis
2567 1553 2581 1577 ,
2617 1511 2688 1566 ad
2723 1508 3037 1569 Marcellum
3089 1514 3370 1573 Cervinum
3405 1512 3463 1574 Β.
3497 1519 3680 1578 Cruci:

1535 1577 1899 1645 cardinalem,
1929 1581 1987 1634 in
2029 1579 2248 1634 concilio
2289 1577 2546 1652 legatum.

455 1724 610 1779 Inter
635 1733 870 1779 caeteros
901 1720 1125 1778 Graecos
1162 1718 1494 1791 scriptores,
1533 1717 1631 1787 qui
1671 1716 1934 1786 prmclara
1986 1714 2192 1786 ingenii
2242 1717 2327 1771 sui
2374 1718 2711 1774 monimenta
2750 1719 2808 1774 in
2841 1723 2992 1777 omni
3022 1724 3438 1796 disciplinarum
3480 1744 3682 1800 genere

383 1811 591 1869 litteris
631 1813 992 1876 mandavere,
1026 1807 1412 1866 Theodoretus
1441 1807 1702 1878 Cyrensis
1739 1807 2054 1877 episcopus,
2086 1808 2132 1862 si
2166 1822 2278 1863 non
2329 1808 2591 1878 primum,
2625 1821 2776 1864 certe
2805 1812 2951 1867 inter
2990 1815 3199 1884 primos
3229 1819 3412 1874 locum
3447 1821 3679 1877 obtinet.

373 1906 525 1962 Cum
574 1914 760 1961 autem
793 1907 1039 1976 plurima
1081 1903 1389 1974 scripserit,
1439 1916 1677 1973 quorum
1707 1901 1974 1956 nonnulla
2024 1901 2081 1955 in
2128 1901 2371 1972 linguam
2414 1901 2666 1957 Latinam
2704 1906 2816 1976 jam
2859 1901 3073 1975 pridem
3108 1909 3361 1965 traducta
3397 1922 3545 1978 sunt,
3580 1930 3682 1987 ego

379 2002 610 2070 quidem
639 2001 960 2065 Eranisten,
1007 2013 1104 2054 seu
1155 1997 1608 2070 Polymorphum,
1636 2010 1746 2066 quo
1777 1994 2048 2050 adversus
2080 1995 2166 2049 sui
2200 1997 2466 2066 temporis
2509 1997 2798 2051 haereticos
2839 1998 3133 2069 depugnat,
3167 2002 3304 2055 nulli
3337 2017 3459 2059 esse
3491 2021 3682 2061 eorum

381 2091 839 2164 postponendum
872 2092 1152 2148 existimo.
1189 2089 1358 2146 Liber
1382 2103 1624 2161 quoque,
1655 2101 1819 2158 qnem
1851 2088 1928 2144 De
1962 2087 2230 2157 improbis
2273 2089 2662 2144 haereticorum
2693 2088 2894 2145 fabulis
2919 2094 2977 2145 et
3003 2093 3389 2150 ecclesiasticis
3416 2095 3684 2152 doctrinis

383 2185 694 2255 inscripsit,
739 2193 826 2240 est
856 2183 1151 2255 ejusmodi,
1190 2191 1252 2237 ut
1285 2182 1369 2237 vel
1406 2189 1533 2252 post
1574 2177 1865 2246 Irenaeum,
1911 2175 2284 2250 Epiphanium
2335 2189 2392 2236 et
2423 2181 2812 2254 Augustinum,
2851 2183 2946 2253 qui
2983 2185 3245 2253 praeclare
3279 2186 3346 2240 de
3381 2186 3686 2247 h‘aaresibus

378 2277 756 2345 scripserunt,
784 2277 858 2338 sit
885 2277 1036 2332 lectu
1063 2275 1310 2331 omnium
1341 2273 1719 2345 dignissimus.
1751 2273 1983 2327 Decreta
2014 2284 2149 2328 vero
2180 2272 2553 2329 ecclesiastica
2581 2285 2771 2345 aperte
2799 2275 3062 2342 ostendit,
3094 2292 3284 2332 eorum
3312 2292 3434 2349 quae
3463 2281 3628 2338 hodie
3653 2299 3687 2339 a

372 2365 690 2426 Catholicis
716 2377 779 2425 et
808 2367 1137 2424 orthodoxis
1165 2364 1551 2429 observantur,
1577 2363 1748 2417 fuisse
1787 2368 2109 2433 perpetuam
2144 2370 2200 2417 ct
2237 2380 2266 2417 a
2293 2362 2521 2418 Christo
2547 2368 2603 2417 et
2626 2363 2889 2434 apostolis
2915 2379 3016 2434 per
3039 2380 3236 2422 manus
3260 2379 3540 2439 acceptam
3568 2380 3683 2426 trao

375 2461 680 2517 ditionem.
715 2462 833 2517 Hoc
873 2475 1007 2533 ergo
1049 2458 1490 2531 pulcherrimum
1534 2471 1673 2527 opus
1702 2453 2056 2520 Theodoreti,
2088 2455 2236 2524 quod
2277 2456 2437 2510 bonae
2480 2455 2760 2510 memoriae
2783 2455 3082 2511 cardinalis
3117 2457 3466 2529 Ardingellus
3493 2463 3682 2529 paucis

379 2552 593 2607 abhinc
618 2552 908 2607 mensibus
937 2551 996 2606 in
1024 2551 1208 2606 lucem
1235 2548 1426 2606 Graece
1460 2547 1737 2604 edendum
1773 2553 2090 2611 curaverat,
2120 2561 2248 2600 cum
2291 2553 2387 2599 tuo
2435 2545 2657 2600 hortatu
2697 2547 2758 2601 in
2804 2547 3044 2628 linguam
3070 2549 3319 2605 Latinam
3353 2552 3684 2630 vertissent,

374 2655 441 2700 et
473 2647 532 2700 in
561 2647 748 2702 lucem
785 2646 954 2702 edere
995 2645 1335 2710 statuissem,
1362 2653 1419 2700 et
1448 2643 1594 2714 apud
1627 2659 1713 2699 me
1740 2654 2067 2713 qumrerem,
2104 2639 2390 2712 cuiusnam
2416 2641 2764 2711 potissimum
2791 2629 3052 2712 auspiciis
3085 2645 3140 2698 in
3170 2646 3456 2702 doctorum
3484 2665 3682 2705 manus

376 2742 589 2806 exiret,
625 2750 686 2797 tu
711 2757 857 2797 unus
888 2742 1024 2796 mihi
1052 2741 1370 2806 occurristi,
1401 2741 1497 2810 qui
1525 2754 1650 2794 cum
1689 2738 2024 2809 suscipiendi
2066 2737 2232 2808 hujus
2264 2736 2511 2790 muneris
2548 2751 2768 2790 causam
2797 2736 3038 2800 dederis,
3071 2737 3127 2792 id
3161 2753 3380 2810 quoque
3404 2736 3515 2812 jam
3550 2757 3682 2812 per-

377 2831 596 2891 factnm
627 2834 878 2888 omnium
913 2834 1120 2904 optime
1152 2833 1330 2904 possis
1354 2839 1411 2887 et
1433 2831 1572 2887 velis
1601 2830 1921 2886 defendere.
1949 2827 2105 2895 Quod
2138 2827 2364 2897 quidem
2390 2841 2456 2881 eo
2485 2835 2538 2880 te
2574 2826 2859 2883 lubentius
2886 2827 3160 2882 facturum
3187 2829 3321 2882 mihi
3354 2831 3682 2900 persuadeo,

379 2929 562 2999 quod,
587 2943 716 2986 cum
761 2929 1030 2999 praeclara
1071 2927 1364 2983 doctorum
1412 2928 1700 2982 hominum
1741 2925 2083 2980 monimenta
2124 2924 2232 2978 late
2265 2920 2591 2992 propagari,
2627 2929 2683 2974 et
2722 2935 2753 2974 a
2785 2935 3008 2976 carcere
3040 2936 3108 2974 ac
3142 2921 3382 2986 tenebris
3415 2923 3684 2978 vindicari

378 3037 726 3095 magnopere
759 3022 972 3094 cupias,
1006 3030 1063 3076 et
1097 3029 1159 3075 ut
1193 3020 1286 3076 fiat
1317 3019 1498 3090 quoad
1525 3021 1645 3089 ejus
1671 3034 1701 3072 a
1747 3027 1799 3072 te
1835 3016 1954 3072 ﬂeri
1984 3025 2164 3086 potest
2196 3015 2491 3078 allabores,
2519 3012 2931 3067 Theodoretum
2962 3020 3133 3077 certe,
3163 3020 3387 3084 propter
3413 3015 3685 3085 insignem

377 3122 508 3190 ejus
549 3119 864 3173 doctrinam
899 3125 962 3177 et
997 3117 1401 3187 eloquentiam,
1449 3130 1669 3186 semper
1713 3112 2066 3184 singulariter
2105 3110 2400 3176 dilexeris,
2440 3109 2753 3167 honestaris
2795 3116 2852 3164 et
2885 3108 3116 3163 summis
3149 3108 3408 3165 laudibus
3432 3112 3680 3168 ornaris.

380 3207 542 3263 Vale.
579 3205 896 3263 MDXLVII.

437 3382 439 3384 -
527 3338 742 3397 Nicolai
766 3339 1044 3407 Μαίον’αηί
1079 3338 1171 3409 qui
1197 3354 1465 3394 sermones
1495 3338 1556 3392 de
1577 3334 1918 3392 Providentia
1942 3335 2120 3392 ance
2147 3339 2348 3408 primus
2377 3337 2558 3402 edidit,
2589 3337 2658 3391 ad
2682 3335 2800 3392 Nic.
2825 3335 3164 3407 Radit-(phum
3193 3336 3542 3393 Cardinatem.

451 3478 597 3534 Cum
624 3477 904 3532 Vaticana!
936 3475 1292 3531 bibliothecae
1324 3491 1514 3530 curam
1545 3474 1827 3530 Pontiﬁcis
1858 3474 2080 3529 Maximi
2109 3476 2266 3547 jussu
2299 3475 2652 3546 recepissem,
2686 3474 2825 3529 nihil
2867 3475 3002 3529 mihi
3045 3475 3229 3546 potius
3270 3475 3392 3536 ibit.
3431 3488 3594 3546 quam
3625 3486 3688 3532 ut
3771 3511 3778 3520 ι

379 3570 562 3626 libros
588 3567 944 3638 superiorum
972 3577 1284 3636 temporum
1307 3568 1468 3636 culpa
1491 3565 1856 3636 negligentius
1882 3565 2102 3621 habitos
2128 3563 2195 3621 ad
2226 3574 2442 3621 certum
2476 3567 2730 3622 ordinem
2757 3581 3092 3622 revocarent.
3119 3568 3275 3634 Quod
3303 3585 3428 3622 cum
3455 3585 3684 3623 accura-

383 3661 501 3714 tius
532 3658 773 3712 facerem
793 3697 807 3721 ,
841 3655 1178 3711 Theodoreti
1204 3655 1407 3711 librum
1441 3655 1519 3708 De
1537 3654 1878 3709 Providentia
1911 3653 2010 3710 Dei
2041 3656 2182 3710 forte
2209 3656 2410 3726 reperi,
2441 3672 2604 3727 quem
2638 3674 2762 3712 cum
2797 3657 3038 3712 hominis
3067 3658 3139 3711 ad
3173 3674 3299 3712 eum
3331 3659 3477 3714 diem
3511 3676 3580 3714 ne
3616 3659 3686 3716 de

382 3754 618 3811 nomine
655 3751 880 3823 quidem
911 3752 1050 3806 mihi
1087 3753 1205 3807 noti
1232 3751 1600 3822 cognoscendi
1630 3767 1798 3806 causa
1839 3751 2228 3822 perlegissem,
2255 3767 2322 3807 eo
2348 3753 2567 3808 dicendi
2609 3769 2809 3824 genere
2851 3753 3224 3823 orationisque
3277 3754 3546 3824 elegantia
3569 3795 3581 3817 ,
3619 3768 3686 3808 eo

383 3846 773 3918 dispositionis
799 3845 1018 3910 ordine,
1045 3860 1110 3900 ea
1154 3854 1608 3916 argumentorum
1634 3844 1939 3900 subtilitate
1971 3851 2028 3901 et
2057 3846 2460 3901 sententiarum
2494 3847 2758 3918 gravitate
2786 3862 2849 3901 ac
2881 3847 3038 3916 copia
3071 3845 3340 3916 scriptum
3381 3845 3588 3909 inveni,
3625 3854 3687 3898 ut

382 3941 509 4012 ejus
548 3939 812 4002 lectione,
855 3937 946 3991 his
986 3937 1293 4007 praesertim
1339 3936 1702 4006 temporibus,
1730 3933 2167 3992 Christianarum
2211 3939 2525 3993 litterarum
2569 3948 2844 3994 amatores
2873 3938 3127 3994 fraudare
3158 3940 3312 3995 nefas
3340 3940 3680 4009 putaverim.

383 4031 491 4086 etsi
527 4029 760 4084 unicum
792 4036 1006 4083 tantum
1037 4034 1282 4082 exstaret
1323 4028 1627 4098 exemplar,
1674 4027 1840 4097 idque
1886 4044 1914 4082 a
1952 4031 2060 4084 situ
2092 4037 2150 4084 et
2179 4030 2507 4100 antiquitate
2540 4031 2676 4086 adeo
2709 4032 3040 4097 confectum,
3075 4036 3135 4088 ut
3164 4031 3414 4101 plurimis
3462 4031 3518 4086 in
3550 4032 3686 4087 locis

382 4125 495 4195 legi
521 4123 613 4177 vix
646 4128 852 4192 posset.
889 4119 1139 4190 Cumque
1168 4133 1256 4175 me
1279 4121 1647 4191 accingerem,
1684 4125 1746 4173 ut
1778 4121 2185 4190 quamprimum
2213 4137 2377 4190 quam
2408 4121 2795 4192 integerrimus
2825 4123 2871 4177 is
2894 4132 3086 4179 auctor
3111 4123 3166 4176 in
3204 4123 3381 4177 lucem
3413 4123 3682 4191 prodiret,

387 4217 444 4272 id
470 4217 645 4273 etiam
677 4215 888 4280 curavi,
928 4224 990 4270 ut
1025 4217 1130 4272 sub
1165 4225 1260 4270 tuo
1287 4216 1512 4274 nomine
1545 4215 1825 4282 ederetur,
1862 4217 1958 4286 qui
1997 4225 2056 4270 et
2087 4217 2401 4270 litterarum
2433 4217 2682 4281 scientia,
2711 4227 2767 4272 et
2792 4219 2997 4288 pietate
3024 4219 3362 4287 reliquisque
3386 4217 3684 4274 virtutibus

384 4319 708 4383 praestares.
739 4308 859 4364 Huc
883 4309 1098 4364 accedit
1121 4319 1345 4364 tuorum
1368 4325 1496 4381 erga
1525 4325 1612 4364 me
1643 4309 1968 4364 meritorum
1999 4309 2339 4379 magnitudo,
2374 4309 2470 4378 qui
2501 4323 2599 4380 per
2629 4310 2823 4380 viginti
2854 4310 2966 4365 fere
2995 4326 3170 4364 annos
3204 4309 3462 4366 omnibus
3492 4309 3684 4366 olliciis

387 4420 479 4462 me
515 4417 740 4469 ornare,
773 4403 922 4458 omni
978 4405 1320 4460 humanitate
1353 4405 1642 4475 complecti
1676 4420 1788 4459 non
1819 4403 2100 4460 destitisti.
2133 4404 2320 4460 Romae
2345 4399 2604 4470 MDXLV,
2639 4421 2707 4459 xv
2731 4404 2956 4460 Kalend.
2986 4405 3137 4461 Julii.

792 4539 1059 4614 Rodulphi
1094 4537 1339 4598 Gualteri
1365 4554 1670 4594 sermonum
1701 4538 1764 4592 de
1792 4534 2134 4592 Providentia
2165 4539 2490 4610 interpretis,
2527 4540 2598 4594 ad
2630 4536 2944 4595 Joachinum
2977 4535 3292 4598 Vadianum.

463 4680 808 4738 Theodoreti
838 4682 1117 4736 orationes
1146 4679 1222 4735 De
1247 4679 1600 4735 Providentia
1628 4678 1925 4733 Latinitate
1957 4692 2056 4748 per
2078 4693 2182 4732 nos
2209 4677 2459 4743 donatas,
2493 4685 2589 4732 tuo
2611 4679 2958 4748 potissimum
2985 4681 3194 4735 nomini
3223 4682 3478 4739 dedicare
3503 4685 3682 4743 visum

299 4763 304 4768 ⁷
387 4781 513 4835 est,
563 4779 626 4824 ut
669 4769 738 4824 ad
781 4777 834 4826 te
866 4771 1074 4825 rediret
1098 4769 1246 4840 quod
1277 4769 1372 4824 abs
1403 4777 1456 4824 te
1481 4770 1792 4839 profectum
1833 4779 1937 4824 est.
1965 4768 2047 4822 Tu
2091 4769 2242 4825 enim
2285 4784 2570 4838 nunquam
2599 4770 2836 4824 antehac
2864 4771 3025 4826 nobis
3055 4772 3224 4838 visas,
3268 4789 3394 4829 cum
3435 4791 3502 4830 ex
3528 4777 3683 4831 Italia

390 4860 584 4916 Romae
618 4876 800 4931 nuper
832 4861 1133 4932 impressas
1174 4861 1504 4930 accepisses,
1552 4861 1875 4931 praeceptori
1909 4870 2102 4918 nostro
2147 4861 2500 4918 transmisisti
2533 4879 2545 4915 :
2577 4863 2671 4932 qui
2700 4863 2920 4918 easdem
2967 4865 3101 4919 mihi
3145 4867 3366 4932 obtulit,
3403 4880 3596 4938 petens
3623 4878 3685 4925 ut

389 4966 492 5020 per
519 4966 610 5005 me
637 4951 833 5008 Latine
863 4953 1015 5023 loqui
1040 4953 1340 5018 discerent,
1368 4969 1492 5025 quae.
1526 4955 1796 5010 hactenus
1819 4954 2024 5010 Graecis
2052 4962 2267 5010 tantum
2296 4956 2527 5011 auribus
2552 4957 2845 5012 intellectae
2877 4957 3113 5013 fuerant.
3148 4961 3326 5030 Atque
3353 4963 3560 5017 utinam
3592 4964 3685 5018 hic

389 5042 532 5097 mihi
566 5058 631 5098 ea
665 5043 935 5103 adfuisset
965 5045 1264 5100 verborum
1303 5045 1410 5109 vis,
1441 5060 1564 5114 qua:
1595 5044 1977 5102 fecundissimi
2018 5046 2306 5115 scriptoris
2348 5046 2718 5116 eloquentium
2757 5047 3067 5116 exprimere
3101 5050 3398 5119 potuisset!
3429 5051 3538 5105 llas
3572 5060 3682 5105 tam

389 5133 487 5188 diu
523 5136 778 5201 amissas,
808 5151 1048 5206 cumque
1077 5137 1242 5192 tineis
1268 5146 1324 5192 et
1349 5137 1542 5192 blattis
1571 5137 1776 5192 bellum
1821 5145 2096 5209 gerentes,
2129 5138 2226 5193 Dei
2267 5138 2611 5208 providentia
2663 5147 2771 5193 tam
2811 5141 2901 5209 pie
2933 5141 3002 5195 ab
3033 5141 3127 5197 illo
3157 5152 3364 5198 asserta
3411 5145 3679 5209 inventas,

390 5225 706 5281 doctissimi
731 5226 838 5280 viri
864 5226 1077 5280 Nicolai
1108 5226 1402 5296 Majorani,
1429 5227 1703 5282 Vaticana
1726 5227 1813 5284 vel
1838 5226 2141 5283 Pontiﬁciae
2168 5227 2517 5284 bibliotheca
2544 5229 2820 5299 praefecti,
2855 5230 3126 5287 beneﬁcio
3169 5231 3427 5288 reddidit.
3463 5232 3674 5302 Tiguri,

390 5337 484 5374 vm
514 5320 645 5375 ldus
677 5318 988 5385 Februarii,
1020 5334 1168 5374 anno
1193 5319 1478 5374 MDXLV'I.

392 5469 480 5524 Et
507 5467 608 5522 Fr.
644 5469 865 5524 Zenobii
893 5466 1131 5522 Acciaoli
1170 5464 1388 5542 prologo
1427 5467 1499 5542 ad
1520 5464 1752 5542 Leonem
1791 5464 1840 5522 X
1869 5466 2170 5542 pontiﬁcem
2214 5467 2529 5542 ntaagimum,
2569 5469 2624 5522 in
2657 5468 2820 5524 libros
2850 5470 3178 5538 Theodoreti,
3215 5485 3439 5542 quorum
3469 5470 3676 5538 titulus,

1247 5537 1470 5608 Curatio
1505 5537 1816 5594 ercarum
1846 5537 2205 5609 aﬁ'ectionum,
2233 5539 2290 5592 in
2319 5537 2570 5592 Latinum
2602 5555 2897 5595 conversos.

461 5675 592 5730 Post
620 5676 754 5730 alia.
779 5673 1004 5730 —Cum
1031 5675 1217 5746 itaque
1245 5676 1317 5732 ob
1343 5677 1590 5746 ingentia
1615 5687 1709 5732 tua
1741 5677 1799 5732 in
1823 5693 1910 5733 me
1934 5677 2227 5746 beneﬁcia,
2265 5679 2576 5735 redundare
2598 5679 2654 5734 in
2685 5689 2738 5735 te
2767 5680 2968 5736 debeat
2991 5681 3257 5751 quidquid
3281 5698 3311 5738 a
3336 5699 3423 5739 me
3446 5698 3544 5754 per
3565 5683 3672 5739 hoc

393 5769 491 5825 abs
520 5779 571 5824 te
608 5766 749 5824 mihi
789 5781 1118 5823 concessum
1154 5766 1331 5823 otium
1365 5766 1692 5836 excutiatur,
1721 5767 2062 5857 dedicandos
2086 5769 2184 5829 tibi
2207 5770 2397 5842 putavi
2419 5785 2768 5856 (χυθῇ-ιδυμεῖ
2795 5768 3124 5856 Theodoreti
3145 5770 3402 5845 Cyrensis
3429 5769 3680 5844 episcopi
