4090 6422
426 353 512 418 15
1244 352 1251 363 ν
1520 349 1903 412 ὛΕΤΕΒΠΜ
1941 347 2650 417 RECENTIORUMQUE
2832 344 2839 353 '
3631 332 3709 392 16

432 492 663 548 Graecos
715 490 888 545 libros
917 489 999 543 'de
1049 487 1322 558 spirituali
1375 485 1686 541 Graecarum
1733 487 2090 542 affectionum
2140 484 2414 539 medicina
2463 484 2686 551 Latinos
2714 480 2838 535 feci.
2867 480 2947 535 Ad
2978 482 3084 535 hoc
3109 494 3240 535 vero
3265 479 3398 534 illud
3435 492 3520 533 me
3544 477 3710 533 etiam

443 581 715 643 invitavit,
744 582 889 651 quod
923 598 988 633 ex
1018 581 1106 633 his
1138 578 1452 633 studiorum
1479 594 1728 633 meorum
1752 579 2037 633 laboribus
2063 576 2373 647 sperabam,
2405 590 2529 628 cum
2552 574 2858 629 certissima
2890 572 3053 626 oﬁicii
3078 573 3183 626 mei
3208 574 3441 635 ratione,
3468 571 3707 641 aliquam

440 672 767 727 Christiana:
801 673 1059 727 Ecclesiae
1094 673 1386 727 utilitatem
1416 672 1767 741 eonjunctam
1793 671 1928 726 fore.
1960 672 2089 736 Quae
2123 669 2373 739 profecto
2397 669 2594 722 latiore
2624 668 2832 723 ambitu
2854 684 2974 723 sese
3008 668 3202 722 fundat
3228 683 3453 721 necesse
3477 675 3582 729 est,
3610 665 3708 719 ubi
3766 710 3785 739 λη

440 766 590 820 sedis
640 767 954 835 apostolicre
989 767 1249 835 majestas
1283 764 1552 819 dedicatis
1596 763 1701 817 sibi
1748 763 1906 817 libris
1958 762 2341 818 auctoritatem
2392 761 2668 833 roburque
2714 761 2981 831 adjungit.
3020 760 3291 815 Caeterum
3328 759 3710 813 Theodoretns
3765 778 3780 843 r1

441 857 533 912 hic
582 857 651 911 ad
684 874 857 927 usque
896 857 1194 912 Theodosii
1237 856 1483 912 Junioris
1511 865 1757 924 tempora
1783 854 2105 923 supervixit.
2140 850 2275 919 Quae
2302 869 2432 907 sane
2457 853 2574 922 ipsa
2609 853 2863 907 maximis
2903 853 3019 907 suis
3042 852 3342 906 virtutibus
3371 849 3703 905 honestavit.

439 951 653 1005 Probus
685 950 833 1003 enim
887 950 1192 1019 doctusque
1243 951 1431 1010 homo,
1465 947 1654 1017 quales
1692 962 1756 1000 ea
1793 954 2116 1015 tempestate
2144 946 2396 1015 plenique
2421 960 2612 999 omnes
2640 944 2883 1015 episcopi
2916 946 3230 1016 viguerunt,
3264 944 3467 1013 quibus
3491 940 3706 997 artibus

438 1038 506 1091 ad
562 1038 930 1107 episcopalem
965 1037 1227 1091 thronum
1287 1044 1601 1103 assumptus
1626 1042 1730 1097 est,
1766 1048 1858 1086 eas
1886 1048 2010 1086 cum
2058 1031 2267 1101 ingenti
2298 1032 2382 1086 sui
2408 1032 2568 1087 laude
2594 1049 2897 1103 magnaque
2927 1034 3187 1089 Ecclesia:
3216 1034 3451 1088 utilitate
3484 1047 3704 1102 semper

436 1128 704 1180 exercuit.
738 1126 1066 1195 Complures
1091 1127 1236 1180 enim
1271 1126 1573 1194 Scriptura:
1608 1132 1811 1177 sancta:
1837 1123 2009 1177 libros
2039 1122 2564 1177 commentariorum
2601 1123 2813 1179 facibus
2834 1126 3151 1180 illustravit.
3177 1126 3316 1179 Tum
3337 1135 3393 1179 et
3413 1125 3701 1179 historiam

437 1217 506 1271 de
536 1218 795 1273 Ecclesia:
824 1225 970 1272 statu
1004 1218 1358 1286 conscripsit,
1404 1227 1563 1269 orsus
1582 1214 1669 1267 ‘ab
1712 1212 1838 1266 Arii
1892 1212 2319 1281 persecutione;
2363 1213 2666 1281 decemque
2711 1215 3087 1283 prmterea‘De
3127 1215 3310 1269 divina
3350 1214 3703 1269 Providentia

437 1307 610 1361 libros
642 1306 837 1360 edidit.
879 1306 1027 1371 Quos
1052 1314 1236 1360 autem
1270 1319 1447 1373 nuper
1483 1303 1596 1372 ipse
1630 1302 1684 1353 in
1711 1300 1961 1353 Latinam
1997 1300 2238 1370 linguam
2274 1302 2543 1365 converti,
2578 1305 2794 1358 tametsi
2829 1314 3018 1358 contra
3045 1306 3128 1360 sui
3164 1307 3426 1376 temporis
3453 1304 3702 1358 inﬁdeles

437 1400 656 1454 Graecos
674 1409 973 1470 gentesque
999 1396 1352 1465 conscripsit,
1380 1405 1559 1449 tamen
1582 1409 1691 1446 non
1714 1392 1895 1445 minus
1917 1391 1986 1445 ad
2007 1393 2124 1446 ι]ωο
2148 1409 2365 1461 quoque
2393 1403 2639 1463 tempora
2665 1411 2995 1465 omnemque
3018 1398 3393 1466 posteritatem
3421 1398 3701 1468 pertinere

434 1492 681 1563 putanda
719 1502 870 1555 sunt,
908 1506 1072 1559 quam
1101 1504 1223 1558 qua:
1253 1488 1381 1541 olim
1425 1487 1494 1541 ab
1526 1485 2065 1555 Apostolisaliisque
2108 1486 2369 1541 Patribus
2398 1488 2705 1556 seripta,ad
2735 1489 3022 1557 praesentis
3055 1490 3313 1545 Ecclesia:
3364 1491 3696 1559 doctrinam,

435 1590 747 1649 nostraeque
791 1580 917 1633 vitae
970 1577 1372 1633 institutionem
1401 1574 1605 1643 scripta
1631 1588 1753 1628 csse
1777 1573 2189 1642 cognoscimus.
2207 1573 2474 1643 Equidem
2500 1592 2609 1629 non
2631 1576 2749 1631 sine
2775 1577 2869 1631 Dei
2892 1577 3123 1632 consilio
3148 1578 3349 1634 factum
3371 1590 3524 1651 puto,
3550 1584 3698 1653 quod

434 1676 547 1737 hos
563 1662 697 1727 mihi
726 1669 1057 1725 Theodoreti
1084 1668 1257 1722 libros
1281 1668 1519 1722 Joannes
1537 1666 1865 1720 Franciscus
1891 1666 2074 1731 Picus,
2099 1667 2357 1737 princeps
2377 1668 2553 1723 :rtatis
2572 1677 2771 1724 nostrze
2794 1670 3169 1735 doctissimus,
3194 1673 3476 1739 indicarit,
3500 1693 3697 1747 meque

402 1766 407 1771 ’
436 1774 496 1820 ιιι
530 1765 756 1820 Latinos
790 1762 1027 1816 facerem
1064 1774 1395 1830 magnOperc
1419 1758 1742 1812 adhortatus
1777 1758 1868 1813 sit.
1895 1758 2114 1813 Etenim
2151 1758 2295 1813 sicut
2328 1760 2480 1823 olim,
2516 1776 2643 1814 cum
2672 1762 3000 1815 Philostrati
3037 1761 3106 1816 de
3142 1763 3439 1832 Apollonio
3474 1768 3699 1839 Tyaneo

432 1860 665 1917 historia
699 1856 843 1928 typis
884 1869 1083 1909 excusa
1106 1854 1163 1907 in
1184 1854 1407 1923 vulgum
1433 1851 1660 1922 prodiit,
1685 1867 1787 1921 ego
1810 1851 2167 1906 Caesariensis
2186 1852 2412 1906 Eusebii
2434 1853 2636 1907 librum
2663 1854 2798 1907 mihi
2823 1853 2893 1907 ab
2913 1854 3121 1909 Joanne
3144 1856 3367 1912 Lascari
3390 1860 3695 1916 indicatum

430 1951 687 2006 Latinum
716 1946 842 2010 feci,
878 1944 973 2015 qui
1002 1950 1196 1998 contra
1228 1956 1503 1996 venenum
1538 1940 1855 1994 Philostrati
1890 1939 2199 1994 antidotum
2233 1940 2509 2009 quoddam
2541 1949 2709 2004 esset,
2731 1957 2798 1995 ne
2829 1941 2954 2011 quis
2982 1943 3261 2011 videlicet,
3297 1947 3418 2015 ejus
3442 1947 3694 2008 fabulosa

429 2042 661 2099 historia
697 2039 1126 2099 circumventus,
1162 2034 1508 2105 Pythagorici
1542 2033 1815 2087 llieroclis
1842 2031 2115 2101 exemplo,
2168 2032 2519 2102 Apollonium
2546 2033 2823 2103 Tyaneum
2860 2048 3048 2103 parem
3089 2036 3217 2090 Jesu
3256 2037 3475 2096 Christo
3514 2042 3695 2099 facere

429 2135 678 2196 auderet,
698 2129 795 2185 sed
810 2126 1114 2183 veneﬁcum
1136 2125 1416 2179 hominem
1434 2126 1772 2194 planumque
1791 2125 2242 2195 agnoscerenita
2264 2139 2414 2178 nunc
2429 2140 2669 2194 quoque,
2703 2140 2826 2179 cum
2844 2126 3126 2181 Platonem
3143 2128 3328 2185 Graece
3362 2132 3692 2202 impressum
3742 2112 3745 2115 Ι

429 2220 773 2279 circumferri
804 2220 1047 2283 audiam,
1074 2215 1232 2289 cujus
1259 2217 1480 2287 quidem
1503 2218 1817 2287 philosophi
1846 2217 2142 2287 singularis
2162 2226 2246 2272 est
2268 2218 2602 2288 eloquentia,
2630 2217 2723 2272 sed
2748 2219 3001 2287 plurimis
3024 2232 3202 2275 tamen
3227 2223 3359 2279 locis
3380 2228 3691 2294 perniciosa

427 2312 1033 2374 Christianze'Ecclesite
1067 2327 1284 2381 semper
1308 2310 1413 2366 fuit
1436 2311 1741 2366 auctoritas
1766 2320 1821 2365 et
1856 2310 2131 2375 doctrina,
2162 2327 2272 2366 non
2304 2311 2374 2365 ab
2404 2327 2460 2365 re
2488 2310 2681 2365 fecisse
2706 2326 2793 2365 me
2820 2319 3029 2380 putem,
3058 2314 3150 2383 qui
3172 2297 3350 2370 libros
3381 2333 3479 2372 eos
3508 2320 3691 2376 Theo-

401 2393 607 2463 Idoreti
641 2405 861 2460 Latinos
894 2402 1142 2466 fecerim,
1181 2401 1385 2472 quibus
1416 2412 1474 2458 et
1493 2401 1741 2457 Platonis
1775 2409 1828 2456 et
1852 2404 2160 2456 multorum
2189 2411 2454 2472 praeterea
2481 2402 2937 2472 philosophorum
2958 2416 3268 2475 pugnantes
3298 2409 3402 2463 sibi
3433 2414 3689 2472 maximis

424 2500 494 2554 de
518 2498 682 2552 rebus
702 2494 1005 2560 sententiae,
1039 2493 1465 2564 perniciosaque
1491 2495 1743 2548 instituta
1775 2492 2029 2546 humanm
2068 2492 2196 2545 vitae
2218 2492 2468 2546 moribus
2494 2491 2862 2561 proderentur
2888 2511 2901 2546 :
2936 2503 2997 2548 ut
3025 2494 3233 2550 evitare
3269 2501 3442 2553 nostri
3475 2504 3691 2571 possint

426 2607 548 2661 qua:
592 2589 737 2660 apud
796 2587 1156 2658 philosophos
1204 2588 1366 2643 noxia
1401 2604 1521 2643 esse
1561 2585 1873 2655 cognorint,
1912 2585 2216 2656 majorique
2260 2586 2463 2654 pietate
2490 2593 2659 2654 atque
2687 2585 2989 2640 ardentiori
3013 2588 3196 2642 studio
3230 2591 3408 2645 sacris
3440 2592 3687 2662 legendis

421 2683 646 2737 Litteris
661 2681 1041 2735 inhaerescant.
1058 2680 1332 2750 Marsilius
1350 2680 1590 2746 Ficinus,
1609 2681 1725 2751 qui,
1748 2679 1937 2749 proavi
1959 2680 2038 2732 tui
2062 2677 2393 2732 liberalitate
2417 2677 2657 2747 adjutus,
2675 2677 2954 2733 Platonem
2973 2684 3155 2737 s'eculi
3175 2687 3347 2740 nostri
3370 2687 3689 2749 hominibus

420 2794 485 2831 ac
513 2777 788 2832 Plotinum
825 2774 1052 2830 Latinos
1084 2774 1234 2840 fecit,
1262 2775 1462 2844 schius
1491 2775 1628 2828 mihi
1656 2775 1837 2828 dicere
1886 2772 2032 2826 inter
2077 2772 2416 2841 loquendum
2468 2774 2701 2838 solebat,
2738 2774 2940 2830 factum
2990 2777 3333 2845 providentia
3383 2781 3684 2839 Florentini

412 2871 670 2943 prtesulis
700 2870 985 2936 Antonini,
1021 2869 1319 2939 quominus
1347 2884 1377 2922 e
1406 2868 1649 2923 Platonis
1671 2867 1928 2931 lectione,
1948 2881 2112 2935 quam
2135 2865 2261 2919 inde
2287 2882 2315 2919 a
2335 2867 2524 2935 pueris
2547 2883 2897 2938 summopere
2920 2869 3216 2935 adamavit,
3241 2872 3682 2942 inpcrniciosam

401 2960 674 3019 haeresim
710 2963 999 3034 prolapsus
1033 2962 1219 3016 fuerit.
1252 2959 1437 3014 Bonus
1461 2959 1609 3013 enim
1656 2968 1878 3029 pastor,
1922 2973 2049 3011 cum
2105 2957 2511 3012 adolescentem
2562 2959 2823 3014 clericum
2864 2976 3024 3015 suum
3067 2962 3240 3017 nimio
3288 2965 3416 3033 plus
3461 2977 3683 3037 captum

418 3056 661 3111 Platonis
694 3054 1009 3125 eloquentia
1033 3061 1305 3115 cerneret,
1332 3066 1442 3105 non
1471 3058 1597 3104 ante
1627 3065 1824 3120 passus
1843 3057 1929 3102 est
1954 3049 2007 3102 in
2039 3048 2188 3102 illius
2217 3049 2533 3118 philosophi
2556 3050 2791 3106 lectione
2820 3051 3167 3122 frequentem
3192 3070 3333 3120 esse,
3362 3073 3525 3127 quam
3554 3076 3680 3115 eum

406 3143 531 3199 'divi
565 3145 788 3199 Thoma:
815 3142 1105 3214 Aquinatis
1137 3151 1375 3211 quatuor
1408 3138 1573 3192 libris
1600 3147 1794 3192 contra
1822 3146 2013 3206 gentes
2050 3138 2399 3207 conscriptis,
2428 3139 2834 3208 quasiquodam
2863 3142 3275 3212 antipharmaco
3303 3150 3682 3216 praemuniret.

414 3236 527 3291 Cur
549 3249 733 3295 autem
760 3254 872 3293 non
910 3238 998 3291 his
1033 3249 1253 3305 quoque
1280 3232 1624 3302 temporibus
1655 3232 1709 3286 in
1743 3240 1895 3286 tanto
1922 3232 2229 3286 litterarum
2284 3231 2593 3287 Graecarum
2643 3236 2846 3299 studio,
2890 3238 3272 3308 politiorisque
3322 3241 3682 3313 philosophia:

414 3327 710 3394 desiderio,
755 3330 854 3384 abs
912 3336 986 3389 te,
1039 3324 1357 3380 beatissime
1390 3325 1588 3387 Pater,
1634 3323 1867 3391 tuisque
1920 3339 1953 3376 a
2001 3323 2293 3387 ministris,
2335 3324 2454 3393 pari
2486 3326 2671 3395 aliqua
2708 3328 2922 3382 ratione
2966 3330 3364 3385 consulendum
3401 3335 3549 3404 gregi
3586 3343 3681 3391 tuo

412 3416 794 3486 existimemus
818 3418 841 3470 ?
872 3417 986 3484 Ego
1017 3428 1149 3467 vero
1182 3422 1336 3466 tanto
1364 3426 1512 3465 nunc
1531 3412 1739 3483 majore
1763 3412 1968 3477 studio,
1996 3413 2095 3466 tibi
2119 3414 2340 3482 tuisque
2360 3416 2624 3470 omnibus
2647 3418 3015 3488 evigilandum
3036 3430 3192 3489 puto,
3217 3433 3423 3492 quanto
3446 3427 3682 3497 majores

299 3501 319 3518 ’
412 3511 617 3565 diaboli
639 3510 908 3581 rugientis
936 3507 1165 3563 insidias
1199 3506 1409 3560 idcirco
1439 3505 1737 3559 formidare
1769 3505 2057 3570 debemus,
2092 3507 2239 3576 quod
2264 3516 2314 3561 te
2345 3509 2576 3576 praeside
2609 3514 2793 3581 populi
2820 3513 3147 3580 Christiani,
3186 3533 3350 3586 quem
3368 3536 3480 3574 non
3507 3523 3680 3592 turpis

400 3596 665 3665 ambitio,
702 3598 799 3655 sed
831 3598 1112 3668 explorata
1145 3596 1343 3662 virtus,
1373 3597 1584 3666 Deique
1609 3597 1960 3666 providentia
1992 3597 2048 3651 in
2075 3599 2222 3653 Petri
2244 3598 2383 3653 solio
2409 3601 2718 3665 collocavit,
2752 3620 2944 3675 magna
2967 3608 3169 3675 passim
3202 3612 3541 3678 exspectatio
3568 3628 3675 3681 est,

410 3689 755 3760 religionem,
809 3686 994 3751 ﬁdem,
1024 3687 1382 3757 probitatem,
1415 3687 1785 3758 liberalesque
1830 3699 1979 3743 artes
1998 3690 2122 3760 jure
2150 3690 2760 3761 quodampostliminii,
2796 3697 2863 3751 de
2897 3698 3005 3752 situ
3032 3714 3096 3753 ac
3127 3699 3405 3756 diuturnis
3431 3706 3675 3761 tenebris

411 3780 467 3834 in
499 3781 737 3835 nitorem
764 3777 1219 3832 candidissimum
1254 3779 1531 3834 redituras
1550 3782 1573 3833 ’ἒ
1592 3781 1671 3836 Ne
1705 3781 1890 3852 itaque
1918 3782 2176 3838 inimicus
2209 3783 2374 3839 homo
2418 3793 2527 3840 tam
2556 3787 2711 3842 honre
2735 3791 2904 3860 segeti
2931 3792 3140 3846 zi'zania
3176 3809 3275 3848 sua
3298 3798 3672 3866 commisccal,

409 3885 531 3939 qua:
557 3882 692 3921 mea:
722 3877 910 3940 partes
938 3868 1189 3935 fuerunt,
1221 3886 1332 3925 non
1386 3886 1522 3926 mea:
1570 3871 1816 3941 quidem,
1870 3889 1992 3943 quae
2034 3874 2217 3930 Icilius
2259 3878 2600 3932 auctoritatis
2647 3880 2918 3938 habiturae
2967 3891 3146 3950 erant,
3206 3886 3301 3941 sed
3352 3886 3672 3950 doctissirna

406 3959 745 4053 Theodoreti
791 3970 1157 4053 monumenta
1201 3961 1465 4017 studiosis
1517 3963 1778 4017 omnibus
1829 3964 2060 4036 legenda
2109 3968 2392 4037 proposui.
2442 3970 2654 4037 Quibus
2691 3973 2785 4042 qui
2812 3974 3060 4045 legendis
3089 3977 3279 4031 oculos
3312 3979 3671 4053 animumque

406 4050 702 4119 admorint,
734 4061 845 4108 tam
872 4052 1167 4123 multiplici
1196 4069 1381 4107 rerum
1416 4055 1730 4124 cognitione
1758 4056 1950 4126 plenos
1979 4059 2280 4124 invenient,
2315 4073 2377 4118 ut
2401 4062 2561 4119 facile
2586 4065 2892 4121 confessuri
2922 4066 3051 4131 sint,
3074 4068 3257 4123 nullos
3293 4086 3421 4126 eum
3456 4050 3666 4143 poetas,

403 4141 588 4196 nullos
617 4152 883 4206 oratores,
926 4142 1109 4197 nullos
1137 4141 1453 4209 historicos,
1485 4144 1778 4214 nullosque
1811 4148 2118 4215 praesertim
2142 4149 2498 4223 philosOphos
2526 4154 2756 4210 latuisse
2787 4174 2797 4208 :
2841 4157 3138 4227 nullusque
3188 4167 3297 4214 tam
3347 4141 3545 4220 doctus
3588 4166 3670 4221 sit

404 4234 591 4303 homo,
624 4238 718 4308 qui
744 4252 811 4292 ex
843 4238 963 4308 ejus
998 4235 1235 4291 lectione
1257 4252 1400 4291 nova
1430 4237 1539 4293 s‘ibi
1568 4245 1731 4310 atque
1757 4241 2001 4296 inaudita
2040 4245 2439 4314 quamplurima
2471 4264 2579 4303 non
2606 4249 2677 4303 sit
2719 4259 3067 4320 accepturus.
3099 4253 3329 4322 Quodsi,
3362 4235 3422 4313 tit
3457 4260 3672 4315 Plinius

402 4343 622 4398 quoque
654 4336 913 4393 testatur,
946 4329 1133 4383 nullus
1164 4336 1271 4384 tam
1317 4332 1495 4388 malus
1537 4343 1623 4389 ρει
1649 4334 1812 4399 liber,
1844 4337 1978 4404 quin
2012 4353 2079 4391 ex
2113 4355 2180 4393 eo
2205 4340 2337 4395 boni
2372 4342 2581 4411 aliquid
2616 4344 2737 4413 capi
2777 4346 2968 4414 possit,
3006 4363 3169 4416 quam
3202 4349 3440 4421 denique
3465 4353 3666 4409 Charus

399 4436 523 4475 esse
560 4422 653 4474 ille
675 4422 936 4476 omnibus
977 4420 1166 4487 debet,
1198 4423 1293 4491 qui
1327 4425 1457 4480 mali
1503 4426 1727 4495 quidem
1772 4427 1911 4482 nihil
1961 4441 2231 4503 apportat,
2280 4433 2376 4490 sed
2419 4436 2641 4506 explosa
2685 4439 2933 4507 gentium
2985 4439 3221 4494 falsitate
3259 4420 3454 4510 puram
3502 4443 3662 4499 nobis

402 4513 717 4584 religionem
754 4513 1051 4585 pollicetur.
1065 4529 1129 4568 ac
1156 4524 1381 4584 praestat
1407 4518 1419 4570 ι
2040 4542 2043 4547 -

1984 4685 2053 4702 ﬂ

1410 4786 1687 4850 'Photius
1721 4792 1789 4851 in
1822 4792 2234 4870 Bibliotheca,
2274 4795 2480 4856 codice
2512 4810 2684 4857 XLVI.

466 4919 617 4974 Lecti
647 4931 775 4974 sunt
807 4918 1136 4975 Theodoreti
1162 4919 1297 4975 libri
1329 4932 1456 4980 tres.
1500 4924 1745 4982 Titulum
1776 4930 1970 4999 praefe-
1998 4940 2042 4994 Α

2038 4975 2042 4991 ,
2136 4930 2579 5000 ’Δνεγνὼσοησαν
2592 4933 2840 5003 Θεοδωρή
2851 4951 2938 4987 που
2950 4935 3095 5004 λόγοι
3109 4954 3138 4988 τ
3150 4942 3282 5009 psi:
3300 4940 3653 5011 Ἐρανιστής

395 5018 526 5063 runt
569 5009 843 5064 Eranistea
886 5025 984 5065 seu
1029 5009 1451 5082 Palymorplms.
1508 5015 1711 5070 Horum
1754 5018 1964 5086 primus

2068 5021 2100 5088 ῆ
2126 5021 2519 5088 Πολύμορφος
2544 5022 2738 5092 ἔφερον
2767 5025 3103 5096 ἐπιγραφήν
3125 5022 3201 5082 ὦν
3226 5030 3255 5080 ὁ
3288 5030 3387 5100 μὲν
3415 5009 3651 5102 πρῶτοξ.

392 5102 567 5156 Deum
599 5102 839 5156 Verbum
885 5101 1284 5158 immutabilem
1324 5120 1445 5160 esse
1492 5106 1674 5175 docet,
1704 5110 1845 5164 alter
1880 5110 1968 5163 in-

2066 5112 2148 5163 ὅτι
2170 5111 2436 5181 ἄτρεπτος
2461 5116 2490 5166 ὁ
2510 5114 2643 5178 Θεὸς
2666 5115 2857 5186 Λόγθς·
2885 5121 2915 5171 ὁ
2940 5120 3212 5192 δεύτερος,
3237 5123 3319 5175 ὅτι
3348 5101 3654 5194 ἀσύγχυτος

390 5192 673 5248 confusam
720 5193 982 5249 unionem
1026 5210 1166 5262 esse,
1220 5198 1414 5255 tertius
1442 5199 1813 5272 rimpatibilem
1845 5215 1967 5255 esse

2071 5204 2101 5270 ἡ
2126 5202 2346 5266 ἓνωσις
2377 5205 2406 5257 ὁ
2436 5208 2734 5277 τρίτος,ὄτι
2755 5211 2972 5281 ἀπαθὴς
2994 5214 3022 5264 ὁ
3040 5213 3173 5276 Θεὸς
3193 5216 3384 5282 Λόγος.
3558 5218 3654 5272 καὶ

389 5278 561 5379 lleum
594 5281 855 5337 Verbum.
885 5283 1112 5338 Accedit
1142 5297 1387 5355 quartus,
1421 5289 1475 5342 in
1500 5304 1610 5359 quo
1635 5290 1966 5361 syllogismis

2068 5294 2344 5364 τέταρτος.
2391 5292 2518 5366 ὲνῷ
2548 5302 2926 5374 συλλογισμοῖς
2972 5307 3070 5377 τῆς
3117 5309 3290 5379 αὐτῆς
3339 5309 3651 5375 ὑποθέσεως

389 5369 533 5428 idem
558 5382 942 5443 argumentum
972 5385 1185 5433 tractat.

905 5391 942 5429 n
972 5385 1185 5433 tractat.
2068 5386 2520 5455 ὑπερασπίζεται.

1335 5517 1725 5595 Nicephorus
1754 5518 1866 5580 lib.
1914 5539 2026 5583 xw
2073 5527 2388 5600 Histort'cc,
2422 5548 2558 5609 cap.
2599 5532 2694 5592 5-1.

424 5635 586 5705 ’Ποω
626 5634 755 5690 libri
794 5643 903 5691 tres
941 5638 1009 5693 dc
1043 5639 1245 5695 divinis
1285 5638 1650 5709 dogmatibus,
1683 5656 1821 5710 quos
1858 5659 1955 5713 per

2149 5644 2419 5711 Ὡσαύτως
2449 5651 2539 5702 καὶ
2572 5650 2750 5720 λόγοις
2775 5656 2923 5724 τρισὶ
2966 5657 3091 5725 περὶ
3133 5657 3293 5712 Gaium
3330 5659 3641 5732 δογμάτων

385 5725 656 5784 dialogum
682 5731 1022 5801 conscripsit.
1488 5802 1491 5805 η
1860 5761 1880 5799 .·

1638 5813 1649 5823 ἢ
1860 5761 1880 5799 ἡ·
2064 5737 2220 5808 εἰπερ
2248 5740 2393 5811 αὐτῷ
2427 5742 2746 5811 titulorum;
2779 5749 3209 5816 συνετὰχῦησαν.
