4090 6416
570 303 643 368 2'1
1080 344 1082 346 τ
1585 317 2078 380 THEODORETI
2117 322 2458 383 EPISCOPI
2495 325 2864 388 CYRENSIS
3775 338 3841 404 98

928 627 1278 764 ΤΟΥ
1353 624 2243 827 ΜΑΚΑΡΙΟΥ
2331 630 2543 764 ΘΕ

1890 631 2243 766 ΨΙΟΥ
2331 630 3505 772 ΘΕΟΔΩΡΗΤΟΥ

1855 884 2262 942 ΕΠΙΣΚΟΠΟΥ
2297 887 2540 944 ΚΥΡΟΥ

702 1049 1708 1166 ΕΡΑΝΙΣΤΗΣ
1835 1056 2274 1173 ΗΤΟΙ
2409 1051 3698 1182 ΠΟΛΥΜΟΡΦΟΣ.

562 457 654 484 =—
680 460 1506 479 ——————."———-D————

1510 472 3842 508 mm

1226 1437 1804 1592 BEATI
1918 1441 3181 1600 THEODORETI

1950 1730 1992 1785 E
2004 1729 2067 1785 Pl
2075 1727 2267 1786 SCOPI
2301 1730 2383 1786 (ΞΥ
2394 1731 2464 1786 Rl

1016 1902 1821 2019 ERANISTES
1911 1903 2180 2019 SEU
2267 1905 3384 2026 POLYMORPHUS.

1126 2263 1170 2332 ι
1206 2261 1596 2320 PREFATIO.
2176 2282 2222 2332 Α

2176 2282 2222 2332 Α
2853 2265 3237 2320 ΠΡυΑοΓυΣ.

625 2370 766 2426 Sunt
811 2372 1089 2440 nonnulli,
1129 2376 1226 2446 qui
1273 2392 1400 2432 cum
1448 2393 1517 2433 ex
1563 2394 1788 2449 genere,
1823 2379 1911 2434 vel
1955 2378 2144 2435 erudi-

2319 2379 2441 2434 Εἰσί
2463 2398 2627 2444 τινες,
2643 2381 2694 2434 οἳ
2719 2381 2819 2451 τὴν
2834 2381 2898 2433 ὲκ
2921 2379 3136 2448 γένους,
3157 2379 3190 2450 ἢ
3216 2375 3573 2445 παιδεύσεως,
3596 2377 3850 2450 ἢκατορ-

553 2463 728 2529 tionc,
752 2465 838 2519 vel
885 2464 1053 2520 rebus
1092 2467 1358 2536 praeclare
1392 2469 1564 2540 gestis
1591 2469 1753 2525 laude
1785 2469 2005 2541 dignam
2035 2469 2146 2524 cla-

2248 2471 2517 2543 θωμάτων
2550 2471 2867 2538 ἀξιέπαινον
2895 2471 2997 2524 οὐκ
3019 2469 3236 2541 ἔχοντες
3257 2469 3638 2541 περιφάνειαν,
3657 2471 3725 2524 ὲκ
3748 2486 3848 2523 πο-

552 2555 774 2610 ritatem
825 2571 938 2611 non
996 2557 1269 2624 habeant,
1324 2559 1591 2631 improbis
1649 2561 1852 2617 studiis
1899 2562 2146 2633 insignes

2247 2564 2432 2636 νηρῶν
2447 2564 2895 2635 ἐπιτηδευμάτων
2911 2563 3170 2633 ἐπίσημοι
3185 2559 3438 2631 γενέσθαι
3455 2560 3850 2628 φιλονεικοῦσι.

550 2647 788 2702 evadere
812 2650 1178 2706 contendunt.
1207 2651 1356 2707 Talis
1384 2663 1508 2709 erat
1533 2653 1844 2709 Alexander
1871 2654 1962 2710 ille
1989 2655 2145 2711 faber

2247 2657 2504 2720 Τοιοῦτος
2528 2652 2596 2728 ἦν
2623 2657 2830 2719 ἐκεῖνος
2845 2654 3194 2724 Ἀλέξανδρος
3214 2654 3244 2705 ό
3263 2651 3516 2724 χαλκεὺς,
3536 2653 3687 2706 οὐδὲν
3705 2652 3849 2723 ἔχων

549 2740 782 2794 ωτλτὶυε
811 2740 849 2806 ί,
882 2741 934 2810 2
966 2742 1061 2811 qui
1097 2744 1518 2814 suspiciendum
1551 2745 1608 2800 iu
1644 2761 1702 2802 se
1729 2746 1870 2801 nihil
1910 2747 2142 2813 habens,

2249 2749 2634 2821 περίϐλεπτον,
2656 2748 2717 2802 ού
2747 2745 3110 2818 λαμπρότητα
3141 2745 3353 2814 γένους,
3371 2745 3432 2798 ού
3453 2745 3741 2815 δεινότητα
3763 2745 3854 2798 λό-

549 2846 663 2884 non
709 2832 932 2901 generis
975 2834 1346 2901 nobilitatem,
1384 2853 1496 2892 non
1537 2837 1761 2894 dicendi
1805 2838 2144 2906 facultatem,

2247 2840 2444 2910 των,οὺ
2468 2837 2850 2908 δημαγωγίαν,
2862 2837 2922 2890 οὐ
2946 2837 3301 2908 στρατηγίαν,
3319 2837 3380 2890 οὐ
3396 2835 3495 2900 τὰς
3512 2838 3569 2889 ὲν
3589 2837 3854 2906 πολέμοις

550 2941 664 2980 non
707 2925 934 2996 regendi
969 2927 1180 2998 populi,
1223 2939 1320 2984 aut
1367 2929 1609 2986 ducendi
1650 2933 1930 2988 exercitus
1970 2933 2149 2988 scien-

2249 2930 2640 3002 ἀνδραγαθίας,
2659 2931 2819 3002 μόνον
2837 2930 2894 2983 δὲ
2913 2925 3179 2999 βάναυσον
3200 2929 3400 3000 τέχνην
3423 2927 3854 3000 μεταχειρίζων,

553 3016 710 3080 tiam,
744 3032 853 3070 non
887 3017 1212 3074 bellicorum
1246 3020 1553 3076 facinorum
1587 3023 2146 3090 commendationem,

2251 3027 2317 3082 ἐκ
2367 3027 2538 3098 μόνης
2573 3026 2671 3095 τῆς
2702 3025 2844 3079 κατὰ
2895 3022 2990 3076 τοῦ
3047 3022 3328 3076 θειοτάτου
3387 3021 3603 3074 Παύλου
3647 3021 3858 3096 μανίας

554 3107 651 3162 sed
679 3108 1004 3166 illibéralcm
1035 3120 1247 3168 tantum
1269 3129 1538 3172 exercens
1573 3125 1772 3183 artem,
1803 3133 1870 3173 ex
1905 3119 2019 3173 sola
2048 3117 2148 3173 ad-

2251 3119 2470 3188 ἐγένετο
2498 3119 2796 3189 γνώριμος.
2861 3117 2972 3171 Καὶ
3031 3115 3230 3186 Σιεμεεί¹
3286 3114 3345 3168 δὲ
3405 3114 3590 3178 πάλιν,
3628 3114 3861 3185 ἀφανὴς

553 3216 749 3256 versus
777 3193 1189 3258 di'vinissimum
1213 3204 1443 3261 Paulum
1474 3208 1691 3263 insania
1725 3219 1893 3265 notus
1916 3210 2147 3266 exstitit.

2253 3212 2544 3284 ἄνθρωπος
2571 3211 2826 3282 πάμπαν,
2861 3211 2955 3265 καὶ
2984 3207 3422 3281 ἀνδραποδώδης,
3474 3209 3538 3261 ὲκ
3568 3205 3856 3285 τῆςοιατὰ

558 3292 742 3349 Semci
771 3309 992 3364 quoque
1020 3297 1061 3360 ³,
1090 3297 1256 3352 homo
1277 3298 1440 3368 plane
1463 3299 1755 3365 obscurus,
1787 3309 1843 3356 et
1870 3301 2148 3372 ignobilis,

2252 3300 2348 3355 τοῦ
2377 3301 2666 3355 θεσπεσίου
2697 3297 2862 3353 Δαϐὶδ
2889 3297 3231 3371 θρασύτητος
3271 3298 3708 3368 ὀνομαστότατος
3761 3295 3861 3366 γέ-

557 3391 788 3454 propter
821 3401 976 3440 suam
1016 3387 1285 3444 adversus
1323 3388 1574 3444 divinum
1610 3391 1872 3448 Davidem
1909 3392 2154 3448 insolen-

2252 3411 2397 3463 γονε.
2426 3392 2564 3448 Φασὶ
2585 3392 2641 3445 δὲ
2676 3392 2768 3446 καὶ
2793 3391 2885 3446 τὸν
2908 3391 3008 3460 τῆς
3027 3390 3377 3461 Μανιχαῖκῆς
3401 3388 3666 3460 αἱρέσεως
3693 3387 3866 3458 εὑρέ-

557 3477 690 3532 tiam
728 3479 1061 3536 celebratur.
1089 3481 1205 3536 lmo
1230 3489 1288 3537 et
1310 3483 1735 3539 Manichaeorum
1769 3485 2046 3541 hazrcseos
2067 3484 2154 3539 in-

2253 3503 2375 3558 την,
2442 3484 2736 3556 μαστιγίαν
2780 3483 2998 3554 οἰκέτην
3051 3481 3326 3552 γενέσθαι,
3377 3480 3473 3534 καὶ
3534 3475 3865 3549 φιλοτιμίας

556 3580 848 3628 vcntorem
879 3573 1067 3630 ferunt
1097 3575 1270 3631 fuisse
1296 3577 1656 3648 mancipium,
1694 3586 1751 3634 et
1776 3578 1965 3650 gloria:
1998 3579 2155 3649 cupi-

2257 3578 2421 3651 ἔρωτι
2442 3579 2542 3646 τὴν
2565 3577 2818 3650 μυσαράν
2841 3577 3056 3646 ἐκείνην
3080 3571 3861 3674 συγγράψασθαηθρησκείαζν.

560 3665 731 3721 ditate
773 3668 1062 3724 incensum
1089 3669 1486 3725 exsecrandam
1531 3671 1679 3725 illam
1702 3672 2152 3742 superstitionem

2257 3671 2428 3725 Τοῦτο
2461 3672 2554 3725 καὶ
2588 3670 2684 3726 νῦν
2730 3669 2901 3742 δρῶσί
2959 3685 3126 3731 τινες,
3180 3666 3274 3720 καὶ
3304 3665 3366 3718 τὸ
3396 3663 3726 3734 ἀξιέραστον
3758 3663 3867 3736 τῆς

560 3759 766 3815 litteris
794 3762 1172 3834 consignasse.
1203 3762 1320 3817 Hoc
1349 3763 1529 3833 ipsum
1563 3764 1818 3818 nonnulli
1846 3780 1996 3820 nunc
2017 3781 2156 3834 quo-

2256 3765 2457 3838 ἀρετῆς
2489 3763 2668 3827 κλέος,
2700 3762 2788 3816 διά
2809 3761 2935 3825 τοὺς
2965 3760 3172 3830 ταύτης
3205 3757 3546 3829 ἡγουμένους
3607 3756 3865 3827 ἀποδρά-

560 3867 669 3923 que
724 3853 937 3910 faciunt
987 3873 1000 3909 :
1044 3854 1140 3925 qui
1197 3855 1563 3925 expetendam
1618 3855 1843 3912 virtutis
1903 3857 2153 3927 gloriam,

2258 3875 2452 3922 σαντες
2496 3857 2714 3921 πόνους,
2763 3853 2860 3926 τὴν
2887 3852 3326 3921 δυσκλεεστάτην
3384 3849 3481 3902 καὶ
3528 3847 3871 3917 τρισαθλίαν

561 3956 789 4017 prepter
841 3948 1060 4003 labores
1097 3951 1114 3968 '
1151 3948 1246 4018 qui
1299 3948 1447 4003 illam
1490 3948 1814 4017 pnncedunt
1859 3949 2153 4020 fugientes,

2259 3952 2442 4022 σφίσιν
2477 3951 2660 4012 αὐτοῖς
2687 3947 3015 4019 ἐπορίσαντο
3054 3943 3434 4017 περιφάνειαν.
3475 3938 3704 3993 Καινῶν
3750 3939 3871 4011 γὰρ

558 4038 939 4106 turpissimam
982 4047 1040 4093 et
1080 4039 1453 4093 miserrimam
1487 4039 1590 4094 sibi
1627 4039 1828 4094 famam
1869 4055 2152 4109 peperere.

2259 4043 2544 4116 δογμάτων
2569 4041 2872 4112 προστάται
2893 4037 3145 4108 γενέσθαι
3174 4034 3530 4107 ποθήσαντες,
3553 4034 3616 4085 ἐκ
3641 4031 3874 4086 πολλῶν

565 4129 698 4184 Cum
740 4130 889 4185 enim
928 4145 1202 4186 novorum
1238 4131 1555 4203 dogmatum
1585 4131 1803 4202 patroni
1835 4148 1957 4188 esse
1987 4148 2156 4203 cupe-

2262 4138 2523 4208 αίρέσεων
2548 4134 2879 4206 ἠρανίσαντο
2916 4132 3016 4202 τὴν
3047 4129 3327 4191 ἀσέϐειαν,
3357 4127 3452 4180 καὶ
3476 4125 3578 4195 τὴν
3604 4124 3877 4196 ὀλέθριον

560 4231 706 4289 rent,
731 4240 800 4278 ex
833 4225 1022 4280 multis
1052 4224 1220 4280 sectis
1259 4225 1602 4296 impietatem
1638 4225 2078 4291 emcndicarunt,
2101 4235 2159 4282 et

2293 4229 2466 4299 αύτην
2495 4226 2801 4297 συνέθηκαν
2846 4223 3078 4295 αἵρεσιν.
3125 4217 3268 4290 Ἐγὼ
3321 4218 3378 4271 δὲ
3425 4216 3608 4277 αὐτοῖς
3643 4214 3905 4287 βραχέα

559 4315 704 4370 hanc
755 4316 1125 4387 perniciosam
1170 4316 1406 4372 haeresin
1464 4315 1795 4373 conﬂarunt.
1841 4316 1954 4386 Ego
1994 4317 2160 4388 igitur

2264 4320 2607 4392 διαλεχθῆναι
2639 4316 3001 4390 πειράσομαι,
3032 4312 3252 4382 καὶτῆς
3281 4307 3462 4364 αὐτῶν
3489 4305 3653 4377 χάριν
3701 4305 3879 4377 θερα-

561 4405 755 4474 paucis
803 4421 929 4459 cum
985 4407 1068 4460 eis
1116 4405 1394 4460 disserere
1442 4405 1708 4469 conabor,
1748 4411 1862 4459 tum
1916 4413 1977 4459 ut
2025 4407 2158 4477 ipsis

2262 4413 2442 4478 πείας,
2501 4410 2596 4464 καὶ
2627 4411 2726 4479 τῆς
2756 4407 2867 4461 τῶν
2897 4404 3255 4476 ὑγιαινόντων
3285 4401 3450 4452 ἕνεκα
3483 4397 3875 4466 προμηθείας.

561 4497 774 4568 aliquid
818 4497 1053 4552 remedii
1084 4497 1336 4561 afferam,
1371 4503 1487 4549 tum
1523 4505 1586 4550 ut
1619 4510 1716 4552 eos
1744 4497 1838 4568 qui
1876 4497 1996 4553 sani
2031 4507 2161 4554 sunt

2266 4508 2476 4576 ’Όνομα
2510 4503 2566 4556 δὲ
2601 4500 2998 4572 συγγράμματι
3027 4495 3128 4567 (2),
3173 4491 3552 4561 Ἐρανισττὶςν
3590 4485 3624 4556 ἦ
3663 4490 3881 4542 Πολύ-

563 4589 948 4662 ριτιιηιυηίειω.
1003 4588 1208 4657 Scripti
1255 4595 1441 4643 autem
1488 4603 1690 4644 nomen
1745 4601 1830 4647 est
1881 4591 2160 4648 Eranistes

2266 4609 2508 4661 μορφος.
2535 4595 2633 4647 Ἐκ
2665 4590 2877 4645 πολλῶν
2907 4588 3018 4657 γὰρ
3047 4583 3280 4639 ἀνοσίων
3305 4578 3613 4650 ἀνθρώπων
3673 4582 3881 4656 ἐρανι-

563 4696 662 4735 scu
690 4679 1081 4752 Polymorphus
1115 4678 1243 4748 (hoc
1265 4685 1352 4733 est
1377 4681 1734 4736 emendicator
1763 4682 1838 4754 (l)
1864 4699 1960 4740 seu
1984 4686 2161 4755 forma

2270 4689 2492 4758 σάμενοι
2521 4685 2590 4737 τὰ
2623 4682 2864 4750 δύστηνα
2892 4679 3164 4748 δόγματα,
3188 4674 3250 4727 τὸ
3279 4668 3525 4726 ποικίλον
3553 4667 3726 4722 τοῦτο
3777 4671 3885 4723 καὶ

566 4770 889 4842 multiplex).
924 4771 970 4826 A
1007 4769 1200 4824 multis
1239 4769 1391 4824 enim
1426 4770 1610 4842 impiis
1650 4773 1974 4829 hominibus
2008 4775 2163 4830 dete-

2268 4779 2616 4849 πολύμορφον
2661 4773 3000 4845 προφέρουσι
3027 4767 3306 4840 φρόνημα.
3340 4763 3412 4817 Τὸ
3447 4760 3546 4831 μὲν
3573 4758 3688 4830 γὰρ
3732 4760 3883 4815 Θεὸν

566 4864 760 4920 standa
805 4878 902 4919 sua
951 4863 1208 4934 dogmata
1249 4866 1681 4934 emendicantes,
1712 4868 1931 4923 varium
1970 4868 2076 4924 hoc
2106 4875 2163 4924 et

2273 4873 2428 4943 μόνον
2479 4868 2769 4939 ὀνομάζειν
2820 4865 2911 4918 τὸν
2962 4859 3244 4929 Δεσπότην
3298 4852 3556 4926 Χριστὸν,
3611 4851 3888 4943 Σίμωνός

565 4953 907 5011 multiforme
971 4964 1346 5011 commentum
1411 4959 1720 5029 proferunt.
1789 4957 1948 5026 Quod
2011 4957 2162 5013 enim

2272 4942 2406 5027 ian,
2463 4961 2559 5015 καί⁹
2609 4958 2914 5031 Κέρδωνος,
2973 4953 3070 5008 καὶ
3124 4947 3472 5021 Μαρκίωνος,
3513 4943 3607 4996 καὶ
3660 4942 3887 5012 ἄλλων,

565 5047 742 5102 Deum
770 5050 950 5103 solum
983 5047 1265 5104 Christum
1305 5051 1599 5106 Dominum
1639 5051 1950 5116 nominent,
1978 5051 2034 5105 id
2075 5050 2161 5106 Si-

2274 5056 2382 5111 όσοι
2421 5053 2518 5108 τοῦ
2562 5050 2810 5124 μυσαροῦ
2850 5047 3042 5102 τούτου
3097 5042 3386 5116 μετέχουσι
3439 5035 3889 5106 γειτονήματος.

568 5139 750 5194 monis
777 5139 1142 5207 ethrdonis,
1172 5143 1224 5214 3
1255 5149 1312 5199 et
1343 5143 1658 5208 Marcionis,
1693 5151 1749 5198 ct
1780 5143 2015 5197 aliorum
2051 5153 2160 5209 est,

2273 5151 2343 5204 Τὸ
2375 5150 2430 5202 δὲ
2465 5148 2564 5219 τὴν
2620 5150 2686 5201 ὲκ
2734 5143 3012 5215 Παρθένου
3069 5139 3168 5208 μὲν
3231 5134 3484 5204 γέννησιν
3536 5127 3888 5219 νόμολογεῖν,

481 5260 487 5267 -
569 5233 666 5302 qui
708 5234 1058 5290 exsecranda:
1101 5235 1235 5291 huic
1280 5236 1567 5291 sententiae
1598 5244 1728 5291 sunt
1755 5235 1965 5291 afﬁnes.
2004 5235 2096 5302 Qu<

2281 5218 2572 5310 παροδικὴν
2606 5235 2662 5290 δὲ
2687 5233 2893 5304 ταύτην
2924 5227 3181 5300 γενέσθαι
3221 5224 3423 5292 λέγειν,
3461 5218 3559 5274 καὶ
3587 5218 3776 5290 μηδὲν
3823 5223 3896 5276 ὲκ

642 5389 658 5420 ³
686 5388 732 5444 Il
767 5388 908 5445 Tim.
943 5407 1014 5458 ιν,
1050 5392 1136 5447 14.
1214 5396 1234 5428 ³
1265 5393 1312 5448 ll
1351 5393 1484 5463 Reg.
1522 5407 1630 5456 xw,
1681 5391 1715 5445 5
1752 5405 1906 5460 seqq.

641 5545 718 5619 (1)
747 5547 1148 5621 Emendicator.
1197 5548 1276 5601 Ita
1301 5539 1573 5621 l-lervetus
1605 5559 1801 5600 vocem
1838 5545 2162 5621 ‘Epgvtacﬁ;

2341 5543 2416 5614 (2)
2456 5559 2667 5621 enim.
2708 5541 2768 5621 l_n
2816 5540 3063 5621 editione
3102 5552 3254 5593 mere
3283 5536 3491 5621 Graeca,
3525 5549 3653 5616 quae.
3688 5535 3901 5617 llomae

567 5607 717 5673 τεάιέ
745 5616 1729 5694 ἱη,ιετρι·ειεξιιιξ-ςεξιο-ᾼιιῑὲ)ίεᾙξι,ρει
1904 5607 2157 5694 ζδοάαέὶὲὲ
2270 5607 2774 5694 ειιίμςῖλιείιτνιη-λ,
2800 5611 3027 5694 modiis.
3203 5607 3398 5694 "an?"
3421 5607 3733 5688 ιίρείοηεί,
3764 5625 3903 5682 quae

570 5689 841 5815 q£imhaliis
864 5682 1091 5759 placuit.
1132 5687 1255 5743 Vid.
1287 5687 1468 5743 Photii
1509 5682 1787 5753 Biblioth.,
1811 5702 1864 5758 p.
1906 5686 1994 5754 54,
2025 5685 2157 5742 edit.
2272 5703 2320 5741 a.
2350 5685 2504 5752 1591,
2535 5684 2590 5739 in
2625 5682 2676 5751 8,
2702 5697 2906 5739 excusa
2934 5689 3038 5748 est,
3072 5682 3427 5752 praemittitur
3455 5682 3550 5750 τῷ.

626 5768 682 5813 οι
726 5775 903 5831 omag.
1713 5776 1724 5784 -
