  <div class='ocr_page' id='page_1' title='image "/cluster/home/n/w/nwhite01/storage/ocr_20150623/83:no.4/coo.31924054869841/022.png"; bbox 0 0 4090 6442; ppageno 0'>
   <div class='ocr_carea' id='block_1_1' title="bbox 307 697 1928 773">
    <p class='ocr_par' dir='ltr' id='par_1_1' title="bbox 307 697 1928 773">
     <span class='ocr_line' id='line_1_1' title="bbox 307 697 1928 773; baseline -0.002 -18"><span class='ocrx_word' id='word_1_1' title='bbox 307 720 426 773; x_wconf 77' lang='grc' dir='ltr'><strong>ρων</strong></span> <span class='ocrx_word' id='word_1_2' title='bbox 451 701 860 773; x_wconf 84' lang='grc' dir='ltr'>τερατολογίας</span> <span class='ocrx_word' id='word_1_3' title='bbox 891 699 1186 769; x_wconf 83' lang='grc' dir='ltr'>ἐσύλησαν.</span> <span class='ocrx_word' id='word_1_4' title='bbox 1243 697 1320 750; x_wconf 80' lang='grc' dir='ltr'>Τὸ</span> <span class='ocrx_word' id='word_1_5' title='bbox 1352 697 1408 751; x_wconf 83' lang='grc' dir='ltr'><strong>δέ</strong></span> <span class='ocrx_word' id='word_1_6' title='bbox 1459 715 1523 766; x_wconf 89' lang='grc' dir='ltr'><strong>γε</strong></span> <span class='ocrx_word' id='word_1_7' title='bbox 1581 697 1708 768; x_wconf 84' lang='grc' dir='ltr'>μίαν</span> <span class='ocrx_word' id='word_1_8' title='bbox 1753 699 1928 767; x_wconf 66' lang='grc' dir='ltr'>«φύσιν</span> 
     </span>
    </p>
   </div>
   <div class='ocr_carea' id='block_1_2' title="bbox 306 783 1930 862">
    <p class='ocr_par' dir='ltr' id='par_1_2' title="bbox 306 783 1930 862">
     <span class='ocr_line' id='line_1_2' title="bbox 306 783 1930 862; baseline -0.001 -18"><span class='ocrx_word' id='word_1_9' title='bbox 306 793 624 845; x_wconf 74' lang='grc' dir='ltr'><strong>ἀποκαλεῖν</strong></span> <span class='ocrx_word' id='word_1_10' title='bbox 653 792 758 862; x_wconf 77' lang='grc' dir='ltr'><strong>τὴν</strong></span> <span class='ocrx_word' id='word_1_11' title='bbox 787 791 1026 858; x_wconf 80' lang='grc' dir='ltr'>θεότητα</span> <span class='ocrx_word' id='word_1_12' title='bbox 1066 788 1163 841; x_wconf 85' lang='grc' dir='ltr'><strong>τοῦ</strong></span> <span class='ocrx_word' id='word_1_13' title='bbox 1217 789 1491 843; x_wconf 87' lang='grc' dir='ltr'>Δεσπότου</span> <span class='ocrx_word' id='word_1_14' title='bbox 1543 789 1781 859; x_wconf 78' lang='grc' dir='ltr'><strong>Χριστοῦ</strong></span> <span class='ocrx_word' id='word_1_15' title='bbox 1837 783 1930 844; x_wconf 73' lang='grc' dir='ltr'><strong>καὶ</strong></span> 
     </span>
    </p>
   </div>
   <div class='ocr_carea' id='block_1_3' title="bbox 307 881 1930 956">
    <p class='ocr_par' dir='ltr' id='par_1_3' title="bbox 307 881 1930 956">
     <span class='ocr_line' id='line_1_3' title="bbox 307 881 1930 956; baseline 0 -21"><span class='ocrx_word' id='word_1_16' title='bbox 307 883 417 953; x_wconf 76' lang='grc' dir='ltr'>τὴν</span> <span class='ocrx_word' id='word_1_17' title='bbox 451 884 886 956; x_wconf 82' lang='grc' dir='ltr'>ἀνθρωπότητα,</span> <span class='ocrx_word' id='word_1_18' title='bbox 944 883 1010 934; x_wconf 73' lang='grc' dir='ltr'>ἐκ</span> <span class='ocrx_word' id='word_1_19' title='bbox 1053 881 1160 934; x_wconf 76' lang='grc' dir='ltr'><strong>τῶν</strong></span> <span class='ocrx_word' id='word_1_20' title='bbox 1205 881 1583 952; x_wconf 81' lang='grc' dir='ltr'>Ἀπολιναρίου</span> <span class='ocrx_word' id='word_1_21' title='bbox 1635 881 1930 952; x_wconf 82' lang='grc' dir='ltr'>φληνάφων</span> 
     </span>
    </p>
   </div>
   <div class='ocr_carea' id='block_1_4' title="bbox 313 969 1928 1045">
    <p class='ocr_par' dir='ltr' id='par_1_4' title="bbox 313 969 1928 1045">
     <span class='ocr_line' id='line_1_4' title="bbox 313 969 1928 1045; baseline -0.001 -16"><span class='ocrx_word' id='word_1_22' title='bbox 313 975 636 1045; x_wconf 70' lang='grc' dir='ltr'>ὕφείλοντο.</span> <span class='ocrx_word' id='word_1_23' title='bbox 689 975 865 1028; x_wconf 86' lang='grc' dir='ltr'>Πάλιν</span> <span class='ocrx_word' id='word_1_24' title='bbox 909 973 962 1026; x_wconf 68' lang='grc' dir='ltr'>δ’</span> <span class='ocrx_word' id='word_1_25' title='bbox 993 969 1084 1037; x_wconf 88' lang='grc' dir='ltr'><strong>αὗ,</strong></span> <span class='ocrx_word' id='word_1_26' title='bbox 1112 972 1175 1025; x_wconf 84' lang='grc' dir='ltr'><strong>τὸ</strong></span> <span class='ocrx_word' id='word_1_27' title='bbox 1205 977 1272 1044; x_wconf 81' lang='grc' dir='ltr'>τῇ</span> <span class='ocrx_word' id='word_1_28' title='bbox 1313 973 1528 1043; x_wconf 85' lang='grc' dir='ltr'>θεότητι</span> <span class='ocrx_word' id='word_1_29' title='bbox 1565 972 1660 1027; x_wconf 86' lang='grc' dir='ltr'><strong>τοῦ</strong></span> <span class='ocrx_word' id='word_1_30' title='bbox 1690 973 1928 1045; x_wconf 79' lang='grc' dir='ltr'>Χριστοῦ</span> 
     </span>
    </p>
   </div>
   <div class='ocr_carea' id='block_1_5' title="bbox 315 1065 1930 1138">
    <p class='ocr_par' dir='ltr' id='par_1_5' title="bbox 315 1065 1930 1138">
     <span class='ocr_line' id='line_1_5' title="bbox 315 1065 1930 1138; baseline 0.001 -18"><span class='ocrx_word' id='word_1_31' title='bbox 315 1070 685 1137; x_wconf 72' lang='grc' dir='ltr'>προσάπτειν</span> <span class='ocrx_word' id='word_1_32' title='bbox 725 1067 788 1121; x_wconf 85' lang='grc' dir='ltr'><strong>τδ</strong></span> <span class='ocrx_word' id='word_1_33' title='bbox 844 1065 1040 1130; x_wconf 82' lang='grc' dir='ltr'><strong>πάθος,</strong></span> <span class='ocrx_word' id='word_1_34' title='bbox 1071 1067 1138 1119; x_wconf 83' lang='grc' dir='ltr'>ἐκ</span> <span class='ocrx_word' id='word_1_35' title='bbox 1161 1065 1260 1136; x_wconf 83' lang='grc' dir='ltr'>τῆς</span> <span class='ocrx_word' id='word_1_36' title='bbox 1305 1067 1515 1136; x_wconf 83' lang='grc' dir='ltr'>Ἀρείου</span> <span class='ocrx_word' id='word_1_37' title='bbox 1542 1069 1638 1120; x_wconf 78' lang='grc' dir='ltr'><strong>καὶ</strong></span> <span class='ocrx_word' id='word_1_38' title='bbox 1662 1067 1930 1138; x_wconf 78' lang='grc' dir='ltr'>Εὐνομίαν</span> 
     </span>
    </p>
   </div>
   <div class='ocr_carea' id='block_1_6' title="bbox 321 1157 1930 1232">
    <p class='ocr_par' dir='ltr' id='par_1_6' title="bbox 321 1157 1930 1232">
     <span class='ocr_line' id='line_1_6' title="bbox 321 1157 1930 1232; baseline 0.001 -20"><span class='ocrx_word' id='word_1_39' title='bbox 321 1159 700 1230; x_wconf 77' lang='grc' dir='ltr'><strong>βλασφημίας</strong></span> <span class='ocrx_word' id='word_1_40' title='bbox 734 1157 1068 1227; x_wconf 80' lang='grc' dir='ltr'>κεκλόφασιν</span> <span class='ocrx_word' id='word_1_41' title='bbox 1091 1175 1106 1190; x_wconf 75' lang='grc' dir='ltr'><strong>ο</strong></span> <span class='ocrx_word' id='word_1_42' title='bbox 1139 1159 1216 1224; x_wconf 82' lang='grc' dir='ltr'><strong>ὡς</strong></span> <span class='ocrx_word' id='word_1_43' title='bbox 1241 1161 1477 1213; x_wconf 81' lang='grc' dir='ltr'>ἐοικέναι</span> <span class='ocrx_word' id='word_1_44' title='bbox 1507 1160 1664 1232; x_wconf 81' lang='grc' dir='ltr'>τήνδε</span> <span class='ocrx_word' id='word_1_45' title='bbox 1691 1160 1789 1232; x_wconf 87' lang='grc' dir='ltr'><strong>τὴν</strong></span> <span class='ocrx_word' id='word_1_46' title='bbox 1833 1162 1930 1232; x_wconf 84' lang='grc' dir='ltr'>ἀρ-</span> 
     </span>
    </p>
   </div>
   <div class='ocr_carea' id='block_1_7' title="bbox 321 1249 1932 1323">
    <p class='ocr_par' dir='ltr' id='par_1_7' title="bbox 321 1249 1932 1323">
     <span class='ocr_line' id='line_1_7' title="bbox 321 1249 1932 1323; baseline 0.001 -20"><span class='ocrx_word' id='word_1_47' title='bbox 321 1252 435 1320; x_wconf 73' lang='grc' dir='ltr'><strong>χὴν</strong></span> <span class='ocrx_word' id='word_1_48' title='bbox 459 1250 540 1320; x_wconf 72' lang='grc'><strong>(4)</strong></span> <span class='ocrx_word' id='word_1_49' title='bbox 563 1249 808 1319; x_wconf 84' lang='grc' dir='ltr'>ἀτεχνῶς</span> <span class='ocrx_word' id='word_1_50' title='bbox 830 1251 947 1312; x_wconf 89' lang='grc' dir='ltr'>τοῖς</span> <span class='ocrx_word' id='word_1_51' title='bbox 973 1249 1082 1304; x_wconf 80' lang='grc' dir='ltr'><strong>ὑπὸ</strong></span> <span class='ocrx_word' id='word_1_52' title='bbox 1105 1249 1214 1304; x_wconf 83' lang='grc' dir='ltr'><strong>τῶν</strong></span> <span class='ocrx_word' id='word_1_53' title='bbox 1235 1249 1548 1323; x_wconf 77' lang='grc' dir='ltr'>προσαιτῶν</span> <span class='ocrx_word' id='word_1_54' title='bbox 1569 1251 1632 1303; x_wconf 83' lang='grc' dir='ltr'><strong>ἐκ</strong></span> <span class='ocrx_word' id='word_1_55' title='bbox 1661 1251 1932 1320; x_wconf 84' lang='grc' dir='ltr'>διαφόρων</span> 
     </span>
    </p>
   </div>
   <div class='ocr_carea' id='block_1_8' title="bbox 327 1336 1935 1413">
    <p class='ocr_par' dir='ltr' id='par_1_8' title="bbox 327 1336 1935 1413">
     <span class='ocr_line' id='line_1_8' title="bbox 327 1336 1935 1413; baseline 0.001 -19"><span class='ocrx_word' id='word_1_56' title='bbox 327 1343 548 1413; x_wconf 77' lang='grc' dir='ltr'>ῥακίων</span> <span class='ocrx_word' id='word_1_57' title='bbox 567 1359 810 1396; x_wconf 78' lang='grc' dir='ltr'>συναπτο</span> <span class='ocrx_word' id='word_1_58' title='bbox 817 1341 1004 1413; x_wconf 89' lang='grc' dir='ltr'>μένοις</span> <span class='ocrx_word' id='word_1_59' title='bbox 1015 1343 1146 1413; x_wconf 84' lang='grc' dir='ltr'>ὲσθή</span> <span class='ocrx_word' id='word_1_60' title='bbox 1157 1359 1339 1412; x_wconf 81' lang='grc' dir='ltr'>μασιν.</span> <span class='ocrx_word' id='word_1_61' title='bbox 1358 1336 1432 1396; x_wconf 65' lang='lat' dir='ltr'><strong>Ob</strong></span> <span class='ocrx_word' id='word_1_62' title='bbox 1445 1341 1508 1412; x_wconf 88' lang='grc' dir='ltr'>δὴ</span> <span class='ocrx_word' id='word_1_63' title='bbox 1525 1342 1708 1412; x_wconf 84' lang='grc' dir='ltr'>χάριν,</span> <span class='ocrx_word' id='word_1_64' title='bbox 1725 1343 1935 1410; x_wconf 72' lang='grc' dir='ltr'>Ἐρανι-</span> 
     </span>
    </p>
   </div>
   <div class='ocr_carea' id='block_1_9' title="bbox 327 1432 1936 1505">
    <p class='ocr_par' dir='ltr' id='par_1_9' title="bbox 327 1432 1936 1505">
     <span class='ocr_line' id='line_1_9' title="bbox 327 1432 1936 1505; baseline 0.002 -23"><span class='ocrx_word' id='word_1_65' title='bbox 327 1446 408 1483; x_wconf 81' lang='grc' dir='ltr'><strong>στ</strong></span> <span class='ocrx_word' id='word_1_66' title='bbox 418 1433 566 1502; x_wconf 79' lang='grc' dir='ltr'>ὴν,ῆ</span> <span class='ocrx_word' id='word_1_67' title='bbox 582 1432 1006 1501; x_wconf 74' lang='grc' dir='ltr'>Πολύμορςρον,</span> <span class='ocrx_word' id='word_1_68' title='bbox 1023 1433 1143 1487; x_wconf 86' lang='grc' dir='ltr'>τόδε</span> <span class='ocrx_word' id='word_1_69' title='bbox 1167 1432 1562 1505; x_wconf 79' lang='grc' dir='ltr'>προσαγορεύω</span> <span class='ocrx_word' id='word_1_70' title='bbox 1574 1433 1634 1486; x_wconf 85' lang='grc' dir='ltr'>τὸ</span> <span class='ocrx_word' id='word_1_71' title='bbox 1655 1433 1936 1504; x_wconf 72' lang='grc' dir='ltr'>σύγγραμ-</span> 
     </span>
    </p>
   </div>
   <div class='ocr_carea' id='block_1_10' title="bbox 334 1526 1935 1599">
    <p class='ocr_par' dir='ltr' id='par_1_10' title="bbox 334 1526 1935 1599">
     <span class='ocr_line' id='line_1_10' title="bbox 334 1526 1935 1599; baseline 0.002 -22"><span class='ocrx_word' id='word_1_72' title='bbox 334 1542 439 1594; x_wconf 81' lang='grc' dir='ltr'>μα.</span> <span class='ocrx_word' id='word_1_73' title='bbox 475 1526 820 1594; x_wconf 84' lang='grc' dir='ltr'>Διαλογικῶς</span> <span class='ocrx_word' id='word_1_74' title='bbox 846 1526 924 1595; x_wconf 84' lang='lat'><strong>(5)</strong></span> <span class='ocrx_word' id='word_1_75' title='bbox 957 1526 1143 1596; x_wconf 87' lang='grc' dir='ltr'>μέντοι</span> <span class='ocrx_word' id='word_1_76' title='bbox 1170 1529 1198 1580; x_wconf 77' lang='grc' dir='ltr'>ὁ</span> <span class='ocrx_word' id='word_1_77' title='bbox 1231 1527 1388 1596; x_wconf 83' lang='grc' dir='ltr'><strong>λόγος</strong></span> <span class='ocrx_word' id='word_1_78' title='bbox 1411 1527 1765 1599; x_wconf 75' lang='grc' dir='ltr'>προϐήσεται,</span> <span class='ocrx_word' id='word_1_79' title='bbox 1794 1529 1935 1596; x_wconf 87' lang='grc' dir='ltr'>ἐρω-</span> 
     </span>
    </p>
   </div>
   <div class='ocr_carea' id='block_1_11' title="bbox 332 1617 1933 1690">
    <p class='ocr_par' dir='ltr' id='par_1_11' title="bbox 332 1617 1933 1690">
     <span class='ocr_line' id='line_1_11' title="bbox 332 1617 1933 1690; baseline 0.006 -23"><span class='ocrx_word' id='word_1_80' title='bbox 332 1617 405 1686; x_wconf 61' lang='lat' dir='ltr'><strong>cf;</strong></span> <span class='ocrx_word' id='word_1_81' title='bbox 414 1633 474 1669; x_wconf 90' lang='grc' dir='ltr'><strong>σε</strong></span> <span class='ocrx_word' id='word_1_82' title='bbox 484 1635 533 1681; x_wconf 88' lang='grc' dir='ltr'><strong>ις</strong></span> <span class='ocrx_word' id='word_1_83' title='bbox 549 1617 690 1687; x_wconf 80' lang='grc' dir='ltr'>ἔχων</span> <span class='ocrx_word' id='word_1_84' title='bbox 701 1617 798 1671; x_wconf 78' lang='grc' dir='ltr'>καὶ</span> <span class='ocrx_word' id='word_1_85' title='bbox 817 1618 1270 1690; x_wconf 74' lang='grc' dir='ltr'>ἀποκρίσεις,καὶ</span> <span class='ocrx_word' id='word_1_86' title='bbox 1285 1619 1597 1690; x_wconf 83' lang='grc' dir='ltr'>προτάσεις,</span> <span class='ocrx_word' id='word_1_87' title='bbox 1617 1619 1711 1674; x_wconf 75' lang='grc' dir='ltr'><strong>καὶ</strong></span> <span class='ocrx_word' id='word_1_88' title='bbox 1729 1618 1933 1685; x_wconf 76' lang='grc' dir='ltr'>λύσεις,</span> 
     </span>
    </p>
   </div>
   <div class='ocr_carea' id='block_1_12' title="bbox 337 1707 1937 1780">
    <p class='ocr_par' dir='ltr' id='par_1_12' title="bbox 337 1707 1937 1780">
     <span class='ocr_line' id='line_1_12' title="bbox 337 1707 1937 1780; baseline 0.003 -19"><span class='ocrx_word' id='word_1_89' title='bbox 337 1707 446 1761; x_wconf 73' lang='grc' dir='ltr'>καὶ</span> <span class='ocrx_word' id='word_1_90' title='bbox 482 1708 810 1774; x_wconf 80' lang='grc' dir='ltr'>ἀντιθέσεις,</span> <span class='ocrx_word' id='word_1_91' title='bbox 848 1711 946 1764; x_wconf 78' lang='grc' dir='ltr'><strong>καὶ</strong></span> <span class='ocrx_word' id='word_1_92' title='bbox 972 1710 1042 1765; x_wconf 86' lang='grc' dir='ltr'><strong>τά</strong></span> <span class='ocrx_word' id='word_1_93' title='bbox 1068 1711 1206 1765; x_wconf 78' lang='grc' dir='ltr'>ἄλλα</span> <span class='ocrx_word' id='word_1_94' title='bbox 1229 1712 1332 1765; x_wconf 85' lang='grc' dir='ltr'>ὃσα</span> <span class='ocrx_word' id='word_1_95' title='bbox 1367 1711 1462 1764; x_wconf 85' lang='grc' dir='ltr'><strong>τοῦ</strong></span> <span class='ocrx_word' id='word_1_96' title='bbox 1486 1711 1799 1780; x_wconf 84' lang='grc' dir='ltr'>διαλογικοῦ</span> <span class='ocrx_word' id='word_1_97' title='bbox 1829 1710 1937 1766; x_wconf 85' lang='grc' dir='ltr'>ίδια</span> 
     </span>
    </p>
   </div>
   <div class='ocr_carea' id='block_1_13' title="bbox 342 1803 1942 1878">
    <p class='ocr_par' dir='ltr' id='par_1_13' title="bbox 342 1803 1942 1878">
     <span class='ocr_line' id='line_1_13' title="bbox 342 1803 1942 1878; baseline 0.003 -25"><span class='ocrx_word' id='word_1_98' title='bbox 342 1803 721 1874; x_wconf 82' lang='grc' dir='ltr'>χαρακτῆρος.</span> <span class='ocrx_word' id='word_1_99' title='bbox 754 1803 837 1857; x_wconf 80' lang='grc' dir='ltr'>Τὰ</span> <span class='ocrx_word' id='word_1_100' title='bbox 864 1804 921 1858; x_wconf 87' lang='grc' dir='ltr'><strong>δέ</strong></span> <span class='ocrx_word' id='word_1_101' title='bbox 956 1821 1021 1873; x_wconf 83' lang='grc' dir='ltr'><strong>γε</strong></span> <span class='ocrx_word' id='word_1_102' title='bbox 1052 1805 1164 1859; x_wconf 83' lang='grc' dir='ltr'>τῶν</span> <span class='ocrx_word' id='word_1_103' title='bbox 1193 1804 1524 1877; x_wconf 75' lang='grc' dir='ltr'>ἐρωτώντων</span> <span class='ocrx_word' id='word_1_104' title='bbox 1571 1806 1667 1859; x_wconf 76' lang='grc' dir='ltr'><strong>καὶ</strong></span> <span class='ocrx_word' id='word_1_105' title='bbox 1709 1807 1942 1878; x_wconf 81' lang='grc' dir='ltr'>ἀποκρι-</span> 
     </span>
    </p>
   </div>
   <div class='ocr_carea' id='block_1_14' title="bbox 344 1896 1938 1968">
    <p class='ocr_par' dir='ltr' id='par_1_14' title="bbox 344 1896 1938 1968">
     <span class='ocr_line' id='line_1_14' title="bbox 344 1896 1938 1968; baseline 0.001 -18"><span class='ocrx_word' id='word_1_106' title='bbox 344 1897 595 1965; x_wconf 81' lang='grc' dir='ltr'>νομένων</span> <span class='ocrx_word' id='word_1_107' title='bbox 621 1898 887 1968; x_wconf 83' lang='grc' dir='ltr'>όνόματα,</span> <span class='ocrx_word' id='word_1_108' title='bbox 915 1897 976 1950; x_wconf 83' lang='grc' dir='ltr'>οὐ</span> <span class='ocrx_word' id='word_1_109' title='bbox 1004 1897 1082 1968; x_wconf 86' lang='grc' dir='ltr'>τῷ</span> <span class='ocrx_word' id='word_1_110' title='bbox 1114 1896 1328 1968; x_wconf 85' lang='grc' dir='ltr'>σώματι</span> <span class='ocrx_word' id='word_1_111' title='bbox 1356 1897 1451 1951; x_wconf 85' lang='grc' dir='ltr'><strong>τοῦ</strong></span> <span class='ocrx_word' id='word_1_112' title='bbox 1478 1898 1638 1968; x_wconf 86' lang='grc' dir='ltr'>λόγου</span> <span class='ocrx_word' id='word_1_113' title='bbox 1672 1898 1938 1963; x_wconf 83' lang='grc' dir='ltr'>συντάξω,</span> 
     </span>
    </p>
   </div>
   <div class='ocr_carea' id='block_1_15' title="bbox 339 1987 1946 2060">
    <p class='ocr_par' dir='ltr' id='par_1_15' title="bbox 339 1987 1946 2060">
     <span class='ocr_line' id='line_1_15' title="bbox 339 1987 1946 2060; baseline 0.002 -19"><span class='ocrx_word' id='word_1_114' title='bbox 339 1987 607 2058; x_wconf 83' lang='grc' dir='ltr'>καθάπερ</span> <span class='ocrx_word' id='word_1_115' title='bbox 633 1989 692 2041; x_wconf 78' lang='grc' dir='ltr'>οἱ</span> <span class='ocrx_word' id='word_1_116' title='bbox 720 1987 888 2041; x_wconf 86' lang='grc' dir='ltr'>πάλαι</span> <span class='ocrx_word' id='word_1_117' title='bbox 920 1988 1032 2042; x_wconf 85' lang='grc' dir='ltr'>τῶν</span> <span class='ocrx_word' id='word_1_118' title='bbox 1073 1987 1351 2060; x_wconf 84' lang='grc' dir='ltr'>Ἑλλήνων</span> <span class='ocrx_word' id='word_1_119' title='bbox 1379 1990 1554 2060; x_wconf 73' lang='grc' dir='ltr'>σοφοὶ,</span> <span class='ocrx_word' id='word_1_120' title='bbox 1604 1989 1720 2044; x_wconf 88' lang='grc' dir='ltr'>ἀλλ’</span> <span class='ocrx_word' id='word_1_121' title='bbox 1743 1989 1946 2055; x_wconf 81' lang='grc' dir='ltr'>ἔξωθεν</span> 
     </span>
    </p>
   </div>
   <div class='ocr_carea' id='block_1_16' title="bbox 341 2078 1943 2152">
    <p class='ocr_par' dir='ltr' id='par_1_16' title="bbox 341 2078 1943 2152">
     <span class='ocr_line' id='line_1_16' title="bbox 341 2078 1943 2152; baseline 0.003 -22"><span class='ocrx_word' id='word_1_122' title='bbox 341 2078 706 2151; x_wconf 72' lang='grc' dir='ltr'>παραγράψω</span> <span class='ocrx_word' id='word_1_123' title='bbox 755 2081 879 2144; x_wconf 75' lang='grc' dir='ltr'>ταῖς</span> <span class='ocrx_word' id='word_1_124' title='bbox 926 2080 1037 2132; x_wconf 83' lang='grc' dir='ltr'>τῶν</span> <span class='ocrx_word' id='word_1_125' title='bbox 1088 2081 1288 2150; x_wconf 83' lang='grc' dir='ltr'>στίχων</span> <span class='ocrx_word' id='word_1_126' title='bbox 1319 2081 1536 2152; x_wconf 85' lang='grc' dir='ltr'>ἀρχαῖς.</span> <span class='ocrx_word' id='word_1_127' title='bbox 1579 2082 1807 2135; x_wconf 83' lang='grc' dir='ltr'>Ἐκεῖνοι</span> <span class='ocrx_word' id='word_1_128' title='bbox 1845 2082 1943 2152; x_wconf 86' lang='grc' dir='ltr'>μὲν</span> 
     </span>
    </p>
   </div>
   <div class='ocr_carea' id='block_1_17' title="bbox 341 2168 1946 2243">
    <p class='ocr_par' dir='ltr' id='par_1_17' title="bbox 341 2168 1946 2243">
     <span class='ocr_line' id='line_1_17' title="bbox 341 2168 1946 2243; baseline 0.001 -20"><span class='ocrx_word' id='word_1_129' title='bbox 341 2171 461 2242; x_wconf 79' lang='grc' dir='ltr'><strong>γάρ</strong></span> <span class='ocrx_word' id='word_1_130' title='bbox 490 2173 608 2234; x_wconf 83' lang='grc' dir='ltr'>τοῖς</span> <span class='ocrx_word' id='word_1_131' title='bbox 634 2170 724 2225; x_wconf 79' lang='grc' dir='ltr'><strong>διὰ</strong></span> <span class='ocrx_word' id='word_1_132' title='bbox 755 2170 1108 2241; x_wconf 83' lang='grc' dir='ltr'>παντοδαπῆς</span> <span class='ocrx_word' id='word_1_133' title='bbox 1138 2172 1404 2243; x_wconf 77' lang='grc' dir='ltr'>ἠγμένοις</span> <span class='ocrx_word' id='word_1_134' title='bbox 1429 2171 1702 2236; x_wconf 84' lang='grc' dir='ltr'>παιδείας,</span> <span class='ocrx_word' id='word_1_135' title='bbox 1744 2171 1838 2226; x_wconf 72' lang='grc' dir='ltr'>καὶ</span> <span class='ocrx_word' id='word_1_136' title='bbox 1863 2168 1946 2237; x_wconf 78' lang='grc' dir='ltr'>οἷς</span> 
     </span>
    </p>
   </div>
   <div class='ocr_carea' id='block_1_18' title="bbox 341 2260 1946 2335">
    <p class='ocr_par' dir='ltr' id='par_1_18' title="bbox 341 2260 1946 2335">
     <span class='ocr_line' id='line_1_18' title="bbox 341 2260 1946 2335; baseline 0.001 -20"><span class='ocrx_word' id='word_1_137' title='bbox 341 2263 466 2333; x_wconf 79' lang='grc' dir='ltr'>βίος</span> <span class='ocrx_word' id='word_1_138' title='bbox 491 2265 521 2317; x_wconf 85' lang='grc' dir='ltr'>ὁ</span> <span class='ocrx_word' id='word_1_139' title='bbox 549 2262 730 2332; x_wconf 81' lang='grc' dir='ltr'>λόγος,</span> <span class='ocrx_word' id='word_1_140' title='bbox 761 2262 1110 2335; x_wconf 80' lang='grc' dir='ltr'>προσέφερον</span> <span class='ocrx_word' id='word_1_141' title='bbox 1142 2261 1213 2316; x_wconf 83' lang='grc' dir='ltr'>τὰ</span> <span class='ocrx_word' id='word_1_142' title='bbox 1258 2261 1692 2333; x_wconf 77' lang='grc' dir='ltr'>συγγράμματαο</span> <span class='ocrx_word' id='word_1_143' title='bbox 1734 2260 1846 2331; x_wconf 82' lang='grc' dir='ltr'><strong>ἐγὼ</strong></span> <span class='ocrx_word' id='word_1_144' title='bbox 1887 2263 1946 2317; x_wconf 86' lang='grc' dir='ltr'>δὲ</span> 
     </span>
    </p>
   </div>
   <div class='ocr_carea' id='block_1_19' title="bbox 337 2351 1946 2426">
    <p class='ocr_par' dir='ltr' id='par_1_19' title="bbox 337 2351 1946 2426">
     <span class='ocr_line' id='line_1_19' title="bbox 337 2351 1946 2426; baseline -0.001 -17"><span class='ocrx_word' id='word_1_145' title='bbox 337 2356 441 2409; x_wconf 68' lang='grc' dir='ltr'><strong>καὶ</strong></span> <span class='ocrx_word' id='word_1_146' title='bbox 469 2357 590 2419; x_wconf 87' lang='grc' dir='ltr'>τοῖς</span> <span class='ocrx_word' id='word_1_147' title='bbox 619 2354 801 2424; x_wconf 89' lang='grc' dir='ltr'>λόγων</span> <span class='ocrx_word' id='word_1_148' title='bbox 831 2355 1105 2426; x_wconf 82' lang='grc' dir='ltr'>ἀμυήτοις</span> <span class='ocrx_word' id='word_1_149' title='bbox 1131 2353 1464 2409; x_wconf 78' lang='grc' dir='ltr'>εὐσύνοπτον</span> <span class='ocrx_word' id='word_1_150' title='bbox 1509 2351 1650 2407; x_wconf 82' lang='grc' dir='ltr'>εἶναι</span> <span class='ocrx_word' id='word_1_151' title='bbox 1686 2353 1946 2426; x_wconf 83' lang='grc' dir='ltr'>βούλομαι</span> 
     </span>
    </p>
   </div>
   <div class='ocr_carea' id='block_1_20' title="bbox 338 2443 2001 2520">
    <p class='ocr_par' dir='ltr' id='par_1_20' title="bbox 338 2443 2001 2520">
     <span class='ocr_line' id='line_1_20' title="bbox 338 2443 2001 2520; baseline -0.002 -18"><span class='ocrx_word' id='word_1_152' title='bbox 338 2449 447 2520; x_wconf 75' lang='grc' dir='ltr'>τὴν</span> <span class='ocrx_word' id='word_1_153' title='bbox 476 2449 812 2516; x_wconf 82' lang='grc' dir='ltr'>ἀνάγνωσιν,</span> <span class='ocrx_word' id='word_1_154' title='bbox 843 2446 941 2500; x_wconf 75' lang='grc' dir='ltr'>καὶ</span> <span class='ocrx_word' id='word_1_155' title='bbox 964 2447 1064 2518; x_wconf 76' lang='grc' dir='ltr'>τῆς</span> <span class='ocrx_word' id='word_1_156' title='bbox 1087 2444 1356 2517; x_wconf 81' lang='grc' dir='ltr'>ὠφελείας</span> <span class='ocrx_word' id='word_1_157' title='bbox 1383 2444 1480 2518; x_wconf 82' lang='grc' dir='ltr'>τὴν</span> <span class='ocrx_word' id='word_1_158' title='bbox 1504 2443 1948 2517; x_wconf 77' lang='grc' dir='ltr'>εὖρεσιν.Ἕσται</span> <span class='ocrx_word' id='word_1_159' title='bbox 1993 2471 2001 2478; x_wconf 92' lang='grc'>·</span> 
     </span>
    </p>
   </div>
   <div class='ocr_carea' id='block_1_21' title="bbox 340 2537 1948 2612">
    <p class='ocr_par' dir='ltr' id='par_1_21' title="bbox 340 2537 1948 2612">
     <span class='ocr_line' id='line_1_21' title="bbox 340 2537 1948 2612; baseline -0.003 -17"><span class='ocrx_word' id='word_1_160' title='bbox 340 2542 404 2595; x_wconf 71' lang='grc' dir='ltr'>δὲ</span> <span class='ocrx_word' id='word_1_161' title='bbox 438 2539 625 2604; x_wconf 87' lang='grc' dir='ltr'>τοῦτο,</span> <span class='ocrx_word' id='word_1_162' title='bbox 655 2540 836 2612; x_wconf 84' lang='grc' dir='ltr'>δήλων</span> <span class='ocrx_word' id='word_1_163' title='bbox 863 2539 1171 2611; x_wconf 84' lang='grc' dir='ltr'>γινομένων</span> <span class='ocrx_word' id='word_1_164' title='bbox 1199 2538 1310 2592; x_wconf 83' lang='grc' dir='ltr'><strong>τῶν</strong></span> <span class='ocrx_word' id='word_1_165' title='bbox 1346 2537 1748 2609; x_wconf 82' lang='grc' dir='ltr'>διαλεγομένων</span> <span class='ocrx_word' id='word_1_166' title='bbox 1776 2555 1948 2609; x_wconf 87' lang='grc' dir='ltr'>προσ-</span> 
     </span>
    </p>
   </div>
   <div class='ocr_carea' id='block_1_22' title="bbox 342 2628 1947 2703">
    <p class='ocr_par' dir='ltr' id='par_1_22' title="bbox 342 2628 1947 2703">
     <span class='ocr_line' id='line_1_22' title="bbox 342 2628 1947 2703; baseline -0.002 -17"><span class='ocrx_word' id='word_1_167' title='bbox 342 2634 518 2686; x_wconf 77' lang='grc' dir='ltr'>ώπων</span> <span class='ocrx_word' id='word_1_168' title='bbox 548 2635 617 2686; x_wconf 81' lang='grc' dir='ltr'><strong>ὲκ</strong></span> <span class='ocrx_word' id='word_1_169' title='bbox 641 2632 756 2686; x_wconf 85' lang='grc' dir='ltr'>τῶν</span> <span class='ocrx_word' id='word_1_170' title='bbox 788 2630 1349 2703; x_wconf 81' lang='grc' dir='ltr'>παραγεγραμμένων</span> <span class='ocrx_word' id='word_1_171' title='bbox 1395 2628 1596 2695; x_wconf 75' lang='grc' dir='ltr'>ἔξωθεν</span> <span class='ocrx_word' id='word_1_172' title='bbox 1643 2629 1947 2700; x_wconf 82' lang='grc' dir='ltr'>ὀνομάτων.</span> 
     </span>
    </p>
   </div>
   <div class='ocr_carea' id='block_1_23' title="bbox 341 2721 1951 2796">
    <p class='ocr_par' dir='ltr' id='par_1_23' title="bbox 341 2721 1951 2796">
     <span class='ocr_line' id='line_1_23' title="bbox 341 2721 1951 2796; baseline -0.004 -17"><span class='ocrx_word' id='word_1_173' title='bbox 341 2726 464 2779; x_wconf 70' lang='grc' dir='ltr'><strong>Καὶ</strong></span> <span class='ocrx_word' id='word_1_174' title='bbox 508 2725 591 2796; x_wconf 79' lang='grc' dir='ltr'>τῷ</span> <span class='ocrx_word' id='word_1_175' title='bbox 637 2725 740 2796; x_wconf 79' lang='grc' dir='ltr'>μὲν</span> <span class='ocrx_word' id='word_1_176' title='bbox 773 2724 917 2796; x_wconf 73' lang='grc' dir='ltr'>ὑπὲρ</span> <span class='ocrx_word' id='word_1_177' title='bbox 971 2723 1080 2778; x_wconf 80' lang='grc' dir='ltr'>τῶν</span> <span class='ocrx_word' id='word_1_178' title='bbox 1130 2721 1506 2778; x_wconf 83' lang='grc' dir='ltr'>ἀποστολικῶν</span> <span class='ocrx_word' id='word_1_179' title='bbox 1561 2721 1951 2792; x_wconf 83' lang='grc' dir='ltr'>ἀγωνιζομένῳ</span> 
     </span>
    </p>
   </div>
   <div class='ocr_carea' id='block_1_24' title="bbox 343 2814 1954 2889">
    <p class='ocr_par' dir='ltr' id='par_1_24' title="bbox 343 2814 1954 2889">
     <span class='ocr_line' id='line_1_24' title="bbox 343 2814 1954 2889; baseline -0.004 -16"><span class='ocrx_word' id='word_1_180' title='bbox 343 2819 668 2889; x_wconf 79' lang='grc' dir='ltr'>δογμάτων,</span> <span class='ocrx_word' id='word_1_181' title='bbox 705 2817 1051 2886; x_wconf 78' lang='grc' dir='ltr'>Ὀρθόδοεος</span> <span class='ocrx_word' id='word_1_182' title='bbox 1078 2815 1273 2887; x_wconf 68' lang='grc' dir='ltr'>ὄνομα·</span> <span class='ocrx_word' id='word_1_183' title='bbox 1303 2815 1333 2869; x_wconf 83' lang='grc' dir='ltr'><strong>ό</strong></span> <span class='ocrx_word' id='word_1_184' title='bbox 1379 2814 1438 2868; x_wconf 83' lang='grc' dir='ltr'>δὲ</span> <span class='ocrx_word' id='word_1_185' title='bbox 1463 2814 1675 2886; x_wconf 70' lang='grc' dir='ltr'>ἕτερος,</span> <span class='ocrx_word' id='word_1_186' title='bbox 1720 2814 1954 2881; x_wconf 77' lang='grc' dir='ltr'>Ἐρανι-</span> 
     </span>
    </p>
   </div>
   <div class='ocr_carea' id='block_1_25' title="bbox 347 2899 1952 2981">
    <p class='ocr_par' dir='ltr' id='par_1_25' title="bbox 347 2899 1952 2981">
     <span class='ocr_line' id='line_1_25' title="bbox 347 2899 1952 2981; baseline -0.004 -16"><span class='ocrx_word' id='word_1_187' title='bbox 347 2910 513 2978; x_wconf 80' lang='grc' dir='ltr'>στής</span> <span class='ocrx_word' id='word_1_188' title='bbox 557 2906 908 2981; x_wconf 78' lang='grc' dir='ltr'>ὀνομάζεται.</span> <span class='ocrx_word' id='word_1_189' title='bbox 942 2908 1157 2978; x_wconf 82' lang='grc' dir='ltr'>Ὥσπερ</span> <span class='ocrx_word' id='word_1_190' title='bbox 1211 2905 1321 2976; x_wconf 85' lang='grc' dir='ltr'>γὰρ</span> <span class='ocrx_word' id='word_1_191' title='bbox 1381 2903 1474 2959; x_wconf 75' lang='grc' dir='ltr'><strong>τὸν</strong></span> <span class='ocrx_word' id='word_1_192' title='bbox 1531 2904 1686 2976; x_wconf 82' lang='grc' dir='ltr'>παρὰ</span> <span class='ocrx_word' id='word_1_193' title='bbox 1740 2899 1952 2958; x_wconf 83' lang='grc' dir='ltr'>πολλῶν</span> 
     </span>
    </p>
   </div>
   <div class='ocr_carea' id='block_1_26' title="bbox 348 2993 1954 3074">
    <p class='ocr_par' dir='ltr' id='par_1_26' title="bbox 348 2993 1954 3074">
     <span class='ocr_line' id='line_1_26' title="bbox 348 2993 1954 3074; baseline -0.007 -16"><span class='ocrx_word' id='word_1_194' title='bbox 348 3003 494 3074; x_wconf 75' lang='grc' dir='ltr'>ἐλέῳ</span> <span class='ocrx_word' id='word_1_195' title='bbox 514 3001 859 3072; x_wconf 76' lang='grc' dir='ltr'>τρεφόμενον</span> <span class='ocrx_word' id='word_1_196' title='bbox 887 2997 1192 3071; x_wconf 85' lang='grc' dir='ltr'>προσαίτην</span> <span class='ocrx_word' id='word_1_197' title='bbox 1216 2996 1506 3065; x_wconf 81' lang='grc' dir='ltr'>ὀνομάζειν</span> <span class='ocrx_word' id='word_1_198' title='bbox 1534 2994 1829 3064; x_wconf 83' lang='grc' dir='ltr'>εἰώθαμεν,</span> <span class='ocrx_word' id='word_1_199' title='bbox 1858 2993 1954 3049; x_wconf 73' lang='grc' dir='ltr'><strong>καὶ</strong></span> 
     </span>
    </p>
   </div>
   <div class='ocr_carea' id='block_1_27' title="bbox 347 3086 2001 3167">
    <p class='ocr_par' dir='ltr' id='par_1_27' title="bbox 347 3086 2001 3167">
     <span class='ocr_line' id='line_1_27' title="bbox 347 3086 2001 3167; baseline -0.005 -21"><span class='ocrx_word' id='word_1_200' title='bbox 347 3093 746 3167; x_wconf 81' lang='grc' dir='ltr'>χρηματιστὴν</span> <span class='ocrx_word' id='word_1_201' title='bbox 797 3090 890 3144; x_wconf 80' lang='grc' dir='ltr'><strong>τὸν</strong></span> <span class='ocrx_word' id='word_1_202' title='bbox 943 3089 1225 3158; x_wconf 86' lang='grc' dir='ltr'>συλλέγειν</span> <span class='ocrx_word' id='word_1_203' title='bbox 1278 3087 1643 3156; x_wconf 87' lang='grc' dir='ltr'>ἐπιστάμενον</span> <span class='ocrx_word' id='word_1_204' title='bbox 1668 3086 1950 3157; x_wconf 73' lang='grc' dir='ltr'>χρήματαο</span> <span class='ocrx_word' id='word_1_205' title='bbox 1993 3087 2001 3093; x_wconf 80' lang='grc'><strong>”</strong></span> 
     </span>
    </p>
   </div>
   <div class='ocr_carea' id='block_1_28' title="bbox 1981 3163 3659 3251">
    <p class='ocr_par' dir='ltr' id='par_1_28' title="bbox 1981 3163 3659 3251">
     <span class='ocr_line' id='line_1_28' title="bbox 1981 3163 3659 3251; baseline -0.011 -19"><span class='ocrx_word' id='word_1_206' title='bbox 1981 3191 2026 3251; x_wconf 73' lang='lat' dir='ltr'>c</span> <span class='ocrx_word' id='word_1_207' title='bbox 2062 3175 2339 3246; x_wconf 87' lang='lat' dir='ltr'><strong>appellare</strong></span> <span class='ocrx_word' id='word_1_208' title='bbox 2371 3171 2683 3227; x_wconf 87' lang='lat' dir='ltr'><strong>mendicum</strong></span> <span class='ocrx_word' id='word_1_209' title='bbox 2721 3169 2982 3231; x_wconf 87' lang='lat' dir='ltr'><strong>solemus,</strong></span> <span class='ocrx_word' id='word_1_210' title='bbox 3009 3173 3066 3219; x_wconf 92' lang='lat' dir='ltr'><strong>et</strong></span> <span class='ocrx_word' id='word_1_211' title='bbox 3093 3163 3489 3235; x_wconf 88' lang='lat' dir='ltr'><strong>negotiatorem</strong></span> <span class='ocrx_word' id='word_1_212' title='bbox 3518 3176 3659 3217; x_wconf 49' lang='lat' dir='ltr'><strong>eum.</strong></span> 
     </span>
    </p>
   </div>
   <div class='ocr_carea' id='block_1_29' title="bbox 347 3175 1953 3257">
    <p class='ocr_par' dir='ltr' id='par_1_29' title="bbox 347 3175 1953 3257">
     <span class='ocr_line' id='line_1_29' title="bbox 347 3175 1953 3257; baseline -0.007 -15"><span class='ocrx_word' id='word_1_213' title='bbox 347 3187 500 3242; x_wconf 72' lang='grc' dir='ltr'>οὕτω</span> <span class='ocrx_word' id='word_1_214' title='bbox 529 3185 596 3257; x_wconf 81' lang='grc' dir='ltr'>δὴ</span> <span class='ocrx_word' id='word_1_215' title='bbox 634 3185 732 3239; x_wconf 74' lang='grc' dir='ltr'><strong>καὶ</strong></span> <span class='ocrx_word' id='word_1_216' title='bbox 780 3183 972 3237; x_wconf 78' lang='grc' dir='ltr'>τούτου</span> <span class='ocrx_word' id='word_1_217' title='bbox 1025 3181 1182 3252; x_wconf 82' lang='grc' dir='ltr'>τήνδε</span> <span class='ocrx_word' id='word_1_218' title='bbox 1238 3182 1340 3253; x_wconf 74' lang='grc' dir='ltr'>τὴν</span> <span class='ocrx_word' id='word_1_219' title='bbox 1398 3178 1714 3250; x_wconf 78' lang='grc' dir='ltr'>ἐπωνυμίαν</span> <span class='ocrx_word' id='word_1_220' title='bbox 1747 3175 1813 3232; x_wconf 75' lang='grc' dir='ltr'><strong>ἐκ</strong></span> <span class='ocrx_word' id='word_1_221' title='bbox 1845 3176 1953 3231; x_wconf 85' lang='grc' dir='ltr'><strong>τῶν</strong></span> 
     </span>
    </p>
   </div>
   <div class='ocr_carea' id='block_1_30' title="bbox 351 3269 1957 3350">
    <p class='ocr_par' dir='ltr' id='par_1_30' title="bbox 351 3269 1957 3350">
     <span class='ocr_line' id='line_1_30' title="bbox 351 3269 1957 3350; baseline -0.007 -16"><span class='ocrx_word' id='word_1_222' title='bbox 351 3277 816 3350; x_wconf 65' lang='grc' dir='ltr'>ἐπιτηδευμάτων</span> <span class='ocrx_word' id='word_1_223' title='bbox 845 3275 1194 3346; x_wconf 84' lang='grc' dir='ltr'>τεθείκαμεν.</span> <span class='ocrx_word' id='word_1_224' title='bbox 1229 3274 1393 3339; x_wconf 75' lang='grc' dir='ltr'><strong>Ἀξιῶ</strong></span> <span class='ocrx_word' id='word_1_225' title='bbox 1419 3272 1479 3326; x_wconf 81' lang='grc' dir='ltr'>δὲ</span> <span class='ocrx_word' id='word_1_226' title='bbox 1529 3273 1657 3335; x_wconf 83' lang='grc' dir='ltr'>τοὺς</span> <span class='ocrx_word' id='word_1_227' title='bbox 1708 3269 1957 3336; x_wconf 78' lang='grc' dir='ltr'>ἐντευξο-</span> 
     </span>
    </p>
   </div>
   <div class='ocr_carea' id='block_1_31' title="bbox 355 3360 1956 3438">
    <p class='ocr_par' dir='ltr' id='par_1_31' title="bbox 355 3360 1956 3438">
     <span class='ocr_line' id='line_1_31' title="bbox 355 3360 1956 3438; baseline -0.003 -20"><span class='ocrx_word' id='word_1_228' title='bbox 355 3369 583 3438; x_wconf 65' lang='grc' dir='ltr'>μένους,</span> <span class='ocrx_word' id='word_1_229' title='bbox 651 3367 840 3438; x_wconf 85' lang='grc' dir='ltr'>πάσης</span> <span class='ocrx_word' id='word_1_230' title='bbox 890 3364 1216 3438; x_wconf 75' lang='grc' dir='ltr'>προλήψεως</span> <span class='ocrx_word' id='word_1_231' title='bbox 1277 3364 1403 3436; x_wconf 87' lang='grc' dir='ltr'>δίχα</span> <span class='ocrx_word' id='word_1_232' title='bbox 1469 3361 1802 3434; x_wconf 85' lang='grc' dir='ltr'>ποιήσασθαι</span> <span class='ocrx_word' id='word_1_233' title='bbox 1854 3360 1956 3431; x_wconf 84' lang='grc' dir='ltr'>τῆς</span> 
     </span>
    </p>
   </div>
   <div class='ocr_carea' id='block_1_32' title="bbox 355 3453 1958 3532">
    <p class='ocr_par' dir='ltr' id='par_1_32' title="bbox 355 3453 1958 3532">
     <span class='ocr_line' id='line_1_32' title="bbox 355 3453 1958 3532; baseline -0.007 -17"><span class='ocrx_word' id='word_1_234' title='bbox 355 3461 634 3531; x_wconf 85' lang='grc' dir='ltr'>ἀληθείας</span> <span class='ocrx_word' id='word_1_235' title='bbox 683 3459 785 3532; x_wconf 82' lang='grc' dir='ltr'><strong>τὴν</strong></span> <span class='ocrx_word' id='word_1_236' title='bbox 841 3458 1096 3529; x_wconf 84' lang='grc' dir='ltr'>βάσανον.</span> <span class='ocrx_word' id='word_1_237' title='bbox 1151 3457 1263 3511; x_wconf 72' lang='grc' dir='ltr'><strong>Καὶ</strong></span> <span class='ocrx_word' id='word_1_238' title='bbox 1313 3457 1422 3526; x_wconf 83' lang='grc' dir='ltr'><strong>γὰρ</strong></span> <span class='ocrx_word' id='word_1_239' title='bbox 1467 3456 1630 3526; x_wconf 80' lang='grc' dir='ltr'>ἡμεῖς</span> <span class='ocrx_word' id='word_1_240' title='bbox 1661 3453 1958 3523; x_wconf 82' lang='grc' dir='ltr'>σαφηνείας</span> 
     </span>
    </p>
   </div>
   <div class='ocr_carea' id='block_1_33' title="bbox 357 3546 1959 3630">
    <p class='ocr_par' dir='ltr' id='par_1_33' title="bbox 357 3546 1959 3630">
     <span class='ocr_line' id='line_1_33' title="bbox 357 3546 1959 3630; baseline -0.007 -20"><span class='ocrx_word' id='word_1_241' title='bbox 357 3554 768 3630; x_wconf 80' lang='grc' dir='ltr'>φροντίζοντες,</span> <span class='ocrx_word' id='word_1_242' title='bbox 800 3555 881 3617; x_wconf 86' lang='grc' dir='ltr'><strong>είς</strong></span> <span class='ocrx_word' id='word_1_243' title='bbox 911 3554 1061 3624; x_wconf 84' lang='grc' dir='ltr'>τρεῖς</span> <span class='ocrx_word' id='word_1_244' title='bbox 1091 3550 1376 3620; x_wconf 81' lang='grc' dir='ltr'>διαλόγους</span> <span class='ocrx_word' id='word_1_245' title='bbox 1417 3547 1698 3618; x_wconf 87' lang='grc' dir='ltr'>διελοῦμεν</span> <span class='ocrx_word' id='word_1_246' title='bbox 1727 3547 1786 3600; x_wconf 84' lang='grc' dir='ltr'><strong>τδ</strong></span> <span class='ocrx_word' id='word_1_247' title='bbox 1826 3546 1959 3615; x_wconf 81' lang='grc' dir='ltr'>σύγ-</span> 
     </span>
    </p>
   </div>
   <div class='ocr_carea' id='block_1_34' title="bbox 355 3635 1958 3722">
    <p class='ocr_par' dir='ltr' id='par_1_34' title="bbox 355 3635 1958 3722">
     <span class='ocr_line' id='line_1_34' title="bbox 355 3635 1958 3722; baseline -0.006 -21"><span class='ocrx_word' id='word_1_248' title='bbox 355 3664 619 3722; x_wconf 81' lang='grc' dir='ltr'>γραμμα.</span> <span class='ocrx_word' id='word_1_249' title='bbox 651 3647 766 3700; x_wconf 73' lang='grc' dir='ltr'><strong>Καὶ</strong></span> <span class='ocrx_word' id='word_1_250' title='bbox 793 3646 822 3699; x_wconf 84' lang='grc' dir='ltr'>ὁ</span> <span class='ocrx_word' id='word_1_251' title='bbox 857 3645 958 3716; x_wconf 83' lang='grc' dir='ltr'><strong>μὲν</strong></span> <span class='ocrx_word' id='word_1_252' title='bbox 989 3645 1209 3716; x_wconf 87' lang='grc' dir='ltr'>πρῶτος</span> <span class='ocrx_word' id='word_1_253' title='bbox 1238 3642 1367 3715; x_wconf 75' lang='grc' dir='ltr'>περὶ</span> <span class='ocrx_word' id='word_1_254' title='bbox 1393 3641 1486 3696; x_wconf 85' lang='grc' dir='ltr'><strong>τοῦ</strong></span> <span class='ocrx_word' id='word_1_255' title='bbox 1519 3640 1791 3712; x_wconf 80' lang='grc' dir='ltr'>ἄτρεπτον</span> <span class='ocrx_word' id='word_1_256' title='bbox 1816 3635 1958 3693; x_wconf 76' lang='grc' dir='ltr'>εῖναι</span> 
     </span>
    </p>
   </div>
   <div class='ocr_carea' id='block_1_35' title="bbox 355 3732 1958 3813">
    <p class='ocr_par' dir='ltr' id='par_1_35' title="bbox 355 3732 1958 3813">
     <span class='ocr_line' id='line_1_35' title="bbox 355 3732 1958 3813; baseline -0.007 -17"><span class='ocrx_word' id='word_1_257' title='bbox 355 3741 456 3796; x_wconf 87' lang='grc' dir='ltr'><strong>τοῦ</strong></span> <span class='ocrx_word' id='word_1_258' title='bbox 491 3738 820 3813; x_wconf 78' lang='grc' dir='ltr'>μονογενοῦς</span> <span class='ocrx_word' id='word_1_259' title='bbox 847 3739 983 3792; x_wconf 82' lang='grc' dir='ltr'>Υίοῦ</span> <span class='ocrx_word' id='word_1_260' title='bbox 1012 3737 1110 3809; x_wconf 77' lang='grc' dir='ltr'>τὴν</span> <span class='ocrx_word' id='word_1_261' title='bbox 1137 3736 1369 3807; x_wconf 83' lang='grc' dir='ltr'>θεότητα</span> <span class='ocrx_word' id='word_1_262' title='bbox 1398 3735 1612 3802; x_wconf 81' lang='grc' dir='ltr'>δέξεται</span> <span class='ocrx_word' id='word_1_263' title='bbox 1634 3733 1725 3786; x_wconf 81' lang='grc' dir='ltr'><strong>τὸν</strong></span> <span class='ocrx_word' id='word_1_264' title='bbox 1746 3732 1958 3801; x_wconf 77' lang='grc' dir='ltr'>ἀγῶναο</span> 
     </span>
    </p>
   </div>
   <div class='ocr_carea' id='block_1_36' title="bbox 356 3825 1957 3902">
    <p class='ocr_par' dir='ltr' id='par_1_36' title="bbox 356 3825 1957 3902">
     <span class='ocr_line' id='line_1_36' title="bbox 356 3825 1957 3902; baseline -0.006 -14"><span class='ocrx_word' id='word_1_265' title='bbox 356 3837 387 3889; x_wconf 77' lang='grc' dir='ltr'>ὁ</span> <span class='ocrx_word' id='word_1_266' title='bbox 409 3834 472 3888; x_wconf 73' lang='grc' dir='ltr'>δὲ</span> <span class='ocrx_word' id='word_1_267' title='bbox 508 3833 768 3902; x_wconf 81' lang='grc' dir='ltr'>δεύτερος</span> <span class='ocrx_word' id='word_1_268' title='bbox 802 3830 1136 3902; x_wconf 83' lang='grc' dir='ltr'>ἀσύγχυτον,</span> <span class='ocrx_word' id='word_1_269' title='bbox 1166 3830 1264 3882; x_wconf 78' lang='grc' dir='ltr'><strong>σὺν</strong></span> <span class='ocrx_word' id='word_1_270' title='bbox 1286 3827 1406 3899; x_wconf 86' lang='grc' dir='ltr'><strong>Θεῷ</strong></span> <span class='ocrx_word' id='word_1_271' title='bbox 1430 3828 1618 3897; x_wconf 87' lang='grc' dir='ltr'>φάναι,</span> <span class='ocrx_word' id='word_1_272' title='bbox 1663 3825 1830 3890; x_wconf 81' lang='grc' dir='ltr'>δείξει</span> <span class='ocrx_word' id='word_1_273' title='bbox 1861 3842 1957 3894; x_wconf 78' lang='grc' dir='ltr'>γε·</span> 
     </span>
    </p>
   </div>
   <div class='ocr_carea' id='block_1_37' title="bbox 357 3917 1958 3997">
    <p class='ocr_par' dir='ltr' id='par_1_37' title="bbox 357 3917 1958 3997">
     <span class='ocr_line' id='line_1_37' title="bbox 357 3917 1958 3997; baseline -0.004 -20"><span class='ocrx_word' id='word_1_274' title='bbox 357 3925 677 3997; x_wconf 80' lang='grc' dir='ltr'>γενημένην</span> <span class='ocrx_word' id='word_1_275' title='bbox 701 3923 801 3995; x_wconf 81' lang='grc' dir='ltr'><strong>τὴν</strong></span> <span class='ocrx_word' id='word_1_276' title='bbox 831 3922 1030 3977; x_wconf 75' lang='grc' dir='ltr'>ἕνωσιν</span> <span class='ocrx_word' id='word_1_277' title='bbox 1079 3923 1176 3994; x_wconf 79' lang='grc' dir='ltr'>τῆς</span> <span class='ocrx_word' id='word_1_278' title='bbox 1231 3919 1326 3974; x_wconf 84' lang='grc' dir='ltr'><strong>τοῦ</strong></span> <span class='ocrx_word' id='word_1_279' title='bbox 1385 3921 1660 3974; x_wconf 84' lang='grc' dir='ltr'>Δεσπότου</span> <span class='ocrx_word' id='word_1_280' title='bbox 1721 3917 1958 3990; x_wconf 86' lang='grc' dir='ltr'>Χριστοῦ</span> 
     </span>
    </p>
   </div>
   <div class='ocr_carea' id='block_1_38' title="bbox 360 4010 1962 4090">
    <p class='ocr_par' dir='ltr' id='par_1_38' title="bbox 360 4010 1962 4090">
     <span class='ocr_line' id='line_1_38' title="bbox 360 4010 1962 4090; baseline -0.005 -20"><span class='ocrx_word' id='word_1_281' title='bbox 360 4016 624 4087; x_wconf 84' lang='grc' dir='ltr'>θεότητός</span> <span class='ocrx_word' id='word_1_282' title='bbox 654 4032 713 4068; x_wconf 88' lang='grc' dir='ltr'><strong>τε</strong></span> <span class='ocrx_word' id='word_1_283' title='bbox 744 4014 841 4068; x_wconf 79' lang='grc' dir='ltr'>καὶ</span> <span class='ocrx_word' id='word_1_284' title='bbox 868 4011 1314 4090; x_wconf 80' lang='grc' dir='ltr'>ἀνθρωπότητος.</span> <span class='ocrx_word' id='word_1_285' title='bbox 1346 4012 1406 4065; x_wconf 85' lang='grc' dir='ltr'>Ὀ</span> <span class='ocrx_word' id='word_1_286' title='bbox 1438 4011 1496 4065; x_wconf 88' lang='grc' dir='ltr'><strong>δέ</strong></span> <span class='ocrx_word' id='word_1_287' title='bbox 1527 4027 1591 4080; x_wconf 90' lang='grc' dir='ltr'><strong>γε</strong></span> <span class='ocrx_word' id='word_1_288' title='bbox 1619 4011 1804 4081; x_wconf 86' lang='grc' dir='ltr'>τρίτος</span> <span class='ocrx_word' id='word_1_289' title='bbox 1833 4010 1962 4081; x_wconf 79' lang='grc' dir='ltr'>περὶ</span> 
     </span>
    </p>
   </div>
   <div class='ocr_carea' id='block_1_39' title="bbox 359 4103 1972 4179">
    <p class='ocr_par' dir='ltr' id='par_1_39' title="bbox 359 4103 1972 4179">
     <span class='ocr_line' id='line_1_39' title="bbox 359 4103 1972 4179; baseline -0.006 -15"><span class='ocrx_word' id='word_1_290' title='bbox 359 4109 466 4179; x_wconf 78' lang='grc' dir='ltr'>τῆς</span> <span class='ocrx_word' id='word_1_291' title='bbox 501 4107 774 4171; x_wconf 80' lang='grc' dir='ltr'>ἀπαθείας</span> <span class='ocrx_word' id='word_1_292' title='bbox 806 4107 909 4179; x_wconf 85' lang='grc' dir='ltr'>τῆς</span> <span class='ocrx_word' id='word_1_293' title='bbox 962 4103 1058 4160; x_wconf 85' lang='grc' dir='ltr'><strong>τοῦ</strong></span> <span class='ocrx_word' id='word_1_294' title='bbox 1114 4106 1366 4177; x_wconf 80' lang='grc' dir='ltr'>Σωτῆρος</span> <span class='ocrx_word' id='word_1_295' title='bbox 1425 4104 1582 4176; x_wconf 82' lang='grc' dir='ltr'>ήμῶν</span> <span class='ocrx_word' id='word_1_296' title='bbox 1643 4103 1972 4173; x_wconf 86' lang='grc' dir='ltr'>ἀγωνιεῖται-</span> 
     </span>
    </p>
   </div>
   <div class='ocr_carea' id='block_1_40' title="bbox 362 4189 1964 4272">
    <p class='ocr_par' dir='ltr' id='par_1_40' title="bbox 362 4189 1964 4272">
     <span class='ocr_line' id='line_1_40' title="bbox 362 4189 1964 4272; baseline -0.004 -17"><span class='ocrx_word' id='word_1_297' title='bbox 362 4200 641 4272; x_wconf 82' lang='grc' dir='ltr'>θεότητος.</span> <span class='ocrx_word' id='word_1_298' title='bbox 693 4198 852 4254; x_wconf 85' lang='grc' dir='ltr'>Μετά</span> <span class='ocrx_word' id='word_1_299' title='bbox 921 4197 1106 4269; x_wconf 74' lang='grc' dir='ltr'>μέντοι</span> <span class='ocrx_word' id='word_1_300' title='bbox 1161 4197 1289 4261; x_wconf 77' lang='grc' dir='ltr'>τοὺς</span> <span class='ocrx_word' id='word_1_301' title='bbox 1341 4197 1492 4269; x_wconf 88' lang='grc' dir='ltr'>τρεῖς</span> <span class='ocrx_word' id='word_1_302' title='bbox 1548 4195 1791 4266; x_wconf 86' lang='grc' dir='ltr'>ἀγῶνας,</span> <span class='ocrx_word' id='word_1_303' title='bbox 1851 4189 1964 4248; x_wconf 75' lang='grc' dir='ltr'>οἷον</span> 
     </span>
    </p>
   </div>
   <div class='ocr_carea' id='block_1_41' title="bbox 362 4288 1980 4363">
    <p class='ocr_par' dir='ltr' id='par_1_41' title="bbox 362 4288 1980 4363">
     <span class='ocr_line' id='line_1_41' title="bbox 362 4288 1980 4363; baseline -0.003 -17"><span class='ocrx_word' id='word_1_304' title='bbox 362 4293 841 4363; x_wconf 76' lang='grc' dir='ltr'>ἐπαγωνίσματα,</span> <span class='ocrx_word' id='word_1_305' title='bbox 901 4291 1018 4345; x_wconf 76' lang='grc' dir='ltr'>ἀλλ’</span> <span class='ocrx_word' id='word_1_306' title='bbox 1084 4289 1223 4344; x_wconf 76' lang='grc' dir='ltr'>ἄττα</span> <span class='ocrx_word' id='word_1_307' title='bbox 1277 4289 1684 4361; x_wconf 81' lang='grc' dir='ltr'>προσθήσομεν,</span> <span class='ocrx_word' id='word_1_308' title='bbox 1749 4288 1980 4358; x_wconf 68' lang='grc' dir='ltr'>ἑκάστῳι</span> 
     </span>
    </p>
   </div>
   <div class='ocr_carea' id='block_1_42' title="bbox 364 4377 1968 4453">
    <p class='ocr_par' dir='ltr' id='par_1_42' title="bbox 364 4377 1968 4453">
     <span class='ocr_line' id='line_1_42' title="bbox 364 4377 1968 4453; baseline -0.002 -16"><span class='ocrx_word' id='word_1_309' title='bbox 364 4383 651 4453; x_wconf 80' lang='grc' dir='ltr'>κεφαλαίῳ</span> <span class='ocrx_word' id='word_1_310' title='bbox 678 4381 1050 4452; x_wconf 78' lang='grc' dir='ltr'>συλλογισμὸν</span> <span class='ocrx_word' id='word_1_311' title='bbox 1073 4380 1573 4452; x_wconf 76' lang='grc' dir='ltr'>προσαρμόζοντες,</span> <span class='ocrx_word' id='word_1_312' title='bbox 1603 4381 1699 4434; x_wconf 78' lang='grc' dir='ltr'><strong>καὶ</strong></span> <span class='ocrx_word' id='word_1_313' title='bbox 1725 4377 1968 4433; x_wconf 80' lang='grc' dir='ltr'>δεικνύν-</span> 
     </span>
    </p>
   </div>
   <div class='ocr_carea' id='block_1_43' title="bbox 1518 340 1950 466">
    <p class='ocr_par' dir='ltr' id='par_1_43' title="bbox 1518 402 1943 464">
     <span class='ocr_line' id='line_1_43' title="bbox 1518 402 1943 464; baseline -0.005 0"><span class='ocrx_word' id='word_1_314' title='bbox 1518 402 1943 464; x_wconf 79' lang='lat' dir='ltr'><strong>ERANISTES</strong></span> 
     </span>
    </p>
   </div>
   <div class='ocr_carea' id='block_1_44' title="bbox 2046 340 3653 466">
    <p class='ocr_par' dir='ltr' id='par_1_44' title="bbox 2046 402 3608 466">
     <span class='ocr_line' id='line_1_44' title="bbox 2046 402 3608 466; baseline 0.002 -3"><span class='ocrx_word' id='word_1_315' title='bbox 2046 429 2073 436; x_wconf 86' lang='lat'><em>-</em></span> <span class='ocrx_word' id='word_1_316' title='bbox 2093 402 2515 466; x_wconf 68' lang='grc' dir='ltr'><strong>ΡΗᾹΞΡΑΤΙΟ..</strong></span> <span class='ocrx_word' id='word_1_317' title='bbox 3537 402 3608 466; x_wconf 74' lang='lat'><strong>30</strong></span> 
     </span>
    </p>
   </div>
   <div class='ocr_carea' id='block_1_45' title="bbox 294 509 1950 586">
    <p class='ocr_par' dir='ltr' id='par_1_45' title="bbox 294 514 1925 585">
     <span class='ocr_line' id='line_1_45' title="bbox 294 514 1925 585; baseline -0.004 -13"><span class='ocrx_word' id='word_1_318' title='bbox 294 518 403 579; x_wconf 73' lang='grc' dir='ltr'>τῆς</span> <span class='ocrx_word' id='word_1_319' title='bbox 434 515 746 580; x_wconf 81' lang='grc' dir='ltr'>Παρθένου</span> <span class='ocrx_word' id='word_1_320' title='bbox 776 516 875 571; x_wconf 71' lang='grc' dir='ltr'><strong>τὸν</strong></span> <span class='ocrx_word' id='word_1_321' title='bbox 902 515 1042 570; x_wconf 75' lang='grc' dir='ltr'>Θεὸν</span> <span class='ocrx_word' id='word_1_322' title='bbox 1065 514 1234 582; x_wconf 84' lang='grc' dir='ltr'>Λόγον</span> <span class='ocrx_word' id='word_1_323' title='bbox 1270 515 1475 579; x_wconf 80' lang='grc' dir='ltr'>λαϐεῖν,</span> <span class='ocrx_word' id='word_1_324' title='bbox 1509 515 1574 567; x_wconf 77' lang='grc' dir='ltr'>ἐκ</span> <span class='ocrx_word' id='word_1_325' title='bbox 1600 514 1702 585; x_wconf 78' lang='grc' dir='ltr'>τῆς</span> <span class='ocrx_word' id='word_1_326' title='bbox 1725 514 1925 568; x_wconf 86' lang='grc' dir='ltr'>Βαλεν-</span> 
     </span>
    </p>
   </div>
   <div class='ocr_carea' id='block_1_46' title="bbox 2046 509 3603 586">
    <p class='ocr_par' dir='ltr' id='par_1_46' title="bbox 2046 509 3603 586">
     <span class='ocr_line' id='line_1_46' title="bbox 2046 509 3603 586; baseline -0.001 -18"><span class='ocrx_word' id='word_1_327' title='bbox 2046 529 2164 569; x_wconf 72' lang='lat' dir='ltr'><strong>vero</strong></span> <span class='ocrx_word' id='word_1_328' title='bbox 2197 530 2262 569; x_wconf 85' lang='lat' dir='ltr'><strong>ex</strong></span> <span class='ocrx_word' id='word_1_329' title='bbox 2298 516 2520 586; x_wconf 76' lang='lat' dir='ltr'><strong>Virgine</strong></span> <span class='ocrx_word' id='word_1_330' title='bbox 2568 513 2909 569; x_wconf 70' lang='lat' dir='ltr'><strong>nativitatem</strong></span> <span class='ocrx_word' id='word_1_331' title='bbox 2956 509 3323 566; x_wconf 78' lang='lat' dir='ltr'><strong>conﬁteantur</strong></span> <span class='ocrx_word' id='word_1_332' title='bbox 3359 519 3603 582; x_wconf 82' lang='lat' dir='ltr'><strong>quidem,</strong></span> 
     </span>
    </p>
   </div>
   <div class='ocr_carea' id='block_1_47' title="bbox 293 605 1926 678">
    <p class='ocr_par' dir='ltr' id='par_1_47' title="bbox 293 605 1926 678">
     <span class='ocr_line' id='line_1_47' title="bbox 293 605 1926 678; baseline -0.002 -15"><span class='ocrx_word' id='word_1_333' title='bbox 293 615 484 675; x_wconf 81' lang='grc' dir='ltr'>τίνου,</span> <span class='ocrx_word' id='word_1_334' title='bbox 521 613 621 662; x_wconf 72' lang='grc' dir='ltr'>καὶ</span> <span class='ocrx_word' id='word_1_335' title='bbox 651 609 1025 678; x_wconf 85' lang='grc' dir='ltr'>Βαρδησάνου</span> <span class='ocrx_word' id='word_1_336' title='bbox 1054 606 1152 675; x_wconf 82' lang='lat'><strong>(3),</strong></span> <span class='ocrx_word' id='word_1_337' title='bbox 1187 606 1280 659; x_wconf 74' lang='grc' dir='ltr'><strong>καὶ</strong></span> <span class='ocrx_word' id='word_1_338' title='bbox 1312 605 1418 658; x_wconf 85' lang='grc' dir='ltr'>τῶν</span> <span class='ocrx_word' id='word_1_339' title='bbox 1442 605 1652 670; x_wconf 72' lang='grc' dir='ltr'>τούτοις</span> <span class='ocrx_word' id='word_1_340' title='bbox 1701 606 1926 676; x_wconf 81' lang='grc' dir='ltr'>άγχιθύ-</span> 
     </span>
    </p>
   </div>
   <div class='ocr_carea' id='block_1_48' title="bbox 2030 604 3609 676">
    <p class='ocr_par' dir='ltr' id='par_1_48' title="bbox 2030 604 3609 676">
     <span class='ocr_line' id='line_1_48' title="bbox 2030 604 3609 676; baseline -0.003 -16"><span class='ocrx_word' id='word_1_341' title='bbox 2030 606 2129 660; x_wconf 87' lang='lat' dir='ltr'><strong>sed</strong></span> <span class='ocrx_word' id='word_1_342' title='bbox 2156 621 2277 661; x_wconf 88' lang='lat' dir='ltr'><strong>eam</strong></span> <span class='ocrx_word' id='word_1_343' title='bbox 2311 606 2657 676; x_wconf 83' lang='lat' dir='ltr'><strong>trajectitiam</strong></span> <span class='ocrx_word' id='word_1_344' title='bbox 2689 605 2857 659; x_wconf 82' lang='lat' dir='ltr'><strong>fuisse</strong></span> <span class='ocrx_word' id='word_1_345' title='bbox 2895 604 3101 668; x_wconf 82' lang='lat' dir='ltr'><strong>dicant,</strong></span> <span class='ocrx_word' id='word_1_346' title='bbox 3128 619 3232 658; x_wconf 90' lang='lat' dir='ltr'><strong>nec</strong></span> <span class='ocrx_word' id='word_1_347' title='bbox 3265 604 3437 658; x_wconf 88' lang='lat' dir='ltr'><strong>Deum</strong></span> <span class='ocrx_word' id='word_1_348' title='bbox 3477 604 3609 658; x_wconf 81' lang='lat' dir='ltr'><strong>Ver—</strong></span> 
     </span>
    </p>
   </div>
   <div class='ocr_carea' id='block_1_49' title="bbox 2029 692 3634 765">
    <p class='ocr_par' dir='ltr' id='par_1_49' title="bbox 2029 692 3634 765">
     <span class='ocr_line' id='line_1_49' title="bbox 2029 692 3634 765; baseline -0.002 -16"><span class='ocrx_word' id='word_1_349' title='bbox 2029 695 2162 750; x_wconf 87' lang='lat' dir='ltr'><strong>bum</strong></span> <span class='ocrx_word' id='word_1_350' title='bbox 2193 693 2496 765; x_wconf 84' lang='lat' dir='ltr'><strong>quidquam</strong></span> <span class='ocrx_word' id='word_1_351' title='bbox 2528 709 2597 749; x_wconf 81' lang='lat' dir='ltr'><strong>ex</strong></span> <span class='ocrx_word' id='word_1_352' title='bbox 2625 694 2845 764; x_wconf 78' lang='lat' dir='ltr'><strong>Virgine</strong></span> <span class='ocrx_word' id='word_1_353' title='bbox 2873 693 3196 763; x_wconf 86' lang='lat' dir='ltr'><strong>sumpsisse,</strong></span> <span class='ocrx_word' id='word_1_354' title='bbox 3237 708 3306 747; x_wconf 79' lang='lat' dir='ltr'><strong>ex</strong></span> <span class='ocrx_word' id='word_1_355' title='bbox 3333 692 3634 765; x_wconf 81' lang='lat' dir='ltr'><strong>Valentini_</strong></span> 
     </span>
    </p>
   </div>
   <div class='ocr_carea' id='block_1_50' title="bbox 2029 783 3610 854">
    <p class='ocr_par' dir='ltr' id='par_1_50' title="bbox 2029 783 3610 854">
     <span class='ocr_line' id='line_1_50' title="bbox 2029 783 3610 854; baseline -0.003 -12"><span class='ocrx_word' id='word_1_356' title='bbox 2029 797 2086 842; x_wconf 91' lang='lat' dir='ltr'><strong>et</strong></span> <span class='ocrx_word' id='word_1_357' title='bbox 2107 787 2456 854; x_wconf 87' lang='lat' dir='ltr'><strong>Bardesanis,</strong></span> <span class='ocrx_word' id='word_1_358' title='bbox 2478 796 2535 842; x_wconf 89' lang='lat' dir='ltr'><strong>et</strong></span> <span class='ocrx_word' id='word_1_359' title='bbox 2560 786 2647 841; x_wconf 89' lang='lat' dir='ltr'><strong>bis</strong></span> <span class='ocrx_word' id='word_1_360' title='bbox 2668 787 3067 841; x_wconf 75' lang='lat' dir='ltr'><strong>adhznrentium</strong></span> <span class='ocrx_word' id='word_1_361' title='bbox 3095 783 3426 854; x_wconf 79' lang='lat' dir='ltr'><strong>prodigiosis</strong></span> <span class='ocrx_word' id='word_1_362' title='bbox 3448 783 3610 837; x_wconf 91' lang='lat' dir='ltr'><strong>dictis</strong></span> 
     </span>
    </p>
   </div>
   <div class='ocr_carea' id='block_1_51' title="bbox 2029 875 3610 946">
    <p class='ocr_par' dir='ltr' id='par_1_51' title="bbox 2029 875 3610 946">
     <span class='ocr_line' id='line_1_51' title="bbox 2029 875 3610 946; baseline -0.004 -12"><span class='ocrx_word' id='word_1_363' title='bbox 2029 879 2356 934; x_wconf 85' lang='lat' dir='ltr'><strong>hauserunt.</strong></span> <span class='ocrx_word' id='word_1_364' title='bbox 2391 879 2547 946; x_wconf 82' lang='lat' dir='ltr'><strong>Quod</strong></span> <span class='ocrx_word' id='word_1_365' title='bbox 2577 887 2760 933; x_wconf 89' lang='lat' dir='ltr'><strong>autem</strong></span> <span class='ocrx_word' id='word_1_366' title='bbox 2785 876 2989 932; x_wconf 80' lang='lat' dir='ltr'><strong>Christi</strong></span> <span class='ocrx_word' id='word_1_367' title='bbox 3019 875 3236 931; x_wconf 89' lang='lat' dir='ltr'><strong>Domini</strong></span> <span class='ocrx_word' id='word_1_368' title='bbox 3264 875 3610 930; x_wconf 68' lang='lat' dir='ltr'><strong>divinitatem</strong></span> 
     </span>
    </p>
   </div>
   <div class='ocr_carea' id='block_1_52' title="bbox 2030 966 3613 1036">
    <p class='ocr_par' dir='ltr' id='par_1_52' title="bbox 2030 966 3613 1036">
     <span class='ocr_line' id='line_1_52' title="bbox 2030 966 3613 1036; baseline -0.005 -10"><span class='ocrx_word' id='word_1_369' title='bbox 2030 980 2087 1027; x_wconf 91' lang='lat' dir='ltr'><strong>et</strong></span> <span class='ocrx_word' id='word_1_370' title='bbox 2120 971 2520 1025; x_wconf 84' lang='lat' dir='ltr'><strong>humanitatem</strong></span> <span class='ocrx_word' id='word_1_371' title='bbox 2567 985 2732 1024; x_wconf 86' lang='lat' dir='ltr'><strong>unam</strong></span> <span class='ocrx_word' id='word_1_372' title='bbox 2764 977 3019 1024; x_wconf 87' lang='lat' dir='ltr'><strong>naturam</strong></span> <span class='ocrx_word' id='word_1_373' title='bbox 3060 977 3278 1031; x_wconf 86' lang='lat' dir='ltr'><strong>vocent,</strong></span> <span class='ocrx_word' id='word_1_374' title='bbox 3307 983 3375 1022; x_wconf 83' lang='lat' dir='ltr'><strong>ex</strong></span> <span class='ocrx_word' id='word_1_375' title='bbox 3405 966 3613 1036; x_wconf 80' lang='lat' dir='ltr'><strong>Apolli-</strong></span> 
     </span>
    </p>
   </div>
   <div class='ocr_carea' id='block_1_53' title="bbox 2031 1058 3616 1134">
    <p class='ocr_par' dir='ltr' id='par_1_53' title="bbox 2031 1058 3616 1134">
     <span class='ocr_line' id='line_1_53' title="bbox 2031 1058 3616 1134; baseline -0.005 -16"><span class='ocrx_word' id='word_1_376' title='bbox 2031 1063 2176 1118; x_wconf 84' lang='lat' dir='ltr'><strong>narii</strong></span> <span class='ocrx_word' id='word_1_377' title='bbox 2203 1063 2367 1134; x_wconf 81' lang='lat' dir='ltr'><strong>nugis</strong></span> <span class='ocrx_word' id='word_1_378' title='bbox 2395 1061 2557 1116; x_wconf 80' lang='lat' dir='ltr'><strong>furati</strong></span> <span class='ocrx_word' id='word_1_379' title='bbox 2591 1068 2740 1116; x_wconf 87' lang='lat' dir='ltr'><strong>sunt.</strong></span> <span class='ocrx_word' id='word_1_380' title='bbox 2774 1060 2932 1127; x_wconf 87' lang='lat' dir='ltr'><strong>Quod</strong></span> <span class='ocrx_word' id='word_1_381' title='bbox 2969 1058 3208 1128; x_wconf 90' lang='lat' dir='ltr'><strong>denique</strong></span> <span class='ocrx_word' id='word_1_382' title='bbox 3239 1059 3444 1113; x_wconf 88' lang='lat' dir='ltr'><strong>Christi</strong></span> <span class='ocrx_word' id='word_1_383' title='bbox 3474 1058 3616 1111; x_wconf 82' lang='lat' dir='ltr'><strong>divi-</strong></span> 
     </span>
    </p>
   </div>
   <div class='ocr_carea' id='block_1_54' title="bbox 2033 1149 3614 1223">
    <p class='ocr_par' dir='ltr' id='par_1_54' title="bbox 2033 1149 3614 1223">
     <span class='ocr_line' id='line_1_54' title="bbox 2033 1149 3614 1223; baseline -0.004 -15"><span class='ocrx_word' id='word_1_384' title='bbox 2033 1153 2195 1209; x_wconf 86' lang='lat' dir='ltr'><strong>nitati</strong></span> <span class='ocrx_word' id='word_1_385' title='bbox 2222 1153 2535 1223; x_wconf 85' lang='lat' dir='ltr'><strong>passionem</strong></span> <span class='ocrx_word' id='word_1_386' title='bbox 2568 1153 2834 1217; x_wconf 83' lang='lat' dir='ltr'><strong>tribuant,</strong></span> <span class='ocrx_word' id='word_1_387' title='bbox 2857 1168 2925 1207; x_wconf 72' lang='lat' dir='ltr'><strong>ex</strong></span> <span class='ocrx_word' id='word_1_388' title='bbox 2951 1151 3067 1206; x_wconf 82' lang='lat' dir='ltr'><strong>Arii</strong></span> <span class='ocrx_word' id='word_1_389' title='bbox 3093 1161 3149 1206; x_wconf 93' lang='lat' dir='ltr'><strong>et</strong></span> <span class='ocrx_word' id='word_1_390' title='bbox 3197 1149 3451 1205; x_wconf 89' lang='lat' dir='ltr'><strong>Eunomii</strong></span> <span class='ocrx_word' id='word_1_391' title='bbox 3493 1149 3614 1203; x_wconf 87' lang='lat' dir='ltr'><strong>bla-</strong></span> 
     </span>
    </p>
   </div>
   <div class='ocr_carea' id='block_1_55' title="bbox 2035 1242 3614 1315">
    <p class='ocr_par' dir='ltr' id='par_1_55' title="bbox 2035 1242 3614 1315">
     <span class='ocr_line' id='line_1_55' title="bbox 2035 1242 3614 1315; baseline -0.004 -15"><span class='ocrx_word' id='word_1_392' title='bbox 2035 1245 2288 1315; x_wconf 88' lang='lat' dir='ltr'><strong>sphemia</strong></span> <span class='ocrx_word' id='word_1_393' title='bbox 2321 1244 2713 1314; x_wconf 88' lang='lat' dir='ltr'><strong>compilarunt,</strong></span> <span class='ocrx_word' id='word_1_394' title='bbox 2769 1251 2832 1298; x_wconf 91' lang='lat' dir='ltr'><strong>ut</strong></span> <span class='ocrx_word' id='word_1_395' title='bbox 2848 1246 2974 1314; x_wconf 82' lang='lat' dir='ltr'><strong>jure</strong></span> <span class='ocrx_word' id='word_1_396' title='bbox 3010 1244 3262 1298; x_wconf 89' lang='lat' dir='ltr'><strong>videatur</strong></span> <span class='ocrx_word' id='word_1_397' title='bbox 3295 1242 3400 1296; x_wconf 90' lang='lat' dir='ltr'><strong>hoc</strong></span> <span class='ocrx_word' id='word_1_398' title='bbox 3421 1256 3614 1296; x_wconf 87' lang='lat' dir='ltr'><strong>eorum</strong></span> 
     </span>
    </p>
   </div>
   <div class='ocr_carea' id='block_1_56' title="bbox 2035 1333 3618 1404">
    <p class='ocr_par' dir='ltr' id='par_1_56' title="bbox 2035 1333 3618 1404">
     <span class='ocr_line' id='line_1_56' title="bbox 2035 1333 3618 1404; baseline -0.003 -13"><span class='ocrx_word' id='word_1_399' title='bbox 2035 1337 2322 1391; x_wconf 87' lang='lat' dir='ltr'><strong>inventum</strong></span> <span class='ocrx_word' id='word_1_400' title='bbox 2364 1335 2746 1391; x_wconf 87' lang='lat' dir='ltr'><strong>mendicorum</strong></span> <span class='ocrx_word' id='word_1_401' title='bbox 2785 1335 3055 1400; x_wconf 82' lang='lat' dir='ltr'><strong>vestibus,</strong></span> <span class='ocrx_word' id='word_1_402' title='bbox 3097 1350 3236 1404; x_wconf 89' lang='lat' dir='ltr'><strong>quas</strong></span> <span class='ocrx_word' id='word_1_403' title='bbox 3277 1350 3344 1388; x_wconf 83' lang='lat' dir='ltr'><strong>ex</strong></span> <span class='ocrx_word' id='word_1_404' title='bbox 3385 1333 3618 1386; x_wconf 85' lang='lat' dir='ltr'><strong>diversis</strong></span> 
     </span>
    </p>
   </div>
   <div class='ocr_carea' id='block_1_57' title="bbox 2035 1424 3623 1499">
    <p class='ocr_par' dir='ltr' id='par_1_57' title="bbox 2035 1424 3623 1499">
     <span class='ocr_line' id='line_1_57' title="bbox 2035 1424 3623 1499; baseline -0.004 -17"><span class='ocrx_word' id='word_1_405' title='bbox 2035 1428 2235 1499; x_wconf 86' lang='lat' dir='ltr'><strong>pannis</strong></span> <span class='ocrx_word' id='word_1_406' title='bbox 2265 1435 2562 1492; x_wconf 90' lang='lat' dir='ltr'><strong>consuunt,</strong></span> <span class='ocrx_word' id='word_1_407' title='bbox 2591 1442 2704 1481; x_wconf 92' lang='lat' dir='ltr'><strong>non</strong></span> <span class='ocrx_word' id='word_1_408' title='bbox 2739 1426 3027 1482; x_wconf 87' lang='lat' dir='ltr'><strong>dissimile.</strong></span> <span class='ocrx_word' id='word_1_409' title='bbox 3052 1424 3169 1492; x_wconf 85' lang='lat' dir='ltr'><strong>Qua</strong></span> <span class='ocrx_word' id='word_1_410' title='bbox 3197 1425 3264 1479; x_wconf 92' lang='lat' dir='ltr'><strong>de</strong></span> <span class='ocrx_word' id='word_1_411' title='bbox 3293 1440 3456 1479; x_wconf 87' lang='lat' dir='ltr'><strong>causa</strong></span> <span class='ocrx_word' id='word_1_412' title='bbox 3481 1424 3623 1478; x_wconf 87' lang='lat' dir='ltr'><strong>Era-</strong></span> 
     </span>
    </p>
   </div>
   <div class='ocr_carea' id='block_1_58' title="bbox 2038 1516 3624 1590">
    <p class='ocr_par' dir='ltr' id='par_1_58' title="bbox 2038 1516 3624 1590">
     <span class='ocr_line' id='line_1_58' title="bbox 2038 1516 3624 1590; baseline -0.003 -19"><span class='ocrx_word' id='word_1_413' title='bbox 2038 1520 2230 1583; x_wconf 79' lang='lat' dir='ltr'><strong>m&#39;sten,</strong></span> <span class='ocrx_word' id='word_1_414' title='bbox 2261 1525 2320 1572; x_wconf 91' lang='lat' dir='ltr'><strong>ut</strong></span> <span class='ocrx_word' id='word_1_415' title='bbox 2345 1518 2480 1582; x_wconf 75' lang='lat' dir='ltr'><strong>dixi,</strong></span> <span class='ocrx_word' id='word_1_416' title='bbox 2505 1533 2604 1573; x_wconf 90' lang='lat' dir='ltr'><strong>seu</strong></span> <span class='ocrx_word' id='word_1_417' title='bbox 2637 1517 3078 1590; x_wconf 77' lang='lat' dir='ltr'><strong>Polymorphum,</strong></span> <span class='ocrx_word' id='word_1_418' title='bbox 3103 1517 3255 1571; x_wconf 87' lang='lat' dir='ltr'><strong>hunc</strong></span> <span class='ocrx_word' id='word_1_419' title='bbox 3289 1516 3492 1570; x_wconf 88' lang='lat' dir='ltr'><strong>librum</strong></span> <span class='ocrx_word' id='word_1_420' title='bbox 3526 1530 3624 1583; x_wconf 89' lang='lat' dir='ltr'><strong>ap-</strong></span> 
     </span>
    </p>
   </div>
   <div class='ocr_carea' id='block_1_59' title="bbox 2036 1608 3624 1682">
    <p class='ocr_par' dir='ltr' id='par_1_59' title="bbox 2036 1608 3624 1682">
     <span class='ocr_line' id='line_1_59' title="bbox 2036 1608 3624 1682; baseline -0.001 -18"><span class='ocrx_word' id='word_1_421' title='bbox 2036 1611 2202 1682; x_wconf 89' lang='lat' dir='ltr'><strong>pello.</strong></span> <span class='ocrx_word' id='word_1_422' title='bbox 2228 1611 2380 1666; x_wconf 84' lang='lat' dir='ltr'><strong>More</strong></span> <span class='ocrx_word' id='word_1_423' title='bbox 2427 1619 2617 1666; x_wconf 11' lang='lat' dir='ltr'><strong>aurem,</strong></span> <span class='ocrx_word' id='word_1_424' title='bbox 2656 1609 2859 1681; x_wconf 80' lang='lat' dir='ltr'><strong>dialogi</strong></span> <span class='ocrx_word' id='word_1_425' title='bbox 2892 1609 3157 1679; x_wconf 86' lang='lat' dir='ltr'><strong>procedet</strong></span> <span class='ocrx_word' id='word_1_426' title='bbox 3183 1608 3383 1673; x_wconf 82' lang='lat' dir='ltr'><strong>oratio,</strong></span> <span class='ocrx_word' id='word_1_427' title='bbox 3405 1615 3468 1662; x_wconf 91' lang='lat' dir='ltr'><strong>ut</strong></span> <span class='ocrx_word' id='word_1_428' title='bbox 3501 1622 3624 1676; x_wconf 76' lang='lat' dir='ltr'><strong>qua:</strong></span> 
     </span>
    </p>
   </div>
   <div class='ocr_carea' id='block_1_60' title="bbox 2039 1699 3626 1773">
    <p class='ocr_par' dir='ltr' id='par_1_60' title="bbox 2039 1699 3626 1773">
     <span class='ocr_line' id='line_1_60' title="bbox 2039 1699 3626 1773; baseline -0.004 -15"><span class='ocrx_word' id='word_1_429' title='bbox 2039 1703 2499 1773; x_wconf 76' lang='lat' dir='ltr'><strong>interrogationes</strong></span> <span class='ocrx_word' id='word_1_430' title='bbox 2551 1710 2609 1758; x_wconf 90' lang='lat' dir='ltr'><strong>et</strong></span> <span class='ocrx_word' id='word_1_431' title='bbox 2652 1702 3074 1773; x_wconf 78' lang='lat' dir='ltr'><strong>responsiones,</strong></span> <span class='ocrx_word' id='word_1_432' title='bbox 3121 1699 3531 1771; x_wconf 76' lang='lat' dir='ltr'><strong>prepositiones</strong></span> <span class='ocrx_word' id='word_1_433' title='bbox 3568 1705 3626 1751; x_wconf 91' lang='lat' dir='ltr'><strong>et</strong></span> 
     </span>
    </p>
   </div>
   <div class='ocr_carea' id='block_1_61' title="bbox 2040 1788 3625 1864">
    <p class='ocr_par' dir='ltr' id='par_1_61' title="bbox 2040 1788 3625 1864">
     <span class='ocr_line' id='line_1_61' title="bbox 2040 1788 3625 1864; baseline -0.006 -15"><span class='ocrx_word' id='word_1_434' title='bbox 2040 1795 2366 1860; x_wconf 82' lang='lat' dir='ltr'><strong>solutiones,</strong></span> <span class='ocrx_word' id='word_1_435' title='bbox 2428 1792 2880 1864; x_wconf 88' lang='lat' dir='ltr'><strong>objectionesque</strong></span> <span class='ocrx_word' id='word_1_436' title='bbox 2932 1799 2990 1845; x_wconf 87' lang='lat' dir='ltr'><strong>et</strong></span> <span class='ocrx_word' id='word_1_437' title='bbox 3035 1798 3234 1845; x_wconf 63' lang='lat' dir='ltr'><strong>caetera</strong></span> <span class='ocrx_word' id='word_1_438' title='bbox 3285 1788 3625 1857; x_wconf 83' lang='lat' dir='ltr'><strong>dialogorum</strong></span> 
     </span>
    </p>
   </div>
   <div class='ocr_carea' id='block_1_62' title="bbox 2043 1881 3627 1956">
    <p class='ocr_par' dir='ltr' id='par_1_62' title="bbox 2043 1881 3627 1956">
     <span class='ocr_line' id='line_1_62' title="bbox 2043 1881 3627 1956; baseline -0.007 -15"><span class='ocrx_word' id='word_1_439' title='bbox 2043 1886 2234 1942; x_wconf 70' lang='lat' dir='ltr'><strong>forma:</strong></span> <span class='ocrx_word' id='word_1_440' title='bbox 2249 1885 2473 1956; x_wconf 87' lang='lat' dir='ltr'><strong>propria</strong></span> <span class='ocrx_word' id='word_1_441' title='bbox 2487 1885 2793 1940; x_wconf 88' lang='lat' dir='ltr'><strong>contineat.</strong></span> <span class='ocrx_word' id='word_1_442' title='bbox 2810 1881 3274 1951; x_wconf 70' lang='lat' dir='ltr'><strong>lnterrogantium</strong></span> <span class='ocrx_word' id='word_1_443' title='bbox 3290 1894 3425 1933; x_wconf 79' lang='lat' dir='ltr'><strong>vero</strong></span> <span class='ocrx_word' id='word_1_444' title='bbox 3455 1885 3513 1930; x_wconf 89' lang='lat' dir='ltr'><strong>et</strong></span> <span class='ocrx_word' id='word_1_445' title='bbox 3539 1892 3627 1930; x_wconf 92' lang='lat' dir='ltr'><strong>re-</strong></span> 
     </span>
    </p>
   </div>
   <div class='ocr_carea' id='block_1_63' title="bbox 2043 1969 3630 2048">
    <p class='ocr_par' dir='ltr' id='par_1_63' title="bbox 2043 1969 3630 2048">
     <span class='ocr_line' id='line_1_63' title="bbox 2043 1969 3630 2048; baseline -0.008 -15"><span class='ocrx_word' id='word_1_446' title='bbox 2043 1977 2431 2048; x_wconf 89' lang='lat' dir='ltr'><strong>spondentium</strong></span> <span class='ocrx_word' id='word_1_447' title='bbox 2464 1977 2690 2030; x_wconf 89' lang='lat' dir='ltr'><strong>nomina</strong></span> <span class='ocrx_word' id='word_1_448' title='bbox 2717 1973 2937 2044; x_wconf 87' lang='lat' dir='ltr'><strong>corpori</strong></span> <span class='ocrx_word' id='word_1_449' title='bbox 2967 1973 3313 2042; x_wconf 87' lang='lat' dir='ltr'><strong>dialogorum</strong></span> <span class='ocrx_word' id='word_1_450' title='bbox 3339 1985 3450 2023; x_wconf 91' lang='lat' dir='ltr'><strong>non</strong></span> <span class='ocrx_word' id='word_1_451' title='bbox 3481 1969 3630 2022; x_wconf 91' lang='lat' dir='ltr'><strong>inse-</strong></span> 
     </span>
    </p>
   </div>
   <div class='ocr_carea' id='block_1_64' title="bbox 2044 2059 3628 2135">
    <p class='ocr_par' dir='ltr' id='par_1_64' title="bbox 2044 2059 3628 2135">
     <span class='ocr_line' id='line_1_64' title="bbox 2044 2059 3628 2135; baseline -0.007 -10"><span class='ocrx_word' id='word_1_452' title='bbox 2044 2085 2186 2135; x_wconf 86' lang='lat' dir='ltr'><strong>ram,</strong></span> <span class='ocrx_word' id='word_1_453' title='bbox 2209 2070 2353 2125; x_wconf 87' lang='lat' dir='ltr'><strong>sicut</strong></span> <span class='ocrx_word' id='word_1_454' title='bbox 2372 2075 2588 2123; x_wconf 85' lang='lat' dir='ltr'><strong>veteres</strong></span> <span class='ocrx_word' id='word_1_455' title='bbox 2604 2066 2920 2122; x_wconf 66' lang='lat' dir='ltr'><strong>Graacorum</strong></span> <span class='ocrx_word' id='word_1_456' title='bbox 2939 2066 3218 2134; x_wconf 83' lang='lat' dir='ltr'><strong>sapientes</strong></span> <span class='ocrx_word' id='word_1_457' title='bbox 3231 2063 3482 2117; x_wconf 84' lang='lat' dir='ltr'><strong>fecerunt</strong></span> <span class='ocrx_word' id='word_1_458' title='bbox 3502 2059 3628 2115; x_wconf 88' lang='lat' dir='ltr'><strong>:sed</strong></span> 
     </span>
    </p>
   </div>
   <div class='ocr_carea' id='block_1_65' title="bbox 2043 2155 3631 2224">
    <p class='ocr_par' dir='ltr' id='par_1_65' title="bbox 2043 2155 3631 2224">
     <span class='ocr_line' id='line_1_65' title="bbox 2043 2155 3631 2224; baseline -0.008 -6"><span class='ocrx_word' id='word_1_459' title='bbox 2043 2177 2308 2220; x_wconf 78' lang='lat' dir='ltr'><strong>versuum</strong></span> <span class='ocrx_word' id='word_1_460' title='bbox 2351 2159 2527 2216; x_wconf 89' lang='lat' dir='ltr'><strong>initiis</strong></span> <span class='ocrx_word' id='word_1_461' title='bbox 2570 2159 2866 2214; x_wconf 82' lang='lat' dir='ltr'><strong>ascribam.</strong></span> <span class='ocrx_word' id='word_1_462' title='bbox 2913 2156 2998 2212; x_wconf 86' lang='lat' dir='ltr'><strong>Illi</strong></span> <span class='ocrx_word' id='word_1_463' title='bbox 3036 2157 3184 2210; x_wconf 87' lang='lat' dir='ltr'><strong>enim</strong></span> <span class='ocrx_word' id='word_1_464' title='bbox 3227 2155 3378 2209; x_wconf 87' lang='lat' dir='ltr'><strong>omni</strong></span> <span class='ocrx_word' id='word_1_465' title='bbox 3425 2167 3631 2224; x_wconf 86' lang='lat' dir='ltr'><strong>genere</strong></span> 
     </span>
    </p>
   </div>
   <div class='ocr_carea' id='block_1_66' title="bbox 2047 2248 3632 2322">
    <p class='ocr_par' dir='ltr' id='par_1_66' title="bbox 2047 2248 3632 2322">
     <span class='ocr_line' id='line_1_66' title="bbox 2047 2248 3632 2322; baseline -0.009 -9"><span class='ocrx_word' id='word_1_466' title='bbox 2047 2257 2312 2313; x_wconf 77' lang='lat' dir='ltr'><strong>doctrina:</strong></span> <span class='ocrx_word' id='word_1_467' title='bbox 2359 2253 2615 2320; x_wconf 71' lang='lat' dir='ltr'><strong>excultis,</strong></span> <span class='ocrx_word' id='word_1_468' title='bbox 2655 2260 2713 2308; x_wconf 88' lang='lat' dir='ltr'><strong>et</strong></span> <span class='ocrx_word' id='word_1_469' title='bbox 2759 2265 2998 2322; x_wconf 82' lang='lat' dir='ltr'><strong>quorum</strong></span> <span class='ocrx_word' id='word_1_470' title='bbox 3044 2250 3157 2304; x_wconf 91' lang='lat' dir='ltr'><strong>vita</strong></span> <span class='ocrx_word' id='word_1_471' title='bbox 3210 2248 3268 2302; x_wconf 92' lang='lat' dir='ltr'><strong>in</strong></span> <span class='ocrx_word' id='word_1_472' title='bbox 3323 2249 3632 2301; x_wconf 86' lang='lat' dir='ltr'><strong>litterarum</strong></span> 
     </span>
    </p>
   </div>
   <div class='ocr_carea' id='block_1_67' title="bbox 2047 2339 3636 2414">
    <p class='ocr_par' dir='ltr' id='par_1_67' title="bbox 2047 2339 3636 2414">
     <span class='ocr_line' id='line_1_67' title="bbox 2047 2339 3636 2414; baseline -0.009 -8"><span class='ocrx_word' id='word_1_473' title='bbox 2047 2348 2249 2405; x_wconf 88' lang='lat' dir='ltr'><strong>studiis</strong></span> <span class='ocrx_word' id='word_1_474' title='bbox 2279 2345 2729 2410; x_wconf 89' lang='lat' dir='ltr'><strong>consumebatur,</strong></span> <span class='ocrx_word' id='word_1_475' title='bbox 2762 2360 2863 2399; x_wconf 87' lang='lat' dir='ltr'><strong>sua</strong></span> <span class='ocrx_word' id='word_1_476' title='bbox 2905 2343 3112 2414; x_wconf 87' lang='lat' dir='ltr'><strong>scripta</strong></span> <span class='ocrx_word' id='word_1_477' title='bbox 3150 2341 3476 2396; x_wconf 69' lang='lat' dir='ltr'><strong>offerebant.</strong></span> <span class='ocrx_word' id='word_1_478' title='bbox 3520 2339 3636 2408; x_wconf 87' lang='lat' dir='ltr'><strong>Ego</strong></span> 
     </span>
    </p>
   </div>
   <div class='ocr_carea' id='block_1_68' title="bbox 2047 2429 3720 2509">
    <p class='ocr_par' dir='ltr' id='par_1_68' title="bbox 2047 2429 3720 2509">
     <span class='ocr_line' id='line_1_68' title="bbox 2047 2429 3720 2509; baseline -0.01 -12"><span class='ocrx_word' id='word_1_479' title='bbox 2047 2458 2181 2497; x_wconf 88' lang='lat' dir='ltr'><strong>vero</strong></span> <span class='ocrx_word' id='word_1_480' title='bbox 2205 2441 2372 2498; x_wconf 89' lang='lat' dir='ltr'><strong>etiam</strong></span> <span class='ocrx_word' id='word_1_481' title='bbox 2399 2440 2468 2495; x_wconf 91' lang='lat' dir='ltr'><strong>iis</strong></span> <span class='ocrx_word' id='word_1_482' title='bbox 2487 2439 2582 2509; x_wconf 88' lang='lat' dir='ltr'><strong>qui</strong></span> <span class='ocrx_word' id='word_1_483' title='bbox 2607 2438 2882 2493; x_wconf 81' lang='lat' dir='ltr'><strong>bonarum</strong></span> <span class='ocrx_word' id='word_1_484' title='bbox 2904 2435 3107 2491; x_wconf 88' lang='lat' dir='ltr'><strong>artium</strong></span> <span class='ocrx_word' id='word_1_485' title='bbox 3131 2432 3410 2506; x_wconf 85' lang='lat' dir='ltr'><strong>mysteriis</strong></span> <span class='ocrx_word' id='word_1_486' title='bbox 3437 2429 3638 2484; x_wconf 87' lang='lat' dir='ltr'><strong>initiati</strong></span> <span class='ocrx_word' id='word_1_487' title='bbox 3707 2443 3720 2456; x_wconf 86' lang='grc'>·</span> 
     </span>
    </p>
   </div>
   <div class='ocr_carea' id='block_1_69' title="bbox 2048 2522 3641 2600">
    <p class='ocr_par' dir='ltr' id='par_1_69' title="bbox 2048 2522 3641 2600">
     <span class='ocr_line' id='line_1_69' title="bbox 2048 2522 3641 2600; baseline -0.009 -8"><span class='ocrx_word' id='word_1_488' title='bbox 2048 2551 2160 2592; x_wconf 91' lang='lat' dir='ltr'><strong>non</strong></span> <span class='ocrx_word' id='word_1_489' title='bbox 2214 2541 2364 2599; x_wconf 87' lang='lat' dir='ltr'><strong>sunt,</strong></span> <span class='ocrx_word' id='word_1_490' title='bbox 2398 2532 2618 2588; x_wconf 84' lang='lat' dir='ltr'><strong>facilem</strong></span> <span class='ocrx_word' id='word_1_491' title='bbox 2661 2538 2718 2586; x_wconf 93' lang='lat' dir='ltr'><strong>et</strong></span> <span class='ocrx_word' id='word_1_492' title='bbox 2765 2529 3078 2600; x_wconf 80' lang='lat' dir='ltr'><strong>expeditam</strong></span> <span class='ocrx_word' id='word_1_493' title='bbox 3122 2541 3243 2581; x_wconf 91' lang='lat' dir='ltr'><strong>esse</strong></span> <span class='ocrx_word' id='word_1_494' title='bbox 3284 2525 3412 2579; x_wconf 89' lang='lat' dir='ltr'><strong>volo</strong></span> <span class='ocrx_word' id='word_1_495' title='bbox 3446 2522 3641 2577; x_wconf 86' lang='lat' dir='ltr'><strong>lectio-</strong></span> 
     </span>
    </p>
   </div>
   <div class='ocr_carea' id='block_1_70' title="bbox 2049 2617 3653 2692">
    <p class='ocr_par' dir='ltr' id='par_1_70' title="bbox 2049 2617 3653 2692">
     <span class='ocr_line' id='line_1_70' title="bbox 2049 2617 3653 2692; baseline -0.011 -10"><span class='ocrx_word' id='word_1_496' title='bbox 2049 2643 2199 2692; x_wconf 90' lang='lat' dir='ltr'><strong>nem,</strong></span> <span class='ocrx_word' id='word_1_497' title='bbox 2234 2631 2295 2681; x_wconf 91' lang='lat' dir='ltr'><strong>et</strong></span> <span class='ocrx_word' id='word_1_498' title='bbox 2328 2622 2588 2679; x_wconf 85' lang='lat' dir='ltr'><strong>utilitatis</strong></span> <span class='ocrx_word' id='word_1_499' title='bbox 2635 2621 3032 2676; x_wconf 81' lang='lat' dir='ltr'><strong>inventionem.</strong></span> <span class='ocrx_word' id='word_1_500' title='bbox 3065 2617 3288 2673; x_wconf 87' lang='lat' dir='ltr'><strong>Planior</strong></span> <span class='ocrx_word' id='word_1_501' title='bbox 3326 2625 3511 2670; x_wconf 88' lang='lat' dir='ltr'><strong>autem</strong></span> <span class='ocrx_word' id='word_1_502' title='bbox 3550 2629 3653 2670; x_wconf 86' lang='lat' dir='ltr'><strong>res.</strong></span> 
     </span>
    </p>
   </div>
   <div class='ocr_carea' id='block_1_71' title="bbox 2050 2707 3646 2788">
    <p class='ocr_par' dir='ltr' id='par_1_71' title="bbox 2050 2707 3646 2788">
     <span class='ocr_line' id='line_1_71' title="bbox 2050 2707 3646 2788; baseline -0.01 -14"><span class='ocrx_word' id='word_1_503' title='bbox 2050 2719 2179 2784; x_wconf 86' lang='lat' dir='ltr'><strong>erit,</strong></span> <span class='ocrx_word' id='word_1_504' title='bbox 2211 2717 2259 2774; x_wconf 86' lang='lat' dir='ltr'><strong>si</strong></span> <span class='ocrx_word' id='word_1_505' title='bbox 2298 2729 2551 2788; x_wconf 66' lang='lat' dir='ltr'><strong>personae</strong></span> <span class='ocrx_word' id='word_1_506' title='bbox 2578 2712 2968 2769; x_wconf 90' lang='lat' dir='ltr'><strong>disserentium</strong></span> <span class='ocrx_word' id='word_1_507' title='bbox 3005 2726 3074 2765; x_wconf 80' lang='lat' dir='ltr'><strong>ex</strong></span> <span class='ocrx_word' id='word_1_508' title='bbox 3113 2708 3369 2778; x_wconf 86' lang='lat' dir='ltr'><strong>ascriptis</strong></span> <span class='ocrx_word' id='word_1_509' title='bbox 3400 2707 3457 2760; x_wconf 92' lang='lat' dir='ltr'><strong>in</strong></span> <span class='ocrx_word' id='word_1_510' title='bbox 3497 2723 3646 2760; x_wconf 89' lang='lat' dir='ltr'><strong>mar-</strong></span> 
     </span>
    </p>
   </div>
   <div class='ocr_carea' id='block_1_72' title="bbox 2053 2798 3640 2883">
    <p class='ocr_par' dir='ltr' id='par_1_72' title="bbox 2053 2798 3640 2883">
     <span class='ocr_line' id='line_1_72' title="bbox 2053 2798 3640 2883; baseline -0.009 -16"><span class='ocrx_word' id='word_1_511' title='bbox 2053 2813 2179 2883; x_wconf 88' lang='lat' dir='ltr'><strong>gine</strong></span> <span class='ocrx_word' id='word_1_512' title='bbox 2216 2808 2539 2866; x_wconf 88' lang='lat' dir='ltr'><strong>nominibus</strong></span> <span class='ocrx_word' id='word_1_513' title='bbox 2564 2805 2873 2862; x_wconf 58' lang='lat' dir='ltr'><strong>manifestae</strong></span> <span class='ocrx_word' id='word_1_514' title='bbox 2895 2803 3044 2858; x_wconf 84' lang='lat' dir='ltr'><strong>ﬁant.</strong></span> <span class='ocrx_word' id='word_1_515' title='bbox 3080 2802 3259 2871; x_wconf 86' lang='lat' dir='ltr'><strong>Atque</strong></span> <span class='ocrx_word' id='word_1_516' title='bbox 3287 2799 3364 2853; x_wconf 90' lang='lat' dir='ltr'><strong>illi</strong></span> <span class='ocrx_word' id='word_1_517' title='bbox 3392 2798 3640 2868; x_wconf 88' lang='lat' dir='ltr'><strong>quidem,</strong></span> 
     </span>
    </p>
   </div>
   <div class='ocr_carea' id='block_1_73' title="bbox 2053 2889 3645 2974">
    <p class='ocr_par' dir='ltr' id='par_1_73' title="bbox 2053 2889 3645 2974">
     <span class='ocr_line' id='line_1_73' title="bbox 2053 2889 3645 2974; baseline -0.011 -15"><span class='ocrx_word' id='word_1_518' title='bbox 2053 2903 2148 2974; x_wconf 92' lang='lat' dir='ltr'><strong>qui</strong></span> <span class='ocrx_word' id='word_1_519' title='bbox 2167 2918 2270 2973; x_wconf 89' lang='lat' dir='ltr'><strong>pro</strong></span> <span class='ocrx_word' id='word_1_520' title='bbox 2288 2899 2612 2971; x_wconf 86' lang='lat' dir='ltr'><strong>apostolicis</strong></span> <span class='ocrx_word' id='word_1_521' title='bbox 2630 2893 3262 2969; x_wconf 83' lang='lat' dir='ltr'><strong>dogmatibusdecertat,</strong></span> <span class='ocrx_word' id='word_1_522' title='bbox 3289 2889 3577 2947; x_wconf 72' lang='lat' dir='ltr'><strong>Orthodoxi</strong></span> <span class='ocrx_word' id='word_1_523' title='bbox 3589 2889 3645 2960; x_wconf 65' lang='grc' dir='ltr'><strong>ἥ.</strong></span> 
     </span>
    </p>
   </div>
   <div class='ocr_carea' id='block_1_74' title="bbox 2053 2979 3654 3057">
    <p class='ocr_par' dir='ltr' id='par_1_74' title="bbox 2053 2979 3654 3057">
     <span class='ocr_line' id='line_1_74' title="bbox 2053 2979 3654 3057; baseline -0.012 -6"><span class='ocrx_word' id='word_1_524' title='bbox 2053 3010 2258 3051; x_wconf 90' lang='lat' dir='ltr'><strong>nomen</strong></span> <span class='ocrx_word' id='word_1_525' title='bbox 2270 3001 2353 3048; x_wconf 91' lang='lat' dir='ltr'><strong>est</strong></span> <span class='ocrx_word' id='word_1_526' title='bbox 2370 3009 2382 3045; x_wconf 93' lang='lat'><strong>:</strong></span> <span class='ocrx_word' id='word_1_527' title='bbox 2398 2991 2535 3046; x_wconf 90' lang='lat' dir='ltr'><strong>alter</strong></span> <span class='ocrx_word' id='word_1_528' title='bbox 2545 2989 2820 3045; x_wconf 68' lang='lat' dir='ltr'><strong>Eranistes</strong></span> <span class='ocrx_word' id='word_1_529' title='bbox 2833 2979 3654 3057; x_wconf 56' lang='lat' dir='ltr'><strong>appellatur..Quemadmodum.</strong></span> 
     </span>
    </p>
   </div>
   <div class='ocr_carea' id='block_1_75' title="bbox 2056 3070 3652 3151">
    <p class='ocr_par' dir='ltr' id='par_1_75' title="bbox 2056 3070 3652 3151">
     <span class='ocr_line' id='line_1_75' title="bbox 2056 3070 3652 3151; baseline -0.012 -10"><span class='ocrx_word' id='word_1_530' title='bbox 2056 3085 2207 3141; x_wconf 88' lang='lat' dir='ltr'><strong>enim</strong></span> <span class='ocrx_word' id='word_1_531' title='bbox 2228 3099 2357 3139; x_wconf 90' lang='lat' dir='ltr'><strong>eum</strong></span> <span class='ocrx_word' id='word_1_532' title='bbox 2384 3083 2405 3103; x_wconf 80' lang='grc'><strong><em>⁶</em></strong></span> <span class='ocrx_word' id='word_1_533' title='bbox 2439 3080 2534 3151; x_wconf 83' lang='lat' dir='ltr'><strong>qui</strong></span> <span class='ocrx_word' id='word_1_534' title='bbox 2568 3093 2599 3133; x_wconf 90' lang='lat' dir='ltr'><strong>a</strong></span> <span class='ocrx_word' id='word_1_535' title='bbox 2628 3077 2820 3133; x_wconf 91' lang='lat' dir='ltr'><strong>multis</strong></span> <span class='ocrx_word' id='word_1_536' title='bbox 2852 3091 2951 3146; x_wconf 89' lang='lat' dir='ltr'><strong>per</strong></span> <span class='ocrx_word' id='word_1_537' title='bbox 2979 3071 3420 3128; x_wconf 88' lang='lat' dir='ltr'><strong>misericordiam</strong></span> <span class='ocrx_word' id='word_1_538' title='bbox 3457 3070 3652 3134; x_wconf 76' lang='lat' dir='ltr'><strong>alitur,</strong></span> 
     </span>
    </p>
   </div>
   <div class='ocr_carea' id='block_1_76' title="bbox 2059 3252 3662 3336">
    <p class='ocr_par' dir='ltr' id='par_1_76' title="bbox 2059 3252 3662 3336">
     <span class='ocr_line' id='line_1_76' title="bbox 2059 3252 3662 3336; baseline -0.009 -15"><span class='ocrx_word' id='word_1_539' title='bbox 2059 3266 2162 3336; x_wconf 79' lang='lat' dir='ltr'><strong>qui</strong></span> <span class='ocrx_word' id='word_1_540' title='bbox 2188 3262 2585 3334; x_wconf 75' lang='lat' dir='ltr'><strong>scitpecunias</strong></span> <span class='ocrx_word' id='word_1_541' title='bbox 2625 3259 2886 3329; x_wconf 82' lang='lat' dir='ltr'><strong>colligere</strong></span> <span class='ocrx_word' id='word_1_542' title='bbox 2917 3273 2940 3310; x_wconf 18' lang='lat' dir='ltr'><strong>:A</strong></span> <span class='ocrx_word' id='word_1_543' title='bbox 2968 3257 3044 3311; x_wconf 90' lang='lat' dir='ltr'><strong>ita</strong></span> <span class='ocrx_word' id='word_1_544' title='bbox 3076 3255 3239 3310; x_wconf 89' lang='lat' dir='ltr'><strong>etiam</strong></span> <span class='ocrx_word' id='word_1_545' title='bbox 3272 3254 3405 3308; x_wconf 89' lang='lat' dir='ltr'><strong>huic</strong></span> <span class='ocrx_word' id='word_1_546' title='bbox 3429 3269 3495 3308; x_wconf 78' lang='lat' dir='ltr'><strong>ex</strong></span> <span class='ocrx_word' id='word_1_547' title='bbox 3529 3252 3662 3322; x_wconf 73' lang='lat' dir='ltr'><strong>ejus</strong></span> 
     </span>
    </p>
   </div>
   <div class='ocr_carea' id='block_1_77' title="bbox 2059 3347 3656 3419">
    <p class='ocr_par' dir='ltr' id='par_1_77' title="bbox 2059 3347 3656 3419">
     <span class='ocr_line' id='line_1_77' title="bbox 2059 3347 3656 3419; baseline -0.012 -3"><span class='ocrx_word' id='word_1_548' title='bbox 2059 3359 2258 3416; x_wconf 89' lang='lat' dir='ltr'><strong>studiis</strong></span> <span class='ocrx_word' id='word_1_549' title='bbox 2278 3367 2335 3413; x_wconf 91' lang='lat' dir='ltr'><strong>et</strong></span> <span class='ocrx_word' id='word_1_550' title='bbox 2358 3356 2612 3411; x_wconf 89' lang='lat' dir='ltr'><strong>instituto</strong></span> <span class='ocrx_word' id='word_1_551' title='bbox 2640 3367 2841 3407; x_wconf 88' lang='lat' dir='ltr'><strong>nomen</strong></span> <span class='ocrx_word' id='word_1_552' title='bbox 2867 3348 3252 3419; x_wconf 89' lang='lat' dir='ltr'><strong>imposuimus.</strong></span> <span class='ocrx_word' id='word_1_553' title='bbox 3282 3347 3434 3416; x_wconf 84' lang='lat' dir='ltr'><strong>Rogo</strong></span> <span class='ocrx_word' id='word_1_554' title='bbox 3463 3351 3656 3400; x_wconf 86' lang='lat' dir='ltr'><strong>autem</strong></span> 
     </span>
    </p>
   </div>
   <div class='ocr_carea' id='block_1_78' title="bbox 2059 3436 3658 3515">
    <p class='ocr_par' dir='ltr' id='par_1_78' title="bbox 2059 3436 3658 3515">
     <span class='ocr_line' id='line_1_78' title="bbox 2059 3436 3658 3515; baseline -0.011 -8"><span class='ocrx_word' id='word_1_555' title='bbox 2059 3452 2316 3514; x_wconf 90' lang='lat' dir='ltr'><strong>lectores,</strong></span> <span class='ocrx_word' id='word_1_556' title='bbox 2353 3455 2416 3502; x_wconf 88' lang='lat' dir='ltr'><strong>ut</strong></span> <span class='ocrx_word' id='word_1_557' title='bbox 2463 3447 2582 3502; x_wconf 87' lang='lat' dir='ltr'><strong>sine</strong></span> <span class='ocrx_word' id='word_1_558' title='bbox 2624 3451 3010 3515; x_wconf 72' lang='lat' dir='ltr'><strong>preeoccupata</strong></span> <span class='ocrx_word' id='word_1_559' title='bbox 3057 3439 3320 3510; x_wconf 87' lang='lat' dir='ltr'><strong>opinione</strong></span> <span class='ocrx_word' id='word_1_560' title='bbox 3357 3436 3658 3492; x_wconf 68' lang='lat' dir='ltr'><strong>veritatem.</strong></span> 
     </span>
    </p>
   </div>
   <div class='ocr_carea' id='block_1_79' title="bbox 2059 3529 3651 3604">
    <p class='ocr_par' dir='ltr' id='par_1_79' title="bbox 2059 3529 3651 3604">
     <span class='ocr_line' id='line_1_79' title="bbox 2059 3529 3651 3604; baseline -0.011 -6"><span class='ocrx_word' id='word_1_561' title='bbox 2059 3543 2395 3599; x_wconf 76' lang='lat' dir='ltr'><strong>examinem.</strong></span> <span class='ocrx_word' id='word_1_562' title='bbox 2433 3538 2546 3594; x_wconf 84' lang='lat' dir='ltr'><strong>Nos</strong></span> <span class='ocrx_word' id='word_1_563' title='bbox 2594 3537 2744 3592; x_wconf 88' lang='lat' dir='ltr'><strong>enim</strong></span> <span class='ocrx_word' id='word_1_564' title='bbox 2788 3531 3199 3604; x_wconf 84' lang='lat' dir='ltr'><strong>perspicuitatis</strong></span> <span class='ocrx_word' id='word_1_565' title='bbox 3244 3545 3408 3586; x_wconf 89' lang='lat' dir='ltr'><strong>causa</strong></span> <span class='ocrx_word' id='word_1_566' title='bbox 3445 3529 3651 3583; x_wconf 90' lang='lat' dir='ltr'><strong>librum</strong></span> 
     </span>
    </p>
   </div>
   <div class='ocr_carea' id='block_1_80' title="bbox 2061 3622 3653 3703">
    <p class='ocr_par' dir='ltr' id='par_1_80' title="bbox 2061 3622 3653 3703">
     <span class='ocr_line' id='line_1_80' title="bbox 2061 3622 3653 3703; baseline -0.012 -10"><span class='ocrx_word' id='word_1_567' title='bbox 2061 3639 2126 3693; x_wconf 87' lang='lat' dir='ltr'><strong>in</strong></span> <span class='ocrx_word' id='word_1_568' title='bbox 2147 3644 2262 3691; x_wconf 90' lang='lat' dir='ltr'><strong>tres</strong></span> <span class='ocrx_word' id='word_1_569' title='bbox 2295 3634 2540 3703; x_wconf 89' lang='lat' dir='ltr'><strong>dialogos</strong></span> <span class='ocrx_word' id='word_1_570' title='bbox 2573 3628 2908 3685; x_wconf 90' lang='lat' dir='ltr'><strong>dividemus.</strong></span> <span class='ocrx_word' id='word_1_571' title='bbox 2943 3626 3012 3680; x_wconf 88' lang='lat' dir='ltr'><strong>Et</strong></span> <span class='ocrx_word' id='word_1_572' title='bbox 3039 3625 3254 3696; x_wconf 90' lang='lat' dir='ltr'><strong>primus</strong></span> <span class='ocrx_word' id='word_1_573' title='bbox 3282 3622 3505 3694; x_wconf 87' lang='lat' dir='ltr'><strong>quidem</strong></span> <span class='ocrx_word' id='word_1_574' title='bbox 3545 3622 3653 3675; x_wconf 85' lang='lat' dir='ltr'><strong>im-</strong></span> 
     </span>
    </p>
   </div>
   <div class='ocr_carea' id='block_1_81' title="bbox 2059 3714 3653 3788">
    <p class='ocr_par' dir='ltr' id='par_1_81' title="bbox 2059 3714 3653 3788">
     <span class='ocr_line' id='line_1_81' title="bbox 2059 3714 3653 3788; baseline -0.011 -6"><span class='ocrx_word' id='word_1_575' title='bbox 2059 3724 2385 3782; x_wconf 84' lang='lat' dir='ltr'><strong>mutabilem</strong></span> <span class='ocrx_word' id='word_1_576' title='bbox 2415 3735 2536 3777; x_wconf 89' lang='lat' dir='ltr'><strong>esse</strong></span> <span class='ocrx_word' id='word_1_577' title='bbox 2576 3716 2850 3788; x_wconf 85' lang='lat' dir='ltr'><strong>unigeniti</strong></span> <span class='ocrx_word' id='word_1_578' title='bbox 2879 3715 3005 3770; x_wconf 91' lang='lat' dir='ltr'><strong>Filii</strong></span> <span class='ocrx_word' id='word_1_579' title='bbox 3039 3714 3386 3769; x_wconf 83' lang='lat' dir='ltr'><strong>divinitatem</strong></span> <span class='ocrx_word' id='word_1_580' title='bbox 3423 3718 3653 3766; x_wconf 89' lang='lat' dir='ltr'><strong>conten-</strong></span> 
     </span>
    </p>
   </div>
   <div class='ocr_carea' id='block_1_82' title="bbox 2061 3804 3654 3884">
    <p class='ocr_par' dir='ltr' id='par_1_82' title="bbox 2061 3804 3654 3884">
     <span class='ocr_line' id='line_1_82' title="bbox 2061 3804 3654 3884; baseline -0.011 -10"><span class='ocrx_word' id='word_1_581' title='bbox 2061 3818 2185 3884; x_wconf 87' lang='lat' dir='ltr'><strong>det;</strong></span> <span class='ocrx_word' id='word_1_582' title='bbox 2237 3814 2527 3872; x_wconf 33' lang='lat' dir='ltr'><strong>secundus.</strong></span> <span class='ocrx_word' id='word_1_583' title='bbox 2561 3817 2748 3867; x_wconf 88' lang='lat' dir='ltr'><strong>autem</strong></span> <span class='ocrx_word' id='word_1_584' title='bbox 2800 3807 3171 3872; x_wconf 83' lang='lat' dir='ltr'><strong>inconfusam,</strong></span> <span class='ocrx_word' id='word_1_585' title='bbox 3205 3806 3320 3860; x_wconf 88' lang='lat' dir='ltr'><strong>Deo</strong></span> <span class='ocrx_word' id='word_1_586' title='bbox 3373 3804 3516 3858; x_wconf 88' lang='lat' dir='ltr'><strong>bene</strong></span> <span class='ocrx_word' id='word_1_587' title='bbox 3562 3805 3654 3874; x_wconf 82' lang='lat' dir='ltr'><strong>ju-</strong></span> 
     </span>
    </p>
   </div>
   <div class='ocr_carea' id='block_1_83' title="bbox 2061 3896 3659 3974">
    <p class='ocr_par' dir='ltr' id='par_1_83' title="bbox 2061 3896 3659 3974">
     <span class='ocr_line' id='line_1_83' title="bbox 2061 3896 3659 3974; baseline -0.008 -11"><span class='ocrx_word' id='word_1_588' title='bbox 2061 3917 2249 3974; x_wconf 82' lang='lat' dir='ltr'><strong>vante,</strong></span> <span class='ocrx_word' id='word_1_589' title='bbox 2288 3906 2496 3963; x_wconf 83' lang='lat' dir='ltr'><strong>Christi</strong></span> <span class='ocrx_word' id='word_1_590' title='bbox 2550 3901 2784 3959; x_wconf 6' lang='lat' dir='ltr'><strong>Dominis,</strong></span> <span class='ocrx_word' id='word_1_591' title='bbox 2825 3899 3135 3955; x_wconf 89' lang='lat' dir='ltr'><strong>divinitatis</strong></span> <span class='ocrx_word' id='word_1_592' title='bbox 3189 3906 3252 3953; x_wconf 90' lang='lat' dir='ltr'><strong>et-</strong></span> <span class='ocrx_word' id='word_1_593' title='bbox 3295 3896 3659 3950; x_wconf 83' lang='lat' dir='ltr'><strong>humanitatis</strong></span> 
     </span>
    </p>
   </div>
   <div class='ocr_carea' id='block_1_84' title="bbox 2065 3987 3658 4060">
    <p class='ocr_par' dir='ltr' id='par_1_84' title="bbox 2065 3987 3658 4060">
     <span class='ocr_line' id='line_1_84' title="bbox 2065 3987 3658 4060; baseline -0.011 -3"><span class='ocrx_word' id='word_1_594' title='bbox 2065 4003 2329 4057; x_wconf 88' lang='lat' dir='ltr'><strong>unionem</strong></span> <span class='ocrx_word' id='word_1_595' title='bbox 2366 3999 2534 4055; x_wconf 85' lang='lat' dir='ltr'><strong>fuisse</strong></span> <span class='ocrx_word' id='word_1_596' title='bbox 2577 3993 2878 4051; x_wconf 88' lang='lat' dir='ltr'><strong>ostendet:</strong></span> <span class='ocrx_word' id='word_1_597' title='bbox 2909 3993 3108 4048; x_wconf 90' lang='lat' dir='ltr'><strong>tertius</strong></span> <span class='ocrx_word' id='word_1_598' title='bbox 3147 3989 3387 4060; x_wconf 87' lang='lat' dir='ltr'><strong>denique</strong></span> <span class='ocrx_word' id='word_1_599' title='bbox 3436 3987 3658 4057; x_wconf 59' lang='lat' dir='ltr'><strong>impati«</strong></span> 
     </span>
    </p>
   </div>
   <div class='ocr_carea' id='block_1_85' title="bbox 2063 4083 3658 4153">
    <p class='ocr_par' dir='ltr' id='par_1_85' title="bbox 2063 4083 3658 4153">
     <span class='ocr_line' id='line_1_85' title="bbox 2063 4083 3658 4153; baseline -0.011 -2"><span class='ocrx_word' id='word_1_600' title='bbox 2063 4097 2232 4153; x_wconf 91' lang='lat' dir='ltr'><strong>bilem</strong></span> <span class='ocrx_word' id='word_1_601' title='bbox 2273 4093 2444 4148; x_wconf 87' lang='lat' dir='ltr'><strong>fuisse</strong></span> <span class='ocrx_word' id='word_1_602' title='bbox 2487 4088 2800 4146; x_wconf 70' lang='lat' dir='ltr'><strong>Salvatoris.</strong></span> <span class='ocrx_word' id='word_1_603' title='bbox 2825 4086 3000 4142; x_wconf 89' lang='lat' dir='ltr'><strong>nostri</strong></span> <span class='ocrx_word' id='word_1_604' title='bbox 3041 4084 3389 4140; x_wconf 89' lang='lat' dir='ltr'><strong>divinitatem</strong></span> <span class='ocrx_word' id='word_1_605' title='bbox 3425 4083 3658 4137; x_wconf 88' lang='lat' dir='ltr'><strong>demon—</strong></span> 
     </span>
    </p>
   </div>
   <div class='ocr_carea' id='block_1_86' title="bbox 2065 4173 3660 4247">
    <p class='ocr_par' dir='ltr' id='par_1_86' title="bbox 2065 4173 3660 4247">
     <span class='ocr_line' id='line_1_86' title="bbox 2065 4173 3660 4247; baseline -0.011 -3"><span class='ocrx_word' id='word_1_606' title='bbox 2065 4187 2288 4244; x_wconf 83' lang='lat' dir='ltr'><strong>strabit.</strong></span> <span class='ocrx_word' id='word_1_607' title='bbox 2334 4185 2449 4240; x_wconf 86' lang='lat' dir='ltr'><strong>His.</strong></span> <span class='ocrx_word' id='word_1_608' title='bbox 2465 4182 2647 4237; x_wconf 90' lang='lat' dir='ltr'><strong>tribus</strong></span> <span class='ocrx_word' id='word_1_609' title='bbox 2676 4179 3074 4235; x_wconf 89' lang='lat' dir='ltr'><strong>certaminibus</strong></span> <span class='ocrx_word' id='word_1_610' title='bbox 3097 4177 3347 4247; x_wconf 60' lang='lat' dir='ltr'><strong>quadam</strong></span> <span class='ocrx_word' id='word_1_611' title='bbox 3376 4175 3481 4229; x_wconf 86' lang='lat' dir='ltr'><strong>alia</strong></span> <span class='ocrx_word' id='word_1_612' title='bbox 3509 4173 3660 4228; x_wconf 90' lang='lat' dir='ltr'><strong>velut</strong></span> 
     </span>
    </p>
   </div>
   <div class='ocr_carea' id='block_1_87' title="bbox 2067 4266 3661 4339">
    <p class='ocr_par' dir='ltr' id='par_1_87' title="bbox 2067 4266 3661 4339">
     <span class='ocr_line' id='line_1_87' title="bbox 2067 4266 3661 4339; baseline -0.011 -4"><span class='ocrx_word' id='word_1_613' title='bbox 2067 4277 2446 4335; x_wconf 79' lang='lat' dir='ltr'><strong>certaminum</strong></span> <span class='ocrx_word' id='word_1_614' title='bbox 2501 4274 2878 4329; x_wconf 87' lang='lat' dir='ltr'><strong>additamenta</strong></span> <span class='ocrx_word' id='word_1_615' title='bbox 2945 4269 3309 4339; x_wconf 82' lang='lat' dir='ltr'><strong>adjiciemus,</strong></span> <span class='ocrx_word' id='word_1_616' title='bbox 3357 4266 3661 4334; x_wconf 83' lang='lat' dir='ltr'><strong>unicuique</strong></span> 
     </span>
    </p>
   </div>
   <div class='ocr_carea' id='block_1_88' title="bbox 2069 4360 3662 4442">
    <p class='ocr_par' dir='ltr' id='par_1_88' title="bbox 2069 4360 3662 4442">
     <span class='ocr_line' id='line_1_88' title="bbox 2069 4360 3662 4442; baseline -0.009 -16"><span class='ocrx_word' id='word_1_617' title='bbox 2069 4370 2238 4442; x_wconf 86' lang='lat' dir='ltr'><strong>capiti</strong></span> <span class='ocrx_word' id='word_1_618' title='bbox 2295 4368 2522 4423; x_wconf 85' lang='lat' dir='ltr'><strong>brevem</strong></span> <span class='ocrx_word' id='word_1_619' title='bbox 2575 4377 2846 4419; x_wconf 88' lang='lat' dir='ltr'><strong>summam</strong></span> <span class='ocrx_word' id='word_1_620' title='bbox 2907 4360 3308 4431; x_wconf 87' lang='lat' dir='ltr'><strong>adjungentes,</strong></span> <span class='ocrx_word' id='word_1_621' title='bbox 3362 4367 3420 4412; x_wconf 89' lang='lat' dir='ltr'><strong>et</strong></span> <span class='ocrx_word' id='word_1_622' title='bbox 3474 4364 3662 4427; x_wconf 88' lang='lat' dir='ltr'><strong>aperte</strong></span> 
     </span>
    </p>
   </div>
   <div class='ocr_carea' id='block_1_89' title="bbox 364 4447 1950 4544">
    <p class='ocr_par' dir='ltr' id='par_1_89' title="bbox 364 4447 1950 4544">
     <span class='ocr_line' id='line_1_89' title="bbox 364 4447 1950 4544; baseline -0.002 -18"><span class='ocrx_word' id='word_1_623' title='bbox 364 4447 459 4536; x_wconf 74' lang='grc' dir='ltr'><strong>τες</strong></span> <span class='ocrx_word' id='word_1_624' title='bbox 479 4447 745 4544; x_wconf 59' lang='grc' dir='ltr'>ἄντιπρυς</span> <span class='ocrx_word' id='word_1_625' title='bbox 771 4447 908 4543; x_wconf 80' lang='grc' dir='ltr'>παρ’</span> <span class='ocrx_word' id='word_1_626' title='bbox 932 4447 1066 4544; x_wconf 86' lang='grc' dir='ltr'><strong>μῖν</strong></span> <span class='ocrx_word' id='word_1_627' title='bbox 1089 4447 1492 4543; x_wconf 67' lang='grc' dir='ltr'>φυλαττόμενον</span> <span class='ocrx_word' id='word_1_628' title='bbox 1516 4472 1626 4526; x_wconf 82' lang='grc' dir='ltr'>τῶν</span> <span class='ocrx_word' id='word_1_629' title='bbox 1651 4469 1950 4525; x_wconf 60' lang='grc' dir='ltr'>ἀποστόλωι</span> 
     </span>
    </p>
   </div>
   <div class='ocr_carea' id='block_1_90' title="bbox 2046 4447 3668 4544">
    <p class='ocr_par' dir='ltr' id='par_1_90' title="bbox 2071 4447 3668 4525">
     <span class='ocr_line' id='line_1_90' title="bbox 2071 4447 3668 4525; baseline -0.011 -4"><span class='ocrx_word' id='word_1_630' title='bbox 2071 4463 2438 4521; x_wconf 78' lang='lat' dir='ltr'><strong>ostendentes</strong></span> <span class='ocrx_word' id='word_1_631' title='bbox 2467 4459 2522 4516; x_wconf 91' lang='lat' dir='ltr'><strong>id</strong></span> <span class='ocrx_word' id='word_1_632' title='bbox 2557 4473 2589 4515; x_wconf 89' lang='lat' dir='ltr'><strong>a</strong></span> <span class='ocrx_word' id='word_1_633' title='bbox 2628 4457 2791 4513; x_wconf 91' lang='lat' dir='ltr'><strong>nobis</strong></span> <span class='ocrx_word' id='word_1_634' title='bbox 2831 4453 3062 4521; x_wconf 84' lang='lat' dir='ltr'><strong>servari,</strong></span> <span class='ocrx_word' id='word_1_635' title='bbox 3096 4452 3245 4525; x_wconf 86' lang='lat' dir='ltr'><strong>quod</strong></span> <span class='ocrx_word' id='word_1_636' title='bbox 3293 4451 3361 4508; x_wconf 88' lang='lat' dir='ltr'><strong>ab</strong></span> <span class='ocrx_word' id='word_1_637' title='bbox 3401 4447 3668 4521; x_wconf 84' lang='lat' dir='ltr'><strong>apostolis</strong></span> 
     </span>
    </p>
   </div>
   <div class='ocr_carea' id='block_1_91' title="bbox 365 4565 745 4638">
    <p class='ocr_par' dir='ltr' id='par_1_91' title="bbox 365 4565 745 4638">
     <span class='ocr_line' id='line_1_91' title="bbox 365 4565 745 4638; baseline 0.003 -1"><span class='ocrx_word' id='word_1_638' title='bbox 365 4565 428 4619; x_wconf 75' lang='grc' dir='ltr'>τὸ</span> <span class='ocrx_word' id='word_1_639' title='bbox 456 4567 745 4638; x_wconf 71' lang='grc' dir='ltr'><strong>κήρυγμαο</strong></span> 
     </span>
    </p>
   </div>
   <div class='ocr_carea' id='block_1_92' title="bbox 441 4718 1551 4861">
    <p class='ocr_par' dir='ltr' id='par_1_92' title="bbox 441 4718 1551 4861">
     <span class='ocr_line' id='line_1_92' title="bbox 441 4718 1551 4861; baseline -0.001 -85"><span class='ocrx_word' id='word_1_640' title='bbox 552 4721 656 4777; x_wconf 83' lang='lat' dir='ltr'><strong>Ed.</strong></span> <span class='ocrx_word' id='word_1_641' title='bbox 702 4721 871 4778; x_wconf 84' lang='lat' dir='ltr'><strong>Rom.</strong></span> <span class='ocrx_word' id='word_1_642' title='bbox 907 4726 965 4775; x_wconf 85' lang='lat' dir='ltr'><strong>et</strong></span> <span class='ocrx_word' id='word_1_643' title='bbox 1002 4718 1154 4789; x_wconf 87' lang='lat' dir='ltr'><strong>Lips.</strong></span> <span class='ocrx_word' id='word_1_644' title='bbox 1193 4719 1551 4802; x_wconf 72' lang='grc' dir='ltr'>βαρδισάνου.</span> 
     </span>
     <span class='ocr_line' id='line_1_93' title="bbox 465 4790 1551 4861; baseline -0.006 -15"><span class='ocrx_word' id='word_1_645' title='bbox 465 4793 501 4846; x_wconf 73' lang='grc'><strong>4</strong></span> <span class='ocrx_word' id='word_1_646' title='bbox 551 4793 750 4861; x_wconf 78' lang='grc' dir='ltr'>ἀρχήν.</span> <span class='ocrx_word' id='word_1_647' title='bbox 802 4790 1076 4860; x_wconf 72' lang='lat' dir='ltr'><strong>Saspecta</strong></span> <span class='ocrx_word' id='word_1_648' title='bbox 1113 4791 1337 4861; x_wconf 78' lang='lat' dir='ltr'><strong>quidem</strong></span> <span class='ocrx_word' id='word_1_649' title='bbox 1387 4798 1474 4846; x_wconf 89' lang='lat' dir='ltr'><strong>est</strong></span> <span class='ocrx_word' id='word_1_650' title='bbox 1498 4792 1551 4861; x_wconf 63' lang='lat' dir='ltr'><strong>_h;</strong></span> 
     </span>
    </p>
   </div>
   <div class='ocr_carea' id='block_1_93' title="bbox 551 4789 1980 4865">
    <p class='ocr_par' dir='ltr' id='par_1_93' title="bbox 551 4789 1980 4865">
     <span class='ocr_line' id='line_1_94' title="bbox 551 4789 1980 4865; baseline -0.001 -20"><span class='ocrx_word' id='word_1_651' title='bbox 551 4793 758 4865; x_wconf 35' lang='grc' dir='ltr'>ἀρχὴν..</span> <span class='ocrx_word' id='word_1_652' title='bbox 802 4790 1076 4860; x_wconf 82' lang='lat' dir='ltr'><strong>Suspecta</strong></span> <span class='ocrx_word' id='word_1_653' title='bbox 1113 4789 1337 4865; x_wconf 78' lang='lat' dir='ltr'><strong>quidem</strong></span> <span class='ocrx_word' id='word_1_654' title='bbox 1387 4798 1474 4846; x_wconf 89' lang='lat' dir='ltr'><strong>est</strong></span> <span class='ocrx_word' id='word_1_655' title='bbox 1498 4792 1629 4865; x_wconf 71' lang='lat' dir='ltr'><strong>hmo</strong></span> <span class='ocrx_word' id='word_1_656' title='bbox 1667 4789 1854 4854; x_wconf 84' lang='lat' dir='ltr'><strong>lectio,</strong></span> <span class='ocrx_word' id='word_1_657' title='bbox 1879 4801 1980 4844; x_wconf 76' lang='lat' dir='ltr'><strong>ex-</strong></span> 
     </span>
    </p>
   </div>
   <div class='ocr_carea' id='block_1_94' title="bbox 373 4859 1983 4933">
    <p class='ocr_par' dir='ltr' id='par_1_94' title="bbox 373 4859 1983 4933">
     <span class='ocr_line' id='line_1_95' title="bbox 373 4859 1983 4933; baseline -0.002 -14"><span class='ocrx_word' id='word_1_658' title='bbox 373 4859 484 4919; x_wconf 75' lang='lat' dir='ltr'><strong>uat</strong></span> <span class='ocrx_word' id='word_1_659' title='bbox 517 4859 702 4920; x_wconf 68' lang='lat' dir='ltr'><strong>tamen</strong></span> <span class='ocrx_word' id='word_1_660' title='bbox 744 4862 805 4919; x_wconf 88' lang='lat' dir='ltr'><strong>in</strong></span> <span class='ocrx_word' id='word_1_661' title='bbox 841 4859 1080 4931; x_wconf 71' lang='lat' dir='ltr'><strong>uti-aque</strong></span> <span class='ocrx_word' id='word_1_662' title='bbox 1109 4859 1606 4933; x_wconf 75' lang='lat' dir='ltr'><strong>edit..Graaca.jam</strong></span> <span class='ocrx_word' id='word_1_663' title='bbox 1640 4872 1983 4918; x_wconf 85' lang='lat' dir='ltr'><strong>commemo-</strong></span> 
     </span>
    </p>
   </div>
   <div class='ocr_carea' id='block_1_95' title="bbox 1994 4533 2575 4631">
    <p class='ocr_par' dir='ltr' id='par_1_95' title="bbox 1994 4533 2575 4631">
     <span class='ocr_line' id='line_1_96' title="bbox 1994 4533 2575 4631; baseline -0.014 -17"><span class='ocrx_word' id='word_1_664' title='bbox 1994 4533 2048 4592; x_wconf 67' lang='grc' dir='ltr'><strong>Β</strong></span> <span class='ocrx_word' id='word_1_665' title='bbox 2073 4557 2436 4631; x_wconf 68' lang='lat' dir='ltr'><strong>praedicatum</strong></span> <span class='ocrx_word' id='word_1_666' title='bbox 2469 4558 2575 4608; x_wconf 87' lang='lat' dir='ltr'><strong>est.</strong></span> 
     </span>
    </p>
   </div>
   <div class='ocr_carea' id='block_1_96' title="bbox 2075 4720 3382 4856">
    <p class='ocr_par' dir='ltr' id='par_1_96' title="bbox 2075 4720 3382 4856">
     <span class='ocr_line' id='line_1_97' title="bbox 2075 4720 3382 4856; baseline -0.012 -14"><span class='ocrx_word' id='word_1_667' title='bbox 2075 4720 2398 4856; x_wconf 56' lang='grc' dir='ltr'><strong>ηῗῖτὸάεαλ.</strong></span> <span class='ocrx_word' id='word_1_668' title='bbox 2432 4779 2558 4856; x_wconf 84' lang='lat' dir='ltr'><strong>_Ed.</strong></span> <span class='ocrx_word' id='word_1_669' title='bbox 2597 4776 2752 4849; x_wconf 83' lang='lat' dir='ltr'><strong>prior</strong></span> <span class='ocrx_word' id='word_1_670' title='bbox 2780 4735 3023 4832; x_wconf 76' lang='lat' dir='ltr'><strong>habebat</strong></span> <span class='ocrx_word' id='word_1_671' title='bbox 3054 4767 3382 4843; x_wconf 76' lang='grc' dir='ltr'>διαλογικόςο</span> 
     </span>
    </p>
   </div>
  </div>
