4090 6414
511 299 575 352 Ζιι
1513 312 2003 373 TIIEODORETI
2043 316 2383 376 EPISCOPI
2429 320 2794 379 CYRENSIS
3711 335 3780 393 3;!

663 461 3759 495 Ἥ

1629 615 2727 760 ΑΤΡΕΠΤΟΣ.

1795 859 2349 952 ΔΙΑΛΟΓΟΣ
2406 856 2526 952 Αἵ

1507 1038 2004 1096 θΡΘΟΔΟΞΟΣ
2061 1045 2210 1099 ΚΑΙ
2276 1046 2795 1105 EPANIXTHE'.

2113 1206 2186 1218 ...-

1673 1351 2669 1468 lMMUTABlLIS.

1775 1587 2375 1680 DIALOG'US
2435 1593 2514 1678 1.

1438 1779 2065 1841 ORTHO‘DOXUS

2135 1781 2241 1841 ET
2313 1779 2860 1843 ERANISTES.

573 2097 625 2170 5
651 2098 1136 2157 ORTHODOXUS.
1178 2102 1374 2159 Melius
1403 2106 1626 2174 quidem
1653 2117 1803 2164 esset.
1825 2124 1929 2164 nos
1949 2125 2076 2165 con-

2257 2110 2669 2164 ΟΡΘΟΔΟΞΟΣ.
2717 2111 2974 2181 ’Λμεινον
3012 2110 3111 2181 μὲν
3137 2105 3205 2183 ἦν
3245 2116 3552 2183 συμφωνεῖν
3601 2115 3767 2185 ἡμᾶς,

497 2190 726 2254 sentire,
759 2198 816 2243 et
842 2190 1150 2245 doctrinam
1177 2195 1531 2262 apostolicam
1561 2197 1827 2268 integram
1860 2215 2083 2255 conser-

497 2295 650 2334 vare.
699 2280 806 2335 Sed
856 2282 1006 2350 quia,
1047 2284 1235 2338 nescio
1277 2301 1440 2354 quam
1489 2288 1561 2342 ob
1609 2304 1852 2354 causam,
1905 2291 2081 2345 soluta

365 2402 386 2420 .
498 2370 814 2436 concordia,
859 2373 1016 2427 nobis
1066 2389 1209 2427 nova
1259 2374 1511 2446 dogmata
1556 2393 1706 2432 nunc
1749 2381 2078 2449 proponitis,

496 2461 706 2531 absque
742 2463 872 2526 ulla,
899 2462 946 2516 si
983 2463 1185 2531 placet,
1211 2467 1564 2521 contentione
1603 2468 1890 2525 veritatem
1926 2487 2080 2526 com-

496 2552 652 2606 muni
686 2566 855 2621 opera
886 2568 1214 2621 quazramus.

567 2644 776 2697 ERAN.
815 2645 925 2698 Nos
955 2645 1312 2714 inquisitione
1347 2663 1457 2702 non
1485 2664 1710 2719 egemus
1744 2669 1767 2705 :.
1793 2653 2080 2710 veritatem

493 2733 641 2787 enim
665 2733 947 2802 explorate
976 2744 1292 2804 perceptam
1324 2745 1599 2793 tenemus.

566 2823 776 2878 ORTH.
819 2825 934 2880 Hoc
968 2825 1212 2880 haeretici
1245 2843 1440 2882 omnes
1475 2829 1579 2884 sibi
1619 2847 1950 2900 persuasum
1985 2836 2082 2890 ha-

493 2913 628 2969 bent
660 2932 673 2968 :
706 2914 1008 2984 quinetiam
1052 2917 1225 2972 Judati
1259 2926 1314 2972 et
1343 2918 1522 2974 Graeci
1561 2938 1820 2978 verorum
1851 2925 2079 2995 dogma-

493 3013 613 3058 tum
667 3014 1106 3076 propugnatores
1149 3021 1206 3061 se
1253 3016 1449 3076 putant
1491 3028 1503 3062 :
1541 3026 1642 3064 nec
1695 3011 1734 3064 ii
1781 3012 1951 3066 modo.
1984 3013 2077 3082 qui

493 3096 738 3154 Platonis
762 3101 778 3118 ‘
808 3105 865 3153 et
893 3099 1215 3170 Pythagora:
1245 3100 1446 3169 placita
1469 3112 1797 3170 sequuntur,
1828 3103 1922 3158 sed
1951 3105 2080 3175 Epi-

491 3191 615 3244 curi
639 3205 858 3260 quoque
888 3191 1166 3261 discipuli,
1198 3202 1252 3246 et
1284 3194 1379 3262 qui
1407 3193 1557 3248 athei
1586 3202 1714 3248 sunt
1741 3210 1986 3264 prorsus,
2024 3204 2081 3250 et

491 3279 636 3335 nihil
667 3281 976 3351 opinantes.
1007 3283 1128 3337 Non
1166 3284 1426 3338 convenit
1465 3294 1649 3338 autem
1684 3298 2078 3358 prmoccupataa

491 3371 742 3442 opinioni
785 3374 1022 3440 servire,
1063 3375 1160 3430 sed
1203 3375 1261 3428 in
1311 3390 1499 3429 veram
1543 3375 1850 3431 doctrinam
1891 3377 2076 3448 inqui-

490 3477 637 3518 rere.
1887 3467 1890 3469 λ

563 3553 773 3610 ERAN.
813 3556 1190 3612 Admonitioni
1243 3557 1350 3610 tuae
1399 3573 1586 3627 pareo,
1632 3568 1687 3614 et
1741 3560 1797 3616 in
1850 3563 2076 3620 monitis

491 3646 804 3716 acquiesco.

561 3737 771 3792 ORTlI.
816 3740 1084 3806 Quoniam
1131 3739 1299 3810 igitur
1343 3740 1582 3809 priorem
1632 3744 2072 3802 adhortationem

488 3828 649 3884 facile
693 3831 987 3896 admisisti,
1032 3846 1165 3900 rogo
1212 3831 1402 3896 etiam,
1443 3840 1505 3887 ut
1549 3833 1805 3892 humanis
1843 3838 2072 3892 rationi-

489 3921 596 3977 bus
645 3924 898 3978 veritatis
940 3924 998 3993 6
1040 3924 1453 3992 inquisitionem
1501 3944 1614 3983 non
1657 3930 1938 4001 subjicias,
1977 3933 2072 3987 sed

488 4016 863 4086 apostolorum
891 4024 948 4070 et
975 4016 1392 4086 prophetarum,
1418 4027 1474 4072 et
1501 4029 1818 4076 sanctorum
1845 4024 1940 4092 qui
1971 4025 2074 4080 hos
2111 4096 2120 4109 Ι

488 4107 665 4162 secuti
691 4115 840 4171 sunt,
877 4107 1106 4178 vestigia
1144 4125 1377 4178 quaeras.
1414 4110 1530 4166 Hoc
1554 4114 1701 4167 enim
1732 4114 1915 4170 facere
1951 4117 2070 4171 via-

487 4209 639 4254 tores
678 4197 876 4262 solent,
911 4207 972 4254 ut
999 4216 1124 4255 cum
1151 4217 1182 4255 a
1214 4203 1300 4257 via
1339 4203 1488 4274 regia
1522 4204 1868 4273 deﬂexerint,
1902 4211 2069 4264 semi-

489 4297 572 4346 tas
614 4290 986 4357 considerent,
1019 4292 1065 4348 si
1098 4295 1463 4363 quorumdam
1497 4296 1821 4354 abeuntium
1853 4309 1948 4355 aut
1978 4318 2073 4357 ve-

486 4380 759 4436 nientium
797 4384 1024 4454 vestigia
1068 4385 1270 4450 adsint,
1302 4387 1390 4441 vel
1429 4388 1737 4456 hominum,
1775 4391 1859 4446 vel
1897 4408 2069 4462 equo-

488 4487 643 4536 rum,
692 4473 779 4527 vel
832 4475 1146 4542 asinorum,
1193 4477 1279 4531 vel
1326 4477 1599 4532 mulorum
1632 4499 1644 4533 :
1673 4490 1729 4536 et
1777 4491 2067 4554 postquam

488 4561 832 4630 invenerint,
891 4581 1090 4620 canum
1137 4582 1291 4620 more
1345 4567 1438 4621 illa
1487 4581 1914 4639 persequuntur,
1966 4589 2069 4628 nec

489 4661 616 4709 ante
646 4653 939 4722 desistunt,
969 4674 1132 4727 quam
1166 4658 1220 4713 in
1251 4669 1458 4715 rectam
1491 4660 1634 4715 viam
1672 4664 1958 4720 redierint.
1998 4704 2000 4706 τ

2186 2199 2281 2253 καὶ
2313 2200 2409 2270 τὴν
2439 2199 2807 2271 ἀποστολικὴν
2836 2200 3185 2254 διδασκαλίαν
3225 2203 3512 2271 φυλάττειν
3559 2205 3772 2277 ἀκήρα-

2183 2307 2296 2344 τον.
2333 2291 2552 2363 Ἐπειδὴ
2585 2292 2640 2345 δὲ
2664 2291 2764 2345 οὐκ
2790 2286 2885 2344 οἶδ’
2905 2291 3021 2345 ἀνθ’
3047 2294 3170 2346 ὅτου
3201 2294 3300 2362 τὴν
3351 2294 3603 2363 ὁμόνοιαν
3653 2295 3770 2350 δια-

2184 2382 2465 2446 λύσαντες,
2492 2383 2654 2436 καινά
2681 2381 2775 2436 νῦν
2801 2385 2934 2453 ἡμῖν
2965 2383 3336 2454 προϐάλλεσθε
3359 2385 3623 2454 δόγματα,
3645 2385 3767 2454 δίχα

2183 2474 2330 2538 τινὸς
2387 2474 2586 2548 ἔριδος,
2643 2475 2689 2528 εἰ
2721 2475 2890 2540 δοκεῖ,
2949 2477 3104 2546 κοινῇ
3142 2475 3470 2546 ζητήσωμεν
3501 2475 3600 2546 τὴν
3631 2475 3764 2546 ἀλή-

2183 2567 2357 2621 θειαν.

2216 2640 2460 2714 “ΕΡΑΝ.
2513 2658 2707 2728 Ἡμεῖς
2767 2659 3048 2730 ζητήσεως
3116 2661 3176 2713 οὐ
3240 2660 3494 2732 δεόμεθα·
3522 2662 3766 2733 ἀκριϐῶς

2182 2749 2293 2820 γὰρ
2331 2750 2434 2818 τῆς
2462 2749 2722 2819 ἀληθείας
2751 2750 3011 2820 ἐχόμεθα.
3661 2774 3666 2779 ·

2243 2842 2408 2895 νΟΡΘ.
2442 2841 2614 2895 Τοῦτο
2636 2842 2730 2895 καὶ
2751 2842 2859 2895 τῶν
2881 2843 3170 2915 αἱρετικῶν
3193 2843 3490 2915 ὑπείληφεν
3511 2845 3761 2907 ἕκαστος·

2182 2932 2277 2984 καὶ
2313 2931 2497 2999 μέντοι
2551 2931 2647 2982 καὶ
2703 2931 2964 2995 Ἰουδαῖοι,
3031 2931 3126 2985 καὶ
3166 2931 3446 3001 Ἓλληνες,
3501 2931 3610 2983 τῶν
3667 2932 3765 2999 τῆς

2183 3021 2443 3092 ἀληθείας
2465 3022 2752 3093 δογμάτων
2788 3021 3178 3092 προστατεύειν
3203 3023 3536 3093 νομίζουσιν·
3569 3025 3661 3075 καὶ
3697 3024 3761 3074 οὐ

2185 3116 2337 3187 μόνοι
2367 3133 2432 3182 γε
2463 3116 2512 3168 οἱ
2538 3115 2608 3167 τὰ
2631 3114 2916 3176 Πλάτωνος
2941 3115 3036 3168 καὶ
3077 3113 3396 3184 Πυθαγόρου
3430 3113 3763 3185 θρησκεύον-

2179 3221 2289 3270 τες,
2315 3204 2451 3258 ἀλλά
2479 3204 2571 3256 καὶ
2595 3203 2646 3254 oi
2674 3203 2770 3272 τῆς
2817 3202 3140 3274 Ἐπικούρου
3181 3203 3512 3273 συμμορίας,
3565 3203 3659 3255 καὶ
3713 3206 3763 3256 οἱ

2181 3297 2416 3366 πάμπαν
2441 3294 2590 3350 ἄθεοι
2620 3295 2715 3347 καὶ
2741 3293 3044 3358 ἀδόξαστοι.
3103 3295 3381 3365 Προσήκει,
3406 3294 3463 3347 δὲ
3497 3295 3572 3364 μὴ
3625 3311 3762 3363 προ-

2180 3389 2343 3460 λήψει
2391 3387 2682 3453 δουλεύειν,
2738 3386 2874 3442 ἀλλά
2913 3387 3014 3457 τὴν
3069 3388 3244 3459 ἀληθῆ
3301 3387 3504 3457 γνῶσιν
3564 3387 3760 3458 ἐπιζη-

2103 3464 2146 3518 Β
2174 3483 2308 3534 τεῖν.

2250 3571 2456 3626 ΕΡΑΝ.
2500 3569 2766 3640 Πείθομαι
2803 3571 2868 3638 τῇ
2895 3566 3236 3638 παραινέσει,
3267 3566 3361 3620 καὶ
3392 3566 3618 3638 δέχομαι
3663 3567 3762 3638 τὴν

2178 3665 2484 3734 εἰσήγησιν.

2251 3755 2405 3809 ΟΡΘ.
2471 3752 2688 3822 Ἐπειδὴ
2753 3751 2933 3804 τοίνυν
3001 3750 3100 3821 τὴν
3160 3748 3432 3820 προτέραν
3495 3749 3758 3811 εὐπειθῶς

2177 3846 2341 3910 ἐδέξω
2397 3843 2764 3914 παράκλησιν,
2817 3841 2955 3908 ἀξιῶ
3012 3857 3071 3892 σε
3123 3840 3306 3906 πάλιν,
3356 3840 3430 3910 μὴ
3481 3839 3762 3909 λογισμοῖς⁵

2177 3935 2540 4008 ἀνθρωπίνοις
2598 3931 2891 4002 ἐπιτρέψαι
2943 3930 3042 4000 τῆς
3091 3929 3349 4000 ἀληθείας
3382 3928 3478 3999 τὴν
3510 3929 3759 3999 ἔρευναν,

2177 4028 2312 4082 ἀλλά
2348 4026 2456 4080 τῶν
2486 4023 2826 4087 ἀποστόλων,
2888 4021 2978 4076 καὶ
3021 4021 3338 4092 προφητῶν,
3376 4022 3468 4073 καὶ
3495 4020 3602 4072 τῶν
3640 4023 3759 4090 μετ’

2177 4121 2420 4183 ἐκείνους
2475 4119 2646 4186 ἁγίων
2697 4114 3023 4187 ἐπιζητῆσαι
3048 4113 3114 4166 τὰ
3145 4114 3286 4183 ἴχνη.
3323 4113 3495 4165 Τοῦτο
3525 4113 3633 4183 γὰρ
3663 4115 3758 4167 καὶ

2174 4214 2287 4275 τοῖς
2313 4209 2614 4280 ὁδοιπόροις
2671 4206 2825 4276 φίλον
2869 4207 3065 4269 ποιεῖν,
3116 4204 3244 4257 ὅταν
3294 4203 3610 4274 ὲκτραπῶσι
3660 4201 3760 4272 τῆς

2173 4302 2470 4373 λεωφόρου,
2535 4297 2758 4360 καὶτὰς
2796 4295 3074 4367 ἀτραποὺς
3124 4293 3456 4360 διασκοπεῖν,
3505 4295 3556 4346 εί
3597 4310 3758 4346 τινων

2173 4395 2441 4449 ἀπιόντων
2471 4391 2504 4461 ἢ
2530 4388 2842 4462 ἐρχομένων
2896 4387 3078 4456 ἔχουσι
3122 4385 3327 4447 τύπους
3377 4383 3575 4448 ποδῶν,
3609 4384 3641 4452 ἣ
3671 4384 3758 4436 ἀν-

2173 4484 2429 4556 θρώπων,
2471 4481 2734 4551 ἢῖππων,
2798 4477 2830 4547 ἥ
2895 4476 3052 4538 ὄνων,
3110 4475 3143 4544 ἢ
3204 4475 3461 4543 ἡμιόνωνο
3495 4474 3587 4526 καὶ
3633 4477 3759 4528 ὅταν

2171 4577 2398 4646 εὕρωσι,
2431 4572 2573 4626 κατά
2603 4571 2728 4633 τοὺς
2759 4569 2927 4631 κύνας
2966 4565 3330 4636 ίχνηλατοῦσι,
3372 4566 3467 4618 καὶ
3513 4566 3574 4617 οὐ
3625 4569 3759 4636 πρό.

2171 4686 2328 4740 τερον
2387 4665 2632 4734 ἀφιᾶσιν,
2687 4661 2793 4724 ἕως
2854 4659 2920 4712 ἂν
2987 4659 3085 4728 τὴν
3131 4656 3344 4711 εὐθεῖαν
3400 4658 3517 4712 ὁδὸν
3550 4659 3757 4712 ἀπολά-

2171 4759 2359 4812 6ωσιν.

555 4834 763 4892 ERAN.
807 4837 898 4893 Sic
922 4838 1208 4894 faciamus.
1233 4839 1313 4895 Tu
1345 4840 1530 4912 itaque
1555 4844 1709 4912 prmi,
1737 4853 1798 4899 ut
1823 4845 1917 4914 qui
1944 4860 2062 4900 ser-

2238 4849 2443 4902 EPAN.
2487 4845 2646 4898 Οὓτω
2672 4841 2937 4912 ποιῶμεν.
2984 4839 3149 4907 Ἦγοῦ
3198 4839 3388 4894 τοίνυν-
3424 4840 3607 4906 αὐτὸς,
3656 4840 3754 4894 ἅτε

483 4943 703 4984 monem
740 4930 1030 4985 inchoasti.

554 5017 764 5074 ORTH.
807 5021 884 5074 De
931 5020 1134 5075 divinis
1176 5036 1306 5092 ergo
1349 5023 1688 5089 nominibus,
1737 5023 2063 5086 substantia,

484 5108 730 5180 inquam,
763 5120 821 5166 et
845 5112 1252 5182 hypostasibus,
1278 5117 1642 5186 personisque
1674 5124 1732 5170 et
1752 5115 2066 5185 proprieta-

2165 4939 2229 5010 δὴ
2260 4937 2431 5008 ἄρξας
2453 4937 2546 4988 τοῦ
2577 4934 2758 5002 λόγου.

2241 5027 2393 5081 ΟΡΘ.
2435 5025 2643 5078 Οὐκοῦν
2668 5023 2796 5094 περὶ
2841 5020 2949 5075 τῶν
2998 5020 3159 5074 θείων
3211 5020 3513 5090 ὀνομάτων,
3564 5023 3754 5084 οὐσίας

2171 5120 2334 5190 φημὶ,
2359 5118 2450 5171 καὶ
2471 5115 2842 5178 ὑποστάσεων,
2870 5114 2965 5166 καὶ
2985 5112 3316 5184 προσώπων,
3337 5113 3428 5165 καὶ
3451 5103 3750 5184 ίδιοτήτων,

483 5197 868 5269 ῑίῦιιε,ορι“ἱοι·ε
899 5201 1020 5256 loco
1051 5201 1408 5266 disseramus,
1441 5213 1498 5259 et
1524 5203 1803 5274 quomodo
1830 5203 1977 5256 inter
2006 5217 2065 5256 se

2179 5207 2678 5282 Βιευκρινησώμεθα
2730 5204 3018 5276 πρότερον,
3047 5204 3142 5256 καὶ
3171 5203 3392 5272 γνῶμεν
3427 5205 3519 5256 καὶ
3551 5203 3752 5274 69:61:).-

483 5291 743 5347 diﬂ‘erant
791 5309 1186 5365 cognoscamus
1218 5305 1276 5352 et
1307 5297 1638 5353 deﬁniamus
1673 5315 1688 5350 ;
1721 5303 1835 5348 tum
1866 5301 2060 5348 caetera

483 5381 744 5454 deinceps
771 5387 1168 5456 aggrediamur.

553 5475 761 5530 ERAN.
795 5479 1235 5534 Pulcherrimum
1258 5488 1314 5534 et
1341 5478 1920 5533 convenientissimum
1950 5495 2066 5534 ser-

2173 5302 2316 5373 μεθα
2376 5302 2495 5355 τίνα
2551 5300 2663 5369 ἔχει
2722 5297 2857 5368 πρὸς
2900 5297 3100 5367 ἄλληλα
3160 5295 3448 5365 διαφοράν
3483 5291 3751 5349 εἷθόὖτω

2169 5393 2353 5446 λοιπὸν
2377 5391 2644 5462 ἁψώμεθα
2673 5388 2781 5442 τῶν
2810 5388 2958 5458 ἑξῆς.

2235 5482 2440 5538 ΕΡΑΝ.
2484 5481 2784 5536 Κάλλιστον
2837 5480 2931 5532 καὶ
2981 5478 3411 5545 ἀναγκαιότατον
3442 5478 3646 5541 ἔδωκας
3673 5479 3750 5547 τῷ

484 5566 634 5619 moni
667 5575 854 5623 nostro
884 5571 1172 5624 exordium
1208 5569 1430 5624 dedisti.
1467 5569 1563 5624 His
1596 5569 1742 5624 enim
1778 5570 2067 5640 perspicue

2179 5577 2306 5648 ’.όγῳ
2331 5576 2390 5630 τὺ
2415 5575 2718 5644 προοίμιον.
2742 5571 2962 5624 Τούτων
2990 5569 3097 5640 γὰρ
3123 5570 3391 5643 εὐκρινῶν
3419 5570 3746 5640 γενομένων,

486 5657 789 5727 explicatis,
823 5660 1037 5715 facilius
1069 5661 1332 5730 procedet
1370 5669 1555 5716 nostra
1590 5662 1906 5731 disputatio.

561 5749 770 5806 OIlTll.
827 5751 1094 5817 Quoniam
1146 5751 1312 5820 igitur
1367 5753 1480 5809 haec
1527 5755 1601 5810 ita
1652 5754 1769 5812 fieri
1813 5764 2065 5827 oportere

2168 5671 2296 5738 ῥᾷον
2326 5667 2662 5736 προϐήσεται
2694 5664 2725 5731 ἡ
2754 5660 3005 5725 διάλεξις.

2240 5753 2387 5809 ΟΡΘ.
2446 5750 2658 5820 Ἐπειδὴ
2709 5749 2887 5803 τοίνυν
2945 5748 3050 5816 ἄρα
3109 5748 3200 5800 καὶ
3261 5748 3623 5819 συνενζνηφισέιι
3651 5749 3741 5802 :01
