4090 6420
476 347 548 414 35
817 359 820 363 ’
1455 339 1950 404 THEODORETI
1988 339 2331 400 EPISCOPI
2369 339 2739 403 CYRENSIS
3680 349 3746 413 38

479 461 606 518 dem
639 457 1064 515 innumerabilia
1093 466 1241 524 sunt,
1277 456 1373 513 sed
1411 457 1718 527 producere
1749 469 2066 511 sermonem

2187 455 2324 524 ιοινῇ
2387 453 2607 508 πάντων
2657 453 2966 526 ἀνθρώπιον
3020 459 3368 531 κατηγορῶν.
3418 460 3531 516 Καὶ
3587 467 3749 538 μυρία

479 553 619 610 nihil
645 563 732 607 est
762 567 922 621 opus.

552 642 761 698 ERAN.
807 640 1133 697 Communis
1177 648 1234 695 et
1276 639 1486 709 proprii
1534 637 1834 694 discrimen
1877 645 2068 707 aperte

481 743 766 790 ostensum
813 744 943 789 est:
980 733 1075 789 sed
1118 733 1190 789 ad
1236 733 1604 789 substantiam
1646 740 1704 787 et
1749 730 2069 803 hypostasin

481 827 798 882 redeamus.

552 918 764 974 ORTH.
819 919 977 974 Sicut
1018 933 1149 989 ergo
1189 932 1394 972 nomen
1438 915 1607 970 Homo
1649 927 1941 969 commune
1985 923 2071 968 est

483 1010 583 1065 toti
627 1010 756 1064 huic
801 1019 1015 1064 natura:
1062 1026 1076 1062 :
1123 1009 1198 1063 ita
1245 1007 1446 1062 divina:
1493 1006 1818 1061 substantiae
1867 1020 2070 1061 nomen

482 1109 730 1155 sanctam
767 1101 1095 1155 Trinitatem
1131 1100 1441 1171 signiﬁcare
1482 1099 1815 1166 accepimus,
1847 1099 1864 1118 ‘
1894 1097 2070 1169 hypo-

484 1193 660 1248 stasin
709 1207 843 1246 vero
891 1207 1184 1260 personam
1235 1191 1474 1260 aliquam
1524 1189 1836 1260 designare,
1871 1203 2072 1259 nempe

482 1282 572 1338 vel
608 1282 810 1344 Patris,
835 1282 921 1335 vel
954 1280 1102 1345 Filii,
1126 1281 1212 1336 vel
1239 1280 1482 1350 Spiritus
1507 1281 1701 1335 sancti.
1733 1277 1868 1333 Nam
1902 1277 2072 1349 hypo-

481 1373 678 1437 stasin,
704 1382 761 1426 et
801 1386 1114 1441 personam,
1152 1379 1210 1425 et
1238 1371 1630 1440 proprietatem
1671 1369 1816 1424 idem
1859 1367 2071 1439 signiﬁ-

483 1476 612 1516 care
664 1463 940 1528 dicimus,
993 1469 1310 1517 sanctorum
1360 1462 1586 1518 Patrum
1629 1460 1936 1515 doctrinam
1986 1475 2075 1515 se-

484 1565 740 1623 quentes.

556 1645 762 1699 ERAN.
802 1646 928 1702 Haec
956 1647 1031 1701 ita
1061 1661 1120 1702 se
1144 1647 1349 1701 habere
1379 1645 1724 1699 conﬁtemur.

554 1736 765 1794 ORTH.
802 1739 1155 1808 Quaacunque
1178 1755 1310 1808 ergo
1336 1737 1404 1792 de
1435 1745 1632 1791 natura
1663 1735 1848 1790 divina
1877 1734 2071 1790 dicun-

485 1840 600 1896 tur,
625 1832 940 1886 communia
958 1839 1090 1885 sunt
1107 1831 1288 1885 Patris
1306 1838 1364 1884 et
1381 1827 1505 1883 Filii
1525 1838 1582 1883 et
1605 1827 1844 1898 Spiritus
1870 1827 2067 1891 sancti,

485 1928 549 1974 ut
585 1921 749 1980 Deus,
784 1920 1070 1987 Dominus,
1116 1919 1393 1985 conditor,
1437 1919 1812 2004 omnipotens,
1850 1926 1916 1975 et
1951 1933 2080 1990 qua

484 2011 572 2066 his
603 2011 822 2066 similia.

509 2261 515 2266 .
551 2211 829 2280 9ERAN.
851 2210 976 2266 [izec
993 2210 1132 2265 citra
1153 2211 1592 2266 controversiam
1617 2209 1906 2266 Trinitatis
1937 2219 2069 2266 sunt

481 2302 818 2356 communia.

553 2393 763 2448 ORTH.
817 2393 949 2459 Quae
1003 2402 1187 2448 autem
1267 2395 1592 2464 hypostases
1643 2409 1740 2448 seu
1805 2408 2074 2464 personas

484 2484 795 2554 designant,
822 2499 884 2538 ea
907 2493 1110 2538 sanctae
1139 2482 1396 2539 Trinitati
1428 2483 1742 2539 communia
1783 2501 1893 2539 non
1920 2494 2070 2550 sunt,

483 2577 578 2632 sed
613 2577 760 2630 illius
798 2586 927 2630 sunt
965 2593 1234 2646 personae,
1296 2577 1456 2646 cujus
1501 2587 1632 2631 sunt
1670 2576 1894 2646 propria
1943 2593 1958 2629 τ
2012 2586 2074 2631 ut

483 2685 686 2724 nomen
735 2669 917 2734 Pater,
969 2677 1024 2724 et
1075 2669 1379 2739 ingenitus,
1412 2669 1635 2739 propria
1663 2677 1793 2724 sunt
1838 2670 2070 2724 Patris:

481 2775 684 2815 nomen
713 2774 934 2830 quoque
961 2758 1154 2822 Filius,
1177 2768 1234 2814 et
1261 2757 1612 2830 Unigcnitus,
1646 2767 1702 2815 et
1728 2759 1885 2815 'Deus
1937 2759 2076 2813 Ver-

482 2850 637 2916 bum,
671 2867 780 2904 non
832 2851 1050 2904 Patrem
1087 2849 1427 2920 signiﬁcant,
1467 2865 1572 2904 nec
1622 2850 1891 2919 Spiritum
1943 2864 2074 2903 san-

483 2952 658 3006 ctum,
696 2943 790 2998 sed
853 2942 1076 2996 Filium.
1135 2943 1373 3012 Spiritus
1421 2959 1554 2998 vero
1603 2953 1848 3009 sanctus,
1875 2951 1934 2999 et
1973 2943 2075 2998 Pa-

483 3037 743 3096 racletus,
769 3034 1009 3104 Spiritus
1035 3049 1329 3105 personam
1362 3035 1676 3108 designant.

555 3211 764 3267 ERAN.
794 3210 876 3265 An
905 3226 1018 3264 non
1043 3210 1210 3281 igitur
1230 3209 1498 3279 Spiritum
1523 3216 1685 3264 vocat
1708 3223 1864 3264 sacra
1916 3207 2072 3263 Scri-

484 3311 647 3373 ptura
675 3301 841 3355 etiam
865 3301 1084 3354 Patrem
1114 3308 1171 3353 et
1206 3299 1439 3354 Filium?

553 3391 767 3450 ORTH.
797 3393 1068 3463 Spiritum
1097 3392 1316 3446 vocavit
1340 3401 1396 3446 et
1424 3390 1643 3445 Patrem
1669 3397 1725 3445 et
1749 3389 1949 3444 Filium
1971 3430 1986 3455 ,
2013 3397 2076 3445 ut

369 3518 372 3522 -
487 3485 763 3555 signiﬁcet
795 3483 1040 3538 divinam
1091 3491 1344 3536 naturam
1385 3496 1520 3536 .esse
1569 3481 1973 3550 incorpoream,
2019 3489 2078 3536 et

485 3575 872 3632 circumscribi
894 3592 1006 3630 non
1035 3590 1196 3645 posse
1230 3591 1243 3627 :
1281 3573 1552 3644 Spiritum
1590 3581 1777 3628 autem
1811 3579 2071 3628 sanctum

488 3669 659 3725 solam
682 3668 919 3737 Spiritus
952 3680 1241 3736 personam
1284 3663 1540 3733 appellat.

559 3753 768 3808 EllAN.
799 3753 913 3808 Hoc
940 3768 1164 3823 quoque
1192 3760 1349 3806 extra
1387 3751 1828 3807 controversiam
1855 3763 1936 3808 est
1973 3769 2076 3824 po-

488 3847 678 3902 situm.

556 3935 766 3991 ORTH.
792 3935 1062 4002 Quoniam
1089 3950 1222 4005 ergo
1249 3933 1435 4004 aliqua
1467 3933 1711 3991 diximus
1732 3951 1854 3992 esse
1875 3947 2079 3994 sancta

489 4027 776 4085 Trinitatis
803 4027 1140 4090 communia,
1169 4025 1352 4094 aliqua
1403 4041 1538 4080 vero
1584 4029 1854 4098 cujusque
1900 4030 2080 4101 hypo-

486 4129 699 4174 staseos
752 4119 997 4189 propria,
1045 4130 1249 4169 nomen
1295 4115 1638 4172 immutabile
1681 4119 2078 4176 substantiaene

489 4228 782 4268 commune
810 4213 1048 4268 dicimus
1068 4223 1213 4278 esse,
1249 4224 1321 4265 an
1368 4210 1604 4284 alicujus
1641 4227 1894 4282 personae
1944 4229 2086 4285 pro-

489 4304 712 4373 prium?

561 4393 770 4448 ERAN.
797 4393 1102 4448 Commune
1121 4399 1208 4446 est
1233 4391 1529 4447 Trinitatis
1559 4393 1926 4448 immutabile.
1965 4395 2080 4451 Nec

491 4486 640 4540 enim
670 4485 791 4542 ﬁeri
819 4492 1023 4556 potest,
1051 4483 1455 4540 utsubstantiae
1503 4484 1657 4538 aliud
1685 4485 1760 4540 sit
1787 4486 2076 4552 mutabile,

492 4577 642 4632 aliud
673 4575 1039 4630 immutabile.

561 4689 771 4745 ORTH.
833 4688 1100 4743 Praeclare
1152 4687 1361 4742 dixisti.
1435 4686 1595 4743 Sicut
1638 4691 1788 4745 enim
1851 4695 2082 4749 mortale

493 4794 787 4834 commune
807 4785 892 4832 cst
924 4776 1235 4838 hominum,
1263 4776 1336 4829 ita
1369 4784 1572 4831 sanctae
1592 4775 1883 4836 Trinitatis
1929 4796 2082 4836 com-

497 4886 663 4925 mune
699 4878 783 4924 est
817 4867 1176 4932 immutabile,
1213 4874 1270 4921 et
1304 4867 1648 4923 alterationis
1697 4885 1914 4941 expers.
1971 4873 2081 4927 lm-

499 4961 782 5016 mutabilis
819 4959 987 5029 igitur
1029 4957 1200 5011 etiam
1258 4955 1576 5027 unigenitus
1626 4960 1818 5026 Filius,
1860 4961 2084 5016 sicutct

498 5051 661 5108 Pater
694 5052 788 5121 qui
815 5052 994 5120 ipsum
1021 5049 1231 5120 genuit,
1265 5054 1320 5103 et
1353 5046 1589 5118 Spiritus
1615 5061 1861 5108 sanctus.

572 5143 780 5199 ERAN.
810 5142 1204 5196 lmmutabilis.

463 5309 471 5332 .
576 5237 680 5325 ιο
706 5254 917 5309 ΟΒΤΠ-
959 5253 1246 5321 Quomodo
1286 5260 1456 5332 igitur
1512 5259 1893 5330 evangelicum
1949 5253 2090 5308 illud

468 5333 470 5336 ’
501 5345 711 5401 dictum
753 5366 770 5395 ι
808 5346 1049 5401 Verbum
1075 5363 1204 5404 caro
1237 5351 1443 5408 factum
1479 5362 1566 5408 est
1591 5355 1611 5384 "
1643 5372 1661 5403 ι
1719 5349 2090 5420 proferentes,

504 5431 865 5488 mutationem
903 5433 1225 5491 immutabili
1257 5449 1474 5494 natura:
1503 5437 1783 5493 tribuitis?

578 5587 600 5620 ⁵
640 5585 794 5642 Joan.
831 5607 867 5657 ι,
900 5592 986 5646 14.

582 5744 658 5816 (9)
692 5763 775 5818 τρ.
803 5750 880 5804 Ex
921 5750 1008 5805 ed.
1045 5749 1202 5803 Rom.
1233 5755 1286 5800 et
1319 5746 1465 5814 Lips.
1498 5744 1781 5801 insertum.

2169 542 2396 597 τοιαῦτα
2421 543 2571 598 ἔστιν
2601 545 2807 616 εὑρεῖν,
2834 545 2955 598 ἀλλ’
2977 548 3039 600 οὐ
3066 549 3172 618 χρὴ
3200 549 3488 620 μηκύνειν.

2241 633 2448 690 ΕΡΔΝ.
2490 635 2768 689 Δέδεικται
2821 637 3011 706 σαφῶς
3062 640 3095 709 η
3147 639 3384 711 διαφορὰ
3425 642 3520 696 τοῦ
3569 645 3750 700 κοινοῦ

2170 725 2309 798 πρὸς
2346 726 2408 780 τὸ
2444 727 2606 782 ἴδιον·
2636 727 2754 782 ἀλλ’
2783 731 2867 793 είς
2891 729 2985 782 τὸν
3015 732 3146 800 περὶ
3176 732 3276 804 τῆς
3297 733 3490 798 οὐσίας
3526 737 3619 791 καὶ
3653 739 3750 810 τῆς

2171 818 2525 883 ὑποστάσεως
2549 820 2937 892 ἐπανέλθωμεν
2972 823 3153 891 λῦγον.

2242 909 2396 964 ΟΡΘ.
2429 911 2640 982 Ὥσπερ
2681 912 2863 966 τοίνυν
2905 913 2967 966 τὸ
3011 914 3327 985 ἄνθρωπος
3368 919 3542 991 ὄνομα
3577 919 3751 974 κοινόν

2171 1001 2290 1056 ἐστι
2321 1001 2528 1073 ταύτης
2566 1002 2670 1074 τῆς
2709 1002 2924 1072 φύσεως
2957 1005 3156 1078 όνομα,
3187 1008 3333 1063 οὕτω
3361 1010 3460 1081 τὴν
3489 1012 3638 1067 θείαν
3664 1015 3753 1066 οὑ-

2173 1092 2294 1148 σίαν
2327 1094 2427 1165 τὴν
2460 1094 2623 1163 ἁγίαν
2648 1094 2856 1166 Τριάδα
2885 1100 3174 1168 σημαίνειν
3203 1101 3539 1174 εἰλήφαμεν
3570 1105 3669 1174 τὴν
3695 1105 3753 1159 δέ

2171 1202 2237 1256 γε
2265 1187 2582 1252 ὑπόστασιν,
2609 1190 2904 1260 προσώπου
2927 1192 3074 1256 τινὸς
3102 1189 3241 1248 εἶναι
3264 1192 3588 1266 δηλωτικὴν,
3619 1190 3752 1262 οἷον,

2172 1277 2208 1348 ἢ
2233 1279 2328 1332 τοῦ
2363 1280 2595 1350 Πατρὸς,
2631 1281 2665 1350 ἢ
2697 1280 2792 1334 τοῦ
2827 1281 2979 1346 Υίοῦ,
3011 1283 3043 1353 ἢ
3075 1283 3172 1339 τοῦ
3211 1285 3370 1354 ἁγίου
3409 1285 3751 1356 Πνεὺματος.

2175 1371 2288 1442 Τὴν
2316 1371 2426 1442 γὰρ
2455 1372 2773 1437 ὑπόστασιν,
2811 1374 2904 1428 καὶ
2925 1374 2987 1428 τὸ
3016 1376 3330 1446 πρόσωπον,
3365 1378 3460 1430 καὶ
3491 1378 3593 1448 τὴν
3621 1379 3755 1430 ίδιόο

2173 1479 2333 1534 τητα,
2353 1463 2551 1516 ταύτὸν
2584 1465 2872 1534 σημαίνειν
2896 1467 3075 1536 φαμὲν
3095 1468 3210 1531 τοῖς
3246 1469 3354 1522 τῶν
3381 1469 3553 1537 ἁγίων
3581 1469 3756 1524 Πατέ-

2175 1570 2288 1626 ρων
2313 1555 2462 1624 ὅροις
2489 1555 2935 1622 ἀκολουθοῦντες.

2247 1647 2452 1701 EPAN.
2486 1648 2969 1720 Συνομολογοῦμεν
3007 1648 3152 1704 οὑτω
3175 1649 3330 1704 ταῦτ’
3365 1651 3528 1722 ἔχειν.

2249 1740 2403 1794 ΟΡΘ.
2424 1740 2565 1794 ’Ὀσα
2587 1741 2770 1794 τοίνυν
2800 1742 2929 1811 περὶ
2959 1742 3059 1812 τῆς
3092 1741 3242 1805 θείας
3274 1742 3494 1811 λέγεται
3519 1743 3760 1813 φύσεως,

2175 1833 2330 1888 κοινὰ
2369 1832 2546 1887 ταῦτά
2588 1834 2705 1887 ἐστι
2741 1831 2838 1885 τοῦ
2880 1833 3094 1904 nam;
3132 1834 3346 1888 καὶτοῦ
3374 1835 3503 1888 Υἱοῦ
3540 1838 3638 1890 καὶ
3663 1835 3762 1891 τοῦ

2174 1923 2332 1994 ἁγίου
2373 1924 2711 1995 Πνεῦματος,
2749 1917 2883 1986 οἷον,
2920 1923 2983 1975 τὸ
3018 1923 3175 1988 Θεὸς,
3216 1923 3278 1977 τὸ
3309 1923 3536 1996 Κύριος,
3571 1925 3632 1979 τὸ
3670 1926 3766 1996 δη-

2177 2017 2464 2090 μιουρτὺς,
2501 2015 2568 2070 τὺ
2612 2015 3031 2086 ωτοκράτωρ,
3077 2016 3171 2069 καὶ
3218 2015 3321 2070 ὅσα
3371 2017 3586 2082 τούτοις
3644 2020 3767 2073 ἐστὶ

2173 2109 2553 2181 παραπλήσια.

2246 2201 2450 2258 EPAN.
2486 2200 3012 2272 Ἀναμφισΰητήτως
3032 2200 3191 2255 κοινὰ
3215 2201 3322 2272 τῆς
3337 2202 3565 2274 τριάδος
3589 2204 3762 2260 ἐστίν.

2243 2377 2400 2432 οΡΘ.
2431 2375 2575 2429 Ὅσα
2601 2373 2647 2426 δ’
2673 2368 2741 2427 αὖ
2772 2372 2880 2426 τῶν
2919 2371 3272 2427 ὑποστάσεων
3317 2373 3556 2446 ὑπάρχει
3591 2377 3775 2448 δηλω-

2172 2469 2324 2534 τικὰ,
2358 2467 2546 2521 οὐκέτι
2587 2465 2764 2519 ταῦτα
2809 2465 2907 2536 τῆς
2951 2465 3112 2534 ἁγίας
3157 2466 3202 2518 Τ
3207 2467 3390 2538 ριάδος
3436 2467 3620 2534 κοινὰ,
3646 2470 3770 2525 ἀλλ’

2175 2561 2394 2632 ἐκείνης
2422 2560 2538 2614 ἐστὶ
2561 2559 2660 2630 τῆς
2686 2558 3063 2622 ὑποστάσεως,
3102 2553 3170 2630 ἦς
3194 2560 3341 2612 ἐστιν
3369 2559 3520 2613 ῐδιον.
3551 2558 3687 2616 Οἷον
3711 2565 3777 2617 τὸ

2176 2653 2365 2725 Πατήρ
2401 2652 2595 2722 ὄνομα,
2631 2650 2726 2704 καὶ
2765 2649 2829 2703 τὸ
2863 2648 3210 2718 Ἀγέννητος,
3240 2649 3336 2703 τοῦ
3365 2653 3586 2722 Πατρός
3621 2657 3777 2709 ἐστιν

2177 2745 2305 2809 ῐδια,
2339 2745 2435 2797 καὶ
2453 2739 2522 2797 αὖ
2546 2742 2732 2808 πάλιν,
2758 2739 2818 2794 τδ
2843 2740 2972 2804 Υἱός
2991 2740 3184 2811 ὄνομα,
3207 2741 3302 2795 καὶ
3330 2743 3391 2796 τὸ
3421 2744 3778 2818 Μονογενής.

2177 2836 2358 2891 καὶτὸ
2390 2835 2526 2898 Θεὸς
2555 2834 2752 2904 Λόγος,
2791 2832 2854 2886 οὺ
2902 2831 2994 2886 τὸν
3043 2832 3264 2904 Πατέρα
3310 2833 3482 2904 δηλοῖ,
3539 2836 3676 2890 οὐδὲ
3717 2838 3783 2892 τὸ

2178 2931 2403 3007 Πνεῦμα
2428 2930 2490 2984 τὸ
2518 2928 2696 3000 άγιον,
2729 2927 2868 2984 ἀλλὰ
2894 2927 2986 2982 τὸν
3021 2929 3170 2982 Υίόν.
3202 2929 3316 2982 Καὶ
3343 2929 3406 2984 τὸ
3443 2930 3683 3002 Πνεῦμα
3722 2933 3783 2989 δὲ

2179 3025 2238 3077 τὸ
2289 3023 2467 3092 ἅγιον,
2513 3028 2609 3077 καὶ
2647 3023 2677 3075 ό
2717 3021 3097 3092 Παράκλητος,
3145 3025 3246 3094 τῆς
3290 3021 3385 3076 τοῦ
3437 3023 3779 3096 Πνεύματος

2103 3141 2148 3201 c
2181 3115 2534 3179 ὑποστάσεως
2575 3114 2813 3185 ὑπάρχει
2845 3113 3142 3183 δηλωτικὰ.

2251 3207 2455 3261 EPAN.
2489 3207 2564 3260 Οὐ
2596 3205 2754 3260 καλεῖ
2776 3205 2956 3259 τοίνυν
2979 3204 3013 3274 η
3042 3203 3162 3257 θεία
3185 3204 3377 3278 Γραφὴ
3412 3205 3648 3278 Πνεῦμα
3677 3211 3781 3264 καὶ

2175 3299 2269 3353 τὸν
2291 3299 2514 3370 Πατέρα
2551 3299 2648 3352 καὶ
2672 3299 2764 3352 τδν
2788 3298 2950 3362 Υίόν;

2248 3390 2404 3445 ΟΡΘ.
2441 3391 2668 3461 Πνεῦμα
2713 3390 2953 3461 κέκληκε
3007 3392 3106 3446 καὶ
3148 3390 3241 3444 τὸν
3284 3391 3505 3462 Πατέρα
3549 3395 3650 3447 καὶ
3685 3395 3784 3449 τὸν

2177 3482 2328 3546 Υίδν,
2358 3482 2421 3535 τὸ
2449 3481 2745 3552 ἀσώματον
2790 3483 2885 3535 καὶ
2919 3482 3305 3554 ἁπερίγραφον
3342 3483 3442 3552 τῆς
3486 3485 3648 3550 θείας
3681 3489 3789 3556 cpti-

2179 3589 2318 3638 σεως
2337 3573 2425 3628 διὰ
2451 3573 2642 3628 τούτου
2668 3573 3012 3644 σημαίνουσα
3028 3591 3042 3606 ·
3068 3573 3295 3645 Πνεῦμα
3323 3575 3379 3627 δὲ
3410 3575 3568 3643 ἅγιον
3603 3577 3790 3649 μόνην

2175 3664 2270 3719 τοῦ
2298 3663 2614 3735 Πνεῦματος
2642 3664 2741 3736 τὴν
2774 3664 3070 3720 ὑπόστασιν
3095 3663 3368 3736 ὀνομάζει.

2248 3757 2454 3809 EPAN.
2493 3755 2921 3825 Ἀναμφίλεκτόν
2960 3757 3200 3811 ἐστικαὶ
3227 3755 3405 3810 τοῦτο.

2253 3931 2406 3985 οΡΘ.
2447 3933 2667 4004 Ἐπειδὴ
2717 3935 2900 3988 τοίνυν
2941 3934 3066 3988 τινὰ
3102 3935 3202 4003 μὲν
3228 3934 3436 4005 ἔφαμεν
3472 3935 3577 4005 τῆς
3616 3936 3795 4005 ἁγίας

2180 4022 2411 4094 Τριὰδος
2462 4025 2638 4090 κοινὰ,
2669 4027 2793 4080 τινὰ
2833 4025 2891 4079 δὲ
2925 4025 3169 4096 ἑκάστης
3216 4027 3578 4092 ὑποστάσεως
3639 4031 3792 4096 tota,

2179 4114 2243 4168 τὸ
2279 4115 2553 4187 ἄτρεπτον
2594 4117 2767 4189 ὄνομα
2806 4117 2985 4172 κοινὸν
3022 4113 3163 4173 εῖναι
3201 4119 3302 4187 τῆς
3334 4118 3526 4183 οὐσίας
3565 4123 3794 4193 φαμὲν,

2181 4207 2216 4278 ἡ
2239 4225 2386 4272 τινος
2413 4209 2770 4274 ὑποστάσεως
2798 4209 2966 4277 tam;

2251 4384 2455 4440 ΕΡΔΝ.
2513 4387 2709 4440 Κοινόν
2750 4389 2869 4440 ἐστι
2917 4387 3018 4455 τῆς
3069 4387 3296 4456 Τριάδος
3347 4385 3413 4438 τὸ
3473 4387 3801 4462 ἄτρεπτον.

2113 4515 2154 4570 D
2185 4478 2320 4532 Οὐδὲ
2348 4479 2459 4551 γὰρ
2485 4475 2600 4533 οἷόν
2628 4497 2706 4545 τε,
2737 4480 2798 4531 τὸ
2841 4480 2940 4549 μὲν
2978 4475 3120 4530 εἶναι
3155 4479 3252 4547 τῆς
3289 4479 3478 4541 οὐσίας
3511 4488 3802 4553 τρεπτδν,

2186 4570 2246 4623 τὸ
2277 4571 2335 4624 δὲ
2363 4571 2655 4640 ἄτρεπτον.

2259 4685 2408 4740 ΟΡΘ.
2452 4685 2686 4756 ΙἈριστα
2719 4685 2970 4756 εἴρηκας.
3010 4683 3222 4756 ’Ὠσπερ
3272 4683 3380 4755 γὰρ
3419 4683 3528 4738 τῶν
3565 4688 3806 4762 ἀνθρώ-

2188 4794 2306 4832 πων
2339 4777 2514 4831 κοινόν
2547 4779 2664 4828 ἐστι
2703 4777 2765 4829 τὸ
2807 4775 3021 4847 θνητὸν,
3049 4775 3191 4830 οὕτω
3218 4778 3316 4846 τῆς
3359 4776 3521 4845 ἁγίας
3548 4782 3811 4852 Τριάδος

2189 4868 2368 4920 κοινὸν
2400 4865 2462 4917 τδ
2503 4864 2774 4935 ἄτρεπτόν
2819 4880 2876 4916 τε
2919 4865 3016 4917 καὶ
3053 4865 3432 4920 ἀναλλοίωτον.
3465 4867 3809 4940 ’Δτρεπτος

2188 4951 2480 5023 τοιγαροῦν
2510 4950 2604 5004 καὶ
2639 4951 2668 5004 ὁ
2706 4953 3003 5023 μονογενὴς
3036 4953 3182 5016 Υἱὸς,
3221 4953 3365 5006 καθᾶ
3397 4953 3491 5006 καὶ
3523 4957 3556 5008 ὀ
3586 4963 3812 5035 γεννή.

2194 5062 2291 5108 σας
2322 5043 2486 5098 αὑτὸν
2512 5043 2720 5116 Πατὴρ,
2749 5047 2846 5099 καὶ
2878 5046 2939 5098 τὸ
2975 5046 3130 5114 ἅγιον
3163 5045 3406 5115 Πνεῦμα.

2263 5135 2465 5189 ΕΡΛΝ.
2511 5137 2840 5207 Ἀτρεπτος.

2261 5247 2413 5301 ΟΡΘ.
2442 5248 2565 5313 Πῶς
2605 5249 2787 5303 τοίνυν
2845 5250 2907 5302 τὸ
2965 5251 3327 5321 εὐαγγελικὸν
3381 5254 3564 5305 ἐκεῖνο
3632 5255 3820 5329 ῥητὸν

2191 5341 2550 5412 παράγοντες,
2573 5343 2654 5406 τὸ,
2677 5360 2696 5393 ι
2719 5343 2778 5394 '0
2795 5341 2966 5410 Λόγος
2980 5343 3121 5414 σὰρξ
3150 5344 3388 5413 ἐγένετο,
3417 5363 3434 5395 ι
3468 5349 3706 5422 τροπὴν
3728 5351 3818 5422 (9)

2192 5435 2254 5503 τῇ
2296 5432 2550 5504 ἀτρέπτῳ
2585 5433 2927 5504 προσάπτετε
2954 5434 3152 5503 φύσεις
