2045 3212
713 191 902 220 DIALOGUS
922 191 947 221 Ι.
967 203 982 208 ·-

1038 190 1286 220 MMUTABILIS.
1542 214 1545 216 -
1777 193 1812 224 38

204 246 366 275 ΕΡᾹΝΛῊ)
391 246 465 274 κατὰ
486 246 590 282 τροπὴν
615 246 694 272 αὐτὴν
723 246 841 280 λέγομεν
861 244 975 278 γεγενῆ-

1059 244 1162 271 EllAN.
1190 245 1249 271 Non
1281 252 1330 278 per
1355 244 1535 272 mutationem
1567 244 1676 280 ipsum'
1699 254 1811 274 carnem

170 294 236 320 σθαι
255 294 358 329 σάρκα,
371 293 431 320 ἀλλ’
444 293 484 325 ὡς
499 291 571 319 οἶδεν
584 292 674 322 αὐτός.

210 340 288 367 ΟΡΘ.
304 341 336 366 El
361 340 399 375 μὴ
431 339 524 375 σάρκα
551 338 641 365 λαϐὼν
670 337 781 371 λέγεται
810 338 974 373 γεγενῆσθαι

173 385 254 420 σὰρξ.
273 387 348 412 δυοῖν
360 385 478 420 θάτερον
491 385 598 419 ἀνάγκη
622 384 723 417 λέγειν,
739 383 755 418 ἢ
769 383 818 418 τὴν
833 385 872 415 εἰς
887 384 974 419 σάρκα

171 432 282 467 τροπὴν
301 431 385 458 αὐτὸν
409 430 664 466 ὑπομεμενηκέναι,
682 430 699 464 ἢ
722 430 831 464 δοκήσει
854 429 974 455 τοιοῦτον

174 478 307 512 ὀφθῆναι,
329 477 402 504 κατὰ
429 477 458 503 δὲ
486 476 533 503 τὸν
557 476 645 511 ἀληθῆ
671 476 750 510 λόγον
768 476 889 510 ᾶσαρκον
903 473 973 503 εἶναι

173 523 253 550 Θεόν.

210 567 318 594 EPAN.
342 567 558 594 Βαλεντινιανῶν
574 566 655 602 αὕτη,
673 567 720 593 καὶ
745 567 973 602 Μαρκιωνιστῶν,

175 613 226 640 καὶ
244 613 410 649 Μανιχαιων
435 614 452 649 ἡ
477 614 551 646 δόξα.
572 614 668 648 Ἡμεῖς
693 613 721 639 δὲ
752 613 976 648 ὁμολογουμένως

175 659 361 694 ἐδιδάχθημεν
375 659 551 694 σαρκωθῆναι
564 659 609 685 τὸν
624 659 691 685 Θεὸν
703 658 798 692 Λόγον.

212 747 291 775 οΡΘ.
306 748 344 775 To
357 748 538 784 σαρκωθῆναι
551 747 721 782 τίνοοῦντες;
734 748 763 775 τὺ
772 748 860 784 σάρκα
871 748 973 781 λαϐεῖν,

176 791 195 827 ἢ
209 791 241 818 τδ
255 792 297 822 εις
315 792 407 826 σάρκα
416 793 574 827 τραπῆναι;

217 880 320 907 ΕΡΑΝ.
337 881 371 906 ’Δ
385 881 468 916 ἡμεῖς
479 881 639 917 ἀκηκόαμεν
657 882 704 908 τοῦ
724 881 916 916 εὐαγγελιστοῦ
932 881 974 907 λὲ·

180 932 288 960 γυντος·
304 935 314 951 l
330 926 359 952 '0
370 927 457 964 ᾼόγος
473 927 542 962 σὰρξ
555 927 671 961 ἐγένετο.
686 937 696 953 ι

216 971 293 999 οΡθ.
310 971 348 998 Τὸ
359 972 389 998 δὲ
411 973 544 1006 Ἐτέιέτο
561 974 619 1005 πῶς
635 975 720 1000 νοεῖτε
733 982 740 1007 ;

215 1059 323 1086 ΕΡΛΝ.
343 1059 373 1087 '0
391 1060 442 1095 τὴν
456 1061 497 1091 εἰς
512 1061 603 1096 σάρκα
618 1062 725 1097 τροπὴν
743 1062 894 1096 ὑπομείνας
913 1062 976 1095 ἐγέ-

178 1114 243 1132 νετο
255 1106 339 1141 σὰρξ,
362 1107 410 1133 καὶ
426 1107 478 1142 ἢδη
491 1106 570 1141 ἔφην,
587 1107 623 1139 ὡς
647 1107 726 1134 οἶδεν.
743 1108 838 1142 Ἡμεῖς
853 1109 880 1134 δὲ
898 1108 976 1142 ἴσμεν

175 1151 221 1177 δτι
238 1151 351 1178 ἅπαντα
369 1152 446 1187 αὐτῷ
458 1153 571 1180 δυνατά.
588 1154 643 1179 Καὶ
661 1154 715 1188 γὰρ
730 1153 760 1180 τὸ
771 1154 890 1189 Νειλῷον
903 1154 975 1188 ὕδωρ

176 1198 221 1228 εις
235 1194 309 1232 αἷμα
331 1198 475 1233 μετέϐαλε,
494 1199 542 1225 καὶ
564 1199 614 1234 τὴν
633 1200 740 1234 ἡμέραν
758 1200 799 1227 si:
820 1201 915 1231 νύκτα,
932 1201 978 1226 καὶ

176 1242 230 1279 τὴν
243 1243 382 1270 (θάλατταν
394 1244 509 1280 ἡπειρον
531 1245 626 1277 ἔδειξε,
644 1246 691 1271 καὶ
717 1245 768 1280 τὴν
783 1246 895 1281 ἄνυδρον
911 1246 978 1281 ἕρη-

180 1297 234 1323 μον
250 1290 357 1316 ὑδάτων
370 1290 544 1326 ἐπλήρωσεν.
561 1291 709 1326 Ἀκούομεν
731 1290 760 1317 δὲ
776 1291 824 1317 καὶ
842 1291 889 1317 τοῦ
909 1293 980 1328 Προ-

179 1336 269 1371 φὴτου
294 1336 434 1370 λέγοντος·
467 1337 582 1363 (Πάντα
614 1338 662 1363 ὅσα
698 1335 828 1371 ἠθέλησεν
843 1338 856 1362 ὁ
878 1337 979 1372 Κύριος

178 1382 315 1416 ἐποίησεν
326 1383 356 1408 ἐν
369 1382 410 1418 τῷ
427 1383 536 1418 οὐρανῷ
550 1384 597 1409 καὶ
612 1385 641 1409 ὲν
653 1385 686 1418 τῇ
701 1385 749 1418 γῇ.
774 1393 782 1408 ι

217 1428 299 1455 ΟΡΘ.
319 1428 376 1464 Τὴν
395 1429 485 1455 κτίσιν
505 1429 520 1454 ὁ
536 1429 654 1464 Ποιητὴς
678 1430 715 1460 ὡς
738 1429 770 1455 ἂν
801 1429 879 1465 ἐθέλῃ
904 1438 982 1464 μετα-

180 1472 320 1504 σκευάζει
331 1481 338 1487 ·
354 1474 458 1509 τρεπτὴ
470 1474 525 1508 γάρ
542 1475 611 1505 ἐστι,
625 1474 671 1500 καὶ
686 1476 741 1505 τοῖς
755 1474 801 1500 τοῦ
811 1475 980 1509 δημιουργή-

182 1526 285 1550 σαντος
300 1519 446 1545 ἀκολουθεί
459 1514 602 1554 νεύμασιν.
622 1520 709 1551 Αὐτὸς
728 1520 757 1546 δὲ
778 1521 911 1555 ἄτρεπτον
924 1520 981 1554 ἔχει

180 1563 234 1599 τὴν
251 1563 336 1598 φύσιν
369 1565 416 1591 καὶ
437 1565 626 1592 ἀναλλοίωτον.
645 1566 748 1592 Τούτου
768 1565 799 1600 δὴ
815 1567 903 1600 χάριν,
918 1567 982 1601 περὶ

182 1609 237 1644 μὲν
251 1609 302 1644 τῆς
313 1609 449 1641 mia-squ
458 1612 601 1646 προφήτης
614 1612 707 1645 φησιν’
727 1620 736 1637 ι
753 1612 782 1636 'U
794 1611 879 1637 ποιῶν
893 1612 981 1638 πάντα
997 1601 1018 1628 C

181 1655 233 1681 καὶ
250 1656 481 1689 μετασκευάζων·
495 1666 503 1682 ι
522 1657 586 1692 περὶ
604 1657 632 1683 δὲ
652 1657 699 1683 τοῦ
714 1657 781 1683 θεοῦ
799 1657 885 1690 Λόγου
905 1659 919 1683 ὁ
938 1659 984 1692 μέ-

182 1707 239 1733 γας
250 1700 326 1735 λέγει
338 1701 433 1727 Δαδίδ*
456 1711 465 1727 ι
482 1702 519 1728 Σὺ
537 1702 564 1728 δὲ
579 1702 594 1727 ό
607 1702 688 1734 αὐτὸς
705 1700 740 1733 εἴ,
752 1702 799 1728 καὶ
812 1703 858 1737 ἔτη
870 1711 916 1728 σου
935 1704 984 1729 οὑκ

184 1745 360 1780 ἑκλείψουσι.
372 1755 383 1771 ι
409 1747 465 1773 Καὶ
487 1747 570 1773 πάλιν
582 1748 595 1773 ὸ
610 1748 690 1779 αὐτὸς
705 1748 773 1779 Θεὸς
793 1748 857 1782 περὶ
875 1748 982 1774 ἑαυτοῦ·

187 1799 198 1818 ι
221 1791 296 1826 Ἐγώ
310 1792 380 1826 εἰμι,
395 1792 443 1819 καὶ.
457 1793 507 1819 οὐκ
519 1793 678 1828 ἠλλοὶωμαι.
691 1803 700 1819 ι

221 1837 330 1865 ΕΡΛΝ,
342 1838 383 1864 Τὰ
397 1840 577 1874 κεκρυμμένα
591 1840 620 1866 οὐ
633 1840 673 1865 δεῖ
687 1839 788 1875 ζητεῖν.

222 1883 304 1910 0P8.
321 1884 392 1910 om
403 1884 438 1911 τὰ
453 1885 626 1920 δεδηλωμένα
639 1887 779 1919 παντελῶς
796 1887 913 1921 ἀγνοεῖν.

222 1929 331 1956 ΕΡΑΝ.
355 1930 422 1965 ἐμὲ
441 1930 568 1957 λανθάνει
583 1932 597 1958 ὁ
614 1931 664 1966 τῆς
682 1933 845 1968 σαρκώσεως
867 1934 984 1968 τρόπος’

185 1974 296 2009 ﬁmum
306 1975 335 2002 δὲ
347 1975 388 2002 ὅτι
401 1976 416 2001 ὸ
430 1976 517 2010 Λόγος
533 1977 602 2011 σὰρξ
618 1977 737 2010 ἐγένετο.

223 2020 304 2048 ΟΡΘ.
330 2022 364 2048 Et
388 2023 504 2056 τραπεὶς
533 2023 640 2056 ἐγένετο
670 2023 747 2059 σὰρξ,
773 2025 802 2050 οὐ
832 2026 986 2061 μεμένηκεν

185 2065 260 2101 ὕπερ
278 2066 415 2102 πρότερον
430 2065 480 2103 ἦν·
499 2069 545 2094 καὶ
555 2067 635 2095 τοῦτο
645 2069 676 2095 ὲκ
689 2069 794 2096 πολλῶν
814 2072 925 2098 εἰκόνων
938 2081 987 2098 κα-

186 2112 326 2147 ταμαθεῖν
349 2113 474 2145 εὐπετές.
500 2114 554 2140 Καὶ
574 2115 629 2150 γὰρ
646 2116 661 2150 ἡ
681 2116 769 2142 τοιάδε
787 2117 879 2151 ἄμμος
905 2126 985 2153 προσ-

186 2157 326 2191 ομιλοῦσα
343 2158 420 2192 πυρὶ,
435 2159 545 2193 πρῶτον
564 2159 612 2193 μὲν
632 2159 733 2194 ῥοώδης
744 2161 857 2194 γίνεται,
874 2159 933 2187 εἶτα.
949 2162 987 2193 εἰς

187 2202 274 2229 ὕαλον
289 2205 509 2238 μεταπήγνυται,
526 2205 573 2231 καὶ
592 2206 650 2240 ἅμα
667 2207 700 2241 τῇ
719 2209 806 2242 τροπῇ
831 2209 881 2243 τὴν
906 2217 988 2243 προσ-

1023 290 1124 317 factum
1140 298 1200 317 esse
1215 290 1342 322 dicimus,
1357 290 1405 318 sed
1416 291 1554 325 quomodo
1569 291 1627 325 ipse
1637 292 1722 319 novit.

1059 333 1162 361 ORTH.
1174 334 1201 360 Si
1214 342 1268 361 non
1277 342 1359 361 carne
1370 341 1510 370 assumpta
1523 344 1587 363 caro
1599 336 1687 364 factus
1698 337 1812 370 dicitur,

1024 379 1141 406 duorum
1160 380 1279 407 alterum
1301 380 1429 408 aiiirmari
1456 389 1570 409 necesse
1587 386 1639 414 est,
1658 383 1701 410 vel
1723 383 1811 417 ipsum

1025 426 1184 452 in’carnem
1203 430 1338 453 mutatum
1352 434 1423 459 esse,
1441 427 1484 454 vel
1503 427 1632 462 opinione
1645 432 1750 456 tantum
1772 432 1813 456 ta-

1023 473 1077 500 lem
1095 474 1184 500 visum
1195 480 1266 506 esse,
1283 480 1380 500 revera
1389 477 1481 500 autem
1494 473 1586 501 carnis
1599 478 1739 508 expertem
1750 481 1813 501 esse

1024 519 1121 546 Deum.

1061 566 1163 593 ERAN.
1175 565 1237 593 Haec
1248 564 1515 597 Valentinianorum,
1528 568 1556 591 et
1564 564 1801 591 Marcionistarum

1025 617 1053 641 et
1067 613 1279 639 Manicbaaorum
1303 615 1346 638 est
1374 611 1478 645 opinio.
1508 611 1564 638 Nos
1580 618 1647 637 vero
1673 610 1732 637 sine
1750 617 1815 636 con-

1026 658 1346 686 troversiaincarnatum
1361 664 1422 684 esse
1450 657 1536 684 Deum
1563 656 1686 683 Verbum
1714 655 1815 682 didici—

1025 710 1096 728 IDUS.

1062 747 1166 774 ORTH.
1194 747 1368 773 lncarnatum
1392 754 1454 773 esse
1479 746 1617 781 quomodo
1643 744 1816 779 intelligitis?

1027 800 1173 819 carnemne
1191 792 1385 827 assumpsisse,
1401 800 1437 819 an
1458 792 1485 819 in
1510 799 1621 819 carnem
1647 796 1815 818 conVersum

1026 847 1086 866 esse
1099 839 1109 865 ?

1061 885 1162 911 ERAN.
1182 885 1248 917 Quae
1262 892 1313 912 nos
1333 883 1530 919 evangelistam
1548 882 1687 910 dicentem
1705 882 1815 909 audivi-

992 925 1013 952 Β
1029 938 1100 961 mus,
1119 940 1126 955 ι
1147 930 1267 957 Verbum
1280 938 1345 957 caro
1357 930 1460 957 factum
1477 933 1519 956 est
1534 928 1555 955 ⁸.
1573 938 1582 953 ι

1064 976 1170 1002 ΟΙὶΤΙΙ.
1191 975 1305 1003 Factum
1330 979 1368 1002 est
1402 979 1494 1002 autem
1515 973 1654 1008 quomodo
1686 973 1817 1008 intelligi—

1030 1022 1084 1048 tis?
1504 1050 1511 1053 _

1068 1069 1170 1095 l-ZRAN.
1193 1067 1245 1101 Qui
1276 1069 1457 1095 mutationem
1488 1066 1517 1092 in
1540 1072 1651 1092 carnem
1676 1062 1820 1096 sustinuit,

1031 1121 1095 1140 caro
1107 1113 1195 1140 factus
1211 1116 1263 1145 est,
1280 1117 1308 1140 et
1322 1113 1377 1147 jam
1402 1111 1470 1143 dixi,
1488 1110 1628 1146 quomodo
1645 1109 1705 1145 ipse
1730 1109 1818 1136 novit.

1030 1160 1084 1186 Nos
1100 1165 1191 1185 autem
1206 1159 1309 1186 scimus
1323 1158 1416 1185 omnia
1434 1157 1488 1192 ipsi
1510 1156 1650 1192 possibilia
1663 1163 1733 1183 esse.
1751 1155 1820 1182 Nam

1031 1209 1059 1232 et
1075 1205 1130 1231 Nili
1148 1212 1247 1239 aquam
1265 1204 1293 1231 in
1323 1203 1483 1239 sanguinem
1493 1202 1645 1234 convertit,
1659 1205 1688 1228 et
1700 1201 1773 1228 diem
1792 1200 1821 1227 in

1032 1254 1191 1281 noctemnet
1220 1255 1296 1276 mare
1320 1252 1422 1276 terram
1451 1248 1639 1275 continentem
1667 1245 1769 1276 eﬂ'ecit.
1793 1248 1822 1272 et

1025 1296 1209 1323 solitudinem
1225 1295 1304 1330 aquis
1320 1298 1460 1322 carentem
1476 1294 1556 1328 aquis
1587 1293 1713 1328 replevit.
1735 1291 1821 1319 Audi-

1033 1350 1096 1367 mus
1104 1342 1185 1368 etiam
1196 1341 1361 1374 Prophetam
1374 1339 1511 1367 dicentem
1528 1348 1535 1366 :
1557 1348 1566 1365 ι
1581 1338 1678 1366 Omnia
1690 1345 1822 1372 quaecun-

1033 1395 1086 1421 que
1103 1387 1191 1413 voluit
1208 1386 1341 1413 Dominus
1361 1385 1427 1413 fecit
1441 1385 1470 1411 in
1498 1386 1568 1411 caelo
1582 1388 1610 1411 et
1631 1384 1658 1410 in
1676 1387 1750 1410 terra
1772 1382 1793 1409 ⁷.
1810 1392 1819 1407 ι

1068 1431 1174 1458 ORTH.
1187 1431 1347 1458 Creaturam
1360 1430 1496 1458 Conditor
1506 1428 1685 1456 transformat
1695 1432 1726 1455 ut
1738 1427 1797 1454 vult
1812 1435 1819 1453 :

1035 1482 1076 1503 est
1090 1478 1162 1504 enim
1176 1476 1326 1509 mutabilis,
1341 1481 1370 1503 et
1386 1475 1562 1503 fabricatoris
1573 1479 1671 1502 nutum
1687 1473 1822 1508 sequitur.

1035 1523 1094 1557 Ipse
1110 1527 1201 1549 autem
1228 1527 1355 1549 naturam
1377 1521 1577 1549 immutabilem
1597 1525 1626 1547 et
1654 1519 1824 1547 alterationis

1036 1573 1176 1603 expertem
1193 1569 1285 1595 habet.
1301 1568 1366 1595 Ideo
1390 1568 1440 1602 ιι
1462 1567 1496 1595 de
1514 1571 1641 1595 creatura
1665 1566 1732 1594 dicit
1758 1573 1824 1600 pro—

1037 1615 1139 1649 pheta:
1160 1623 1168 1639 ι
1186 1614 1237 1646 Qui
1263 1613 1327 1640 facit
1349 1613 1451 1645 omnia.
1467 1617 1495 1640 et
1514 1612 1692 1639 transformat
1707 1611 1735 1644 ⁸;
1757 1620 1766 1636 ι
1789 1610 1825 1637 de

1036 1660 1092 1687 Deo
1112 1664 1203 1686 autem
1219 1659 1309 1686 Verbo
1319 1658 1387 1685 dicit
1398 1665 1514 1693 magnus
1523 1657 1609 1685 David
1623 1666 1629 1683 :
1649 1666 1658 1682 ι
1677 1656 1718 1683 Tu
1732 1659 1824 1682 autem

1012 1729 1016 1732 ι
1037 1707 1108 1734 idem
1137 1706 1193 1740 ipse
1212 1713 1252 1737 es,
1277 1708 1305 1731 et
1334 1704 1398 1731 anni
1426 1703 1467 1730 tui
1484 1711 1539 1730 non
1565 1702 1695 1730 deﬁcient
1705 1702 1725 1727 '.
1754 1710 1763 1725 ι
1793 1699 1826 1727 Et

1036 1761 1132 1779 rursus
1153 1753 1226 1779 Deus
1245 1751 1304 1785 ipse
1330 1749 1364 1776 de
1380 1748 1471 1784 seipso
1489 1756 1496 1775 :
1514 1757 1523 1773 ι
1549 1748 1606 1783 Ego
1622 1754 1695 1779 sum,
1720 1749 1748 1773 et
1769 1753 1826 1773 non

1036 1803 1128 1825 mutor
1146 1798 1176 1824 ‘°.
1196 1807 1205 1822 ι

1067 1843 1170 1870 ERAN.
1183 1842 1248 1876 Quae
1263 1841 1356 1869 abdita
1373 1844 1437 1868 sunt
1451 1839 1561 1875 exquiri
1574 1846 1629 1866 non
1640 1838 1753 1865 debent.

1070 1888 1175 1915 ORTlL
1198 1887 1255 1915 Nec
1271 1895 1332 1922 quae
1348 1885 1484 1921 patefacta
1498 1885 1608 1920 penitus
1623 1882 1755 1919 ignorari.

1073 1934 1176 1961 ERAN.
1194 1933 1394 1962 incarnationis
1411 1932 1523 1959 modum
1538 1932 1635 1966 ignoro
1650 1928 1759 1957 :audivi
1776 1935 1830 1956 au-

1039 1986 1093 2007 tem
1106 1979 1179 2014 quod
1192 1979 1312 2007 Verbum
1329 1986 1393 2006 caro
1411 1978 1514 2005 factum
1531 1976 1578 2004 sit.

1073 2024 1177 2052 ORTH.
1190 2024 1218 2051 Si
1233 2023 1386 2051 mutatione
1397 2030 1461 2050 caro
1477 2022 1579 2049 factum
1594 2025 1653 2053 est,
1667 2027 1723 2047 non
1749 2026 1828 2047 man-

1039 2071 1074 2098 sit
1091 2070 1163 2104 quod
1176 2070 1254 2104 prius
1264 2073 1325 2096 erat
1339 2078 1345 2095 :
1359 2069 1433 2103 quod
1446 2068 1558 2103 quidem
1576 2074 1610 2093 ex
1627 2066 1721 2093 multis
1749 2064 1827 2092 simi-

1039 2116 1203 2142 litudinibus
1217 2114 1335 2149 intelligi
1351 2114 1431 2141 facile
1441 2117 1541 2147 potest.
1560 2112 1627 2139 Nam
1645 2117 1728 2137 arena
1756 2116 1831 2143 quaa-

1040 2161 1102 2188 dam
1122 2161 1177 2195 igni
1202 2160 1312 2187 admota
1329 2159 1448 2194 primum
1475 2157 1560 2185 ﬂuida
1572 2156 1699 2187 efﬁcitur,
1730 2154 1828 2182 deinde

1040 2210 1068 2236 in
1085 2209 1189 2235 vitrum
1201 2207 1364 2239 concrescit,
1383 2209 1411 2234 et
1421 2213 1475 2233 una
1491 2212 1554 2232 cum
1563 2198 1716 2230 mutatione
1728 2209 1830 2229 nomen

187 2248 311 2283 ηγορίαν
319 2249 442 2283 ἀμείϐει.
452 2251 509 2276 οὐκ
516 2251 572 2286 (10)
586 2251 626 2278 ἔτι
638 2252 693 2287 γὰρ
703 2253 826 2288 ψάμμος,
836 2254 893 2279 ἀλλ’
909 2254 982 2287 ὕαλοέ

1041 2259 1209 2282 commutat:
1240 2260 1296 2280 non
1316 2252 1391 2280 enim
1415 2251 1534 2286 amplius
1551 2256 1645 2281 arena,
1666 2247 1714 2275 sed
1727 2248 1830 2274 vitrum

187 2294 369 2329 ὀνομάζεται.

225 2339 332 2366 ΕΡΑΝ.
349 2339 444 2372 Οὒτως
457 2341 524 2376 ἔχει.

227 2384 308 2411 0P8.
324 2386 379 2411 Καὶ
394 2386 443 2420 τῆς
457 2387 585 2422 ἀμπέλου
598 2387 644 2414 τὸν
659 2388 765 2423 καρπὸν
780 2389 918 2424 σταφυλὴν
929 2390 989 2416 ὀνο-

191 2430 340 2466 μάζοντες,
371 2431 436 2458 ὅταν
461 2432 668 2469 ἀποθλὶψωμεν,
696 2434 725 2461 οὺ
750 2435 899 2470 σταφυλὴν,
920 2436 989 2462 ἀλλὰ

188 2474 264 2503 οἶνον
280 2477 537 2513 προσαγορεύομεν.

225 2522 335 2550 ΕΡΑΝ.
352 2523 472 2557 Πάνυγε.

225 2568 308 2594 οΡΘ.
331 2568 420 2594 Αὐτὸν
441 2569 470 2596 δὲ
492 2569 539 2596 τὸν
555 2567 638 2601 οἶνον,
661 2570 809 2605 ὲκτροπίαν
833 2573 989 2607 γενόμενον,

188 2614 287 2641 οὐκέτι
299 2611 382 2645 οἶνον,
396 2615 455 2641 ἀλλ’
472 2615 532 2647 ὅξος
545 2616 690 2650 ὀνομάζειν
702 2616 848 2651 εἰώθαμεν.

226 2705 334 2731 ΕΡΛΝ.
355 2705 480 2740 ’Λληϐἑς.

227 2751 310 2776 οΡθ.
325 2750 405 2776 Οὕτω
426 2750 473 2776 τὸν
493 2749 567 2776 λίθον
581 2749 693 2784 ἓψοντές
707 2758 737 2776 τε
758 2750 806 2776 καὶ
826 2751 990 2784 διαλύοντες,

1042 2301 1209 2328 nominatur.

1075 2349 1085 2357 '
1103 2347 1206 2374 ERAN.
1219 2347 1258 2374 lla
1279 2350 1331 2374 est.

1077 2392 1182 2419 OltTll.
1201 2391 1270 2419 Vitis
1281 2397 1391 2425 quoque
1401 2389 1524 2416 fructum
1539 2395 1601 2415 cum
1613 2393 1693 2414 uvam
1709 2384 1832 2419 appelle-

1043 2446 1113 2470 mus,
1127 2443 1271 2472 postquam
1284 2444 1411 2471 expressa
1422 2440 1474 2467 est,
1492 2442 1547 2461 non
1558 2440 1649 2465 uvam,
1665 2431 1714 2459 sed
1737 2431 1831 2457 vinum

1042 2484 1170 2511 dicimus.

1076 2528 1180 2555 ERAN.
1194 2528 1324 2556 Omnino.

1078 2574 1182 2601 ORTH.
1201 2575 1292 2609 ipsum
1306 2582 1373 2601 vero
1389 2574 1493 2605 vinum,
1508 2581 1569 2600 cum
1588 2575 1723 2599 mutatum
1739 2569 1832 2601 fuerit.

1042 2628 1097 2647 non
1114 2620 1232 2654 amplius
1255 2620 1361 2652 vinum,
1385 2620 1433 2646 sed
1461 2623 1568 2646 acetum
1595 2617 1714 2645 solemus
1738 2615 1832 2649 appel-

1044 2665 1111 2692 lare.

1082 2709 1188 2736 ERAN.
1204 2709 1306 2736 Verum
1318 2714 1369 2736 est.

1082 2754 1187 2781 ORTH.
1209 2754 1253 2781 Sic
1275 2754 1394 2789 lapidem
1428 2760 1536 2781 coctum
1555 2758 1583 2780 et
1600 2749 1762 2782 resolutum,
1778 2756 1829 2776 non

227 2826 328 2854 'Joan.
345 2834 365 2853 ι.
379 2826 422 2853 Μ.
462 2826 471 2841 ⁷
486 2826 558 2853 Psal.
570 2834 675 2860 cxxxxv,
695 2828 719 2856 6.
759 2827 881 2855 “Jcrcm.
898 2836 925 2861 κ,
944 2828 982 2855 l6.

1050 2830 1122 2857 Psal.
1140 2839 1175 2859 cu,
1190 2831 1232 2858 28.
1271 2833 1292 2848 ¹⁰
1308 2831 1421 2859 Malach.
1447 2838 1487 2862 Ill,
1508 2830 1533 2857 6.

228 2894 285 2929 (10)
306 2893 356 2921 ἔτι.
373 2894 455 2922 Rom.
477 2899 503 2920 et
516 2893 590 2929 Lips.
607 2893 674 2921 ἔστι.
