4090 6424
261 5710 316 5728 κ

382 5313 390 5348 l

447 349 514 411 39
1429 343 1929 405 ‘THEODORETI
1968 346 2091 406 ΕῬῐ
2101 347 2308 408 SCOPI
2343 348 2716 409 CYRENSiS

3647 343 3719 410 ιιι

439 456 678 526 amplius
701 453 961 526 lapidem,
991 453 1086 509 sed
1104 454 1312 510 calcem
1335 454 1699 524 appellamus.
1734 455 2029 508 innumera

2136 457 2318 510 οὐκέτι
2343 457 2513 520 λίθον,
2538 457 2655 511 ἀλλ’
2690 455 3012 524 ἄσϐεστον-ἣ
3041 454 3253 509 τίτανον
3287 451 3564 524 καλοῦμεν
3587 467 3599 482 ·
3627 455 3722 506 καὶ

440 563 660 618 quoque
683 548 807 617 ejus
841 545 1059 616 generis
1094 545 1340 614 reperire
1384 545 1535 608 licet,
1593 559 1717 612 quae
1751 560 1860 599 una
1901 560 2027 599 cum

441 639 747 694 mutatione
771 653 969 690 nomen
996 643 1362 690 commutant.

515 731 723 786 EBAN.
762 731 821 783 In
843 728 1100 784 confesso
1133 737 1241 784 est.

513 821 724 877 08TH.
755 821 810 877 Si
837 837 970 892 ergo
997 823 1170 876 Deum
1198 821 1440 877 Verbum
1463 822 1528 876 in
1563 836 1790 876 carnem
1848 827 2032 875 muta-

443 923 560 969 tum
584 914 801 978 dicitis,
849 916 950 982 12
983 930 1084 969 cur
1118 915 1291 968 Deum
1334 923 1390 969 et
1421 930 1531 968 non
1558 929 1780 968 carnem
1844 913 2034 984 potius

441 1006 621 1076 ipsum
652 1007 977 1076 appellatis?
1009 1006 1277 1076 Congruit
1315 1007 1462 1060 enim
1492 1019 1703 1061 natura:
1740 1005 2031 1061 mutationi

439 1099 684 1153 nominis
727 1099 979 1152 mutatio.
1034 1099 1170 1152 Nam
1210 1099 1281 1164 si,
1334 1098 1426 1153 ubi
1477 1114 1542 1152 ea
1575 1115 1699 1168 qua:
1748 1106 2033 1153 mutantur

440 1192 686 1260 aliquam
712 1191 954 1244 retinent
978 1204 1105 1243 cum
1139 1189 1208 1243 iis
1236 1204 1358 1258 quae
1393 1189 1550 1258 prius
1573 1199 1732 1243 erant
1751 1187 2032 1258 cognatio-

440 1298 568 1336 nem
624 1283 816 1348 (habet
851 1281 998 1335 enim
1039 1289 1265 1334 acetum
1297 1297 1422 1334 cum
1455 1281 1585 1334 vino
1611 1280 1857 1350 aliquam
1903 1295 2033 1349 pro-

442 1375 830 1446 pinquitatem,
870 1383 926 1429 et
955 1376 1143 1428 vinum
1181 1389 1304 1428 cum
1340 1372 1520 1427 fructu
1575 1373 1722 1437 vitis,
1752 1381 1808 1427 et
1828 1373 2031 1427 vitrum

442 1482 570 1520 cum
604 1465 818 1534 arena),
859 1476 981 1535 post
1012 1466 1370 1519 mutationem
1408 1464 1512 1518 alia
1538 1465 1762 1519 nomina
1789 1465 2034 1520 sortiun-

444 1564 536 1609 tur
568 1574 579 1608 :
610 1557 703 1609 ubi
733 1557 946 1610 inﬁnita
992 1565 1078 1611 est
1115 1555 1449 1619 differentia,
1510 1562 1568 1609 et
1612 1563 1784 1619 tanta,
1827 1564 2032 1625 quanta

440 1649 633 1702 colicis
670 1647 739 1700 ad
768 1647 1084 1700 universam
1113 1653 1446 1709 creaturam,
1481 1645 1760 1700 visibilem
1800 1655 1856 1700 et
1885 1646 2032 1700 invi-

441 1739 659 1792 sibilem
691 1745 925 1802 (tantum
982 1737 1128 1790 enim
1165 1744 1253 1790 est
1287 1751 1349 1790 ac
1409 1736 1569 1805 longe
1605 1737 1785 1807 majus
1831 1736 2032 1791 discri-

2139 548 2307 618 μυρία
2340 548 2398 602 δὲ
2430 548 2660 601 τοιαῦτα
2693 546 2841 600 ἐστιν
2887 547 3089 616 εὑρεῖν,
3120 545 3156 597 ὃ.
3188 545 3283 599 σῦν
3318 547 3384 616 τῇ
3414 547 3595 614 τροπῇ
3617 561 3722 613 ,με-

2134 639 2396 694 ταϐάλλει
2429 639 2527 710 τὴν
2555 639 2769 708 κλῆσιν.

2205 731 2409 786 ΕΡΔΝ.
2435 729 2908 800 Συνωμολόγηται.

2207 820 2360 875 ΟΡΘ.
2394 821 2457 873 Εἰ
2503 819 2684 872 τοίνυν
2713 817 2813 889 τὴν
2852 819 2931 881 είς
2969 818 3148 888 σάρκα
3192 819 3398 890 τροπὴν
3456 818 3548 872 τὴν
3585 815 3720 870 Θεὶν

2135 909 2308 979 Λόγον
2345 909 2826 981 ὑπομεμενηκέναι
2869 907 3030 979 φατὲ,
3055 909 3108 961 τί
3151 909 3352 979 δήποτε
3387 909 3519 962 Θεὸν
3559 909 3720 962 αὐτὸν

2133 1003 2272 1057 ἀλλὰ
2316 1004 2391 1074 μὴ
2424 1003 2601 1074 σάρκα
2637 1002 3119 1072 προσαγορεύετες
3161 1003 3452 1076 ’Δρμόττει
3502 1001 3611 1073 γὰρ
3651 1003 3719 1071 τῇ

2133 1093 2416 1148 ἀλλοιώσει
2446 1093 2546 1162 τῆς
2581 1092 2796 1162 φύσεως
2831 1093 2864 1162 ἡ
2888 1091 2990 1161 τῆς
3015 1093 3396 1165 προσηγορίας
3422 1093 3717 1164 ὲναλλαγή.

2135 1188 2199 1239 Εἰ
2230 1185 2339 1256 γάρ
2363 1185 2493 1238 ἔνθα
2514 1183 2584 1238 τά
2612 1183 3059 1255 μεταϐαλλόμενα
3082 1184 3194 1255 ἔχει
3215 1185 3336 1241 τινὰ
3362 1185 3498 1256 πρὸς
3522 1183 3561 1238 ἃ
3584 1186 3720 1255 πρό-

2131 1293 2289 1348 τερον
2323 1272 2391 1348 ἦν
2431 1275 2752 1344 συγγένειαν
2804 1276 3059 1345 (πελάζει
3093 1276 3203 1346 γάρ
3245 1295 3361 1341 πως
3383 1278 3483 1330 καὶ
3507 1275 3566 1329 rb
3600 1275 3721 1341 ὅξος

2131 1369 2208 1438 τῷ
2249 1367 2398 1438 οἴνῳ,
2423 1367 2516 1420 καὶ
2544 1369 2572 1420 ὁ
2599 1363 2740 1431 οἶνος
2767 1367 2845 1437 τῷ
2875 1367 2975 1437 τῆς
2998 1368 3247 1438 ἀμπέλου
3270 1367 3495 1440 καρπῷ,
3525 1369 3623 1423 καὶ
3651 1371 3718 1440 τῇ

2131 1459 2347 1530 ψάμμῳ
2385 1460 2419 1529 ή
2465 1457 2672 1530 ὕαλος),
2701 1459 2899 1529 ἑτέρας
2940 1458 3114 1512 ταῦτα
3146 1462 3283 1531 μετὰ
3315 1461 3412 1533 τὴν
3435 1461 3722 1515 ἀλλοίωσιν

2135 1550 2536 1620 μεταλαγχάνει
2581 1551 2959 1622 προσηγορίας
2983 1569 2998 1583 ⁸
3028 1554 3170 1608 ὅπου
3195 1553 3255 1606 τὸ
3276 1553 3536 1623 διάφορον
3561 1553 3723 1606 ἄπει-

2135 1659 2247 1712 ρον,
2280 1641 2377 1694 καὶ
2429 1641 2688 1695 τοσοῦτον
2722 1641 2849 1695 ὅσον
2909 1643 3132 1713 ἐμπίδος
3191 1642 3329 1714 πρὸς
3384 1641 3484 1712 τὴν
3539 1642 3726 1695 κτίσιν.

2133 1733 2351 1788 ἃπασαν
2396 1733 2496 1802 τὴν
2533 1733 2742 1806 ὁρατὴν
2826 1735 2922 1788 καὶ
2958 1735 3192 1807 ἀόρατον
3245 1732 3548 1806 (τοσοῦτονλ
3585 1731 3718 1803 γάρ,

442 1844 566 1880 men
602 1828 745 1880 inter
780 1836 1032 1880 naturam
1063 1823 1250 1878 carnis
1279 1832 1336 1876 et
1363 1824 1718 1896 divinitatis),
1748 1824 2030 1895 quomodo

2138 1825 2340 1894 μᾶλλον
2376 1824 2434 1878 δὲ
2480 1827 2573 1879 καὶ
2621 1825 2804 1894 πολλῷ
2840 1826 3025 1887 πλέον.
3057 1827 3120 1880 rb
3153 1826 3319 1897 μέσον
3345 1825 3560 1895 φύσεως
3591 1842 3722 1896 σαρ-

442 1919 560 1972 ﬁeri
600 1927 782 1986 potest
809 1926 870 1971 ut
910 1925 1033 1986 post
1064 1915 1614 1986 mulationem'prior
1649 1924 1868 1972 maneat
1923 1932 2030 1987 ap—

440 2011 700 2079 pellatio?

511 2103 720 2158 ERAN.
776 2103 931 2173 Saepe
985 2105 1101 2159 dixi
1148 2107 1298 2176 quod
1340 2122 1452 2161 non
1523 2120 1624 2174 per
1667 2102 2028 2158 mutationem

442 2193 732 2263 (Verbum)
762 2194 966 2248 factum
1002 2196 1073 2250 sit
1105 2213 1278 2251 caro:
1310 2196 1406 2252 sed
1452 2210 1681 2250 manens
1719 2194 1874 2264 quod
1908 2200 2029 2248 erat

441 2285 653 2338 factum
692 2286 932 2356 sitquod
958 2303 1066 2340 non
1106 2296 1244 2342 erat.

510 2377 722 2432 ΟιιΤιι.
752 2379 858 2433 Sed
886 2379 1022 2433 illud
1057 2380 1260 2449 factum
1291 2391 1388 2445 est,
1412 2381 1519 2436 nisi
1545 2380 1882 2445 declaretur,
1909 2396 2030 2434 mu-

443 2470 708 2523 tationem
762 2470 944 2525 innuit
979 2481 1036 2526 et
1067 2471 1472 2528 alterationem.
1515 2472 1632 2530 Nisi
1669 2471 1816 2536 enim
1862 2487 2029 2526 carne

440 2571 721 2631 assumpta
771 2577 901 2616 eam
929 2562 1136 2617 factum
1177 2572 1290 2629 est,
1340 2564 1703 2619 mutationem
1739 2563 2031 2618 subeundo

439 2654 643 2708 factum
672 2663 756 2708 est
787 2669 934 2708 caro.

512 2744 724 2798 ERAN.
775 2743 1059 2798 Assumere
1112 2743 1261 2799 istud
1301 2745 1592 2799 inventum
1640 2753 1888 2800 vestrum
1921 2752 2027 2800 est.

439 2837 792 2907 Evangelista
852 2836 1002 2891 enim
1045 2835 1182 2890 dicit
1234 2853 1301 2889 ει
1341 2835 1585 2891 Verbum
1637 2850 1768 2891 caro
1823 2835 2031 2890 factum

436 2936 524 2982 est
572 2930 634 2980 ¹¹.
661 2947 679 2978 ι

499 3018 711 3073 ORTH.
739 3017 960 3073 Videris
977 3026 1074 3072 aut
1104 3017 1348 3072 divinam
1367 3017 1716 3088 Scripturam
1745 3017 2027 3088 ignorare,

2133 1915 2227 1978 κὸς
2272 1916 2368 1968 καὶ
2412 1916 2729 1988 (labra-toﬁ:
2790 1917 2910 1981 πῶς
2950 1913 3065 1972 οἷόν
3103 1934 3165 1970 τε
3205 1917 3344 1988 μετὰ
3379 1916 3478 1987 τὴν
3511 1916 3718 1987 τροπὴν

2131 2003 2231 2074 τὴν
2266 2005 2542 2077 προτέραν
2583 2008 2764 2076 μεῖναι
2793 2005 3199 2078 προσηγορίαν;

2203 2093 2406 2148 ΕΡΛΝ.
2456 2093 2724 2158 Πολλάκις
2751 2094 2910 2166 ἔφην,
2952 2097 3035 2150 ὅτι
3067 2097 3130 2150 οῦ
3161 2098 3304 2152 κατὰ
3348 2097 3558 2168 τροπὴν
3594 2093 3716 2162 ἐγέ-

2132 2203 2255 2239 νετο
2285 2185 2444 2257 σὰρξ,
2483 2187 2620 2242 ἀλλὰ
2658 2189 2837 2260 μένων
2863 2190 2894 2244 ὃ
2921 2184 3012 2261 ἦν,
3036 2190 3259 2261 γέγονεν
3279 2191 3307 2245 ὃ
3329 2191 3431 2244 οῦκ
3452 2187 3543 2262 ἦν.
3707 2210 3712 2216 ·

2203 2364 2354 2419 ΟΡΘ.
2395 2365 2557 2420 Ἀλλὰ
2595 2365 2754 2421 τοῦτο
2799 2367 2862 2420 τὸ
2903 2367 3176 2438 γέγονεν,
3211 2371 3261 2422 εί
3293 2369 3368 2440 μὴ
3413 2368 3587 2440 σαφὲς
3625 2370 3719 2438 γὲ-

2133 2473 2299 2523 νοιτο,
2343 2457 2557 2528 τροπὴν
2605 2459 2906 2514 αἰνίττεται
2945 2460 3039 2513 καὶ
3073 2459 3380 2514 ἀλλοίωσιν.
3407 2462 3470 2514 Ei
3499 2461 3574 2532 μὴ
3607 2461 3718 2532 γὰρ

2136 2547 2316 2618 σάρκα
2339 2548 2522 2603 λαϐὼν
2544 2551 2760 2619 ἐγένετο
2787 2549 2944 2622 σὰρξ,
2974 2552 3208 2622 τραπεὶς
3237 2551 3456 2620 ἐγένετο
3484 2551 3642 2624 σάρξ.

2205 2723 2411 2780 EPAN.
2443 2723 2613 2778 Τοῦτο
2633 2723 2696 2777 rb
2725 2725 2979 2779 Ἔλαϐεν
3005 2724 3273 2796 ὑμέτερόν
3294 2727 3445 2780 ἐστιν
3466 2726 3712 2800 εῦρημα.

2146 2816 2206 2869 'U
2232 2817 2340 2889 γὰρ
2385 2816 2806 2888 εὐαγγελιστὴς,
2843 2835 2862 2868 ι
2899 2816 2958 2871 '0
3009 2817 3183 2886 Λόγος
3228 2817 3364 2888 σάρξ
3419 2817 3658 2886 ἐγένετο,
3687 2838 3710 2873 ι

2132 2907 2302 2963 λέγει.

2233 2926 2302 2963 ει.

2197 2925 2360 3056 ΕΡΘ.
2397 3001 2675 3071 Ἔοικαςῆ
2709 2999 2806 3072 τὴν
2828 2999 2987 3054 θείαν
3009 3001 3234 3075 Γραφὴν
3260 3002 3496 3071 ἀγνοεῖν,
3528 3003 3561 3073 ἢ
3596 3003 3717 3056 ἐπι-

439 3120 535 3166 aut
570 3111 750 3165 sciens
781 3111 1027 3179 improbe
1063 3125 1242 3182 agere.
1272 3111 1384 3180 Ego
1406 3126 1538 3164 vero
1571 3121 1624 3166 te
1659 3111 1746 3165 vel
1782 3110 2029 3180 ignarum

2137 3093 2404 3162 στάμενος
2451 3094 2797 3163 κακουργεῖν.
2849 3091 2992 3160 Ἐγὼ
3021 3093 3080 3146 δέ
3119 3095 3264 3164 σε,ῆ
3309 3093 3613 3163 ἀγνοοῦντα
3637 3093 3716 3148 δι-

2141 3182 2276 3204 §!_P_.
2337 3182 2365 3204 S
2420 3182 2828 3204 -_..-_-_._---.“_'_.__
2881 3184 2927 3204 ’.Χ
2947 3183 3077 3204 ι--ΡκΑ
3151 3184 3196 3204 ’Δ
3224 3184 3466 3204 WIUAUHH
3517 3184 3630 3204 __!,,
3665 3201 3693 3204 _.

438 3201 670 3265 docebo,
709 3202 792 3255 vel
827 3202 1136 3271 improbum
1176 3203 1520 3258 convincam.
1559 3204 1852 3273 Responde
1875 3217 2029 3274 ergo,

439 3291 614 3344 divini
651 3290 806 3344 Pauli
832 3290 1139 3345 doctrinam
1163 3291 1425 3348 faterisne
1451 3291 1832 3362 spiritualem?

502 3470 713 3525 ERAN.
752 3470 1012 3531 Omnino.

511 3561 723 3617 ORTH.
777 3563 1048 3618 Eumdem
1115 3563 1384 3634 Spiritum
1447 3582 1549 3636 per
1577 3565 1944 3637 evangelistas
1978 3577 2035 3621 et

439 3657 720 3726 apostolos
743 3665 1030 3725 operatum
1063 3672 1185 3712 esse
1221 3659 1415 3727 dicis?,

511 3749 718 3802 ERAN.
756 3751 848 3802 Sic
868 3750 1145 3805 existimo.
1177 3751 1255 3806 l'ta
1277 3753 1426 3806 enim
1451 3768 1540 3807 me
1571 3752 1762 3806 docuit
1791 3753 2035 3823 Scriptu-

442 3853 502 3891 ra
534 3839 832 3906 apostolica
863 3857 876 3892 :
919 3858 936 3890 ‹
966 3840 1274 3896 Divisiones
1297 3842 1470 3905 enim,
1530 3841 1732 3909 inquit,
1761 3841 2033 3896 donorum

451 3928 644 3997 gratia:
673 3928 772 3996 13
803 3937 952 3994 sunt,
991 3929 1137 3984 idem
1160 3938 1347 3986 autem
1377 3930 1617 3999 Spiritus
1653 3931 1716 3983 η.
1747 3949 1766 3982 ι
1807 3931 1876 3986 Ει
1904 3947 2033 3985 rur-

438 4035 538 4074 sus
571 4022 622 4072 τ’
660 4039 677 4071 ι
707 4021 833 4076 Haec
885 4031 1068 4076 autem
1117 4022 1302 4076 omnia
1353 4028 1618 4090 operatur
1658 4037 1802 4077 unus
1867 4031 2033 4092 atque

441 4109 588 4164 idem
626 4110 884 4180 Spiritus,
920 4112 1175 4169 dividens
1223 4109 1486 4180 privatim
1543 4111 1849 4183 unicuique
1886 4114 2033 4168 sicut

441 4203 559 4255 vult
591 4203 654 4254 ¹³.
697 4222 714 4253 ι
749 4204 816 4256 Ει
852 4219 1044 4260 rursus
1079 4223 1090 4258 :
1127 4223 1145 4256 ι
1208 4201 1492 4256 Habentes
1540 4209 1725 4258 autem
1772 4205 2029 4261 eumdem

439 4292 706 4362 Spiritum
737 4293 862 4349 ﬁdei
895 4296 957 4348 η.
994 4315 1011 4346 ι

509 4384 717 4439 ORTH.
746 4384 1066 4456 Opportune
1100 4385 1397 4454 apostolica
1448 4385 1628 4442 citasti
1695 4386 2023 4446 testimonia.

2136 3182 2301 3249 δάξω,
2337 3182 2369 3252 ἢ
2419 3182 2832 3252 κακουργοῦντα
2879 3183 3103 3252 ἐλέγξω.
3151 3184 3470 3255 Ἀπόκριναι
3515 3184 3715 3247 τοίνυν,

2135 3276 2231 3328 τοῦ
2257 3273 2403 3328 θείου
2434 3274 2651 3328 Παύλου
2676 3276 3052 3347 πνευματικὴν
3076 3275 3174 3347 τὴν
3195 3276 3548 3331 διδασκαλίαν
3583 3280 3716 3347 ὁμο-

2055 3436 2062 3442 .
2135 3367 2316 3435 λογείς
2334 3385 2352 3434 ;

2208 3461 2418 3518 EPAN.
2449 3461 2689 3530 Πάνυγε.

2208 3552 2361 3606 ΟΡΘ.
2397 3553 2508 3606 Καὶ
2535 3552 2596 3605 rb
2625 3553 2760 3606 αὐτὸ
2793 3551 3040 3623 Πνεῦμα,
3063 3553 3152 3608 διά
3200 3571 3258 3608 τε
3294 3554 3403 3608 τῶν
3433 3553 3719 3622 εὐαγγελι-

2139 3645 2303 3712 στῶν,
2329 3645 2419 3699 διά
2447 3661 2506 3698 τε
2535 3643 2646 3698 τῶν
2668 3645 2988 3698 ἀποστόλων
3018 3647 3312 3717 ἐνεργῆσαι
3341 3646 3518 3716 λέγεις
3543 3664 3558 3710 ;

2207 3734 2408 3790 EPAN.
2446 3735 2606 3789 Οὕτω
2634 3737 2807 3807 φημίο
2831 3735 2975 3791 οὕτω
3012 3738 3124 3808 γάρ
3157 3737 3312 3809 παρά
3354 3738 3452 3809 τῆς
3485 3740 3748 3793 ἀποστο-’

2135 3827 2296 3897 λιιιῆς
2327 3826 2614 3898 ἐδιδάχθην
2659 3827 2917 3899 Γραφῆςο
2987 3848 3007 3880 ‹
3035 3829 3341 3900 Διαιρέσεις
3390 3829 3518 3900 γὰρ,
3560 3831 3715 3900 φησὶ,

2133 3919 2492 3990 χαρισμάτων
2543 3920 2672 3983 εἰσὶ,
2703 3918 2764 3972 τὸ
2789 3919 2847 3972 δὲ
2888 3919 3021 3974 αὐτὸ
3054 3921 3307 3991 Πνεῦμα.
3330 3940 3348 3973 ι
3389 3921 3500 3994 Καὶ
3533 3921 3713 3976 πάλιν

2135 4016 2158 4064 ἰ
2183 4010 2368 4064 Ταῦτα
2397 4011 2455 4064 δὲ
2486 4009 2664 4064 πάντα
2698 4013 2914 4082 ἐνεργεῖ
2933 4013 2992 4065 τὸ
3021 4012 3079 4065 ἓν
3103 4014 3198 4067 καὶ
3225 4013 3285 4066 rb
3307 4013 3440 4066 αὐτὸ
3469 4013 3715 4083 Πνεῦμα,

2133 4101 2376 4172 διαιροῦν
2411 4101 2518 4174 ἰδίᾳ
2566 4103 2785 4174 ἑκάστῳ
2819 4104 3002 4167 καθὼς
3037 4103 3310 4174 βούλεται.
3342 4125 3360 4157 ι
3400 4106 3509 4160 Καὶ
3539 4103 3714 4170 αὖθις⁴

2138 4212 2158 4245 ι
2194 4194 2452 4264 Ἔχοντες
2481 4193 2539 4246 δὲ
2561 4194 2622 4247 τὸ
2655 4195 2788 4248 αὐτὸ
2807 4195 3036 4264 Πνεῦμα
3055 4196 3157 4266 τῆς
3185 4197 3440 4260 πίστεως.
3478 4216 3497 4249 ι

2203 4369 2354 4422 υΡΘ.
2416 4369 2514 4432 Εἰς
2574 4370 2767 4443 καιρὸν
2813 4369 2911 4434 τὰς
2959 4371 3326 4434 ὰποστολικὰς
3395 4371 3718 4443 παρήγαγες

441 4476 500 4531 Si
525 4492 656 4548 ergo
678 4479 924 4549 ejusdem
971 4478 1214 4548 Spiritus
1242 4494 1366 4533 esse
1403 4477 1640 4532 dicimus
1671 4477 2030 4548 evangelista-

2139 4461 2468 4533 μαρτυρίας.
2515 4464 2578 4516 Εἰ
2627 4462 2808 4516 τοίνυν
2853 4462 2946 4516 τοῦ
2984 4462 3152 4546 αὑτοῦ
3210 4462 3526 4533 Πνεῦματος
3577 4458 3718 4516 εἷναί

442 4584 565 4622 rum
595 4577 651 4624 ct
681 4573 1058 4640 apostolorum
1129 4569 1460 4634 doctrinam,
1521 4568 1652 4622 audi
1703 4568 2025 4639 Apostolum

443 4659 727 4729 Evangelii
755 4662 921 4715 verba
951 4661 1429 4730 interpretantem.
1485 4659 1622 4713 Nam
1659 4656 1724 4712 ad
1769 4657 2028 4714 Hebraeos

442 4751 689 4806 scribens
713 4754 793 4808 sic
824 4754 898 4809 ait
929 4771 943 4806 :
989 4772 1006 4803 ι
1045 4753 1164 4808 Νοη
1195 4751 1346 4805 enim
1377 4751 1602 4821 angelos
1630 4750 1882 4814 assumit,
1928 4751 2025 4805 sed

443 4858 631 4898 semen
664 4845 897 4899 Abrahae
919 4843 1148 4898 assumit
1168 4843 1232 4896 ¹⁵.
1263 4861 1280 4894 ι
1319 4842 1418 4896 Dic
1437 4842 1627 4912 igitur,
1656 4841 1788 4912 quid
1817 4842 2025 4896 intelli-

444 4935 527 5004 gis
579 4951 676 5004 per
709 4951 888 4989 semen
932 4933 1212 4988 Abrahw?
1260 4932 1343 4987 An
1389 4947 1500 4986 non
1551 4932 1607 4986 id
1649 4931 1795 5002 quod
1830 4933 2028 4988 habuit

445 5027 717 5080 Abraham
751 5025 1053 5081 secundum
1079 5031 1352 5091 naturam,
1381 5023 1578 5079 habuit
1618 5024 1786 5079 etiam
1835 5039 2023 5080 semen

443 5119 678 5173 Abrahae
707 5118 730 5170 ?

519 5295 724 5349 ERAN.
758 5294 876 5348 Non
905 5295 1105 5349 omnia.
1131 5295 1384 5352 Christus
1414 5298 1562 5352 enim
1592 5304 1879 5367 peccatum
1913 5308 2025 5346 non

447 5381 597 5438 fecit.

511 5472 720 5528 ORTH.
756 5474 1043 5530 Peccatum
1075 5493 1182 5533 non
1213 5487 1297 5534 est
1331 5488 1563 5540 natum,
1591 5476 1686 5532 sed
1722 5476 1875 5530 malae
1933 5489 2028 5524 v0-

444 5561 690 5619 luntatis.
738 5563 866 5620 Ideo
910 5582 1018 5621 non
1054 5568 1337 5622 indeﬁnite
1371 5569 1484 5622 dixi
1549 5585 1559 5617 :
1620 5565 1767 5634 quod
1825 5563 2025 5616 habuit

513 5739 552 5771 ¹¹
583 5740 735 5798 Joan.
771 5759 804 5807 ι,
836 5742 898 5796 l-l
999 5745 1038 5775 ¹²
1070 5743 1217 5797 [Cor
1278 5757 1368 5805 χιι,
1405 5742 1455 5793 Il.

1538 5741 1579 5770 ⁸³
1612 5739 1746 5794 Ibid.
1780 5742 1868 5793 ll.
1947 5741 1986 5770 “
2023 5741 2062 5794 ll
2099 5739 2222 5794 Cor.
2254 5757 2323 5807 Iv,
2359 5741 2439 5794 13.

2134 4570 2315 4624 φαμεν
2343 4554 2412 4608 τά
2440 4571 2499 4607 τε
2533 4553 2642 4607 τῶν
2675 4544 3103 4623 εῦαγγελιστῶν,
3139 4553 3209 4607 τά
3246 4569 3307 4605 τε
3353 4553 3458 4606 τῶν
3486 4553 3717 4607 ἀποστάς-

2133 4645 2250 4708 λων,
2268 4645 2638 4716 παιδεύματα,
2668 4645 2899 4700 ἄκουσον
2945 4643 3040 4697 τοῦ
3080 4645 3405 4698 Ἀποστόλου
3451 4644 3512 4697 τὸ
3552 4645 3716 4712 εὐαγ-

2132 4739 2348 4808 γελικὺν
2367 4738 2529 4810 ρητδν
2557 4737 2975 4808 ἐρμηνεύοντος.
3022 4734 3297 4807 Ἑϐραίοις
3326 4735 3436 4807 γὰρ
3460 4734 3711 4789 ἐπιστέλ-

2133 4829 2239 4882 λων
2265 4826 2439 4891 οὕτως
2479 4827 2584 4897 ἔφη
2601 4844 2614 4858 '
2649 4847 2665 4878 ι
2689 4828 2761 4880 Οὐ
2790 4827 2899 4900 γὰρ
2924 4827 3094 4897 δήπου
3121 4825 3370 4895 ἀγγέλων
3399 4825 3711 4896 ἐπιλαμϐά-

2132 4939 2302 4982 νεται,
2356 4919 2495 4973 ἀλλὰ
2529 4918 2841 4988 σπέρματος
2900 4918 3151 4990 Ἀϐραάμ
3208 4917 3706 4987 ἐπιλαμϐάνεται.)

2143 5015 2460 5083 ’Λπόκριναι
2482 5011 2681 5078 τοίνυν,
2701 5013 2751 5064 τί
2773 5014 2911 5076 νοεῖς
2940 5011 3000 5065 rb
3035 5011 3274 5081 σπέρμα
3303 5010 3410 5064 τοῦ
3442 5009 3714 5080 Ἀὄραάμς

2132 5103 2329 5158 οὐκοῦν
2358 5104 2494 5173 ὅπερ
2531 5098 2645 5173 εἶχε
2687 5104 2827 5157 κατὰ
2867 5103 3028 5173 φύσιν
3076 5102 3350 5174 Ἀϐραὰμ,
3379 5097 3491 5172 εἶχε
3533 5102 3625 5156 καὶ
3654 5103 3714 5156 τὸ

2133 5197 2355 5266 σπέρμα
2388 5196 2480 5248 τοῦ
2519 5196 2796 5267 Ἀϐραάμ;

2203 5285 2404 5337 EPAN.
2459 5287 2533 5336 Οὐ
2567 5286 2764 5339 πάντα.
2818 5287 3119 5356 ’Λμαρτίαν
3159 5286 3268 5358 γὰρ
3299 5289 3326 5340 ὁ
3351 5285 3584 5355 Χριστὸς
3617 5285 3717 5338 οὐκ

2132 5393 2404 5444 εποιησεν.

2207 5468 2359 5522 ΟΡΘ.
2405 5468 2463 5521 ’11
2503 5469 2748 5538 ἁμαρτία
2770 5471 2869 5522 οὐκ
2901 5469 3021 5522 ἐστι
3055 5470 3156 5541 τῆς
3186 5470 3424 5538 φύσεως,
3455 5470 3591 5524 ἀλλὰ
3620 5470 3716 5541 τῆς

2138 5559 2314 5628 κακῆς
2355 5561 2746 5629 προαιρέσεως.
2777 5561 2978 5614 Τούτου
3008 5561 3072 5631 δὴ
3103 5561 3284 5632 χάριν,
3318 5562 3418 5615 οὐκ
3451 5563 3716 5634 ἀορίστως

2525 5741 2564 5772 ‘5
2592 5739 2753 5792 Hebr.
2792 5756 2846 5806 ιι,
2884 5740 2965 5794 Ιῦ.
