4090 6484
338 401 410 469 41

1428 389 1807 463 DIALOGUS
1844 399 1896 460 Ι.
1935 426 2004 435 ——
2042 383 2569 464 IMMUTABILIS.
3204 438 3210 444 ι
3252 443 3254 446 μ
3564 397 3634 461 t2

342 519 509 590 ἔφην,
537 517 680 587 ὅπερ
707 511 859 586 εἷχεν
895 512 1182 586 Ἁϐραάμ,
1214 510 1330 565 ἀλλ’
1357 511 1496 583 ὅπερ
1524 507 1637 582 εἶχε
1671 513 1814 565 κατὰ
1851 507 1953 580 φύ-

2071 511 2354 580 ὶιπσὴσω,
2399 515 2516 578 sed,
2568 512 2715 584 quod
2763 510 2957 566 habuit
2978 510 3283 568 secundum
3353 521 3630 578 naturam,

346 627 459 674 σιν,
487 608 738 662 τουτέστι
775 605 940 677 σῶμα
979 605 1076 658 καὶ
1107 601 1289 674 ψυχὴν
1322 600 1571 672 λογικήν.
1606 600 1741 654 Είπὲ
1772 602 1951 655 τοίνυν

349 701 565 770 σαφῶς,
592 700 642 753 εί
669 697 1064 768 συνομολογεῖς
1095 695 1156 749 τὺ
1187 694 1412 765 σπέρμα
1439 692 1536 746 τοῦ
1574 693 1827 764 ’Δὸραὰμ
1857 693 1952 746 καὶ

350 790 517 859 σῶμα
544 785 686 840 εἷναι
727 787 824 840 καὶ
858 786 1041 858 ψυχὴν
1075 784 1326 854 λογικήν.
1368 781 1546 854 Εἴπερ
1575 783 1685 854 ἄρα
1733 781 1832 853 μὴ,
1857 784 1952 836 καὶ

352 880 503 935 κατὰ
542 879 705 932 τοῦτο
740 881 856 943 τοῖς
903 874 1282 948 ’Δπολιναρίου
1311 872 1571 946 συμφέρῃ
1613 873 1949 943 ληρήμασιν.

366 974 538 1027 Ἀλλά
573 973 686 1043 γὰρ
723 973 821 1025 καὶ
867 969 1140 1041 ὲτέρωθέν
1177 985 1246 1022 σε
1303 967 1466 1021 τοῦτο
1516 966 1953 1038 συνομολογῆσαι

349 1065 792 1132 καταναγκάσω.
830 1062 969 1116 Εἰπὲ
999 1061 1200 1126 τοίνυν,
1228 1059 1280 1113 οἱ
1317 1058 1564 1113 Ἰουδαῖοι
1601 1058 1764 1131 σῶμα
1799 1056 1954 1128 έχου-

353 1175 410 1208 σι
447 1158 550 1209 καὶ
577 1155 760 1226 ψυχὴν
790 1154 1052 1224 λογικήν;

423 1248 636 1301 EPAN.
662 1247 833 1316 Δῆλον
855 1246 932 1309 ὡς
958 1245 1202 1317 ἔχουσιν.

426 1336 585 1389 ΟΡΘ.
623 1336 797 1389 Ὅταν
833 1335 1017 1388 τοίνυν
1053 1332 1381 1404 ἀκούσωμεν
1418 1330 1516 1386 τοῦ
1557 1331 1839 1403 προφήτου
1870 1329 1947 1384 λέσ

353 1444 570 1495 TW“;
612 1447 630 1478 ε
652 1427 731 1479 Σὺ
762 1426 847 1490 δὲ,
889 1425 1112 1496 Ἰσραὴλ
1134 1425 1163 1478 ὁ
1198 1427 1334 1489 παῖς
1383 1440 1511 1494 μου,
1555 1420 1752 1477 Ἰακὼϐ
1776 1422 1844 1475 ὃν
1871 1421 1958 1490 ἐξ.

353 1521 658 1591 ελεξάμην,
686 1521 916 1590 σπέρμα
957 1518 1236 1591 Ἀϐραάμ,
1258 1517 1318 1572 ὃν
1345 1517 1667 1588 ἠγάπησα,»
1697 1517 1772 1587 μὴ
1798 1516 1958 1586 μόνον

354 1613 576 1684 σάρκας
599 1613 730 1674 τοὺς
771 1611 1066 1673 Ἰουδαίους
1097 1609 1351 1679 νοοῦμεν,
1388 1609 1454 1662 οὐ
1491 1608 1721 1679 νοοῦμεν
1750 1606 1960 1679 ἀνθρὼ-

351 1718 496 1765 πους
525 1704 591 1754 ἐκ
622 1700 897 1770 σωμάτων
921 1699 1017 1753 καὶ
1040 1698 1234 1769 ψυχῶν
1258 1698 1636 1765 συνεστῶτας;

431 1792 640 1846 EPAN.
682 1791 930 1862 Ἀληθές.

2059 601 2166 659 hoc
2190 613 2274 659 est
2307 619 2511 676 corpus
2545 615 2600 661 et
2623 604 2863 660 animam
2924 603 3139 658 ratione
3187 603 3498 675 praeditam.
3536 605 3635 662 Dic

2057 711 2190 768 ergo
2246 708 2456 768 aperte,
2494 705 2682 753 utrum
2743 711 2931 752 semen
2965 694 3204 750 Abrahae
3249 694 3473 751 fatearis
3517 712 3642 755 esse

2059 805 2261 862 corpus
2283 798 2339 845 et
2397 789 2634 845 animam
2689 789 2903 844 ratione
2947 787 3286 858 praeditam?
3318 787 3414 846 Sin
3457 789 3643 844 minus

2060 883 2232 949 enim,
2260 884 2318 938 in
2342 883 2450 938 hoc
2477 883 2641 938 etiam
2665 880 2990 952 Apollinarii
3022 880 3218 937 deliria
3249 881 3499 938 sectaris.
3530 882 3668 949 Ve-;

2062 987 2186 1026 rum
2211 972 2316 1027 hoc
2337 987 2438 1042 ego
2466 981 2520 1026 te
2538 971 2650 1026 alia
2674 972 2842 1026 etiam
2868 969 3080 1024 ratione
3105 969 3267 1024 fateri
3287 969 3666 1040 compellam.‘

2062 1062 2160 1118 Dic
2181 1077 2310 1134 ergo
2339 1081 2353 1116 :
2382 1061 2669 1118 Habentne
2707 1061 2882 1118 Judaei
2912 1075 3114 1130 corpus
3150 1067 3207 1115 et
3243 1059 3490 1117 animam
3546 1076 3640 1117 ra-

2062 1152 2213 1208 tione
2236 1152 2568 1222 praeditam?

2128 1243 2336 1298 ERAN.
2364 1243 2587 1299 Clarum
2625 1251 2712 1298 est
2739 1257 2838 1296 eos
2861 1241 3088 1296 habere.

2132 1335 2342 1392 ORTH.
2373 1337 2603 1404 Quando
2629 1351 2764 1406 ergo
2810 1335 3135 1406 prophetam
3175 1333 3516 1390 audierimus
3563 1334 3644 1389 di-

2064 1438 2299 1485 centeni.
2334 1448 2352 1480 ι
2387 1429 2552 1495 Ettu,
2577 1429 2745 1484 Israel
2772 1442 2932 1482 serve
2964 1427 3061 1490 mi,
3085 1425 3255 1482 Jacob
3281 1442 3453 1498 quem
3477 1427 3647 1497 elegi,

2064 1536 2250 1576 semen
2273 1521 2512 1576 Abrahae
2562 1520 2725 1575 amici
2765 1519 2875 1574 mei
2908 1518 2972 1583 “,
3007 1537 3025 1570 ι
3065 1534 3200 1572 num
3235 1533 3432 1574 carnes
3465 1517 3646 1573 solum

2063 1612 2281 1668 Judaaos
2307 1613 2672 1676 arbitramur,
2689 1627 2768 1666 .an
2793 1609 3053 1666 homines
3083 1623 3154 1664 ex
3169 1609 3497 1680 corporibus
3526 1609 3648 1664 ani-

2065 1703 2282 1773 misque
2305 1702 2612 1758 conﬂatos?

2144 1795 2249 1868 ιι
2281 1795 2489 1850 EBAN.
2513 1795 2655 1852 Vera
2683 1794 2843 1850 dicis.

433 1885 588 1939 0P8.
622 1885 736 1937 Καὶ
776 1883 836 1936 τὸ
889 1882 1114 1954 σπέρμα
1144 1880 1241 1935 τοῦ
1294 1880 1565 1952 Ἁϐραάμ,
1595 1881 1702 1934 ούκ
1731 1880 1959 1952 ἄψυχον,

2135 1889 2346 1944 ΟῐὶΤΙί.
2377 1889 2446 1944 Ει
2467 1903 2656 1944 semen
2680 1889 2934 1955 Abrahae,
2963 1905 3074 1944 non
3100 1888 3305 1944 anima:
3323 1903 3430 1944 nec
3449 1886 3652 1942 mentis

353 1977 488 2034 οὐδὲ
533 1978 723 2044 ἄνουν,
768 1975 908 2031 ἀλλὰ
956 1976 1139 2030 πάντα
1168 1974 1313 2046 έχον,
1347 1975 1527 2030 ὁπόσα
1556 1975 1656 2045 τὴν
1687 1975 1849 2044 φύσιν
1867 1993 1966 2046 χα-

357 2069 703 2141 ρακτηρίζει
727 2067 825 2122 τοῦ
875 2068 1167 2139 Ἀϐραάμ

428 2162 643 2217 ΕΡΑΝ.
682 2162 744 2215 Ὀ
774 2159 950 2214 ταῦτα
975 2159 1153 2227 λέγων
1181 2158 1278 2214 δύο
1308 2157 1608 2227 πρεσϐεύει
1645 2156 1819 2221 υἱούς,

429 2253 589 2306 0P8.
631 2251 692 2306 '0
725 2252 786 2305 δὲ
829 2251 924 2304 τὸν
953 2250 1094 2303 Θεὸν
1125 2251 1302 2318 Λόγον
1335 2252 1416 2313 είς
1447 2250 1629 2320 σάρκα
1657 2247 1966 2319 τετράφθαι

353 2342 566 2408 λέγων,
598 2342 725 2394 οὐδὲ
757 2341 855 2396 ἕνα
912 2341 1065 2408 λέγει
1121 2340 1268 2394 Υίόν.
1313 2339 1461 2412 Σὰρξ
1505 2339 1615 2411 γὰρ
1657 2339 1798 2408 αὐτὴ
1843 2338 1969 2392 καθ’

352 2437 536 2507 αὐτὴν
582 2436 685 2505 οὐχ
730 2434 1097 2504 Υίός.’Ἥμείς
1135 2431 1200 2486 δὲ
1246 2433 1342 2485 ἕνα
1389 2431 1520 2485 Υίδν
1574 2431 1966 2503 ὁμολογοῦμεν,

355 2530 692 2599 σπέρματος
733 2526 945 2598 Ἀσραά
953 2543 993 2596 μ
1020 2523 1529 2596 ἐπιλαμϐανόμενον
1549 2524 1692 2579 κατὰ
1713 2524 1806 2577 τὸν
1825 2523 1968 2578 θεῖον

368 2619 734 2682 Ἀπόστολον,
781 2618 878 2671 καὶ
918 2617 1018 2689 τὴν
1054 2616 1166 2670 τῶν
1200 2615 1508 2686 ἀνθρώπων
1544 2618 1970 2687 πραγματευσᾶο

360 2727 535 2781 μενον
574 2708 876 2779 σωτηρίαν.
907 2709 970 2761 El
992 2707 1048 2759 δὲ
1080 2707 1155 2778 μὴ
1187 2705 1440 2776 στέργεις
1469 2705 1570 2778 τήν
1599 2704 1968 2774 άποστολικήν

355 2801 746 2864 διδασκαλίαν,
778 2800 1040 2870 ἄντικρυς
1082 2795 1438 2868 ὁμολόγησον.

432 2893 654 2946 ΕΡΑΝ.
701 2889 954 2944 Ἐναντία
1001 2889 1184 2942 τοίνυν
1257 2888 1437 2959 φαμὲν
1493 2887 1777 2959 εἰρηκέναι
1842 2889 1969 2952 τοῦς

361 2983 736 3046 ἀποστόλους.
775 2981 1052 3036 Ἐναντίον
1099 2981 1210 3052 γὰρ
1239 2975 1379 3034 εἷναί
1424 2997 1542 3043 πως
1571 2979 1828 3047 δοκεῖτὸ,
1863 2999 1883 3032 ι
1911 2981 1969 3034 '0

359 3077 545 3144 Λόγος
605 3073 745 3145 σὰρξ
793 3073 1073 3142 ὲγένετο,»
1127 3070 1232 3143 τῷ,
1265 3091 1285 3124 ‹
1314 3070 1638 3142 Σπέρματος
1714 3071 1971 3143 Ἀϐραὰμ

360 3168 699 3222 ἐπελάϐετο.
724 3185 750 3218 -›

433 3263 605 3316 οΡθ.
638 3260 734 3314 Σοὶ
765 3258 846 3328 τῷ
883 3257 959 3330 μὴ
1006 3256 1243 3323 νοοῦντι,
1277 3256 1310 3328 ἢ
1339 3255 1518 3328 μάτην
1547 3255 1968 3326 φιλονεικοῦντι,

360 3354 599 3408 ἐναντία
643 3353 794 3406 δοκεῖ
825 3351 894 3405 τὰ
932 3351 1226 3420 σύμφωνα.
1260 3349 1387 3413 Τοῖς
1416 3348 1528 3419 γὰρ
1558 3346 1797 3422 σῶφρονι
1825 3348 1972 3418 λογι-

362 3446 498 3518 σμῷ
528 3444 901 3517 κεχρημένοις
932 3443 994 3496 οὗ
1027 3443 1302 3512 φαίνεται.
1339 3440 1596 3496 Διδάσκει
1629 3440 1742 3512 γάρ
1773 3441 1802 3494 ό
1829 3439 1973 3505 θεῖος

375 3535 739 3600 ’Δπόστολος,
765 3534 842 3598 ὡς
879 3532 942 3588 ού
981 3532 1215 3604 τραπεὶς
1245 3533 1274 3586 ό
1296 3531 1430 3594 Θεὸς
1469 3531 1644 3600 Λόγος
1688 3530 1827 3604 σὰρξ
1859 3531 1974 3600 ἐγέ-

363 3645 514 3695 νετο,
536 3628 680 3682 ἀλλὰ
711 3627 1031 3697 σπέρματος
1071 3623 1326 3694 Ἀϐραὰμ
1366 3623 1782 3694 έπιλαόόμενος.
1815 3623 1974 3678 Κατὰ

364 3720 574 3775 ταύτὸν
601 3720 688 3784 δὲ,
728 3718 828 3771 καὶ
858 3717 959 3787 τῆς
1004 3715 1145 3787 πρὸς
1186 3715 1280 3768 τὸν
1317 3713 1575 3786 Ἀϐραὰμ
1595 3715 1974 3787 γεγενημένης

365 3811 715 3881 ἐπαγγελίας
742 3809 1181 3880 ἀναμιμνήσκει.
1212 3807 1285 3860 Ἢ
1320 3805 1381 3859 ού
1413 3807 1690 3878 μέμνησαι
1739 3807 1848 3861 τῶν
1890 3807 1971 3879 τῷ

365 3903 700 3975 πατριάρχῃ
737 3899 895 3973 παρὰ
929 3899 1027 3955 τοῦ
1065 3896 1203 3953 Θεοῦ
1235 3896 1345 3951 τῶν
1374 3897 1512 3951 ὅλων
1544 3896 1805 3951 δοθεισῶν
1837 3898 1973 3952 ὐπο-

365 3997 465 4066 σχέ
474 4011 621 4047 σεων
639 4012 654 4060 ;

433 4085 652 4140 ‘EPAN.
683 4081 864 4139 Ποίων
885 4099 901 4148 ;

435 4176 603 4230 ΟΡΘ.
653 4174 849 4228 Ἦνίκα
912 4171 1076 4226 αὐτὸν
1118 4171 1184 4225 ἐκ
1241 4170 1342 4243 τῆς
1392 4169 1655 4243 πατρῴας
1706 4168 1974 4243 ἐξήγαγεν

365 4271 578 4333 οἰκίας,
605 4268 702 4322 καί
722 4269 803 4330 είς
830 4265 931 4336 τὴν
953 4262 1320 4336 Παλαιστίνην
1353 4263 1530 4317 ὲλθεῖν
1553 4262 1970 4335 παρηγγύησεν,

366 4363 476 4416 οὒκ
503 4361 613 4432 ἔφη
649 4358 790 4429 πρὸς
823 4357 1009 4420 αὐτὸν,
1053 4373 1071 4406 ι
1105 4355 1400 4424 Εὑλογήσω
1442 4354 1569 4418 τοὺς
1615 4347 1979 4421 εύλογοῦντάς

370 4473 458 4517 σε,
490 4454 592 4508 καὶ
623 4451 756 4514 τοὺς
800 4445 1236 4519 καταρωμένους
1292 4461 1353 4498 σε
1410 4443 1820 4517 καταράσομαι,
1879 4446 1974 4498 καὶ

1995 3216 2044 3278 C

2066 1994 2286 2050 expers,
2346 1980 2443 2034 sed
2486 1978 2670 2032 omnia
2726 1978 2938 2034 habens
2965 1994 3090 2049 qua
3127 1977 3363 2033 Abrahae
3392 1984 3654 2032 naturam

2067 2070 2385 2140 exprimunt
2408 2071 2431 2123 ’ἔ

2141 2163 2350 2219 ERAN.
2375 2161 2478 2229 Qui
2505 2162 2623 2218 haec
2646 2162 2802 2228 dicit,
2846 2161 2988 2218 duos
3023 2161 3236 2218 inducit
3271 2161 3435 2217 ﬁlios.

2138 2257 2350 2315 ORTH.
2385 2257 2457 2312 At
2489 2255 2584 2326 qui
2607 2256 2779 2311 Deum
2806 2255 3049 2311 Verbum
3082 2255 3139 2309 in
3160 2269 3384 2309 carnem
3417 2269 3654 2309 convcr-

2069 2365 2192 2406 sum
2229 2363 2353 2404 esse
2383 2347 2542 2411 dicit,
2578 2340 2796 2401 nullum
2859 2345 2997 2400 dicit
3048 2345 3269 2400 Filium.
3323 2344 3466 2400 Caro
3501 2345 3656 2400 enim

2069 2442 2189 2513 ipsa
2213 2457 2312 2512 per
2331 2455 2390 2496 se
2423 2455 2536 2494 non
2563 2448 2650 2494 est
2672 2439 2864 2494 Filius.
2896 2438 3010 2493 Nos
3044 2445 3230 2492 autem
3263 2452 3435 2492 unum
3452 2436 3656 2492 Filium

2071 2533 2402 2590 conﬁtemur
2440 2532 2544 2602 qui
2603 2546 2791 2586 semen
2842 2529 3078 2585 Abrahae
3108 2529 3434 2599 assumpsit,
3474 2536 3541 2582 ut
3579 2529 3659 2583 die

2070 2625 2234 2680 vinus
2259 2625 2338 2678 ait
2383 2622 2677 2692 Apostolus
2717 2620 2787 2682 ¹⁷,
2844 2628 2902 2674 et
2951 2619 3047 2688 qui
3085 2617 3374 2674 hominum
3417 2617 3657 2674 salutem

2071 2714 2410 2786 procuravit.
2447 2711 2604 2779 Quod
2622 2711 2666 2765 si
2702 2709 2800 2765 tibi
2817 2725 2928 2765 non
2955 2711 3138 2781 placet
3155 2708 3404 2764 doctrina
3434 2717 3659 2778 aposto-

2072 2808 2200 2872 lica,
2235 2815 2427 2876 aperte
2451 2803 2732 2875 proﬁtere.
3655 2853 3658 2857 _

2142 2895 2349 2952 ERAN.
2393 2892 2699 2964 Pugnantia
2730 2905 2863 2963 ergo
2891 2890 3111 2946 locutos
3155 2889 3394 2945 dicimus
3431 2897 3660 2959 aposto-

2071 2987 2178 3044 los.
2210 2987 2566 3043 Contrarium
2604 2983 2753 3038 enim
2780 2982 3190 3054 quodammodo
3219 2982 3460 3046 videtur,
3491 2981 3659 3036 «Ver-

2072 3080 2204 3134 bum
2222 3093 2352 3134 caro
2373 3077 2577 3132 factum
2591 3085 2679 3131 est
2691 3075 2754 3141 ",
2778 3093 2795 3128 ο
2819 3074 2873 3130 ei
2888 3073 3156 3144 quodest,
3179 3073 3411 3129 «Semen
3427 3071 3662 3138 Abrahe't

2067 3169 2443 3244 apprehendit
2476 3169 2541 3223 ".
2587 3185 2607 3220 ι

2142 3265 2162 3284 ‘
2189 3260 2402 3319 ORTH.
2436 3259 2559 3315 Tibi
2577 3259 2811 3316 fortasse
2839 3274 2949 3316 non
2974 3257 3302 3330 intelligenti
3329 3256 3417 3313 vel
3453 3263 3662 3315 temere

2083 3352 2461 3418 contendenti,
2491 3365 2738 3425 pugnare
2767 3351 3030 3408 videntur
3084 3365 3208 3420 qua;
3254 3349 3484 3404 omnino
3526 3362 3662 3410 con-

2075 3446 2343 3503 sentiunt.
2374 3442 2449 3502 lis
2478 3445 2626 3500 enim
2649 3443 2745 3514 qui
2771 3457 2903 3498 sana
2928 3448 3114 3498 mente
3144 3439 3359 3511 praditi
3383 3447 3514 3494 sunt
3541 3453 3659 3495 non

2072 3535 2356 3593 videntur.
2384 3535 2558 3591 Docet
2582 3533 2731 3590 enim
2761 3531 2985 3588 divinus
3017 3528 3330 3601 Apostolus,
3391 3544 3503 3584 non
3561 3544 3663 3601 per

2073 3627 2441 3684 mutationem
2468 3627 2641 3683 Deum
2691 3624 2934 3680 Verbum
2980 3636 3202 3678 carnem
3268 3619 3477 3676 factum
3513 3634 3659 3684 esse.

2075 3723 2173 3780 sed
2204 3722 2416 3778 semine
2435 3719 2672 3776 Abrahae
2686 3716 3057 3787 apprehenso.
3078 3713 3256 3769 Simul
3275 3711 3444 3767 etiam
3473 3710 3660 3767 datam

2073 3814 2309 3871 Abrahm
2336 3811 2758 3885 promissionem
2788 3807 2849 3862 in
2897 3805 3224 3862 memoriam
3280 3810 3522 3858 revocat.
3577 3802 3663 3860 An

2073 3920 2208 3961 vero
2233 3918 2346 3959 non
2375 3899 2674 3957 meministi
2698 3895 3128 3970 promissionum
3169 3908 3312 3965 quas
3339 3894 3486 3949 Deus
3532 3893 3664 3949 uni-

2076 4010 2362 4052 versorum
2392 3992 2720 4065 patriarchae
2745 3987 2936 4046 dedit?

2147 4087 2356 4143 ERAN.
2401 4084 2774 4152 Quarumnam
2799 4082 2823 4136 ?
3544 4110 3560 4118 τι

2146 4177 2358 4233 ORTll.
2417 4173 2650 4240 Quando
2691 4188 2758 4228 ex
2793 4178 3024 4241 paterna
3062 4171 3248 4240 ipsum
3280 4169 3444 4224 domo
3469 4167 3665 4222 eduxit

2077 4269 2217 4324 etin
2279 4265 2625 4321 Palaestinam
2677 4261 2871 4316 venire
2926 4258 3112 4329 jussit,
3159 4272 3344 4312 nonne
3389 4254 3530 4310 dixit
3556 4254 3658 4308 ei:

2085 4380 2102 4412 ‹
2136 4355 2604 4414 Benedicentibus
2631 4353 2733 4408 tibi
2759 4351 3108 4414 benedicam,
3175 4358 3232 4405 et
3277 4346 3660 4403 maledicenti-

2076 4453 2181 4508 bus
2210 4450 2308 4505 tibi
2334 4447 2680 4509 maledicam,
2705 4452 2762 4498 ct
2797 4443 3197 4499 benedicentur
3227 4442 3284 4496 in
3317 4438 3524 4496 semine
3566 4446 3663 4494 tuo

361 4539 842 4608 εὐλογηθήσονται
867 4538 926 4591 έν
963 4535 1043 4607 τῷ
1080 4533 1357 4606 σπέρματί
1405 4550 1499 4586 σου
1540 4532 1718 4586 πάντα
1743 4533 1810 4588 τὰ
1843 4533 1967 4605 έθνη

2080 4557 2270 4599 omnes
2303 4547 2496 4613 gentes
2523 4546 2687 4592 terrae
2712 4536 2799 4589 ὀἳ
2834 4556 2851 4587 ι

362 4633 472 4704 τῆς
492 4635 640 4703 γῆςς
670 4649 690 4683 ι

437 4745 660 4801 ΕΡΛΝ.
703 4743 1007 4816 Μέμνημαι
1039 4741 1208 4797 τῶνδε
1249 4741 1356 4796 τῶν
1390 4741 1759 4813 ὑποσχέσεων.

446 4839 609 4893 ΟΡΘ.
658 4835 872 4913 Οὐκοῦν
921 4835 1304 4908 ἀναμνήσθητι
1336 4836 1433 4890 καὶ
1464 4835 1575 4889 τῶν
1610 4837 1747 4910 πρὸς
1792 4837 1978 4890 Ἰσαὰκ

367 4931 469 4984 καὶ
514 4926 720 4982 Ἰακὼϐ
746 4926 1138 4997 γεγενημένων
1169 4924 1321 4996 παρὰ
1359 4922 1454 4978 τοῦ
1498 4923 1641 4978 Θεοῦ
1665 4925 1971 4994 συνθηκῶν.

365 5025 483 5086 Τάς
515 5017 692 5083 αύτᾶς
725 5019 836 5088 γάρ
876 5019 973 5071 καὶ
1003 5017 1214 5082 τούτοις
1241 5017 1475 5070 δέδωκεν
1506 5017 1852 5086 ὑποσχέσεις,
1884 4999 1974 5087 ﬂe-

363 5113 547 5166 ϐαιῶν
575 5113 693 5173 τοῖς
727 5109 1002 5180 δευτέροις
1033 5107 1128 5162 καὶ
1165 5107 1375 5177 τρίτοις
1402 5105 1472 5159 τὰ
1515 5105 1780 5178 πρότερα.

436 5203 658 5258 ΕΡᾹΝ.
687 5201 998 5271 Μέμνημαι
1022 5199 1118 5252 καὶ
1161 5197 1388 5268 τούτων.

437 5298 601 5351 ΟΡΘ.
633 5295 854 5358 Ταύτας
885 5293 943 5348 δὲ
971 5293 1069 5356 τὰς
1102 5291 1378 5364 συνθήκας
1415 5288 1736 5362 ἑρμηνεύων
1768 5291 1798 5344 ὁ
1829 5291 1975 5356 θεῖος

379 5383 738 5445 Ἀπόστολος,
763 5383 939 5448 οὕτως
971 5384 1031 5436 έν
1075 5386 1144 5454 τῇ
1189 5383 1328 5452 πρὸς
1357 5381 1608 5444 Γαλάτας
1637 5383 1795 5454 φησί·
1834 5401 1852 5434 ι
1883 5383 1974 5454 Τῷ

363 5479 424 5531 δὶ
467 5471 735 5544 Ἀϐραάμ
765 5472 1079 5543 ἐρρήθησαν
1114 5477 1171 5530 αἱ
1207 5471 1554 5543 ἐπαγγελίαι,
1588 5474 1684 5528 καὶ
1709 5473 1786 5546 τῷ
1813 5475 1985 5547 σπέρ-

369 5587 504 5631 ματι
534 5564 730 5620 αὐτοῦ.
773 5564 846 5618 Οὐ
895 5562 1066 5630 λέγει,
1101 5561 1214 5614 Καὶ⁹
1260 5569 1371 5624 τοῖς
1408 5566 1720 5631 σπέρμασιν
1783 5567 1973 5631 αὑτοῦ,

367 5664 444 5727 ὡς
471 5661 571 5714 ἐπὶ
619 5655 862 5722 πολλοῖς,
890 5653 1008 5709 ἀλλ’
1033 5653 1108 5718 ὡς
1137 5651 1225 5722 ἐφ’
1260 5650 1401 5715 ἐνὸς,
1449 5651 1508 5715 ὃς
1543 5652 1659 5704 ἐστι
1697 5651 1932 5722 Χριστός
1958 5672 1970 5686 ·

439 5780 487 5814 ¹⁶
523 5780 632 5834 lsa.
675 5793 786 5841 xu,
821 5776 874 5830 8.
992 5776 1032 5806 "
1075 5775 1248 5830 Hebr.
1277 5791 1336 5837 ll,
1367 5774 1452 5830 16.

376 5853 460 5908 ἰ.
706 5943 981 6001 ΡΑτιιυι..
1028 5939 1143 5998 Gn.
1193 5935 1510 5998 LXXXlL'.

1567 5774 1609 5805 “'
1644 5773 1801 5830 Joan.
1846 5790 1884 5831 I.
1933 5775 2018 5831 Ui.

2153 4743 2258 4815 15
2290 4739 2496 4797 ERAN.
2529 4737 2790 4794 Memoria
2821 4746 2986 4791 teneo
3017 4733 3120 4789 has
3144 4730 3557 4803 promissiones.

2146 4833 2364 4890 ORTH.
2406 4828 2720 4886 Recordare
2754 4826 2922 4896 igitur
2970 4823 3140 4880 etiam
3179 4822 3448 4878 fcederum
3477 4836 3600 4891 quae
3634 4836 3664 4875 a

2080 4929 2194 4984 Deo
2233 4940 2358 4981 cum
2388 4923 2574 4978 lsaaco
2614 4927 2672 4974 et
2695 4917 2903 4974 Jacobo
2933 4915 3073 4971 facta
3102 4924 3250 4969 sunt.
3279 4912 3415 4968 Nam
3443 4911 3664 4967 easdem

2079 5015 2476 5091 promissiones
2523 5011 2612 5066 his
2656 5021 2878 5080 quoque
2908 5005 3082 5071 dedit,
3114 4999 3374 5061 secundis
3401 5013 3456 5058 et
3486 5000 3667 5058 tertiis

2077 5110 2292 5182 priores
2321 5103 2674 5161 conﬁrmans.

2144 5199 2354 5258 ERAN.
2389 5197 2596 5253 Harum
2624 5191 2794 5248 etiam
2822 5187 3067 5246 memini.

2142 5291 2352 5349 ORTH.
2385 5289 2514 5345 Haec
2537 5293 2723 5342 autem
2754 5282 2962 5340 fmdera
2989 5295 3252 5336 enarrans
3278 5277 3499 5334 divinus
3524 5275 3666 5344 Apo-

2077 5384 2272 5444 stolus.
2291 5383 2372 5436 sic
2388 5380 2446 5435 in
2468 5377 2714 5448 Epistola
2741 5374 2809 5430 ad
2835 5372 3056 5429 Galatas
3078 5370 3245 5425 dicit:
3272 5387 3291 5418 ι
3314 5367 3546 5422 Abrahae
3569 5379 3668 5418 au-

2081 5485 2192 5532 tem
2219 5474 2382 5530 dictae
2423 5477 2554 5526 sunt
2577 5465 2975 5538 promissiones
3021 5470 3079 5518 et
3127 5459 3324 5516 semini
3357 5457 3495 5526 ejus.
3537 5455 3657 5511 Non

2079 5569 2234 5631 dicit,
2269 5567 2338 5621 Et
2381 5561 2689 5618 seminibus
2728 5559 2882 5630 ejus,
2916 5563 3175 5624 tanquam
3209 5549 3277 5605 de
3307 5545 3528 5612 multis,
3565 5545 3664 5601 sed

2081 5667 2337 5733 tanquam
2365 5652 2435 5708 de
2472 5666 2604 5718 uno,
2636 5650 2729 5721 qui
2765 5656 2851 5704 est
2905 5644 3163 5701 Christus
3191 5641 3233 5674 "
3272 5656 3285 5693 :
3314 5637 3662 5711 apertissime

2133 5778 2364 5833 1"Hebr.
2422 5792 2478 5844 ιι,
2533 5775 2618 5829 16.
2721 5772 2766 5805 ⁸ο
2795 5769 2932 5826 Gen.
2980 5782 3073 5831 xu,
3125 5765 3179 5820 5.
3293 5764 3336 5797 ³⁸
3371 5761 3546 5816 Galat.
3579 5772 3664 5823 In,

3234 5924 3272 5985 2
