4090 6416
494 314 565 377 l3
1480 317 1968 385 THEODORETI
2008 323 2051 385 E

2152 326 2350 391 SCOPI
2386 331 2754 399 CYRENSIS
3683 349 3753 415 Ui

496 417 794 476 ostendens
834 419 1233 479 humanitatem
1259 422 1463 481 Christi
1495 441 1562 481 ex
1590 427 1801 483 semine
1842 428 2051 485 Abraha

2178 435 2551 508 ἐναργέστατα
2587 443 2801 511 δεικνὺς
2826 446 2924 517 τήν
2951 447 3347 521 ἁνθρωπότητα
3377 451 3471 506 τοῦ
3518 454 3752 526 Χριστοῦ

495 511 851 582 germinasse,
878 520 933 565 et
958 511 1187 568 Abrahae
1212 513 1409 570 factam
1434 516 1857 587 promissionem
1884 519 2077 612 imple-

495 617 657 659 71858.

562 782 772 837 ERAN.
803 782 959 836 Dicta
990 790 1120 837 sunt
1144 783 1263 838 haec
1292 783 1361 838 ab
1389 782 1668 854 Apostolo.

562 870 773 927 ORTH.
804 872 1064 927 Poterant
1086 873 1203 928 haec
1227 873 1451 944 quidem
1479 875 1610 929 satis
1635 890 1754 931 esse
1780 874 1846 928 ad
1877 874 2073 930 tollen-

493 963 617 1018 dam
644 979 862 1019 omnem
893 966 1324 1020 controversiam
1355 982 1477 1036 quae
1506 967 1609 1020 hac
1634 967 1701 1021 de
1728 982 1787 1021 re
1811 966 2069 1037 agitatur.

491 1053 604 1127 Ego
631 1065 813 1112 tamen
831 1056 997 1111 aliam
1031 1073 1251 1128 quoque
1283 1058 1691 1128 praedictionem
1726 1060 1825 1113 tibi
1866 1058 1922 1112 in
1952 1073 2070 1113 me-

489 1146 721 1200 moriam
752 1146 1043 1200 revocabo.
1077 1146 1246 1201 Jacob
1276 1146 1586 1216 patriarcha
1627 1145 2070 1201 benedictionem

488 1235 633 1291 hanc
663 1236 767 1291 sibi
797 1246 853 1291 et
886 1237 1026 1306 patri
1055 1246 1112 1292 et
1154 1252 1256 1292 avo
1288 1237 1469 1291 datam
1500 1238 1601 1291 soli
1630 1237 1783 1293 Iudae
1826 1237 1938 1292 filio
1969 1238 2068 1292 de-

467 1326 590 1392 t'dit,
622 1326 812 1382 dicens
836 1344 848 1380 :
887 1346 905 1379 ι
938 1328 1059 1382 Νοη
1086 1328 1305 1382 deficiet
1334 1329 1589 1397 princeps
1608 1328 1675 1382 de
1696 1328 1857 1392 Juda,
1883 1339 1939 1383 et
1958 1328 2066 1383 dux

488 1416 557 1472 de
584 1417 886 1474 femoribus
913 1420 1051 1491 ejus,
1080 1419 1259 1475 donec
1285 1421 1470 1475 veniat
1507 1421 1595 1474 cui
1631 1422 1931 1490 repositum
1961 1428 2064 1487 est,

482 1517 544 1565 et
572 1511 686 1581 ipse
719 1512 822 1567 erit
854 1512 1188 1581 exspectatio
1219 1512 1463 1583 gentium
1492 1514 1557 1565 “.
1594 1530 1611 1563 ι
1640 1512 1721 1566 An
1756 1512 2065 1581 prtedictio-

487 1616 611 1656 nem
639 1602 802 1657 istam
836 1618 946 1658 non
977 1603 1222 1657 admittis
1252 1611 1508 1672 tanquam
1537 1602 1603 1657 de
1628 1601 1850 1657 Christo
1876 1602 2063 1657 Salva-

488 1704 605 1748 tore
632 1694 1088 1763 prmnuntiatam?

545 1782 761 1838 ERAN.
800 1784 975 1838 Judaei
1012 1785 1147 1839 tales
1185 1785 1503 1854 prophetias
1551 1800 1840 1856 perperam
1888 1786 2064 1840 inter-

470 1881 800 1944 pretantur;
831 1889 932 1944 ego
966 1890 1097 1929 vero
1123 1874 1468 1929 Christianus
1526 1891 1670 1940 sum,
1703 1870 1905 1931 divinis
1938 1891 2061 1931 cre-

481 1965 620 2021 dens
650 1964 968 2035 Scripturis,
1001 1975 1057 2021 et
1089 1966 1389 2038 (probatas)
1428 1967 1495 2023 de
1543 1967 1824 2022 Salvatore
1870 1977 2061 2024 nostro

480 2056 797 2125 prophetias
825 2057 943 2111 sine
979 2057 1087 2110 ulla
1117 2057 1457 2111 dubitatione
1485 2058 1711 2127 recipio.

514 2172 517 2175 ι
542 2144 753 2202 ΟΒΤΗ.
769 2146 1037 2212 Quoniam
1054 2162 1186 2216 ergo
1202 2146 1392 2201 fateris
1414 2156 1467 2201 te
1492 2147 1716 2203 credere
1734 2148 2056 2218 prophetiis,

474 2244 540 2292 et
591 2252 715 2306 quae
770 2238 1031 2306 praedicta
1085 2239 1189 2308 ιθ
1234 2248 1369 2292 sunt
1420 2238 1488 2292 de
1538 2238 1818 2294 Salvatore
1867 2248 2059 2295 nostro

477 2328 627 2384 edita
658 2342 779 2383 esse
824 2327 1001 2392 dicis,
1048 2328 1177 2382 hinc
1224 2330 1519 2383 verborum
1558 2328 1804 2398 Apostoli
1830 2344 2057 2400 scopum

480 2420 791 2476 considera.
823 2420 1157 2475 Patriarchis
1189 2420 1335 2475 enim
1373 2419 1542 2474 factas
1574 2420 1966 2489 promissiones
1989 2422 2056 2475 ad

476 2512 684 2566 exitum
733 2512 1027 2582 perductas
1071 2510 1235 2566 fuisse
1297 2511 1624 2575 ostendens,
1676 2512 2055 2566 admirabilem

478 2600 623 2657 illam
653 2618 839 2656 vocem
867 2602 1051 2656 emisit
1082 2620 1095 2653 :
1132 2620 1149 2652 ι
1181 2601 1298 2655 Νοη
1325 2601 1473 2655 enim
1503 2602 1725 2671 angelos
1759 2603 1947 2673 utique
1972 2619 2058 2659 as-

475 2691 644 2745 sumit
664 2691 801 2745 ⁸³·“.
833 2710 850 2741 ι
889 2690 1053 2756 Quasi
1073 2690 1311 2744 diceret:
1335 2689 1472 2743 Vera
1491 2698 1577 2745 est
1606 2693 1919 2760 promissio,
1950 2693 2055 2746 im-

473 2780 657 2851 posuit
696 2780 961 2834 Dominus
1006 2779 1468 2850 promissionibus
1510 2781 1694 2845 finem,
1723 2793 1946 2851 apertus
1970 2791 2056 2837 est

472 2870 729 2941 gentibus
773 2869 1175 2924 benedictionis
1217 2869 1373 2934 fons,
1417 2870 1560 2925 Deus
1591 2886 1775 2926 semen
1820 2872 2054 2929 Abrahae

471 2958 787 3031 assumpsit,
812 2972 911 3026 per
939 2957 1045 3011 hoc
1068 2957 1393 3026 promissam
1423 2959 1652 3014 salutem
1685 2970 1924 3030 prastat,
1954 2978 2053 3032 per

454 3047 579 3103 vboc
600 3047 843 3117 gentium
866 3045 1331 3115 exspectationem
1360 3048 1667 3103 conﬁrmat.

531 3334 761 3404 ERAN.
781 3336 1046 3393 Praeclare
1076 3339 1546 3407 cumapostolicis
1572 3341 1893 3411 prophetica
1920 3352 2057 3397 σου-τ

468 3440 607 3483 nexa
636 3435 786 3482 sunt.
894 3474 899 3479 .

536 3515 746 3573 08TH.
784 3518 932 3572 Idem
966 3534 1157 3575 rursus
1179 3518 1401 3576 divinus
1444 3522 1757 3594 Apostolus,
1794 3525 1863 3580 de
1894 3526 2048 3581 Iudae

466 3604 850 3663 benedictione
874 3623 978 3662 nos
1001 3607 1305 3664 admonens
1348 3621 1405 3665 et
1425 3611 1555 3667 huic
1573 3628 1794 3683 quoque
1817 3630 2067 3684 responr

466 3697 615 3753 disse
650 3707 910 3753 eventum
942 3700 1256 3766 ostendens,
1286 3703 1558 3758 exclamat
1598 3722 1611 3757 :
1644 3724 1663 3755 ι
1697 3705 2044 3759 Manifestum

464 3799 552 3846 est
579 3788 748 3854 enim,
779 3803 845 3844 ex
887 3789 1028 3844 Iuda
1067 3801 1247 3847 ortum
1290 3809 1411 3849 esse
1452 3794 1745 3850 Dominum
1774 3797 1841 3849 ".
1881 3815 1900 3847 ι
1932 3797 2047 3852 Hoc

467 3879 646 3951 ipsum
665 3886 720 3936 et
742 3880 1007 3950 propheta
1028 3881 1299 3950 Michazas,
1326 3892 1382 3939 ct
1404 3884 1690 3939 Matthazus
1709 3888 2043 3957 evangelista

461 3966 741 4026 fecerunt.
758 3970 851 4024 ille
875 3971 1021 4025 enim
1046 3974 1365 4029 vaticinium
1388 3975 1582 4036 edidit,
1607 3976 1697 4029 hic
1718 3992 1849 4031 vero
1870 3978 2043 4033 histo-

436 4058 557 4114 έτίεε
583 4060 965 4131 propheticum
988 4054 1362 4121 testimonium
1390 4065 1659 4135 adiunxit.
1687 4068 1754 4121 Et
1775 4070 1922 4137 quod
1948 4070 2043 4125 ad-

436 4149 754 4205 miratione
800 4149 1024 4222 dignum
1072 4163 1189 4219 est,
1226 4154 1544 4210 manifestos
1580 4157 1828 4213 veritatis
1854 4158 2041 4215 hostes

459 4238 663 4295 Herodi
687 4248 877 4312 aperte
902 4242 1107 4300 dixisse
1135 4246 1230 4310 ait,
1262 4244 1381 4299 fore
1412 4255 1472 4300 ut
1498 4245 1751 4305 Christus
1788 4251 1842 4305 in
1870 4240 2038 4306 B'eth-

456 4330 599 4386 leem
631 4342 973 4390 nasceretur.
1013 4356 1030 4387 ι
1069 4336 1347 4406 Scriptum
1381 4340 1528 4394 enim
1557 4350 1661 4408 est,
1691 4343 1870 4414 inquit
1914 4364 1926 4399 :
1969 4348 2038 4403 Et

2177 527 2242 580 ἐκ
2269 530 2582 604 σπέρματος
2623 534 3003 609 βλαστήσασαν
3044 541 3316 613 Ἁϐραάμ,
3357 546 3452 598 καὶ
3473 544 3571 617 τὴν
3616 550 3753 617 πρὸς

2175 621 2267 674 τὸν
2343 622 2597 697 Ἀϐραὰμ
2645 629 3020 702 γεγενημένην
3080 633 3418 702 ἐπαγγελίαν
3461 636 3753 709 πληρώσα-

2179 731 2297 770 σαν.

2247 805 2453 863 EPAN.
2484 810 2715 891 Είρηται
2749 813 2922 868 ταῦτα
2952 814 3029 885 τῷ
3070 815 3398 890 ’Δποστόλῳ.

2245 900 2397 955 ΟΡΘ.
2448 902 2630 957 Ἱκανὰ
2662 904 2762 975 μὲν
2790 906 2884 960 καὶ
2911 906 3086 961 ταῦτα
3112 911 3291 963 πᾶσαν
3317 911 3416 981 τὴν
3459 912 3587 983 περὶ
3620 914 3748 970 τούσ-

2171 1006 2268 1044 του
2303 995 2625 1066 κινουμένην
2664 997 3077 1070 ἀμφισϐήτησιν
3126 999 3305 1055 λῦσαι.
3347 1001 3488 1071 Ἐγὼ
3516 1003 3573 1057 δέ
3601 1005 3751 1075 ὅμως

2173 1083 2268 1137 καὶ
2309 1084 2502 1156 ἐτέρας
2555 1103 2614 1138 σε
2674 1089 3033 1158 προρρήσεως
3087 1092 3407 1163 ἀναμνήσω.
3481 1094 3674 1148 Ἰακὼϐ
3718 1099 3742 1149 ἑ

2172 1176 2518 1247 πατριάρχης
2542 1178 2697 1247 τήνδε
2721 1180 2820 1250 τὴν
2864 1180 3117 1249 εὐλογίαν
3145 1182 3294 1252 αὐτῷ
3322 1185 3417 1237 καὶ
3452 1183 3529 1254 τῷ
3554 1202 3611 1238 τε
3642 1204 3743 1239 παι

2170 1267 2382 1343 τρὶριαὶ
2410 1268 2487 1339 τῷ
2516 1272 2728 1340 πάππῳ
2758 1271 3027 1336 δοθεῖσαν,
3074 1274 3243 1346 Ἰούδᾳ
3264 1274 3342 1344 τῷ
3374 1277 3525 1329 παιδὶ
3545 1276 3742 1329 δέδωκε

2172 1358 2341 1427 μόνῳ.
2389 1360 2532 1430 Ἔφη
2567 1360 2622 1414 δὲ
2664 1361 2857 1426 οὕτως’
2906 1382 2925 1414 ι
2996 1365 3110 1418 υύκ
3160 1366 3401 1432 ἐκλείψει
3448 1366 3632 1436 ἄρχων
3685 1366 3745 1432 ἐξ

2183 1448 2371 1515 Ἰούδα,
2402 1452 2496 1504 καὶ
2528 1451 2828 1523 ἡγούμενος
2868 1456 2933 1508 ἐκ
2961 1455 3069 1509 τῶν
3102 1455 3292 1527 μηρῶν
3326 1455 3512 1520 αὑτοῦ,
3543 1457 3645 1520 ἕως
3677 1458 3746 1510 ἂν

2169 1537 2297 1610 ἔλθῃ
2338 1533 2382 1608 ᾧ
2411 1542 2724 1606 ἀπόκειται,
2767 1544 2863 1597 καὶ
2885 1546 3048 1606 αὐτὸς
3094 1546 3393 1617 προσδοκία
3421 1546 3643 1601 ἐθνῶν.»
3673 1546 3743 1600 Ἦ

2166 1631 2225 1683 ού
2259 1630 2387 1703 δέχῃ
2421 1634 2577 1704 τήνδε
2607 1636 2709 1705 τὴν
2750 1636 3077 1708 πρόρρησιν,
3104 1639 3178 1702 ὡς
3208 1639 3336 1709 περὶ
3362 1638 3456 1691 τοῦ
3490 1639 3745 1710 Σωτῆρος

2166 1725 2285 1795 είρη
2298 1726 2463 1795 μένην
2490 1728 2726 1797 Χριστοῦ
2756 1746 2769 1794 ;

2096 1788 2138 1843 Β
2220 1788 2437 1872 ἘἸδΑΝξ
2501 1788 2766 1873 Ἰουδαῖοι,
2803 1821 2900 1884 τὰς
2946 1821 3201 1887 τοιαύτας
3261 1822 3743 1896 παρερμηνεύουσι

2166 1896 2504 1979 προφητείας
2528 1927 2543 1940 ο
2600 1912 2710 1979 ἐγὼ
2749 1912 2804 1965 δὲ
2844 1915 3171 1985 Χριστιανός
3232 1917 3369 1985 είμι,
3421 1920 3536 1980 τοῖς
3574 1916 3745 1982 θείοις

2163 2000 2437 2053 πιστεύων
2480 2000 2680 2069 λόγοις,
2724 2007 2817 2056 καὶ
2862 2006 2961 2069 τὰς
3004 2007 3134 2077 περὶ
3169 2006 3265 2061 τοῦ
3302 2006 3553 2079 Σωτῆρος
3582 2008 3744 2079 ήμῶν

2164 2091 2503 2161 προφητείας
2528 2093 2918 2159 ἁνενδοιὰστως
2950 2096 3202 2166 δέχομαι.

2234 2182 2386 2235 ΟΡΘ.
2432 2183 2647 2254 Ἐπειδὴ
2670 2186 2852 2239 τοίνυν
2895 2187 3176 2242 πιστεύειν
3217 2191 3339 2253 ταῖς
3379 2190 3741 2260 προφητείαις

2161 2270 2464 2341 ὁμολογεῖς,
2515 2275 2607 2327 καὶ
2642 2274 2709 2327 τὰ
2755 2277 3139 2347 προρρηθέντα
3188 2280 3316 2350 περὶ
3361 2280 3454 2334 τοῦ
3488 2279 3741 2350 Σωτῆρος

2161 2360 2318 2430 ήμῶν
2347 2363 2702 2418 τεθεσπίσθαι
2730 2366 2930 2433 λέγεις,
2973 2368 3165 2437 νόησον
3204 2370 3318 2441 (Η)
3344 2369 3596 2445 ἐντεῦθεν
3628 2370 3740 2423 τῶν

2161 2449 2532 2505 ἀποπολικῶν
2568 2454 2750 2523 ῥητῶν
2778 2457 2869 2509 τὸν
2903 2460 3124 2513 σκοπόν.
3159 2461 3272 2523 Τὰς
3308 2461 3417 2531 γὰρ
3445 2461 3581 2530 πρὸς
3611 2460 3741 2523 τοὺς

2160 2557 2265 2593 πατ
2275 2541 2505 2612 ριὰρχας
2538 2560 2737 2615 γεγενη
2747 2546 2915 2615 μένας
2940 2548 3275 2616 ἐπαγγελίας
3318 2566 3382 2602 πε
3392 2567 3455 2602 πε
3464 2549 3741 2621 ρασμένας

2157 2631 2502 2698 ἐπιδεικνὺς,
2544 2636 2642 2707 τὴν
2684 2637 2994 2707 θαυμασίαν
3044 2638 3261 2707 ἐκείνην
3293 2640 3473 2708 ἀφῆκε
3522 2642 3739 2711 φωνήνθ

2162 2740 2183 2774 ι
2234 2724 2307 2775 Ού
2345 2725 2455 2795 γὰρ
2487 2725 2658 2795 δήπου
2709 2728 2956 2797 ἀγγέλων
2986 2729 3447 2800 ἐπιλαμῦἀνεται·
3489 2750 3508 2782 r
3548 2748 3744 2802 μονον-

2154 2814 2277 2883 ουχὶ
2314 2813 2524 2884 λέγων,
2586 2817 2847 2887 Ἀψευδὴς
2888 2819 2920 2886 ἡ
2966 2818 3299 2887 ’ὖπόσχεσιω
3335 2821 3570 2890 ἐπέθηκε
3615 2822 3736 2884 ταῖς

2156 2906 2514 2973 ἐπαγγελίαις
2542 2909 2569 2961 ὁ
2611 2909 2889 2978 Δεσπότης
2919 2910 3126 2980 πέρας,
3166 2909 3393 2980 ἀνεῴγει
3430 2914 3542 2974 τοῖς
3583 2911 3745 2963 ἔθνεα

2158 3012 2243 3048 σιν
2282 2999 2315 3066 ή
2347 3001 2447 3067 τῆς
2498 2998 2747 3064 εὐλογίας
2791 3001 2964 3069 πηγή,
3016 3001 3107 3053 τοῦ
3149 3002 3506 3072 ’Δϐραμιαίου
3560 3003 3737 3073 σπέρ-

2081 3119 2123 3175 C
2163 3103 2332 3157 ματος
2378 3090 2407 3141 ὁ
2451 3088 2582 3153 Θεὸς
2621 3089 2967 3161 ἐπείληπται.
3005 3091 3093 3144 διὰ
3142 3093 3333 3146 τούτου
3377 3093 3477 3162 τὴν
3526 3094 3739 3148 ἄνωθεν

2157 3178 2578 3248 ἐπηγγελμένην
2605 3182 3052 3250 πραγματεύεται
3088 3184 3381 3255 σωτηρίαν,
3420 3185 3509 3239 διὰ
3542 3184 3733 3238 τούτου

2154 3268 2254 3340 τὴν
2286 3269 2395 3321 τῶν
2430 3270 2599 3323 ἐθνῶν
2630 3272 2853 3340 ἐμπεδοῖ
2886 3274 3233 3344 προσδοκίαν.

2126 3401 2132 3407 .
2224 3360 2427 3414 ΕΡΑΝ.
2467 3363 2699 3432 Ἀριστα
2730 3366 2839 3428 τοῖς
2882 3366 3260 3431 ἀποστολικοῖς
3307 3368 3376 3421 τὰ
3418 3370 3733 3440 προφητικὰ

2154 3451 2527 3523 συνηρμόσθη.

2221 3542 2375 3595 υΡΘ.
2410 3541 2568 3595 Οὕτω
2619 3544 2780 3599 πάλιν
2821 3545 2849 3598 ό
2898 3545 3041 3609 θεῖος
3103 3546 3427 3612 ’Λπόστολος
3484 3549 3581 3619 τῆς
3634 3548 3733 3603 τοῦ

2163 3630 2332 3684 Ἰούδα
2371 3633 2519 3703 ἡμᾶς
2541 3634 2973 3705 ἀναμιμνήσκων
3002 3636 3344 3707 εὐεργεσίας,
3381 3638 3474 3690 καὶ
3515 3638 3733 3701 δεικνὺς

2149 3723 2242 3777 καὶ
2294 3723 2497 3795 ταύτην
2548 3725 2850 3796 δεξαμένην
2900 3728 2961 3779 τὸ
3004 3728 3197 3797 πέρας,
3259 3728 3377 3799 βοᾷο
3411 3750 3427 3780 ι
3461 3729 3733 3799 Πρόδηλον

2146 3814 2275 3885 γὰρ,
2310 3814 2391 3868 ὅτι
2434 3814 2494 3880 ἐξ
2548 3815 2718 3871 Ἰούδα
2758 3816 3120 3872 ἀνατέταλκεν
3152 3823 3180 3874 ὁ
3224 3820 3448 3891 Κύριος.
3495 3840 3513 3871 ι
3553 3822 3594 3872 Τ
3599 3821 3734 3873 αὐτὸ

2145 3904 2202 3956 δὲ
2233 3902 2392 3957 τοῗιτο
2421 3906 2516 3958 καὶ
2556 3908 2584 3958 ὁ
2614 3910 2899 3977 προφήτης
2926 3910 3188 3980 Μιχαίας,
3229 3913 3324 3964 καὶ
3362 3913 3389 3963 ό
3446 3910 3731 3980 εὐαγγελι-

2149 3993 2277 4064 στὴς
2337 3995 2618 4060 Ματθαῖος
2672 3998 2999 4069 πεποίηκεν.
3036 4000 3095 4053 '0
3146 4003 3246 4072 μὲν
3291 4002 3398 4073 γὰρ
3452 4001 3573 4055 εἷπε
3627 4002 3731 4072 τὴν

2144 4087 2472 4157 πρόρρησιν,
2498 4090 2526 4140 ὁ
2558 4089 2615 4141 δὲ
2648 4092 2714 4159 τῇ
2748 4091 2957 4162 ἱστορίᾳ
2992 4092 3091 4163 τὴν
3114 4096 3420 4163 μαρτυρίαν
3449 4093 3727 4158 συνέταξε.
3789 4169 3792 4171 Α
3828 4113 3844 4124 ·

2142 4177 2255 4230 Καὶ
2286 4178 2347 4231 τὸ
2378 4179 2704 4249 παράδοξον,
2738 4183 2818 4235 ὅτι
2857 4186 2982 4248 τοὺς
3007 4184 3440 4257 προδηλοτάτους
3465 4187 3563 4256 τῆς
3594 4186 3728 4254 ἁληο

2142 4266 2292 4330 θείας
2317 4269 2543 4339 ἐχθροὺς
2578 4270 2684 4341 ἔφη
2716 4271 2795 4343 τῷ
2844 4273 3060 4346 Ἡρώδῃ
3093 4276 3280 4345 σαφῶς
3322 4279 3517 4340 εἰπεῖν,
3559 4277 3636 4340 ὡς
3668 4279 3731 4331 ἐν

2139 4361 2207 4430 τῇ
2242 4359 2491 4432 Βηθλεέμ
2524 4363 2553 4414 ό
2590 4363 2829 4431 Χριστὸς
2870 4366 3150 4433 γεννᾶται,
3193 4386 3210 4418 ι
3248 4368 3561 4438 Γέγραπται
3591 4367 3724 4439 γὰρ,

457 4430 538 4488 ιιι,
573 4421 851 4479 Bethleem
881 4434 1028 4481 terra
1059 4427 1232 4492 ludat,
1262 4443 1604 4500 nequaquam
1629 4436 1854 4490 minima
1885 4452 1946 4492 es
1981 4439 2036 4492 in

2152 4421 2465 4519 φίλιοι-Καὶ,
2486 4454 2575 4515 σὺ,
2613 4421 2894 4526 Ιέηθλεέμ,
2920 4457 2994 4527 γῆ
3056 4458 3254 4524 Ἰούδα,
3297 4421 3552 4526 ούὶδαμῶς

454 4515 799 4586 principibus
827 4517 999 4573 Judze.
1045 4518 1125 4572 Ex
1170 4527 1223 4573 te
1264 4522 1412 4575 enim
1459 4524 1593 4578 mihi
1628 4527 1872 4595 prodibit
1901 4529 2033 4594 dux,

452 4607 546 4678 qui
575 4617 724 4677 reget
748 4610 1012 4680 populum
1043 4625 1226 4664 meum
1260 4610 1425 4666 Israel
1449 4616 1513 4670 '°.
1553 4634 1571 4667 ι
1602 4616 1712 4670 Nos
1752 4627 1936 4673 autem
1978 4621 2035 4675 id

451 4714 670 4769 quoque
719 4701 1079 4773 adiungamus
1122 4701 1270 4771 quod
1314 4703 1489 4758 Judaei
1535 4707 1772 4778 maligne
1828 4711 2033 4767 omise-

449 4798 599 4856 runt,
624 4790 757 4846 dum
775 4794 1156 4864 imperfectum
1174 4794 1460 4863 proferunt
1476 4798 1870 4856 testimonium.
1894 4801 2030 4857 Cum

446 4884 597 4947 enim
642 4883 865 4951 dixisset
902 4885 1171 4957 propheta
1220 4904 1233 4940 :
1269 4906 1286 4938 ι
1336 4888 1415 4942 Ex
1449 4897 1501 4945 te
1532 4892 1848 4962 egredietur
1892 4898 2027 4953 mihi

447 4972 577 5041 dus,
630 4995 647 5028 ι
676 4977 915 5047 adjecit:
950 4997 969 5028 ι
1000 4976 1068 5031 Ει
1096 4991 1347 5047 egressus
1378 4980 1499 5048 ejus
1526 4981 1594 5034 ab
1623 4981 1802 5051 initio,
1846 5001 1877 5041 a
1906 4987 2027 5043 die-

446 5063 553 5121 bus
581 5067 925 5122 aeternitatis.
960 5087 976 5117 ι

520 5155 622 5225 l7
651 5155 859 5211 ERAN.
895 5154 1119 5226 Optime
1155 5156 1331 5212 fecisti
1367 5169 1543 5216 totum
1577 5165 1857 5235 propheta:
1894 5185 2026 5240 pro—

443 5244 637 5307 ferens
656 5247 1066 5314 testimonium;
1097 5249 1336 5304 ostendit
1366 5252 1515 5306 enim
1549 5254 1722 5310 Deum
1761 5274 1903 5329 esse,
1929 5264 2025 5332 qui

442 5336 501 5390 in
524 5334 803 5391 Bethleem
831 5345 994 5393 natus
1016 5347 1120 5393 est.

508 5424 719 5481 ORTH.
742 5424 864 5479 Non
892 5426 1063 5482 Deum
1092 5430 1277 5496 modo,
1299 5447 1491 5488 verum
1520 5436 1687 5494 etiam
1714 5436 2019 5499 hominem.

2141 4541 2303 4611 χίστη
2327 4538 2378 4595 εἷ
2406 4544 2464 4597 ἐν
2506 4549 2619 4610 τοῖς
2659 4548 2924 4619 ήγεμόσιν
2990 4549 3178 4601 Ἰούδαο
3228 4552 3293 4603 ὲκ
3341 4547 3436 4602 σοῦ
3481 4550 3587 4618 γάρ
3632 4564 3726 4617 μοι

2140 4630 2481 4695 ἐξελεύσεται
2522 4638 2846 4708 ήγούμενος,
2879 4641 3028 4703 ὅστις
3061 4643 3315 4710 ποιμανεῖ
3342 4641 3433 4695 τὸν
3459 4640 3586 4692 λαόν
3619 4657 3721 4709 μου

2137 4722 2231 4775 τὸν
2271 4724 2505 4797 Ἰσραήλ,
2545 4747 2562 4779 ι
2612 4730 3013 4800 Ἐπαγάγωμεν
3047 4732 3100 4784 δὲ
3144 4734 3235 4786 καὶ
3269 4734 3428 4803 ἡμεῖς
3461 4732 3552 4785 κοιλ⁵
3584 4732 3724 4802 ὅπερ

2152 4812 2390 4868 Ἰουδαῖοι
2433 4818 2718 4889 κακοήθως
2760 4822 3077 4892 παρέλιπον,
3113 4823 3277 4895 ἀτελῆ
3322 4821 3722 4895 προσενεγκόν-

2138 4922 2229 4967 τες
2256 4906 2354 4975 τὴν
2386 4910 2715 4980 μαρτυρίαν.
2755 4912 3005 4983 Είρηκὼς
3029 4914 3139 4985 γὰρ
3178 4916 3206 4969 ό
3239 4916 3543 4987 προφήτης,
3571 4933 3590 4966 ι
3626 4914 3723 4967 Ἐκ

2139 4994 2232 5047 σοῦ
2264 4996 2605 5061 ἐξελεύσεταί
2660 5018 2749 5072 μοι
2794 5005 3119 5075 ἡγούμενος,
3154 5026 3172 5058 ι
3217 5009 3467 5078 ἐπήγαγε
3491 5023 3503 5035 ·
3559 5026 3577 5056 ι
3611 5006 3722 5059 Καὶ

2135 5088 2191 5139 αἱ
2226 5087 2393 5152 ἔξοδοι
2438 5092 2601 5145 αὑτοῦ
2635 5094 2730 5147 ἀπ’
2760 5097 2936 5167 ἀρχῆς
2982 5099 3324 5170 ἀφ’ήμερῶν
3361 5100 3607 5163 αἰῶνος.)

2204 5180 2411 5237 EPAN.
2450 5184 2683 5255 Ἀριστα
2734 5190 3064 5260 πεποίηκας,
3109 5194 3288 5245 πᾶσαν
3323 5188 3584 5256 τεθεικὼς
3626 5187 3720 5242 τοῦ

2130 5273 2412 5341 προφήτου
2447 5274 2545 5346 τήν
2587 5280 2915 5350 μαρτυρίαν.
2956 5282 3206 5335 Δείκνυσι
3256 5282 3365 5353 γὰρ
3394 5282 3485 5334 τὸν
3525 5284 3581 5335 ἐν
3612 5280 3688 5342 Βη

2130 5360 2299 5432 θλεέμ
2325 5365 2586 5436 τεχθέντα
2612 5368 2763 5425 Θεόν.

2200 5453 2351 5507 ΟΡΘ.
2406 5457 2482 5510 οὐ
2528 5459 2661 5514 Θεὸν
2712 5462 2894 5533 μόνον,
2938 5463 3072 5519 ἀλλὰ
3119 5465 3213 5510 καὶ
3243 5454 3549 5531 ἄνθρωπον.
3589 5456 3719 5510 Ἀν-

509 5581 553 5613 ¹¹
602 5578 736 5632 Gen.
770 5597 908 5647 xux,
942 5584 1025 5639 l0.
1103 5587 1220 5619 '3'“
1246 5586 1413 5646 Hebr.
1443 5609 1502 5659 ιι,
1537 5594 1621 5649 16.
1699 5598 1759 5669 ³⁸,
1788 5597 1957 5654 Hebr.
1985 5616 2051 5657 vn

2152 5602 2199 5660 ι.
2267 5606 2322 5680 ἢ²⁶
2351 5608 2541 5666 Matth.
2579 5628 2637 5679 ιι,
2669 5615 2721 5679 5,
2756 5614 2821 5680 6;
2851 5614 2974 5670 coll.
3001 5615 3165 5671 Mich.
3216 5632 3269 5682 ι’,
3298 5616 3356 5674 '2.

513 5714 624 5788 (il)
663 5717 760 5773 Ed.
808 5722 962 5779 Rom.
1012 5735 1067 5780 et
1106 5727 1254 5798 Lips.
1298 5732 1508 5805 νόησαι.
