4090 6426
360 393 431 458 53
1476 399 1854 461 DIALOGUS
1894 400 1943 460 Ι.
1982 426 2052 435 --
2088 402 2617 463 IMMUTABILIS.
3570 407 3631 472 Si

356 508 518 564 δοκία
543 507 733 562 ἐθνῶν.
766 527 785 560 ι
826 510 1055 582 Ταύτην
1084 510 1142 565 δέ
1175 528 1239 580 γε
1269 513 1384 576 τοῖς
1411 498 1720 584 ἔμπροσθεν
1747 512 1947 585 ὡμολό-

2065 515 2314 587 gentium
2330 515 2397 569 ⁸⁷.
2441 534 2458 566 ι
2515 515 2666 570 Hanc
2695 524 2878 571 autem
2917 515 3262 586 prophetiam
3309 516 3377 571 de
3417 516 3635 575 Christo

356 616 541 670 τησας
586 601 714 673 περὶ
753 600 854 654 τοῦ
903 603 1158 675 Σωτῆρος
1204 602 1553 658 τεθεσπίσθαι
1599 605 1699 676 τὴν
1735 623 1954 677 προφη-

357 693 534 745 τείαν.

430 782 641 837 EPAN.
698 782 971 854 Ὠμολόγη
979 802 1069 837 σα.

428 893 587 945 0P8.
642 894 1053 965 Ἀναμνήσθητι
1103 896 1395 967 τοιγαροῦν
1433 896 1542 951 τῶν
1596 899 1743 971 ἑξῆς.
1789 902 1951 969 Λέγει

356 984 467 1055 γὰρ
501 985 790 1049 ὡσαύτως
840 1005 859 1039 ι
901 982 978 1040 Οὖ
1004 988 1101 1058 τὴν
1140 990 1444 1059 παρουσίαν
1478 990 1547 1044 τὰ
1571 991 1699 1061 ἔθνη
1727 993 1953 1063 προσδέ-

356 1093 536 1146 χεται·
571 1076 767 1130 πλυνεῖ
796 1080 854 1131 ὲν
895 1077 1025 1148 οἴνῳ
1052 1079 1151 1150 τὴν
1191 1080 1383 1151 στολὴν
1413 1081 1578 1135 αὐτοῦ
1606 1124 1619 1145 ,
1654 1084 1749 1137 καὶ
1782 1086 1840 1137 ὲν
1867 1085 1952 1137 αῖ-

358 1185 492 1237 ματι
531 1168 815 1238 σταφυλῆς
848 1168 948 1240 τὴν
978 1170 1271 1242 περιϐολὴν
1300 1172 1482 1227 αὐτοῦ.
1524 1191 1545 1227 ι

427 1280 635 1333 ΕΡΑΝ.
686 1281 824 1351 Περὶ
862 1281 1095 1351 ἱματίων
1126 1282 1349 1354 εἴρηκεν
1376 1286 1405 1338 6
1455 1287 1838 1357 πατριάρχης,
1887 1286 1947 1338 οὐ

358 1389 424 1424 πε
430 1373 485 1442 pi
517 1370 797 1442 σώματος.

424 1486 580 1540 οΡθ.
619 1486 806 1552 Δεῖξον
826 1482 921 1542 οὖν
946 1489 1153 1560 πηνίκα
1179 1491 1212 1561 ἢ
1239 1493 1343 1544 ποῦ
1365 1490 1423 1544 ἐν
1449 1489 1640 1561 αἵματι
1672 1492 1948 1562 σταφυλῆς

349 1578 554 1633 Ιπλυνε
582 1580 685 1649 τὴν
718 1596 789 1632 πε
797 1580 1040 1651 ριὸολήν.

422 1669 631 1725 ΕΡΔΝ.
677 1671 749 1723 Σὺ
775 1671 947 1737 δεῖξον
971 1674 1058 1726 ὅτι
1088 1674 1149 1727 τὸ
1176 1672 1335 1745 σῶμα
1368 1674 1581 1739 τούτοις
1608 1676 1896 1745 ἑφοίνιξεν.

2062 608 2265 664 editam
2300 623 2420 663 esse
2446 615 2604 662 antea
2634 608 2917 664 confessus
2947 624 3026 663 es.

2133 792 2340 847 ERAN.
2398 791 2694 846 Confessus
2732 807 2873 846 sum.

2127 903 2338 960 ORTH.
2373 905 2579 975 Repete
2608 907 2774 977 igitur
2804 908 3070 962 memoria
3104 909 3269 964 etiam
3292 909 3384 963 illa
3407 924 3528 979 quae
3551 924 3632 963 se.

2059 1005 2326 1066 quuntur.
2362 996 2451 1051 Sic
2475 999 2622 1051 enim
2652 998 2820 1054 dicit:
2865 1019 2882 1049 ‹
2919 998 3090 1069 Cujus
3118 1000 3413 1055 adventum
3440 1009 3634 1071 gentes

2054 1097 2395 1157 exspectant.
2434 1088 2660 1145 Lavabit
2690 1089 2745 1144 in
2771 1090 2901 1145 vino
2936 1092 3132 1146 stolam
3152 1107 3328 1159 suam,
3349 1101 3406 1147 et
3432 1093 3487 1149 in
3510 1108 3633 1148 san-

2054 1179 2219 1249 guine
2252 1196 2371 1235 uvae
2396 1181 2621 1250 pallium
2648 1197 2809 1236 suum
2838 1180 2903 1235 λθ.
2935 1201 2954 1235 ι

2126 1292 2334 1347 ERAN.
2384 1293 2458 1347 De
2500 1294 2846 1350 vestimentis
2896 1296 3117 1353 locutus
3167 1305 3253 1352 est
3298 1296 3628 1367 patriarcha.

2051 1396 2163 1436 non
2186 1382 2254 1437 de
2288 1398 2543 1452 corpore.

2124 1494 2335 1551 ORTH.
2367 1495 2605 1552 Ostende
2642 1498 2830 1568 igitur,
2854 1498 2952 1553 ubi
2998 1509 3094 1554 aut
3140 1499 3361 1569 quando
3404 1501 3461 1557 in
3501 1515 3630 1555 san-

2049 1587 2215 1656 guine
2246 1603 2365 1642 uvae
2396 1587 2591 1642 laverit
2617 1587 2878 1657 pallium?
3188 1620 3191 1625 ι

2121 1678 2328 1733 ERAN.
2372 1679 2455 1733 Tu
2484 1694 2616 1735 vero
2641 1679 2979 1746 demonstra,
3019 1696 3148 1736 eum
3178 1696 3382 1753 corpus
3413 1681 3501 1737 his
3523 1682 3631 1736 tin—

2049 1780 2214 1822 XISSC.

426 1842 578 1896 0P8.
628 1844 791 1909 Ἀξιῶ
819 1862 879 1897 σε
906 1847 1314 1918 μυστικώτερον
1339 1849 1761 1921 ἀποκρίνασθαι.
1793 1852 1947 1916 Τινὲς

2123 1856 2335 1913 ORTH.
2384 1857 2497 1914 Oro
2533 1866 2585 1914 te
2616 1868 2677 1915 ut
2706 1859 3001 1915 obscurius
3032 1859 3389 1930 respondeas.
3418 1859 3630 1916 Adsunt

349 1934 461 2005 γὰρ
494 1935 628 1998 ἴσως
660 1937 1081 2007 παρεστήκασιν
1107 1939 1364 2008 ἀμύητοι.

420 2045 626 2099 EPAN.
668 2046 861 2110 Οὕτως
903 2046 1246 2119 ἀκούσομαι,
1278 2052 1374 2104 καὶ
1403 2051 1576 2117 οὕτως
1617 2056 1945 2128 ἀποκρινοῦ-

347 2155 473 2208 μαι.

415 2230 575 2283 ΟΡΘ.
620 2227 777 2286 οῐσθ⁹
820 2234 905 2287 ὅτι
937 2234 1185 2304 ἄμπελον
1214 2239 1243 2290 6
1292 2237 1500 2309 Κύριος
1541 2241 1735 2295 ἑαυτὸν
1776 2259 1943 2314 προσ-

338 2322 653 2393 ηγόρευσεν
676 2340 692 2387 ;

414 2411 623 2465 ΕΡᾹΝ.
653 2408 787 2468 Οἶδα
810 2414 888 2478 ὡς
915 2412 1159 2484 εἴρηκεν⁸
1198 2436 1217 2469 ι
1261 2417 1402 2489 Ἐγώ
1432 2421 1549 2491 ειμι
1574 2423 1607 2494 ἠ
1632 2423 1876 2494 ἄμπελος
1905 2427 1938 2496 ή

335 2500 605 2571 ἀληθινή.
644 2521 666 2554 ι

410 2595 574 2648 υΡΘ.
626 2596 689 2649 '0
726 2595 782 2648 δὲ
813 2597 914 2666 τῆς
952 2597 1203 2668 ἀμπέλου
1234 2601 1447 2672 καρπὸς
1493 2603 1740 2666 πιεσθεὶς
1778 2605 1942 2660 ποίαν

334 2685 457 2756 εχει
495 2687 881 2757 προσηγορίαν
901 2706 917 2753 ;

406 2778 627 2831 ΕΡΑΝ.
671 2775 832 2842 Οἶνος
863 2780 1360 2852 προσαγορεύεται.

407 2871 570 2924 ΟΡθ.
619 2871 809 2924 Ἡνὶκα
829 2872 887 2924 δὲ
913 2873 1012 2943 τὴν
1035 2873 1273 2945 πλευρὰν
1293 2872 1386 2927 τοῦ
1418 2875 1670 2946 Σωτῆρος
1694 2877 1942 2949 Ετρωσαν

332 2963 385 3015 οἱ
420 2962 765 3034 στρατιῶται
812 2966 879 3035 τῇ
921 2963 1127 3036 λόγχῃ,
1181 2965 1235 3018 τί
1283 2964 1618 3036 προχεθῆναί
1664 2983 1830 3035 φασιν
1876 2970 1942 3022 ὲκ

332 3054 548 3121 ταύτης
589 3055 636 3106 οἱ
666 3055 1108 3124 συγγεγραφότες
1130 3054 1199 3110 τὰ
1222 3054 1558 3126 Εὑαγγέλια;

408 3148 627 3203 ΕΡΑΝ.
668 3142 818 3217 Αἷμα
850 3150 944 3201 καὶ
975 3147 1141 3219 ὕδωρ.

2044 1949 2193 2003 enim
2227 1948 2459 2004 fortasse
2492 1950 2663 2020 aliqui
2693 1951 2972 2023 mysteriis
3000 1965 3111 2005 non
3137 1951 3373 2006 initiati.

2114 2060 2321 2116 ERAN.
2350 2061 2442 2116 Sic
2470 2061 2711 2128 audiam,
2740 2071 2797 2119 et
2825 2062 2905 2118 sic.
2938 2064 3303 2135 respondebo.

2114 2237 2324 2296 ORTI}.
2362 2240 2482 2295 Scis
2523 2240 2671 2310 quod
2713 2240 2881 2297 vitem
2927 2241 3192 2297 Dominus
3249 2242 3489 2312 seipsum
3532 2258 3626 2314 ap-

2042 2332 2331 2401 pellaverit
2345 2332 2369 2384 ?

2113 2423 2320 2478 ERAN.
2378 2423 2505 2479 Scio
2563 2438 2690 2479 eum
2740 2423 2995 2479 dixisse:
3050 2441 3071 2475 ι
3121 2424 3237 2496 Ego
3295 2439 3416 2480 sum
3496 2423 3626 2480 vltis

2041 2528 2174 2568 vera
2194 2512 2259 2565 δ’.
2299 2531 2318 2565 ι
2882 2520 2889 2527 ’

2110 2601 2323 2665 ORTH.
2369 2603 2602 2657 Fructus
2651 2618 2785 2658 vero
2829 2603 2960 2658 vitis
3009 2618 3304 2673 expressus
3346 2604 3628 2676 quomodo

2042 2694 2385 2763 appellatur?

2113 2784 2339 2839 'ERAN.
2365 2785 2562 2840 Vinum
2594 2794 2972 2855 nuncupatur;
3204 2850 3211 2853 _

2113 2876 2218 2946 25
2232 2875 2440 2932 ORTH.
2474 2876 2704 2942 Quando
2719 2888 2902 2933 autem
2928 2878 3225 2934 Salvatoris
3248 2879 3393 2934 latus
3421 2879 3645 2936 milites.

2041 2966 2229 3021 lancea
2263 2967 2753 3039 sauciarunt,quid
2789 2967 2916 3023 inde
2948 2982 3197 3025 manasse
3220 2967 3414 3024 dicunt
3437 2968 3621 3025 Evan-

2042 3058 2311 3129 geliorum
2343 3059 2642 3128 scriptores
2664 3061 2782 3092 ³⁰·⁸¹
2809 3061 2834 3114 ‘i

2118 3150 2324 3204 ERAN.
2358 3148 2693 3220 Sanguinem
2717 3160 2774 3206 et
2796 3167 3018 3221 aqvam.

410 3241 570 3295 ΟΡΘ.
604 3237 755 3309 Αἷμα
786 3241 897 3310 ἄρα
940 3240 1221 3311 σταφυλῆς
1265 3241 1328 3295 τὸ
1354 3241 1446 3296 τοῦ
1480 3242 1737 3315 Σωτῆρος
1769 3261 1943 3314 προσ-

2118 3237 2327 3293 OBTH.
2363 3238 2694 3309 Sanguinem
2727 3241 2894 3311 igitur
2942 3258 3062 3297 uva:
3102 3242 3401 3298 Salvatoris
3432 3244 3622 3313 appel-

335 3332 654 3403 ηγόρευσεν
688 3326 848 3400 αἷμα.
879 3332 942 3384 Et
967 3331 1077 3401 γάρ
1099 3332 1388 3402 ἀμπελοςό
1417 3334 1697 3403 Δεσπότης
1724 3332 1942 3405 ὠνόμα-

337 3441 493 3485 σται,
525 3425 555 3475 6
603 3424 660 3476 δὲ
696 3422 796 3492 τῆς
826 3424 1078 3493 ἀμπέλου
1110 3425 1322 3495 καρπὸς
1357 3420 1497 3490 οἶνος
1536 3427 1940 3498 προσαγορεύε-

339 3532 465 3579 ται,
501 3516 745 3586 αἵματος
773 3516 831 3569 δὲ
881 3517 977 3570 καὶ
1028 3516 1222 3582 ὓδατος
1272 3521 1336 3571 ἐκ
1374 3519 1470 3588 τῆς
1518 3519 1614 3572 τοῦ
1671 3520 1943 3573 Δεσπότου

342 3610 593 3679 πλευρᾶς
642 3608 865 3677 κρουνοὶ
916 3609 1277 3678 προχΞΘέντες
1326 3610 1439 3680 (24)
1488 3609 1574 3665 διὰ
1610 3610 1707 3664 τοῦ
1755 3612 1943 3687 λοιποῦ

341 3699 603 3769 σώματος
626 3698 721 3752 ὲπὶ
737 3700 804 3751 τά
826 3698 978 3751 κάτω
1003 3700 1237 3768 διῆλθον,
1267 3700 1491 3763 εἰκότως
1514 3700 1622 3771 ἄρα
1650 3701 1745 3755 καὶ
1771 3719 1943 3772 προσ⁸

340 3791 531 3861 φόρως
583 3792 850 3860 προεῖπεν
906 3790 934 3842 6
975 3790 1343 3861 πατριάρχηςο
1400 3809 1418 3842 ι
1470 3792 1669 3844 Πλυνεί
1720 3793 1779 3845 ὲν
1816 3792 1945 3862 οἴνῳ

340 3884 440 3953 τὴν
469 3883 667 3952 στολὴν
699 3881 889 3942 αὑτοῦ,
922 3884 1018 3935 καὶ
1045 3884 1102 3934 ὲν
1135 3882 1329 3952 αἵματι
1362 3882 1639 3952 σταφυλῆς
1659 3883 1758 3953 τὴν
1784 3901 1944 3955 περι-

339 3974 509 4045 ϐολὴν
551 3974 744 4027 αὑτοῦ.
787 3992 807 4024 ι
845 3975 1057 4044 ’Ὠσπερ
1097 3974 1203 4045 γάρ
1233 3975 1392 4044 ἡμεῖς
1421 3974 1514 4027 τὸν
1551 3976 1815 4044 μυστικὸν
1844 3976 1944 4045 τῆς

339 4067 599 4135 ἀμπέλου
624 4066 862 4136 καρπὸν,
892 4066 1031 4136 μετά
1059 4065 1151 4118 τὸν
1188 4064 1483 4135 ἁγιασμόν,
1515 4063 1655 4136 αἷμα
1685 4074 1945 4121 Δεσποτι·

337 4160 436 4212 κον
455 4159 832 4227 ὀνομάζομεν,
854 4157 1001 4211 οὕτω
1022 4159 1122 4229 τῆς
1145 4159 1411 4230 ἀληθινῆς
1434 4159 1686 4229 ἀμπέλου
1717 4159 1778 4212 τὸ
1803 4155 1944 4231 αἷμα

337 4250 629 4319 σταφυλῆς
668 4250 956 4320 ὠνόμασεν
982 4244 1142 4320 αἷμα.

408 4338 624 4392 EPAN.
668 4340 971 4405 Μυστικῶς
1017 4340 1133 4411 ἅμα
1162 4341 1257 4395 καὶ
1293 4340 1483 4409 σαφῶς
1516 4343 1544 4395 6
1579 4342 1945 4413 προκείμενος

332 4430 724 4483 ἀποδέδεικται
751 4431 935 4499 λόγος.

406 4522 569 4576 ΟΡΘ.
609 4523 670 4575 Εί
705 4524 802 4577 καὶ
836 4523 1088 4592 αὐτάρκη
1120 4541 1201 4576 σοι
1230 4526 1309 4587 εἰς
1340 4524 1523 4577 πίστιν
1549 4525 1617 4577 τὰ
1650 4525 1938 4597 εἰρημένα,
1974 4564 2015 4618 D

2044 3327 2177 3384 lavit
2213 3329 2560 3400 sanguinem.
2593 3331 2649 3387 Si
2680 3333 2829 3387 enim
2858 3335 3123 3389 Dominus
3156 3336 3287 3391 vitis
3317 3334 3629 3406 appellatus

2044 3429 2149 3488 est,
2199 3428 2259 3475 et
2304 3420 2520 3476 fructus
2563 3422 2694 3477 vitis
2733 3423 2923 3478 vinum
2957 3425 3285 3495 appellatur.
3342 3423 3626 3494 sanguinis

2043 3525 2183 3565 vero
2206 3520 2263 3567 et
2297 3528 2453 3583 aquae
2500 3512 2604 3569 rivi
2628 3530 2696 3571 ex
2728 3516 2944 3570 Domini
2983 3516 3390 3586 latcre'profusi
3420 3529 3615 3586 perre-

2043 3602 2256 3673 liquum
2286 3621 2487 3676 corpus
2515 3606 2775 3663 deorsum
2806 3618 3117 3674 manarunt,
3147 3610 3273 3681 jure
3305 3608 3532 3664 omnino
3568 3613 3627 3662 et

2045 3698 2293 3767 apposite
2327 3699 2656 3756 vaticinatus
2686 3708 2772 3756 est
2820 3701 3175 3771 patriarcha:
3218 3719 3236 3751 ι
3280 3700 3512 3754 Lavabit
3566 3698 3625 3753 in

2044 3790 2175 3844 vino
2220 3790 2415 3845 stolam
2474 3806 2649 3856 suam,
2694 3800 2751 3846 ct
2807 3791 2863 3847 in
2912 3792 3178 3863 sanguine
3228 3806 3347 3846 uva:
3398 3789 3623 3859 pallium

2045 3895 2227 3937 suum.
2286 3901 2304 3933 ι
2349 3881 2505 3936 Sicut
2556 3883 2703 3938 enim
2748 3900 2851 3940 nos
2882 3885 3169 3956 mysticum
3221 3883 3352 3938 vitis
3380 3882 3623 3937 fructum

2045 3984 2171 4045 post
2203 3974 2692 4029 sanctificationem
2720 3977 3042 4045 sanguinem
3072 3975 3417 4030 Dominicum
3441 3974 3625 4045 appel-

2045 4063 2243 4125 lamus,
2274 4063 2354 4118 sic
2396 4077 2543 4118 vera:
2586 4065 2715 4119 vitis
2763 4065 3085 4135 sanguinem
3140 4081 3260 4120 uva:
3302 4064 3641 4138 sanguinem.

2046 4154 2370 4210 nominavit.

2117 4335 2324 4391 ERAN.
2366 4334 2589 4405 Mystice
2650 4332 2897 4402 quidem,
2953 4332 3049 4387 sed
3102 4330 3265 4386 simul
3294 4330 3645 4387 et’dilucideo

2046 4427 2193 4499 quod
2222 4426 2565 4497 propositum
2602 4425 2780 4480 fuerat
2809 4423 3252 4479 demonstratum
3274 4431 3378 4480 est.

2115 4518 2325 4573 ORTH.
2372 4518 2490 4573 Etsi
2518 4517 2634 4573 hzec
2659 4517 2759 4571 tibi
2813 4519 2882 4571 ad
2934 4516 3097 4572 fidem
3130 4515 3438 4575 faciendam
3468 4512 3619 4569 δυω-

334 4613 458 4667 ἀλλ’
490 4614 647 4681 ὅμως
685 4616 781 4668 καὶ
812 4616 1005 4686 ἑτέραν
1057 4614 1331 4681 ἀπόδειξιν
1372 4617 1453 4681 είς
1495 4616 1793 4687 βεϐαίωσιν
1835 4617 1938 4687 τῆς

2045 4610 2217 4675 ciunt,
2235 4609 2302 4664 ad
2320 4610 2606 4665 veritatem
2630 4616 2816 4664 tamen
2837 4607 3267 4667 conﬁrmandam
3280 4608 3439 4664 aliam
3453 4605 3620 4661 etiam

332 4704 607 4773 ἀληθείας
645 4705 962 4775 προσθήσω.

406 4794 623 4847 EPAN.
666 4795 846 4867 Χαριῇ
882 4814 972 4867 μοι
1006 4795 1167 4850 τοῦτο
1195 4795 1340 4870 δρῶν
1360 4813 1373 4829 ο
1405 4796 1502 4869 τήν
1534 4798 1645 4870 γὰρ
1670 4799 1940 4870 ὠφέλειαν

330 4887 481 4959 αὐξή
492 4903 619 4959 σῃς.

404 4979 566 5032 ΟΡΘ.
613 4975 785 5033 Οἶσθα
818 4980 901 5033 ὅτι
935 4980 1102 5050 ἀρτον
1131 4980 1159 5032 ό
1190 4978 1323 5044 Θεὸς
1346 4979 1409 5034 τὸ
1433 4983 1630 5035 οἰκεῖον
1670 4984 1940 5054 προσηγό-

327 5085 508 5141 ρευσε
538 5069 736 5140 σῶμα;

403 5162 618 5215 ΕΙἈΝ.
659 5158 813 5216 Οἶδα.

404 5250 570 5303 ΟΡΘ.
602 5251 713 5303 Καὶ
745 5250 976 5323 ἑτέρωθι
1008 5251 1067 5305 δὲ
1098 5252 1198 5324 τὴν
1229 5252 1411 5325 σάρκα
1442 5254 1587 5307 σῖτον
1616 5253 1936 5325 ὠνόμασενς

404 5428 625 5483 EPAN.
661 5424 794 5482 Οἶδα
826 5430 925 5483 καὶ
956 5429 1139 5484 τοῦτο.
1196 5431 1443 5484 ’Ἤκουσα
1480 5430 1591 5501 γὰρ
1636 5433 1802 5486 αὐτοῦ
1853 5433 1940 5486 λέο

324 5536 531 5586 γοντος
565 5534 579 5546 ·
635 5537 653 5570 ι
698 5518 992 5589 Ἐλήλυθεν
1017 5521 1052 5590 ἡ
1081 5519 1199 5591 ὥρα
1239 5520 1326 5571 ἵνα
1356 5520 1588 5593 δοξασθῇ
1628 5523 1657 5575 6
1688 5521 1815 5587 Υἱὸς
1845 5522 1937 5575 τοῦ

2041 4701 2426 4773 probationem
2460 4701 2736 4772 adjiciam.

2112 4793 2319 4849 ERAN.
2358 4791 2414 4849 Si
2444 4794 2550 4848 hoc
2604 4792 2825 4858 feceris,
2869 4806 2988 4846 rem
3022 4790 3156 4845 mihi
3178 4799 3386 4862 gratam
3414 4789 3618 4847 facies:

2043 4884 2335 4939 utilitatem
2357 4884 2513 4939 enim
2535 4885 2779 4941 auxeris.

2114 4975 2326 5031 ORTH.
2358 4975 2497 5042 Scis,
2521 4975 2675 5045 quod
2694 4991 2890 5046 panem
2919 4976 3066 5032 Deus
3095 4975 3381 5045 proprium
3423 4990 3622 5045 corpus

2042 5068 2436 5140 appehaverit?

2112 5160 2321 5215 ERAN.
2348 5159 2495 5215 Scio.

2110 5250 2324 5306 ORTH.
2362 5251 2519 5305 Anne
2544 5250 2711 5305 etiam
2742 5250 2872 5306 alibi
2896 5265 3119 5307 carnem
3150 5251 3487 5306 frumentum
3515 5265 3617 5303 no-

2042 5342 2271 5398 minavit
2291 5344 2315 5396 ?

2114 5431 2322 5487 ERAN.
2361 5431 2476 5486 Hoc
2520 5431 2685 5487 etiam
2728 5432 2861 5489 scio.
2895 5433 3095 5488 Audivi
3140 5433 3288 5487 enim
3338 5430 3489 5485 illum
3532 5428 3616 5483 di—

2042 5532 2299 5578 centem:
2333 5541 2351 5573 (
2380 5522 2543 5577 Venit
2582 5522 2719 5577 hora
2761 5532 2821 5578 ut
2876 5522 3211 5593 gloriﬁcetur
3245 5519 3414 5575 Filius
3439 5518 3614 5574 hami.

406 5675 451 5705 "
493 5675 633 5730 Gen.
670 5690 816 5738 χιιι,
864 5673 953 5729 10.
1029 5672 1075 5705 ⁸⁸
1122 5675 1346 5733 lbid.2.
1423 5676 1652 5733 "Joan.
1691 5694 1781 5743 xv,
1814 5678 1864 5731 l.
1944 5680 1947 5707 ³

2047 5677 2059 5709 ¹
2094 5677 2392 5741 Joan..x1x,
2427 5677 2514 5733 5i.

407 5788 523 5859 (24‘)
563 5790 667 5844 Ed.
725 5790 888 5857 Rom;
925 5801 975 5846 et
1013 5791 1159 5861 Lips.
1202 5793 1555 5863 προχεθέηος
1589 5795 1826 5864 apo-moi.
