4090 6436
427 363 499 430 55
1421 357 1913 419 THEODORETI
1952 358 2293 421 EPISCOPI
2331 363 2699 423 CYRENSIS
3344 318 3360 329 ’
3628 362 3699 425 56

427 478 620 544 nis“;
660 496 677 528 ι
712 487 811 533 et:
862 495 879 527 ‹
938 473 1056 531 Nisi
1101 488 1330 544 granum
1382 470 1653 526 frumenti
1703 473 1906 527 cadens
1953 472 2011 526 in

2117 475 2406 548 ἀνθρώπω
2429 493 2443 509 ·
2471 496 2490 529 ι
2529 478 2654 533 καίο
2689 495 2708 529 ι
2756 475 2881 529 Ἐὰν
2913 477 2988 547 μὴ
3017 478 3053 529 ὁ
3073 475 3274 538 κόκκος
3299 474 3394 529 τοῦ
3422 475 3568 530 σίτου
3600 494 3700 532 πε-

428 579 632 627 terram
683 577 959 623 mortuum
1013 564 1199 628 fuerit,
1240 564 1419 633 ipsum
1474 564 1652 617 solum
1698 572 1916 618 manet:
1964 564 2011 617 si

429 671 619 717 autem
636 669 916 713 mortuum
945 656 1133 719 fuerit,
1161 655 1397 709 multum
1436 655 1676 709 fructum
1700 655 1861 709 all‘ert
1883 654 1951 707 ”.
1986 673 2005 706 ι

502 751 850 822 26ιΟΒΤΗ.
879 750 937 803 In
960 749 1353 821 mysteriorum
1387 761 1519 801 vero
1542 748 1889 802 institutione
1921 762 2009 816 pa-

429 858 556 897 nem
601 841 895 912 appellavit
950 855 1181 910 corpus,
1247 849 1304 893 et
1351 839 1499 909 quod
1564 839 1789 893 mistum
1850 849 2007 901 erat,

428 936 749 1005 sanguinem
777 935 841 989 ".

500 1027 709 1081 ERAN.
737 1027 829 1082 Sic
857 1027 1183 1083 nominavit.

497 1118 708 1174 ORTH.
744 1120 909 1190 Atqui
938 1121 1245 1175 secundum
1277 1127 1552 1182 naturam,
1589 1126 1645 1171 et
1672 1131 1874 1186 corpus
1888 1115 2013 1185 jure

428 1224 632 1278 corpus
655 1209 966 1274 vocabitur,
998 1218 1056 1265 et
1076 1210 1301 1281 sanguis
1326 1210 1573 1280 sanguis.

500 1301 714 1355 ERAN.
744 1301 803 1357 In
832 1302 1088 1357 confesso
1115 1313 1219 1357 est.

502 1389 716 1446 OltTH.
747 1390 999 1446 Salvator
1051 1399 1234 1447 autem
1277 1400 1468 1446 noster
1516 1390 1738 1445 nomina
1787 1404 2011 1459 permu-

428 1480 568 1537 tavit
612 1490 670 1536 et
699 1483 917 1552 corpori
943 1483 1167 1552 quidem
1203 1482 1257 1538 id
1290 1482 1436 1552 quod
1481 1492 1600 1537 erat
1644 1480 1877 1552 symboli
1911 1495 2012 1531 no-

430 1588 557 1627 men
589 1573 880 1643 imposuit:
926 1574 1174 1645 symbolo
1214 1589 1346 1629 vero
1385 1573 1533 1643 quod
1570 1580 1693 1627 erat
1740 1570 2011 1639 corporis.

431 1664 523 1719 Sic
541 1665 710 1720 vitem
744 1665 989 1735 seipsum
1017 1664 1118 1734 qui.
1148 1663 1475 1728 nominavit,
1505 1660 1790 1733 sanguinis
1812 1674 2012 1713 nomen

430 1756 680 1826 symbolo
707 1756 923 1810 tribuit.

502 1848 712 1903 ERAN.
758 1848 874 1903 Hoc
905 1847 1128 1918 quidem
1176 1842 1304 1902 vere
1336 1846 1546 1901 dixisti.
1588 1846 1794 1901 Vellem
1828 1854 2011 1900 autem

428 1938 861 2009 permutationis
877 1939 1165 1994 nominum
1202 1954 1425 1995 causam
1452 1939 1727 1995 ediscere.

500 2028 740 2085 'ORTH.
773 2029 1095 2086 Manifestus
1120 2040 1205 2086 est
1228 2046 1429 2101 scopus
1457 2030 1525 2085 iis
1555 2030 1651 2100 qui
1676 2028 1880 2084 divinis
1901 2044 2008 2100 my-

425 2121 617 2175 steriis
647 2129 777 2176 sunt
800 2121 1022 2176 initiati.
1056 2122 1288 2178 Volebat
1313 2122 1463 2177 enim
1508 2138 1627 2187 eos,
1672 2122 1767 2191 qui
1817 2121 2016 2175 divinis

428 2212 709 2284 mysteriis
759 2212 1112 2283 participant,
1147 2230 1261 2268 non
1317 2213 1605 2269 attendere
1659 2212 1727 2267 ad
1760 2220 2014 2266 naturam

426 2326 623 2367 eorum
656 2326 780 2381 quae
802 2320 1127 2376 cernuntur,
1162 2311 1255 2366 sed
1286 2326 1384 2380 per
1422 2310 1713 2364 nominum
1754 2307 2016 2361 mutatio-

428 2418 567 2457 nem
583 2403 874 2459 mutationi
904 2419 1027 2474 qua:
1055 2418 1123 2457 ex
1152 2403 1327 2473 gratia
1354 2401 1496 2456 facta
1529 2408 1614 2455 est
1656 2400 1817 2454 ﬁdem
1853 2399 2015 2453 adhi-

428 2494 589 2551 bere.
648 2495 754 2561 Qui
785 2497 934 2551 enim
991 2511 1195 2566 corpus
1259 2495 1509 2550 naturale
1573 2494 1909 2549 frumentum
1960 2504 2018 2549 et

430 2602 626 2656 panem
642 2588 963 2657 appellavit,
987 2597 1043 2644 et
1072 2589 1238 2643 vitem
1262 2602 1454 2641 rursus
1482 2586 1732 2655 seipsum
1762 2585 2014 2641 nomina-

427 2677 535 2742 vit,
565 2679 612 2733 is
640 2679 879 2734 visibilia
929 2680 1175 2751 symbola
1203 2678 1455 2748 corporis
1504 2686 1561 2731 et
1593 2676 1875 2748 sanguinis
1917 2693 2017 2747 ap-

428 2769 723 2839 pellatione
751 2770 1062 2836 honoravit,
1085 2786 1197 2826 non
1226 2778 1480 2825 naturam
1511 2778 1750 2835 mutans,
1785 2769 1883 2825 sed
1914 2784 2015 2823 na-

428 2870 573 2917 tura:
599 2862 829 2933 gratiam
865 2863 1097 2919 addens.

500 2953 711 3008 ERAN.
748 2954 817 3010 Et
839 2954 1071 3026 mystice
1106 2954 1336 3026 mystica
1361 2954 1508 3010 dicta
1537 2961 1686 3019 sunt,
1714 2960 1771 3008 et
1796 2951 2017 3023 perspi-

427 3057 532 3098 cue
561 3044 840 3098 declarata
864 3060 984 3114 quae
1012 3060 1123 3099 non
1146 3045 1406 3101 omnibus
1434 3052 1564 3100 sunt
1582 3052 1733 3100 nota.

2117 567 2224 620 σὼν
2245 570 2325 633 είς
2364 569 2461 638 τὴν
2488 569 2592 638 γῆν
2620 569 2893 640 ἀποθάνῃ,
2943 568 3103 639 μόνος
3138 567 3309 638 μένεν
3346 568 3443 622 ἐὰν
3469 569 3526 622 δὲ
3558 570 3699 623 ἀπο·

2115 660 2271 732 θάνῃ,
2306 661 2475 715 πολὺν
2506 663 2719 731 καρπὸν
2747 661 2924 731 φέρει.
2964 680 2984 711 ι

2193 753 2343 807 ΟΡΘ.
2412 753 2500 805 Ἐν
2540 752 2595 805 δέ
2646 769 2709 819 γε
2759 755 2825 823 τῇ
2856 752 2964 805 τῶν
3014 752 3334 821 μυστηρίων
3382 752 3699 822 παραδόσει,

2117 845 2278 915 σῶμα
2309 845 2398 899 τὸν
2434 844 2597 915 ἄρτον
2625 844 2871 908 ἐκάλεσε,
2902 843 2995 897 καὶ
3034 839 3172 914 αἷμα
3198 844 3257 897 τὸ
3296 839 3511 916 κρᾶμα.

2187 1026 2395 1083 ΕΡΑΝ.
2448 1025 2637 1090 Οὕτως
2669 1026 2978 1098 ὠνόμασεν.

2190 1120 2341 1174 ΟΡΘ.
2395 1118 2558 1171 Ἀλλὰ
2604 1119 2705 1171 καὶ
2742 1119 2885 1173 κατὰ
2922 1116 3106 1187 φύσιν,
3143 1112 3205 1171 τὸ
3244 1116 3404 1186 σῶμα
3439 1116 3596 1188 σῶμα
3632 1113 3703 1170 ἅν

2115 1216 2338 1277 εἰκότως
2372 1212 2486 1285 (25)
2517 1210 2771 1282 κληθείη,
2804 1210 2899 1263 καὶ
2932 1210 2993 1263 τὸ
3022 1204 3162 1279 αἷμα
3194 1203 3331 1280 αἷμα
3362 1208 3495 1281 (26).

2189 1303 2393 1358 EPAN.
2448 1300 2829 1372 Ὠμολόγηται.

2188 1395 2338 1449 ΟΡΘ.
2394 1394 2454 1447 '0
2499 1394 2557 1446 δέ
2601 1408 2664 1461 γε
2712 1391 2904 1461 Σωτὴρ
2947 1389 2976 1441 ὁ
3024 1387 3294 1460 ἡμέτερος
3342 1386 3596 1455 ἐνήλλαξε
3634 1386 3703 1439 τά

2115 1488 2376 1557 ὀνόματα,
2402 1487 2498 1539 καὶ⁵
2528 1484 2606 1555 τῷ
2636 1483 2737 1555 μὲν
2773 1481 2986 1551 σώματι
3019 1480 3079 1533 τὸ
3102 1479 3199 1533 τοῦ
3230 1478 3499 1548 συμϐόλου
3528 1478 3701 1531 τέθει-

2118 1596 2212 1631 κεν
2242 1579 2436 1647 δνομα,
2472 1577 2550 1647 τῷ
2580 1577 2635 1628 δὲ
2668 1572 2926 1644 συμϐόλῳ
2966 1572 3030 1624 τὸ
3055 1570 3149 1624 τοῦ
3204 1570 3489 1640 σώματος’
3532 1570 3704 1632 οὕτως

2118 1670 2364 1739 ἄμπελον
2403 1667 2595 1722 ἑαυτὸν
2630 1666 2933 1737 ὀνομάσας,
2964 1659 3105 1734 αἷμα
3134 1662 3198 1716 τὸ
3234 1661 3505 1731 σύμϐολον
3531 1677 3705 1732 προτ-

2051 1811 2090 1863 B
2115 1762 2436 1832 ηγόρευσεν.

2188 1852 2395 1907 EPAN.
2457 1850 2629 1904 Τοῦτο
2678 1848 2775 1919 μὲν
2806 1846 3023 1918 ἀληθῶς
3070 1847 3319 1916 εἴρηκας.
3373 1840 3711 1912 Ἐϐουλόμην

2115 1944 2173 1998 δὲ
2204 1944 2303 2014 τὴν
2330 1944 2514 1996 αἰτίαν
2552 1940 2745 2010 μαθεῖν
2771 1941 2872 2009 τῆς
2902 1938 3012 1991 τῶν
3049 1937 3330 2006 ὀνομάτων
3356 1934 3685 2000 ὲναλλαγῆς.

2189 2034 2342 2088 ΟΡΘ.
2386 2034 2555 2103 Δῆλος
2582 2033 2611 2084 ὁ
2640 2031 2840 2094 σκοπὺς
2870 2032 2986 2092 τοῖς
3024 2029 3094 2081 τὰ
3137 2027 3257 2079 θεῖα
3307 2024 3707 2096 μεμυημένοις,

2130 2126 2437 2197 Ἦϐουλήθη
2457 2124 2566 2196 γὰρ
2587 2124 2714 2188 τοὺς
2741 2122 2854 2175 τῶν
2878 2121 3037 2174 θείων
3078 2118 3393 2189 μυστηρίων
3428 2118 3709 2187 μεταλαγ-

2117 2220 2408 2289 χάνοντας,
2439 2219 2517 2287 μὴ
2542 2219 2609 2287 τῇ
2645 2215 2806 2285 φύσει
2840 2214 2950 2267 τῶν
3001 2210 3352 2281 βλεπομένων
3386 2210 3706 2280 προσέχειν.

2118 2311 2256 2364 ἀλλὰ
2284 2310 2373 2363 διὰ
2397 2310 2495 2378 τῆς
2521 2308 2629 2361 τῶν
2669 2307 2950 2377 ὀνομάτων
2978 2303 3303 2373 ὲναλλαγῆς,
3337 2303 3616 2355 πιστεύειν
3641 2306 3707 2373 τῇ

2119 2404 2184 2456 ὲκ
2213 2403 2313 2469 τῆς
2342 2402 2566 2473 χάριτος
2594 2395 2942 2469 γεγενημένῃ
2984 2393 3281 2465 μεταϐολῇ.
3329 2394 3385 2446 '0
3408 2393 3518 2463 γὰρ
3560 2394 3621 2463 δὴ
3648 2394 3710 2446 τὸ

2120 2495 2281 2566 φύσει
2315 2495 2474 2567 σῶμα
2502 2495 2649 2547 σῖτον
2686 2490 2782 2545 καὶ
2812 2490 2978 2555 ἄρτον
3007 2486 3484 2558 προσαγορεύσας,
3514 2488 3609 2540 καὶ⁵
3639 2482 3708 2540 αὖ

2120 2590 2284 2646 πάλιν
2321 2587 2512 2641 ἑαυτὸν
2537 2584 2785 2655 ἄμπελον
2828 2578 3124 2650 ὀνομάσας,
3161 2573 3315 2639 οὗτος
3356 2579 3425 2632 τὰ
3454 2578 3710 2650 ὁρώμενα

2121 2682 2369 2754 σύμϐολα
2411 2682 2477 2750 τῇ
2522 2677 2619 2731 τοῦ
2668 2674 2919 2744 σώματος
2959 2672 3052 2725 κα)⁸
3100 2672 3335 2740 αἵματος
3362 2671 3711 2743 προσηγορίᾳ

2118 2775 2435 2846 τετίμηκεν,
2466 2772 2526 2825 ού
2551 2770 2650 2839 τὴν
2677 2767 2840 2837 φύσιν
2880 2762 3224 2835 μεταϐαλὼν.
3259 2765 3394 2819 ἀλλὰ
3419 2764 3519 2836 τὴν
3548 2766 3712 2837 χάριν

2118 2870 2187 2938 τῇ
2222 2866 2382 2936 φύσει
2416 2860 2842 2936 προστεθεικώς.

2191 2958 2393 3012 EPAN.
2443 2955 2553 3009 Καὶ
2613 2954 2895 3025 μυστικῶς
2940 2954 3139 3027 ἐρρέθη
3193 2951 3263 3006 τὰ
3311 2948 3572 3022 μυστικὰ,
3615 2947 3714 3003 καὶ

2122 3048 2308 3118 σαφῶς
2333 3046 2576 3117 ἐδηλώθη
2603 3046 2670 3100 τά
2701 3049 2866 3101 πᾶσιν
2897 3049 2957 3101 ού
2990 3045 3264 3115 γνώριμα.

500 3135 712 3191 ORTH.
748 3136 1019 3204 Quoniam
1043 3138 1211 3209 igitur
1235 3146 1452 3194 constat
1476 3146 1533 3194 et
1571 3138 1768 3194 stolam
1814 3146 1870 3192 et
1894 3137 2013 3207 pal-

2192 3140 2345 3194 ΟΡΘ.
2403 3139 2622 3211 Ἐπειδὴ
2657 3141 2838 3194 τοίνυν
2879 3138 3349 3209 συνωμολόγηται,
3381 3134 3478 3189 καὶ
3516 3130 3717 3205 στολὴν

428 3228 566 3284 lium
600 3244 637 3285 a
662 3230 974 3299 patriarcha
1024 3246 1227 3301 corpus
1258 3231 1605 3286 Dominieum
1652 3230 1917 3300 appellari
1940 3229 2008 3293 ",

2115 3231 2209 3285 καὶ
2259 3231 2554 3303 περιϐολὴν
2606 3232 2713 3285 ὑπὸ
2758 3231 2852 3285 τοῦ
2899 3230 3240 3301 πατριάρχου
3287 3227 3349 3280 τὸ
3380 3225 3717 3279 Δεσποτικδν

428 3328 595 3391 atque
648 3320 712 3376 in
752 3337 1061 3377 sermonem
1091 3322 1161 3378 de
1204 3322 1406 3378 divinis
1459 3322 1736 3394 mysteriis
1780 3320 2011 3391 ingressi

2117 3322 2433 3401 ὠνομάσθαι
2461 3324 2642 3393 σῶμα,
2678 3325 2757 3388 εἰς
2795 3325 2851 3377 δὲ
2884 3324 2976 3377 τὸν
3012 3322 3142 3394 περὶ
3174 3319 3285 3373 τῶν
3312 3318 3472 3372 θεῐων
3505 3333 3713 3387 μυστη-

430 3428 642 3476 animus,
674 3414 764 3469 die
801 3430 900 3484 per
924 3415 1237 3480 veritatem,
1260 3416 1419 3485 cujus
1442 3424 1604 3484 putas
1626 3413 1931 3485 symbolum
1955 3418 2013 3464 et

431 3503 658 3576 ﬁguram
714 3520 837 3560 esse
884 3506 1070 3559 cibum
1125 3506 1574 3561 sanctissimum?
1629 3502 2013 3560 divinitatisne

430 3595 539 3666 27
574 3595 783 3653 Christi
819 3596 1065 3661 Domini,
1096 3611 1168 3652 an
1187 3596 1439 3667 corporis
1468 3606 1525 3652 et
1555 3593 1885 3667 sanguinis?
1945 3592 1948 3595 ’

503 3771 714 3828 EBAN.
768 3773 891 3828 Non
944 3773 1175 3829 dubium
1211 3772 1348 3845 quin
1378 3773 1621 3836 illorum,
1676 3787 1918 3841 quorum
1959 3780 2017 3827 et

428 3865 661 3920 nomina
686 3873 1037 3937 acceperunt.

503 3958 717 4013 ORTH.
745 3957 1008 4027 Corporis
1033 3967 1090 4014 et
1127 3957 1415 4030 sanguinis
1437 3955 1581 4011 dicis
1599 3956 1624 4006 Ῥ

498 4046 710 4102 ERAN.
746 4047 823 4101 Ita
851 4047 997 4102 dico.

495 4136 707 4195 ORTH.
737 4138 808 4195 Ut
866 4139 1117 4194 veritatis
1159 4137 1397 4192 amicum
1440 4134 1620 4198 decet,
1670 4135 1888 4192 locutus
1931 4152 2011 4193 es.

428 4230 565 4287 Nam
596 4231 862 4286 Dominus
890 4240 1116 4301 accepto
1150 4227 1398 4300 symbolo
1431 4242 1542 4282 non
1571 4227 1737 4283 dixit:
1777 4228 1902 4284 Haec
1931 4236 2016 4284 est

2118 3415 2254 3487 ρίων
2288 3414 2721 3485 εἰσεληλύθαμεν
2751 3415 2928 3485 λόγον,
2957 3414 3077 3467 εἰπὲ
3124 3413 3261 3484 πρὸς
3294 3412 3393 3483 τῆς
3420 3409 3709 3481 ἀληθείας,

2113 3507 2257 3570 τίνος
2283 3509 2393 3579 ἡγῇ
2424 3506 2694 3578 σύμϐολόν
2724 3525 2785 3560 τε
2815 3508 2910 3561 καὶ¹
2948 3504 3119 3559 τύπον
3148 3505 3250 3575 τὴν
3276 3504 3551 3569 παναγίαν
3577 3518 3711 3573 τρο-

2115 3602 2260 3671 φήνς
2317 3600 2417 3670 τῆς
2459 3600 2711 3670 θεότητος
2749 3598 2845 3652 τοῦ
2899 3598 3172 3651 Δεσπότου
3213 3594 3487 3667 Χριστοῦ,
3540 3595 3573 3665 ἦ
3614 3592 3713 3648 τοῦ

2117 3692 2369 3762 σώματος
2402 3693 2496 3747 καὶ
2537 3694 2634 3747 τοῦ
2671 3693 2936 3763 uina-cog;

2187 3786 2397 3840 EPAN.
2439 3786 2608 3857 Δῆλον
2658 3786 2732 3846 ὡς
2764 3786 3009 3851 ἐκείνων,
3044 3779 3118 3839 ὧν
3163 3783 3391 3846 καὶτὰς
3436 3797 3712 3853 προσηγο-

2118 3877 2237 3949 ρίας
2259 3877 2532 3944 ἐδέξαντο.

2187 3969 2338 4022 ΟΡΘ.
2382 3969 2488 4022 Τοῦ
2520 3969 2772 4041 σώματος
2801 3971 2895 4024 καὶ
2921 3969 3017 4024 τοῦ
3046 3970 3278 4042 αἵματος
3307 3970 3529 4040 λέγεις-ς

2187 4061 2391 4115 EPAN.
2435 4061 2590 4115 Οὕτω
2616 4061 2779 4130 λέγω.
3170 4046 3173 4050 ’

2186 4152 2336 4208 ΟΡΘ.
2376 4152 2692 4224 Φιλαλήθως
2723 4153 2975 4225 εἴρηκας.
3041 4155 3154 4209 Καὶ
3186 4156 3295 4227 γὰρ
3329 4158 3357 4209 ὁ
3399 4157 3608 4229 Κύριος
3647 4160 3712 4211 τδ

2118 4244 2386 4314 σύμϐολον
2410 4243 2612 4311 λαϐὼν,
2637 4245 2738 4298 οὐκ
2765 4240 2908 4299 εἷπε⁹
2935 4244 3108 4299 Τοῦτό
3132 4249 3278 4300 ἐστιν
3304 4250 3336 4319 ή
3365 4248 3556 4318 θεότης
3581 4267 3709 4318 μουο

430 4322 692 4378 divinitas
715 4337 854 4387 mea,
886 4342 905 4373 ι
943 4322 1059 4385 sed,
1100 4339 1118 4370 ι
1149 4319 1264 4374 lloc
1292 4328 1377 4375 est
1400 4335 1602 4390 corpus
1643 4335 1870 4387 meum;
1907 4340 1923 4372 ι
1959 4330 2013 4376 et

2117 4337 2272 4402 ἀλλὰ,
2332 4356 2351 4389 ι
2396 4335 2566 4390 Τοῦτό
2618 4337 2734 4390 ἐστι
2781 4337 2842 4391 τὸ
2900 4337 3061 4407 σῶμά
3100 4356 3242 4409 μου’
3308 4358 3325 4391 ι
3375 4340 3467 4392 καὶ
3522 4340 3705 4393 πάλιν·

429 4429 655 4469 rursus:
696 4433 715 4465 ε
760 4413 862 4469 Hic
886 4422 971 4468 est
990 4410 1213 4481 sanguis
1236 4426 1394 4466 meus
1416 4411 1496 4476 ⁸⁶;
1529 4431 1547 4462 ι
1576 4420 1632 4465 et
1661 4411 1826 4466 alibi:
1867 4431 1884 4460 ι
1910 4412 2015 4466 Pa-

2102 4449 2142 4479 οι
2178 4428 2352 4483 Τοῦτό
2377 4430 2493 4482 ἐστι
2520 4429 2580 4481 τὸ
2604 4424 2745 4500 αἷμά
2774 4447 2896 4500 μουο
2927 4450 2945 4481 ι
2985 4432 3077 4484 καὶ
3108 4430 3352 4501 ἑτέρωθι·
3392 4452 3409 4483 ι
3450 4434 3509 4485 '0
3532 4432 3586 4484 δὲ
3612 4432 3710 4502 ἄρ-

428 4502 523 4559 nis
553 4519 691 4558 vero
714 4519 876 4573 quem
912 4517 1017 4573 ego
1053 4500 1219 4565 dabo,
1248 4515 1377 4555 caro
1413 4516 1535 4555 mea
1566 4510 1671 4566 est,
1715 4516 1880 4572 quam
1914 4516 2013 4571 ego

2119 4538 2210 4584 τος
2247 4520 2305 4573 ὃν
2352 4520 2463 4588 ἐγὼ
2510 4496 2687 4583 δώσω,
2739 4496 2784 4590 ἡὴ
2800 4521 2937 4590 σάρξ
2966 4521 3067 4591 μού
3111 4496 3280 4588 ἐστιν,
3312 4524 3378 4594 ἥν
3410 4524 3519 4593 ἐγὼ
3548 4496 3705 4576 δώσω

430 4595 574 4651 dabo
617 4612 720 4665 pro
752 4594 941 4650 mundi
966 4591 1077 4649 vita
1095 4592 1163 4645 ⁸⁷.
1210 4609 1230 4642 ι

504 4687 712 4744 ERAN.
760 4688 903 4743 Vera
930 4693 1059 4741 sunt
1116 4684 1254 4748 huic,
1290 4683 1477 4737 divina
1512 4684 1660 4739 enim
1714 4692 1843 4739 sunt
1893 4700 2020 4740 ora-

430 4782 712 4930 ωξίῖἸἮ.
743 4873 798 4929 Si
831 4888 968 4943 ergo
994 4885 1147 4935 vera,
1192 4882 1397 4937 corpus
1441 4863 1636 4936 utique
1669 4867 1863 4923 habuit
1906 4869 2019 4923 Do-

430 4981 635 5021 minus.

502 5055 713 5110 ERAN.
752 5053 867 5126 Ego
907 5066 1041 5106 vero
1090 5050 1271 5121 ipsum
1309 5051 1557 5120 corporis
1602 5056 1884 5120 expertem
1928 5048 2023 5103 aio

408 5146 716 5293 ’ωῗῖῖίηι
746 5235 857 5293 Sed
887 5233 1171 5291 conﬁteris
1194 5234 1372 5305 ipsum
1399 5231 1659 5286 habuisse
1685 5246 1907 5301 corpus.

502 5332 715 5387 ERAN.
752 5330 866 5401 Ego
894 5328 1022 5383 dico
1044 5328 1191 5398 quod
1224 5324 1465 5381 Verbum
1501 5340 1629 5379 caro
1670 5321 1879 5379 factum
1920 5324 2011 5380 sit.

435 5424 528 5481 Sic
569 5426 717 5481 enim
743 5421 937 5477 didici.

506 5579 859 5641 "hamum,
910 5576 999 5632 2"».
1073 5579 1118 5610 ⁸³
1143 5579 1281 5635 Ibid.
1339 5579 1429 5635 2i.

388 5703 399 5712 _
433 5644 481 5679 ⁵⁷
520 5649 677 5705 Joan.
720 5665 793 5714 vr,
826 5649 914 5703 Si.

506 5803 619 5874 (35)
648 5804 710 5861 ἂν
739 5808 841 5862 εξκ.
867 5808 946 5863 Ex
968 5807 1056 5863 cd.
1082 5809 1241 5865 Rom.
1271 5813 1327 5864 ct
1354 5805 1501 5879 Lips.
1540 5808 1872 5879 suppletum.

1535 5581 1581 5613 “
1627 5580 1819 5636 Matth.
1871 5596 2029 5654 .xxw,
2073 5578 2265 5636 26-28.

2121 4611 2262 4681 ὑπὲρ
2291 4612 2391 4681 τῆς
2417 4610 2513 4664 τοῦ
2552 4612 2757 4681 κόσμου
2793 4612 2956 4682 ζωῆς.
2998 4631 3016 4663 ι

2192 4704 2396 4757 EPAN.
2449 4703 2653 4774 Ἀληθῆ
2691 4703 2884 4771 ταῦτα,
2914 4705 3033 4759 θεῖα
3059 4707 3169 4780 γάρ
3203 4707 3319 4760 ἐστι
3346 4705 3523 4775 λόγια.

2193 4879 2345 4932 ΟΡΘ,
2382 4877 2445 4931 Et
2486 4877 2666 4932 τοίνυν
2710 4878 2909 4952 ἀληθῆ,
2950 4881 3110 4953 σῶμα
3141 4884 3313 4953 δήπου
3345 4879 3489 4953 εἶχεν
3522 4883 3549 4934 ὁ
3591 4881 3713 4935 K6-

2179 4984 2256 5022 ος.

2179 4984 2206 5020 ο
2243 5008 2256 5022 .

2125 4984 2401 5116 P‘IgPAN.
2455 5061 2596 5131 Ἐγὼ
2622 5062 2732 5135 γὰρ
2772 5063 2937 5118 αὑτὸν
2975 5064 3270 5135 ἀσώματον
3307 5064 3472 5133 λέγω.

2194 5237 2347 5289 υΡΘ.
2400 5236 2542 5290 Ἀλλ’
2572 5236 2860 5307 ὁμολογεῖς
2890 5239 3061 5293 αὑτὸν
3086 5239 3382 5310 ἐσχηκέναι
3415 5239 3595 5309 σῶμα.

2193 5328 2398 5383 ΕΡΑΝ.
2453 5329 2597 5394 Ἐγὼ
2627 5328 2770 5397 λέγω
2791 5331 2876 5385 ὅτι
2905 5333 2934 5384 ὁ
2971 5332 3143 5399 Λόγος
3175 5329 3312 5402 σὰρξ
3346 5331 3580 5399 ἐγένετο·
3610 5326 3704 5382 οὔ·

2122 5436 2232 5481 τως
2262 5418 2369 5486 γὰρ
2403 5418 2716 5491 ἐδιδάχθην.

2372 5580 2418 5612 ⁵⁸
2450 5580 2588 5635 Gen.
2644 5595 2785 5644 ms,
2815 5580 2871 5633 2.
2991 5580 3038 5612 ⁸⁸
3082 5578 3276 5635 Matth.
3326 5595 3475 5646 xxvr,
3516 5575 3705 5633 26-28.

2202 5804 2311 5880 (96)
2358 5800 2523 5880 αἷμα.
2559 5806 2684 5862 Des.
2721 5805 2778 5860 l'l.
2811 5820 2890 5861 cc.
