4090 6486
346 452 416 518 5Ὶ
1425 457 1804 519 DIALOGUS
1842 457 1892 517 Ι.
1937 485 1938 491 η

2047 459 2574 521 [MMUTABILIS-
3451 499 3456 504 -
3567 470 3642 531 58

416 561 572 618 0P9.
615 561 782 616 Κατὰ
814 562 913 632 τὴν
941 565 1274 639 παροιμίαν,
1312 567 1388 631 ὡς
1413 567 1610 636 ἔοικεν,
1641 572 1722 633 εἰς
1753 585 1938 638 τετρη-

2125 568 2336 626 ORTH.
2361 571 2422 626 In
2457 582 2774 641 pertusum,
2799 574 2948 642 quod
2982 573 3163 639 aiunt,
3193 573 3425 638 dolium,
3459 587 3515 631 ut
3543 594 3640 646 ap-

345 655 512 726 μένον
539 653 704 708 πίθον
731 654 1056 728 ἀντλοῦμεν·
1083 659 1226 729 μετὰ
1245 659 1356 731 γὰρ
1375 660 1590 726 ὲκείνας
1614 662 1832 725 ἁπάσας
1855 661 1955 725 τὰς

341 747 680 814 ἀτοώείξεις,
711 747 810 801 καὶ
835 748 934 812 τὰς
962 749 1074 802 τῶν
1098 750 1429 806 ἀντιθέσεων
1457 752 1666 820 λύσεις,
1696 754 1824 820 τοὺς
1857 754 1955 809 αὖ·

340 842 476 903 τοὺς
497 840 698 906 λόγους
726 841 1082 906 άνακυκλείς.

418 931 634 984 ΕΡΑΝ.
676 932 794 986 Οὐκ
829 931 1074 1004 ἐμαυτοῦ
1109 952 1195 989 σοι
1243 936 1438 1006 λόγους
1465 979 1480 1004 ,
1511 937 1626 992 ἀλλ’
1662 937 1952 1008 εὐαγγελι-

346 1019 483 1084 κοὺς
508 1021 839 1092 προσφέρω.

418 1112 579 1166 οΡΘ.
635 1112 784 1180 Ἐγὼ
820 1113 880 1166 δὲ
921 1113 1032 1168 τῶν
1077 1116 1456 1187 εὐαγγελικῶν
1502 1119 1602 1190 τὴν
1653 1118 1952 1191 ἑρμηνείαν

345 1205 452 1259 οὐκ
479 1208 548 1258 ὲκ
578 1205 949 1277 προφητικῶν
1001 1225 1086 1264 σοι
1127 1216 1225 1265 καὶ⁵
1268 1210 1646 1266 ἀποστολικῶν
1684 1213 1952 1284 προσενή-

344 1315 484 1368 νοχα
506 1298 688 1367 λόγων
709 1319 727 1367 ;

421 1391 625 1445 ΕΡΑΝ.
689 1394 809 1449 Οὐκ
859 1395 1177 1469 ἀποχρῶσιν
1237 1396 1436 1450 ἐκεῖνοι
1489 1397 1548 1451 τὸ
1619 1396 1950 1469 ζητούμενον

343 1478 532 1534 λῦσαι.

417 1574 574 1628 ΟΡΘ.
615 1576 728 1628 Καὶ
755 1579 866 1648 μὴν
895 1579 1181 1650 ἐδείξαμεν
1206 1579 1284 1644 ὡς
1309 1618 1324 1643 ,
1349 1580 1580 1650 ἀόρατος
1624 1580 1721 1642 ὢν,
1761 1581 1950 1649 ὲφανε·

347 1663 506 1736 ριῦθη
530 1666 622 1718 διὰ
660 1669 890 1739 σαρκός.
918 1671 1030 1724 Καὶ
1060 1672 1232 1740 αὐτῆς
1268 1672 1376 1742 (‘27)
1400 1671 1457 1723 δὲ
1489 1672 1588 1742 τῆς
1620 1671 1822 1740 σαρκὸς
1848 1670 1946 1741 τὴν

2055 673 2231 732 paret,
2269 663 2630 720 infundimus.
2675 665 2810 719 Nam
2853 675 2976 735 post
3021 683 3214 722 omnes
3259 669 3380 724 illas
3407 669 3640 723 demon—

2055 755 2370 821 strationes,
2411 764 2468 809 et
2520 756 2894 826 objectionum
2938 757 3266 824 solutiones,
3301 759 3496 814 eodem
3546 775 3637 815 re-

2053 845 2314 899 volveris.

2127 935 2337 990 ERAN.
2368 935 2488 990 Non
2545 951 2648 1006 ego
2697 937 2796 991 tibi
2829 937 2998 992 verba
3024 954 3167 1004 mea,
3197 940 3294 994 sed
3323 940 3636 1012 evangelica

2053 1028 2294 1098 profero.

2123 1119 2332 1176 ORTH.
2369 1121 2482 1191 Ego
2507 1136 2638 1176 vero
2666 1136 2849 1176 nonne
2871 1124 3315 1193 evangelicorum
3356 1125 3635 1180 dictorum

2053 1211 2564 1281 interpretationem
2592 1214 2688 1268 tibi
2739 1231 2806 1269 ex
2854 1217 3196 1286 propheticis
3235 1225 3290 1271 et
3320 1219 3637 1288 apostolicis

2052 1305 2238 1359 verbis
2270 1306 2469 1360 attuli?

2097 1396 2336 1451 ιΕΒΑΝ.
2375 1398 2496 1454 Non
2523 1399 2804 1455 sufliciunt
2831 1401 2924 1456 illa
2970 1401 3038 1456 ad
3091 1401 3456 1458 dirimendam
3487 1419 3636 1474 qua:-

2050 1489 2307 1544 stionem.
2790 1561 2792 1563 ρ

2123 1583 2142 1600 ⁶
2165 1578 2376 1635 ORTU.
2406 1580 2572 1651 Atqui
2609 1584 2976 1648 ostendimus,
2999 1583 3148 1654 quod
3183 1600 3306 1640 cum
3343 1584 3636 1640 invisibilis

2050 1679 2214 1735 esset,
2230 1673 2610 1748 manifestatus
2631 1675 2704 1728 sit
2719 1691 2818 1745 per
2834 1689 3076 1732 carnem.
3099 1678 3277 1747 Ipsius
3297 1693 3428 1733 vero
3451 1679 3636 1734 carnis

345 1759 676 1825 συγγένειαν
727 1763 883 1832 παρὰ
928 1763 1039 1816 τῶν
1091 1764 1255 1816 θείων
1308 1764 1524 1835 ἀνδρῶν
1561 1763 1938 1836 ἐδιδάχθημεν.

2051 1765 2432 1834 cognationem
2458 1783 2490 1820 a
2518 1765 2721 1821 divinis
2741 1768 2877 1822 viris
2890 1768 3206 1824 didicimus.
3253 1770 3364 1838 28
3389 1790 3405 1818 ι
3433 1769 3632 1824 Semen

357 1867 378 1900 ι
404 1851 728 1922 Σπέρματος
757 1856 869 1925 γὰρ
931 1855 1187 1926 Ἀϐραὰμ
1211 1855 1666 1924 ἐπιλαμϐάνεται.
1703 1874 1722 1907 ι
1776 1855 1888 1908 Καὶ
1917 1856 1938 1907 ό

2049 1857 2196 1911 enim
2215 1857 2447 1912 Abrahae
2471 1859 2698 1914 assumit
2720 1859 2787 1912 ⁵⁸.
2820 1881 2836 1910 ι
2858 1861 2925 1914 Et
2957 1861 3219 1915 Dominus
3237 1863 3380 1915 Deus
3401 1862 3634 1930 patriar-

344 1920 630 2016 Δεσπότης
660 1920 796 2010 Θεὸς
832 1920 970 2018 πρὸς
1001 1920 1094 2002 τδν
1122 1920 1471 2020 πατριάργην
1509 1939 1648 2018 ἔφη·
1685 1966 1705 1999 ι
1751 1949 1842 2000 Ἐν
1867 1947 1938 2017 τῷ

2048 1947 2166 2002 Cha!
2210 1947 2388 2002 dixit:
2424 1967 2442 1998 ι
2481 1947 2540 2002 In
2583 1949 2793 2002 semine
2845 1958 2940 2003 tuo
2996 1950 3398 2004 benedicentur
3443 1965 3634 2003 omnes

340 2036 627 2106 σπέρματί
652 2055 749 2092 σου
769 2039 1200 2111 εὐλογηθήσεται
1229 2042 1407 2095 πάντα
1430 2039 1499 2094 τὰ
1515 2040 1642 2110 ἔθνη
1665 2041 1764 2111 τῆς
1782 2040 1935 2111 γῆς-ι

2047 2047 2238 2110 gentes
2271 2045 2429 2093 terrae
2448 2040 2527 2105 ‘9;
2569 2059 2588 2090 ι
2621 2048 2678 2094 et
2705 2040 3002 2110 Apostolus
3036 2058 3050 2093 :
3092 2061 3108 2090 ι
3149 2041 3499 2094 Manifestum
3547 2049 3634 2095 est

335 2126 433 2179 καὶ
481 2130 511 2179 6
554 2127 920 2193 Ἀπόστολος’
974 2149 992 2180 ι
1030 2129 1306 2201 Πρόδηλον
1359 2130 1497 2201 γὰρ,
1538 2131 1621 2183 ὅτι
1665 2129 1732 2193 ἐξ
1771 2129 1938 2183 ’ἰούδα

2047 2131 2214 2195 enim,
2255 2130 2406 2200 quod
2432 2145 2499 2184 ex
2531 2130 2672 2185 Juda
2702 2140 2859 2186 ortus
2890 2133 2962 2186 sit
3002 2131 3349 2186 Dominus“.
3387 2150 3406 2182 ›
3435 2132 3503 2185 Et
3524 2131 3630 2186 alia

331 2217 713 2271 ἀνατέταλκεν
737 2221 766 2273 6
791 2220 1019 2290 Κύριος.
1053 2240 1071 2273 ι
1105 2222 1218 2275 Καὶ
1239 2222 1432 2292 ἑτέρας
1462 2221 1519 2274 δὲ
1545 2220 1746 2283 πολλὰς
1766 2219 1938 2274 τοιαύ-

2047 2225 2216 2277 multa
2267 2223 2538 2292 ejusmodi
2585 2222 2920 2276 adduximus
2981 2221 3317 2276 testimonia.
3357 2219 3628 2286 Quoniam

327 2327 431 2371 τας
463 2312 881 2381 παρηγάγομεν
914 2313 1249 2384 μαρτυρίας.
1292 2312 1512 2384 Ἐπειδὴ
1538 2312 1594 2366 δὲ
1621 2313 1714 2365 καὶ
1737 2313 1938 2384 ἑτέρων

2047 2324 2227 2370 autem
2281 2315 2388 2370 alia
2443 2315 2610 2370 etiam
2669 2314 2863 2369 audire
2919 2314 3096 2383 cupis,
3134 2313 3263 2366 audi
3306 2311 3630 2382 Apostolum

329 2401 572 2457 ἀκοῦσαι
628 2403 820 2467 ποθεῖς
841 2443 856 2465 ,
889 2404 1126 2458 ἄκουσον
1155 2403 1250 2456 τοῦ
1291 2403 1621 2456 ’Δποστόλου
1655 2403 1904 2471 λέγοντος
1923 2417 1938 2433 ο

2047 2407 2318 2463 dicentem
2351 2425 2364 2461 :
2421 2426 2438 2458 ι
2476 2408 2667 2462 Omnis
2725 2407 2872 2462 enim
2905 2406 3152 2476 pontifex
3207 2421 3276 2460 ex
3312 2403 3632 2458 hominibus

330 2513 352 2545 ι
385 2497 522 2558 Πᾶς.
542 2498 658 2568 γὰρ
693 2497 990 2568 ἀρχιερεὺς
1009 2537 1024 2561 ,
1061 2497 1123 2562 ἐξ
1151 2495 1457 2568 ἀνθρώπων
1487 2495 1903 2566 λαμϐανόμενος
1923 2533 1938 2559 ,

2047 2509 2359 2570 assumptus
2409 2500 2795 2565 constituitur,
2828 2507 2890 2553 ut
2941 2498 3139 2552 offerat
3168 2498 3314 2552 dona
3350 2507 3406 2551 et
3463 2495 3631 2550 sacri-

325 2589 408 2647 εἰς
455 2587 520 2640 τὸ
555 2588 904 2660 προσφέρειν
950 2587 1097 2660 δῶρα
1150 2589 1243 2642 καὶ
1293 2588 1485 2652 θυσίας
1527 2589 1879 2645 καθίσταται.
1913 2607 1932 2642 ι

2047 2591 2248 2647 ﬁcia“.
2287 2612 2304 2642 ι
2329 2591 2485 2647 Unde
2518 2592 2685 2645 etiam
2711 2606 2941 2646 necesse
2976 2599 3061 2645 est
3105 2590 3255 2644 hunc
3287 2603 3507 2664 quoque
3528 2587 3628 2640 ha-

324 2678 498 2732 Ὅθεν
531 2681 847 2749 ἀναγκαῖον
875 2680 1024 2752 ἔχειν
1053 2699 1106 2735 τι
1137 2681 1232 2734 καὶ
1264 2680 1449 2735 τοῦτον
1487 2680 1516 2736 δ
1547 2683 1912 2754 προσενέγκῃ.

2047 2681 2172 2737 bere
2207 2682 2412 2752 aliquid
2445 2682 2590 2752 quod
2623 2689 2886 2736 assumat.

393 2772 618 2825 EPAN.
659 2771 847 2838 Δεῖξον
888 2773 1071 2828 τοίνυν
1106 2773 1190 2828 δτι
1225 2771 1386 2846 σῶμα
1424 2772 1606 2827 λαϐὼν
1633 2775 1938 2846 προσήνεγ-

2111 2775 2320 2829 ERAN.
2377 2772 2620 2829 Ostende
2675 2787 2829 2844 ergo,
2875 2771 3027 2842 quod
3079 2780 3361 2840 assumpto
3396 2785 3627 2840 corpore

321 2881 445 2920 κεν.

2047 2869 2325 2924 obtulerit.

391 2957 559 3012 οΡΘ.
601 2958 784 3022 Αὐτὸς
809 2962 839 3012 6
881 2958 1028 3023 θεῖος
1085 2959 1410 3024 Ἀπόστολος
1457 2961 1517 3015 ἐν
1569 2959 1719 3032 αὑτῷ
1755 2977 1822 3030 γε
1857 2959 1938 3030 τῷ

2109 2959 2320 3016 ORTH.
2340 2960 2456 3015 Hoc
2480 2958 2597 3029 ipse
2622 2958 2846 3014 divinus
2873 2957 3170 3030 Apostolus
3200 2958 3256 3012 in
3279 2958 3476 3013 eodem
3501 2957 3625 3012 loco

320 3051 518 3122 χωρίῳ
549 3051 797 3104 διδάσκει
848 3052 1056 3122 σαφῶς.
1096 3053 1232 3125 Μετ’
1259 3053 1416 3122 ὀλίγα
1446 3053 1558 3124 γὰρ
1594 3051 1736 3106 οὕτω
1774 3052 1932 3123 φησί’

2047 3061 2226 3124 aperte
2253 3053 2432 3108 docet.
2465 3053 2635 3107 Paulo
2664 3059 2788 3122 post
2821 3052 2970 3106 enim
3002 3052 3082 3106 sic
3105 3051 3270 3106 dicit:
3307 3070 3325 3101 ι
3358 3050 3488 3104 Ideo
3535 3048 3622 3103 in-

325 3161 348 3195 σ
386 3143 484 3196 Διὸ
512 3144 908 3215 εἰσερχόμενος
935 3147 1016 3208 είς
1043 3145 1139 3201 τὸν
1165 3145 1372 3216 κόσμον
1402 3145 1572 3213 λέγει·
1607 3145 1812 3199 Θυσίαν
1838 3145 1934 3198 καὶ

2047 3144 2296 3216 grediens
2325 3144 2382 3198 in
2416 3144 2684 3198 mundum
2709 3142 2882 3198 dicit:
2919 3143 3163 3198 Hostiam
3192 3151 3247 3196 et
3287 3141 3622 3196 oblationem

319 3237 655 3308 προσφορὰν
674 3237 777 3291 οὑκ
799 3237 1101 3308 ἠθέλησας,
1136 3239 1296 3309 σῶμα
1320 3238 1379 3292 δὲ
1405 3237 1724 3308 κατηρτίσω
1762 3254 1873 3306 μοι.
1909 3255 1926 3287 ι

2047 3235 2285 3294 noluisti,
2340 3250 2545 3303 corpus
2611 3242 2796 3288 autem
2850 3234 3119 3304 adaptasti
3170 3233 3394 3287 mihi“.
3443 3251 3462 3284 ›
3501 3233 3621 3287 Νοιι

318 3329 439 3383 Οὐκ
471 3325 658 3394 εἷπεν,
699 3331 795 3395 Εἰς
829 3331 990 3402 σῶμα
1026 3331 1463 3402 μεταϐέϐληκας,
1512 3330 1668 3393 ἀλλὰ,
1705 3347 1724 3380 ι
1760 3327 1930 3398 Σῶμα

2047 3326 2196 3389 dixit,
2231 3325 2290 3380 ln
2318 3341 2521 3394 corpus
2552 3324 2897 3390 convenisti,
2927 3323 3048 3388 sed,
3075 3323 3323 3393 «Corpus
3351 3323 3622 3392 adaptasti

317 3421 650 3492 κατηρτίσω
685 3441 798 3493 μοι.
841 3446 860 3476 ν
911 3425 1074 3492 Δηλοῖ
1118 3425 1175 3478 δὲ
1208 3425 1307 3496 τὴν
1347 3423 1452 3477 ὑπὸ
1481 3423 1574 3476 τοῦ
1611 3423 1931 3492 Πνεύματος

2047 3417 2193 3470 mihi.
2230 3436 2248 3466 ›
2284 3414 2568 3484 Signiﬁcat
2607 3421 2792 3468 autem
2827 3429 2858 3467 a
2905 3413 3116 3483 Spiritu
3149 3413 3452 3482 profectam
3499 3427 3623 3466 cor-

315 3514 416 3568 τοῦ
456 3515 723 3586 σώματος
756 3518 1137 3588 γεγενημένην
1183 3515 1494 3580 διάπλασιν,
1526 3515 1670 3568 κατά
1703 3514 1800 3581 τὴν
1833 3513 1927 3568 τοῦ

2047 3508 2186 3579 poris
2232 3507 2640 3568 formationem,
2671 3516 2731 3560 ut
2760 3515 2842 3561 est
2885 3505 2940 3560 in
2989 3505 3325 3575 Evangelio:
3376 3523 3393 3555 ι
3438 3504 3516 3558 Ne
3548 3502 3619 3558 ti-

318 3605 672 3674 Εὐαγγελίου
702 3607 913 3678 φωνήν·
952 3627 970 3660 ι
991 3608 1084 3680 Μὴ
1118 3607 1364 3678 φοϐηθῇς
1388 3606 1519 3678 γὰρ,
1561 3607 1719 3677 φησὶ,
1750 3623 1930 3676 παρα-

2047 3616 2186 3655 meas
2238 3614 2520 3654 assumere
2581 3599 2804 3653 Mariam
2868 3599 3154 3668 coniugem
3226 3607 3394 3650 tuam.
3460 3593 3618 3659 Quod

317 3696 510 3751 λαϐεῖν
541 3697 787 3769 Μαριὰμ
829 3698 932 3768 τὴν
983 3698 1229 3766 γυναῖκά
1274 3713 1390 3750 σου·
1425 3697 1489 3751 τὸ
1531 3696 1642 3768 γὰρ
1686 3697 1745 3748 ἐν
1787 3697 1926 3766 αὐτῇ

2047 3691 2182 3745 anim
2211 3689 2268 3744 in
2306 3705 2370 3744 ea
2403 3698 2593 3744 natum
2618 3698 2724 3754 est,
2752 3689 2819 3744 de
2849 3687 3056 3759 Spiritu
3083 3696 3273 3742 sancto
3299 3696 3385 3742 est
3404 3685 3500 3738 ⁸³.»

317 3788 589 3858 γεννηθὲν
624 3791 690 3842 ὲκ
721 3788 1046 3860 Πνεύματός
1074 3791 1224 3843 ἐστιν
1255 3789 1436 3850 ἁγίου.
1475 3806 1496 3840 θ

389 3879 605 3934 ΕΡΑΝ.
647 3879 822 3950 Σῶμα
847 3879 1031 3934 τοίνυν
1059 3882 1094 3950 ἡ
1122 3878 1398 3950 Παρθένος
1425 3878 1586 3950 μόνον
1613 3877 1922 3949 ἐγέννησεν.

387 3972 551 4028 ΟΡΘ.
592 3973 732 4026 Οὐδὲ
757 3973 953 4045 αὐτὴν,
988 3973 1066 4035 ὡς
1100 3973 1268 4037 ἔοικε,
1301 3972 1640 4042 κατενόησας
1665 3971 1776 4024 τῶν
1803 3971 1928 4024 συλε-

313 4065 502 4120 λαϐῶν
534 4065 643 4135 τὴν
670 4064 971 4136 συνθήκην,
999 4065 1140 4136 ἦπου
1173 4080 1238 4133 γε
1269 4064 1370 4134 τὴν
1389 4063 1652 4118 διάνοιαν.
1687 4064 1792 4117 Τὸν
1817 4064 1927 4136 γὰρ

310 4158 414 4228 τῆς
439 4156 793 4226 συλλήψεως,
819 4157 882 4209 οὐ
916 4155 1011 4210 τὸν
1041 4155 1147 4226 τῆς
1185 4157 1495 4227 γεννήσεως
1523 4156 1750 4228 τρόπον,
1780 4155 1926 4210 διδάο

313 4266 437 4304 σκει
463 4248 562 4302 τδν
604 4249 830 4318 Ἰωσήφ.
856 4248 932 4301 Οὐ
956 4248 1068 4318 γὰρ
1097 4243 1239 4301 εἴπεο
1270 4247 1344 4301 Τὸ
1369 4247 1428 4312 ἐξ
1447 4248 1619 4319 αὐτῆς
1641 4248 1922 4319 γεννηθὲν,

306 4344 461 4397 τοῦτ’
502 4342 629 4395 ἔστι
666 4340 917 4412 ποιηθὲν,
948 4341 982 4412 ἢ
1016 4340 1277 4403 πλασθὲν,
1316 4341 1383 4394 ὲκ
1419 4340 1739 4410 Πνεύματός
1774 4342 1924 4392 ἐστιν

305 4438 494 4506 ἁγίου.
540 4434 772 4505 Ἐπειδὴ
799 4433 911 4503 γὰρ
939 4435 968 4488 6
1003 4434 1225 4505 Ἰωσὴφ,
1266 4432 1477 4502 ἀγνοῶν
1504 4434 1566 4486 τὸ
1597 4433 1920 4504 μυστήριον,

2047 4424 2184 4494 ιρρὶι,
2229 4423 2453 4493 ignarus
2497 4421 2764 4492 mysterii,
2817 4418 3150 4473 adulterium
3203 4417 3610 4486 suspicabatur,

309 4528 573 4601 μοιχείαν
611 4527 1000 4590 ὑπώπτευσεν,
1031 4525 1290 4596 ἐδιδάχθη
1322 4524 1512 4594 σαφῶς
1544 4524 1640 4578 τοῦ
1667 4524 1922 4595 Πνεύμα-

2047 4517 2094 4571 le
2125 4512 2727 4582 formationeaSpiritu
2771 4518 2960 4565 sancto
2983 4509 3124 4563 facta
3157 4508 3447 4578 perspicue
3481 4507 3616 4561 edo-

301 4596 535 4692 éog's‘lqv
565 4619 884 4672 διάπλασιν.
909 4617 1097 4672 Ταῦτα
1123 4617 1212 4671 διὰ
1236 4616 1330 4671 τοῦ
1355 4618 1646 4688 Προφήτου
1676 4615 1916 4688 μηνύων,

2047 4617 2149 4663 :tus
2172 4614 2276 4662 est.
2297 4606 2423 4660 Haec
2454 4604 2564 4674 29
2593 4618 2689 4673 per
2712 4602 3040 4671 Pmphetam
3070 4597 3407 4670 significans,
3437 4596 3611 4660 dixit,

300 4690 526 4783 εἴρηκε·
571 4730 593 4763 ι
632 4710 804 4781 Σῶμα
839 4710 898 4764 δὲ
937 4710 1257 4782 κατηρτίσω
1311 4727 1422 4782 μοι.
1468 4729 1488 4762 ι
1544 4709 1922 4779 Πνευματικδς

2047 4699 2292 4769 [Corpus
2324 4705 2508 4751 autem
2536 4693 2806 4764 adaptasti
2841 4692 2976 4746 mihi
2999 4691 3065 4742 ⁸⁵.
3102 4690 3379 4744 »υἰνὶηιιε
3427 4695 3612 4742 autem

300 4771 460 4874 66y}.
489 4805 596 4868 ὢν,
636 4807 665 4858 6
696 4771 842 4868 θεῖος
885 4771 1215 4868 Ἀπόστολος
1269 4771 1585 4875 ἡρμήνευσε
1619 4771 1717 4872 τὴν
1749 4771 1922 4873 πρόρζ

2047 4789 2344 4860 lpostolus,
2369 4787 2580 4858 Spiritu
2605 4786 2825 4856 plenus,
2865 4783 3280 4854 praedictionem
3333 4781 3612 4848 interpre-

303 4901 493 4968 ρησιν.
535 4897 604 4949 Εἰ
650 4895 836 4949 τοίνυν
866 4895 1000 4949 ἴδιον
1043 4895 1238 4968 ἱερέων
1283 4896 1347 4949 τὸ
1379 4895 1530 4966 δῶρα
1559 4894 1918 4965 προσφέρειν,

301 4960 494 5061 lapsi»;
523 4989 584 5042 δὲ
611 4991 640 5041 6
671 4989 910 5060 Χριστὸς
933 4960 1159 5043 κατὰτὸ
1184 4960 1526 5060 ἀνθρώπινον
1554 4960 1914 5058 ἐγρημάτισε,

2047 4989 2278 5038 nunera,
2325 4972 2585 5026 Christus
2633 4977 2816 5024 autem
2856 4965 3163 5021 secundum
3209 4960 3612 5017 humanitatem

301 5052 689 5152 προσενήνοχε
717 5052 774 5133 δὲ
801 5081 904 5133 οὐκ
928 5080 1097 5150 ἄλλην
1123 5079 1247 5133 τινά
1266 5052 1481 5143 θυσίαν,
1512 5052 1648 5132 ἀλλά
1673 5052 1734 5131 τὸ
1757 5077 1918 5149 σῶμα

2052 5063 2278 5119 acerdos
2309 5061 2617 5131 appellatus
2639 5067 2744 5117 est.
2770 5056 3006 5111 hostiam
3034 5069 3202 5124 porro
3233 5052 3422 5115 aliam,
3445 5063 3612 5119 quam

299 5142 363 5226 τό
393 5142 834 5242 ἑαυτοῧ,”σῶμα
864 5172 975 5244 ἄρα
1006 5142 1154 5244 είχεν
1176 5173 1206 5226 6
1243 5172 1522 5244 Δεσπότης
1555 5170 1812 5244 Χριστός.
1841 5142 1852 5149 -

2047 5170 2226 5226 :orpus
2252 5168 2436 5216 suum,
2486 5167 2599 5206 non
2644 5149 2867 5214 obtulit,
2901 5146 3155 5218 sequitur
3186 5143 3470 5200 Christum
3507 5142 3614 5194 Do-

2024 5247 2234 5300 minum
2261 5259 2463 5313 corpus
2498 5242 2783 5297 habuisse.

372 5351 593 5406 EPAN.
645 5350 922 5417 Πολλάκις
953 5350 1149 5417 εἰπὼν,
1200 5351 1278 5415 ὡς
1309 5352 1432 5406 οὐδὲ
1472 5351 1588 5421 ἐγὼ
1619 5351 1917 5423 ἀσώματον

2093 5336 2302 5394 ERAN.
2336 5335 2492 5401 Quod
2527 5349 2668 5403 smpe
2706 5334 2817 5403 jam
2855 5330 2990 5394 dixi,
3046 5345 3225 5400 neque
3265 5343 3367 5398 ego
3422 5325 3596 5378 incor-

296 5442 547 5512 φανῆναι
590 5441 688 5494 τὸν
745 5441 882 5496 Θεὸν
937 5442 1114 5511 Λόγον
1163 5442 1306 5514 φημί
1331 5459 1346 5475 ο
1397 5443 1460 5496 οὐ
1497 5420 1604 5514 μὴν
1648 5443 1704 5497 δὲ
1746 5420 1915 5497 αὑτὸν

2047 5443 2253 5486 porcum
2310 5426 2631 5498 apparuisse
2683 5425 2855 5480 Deum
2906 5422 3150 5478 Verbum
3211 5420 3366 5474 dico:
3426 5420 3608 5482 ipsum

300 5503 469 5602 ἐῶμὶι
505 5531 893 5602 ἀνειληφέναι,
929 5503 1071 5586 ἀλλά
1103 5503 1284 5604 σάξυὶὶι
1310 5503 1574 5601 γενέσθαι,
1603 5530 1768 5601 λέγω.

2047 5537 2205 5576 amen
2235 5534 2349 5573 non
2373 5532 2577 5588 corpus
2599 5514 2984 5586 assumpsisse,
3016 5512 3112 5567 sed
3149 5521 3372 5564 carnem
3402 5503 3607 5557 factum

877 5647 880 5652 -
2018 5628 2141 5670 esse
2180 5609 2410 5666 aﬂirmo.

2107 3869 2315 3925 ERAN.
2347 3869 2534 3924 Solum
2558 3883 2689 3939 ergo
2719 3883 2919 3938 corpus
2935 3868 3100 3937 Virgo
3130 3866 3339 3938 genuit.

2102 3961 2314 4016 ORTl—I.
2349 3960 2463 4015 Nec
2500 3958 2664 4028 ipsas,
2717 3967 2778 4012 ut
2823 3965 3071 4028 apparet,
3120 3957 3418 4011 verborum
3458 3956 3618 4028 sylla-

2029 4055 2150 4119 bas,
2177 4053 2381 4109 nedum
2406 4053 2760 4115 sententiam,
2794 4058 3082 4106 assecutus
3116 4066 3195 4105 es.
3226 4049 3444 4104 Modum
3467 4049 3615 4102 enim

2029 4146 2431 4216 conceptionis,
2490 4161 2600 4200 non
2654 4143 3030 4215 generationis
3079 4142 3379 4212 Josephum
3430 4141 3612 4195 docet.

2027 4239 2149 4293 Non
2174 4239 2324 4292 enim
2350 4237 2508 4300 dixit,
2542 4237 2698 4302 Quod
2729 4252 2794 4290 ex
2826 4251 2888 4289 ea
2913 4244 3125 4298 natum,
3157 4234 3261 4287 hoc
3296 4242 3378 4287 est
3411 4233 3613 4287 factum

2029 4333 2114 4387 vel
2148 4331 2466 4394 formatum,
2495 4345 2561 4383 ex
2585 4329 2796 4398 Spiritu
2829 4336 3016 4382 sancto
3041 4335 3143 4380 est.
3175 4326 3313 4391 Quia
3341 4325 3488 4378 enim
3516 4325 3613 4379 Jo-

370 5730 418 5760 ⁸⁸
457 5729 632 5785 Hebr.
671 5746 730 5792 η,
779 5729 867 5786 16.
946 5729 993 5761 ³³
1017 5728 1154 5786 Gen.
1192 5746 1322 5795 χχιι,
1361 5729 1444 5786 18.
1517 5730 1562 5763 ⁵⁸
1596 5728 1762 5787 Hebr.
1795 5745 1888 5798 vn,
1928 5729 1938 5784 l

2090 5728 2131 5761 °'
2165 5710 2339 5783 llebr.
2370 5743 2421 5794 γ,
2469 5725 2515 5781 l.
2595 5725 2641 5757 "
2673 5723 2843 5778 llcbr.
2873 5737 2925 5788 κ,
2955 5719 3007 5775 5.
3123 5715 3168 5750 “
3208 5713 3398 5770 Matth.
3441 5729 3483 5776 ι,
3504 5710 3600 5768 20.

298 5800 342 5831 “
389 5801 535 5856 Psal.
568 5816 661 5865 XL,
688 5801 743 5856 7.

372 5913 486 5982 (27}
525 5913 629 5970 Ed.
666 5913 834 5970 Rom.
869 5919 924 5968 ct
971 5909 1120 5983 Lips.
1154 5907 1342 5984 αὐτήν.

2025 4891 2174 4937 tatus
2197 4889 2302 4937 est.
2333 4880 2389 4936 Si
2412 4896 2545 4951 ergo
2571 4879 2922 4934 sacerdotum
2964 4876 3252 4945 proprium
3293 4880 3379 4927 est
3410 4870 3612 4924 offerre
3720 4918 3725 4922 .
