4090 6430
492 404 566 473 59
1491 409 1982 472 THEODORETI
2023 411 2364 473 EPISCOI’I
2404 412 2768 474 CYRENSIS
3716 425 3788 490 eo

527 517 782 574 'ORTII.
813 518 1092 586 Quantum
1127 519 1312 584 video,
1343 536 1467 575 cum
1517 522 1818 585 Valentini,
1855 531 1914 577 et
1954 523 2081 578 Mar.

2269 525 2421 579 0P8.
2466 527 2554 592 Ὦς
2583 527 2716 598 ὁρῶ,
2763 527 2903 598 πρὸς
2940 527 3066 591 τοὺς
3099 527 3425 583 Βαλιντίνου
3448 571 3462 593 ,
3501 532 3594 586 καὶ
3627 535 3780 606 Μαρ-

493 609 696 675 cionis,
751 620 804 665 et
847 611 1080 666 Manetis
1126 611 1412 668 sodalibus
1455 614 1620 668 nobis
1667 621 1952 668 certamen
1987 624 2090 670 est.

494 702 612 758 Imo
646 719 751 758 nec
788 705 867 758 illi
893 721 1135 775 unquam
1171 706 1356 762 dicere
1378 707 1499 761 ausi
1534 715 1665 763 sunt
1685 707 2093 764 immutabilem

497 807 754 850 naturam
794 799 848 853 in
877 814 1099 852 carnem
1123 800 1290 855 fuisse
1317 816 1664 855 conversam.

571 886 780 941 ERAN.
837 888 1110 946 Convitiis
1159 892 1430 946 lacessere
1487 908 1518 947 a
1567 891 1898 947 Christianis
1956 892 2095 947 alie-

500 989 636 1027 num
664 985 770 1030 83L

559 1064 772 1122 ORTH.
815 1069 934 1124 Non
971 1071 1296 1128 lacessimus
1339 1075 1619 1138 convitiis,
1669 1074 1765 1130 sed
1800 1091 1902 1145 pro
1948 1075 2095 1131 veri-

434 1199 446 1210 ,
499 1163 616 1212 tate
647 1175 976 1229 pugnamus,
1023 1171 1079 1217 et
1115 1180 1258 1234 aegre
1307 1166 1603 1220 admodum
1650 1167 1901 1231 ferimus,
1945 1169 2092 1237 quod

501 1247 574 1303 de
602 1249 770 1306 rebus
799 1254 1026 1307 minime
1065 1255 1251 1311 dubiis
1293 1267 1550 1328 tanquam
1586 1259 1654 1314 de
1687 1259 1873 1314 dubiis
1911 1260 2092 1330 litiga-

504 1339 596 1393 tis.
645 1340 760 1412 Ego
810 1359 946 1398 vero
999 1347 1324 1402 illiberalem
1367 1347 1512 1405 hanc
1545 1351 1905 1420 pertinaciam
1941 1359 2092 1405 tuam

500 1447 860 1502 compescere
921 1431 1184 1494 cenabor.
1233 1441 1526 1510 Responde
1579 1441 1768 1512 igitur,
1846 1458 1914 1496 an
1963 1458 2092 1513 pro-

503 1523 858 1592 missionum,
907 1545 1029 1599 quze
1093 1532 1286 1586 Davidi
1334 1549 1365 1587 a
1400 1532 1514 1588 Deo
1564 1532 1722 1588 facta:
1785 1543 1934 1599 sunt,
1975 1550 2093 1588 me-

505 1614 780 1672 mineris?

577 1705 786 1762 ERAN.
820 1708 1060 1775 Quarum
1086 1713 1110 1765 τ

574 1794 786 1852 ORTH.
829 1800 974 1866 Quas
1006 1803 1059 1854 in
1086 1804 1421 1875 octogesimo
1465 1813 1659 1861 octavo
1693 1809 1904 1877 psalmo
1957 1808 2090 1862 Pro-

501 1884 666 1954 pheta
695 1890 900 1956 posuit.
1242 1905 1248 1913 '

569 1976 778 2033 EItAN.
836 1980 1030 2038 Multas
1077 1986 1192 2040 scio
1237 1987 1429 2042 Davidi
1462 1990 1865 2059 promissiones
1918 1992 2091 2049 factas

495 2081 642 2126 esse.
681 2071 958 2138 Quasnam
991 2092 1122 2149 ergo
1157 2080 1214 2134 in
1246 2082 1541 2150 praesentia
1563 2084 1842 2155 requiris?

565 2248 780 2306 OR'I'H.
821 2253 952 2320 Qum
982 2256 1050 2311 de
1077 2257 1303 2315 Christo
1332 2261 1566 2318 Domino
1597 2263 1753 2322 factae
1785 2275 1935 2322 sunt.

564 2340 774 2397 ERAN.
809 2344 887 2399 Tu
915 2346 1030 2416 ipse
1059 2351 1300 2422 (psalmi)
1341 2354 1510 2410 verba
1542 2372 1741 2414 revoca
1785 2359 1841 2414 in
1883 2377 2092 2418 memo-

493 2430 659 2488 riam.
715 2435 1230 2498 Demonstrationes
1255 2445 1402 2499 enim
1435 2455 1486 2502 te
1532 2448 1826 2506 allaturum
1867 2454 2087 2523 pollici-

493 2535 588 2580 tus
618 2542 698 2583 ες.

562 2618 672 2688 30
691 2618 899 2678 ORTII.
927 2623 1069 2680 Audi
1101 2643 1231 2698 ergo
1262 2630 1594 2701 Prophetam
1611 2635 1784 2689 Deum
1819 2638 2004 2692 statim
2031 2639 2087 2694 in

489 2709 766 2780 principio
794 2715 989 2783 psalmi
1019 2719 1449 2777 collaudantem.
1507 2725 1642 2780 Nam
1677 2743 1802 2782 cum
1852 2733 2089 2801 prophe-

489 2800 616 2857 ticis
662 2806 838 2860 oculis
898 2811 1230 2878 praevideret
1290 2817 1478 2886 populi
1522 2817 1870 2889 iniquitatem
1923 2800 2088 2894 atque

487 2891 656 2962 hujus
681 2897 940 2971 comitem
966 2899 1207 2956 futuram
1227 2907 1626 2974 captivitatem,
1655 2891 2084 2980 promissionum

487 2986 720 3042 minime
794 2990 1102 3048 fallentium
1165 3005 1450 3052 auctorem
1508 3002 1680 3056 Deum
1736 3021 1896 3059 suum
1947 3006 2089 3060 cele-

486 3075 695 3133 bravit.
728 3081 820 3137 Sic
840 3095 1024 3139 autem
1055 3087 1232 3142 dixit:
1281 3109 1299 3140 ι
1345 3090 1753 3149 Misericordias
1777 3105 1930 3160 tuas,
1977 3101 2086 3151 Do-

2199 617 2411 683 κίωνος,
2443 619 2538 673 καὶ
2569 621 2827 689 Μάνητος
2849 621 3226 684 συστασιώτας
3248 621 3445 692 ἔχομεν
3462 624 3554 678 τδν
3570 627 3782 698 ἀγῶνα.

2200 711 2420 765 Μᾶλλον
2471 713 2528 766 δὲ
2565 711 2687 765 οὔτε
2745 714 2944 766 ἐκεῖνοι
3002 713 3278 784 τραπῆναι
3327 718 3409 779 εἰς
3453 717 3631 790 σάρκα
3679 721 3784 793 τὴν

2198 803 2469 872 ἄτρεπτον
2507 803 2670 874 φύσιν
2703 806 2878 857 εἰπεῖν
2910 803 3216 875 ἐτόλμησαν
3254 806 3493 861 πώποτε.

2268 893 2472 947 ΕΡΑΝ.
2516 895 2589 946 Τὸ
2616 893 2904 964 λοιδορεῖν,
2930 896 3272 966 Χριστιανῶν
3301 897 3605 970 ἀλλότριον.

2267 1066 2416 1121 ΟΡΘ.
2463 1067 2538 1121 Οὐ
2578 1067 2948 1138 λοιδοροῦμεν,
2992 1072 3107 1124 ἀλλ’
3146 1073 3405 1142 ἀληθείας
3430 1076 3785 1149 ὑπερμαχοῦ-

2200 1175 2320 1229 μεν,
2369 1162 2465 1213 καὶ
2500 1159 2621 1213 λίαν
2671 1159 3036 1232 ἁσχάλλομεν,
3069 1165 3150 1217 ὅτι
3203 1169 3316 1230 τοῖς
3356 1169 3784 1238 ἀναμφιλέκτοις

2194 1249 2269 1312 ὼς
2301 1251 2420 1320 ἀμφ
2431 1249 2661 1313 ιλέκτοις
2683 1249 3068 1321 ζυγομαχείτε.
3107 1254 3249 1323 Ἐγὼ
3276 1256 3458 1326 μέντοι
3483 1257 3542 1310 τὸ
3561 1258 3788 1326 ἀγεννές

2197 1356 2290 1393 σου
2328 1342 2424 1393 καὶ
2455 1342 2757 1410 φιλόνεικον
2783 1343 3035 1398 διαλῦσαι
3063 1348 3419 1420 πειράσομαι.
3466 1350 3787 1422 ’Δπόκριναι

2193 1433 2395 1496 τοίνυν,
2429 1435 2539 1488 τῶν
2574 1434 2712 1507 πρὸς
2733 1435 2823 1488 τὸν
2858 1435 3023 1490 Δαϐὶδ
3058 1438 3208 1510 παρὰ
3237 1439 3373 1493 Θεοῦ
3402 1441 3789 1513 γεγενημένων

2196 1525 2550 1596 ὑποσχέσεων
2591 1529 2640 1580 εί
2669 1527 2950 1600 μέμνησαι
2976 1545 2992 1593 ;

2269 1701 2474 1756 EPAN.
2503 1703 2710 1769 Ποίων;

2267 1791 2418 1848 ΟΡΘ.
2452 1794 2551 1858 "Ac
2600 1795 2660 1848 ὲν
2693 1794 2775 1866 τῷ
2806 1795 3152 1868 ὀγδοηκοστῷ
3188 1799 3362 1872 ὀγδόῳ
3394 1799 3603 1872 ψαλμῷ
3652 1817 3790 1856 συν-

2119 1873 2161 1930 Β
2191 1885 2432 1955 ήρμοσεν
2465 1887 2493 1937 ὁ
2529 1887 2841 1958 Προφήτης.

2275 1978 2479 2032 ΕΡΑΝ.
2522 1979 2733 2042 Πολλὰς
2776 1975 2892 2032 οἶδα
2923 1980 3065 2049 πρὸς
3111 1982 3202 2034 τὸν
3243 1980 3410 2035 Δαεὶδ
3452 1982 3790 2052 ἐπαγγελίας

2191 2072 2611 2140 γεγενημένας·
2684 2071 2845 2138 ποίας
2916 2069 3012 2127 οὖν
3083 2078 3176 2128 ἐπὶ
3225 2076 3318 2130 τοῦ
3363 2077 3627 2149 παρόντος
3667 2079 3786 2133 ἑπι-

2192 2161 2377 2235 ζητεῖς
2401 2181 2416 2230 ;

2263 2258 2418 2311 ΟΡΘ.
2452 2257 2564 2321 Τὰς
2605 2260 2735 2330 περὶ
2766 2261 2862 2314 τοῦ
2897 2262 3172 2316 Δεσπότου
3211 2264 3472 2333 Χριστοῦ.

2267 2350 2474 2403 ΕΡΑΝ.
2519 2351 2691 2415 Αὐτὸς
2733 2354 3056 2424 ἀνάμνησον
3085 2357 3196 2409 τῶν
3230 2356 3408 2429 ῥητῶν
3429 2373 3443 2388 ·
3488 2357 3653 2421 αὐτὸς
3676 2357 3784 2428 γὰρ

2192 2442 2429 2514 ὑπέσχου
2466 2444 2800 2516 προσφέρειν
2832 2445 2944 2518 (28)
2985 2446 3083 2511 τὰς
3123 2447 3446 2514 ἀποδείξεις.

2262 2623 2414 2678 ΟΡΘ.
2448 2625 2718 2679 ’Ἄκουσον
2753 2625 2934 2679 τοίνυν
2961 2626 3122 2690 εὐθὺς
3163 2627 3222 2679 ὲν
3256 2630 3321 2698 τῇ
3353 2630 3495 2698 ἀρχῇ
3525 2626 3621 2681 τοῦ
3649 2625 3784 2696 ψαλ-

2195 2716 2297 2787 μοῦ
2336 2716 2429 2770 τοῦ
2460 2717 2752 2788 Προφήτου
2778 2718 2870 2771 τὸν
2907 2718 3040 2771 Θεὸν
3069 2719 3462 2789 ἅνυμνοῦντος.
3503 2721 3783 2790 Προφητιο

2191 2813 2309 2871 κοῖς
2348 2809 2456 2880 γὰρ
2487 2809 2723 2882 προϊδὼν
2752 2810 3055 2879 ὀφθαλμοῖς
3085 2812 3186 2880 τὴν
3218 2811 3487 2884 ἐσομένην
3520 2811 3615 2865 τοῦ
3647 2811 3781 2866 λαοῦ

2192 2900 2540 2971 παρανομίαν
2616 2899 2711 2954 καὶ
2740 2902 2841 2970 τὴν
2874 2900 2964 2954 διὰ
3019 2901 3226 2972 ταύτην
3261 2902 3642 2973 γενησομένην
3690 2904 3781 2956 ai-

2190 2992 2532 3064 χμαλωσίαν,
2579 2992 2690 3046 τῶν
2737 2992 2987 3062 ἁψευδῶν
3040 2993 3391 3063 ὑποσχέσεων
3443 2995 3536 3048 τὸν
3579 2996 3786 3049 οἰκεῖον

2189 3084 2471 3156 ἁνύμνησε
2498 3084 2611 3151 (29)
2647 3085 2948 3154 Δεσπότην.
2979 3083 3129 3154 Ἔφη
3157 3085 3213 3139 δὲ
3246 3085 3440 3149 οὕτως·
3481 3105 3500 3138 ι
3549 3087 3631 3140 Τὰ
3657 3085 3784 3142 ὲλέη

487 3169 662 3232 mine.
694 3172 747 3227 in
774 3183 1040 3231 :eternum
1073 3180 1345 3248 cantabo;
1391 3182 1446 3237 in
1470 3187 1882 3254 generationem
1907 3195 1964 3243 et
1991 3203 2081 3258 ge-

2194 3193 2312 3238 σου,
2345 3175 2520 3247 Κύριε
2549 3217 2562 3241 ,
2592 3179 2672 3238 είς
2707 3175 2801 3230 τδν
2853 3177 3030 3231 αίῶνα
3057 3177 3260 3248 ᾄσομαι
3281 3217 3294 3238 ,
3327 3180 3406 3242 είς
3458 3178 3654 3247 γενεὰν
3691 3179 3784 3234 καὶ

487 3263 833 3319 nerationem
890 3271 1231 3326 annuntiabo
1278 3274 1574 3330 veritatem
1606 3284 1756 3331 tuam
1796 3293 1892 3333 ore
1939 3293 2082 3332 meo.

485 3351 760 3420 Quoniam
813 3359 1042 3416 dixisti:
1077 3363 1134 3418 in
1183 3373 1454 3420 κίοι-ηοω
1498 3367 1884 3425 misericordia
1915 3369 2088 3424 aedili-

485 3447 722 3508 cabitur.
757 3451 812 3505 in
841 3454 996 3509 caelis
1020 3456 1307 3525 parabitur
1337 3461 1544 3515 veritas
1573 3470 1665 3516 tua
1683 3461 1748 3514 ⁸⁸.
1777 3481 1795 3511 ι
1837 3461 1939 3516 Per
1968 3461 2086 3516 haec

485 3547 672 3594 autem
726 3544 911 3598 omnia
971 3545 1136 3601 docet
1193 3548 1491 3620 Propheta,
1547 3559 1603 3606 et
1654 3552 2083 3621 promissionem

484 3629 584 3685 Dei
628 3631 970 3704 benignitate
1003 3637 1199 3693 factam
1233 3649 1290 3695 et
1333 3643 1724 3711 promissionis
1768 3643 2080 3698 veritatem.

483 3722 695 3779 Deinde
717 3726 890 3791 addit,
921 3745 1172 3798 quamam
1201 3741 1257 3786 et
1279 3733 1484 3802 quibus
1514 3735 1855 3803 promiserit,
1900 3734 2082 3803 ipsum

483 3814 659 3870 Deum
701 3818 1017 3889 loquentem
1063 3822 1351 3880 inducens.
1391 3844 1409 3877 ι
1468 3825 1723 3896 Disposui
1779 3824 1949 3890 enim,
2001 3827 2086 3880 in-

483 3909 627 3977 quit,
673 3921 1069 3969 lestamentum
1140 3917 1335 3972 electis
1369 3918 1510 3973 meis
1533 3918 1600 3972 “.
1650 3937 1668 3969 ›
1709 3918 1920 3972 Eiectos
1948 3935 2084 3974 vero

483 4001 702 4055 vocavit
726 4005 1082 4073 patriarchas.
1127 4008 1326 4064 Postea
1350 4008 1668 4080 subjungit:
1705 4029 1722 4060 ι
1749 4009 1940 4065 Juravi
1979 4010 2083 4065 Da-

481 4090 596 4145 vidi
619 4109 780 4149 servo
803 4111 926 4151 meo
945 4100 1042 4151 ⁸⁷.»
1080 4100 1222 4154 Dicit
1250 4115 1417 4170 porro
1442 4117 1550 4171 qua
1591 4101 1660 4155 de
1689 4118 1748 4157 re
1768 4101 2076 4172 iuraverit:

489 4205 510 4237 ι
542 4185 725 4258 Usque
780 4190 836 4245 in
889 4199 1159 4248 :eternum
1206 4195 1532 4266 praeparatio
1566 4212 1754 4252 semen
1805 4206 1982 4262 tuum,
2020 4205 2078 4252 et

479 4278 768 4335 azdilicabo
809 4283 862 4336 in
902 4287 1317 4354 generationem
1346 4294 1404 4343 et
1427 4287 1842 4360 generationem
1889 4289 2077 4345 sedem

481 4380 630 4426 tuam
654 4375 721 4428 ".
755 4395 773 4426 ι
807 4377 904 4432 Dic
937 4394 1070 4448 ergo
1095 4395 1394 4450 quemnam
1426 4397 1604 4435 semen
1632 4379 1852 4434 Davidis
1890 4380 2080 4451 appel-

477 4461 650 4522 latum
686 4469 1012 4527 existimes?

550 4641 758 4701 ERAN.
788 4648 865 4703 De
897 4648 1190 4704 Salomone
1216 4649 1336 4704 haec
1358 4648 1657 4719 promissio
1689 4647 1833 4702 facta
1863 4656 1966 4703 est.

550 4825 794 4882 'ORTH.
833 4828 980 4898 Ergo
1013 4829 1180 4883 etiam
1215 4827 1284 4884 de
1329 4826 1624 4882 Salomone
1672 4841 1797 4881 cum
1833 4825 2074 4895 patriar-

475 4914 596 4970 chis
623 4917 831 4974 foedera
889 4921 1203 4976 constituit.
1240 4920 1383 4975 Ante
1417 4919 1510 4973 illa
1532 4917 1707 4982 enim,
1745 4932 1867 4987 quae
1895 4916 1970 4971 ibi
2005 4917 2074 4972 de

473 5002 678 5065 Davide
731 5011 878 5067 dicta
937 5019 1087 5077 sunt,
1143 5009 1578 5080 promissionum
1636 5008 1748 5062 illis
1799 5006 2070 5062 factarum

469 5101 807 5157 mentionem
840 5103 991 5158 fecit.
1032 5123 1049 5154 ι
1087 5101 1344 5172 Disposui
1378 5101 1550 5163 enim,
1576 5100 1679 5170 31
1721 5100 1920 5170 inquit,
1982 5107 2069 5156 te-

470 5197 807 5248 stamentum
839 5195 1035 5250 electis
1065 5194 1226 5248 meis.
1266 5211 1285 5244 »
1329 5191 1589 5248 Promisit
1611 5199 1796 5246 autem
1834 5193 2070 5262 patriar-

2190 3268 2387 3336 γενεὰν
2422 3269 2724 3336 ἀπαγγελῶ
2749 3270 2849 3338 τὴν
2887 3270 3151 3340 ἀλήθειάν
3190 3288 3285 3324 σου
3322 3273 3380 3324 έν
3426 3271 3505 3342 τῷ
3553 3271 3788 3344 στόματι

2192 3379 2317 3432 μου.
2351 3361 2474 3414 Ὅτι
2520 3357 2680 3426 εἶπας
2705 3377 2719 3390 ·
2754 3363 2835 3425 είς
2882 3363 2975 3416 τὸν
3027 3361 3202 3416 αίῶνα
3232 3362 3381 3426 ἕλεος
3421 3363 3788 3436 οίκοδομηθή-

2190 3467 2382 3514 σεται.
2427 3452 2483 3505 ἐν
2517 3453 2632 3516 τοῖς
2684 3453 2938 3524 οὐρανοῖς
2981 3453 3438 3525 έτοιμασθήσεται
3473 3457 3505 3526 ή
3554 3455 3789 3528 ἁλήθειά

2191 3561 2308 3598 σου.
2345 3562 2362 3594 ι
2401 3543 2500 3596 Διὰ
2531 3543 2587 3596 δὲ
2616 3544 2822 3598 τούτων
2855 3545 3076 3598 πάντων
3106 3547 3136 3599 ὁ
3171 3547 3465 3618 Προφήτης
3492 3545 3739 3601 διδάσκει
3764 3591 3779 3613 ,

2188 3635 2283 3688 καὶ⁸
2312 3634 2409 3705 τὴν
2439 3634 2525 3687 διὰ
2557 3635 2972 3706 φιλανθρωπίαν
3004 3636 3156 3702 παρὰ
3187 3637 3280 3690 τοῦ
3311 3637 3447 3691 Θεοῦ
3472 3640 3788 3710 γεγενημέ-

2187 3743 2284 3795 νην
2333 3725 2710 3793 ἐπαγγελίαν,
2755 3727 2851 3780 καὶ
2878 3719 2982 3795 τῆς
3022 3729 3360 3796 ἐπαγγελίας
3412 3729 3474 3782 τὸ
3521 3729 3780 3799 ἀψευδές.

2185 3811 2323 3868 Εἶτα
2354 3815 2508 3884 λέγει
2540 3815 2663 3869 τίνα
2691 3832 2750 3868 τε
2779 3817 2876 3869 καὶ
2910 3815 3051 3868 τίσιν
3083 3816 3378 3886 ὑπέσχετο,
3409 3816 3577 3871 αὑτὸν
3611 3818 3789 3888 φθεγ-

2185 3907 2417 3977 γόμενον
2447 3907 2761 3971 ἐπιδεικνὺς
2783 3907 2874 3960 τὸν
2900 3907 3054 3962 Θεόν.
3093 3929 3110 3960 ι
3148 3907 3422 3979 Διεθέμην
3451 3908 3584 3979 γὰρ,
3618 3910 3785 3978 φησὶ,

2183 3998 2451 4071 διαθήκην
2481 4003 2590 4064 τοῖς
2629 3999 2910 4061 ἐκλεκτοῖς
2943 4017 3067 4070 μου.
3107 4018 3123 4050 ι
3177 3999 3536 4067 Ἑκλεκτοὺς
3562 4000 3620 4053 δὲ
3649 4001 3786 4066 τοὺς

2183 4094 2531 4165 πατριάρχας
2561 4092 3212 4163 ὲκάλεσεν(50).”Επειτα
3234 4091 3537 4163 ἐπιφέρει·«
3562 4095 3784 4163 Ὠμοσα

2183 4182 2384 4250 Δαόιδ,
2425 4183 2504 4256 τῷ
2547 4184 2718 4254 δούλῳ
2767 4200 2888 4254 μου.
2931 4201 2949 4234 ι
3005 4182 3170 4251 Λέγει
3216 4182 3274 4236 δὲ
3319 4185 3414 4236 καὶ
3465 4184 3594 4256 περὶ
3631 4183 3785 4249 τίνος

2182 4276 2435 4348 ὤμοσεν·
2488 4295 2506 4327 ι
2560 4276 2708 4338 Ἕως
2754 4275 2850 4328 τοῦ
2895 4274 3094 4338 αἰῶνος
3134 4275 3412 4345 ἑτοιμάσω
3443 4275 3506 4328 τὸ
3551 4275 3784 4346 σπέρμα

2183 4385 2299 4435 σου,
2339 4369 2434 4423 καὶ
2471 4367 2816 4436 οἰκοδομήσω
2847 4367 2927 4430 εἰς
2947 4365 3143 4434 γενεὰν
3172 4366 3267 4419 καὶ
3295 4367 3490 4434 γενεὰν
3517 4365 3610 4419 τὸν
3645 4365 3778 4437 θρό-

2181 4477 2269 4512 νον
2318 4476 2434 4513 σου.
2492 4477 2510 4510 ι
2549 4458 2683 4511 Εἰπὲ
2715 4457 2896 4509 τοίνυν
2929 4456 3049 4509 τίνα
3086 4456 3149 4511 τὸ
3179 4457 3418 4527 σπέρμα
3450 4455 3557 4510 τοῦ
3595 4457 3782 4510 Δαόίᾶ

2109 4555 2154 4609 D
2185 4550 2591 4620 ὑπολαμϐάνεις
2624 4547 2963 4616 κεκ).ῆσθαι;

2256 4641 2464 4695 ΕΡΑΝ.
2502 4641 2637 4708 Περὶ
2666 4638 2762 4692 τοῦ
2798 4639 3148 4710 Σολομῶντος
3180 4641 3214 4712 ή
3263 4641 3571 4710 ἐπαγγελία
3604 4639 3776 4708 γεγέ-

2183 4749 2406 4878 νηΘῗΘ.
2448 4819 2659 4875 Οὐκοῦν
2686 4782 2780 4873 καὶ
2815 4821 2954 4892 πρὸς
2983 4823 3110 4886 τοὺς
3142 4822 3490 4896 πατριάρχας
3519 4823 3646 4894 περὶ
3671 4820 3773 4876 τοῦ

2178 4915 2526 4986 Σολομῶντος
2558 4914 2858 4986 ἐποιήσατο
2890 4915 2990 4979 τὰς
3027 4914 3326 4988 συνθήκας.
3365 4916 3478 4990 Πρὸ
3513 4915 3623 4986 γὰρ
3658 4915 3773 4969 τῶν

2177 5010 2306 5081 περὶ
2325 5008 2420 5063 τοῦ
2451 5006 2616 5060 Δαὸὶδ
2641 5007 2970 5078 εἰρημένων,
2994 5008 3103 5062 τῶν
3127 5008 3481 5080 ὑποσχέσεων
3497 5009 3606 5062 τῶν
3630 5009 3773 5080 πρὸς

2175 5099 2418 5163 ἐκείνους
2446 5098 2740 5170 ἀνέμνησε.
2779 5119 2798 5152 ι
2840 5099 3112 5171 Διεθέμην
3146 5098 3277 5172 γὰρ,
3303 5099 3459 5170 φησὶ,
3501 5099 3770 5170 διαθήκην

2171 5195 2285 5257 τοῖς
2319 5191 2597 5255 ἐκλεκτοῖς
2648 5207 2772 5262 μου.
2830 5209 2849 5243 ι
2897 5191 3198 5263 ’Υπέσχετο
3243 5191 3298 5244 δὲ
3333 5193 3444 5254 τοῖς
3493 5189 3768 5262 πατριάρ-

541 5369 588 5402 ⁶⁵
616 5369 761 5424 Psal.
794 5385 1047 5434 Lxxxvm,
1075 5370 1199 5427 2—5.
1278 5370 1323 5402 “
1346 5370 1486 5424 Ibid.
1521 5371 1575 5425 4.
1654 5371 1699 5403 ⁸⁷
1739 5372 1880 5437 Ibid,
1957 5372 2002 5405 ⁸³
2035 5373 2176 5429 Ibid.
2218 5373 2270 5428 5.

541 5551 650 5626 Q8)
680 5557 781 5611 Ed.
816 5558 977 5610 Rom.
1006 5563 1063 5609 et
1096 5554 1246 5624 Lips.
1283 5555 1601 5626 προφέρειν.

540 5623 652 5692 (‘29)
690 5626 1114 5688 Promissionum
1141 5623 1211 5664 4-
1231 5623 1532 5692 celébravit.
1557 5626 1739 5682 Editio
1766 5625 1930 5682 Sirm.
1951 5627 2052 5682 ha-

468 5689 928 5766 bebat'aDomino
953 5711 1048 5766 suo
1078 5708 1203 5766 vero
1237 5690 1401 5766 ipsius
1440 5699 1700 5766 promissa
1740 5713 2027 5752 commemo

470 5763 631 5841 gavit.
676 5763 768 5819 Sic
804 5779 938 5849 vero
995 5763 1286 5849 legendum
1312 5763 1478 5849 esset
1511 5767 1786 5849 ανέμνησε
1818 5783 1922 5838 pro
1947 5770 2053 5820 τὰν·

2158 5557 2429 5639 vidimus,
2455 5556 2828 5639 antiquiorum
2859 5554 3165 5639 editionum
3189 5555 3514 5639 auctoritate
3529 5555 3759 5639 munia-

2160 5639 2273 5684 tur.
2306 5624 2740 5683 Emendavimus
2769 5627 2953 5696 itaque
2990 5624 3503 5696 interpretationem
3529 5624 3758 5681 latinam

2154 5714 2222 5754 ex
2261 5697 2504 5754 Strieelii
2535 5697 2799 5753 editione.

2235 5715 2426 5839 (Ξόῗῗξ

2427 5769 2548 5825 Iura
2581 5767 2648 5824 de
2689 5768 2792 5828 hoc
2841 5769 2962 5825 loco
3001 5768 3138 5824 vide
3169 5782 3334 5839 supra
3361 5775 3403 5823 t.
3429 5765 3472 5832 l,
3504 5781 3560 5836 p.
3590 5763 3758 5831 1250,

471 5827 702 5902 ὑμνησε,
744 5849 869 5890 cum
905 5827 1088 5892 tamen
1121 5836 1396 5906 posterior
1419 5836 1583 5894 lectio
1609 5827 1878 5904 omnium,
1914 5853 2050 5908 quas
2164 5827 2313 5908 seqq.
