4090 6478
402 450 468 515 σι
1484 451 1863 513 DIALOGUS
1902 453 1953 513 Ι.
1991 480 1994 486 ί

2099 454 2628 516 IMMUTABILIS.
3616 453 3689 518 62

403 578 530 635 χαις
574 561 633 613 ὲν
675 558 758 629 τῷ
801 559 1085 630 σπέρματι
1121 559 1302 614 αὐτῶν
1348 559 1670 629 εύλογήσειν
1724 560 1903 615 πάντα
1933 558 1994 613 τὰ

2105 563 2225 620 cbis
2254 579 2312 618 se
2348 565 2405 619 in
2438 580 2630 619 eorum
2691 558 2902 619 semine
2950 563 3376 623 benedicturum
3428 565 3691 619 omnibus

406 652 557 723 ἔθνη.
589 651 778 718 Δεῖξον
812 651 1006 706 τοίνυν
1045 650 1392 722 εὐλογημένοι
1437 650 1526 704 διὰ
1557 650 1908 722 Σολομῶντος
1936 651 1994 704 τὰ

2107 655 2388 726 gentibus.
2444 655 2686 712 Ostende
2726 656 2913 727 igitur,
2969 671 3068 726 per
3107 654 3457 710 Salomonem
3518 653 3688 710 bene—

404 744 558 815 ῑθνη.

475 835 687 890 ΕΡΑΝ.
720 833 945 904 Ταύτην
968 832 1150 887 τοίνυν
1184 832 1284 903 τὴν
1311 833 1666 902 ἐπαγγελίαν,
1699 833 1760 886 ού
1785 833 1874 886 διὰ
1910 832 2004 886 τοῦ

404 927 786 996 Σολομῶντος,
825 925 965 978 ἀλλὰ
1019 923 1110 978 διὰ
1146 924 1240 977 τοῦ
1290 924 1545 996 Σωτῆρος
1587 923 1745 996 ἡμῶν
1796 923 2006 995 πεπλή-

407 1037 587 1094 ρωκεν
609 1021 640 1070 6
669 1019 802 1080 Θεός
829 1033 846 1082 ;

477 1111 635 1166 0P8.
680 1111 793 1162 Kal.
830 1107 1012 1162 τοίνυν
1065 1111 1187 1173 ταῖς
1240 1109 1374 1181 πρδς
1422 1109 1514 1163 τὸν
1562 1110 1726 1163 Δαϐὶδ
1763 1127 1995 1182 γεγενη-

407 1203 606 1273 μέναις
650 1199 1011 1268 ἐπαγγελίαις
1056 1200 1086 1252 6
1127 1201 1408 1272 Δεσπότης
1453 1201 1688 1273 Χριστος
1730 1203 1792 1255 τὸ
1825 1204 1999 1273 πέρας

405 1290 707 1360 ἐπέθηκεν.

481 1381 694 1435 EPAN.
739 1379 886 1448 Ἐγὼ
930 1379 1138 1444 ταύτας
1185 1381 1430 1453 ἡγοῦμαι
1472 1383 1569 1446 τὰς
1599 1383 1923 1454 ὑποσχέσεις
1967 1383 2002 1455 ἢ

406 1473 540 1544 περὶ
583 1473 682 1526 τοῦ
723 1471 1114 1543 Σολομῶντος,
1156 1471 1190 1544 ἦ
1233 1473 1362 1545 περὶ
1407 1472 1502 1527 τοῦ
1541 1475 1848 1546 Ζοροϐάϐελ
1910 1477 2002 1529 τὸν

401 1564 542 1617 Θεὸν
569 1580 640 1615 πε
649 1563 965 1632 ποιηκέναι.

474 1656 632 1710 ΟΡΘ.
660 1655 774 1724 Πρὸ
799 1654 1064 1725 βραχέος,
1099 1656 1210 1717 τοῖς
1245 1653 1594 1727 Μαρκίωνος,
1624 1658 1718 1710 καὶ
1745 1657 2000 1712 Βαλεντί-

403 1765 530 1810 νου,
563 1747 659 1799 καὶ
681 1745 945 1815 Μάνητος
977 1745 1249 1817 ὲκέχρησο
1273 1745 1454 1815 λόγοις
1481 1764 1495 1777 ⁸
1533 1747 1630 1802 νῦν
1658 1749 1714 1802 δὲ
1741 1751 1878 1821 πρὸς
1903 1751 2001 1823 τὴν

2107 747 2288 802 dictas
2316 763 2436 803 esse
2463 757 2672 818 gentes.

2182 838 2392 894 EBAN.
2438 839 2868 894 Promissioncm
2911 839 3055 894 hanc
3083 855 3232 909 ergo,
3261 854 3371 892 non
3402 853 3503 908 per
3529 837 3688 892 Salo-

2107 945 2362 995 monem,
2428 931 2524 985 sed
2575 948 2674 1002 per
2716 932 3050 987 Salvatorem
3096 939 3378 994 nostrum,
3439 929 3686 1000 implevit

2105 1021 2291 1077 Deus?

2177 1114 2390 1170 ORTH.
2434 1114 2727 1168 Promissis
2753 1114 2956 1184 itaque,
2988 1130 3108 1183 qua:
3133 1113 3325 1168 Davidi
3355 1112 3497 1166 facta
3532 1116 3682 1173 sunt,

2104 1205 2358 1262 Christus
2387 1207 2650 1261 Dominus
2681 1207 2842 1261 tinem
2876 1207 3153 1276 imposuit.

2177 1383 2384 1438 ERAN.
2413 1385 2523 1454 Ego
2554 1384 2654 1438 has
2700 1384 3096 1452 promissiones
3133 1386 3218 1439 vel
3267 1383 3335 1439 de
3375 1350 3686 1446 Salomone,

2104 1475 2191 1529 vel
2227 1474 2294 1529 de
2327 1474 2668 1528 Zorobabcle
2703 1490 2732 1527 a
2766 1475 2878 1529 Deo
2907 1475 3080 1530 factas
3104 1485 3259 1545 puto.

2172 1651 2383 1707 ORTH.
2405 1652 2575 1706 Paulo
2601 1660 2726 1705 ante
2750 1650 3060 1712 Marcionis,
3091 1658 3146 1704 et
3168 1647 3464 1712 Valentini,
3497 1657 3554 1702 et
3576 1645 3691 1701 Ma-

2102 1745 2248 1800 netis
2285 1745 2470 1799 verbis
2505 1743 2770 1799 utebare:
2803 1759 2952 1797 nunc
2996 1742 3062 1796 ad
3099 1739 3436 1795 contrariam
3465 1754 3533 1793 ex
3567 1738 3690 1792 dia-

411 1838 666 1893 ὲναντίαν
701 1838 768 1889 ὲκ
791 1836 1090 1906 διαμέτρου
1121 1837 1434 1907 συμμορίαν
1463 1839 1870 1910 μεταϐέϐηκας,
1903 1843 1994 1895 καὶ

2105 1845 2282 1900 metro
2317 1836 2612 1890 factionem
2649 1843 2700 1888 te
2732 1834 3038 1888 contulisti.
3068 1833 3384 1888 Judmorum
3415 1830 3562 1885 enim
3585 1829 3690 1882 im-

408 1933 476 2000 τῇ
527 1929 635 1981 τῶν
698 1899 1273 1999 ἰουδαέωνοναιδέίᾲ
1312 1899 1660 2000 συνηγορεῖς.
1725 1899 1885 1986 ⁵ιδιξξι
1941 1934 1994 1987 δὲ

2107 1927 2382 1998 pudentis:
2431 1926 2816 1997 patrocinaris.
2868 1926 2965 1980 Est
3017 1933 3200 1978 autem
3245 1923 3351 1978 hoc
3403 1921 3688 1992 proprium

402 2021 569 2075 τοῦτο
586 2019 700 2073 τῶν
727 2019 828 2090 τῆς
856 2018 1077 2082 εὐθείας
1102 2021 1524 2091 ἐκτρεπομένων
1552 2022 1673 2076 ὁδοῦ
1695 2041 1709 2054 ·
1739 2024 1868 2096 τῇδε
1891 2025 2000 2094 γάρ

403 2113 640 2165 κάκεῖσε
685 2109 1135 2176 περιπλανῶνται
1158 2150 1173 2174 ,
1208 2111 1406 2182 ἀτριϐῆ
1432 2113 1658 2182 πορείαν
1697 2114 1996 2178 ὁδεύοντες.

474 2203 690 2256 ΕΡΔΝ.
737 2203 876 2266 Τοὺς
926 2202 1166 2274 λοιδορίᾳ
1218 2202 1540 2274 χρωμένους
1590 2206 1618 2257 6
1675 2205 2000 2270 ’Λπὸστολος

396 2294 687 2362 ἐξελαύνει
720 2293 822 2363 τῆς
858 2293 1162 2363 βασιλείας.

469 2384 632 2439 ΟΡΘ.
684 2385 814 2437 Ἐὰν
845 2384 1026 2454 μάτην
1072 2384 1412 2457 λοιδορῶσιν.
1458 2386 1613 2439 Ἐπεὶ
1651 2388 1746 2440 καὶ
1777 2388 1938 2453 αὐτὸς
1971 2390 1999 2443 ό

391 2476 546 2540 θεῖος
595 2476 926 2540 ’Δπόστολος
961 2477 1042 2539 εἰς
1085 2477 1276 2546 καιρὸν
1309 2476 1457 2530 ἔστιν
1493 2478 1583 2531 ὅτε
1617 2480 1885 2551 κέχρηται
1921 2479 1999 2550 τῷ

393 2567 568 2629 εἴδει,
598 2567 696 2619 καὶ
729 2564 980 2626 Γαλάτας
1014 2565 1111 2633 μὲν
1148 2566 1418 2634 ἀνοήτους
1447 2567 1744 2638 ὀνομάζει,
1779 2573 1908 2640 περὶ
1939 2570 1998 2623 δὲ

390 2658 582 2713 ἀλλων
611 2655 781 2726 φησίν
804 2671 819 2686 ο
853 2673 870 2706 ι
906 2655 1214 2725 Ἄνθρωποι
1248 2657 1691 2729 κατεφθαρμένοι
1715 2659 1806 2712 τὸν
1848 2659 1994 2727 νοῦν,

391 2750 655 2819 ἀδόκιμοι
697 2749 824 2818 περὶ
854 2748 954 2818 τὴν
996 2748 1178 2801 πίστιν
1201 2765 1216 2779 '
1249 2769 1268 2801 ι
1308 2752 1404 2803 καὶ
1431 2748 1499 2804 αὖ
1533 2752 1694 2806 πάλιν
1725 2753 1854 2823 περὶ
1881 2753 1997 2806 ἑτέ-

393 2857 534 2914 ρωνο
578 2861 596 2892 ι
625 2834 728 2894 ’Ὧν
749 2841 776 2892 ὁ
801 2840 921 2904 θεὸς
949 2841 982 2910 ή
1015 2841 1214 2906 κοιλία,
1245 2847 1338 2897 καὶ
1367 2845 1399 2914 ή
1423 2843 1550 2910 δόξα
1575 2846 1634 2898 ὲν
1663 2847 1729 2916 τῇ
1763 2845 1994 2919 αἰσχύνη

387 2933 610 2993 αὐτῶν,
657 2951 677 2983 ›
713 2931 808 2984 καὶ
834 2930 902 2983 τά
935 2931 1087 3000 ἑξῆς.

466 3024 683 3079 ΕΡΑΝ.
733 3021 874 3091 Ἐγὼ
904 3024 1082 3078 τοίνυν
1109 3026 1272 3079 ποίαν
1302 3043 1386 3080 σοι
1417 3029 1690 3102 παρέσχον
1724 3030 1994 3103 λοιδορίας

387 3116 662 3187 ἀψορμήν
688 3131 703 3178 ς

2105 2034 2297 2074 eorum
2328 2019 2420 2088 qui
2453 2035 2482 2073 a
2522 2027 2671 2072 recta
2701 2019 2786 2072 via
2818 2016 3135 2070 deﬂectunt.
3162 2015 3280 2068 Huc
3305 2015 3451 2067 enim
3482 2021 3536 2066 et
3559 2011 3691 2065 illuc

2105 2111 2388 2172 oberrant,
2414 2127 2514 2180 per
2537 2110 2679 2163 viam
2709 2109 2937 2162 minime
2972 2107 3154 2161 tritam
3189 2105 3578 2175 ingredientes.
3619 2177 3622 2180 ς

2179 2203 2389 2258 ERAN.
2417 2201 2823 2256 Convitiatores
2853 2198 3150 2268 Apostolus
3173 2196 3326 2267 ejicit
3352 2196 3396 2226 "
3421 2211 3490 2250 ex
3516 2205 3690 2263 regno

2105 2294 2393 2350 caelorum.

2186 2384 2396 2440 ORTH.
2437 2385 2491 2440 Si
2539 2393 2744 2439 temere
2783 2381 3155 2437 convitientur
3210 2379 3344 2434 Nam
3374 2385 3430 2433 et
3465 2379 3579 2447 ipse
3608 2376 3693 2430 di-

2104 2478 2268 2533 vinus
2299 2477 2595 2547 Apostolus
2618 2482 2926 2545 opportune
2949 2487 3344 2540 nonnunquam
3366 2469 3471 2523 hoc
3491 2482 3688 2537 genere

2104 2584 2238 2623 usus
2288 2577 2392 2631 est,
2442 2575 2498 2622 et
2542 2567 2759 2622 Galatas
2807 2565 3029 2636 quidem
3077 2563 3275 2618 stultos
3308 2571 3466 2615 vocat
3498 2560 3582 2626 7°;
3621 2559 3690 2614 de

2105 2657 2228 2713 aliis
2255 2673 2385 2711 vero
2414 2655 2548 2710 dicit
2582 2673 2595 2710 :
2643 2677 2659 2706 ι
2700 2655 2962 2709 Homines
2991 2661 3173 2707 mente
3202 2651 3448 2720 corrupti
3470 2650 3551 2715 ⁷¹;
3583 2667 3600 2700 ι
3633 2659 3690 2703 et

2104 2750 2173 2805 de
2225 2750 2349 2805 aliis
2377 2765 2619 2804 rursus:
2678 2768 2696 2800 ι
2731 2748 2977 2815 Quorum
3026 2745 3163 2800 deus
3219 2753 3414 2798 venter
3471 2750 3577 2806 est,
3631 2748 3693 2794 et

2102 2841 2274 2912 gloria
2300 2841 2354 2896 in
2386 2840 2709 2895 confusione
2741 2840 3008 2910 ipsorum,
3046 2857 3064 2889 ι
3100 2844 3156 2891 et
3183 2845 3378 2890 cmtera
3408 2836 3476 2887 τ’.

2171 3033 2381 3090 ERAN.
2417 3031 2593 3098 Quam
2621 3045 2756 3086 vero
2801 3028 2902 3082 tibi
2953 3022 3290 3082 convitiandi
3343 3018 3690 3075 occasionem

2101 3125 2314 3200 pmbui
2335 3125 2358 3178 ?

463 3208 627 3310 9P8.
663 3208 738 3260 Τὸ
766 3211 881 3270 τοῖς
911 3207 1335 3277 προδηλοτάτοις
1360 3209 1458 3279 τῆς
1487 3210 1744 3282 ἀληθείας
1777 3215 1994 3285 ἐχθροῖς

2173 3216 2386 3274 ORTH.
2435 3210 2814 3285 Apertissimis
2859 3207 3113 3262 hostibus
3154 3203 3406 3259 veritatis
3449 3200 3696 3256 libenter

387 3295 658 3366 εὐθύμως
713 3301 1061 3368 συνηγορεῖν,
1100 3294 1135 3370 ἦ
1185 3301 1246 3352 ού
1283 3300 1432 3354 δοκεί
1477 3318 1556 3356 σοι
1599 3303 1874 3372 πρόφασις
1904 3308 1996 3360 εύ-

385 3387 688 3457 λογωτάτη
728 3389 844 3452 τοῖς
892 3388 1178 3443 εύσεϐἐσιν
1232 3387 1378 3446 εἶναι
1426 3392 1565 3466 πρὸς
1616 3396 1998 3465 ἀγανάκτησιν

386 3496 538 3549 αυτη
570 3496 586 3544 ;

462 3571 678 3626 EPAN.
715 3573 825 3626 Καὶ
857 3573 1004 3627 τίσιν
1044 3572 1158 3643 ἐγὼ
1198 3576 1551 3650 συνηγόρησα
1580 3581 1998 3652 παραταττομέ-

386 3682 504 3728 νοις
535 3664 677 3735 πρὸς
713 3665 813 3737 τὴν
838 3666 1143 3738 άλήθειανς

462 3757 620 3811 ΟΡΘ.
655 3757 772 3811 Νῦν
818 3759 1120 3822 Ἰουδαίοις.

461 3847 677 3900 ΕΡΔΝ.
711 3849 836 3910 Πῶς
862 3849 960 3902 καὶ
993 3849 1098 3904 τίνι
1125 3851 1351 3923 τρόπῳς

461 3937 622 3992 ΟΡΘ.
672 3939 920 3992 Ἰουδαῖοι
969 3938 1049 4011 τῷ
1089 3941 1401 4013 Σολομῶντι
1443 3945 1538 3999 καὶ
1567 3945 1647 4018 τῷ
1689 3948 1996 4021 Ζοροϐάϐελ

381 4027 494 4092 τάς
553 4029 820 4094 τοιαύτας
864 4033 1351 4103 προσαρμόττουσι
1392 4040 1735 4110 προφητείας
1760 4079 1775 4104 ,
1811 4041 1898 4096 ἵνα
1934 4044 1997 4097 τὸ

383 4122 779 4193 χριστιανικον
814 4116 1491 4194 ἀσύστατονάποδείξωσι
1530 4129 1773 4201 ζήτημα.
1830 4134 1997 4188 ’Λπό-

382 4229 498 4282 χρη
535 4211 598 4264 δὲ
634 4211 730 4266 καὶ
781 4213 925 4267 αὐτὰ
969 4216 1039 4269 τὰ
1092 4217 1316 4287 ῥήματα
1363 4218 1638 4288 διελέγξαι
1670 4219 1856 4276 αύτὼν
1895 4223 1995 4294 τὴν

383 4303 767 4373 Δπαρανομίαν.
802 4323 821 4355 ι
857 4305 1004 4369 Ἕως
1031 4305 1162 4374 γὰρ,
1190 4308 1348 4378 φησὶ,
1381 4310 1474 4362 τού
1503 4310 1700 4375 αἰῶνος
1720 4314 1995 4383 ἑτοιμάσω

379 4394 481 4447 τὸν
515 4393 715 4466 θρόνον
748 4412 866 4450 σου.
911 4413 932 4450 ι
977 4397 1053 4452 Ού
1091 4397 1253 4469 μόνον
1285 4398 1342 4452 δὲ
1378 4398 1633 4471 Σολομὼν
1680 4402 1773 4456 καὶ
1827 4403 1994 4475 Ζορο-

381 4485 586 4551 ϐάϐελ,
619 4481 703 4550 οἷς
726 4487 825 4550 τὰς
843 4487 1104 4552 τοιαύτας
1131 4491 1606 4561 προσαρμόττουσι
1629 4493 1990 4565 προφητείας,

2101 3306 2461 3380 patrocinari,
2509 3319 2690 3358 annon
2728 3299 2825 3355 tibi
2877 3297 3096 3352 videtur
3119 3293 3422 3367 justissima
3471 3289 3695 3348 occasio

2100 3399 2204 3453 ista
2231 3396 2336 3466 piis
2359 3408 2479 3448 esse
2504 3402 2565 3447 ut
2594 3386 2993 3460 indignentur?

2171 3573 2277 3642 32
2301 3570 2509 3627 ERAN.
2537 3568 2912 3636 Quorumnam
2933 3577 3034 3632 ego
3056 3556 3425 3632 patrocinium
3446 3553 3695 3626 suscepi,

2099 3666 2192 3738 qui
2221 3661 2440 3719 veritati
2483 3661 2688 3715 bellum
2719 3657 2962 3711 inferant
2987 3654 3011 3707 ?

2170 3755 2381 3812 ORTli.
2415 3753 2574 3809 Nunc
2601 3751 2934 3806 Judzeorum.

2169 3843 2695 3911 ERAN.’Quomodo
2726 3851 2782 3897 et
2806 3856 2914 3910 qua
2941 3840 3154 3894 ratione
3179 3839 3204 3892 3

2168 3938 2382 3994 ORTll.
2431 3935 2605 3991 Judaei
2636 3933 2917 3989 Salomoni
2951 3940 3008 3987 et
3039 3927 3366 3984 Zorobabeli
3397 3926 3536 3981 tales
3557 3939 3696 3995 pro-

2095 4031 2312 4104 pbetias
2328 4027 2768 4090 accommodant,
2789 4035 2850 4079 ut
2868 4024 3306 4079 Christianorum
3326 4019 3694 4090 quaestionem

2095 4123 2396 4180 consistere
2444 4136 2556 4175 non
2603 4134 2765 4189 posse
2813 4115 3124 4171 ostendant.
3181 4112 3470 4168 Sufficiunt
3498 4117 3692 4164 autem

2094 4216 2184 4271 vel
2214 4217 2331 4285 ipsa
2377 4213 2548 4267 verba
2576 4211 2642 4265 ad
2675 4207 3066 4265 confutandam
3098 4205 3318 4260 illorum
3347 4201 3687 4272 perversita-

2096 4298 2411 4361 tenn'Nam
2449 4322 2466 4353 ι
2502 4318 2676 4372 usque
2703 4301 2758 4354 in
2787 4307 3079 4360 aeternum,
3132 4295 3332 4364 inquit,
3364 4289 3693 4361 pra-:parabo

2096 4398 2283 4456 sedem
2305 4407 2454 4451 tuam
2480 4395 2547 4449 ⁷³.
2584 4415 2603 4446 ι
2649 4394 2768 4448 Νοιι
2795 4391 2972 4447 solum
3003 4388 3154 4444 enim
3198 4387 3455 4442 Salomon
3500 4390 3556 4437 et
3580 4382 3694 4436 Zo-

2097 4491 2344 4553 robabel,
2372 4489 2576 4560 quibus
2609 4487 2744 4542 tales
2771 4481 3092 4556 prophetias
3117 4476 3554 4539 accommodant,
3588 4490 3692 4529 exs

379 4577 479 4631 τδν
513 4577 828 4648 ὡρισμένον
858 4578 1159 4649 βιώσαντες
1200 4580 1414 4651 χρόνον,
1443 4581 1539 4636 τοῦ
1576 4583 1693 4654 βίου
1721 4586 1780 4639 τὸ
1804 4585 1986 4658 τέρμα

2097 4587 2242 4656 pleto
2277 4584 2405 4639 vita:
2435 4597 2601 4637 cursu
2627 4577 2973 4650 praescripto,
3002 4575 3130 4628 vita:
3151 4572 3312 4626 ﬁnem
3342 4568 3687 4629 habuerunt.

382 4670 722 4735 κατέλαϐον,
751 4670 891 4724 ἀλλὰ
920 4673 1016 4725 καὶ
1047 4670 1195 4726 ἅπαν
1239 4672 1458 4742 ἀπέσϐη
1487 4674 1584 4728 τοῦ
1612 4676 1777 4731 Δαϐὶδ
1807 4679 1866 4732 τὸ
1894 4679 1988 4747 γέο

381 4777 500 4825 νος.
537 4761 638 4824 Τίς
685 4761 796 4834 γὰρ
845 4762 1140 4817 ἐπίσταται
1175 4764 1418 4837 σήμερον
1451 4767 1515 4819 ὲκ
1542 4766 1642 4838 τῆς
1695 4770 1988 4842 Δαυϊτικῆς

378 4870 513 4908 τινα
546 4856 934 4926 καταγόμενον
969 4855 1168 4928 ῥίζηςὶ

455 4944 671 4998 ΕΡΑΝ.
754 4946 818 4998 Οἱ
902 4944 1234 5014 καλούμενοι
1317 4940 1412 5001 οὖν
1511 4947 1621 5002 τῶν
1715 4948 1985 5005 Ἰουδαίων

377 5033 756 5104 πατριάρχαι,
797 5034 899 5088 ούκ
937 5035 1003 5089 ὲκ
1030 5034 1132 5105 τῆς
1174 5036 1469 5107 Δαυϊτικῆς
1516 5037 1824 5109 ὑπάρχουσι
1862 5057 1994 5111 συγ-

375 5126 609 5197 γενείας
634 5142 649 5190 ;

456 5217 617 5273 ore.
648 5217 939 5288 Οὐδαμῶς.

456 5311 670 5367 ΕΡΔΝ.
713 5309 882 5364 Ἀλλά
905 5309 1074 5365 πόθεν
1101 5311 1422 5384 ὁρμῶνται;

454 5402 616 5458 ΟΡΘ.
664 5403 755 5469 Ἐξ
797 5402 1042 5474 Ἡρώδου
1087 5404 1182 5458 τού
1215 5405 1548 5476 ἀλλοφύλου,
1592 5407 1652 5473 ὃς
1702 5394 1977 5481 πατρόθεν

377 5493 490 5566 μὲν
530 5492 944 5565 ’Δσκαλωνίτης
963 5493 1260 5565 ἐτύγχανεν
1283 5494 1384 5560 ῶν,
1419 5499 1692 5570 μητρόθεν
1717 5498 1776 5553 ὁὶ
1816 5500 1976 5554 Ἰδου-

378 5585 572 5657 μαῖος.
604 5584 818 5648 Ἄλλως
849 5602 909 5638 τε
945 5585 1042 5640 καὶ
1071 5586 1226 5641 αὐτοὶ
1248 5589 1530 5654 παντελῶς
1565 5589 1972 5663 ἠφανίσθησαν,

2095 4675 2195 4732 sed
2243 4674 2567 4729 universum
2616 4685 2837 4741 quoque
2883 4665 3107 4721 Davidis
3148 4677 3325 4735 genus
3348 4661 3690 4716 exstinctum

2094 4777 2200 4824 est.
2245 4765 2379 4833 Quis
2423 4765 2571 4820 enim
2613 4762 2769 4818 novit
2825 4759 2989 4815 hodie
3038 4757 3280 4828 aliquem
3323 4769 3392 4807 ex
3418 4748 3690 4807 Davidica

2093 4860 2262 4930 stirpe
2288 4855 2658 4928 prognatum?

2164 4950 2374 5007 ERAN.
2399 4948 2505 5016 Qui
2533 4961 2666 5014 ergo
2695 4943 3011 5001 Judznorum
3036 4937 3366 5011 patriarcha:
3396 4934 3688 4996 dicuntur,

2097 5059 2167 5099 an
2193 5056 2262 5096 ex
2289 5039 2549 5096 Davidica
2574 5037 2745 5107 stirpe
2767 5051 2877 5091 non
2903 5039 3032 5088 sunt
3052 5032 3079 5084 ’ί

2161 5231 2371 5289 ORTll.
2395 5231 2774 5302 Nequaquam.

2164 5325 2368 5382 ERAN.
2405 5323 2558 5382 Unde
2585 5322 2753 5392 igitur
2779 5321 2887 5378 orti
2907 5327 3035 5376 sunt
3057 5320 3088 5373 ?

2157 5416 2369 5472 ORTH.
2403 5416 2482 5470 Ex
2501 5413 2716 5470 Herode
2733 5413 3061 5483 alienigena,
3084 5409 3180 5481 qui
3206 5417 3431 5478 paterna
3451 5401 3682 5473 quidem

2084 5505 2297 5578 origine
2338 5503 2681 5560 Ascalonitcs
2726 5502 2854 5568 fuit,
2903 5509 3150 5556 materna
3194 5511 3325 5551 vero
3379 5493 3679 5549 ldummus.

2083 5596 2410 5667 Quanquam
2431 5595 2487 5650 hi
2512 5609 2732 5667 quoque
2760 5593 2988 5648 omnino
3012 5588 3363 5649 interierunt,
3386 5591 3442 5639 et
3463 5580 3678 5638 dudum:

377 5671 480 5731 καὶ
508 5676 706 5749 χρόνος
737 5675 1080 5749 διελήλυθεν,
1119 5677 1180 5742 ἐξ
1199 5672 1263 5734 οὖ
1292 5680 1388 5734 καὶ
1411 5682 1444 5754 ὴ
1470 5681 1678 5736 τούτων
1708 5683 1976 5755 ἡγεμονία

2097 5692 2169 5740 est
2195 5699 2260 5740 ex
2293 5699 2402 5755 quo
2432 5684 2632 5738 horum
2668 5697 2888 5752 quoque
2933 5678 3275 5749 principatus
3305 5673 3470 5728 finem
3499 5667 3678 5740 cepit.
3721 5729 3729 5736 η
3769 5737 3773 5743 Α

451 5853 497 5886 ⁸³
555 5852 683 5910 Cor.
715 5870 790 5921 tv,
822 5853 908 5908 l0.
989 5855 1034 5887 '°
1060 5854 1236 5912 Galat.
1280 5873 1356 5923 ιιι,
1387 5857 1436 5913 1.
1512 5859 1553 5891 τί
1591 5857 1636 5914 ll
1659 5858 1798 5914 Tim.
1838 5875 1914 5926 ιιι,
1949 5859 1994 5915 8.

2097 5859 2332 5930 Philipp.
2367 5875 2444 5922 ιιι,
2475 5860 2536 5915 l9
2633 5859 2677 5891 ⁷³
2707 5857 2850 5913 Psal.
2877 5855 3217 5919 Lnxvut,.5.
