4090 6444
432 455 502 518 63
1420 447 1906 511 THEODORETI
1947 444 2283 504 EPISCOPI
2323 444 2681 504 CYRENSIS
3621 437 3694 500 84
3719 458 3725 464 ·

434 567 700 622 Dominus
731 573 912 620 autem
937 561 1100 626 Deus,
1136 576 1246 614 non
1288 560 1465 614 solum
1493 558 1711 613 Davidis
1737 572 1924 611 semen
1958 555 2012 606 in

2137 550 2174 603 τὸ
2213 552 2387 624 πέρας
2416 551 2653 617 ἐδέξατο.
2689 552 2748 605 '0
2778 549 2834 604 δὲ
2865 549 3142 618 Δεσπότης
3171 547 3332 614 Θεὸς,
3357 549 3417 600 οῦ
3459 549 3616 615 μόνον
3635 551 3694 602 τὸ
3768 600 3770 602 τ

434 667 701 713 aeternum
731 663 1097 716 servaturum,
1123 651 1217 706 sed
1244 652 1362 721 ejus
1404 651 1570 703 etiam
1620 663 1847 716 regnum
1890 646 2008 699 sine

2137 643 2333 714 ιπέρμα
2356 643 2450 697 τοῦ
2482 643 2650 696 Δαὸἰδ
2681 644 2758 706 εἰς
2783 643 2876 696 τὸν
2911 641 3089 696 αἰῶνα
3119 642 3406 712 τηρήσειν,
3437 639 3572 721 ἀλλὰ
3598 639 3696 695 καὶ

438 746 547 800 ﬁne
601 752 1051 800 conservaturum
1105 740 1377 810 promisit.
1441 757 1458 788 ‹
1497 734 1798 790 ᾹΞᾱίίῑειὼο
1839 733 2007 794 enim,

2109 737 2207 804 τὴν
2238 737 2513 807 βασιλείαν
2541 737 2876 791 ἁκατάλυτον
2896 735 3152 805 φυλάξειν
3182 736 3469 806 ὑπέσχετο.
3493 716 3697 790 (Οἰκο-

435 836 636 906 inquit,
692 837 747 889 in
802 833 1209 904 generationem
1264 839 1319 882 et
1367 827 1777 900 generationem
1825 822 2011 876 sedem

2137 829 2328 899 ομήσω
2365 830 2494 901 γάρ,
2533 829 2636 899 ἔφη
2662 870 2676 891 ,
2708 832 2787 889 εἰς
2811 829 3008 898 γενεὰν
3039 829 3136 882 καὶ
3169 828 3366 896 γενεὰν
3388 827 3478 880 τὸν
3508 825 3698 898 θρόνον

440 935 587 979 tuam
614 925 677 977 7".
721 944 738 975 ι
781 923 1039 978 Videmus
1067 930 1248 975 autem
1293 928 1346 972 et
1385 933 1557 988 genus
1595 917 1714 986 ejus
1759 913 2010 984 periisse,

439 1028 497 1073 et
527 1033 752 1089 regnum
783 1017 945 1071 ﬁnem
967 1015 1199 1082 cepisse.
1229 1013 1406 1081 Atque
1437 1012 1553 1066 haec
1577 1016 1867 1063 cernentes
1903 1006 2014 1059 sci-

439 1123 564 1163 mus
597 1118 778 1161 tamen
809 1106 1186 1160 universorum
1212 1104 1384 1157 Deum
1409 1116 1658 1155 veracem
1697 1114 1835 1153 esse.

511 1199 720 1254 ΕἰὶΑΝ.
752 1197 979 1252 Constat
1001 1181 1174 1250 Deum
1206 1194 1430 1248 minime
1456 1190 1698 1246 mentiri.

512 1289 619 1358 33
675 1287 884 1343 ΟιίΤίἰ.
940 1287 994 1341 Si
1041 1302 1171 1357 ergo
1219 1287 1361 1340 Deus
1395 1299 1559 1336 verax
1613 1290 1718 1346 est,
1752 1288 1811 1334 ut
1841 1279 2018 1348 reipsa

441 1395 609 1434 verax
659 1388 762 1442 est,
795 1377 984 1432 Davidi
1014 1385 1194 1430 autem
1230 1373 1501 1443 promisit,
1536 1371 1649 1425 fore
1672 1378 1732 1425 ut
1766 1377 1821 1424 et
1849 1383 2020 1438 genus

444 1467 620 1537 ipsius
669 1475 723 1521 et
776 1482 1003 1536 regnum
1051 1466 1107 1518 in
1163 1473 1488 1534 perpetuum
1542 1469 1803 1524 servaret,
1843 1474 2021 1528 neque

445 1566 630 1614 tamen
678 1568 771 1612 aut
819 1573 992 1629 genus
1041 1567 1134 1610 aut
1176 1552 1402 1626 regnum
1429 1553 1676 1607 videmus
1704 1553 2023 1623 (utrumque

445 1652 594 1706 enim
620 1650 896 1719 cessavit),
922 1647 1197 1718 quomodo
1222 1645 1550 1700 adversariis
1575 1645 1744 1698 Deum
1773 1658 2023 1697 veracem

447 1756 570 1796 esse
598 1741 1047 1810 persuadebimus
1070 1739 1094 1793 ?

517 1831 726 1884 ERAN.
774 1832 1009 1884 Dubium
1061 1830 1243 1899 itaque
1290 1844 1400 1882 non
1431 1835 1534 1893 est,
1577 1827 1712 1896 quin
1750 1826 1866 1880 haec
1894 1842 2025 1896 pro-

409 1949 421 1954 -
450 1922 634 1994 phetia
657 1922 933 1976 Christum
961 1921 1230 1991 designet.

517 2013 726 2070 ORTll.
753 2014 1020 2080 Quoniam
1044 2014 1210 2083 igitur
1233 2014 1336 2068 hoc
1355 2012 1630 2078 concedis,
1650 2026 1769 2083 age,
1791 2011 2028 2066 mediam

448 2120 668 2177 quoque
713 2105 903 2175 psalmi
931 2114 1141 2175 partem
1168 2121 1276 2158 una
1306 2106 1717 2159 consideremus
1744 2122 1756 2157 :
1787 2104 2031 2174 prophe-

451 2197 541 2250 tiae
574 2197 721 2250 enim
749 2197 1077 2251 sententiam
1103 2195 1316 2250 facilius
1342 2211 1716 2266 assequemur.

518 2286 729 2342 ERAN.
757 2285 896 2341 Praei
932 2285 1264 2357 indagationi
1297 2305 1310 2339 :
1341 2301 1440 2356 ego
1470 2286 1618 2340 enim
1647 2285 1892 2357 vestigiis
1923 2286 2032 2342 tuis

453 2375 700 2433 insistam
711 2418 723 2430 .

525 2467 733 2523 ORTH.
770 2467 906 2523 Cum
953 2468 1122 2522 multa
1150 2468 1217 2523 de
1249 2469 1354 2523 lioc
1385 2468 1495 2522 ﬁlio
1531 2465 1790 2540 (Davidis)
1822 2464 2032 2536 promi-

454 2557 617 2614 sisset
645 2559 808 2622 Deus,
837 2559 984 2627 quod
1014 2568 1070 2612 et
1099 2567 1255 2613 terra:
1289 2567 1345 2612 et
1375 2558 1514 2613 mari
1534 2558 1916 2613 dominaturus
1940 2557 2030 2620 sit,

453 2656 514 2704 et
526 2647 794 2702 excelsior
811 2647 1030 2703 futurus
1051 2649 1269 2718 regibus
1289 2658 1467 2711 terrae,
1485 2659 1541 2704 et
1560 2647 1910 2720 primogeniti
1933 2647 2030 2700 Dei

454 2751 657 2790 nomen
715 2736 1028 2801 habiturus,
1086 2738 1369 2807 Deumque
1420 2754 1545 2794 cum
1579 2737 1776 2793 liducia
1817 2739 2033 2794 Patrem

418 2847 424 2852 ·
451 2836 774 2893 vacaturus,
806 2829 924 2884 hate
951 2846 1170 2898 quoque
1201 2830 1402 2902 adjecit
1435 2848 1448 2883 :
1491 2849 1509 2881 ι
1542 2830 1601 2884 In
1622 2839 1890 2884 aeternum
1923 2845 2038 2884 ser-

452 2919 598 2974 vabo
650 2920 729 2973 illi
788 2920 1230 2975 misericordiam
1282 2937 1478 2985 meam,
1507 2929 1564 2975 et
1591 2925 1607 2942 ⁹
1640 2921 1818 2976 foedus
1851 2937 2036 2976 meum

450 2993 618 3064 ‘ﬁdele
654 3010 760 3066 erit
792 3011 895 3081 ipsi
924 3029 934 3062 :
959 3021 1012 3066 et
1040 3028 1238 3080 ponam
1263 3012 1317 3066 in
1348 3013 1605 3067 saeculum
1637 3013 1821 3068 saculi
1849 3029 2037 3069 semen

456 3101 599 3174 ejus,
625 3113 680 3157 et
703 3103 963 3158 thronum
990 3105 1110 3176 ejus
1131 3105 1274 3160 sicut
1293 3104 1410 3160 dies
1440 3105 1572 3162 caeli
1598 3105 1663 3161 ⁷⁸.
1695 3125 1712 3158 ι

530 3283 739 3338 ERAN.
761 3285 997 3355 Superat
1014 3298 1264 3342 naturam
1285 3289 1578 3345 humanam
1595 3291 1712 3346 haec
1724 3291 2034 3361 promissio.

459 3374 933 3430 lmmortalitatem
972 3379 1118 3431 enim
1172 3388 1229 3434 et
1276 3381 1643 3435 aeternitatem
1689 3381 1876 3444 habet,
1924 3388 2039 3435 tum

459 3465 594 3532 vita,
627 3475 742 3521 tum
769 3468 940 3537 gloria
969 3487 980 3521 :
1009 3469 1258 3524 homines
1295 3487 1427 3525 vero
1456 3473 1635 3542 exigui
1670 3481 1799 3527 sunt
1828 3479 2042 3543 tempo-

462 3557 560 3613 ris.
591 3559 724 3612 Nam
749 3568 803 3613 et
822 3570 1015 3614 natura
1035 3560 1220 3616 brevis
1249 3571 1334 3616 est
1359 3563 1505 3628 vitae,
1533 3573 1588 3618 et
1607 3580 1858 3634 regnum,
1877 3567 2041 3619 etiam

463 3648 523 3704 in
561 3650 696 3714 vita,
755 3651 1090 3721 multiplices
1139 3662 1196 3707 et
1245 3654 1426 3708 varias
1470 3655 1638 3709 habet
1687 3655 2039 3710 mutationes.

461 3739 643 3806 Quare
696 3742 798 3796 soli
838 3742 1061 3798 Christo
1097 3743 1366 3798 Salvatori
1394 3746 1650 3816 congruit
1696 3746 1863 3817 hujus
1913 3762 2044 3817 pro-

464 3831 617 3886 missi
643 3834 982 3903 magnitudo.

535 3922 743 3978 ORTH.
779 3925 947 3995 Perge
978 3925 1162 3994 itaque
1195 3927 1358 3980 etiam
1382 3927 1451 3981 ad
1485 3927 1718 3997 reliqua,
1745 3945 1867 3998 qua:
1903 3930 2046 3985 hanc

467 4015 566 4067 tibi
603 4016 918 4084 opinionem
945 4015 1054 4087 35
1077 4017 1250 4086 magis
1275 4016 1698 4072 conﬁrmabunt.
1729 4019 1872 4074 Dicit
1894 4019 2043 4073 enim

467 4119 662 4160 rursus
699 4107 1081 4162 universorum
1127 4108 1310 4161 Deus:
1349 4127 1366 4158 ‹
1399 4109 1577 4164 Semel
1625 4111 1806 4182 juravi
1855 4123 2046 4167 sancto

465 4212 610 4262 meo,
644 4197 690 4252 si
737 4198 926 4252 Davidi
959 4198 1214 4253 mentiar.
1269 4199 1466 4255 Semen
1515 4202 1635 4271 ejus
1681 4203 1735 4256 in
1779 4213 2046 4260 aeternum

464 4290 730 4354 manebit,
759 4300 815 4344 et
839 4291 1070 4344 thronus
1094 4292 1212 4361 ejus
1241 4291 1382 4346 sicut
1401 4293 1480 4347 sol
1502 4294 1557 4347 in
1581 4304 1875 4364 conspectu
1900 4312 2044 4364 meo,

464 4384 524 4430 et
540 4377 684 4431 sicut
706 4378 835 4431 luna
861 4377 1102 4448 perfecta
1133 4381 1187 4434 in
1217 4389 1501 4437 aeternum.
1536 4402 1554 4434 ι
1586 4383 1653 4437 Et
1675 4392 1738 4438 ut
1757 4385 2048 4441 veritatem

466 4468 852 4537 promissionis
888 4471 1223 4536 ostenderet,
1278 4473 1512 4544 subjecit
1547 4491 1559 4527 :
1589 4476 1633 4526 ἰ
1668 4475 1738 4529 Et
1791 4478 1946 4532 testis
1990 4478 2047 4532 in

467 4556 610 4611 c0310
642 4556 820 4614 ﬁdelis
860 4560 927 4612 ⁷⁸.
960 4579 977 4610 ι

539 4745 748 4800 ERAN.
790 4746 1018 4816 Oportet
1067 4747 1136 4803 iis
1185 4763 1308 4818 quae
1355 4763 1385 4802 a
1423 4747 1568 4803 ﬁdeli
1617 4758 1752 4804 teste
1780 4752 2050 4820 promissa

469 4835 741 4890 suntsine
777 4837 1123 4893 dubitatione
1174 4839 1418 4893 credere.
1461 4839 1595 4895 Nam
1635 4840 1679 4894 si
1732 4841 2052 4898 hominibus

469 4928 563 4996 qui
590 4929 819 4996 polliciti
847 4939 973 4983 sunt
1003 4946 1062 4985 se
1084 4946 1215 4986 vera
1239 4930 1485 4986 dicturos
1522 4947 1664 4996 esse,
1690 4933 1904 4988 etiamsi
1938 4949 2050 4988 non

470 5020 674 5074 addant
721 5021 908 5076 verbis
963 5023 1079 5076 suis
1124 5023 1522 5092 juramentum,
1581 5022 1742 5077 ﬁdem
1789 5026 2052 5082 adhibere

470 5111 734 5176 solemus,
755 5114 879 5181 quis
909 5121 993 5167 est
1018 5114 1157 5167 adeo
1173 5129 1366 5167 vecors
1394 5122 1450 5167 et
1467 5114 1755 5179 attonitus,
1781 5125 1841 5170 ut
1863 5132 2049 5171 rerum

473 5201 719 5255 omnium
752 5202 1038 5256 Conditori
1064 5203 1444 5271 juramentum
1490 5204 1862 5274 interponenti
1887 5207 2048 5262 ﬁdem

471 5307 583 5345 non
609 5293 851 5347 habeat?
883 5293 986 5359 Qui
1010 5294 1157 5346 enim
1189 5295 1328 5349 alios
1346 5297 1533 5365 jurare
1556 5304 1725 5362 vetat,
1751 5309 1810 5353 ut
1833 5300 2050 5355 consilii

473 5382 559 5436 sui
623 5381 1062 5436 immobilitatcm
1118 5383 1454 5449 ostenderet,
1508 5385 1650 5440 sicut
1699 5387 1864 5441 etiam
1915 5388 2052 5442 dicit

475 5471 793 5540 Apostolus,
834 5473 1219 5542 jusjurandum
1250 5475 1611 5545 interposuit,
1639 5490 1658 5528 ι
1682 5478 1752 5534 Ut
1784 5496 1884 5550 per
1915 5481 2053 5536 duas

478 5575 566 5617 res
590 5563 917 5626 immobiles,
941 5564 1143 5632 quibus
1167 5565 1504 5635 impossibile
1521 5579 1605 5625 est
1621 5571 1840 5625 mentiri
1858 5573 2051 5638 Deum,

552 5716 602 5749 "
629 5718 766 5772 Psal.
820 5735 1079 5788 uxxvnl,
1105 5723 1155 5777 5.
1235 5723 1424 5778 7“Ibid.
1448 5724 1632 5780 29-50.

554 5871 665 5942 (51)
706 5872 807 5929 Ιίζιὶ.
856 5876 1013 5933 Rom.
1061 5889 1114 5933 et
1141 5878 1285 5950 Lips.
1325 5880 1451 5933 ἴσθι.

2115 935 2225 974 σου.
2265 937 2283 970 ι
2327 920 2571 990 Ὀρῶμεν
2615 921 2672 972 δὲ
2702 919 2871 973 αὑτοῦ
2910 920 3005 973 καὶ
3045 920 3105 972 τὸ
3128 919 3285 988 γένος
3316 916 3567 990 φροῦδον,
3602 919 3702 972 καὶ

2113 1012 2211 1080 τὴν
2251 1010 2530 1080 βασιλείαν
2576 1011 2891 1081 δεξαμένην
2928 1012 2990 1064 τὸ
3039 1011 3236 1080 πέρας.
3285 1010 3394 1063 Καὶ
3432 1009 3606 1064 ταῦτα
3642 1009 3701 1062 δὲ

2115 1101 2368 1173 ὁρῶντες,
2404 1103 2561 1172 ἴσμεν
2593 1100 2687 1154 τοῦ
2722 1101 2858 1154 Θεοῦ
2888 1101 2996 1154 τῶν
3029 1100 3168 1154 ὅλων
3186 1100 3247 1153 τὸ
3270 1099 3520 1168 ἀψευδές.

2187 1194 2390 1247 EPAN.
2421 1177 2591 1263 Δῆλον
2623 1194 2698 1256 ὼς
2734 1191 2981 1263 ἀψευδὴς
3017 1195 3046 1245 6
3084 1191 3241 1253 Θεός,

2191 1284 2342 1338 ΟΡΘ.
2371 1285 2435 1338 Εἰ
2463 1284 2642 1336 τοίνυν
2672 1282 2879 1353 ἀληθὴς
2903 1285 2930 1336 6
2963 1283 3118 1347 Θεὸς,
3150 1282 3340 1352 ὥσπερ
3360 1276 3451 1335 οὖν
3472 1279 3696 1352 ἀληθὴς,

2122 1376 2387 1445 ὑπέσχετο
2417 1375 2472 1428 δέ
2502 1374 2580 1444 τῷ
2603 1372 2768 1428 Δαόὶδ
2790 1375 2888 1426 καί
2917 1373 2977 1426 τὸ
2998 1374 3155 1442 γένος
3181 1375 3260 1437 εἰς
3284 1373 3375 1426 τὸν
3405 1371 3578 1427 αἰῶνα
3600 1389 3702 1442 φυ-

2122 1466 2324 1530 λάξειν,
2361 1465 2454 1517 καί
2476 1466 2576 1533 τὴν
2625 1464 2906 1534 βασιλείαν
2947 1464 3225 1534 ἀδιάδοχον
3252 1465 3514 1534 τηρήσειν
3535 1504 3549 1528 ,
3578 1460 3705 1514 οὔτε

2122 1555 2266 1607 δὲτὸ
2300 1556 2446 1622 γένος
2472 1553 2710 1625 ὁρῶμεν,
2752 1553 2877 1607 οὔτε
2927 1554 3027 1624 τὴν
3064 1554 3344 1622 βασιλείαν
3372 1569 3385 1584 ⁸
3419 1553 3704 1623 ἀμφότερα

2123 1644 2232 1714 γάρ
2266 1645 2544 1698 ἐπαύσατο
2563 1660 2576 1674 ’
2605 1645 2723 1708 πῶς
2757 1646 3019 1715 πείσομεν
3049 1646 3174 1708 τοὺς
3204 1643 3586 1713 ἀντιλέγοντας
3628 1643 3706 1706 ὼς

2125 1735 2362 1804 ἀψευδὴς
2389 1737 2417 1788 6
2437 1735 2570 1798 Θεός
2594 1755 2608 1802 ;

2200 1826 2402 1878 EPAN.
2469 1829 2613 1898 'Apa
2657 1827 2824 1890 ὅντως
2867 1828 2900 1897 ἠ
2943 1827 3252 1897 προφητεία
3288 1826 3380 1880 τὸν
3430 1825 3708 1896 Δεσπότην

2129 1917 2388 1988 κηρύττει
2427 1919 2693 1991 Χριστόν.

2200 2010 2351 2063 ΟΡΘ.
2396 2010 2551 2064 Ἐπεὶ
2580 2010 2761 2063 τοίνυν
2793 2009 3284 2080 συνωμολόγησας,
3317 2009 3480 2079 δεῦρο
3517 2007 3580 2077 δὴ
3615 2008 3711 2060 καὶ

2130 2099 2205 2154 τά
2231 2102 2373 2170 μέσα
2396 2101 2490 2153 τοῦ
2518 2100 2736 2172 ψαλμοῦ
2759 2104 2911 2172 κοινῇ
2934 2101 3392 2171 διασκοπήσωμεν
3414 2115 3428 2129 ·
3455 2097 3710 2170 εἰσόμεθα

2130 2192 2240 2262 γὰρ
2275 2191 2612 2264 σαφέστερον
2639 2195 2742 2263 τῆς
2781 2191 3118 2262 προφητείας
3147 2192 3237 2244 τὸν
3264 2190 3409 2245 νοῦν.

2203 2285 2406 2339 EPAN.
2443 2284 2609 2354 Ἦγοῦ
2639 2285 2737 2354 τῆς
2768 2284 2998 2356 ἐρεύνης
3017 2300 3031 2315 ⁸
3059 2283 3260 2354 ἕψομαι
3287 2284 3394 2356 γὰρ
3421 2283 3717 2355 ἰχνηλατήσ

2135 2391 2243 2428 σων
2267 2375 2441 2445 κάγώ.

2205 2469 2354 2523 ΟΡΘ.
2378 2467 2554 2522 Πολλὰ
2573 2484 2636 2520 πε
2646 2467 2699 2538 ρί
2719 2467 2874 2521 τοῦδε
2893 2466 2988 2520 τοῦ
3006 2468 3322 2538 σπέρματος
3345 2466 3720 2537 ύποσχόμενος

2133 2561 2163 2613 6
2187 2559 2341 2624 Θεὸς,
2381 2560 2458 2623 ὼς
2486 2558 2581 2612 καὶ
2613 2557 2762 2612 κατά
2784 2557 3056 2612 θάλατταν
3083 2558 3177 2611 καί
3203 2558 3345 2611 κατά
3378 2556 3484 2626 γῆν
3503 2555 3713 2626 κρατή-

2138 2665 2236 2714 σει,
2274 2651 2370 2704 καί
2394 2649 2502 2704 τῶν
2531 2650 2623 2702 ἐπὶ
2650 2649 2756 2719 γῆς
2779 2647 3174 2718 βασιλευόντων
3201 2647 3506 2717 ὑπέρτερος
3535 2646 3710 2707 ἔσται’,

2136 2743 2230 2795 καί
2289 2741 2632 2813 πρωτότοκος
2711 2741 2806 2794 τοῦ
2853 2739 2988 2793 Θεοῦ
3037 2739 3406 2811 κληθήσεται,
3475 2738 3569 2793 καὶ
3619 2738 3712 2792 τὸν

2135 2832 2269 2886 Θεὸν
2314 2833 2412 2886 σὺν
2462 2831 2747 2904 παρρησίᾳ
2808 2832 3028 2886 καλέσει
3088 2832 3345 2902 Πατέρα,
3398 2831 3494 2884 καὶ
3539 2830 3714 2884 ταῦτα

2137 2923 2562 2995 προστέθεικενο
2613 2943 2632 2975 ι
2691 2925 2787 2986 Εἰς
2833 2924 2924 2976 τὸν
2978 2922 3150 2977 αἰῶνα
3208 2923 3431 2994 φυλάξω
3459 2924 3609 2994 αὐτῷ
3651 2923 3714 2975 τὸ

2137 3013 2286 3078 ἐλεός
2331 3031 2431 3085 μου
2471 3014 2566 3067 καὶ
2611 3015 2644 3086 ἡ
2683 3013 2916 3086 διαθήκη
2950 3033 3051 3085 μου
3082 3015 3248 3086 πιστὴ
3277 3015 3461 3086 αὐτῷ⁹
3491 3017 3585 3069 καί
3619 3015 3715 3084 θή-

2141 3122 2305 3177 σομαι
2343 3106 2422 3170 εἰς
2455 3105 2548 3159 τὸν
2581 3104 2758 3159 αἰῶνα
2799 3105 2894 3158 τοῦ
2929 3105 3125 3169 αἰῶνος
3160 3105 3222 3160 τὸ
3266 3107 3488 3178 σπέρμα
3517 3107 3714 3170 αὑτοῦ,

2065 3220 2109 3279 c
2141 3199 2234 3251 καὶ
2261 3197 2351 3250 τὸν
2387 3196 2576 3266 θρόνον
2603 3195 2790 3262 αὐτοῦ,
2818 3196 2894 3262 ὡς
2914 3196 3012 3262 τὰς
3034 3196 3246 3269 ἡμέρας
3279 3197 3372 3251 τοῦ
3401 3198 3650 3269 ούρανοῦ.
3691 3217 3710 3250 ι

2211 3290 2413 3343 EPAN.
2457 3286 2630 3356 ’Υπέρ
2659 3287 2821 3356 φύσιν
2850 3287 3198 3358 ἀνθρωπείαν
3232 3289 3264 3358 ή
3297 3287 3616 3357 ἐπαγγελία.
3640 3288 3715 3342 Τὸ

2141 3378 2447 3450 ἀνώλεθρον
2483 3379 2594 3448 γὰρ
2645 3379 2741 3430 καὶ
2780 3377 3000 3431 αἰώνιον
3031 3378 3144 3448 ἔχει
3177 3378 3272 3432 καὶ
3314 3381 3347 3449 ή
3385 3379 3500 3446 ζωὴ
3536 3379 3631 3432 καὶ
3681 3381 3715 3450 ἡ

2141 3471 2273 3540 τιμή
2295 3489 2308 3501 ·
2343 3471 2392 3524 οἰ
2421 3469 2477 3524 δέ
2512 3470 2788 3541 ἄνθρωποι
2819 3469 3170 3542 πρόσκαιροι.
3213 3471 3288 3523 Ἦ
3315 3489 3373 3522 τε
3421 3471 3530 3543 γὰρ
3557 3469 3722 3540 φύσις

2142 3560 2445 3628 ὀλιγόΰιος,
2495 3562 2591 3614 καὶ
2638 3559 2908 3630 βασιλεία,
2940 3562 3043 3613 κάν
3074 3564 3140 3631 τῇ
3178 3561 3324 3632 ζωῇ,
3365 3561 3565 3624 πολλὰς
3606 3561 3720 3630 ἔχει

2145 3654 2237 3707 καί
2253 3654 2654 3724 ἀγχιστρόφους
2691 3652 3014 3723 μεταὸολάς.
3041 3653 3334 3723 Τοιγάρτοι
3374 3653 3528 3722 μόνῳ
3551 3671 3721 3725 προσ-

2145 3747 2266 3814 ήκει
2310 3744 2389 3814 τῷ
2450 3746 2664 3816 Σωτῆρι
2713 3744 2934 3816 Χριστῷ
2979 3746 3077 3816 τῆς
3123 3745 3457 3813 ἐπαγγελίας
3516 3745 3576 3798 τὸ
3627 3747 3723 3817 μέ·

2145 3839 2324 3906 γεθος.

2217 3929 2369 3984 ΟΡΘ.
2410 3930 2514 3984 Ἴθι
2547 3929 2658 4002 (51)
2689 3929 2978 4001 τοιγαροῦν
3010 3928 3106 3982 καὶ
3143 3928 3278 3999 πρὸς
3306 3927 3374 3981 τὰ
3405 3927 3588 3981 λοιπά.
3627 3928 3724 3979 Βε-

2147 4021 2409 4092 6αιοτέρα
2439 4021 2549 4092 γάρ
2588 4037 2670 4073 σοι
2708 4019 2927 4083 πάντως
2956 4021 2986 4089 ἡ
3011 4021 3140 4092 περί
3170 4019 3359 4072 τούτου
3401 4018 3528 4082 δόξα
3560 4019 3723 4086 γενή-

2150 4129 2322 4168 σεται.
2355 4113 2522 4180 Λέγει
2567 4112 2678 4182 γὰρ
2726 4111 2890 4166 πάλιν
2929 4113 2956 4164 6
2994 4112 3102 4164 τῶν
3129 4111 3265 4164 ὅλων
3288 4110 3420 4174 Θεός
3443 4127 3458 4141 θ
3489 4130 3507 4161 ι
3543 4110 3726 4172 ’Ἃπαξ

2148 4205 2339 4276 ὤμοσα
2375 4207 2432 4258 ἐν
2467 4205 2543 4276 τῷ
2577 4205 2717 4275 άγίῳ
2759 4221 2888 4274 μου,
2920 4204 2969 4256 εἰ
2997 4203 3073 4274 τῷ
3112 4203 3276 4256 Δαὸἰδ
3311 4201 3606 4273 ψεύσομαι.
3651 4201 3726 4254 Τὸ

2151 4297 2374 4369 σπέρμα
2406 4295 2570 4350 αὐτοῦ
2611 4297 2692 4359 εἰς
2741 4295 2832 4348 τὸν
2888 4294 3060 4348 αἰῶνα
3114 4296 3294 4365 μενεῖ,
3339 4293 3436 4346 καὶ
3470 4295 3498 4346 6
3538 4292 3727 4363 θρόνος

2149 4390 2315 4444 αὑτοῦ
2363 4391 2438 4454 ὡς
2487 4391 2515 4442 6
2543 4389 2696 4460 ἥλιος
2736 4386 2980 4441 ἐναντίον
3018 4405 3157 4457 μου,
3196 4388 3290 4440 καὶ
3331 4386 3407 4451 ὡς
3448 4388 3483 4458 ἡ
3527 4386 3725 4457 σελήνη

2151 4481 2564 4554 κατηρτισμένη
2604 4483 2684 4544 εἰς
2720 4479 2810 4533 τὸν
2849 4478 3040 4532 αἰῶνα.
3092 4497 3111 4530 ι
3156 4479 3264 4532 Καὶ
3306 4478 3368 4530 τὸ
3397 4477 3596 4548 ἀληθὲς
3627 4477 3729 4546 τῆς

2083 4549 2126 4605 D
2151 4549 2484 4638 ἐπαγγελίας
2509 4549 2722 4634 δεικνὺς
2757 4570 3006 4640 ἐπήγαγε
3027 4585 3039 4599 ·
3078 4588 3096 4621 ι
3127 4565 3236 4623 Καὶ
3261 4571 3290 4622 6
3329 4570 3538 4641 μάρτυς
3563 4571 3620 4624 ἐν
3639 4570 3731 4622 οὐ·

2158 4661 2302 4732 ρανῷ
2335 4662 2544 4724 πιστός.
2581 4681 2599 4713 ι

2228 4753 2430 4806 EPAN.
2486 4753 2609 4823 Χρὴ
2665 4753 2779 4815 τοῖς
2841 4753 2995 4825 παρὰ
3037 4755 3132 4808 τοῦ
3189 4755 3382 4808 πιστοῦ
3451 4755 3731 4826 μάρτυρος

2152 4844 2584 4916 ἐπηγγελμένοις
2628 4845 3018 4910 ἀνενδοιάστως
3065 4848 3363 4901 πιστεύειν.
3399 4849 3461 4901 Εἰ
3499 4847 3609 4918 γὰρ
3636 4849 3732 4900 ἀν-

2155 4935 2408 5008 θρώποις
2426 4937 2709 5008 ἀληθεύειν
2733 4939 3186 5018 ἐπηγγελμένας,
3213 4939 3315 4992 κᾶν
3335 4941 3410 5011 μὴ
3440 4939 3732 5010 βεϐαιῶσιν

2153 5027 2301 5098 ὅρκῳ
2341 5027 2469 5091 τοὺς
2507 5027 2702 5096 λόγους
2725 5070 2740 5094 ,
2789 5030 3068 5082 πιστεύειν
3103 5029 3399 5099 εἰώθαμεν,
3445 5030 3528 5094 τίς
3558 5029 3733 5094 οὕτως

2155 5117 2542 5190 ἐμϐρόντητος,
2571 5119 2646 5182 ὡς
2691 5120 2990 5190 ἀπιστῆσαι
3028 5120 3106 5190 τῷ
3133 5122 3335 5192 Ποιητῇ
3365 5121 3458 5174 τοῦ
3496 5119 3695 5184 παντὸς
3713 5160 3729 5185 ,

2154 5207 2316 5278 ὅρκον
2370 5207 2666 5262 ἐπιτιθέντι
2710 5212 2824 5270 τοῖς
2873 5209 3090 5276 λόγοις;
3137 5210 3196 5263 '0
3230 5210 3341 5280 γὰρ
3395 5211 3511 5272 τοῖς
3552 5210 3732 5273 ἄλλοις

2155 5299 2516 5371 ἀπαγορεύων
2569 5297 2836 5370 ὀμνύναι,
2897 5300 2958 5354 τό
3000 5299 3339 5371 ἀμετάθετον
3381 5303 3478 5371 τῆς
3535 5299 3732 5371 βουλῆς

2157 5393 2358 5458 αὑτοῦ,
2400 5392 2545 5447 καθά
2591 5409 2724 5461 φησι
2771 5393 2865 5445 καί⁹
2908 5395 2936 5445 ὁ
2990 5391 3334 5456 Ἀπόστολος,
3380 5391 3732 5461 ἐμεσίτευσεν

2158 5483 2340 5554 ὅρκῳ,
2371 5481 2404 5535 ἰ
2466 5483 2582 5536 Ἵνα
2623 5477 2713 5536 διὰ
2746 5483 2840 5536 δύο
2888 5483 3230 5554 πραγμάτων
3271 5481 3626 5553 ἀμεταθέτων
3675 5481 3736 5533 ἐν

2159 5568 2240 5636 οἷς
2286 5573 2544 5629 ἀδύνατον
2587 5571 2892 5642 ψεύσασθαι
2918 5573 3083 5643 Θεὸνι,
3131 5573 3357 5644 ἰσχυρὰν
3389 5570 3736 5643 παράκλησιν

1724 5725 1770 5757 ⁷⁸
1800 5725 1935 5781 Ibid.
1973 5727 2166 5783 56—58.
