4090 6462
364 316 445 378 £5
1443 308 1823 372 DIALOGUS
1860 303 1914 373 Ῑ,
1951 327 2020 344 ’-
2057 303 2588 366 IMMUTABILIS.
3584 303 3658 368 66

328 408 593 492 ’ἰχωμιν
620 418 671 473 οἱ
700 415 1115 488 καταφυγόντες
1148 414 1424 489 κρατῆσαι
1458 415 1559 487 τῆς
1599 412 1970 486 προκειμένης

2083 410 2308 465 validam
2336 410 2772 466 consolationem
2809 409 3133 477 habeamus,
3170 411 3266 483 qui
3304 411 3658 486 confugimus

364 508 616 571 ἑλπίδος.
655 526 677 560 ι

440 598 600 653 υΡΘ.
621 596 688 650 Et
708 595 893 650 τοίνυν
907 594 1335 666 ἀναμφιλέκτως
1357 590 1565 664 ἀληθὴς
1593 594 1629 664 ἡ
1653 591 1968 662 ὑπόσχεσις,

359 690 473 763 οὐχ
497 674 726 760 ὁρῶμεν
747 687 809 741 δὲ
848 691 1003 760 παρὰ
1039 685 1346 749 Ἰουδαίοις,
1381 684 1505 738 οὕτε
1540 683 1600 737 τὸ
1625 683 1784 752 γένος
1809 722 1824 746 ,
1846 679 1971 734 οὔτε

363 780 472 853 τὴν
513 778 807 850 βασιλείαν
850 778 944 832 τοῦ
998 781 1283 849 προφήτου
1329 775 1533 841 Δαόὶδ,
1586 773 1970 853 πιστεύσωμεν

360 870 649 944 ἀριὸήλως
668 870 764 923 τὸν
787 871 999 942 Κύριον
1037 870 1199 940 ἡμῶν
1243 868 1453 939 Ἰησοῦν
1476 865 1712 938 Χριστὸν
1746 867 1971 934 σπέρμα

362 963 464 1016 τοῦ
495 961 669 1015 Δασὶδ
696 960 843 1015 κατὰ
879 963 944 1015 τὸ
985 960 1329 1032 ἀνθρώπινον
1370 958 1756 1030 ὀνομάζεσθαι.
1799 957 1972 1020 Αὐτὸς

365 1054 483 1126 γὰρ
515 1054 640 1124 ἔχει
667 1056 766 1107 καὶ
792 1053 893 1125 τὴν
918 1052 1067 1141 ζωὴν
1096 1053 1195 1107 καὶ
1219 1053 1317 1124 τὴν
1342 1050 1629 1141 βασιλείαν
1656 1048 1897 1103 αίώνιον.

440 1150 662 1204 ΕΡΔΝ.
716 1149 835 1202 οὐκ
874 1140 1248 1218 ἐνδοιάζομεν,
1299 1145 1415 1200 ἀλλ’
1448 1140 1592 1199 οὕτω
1629 1142 1784 1197 ταῦτ’
1825 1141 1970 1213 ἐχειν

360 1241 643 1315 ὁμολογοῦ
650 1260 777 1313 μαι.
1920 1222 1935 1309 ἰ

439 1336 595 1389 υΡΘ.
644 1333 893 1407 ’Δπόχρη
939 1334 1039 1404 μὲν
1074 1331 1167 1387 οὖν
1215 1333 1312 1386 καὶ
1360 1330 1538 1384 ταῦτα
1575 1329 1747 1393 δεῖξαι
1784 1327 1973 1398 σαφῶς

365 1426 467 1480 τοῦ
491 1426 630 1480 Θεοῦ
662 1426 761 1480 καὶ
787 1426 1045 1495 Σωτῆρος
1077 1423 1258 1496 ἡμῶν,
1289 1423 1359 1494 ἥν
1391 1422 1685 1493 ἀνείληφεν
1711 1423 1777 1474 ἐκ
1806 1419 1975 1490 σπέρ-

368 1535 547 1589 ματος
610 1517 819 1580 Δαὸὶδ,
855 1515 1278 1588 ἁνθρωπότητα.
1327 1513 1444 1567 Ἴνα
1472 1510 1531 1565 δέ
1556 1514 1621 1583 τῇ
1657 1511 1767 1564 τῶν
1794 1508 1974 1564 πλειό-

366 1628 478 1664 νων
511 1609 799 1681 μαρτυρίᾳ
828 1609 1011 1661 πᾶσαν
1034 1607 1304 1678 διχόνοταν
1326 1605 1700 1674 ἐξελάσωμεν,
1722 1601 1973 1657 ἀκούσω-

366 1718 478 1773 μεν
522 1701 620 1754 τοῦ
664 1699 808 1753 Θεοῦ
858 1699 949 1753 διὰ
984 1698 1087 1770 τῆς
1119 1696 1212 1751 τοῦ
1275 1697 1512 1751 Ἡσαΐου
1545 1694 1641 1748 τοῦ
1691 1694 1973 1766 προφήτου

2070 502 2137 557 ad
2169 503 2458 557 tenendam
2483 502 2820 573 propositam
2848 519 3002 574 spem
3031 505 3101 558 ⁷⁷.
3135 523 3154 556 ι

2141 592 2353 647 ORTH.
2409 594 2465 649 Si
2519 609 2650 672 ergo
2681 595 2800 651 sine
2830 595 3207 652 controversia
3248 613 3380 653 vera
3408 607 3494 653 est
3521 613 3657 669 pro-

2072 686 2281 751 missio,
2329 693 2385 741 et
2433 688 2580 767 apud
2625 682 2846 743 Iudaeos
2893 704 2998 744 nec
3042 704 3237 759 genus,
3290 705 3396 745 nec
3425 705 3657 762 regnum

2071 777 2292 832 Davidis
2325 779 2609 849 prophetae
2641 780 2942 844 cernimus,
2975 782 3268 836 credamus
3293 781 3441 837 haud
3466 782 3657 844 dubie.

2072 869 2365 926 Dominum
2392 882 2641 928 nostrum
2677 873 2863 929 Iesum
2891 873 3171 929 Christum
3208 890 3395 929 semen
3434 874 3662 928 Davidis

2072 962 2380 1017 secundum
2410 963 2708 1018 humanam
2744 973 3000 1019 naturam
3040 966 3326 1035 appellari.
3358 967 3479 1037 Ipse
3508 967 3660 1021 enim

2073 1059 2130 1105 et
2149 1051 2318 1105 vitam
2349 1060 2407 1108 et
2436 1069 2667 1125 regnum
2698 1054 2868 1110 habet
2885 1064 3173 1111 aeternum.

2146 1143 2355 1199 ERAN.
2383 1144 2504 1201 Non
2529 1144 2869 1212 dubitamus,
2920 1147 3016 1203 sed
3064 1148 3182 1203 haec
3228 1148 3304 1203 ita
3348 1163 3408 1204 se
3452 1148 3659 1205 habere

2072 1233 2360 1290 conﬁteor.
3590 1263 3597 1268 -

2144 1311 2354 1382 OltTII.
2375 1328 2731 1385 Suiliciebant
2755 1330 2925 1402 igitur
2951 1331 3068 1387 haec
3092 1331 3313 1402 quidem
3344 1330 3413 1385 ad
3435 1330 3664 1386 demon-

2074 1420 2353 1474 strandam
2376 1422 2473 1477 Dei
2501 1430 2560 1476 ct
2580 1421 2881 1479 Salvatoris
2906 1424 3101 1489 nostri,
3134 1440 3301 1495 quam
3343 1440 3411 1479 ex
3452 1424 3664 1480 semine

2074 1511 2296 1566 Davidis
2317 1514 2636 1584 assumpsit,
2667 1503 3089 1571 humanitatem.
3114 1516 3323 1572 Tamen
3342 1524 3401 1571 ut
3419 1516 3665 1587 plurium

2075 1603 2393 1659 testimonio
2436 1622 2656 1672 omnem
2706 1606 3107 1663 dubitationem
3163 1609 3440 1674 tollamus,
3491 1609 3666 1663 Deum

2075 1692 2385 1759 audiamus,
2439 1694 2570 1757 dum
2620 1695 2728 1766 35
2773 1697 2926 1754 Isaiae
2966 1698 3254 1769 praphetae
3282 1714 3417 1754 voce
3448 1700 3464 1718 ‘
3493 1697 3669 1753 factas

368 1762 566 1864 φωνῆς
589 1791 696 1846 τῶν
737 1792 878 1863 πρὸς
900 1792 995 1846 τὸν
1024 1762 1191 1844 Ᾰαὸὶδ
1215 1789 1566 1860 ὑποσχέσεων
1604 1805 1709 1859 μνη
1718 1762 1975 1858 μονεύον-

2083 1783 2273 1839 Davidi
2300 1786 2732 1856 pollicitationes
2757 1799 3170 1845 commemorat.
3201 1810 3220 1843 ι
3248 1791 3461 1847 Feriam
3494 1790 3665 1855 enim,

376 1903 492 1949 τος.
530 1904 550 1936 ι
576 1884 834 1955 Διαθήσω
853 1884 985 1955 γὰρ,
1015 1884 1206 1954 φησὶν,
1231 1881 1363 1953 ὑμῖν
1384 1879 1649 1952 διαθήκην
1673 1878 1910 1933 αίώνιον.
1951 1896 1971 1930 ι

377 1977 489 2031 Καὶ
515 1976 732 2039 δεικνὺς
755 1976 850 2028 τὸν
876 1974 1176 2045 νομοθέτην
1202 1975 1451 2043 ἐπήγαγε
1478 1986 1492 2002 ⁶
1529 1992 1547 2023 ι
1597 1958 1697 2023 Τὰ’
1715 1970 1838 2023 ὅσια
1870 1970 1978 2021 Δα-

366 2068 466 2122 σιδ
507 2068 577 2121 τὰ
616 2067 810 2122 πιστά.
853 2085 874 2118 ι
947 2065 1173 2136 Ἐπειδὴ
1203 2064 1311 2135 γὰρ
1342 2061 1518 2116 ταῦτα
1552 2061 1631 2133 τῷ
1670 2061 1835 2115 Δαὸὶδ
1870 2062 1978 2114 ὐπ-

367 2158 588 2227 ἐσχετο,
616 2159 716 2211 καὶ
749 2156 841 2210 διὰ
863 2155 963 2210 τοῦ
1003 2155 1230 2209 Ἠσαίου
1254 2152 1556 2225 ἐφθέγξατο
1575 2196 1590 2221 ,
1622 2153 1720 2207 καὶ
1755 2154 1982 2226 περανεϊ

368 2249 474 2321 τὴν
511 2250 831 2321 ὑπόσχεσιν.
865 2251 976 2303 Καὶ
1000 2248 1071 2302 τὰ
1104 2248 1234 2318 ἑξῆς
1269 2246 1328 2300 δέ
1356 2247 1456 2316 τῆς
1488 2239 1831 2317 προφητείας
1852 2243 1978 2297 τού·

366 2357 487 2405 τοῖς
521 2341 648 2393 ἐστὶ⁵
680 2340 916 2413 συνῳδὰ.
954 2340 1122 2409 Λέγει
1158 2339 1303 2411 γάρ·
1343 2357 1362 2390 ι
1419 2337 1552 2391 Ἰδοὺ
1583 2336 1890 2409 μαρτύριον
1920 2336 1979 2389 ἐν

369 2430 559 2484 ἔθνεσι
598 2431 815 2485 δέδωκα
849 2431 1038 2491 αὐτὸν,
1074 2430 1317 2500 ἄρχοντα
1346 2428 1442 2482 καὶ
1473 2428 1887 2498 προστάσσοντα
1921 2428 1979 2479 ἐν

367 2524 612 2578 ἔθνεσιν.
650 2523 786 2577 Ἰδοὺ
830 2522 962 2593 ἐθνη
985 2521 1023 2576 ἃ
1059 2522 1163 2575 οὐκ
1213 2521 1391 2575 omni
1437 2537 1497 2573 σε
1557 2518 1980 2574 ἐπικαλέσονταί

369 2633 457 2684 σε,
493 2618 593 2671 καὶ
622 2616 749 2669 λαοὶ
790 2614 841 2668 οἳ
873 2616 977 2668 οὐκ
1009 2613 1334 2667 ἐπίστανταί
1380 2629 1442 2667 σε
1485 2613 1579 2665 ἐπὶ
1613 2611 1674 2666 σὲ
1704 2610 1982 2683 καταφεύ-

369 2708 587 2774 ξονται.
631 2727 653 2761 ι
692 2706 883 2761 Ταῦτα
927 2705 987 2760 δὲ
1029 2706 1209 2760 οὐδενὶ
1248 2705 1359 2759 τῶν
1391 2707 1455 2759 ἐκ
1483 2704 1652 2759 Δαϐἰδ
1686 2705 1976 2777 ἁρμόττει.

367 2799 472 2863 Τίς
505 2797 622 2870 γὰρ
661 2796 773 2852 τῶν
817 2799 883 2851 ἐκ
937 2794 1125 2860 Δασὶδ,
1164 2794 1307 2848 κατὰ
1343 2793 1435 2847 τὸν
1494 2792 1751 2858 Ἡσαΐαν,
1790 2791 1978 2861 ἄρχων

369 2889 557 2944 ἐθνῶν
602 2887 893 2959 ἀνεδείχθη
921 2904 938 2953 ;
980 2888 1118 2940 Ποῖα
1150 2884 1208 2939 δέ
1247 2884 1378 2956 ἔθνη
1408 2883 1532 2938 τινὰ
1562 2883 1672 2936 τῶν
1716 2883 1779 2936 ἐκ
1813 2882 1981 2936 Δαὸὶδ

370 2978 466 3038 οἷα
494 2982 567 3054 δὴ
595 2980 735 3035 Θεὸν
763 2978 1173 3033 ἐπεκαλέσαντο
1202 2975 1627 3048 προσευχόμενα
1652 2991 1669 3042 ;

445 3072 661 3127 ΕΡΔΝ.
717 3071 857 3142 Περὶ
904 3069 1018 3123 τῶν
1070 3067 1322 3139 ἐναργῶν
1379 3066 1443 3119 οὐ
1496 3066 1767 3136 προσήκει
1801 3062 1979 3135 μηκύ-

373 3164 493 3221 νειν
516 3180 532 3194 ·
572 3163 671 3217 καὶ
701 3161 879 3216 ταῦτα
908 3161 1021 3232 γὰρ
1055 3157 1273 3230 ἀληθῶς
1304 3156 1384 3229 τῷ
1432 3158 1684 3230 Δεσπότῃ
1730 3155 1978 3228 προσῆκε

373 3257 629 3331 Χριστῷ.

448 3353 612 3407 ΟΡΘ.
655 3347 870 3405 Οὐκοῦν
899 3349 980 3412 είς
1016 3346 1212 3419 ἑτέραν
1262 3342 1593 3417 μεταϐῶμεν
1631 3340 1983 3414 προφητικὴν

376 3445 729 3519 μαρτυρίαν,
774 3443 871 3497 καὶ
904 3440 1002 3494 τοῦ
1037 3436 1208 3494 αὐτοῦ
1236 3436 1522 3510 προφήτου
1573 3435 1832 3505 λὲγοντος
1880 3434 1983 3486 ἐπ-

376 3536 749 3609 axadwpsw
808 3553 827 3587 ι
904 3530 1280 3599 Ἐξελεύσεται
1331 3527 1531 3600 ῥάϐδος
1583 3528 1648 3580 ἐκ
1691 3526 1791 3599 τῆς
1824 3523 1985 3598 ῥίζης

390 3630 604 3685 Ἰεσσαὶ
634 3629 774 3700 (32),
808 3625 906 3681 καὶ
934 3623 1097 3689 ἄνθος
1125 3623 1191 3675 ἐκ
1223 3620 1323 3692 τῆς
1355 3620 1515 3691 ῥίζης
1552 3616 1916 3690 ἀναδήσεται.
1960 3633 1980 3669 ι

452 3720 667 3775 EPAN.
692 3717 912 3789 Ταύτην
932 3712 1087 3787 οἶμαι
1109 3714 1208 3785 τὴν
1240 3710 1583 3784 προφητείαν
1601 3708 1733 3781 περὶ
1761 3706 1858 3761 τοῦ
1888 3707 1986 3760 Ζο-

374 3811 628 3886 ροϐάϐελ
660 3806 1022 3880 γεγενῆσθαι.

454 3907 616 3964 0P8.
657 3907 787 3959 Ἐὰν
811 3902 925 3975 (53)
956 3900 1183 3957 καὶτῶν
1217 3899 1346 3970 ἐξῆς
1373 3896 1714 3968 ἐπακούσῃς,
1745 3894 1848 3948 οὐκ
1884 3893 1986 3964 ἐμ-

377 4004 578 4075 μενεῖς
611 3994 711 4052 σου
750 4000 818 4068 τῇ
852 3995 1002 4067 δόξῃ.
1036 3993 1195 4049 Οὕτω
1237 3994 1347 4064 γὰρ
1379 3989 1505 4045 οὔτε
1551 3990 1795 4043 Ἰουδαῖοι
1824 3984 1985 4058 τήνδε

379 4094 487 4164 τὴν
510 4091 830 4163 πρόρρησιν
854 4088 1197 4156 νενοήκασιν.
1216 4085 1444 4152 Ἐπάγει
1468 4084 1579 4154 γὰρ
1606 4083 1634 4134 ὁ
1662 4080 1951 4152 προφήτης
1969 4093 1985 4109 ο

384 4203 408 4236 ι
449 4184 569 4238 Καὶ
632 4178 1090 4235 ἐπαναπαύσεται
1156 4177 1244 4229 ἐπ’
1298 4175 1466 4229 αὐτὸν
1518 4172 1746 4244 Πνεῦμα
1808 4169 1988 4237 Θεοῦ,

384 4273 625 4345 πνεῦμα
656 4270 856 4340 σοφίας
893 4270 993 4323 καὶ
1055 4268 1347 4330 συνέσεως,
1392 4264 1615 4337 πνεῦμα
1645 4263 1841 4335 βουλῆς
1895 4262 1991 4316 καὶ

389 4366 609 4438 ἰσχύος,
657 4361 879 4432 πνεῦμα
933 4359 1192 4429 γνώσεως
1246 4358 1341 4411 καὶ
1391 4355 1709 4419 εὐσεϐείας,
1767 4351 1990 4424 πνεῦμα

2079 1875 2297 1946 inquit,
2352 1879 2639 1934 vobiscum
2694 1888 2918 1951 pactum
2977 1884 3380 1952 sempiternum
3421 1880 3487 1938 ⁷⁸.
3529 1901 3548 1935 ι
3598 1882 3670 1937 Et

2078 1970 2379 2025 ostendens
2408 1972 2800 2043 legislatorem,
2818 1973 2992 2039 addit,
3021 1995 3039 2024 ι
3058 1973 3256 2030 Sancta
3285 1975 3508 2031 Davidis
3528 1977 3668 2034 fide-

2079 2058 2152 2113 lia
2171 2060 2257 2114 η’.
2280 2079 2299 2112 ι
2328 2060 2466 2127 Quia
2494 2069 2610 2119 haec
2635 2063 2829 2118 Davidi
2855 2064 3130 2133 promisit,
3154 2073 3211 2119 et
3239 2081 3338 2136 per
3364 2066 3559 2122 Isaiam
3581 2069 3667 2123 Io-

2080 2158 2242 2206 cutus
2261 2159 2365 2217 est,
2392 2155 2816 2224 promissionem
2843 2156 3023 2225 reipsa
3050 2155 3317 2227 perﬁciet.
3337 2157 3444 2214 Sed
3474 2168 3532 2215 et
3546 2172 3670 2230 quae

2080 2241 2345 2317 deinceps
2389 2247 2445 2301 in
2490 2248 2784 2319 prophetia
2834 2257 3147 2319 sequuntur
3197 2250 3285 2306 his
3331 2263 3667 2323 congruunt.

2079 2337 2225 2392 Dicit
2255 2339 2403 2393 enim
2430 2357 2444 2394 :
2484 2360 2501 2391 ι
2529 2340 2671 2397 Ecce
2698 2342 3077 2397 testimonium
3106 2343 3251 2399 inter
3275 2346 3510 2415 populos
3533 2361 3670 2400 con-

2080 2429 2236 2485 stitui
2273 2447 2424 2497 eum,
2460 2433 2660 2489 ducem
2700 2450 2765 2491 ac
2799 2445 3197 2506 praeceptorem
3221 2437 3500 2507 gentibus.
3529 2437 3673 2493 Ecce

2079 2531 2271 2594 gentes
2293 2540 2416 2593 qua
2448 2540 2561 2580 non
2589 2510 2868 2581 noverunt
2899 2534 2950 2581 te
2980 2526 3321 2581 invocabunt
3349 2533 3402 2582 te
3425 2566 3441 2591 ,
3488 2536 3546 2582 et
3573 2542 3674 2597 po-

2080 2614 2196 2682 puli
2227 2613 2321 2684 qui
2349 2623 2401 2668 te
2434 2608 2693 2670 nesciunt
2726 2614 2794 2669 ad
2823 2622 2877 2669 te
2915 2614 3236 2686 confugient
3259 2617 3327 2669 “¹⁹.
3361 2635 3378 2668 ι
3417 2615 3543 2671 Haec
3569 2632 3673 2671 au-

2083 2709 2191 2758 tem
2223 2702 2359 2759 nulli
2380 2720 2448 2759 ex
2477 2694 2716 2775 poSteris
2737 2705 2962 2762 Davidis
2981 2707 3339 2762 conveniunt.
3364 2705 3499 2773 Quis
3523 2708 3673 2762 enim

2081 2810 2147 2850 ex
2184 2797 2438 2867 prosapia
2475 2797 2700 2854 Davidis
2728 2797 2840 2853 dux
2862 2797 3132 2871 gentium,
3166 2807 3229 2853 ut
3255 2798 3450 2854 scribit
3482 2799 3672 2864 Isaias,

2083 2886 2420 2941 constitutus
2440 2896 2526 2942 est
2550 2887 2573 2941 ?
2606 2904 2728 2958 quae
2747 2903 2917 2959 porro
2939 2897 3132 2960 gentes
3152 2889 3392 2958 aliquem
3416 2905 3447 2944 a
3467 2888 3675 2947 David.

2081 2978 2383 3033 oriundum
2412 2978 2625 3033 orando
2659 2986 2921 3050 tanquam
2951 2979 3124 3034 Deum
3164 2978 3537 3036 invocarunt?

2154 3070 2362 3126 ΕῐὶΔΝ.
2394 3071 2474 3127 De
2505 3071 2676 3127 rebus
2709 3070 3017 3127 manifestis
3037 3087 3148 3127 non
3180 3080 3266 3128 est
3287 3072 3541 3143 pluribus
3565 3071 3679 3128 dis-

2082 3163 2410 3231 serendum;
2474 3163 2592 3219 haec
2640 3162 2791 3219 enim
2838 3163 3127 3220 verissime
3172 3163 3393 3221 Christo
3445 3165 3678 3222 Domino

2083 3263 2413 3326 congruunt.

2155 3347 2367 3403 ORTH.
2411 3347 2494 3404 Ad
2537 3347 2686 3404 aliud
2716 3363 2850 3420 ergo
2881 3350 3268 3421 propheticum
3298 3347 3678 3405 testimonium

2086 3447 2457 3504 transeamus,
2486 3440 2858 3510 eumdemque
2898 3441 3227 3511 prophetam
3258 3440 3538 3495 dicentem
3572 3438 3679 3494 au-l

2088 3528 2306 3585 diamns
2340 3547 2353 3583 :
2399 3548 2417 3580 ι
2451 3528 2962 3601 Εετεᾱὶειιιιονίτεο
2994 3543 3025 3584 e
3072 3528 3258 3583 radice
3288 3528 3443 3584 Iesse
3492 3534 3549 3581 et
3579 3525 3683 3582 ﬂos

2087 3635 2119 3674 e
2147 3619 2331 3675 radice
2354 3620 2646 3690 proveniet
2666 3618 2734 3673 ⁸ο.
2777 3638 2797 3671 ι

2160 3711 2371 3766 ERAN.
2406 3711 2558 3766 Hanc
2585 3726 2687 3782 ego
2720 3710 3070 3781 prophetiam
3100 3709 3170 3765 de
3199 3701 3536 3765 Zorobahele
3558 3705 3683 3762 edi-

2090 3809 2201 3856 tam
2230 3818 2352 3858 esse
2386 3802 2649 3857 arbitror.

2162 3894 2374 3951 ORTII.
2423 3895 2480 3951 Si
2528 3895 2695 3951 etiam
2738 3894 3027 3964 sequentia
3072 3893 3375 3958 audiveris,
3409 3906 3521 3949 non
3553 3906 3684 3961 per-

2091 3978 2343 4042 manebis
2377 3986 2433 4041 in
2469 3996 2561 4042 tua
2597 3986 2880 4059 opinione.
2923 3986 3017 4042 Sic
3056 3985 3205 4040 enim
3233 4000 3337 4041 nec
3375 3984 3479 4055 ipsi
3508 3981 3683 4039 Iudaei

2090 4080 2237 4136 hanc
2284 4080 2702 4151 praedictionem
2755 4080 3100 4137 intellexere.
3160 4078 3329 4134 Addit
3369 4077 3519 4133 enim
3557 4086 3693 4146 pro-4

2092 4160 2259 4243 pheta
2289 4190 2303 4226 :
2337 4192 2354 4223 ι
2391 4173 2462 4227 Ει
2482 4173 2795 4242 requiescet
2813 4187 2983 4241 super
3004 4185 3132 4224 eum
3164 4169 3408 4239 Spiritus
3441 4167 3682 4230 Domini,

2093 4263 2324 4334 spiritus
2372 4263 2656 4333 sapientiae
2691 4271 2747 4316 et
2792 4261 3128 4324 intellectus,
3189 4260 3415 4329 Spiritus
3464 4256 3686 4313 cbnsilii

2092 4364 2149 4411 et
2200 4355 2568 4419 fortitudinis,
2611 4354 2843 4425 spiritus
2897 4351 3144 4408 scientia:
3200 4359 3256 4406 et
3293 4351 3404 4423 36
3440 4351 3684 4421 pietatis,

386 4456 566 4526 φύσου
595 4453 737 4506 Θεοῦ
766 4450 1042 4524 ἐμπλήσει
1089 4448 1271 4502 αὐτόν.
1311 4465 1331 4499 ι
1365 4446 1550 4501 Ταῦτα
1587 4447 1641 4501 δέ
1666 4446 1773 4521 οὐδε
1807 4445 1874 4500 ἄν
1906 4461 1981 4508 τις

2095 4454 2153 4502 et
2205 4445 2442 4516 replebit
2489 4460 2619 4500 eum
2649 4444 2882 4515 spiritus
2908 4442 3125 4498 timoris
3153 4442 3370 4497 Domini
3405 4444 3470 4496 ".
3505 4461 3524 4493 ι
3561 4441 3689 4497 Haec

383 4546 677 4618 ἀνθρώπῳ
724 4542 867 4615 ψιλῷ
908 4532 1345 4613 προσαρμόσειε·
1388 4539 1484 4593 καὶ
1522 4538 1633 4609 γὰρ
1679 4538 1794 4601 τοῖς
1852 4536 1993 4606 ἄγαν

387 4639 575 4707 ἁγίοις
630 4637 775 4690 κατὰ
823 4634 1090 4705 διαίρεσιν
1143 4632 1344 4686 δίδοται
1399 4631 1496 4684 τοῦ
1544 4629 1864 4700 [ινεύματος
1927 4627 1995 4682 τὰ

386 4731 744 4801 χαρίσματα.
767 4725 880 4779 Καὶ
922 4724 1136 4797 μάρτυς
1164 4727 1193 4777 ὁ
1224 4722 1368 4784 θεῖος
1413 4721 1739 4784 Ἀπόστολος
1772 4720 1949 4789 λέγων
1975 4734 1989 4748 °

396 4839 419 4872 ι
457 4814 534 4889 ’ῼ
566 4817 672 4889 μὲν
707 4816 820 4885 γὰρ
856 4814 1061 4868 δίδοται
1091 4811 1181 4866 διὰ
1229 4811 1323 4865 τοῦ
1358 4811 1681 4879 Πνειὶματος
1714 4810 1873 4879 λόγος
1907 4825 1996 4862 σου

391 4914 553 4985 φίας,
575 4911 729 4982 ἄλλῳ
744 4909 802 4962 δέ
829 4908 986 4985 λόγος
1013 4905 1267 4976 γνώσεως
1287 4905 1429 4960 κατὰ
1450 4904 1510 4958 τὸ
1538 4904 1673 4958 αὐτὸ
1693 4902 1942 4974 Πνεῦμα,
1965 4921 1984 4954 ›

388 5006 493 5061 καὶ
522 5006 598 5058 τὰ
627 5002 778 5073 ἑξῆς.
820 4999 1090 5055 Ἐνταῦθα
1123 4998 1181 5052 δέ
1220 5001 1251 5053 ό
1297 4998 1590 5068 προφήτης
1617 4997 1709 5049 τὸν
1744 4997 1808 5049 ἐκ
1834 4995 1994 5066 ῥίζης

401 5095 619 5152 Ἰεσσαὶ
662 5093 1054 5165 βλαστήσαντα
1091 5091 1271 5154 πάσας
1303 5090 1530 5159 εἴρηκεν
1568 5086 1717 5160 ἔχειν
1762 5087 1862 5151 τὰς
1908 5088 1997 5140 ὲν-

388 5189 627 5262 εργείας
647 5184 745 5239 τοῦ
768 5182 908 5239 ιινεύ
916 5199 1111 5254 ματος.

466 5275 676 5333 EPAN.
721 5274 947 5339 Τούτοις
973 5270 1293 5328 ἀντιτείνειν
1327 5271 1493 5345 μανία
1524 5272 1720 5343 σαφής.

466 5326 1167 5425 dicacem:
1202 5367 1298 5421 καὶ
1327 5326 1471 5421 πῶν
1509 5326 1836 5437 ἐξῆςΐδψει
1887 5360 1998 5434 γὰρ
2042 5326 2047 5331 Ι

2089 4554 2225 4595 vero
2271 4552 2437 4593 nemo
2468 4553 2710 4607 unquam
2762 4536 2914 4592 nudo
2955 4536 3163 4592 homini
3211 4536 3473 4591 tribuerit
3509 4553 3524 4590 :
3559 4549 3687 4590 nam

2089 4633 2259 4689 etiam
2295 4632 2458 4686 valde
2512 4630 2719 4686 sanctis
2771 4645 2869 4701 per
2923 4629 3256 4685 divisionem
3295 4627 3499 4682 dantur
3542 4626 3688 4683 dona

2093 4725 2354 4797 Spiritus,
2413 4731 2474 4779 ut
2532 4731 2769 4779 testatur
2821 4721 3046 4777 divinus
3090 4719 3407 4790 Apostolus,
3447 4719 3687 4775 dicens:

2102 4836 2120 4868 r
2157 4816 2376 4872 Etenim
2409 4816 2500 4889 alii
2545 4816 2710 4871 datur
2758 4826 2859 4887 per
2891 4814 3161 4884 Spiritum
3190 4828 3374 4869 sermo
3407 4813 3692 4884 sapientiae

2100 4910 2191 4965 alii
2251 4919 2439 4966 autem
2501 4924 2684 4965 sermo
2751 4906 3000 4963 scientiae
3062 4904 3370 4961 secundum
3430 4905 3690 4961 eumdem

2102 5002 2368 5073 Spiritum
2384 5002 2451 5067 θ’,
2465 5021 2482 5052 ι
2511 5010 2568 5056 et
2588 5010 2811 5055 caetera.
2830 4999 2932 5054 Hie
2951 5013 3086 5054 vero
3108 4998 3379 5068 propheta
3398 5013 3524 5053 eum
3540 4996 3637 5068 qui
3659 5011 3692 5051 ο

2102 5091 2290 5147 radice
2317 5091 2468 5146 Iesse
2490 5089 2841 5160 germinavit,
2858 5104 3052 5148 omnes
3082 5085 3322 5158 Spiritus
3342 5088 3694 5157 Operationes

2028 5176 2031 5177 ⁷
2105 5182 2312 5238 habere
2342 5181 2596 5237 afﬁrmat.

2175 5271 2384 5328 ERAN.
2419 5270 2517 5326 His
2541 5269 2822 5325 adversari
2848 5277 3038 5340 aperta
3066 5277 3152 5325 est
3177 5266 3411 5324 insania.

2177 5363 2389 5421 OIt'I‘II.
2422 5363 2565 5420 Audi
2589 5378 2722 5435 ergo
2751 5364 2919 5419 etiam
2947 5362 3255 5433 sequentia.
3287 5357 3514 5414 Videbis
3541 5355 3691 5411 enim

465 5529 512 5561 π
554 5527 730 5584 Hebr.
771 5543 851 5595 Vl,
892 5524 1089 5581 n—ts.
1162 5522 1457 5588 νίκων,
1495 5522 1551 5575 5.
1622 5506 1690 5553 η·
1721 5520 1863 5576 Ibid.
1940 5519 1981 5551 τυ

2083 5506 2318 5583 id.I,5.
2396 5497 2581 5573 "Isa.
2616 5533 2673 5581 ιι,
2708 5517 2758 5573 ι.
2834 5516 3185 5573 ⁸¹Ιὺίό.2-5.
3228 5515 3472 5572 ⁸⁸1601³.
3517 5519 3691 5580 χιμε.

492 5672 585 5742 52)
636 5671 841 5724 Ἰεσσαὶ
872 5698 941 5742 -_—
967 5668 1149 5742 ρίςης.
1191 5667 1317 5721 Des.
1349 5666 1405 5720 in
1444 5664 1535 5721 ed.
1563 5663 1725 5719 Rom.
1762 5670 1817 5717 et
1846 5659 1994 5731 Lips.

396 5758 523 5813 qua:
562 5739 782 5797 Comma
831 5740 901 5797 ad
950 5739 1148 5810 ῥάϐδος
1190 5746 1431 5806 ponunt.

2183 5659 2294 5733 (55)
2334 5658 2554 5725 ‘Elw,x.
2588 5677 2638 5713 τ.
2671 5657 2721 5713 λ.
2750 5656 2906 5713 Conf.
2943 5669 3072 5715 tom.
3099 5656 3165 5723 Il,
3199 5673 3252 5727 p.
3293 5656 3398 5711 εδδ
3433 5669 3550 5725 seq.
