4090 6450
465 336 531 399 ω
1457 330 1944 392 THEODORETI
1983 331 2321 392 EPISCOPI
2361 332 2728 393 CYREN’SIS
3666 344 3738 407 es

463 453 522 504 tn
562 447 657 503 his
675 445 924 518 quzedam
963 444 1258 500 humanam
1291 451 1542 498 naturam
1577 443 1921 499 excedentia.
1960 443 2052 500 Sic

2161 444 2334 498 αὐτῶν
2365 444 2481 497 ἔνια
2509 446 2604 498 καὶ
2631 446 2729 516 τὴν
2756 445 3102 517 ἀνθρωπείαν
3130 449 3526 521 ὑπερϐαίνοντα
3551 457 3735 526 φύσιν.

463 549 650 596 autem
675 537 809 593 dicit
833 555 845 590 :
883 557 899 589 ι
932 537 1050 592 Νοη
1068 535 1372 590 secundum
1388 535 1704 605 opinionem
1730 534 2049 606 'judicabit,

468 645 648 700 neque
682 630 986 684 secundum
1022 629 1220 682 famam
1251 636 1486 698 arguet:
1520 627 1615 681 sed
1650 626 1704 680 in
1725 627 1939 697 justitia
1963 628 2053 698 jus

467 722 617 778 dicet
646 722 863 785 humili,
895 731 949 776 et
977 730 1170 791 arguet
1200 721 1254 774 in
1281 719 1609 775 rectitudine
1630 719 1845 773 nobiles
1871 728 2050 783 ιρι-τοτε,

468 823 525 870 et
559 815 827 884 percutiet
862 822 1059 867 terram
1091 829 1348 868 sermone
1377 813 1491 867 oris
1523 811 1630 876 sui,
1663 820 1719 866 et
1741 811 1938 880 spiritu
1971 811 2053 864 la-

468 899 685 954 biorum
743 916 969 955 suorum
1020 901 1318 955 interliciet
1372 899 1600 970 impium
1659 900 1724 952 ⁸³.
1766 919 1783 950 ι
1846 899 2054 953 llarum

468 992 888 1062 praedictionum
916 1002 1101 1062 partes
1129 993 1376 1061 quaedam
1403 992 1655 1045 humanae
1674 999 1802 1045 sunt
1820 999 2050 1052 naturae,

468 1085 716 1152 quaedam
750 1084 950 1138 divinae
981 1101 992 1136 :
1025 1085 1238 1154 justitia
1277 1084 1445 1147 enim,
1475 1093 1533 1138 et
1567 1082 1770 1136 veritas
1798 1089 1853 1136 et
1885 1081 2052 1136 recti-

470 1176 626 1234 tudo,
657 1186 713 1230 et
742 1177 964 1230 immota
997 1176 1051 1229 in
1091 1176 1394 1246 judicando
1417 1173 1727 1230 constantia
1756 1174 2054 1228 humanam

468 1268 729 1322 virtutem
755 1268 1057 1321 declarant.

541 1360 750 1413 ERAN.
799 1360 877 1414 Ex
927 1359 1015 1413 his
1045 1366 1234 1428 aperte
1278 1358 1594 1422 didicimus,
1644 1355 1790 1427 quod
1845 1355 2053 1411 Christi

468 1451 770 1506 Salvatoris
795 1452 968 1506 nostri
1001 1451 1297 1505 adventum
1320 1451 1587 1520 propheta
1615 1449 1947 1519 praedixerit.

543 1647 753 1704 ORTH.
795 1648 928 1715 Quae
969 1647 1879 1718 subsequunturinterpretationis
1905 1647 2053 1703 veri-

471 1747 639 1794 tatem
665 1740 976 1796 evidentius
1004 1751 1054 1795 te
1089 1740 1387 1794 docebunt.
1415 1739 1581 1793 Addit
1608 1741 1754 1795 enim
1785 1758 1796 1793 :
1848 1760 1866 1792 ι
1900 1739 2056 1796 Τιιηο

471 1827 634 1882 simul
671 1839 926 1898 pascetur
980 1830 1144 1897 lupus
1193 1843 1317 1883 cum
1376 1844 1516 1899 agno
1535 1829 1604 1894 “,
1646 1849 1662 1881 ι
1695 1839 1750 1885 et
1789 1846 1913 1902 quae
1962 1847 2052 1887 se-

469 1928 753 1988 quuntur;
780 1921 982 1990 quibus
1013 1921 1175 1975 docet
1202 1930 1316 1975 tum
1352 1936 1566 1976 morum
1601 1923 2050 1994 discrepantiam,

471 2017 587 2063 tum
633 2008 758 2063 ﬁdei
796 2010 1173 2064 concordiam.
1199 2009 1276 2063 Ac
1314 2017 1512 2064 testem
1543 2011 1920 2081 praedictionis
1955 2013 2054 2068 ha-

469 2099 665 2154 bemus
691 2116 878 2155 rerum
908 2103 1330 2171 experientiam.
1354 2105 1488 2159 Nam
1517 2113 1574 2158 et
1598 2120 1695 2158 eos
1724 2105 1816 2174 qui
1847 2105 2056 2161 divitiis

468 2192 719 2256 aiiluunt,
759 2203 815 2247 et
848 2209 944 2248 eos
973 2195 1065 2264 qui
1102 2211 1224 2250 cum
1256 2206 1579 2267 paupertate
1605 2197 1711 2267 37
1737 2197 2058 2254 conﬂictan-

473 2291 581 2346 tur,
633 2299 823 2339 servos
875 2301 939 2340 ac
991 2287 1265 2353 dominos,
1318 2291 1669 2360 magistratus
1694 2297 1750 2344 et
1783 2290 2054 2357 subditos,

471 2375 676 2429 milites
727 2384 785 2430 et
816 2377 1079 2446 privatos,
1129 2387 1300 2434 eteos
1343 2379 1434 2450 qui
1461 2379 1614 2432 orbis
1640 2387 1910 2434 terrarum
1935 2397 2057 2436 sce-

471 2473 594 2536 ptra
641 2476 846 2531 tenent,
902 2484 1072 2524 unum
1102 2470 1306 2540 excipit
1334 2473 1636 2535 lavacrum,
1664 2487 1771 2525 una
1798 2473 2059 2530 omnibus

471 2558 705 2613 olfertur
747 2559 1018 2626 doctrina,
1055 2578 1162 2616 una
1202 2563 1462 2617 omnibus
1493 2564 1720 2634 mystica
1751 2581 1939 2620 mensa
1969 2564 2056 2619 in-

473 2649 728 2715 struitur,
759 2661 817 2706 et
855 2651 1089 2720 quilibet
1125 2653 1471 2708 credentium
1502 2655 1701 2726 :cquali
1737 2665 1892 2726 parte
1926 2657 2059 2711 frui-

473 2745 584 2792 tur.

543 2831 753 2886 ERAN.
803 2831 912 2886 Sed
963 2832 1079 2887 haec
1115 2833 1290 2888 Deum
1323 2848 1466 2901 esse,
1510 2833 1579 2891 de
1632 2851 1742 2907 quo
1785 2837 2058 2908 propheta

471 2921 738 2992 loquitur,
773 2921 1095 2976 ostendunt.
1631 3001 1648 3011 Α

542 3011 896 3067 ORTll.Non
933 3014 1110 3067 solum
1140 3013 1332 3078 Deum,
1388 3014 1484 3070 sed
1533 3015 1699 3070 etiam
1753 3016 2053 3072 hominem.

2153 537 2318 605 Λέγει
2344 537 2400 588 δὲ
2434 536 2641 600 οὕτως·
2683 556 2701 589 ι
2755 538 2828 590 Οὐ
2864 539 3006 592 κατὰ
3034 541 3135 611 τὴν
3167 542 3328 609 δόξαν
3369 551 3568 617 κρινεῖ.
3614 552 3738 607 οὐδὲ

2155 627 2297 682 κατὰ
2320 627 2415 698 τὴν
2446 628 2634 682 λαλιάν
2665 629 2904 697 ἐλέγξειο
2933 631 3070 683 ἀλλὰ
3100 637 3280 704 κρινεῖ
3326 637 3387 688 ὲν
3417 637 3739 713 δικαιοσύνῃ

2154 721 2396 790 ταπεινῷ
2447 723 2631 791 κρίσιν
2657 761 2672 787 ,
2709 723 2805 776 καὶ
2853 722 3064 790 ἐλέγξει
3110 726 3168 778 ὲν
3198 727 3456 796 εὖθύτητι
3505 733 3631 796 τοὺς
3654 734 3739 786 svo
3769 785 3776 802 λ

2153 814 2340 878 δόξους
2368 814 2466 884 τῆς
2500 813 2604 882 γῆς
2631 853 2646 876 ,
2684 814 2777 867 καὶ
2822 816 3053 881 πατάξει
3105 819 3204 888 τὴν
3235 819 3342 888 γῆν
3371 821 3449 891 τῷ
3470 822 3610 895 λόγῳ
3642 824 3736 879 τοῦ

2157 905 2426 974 στόματος
2452 905 2640 965 αὐτοῦ,
2663 906 2756 959 καὶ
2780 906 2858 976 τῷ
2886 907 3160 979 πνεύματι
3201 911 3290 964 διὰ
3311 912 3539 981 χειλέων
3556 916 3741 969 ἀνελεῖ

2155 993 2248 1046 τὸν
2281 994 2476 1062 ἀσεϐῆ.
2529 1015 2547 1046 ι
2591 995 2810 1050 Τούτων
2844 997 2900 1049 δὲ
2943 999 3052 1053 τῶν
3095 1003 3490 1072 προρρήσεων,
3535 1005 3604 1058 τὰ
3638 1006 3740 1074 μὲν

2157 1084 2303 1136 ἐστιν
2331 1083 2665 1154 ἀνθρώπεια,
2706 1088 2774 1138 τὰ
2796 1086 2850 1138 δὲ
2882 1086 3031 1140 θεῖα·
3056 1090 3089 1157 ἠ
3128 1077 3229 1158 μὲν
3262 1091 3372 1161 γάρ
3400 1091 3735 1166 δικαιοσύνη,

2157 1176 2306 1246 καὶὴ
2341 1176 2596 1244 ἀλήθεια,
2636 1178 2731 1229 καὶ
2783 1177 2844 1230 τὸ
2883 1178 3042 1242 εύθὲς
3079 1197 3138 1232 τε
3182 1181 3274 1233 καὶ
3311 1183 3530 1246 ἀκλινὲς
3560 1189 3618 1238 ἐν
3659 1185 3738 1256 τῷ

2157 1267 2363 1339 κρίνειν
2412 1267 2564 1335 δηλοῖ
2600 1269 2701 1336 τὴν
2735 1269 2880 1322 κατὰ
2907 1270 2967 1322 τὸ
2993 1270 3337 1342 ἀνθρώπινον
3369 1276 3594 1345 ἀρετήν.

2229 1359 2431 1413 ΕΡΑΝ.
2472 1359 2817 1430 Σαφέστερον
2845 1361 2935 1414 διὰ
2959 1363 3168 1416 τούτων
3214 1365 3517 1434 ἐμάθομεν,
3542 1366 3620 1429 ὡς
3641 1367 3738 1422 τοῦ

2156 1449 2408 1518 Σωτῆρος
2439 1451 2596 1520 ἡμῶν
2634 1451 2871 1522 Χριστοῦ
2903 1451 3005 1522 τὴν
3045 1455 3356 1524 παρουσίαν
3397 1456 3740 1525 ἀπροφήτης

2158 1544 2468 1596 ἐθέσπισεν.

2229 1637 2380 1690 ΟΡΘ.
2428 1636 2855 1708 Ἐναργέστερὸν
2901 1654 2960 1692 σε
2989 1637 3194 1704 διδάξει
3243 1639 3316 1694 τὰ
3354 1639 3561 1694 τούτων
3606 1640 3740 1696 ἀκό-

2157 1727 2321 1781 λουθα
2349 1729 2450 1798 τὴν
2501 1730 2600 1799 τῆς
2647 1730 2950 1800 ἑρμηνείας
3003 1731 3283 1801 ἀλήθειαν.
3340 1732 3570 1802 Ἐπάγει
3603 1733 3740 1804 γάρ·

2163 1842 2182 1874 ι
2219 1823 2352 1875 Τότε
2384 1823 2902 1895 συμϐοσκηθήσεται
2930 1826 3092 1891 λύκος
3120 1829 3258 1898 μετά
3283 1829 3470 1898 άρνοῦ,
3504 1848 3523 1882 ι
3558 1831 3651 1884 καὶ
3677 1831 3746 1884 τά

2157 1913 2286 1980 ἑξῆς
2307 1929 2320 1942 ’
2357 1913 2424 1966 δι’
2453 1907 2528 1966 ὧν
2567 1913 2805 1968 διδάσκει
2833 1917 2928 1969 καὶ
2957 1917 3064 1969 τῶν
3087 1918 3237 1988 ἠθῶν
3260 1919 3322 1972 τὸ
3345 1919 3622 1990 διάφορον,
3648 1920 3744 1973 καὶ

2156 2005 2217 2058 τὸ
2249 2005 2351 2076 τῆς
2381 2008 2620 2072 πίστεως
2646 2008 2961 2078 σύμφωνον.
2998 2010 3109 2064 Καὶ
3149 2012 3408 2082 μάρτυρα
3441 2013 3542 2082 τῆς
3577 2016 3745 2083 προρυ

2160 2099 2372 2168 ρήσεως
2398 2098 2592 2168 ἔχομεν
2612 2099 2720 2151 τῶν
2747 2101 3089 2171 πραγμάτων
3111 2101 3213 2173 τὴν
3243 2105 3463 2172 πεῖραν.
3497 2104 3606 2156 Kal
3634 2103 3744 2173 γὰρ

2157 2191 2284 2252 τοὺς
2312 2189 2532 2260 πλούτῳ
2576 2189 2888 2260 κομῶντας,
2944 2193 3039 2244 καὶ
3068 2193 3196 2256 τοὺς
3239 2194 3401 2264 πενίᾳ
3431 2193 3740 2257 συζῶντας,

2157 2282 2376 2344 οἰκέτας
2400 2299 2460 2334 τε
2492 2283 2586 2336 καὶ
2615 2282 2912 2346 δεσπότας,
2940 2286 3034 2337 καὶ
3063 2284 3403 2354 ἀρχομένους
3435 2287 3525 2338 καὶ
3548 2287 3743 2356 ἄρχον-

2157 2387 2278 2436 τας,
2309 2372 2404 2424 καὶ
2447 2371 2788 2444 στρατιώτας
2815 2371 2908 2425 καὶ
2941 2371 3178 2436 ἰδιώτας,
3209 2373 3304 2426 καὶ
3339 2375 3462 2436 τοὺς
3502 2373 3571 2426 τά
3606 2375 3743 2443 σκῆ-

2164 2480 2311 2533 πτρα
2349 2465 2450 2531 τῆς
2490 2463 2816 2534 οἰκουμένης
2863 2463 3218 2533 κατέχοντας,
3276 2464 3376 2534 μία
3418 2464 3743 2536 ὑποδέχεται

2161 2548 2540 2622 κολυμϐήθρα,
2577 2551 2677 2622 μία
2705 2554 2837 2604 πᾶσι
2856 2551 3174 2606 διδασκαλία
3203 2554 3609 2625 προσφέρεται,
3643 2555 3743 2620 μία

2167 2645 2303 2696 πᾶσι
2370 2643 2612 2714 μυστικὴ
2682 2643 3000 2716 προτίθεται
3050 2644 3301 2715 τράπεζα
3342 2645 3588 2698 καὶτῶν
3645 2662 3745 2699 πι-

2166 2734 2466 2790 στευόντων
2492 2735 2723 2798 ἕκαστος
2755 2736 2876 2807 ἴσης
2915 2735 3180 2789 ἀπολαύει
3215 2736 3456 2805 μερίδος.

2235 2823 2438 2877 EPAN.
2504 2822 2665 2876 Ἀλλὰ
2713 2823 2888 2877 ταῦτα
2943 2824 3076 2877 Θεὸν
3119 2825 3210 2878 τὸν
3263 2827 3749 2896 προφητευόμενον

2160 2914 2457 2969 δείκνυσιν.

2233 3004 2386 3058 ΟΡΘ.
2423 3004 2498 3058 Οὐ
2530 3004 2662 3059 Θεὸν
2689 3004 2870 3074 μόνον,
2907 3004 3042 3058 ἀλλὰ
3077 3005 3172 3059 καὶ
3198 3005 3505 3077 ἄνθρωπον.
3538 3004 3744 3060 Τούτου

473 3101 603 3157 Ideo
621 3103 804 3157 statim
822 3104 892 3158 ab
926 3104 1085 3158 initio
1110 3105 1274 3175 hujus
1300 3107 1604 3178 prophetia:
1631 3109 1840 3179 virgam
1871 3127 1938 3165 ex
1973 3127 2056 3165 ra-

2162 3097 2226 3169 δὴ
2267 3097 2450 3169 χάριν,
2493 3097 2590 3151 καὶ
2619 3097 2781 3160 εὐθὺς
2814 3097 2976 3166 τῆσδε
3015 3100 3112 3168 τῆς
3146 3097 3483 3169 προφητείας
3506 3097 3748 3170 ἀρξάμεο

473 3193 598 3249 dice
628 3195 780 3250 Jesse
816 3197 1240 3266 germinaturam
1271 3197 1409 3252 dixit
1448 3199 1513 3263 ⁸⁸,
1554 3208 1609 3255 et
1643 3201 2057 3271 praedictionem

472 3286 733 3341 claudens
757 3288 1046 3342 exordium
1074 3290 1312 3358 repetiit.
1346 3290 1437 3347 Sic
1473 3293 1618 3346 enim
1641 3293 1719 3347 ait
1749 3310 1762 3348 :
1807 3313 1825 3345 ι
1859 3293 1926 3348 Et
1951 3294 2059 3348 erit

473 3379 629 3434 radix
653 3380 828 3444 Jesse,
863 3389 921 3435 et
947 3397 1245 3451 exsurgens
1276 3382 1341 3436 ad
1369 3382 1750 3454 imperandum
1777 3387 2056 3456 gentibus.

474 3467 534 3523 In
580 3485 649 3525 eo
694 3482 884 3540 gentes
933 3471 1254 3541 sperabunt,
1302 3480 1354 3527 et
1404 3473 1510 3526 erit
1548 3475 1771 3544 requies
1811 3475 1930 3544 ejus
1955 3475 2058 3528 ho-

474 3575 578 3615 nor
610 3561 678 3614 ".
721 3581 740 3612 ι
778 3563 932 3617 Jesse
978 3573 1164 3618 autem
1207 3564 1314 3618 fuit
1363 3573 1519 3635 pater
1571 3565 1834 3631 Davidis;
1864 3566 2058 3621 Davidi

474 3665 606 3706 vero
632 3652 773 3708 facta
792 3663 878 3708 est
900 3670 1026 3708 eum
1049 3655 1411 3726 jurejurando
1437 3657 1749 3725 promissio.
1784 3657 1895 3712 Nec
1926 3673 2061 3712 vero

473 3743 681 3813 virgam
714 3746 1116 3814 germinantem
1141 3762 1210 3802 ex
1234 3747 1387 3803 Jesse
1416 3749 1748 3818 appellasset
1775 3747 2059 3802 Christum

473 3834 792 3898 Dominum,
835 3837 880 3890 si
921 3828 1092 3892 Deum
1147 3848 1355 3894 tantum
1413 3839 1744 3910 agnovisset.
1802 3838 2062 3892 Praedixit

473 3935 659 3980 autem
690 3929 981 3997 prophetia
1009 3931 1174 3984 etiam
1197 3931 1351 3985 orbis
1379 3939 1651 3984 terrarum
1673 3931 2056 3988 mutationem.

480 4037 502 4068 ι
528 4018 757 4088 lmpleta
803 4020 954 4073 enim
1000 4029 1105 4083 est,
1154 4021 1353 4092 inquit,
1393 4022 1650 4076 universa
1684 4031 1832 4077 terra
1866 4025 2060 4096 cogni-

474 4110 625 4165 tione
651 4111 886 4177 Domini,
914 4120 971 4167 et
991 4113 1146 4184 quasi
1171 4129 1312 4184 aqua
1339 4113 1511 4166 multa
1531 4114 1713 4182 operit
1739 4114 1910 4171 maria
1931 4114 1999 4170 "’.
2033 4135 2052 4170 ι

545 4287 752 4344 ERAN.
785 4287 985 4345 Audivi
1017 4289 1339 4361 prophetica
1361 4289 1643 4346 vaticinia.
1673 4291 1882 4348 Vellem
1909 4309 2062 4351 nunc

472 4381 734 4437 distincte
791 4383 958 4448 scire,
1014 4399 1084 4438 an
1136 4383 1360 4439 divinus
1412 4400 1634 4455 quoque
1683 4387 2060 4455 apostolorum

2161 3207 2273 3254 νος,
2308 3189 2505 3258 ῥάϐδον
2545 3188 2869 3258 βλαστήσειν
2911 3190 2976 3242 ὲκ
3018 3189 3118 3257 τῆς
3155 3189 3313 3258 ῥίζης
3352 3190 3576 3260 εἴρηκεν
3611 3189 3746 3242 Ἰεσο

2164 3282 2290 3335 σαί·
2335 3282 2430 3333 καὶ
2471 3279 2571 3350 τὴν
2626 3279 2935 3350 πρόρρησιν
2984 3283 3362 3351 συμπεράνας,
3410 3279 3639 3334 ἀνέλαϐε
3682 3280 3748 3333 τὸ

2161 3373 2474 3446 προοίμιον.
2497 3373 2642 3444 Ἔφη
2661 3374 2770 3444 γάρ
2791 3389 2803 3400 ·
2834 3393 2852 3422 ι
2874 3372 2982 3425 Kal
3012 3372 3164 3426 ἔσται
3185 3375 3218 3441 ἡ
3243 3371 3369 3445 ῥίζα
3389 3372 3482 3425 τοῦ
3522 3374 3744 3438 Ἰεσσαὶ,

2161 3465 2256 3519 xal
2293 3467 2322 3518 ὁ
2367 3464 2726 3533 ἀνιστάμενος
2777 3465 2964 3534 ἄρχειν
3015 3464 3217 3517 ἐθνῶν·
3272 3467 3360 3518 ἐπ’
3411 3465 3560 3534 αύτῴ
3617 3463 3748 3536 ἔθνη

2163 3555 2434 3617 ἐλπιοῦσι,
2466 3555 2562 3608 καὶ
2593 3554 2750 3608 ἔσται
2778 3556 2811 3626 ἡ
2840 3555 3147 3619 ἀνάπαυσις
3171 3555 3334 3610 αὐτοῦ
3361 3557 3515 3624 τιμή.
3549 3575 3569 3606 ι
3615 3556 3751 3608 Ἰεσ-

2164 3649 2256 3702 σαὶ
2282 3647 2339 3700 δὲ
2371 3649 2397 3700 ὁ
2425 3645 2606 3717 πατὴρ
2629 3645 2722 3698 τοῦ
2747 3646 2933 3711 Δαϐὶδ,
2966 3647 3101 3717 πρὸς
3133 3647 3190 3700 δὲ
3218 3646 3309 3699 τὸν
3336 3647 3501 3700 Δαϐὶδ
3523 3646 3749 3715 γέγονεν

2163 3741 2197 3809 ἡ
2240 3739 2357 3809 μεθ’
2389 3739 2566 3810 ὅρκων
2612 3739 2928 3808 ὑπόσχεσις.
2965 3738 3080 3792 Οὐκ
3104 3738 3168 3792 ἂν
3192 3739 3248 3792 δὲ
3280 3738 3478 3811 ῥάϐδον
3513 3738 3783 3817 βλαστήο.

2165 3849 2366 3886 σουσαν
2395 3831 2455 3896 ἐξ
2507 3831 2705 3884 Ἰεσσαὶ
2745 3831 3155 3902 προσηγόρευσε
3183 3830 3274 3884 τὸν
3305 3831 3582 3900 Δεσπότην
3614 3831 3752 3900 Χρι-

2166 3921 2312 3984 στὺν,
2338 3923 2387 3974 εἱ
2429 3921 2589 3992 μόνον
2615 3921 2732 3991 ⁴ᾔδει
2774 3921 2928 3976 Θεόν.
2964 3919 3270 3992 Προείρηκε
3293 3922 3350 3976 δὲ
3380 3923 3414 3991 ἡ
3441 3923 3750 3992 πρόρρησις

2163 4018 2258 4071 καὶ
2285 4019 2385 4088 τὴν
2424 4017 2524 4088 τῆς
2563 4017 2894 4087 οἰκουμένης
2942 4017 3273 4089 μεταϐολήν.
3327 4036 3347 4068 ι
3406 4014 3746 4085 Ἐνεπλήσθη

2162 4109 2291 4182 γάρ,
2327 4110 2513 4181 φησὶν,
2556 4111 2590 4182 ἡ
2636 4109 2900 4181 σύμπασα
2929 4113 3000 4182 γῆ
3026 4110 3119 4164 τοῦ
3149 4110 3354 4179 γνῶναι
3385 4109 3478 4164 τὸν
3515 4106 3746 4180 Κύριον,

2163 4201 2241 4265 ὡς
2279 4200 2423 4272 ὕδωρ
2449 4201 2583 4254 πολὺ
2607 4201 2990 4272 κατακαλύψαι
3021 4201 3318 4264 θαλάσσας.
3355 4219 3373 4252 ι

2236 4293 2441 4347 EPAN.
2484 4292 2608 4346 Τῶν
2632 4294 2730 4364 μὲν
2759 4293 3115 4365 προφητικῶν
3144 4295 3430 4363 ἐπήκουσα
3446 4289 3750 4361 θεσπισμά-

2166 4402 2297 4438 των.
2331 4384 2665 4456 Ἐϐουλόμην
2696 4385 2754 4438 δὲ
2783 4385 2987 4455 γνῶναι
3022 4384 3232 4455 σαφῶς,
3269 4387 3318 4438 εἰ
3349 4385 3442 4438 καὶ
3473 4383 3583 4436 τῶν
3612 4385 3751 4436 ἁπο-

473 4470 680 4528 chorus
718 4473 998 4529 Christum
1028 4475 1319 4530 Dominum
1349 4491 1416 4530 ex
1449 4477 1659 4531 semine
1687 4477 1912 4532 Davidis
1937 4493 2056 4548 ger-

2174 4477 2378 4530 στόλων
2404 4477 2432 4530 ὁ
2473 4476 2617 4537 θεῖος
2638 4478 2799 4549 χορὸς
2830 4480 2893 4532 ὲκ
2925 4478 3241 4550 σπέρματος
3266 4476 3432 4530 Δαϐὶδ
3460 4475 3749 4545 βεϐλάστηο

475 4565 714 4621 minasse
740 4566 887 4621 dicat
909 4565 1213 4621 secundum
1251 4581 1492 4621 carnem.

545 4658 564 4678 ‘
607 4656 817 4713 ORTH.
879 4658 1014 4712 Rem
1069 4657 1358 4726 postulasti
1414 4657 1642 4712 minime
1671 4657 1921 4722 arduam,
1961 4657 2058 4712 sed

475 4748 636 4803 valde
685 4750 902 4804 facilem
931 4758 988 4804 et
1019 4750 1351 4819 expeditam.
1401 4749 1542 4804 Audi
1577 4765 1708 4820 ergo
1749 4749 2058 4819 principem

475 4842 850 4913 apostolorum
876 4843 1205 4897 clamantem
1237 4860 1250 4895 :
1291 4861 1308 4893 ι
1343 4842 1613 4912 Propheta
1642 4857 1766 4896 eum
1790 4850 1931 4896 esset
1951 4839 2062 4896 Da-

476 4933 591 4999 vid,
626 4943 683 4988 et
707 4933 874 4989 sciret
900 4933 1263 5004 jurejurando
1301 4934 1516 5003 jurasse
1555 4932 1631 4986 illi
1669 4933 1864 4997 Deum,
1908 4932 2061 4988 futu-

478 5039 602 5080 rum
624 5035 685 5080 ut
714 5025 783 5080 de
815 5025 998 5079 fructu
1025 5023 1196 5078 lumbi
1222 5025 1343 5094 ejus
1364 5023 1475 5094 38
1504 5023 1809 5078 secundum
1838 5038 2059 5078 carnem

475 5120 789 5176 exoriretur
829 5119 1084 5174 Christus
1127 5118 1220 5186 qui
1248 5117 1472 5173 sederet
1495 5131 1664 5186 super
1695 5113 1883 5170 sedem
1915 5115 2056 5185 ejus,

478 5211 778 5279 providens
826 5209 1046 5264 locutus
1077 5218 1161 5264 est
1190 5210 1258 5264 de
1294 5208 1702 5263 resurrectione
1735 5207 1876 5278 ejus,
1911 5205 2060 5277 quod

479 5315 662 5372 neque
689 5300 952 5356 derelicta
975 5300 1145 5356 estin
1193 5300 1409 5356 inferno
1456 5300 1639 5355 anima
1688 5299 1829 5370 ejus,
1880 5312 2062 5370 neque

477 5397 611 5448 caro
637 5392 758 5463 ejus
777 5390 918 5445 vidit
944 5393 1352 5462 corruptionem
1369 5392 1465 5446 ⁸⁸.»
1485 5392 1564 5447 Ex
1588 5390 1676 5446 his
1701 5391 1862 5447 facile
1895 5389 2062 5445 intel-

478 5479 652 5551 ligere
684 5486 861 5546 potes,
892 5494 960 5533 ex
1001 5479 1210 5535 semine
1258 5479 1482 5535 Davidis
1533 5481 1702 5535 etiam
1754 5479 2059 5536 secundum

2170 4567 2324 4621 κέναι
2366 4567 2506 4620 κατὰ
2537 4569 2715 4639 σάρκα
2753 4567 2858 4637 ἔφη
2889 4569 2980 4622 τὸν
3006 4567 3284 4636 Δεσπότην
3314 4566 3569 4637 Χριστόν.

2243 4659 2396 4712 ΟΡΘ.
2443 4659 2609 4711 Οὐδὲν
2653 4661 2988 4728 ἐπήγγειλας
3019 4659 3300 4731 δυσχερὲς,
3329 4657 3466 4711 ἀλλὰ
3503 4659 3596 4711 καὶ
3627 4657 3748 4711 λίαν

2170 4750 2398 4812 εὐπετές
2428 4767 2488 4802 τε
2530 4752 2625 4803 καὶ
2656 4752 2860 4822 ῥᾴδιον.
2901 4752 3167 4803 ’Ἄκουσον
3198 4749 3376 4802 τοίνυν
3401 4747 3494 4800 τού
3526 4746 3746 4818 πρώτου

2169 4839 2280 4892 τῶν
2304 4839 2618 4893 ἀποστόλων
2643 4840 2896 4911 βοῶντος,
2925 4841 3006 4894 ὃτι
3040 4857 3058 4890 ι
3087 4840 3380 4910 Προφήτης
3404 4837 3480 4891 ῶν
3508 4838 3537 4890 ὀ
3559 4836 3746 4900 Δαϐὶδ,

2171 4931 2264 4985 καὶ
2291 4932 2449 4996 εἰδὼς
2479 4932 2560 4985 ὅτι
2601 4933 2749 5004 ὅρκῳ
2777 4930 2994 5002 ὤμοσεν
3017 4929 3166 5001 αύτῷ
3192 4932 3220 4984 ὁ
3240 4929 3394 4994 Θεὸς,
3442 4930 3505 4982 ὲκ
3531 4924 3746 4998 καρποῦ

2167 5023 2267 5094 τῆς
2309 5022 2511 5093 ὀσφύος
2551 5021 2718 5076 αὐτοῦ
2768 5021 3098 5091 ἀναστήσειν
3131 5020 3192 5073 τὸ
3233 5019 3376 5073 κατὰ
3426 5018 3606 5089 σάρκα
3653 5017 3748 5070 τὸν

2165 5115 2420 5186 Χριστὸν,
2450 5115 2672 5169 καθίσαι
2703 5115 2822 5185 (54)
2849 5115 2941 5168 ἐπὶ
2966 5107 3061 5166 τοῦ
3090 5112 3284 5185 θρόνου
3301 5111 3490 5176 αὑτοῦ,
3512 5107 3749 5182 προϊδὼν

2172 5204 2404 5280 ἑλάλησε
2439 5205 2567 5276 περὶ
2599 5205 2696 5274 τῆς
2744 5205 3097 5268 ἀναστάσεως
3141 5202 3332 5267 αὐτοῦ,
3370 5203 3452 5255 ὅτι
3498 5200 3624 5255 οὔτε
3663 5203 3750 5269 ὲγ-

2171 5294 2501 5365 κατελείφθη
2531 5296 2610 5358 είς
2628 5293 2756 5366 ᾅδου
2783 5296 2816 5363 ἡ
2838 5294 2987 5366 ψυχὴ
3005 5291 3194 5360 αὐτοῦ,
3217 5293 3330 5348 οὗθ’
3353 5296 3386 5365 ἡ
3417 5292 3554 5365 σάρξ
3581 5291 3747 5347 αὐτοῦ

2169 5381 2279 5438 εἶδε
2311 5385 2632 5456 διαφθοράν.
2671 5403 2688 5436 ι
2729 5384 2825 5437 Ἐκ
2847 5383 3052 5438 τούτων
3081 5383 3375 5452 διαγνῶναί
3404 5401 3488 5438 σοι
3503 5383 3745 5445 δυνατὸν,

2167 5478 2250 5530 ὅτι
2272 5476 2366 5528 καὶ
2392 5479 2456 5530 ἐκ
2475 5477 2786 5548 σπέρματος
2809 5475 2975 5532 Δαϐὶδ
2999 5478 3143 5532 κατὰ
3169 5477 3350 5547 σάρκα
3376 5477 3750 5548 βεϐλάστηκεν

549 5633 599 5667 ⁸³
627 5635 730 5689 lsa.
756 5652 811 5703 ιι,
846 5637 900 5700 5,
937 5638 991 5691 4.
1034 5637 1078 5669 ⁸⁸
1103 5637 1242 5692 Ibid.
1273 5637 1327 5694 6.
1404 5636 1452 5668 ⁸⁸
1484 5638 1583 5692 lsa.
1612 5654 1684 5702 χι,
1715 5639 1764 5692 l.
1842 5637 1889 5670 ⁸⁸
1911 5635 2051 5692 Ibid.

2161 5678 2165 5691 .
2244 5633 2288 5667 ⁸⁷
2316 5634 2452 5690 ibid.
2483 5635 2535 5691 9.
2612 5635 2656 5668 ⁸⁸
2683 5634 2802 5690 Act.
2835 5652 2893 5700 ll,
2916 5634 3106 5702 50-31;
3184 5635 3373 5691 Matth.
3408 5651 3518 5700 xw,
3553 5633 3640 5691 16.

555 5746 667 5816 (34)
705 5749 826 5803 καθ.
854 5750 953 5805 Ed.
981 5752 1133 5820 prior
1167 5752 1405 5807 habebat
1429 5753 1687 5820 καθῆσαι.
