4090 6424
327 309 401 371 69

1403 309 1782 374 DIALOGUS
1819 313 1870 376 Ι.
1908 339 1978 351 -
2007 315 2518 381 IMMUTABILIS

3539 321 3612 388 πυ

324 426 355 477 ὁ
383 418 668 489 Δεσπότης
710 417 983 492 Χριστὸς,
1012 418 1108 471 καὶ
1138 417 1198 470 οὑ
1235 417 1413 484 σάρκα
1447 419 1628 490 μόνον,
1661 419 1794 474 ἀλλὰ
1829 421 1922 475 καὶ

2032 439 2248 482 carnem
2294 427 2633 498 germinasse
2677 428 2961 486 Christum
3006 425 3321 493 Dominum,
3372 447 3611 503 eumque

319 515 506 586 ψυχὴν
540 510 707 582 εἶχεν.

395 688 608 745 EPAN.
677 687 777 750 Τίς
830 685 1028 757 ’ἐτερος
1079 684 1250 739 ταῦτα
1283 684 1392 738 τῶν
1437 685 1755 739 ἀποστόλων
1795 687 1926 758 ἐκή-

321 783 491 854 ρυξεν
513 799 530 847 ;

394 875 558 929 ΟΡΘ.
597 873 803 943 Ἤρκει
842 869 949 942 μὲν
995 869 1091 923 καὶ
1139 867 1299 940 μόνος
1340 869 1368 921 6
1417 867 1588 937 μέγας
1619 868 1824 938 Πέτρος
1857 871 1922 940 τῇ

319 967 562 1039 ἀληθεία
582 962 1010 1036 συμμαρτυρῶν
1028 979 1043 994 ·
1066 962 1287 1031 καὶγὰρ
1307 961 1624 1031 ὁΔεσπότης
1642 963 1792 1032 παρὰ
1812 961 1922 1030 (55)

322 1061 521 1114 τούτου
559 1059 726 1130 μόνου
754 1057 856 1126 τὴν
890 1055 992 1124 τῆς
1023 1053 1281 1124 ἀληθείας
1317 1053 1428 1123 (56)
1452 1052 1744 1121 ὁμολογίαν
1773 1052 1927 1116 δεξά-

329 1170 515 1222 μενος,
570 1150 878 1203 εδεσαίωσε
927 1146 1137 1216 ταύτην
1167 1144 1244 1214 τῷ
1282 1144 1513 1214 ἁοιδίμῳ
1563 1143 1922 1215 μακαρισμῷ.

336 1241 564 1312 Ἐπειδὴ
599 1240 658 1292 δὲ
687 1240 802 1308 (57)
837 1237 1044 1307 ἑτέρων
1075 1236 1232 1289 τοῦτο
1277 1234 1657 1305 κηρυττόντων
1694 1233 1926 1288 ἀκοῦσαι

329 1334 538 1397 ποθεῖς,
571 1335 814 1387 ἄκουσον
841 1332 899 1382 ὲν
949 1329 1251 1399 Ἀντιοχείᾳ
1292 1329 1390 1397 τῆς
1436 1327 1682 1390 Πισιδίας
1711 1327 1924 1382 Παύλου

334 1427 429 1479 καὶ
463 1423 728 1495 Βαρνάϐα
772 1417 1256 1490 δημηγορούντων.
1287 1411 1454 1471 Οὗτοι
1480 1416 1608 1487 γάρ,
1637 1416 1729 1469 τοῦ
1761 1416 1926 1469 Δαὸὶδ

331 1516 844 1590 μνημονεύσαντες,
871 1512 1045 1564 ταῦτα
1081 1511 1362 1580 ἐπήγαγον
1385 1526 1398 1538 ο
1439 1527 1457 1558 ι
1507 1508 1709 1561 Τούτου
1738 1511 1766 1562 6
1796 1507 1927 1569 Θεὸς

326 1611 436 1664 ἀπὸ
490 1607 590 1661 τοῦ
649 1607 975 1675 σπέρματος
1034 1601 1158 1653 κατ’
1213 1598 1550 1666 ἐπαγγελίαν
1601 1599 1792 1667 ἧγειρε
1848 1595 1928 1666 τῷ

339 1698 570 1770 Ἰσραὴλ
592 1695 829 1765 Σωτῆρα
881 1690 1116 1764 Ἰησοῦν,
1153 1709 1172 1742 ι
1213 1691 1307 1742 καὶ
1341 1691 1409 1741 τά
1439 1690 1585 1757 ἑξῆς.
1619 1689 1730 1742 Καὶ
1761 1687 1926 1757 Τιμο-

2030 531 2142 570 non
2182 517 2361 572 solum
2417 534 2662 584 carnem,
2714 519 2810 575 sed
2864 522 3032 577 etiam
3058 522 3297 577 animam
3324 523 3608 581 habuisse.

2101 694 2310 751 ERAN.
2346 695 2480 762 Quis
2502 696 2839 768 reliquorum
2860 699 3232 769 apostolorum
3255 701 3445 756 eadem
3476 718 3616 772 pra:-

2030 784 2234 840 dicavit
2257 787 2281 840 ἲ

2102 873 2312 929 ORTH.
2369 875 2520 932 Satis
2567 878 2789 949 quidem
2845 879 2988 935 foret
3037 879 3209 936 solius
3247 881 3428 952 magni
3460 881 3611 938 Petri

2032 966 2407 1022 testimonium
2471 969 2538 1024 ad
2612 971 3044 1026 conﬁrmandam
3085 973 3371 1028 veritatem
3421 991 3435 1027 :
3483 988 3611 1028 nam

2031 1066 2087 1112 et
2119 1058 2383 1115 Dominus
2413 1062 2480 1115 ab
2507 1062 2610 1116 hoc
2642 1064 2758 1118 solo
2797 1063 3002 1118 editam
3034 1063 3282 1118 veritatis
3305 1064 3612 1119 confessio-

2031 1162 2156 1201 nem
2183 1149 2458 1218 recipiens
2485 1151 2686 1221 insigni
2742 1152 2886 1206 hanc
2935 1152 3330 1222 approbatione
3373 1152 3610 1207 ornavit.

2033 1238 2141 1293 Sed
2191 1240 2450 1309 quoniam
2495 1244 2634 1298 alios
2676 1243 2780 1298 hac
2827 1244 2895 1299 de
2931 1260 2989 1299 re
3027 1244 3382 1300 testificantes
3419 1243 3613 1300 audire

2033 1330 2211 1399 cupis,
2252 1331 2381 1384 audi
2426 1333 2656 1388 Paulum
2689 1342 2746 1388 et
2775 1333 3080 1388 Barnabam
3123 1335 3174 1387 in
3200 1333 3490 1387 Antiochia
3522 1332 3612 1387 Pi-

2033 1422 2187 1476 sidia:
2217 1422 2629 1479 concionantes.
2671 1425 2736 1479 Hi
2765 1426 2934 1490 enim,
2970 1441 3096 1480 cum
3132 1424 3352 1478 Davidis
3382 1424 3619 1478 mentio-

2032 1529 2158 1570 nem
2203 1515 2481 1580 fecissent,
2521 1517 2636 1572 haec
2671 1518 3004 1573 addiderunt
3039 1537 3052 1572 :
3100 1538 3119 1569 ‹
3151 1519 3325 1588 llujus
3359 1518 3503 1572 Deus
3542 1533 3613 1572 ex

2032 1607 2243 1662 semine
2269 1609 2572 1662 secundum
2609 1611 3030 1679 promissionem
3066 1610 3256 1664 eduxit
3279 1609 3463 1664 lsraeli
3491 1608 3612 1662 Sal-

2033 1706 2281 1752 vatorem
2317 1699 2504 1754 Jesum
2535 1699 2604 1766 3’,
2629 1719 2646 1752 ι
2682 1708 2738 1754 et
2767 1716 2887 1770 qua:
2919 1710 3250 1770 sequuntur.
3301 1701 3365 1754 Et
3415 1699 3482 1753 ad
3517 1698 3612 1752 Ti-

332 1794 451 1864 Θέῳ
478 1792 538 1845 δὲ.
579 1789 908 1843 ἐπιστέλλων
953 1786 982 1838 6
1024 1783 1315 1846 Θεσπέσιος
1364 1781 1575 1844 Παῦλος
1609 1781 1706 1834 καὶ
1756 1779 1928 1833 ταῦτα

2032 1791 2318 1847 motheum
2366 1793 2620 1848 scribens
2675 1792 2897 1847 divinus
2950 1792 3246 1861 Apostolus
3306 1791 3422 1845 haec
3465 1790 3615 1845 inter

339 1885 588 1938 τέθεικε·
622 1899 640 1932 ι
679 1879 1014 1949 Μνημόνευε
1051 1874 1260 1946 Ἰησοῦν
1294 1872 1532 1948 Χριστὸν
1561 1871 1928 1942 ἐγηγερμένον

2032 1892 2234 1942 caetera
2291 1886 2472 1956 posuit
2512 1902 2525 1940 :
2586 1903 2604 1936 ι
2661 1884 2870 1939 Memor
2916 1893 3037 1938 esto
3084 1883 3376 1936 Dominum
3423 1881 3612 1935 Jesum

334 1977 401 2030 ix
433 1972 645 2044 νεκρῶν
680 1973 746 2024 ἐκ
785 1969 1106 2039 σπέρματος
1131 1965 1313 2026 Δαϐὶδ,
1349 1964 1493 2018 κατὰ
1518 1965 1576 2017 τὸ
1597 1963 1932 2032 Εὑαγγέλιόν

335 2086 460 2138 μου.
498 2085 517 2118 ι
551 2066 664 2118 Καὶ
694 2061 1236 2143 Ῥωμαίοιςγράφων
1259 2056 1422 2120 εὐθὺς
1469 2058 1529 2110 ὲν
1559 2056 1635 2127 τῷ
1663 2055 1934 2126 προοιμίῳ

343 2161 445 2230 τῆς
482 2156 784 2225 Δαυῖτικῆς
813 2151 1189 2223 ἐμνημόνευσε
1221 2149 1565 2218 συγγενείας.
1597 2149 1741 2219 Ἔφη
1765 2147 1820 2199 δὲ
1842 2145 1933 2199 οῦ-

324 2267 468 2317 τωςο
505 2269 526 2302 σ
556 2249 775 2310 Παῦλος
799 2246 990 2310 δοῦλος
1026 2242 1203 2314 Ἰησοῦ
1236 2241 1498 2314 Χριστοῦ,
1531 2241 1728 2306 κλητὸς
1787 2241 1924 2294 ἀπό-

325 2345 539 2406 στολος,
591 2339 986 2412 ἀφωρισμένος
1039 2339 1120 2400 είς
1149 2336 1490 2404 Εὑαγγέλιον
1533 2333 1694 2396 Θεοῦ,
1731 2334 1760 2386 δ
1791 2349 1930 2404 προ-

326 2433 707 2504 ιπηγγείλατο
739 2429 832 2482 διὰ
863 2427 974 2481 τῶν
1009 2426 1310 2497 προφητῶν
1358 2423 1522 2478 αὐτοῦ
1578 2425 1635 2476 ὲν
1683 2424 1931 2494 Γραφαῖς

325 2525 538 2594 ἁγίαις,
603 2521 737 2592 περὶ
793 2518 888 2572 τοῦ
925 2517 1056 2570 Υίοῦ
1111 2517 1300 2578 αὑτοῦ,
1346 2515 1441 2569 τοῦ
1499 2515 1798 2586 γενομένου
1860 2515 1924 2568 ἐκ

325 2619 657 2689 σπέρματος
683 2611 852 2666 Δαϐιδ
875 2609 1021 2663 κατὰ
1051 2607 1262 2678 σάρκα,
1295 2627 1314 2660 ι
1361 2609 1458 2661 καὶ
1485 2609 1551 2660 τά
1593 2607 1740 2677 ἑξῆς.

397 2791 617 2847 ΕΡΑΝ.
671 2788 876 2858 Συχναὶ
917 2785 1020 2856 μὲν
1073 2787 1129 2838 ai
1167 2783 1471 2850 ἀποδείξεις
1523 2782 1618 2835 καὶ
1681 2781 1926 2849 ἀληθεῖς.

324 2886 466 2938 Eius
491 2885 553 2936 δέ
593 2899 712 2952 μοι,
757 2880 808 2932 τί
840 2879 1040 2950 δήποτε
1066 2875 1133 2928 τὰ
1161 2875 1287 2945 ἑξῆς
1312 2876 1412 2944 τῆς
1445 2873 1750 2943 μαρτυρίας
1780 2890 1929 2944 παρ.-

325 2975 547 3036 ἐλιπεςς

397 3061 564 3114 ΟΡΘ.
615 3059 742 3110 Ὅτι
787 3056 917 3126 περί
950 3055 1048 3125 τῆς
1079 3052 1522 3123 άνθρωπότητος,
1547 3050 1674 3104 ’ἀλλ’
1705 3051 1764 3103 οὗ
1803 3051 1930 3122 περὶ

326 3151 432 3220 τῆς
465 3149 734 3217 ⁶ἔΙεότητος
765 3143 1154 3216 ἀμφιϐάλλεις.
1191 3142 1253 3194 Εἰ
1291 3140 1349 3193 δέ
1378 3157 1443 3208 γε
1471 3140 1599 3210 περὶ
1629 3140 1728 3208 τῆς
1751 3137 1931 3208 θεότη-

326 3258 420 3305 τος
447 3238 852 3311 ἡμφισϐήτεις,
879 3235 1010 3306 περὶ
1044 3233 1245 3301 ταύτης
1293 3231 1360 3284 ἄν
1396 3247 1478 3283 σοι
1504 3231 1606 3293 τὰς
1626 3229 1932 3293 ἀποδείξεις

328 3334 718 3406 προσήνεγκα.
755 3328 904 3398 Πλὴν
939 3326 1104 3396 ἀρκεί
1139 3323 1201 3377 τὸ
1237 3323 1403 3392 φάναι
1443 3340 1460 3372 ι
1499 3323 1642 3374 κατὰ
1675 3322 1875 3391 σάρκα,
1909 3339 1930 3372 ι

328 3420 742 3495 αραδηλῶσαι
772 3418 874 3490 τὴν
905 3416 1281 3488 σεσιγημένην
1314 3413 1562 3485 θεότητα.
1600 3413 1795 3467 Κοινοῦ
1825 3413 1934 3482 γὰρ

330 3515 632 3587 ἀνθριέλπου
658 3511 932 3565 διδάσκων
959 3508 1302 3577 συγγένειαν,
1345 3507 1407 3559 οὐ
1437 3505 1604 3574 λέγω,
1633 3505 1740 3560 Τοῦ
1764 3505 1934 3568 δεῖνος

328 3611 360 3662 6
381 3608 534 3660 δεῖνα
558 3603 710 3657 κατὰ
732 3601 915 3672 σάρκα
939 3600 1078 3663 υίὸς,
1104 3598 1218 3652 ἀλλ’
1243 3598 1452 3661 ἁπλῶς,
1498 3597 1634 3660 υἱός.
1656 3597 1813 3650 Οὕτω
1839 3597 1933 3650 καὶ

331 3702 360 3752 6
409 3699 560 3760 θεῖος
615 3691 1021 3762 εὐαγγελιστὴς
1074 3690 1175 3761 τὴν
1237 3688 1590 3758 γενεαλογίαν
1644 3687 1882 3758 ἔγραψεν
1912 3703 1926 3718 °

337 3810 357 3842 ι
401 3787 666 3858 ’Δῦραὰμ
707 3784 841 3853 γὰρ,
889 3783 1077 3852 φησὶν,
1113 3779 1376 3849 ἐγέννησε
1411 3778 1501 3831 τὸν
1537 3777 1740 3840 Ἰσαὰκ,
1778 3796 1797 3829 ›
1837 3779 1930 3830 καὶ

330 3881 391 3937 οὐ
428 3876 799 3948 προσ-τέθεικε
837 3872 993 3926 κατὰ
1018 3870 1217 3939 σάρκα
1246 3888 1259 3900 ⁸
1305 3870 1466 3940 μόνον
1501 3869 1609 3941 γὰρ
1644 3869 1931 3940 ἄνθρωπος

331 3969 584 4041 ύπῆρχεν
617 3969 648 4020 6
685 3964 898 4018 Ἰσαάκ.
937 3962 1349 4032 Παραπλησίως
1384 3960 1442 4012 δὲ
1486 3961 1580 4014 καὶ
1618 3959 1728 4012 τῶν
1757 3959 1931 4012 ἄλλων

331 4060 788 4132 ἐμνημόνευσεν·
841 4055 1124 4126 ἅνθρωποι
1172 4054 1282 4125 γὰρ
1314 4048 1478 4124 ἦσαν,
1512 4053 1666 4106 οὐδὲν
1695 4051 1801 4116 ἔξω
1832 4053 1930 4121 τῆς

331 4154 550 4222 ιρύσεως
577 4151 822 4222 ἔχοντες.
859 4148 996 4218 Περὶ
1034 4147 1220 4217 μέντοι
1259 4145 1353 4199 τοῦ
1386 4144 1663 4198 Δεσπότου
1691 4141 1928 4214 Χριστοῦ

328 4245 720 4314 διαλεγόμενοι
777 4239 879 4310 τῆς
931 4234 1190 4309 ἀληθείας
1239 4236 1290 4288 oi
1339 4236 1622 4307 κήρυκες,
1673 4237 1767 4290 καὶ
1819 4235 1932 4298 τοῖς

329 4332 633 4401 ἀγνοοῦσιν
675 4326 1090 4390 ἐπιδεικνύντες
1129 4325 1230 4396 τὴν
1275 4323 1428 4378 κάτω
1475 4325 1819 4393 συγγένειαν,
1873 4323 1936 4376 τὸ

329 4426 487 4478 κατὰ
543 4421 754 4489 σάρκα
813 4419 1166 4486 συνάπτουσι,
1192 4415 1364 4488 ταύτῃ
1425 4419 1783 4488 σημαίνοντες
1832 4417 1934 4476 τὴν

332 4517 607 4584 ὓεότητα,
653 4512 752 4566 καὶ
778 4510 1123 4573 διδάσκοντες
1154 4509 1230 4572 ὡς
1268 4507 1369 4562 οὐκ
1413 4507 1698 4580 ἄνθρωπος
1746 4508 1927 4578 μόνον,

330 4606 472 4660 ἀλλὰ
498 4605 599 4658 καὶ
639 4602 755 4674 ('58)
787 4601 922 4664 Θεὸς
955 4601 1284 4672 προαιώνιος
1313 4604 1342 4654 6
1364 4601 1642 4668 Δεσπότης
1671 4599 1928 4670 Χριστός.

399 4693 619 4747 EPAN.
662 4688 872 4753 Πολλὰς
899 4691 999 4760 μὲν
1018 4690 1112 4743 καὶ
1137 4689 1507 4753 ἁποστολικὰς
1538 4691 1631 4742 καὶ
1660 4705 1930 4759 προφητιο

329 4786 436 4850 κάς
472 4784 806 4853 παρῆγαγες
841 4783 1148 4854 μαρτυρίας
1168 4800 1184 4814 ο
1214 4780 1326 4851 ἐγὼ
1356 4781 1413 4835 δὲ
1442 4781 1520 4852 τῷ
1542 4780 1918 4853 Εὐαγγελιστῇ

329 4876 601 4946 πείθομαι
634 4875 887 4944 λέγοντι·
929 4893 948 4924 ι
997 4873 1058 4926 '0
1084 4873 1258 4942 Λόγος
1289 4873 1426 4944 σὰρξ
1449 4872 1686 4942 ἐγένετο.
1724 4892 1742 4923 ι

399 4967 562 5022 οΡθ.
607 4965 785 5035 Κάγὼ
818 4965 1080 5036 πείθομαι
1107 4967 1173 5036 τῇ
1210 4965 1334 5036 Θεία
1372 4964 1546 5036 ταύτῃ
1580 4965 1922 5038 διδασκαλίᾳ,

326 5061 435 5114 νοῶ
475 5059 537 5112 δὲ
570 5059 747 5128 αὐτὴν
791 5057 1034 5120 εὐσεῆὦς
1071 5057 1155 5109 ὅτι
1188 5056 1369 5128 σάρκα
1402 5055 1585 5110 λαὸὼν
1619 5057 1716 5111 καὶ
1745 5041 1926 5128 ψυχὴν

324 5151 588 5224 λογικὴν,
622 5150 845 5220 λέγεται
865 5147 1199 5219 γεγενῆσθαι
1245 5146 1403 5220 σάρξ.
1445 5148 1509 5200 Εἰ
1537 5147 1592 5201 δὲ
1642 5149 1811 5219 μηδὲν
1863 5152 1928 5202 ὲκ

329 5243 424 5312 τῆς
454 5243 742 5315 ἡμετέρας
765 5241 984 5310 φύσεως
1012 5239 1208 5292 ἔλαϐεν
1235 5239 1264 5292 6
1291 5238 1424 5304 Θεὸς
1445 5238 1640 5307 Λόγος,
1667 5240 1769 5293 οὐκ
1789 5239 1923 5308 ἁλη-

1961 3117 2006 3180 C

1964 4448 2010 4507 D

2029 1973 2310 2029 Christum
2338 1974 2708 2030 resurrexisse
2739 1990 2769 2028 a
2795 1973 3028 2027 mortuis
3052 1987 3118 2026 ex
3147 1971 3356 2026 semine
3389 1970 3614 2025 Davidis

2030 2065 2334 2120 secundum
2373 2066 2726 2135 Evangelium
2769 2080 2950 2120 meum
2984 2065 3051 2118 '°.
3085 2085 3102 2116 ι
3139 2065 3207 2119 Ει
3235 2065 3300 2118 ad
3336 2065 3614 2119 Rowanos

2031 2153 2282 2208 scribens
2334 2155 2518 2209 statim
2582 2154 2637 2208 in
2686 2153 2961 2222 principio
3013 2153 3264 2207 meminit
3338 2152 3612 2207 Davidica:

2031 2245 2392 2314 cognationis.
2430 2244 2521 2298 Sic
2548 2245 2696 2299 enim
2734 2243 2914 2297 dicit:
2960 2263 2978 2294 ι
3017 2245 3217 2298 Paulus
3256 2260 3446 2298 servus
3479 2245 3612 2298 Jesu

2028 2332 2488 2398 Christi,vocatus
2506 2336 2809 2405 apostolus,
2832 2346 3146 2406 segregatus
3167 2336 3235 2390 ad
3257 2335 3612 2406 Evangelium

2030 2423 2148 2488 Dei,
2182 2424 2329 2494 quod
2357 2433 2482 2479 ante
2514 2427 2843 2496 promiserat
2892 2442 2990 2495 per
3044 2426 3341 2496 prophetas
3385 2442 3516 2482 suos
3554 2425 3614 2482 in

2031 2513 2333 2585 Scripturis
2365 2516 2569 2570 sanctis
2595 2516 2662 2571 de
2698 2517 2834 2572 Filio
2884 2533 3006 2581 suo,
3049 2518 3144 2587 qui
3197 2525 3356 2572 natus
3411 2531 3496 2574 est
3544 2533 3614 2574 ex

2030 2607 2240 2661 semine
2300 2607 2524 2678 Davidis
2576 2607 2882 2662 secundum
2937 2623 3161 2664 carnem
3204 2609 3275 2674 ⁸⁸,
3309 2627 3328 2662 ι
3386 2618 3444 2663 et
3490 2625 3614 2679 qua

2030 2707 2361 2766 sequuntur.
3377 2761 3384 2767 .

2099 2788 2209 2858 39
2238 2789 2442 2844 ERAN.
2475 2789 2746 2845 Conferta:
2793 2789 3018 2860 quidem
3068 2798 3200 2846 sunt
3244 2791 3329 2845 hae
3379 2807 3442 2845 ac
3470 2805 3615 2845 verm

2029 2879 2546 2935 demonstrationes.
2569 2881 2666 2934 Dic
2685 2881 2820 2934 mihi
2850 2889 3033 2935 autem
3054 2920 3069 2942 ,
3106 2897 3206 2935 cur
3237 2882 3503 2950 reliquam
3533 2892 3616 2938 tc-

2029 2971 2271 3024 stimonii
2317 2979 2526 3042 partem
2543 2972 2797 3026 omiseris
2816 2972 2840 3025 ?

2105 3059 2313 3115 ORTH.
2350 3061 2487 3128 Quia
2532 3062 2601 3117 de
2632 3062 2874 3117 humana
2923 3073 3144 3128 natura,
3189 3079 3299 3118 non
3330 3064 3399 3120 de
3427 3064 3615 3122 divina

2036 3150 2286 3220 ambigis.
2313 3149 2468 3216 Quod
2491 3151 2536 3205 si
2562 3151 2629 3206 de
2656 3151 2946 3208 divinitate
2983 3153 3291 3220 dubitares,
3329 3155 3397 3209 de
3428 3171 3490 3210 ea
3514 3156 3615 3212 tibi

2034 3240 2531 3297 demonstrationes
2553 3243 2928 3313 protulissem.
2949 3244 3162 3301 Sufﬁcit
3195 3255 3376 3301 tamen
3403 3249 3611 3315 dicere,

2042 3349 2061 3382 ι
2093 3331 2395 3386 secundum
2418 3347 2662 3398 carnem,
2705 3353 2724 3385 ι
2755 3333 2824 3387 ad
2847 3334 3236 3393 declarandam
3267 3337 3615 3393 divinitatem

2033 3437 2155 3492 qua:
2182 3438 2293 3476 non
2333 3423 2680 3494 exprimitur.
2714 3426 2791 3480 De
2817 3427 3126 3481 communis
3180 3429 3324 3481 enim
3371 3429 3617 3484 hominis

2034 3510 2359 3580 cognatione
2382 3512 2549 3566 verba
2568 3513 2776 3568 faciens
2802 3531 2915 3569 non
2946 3514 3069 3571 dico
3093 3535 3106 3568 :
3126 3517 3226 3570 Hic
3249 3517 3396 3572 illius
3419 3535 3616 3574 secun-

2034 3598 2199 3654 dum'
2230 3616 2453 3658 carnem
2474 3603 2641 3668 illius,
2666 3606 2760 3660 sed
2789 3607 3114 3675 simpliciter
3135 3607 3295 3662 dico:
3327 3609 3494 3664 illius.
3523 3611 3616 3667 Sic

2032 3700 2092 3749 et
2141 3694 2365 3750 divinus
2418 3699 2750 3768 evangelista
2807 3701 3180 3771 genealogiam
3232 3701 3554 3758 describens
3595 3721 3612 3756 :

2043 3803 2061 3836 ι
2083 3785 2359 3841 Abraham
2388 3787 2561 3853 enim,
2583 3789 2784 3859 inquit,
2811 3791 3004 3860 genuit
3031 3792 3275 3847 lsaacum
3296 3795 3358 3858 ",
3375 3813 3393 3844 ι
3421 3804 3612 3849 etnon

2033 3877 2237 3948 adjecit
2267 3881 2554 3933 secundum
2601 3897 2837 3945 carnem,
2871 3885 3000 3952 quia
3030 3883 3182 3939 Isaac
3210 3884 3377 3939 homo
3400 3894 3613 3939 tantum

2031 3977 2172 4024 erat.
2224 3970 2543 4041 Eodemque
2591 3973 2756 4027 modo
2786 3975 2926 4028 alios
2975 3976 3140 4029 etiam
3169 3986 3563 4032 commemorat
3594 3996 3608 4031 :

2034 4057 2289 4113 homines
2360 4059 2508 4114 enim
2577 4071 2767 4127 erant,
2813 4078 2920 4119 nec
2981 4066 3282 4137 quidquam
3338 4068 3616 4124 habebant

2031 4156 2234 4217 praeter
2261 4148 2601 4219 (humanaml
2623 4163 2896 4208 naturam.
2931 4155 3003 4210 At
3027 4155 3094 4211 de
3123 4157 3348 4212 Christo
3382 4158 3610 4213 Domine

2034 4235 2373 4292 disserentes
2404 4241 2656 4296 veritatis
2677 4259 2982 4313 pmcones,
3013 4257 3070 4301 et
3097 4246 3303 4317 ignaris
3329 4249 3612 4318 cognatio-

2033 4342 2163 4382 nem
2211 4343 2338 4382 cum
2393 4329 2658 4386 inferiore
2691 4343 2888 4388 natura
2939 4338 3335 4403 ostendentes,
3401 4340 3613 4396 addunt

2034 4420 2318 4475 secundum
2376 4438 2629 4487 carnem,
2712 4423 2818 4480 hac
2869 4427 3083 4483 ratione
3128 4429 3472 4485 divinitatem
3522 4433 3613 4487 in-

2037 4512 2306 4578 dicantes,
2351 4522 2409 4568 et
2454 4515 2717 4571 docentes
2760 4533 2869 4571 non
2923 4518 3204 4574 hominem
3249 4522 3461 4586 solum,
3515 4521 3614 4578 sed

2036 4603 2202 4658 etiam
2227 4603 2398 4658 Deum
2425 4614 2690 4660 aeternum
2727 4622 2850 4662 esse
2879 4606 3161 4663 Christum
3191 4610 3509 4665 Dominum.

2099 4694 2306 4748 ERAN.
2338 4695 2504 4750 Multa
2529 4712 2660 4753 sane
2674 4707 2732 4752 et
2759 4699 3060 4767 apostolica
3079 4700 3467 4770 etpropbetica
3487 4717 3616 4772 pro-

2037 4787 2211 4842 tulisti
2242 4787 2592 4843 testimonia:
2627 4804 2732 4859 ego
2760 4804 2893 4844 vero
2927 4791 3294 4861 Evangelista‘.
3327 4792 3495 4847 credo
3521 4792 3613 4846 di-

2036 4879 2183 4934 centi
2213 4897 2226 4933 :
2270 4898 2288 4930 ι
2323 4879 2568 4934 Verbum
2600 4895 2730 4935 caro
2757 4879 2962 4934 factum
2992 4889 3078 4935 est
3092 4881 3160 4935 ³⁸.
3199 4900 3218 4933 ι

2104 4967 2314 5023 ORTH.
2349 4968 2462 5039 Ego
2487 4984 2708 5039 quoque
2733 4971 3008 5024 assentior
3027 4971 3157 5026 huic
3181 4970 3382 5026 divinae
3407 4970 3617 5026 doctri-

2035 5075 2140 5123 nae,
2172 5057 2268 5114 sed
2294 5057 2384 5129 pie
2408 5057 2557 5112 illam
2575 5059 2845 5131 intelligo,
2875 5060 3022 5130 quod
3055 5076 3278 5116 carnem
3307 5075 3615 5124 assumens,

2034 5161 2092 5207 et
2119 5151 2358 5206 animam
2392 5149 2739 5218 rationalem,
2788 5169 2916 5210 caro
2970 5153 3176 5210 factum
3219 5169 3341 5210 esse
3386 5152 3612 5208 dicitur.

2030 5241 2188 5307 Quod
2211 5241 2257 5296 si
2282 5241 2424 5296 nihil
2461 5257 2529 5298 ex
2547 5250 2736 5298 nostra
2755 5252 2955 5299 natura
2984 5243 3284 5314 assumpsit
3303 5243 3449 5297 Deus
3479 5241 3614 5293 Ver-

325 5336 438 5397 οείς
481 5333 588 5404 μὲν
613 5334 670 5385 αί
719 5333 857 5404 πρὸς
886 5332 1015 5394 τοὺς
1053 5329 1400 5400 πατριάρχας
1446 5329 1598 5402 παρᾶ
1646 5330 1741 5384 τοῦ
1783 5330 1919 5383 Θεοῦ

2032 5330 2186 5394 bum,
2228 5343 2378 5385 vera:
2423 5345 2539 5385 non
2569 5339 2700 5388 sunt
2728 5333 3064 5404 patriarchis
3106 5350 3140 5389 a
3173 5333 3289 5390 Deo
3327 5330 3613 5386 universo-

393 5512 444 5546 ⁸⁹
467 5515 599 5570 Act.
623 5531 736 5580 xm,
758 5515 848 5568 23.

394 5681 512 5747 (3.5)
546 5681 648 5735 Ed.
696 5682 856 5735 Rom.
899 5686 957 5733 ct
988 5678 1139 5747 Lips.
1174 5677 1324 5744 περί.

551 5753 637 5805 ἀλ.
669 5750 917 5820 Utraque
949 5745 1122 5802 editio
1156 5749 1322 5803 habet
1360 5746 1660 5810 εὐσεϐείας.

963 5513 1077 5570 "ll
1126 5512 1270 5569 Tim.
1306 5529 1363 5579 ιι,
1399 5513 1452 5569 8.
1529 5513 1573 5545 ’ί
1625 5513 1783 5567 Rom.
1814 5527 1852 5565 ι.
1895 5511 2006 5565 1-3.

2104 5513 2150 5542 ”
2172 5510 2366 5566 Matth.
2393 5527 2430 5576 ι,
2471 5510 2526 5564 2.
2596 5512 2642 5545 ⁸³
2675 5513 2833 5568 Joan.
2866 5532 2906 5582 ι,
2941 5515 3027 5569 lli.

2100 5673 2212 5742 (37)
2238 5674 2312 5728 δέ.
2352 5673 2514 5745 Locis
2545 5674 2636 5728 cit.
2665 5677 2917 5745 sequitur
2955 5677 3070 5731 καί.

2099 5741 2210 5816 (38)
2238 5745 2352 5797 καί.
2387 5741 2464 5796 Ex
2492 5745 2580 5798 ed.
2611 5741 2768 5798 Rom'.
2797 5755 2853 5800 et
2883 5746 3030 5815 Lips.
3067 5753 3402 5815 suppletum.
