4090 6452
495 327 566 396 71
1486 326 1973 388 TIIEODORETI
2011 325 2351 389 EPISCOPI
2391 295 2754 392 CYRENSIS
3695 343 3766 407 τε

500 455 626 495 rum
655 437 1013 510 jurejurando
1043 437 1268 493 sancitaz
1297 437 1713 508 promissiones,
1744 438 1959 492 inutilis
1985 454 2085 492 au-

2196 438 2295 492 τῶν
2321 441 2459 495 ὅλων
2498 443 2616 512 μεθ’
2654 443 2834 512 ὅρκων
2865 441 3230 512 γεγενημέναι
3265 437 3549 512 συνθῆκαι,
3574 440 3766 513 άνόνηυ

500 542 610 587 tem
632 531 742 602 40
765 530 919 585 Judze
961 527 1274 582 benedictio
1303 569 1317 593 ,
1361 538 1418 583 et
1450 528 1584 582 lalsa
1623 543 1744 597 quae
1784 529 1974 582 Davidi
2006 529 2084 583 fa-

500 631 586 675 cta
617 629 702 675 est
728 620 1039 689 promissio.
1082 617 1497 687 Supervacanea
1533 633 1664 671 vero
1685 617 1851 671 etiam
1887 618 2077 688 Virgo,

495 728 622 780 qua:
645 712 757 765 Deo
809 711 1091 763 incarnato
1130 709 1266 762 nihil
1314 716 1526 761 natura:
1581 716 1783 761 nostra:
1822 708 2077 760 contulit.

504 805 897 873 Prophetarum
934 817 1154 872 quoque
1186 801 1575 870 praedictiones
1627 800 1790 854 ﬁnem
1844 817 1953 853 non
1993 801 2084 854 ha-

502 897 651 950 bent.
702 897 880 960 Quare
927 895 1104 948 inanis
1139 908 1358 963 quoque
1397 901 1479 946 est
1526 892 1842 961 praedicatio
1873 901 2081 957 nostra,

500 987 680 1040 inanis
711 986 846 1040 ﬁdes
888 992 1097 1047 nostra,
1130 999 1269 1036 vana
1303 997 1522 1051 quoque
1561 997 1688 1050 spes
1716 981 2084 1035 resurrectio-

502 1080 609 1134 nis.
657 1079 918 1132 Mentitur
965 1077 1133 1140 enim,
1170 1075 1486 1139 utvidetur,
1514 1074 1809 1143 Apostolus
1837 1073 2028 1128 dicens
2067 1091 2079 1126 :

508 1190 526 1221 ι
573 1171 688 1226 Una
729 1169 1075 1224 resuscitavit
1095 1177 1151 1221 et
1177 1166 1370 1221 sedere
1398 1181 1498 1219 nos
1526 1164 1656 1220 fecit
1685 1165 1739 1219 in
1767 1165 2086 1221 cmlestibus

499 1277 628 1318 cum
679 1260 908 1316 Christo
955 1260 1177 1314 Iesu”.
1221 1277 1240 1309 ι
1299 1257 1355 1311 Si
1405 1257 1552 1311 enim
1618 1267 1821 1312 nostrae
1873 1265 2086 1310 natura:

493 1353 756 1407 Christus
783 1352 1050 1406 Dominus
1079 1350 1214 1404 nihil
1248 1349 1482 1412 habuit,
1515 1347 1651 1403 falso
1697 1348 1955 1418 primitie
1987 1363 2088 1401 no-

498 1451 629 1497 stra:
655 1443 962 1512 appellatus
999 1449 1084 1494 est
1115 1458 1127 1492 :
1159 1438 1408 1508 corporis
1428 1453 1593 1507 porro
1622 1448 1820 1491 natura
1843 1453 1912 1492 ex
1937 1452 2088 1490 mor-

501 1534 614 1588 tuis
637 1534 872 1587 excitata
905 1547 1012 1585 non
1047 1540 1151 1594 est,
1181 1545 1360 1599 neque
1403 1530 1458 1583 in
1494 1530 1633 1583 caalo
1668 1530 1854 1584 sedem
1893 1545 1922 1582 a
1947 1528 2083 1582 dex-

503 1625 636 1679 teris
661 1631 974 1679 consecuta.
997 1621 1152 1689 Quod
1172 1621 1217 1676 si
1255 1636 1388 1674 vero
1417 1621 1556 1674 nihil
1594 1621 1789 1674 horum
1820 1620 2082 1685 obtinuit,

499 1715 780 1786 quomodo
810 1730 909 1768 nos
933 1715 1075 1768 Deus
1104 1729 1208 1766 una
1247 1710 1596 1765 resuscitavit
1625 1718 1680 1763 et
1713 1725 1839 1764 cum
1861 1709 2086 1764 Christo

2190 548 2283 595 τος
2330 533 2390 587 δὲ
2421 533 2516 586 τοῦ
2573 535 2741 588 Ἰούδα
2783 535 2816 603 ή
2851 533 3092 601 εὐλογία,
3132 531 3335 603 ψευδὴς
3361 532 3478 604 δὲή
3516 532 3650 607 πρὸς
3675 532 3767 589 τὸν

2190 622 2355 675 Δα6“ιδ
2384 624 2706 694 ἐπαγγελία,
2739 623 2971 695 περιττὴ
3000 624 3054 676 δὲ
3092 624 3186 676 καὶ
3217 624 3250 694 ὴ
3287 623 3587 696 Παρθένος,
3615 624 3768 678 οὐδὲν

2189 713 2290 781 τῆς
2316 715 2591 785 ἡμετέρας
2614 715 2828 784 φύσεως
2850 715 2927 785 τῷ
2952 714 3289 786 σαρκωθέντι
3321 715 3690 786 προσενεγκοῦ
3701 733 3767 770 σα

2191 804 2330 875 Θεῷ.
2364 806 2432 858 Αἱ
2453 805 2508 858 δὲ
2538 806 2647 858 τῶν
2678 806 2974 876 προφητῶν
3010 807 3343 876 προρρήσεις
3369 806 3428 859 τὸ
3467 806 3640 876 πέρας
3667 807 3768 860 οὐκ

2192 869 2392 964 ἔχουσι.
2423 896 2593 948 Κενὸν
2615 869 2921 968 οῦν-ἄρατὸ
2939 869 3408 967 κήρυγμα-ήμῶν,
3434 869 3566 968 κενή
3591 898 3647 950 δὲ
3674 869 3800 952 καὶΙ

2191 986 2443 1055 ὴπίστις
2493 986 2673 1055 ήμῶν,
2725 985 2929 1056 ματαία
2980 986 3164 1038 δὲκαὶ
3208 986 3307 1055 τῆς
3361 986 3769 1059 άναστάσεωςή

2193 1075 2375 1138 ἐλπίς.
2419 1073 2688 1129 Ψεύδεται
2720 1076 2848 1144 γάρ,
2883 1075 2957 1138 ὡς
3004 1076 3204 1136 ἔοικεν,
3256 1078 3284 1128 6
3328 1077 3648 1141 Ἀπόστολος
3681 1079 3770 1130 λέ-

2190 1182 2342 1236 γων’
2385 1185 2404 1218 ‹
2447 1168 2748 1237 Συνήγειρε
2799 1169 2893 1220 καὶ
2953 1169 3311 1222 συνεκάθισεν
3356 1171 3503 1239 ἡμᾶς
3555 1172 3612 1222 tv
3655 1174 3770 1235 τοῖς

2191 1253 2536 1324 ἐπουρανίοις
2583 1257 2640 1308 tv
2675 1255 2894 1326 Χριστῷ
2940 1255 3135 1326 Ἰησοῦ.
3170 1276 3187 1307 ι
3222 1257 3284 1310 Et
3315 1259 3422 1328 γὰρ
3476 1259 3642 1328 μηδὲν
3671 1261 3771 1328 τῆς

2191 1345 2469 1416 ἡμετέρας
2491 1345 2706 1414 φύσεως
2731 1342 2876 1417 εἶχεν
2905 1349 2933 1400 6
2964 1348 3242 1419 Δεσπότης
3263 1348 3522 1419 Χριστὸς,
3555 1348 3772 1418 ψευδῶς

2195 1435 2295 1504 μὲν
2323 1436 2354 1505 ή
2364 1434 2480 1504 μῶν
2508 1435 2735 1506 ἀπαρχὴ
2757 1439 3226 1508 προσηγόρευταιο
3251 1438 3503 1509 σώματος
3529 1438 3585 1492 δὲ
3607 1439 3773 1509 φύσις

2192 1524 2257 1576 ὲκ
2295 1523 2509 1594 νεκρῶν
2540 1526 2640 1577 οὐκ
2673 1527 2992 1596 ἐγήγερται,
3023 1526 3147 1580 οὔτε
3193 1529 3300 1599 μήν
3342 1529 3399 1582 tv
3423 1529 3638 1601 οὐρανῷ
3670 1531 3774 1602 τῆς

2193 1614 2256 1664 ὲκ
2283 1611 2474 1677 δεξιῶν
2506 1612 2778 1684 καθέδρας
2807 1615 3127 1686 τετύχηκεν.
3163 1617 3224 1671 Εἰ
3261 1617 3319 1670 δὲ
3359 1619 3526 1688 μηδὲν
3564 1619 3775 1674 τούτων

2191 1701 2485 1772 τετύχηκε,
2514 1703 2632 1766 πῶς
2669 1706 2819 1774 ἡμᾶς
2851 1707 2879 1758 6
2917 1705 3049 1770 Θεὸς
3086 1710 3377 1781 συνήγειρέ
3418 1727 3477 1762 τε
3519 1711 3614 1764 καὶ
3643 1729 3776 1765 συν-

505 1807 696 1861 sedere
721 1804 998 1874 fecit,.qui
1049 1803 1184 1857 nihil
1229 1803 1447 1856 adeum
1480 1801 1782 1855 secundum
1830 1809 2083 1855 naturam

2196 1793 2411 1846 εκάθισε
2449 1793 2528 1865 τῷ
2565 1796 2810 1866 Χριστῷ,
2841 1799 2968 1861 τοὺς
3019 1801 3184 1870 μηδὲν
3228 1801 3376 1872 αὐτῷ
3421 1803 3564 1856 κατὰ
3609 1802 3776 1874 φύσιν

501 1897 845 1951 attinemus?
879 1895 985 1949 Sed
1015 1894 1243 1963 impium
1279 1901 1363 1947 est
1393 1892 1510 1946 hate
1537 1893 1746 1946 dicere.
1783 1891 1917 1946 Nam
1948 1892 2090 1946 divi-

501 2004 608 2043 nus
645 1987 962 2058 Apostolus,
997 1986 1129 2040 licet
1170 1985 1415 2039 nondum
1461 1984 1600 2040 facta
1661 1984 1734 2038 sit
1777 1983 2090 2038 communis

501 2081 854 2144 resurrectio,
878 2095 982 2134 nec
1008 2093 1238 2148 regnum
1261 2079 1524 2132 caelorum
1550 2075 1902 2131 credentibus
1934 2075 2090 2129 exhi-

501 2169 700 2233 bitum,
740 2171 942 2223 clamat
995 2175 1179 2220 tamen
1229 2184 1240 2218 :
1283 2185 1299 2216 ι
1337 2166 1455 2222 Una
1494 2165 1847 2220 resnscitavit
1897 2173 1954 2219 et
2003 2179 2090 2219 se-

502 2260 634 2315 dere
685 2275 788 2314 nos
821 2259 951 2312 fecit
983 2258 1038 2311 in
1088 2259 1410 2313 caelestibus
1445 2271 1570 2311 cum
1616 2256 1835 2311 Christo
1880 2255 2031 2318 Jesu,
2062 2273 2080 2306 ι

503 2354 730 2416 docens,
765 2368 889 2406 cum
914 2352 1173 2422 primitiae
1196 2360 1400 2406 nostrae
1437 2348 1901 2413 resurrexerint‘,
1928 2356 1985 2402 et
2019 2346 2088 2402 ad

504 2445 791 2499 dexteram
822 2443 1199 2508 consederint,
1237 2457 1337 2496 nos
1373 2455 1593 2512 quoque
1624 2438 2087 2493 resurrectionem

504 2535 734 2590 omnino
772 2539 1167 2588 consecuturos
1194 2547 1346 2597 esse;
1388 2539 1445 2585 et
1491 2529 1860 2600 primitiarum
1904 2528 2091 2599 gloriae

503 2627 802 2697 participes
851 2639 975 2679 esse
1023 2623 1240 2677 futuros
1284 2621 1380 2692 qui
1429 2631 1684 2675 naturam
1729 2619 2087 2690 participant,

504 2718 779 2786 ﬁdemque
813 2721 1196 2785 susceperunt.

577 2859 787 2916 BDAN.
821 2857 890 2911 Et
915 2855 1089 2911 multa
1113 2861 1170 2909 et
1200 2868 1330 2909 vera
1350 2853 1615 2908 enarrasti
1655 2871 1670 2907 :
1697 2853 1792 2910 sed
1822 2869 1924 2924 ego
1957 2853 2091 2908 dicti

499 2951 806 3022 evangelici
839 2947 1168 3002 sententiam
1196 2946 1339 3000 scire
1364 2946 1548 3000 velim.

574 3081 786 3137 08TH.
842 3077 1308 3147 Interpretatione
1357 3076 1649 3147 peregrina
1715 3076 1814 3130 tibi
1867 3092 1976 3130 non
2003 3087 2090 3133 est

505 3183 647 3238 opus
691 3186 706 3219 :
754 3141 1101 3236 Evangelista
1163 3164 1312 3218 enim
1357 3141 1606 3234 seipsum
1665 3164 2082 3236 interpretatur.
2115 3141 2158 3198 α

503 3258 642 3313 Cum
717 3254 868 3308 enim
937 3252 1166 3308 dixisset
1221 3271 1234 3306 :
1296 3271 1315 3305 ι
1389 3254 1626 3309 Verbum
1688 3270 1819 3311 caro
1880 3257 2086 3312 factum

505 3354 612 3410 est,
651 3364 668 3396 ι
711 3343 1036 3415 subjunxit:
1075 3361 1094 3394 ι
1134 3343 1203 3397 Et
1256 3343 1528 3399 habitavit
1581 3344 1637 3399 in
1692 3347 1856 3402 nobis
1881 3347 2034 3413 "'";
2064 3365 2082 3398 ι

507 3436 615 3490 hoc
647 3443 752 3499 est,
788 3434 891 3505 41
928 3433 1035 3486 ﬁxo
1080 3432 1138 3486 in
1200 3434 1363 3489 nobis
1406 3434 1765 3491 tabernaculo
1814 3451 2089 3508 carneque

505 3539 576 3578 ex
609 3523 769 3578 nobis
818 3531 1098 3591 assumpta
1151 3523 1308 3591 quasi
1361 3524 1566 3594 templo
1614 3525 1853 3594 quodam
1907 3533 2086 3590 utens,

506 3631 636 3669 caro
681 3615 884 3668 factum
929 3613 1152 3669 dicitur.
1203 3615 1273 3670 Et
1317 3615 1524 3671 docens
1553 3631 1684 3671 eum
1743 3615 2091 3670 immutabile

510 3707 778 3761 mansisse
823 3705 1026 3776 adjecit
1064 3723 1077 3760 :
1118 3725 1136 3757 ι
1171 3706 1239 3760 Ει
1280 3707 1521 3763 vidimus
1546 3708 1775 3779 gloriam
1798 3708 1940 3778 ejus,
1972 3708 2090 3778 glo-

509 3799 646 3852 riam
671 3797 828 3866 quasi
859 3797 1138 3866 Unigeniti
1167 3813 1198 3852 a
1238 3798 1421 3863 Patre,
1449 3799 1678 3869 plenum
1702 3797 1888 3868 gratiae.
1914 3805 1972 3851 et
1993 3812 2091 3851 ve-

510 3889 771 3944 ritatis”.
813 3907 832 3940 ι
860 3889 1075 3943 Etenim
1128 3904 1294 3944 carne
1318 3890 1554 3944 amictus
1582 3898 1868 3959 paternam
1893 3888 2095 3942 nobili-

512 3988 677 4034 tatem
714 3995 824 4048 praa
855 3995 911 4034 se
949 3980 1180 4045 ferebat,
1208 3980 1626 4048 divinitatisque
1652 3979 1838 4035 radios
1876 3994 2094 4049 sparge-

512 4072 644 4134 bat,
677 4081 734 4125 et
783 4071 1079 4127 Dominica:
1125 4073 1417 4142 potestatis
1468 4071 1736 4140 fulgorem
1784 4071 2092 4136 evibrabat,

509 4162 771 4216 latentem
790 4169 1041 4215 naturam
1067 4159 1350 4215 miraculis
1379 4157 1738 4228 patefaciens.
1766 4159 1864 4214 His
1891 4159 2105 4214 similia

510 4261 640 4306 sunt
667 4268 789 4322 quae
818 4253 886 4307 ad
931 4254 1315 4323 Philippenses
1343 4250 1568 4320 scripsit
1609 4252 1832 4306 divinos
1867 4250 2098 4320 Aposto-

511 4343 598 4398 lus
623 4360 635 4395 :
663 4363 680 4393 ι
708 4343 822 4397 lloc
855 4346 1059 4399 sentite
1087 4345 1141 4400 in
1161 4341 1320 4396 vobis
1341 4342 1487 4412 quod
1512 4351 1569 4396 et
1600 4344 1655 4396 in
1680 4343 1902 4398 Christo
1923 4343 2051 4397 Jesu
2079 4360 2092 4396 :

511 4436 606 4505 qui
644 4451 768 4489 cum
805 4435 861 4488 in
893 4437 1069 4490 forma
1105 4434 1201 4489 Dei
1226 4442 1394 4498 esset,
1439 4449 1551 4488 non
1582 4434 1830 4503 rapinam
1857 4433 2097 4487 arbitra-

513 4536 602 4581 tus
634 4535 718 4581 est
746 4541 866 4582 esse
893 4544 951 4582 se
974 4527 1246 4596 aequalem
1290 4525 1426 4588 Deo,
1471 4525 1569 4579 sed
1608 4525 1965 4594 semetipsum
1997 4539 2095 4578 ex-

511 4620 763 4683 inanivit,
794 4620 1021 4675 formam
1055 4618 1201 4674 servi
1227 4631 1534 4680 assumens,
1570 4615 1639 4669 ad
1677 4615 2096 4670 similitudinem

514 4712 796 4766 hominum
833 4711 1032 4777 factus,
1067 4719 1123 4766 et
1154 4709 1350 4764 habitu
1395 4707 1652 4761 inventus
1678 4715 1738 4761 ut
1770 4707 1952 4760 homo.
1986 4707 2099 4762 liu-

514 4803 748 4858 miliavit
779 4805 1140 4873 semetipsum
1174 4801 1353 4855 factus
1374 4797 1642 4852 obediens
1660 4813 1834 4867 usque
1865 4799 1934 4852 ad
1947 4815 2096 4854 mor-

514 4905 646 4959 tem,
679 4903 912 4949 mortem
946 4905 1132 4949 autem
1163 4890 1430 4946 crucis".
1465 4909 1483 4940 ι
1515 4888 1652 4944 Vide
1691 4889 2098 4959 praedicationis

515 4985 951 5041 consonantiam.
1000 4982 1350 5052 Evangelista
1377 4978 1518 5033 dixit
1559 4995 1572 5032 :
1622 4997 1640 5030 ι
1674 4979 1916 5034 Verbum
1967 4997 2096 5036 caro

514 5076 720 5132 factum
771 5087 876 5140 est,
913 5085 970 5130 et
1025 5071 1299 5128 habitavit
1344 5071 1401 5124 in
1453 5069 1646 5136 nobis;
1685 5089 1703 5121 ι
1757 5069 2094 5140 Apostolus:

523 5189 540 5220 ι
578 5169 734 5224 Servi
777 5167 1012 5222 formam
1051 5163 1349 5233 accipiens.
1374 5180 1391 5212 ›
1437 5162 1650 5216 Rursus
1682 5160 1818 5215 dixit
1843 5163 2096 5232 Evange-

515 5261 640 5314 lista
675 5277 688 5312 :
733 5280 751 5310 ι
786 5257 1038 5312 Vidimus
1064 5254 1293 5326 gloriam
1333 5254 1484 5324 ejus,
1516 5252 1745 5322 gloriam
1779 5253 1934 5321 quasi
1960 5239 2116 5307 Uni-i

516 5351 687 5420 geniti
729 5367 758 5403 a
805 5348 1000 5411 Patre;
1045 5365 1063 5396 ι
1119 5344 1419 5414 Apostolus
1454 5362 1466 5397 :
1502 5362 1519 5394 ι
1555 5343 1660 5409 Qui
1695 5358 1821 5397 cum
1847 5343 1901 5396 in
1925 5342 2098 5397 forma

517 5441 616 5495 Dei
637 5445 804 5501 esset,
828 5450 939 5489 non
969 5436 1218 5506 rapinam
1239 5435 1539 5490 arbitratus
1563 5447 1647 5489 est
1673 5449 1795 5489 esse
1835 5450 1890 5488 se
1913 5451 2098 5503 aequa-

516 5532 626 5586 lem
656 5532 785 5583 Deo.
821 5547 838 5578 ι
878 5527 966 5592 Et,
994 5537 1053 5582 ut
1078 5528 1270 5599 paucis
1292 5527 1496 5593 dicam,
1517 5527 1682 5580 ambo
1704 5526 1925 5592 docent,
1950 5542 2098 5592 eum,

587 5705 631 5740 ⁸³
657 5705 839 5774 Ephes
889 5706 1019 5770 11,6.
1093 5707 1211 5740 ""°
1244 5705 1399 5760 Joan.
1449 5720 1486 5768 1,
1524 5704 1609 5759 Η.
1684 5703 1728 5733 ’³⁷
1761 5703 1897 5758 ibid.

2189 1883 2605 1952 προσήκοντας;
2647 1885 2810 1939 Ἀλλά
2859 1885 3118 1951 δυσσεϐὲς
3149 1889 3211 1944 τὸ
3243 1891 3417 1945 ταῦτα
3463 1891 3665 1961 λέγειν.
3710 1894 3779 1948 '0

2187 1969 2298 2040 γάρ
2356 1969 2500 2033 θεῖος
2568 1972 2913 2040 Ἀπόστολος,
2964 1975 3195 2046 μηδέπω
3253 1978 3388 2048 μηδὲ
3437 1979 3536 2049 τῆς
3586 1981 3778 2052 κοινῆς

2188 2063 2538 2128 ἀναστάσεως
2567 2066 2889 2138 γενομένης,
2925 2070 3065 2140 μήτε
3095 2069 3196 2140 τῆς
3217 2070 3325 2123 τῶν
3347 2071 3592 2143 οὐρανῶν
3617 2072 3779 2142 βασι-

2189 2155 2336 2220 λείας
2371 2159 2484 2221 τοῖς
2513 2161 2902 2212 πεπιστευκόσι
2931 2161 3394 2234 παρασχεθείσης,
3431 2165 3558 2236 βοᾷ·
3587 2185 3607 2216 ι
3636 2167 3790 2218 Συν-

2189 2248 2379 2319 ήγειρε
2409 2249 2505 2302 καὶ
2540 2249 2895 2306 συνεκάθισεν
2918 2253 3066 2323 ἡμᾶς
3101 2257 3158 2307 tv
3185 2258 3298 2318 τοῖς
3333 2256 3678 2327 ἐπουρανίοις
3714 2260 3781 2310 ἐν

2189 2339 2415 2410 Χριστῷ
2453 2340 2656 2411 Ἰησοῦ,
2716 2360 2736 2394 ι
2785 2341 3058 2398 διδάσκων
3092 2345 3168 2409 ὡς
3218 2345 3319 2415 τῆς
3366 2348 3623 2417 ὰπαρχῆς
3673 2347 3782 2415 τῆς

2190 2433 2347 2505 ήμῶν
2391 2434 2766 2498 ἀναστάσεως,
2817 2435 2914 2488 καὶ
2960 2435 3058 2506 τῆς
3109 2437 3174 2488 ὲκ
3220 2435 3408 2501 δεξιῶν
3471 2437 3783 2508 γενομένης

2189 2525 2479 2597 καθέδρας,
2529 2525 2839 2597 τευξόμεθα
2894 2527 2988 2580 καὶ
3039 2528 3198 2597 ἡμεῖς
3241 2528 3458 2591 πάντως
3497 2529 3597 2598 τῆς
3639 2529 3782 2581 ἁνα-

2193 2615 2459 2680 στάσεως,
2485 2615 2582 2668 καὶ
2608 2617 2674 2686 τῇ
2701 2616 2923 2686 ἀπαρχῇ
2949 2615 3267 2669 κοινωνοῦσι
3291 2619 3386 2688 τῆς
3401 2617 3557 2687 δόξης
3578 2619 3628 2668 οἱ
3654 2633 3780 2670 κοι-

2190 2705 2488 2770 νωνοῦντες
2503 2705 2604 2776 τῆς
2622 2706 2834 2775 φύσεως
2850 2706 2943 2759 καὶ
2970 2706 3359 2776 μετειληφότες
3386 2706 3486 2777 τῆς
3517 2707 3780 2770 πίστεως.

2262 2819 2471 2873 ΕΡΔΝ.
2515 2819 2626 2872 Καὶ
2659 2818 2890 2882 πολλοὺς
2920 2819 3014 2872 καὶ
3039 2819 3259 2891 ἀληθεῖς
3285 2820 3664 2893 διεξελήλυθας
3683 2821 3780 2875 λό-

2191 2927 2323 2980 γους
2341 2926 2356 2940 ’
2383 2908 2500 2963 ἀλλ’
2525 2908 2832 2980 ἐϐουλόμην
2854 2910 3059 2991 γνῶναι
3092 2909 3186 2964 τοῦ
3215 2911 3575 2982 εὐαγγελικοῦ
3603 2911 3779 2986 ῥητοῦ

2192 3003 2291 3074 τὴν
2319 3002 2582 3056 διάνοιαν.

2267 3095 2420 3149 ΟΡΘ.
2455 3094 2532 3148 Οὐ
2582 3093 2665 3147 δεῖ
2698 3111 2781 3147 σοι
2817 3093 2977 3165 ξένης
3027 3095 3356 3168 ἑρμηνείας·
3408 3097 3571 3161 αὐτὸς
3603 3098 3716 3171 γὰρ
3748 3101 3782 3155 ό

2194 3196 2605 3266 Εὐαγγελιστὴς
2638 3195 2831 3250 ἑαυτὸν
2879 3196 3194 3266 ἐρμηνεύει.
3227 3197 3413 3254 Εἰπὼν
3453 3200 3563 3271 γὰρ
3588 3240 3604 3267 ,
3640 3220 3659 3254 ι
3715 3202 3780 3256 '0

2193 3297 2368 3366 Λόγος
2402 3295 2541 3370 σὰρξ
2574 3295 2815 3365 ἐγένετο,
2853 3315 2873 3348 ι
2908 3297 3160 3368 ἐπήγαγε
3184 3313 3198 3329 ο
3242 3317 3260 3349 ι
3317 3299 3428 3354 Καὶ
3461 3301 3784 3371 ἐσκήνωσεν

2196 3399 2256 3451 tv
2292 3398 2424 3468 ήμῖν
2448 3413 2463 3428 ·
2506 3415 2526 3448 ι
2556 3396 2705 3450 τοῦτ’
2745 3395 2932 3462 ἔστιν,
2952 3397 3011 3451 tv
3036 3399 3166 3467 ήμῖν
3197 3396 3506 3468 σκηνώσας,
3541 3401 3638 3454 καὶ
3664 3397 3782 3457 οἷόν

2194 3516 2302 3554 τινι
2339 3498 2453 3571 ναῷ
2487 3501 2832 3572 χρησάμενος
2870 3501 2938 3572 τῇ
2965 3499 3024 3568 ἐξ
3069 3499 3228 3570 ήμῶν
3270 3500 3541 3576 ληφθείσῃ
3588 3503 3779 3576 σαρκὶ,

2203 3601 2424 3670 λέγεται
2469 3600 2807 3672 γεγενῆσθαι
2842 3601 2998 3674 σάρξ.
3047 3603 3157 3656 Καὶ
3197 3602 3464 3658 διδάσκων
3495 3604 3573 3668 ὼς
3611 3605 3782 3660 am-

2195 3701 2417 3763 λοίωτος
2432 3700 2664 3772 ἔμεινεν,
2685 3703 2954 3771 ἐπήγαγε·
2980 3722 2999 3753 ‹
3025 3703 3133 3757 Καὶ
3148 3703 3491 3776 ἐθεασάμεθα
3508 3707 3607 3778 τὴν
3622 3706 3785 3772 δόξαν

2198 3801 2392 3866 αὐτοῦ,
2423 3801 2582 3866 δόξαν
2626 3802 2702 3866 ὡς
2735 3803 3078 3871 Μονογενοῦς
3113 3805 3262 3876 παρὰ
3297 3806 3533 3878 Πατρδς,
3569 3807 3786 3879 πλήρης

2199 3893 2420 3962 χάριτος
2453 3891 2545 3944 καὶ
2575 3890 2855 3961 ἀληθείας.
2894 3911 2912 3944 ι
2961 3893 3072 3946 Καὶ
3105 3894 3283 3964 σάρκα
3314 3893 3424 3966 γὰρ
3458 3896 3787 3969 περιϐεϐλη-

2203 3981 2385 4054 μένος,
2421 3981 2631 4035 ὲδείκνυ
2672 3981 2770 4054 τὴν
2802 3982 3063 4054 πατρῴαν
3095 3985 3395 4053 εὐγένειαν,
3427 3987 3640 4058 καὶτῆς
3661 3986 3785 4042 θεό-

2199 4090 2362 4144 τητος
2407 4072 2507 4136 τὰς
2555 4074 2782 4136 ἀκτῖνας
2836 4074 3141 4145 ἐξέπεμπε,
3171 4075 3268 4128 καὶ
3317 4075 3418 4145 τῆς
3442 4077 3787 4148 Δεσποτικῆς

2201 4163 2449 4230 ἐξουσίας
2503 4164 2656 4233 ἠφίει
2715 4163 2815 4235 τὴν
2859 4165 3094 4234 αἴγλην,
3145 4168 3263 4229 ταῖς
3315 4164 3786 4238 θαυματουργίαις

2201 4254 2604 4308 ἀποκαλύπτων
2630 4255 2728 4322 τὴν
2755 4255 3126 4310 λανθάνουσαν
3147 4255 3328 4325 φύσιν.
3350 4257 3574 4322 Τούτοις
3605 4259 3785 4312 ἔοικεν

2201 4342 2237 4397 ἃ
2267 4343 2652 4414 Φιλιππησίοις
2675 4344 2916 4416 ἔγραψεν
2945 4345 3132 4409 ὁθεῖος
3176 4346 3494 4412 Ἀπόστολος
3514 4365 3528 4378 ο
3565 4368 3584 4401 ‹
3612 4348 3786 4402 Τοῦτο

2205 4435 2509 4507 φρονείσθω
2535 4437 2592 4490 tv
2633 4437 2783 4507 ὑμῖν,
2819 4436 2847 4490 6
2877 4437 2970 4491 καὶ
3007 4438 3065 4490 tv
3109 4437 3332 4509 Χριστῷ
3359 4439 3556 4514 ,Ἰησοῦ
3578 4455 3592 4469 '
3622 4439 3682 4502 ὃς
3723 4442 3786 4493 tv

2209 4529 2393 4598 μορφῇ
2428 4526 2564 4580 Θεοῦ
2614 4527 2897 4598 ὑπάρχων,
2951 4527 3051 4596 οὐχ
3093 4529 3386 4599 ἁρπαγμὸν
3426 4533 3674 4600 ήγήσατο
3722 4530 3787 4584 τὸ

2204 4611 2344 4672 εἶναι
2387 4619 2475 4672 ίσα
2502 4617 2651 4688 Θεῷ·
2683 4617 2800 4671 ἀλλ’
2835 4617 3028 4670 ἑαυτὸν
3057 4619 3319 4685 ὲκένωσε,
3353 4622 3566 4695 μορφήν
3591 4622 3784 4676 δούλου

2205 4709 2408 4776 λαϐὼν,
2435 4712 2493 4764 tv
2519 4709 2829 4780 ὁμοιώματι
2852 4710 2948 4763 ἀνθ
2958 4709 3154 4781 ρώπων
3181 4713 3494 4783 γενόμενος.
3535 4716 3629 4769 καὶ
3652 4717 3786 4787 σχή-

2209 4820 2341 4873 ματι
2381 4801 2625 4872 εὑρεθεὶς
2655 4801 2732 4865 ὡς
2776 4801 3081 4873 ἄνθρωπος.
3133 4803 3528 4861 Ἐταπείνωσεν
3568 4807 3784 4872 ἑαυτὸν,

2203 4893 2496 4964 γενόμενος
2521 4893 2761 4962 ὑπήκοος
2794 4893 2957 4964 μέχρι
2989 4893 3242 4961 θανάτου,
3277 4895 3507 4951 θανάτου
3537 4897 3594 4950 δὲ
3617 4915 3782 4952 σταυ-

2206 4983 2325 5056 ροῦ.
2372 5002 2391 5035 ι
2426 4983 2602 5036 Βλέπε
2631 4985 2732 5054 τὴν
2771 4984 2880 5036 τῶν
2925 4987 3299 5056 κηρυγμάτων
3343 4989 3687 5057 συγγένειαν.
3724 4990 3785 5042 '0

2205 5073 2615 5146 Εὑαγγελιστὴς
2650 5073 2829 5129 εἷπεν’
2877 5095 2894 5127 ι
2934 5076 2990 5130 '0
3019 5079 3193 5147 Λόγος
3225 5079 3360 5151 σὰρξ
3413 5083 3648 5151 ἐγένετο,
3690 5082 3786 5136 καὶ

2206 5164 2518 5234 ἐσκήνωσεν
2539 5166 2597 5218 ἐν
2623 5167 2755 5236 ήμῖν
2775 5183 2788 5197 ο
2831 5185 2845 5218 ι
2887 5169 2916 5221 6
2957 5168 3278 5234 Ἀπόστολος
3297 5187 3311 5202 ο
3355 5191 3370 5223 ι
3402 5173 3633 5244 Μορφὴν
3659 5172 3785 5226 δού-

2179 5254 2302 5307 ,λου
2330 5253 2532 5308 λαϐών.
2567 5273 2586 5305 ι
2632 5255 2691 5308 'U
2713 5255 3120 5329 Εὑαγγελιστὴς
3158 5258 3321 5312 πάλιν
3347 5258 3485 5330 ἔφη·
3533 5279 3552 5312 ι
3599 5260 3785 5315 Ἐθεα-

2211 5343 2432 5414 σάμεθα
2468 5345 2566 5414 τὴν
2601 5345 2760 5410 δόξαν
2781 5348 2972 5416 αὑτοῦ,
2995 5348 3152 5414 δόξαν
3173 5350 3250 5414 ὡς
3271 5351 3610 5420 Μονογενοῦς
3633 5353 3785 5423 παρὰ

2208 5436 2447 5505 Πατρός·
2476 5456 2494 5489 ι
2512 5439 2540 5490 6
2555 5437 2898 5504 Ἀπόστολος·
2927 5463 2944 5492 ι
2963 5443 3058 5505 Ὃς
3076 5445 3134 5496 tv
3151 5445 3334 5515 μορφῇ
3353 5442 3487 5496 Θεοῦ
3501 5444 3783 5516 ὑπάρχων,

2209 5527 2307 5598 οὐχ
2350 5529 2646 5600 ἁρπαγμὸν
2699 5533 2946 5603 ἡγήσατο
2989 5532 3049 5586 τό
3085 5528 3224 5588 εἶναι
3259 5535 3347 5587 ἴσα
3398 5534 3538 5606 Θεῷ.
3577 5553 3592 5586 ι
3650 5534 3784 5601 Καὶ,

1974 5703 2018 5737 9⁸
2047 5705 2282 5774 Philipp.
2322 5721 2379 5768 11,
2415 5705 2536 5760 5-8.
