4090 6436
512 378 584 443 75
1509 381 1995 442 ΤΗΕΟΒΟΒΕΤΙ
2035 380 2372 442 EPISCOPI
2411 381 2771 442 CYRENSiS
3711 386 3780 448 76

582 489 796 547 ORTH.
830 489 1135 546 Videturne
1179 489 1278 544 tibi
1324 488 1430 544 ﬁde
1461 489 1662 561 dignus
1704 488 2099 545 celeberrimus

2279 489 2430 542 ΟΡΘ.
2507 487 2830 558 Ἀξιόχρεως
2901 485 3039 539 εἷναί
3111 503 3190 540 σοι
3247 487 3396 542 δοκεῖ
3463 488 3780 558 Ἀθανάσιος

513 583 606 638 ille
625 581 980 649 Athanasius,
1001 581 1371 637 clarissimum
1387 583 1573 637 lumen
1596 583 1853 638 Ecclesiae
1869 582 2101 637 Alexan-

516 673 690 730 drinae
714 675 738 727 ?

581 764 790 819 ERAN.
854 762 1136 830 Omnino,
1196 773 1257 820 ut
1317 765 1414 835 qui
1462 765 1749 820 veritatis‘
1793 767 2100 820 doctrinam

517 858 780 913 arumnis
802 873 941 928 quas
964 869 1261 928 perpessus
1289 866 1374 912 est
1395 858 1764 912 conﬁrmavit.

587 949 796 1004 ORTH.
820 949 964 1003 Audi
1005 962 1137 1019 ergo
1176 949 1355 1018 ipsum
1396 949 1736 1004 scribentem
1782 948 1847 1002 ad
1879 948 2100 1018 Epicte-

519 1047 654 1092 tum.
686 1038 778 1094 Sic
801 1047 988 1094 autem
1015 1038 1153 1093 dicit
1179 1057 1192 1091 :
1237 1059 1255 1090 ι
1288 1039 1346 1094 ld
1387 1038 1533 1108 quod
1556 1054 1586 1092 a
1618 1038 1828 1093 Joanne
1856 1037 2099 1093 dicitur:

524 1127 747 1183 Verbum
796 1145 920 1182 caro
949 1129 1157 1198 factum
1201 1136 1314 1193 est,
1347 1127 1493 1181 hanc
1541 1126 1707 1180 habet
1751 1124 2101 1188 sententiam,

517 1227 794 1289 quatenus
825 1234 894 1273 ex
913 1217 1081 1273 simili
1102 1219 1355 1287 exemplo
1390 1217 1515 1271 elici
1543 1222 1744 1286 potest.
1777 1215 1940 1283 Pauli.
1954 1215 2102 1269 enim

516 1311 689 1365 verba
735 1320 865 1366 sunt
900 1327 914 1364 :
954 1309 1189 1366 Christus
1227 1310 1396 1380 factus
1431 1316 1506 1362 est
1549 1325 1644 1379 pro
1679 1307 1824 1360 nobis
1883 1305 2106 1360 maledi-

519 1403 619 1454 ctio
647 1404 685 1455 ⁸.
731 1402 842 1474 44
877 1401 1351 1467 Quemadmodum
1386 1416 1496 1453 non
1536 1399 1684 1468 quod
1717 1399 1834 1468 ipse
1876 1396 2106 1451 maledi-

521 1497 632 1550 ctio
673 1495 850 1550 factus
900 1495 998 1559 sit,
1051 1495 1147 1548 sed
1201 1492 1347 1563 quod
1393 1506 1494 1561 pro
1544 1490 1706 1544 nobis
1760 1488 2104 1543 maledictio-

519 1604 645 1643 nem
703 1588 966 1656 suscepit,
1004 1586 1179 1641 factus
1217 1585 1420 1639 dicitur
1466 1581 1781 1636 maledictio
1821 1598 1835 1634 :
1875 1581 1949 1634 ita
1993 1596 2104 1634 non

519 1681 667 1752 quod
728 1695 1029 1735 conversus
1094 1680 1164 1733 sit
1216 1678 1272 1731 in
1325 1691 1574 1738 carnem,
1637 1674 1731 1728 sed
1796 1671 1943 1742 quod
2003 1687 2104 1742 pro

517 1773 680 1828 nobis
729 1787 950 1825 carnem
994 1769 1322 1838 assumpsit,
1377 1765 1582 1820 dicitur
1634 1763 1813 1819 factus
1862 1778 2014 1833 caro.
2079 1782 2098 1814 ι

518 1864 646 1920 Haec
707 1864 929 1933 quidem
976 1861 1355 1916 divinissimus
1407 1857 1759 1913 Athanasius.
1806 1857 2104 1928 Gregorius
2135 1849 2178 1904 Β

517 1971 650 2011 vero
681 1952 1098 2026 (Nazianzenus)
1129 1993 1142 2017 ,
1173 1953 1330 2023 cujus
1361 1951 1507 2021 apud
1539 1965 1734 2005 omnes
1763 1950 1977 2004 illustre
2004 1965 2105 2003 no-

516 2063 646 2104 men
707 2056 810 2113 est,
845 2047 942 2117 qui
971 2046 1100 2101 olim
1137 2045 1340 2115 regiam
1379 2044 1572 2098 urbem
1605 2041 1664 2096 in
1703 2041 1931 2110 Bospori
1964 2041 2106 2096 OStio

518 2141 678 2198 sitam
708 2139 878 2204 rexit,
917 2147 974 2193 et
1012 2146 1203 2208 postea
1239 2137 1572 2190 Nazianzum
1615 2133 1874 2198 incoluit,
1907 2142 2098 2189 contra

516 2231 853 2306 Apollinaris
883 2230 1187 2302 praestigias
1219 2228 1298 2284 sic
1327 2227 1395 2282 ad
1421 2227 1746 2284 Cledonium
1771 2225 2009 2297 scripsit.

589 2411 776 2468 ERAN
807 2408 1002 2467 Clarus
1029 2410 1134 2472 vir,
1161 2417 1218 2463 et
1245 2408 1497 2463 veritatis
1525 2415 1902 2478 propugnator
1935 2405 2058 2461 l‘uit.

578 2583 788 2643 ORTH.
817 2584 957 2639 Audi
995 2597 1126 2654 ergo
1143 2583 1320 2651 ipsum
1356 2580 1632 2635 dicentem
1675 2599 1687 2634 :
1723 2600 1741 2633 ι
1771 2582 1887 2636 Hoc
1912 2580 2097 2652 igitur,

521 2677 739 2732 Verbum
781 2693 904 2728 caro
940 2677 1137 2745 factum
1177 2680 1273 2736 est,
1321 2671 1498 2725 simile
1535 2671 1754 2726 videtur
1799 2671 1914 2736 illi,
1953 2671 2100 2741 quod

517 2779 571 2824 et
604 2775 892 2839 peccatum
946 2765 1124 2819 factus
1176 2777 1299 2817 esse
1343 2761 1578 2827 dicitur,
1623 2770 1680 2815 et
1724 2761 2044 2816 maledictio
2084 2779 2096 2814 :

514 2875 629 2915 non
653 2857 801 2928 quod
828 2855 1095 2911 Dominus
1122 2854 1180 2908 in
1201 2853 1319 2907 haec
1339 2860 1580 2906 mutatus
1606 2852 1698 2916 sit,
1725 2851 1840 2922 (qui
1869 2852 2020 2907 enim
2043 2851 2098 2906 id

516 2948 637 3005 ﬁeri
676 2946 941 3018 posset?)
991 2945 1084 2998 sed
1115 2943 1245 3012 quia
1271 2957 1370 3012 per
1408 2940 1463 2995 id
1502 2941 1650 3012 quod
1691 2943 1807 2996 haec
1832 2941 2098 3012 suscepit,

517 3040 838 3110 iniquitates
858 3045 1077 3091 nostras
1105 3035 1346 3100 sustulit,
1375 3043 1431 3089 et
1452 3034 1676 3089 morbos
1702 3034 1940 3105 portavit
1963 3034 2059 3087 '-'.

586 3214 794 3270 ERAN.
829 3211 1096 3282 Congruit
1120 3210 1410 3279 utriusque
1449 3210 1854 3280 interpretatio.

586 3307 797 3363 ORTH.
826 3304 1096 3371 Quoniam
1135 3317 1266 3374 ergo
1307 3303 1406 3357 tibi
1449 3303 1774 3359 australium
1814 3311 1872 3358 et
1900 3303 2096 3358 borea-

514 3399 654 3457 iium
686 3398 928 3468 partium
961 3403 1212 3465 pastores
1243 3393 1557 3448 consentire
1590 3393 1965 3460 ostendimus,
1999 3409 2097 3464 age

516 3493 586 3548 ad
633 3490 1030 3547 celeberrimos
1075 3502 1296 3558 quoque
1348 3486 1656 3542 occidentis
1705 3485 1996 3556 episcopos
2043 3493 2098 3542 te

514 3585 669 3641 velut
695 3583 968 3652 hospitem
995 3581 1353 3645 deducamus,
1379 3579 1477 3648 qui
1495 3579 1600 3634 alia
1631 3577 1854 3648 quidem
1885 3579 2095 3649 lingua.

517 3677 614 3734 sed
661 3691 774 3731 non
819 3674 925 3729 alia
974 3672 1272 3736 sententia,
1315 3671 1724 3727 enarrationem
1755 3672 2101 3742 conscripse-

517 3778 669 3827 runt.

581 3864 690 3936 45
735 3863 941 3918 ERAN.
988 3861 1168 3916 Audio
1219 3860 1573 3915 Ambrosium
1602 3899 1616 3924 ,
1655 3859 1749 3929 qui
1803 3858 2097 3916 Mediolani

517 3959 882 4030 episcopalem
915 3956 1102 4012 sedem
1128 3955 1364 4020 ornavit,
1408 3962 1464 4009 et
1489 3961 1681 4009 contra
1701 3969 1892 4011 omnes
1925 3956 2099 4011 hatre-

517 4065 607 4108 σεε
632 4051 892 4121 praeclare
938 4050 1272 4112 decertasse,
1321 4056 1378 4100 et
1406 4047 1780 4116 pulcherrima
1824 4047 2100 4120 apostolo-

516 4157 750 4215 rumque
778 4143 1044 4198 doctrinm
1080 4139 1442 4211 congruentia
1467 4139 1774 4210 scripsisse.

586 4325 797 4382 ORTII.
863 4325 996 4394 Ejus
1051 4322 1154 4379 tibi
1217 4323 1739 4394 interpretationem
1797 4324 2094 4393 proferam.

513 4418 642 4474 Haec
669 4424 852 4471 autem
877 4415 1012 4469 dicit
1053 4415 1109 4469 in
1141 4415 1283 4468 libro
1322 4413 1536 4482 De-ﬁde
1577 4413 1686 4486 (ιιι)
1717 4434 1729 4468 :
1771 4435 1789 4466 ‹
1821 4415 2097 4485 Scriptum

512 4517 618 4573 est,
651 4507 937 4576 inquiunt,
969 4505 1098 4574 quia
1141 4504 1367 4559 Verbum
1403 4520 1529 4558 caro
1579 4505 1776 4572 factum
1828 4512 1924 4558 est.
1954 4504 2101 4559 Scri-

513 4607 669 4669 ptum
693 4605 797 4663 est,
834 4611 944 4652 non
967 4611 1126 4667 nego.
1155 4593 1458 4649 Considera
1496 4595 1628 4663 quid
1674 4603 1957 4663 sequatur.
2004 4593 2100 4649 Se-

581 4712 799 4767 ‘Galat.
852 4711 1045 4778 “1,15.
1087 4709 1157 4748 ⁷-³
1191 4709 1292 4765 lsa.
1319 4709 1507 4773 mni.

2205 581 2412 644 ἐκεῖνος
2437 581 2464 632 ὁ
2491 578 2947 650 πολυθρύλλητος,
2976 581 3004 632 ὁ
3033 580 3329 647 φανότατος
3362 582 3459 652 τῆς
3490 582 3598 635 τῶν
3640 585 3782 639 Ἀλε-

2207 672 2477 740 ξανδρέων
2522 671 2846 741 Ἐκκλησίας
2876 672 3132 742 φωστήρς

2275 764 2476 818 EPAN.
2519 764 2737 828 Πάνυγε
2757 778 2772 794 ⁶
2795 765 2909 825 τοῖς
2937 762 3046 832 γὰρ
3080 763 3217 834 ὑπὲρ
3252 762 3352 831 τῆς
3392 761 3652 834 ἀληθείας
3677 783 3782 820 πα.

2206 855 2415 924 Οήμασι
2450 855 2550 924 τὴν
2585 852 2935 906 διδασκαλίαν
2967 852 3246 923 ἐκύρωσεν
3273 854 3406 923 (42).

2274 947 2426 1000 ΟΡΘ.
2472 948 2674 1000 Ἀκουε
2725 947 2905 1000 τοίνυν
2945 946 3113 1000 αὐτοῦ
3162 947 3298 1016 πρὸς
3337 945 3661 1016 Ἐπίκτητον
3692 964 3784 1014 γε-

2204 1040 2508 1110 γραφότοςο
2549 1038 2700 1107 λέγει
2737 1038 2793 1092 δὲ
2822 1039 3028 1102 οὕτως·
3069 1057 3088 1090 ι
3141 1039 3215 1092 Τὸ
3255 1038 3365 1109 γὰρ
3387 1039 3498 1106 (45)
3528 1041 3675 1108 παρέι
3705 1038 3784 1109 τῷ

2219 1129 2437 1201 Ἰωάννῃ
2469 1129 2787 1200 λεγόμενον,
2839 1131 2902 1184 Ὀ
2946 1132 3137 1200 Λόγος
3175 1132 3334 1199 σὰρξ
3360 1131 3618 1200 ἐγένετο,
3646 1133 3781 1186 ταύ-

2203 1236 2304 1288 την
2351 1219 2464 1289 ἔχει
2505 1219 2603 1290 τὴν
2634 1220 2909 1284 διάνοιαν,
2943 1220 3126 1284 καθὼς
3172 1223 3268 1274 καὶ
3328 1223 3392 1274 ὲκ
3445 1220 3540 1274 τοῦ
3597 1223 3781 1290 ὁμοίου

2203 1311 2377 1382 τούτῳ
2407 1311 2518 1382 (ii)
2551 1312 2774 1366 δυνατὸν
2811 1313 3014 1383 εὑρεῖν.
3048 1313 3363 1384 Γέγραπται
3385 1314 3494 1384 γὰρ
3521 1314 3670 1384 παρά
3707 1314 3784 1385 τῷ

2205 1402 2433 1473 Παύλῳο
2508 1404 2766 1471 Χριστὸς
2824 1403 2976 1471 ὑπὲρ
3040 1403 3211 1474 ἡμῶν
3261 1403 3470 1474 γέγονε
3532 1405 3780 1473 κατάρα.

2207 1494 2552 1564 ’Ὠσπερμὲἢ
2592 1495 2690 1564 οὐχ
2721 1497 2801 1548 ὅτι
2849 1496 3008 1559 αὐτὸς
3045 1496 3237 1564 γέγονε
3273 1497 3507 1567 κατάρα,
3541 1497 3656 1549 ἀλλ’
3703 1498 3786 1550 ὅτι

2203 1584 2304 1654 τὴν
2335 1584 2475 1653 ὑπὲρ
2512 1584 2670 1654 ἡμῶν
2696 1584 2912 1650 ἐδέξατο
2941 1585 3205 1656 κατάραν,
3235 1585 3446 1655 κατάρα
3484 1587 3595 1655 (46)
3629 1585 3787 1655 εἴρη-

2204 1690 2297 1729 ται
2323 1675 2634 1744 γεγονέναι,
2665 1674 2840 1738 οὕτως
2857 1676 2956 1745 οὐχ
2977 1677 3057 1728 ὅτι
3085 1676 3315 1746 τραπεὶς
3337 1676 3415 1737 εἰς
3445 1676 3642 1745 σάρκα,
3669 1672 3788 1728 ἀλλ’

2204 1769 2289 1823 ὅτι
2324 1767 2508 1840 σάρκα
2532 1766 2675 1839 ὑπὲρ
2695 1768 2852 1838 ἡμῶν
2886 1767 3138 1830 ἀνέλαϐε,
3166 1766 3382 1834 λέγεται
3406 1766 3541 1836 σὰρξ
3566 1767 3790 1836 γεγονέ-

2204 1879 2311 1916 ναι.
2344 1879 2362 1912 ι
2399 1859 2585 1913 Ταῦτα
2619 1860 2719 1929 μὲν
2751 1862 2777 1913 ὁ
2808 1859 3084 1923 Θειότατος
3113 1859 3450 1924 ἈΟανάσιος.
3484 1859 3790 1930 Γρηγόριος

2204 1956 2282 2021 δὲ,
2315 1948 2360 2023 ᾧ
2391 1954 2546 2017 κλέος
2581 1951 2729 2024 παρά
2762 1953 2896 2006 πᾶσι
2927 1952 3085 2016 πολὺ,
3109 1953 3137 2005 ὁ
3163 1951 3330 2005 πάλαι
3374 1951 3473 2022 μὲν
3500 1955 3599 2022 τὴν
3627 1950 3786 2020 βασι-

2206 2041 2474 2094 λεύουσαν
2507 2041 2659 2093 πόλιν
2697 2041 2797 2110 τὴν
2831 2041 2924 2094 ἐπὶ
2951 2041 3027 2110 τῷ
3076 2040 3306 2110 στόματι
3357 2040 3447 2093 τοῦ
3505 2041 3787 2109 Βοσπόρου

2204 2132 2464 2205 κειμένην
2495 2131 2697 2195 ἰούνας,
2724 2131 2948 2202 ὕστερον
2977 2132 3033 2185 δὲ
3070 2132 3167 2202 τὴν
3197 2133 3500 2197 Ναζιανζὺν
3533 2135 3787 2202 οἰκήσας,

2205 2224 2348 2279 κατά
2381 2224 2481 2294 τῆς
2536 2225 2911 2296 ’Λπολιναρίου
2947 2224 3233 2296 τερθρείας
3271 2219 3371 2280 ὧδε
3408 2225 3542 2296 πρὸς
3575 2225 3787 2296 Κληδό-

2205 2331 2318 2370 νιον
2347 2314 2607 2386 ἔγραψεν.
3318 2312 3320 2314 ’

2278 2411 2478 2464 EPAN.
2512 2410 2826 2480 Περιφανὴς
2859 2412 2888 2463 ὁ
2925 2410 3089 2481 ἀνὴρ,
3121 2410 3215 2463 καὶ
3253 2412 3536 2483 πρόμαχος
3569 2411 3668 2482 τῆς
3693 2411 3790 2464 εὑ-

2210 2502 2426 2565 σεϐείας
2457 2501 2775 2572 γεγένηται.

2280 2593 2432 2646 ΟΡΘ.
2469 2594 2671 2646 ’Λκουε
2700 2593 2884 2646 τοίνυν
2907 2593 3071 2648 αὑτοῦ
3111 2595 3391 2662 λέγοντοςο
3425 2595 3498 2649 Τὸ
3543 2592 3634 2648 οὖν
3671 2596 3789 2666 (47)

2220 2685 2282 2738 '0
2310 2687 2503 2754 Λόγος
2526 2685 2675 2756 σὰρξ
2694 2687 2953 2756 ἐγένετο,
2978 2686 3091 2740 ἴσον
3108 2706 3198 2760 μοι
3225 2689 3373 2742 δοκεῖ
3400 2688 3643 2756 γίνεσθαι
3668 2688 3786 2759 (48)

2202 2776 2280 2845 τῷ
2333 2777 2427 2828 καὶ
2493 2777 2771 2845 ἁμαρτίαν
2819 2777 2981 2830 αὐτὸν
3026 2779 3309 2847 γεγονέναι
3369 2780 3624 2848 λέγεσθαι
3688 2781 3790 2833 καὶ

2203 2867 2473 2938 κατάραν,
2503 2868 2603 2920 οὐκ
2637 2871 2714 2931 εἰς
2751 2869 2864 2940 (49)
2900 2870 3074 2923 ταῦτα
3106 2871 3198 2923 τοῦ
3233 2872 3439 2942 Κυρίου
3484 2889 3791 2943 μεταποιη-

2203 2958 2410 3022 θέντος,
2449 2958 2591 3024 (πῶς
2615 2960 2724 3028 γάρ
2771 2959 2808 3029 ;)
2841 2959 2953 3012 ἀλλ’
2982 2960 3057 3024 ὡς
3091 2960 3177 3013 διὰ
3208 2960 3302 3013 τοῦ
3335 2961 3507 3015 ταῦτα
3530 2962 3790 3024 δέξασθαι

2203 3051 2303 3114 τὰς
2331 3051 2561 3120 ἀνομίας
2590 3051 2751 3121 ἡμῶν
2797 3052 3180 3118 ἀναλαϐόντος,
3211 3055 3304 3106 καὶ
3334 3053 3432 3116 τάς
3465 3053 3653 3117 νόσους
3685 3053 3789 3124 βα-

2207 3143 2524 3205 στάσαντος.

2123 3241 2165 3298 C
2274 3234 2479 3287 EPAN.
2511 3233 2810 3303 Σύμφωνος
2841 3236 3167 3307 ἀμφοτέρων
3198 3239 3230 3308 ἠ
3264 3239 3553 3310 ἑρμηνεία.

2274 3323 2428 3377 ΟΡΘ.
2473 3323 2690 3396 Ἐπειδή
2725 3343 2806 3378 σοι
2840 3327 2965 3389 τοὺς
2991 3327 3060 3379 τά
3095 3329 3246 3382 νότια
3288 3331 3381 3383 καὶ
3431 3330 3616 3403 βόρεια
3657 3349 3787 3386 ποι-

2203 3415 2486 3486 μάναντας
2513 3416 2949 3487 συμφωνοῦντας
2980 3417 3288 3490 ἐδείξαμεν,
3312 3420 3472 3491 δεῦρο
3501 3424 3562 3494 δή
3601 3441 3660 3476 σε
3689 3426 3789 3478 καὶ

2201 3507 2338 3579 πρὸς
2381 3508 2508 3572 τοὺς
2550 3509 2829 3578 ἀοιδίμους
2859 3511 2958 3582 τῆς
2987 3512 3252 3583 έσπερίας
3290 3513 3678 3586 ξεναγήσωμεν
3705 3516 3788 3570 δικ

2198 3597 2540 3664 δασκάλους,
2571 3600 2622 3653 οἲ
2661 3600 2876 3674 γλώττῃ
2943 3603 3040 3673 μὲν
3105 3605 3290 3676 ἑτέρᾳ,
3326 3605 3535 3678 διανοίᾳ
3580 3607 3638 3661 δὲ
3681 3609 3787 3681 οὐχ

2200 3691 2384 3763 ἑτέρᾳ,
2421 3694 2523 3764 τὴν
2551 3693 2850 3764 ἑρμηνείαν
2899 3695 3270 3765 συνέγραψαν.

2270 3864 2474 3918 ΕΡΑΝ.
2493 3864 2822 3936 Ἀμόρόσιον
2838 3866 3042 3934 ἀκούω,
3059 3867 3151 3920 τὸν
3169 3867 3269 3937 τῆς
3285 3869 3634 3925 Μεδιολάνων
3663 3872 3782 3942 (50)

2199 3955 2293 4010 τὸν
2319 3956 2707 4027 ἀρχιερατικὸν
2735 3957 3183 4030 διακοσμήσαντα
3210 3960 3419 4032 θρόνον,
3455 3965 3784 4034 ἠριστευκέ-

2201 4064 2290 4104 ναι
2325 4048 2425 4118 μὲν
2467 4048 2608 4102 κατά
2662 4049 2844 4118 πάσης
2891 4051 3178 4122 αἱρέσεως,
3237 4055 3678 4125 συγγεγραφέναι
3723 4056 3786 4111 δὲ

2205 4141 2468 4196 κάλλιστα
2497 4142 2592 4193 καὶ
2621 4145 2686 4212 τῇ
2720 4143 2827 4194 τῶν
2873 4143 3189 4197 ἀποστόλων
3211 4145 3531 4220 διδασκαλία
3551 4148 3793 4219 συμϐαί-

2203 4247 2386 4286 νοντα.

2272 4322 2424 4377 ΟΡΘ.
2457 4321 2632 4375 Αὑτοῦ
2661 4339 2742 4376 σοι
2763 4322 2859 4394 τὴν
2887 4323 3185 4395 ἑρμηνείαν
3219 4328 3510 4398 προσοίσω.
3545 4329 3704 4398 Λέγει
3725 4329 3786 4384 δὲ

2200 4412 2373 4467 ταῦτα
2417 4415 2476 4466 ὲν
2523 4414 2600 4484 τῷ
2635 4415 2772 4483 Περὶ
2812 4415 3072 4483 πίστεως
3120 4417 3296 4487 λόγῳ·
3332 4435 3350 4468 ι
3391 4419 3581 4486 Ἀλλὰ,
3622 4420 3781 4490 φησὶ,

2201 4508 2511 4575 γέγραπται
2557 4507 2640 4559 ὃτι
2694 4507 2758 4559 '0
2783 4508 2978 4577 Λόγος
3035 4509 3194 4578 σὰρξ
3233 4509 3471 4579 ἐγένετο
3503 4511 3656 4583 (Eii).
3708 4511 3786 4564 Τδ

2201 4595 2412 4666 γραφὲν
2435 4597 2536 4649 οὐκ
2568 4595 2856 4668 ἀρνοῦμαι.
2905 4599 3066 4664 ’Δλλὰ
3096 4599 3364 4653 Θεάσασθε
3385 4600 3445 4654 τὸ
3469 4600 3780 4672 λεγόμενον.

677 4830 694 4900 )
732 4831 834 4904 pe
864 4827 1294 4904 “incarnationis
1350 4826 1650 4904 Dominicze
1707 4836 2054 4881 sacramento
2077 4868 2090 4891 ,
2128 4830 2170 4884 Β
2200 4805 2388 4904 ma
2423 4829 2849 4904 Cledoni_um,.t.
2877 4855 2904 4904 γι
2941 4833 3072 4888 edit.
3110 4835 3284 4889 Paris.
3322 4852 3376 4904 p.
3415 4836 3535 4890 744.

585 4831 694 4956 git)
755 4831 834 4885 De
889 4831 1294 4910 incarnationis
1350 4831 1650 4913 Dominicze

513 4917 560 4957 c.
628 4943 640 4964 ,
668 4911 704 4954 t.
731 4901 776 4955 ii
814 4899 946 4954 edit.
986 4897 1264 4953 Benedict.
1301 4913 1354 4965 p.
1414 4896 1508 4950 116
1537 4911 1653 4965 seq.

587 4913 640 4964 ϋ,
668 4913 704 4954 ι.
733 4913 776 4955 ιι
814 4913 946 4954 emt.
987 4913 1264 4953 benedici.
1343 4939 1354 4950 .
1414 4913 1508 4950 no
1537 4913 1653 4965 seq.

586 4971 695 5041 (4'2)
730 4969 1234 5041 τοῖς-ὲκύρωσεν,
1273 4913 1408 5041 [fac
1433 4966 1488 5020 in
1522 4967 1611 5021 ed.
1649 4966 1810 5041 Rom.
1848 4977 1906 5021 et
1937 4966 2088 5038 Lips.

512 5036 790 5112 cohzerent
813 5056 936 5112 cum
961 5036 1322 5112 sequentibus
1358 5038 1558 5112 ’Ἄκουε
1580 5055 1632 5112 κ.
1662 5053 1712 5089 τ.
1749 5036 1798 5091 λ.

581 5110 690 5180 (45)
728 5112 800 5163 Τὸ
832 5111 940 5180 γὰρ
972 5107 1122 5165 κ,”τ.
1175 5108 1223 5162 λ.
1260 5107 1438 5180 Locus
1483 5107 1808 5162 iste'exstat
1849 5107 1904 5162 in
1957 5109 2090 5163 edit.

509 5177 714 5237 Benetl.
754 5191 885 5234 tom.
912 5177 944 5234 ’1
972 5221 985 5243 ,
1024 5195 1078 5249 p.
1116 5194 1174 5242 ιι,
1209 5194 1282 5249 p.77
1302 5177 1423 5230 907.

607 5252 696 5320 44)
733 5251 929 5320 τούτῳ.
967 5247 1114 5320 Loco
1148 5249 1242 5320 erit.
1272 5248 1377 5317 leg.
1405 5247 1587 5320 tofm:

604 5317 692 5393 45)
728 5317 1019 5403 ὥ-σπερη-ι-ο
1052 5317 1192 5403 σὰρξ
1229 5317 1529 5403 γεγονέναι.
1557 5317 1740 5372 Editio
1772 5317 1992 5403 B'ened.‘

511 5387 684 5445 habet
713 5409 724 5444 :
766 5387 1103 5460 Καὶ’ὥσπερ
1125 5387 1422 5460 ὀύκλαὺ-τδς
1454 5387 1644 5456 γέγονε
1680 5390 1922 5460 κατάρα,
1970 5388 2085 5443 ἀλλ’

509 5461 590 5514 ὅτι
637 5462 734 5531 τὴν
792 5459 937 5531 ὑπὲρ
988 5457 1144 5531 ήμῷν
1223 5457 1506 5531 ἀνεδέξατο
1546 5457 1844 5531 ’κατάραν-,⁷
1871 5460 2083 5529 εἴρηται

511 5527 724 5599 κατάρα
749 5527 1037 5599 γεγονέναι
1057 5527 1198 5580 οὕτω
1216 5528 1307 5599 κα)1
1327 5527 1463 5599 σὰρξ
1495 5527 1735 5596 γέγονεν,
1763 5529 1828 5599 οὐ
1855 5527 2086 5599 τραττεὶς

511 5601 590 5664 εἰς
612 5596 812 5722 «ire,
831 5596 954 5651 ’ἀλλ’
975 5599 1056 5651 δτι
1084 5599 1260 5670 σάρκα
1289 5596 1469 5662 ζῶσαν
1493 5599 1632 5669 ὑπὲρ
1654 5597 1812 5670 ἡμῶν
1834 5596 2082 5666 ἀνέλαϐε,

511 5671 604 5722 καὶ
629 5687 672 5722 ,γ
708 5685 860 5722 γονεν
884 5669 1177 5722 ἄνθρωπος.

629 5685 860 5720 ,γεγονεν
884 5685 1177 5720 ανυοωπος.

511 5684 604 5724 και
629 5684 860 5794 ,ἔεγονεν
884 5684 1189 5750 ανυρωπος..
1339 5738 1350 5752 .
1770 5739 1781 5751 ο

582 5739 694 5820 (οξ-)
731 5739 966 5820 κατάρα.
1003 5740 1128 5820 Des.
1177 5756 1231 5820 in
1263 5738 1407 5820 edit.._
1436 5739 1594 5820 ilom.
1633 5739 1872 5820 (El-Lips:

605 5804 694 5874 47)
727 5809 786 5862 τὺ
814 5804 906 5862 οὖν
947 5828 1001 5864 κ.
1028 5828 1076 5863 τ.
1098 5810 1146 5864 λ.
1186 5811 1372 5865 Exstat
1395 5810 1484 5863 hic
1509 5809 1660 5863 locus
1696 5811 1748 5862 in
1777 5804 1939 5879 epist.
1968 5812 2083 5879 pri-

2247 4900 2385 4982 ⁹(48)
2426 4902 2497 4954 ξ’σ.
2538 4919 2596 4972 μ.
2645 4902 2690 4954 δ.
2729 4903 2836 4971 γίν.
2874 4903 3004 4959 Loc.
3045 4905 3138 4960 cit.
3177 4907 3281 4976 leg.
3322 4900 3454 4959 ’ἴσον
3502 4901 3781 4980 δοκεῖ’μοι

2199 4969 2480 5023 δυνασθαι.

2235 4987 2480 5025 υνασυαι.

2277 5041 2387 5112 (49)
2420 5043 2521 5095 οὐκ
2543 5045 2693 5107 εἰς-
2711 5043 3096 5120 βαστάσαντος.
3111 5045 3173 5120 In
3206 5047 3338 5102 edit.
3364 5049 3524 5120 Rom.
3545 5058 3602 5105 et
3624 5047 3776 5120 Lips.

2201 5120 2417 5184 exstant
2478 5120 2689 5168 tantum
2749 5116 2865 5184 haec
2897 5131 3091 5184 pauca,
3151 5117 3257 5180 ἕως
3312 5119 3405 5171 καὶ
3455 5120 3556 5182 τὰς
3591 5116 3780 5182 νόσόυς

2203 5181 2359 5252 ήμῶν
2395 5181 2785 5255 βαστὰιγσαντος.
2823 5181 3012 5255 Strig.,
3041 5187 3184 5255 sicut
3217 5196 3272 5242 et
3295 5181 3641 5244 inﬁrmitates
3674 5181 3778 5243 no?

2197 5263 2339 5306 stras
2370 5254 2629 5320 portavit.
2667 5254 2773 5309 Sed
2798 5254 2968 5310 editio
3001 5254 3172 5310 Paris.
3209 5259 3484 5314 consentit
3517 5274 3775 5313 cumxno-

2195 5332 2307 5375 stra
2332 5321 2590 5378 lectione.
3421 5353 3424 5356 η

2265 5392 2374 5533 (50;
2411 5392 2512 5446 Ed.
2549 5395 2708 5448 Rom.
2745 5402 2800 5448 et
2826 5393 2973 5464 Lips.
3011 5395 3356 5454 Μεδιολάνου.
3499 5422 3502 5424 ν

2288 5463 2346 5533 Si
2417 5463 2553 5517 ἀλλὰ
2584 5495 2656 5505 -‹
2688 5466 2922 5532 ἐγένετο.
2977 5465 3103 5521 Haec
3146 5470 3413 5526 Eranistte
3453 5477 3502 5523 tr

2195 5530 2206 5542 ο
2265 5463 2374 5542 (Si)
2398 5463 2553 5542 gnat
2584 5495 2656 5505 —~
2681 5463 2922 5542 ἐγένετο.
2969 5465 3103 5542 llaec
3146 5470 3413 5526 Eranistte
3453 5470 3776 5542 tribuuntur

2194 5532 2249 5607 in
2282 5532 2370 5607 ed.
2398 5533 2648 5607 Bom.__ct
2672 5535 2855 5607 Lips;
2891 5536 2986 5589 sed
3019 5552 3326 5607 perperam,
3351 5555 3477 5594 cum
3511 5541 3622 5594 sint
3644 5553 3774 5592 ver-

2193 5600 2613 5674 ba__Ambrosii.
2672 5600 3054 5674 Int—erpretatio
3102 5600 3453 5665 Graeca'non
3500 5608 3771 5665 consentit

2192 5672 2413 5796 quidem
2449 5688 2572 5796 culm
2601 5672 2843 5740 Latinis}
2879 5677 3155 5734 noluimus
3181 5687 3360 5735 tamen
3397 5688 3603 5736 textum
3637 5679 3770 5737 Am-

2211 5757 2364 5796 )rosu
2409 5758 2499 5796 mu
2531 5759 2642 5796 are.

2211 5757 2364 5796 )i‘OSll
2409 5757 2642 5798 mutare.
