4090 6426
295 391 366 458 81
1409 390 1796 452 DIALOGUS
1836 392 1887 451 Ι.
1928 419 1997 427 -
2037 393 2569 454 IMMUTABILIS.
3539 399 3614 463 82

294 519 441 566 σεως
476 500 762 572 φρόνημα,
798 502 897 571 ἵνα
923 498 1074 574 γνῷς
1101 500 1224 556 τίνα
1275 502 1407 575 περὶ
1453 507 1555 575 τῆς
1608 504 1902 576 ληφθείσης

2015 522 2113 564 sus
2142 490 2433 578 lgnatium'
2453 506 2633 588 illum,
2658 505 2753 575 qui
2788 505 2855 560 de
2884 504 3029 559 Petri
3067 505 3291 562 dextera
3325 508 3617 579 pontiﬁca-

289 594 517 659 ὲδόξασε
548 592 791 663 φύσεως.
834 593 1117 667 Ἀκήκοας
1140 594 1196 647 δὲ
1226 593 1446 659 πάντως
1483 595 1747 665 ἰγνάτιον
1772 600 1910 651 ἐκεῖ·

285 704 382 741 νον
410 688 494 750 ὅς,
522 687 616 741 διὰ
639 688 741 757 τῆς
802 685 905 740 τοῦ
979 687 1221 758 μεγάλου
1283 687 1496 759 Πέτρου
1555 690 1758 756 δεξιᾶς,
1811 689 1915 760 τῆς

286 778 722 851 ἀρχιερωσύνης
750 778 856 848 τὴν
883 779 1052 850 χάριν
1074 779 1312 848 ἐδέξατο,
1340 779 1438 835 καὶ
1457 780 1555 851 τὴν
1585 782 1916 854 Ἐκκλησίαν

302 873 635 944 Ἀντιοχέων
670 871 888 937 ίθῦνας,
953 872 1051 926 τὸν
1115 871 1211 926 τοῦ
1281 875 1584 945 μαρτυρίου
1650 872 1918 943 στέφανον

293 965 632 1035 ἀνεδήσατο·
656 964 753 1018 καὶ
774 965 1096 1035 Είρηναῖον,
1129 963 1190 1027 ὃς
1211 964 1311 1035 τῆς
1346 964 1712 1037 Πολυκάρπου
1762 964 1912 1019 διδα-

297 1054 537 1118 σκαλίας
571 1054 925 1125 ἀπήλαυσεν,
953 1055 1203 1124 ἐγεγόνει
1262 1054 1319 1108 δὲ
1373 1055 1604 1127 φωστὴρ
1656 1055 1918 1110 Γαλατῶν

2022 605 2115 652 tus
2141 597 2371 669 gratiam
2405 596 2670 666 suscepit,
2709 605 2766 650 et
2801 604 2923 666 post
2952 596 3390 653 administratam
3418 599 3611 657 Eccle-

2022 690 2159 745 siam
2189 689 2592 744 Antiochenam
2630 688 2882 761 martyrii
2926 704 3185 744 coronam
3218 689 3453 762 adeptus
3488 699 3610 759 est;

2021 788 2078 836 et
2097 780 2389 846 lrenaeum,
2411 780 2508 850 qui
2529 779 2816 853 Polycarpi
2836 780 3059 836 auditor
3079 788 3135 837 et
3156 781 3464 852 discipulus
3483 781 3610 847 fuit,

2022 874 2326 944 lumenque
2356 873 2785 929 occidentalium
2816 874 3123 940 Gallorum,
3160 881 3218 930 et
3256 874 3611 948 Hippolytum

2023 982 2089 1021 ac
2120 965 2460 1022 Methodium
2490 965 2783 1038 pontiﬁces
2811 974 2868 1022 et
2892 974 3182 1040 martyres,
3210 974 3265 1022 et
3294 966 3452 1034 alios,
3477 982 3615 1039 quo-

2024 1073 2147 1112 rum
2180 1056 2403 1127 placitis
2430 1056 2654 1112 nomina
2686 1071 2910 1128 quoque
2938 1057 3254 1128 adiungam.

293 1151 402 1205 τῶν
432 1151 743 1222 ἐσπερίων,
772 1152 870 1206 καὶ
911 1152 1258 1214 Ἱππόλυτον,
1310 1151 1405 1204 καὶ
1463 1151 1752 1220 Μεθόδιον,
1778 1153 1908 1216 τοὺς
1945 1151 2241 1224 ἀρχιερέας
2291 1152 2387 1207 καὶ
2420 1153 2728 1225 μάρτυρας,
2777 1154 2872 1207 καὶ
2914 1153 3043 1216 τοὺς
3106 1151 3320 1219 ἄλλους,
3382 1144 3459 1207 ὧν
3489 1155 3610 1217 ταῖς

292 1239 680 1304 διδασκαλίαις
709 1238 813 1304 τὰς
844 1240 1226 1313 προσηγορίας
1260 1240 1505 1311 συνάψω.

367 1339 576 1393 EPAN.
653 1336 926 1392 Ποθοῦντί
963 1355 1057 1409 μοι
1105 1339 1200 1393 καὶ
1230 1336 1391 1393 τάσδε
1446 1336 1760 1409 προσοίσεις
1814 1336 1916 1402 τὰς

300 1433 634 1503 μαρτυρίας-
967 1426 979 1434 ’

369 1522 523 1578 υΡΘ.
556 1523 838 1576 Ἄκουσον
862 1520 977 1574 τῶν
1007 1520 1222 1591 ἀνδρῶν
1251 1520 1353 1593 τὴν
1379 1519 1753 1592 ἀποστολικὴν
1782 1535 1915 1591 προ-

289 1618 584 1689 φερόντων
615 1614 1004 1670 διδασκαλίαν.

374 1750 494 1805 τοῦ
529 1748 699 1821 ἁγίου
739 1747 1044 1821 Ἶγγατίου
1085 1746 1430 1821 (ἐπισκόπου
1471 1744 1833 1814 Ἀντιοχείας

888 1817 989 1871 καὶ
1018 1817 1346 1887 μάρτυρος.

391 1935 493 1987 Ἐκ
552 1930 661 1999 τῆς
720 1930 876 1999 πρὲς
927 1929 1311 2000 Σμυρναίους
1369 1927 1481 2000 (61)
1548 1925 1905 1997 ἐπιστολῆς.

294 2021 920 2093 Πεπληροφορημένους
957 2018 1073 2091 (62)
1102 2019 1319 2092 άληθῶς
1341 2019 1453 2091 (65)
1478 2021 1560 2084 είς
1583 2019 1675 2074 τὸν
1702 2018 1911 2091 Κύριον

293 2115 480 2185 ἡμῶν,
506 2115 639 2167 εντα
671 2115 737 2166 ἐκ
766 2112 961 2181 γένους
988 2111 1158 2165 Δασὶδ
1197 2111 1341 2166 κατὰ
1369 2112 1571 2182 σάρκα,
1610 2111 1743 2165 Υἱὸν
1769 2110 1909 2165 Θεοῦ

289 2206 440 2260 κατὰ
490 2205 732 2274 θεότητα
778 2204 878 2258 καὶ
927 2203 1162 2274 δύναμιν
1198 2202 1333 2274 (64),
1361 2203 1767 2274 γεγεννημένον
1793 2202 1908 2275 (65)

286 2297 517 2368 άληθῶς
558 2298 626 2351 ἐκ
662 2294 977 2367 Παρθένου,
1024 2296 1461 2367 βεῦαπτισμένον
1490 2296 1597 2349 ὑπὸ
1636 2296 1905 2371 Ἰωάννου,

288 2391 379 2445 Iv:
444 2390 726 2463 πληρωθῇ
779 2390 932 2442 πᾶσα
988 2387 1302 2459 δικαιοσύνη
1354 2387 1453 2440 ὑπ’
1474 2386 1660 2448 αὑτοῦ,
1690 2387 1910 2459 άληθῶς

289 2484 383 2535 ἐπὶ
419 2483 663 2536 Ποντίου
719 2480 959 2535 Πιλάτου
988 2480 1085 2532 καὶ
1122 2478 1368 2551 Ἡρώδου
1411 2479 1719 2551 τετράρχου
1770 2478 1907 2533 καθ-

285 2572 589 2642 ηλωμένον
640 2571 789 2640 ὑπὲρ
820 2568 981 2641 ἡμῶν
1006 2568 1190 2639 σαρκί.
1215 2598 1287 2608 -
1318 2567 1431 2623 Τοῦ
1469 2568 1658 2622 αὐτοῦ
1693 2568 1761 2622 ἐκ
1792 2566 1906 2635 τῆς

286 2660 484 2729 αὐτῆς
563 2658 930 2729 ἐπιστολῆς.
996 2658 1065 2710 Τί
1123 2658 1234 2729 γὰρ
1295 2656 1540 2728 ὠφελεῖ,
1613 2658 1775 2730 είπερ
1835 2676 1904 2729 με

288 2756 517 2807 ἐπαινεῖ
537 2771 653 2817 τις,
689 2753 785 2807 τὸν
817 2752 876 2805 δὲ
909 2750 1118 2822 Κύριόν
1159 2767 1263 2820 μου
1302 2749 1634 2822 βλασφημεῖ,
1664 2749 1741 2821 μὴ
1773 2751 1902 2821 ὁμο-

288 2846 472 2913 λογῶν
503 2846 681 2899 αὑτὸν
707 2843 1079 2915 σαρκοφόρονς
1131 2843 1189 2896 '0
1244 2842 1302 2896 δὲ
1358 2841 1518 2896 τοῦτο
1572 2844 1647 2913 μή
1704 2842 1902 2911 λέγων,

291 2940 526 3003 τελείως
599 2938 770 2991 αὐτὸν
827 2938 1143 3007 ἀπήρνηται
1176 2933 1254 2988 ὢν
1308 2933 1638 3006 νεκροφόρος
1671 2933 1904 3004 (66).—

296 3031 412 3086 Τοῦ
446 3030 647 3086 αὐτοῦ
687 3030 757 3083 ἐκ
789 3028 903 3096 τῆς
950 3027 1146 3095 αὐτῆς
1192 3025 1542 3094 ἐπιστολῆς.
1587 3025 1650 3079 El
1683 3026 1795 3097 γάρ
1824 3026 1904 3097 τῷ

290 3123 475 3175 δοκεῖν
498 3121 682 3174 ταῦτα
721 3119 978 3191 ἐπράχθη
1014 3119 1119 3172 ὑπὸ
1155 3118 1251 3171 τοῦ
1276 3118 1484 3189 Κυρίου
1527 3117 1707 3186 ἡμῶν,
1743 3114 1903 3185 κάγὼ

2091 1337 2300 1393 ERAN.
2332 1337 2502 1396 Valde
2524 1338 2770 1409 cupienti
2794 1337 2932 1393 mihi
2955 1338 3124 1395 etiam
3147 1339 3267 1395 hate
3292 1339 3603 1397 testimonia

2018 1445 2320 1500 propones.

2090 1519 2309 1576 ORTH.
2335 1520 2480 1576 Audi
2523 1534 2657 1592 ergo
2705 1521 2858 1578 viros
2902 1520 3258 1593 apostolicam
3296 1521 3603 1578 doctrinam

2018 1619 2304 1669 sonantes.

2087 1743 2273 1802 Sancti
2306 1745 2508 1819 Ignatii
2545 1750 2773 1822 episcopi
2815 1751 3128 1808 Antiochem'
3170 1759 3222 1805 et
3258 1753 3530 1826 martyris.

2087 1927 2173 1983 Ea:
2194 1929 2417 2000 epistola
2440 1931 2510 1985 ad
2530 1928 2850 2003 Smyrnam.
2875 1932 3041 1988 Plane
3064 1933 3450 2006 cumulateque
3474 1950 3601 2004 per-

2017 2030 2223 2077 suasos’
2248 2021 2316 2077 de
2341 2022 2576 2077 Domino
2595 2030 2808 2089 nostro,
2840 2024 2934 2094 qui
2959 2032 3126 2079 estex
3156 2040 3356 2096 genere
3380 2025 3604 2079 Davidis

2016 2111 2322 2168 secundum
2362 2127 2607 2178 carnem,
2642 2119 2700 2167 et
2722 2112 2896 2168 Filius
2929 2114 3026 2168 Dei
3058 2113 3362 2168 secundum
3394 2113 3601 2169 divini-

2017 2211 2185 2259 tatem
2208 2213 2266 2259 et
2292 2204 2596 2275 potentiam
2628 2223 2641 2259 :
2668 2203 2761 2274 qui
2801 2203 2909 2276 50
2932 2220 3062 2261 vere
3095 2215 3259 2260 natus
3280 2213 3364 2259 est
3385 2221 3451 2260 ex
3482 2206 3602 2263 Vir-

2014 2295 2164 2367 gine,
2187 2304 2248 2351 et
2268 2295 2579 2367 baptizatus
2600 2312 2631 2351 a
2654 2296 2883 2362 Joanne,
2913 2305 2976 2351 ut
3009 2298 3189 2352 omnis
3212 2296 3280 2351 ab
3301 2298 3420 2368 ipso
3439 2298 3602 2369 justi-

2015 2389 2093 2444 tia
2122 2388 2451 2459 impleretur
2480 2405 2494 2442 :
2523 2404 2655 2444 vere
2698 2389 2803 2443 sub
2832 2388 3031 2444 Pontio
3066 2388 3243 2445 Pilato
3285 2399 3342 2443 et
3381 2389 3600 2446 Herode

2012 2478 2289 2535 tetrarcha
2318 2494 2422 2550 pro
2444 2479 2605 2535 nobis
2628 2473 3002 2536 cruciﬁxus'in
3023 2495 3209 2536 carne.
3232 2511 3304 2521 —-
3326 2480 3597 2552 Ejusdem,

2011 2570 2305 2625 ex'eadem
2339 2568 2583 2640 epistola.
2628 2567 2772 2636 Quid
2812 2567 2962 2624 enim
2997 2569 3243 2639 prodest,
3276 2569 3320 2624 si
3357 2571 3482 2640 quis
3510 2585 3599 2626 me

2010 2660 2231 2726 laudet,
2274 2660 2572 2715 Dominum
2612 2671 2796 2715 autem
2837 2676 3022 2715 meum
3063 2661 3435 2730 blasphemet,
3486 2678 3597 2717 non

2012 2751 2285 2809 conﬁtens
2313 2768 2442 2807 eum
2481 2766 2704 2807 carnem
2741 2752 2996 2823 gestare?
3023 2750 3177 2818 Quod
3211 2752 3304 2822 qui
3333 2767 3443 2806 non
3468 2768 3596 2823 pro-

2010 2843 2222 2908 ﬁtetur,
2270 2844 2431 2914 plane
2477 2844 2659 2914 ipsum
2712 2851 2906 2914 negat,
2957 2843 3195 2898 cadaver
3237 2852 3480 2915 portans.
3524 2874 3596 2886 ~—

2010 2935 2289 3009 Ejusdem,
2311 2951 2375 2990 ea:
2391 2935 2572 2990 eadem
2592 2934 2833 3007 epistola.
2854 2935 2910 2990 Si
2928 2935 3075 2990 enim
3098 2934 3356 3006 opinione
3384 2943 3592 2991 tantum

2008 3028 2127 3085 haec
2161 3045 2192 3085 a
2222 3029 2457 3084 Domino
2480 3036 2677 3083 nostro
2704 3037 2854 3100 gesta
2894 3035 3043 3091 sunt,
3073 3043 3176 3099 ego
3207 3043 3427 3099 quoque
3470 3027 3593 3099 opi-

2008 3120 2180 3175 nione
2207 3120 2430 3175 vinctus
2456 3133 2601 3174 sum.
2634 3117 2745 3175 Cur
2776 3127 2962 3174 autem
2992 3118 3263 3190 meipsum
3291 3119 3454 3174 morti
3486 3127 3594 3175 tra-

290 3215 371 3283 τῷ
397 3214 588 3267 δοκεῖν
621 3212 870 3282 δέδεμαι.
897 3202 964 3263 Τί
987 3211 1044 3264 δὲ
1078 3210 1174 3264 καὶ
1198 3209 1432 3281 ἐμαυτὸν
1457 3208 1669 3262 ἔκδοτον
1693 3208 1902 3262 δέδωκα

2008 3213 2148 3279 didi,
2181 3194 2487 3284 adignem,
2513 3212 2580 3268 ad
2608 3212 2875 3284 gladium,
2900 3211 2969 3267 ad
2991 3211 3234 3271 bestias?
3263 3211 3465 3268 Verum
3496 3213 3592 3284 qui

292 3306 372 3376 τῷ
408 3306 657 3376 θανάτῳ,
688 3305 829 3375 πρὸς
864 3302 999 3383 πῦρ,
1036 3303 1499 3374 πρὸςμάχαιραν,
1533 3301 1671 3373 πρὸς
1695 3300 1901 3372 θηρία;

307 3400 453 3453 Ἀλλ’
489 3401 520 3453 ὁ
554 3399 733 3468 ἐγγὺς
761 3384 1065 3468 μαχαίρας,
1088 3395 1255 3464 ἐγγὺς
1288 3392 1424 3447 Θεοῦ
1462 3393 1596 3463 (67).
1632 3393 1811 3446 Μόνον
1845 3392 1905 3444 ἐν

291 3494 369 3564 τῷ
409 3494 649 3564 ὀνόματι
702 3489 877 3561 Ἰησοῦ
912 3487 1176 3559 Χριστοῦ,
1213 3487 1295 3551 είς
1327 3486 1390 3539 τὸ
1424 3484 1732 3557 συμπαθεῖν
1755 3484 1905 3556 αὐτῷ

293 3588 480 3641 πάντα
513 3583 803 3654 ὑπομένω,
832 3580 1001 3635 αὑτοῦ
1041 3598 1108 3652 με
1147 3577 1597 3649 ἐνδυναμοῦντος,
1660 3577 1755 3631 τοῦ
1808 3595 1901 3631 τε‹

293 3678 437 3732 λείου
462 3673 765 3747 ἀνθρώπου
805 3673 943 3745 (68),
969 3673 1030 3726 ὃν
1053 3689 1199 3736 τινες
1230 3672 1553 3740 ἀγνοοῦντες
1586 3672 1898 3742 ἀρνοῦνται.

291 3798 365 3813 ——
389 3769 506 3824 Τοῦ
528 3766 726 3822 αὑτοῦ
762 3766 834 3819 ἐκ
867 3763 982 3834 τῆς
1011 3763 1162 3833 πρὸς
1202 3764 1522 3834 Ἐφεσίους
1543 3763 1898 3833 ἐπιστολῆς.

301 3861 365 3915 ’0
397 3860 512 3931 γάρ
536 3859 675 3922 Θεὸς
706 3857 866 3928 ήμῶν
898 3856 1107 3928 Ἰησοῦς
1132 3856 1388 3926 Χριστὸς,
1418 3855 1768 3928 ὲκυοφορήθη
1794 3857 1900 3909 ὑπὸ

290 3952 541 4022 Μαρίας,
557 3948 1003 4018 κατόἰκονομίαν
1016 3947 1152 4002 Θεοῦ
1162 3990 1175 4009 ,
1191 3950 1257 4001 ἐκ
1272 3948 1586 4019 σπέρματος
1601 3947 1701 4019 μὲν
1711 3947 1897 4013 Δαὸὶδ,

292 4046 357 4097 ὲκ
377 4043 493 4115 (69)
512 4041 844 4113 Πνεῦματος
868 4040 925 4094 δὲ
961 4041 1143 4109 ἁγίου,
1165 4039 1223 4105 δς
1239 4040 1528 4112 ἐγεννήθη,
1553 4040 1647 4094 καὶ
1669 4040 1898 4095 ἐϐαπτί-

292 4136 418 4205 σθη,
462 4137 553 4189 ἵνα
587 4134 652 4188 τὸ
717 4130 914 4203 θνητὸν
954 4131 1112 4204 ἡμῶν
1147 4130 1454 4203 καθαρισθῇ
1494 4132 1627 4202 (70).
1677 4161 1747 4174 --
1787 4133 1900 4188 Τοῦ

291 4228 484 4282 αὐτοῦ
529 4226 605 4280 ἐκ
658 4223 773 4291 τῆς
809 4222 1004 4292 αὐτῆς
1057 4223 1411 4293 ἐπιστολῆς.
1476 4222 1546 4277 Εἴ
1598 4241 1651 4277 τι
1702 4223 1813 4296 (71)
1849 4226 1898 4277 oi

291 4324 415 4374 κατ’
440 4302 620 4390 ἄνδρα
650 4320 806 4386 κοινῇ
862 4316 1065 4381 πάντες
1117 4317 1177 4369 ὲν
1207 4320 1274 4389 τῇ
1322 4316 1505 4387 χάριτι
1542 4316 1600 4383 ἐξ
1634 4316 1899 4387 ὀνόματος

293 4409 635 4482 συνέρχεσθε
670 4409 732 4461 ἐν
770 4408 871 4479 μιᾷ
897 4407 1099 4472 πίστει,
1125 4407 1221 4463 καὶ
1254 4407 1336 4461 ἐν).
1372 4406 1485 4479 (72)
1533 4406 1709 4478 Ἰησοῦ
1756 4408 1896 4479 Χρι-

292 4502 426 4573 στῷ,
454 4499 608 4554 κατὰ
646 4498 759 4570 (75)
794 4498 976 4568 σάρκα
1007 4498 1072 4551 ἐκ
1106 4496 1297 4566 γένους
1328 4496 1513 4563 Δαϐὶδ,
1536 4497 1616 4567 τῷ
1648 4497 1766 4569 Υἱῷ
1800 4498 1895 4553 τοῦ

290 4580 599 4663 ἁνθρῶπου
626 4589 722 4643 καὶ
755 4588 874 4659 Υἱῷ
904 4588 1003 4642 τοῦ
1024 4585 1182 4641 Θεοῦ.
1217 4616 1290 4627 -
1327 4587 1439 4643 Τοῦ
1473 4585 1661 4642 αὐτοῦ
1682 4588 1753 4642 ἐκ
1782 4587 1894 4658 τῆς

367 4773 485 4844 (6|)
526 4771 853 4844 Suupvﬁta
878 4769 1171 4844 legendum
1215 4785 1334 4844 esse
1365 4770 1888 4844 dudumUsserius,

298 4837 616 4899 l‘earsonus
655 4837 876 4910 aliique
919 4837 1194 4895 viderunt.
1226 4840 1340 4896 Nec
1367 4841 1698 4895 dubitationi
1734 4842 1891 4897 locus

288 4930 418 4967 esse
459 4920 669 4983 potest,
701 4927 828 4983 cum
871 4910 1062 4964 eadem
1120 4911 1239 4983 haec
1292 4911 1363 4983 sit
1392 4910 1644 4983 epistola,
1675 4913 1892 4983 quaein

290 4980 521 5051 dialogo
573 4983 613 5036 2
671 4990 728 5034 et
771 4981 825 5039 3.
861 4988 1011 5051 recte
1053 4983 1086 5049 ἡ
1126 4980 1264 5051 προς
1319 4981 1663 5050 Σμυρναίους
1715 4982 1888 5036 audit.

292 5050 618 5107 Deserenda
649 5053 834 5119 itaque
883 5050 985 5104 fuit
1012 5050 1173 5104 lectio
1204 5050 1394 5121 Sirm.,
1433 5051 1759 5121 Ῥωμαίους,
1786 5052 1891 5107 etsi

289 5123 384 5178 ed.
424 5124 590 5175 llom.
621 5131 676 5175 et
704 5121 853 5190 Lips.
891 5120 1051 5175 istam
1078 5120 1227 5190 tueri
1261 5120 1572 5175 vidcantur.

368 5193 491 5260 (ὅέ)
543 5191 721 5245 Πεπλ.
765 5189 821 5244 κ.
862 5208 912 5244 τ.
968 5191 1017 5242 λ.
1068 5189 1356 5244 Pertinent
1398 5191 1501 5245 ista
1556 5190 1624 5246 ad
1673 5191 1892 5246 initium

291 5261 572 5331 epistolae,
593 5261 879 5316 cohaerent
926 5268 1111 5314 autem
1149 5275 1275 5314 cum
1318 5261 1507 5315 verbis
1531 5277 1654 5330 quae
1683 5276 1894 5329 przece-

293 5334 460 5393 dunt,
488 5333 694 5396 ἐνόησα
734 5331 878 5399 ὑμᾶς
914 5342 973 5384 et
1001 5345 1123 5398 quae
1176 5338 1506 5398 sequuntur.
1559 5331 1792 5400 Propius
1821 5331 1889 5386 ad

293 5403 552 5456 (radicem
583 5400 891 5454 hlediceum
926 5414 1091 5467 quam
1126 5400 1191 5453 ad
1216 5400 1493 5467 vulgatum
1523 5400 1771 5456 Grarcum
1802 5416 1890 5455 ac-

294 5473 512 5528 oedunt
549 5472 673 5525 loca
704 5486 772 5525 ex
809 5469 1107 5540 lgnatiauis
1132 5469 1384 5540 epistulis
1421 5486 1450 5524 a
1478 5470 1680 5525 Nostro
1707 5470 1887 5523 allata.

295 5542 457 5597 (:«mr.
489 5540 816 5610 Christoph.
842 5538 1049 5610 ‘Beyeri
1082 5539 1219 5592 Diss.
1255 5539 1530 5610 alterode
1559 5540 1768 5610 lgnatio
1797 5555 1892 5593 ve-

298 5613 478 5667 ritatis
507 5609 830 5667 confessore
856 5618 914 5664 et
950 5617 1207 5678 martyre,
1235 5625 1358 5678 pag.
1392 5609 1460 5679 59
1489 5609 1604 5679 seq.

366 5682 483 5752 (55)
530 5681 703 5752 ἁληθ.
726 5679 835 5735 Alii

370 5746 482 5820 flii)
510 5746 656 5805 κατᾶ
685 5751 737 5804 Θ.
767 5768 821 5803 κ.
850 5746 965 5820 δύν.
1001 5746 1135 5802 Cod.
1167 5748 1357 5820 Medic.
1393 5746 1533 5820 κατὰ
1563 5746 1769 5820 θέλημα
1800 5750 1893 5803 καὶ

295 5818 530 5896 δύναμιν
565 5820 727 5876 Θεοῦ.
764 5819 890 5877 Vid.
932 5819 1192 5873 Pearson.
1235 5818 1300 5871 ad
1344 5818 1398 5872 li.
1439 5818 1476 5873 ι.

867 5669 1351 5749 ροηυῃῑίροςίτὸν
1382 5669 1585 5749 Κύριον
1617 5679 1793 5749 ἡμῶν.

2004 3306 2225 3361 vicinus
2267 3305 2483 3377 gladio,
2528 3304 2748 3360 vicinus
2778 3310 2835 3358 et
2865 3304 3001 3359 Deo.
3036 3302 3225 3358 Solum
3267 3304 3324 3358 in
3366 3306 3591 3360 nomine

2005 3394 2137 3452 Iesu
2160 3394 2390 3461 Christi,
2419 3404 2481 3451 ut
2514 3396 2837 3467 passionum
2868 3396 2988 3466 ejus
3016 3394 3201 3449 socius
3233 3393 3381 3460 (iam,
3407 3395 3592 3450 omnia

2006 3487 2277 3552 sustineo,
2308 3487 2430 3558 ipso
2468 3502 2559 3543 me
2585 3485 3004 3550 corroborante,
3025 3484 3248 3540 homine
3279 3485 3545 3556 perfecto,
3571 3487 3591 3507 '

2004 3596 2169 3651 quem
2190 3579 2360 3649 aliqui
2390 3579 2707 3650 ignorantes
2738 3584 2959 3649 negant.
2978 3608 3050 3616 —
3070 3575 3344 3648 Ejusdem,
3386 3594 3450 3631 ex
3481 3574 3590 3647 epi-

2003 3671 2140 3727 stola
2171 3671 2243 3726 ad
2277 3670 2550 3743 Ephesios.
2580 3671 2727 3729 Deus
2752 3669 2901 3725 enim
2930 3677 3121 3723 noster
3147 3668 3308 3725 Jesus
3329 3667 3588 3724 Christus

2003 3764 2062 3820 in
2086 3763 2269 3820 Mariae
2288 3771 2449 3819 utero
2472 3772 2717 3835 gestatus
2737 3769 2822 3818 est
2844 3761 3149 3817 secundum
3171 3756 3283 3817 Dei
3300 3762 3585 3833 dispensa-

2002 3857 2235 3922 tionem,
2261 3872 2329 3911 ex
2358 3855 2568 3912 semine
2601 3855 2824 3927 quidem
2861 3855 3105 3922 Davidis,
3141 3854 3237 3911 sed
3276 3870 3343 3909 ex
3378 3852 3585 3925 Spiritu

2004 3956 2194 4005 sancto
2230 3966 2244 4002 :
2273 3948 2367 4019 qui
2392 3956 2558 4004 natus
2588 3958 2691 4014 est,
2727 3957 2785 4004 et
2816 3949 3149 4021 baptizatus,
3184 3955 3245 4003 ut
3282 3947 3587 4002 mortalitas

2001 4049 2192 4096 nostra
2214 4050 2505 4112 purgetur.
2530 4071 2601 4081 —-
2621 4040 2897 4116 Ejusdem,
2922 4057 2986 4095 ea:
3025 4041 3209 4095 eadem
3247 4040 3486 4112 cpistola.
3527 4039 3583 4095 Si

2001 4131 2226 4203 quidem
2249 4132 2451 4203 singuli
2479 4132 2948 4187 omnes'universe
2978 4133 3033 4186 in
3059 4130 3234 4202 gratia
3260 4131 3582 4187 nominatim

2001 4222 2314 4279 convenitis
2337 4222 2393 4276 in
2415 4238 2523 4277 una
2548 4221 2677 4289 ﬁde,
2696 4231 2753 4277 et
2771 4222 2827 4277 in
2847 4237 2957 4277 uno
2975 4222 3102 4277 Jesu
3125 4220 3364 4286 Christo,
3387 4237 3579 4277 secun-

2001 4313 2133 4369 dum
2172 4328 2397 4369 carnem
2438 4328 2509 4369 ex
2549 4327 2749 4384 genere
2790 4312 3033 4377 Davidis,
3070 4312 3209 4367 Filio
3248 4311 3491 4371 hominis
3524 4321 3581 4369 et

2001 4405 2140 4461 Filio
2155 4405 2272 4461 Dei.
2288 4435 2362 4448 —
2376 4404 2478 4476 51
2500 4405 2772 4477 Ejusdem,
2794 4421 2858 4461 ex
2878 4406 3061 4459 eadem
3075 4404 3314 4476 epistola.
3328 4405 3482 4462 Unus
3495 4416 3579 4460 est

1998 4496 2250 4552 medicus
2270 4498 2509 4553 carnalis
2526 4505 2585 4553 et
2607 4497 2935 4567 spiritualis,
2957 4497 3177 4568 genitus
3198 4507 3253 4552 et
3276 4497 3576 4568 ingenitus,

1998 4588 2055 4645 in
2088 4588 2312 4646 homine
2340 4589 2508 4657 Deus,
2545 4589 2601 4645 in
2636 4598 2815 4646 morte
2835 4590 2947 4645 vita
2975 4598 3201 4654 reterna,
3226 4595 3287 4647 et.
3307 4604 3373 4645 ex
3409 4588 3581 4647 Maria

2088 4770 2179 4842 65)
2211 4788 2336 4840 γεγ.
2358 4772 2461 4827 Ed.
2495 4772 2649 4842 prior
2681 4770 2921 4842 habebat
2951 4769 3336 4842 γεγενημένον.

2089 4839 2179 4913 66)
2211 4839 2570 4913 Τί-ὲ-νεκρόφ.
2599 4841 2735 4897 Cod.
2771 4841 2963 4897 Medic.
3002 4858 3017 4895 :
3049 4841 3114 4894 Τί
3152 4839 3259 4911 γάρ
3289 4857 3355 4909 με
3377 4839 3579 4964 (basis?

2111 4952 2127 4964 .
2179 4913 2226 4964 εί
2279 4912 2381 4964 ἰαὶ
2419 4914 2655 4964 ἐπαινεῖ.
2701 4911 2793 4964 τὸν
2824 4940 2895 4950 -
2938 4909 3296 4964 σαοκοωόοον.
3336 4912 3394 4964 '0
3506 4942 3574 4953 —

1997 4909 2087 4975 τις
2111 4952 2127 4974 ,
2161 4909 2226 4965 ἐί
2279 4912 2389 4982 ipsi
2419 4909 2655 4975 ὲῖπαινεί,
2701 4911 2793 4982 τὸν
2824 4940 2901 4982 -Ῠ
2938 4909 3296 4982 σαρκοφδρον.
3336 4912 3394 4964 ὐ
3431 4909 3574 4982 δὲκ-

1998 4980 2322 5052 ἀπήρνηται
2363 4981 2440 5052 ὢν
2482 4980 2831 5052 νεκροφόρος.
2880 4981 2960 5035 Ex
2995 4981 3083 5035 his
3132 4981 3341 5036 ultimis
3388 4981 3576 5036 verbis

1998 5051 2480 5124 emendanda_(uit
2525 5051 2691 5106 lectio
2720 5051 2886 5106 Sirm.
2940 5052 3016 5117 ὠς
3068 5052 3412 5124 νεκροφόρον.
3446 5051 3570 5107 Vid.

1998 5122 2259 5177 Pearson.
2287 5122 2354 5176 ad
2380 5121 2436 5175 Ι).
2465 5121 2504 5176 1.

2067 5190 2371 5314 ξέοῦ.
2408 5190 2544 5248 Cod.
2570 5190 2764 5247 Medic.
2796 5190 2951 5246 addit
2986 5192 3188 5260 μεταξὺ
3222 5192 3448 5267 θηρίων,
3476 5208 3570 5261 μευ

1993 5279 2061 5316 τα
2068 5278 2128 5316 ξ’)
2156 5278 2315 5315 υεου.

2388 5331 2549 5415 ‘Ibid.
2587 5332 2839 5415 sequitur
2855 5333 3181 5415 χενομένου.

2088 5402 2178 5458 69)
2223 5404 2307 5455 ὲκ.
2339 5402 2510 5457 Abest
2539 5417 2570 5457 a
2597 5404 2723 5457 eod.
2752 5402 2945 5458 Medic.

2093 5468 2339 5543 τολβοά.
2374 5472 2571 5543 Medic.
2608 5471 2802 5543 haud;
2825 5473 2985 5526 πάθει
3015 5473 3077 5526 τὺ
3103 5471 3244 5541 ὕδωρ
3273 5468 3544 5543 καθαρίσῃ

1993 5541 2116 5596 Vid.
2164 5542 2358 5596 Thom.
2396 5541 2571 5597 Smith
2597 5542 2666 5596 ad
2707 5541 2766 5595 l1.
2793 5542 2830 5595 Ι.

2207 5612 2561 5736 Ιέἴίτιὴιςξιοόἐι
2590 5610 2787 5666 Medic.
2825 5612 2928 5665 ὅτι.

2245 5702 2269 5733 ν
2301 5723 2313 5734 υ
2418 5700 2432 5735 1
2481 5725 2492 5737 ι
2567 5702 2614 5734 ν-

2091 5680 2178 5747 72)
2214 5681 2313 5734 ἑνί.
2355 5682 2492 5737 lbid.
2537 5683 2614 5735 ὲν.

2068 5750 2178 5822 (75)
2209 5753 2370 5807 κατά.
2402 5752 2482 5807 Ib.
2509 5768 2691 5825 praem.
2724 5749 2817 5821 τῷ.
