4090 6472
504 395 576 460 83
933 433 954 445 ‹
1497 391 1986 452 THEODORETI
2027 395 2366 457 EPISCOPI
2405 397 2769 458 CYRENSIS
3705 394 3774 457 8-1

508 512 565 560 et
601 519 670 560 ex
705 504 840 568 Deo,
876 500 1053 572 primo
1079 501 1301 572 quidem
1343 499 1620 572 passibilis
1656 508 1787 555 tunc
1824 517 1955 555 vero
1983 517 2084 555 un-

2209 505 2379 574 κύτῆς
2420 507 2771 573 ἐπιστολῆς,
2815 500 2910 568 Εἷς
2970 503 3153 574 ἱατρός
3187 503 3303 556 ἐστι
3368 501 3628 573 σαρκικὸς
3681 506 3776 557 καὶ

508 595 808 670 passibilis,
837 594 996 650 Jesus
1021 593 1274 649 Christus
1299 592 1564 647 Dominus
1604 602 1810 647 noster.
1838 621 1898 631 -—
1928 593 1975 646 Ε
1969 595 2091 663 jus-

2194 598 2587 669 πνευματικὸς,
2639 597 2895 666 γεννητὸς
2922 596 3016 648 xui
3078 595 3374 664 ἀγέννητος
3431 593 3564 663 (74),
3602 595 3660 647 ἐν
3684 595 3778 648 άν-

511 689 630 744 dem
657 729 672 755 ,
721 703 786 742 ea:
841 684 1063 758 epistola
1108 685 1178 740 ad
1219 684 1541 740 Trallianos.
1596 683 1864 740 Obturate
1907 685 2092 756 itaque

2209 690 2400 762 ipcbmp
2424 690 2556 752 Θεὸς
2575 689 2710 759 (75),
2729 691 2785 743 ἐν
2805 687 3020 757 θανάτῳ
3044 686 3158 756 ζωὴ
3183 686 3430 756 ἀληθινὴ,
3458 686 3554 738 xui
3578 687 3640 737 ἐκ
3662 687 3782 738 Μα-

509 796 674 836 aures
702 787 932 843 vestras,
959 777 1180 847 quando
1203 777 1361 833 vobis
1395 777 1642 846 loquitur
1666 777 1940 848 quispiam
1975 778 2092 833 sine

509 874 641 930 Jesu
673 870 915 936 Christo,
939 870 1033 940 qui
1063 879 1149 925 est
1181 885 1247 926 ex
1275 885 1475 942 genere
1497 869 1739 932 Davidis,
1765 871 1861 938 qui
1897 879 1982 925 est
2021 886 2087 924 ex

511 961 700 1026 Maria,
730 961 827 1032 qui
865 977 996 1017 vere
1037 970 1202 1016 natus
1239 970 1345 1027 est,
1376 976 1503 1016 vere
1547 962 1787 1016 comedit
1827 969 1882 1016 et
1924 962 2087 1024 bibit,

511 1051 607 1122 qui
648 1052 753 1108 sub
796 1051 994 1107 Pontio
1035 1051 1210 1108 Pilato
1254 1054 1665 1123 persecutiones
1701 1053 1890 1117 subiit,
1920 1052 2102 1108 cruci-

512 1142 652 1199 fixus
692 1151 750 1200 et
792 1153 1045 1199 mortuus
1083 1153 1188 1212 est,
1215 1145 1535 1201 videntibus
1569 1145 1946 1208 terrestribus,
1991 1159 2101 1198 ca:-

510 1233 764 1301 lestibus,
811 1243 868 1290 et
900 1234 1114 1291 inferis.

2199 783 2320 853 ρίας
2355 782 2449 835 xui
2479 781 2543 834 ἐκ
2562 781 2719 845 Θεοῦ,
2746 779 2962 851 πρῶτον
2983 778 3246 848 παθητὸς,
3275 776 3370 830 xui
3393 776 3515 828 τότε
3541 776 3776 846 ἀπαθὴς,

2213 874 2414 943 Ἰησοῦς
2440 873 2672 943 Χριστὸς
2693 874 2721 925 ὁ
2745 871 2949 941 Κύριος
2973 869 3224 942 ἡμῶν.-
3247 869 3356 923 Τοῦ
3384 868 3570 923 αὐτοῦ
3587 868 3654 921 ἐκ
3670 867 3773 935 τῆς
3826 853 3832 878 ¹

2201 965 2350 1032 πρὸς
2379 962 2781 1033 Τραλλιανοὺς
2799 959 3151 1029 ἐπιστολῆς.
3179 959 3498 1030 Κωφώθητε
3514 955 3627 1022 οὖν,
3651 959 3780 1012 ὅταν

2201 1054 2372 1124 χωρὶς
2409 1052 2584 1124 Ἰησοῦ
2611 1051 2849 1122 Χριστοῦ
2887 1052 3016 1123 ὑμῖν
3050 1050 3162 1122 (76)
3185 1051 3320 1120 λαλῇ
3345 1067 3453 1114 τις,
3478 1049 3571 1102 τοῦ
3592 1050 3654 1101 ἐκ
3689 1051 3782 1116 γέ-

2201 1163 2323 1208 νους
2359 1145 2544 1210 Δαὸὶδ,
2581 1143 2675 1197 τοῦ
2709 1146 2773 1197 ὲκ
2808 1143 3052 1215 Μαρίας,
3111 1142 3170 1205 ὃς
3227 1141 3443 1213 άληθῶς
3493 1138 3780 1208 ἐγεννήθη.

2202 1234 2376 1304 ἔφαγέ
2411 1253 2470 1287 τε
2503 1235 2598 1288 xui
2635 1234 2786 1287 ἔπιεν
2840 1233 3077 1306 άληθῶς,
3125 1232 3355 1304 ἐδιώχθη
3411 1234 3504 1286 ἐπὶ
3557 1229 3783 1285 Ποντίου

512 1326 768 1396 Πιλάτου,
843 1329 1165 1402 ἐσταυρώθη
1203 1328 1338 1401 (77),
1389 1331 1482 1384 xui
1551 1329 1810 1396 ἀπέθανε,
1859 1329 2169 1401 βλεπόντων
2206 1331 2313 1384 τῶν
2371 1331 2626 1400 ἐπιγείων
2685 1330 2797 1402 (78)
2835 1331 2928 1384 xui
2980 1329 3319 1400 ἐπουρανίων
3368 1328 3462 1384 xui
3519 1327 3781 1398 καταχθο·

513 1420 664 1476 νίων.

517 1541 713 1599 [reneri
752 1545 983 1616 episcopi
1017 1543 1509 1670 ιαςῗὶιέιιρέιδέίέηξα
1549 1546 1704 1598 tertio
1736 1542 1867 1598 libro
1899 1543 2103 1598 Contra

587 1724 864 1793 Quorsum
899 1736 1085 1784 autem
1116 1726 1234 1784 hac
1271 1727 1438 1782 verba
1469 1729 1524 1780 in
1561 1728 1774 1781 civitate
1804 1725 1978 1782 David
2013 1727 2110 1780 ad-

518 1816 782 1874 diderunt
817 1818 897 1884 ",
949 1818 1058 1874 nisi
1100 1828 1162 1874 ut
1212 1818 1634 1888 promissionem
1679 1834 1801 1890 quae
1843 1817 2035 1873 Davidi
2076 1834 2107 1872 a

2199 1546 2520 1614 Ειρηναίου
2554 1545 2890 1614 ἐπισκόπου
2909 1540 3295 1614 Λου-ρδούνοο
3326 1539 3394 1593 ἐκ
3432 1539 3537 1594 τοῦ
3584 1540 3785 1609 τρίτου

2535 1616 2722 1684 λόγου
2752 1613 2873 1667 τῶν
2909 1615 3001 1677 Είς
3032 1611 3131 1676 τὰς
3170 1611 3435 1682 αἱρέσεις.

2278 1731 2370 1793 Ei;
2402 1729 2454 1782 τί
2488 1728 2600 1798 (79)
2622 1727 2680 1782 δὲ
2700 1729 2794 1782 xui
2817 1727 2878 1781 τὸ
2914 1729 3012 1780 Ἐν
3031 1727 3205 1781 πόλει
3224 1725 3402 1780 Δαόὶδ
3418 1723 3785 1795 προσέθηκαν,

2206 1822 2255 1874 εί
2293 1819 2368 1891 μὴ
2402 1819 2491 1874 ίνα
2544 1819 2643 1888 τὴν
2696 1818 2802 1871 ὑπὸ
2855 1814 2991 1870 Θεοῦ
3057 1813 3434 1885 γεγενημένην
3495 1809 3576 1881 τῷ
3622 1809 3787 1862 Δαὸὶδ

516 1910 631 1966 Deo
665 1911 811 1966 facta
850 1919 971 1966 erat
1001 1912 1066 1976 “,
1094 1911 1212 1966 fore
1257 1919 1319 1966 ut
1359 1925 1427 1965 ex
1454 1911 1667 1966 ventris
1704 1911 1880 1981 ipsius
1913 1910 2098 1965 fructu

2209 1911 2516 1982 ὑπόσχεσιν.
2540 1911 2623 1963 ὅτι
2658 1912 2722 1962 ἐκ
2747 1907 2961 1981 καρποῦ
2995 1906 3095 1978 τῆς
3115 1905 3327 1968 κοιλίας
3368 1900 3536 1957 αὐτοῦ
3571 1899 3788 1962 αἰώνιός

517 2015 615 2056 rex
640 2002 1013 2072 sempiternus
1037 2001 1351 2068 exsisteret,
1382 2002 1656 2072 expletam
1687 2001 2101 2064 annuntiarent,

515 2108 684 2164 quam
704 2093 963 2150 videlicet
983 2094 1366 2150 universitatis
1392 2094 1558 2166 hujus
1584 2094 1838 2150 conditor
1860 2092 2104 2149 iecerat?

516 2179 983 2256 52—Ejusdem
1024 2202 1090 2240 ea:
1125 2187 1305 2241 eodem
1341 2186 1473 2241 libro
1500 2187 1568 2242 ".
1597 2188 1660 2243 Et
1689 2203 1814 2243 cum
1857 2187 2099 2243 diceret:

524 2294 543 2328 ι
567 2270 1008 2332 Audite'domus
1030 2276 1255 2332 Davidis
1277 2278 1343 2342 “,
1369 2296 1388 2330 ι
1430 2277 1793 2350 significabat,
1812 2279 2102 2348 sempiter-

517 2383 652 2422 num
693 2367 849 2422 illum
895 2384 1116 2439 regem,
1161 2385 1322 2438 quem
1370 2368 1516 2425 Deus
1552 2368 1743 2424 Davidi
1783 2368 1852 2424 de
1894 2369 2105 2424 ventris

519 2459 694 2531 ipsius
711 2455 894 2514 fructu
914 2461 1282 2516 excitaturum
1306 2475 1364 2516 se
1382 2461 1729 2532 promiserat,
1750 2460 1898 2514 hunc
1924 2460 2102 2530 ipsum

517 2566 662 2616 esse,
685 2551 782 2622 qui
811 2566 879 2606 ex
901 2546 1161 2607 Davidica
1188 2552 1410 2623 Virgine
1428 2563 1590 2608 natus
1617 2562 1720 2609 est.
1738 2584 1808 2595 ~—
1825 2552 2100 2622 Ejusdem,

517 2656 581 2694 ea:
603 2640 782 2695 eodem
811 2639 942 2695 libro
973 2641 1034 2695 ".
1076 2640 1316 2697 Proinde
1353 2644 1399 2697 si
1438 2643 1650 2712 primus
1682 2642 1856 2697 Adam
1888 2649 2102 2712 patrem

515 2728 796 2787 hominem
843 2731 1150 2796 habuisset,
1199 2739 1366 2803 atque
1413 2747 1482 2788 ex
1524 2733 1734 2788 semine
1783 2740 2104 2803 procreatus

513 2823 728 2889 fuisset,
767 2839 878 2879 non
926 2825 1024 2880 abs
1068 2839 1128 2879 re
1167 2824 1354 2881 dicere
1400 2825 1525 2895 quis
1562 2833 1767 2896 posset,
1798 2823 2102 2880 secundum

516 2930 737 2985 quoque
777 2913 1047 2970 Adamum
1084 2931 1152 2970 ex
1189 2913 1428 2986 Josepho
1461 2923 1644 2969 ortum
1671 2929 1814 2969 esse.
1849 2915 1918 2968 At
1950 2928 2100 2978 vero,

517 3022 643 3062 cum
685 3005 776 3061 ille
817 3021 883 3062 ex
921 3014 1068 3060 terra
1102 3016 1374 3078 sumptus,
1413 3016 1577 3076 atque
1613 3021 1646 3060 a
1682 3007 1796 3061 Deo
1835 3001 2104 3060 formatus

518 3097 611 3163 sit,
641 3105 858 3168 oportet
885 3097 1077 3168 utique
1101 3114 1227 3153 eum
1252 3099 1346 3168 qui
1368 3098 1645 3153 hominem
1675 3115 1705 3152 a
1728 3097 1842 3154 Deo
1864 3095 2104 3153 eilictum

519 3185 577 3240 in
606 3186 789 3256 seipso
816 3188 1168 3252 instauraret,
1187 3188 1437 3243 eamdem
1462 3203 1589 3242 cum
1610 3187 1705 3242 illo
1733 3186 2104 3259 generationis

2211 2005 2328 2056 ἐστι
2373 2001 2644 2072 βασιλεὺς,
2684 1998 3126 2071 πεπληρωμένην
3160 1993 3619 2064 εὐαγγελίσωνται
3653 1990 3788 2058 (80),

2211 2096 2278 2164 ἢν
2315 2093 2428 2164 (81)
2463 2090 2849 2164 ὁδημιουργὸς
2904 2089 3059 2143 τοῦδε
3113 2087 3206 2142 τοῦ
3263 2085 3467 2149 παντὸς
3527 2083 3796 2154 πεποίητο

2211 2185 2580 2256 ἐπαγγελίαν;
2613 2215 2683 2224 --
2728 2183 2840 2238 Τοῦ
2883 2181 3070 2237 αὑτοῦ
3119 2181 3188 2234 ἐκ
3223 2177 3328 2233 τοῦ
3365 2174 3552 2231 αὐτοῦ
3582 2175 3788 2242 λόγου.

2211 2281 2321 2334 Kui
2350 2281 2408 2332 ἐν
2431 2277 2508 2349 τῷ
2536 2280 2730 2340 είπεῖν,
2763 2295 2780 2329 ι
2824 2273 3119 2329 Ἀκούσατε
3147 2271 3259 2343 (82)
3291 2270 3374 2341 δὴ,
3405 2263 3553 2330 οἶκος
3573 2264 3787 2325 Δαόὶδ,ι

2213 2371 2574 2443 σημαίνοντος
2603 2364 2690 2440 ἦν,
2726 2369 2807 2421 ὃτι
2835 2367 2894 2420 ὃν
2923 2365 3035 2436 (85)
3073 2362 3440 2436 ἐπηγγείλατο
3463 2357 3541 2430 τῷ
3573 2356 3736 2411 Δασὶδ
3767 2351 3797 2405 6

2210 2459 2365 2522 Θεὸς,
2399 2458 2464 2512 ἐκ
2490 2456 2703 2528 καρποῦ
2736 2456 2836 2526 τῆς
2863 2456 3074 2519 κοιλίας
3102 2452 3266 2508 αὑτοῦ
3296 2449 3512 2506 αίώνιον
3559 2446 3789 2516 ἀναστή-

2213 2566 2326 2602 σειν
2357 2547 2607 2617 βασιλέα,
2635 2539 2788 2608 οῦτός
2815 2545 2963 2598 ἐστιν
2991 2546 3054 2598 ἐκ
3089 2542 3201 2613 (84)
3236 2542 3336 2610 τῆς
3371 2539 3536 2594 Δαὸὶδ
3581 2535 3790 2608 Παρθέ-

2211 2657 2304 2694 νου
2335 2639 2646 2709 γενόμενος.
2672 2667 2744 2676 -
2779 2635 2892 2691 Τοῦ
2925 2635 3113 2690 αὐτοῦ
3142 2635 3211 2689 ἐκ
3239 2632 3346 2687 τοῦ
3375 2627 3562 2686 αὑτοῦ
3583 2629 3791 2698 λόγου.

2212 2733 2274 2784 Ei
2301 2731 2480 2784 τοίνυν
2506 2728 2534 2782 ὁ
2558 2728 2772 2800 πρῶτος
2801 2726 2972 2798 Ἀδὰμ
2989 2725 3114 2797 ἔσχε
3132 2725 3342 2795 πατέρα
3365 2722 3672 2791 ἄνθρωπον,
3700 2717 3791 2771 καὶ

2211 2824 2274 2875 ἐκ
2304 2823 2620 2894 σπέρματος
2652 2820 2767 2890 (85)
2804 2819 3094 2890 ἐγεννήθη,
3123 2817 3271 2880 εἰκὸς
3299 2812 3368 2887 ἦν
3399 2814 3496 2869 xui
3541 2813 3631 2867 τὸν
3671 2810 3792 2864 δεύ-

2212 2935 2369 2988 τερον
2415 2917 2586 2988 ’Δδὰμ
2639 2917 2817 2984 λέγειν
2867 2914 3034 2969 αὑτὸν
3064 2913 3178 2982 (86)
3213 2897 3272 2978 ἐξ
3312 2911 3511 2983 Ἰωσὴφ
3565 2909 3791 2978 γεγενῆε

2215 3007 2362 3062 σθαι.
2396 3007 2459 3060 Εἰ
2484 3007 2538 3060 δὲ
2564 3008 2771 3070 ἐκεῖνος
2800 3009 2864 3060 ἐκ
2896 3008 2998 3076 γῆς
3024 3004 3256 3076 ἐλήφθη,
3283 3003 3526 3074 πλάστης
3550 3001 3606 3054 δὲ
3628 2999 3794 3053 αὐτοῦ

2210 3100 2239 3152 ὁ
2267 3097 2421 3161 Θεὸς,
2455 3097 2562 3150 ἔδει
2594 3097 2688 3150 xui
2743 3097 2834 3151 τὸν
2883 3096 3455 3166 ἁνακεφαλαιοῦμενον
3507 3094 3588 3156 είς
3632 3090 3796 3145 αὑτὸν

2213 3189 2318 3243 ὑπὸ
2343 3187 2438 3242 τοῦ
2478 3188 2614 3243 Θεοῦ
2673 3189 3058 3260 πεπλασμένον
3109 3187 3416 3258 ἄνθρωπον,
3467 3184 3565 3256 τὴν
3625 3183 3798 3253 αὐτὴν

519 3277 937 3333 similitudinem
960 3278 1186 3334 habere.
1215 3275 1358 3346 Quid
1382 3279 1549 3350 igitur
1579 3293 1760 3334 causae
1784 3285 1890 3346 est,
1912 3293 2102 3348 quam-

2211 3279 2407 3349 ἐκείνφ
2435 3279 2534 3350 τῆς
2566 3281 2874 3349 γεννήσεως
2903 3278 3050 3348 ἔχειν
3101 3275 3415 3347 ὁμοιότητα.
3449 3275 3541 3338 Εἰς
3597 3271 3650 3325 τί
3703 3267 3798 3327 οὖν

519 3369 711 3427 obrem
733 3369 881 3426 Deus
905 3367 1097 3426 limum
1127 3386 1318 3426 rursus
1339 3387 1448 3425 non
1473 3370 1789 3441 sumpserit,
1815 3372 1832 3390 '
1854 3369 1950 3426 sed
1981 3385 2113 3440 ope-

521 3479 638 3520 ram
673 3462 911 3529 dederit,
949 3473 1010 3519 ut
1035 3480 1098 3519 ex
1128 3462 1298 3519 Maria
1328 3463 1583 3520 formatio
1618 3463 1805 3519 fieret?
1835 3463 2108 3518 Nimirum

519 3569 591 3610 ne
627 3553 736 3610 alia
772 3563 919 3610 esset
947 3553 1172 3619 eilictio,
1199 3564 1296 3610 aut
1324 3554 1476 3610 aliud
1508 3564 1656 3610 esset
1691 3555 1839 3625 quod
1871 3553 2112 3610 salvare-

521 3655 631 3710 tur,
659 3645 757 3700 sed
783 3645 875 3700 ille
907 3645 1142 3716 ipsemet
1176 3645 1582 3701 instauraretur
1605 3654 1821 3701 servata
1851 3645 2112 3700 similitu-

520 3733 670 3788 dine.
712 3733 883 3789 Valde
924 3733 1092 3804 igitur
1133 3741 1355 3798 errant,
1399 3735 1494 3803 qui
1531 3733 1756 3798 dicunt,
1796 3750 1923 3789 eum
1965 3734 2104 3790 nihil

519 3824 884 3895 assumpsisse
923 3840 991 3880 ex
1024 3826 1270 3898 Virgine,
1293 3832 1355 3880 ut
1384 3825 1638 3896 rejiciaut
1662 3827 1844 3881 carnis
1874 3826 2107 3883 haeredi-

520 3922 710 3980 tatem,
740 3923 796 3970 et
833 3913 1255 3970 similitudinem
1300 3914 1612 3985 repudient.
1644 3946 1714 3954 —
1738 3917 2012 3987 Ejmdem,
2041 3933 2105 3972 ea;

518 4008 699 4062 eodem
726 4007 858 4062 libro
884 4006 950 4062 “'.
971 4005 1434 4080 Quandoquidem
1468 4008 1640 4078 ipsius
1671 4025 1890 4080 quoque
1914 4009 1970 4064 in
1995 4008 2106 4064 Ma-

520 4101 658 4156 riam
693 4100 995 4156 descensus
1021 4115 1465 4170 supervacaneus
1489 4100 1612 4155 fuit.
1636 4099 1846 4172 Ecquid
1871 4102 2018 4158 enim
2047 4103 2102 4157 in

517 4207 642 4249 eam
661 4191 1054 4258 descendebat,
1081 4191 1127 4247 si
1154 4191 1294 4248 nihil
1317 4192 1384 4248 ab
1407 4207 1472 4248 ea
1498 4201 1822 4264 sumpturus
1842 4203 1962 4250 erat
1977 4194 2001 4248 ?
2018 4195 2101 4250 Ad

2213 3370 2376 3426 πάλιν
2406 3372 2505 3424 οὐκ
2542 3371 2701 3424 ἔλαϐε
2737 3370 2866 3440 χοῦν
2891 3371 2918 3423 ὁ
2965 3368 3118 3432 Θεὸς,
3151 3367 3265 3421 ἀλλ’
3288 3369 3350 3420 ἐκ
3382 3365 3605 3437 Μαρίας
3634 3364 3798 3435 ἐνήρο

2213 3479 2350 3532 γησε
2381 3463 2480 3534 τὴν
2515 3463 2712 3516 πλάσιν
2767 3461 3054 3531 γενέσθαι;
3092 3461 3210 3513 Ἵνα
3273 3457 3348 3530 μὴ
3406 3457 3542 3526 άλλη
3598 3455 3799 3519 πλάσις

2211 3555 2458 3624 γένηται,
2498 3555 2633 3624 μηδὲ
2666 3553 2792 3607 ἄλλο
2846 3552 2905 3606 τὸ
2955 3551 3261 3620 σωζόμενον
3299 3547 3435 3629 (87),
3483 3545 3595 3600 ἀλλ’
3631 3545 3798 3609 αὐτὸς

2211 3647 2416 3710 ἐκεῖνος
2451 3643 2933 3716 ἀνακεφαλαιωθῇ,
2962 3640 3308 3714 τηρουμένης
3335 3637 3434 3710 τῆς
3458 3637 3796 3708 ὁμοιότητος.

2219 3738 2392 3806 Ἀγαν
2421 3733 2513 3790 οῦν
2561 3737 2820 3790 πίπτουσι
2857 3737 2951 3790 xui
3009 3737 3058 3788 οἱ
3113 3735 3364 3802 λέγοντες
3413 3731 3576 3784 αὐτὸν
3628 3727 3800 3800 μηδὲν

2213 3829 2494 3900 είληφέναι
2542 3830 2606 3882 ἐκ
2642 3829 2739 3900 τῆς
2791 3828 3094 3901 Παρθένου,
3131 3826 3195 3880 ἵν’
3228 3824 3500 3878 ἐκϐάλωσι
3550 3821 3648 3892 τὴν
3694 3818 3800 3888 τῆς

2212 3920 2415 3992 σαρκὸς
2472 3919 2862 3992 κληρονομίαν.
2923 3919 3017 3972 xui
3067 3913 3569 3983 άποϐάλωνταιτὴν
3607 3910 3800 3982 ὁμοιό-

2207 4029 2465 4083 τητα.-
2502 4010 2612 4066 Τοῦ
2646 4011 2834 4067 αὑτοῦ
2879 4011 2949 4067 ἐκ
3002 4011 3108 4065 τοῦ
3161 4008 3348 4064 αὑτοῦ
3397 4008 3601 4076 λόγου.
3642 4001 3802 4058 Ἐπεὶ

2210 4103 2448 4181 περισσὴ
2482 4103 2594 4174 (88)
2628 4103 2723 4157 καὶ
2764 4106 2796 4174 ἡ
2829 4105 2909 4166 είς
2950 4101 3047 4173 τὴν
3089 4101 3309 4172 Μαρίαν
3343 4096 3508 4153 αὑτοῦ
3543 4095 3796 4157 κάθοδος.

2211 4196 2276 4250 Τί
2339 4197 2449 4267 γὰρ
2513 4196 2607 4249 xui
2647 4198 2728 4259 είς
2774 4195 2944 4266 αὐτὴν
2993 4194 3207 4266 κατῄει,
3242 4193 3292 4245 εἰ
3363 4189 3531 4262 μηδὲν
3598 4186 3798 4258 ἔμελλε

592 4350 634 4382 ¹⁹
657 4348 789 4419 Cap.
823 4348 877 4404 2.
957 4347 1000 4380 "
1027 4342 1161 4404 Luc.
1193 4361 1250 4413 ιι,
1285 4348 1338 4405 4.
1417 4307 1463 4381 ’ἶ
1494 4349 1635 4404 Psal.
1671 4365 1851 4413 cuiu,
1877 4350 1933 4402 2.
2013 4350 2054 4382 "
2093 4349 2227 4422 Cap.
2266 4351 2357 4408 27.
2439 4356 2484 4388 ¹⁶
2522 4353 2624 4408 lsa.
2657 4369 2750 4406 vn.
2787 4352 2872 4405 l5.
2953 4351 2995 4384 "
3033 4349 3164 4420 Cap.
3207 4349 3296 4406 5|.
3378 4347 3420 4380 "
3458 4346 3591 4416 Cap.
3617 4344 3706 4398 '52.

592 4509 704 4582 (74)
731 4527 879 4583 γενν.
929 4511 1242 4583 καὶλάγένν.
1277 4510 1440 4583 Sirm.
1486 4514 1745 4582 γεννητὸς
1772 4511 1836 4583 ἐξ
1877 4511 2102 4583 ἀγεννή-

2212 4514 2389 4583 pleret
2412 4515 2469 4568 iu
2490 4514 2624 4568 edit.
2665 4529 2766 4568 sua
2795 4513 3008 4568 lrenaai.

519 4579 638 4643 του,
670 4595 793 4664 quae
825 4581 990 4664 lectio
1018 4581 1141 4664 jam
1176 4579 1396 4664 Petavio
1433 4579 1850 4664 corruptayisa
1888 4591 1994 4662 est.
2016 4579 2100 4664 ‘De

518 4667 650 4706 vera
682 4650 847 4721 hujus
877 4650 981 4721 loci
1018 4650 1248 4705 lectione
1281 4651 1462 4706 adhuc
1486 4650 1727 4721 dubitari
1750 4665 1910 4721 posse
1943 4651 2100 4704 vide-

521 4730 632 4776 tur.
660 4720 771 4775 Nos
801 4720 1084 4790 sequimur
1102 4721 1392 4776 lectionem
1415 4721 1539 4776 cod.
1565 4720 1766 4775 Medic.
1794 4721 2099 4776 secundum

519 4791 687 4862 Vulg.
706 4791 1082 4862 interpretem,
1113 4793 1479 4862 etAthanasii
1501 4793 1557 4846 in
1588 4790 1734 4862 libro
1768 4791 1845 4845 De
1868 4791 2098 4862 synodi:

519 4860 748 4916 Arimini
780 4871 827 4915 et
855 4860 1062 4917 Selene.
1096 4861 1345 4918 Gelasius
1380 4871 1563 4918 autem
1590 4861 1647 4914 in
1674 4861 1817 4916 libro
1855 4860 1930 4915 De
1963 4861 2100 4914 dua-

521 4931 618 4985 bus
652 4929 846 4986 Christi
893 4934 1102 4986 naturis
1137 4942 1362 4988 secutus
1403 4942 1489 4987 est
1541 4929 1834 5000 lectionem
1883 4931 2110 5000 γενητὸς

522 5003 619 5055 xui
653 5003 914 5074 ἀγένητος
947 5003 1115 5073 {actus
1149 5011 1198 5057 et
1229 5020 1335 5058 non
1382 5003 1573 5074 factm.
1608 4999 1732 5056 Vid.
1779 5001 1954 5057 Smith
1993 4999 2030 5055 l7.
2054 5017 2110 5055 c.

522 5080 579 5126 et
600 5072 770 5128 Bever
824 5075 860 5128 l.
899 5089 947 5128 c.
981 5090 1034 5128 ι).
1071 5075 1159 5128 47.

522 5080 579 5126 et
600 5080 770 5129 Bever
824 5080 860 5128 l.
899 5089 947 5129 c.
981 5090 1034 5129 ι).
1071 5080 1159 5128 47.

600 5090 770 5156 bej'er
825 5090 860 5128 ι.
899 5090 947 5129 c.
981 5090 1034 5144 p.
1071 5090 1159 5128 4'1.
1497 5143 1508 5153 _

595 5141 709 5215 (Ἱρ)
743 5147 800 5197 ἐν
832 5144 995 5215 ίὶνθρ.
1017 5144 1173 5215 Θεὸς.
1204 5140 1341 5196 Cod.
1369 5142 1565 5198 Medic.
1599 5147 1656 5215 ἐν
1683 5143 2103 5215 σαρκὶ-γενόμεο

523 5229 612 5285 νος
635 5214 786 5285 Θεός.
813 5213 948 5280 Qum
964 5213 1111 5285 ibid.
1125 5221 1456 5280 sequuntur,
1476 5215 1534 5267 ἐν
1562 5213 1816 5285 ἀθανάτῳ
1841 5213 1955 5284 ζωῇ
1973 5213 2104 5282 ἀλη-

523 5281 667 5353 θινῇ,
704 5284 759 5338 in
795 5285 995 5339 mendo
1029 5283 1252 5338 cubant.

597 5351 707 5423 (76)
743 5357 838 5422 ὑμ.
889 5353 1033 5407 Edit.
1070 5353 1228 5423 Rom.
1252 5359 1308 5405 et
1333 5351 1492 5423 Lips.
1532 5356 1685 5423 ἡμῖν,
1724 5351 1820 5407 sed
1848 5368 1971 5407 cum
2009 5369 2104 5408 nov

525 5391 635 5476 str‘a
663 5391 897 5478 lcl'cti'one
933 5422 1207 5478 consentit
1245 5391 1648 5478 codexyMedic.
1672 5397 1967 5480 ’Eamdern
2003 5391 2102 5479 0;-

524 5493 715 5560 primit
749 5493 991 5563 Strigelii
1016 5493 1419 5563 interpretatio.

599 5507 715 5546 Imtt
749 5507 991 5563 btrlgem
1021 5507 1419 5615 mtergretauo.

599 5563 710 5635 (77)
747 5561 1136 5635 ἐσταυρ-.-Ορώ
1197 5561 1362 5635 ίςάὶε.
1402 5579 1590 5634 prtem.
1620 5563 1856 5635 ἀληθῶς.

599 5633 710 5706 (78)
761 5632 894 5706 Cod.
940 5632 1134 5686 Medic.
1169 5632 1277 5684 τῶν
1309 5632 1664 5706 ἐπουρανίων,
1713 5632 1972 5702 ἐπιγείων
2009 5634 2102 5687 καὶ

525 5701 881 5770 ὑποχθονίων.

591 5769 704 5842 (79)
747 5773 839 5834 Et;
863 5770 917 5824 τί
939 5789 993 5846 κ.
1028 5787 1093 5846 1_:._
1117 5769 1167 5825 λ.
1200 5770 1327 5846 Ποοί
1348 5782 1403 5829 et
1436 5777 1798 5846 sequentibus
1828 5775 2102 5844 fragmen-

513 5839 610 5910 tis
635 5857 767 5898 usus
799 5851 880 5899 est
929 5839 1186 5913 Grabius,
1225 5851 1282 5898 ut
1318 5839 1539 5906 lacunas
1581 5857 1758 5906 textus
1802 5839 1971 5903 Cra-ci
2005 5861 2102 5905 ex-

2218 4577 2231 4671 ;
2283 4584 2395 4671 ('80)
2419 4586 2614 4653 εὐαγγ.
2647 4584 2749 4638 Ed.
2791 4585 2949 4639 Rom.
2993 4592 3049 4638 et
3089 4582 3238 4652 Lips.
3279 4580 3488 4636 addunt
3522 4578 3599 4650 τῷ
3627 4577 3799 4634 Δασὶδ

2211 4655 2710 4847 ἵζδῆἷῗῖξθζλθιὲδῐὲ
2743 4724 3036 4847 llectionem
3059 4723 3254 4778 habuit
3293 4730 3452 4777 vetus
3492 4720 3790 4788 interpres.

2255 4810 2268 4846 I
2317 4836 2328 4846 .
2422 4810 2477 4847 ra
2525 4833 2537 4846 .
2563 4809 2595 4847 a
2706 4834 2718 4847 .
2772 4834 2785 4847 .
3414 4823 3426 4834 .

2205 4793 2328 4850 Vid.
2371 4793 2537 4849 Grab.
2563 4794 2629 4847 ad
2663 4795 2718 4847 h.
2748 4794 2785 4848 1.
3414 4823 3426 4834 -

2279 4863 2390 4937 (82)
2444 4866 2557 4937 ’ᾼκ.
2596 4864 2696 4937 Ed.
2736 4865 2894 4920 Rom.
2927 4873 2985 4921 et
3018 4865 3168 4937 Lips.
3213 4861 3498 4917 ἀκούσετε.
3544 4860 3623 4914 Ita
3646 4875 3796 4930 quo-

2207 4935 2788 5011 que_(}rabiuslegit._
2876 5004 2946 5011 __
3009 5005 3022 5011 μ
3085 4935 3093 4937 ⁷
3398 5001 3413 5011 _
3749 5000 3761 5011 .

2276 5003 2387 5072 (85)
2423 5005 2502 5058 ὃν.
2529 5001 2825 5060 Inserenda
2871 5004 2974 5061 fuit
3009 5005 3126 5062 haec
3157 5020 3282 5069 vox,
3312 5013 3374 5058 ut
3398 5001 3540 5056 bene
3573 5001 3794 5055 monuit

2205 5071 2462 5130 Grabius.

2289 5144 2400 5216 (84)
2436 5148 2519 5199 ἐκ.
2546 5145 2701 5216 Edit.
2744 5147 2899 5200 Rom.
2941 5155 2996 5201 et
3031 5147 3180 5216 Lips.
3215 5160 3404 5216 prmm.
3430 5144 3476 5216 ὸ.

2289 5147 2377 5212 (84
2436 5148 2519 5199 ἐκ.
2558 5147 2701 5200 Edit.
2744 5147 2899 5200 Rom.
2941 5155 2996 5201 et
3031 5147 3180 5216 Lips.
3215 5160 3404 5214 prmm.
3430 5147 3476 5196 ὁ.

2285 5147 2400 5286 (85)
2453 5215 2657 5286 σπέρμ.
2697 5216 2862 5270 Grab.
2899 5217 3066 5270 inseri
3092 5217 3249 5287 jubet
3299 5213 3512 5287 ἀνδρρς,
3542 5209 3639 5264 sed
3671 5211 3794 5287 s_ine

2211 5282 2537 5344 auctoritate
2565 5282 2713 5340 'Mss.
2747 5295 2840 5340 aut
2885 5282 3192 5340 editionum
3238 5284 3630 5354 antiquiorum.
3676 5282 3794 5334 Ro-

2211 5375 2370 5414 mana
2398 5367 2454 5412 et
2492 5355 2639 5426 Lips.
2676 5356 2765 5410 ed.
2815 5357 2953 5410 nihil
2995 5357 3222 5410 addunt.

2307 5429 2395 5497 86)
2435 5424 2616 5482 αὐτόν.
2657 5427 2932 5487 Abundat,
2965 5427 3151 5497 judice
3175 5424 3396 5481 Grabio.

2307 5429 2374 5482 86
2435 5429 2616 5482 αὐτόν.
2657 5429 2932 5487 Abundat,
2965 5429 3151 5497 judice
3175 5429 3396 5481 Grabio.

2283 5429 2395 5569 (87)
2430 5497 2575 5569 σωζ.Δ
2601 5513 2675 5569 x_._
2698 5514 2747 5550 τ.
2779 5497 2826 5550 λ.
2865 5498 3039 5550 Aliam
3070 5497 3362 5569 lectionem
3403 5491 3598 5569 hahuit
3627 5497 3794 5569 fetus

2208 5558 2484 5692 inltqrpries
2519 5558 2597 5620 ab
2631 5565 2870 5622 Herveto
2897 5569 3006 5640 jam
3056 5567 3399 5622 emendatus.
3447 5563 3571 5619 Vid.
3621 5558 3790 5615 Grab.

2209 5655 2256 5692 at
2333 5663 2369 5691 ι.
2437 5680 2448 5690 .

2209 5655 2275 5693 au
2315 5655 2369 5691 [ι.
2410 5655 2448 5692 Ι.

2284 5707 2413 5783 (88),
2445 5707 2596 5783 Ἐπεῖι
2633 5711 2882 5783 περισσή.
2921 5708 3068 5766 Edit.
3095 5709 3252 5766 Rom.
3287 5715 3342 5764 et
3371 5705 3523 5779 Lips.
3559 5703 3793 5774 ἐπείπερ

2213 5777 2322 5852 ἴση.
2347 5777 2526 5834 Minus
2569 5777 2728 5835 bene.
