4090 6460
371 362 445 427 95
1364 368 1851 429 TIIEODGRETI
1894 367 2239 429 EPISCOPI
2271 366 2646 429 CYRENSIS
3583 369 3657 433 96

372 490 595 532 carnem
634 478 702 531 de
743 478 885 532 coelo
912 478 1284 546 descendisse,
1316 482 1334 500 θ
1370 490 1426 536 et
1472 498 1583 537 non
1623 484 1751 539 hinc
1795 490 1851 538 et
1895 498 1956 539 ex

2070 482 2143 536 Εἴ
2164 500 2251 548 τις
2264 482 2415 553 λέγει
2429 482 2540 554 (Η)
2568 482 2666 555 τὴν
2686 481 2864 554 σάρκα
2890 478 2949 547 ἐξ
2962 476 3191 552 οὐρανοῦ
3207 476 3655 547 κατεληλυθέναι,

370 568 534 623 nobis
573 584 715 634 esse,
756 570 1045 626 anathema
1085 571 1175 627 sit.
1206 572 1342 627 lllud
1382 574 1532 628 enim
1569 591 1583 627 :
1620 593 1639 625 ι
1674 572 1966 630 Secundus

371 658 541 713 homo
569 659 638 714 de
676 661 818 716 curio
843 662 910 728 ⁸³,
957 682 977 715 ι
1013 671 1068 718 et
1109 681 1126 717 :
1157 684 1172 715 ι
1200 665 1390 732 Qualis
1425 667 1689 734 cmlestis,
1735 668 1873 723 tales
1908 681 1965 725 et

372 751 623 805 ccclestes
661 752 725 817 δ’,
765 771 786 803 ι
831 761 887 807 ct
923 771 938 806 :
984 773 1002 805 ι
1030 754 1201 811 Nemo
1232 759 1481 813 ascendit
1519 760 1571 813 in
1592 761 1815 825 ccelum,
1859 760 1963 817 nisi

371 842 465 901 qui
509 841 576 895 de
608 845 748 898 etelo
788 845 1076 903 descendit
1108 834 1554 905 Filius‘hominis
1594 852 1658 918 ⁵ο,
1697 871 1713 903 ι
1752 859 1807 906 et
1842 868 1963 923 quae

370 938 501 984 sunt
541 933 645 986 alia
696 936 991 1005 ejusmodi,
1024 948 1252 1009 propter
1284 940 1543 996 unionem
1585 958 1708 997 cum
1740 943 1963 998 homine

371 1020 480 1074 dici
511 1023 935 1081 existimandum
971 1038 1076 1093 est,
1105 1031 1251 1084 sicut
1284 1040 1340 1085 et
1379 1032 1515 1085 illud
1549 1050 1563 1085 :
1612 1052 1629 1083 ι
1670 1049 1770 1103 per
1796 1032 1963 1088 Chri-

373 1119 489 1165 tum
508 1112 647 1168 facta
674 1132 795 1171 esse
821 1119 1002 1174 omnia
1046 1121 1112 1187 δ’,
1146 1142 1163 1173 ι
1207 1132 1303 1177 et:
1339 1143 1355 1174 ‹
1386 1123 1638 1178 habitare
1678 1124 1960 1180 Christum

373 1200 428 1256 in
450 1204 714 1261 cordibus
737 1210 943 1265 nostris
973 1212 1038 1276 δ’,
1079 1232 1095 1264 ι
1130 1230 1237 1268 ιιοιι
1258 1215 1561 1269 secundum
1591 1231 1711 1270 eam
1741 1217 1835 1271 Dei
1867 1234 1962 1271 na-

371 1298 552 1348 turam
593 1295 1012 1369 intelligendum
1041 1313 1143 1369 est,
1175 1321 1296 1375 qua:
1334 1305 1389 1359 in
1435 1308 1625 1361 oculos
1656 1307 1821 1371 cadit,
1865 1307 1960 1362 sed

371 1387 677 1442 secundum
716 1406 835 1446 eam
897 1410 1019 1464 qua:
1080 1397 1362 1452 intellectu
1420 1398 1748 1469 percipitur,
1813 1416 1964 1455 com-

368 1477 548 1534 ruistis
575 1489 636 1534 ut
658 1484 941 1541 vocabulis
966 1488 1046 1542 sic
1075 1489 1243 1543 etiam
1265 1491 1495 1545 naturis.
1516 1490 1874 1562 —Ejusdem,
1897 1508 1962 1546 ex

371 1569 549 1623 eodem
586 1571 738 1628 libra.
791 1575 907 1642 Qua
932 1595 1061 1634 vero
1094 1581 1160 1635 de
1198 1597 1359 1637 causa
1386 1584 1627 1638 Verbum
1678 1584 1957 1639 hominem

369 1659 576 1717 factum
615 1681 712 1720 seu
743 1666 1088 1726 incarnatum
1128 1690 1248 1729 esse
1289 1674 1392 1744 ipsi
1420 1677 1625 1741 dicant,
1652 1677 1956 1733 videamus.

2066 572 2204 628 ἀλλὰ
2250 575 2323 645 μὴ
2367 574 2620 629 ἐντεῦθεν
2661 572 2799 627 εἶναι
2849 573 2944 627 καὶ
2988 570 3117 640 παρ’
3172 569 3350 641 ἡμῶν,
3404 570 3657 642 ἀνάθεμα

2066 664 2227 721 ἔστω.
2260 665 2334 719 Τὸ
2353 665 2482 738 γὰρ,
2521 684 2540 718 ι
2580 665 2638 719 '0
2662 665 2914 737 δεύτερος
2939 663 3224 734 ἄνθρωπος
3255 662 3312 729 ἐξ
3339 662 3586 733 οὐρανοῦ,
3628 682 3651 714 ι

2067 756 2161 811 καὶ
2187 797 2201 822 ,
2238 776 2256 808 ι
2292 751 2418 821 Dio;
2459 758 2491 809 ὁ
2527 756 2855 827 ἐπουράνιος
2878 796 2890 820 ,
2919 754 3150 809 τοιοῦτοι
3194 753 3288 807 καὶ
3324 756 3373 806 οἱ
3414 755 3653 827 ἐπουρά-

2064 864 2210 913 νιοι,
2268 865 2287 900 ι
2330 847 2460 913 καὶ,
2516 865 2535 898 ι
2592 846 2784 910 Οὐδεὶς
2825 845 3169 917 ἀναδέὗηκεν
3214 847 3294 909 είς
3345 846 3434 898 τον
3492 846 3656 917 οὐρα-

2064 939 2174 1003 νὸν,
2220 941 2267 993 ει
2304 940 2437 1010 μὴὸ
2479 940 2544 991 ἐκ
2584 936 2682 991 τοῦ
2727 935 2962 1007 οὐρανοῦ
3015 935 3260 1000 καταϐάς
3308 939 3336 989 ὁ
3382 937 3509 1000 Υἱὸς
3551 936 3651 991 τοῦ

2063 1029 2374 1101 ἀνθρώπου,
2417 1050 2436 1084 ι
2468 1030 2562 1084 καὶ
2593 1028 2718 1082 εἴτι
2750 1027 2878 1081 ἄλλο
2919 1027 3150 1091 τοιοῦτο,
3185 1028 3471 1099 νομιστέον
3491 1027 3654 1097 λέγε-

2064 1122 2186 1176 σθαι
2213 1122 2303 1177 διὰ
2326 1123 2429 1192 τὴν
2458 1122 2594 1193 πρὸς
2620 1121 2710 1175 τὸν
2742 1120 3033 1190 ἄνθρωπον
3060 1120 3171 1191 (45)
3205 1120 3423 1185 ἕνωσιν,
3456 1118 3652 1191 ὥσπερ

2065 1219 2158 1271 καὶ
2176 1218 2238 1271 τὺ
2256 1214 2368 1285 (46)
2397 1214 2486 1269 διά
2504 1213 2598 1268 τοῦ
2635 1213 2747 1286 (47)
2776 1210 3017 1281 Χριστοῦ
3041 1211 3322 1281 γεγονέναι
3348 1210 3420 1264 τὰ
3449 1210 3647 1274 πάντα,

2064 1304 2156 1357 καὶ
2197 1304 2474 1356 κατοικεῖν
2529 1301 2768 1373 Χριστὸν
2813 1302 2872 1354 ὲν
2913 1302 3034 1364 ταῖς
3080 1299 3335 1371 καρδίαις
3370 1299 3549 1371 ἡμῶν,
3586 1301 3650 1354 οὗ

2063 1395 2205 1450 κατὰ
2234 1395 2296 1449 τὸ
2324 1394 2655 1465 φαινόμενον
2685 1393 2784 1447 τοῦ
2809 1393 2969 1459 Θεοῦ,
2993 1393 3132 1448 ἀλλά
3155 1392 3297 1447 κατά
3324 1393 3386 1447 τι
3423 1393 3653 1465 νοούμε-

2062 1502 2184 1550 νον,
2237 1485 2584 1557 κιρναμένων
2625 1484 2741 1556 (48)
2788 1485 2980 1557 ὥσπερ
3024 1484 3134 1538 τῶν
3176 1484 3449 1561 κλήσεωνο
3497 1484 3648 1539 οὕτω

2060 1577 2123 1649 δὴ
2154 1576 2249 1630 καὶ
2295 1576 2407 1632 τῶν
2437 1577 2673 1647 φύσεων.
2705 1606 2777 1616 -
2816 1576 2928 1631 Τοῦ
2956 1576 3145 1632 αὑτοῦ
3196 1576 3266 1630 ἐκ
3311 1575 3420 1629 τοῦ
3461 1576 3650 1631 αὐτοῦ

2060 1671 2270 1739 λόγου.
2320 1670 2418 1733 Τίς
2450 1669 2507 1722 δὲ
2534 1671 2562 1723 ὁ
2591 1669 2750 1738 λόγος
2793 1670 2906 1742 (49)
2937 1669 3123 1732 αὐτοῖς
3149 1669 3251 1740 τῆς
3286 1668 3649 1741 ὲνανθρωπή-

371 1750 429 1806 Si
484 1755 654 1821 enim,
712 1770 773 1813 ut
811 1765 1372 1832 comprehenderetur
1419 1770 1583 1832 Deus,
1626 1770 1717 1840 qui
1751 1770 1956 1841 alioqui

2064 1778 2223 1826 σεως,
2266 1763 2436 1834 ἤγουν
2469 1762 2582 1835 (50)
2621 1763 2975 1836 σαρκώσεως,
3019 1763 3220 1834 ἴδωμεν
3249 1762 3518 1827 ὼςαῦτοὶ
3562 1761 3653 1816 λέ-

368 1848 766 1916 comprehcudi
805 1854 1018 1921 nequit,
1053 1864 1107 1909 et
1150 1858 1253 1911 sub
1302 1860 1573 1914 velamine
1610 1863 1792 1917 carnis
1830 1879 1955 1917 cum

2061 1833 2369 1922 γουσινξῐῖί
2404 1833 2506 1924 μὲν
2539 1833 2630 1909 ἵνα
2676 1833 2904 1929 γωρηοῇ
2932 1858 2960 1909 ὀ
2985 1853 3119 1919 Θεὸς
3158 1854 3333 1919 ἄλλως
3364 1853 3651 1927 ἀχώρητος

368 1938 688 1996 hominibus
730 1953 1065 2009 versaretur,
1121 1949 1341 2019 elegans
1380 1951 1447 2005 ab
1474 1952 1555 2007 eis
1595 1963 1847 2024 suscepta
1872 1964 1959 2011 est

368 2045 625 2101 persona.
661 2042 717 2088 et
750 2034 951 2091 fabulae
987 2047 1143 2094 actus
1182 2058 1195 2093 :
1227 2052 1287 2095 ut
1314 2058 1424 2097 non
1455 2043 1657 2108 dicam,
1679 2045 1827 2115 quod
1851 2046 1956 2100 ali-

368 2130 456 2179 ter
490 2124 781 2181 nobiscum
818 2130 1058 2200 colloqui
1096 2140 1332 2201 poterat,
1370 2135 1589 2190 sicutin
1628 2138 1769 2192 rubo
1788 2138 1951 2209 ignis,

365 2225 421 2270 et
456 2216 696 2274 humana
730 2223 914 2291 specie
933 2224 1109 2292 prius.
1136 2223 1230 2279 Sin
1248 2236 1455 2293 autem,
1486 2240 1546 2283 ut
1569 2230 1779 2299 peccati
1801 2230 1957 2285 dam-

363 2309 643 2364 nationem
677 2312 853 2378 tollat,
895 2315 1075 2371 simile
1127 2317 1293 2372 simili
1336 2319 1554 2389 rapiens
1580 2339 1593 2374 :
1620 2321 1765 2377 sicut
1788 2338 1953 2379 carne

365 2412 508 2469 opus
529 2398 773 2459 habebat
810 2413 1037 2475 propter
1076 2423 1299 2462 carnem
1353 2410 1461 2481 63
1508 2412 1953 2477 condemnatam,

364 2496 423 2545 et
472 2490 655 2548 anima
695 2505 923 2566 propter
981 2498 1245 2567 animam,
1300 2502 1381 2557 sic
1416 2511 1473 2557 et
1510 2513 1693 2559 mente
1727 2513 1955 2579 propter

364 2590 628 2650 mentem,
675 2587 824 2655 quod
850 2604 960 2643 non
1000 2590 1178 2644 solum
1197 2592 1346 2662 lapsa
1378 2603 1463 2649 est
1500 2594 1556 2649 in
1594 2595 1827 2662 Adamo,
1855 2598 1952 2653 sed

364 2679 421 2727 et
458 2673 615 2743 prior
651 2678 792 2734 male
815 2679 1010 2735 aﬂecta
1040 2691 1148 2747 est,
1179 2692 1240 2737 ut
1269 2685 1468 2740 medici
1512 2686 1584 2741 de
1615 2688 1828 2743 morbis
1865 2689 1951 2743 di-

364 2780 492 2821 cere
522 2767 720 2824 solent.
773 2771 929 2837 Quod
962 2774 1112 2827 enim
1150 2775 1467 2830 mandatum
1521 2778 1754 2849 accepit,
1807 2779 1953 2834 idem

363 2858 683 2914 mandatum
700 2877 809 2916 non
838 2866 1077 2921 servavit
1104 2884 1117 2920 :
1154 2868 1302 2937 quod
1329 2885 1461 2923 vero
1482 2871 1798 2926 mandatum
1839 2888 1952 2927 non

364 2952 625 3018 servavit,
676 2954 730 3009 id
771 2957 938 3010 etiam
980 2963 1468 3031 transgressionem
1510 2965 1733 3021 admisit
1762 2983 1778 3020 :
1804 2966 1952 3036 quod

363 3050 550 3097 autem
590 3053 993 3116 transgressum
1018 3058 1121 3116 est,
1153 3052 1207 3106 id
1236 3054 1409 3109 salute
1438 3055 1710 3126 imprimis
1737 3057 1952 3127 indige-

365 3134 460 3190 bat
496 3152 510 3189 :
549 3138 699 3207 quod
738 3149 921 3211 autem
972 3141 1270 3213 indigebat,
1316 3146 1369 3203 id
1406 3147 1574 3201 etiam
1608 3158 1952 3219 assumptum

363 3234 470 3281 est.
504 3227 657 3284 Mens
676 3230 845 3301 igitur
877 3244 1155 3306 assumpta
1194 3245 1299 3292 est.
1319 3237 1434 3293 Hoc
1449 3254 1615 3304 nunc,
1646 3240 1820 3295 velint
1855 3254 1956 3296 no-

364 3317 489 3383 lint,
526 3319 966 3378 demonstratum
1007 3335 1093 3381 est
1125 3328 1498 3398 geometricis,
1539 3338 1602 3384 ut
1637 3330 1814 3395 aiunt,
1858 3346 1957 3385 ne-

365 3410 716 3465 cessitatibus
741 3419 797 3467 et
837 3412 1422 3472 demonstrationibus.
1453 3418 1535 3473 Tu
1561 3434 1694 3473 vero
1724 3418 1955 3489 perinde

364 3499 520 3565 facis,
561 3517 625 3557 ac
661 3504 707 3557 si
747 3503 990 3563 hominis
1015 3509 1176 3563 oculo
1204 3508 1511 3575 laborante,
1536 3525 1600 3566 ac
1625 3511 1768 3580 pede
1798 3511 1952 3577 laeso,

364 3592 561 3661 pedem
585 3594 810 3664 quidem
841 3613 1088 3665 curares,
1111 3602 1275 3657 oculo
1293 3610 1478 3655 autem
1493 3602 1823 3657 medicinam
1842 3606 1975 3658 non‘

363 3683 684 3742 adhiberes:
699 3696 794 3743 aut
814 3705 938 3745 cum
971 3692 1153 3761 pictor
1170 3708 1279 3747 non
1305 3692 1445 3748 bene
1462 3693 1753 3763 pinxisset,
1771 3694 1953 3764 pictu-

367 3794 482 3832 ram
514 3780 738 3849 quidem
765 3784 1112 3851 emendares,
1151 3785 1422 3856 pictorem
1448 3800 1583 3840 vero
1608 3794 1869 3857 tanquam
1890 3802 1954 3843 re

362 3869 505 3925 bene
522 3880 674 3943 gesta
702 3878 1036 3945 prmterires.
1064 3877 1223 3945 Quod
1248 3877 1294 3932 si
1319 3877 1409 3932 his
1436 3877 1750 3934 rationibus
1766 3878 1956 3935 detur-

363 3961 476 4019 hati
501 3980 569 4020 eo
602 3967 947 4039 confugiunt,
993 3978 1059 4025 ut
1104 3970 1290 4025 dicant
1338 3970 1513 4025 Deum
1557 3971 1807 4042 potuisse
1830 3972 1953 4030 sine

361 4067 549 4129 mente
596 4061 877 4119 hominem
912 4079 1155 4131 servare,
1189 4065 1373 4135 potuit
1397 4066 1590 4137 utique
1617 4067 1784 4123 etiam
1830 4066 1953 4123 sine

358 4165 548 4217 carne,
577 4154 694 4210 sola
719 4156 1023 4221 voluntate,
1053 4156 1197 4213 sicut
1219 4169 1274 4214 et
1295 4160 1400 4216 alia
1420 4160 1606 4216 omnia
1626 4159 1756 4216 facit
1791 4168 1851 4216 et
1867 4160 1954 4216 fe-

359 4243 437 4297 cit
464 4244 584 4300 sine
616 4247 867 4318 corporis
891 4244 1087 4318 opera.
1102 4249 1255 4306 Tolle
1281 4251 1448 4323 igitur
1479 4269 1586 4308 una
1615 4267 1744 4308 cum
1767 4259 1954 4308 mente

359 4350 580 4391 carnem
608 4354 851 4411 quoque,
892 4348 951 4395 ut
984 4341 1134 4396 omni
1174 4357 1242 4399 ex
1285 4354 1441 4415 parte
1467 4343 1710 4416 perfecta
1750 4344 1825 4400 sit
1856 4353 1952 4401 tua

360 4430 619 4488 amentia.

768 4724 954 4782 Sancti
985 4727 1224 4802 Gregorii
1268 4727 1518 4799 Nyssem'.

429 4832 514 4889 Ea:
542 4852 790 4892 sermone
821 4838 888 4893 de
917 4839 1245 4896 Abrahamo.
1281 4837 1578 4894 Descendit
1598 4835 1619 4857 '
1637 4852 1772 4908 ergo
1831 4852 1945 4893 non

2058 1946 2155 2011 ὢν,
2177 1948 2270 2001 καὶ
2295 1946 2371 2011 ὡς
2396 1947 2503 2001 ὑπὸ
2519 1948 2986 2019 παραπετάσματι
3009 1950 3075 2021 τῇ
3108 1949 3273 2020 σαρκὶ
3294 1949 3407 2011 τοῖς
3438 1944 3649 2017 ἀνθρὼ-

2059 2057 2181 2104 ποις
2221 2039 2568 2111 πρσομιλήσῃ
2594 2082 2607 2102 ,
2660 2035 2878 2111 κομψὸν
2910 2041 2973 2094 τδ
3025 2043 3371 2121 προσωπεῖον
3424 2038 3647 2102 αὐτοῖς,

2058 2133 2153 2185 κα)⁵
2181 2132 2241 2184 τὸ
2268 2132 2452 2204 δράμα
2480 2134 2579 2203 τῆς
2608 2133 2987 2205 ὑποκρίσεως
3020 2134 3111 2188 ἵνα
3159 2133 3233 2203 μὴ
3267 2133 3413 2202 λέγω
3439 2133 3521 2186 ὅτι
3551 2133 3649 2185 καὶ

2057 2227 2231 2292 ἄλλως
2277 2227 2536 2298 ὁμιλῆσαι
2591 2229 2724 2299 ἡμῖν
2766 2223 2878 2281 οἷόν
2911 2245 2972 2282 τε
3017 2223 3109 2299 ἦν,
3154 2226 3345 2298 ὥσπερ
3401 2228 3461 2279 ἐν
3495 2226 3648 2297 βάτῳ

2059 2317 2231 2387 πυρὸς
2259 2358 2273 2381 ,
2303 2316 2399 2369 καὶ
2427 2316 2766 2389 ἀνθρωπίνῳ
2799 2316 2929 2370 εῖδει
2967 2317 3030 2370 τδ
3057 2317 3340 2389 πρότερον.
3380 2316 3443 2371 El
3474 2316 3530 2369 δὲ
3557 2316 3648 2369 ἴνα

2055 2405 2192 2477 λύσῃ
2222 2404 2282 2459 τὺ
2310 2405 2630 2477 κατάκριμα
2653 2406 2753 2475 τῆς
2775 2406 3070 2478 ἁμαρτίας,
3096 2406 3174 2477 τῷ
3192 2406 3365 2477 ὁμοίῳ
3382 2406 3441 2460 τὸ
3460 2407 3649 2477 ὅμοιον

2057 2495 2311 2567 ἀρπάσας
2340 2496 2475 2567 (51),
2514 2495 2709 2567 ὥσπερ
2749 2496 2955 2568 σαρκὸς
2984 2496 3175 2567 ἐδέησε
3205 2496 3294 2550 διὰ
3331 2497 3433 2566 τὴν
3464 2497 3646 2565 σάρκα

2055 2586 2502 2653 κατακριθεῖσαν,
2529 2589 2624 2642 καὶ
2651 2588 2831 2659 ψυχῆς
2870 2586 2960 2640 διὰ
3006 2588 3106 2660 τὴν
3137 2587 3339 2659 ψυχὴν,
3371 2588 3516 2642 οὕτω
3545 2591 3642 2642 καὶ

2055 2676 2148 2731 νοῦ
2176 2677 2263 2731 διὰ
2284 2677 2375 2732 τὸν
2401 2678 2549 2747 νοῦν,
2588 2678 2650 2732 οὗ
2699 2679 3006 2733 πταίσαντα
3046 2678 3207 2748 μόνον
3237 2681 3296 2733 ἐν
3324 2678 3404 2750 τῷ
3449 2679 3642 2750 Ἀδὰμ,

2057 2769 2192 2824 ἀλλά
2242 2770 2333 2824 καὶ
2397 2772 2936 2842 πρωτοπαθήσαντα,
3003 2770 3196 2842 ὥσπερ
3253 2770 3367 2837 (52)
3434 2772 3533 2823 καὶ
3593 2773 3643 2825 οε

2060 2862 2237 2932 ἰατροὶ
2264 2860 2516 2931 λέγωσιν
2539 2863 2634 2915 ἐπὶ
2661 2864 2772 2915 τῶν
2802 2864 3061 2935 ἀρρωστη
3073 2862 3280 2933 μάτων.
3320 2864 3387 2915 Ὃ
3413 2862 3526 2935 γὰρ
3543 2863 3644 2935 τὴν

2056 2952 2279 3023 ἐντολὴν
2310 2952 2532 3018 ἐδέξατο
2558 2993 2575 3018 ,
2601 2953 2763 3007 τοῦτο
2794 2954 2890 3009 καὶ
2918 2954 3022 3025 τὴν
3046 2954 3270 3023 ἐντολὴν
3296 2954 3398 3007 οὐκ
3440 2952 3646 3023 ἐφύλα-

2059 3041 2167 3109 ξεν.
2217 3046 2284 3099 Ὃ
2317 3046 2375 3099 δὲ
2409 3045 2510 3117 τὴν
2540 3046 2761 3119 ἐντολὴν
2796 3045 2910 3119 (55)
2937 3047 3039 3101 οὐκ
3075 3046 3331 3116 ἐφύλαξε,
3363 3047 3527 3100 τοῦτο
3549 3048 3648 3101 καὶ

1982 3170 2024 3226 C
2056 3137 2155 3209 τὴν
2192 3136 2508 3209 παράϐασιν
2538 3138 2859 3210 ἐτόλμησεν.
2906 3140 2973 3192 Ὃ
3000 3139 3056 3191 δὲ
3087 3138 3330 3209 παρέϐη,
3357 3138 3521 3192 τοῦτο
3544 3140 3644 3192 καὶ

2059 3227 2336 3298 σωτηρίας
2362 3226 2535 3281 ἐδεῖτο
2569 3228 2805 3299 μάλιστα
2853 3228 2989 3301 (54).
3028 3230 3092 3281 Ὅ
3139 3228 3196 3281 δὲ
3225 3229 3328 3297 τῆς
3365 3229 3646 3300 σωτηρίας

2057 3318 2249 3385 ἐδεῖτο,
2293 3319 2455 3373 τοῦτο
2494 3320 2591 3373 καὶ
2635 3318 3012 3391 προσελήφθη.
3056 3320 3118 3372 Ὀ
3160 3320 3285 3384 νοῦς
3320 3320 3431 3391 ἄρα
3477 3337 3648 3391 προσ-

2057 3410 2312 3481 είληπται
2343 3411 2478 3483 (55).
2502 3411 2678 3466 Τοῦτο
2698 3411 2797 3465 νῦν
2826 3410 3228 3476 ἀποδέδεικται,
3258 3411 3362 3465 κᾶν
3401 3412 3476 3482 μὴ
3514 3412 3641 3481 βού-

2057 3501 2278 3568 λωνται,
2311 3506 2737 3575 γεωμετρικαῖς,
2770 3502 2846 3566 ὥς
2876 3502 3206 3572 φασινΝὕϐ),
3235 3504 3508 3572 ἀνάγκαις
3551 3507 3647 3558 καὶ

2057 3595 2384 3662 ἀποδείξεσι.
2416 3595 2489 3649 Σὺ
2514 3595 2571 3649 δὲ
2608 3599 2786 3661 ποιεῖς
2816 3596 3224 3667 παραπλήσιον,
3280 3595 3472 3669 ὥσπερ
3497 3598 3564 3652 ἂν
3596 3600 3646 3651 εί

2055 3684 2341 3757 ὀφθαλμοῦ
2360 3686 2653 3758 ἀνθρώπου
2670 3689 3000 3759 νοσήσαντος
3025 3690 3160 3758 (57),
3186 3691 3279 3744 καὶ
3302 3691 3460 3755 ποδὸς
3480 3708 3649 3762 προσ-

2055 3778 2419 3846 πταίοαντος,
2442 3779 2535 3832 τὸν
2554 3779 2694 3833 πόδα
2718 3780 2817 3851 μὲν
2838 3779 3175 3851 ἐθεράπευες
3195 3822 3208 3845 ,
3240 3782 3334 3835 τὸν
3359 3782 3415 3835 δὲ
3442 3783 3643 3854 ὀφθαλ-

2058 3870 2161 3941 μὸν
2180 3869 2553 3941 ἀθεράπευτον
2577 3871 2721 3935 εῑας’
2740 3870 2775 3941 ἢ
2806 3869 3101 3944 ζωγράφου
3120 3890 3175 3926 τι
3197 3872 3271 3944 μὴ
3300 3873 3486 3936 καλῶς
3510 3874 3649 3945 γρά-

2054 3961 2287 4030 ψαντος,
2321 3961 2386 4015 τὸ
2411 3960 2511 4031 μιν
2541 3962 2759 4033 γραφὲν
2790 3963 3120 4034 μετεποίεις,
3146 3963 3238 4016 τὸν
3264 3962 3323 4016 δὲ
3354 3963 3648 4036 ζωγράφον

2054 4050 2131 4114 ὡς
2143 4050 2512 4122 κατορθοῦντα
2529 4052 2885 4125 παρέτρεχες.
2900 4054 2965 4107 Et
2982 4054 3039 4107 δὲ
3057 4054 3163 4107 ὑπὸ
3180 4054 3385 4109 τούτων
3404 4056 3649 4125 ἐξειργὸ-

2059 4159 2213 4214 μενοι
2243 4142 2358 4197 τῶν
2386 4142 2690 4214 λογισμῶν,
2719 4144 3167 4215 καταφεύγουσιν
3192 4146 3289 4199 ἐπὶ
3315 4146 3377 4199 τὺ
3418 4146 3648 4200 δυνατὸν

2055 4230 2198 4290 εἶναι
2236 4235 2392 4306 Θεῷ,
2421 4235 2519 4290 καὶ
2547 4236 2725 4307 χωρὶς
2753 4234 2849 4290 νοῦ
2880 4235 3057 4291 σῶσαι
3087 4236 3180 4290 τὸν
3209 4236 3522 4309 ἄνθρωπον,
3540 4239 3649 4290 ςδυ-

2054 4327 2216 4383 νατδν
2265 4328 2443 4399 δήπου
2482 4328 2580 4383 καὶ
2610 4328 2782 4399 χωρὶς
2815 4328 3019 4401 σαρκὸς
3044 4329 3195 4400 μόνῳ
3219 4329 3297 4400 τῷ
3333 4328 3644 4400 βούλεσθαι,

2053 4420 2245 4491 ὥσπερ
2286 4421 2381 4475 καὶ
2411 4420 2480 4476 τὰ
2522 4420 2662 4475 ἄλλα
2708 4420 2891 4475 πάντα
2938 4422 3155 4493 ἐνεργεῖ
3198 4422 3293 4476 κα)⁸
3339 4422 3648 4499 ἐνήργηκεν

1986 4513 2030 4568 D
2058 4511 2369 4581 ἀσωμάτοις
2406 4510 2547 4580 (58).
2581 4511 2776 4565 ’Δνελε
2809 4506 2905 4565 οῦν
2953 4511 3094 4582 μετὰ
3131 4510 3231 4565 τοῦ
3273 4512 3365 4566 νοῦ
3400 4513 3508 4568 καὶ
3546 4511 3648 4584 τὴν

2059 4604 2263 4680 σάρκα,
2289 4603 2357 4658 ἵν’
2458 4620 2541 4657 σοι
2571 4602 2778 4657 τέλειον
2810 4603 2872 4656 τὸ
2900 4603 3001 4675 τῆς
3022 4605 3308 4670 ἀπονοίας.

2164 4716 2281 4775 Τοῦ
2311 4717 2485 4787 ἁγίου
2518 4717 2852 4788 Γρηγορίου
2881 4717 3222 4773 ἐπισκόπου
3254 4718 3530 4789 Νύσσης.

2136 4834 2238 4889 Ἐκ
2270 4832 2377 4889 τοῦ
2399 4832 2587 4902 λόγου
2619 4830 2737 4904 (59)
2772 4830 2879 4887 τοῦ
2906 4833 2994 4899 εὶς
3019 4831 3127 4889 τὸν
3162 4829 3443 4903 Ἀϐραάμ.
3499 4830 3642 4885 Κατ-

431 4993 478 5026 ⁸⁸
501 4993 670 5052 ICor.
698 5013 788 5064 xv,
814 4996 901 5053 47.
977 4999 1022 5031 ⁸³
1057 4996 1195 5052 Ibid.
1220 4995 1308 5052 48.
1383 4996 1432 5028 '°
1464 4995 1622 5051 Joan.
1661 5009 1737 5059 ιιι,
1770 4994 1858 5050 15.
1934 4995 1954 5028 ³

2055 5009 2159 5050 pan.
2193 5009 2231 5059 ι,
2255 4991 2324 5059 '5;
2361 4991 2528 5047 Hebr.
2559 5008 2598 5059 ι,
2628 4974 2682 5045 2.
2728 5006 2729 5013 ‘
2759 4991 2807 5023 ³³
2836 4990 3041 5061 Ephes.
3077 5005 3159 5057 ιιι,
3194 4989 3284 5044 17.

429 5129 541 5199 (ιι)
574 5131 722 5187 Edit.
759 5131 934 5186 Paris.
965 5129 1073 5193 n.1,
1109 5144 1165 5198 ιι.
1203 5127 1326 5193 πο,
1362 5127 1532 5183 habet
1561 5126 1731 5196 λέγοι.

429 5198 543 5273 (45)
579 5201 735 5273 άνΘρ.
772 5200 920 5273 Edit.
955 5200 1131 5273 Paris.
1159 5198 1440 5273 οὐράνιον.

433 5268 544 5338 (46)
578 5272 660 5327 τό.
685 5268 980 5328 Ὀιιιὶεειιιιι
1017 5269 1071 5322 in
1109 5268 1249 5324 edit.
1280 5268 1475 5338 priori.

432 5339 545 5404 (47)
591 5342 708 5396 τοῦ.
745 5341 874 5395 Des.
907 5340 965 5393 in
998 5339 1131 5393 edit.
1160 5340 1339 5394 Paris.

434 5409 1052 5486 (t8)_xtpv.—_<9tiaetev.
1071 5409 1228 5486 Locq
1243 5410 1349 5486 cit._
1375 5411 1722 5486 κιρναμένων
1752 5414 1945 5482 ὥσπερ

359 5479 468 5538 τῶζ,
497 5479 908 5556 φύσεᾲὼνλοῦτω
938 5480 1128 5556 δίη-ποι)ἶ
1161 5479 1269 5532 τῶν
1285 5479 1556 5556 *κλήσεων
1570 5483 1663 5556 καὶ
1696 5479 1943 5556 περιχωέ-

278 5574 291 5587 ο
362 5549 573 5623 ρουσῶν
596 5554 677 5617 εἰς
707 5550 942 5623 ἀλλήλας
970 5549 1054 5623 τῷΔ
1073 5550 1237 5623 λόγοιῇ
1251 5550 1351 5620 τῆς
1390 5549 1689 5623 συμφυΐας.

457 5624 546 5694 49)
568 5624 597 5676 ὁ
620 5623 798 5692 λόγος.
832 5620 984 5694 Loco
1009 5621 1104 5675 cit.
1138 5630 1189 5694 t._
1216 5620 1258 5685 1,
1291 5637 1348 5692 p.
1371 5620 1494 5694 742,
1520 5620 1710 5694 praem.
1750 5628 1861 5681 καί.

572 5690 753 5768 ῆγούν,
771 5720 841 5732 --
869 5690 1140 5768 λέγουσιν.
1347 5692 1444 5757 cit.
1494 5690 1697 5766 legitur
1718 5696 1940 5768 ἴδωμεν,

363 5761 544 5834 ιῐτουν
576 5761 931 5834 σαρκώσεως,
956 5761 1034 5834 ᾡς
1061 5761 1216 5834 αὐτοὶ.
1240 5761 1515 5834 λέγουσιν.

437 5833 549 5906 (51)
583 5832 717 5910 ape.
758 5833 904 5892 Loco
936 5833 1029 5892 cit.
1071 5838 1156 5890 est
1189 5832 1449 5903 ἁγιάσας.

2142 5199 2231 5255 55)
2261 5218 2312 5254 τ.
2340 5201 2449 5254 ὲντ.
2487 5201 2613 5255 Des.
2650 5199 2690 5253 1.
2723 5199 2776 5255 c.

2118 5127 2231 5200 (52)
2270 5127 2483 5199 ὥσπερ.
2517 5128 2599 5184 lb.
2635 5129 2773 5200 ὅπερ
2801 5131 2874 5185 oi.

2143 5130 2209 5184 52
2270 5130 2483 5199 ὥσπερ.
2517 5130 2599 5184 lb.
2635 5130 2773 5200 ὅπερ
2801 5131 2874 5185 oi.

2143 5200 2209 5254 5'5
2261 5218 2312 5254 τ.
2340 5201 2449 5254 ὲντ.
2487 5201 2613 5255 Des.
2650 5199 2690 5253 l.
2723 5215 2776 5255 e.

2267 5270 2503 5352 μάλιστα
2526 5301 2599 5352 f-
2628 5270 3016 5352 ἐδεῖτοκμηιεο
3045 5285 3195 5352 .qua‘.
3235 5270 3306 5352 ob
3361 5268 3636 5352 ἀμοιοτελ.

2044 5340 2316 5397 excidisse
2351 5341 2631 5405 videntur,
2667 5355 2735 5393 ex
2767 5340 2899 5394 edit.
2938 5340 3112 5396 Paris.
3146 5340 3544 5410 supplevimus.

2118 5412 2231 5484 (55)
2257 5411 2420 5466 Sirm.
2458 5411 2699 5484 habebat
2721 5410 3142 5484 προσειλῆφοαι,
3175 5409 3323 5480 quOd
3352 5425 3423 5465 ex
3457 5409 3634 5465 Paris.

2044 5483 2183 5538 edit.
2214 5480 2432 5536 mutare
2456 5490 2515 5536 et
2542 5480 2702 5534 τοῦτο
2735 5480 2940 5535 addere
2965 5482 3145 5536 visum
3183 5488 3288 5536 est.

2149 5624 2237 5684 57)
2274 5639 2387 5676 νοτ.
2417 5622 2564 5677 Edit.
2597 5622 2772 5676 Paris.
2802 5623 3148 5684 πταίσαντος.

2149 5626 2215 5679 57
2274 5639 2387 5676 νοτ.
2417 5624 2564 5677 Edit.
2597 5624 2772 5676 Paris.
2802 5624 3148 5684 πταίσαντος.

2148 5624 2241 5763 58)
2287 5692 2853 5765 ξνήργηάσωμᾴτιος.
2887 5692 2966 5747 Ita
3016 5691 3189 5746 editio
3236 5692 3411 5765 Paris.
3466 5703 3635 5748 recte.

2055 5763 2382 5821 Sirmondus
2416 5763 2654 5834 habebat
2687 5763 2962 5834 ὲνήργηκε
2998 5763 3349 5834 σωματικῶς.

2126 5834 2238 5905 (59)
2271 5834 2389 5904 λόγ.
2415 5862 2487 5877 —-
2518 5833 2791 5904 Ἀδραάμ.
2828 5834 2884 5891 1η
2909 5834 3043 5891 edit.
3082 5833 3257 5889 Paris.
3284 5840 3463 5889 exstat
3499 5839 3615 5890 tom

2148 5553 2236 5619 56)
2263 5568 2445 5620 φασιν.
2464 5551 2611 5607 Edit.
2640 5551 2811 5606 Paris.
2847 5551 2999 5606 addit
3032 5551 3207 5605 αὐτοί.

2149 5626 2215 5679 57
2274 5639 2387 5676 νοτ.
2417 5622 2564 5677 Edit.
2597 5622 2772 5676 Paris.
2802 5623 3148 5684 πταίσαντος.

2125 5551 2241 5765 ἓὸὃ)
2287 5692 2853 5765 ξνήργηάσωμάτως.
2887 5692 2966 5747 Ita
3016 5691 3189 5746 editio
