4090 6418
464 337 534 398 99
1437 339 1924 400 THEODORETI
1967 340 2306 402 EPISCOPI
2346 341 2715 404 CYRENSIS

3633 347 3735 415 100

466 443 683 516 φύσεως
714 445 928 512 ὲλθεῑν;
972 445 1032 500 '0
1073 447 1328 518 βασιλεὺς
1357 446 1464 501 τῶν
1504 447 1898 518 βασιλευόντων
1929 491 1942 515 ,
2002 451 2096 504 καὶ
2164 451 2371 524 Κύριος
2423 453 2534 508 τῶν
2597 452 2960 524 κυριευόντων
2998 495 3012 519 ,
3061 453 3302 510 ἐθελοντὶ
3327 455 3439 528 (8C)
3473 457 3572 528 τὴν
3633 455 3737 528 τῆς

465 537 712 602 δουλείας
745 543 961 612 μορφὴν
987 542 1294 595 ὑποδύεται.

641 657 752 728 66
803 657 986 712 Sancti
1016 659 1261 714 Flaviani
1289 661 1516 731 episc0pi
1543 660 1871 716 Antiocheni.

537 767 622 822 Ea:
646 784 886 822 sermone
917 770 980 822 de
1011 770 1218 824 Joanne
1254 771 1518 843 Baptista.
1553 751 1675 827 Non
1707 773 1872 844 igitur
1901 774 2050 843 cogi-

468 871 552 915 tes
583 863 920 931 corporalem
943 872 1279 929 contactum,
1312 881 1413 919 nec
1433 866 1772 936 conjugalem
1812 881 2048 920 consue-

469 954 716 1007 tudinem
763 964 1039 1024 exspecta.
1089 956 1240 1010 Tuus
1285 958 1433 1011 enim
1468 957 1696 1012 Creator
1722 973 2049 1028 corporeum

469 1059 628 1098 suum
675 1047 960 1114 templum,
989 1047 1133 1115 quod
1167 1064 1233 1101 ex
1257 1056 1308 1103 te
1332 1059 1611 1113 nascetur,
1645 1050 1955 1104 labricabit.
1981 1079 2052 1090 --

466 1136 744 1203 Ejusdem,
771 1154 832 1190 ea:
855 1141 1096 1192 oratione
1120 1141 1172 1193 in
1196 1140 1363 1193 illud:
1397 1161 1413 1192 ι
1441 1142 1679 1210 Spiritus
1708 1143 1924 1196 Domini
1951 1157 2050 1196 su-

467 1244 568 1296 per
604 1246 713 1283 me.
752 1249 770 1280 »
814 1231 1016 1285 Audite
1087 1231 1410 1287 dicentem:
1454 1253 1471 1284 ι
1527 1233 1765 1303 Spiritus
1836 1233 2052 1289 Domini

469 1334 636 1387 super
665 1335 772 1384 lllO,
828 1321 950 1374 ideo
986 1324 1142 1375 unxit
1167 1340 1252 1378 me
1293 1325 1358 1378 ⁵⁸.
1399 1343 1416 1374 ι
1453 1323 1573 1378 Non
1600 1324 1926 1394 intelligitis,
1966 1325 2053 1378 in-

468 1411 608 1479 quit,
654 1429 774 1480 quae
813 1413 1015 1482 legitis.
1073 1416 1244 1469 Venio
1274 1417 1422 1470 enim
1463 1417 1528 1470 ad
1569 1432 1668 1471 vos
1707 1425 1906 1472 unctus
1935 1417 2055 1488 Spi-

469 1503 600 1555 ritu.
624 1502 830 1572 Spiritu
859 1515 1042 1559 autem
1070 1508 1312 1577 ungitur,
1353 1525 1462 1562 non
1493 1508 1788 1563 invisibilis
1834 1516 2052 1575 natura,

470 1596 567 1650 sed
595 1597 756 1651 nobis
787 1608 1040 1668 cognata.

827 1709 1178 1778 Amphilochii
1212 1712 1443 1780 episcopi
1487 1711 1674 1767 Iconii.

540 1822 622 1875 Ea:
652 1826 896 1877 oratione
943 1828 999 1878 in
1045 1826 1182 1878 illud
1212 1844 1230 1881 :
1267 1843 1288 1879 ι
1323 1828 1482 1882 Pater
1538 1846 1695 1885 meus
1753 1832 1930 1902 major
1968 1847 2055 1888 me

471 1925 560 1970 est
583 1917 649 1968 δ’.
691 1935 708 1967 ι
734 1916 886 1982 Quod
917 1919 1191 1987 reliquum
1219 1929 1323 1984 est,
1344 1921 1651 1986 discernas,
1673 1940 1881 1993 quaiso,
1899 1935 2060 1980 natu-

2081 666 2128 722 Α
2199 659 2308 713 Τοῦ
2343 659 2517 730 ἁγίου
2541 659 2885 714 Φλαϐιανοῦ
2911 660 3261 714 ἐπισκόπου
3315 664 3700 736 Ἀντιοχείας.

2198 775 2300 828 Ἐκ
2328 775 2438 842 τῆς
2457 775 2668 846 (81)είς
2683 774 2972 842 Ἰωάννην
2984 775 3090 828 τὸν
3110 779 3464 845 Βαπτιστὴν
3477 784 3736 852 ὁμιλίας.

2150 864 2243 935 Μὴ
2268 864 2446 917 τοίνυν
2475 866 2584 918 νόει
2621 866 2952 936 σωματικῶς
2973 866 3289 934 συνάφειαν,
3320 871 3456 941 μηδὲ
3497 876 3740 948 γαμικὴν

2151 959 2370 1028 ὁμιλίαν
2415 959 2740 1028 ὲκδέχου.”()
2773 958 2880 1030 γὰρ
2914 958 3005 1023 σὸς
3039 961 3384 1032 Δημιουργὸς
3425 964 3516 1016 τὸν
3559 983 3742 1036 σωμα-

2151 1049 2305 1101 τικὸν
2347 1048 2511 1102 αὑτοῦ
2548 1049 2674 1102 ναὸν
2704 1050 2855 1120 παρὰ
2902 1049 2996 1102 σοῦ
3024 1052 3346 1122 τικτόμενον
3387 1053 3734 1127 δημιουργεῖ.

2151 1137 2340 1192 -Τοῦ
2363 1139 2550 1192 αὑτοῦ
2573 1140 2641 1192 ἐκ
2663 1141 2768 1193 τοῦ
2796 1141 2908 1211 (8‘2)
2935 1143 3123 1211 λόγου
3145 1145 3225 1208 εἰς
3250 1144 3608 1216 τὸ,‹Πνεῦμα
3634 1151 3743 1203 Κυ.

2159 1231 2276 1301 ρίου
2306 1233 2392 1284 ἐπ’
2435 1233 2558 1301 ἐμὲ.
2603 1252 2622 1284 ι
2677 1234 2968 1288 Ἀκούσατε
2997 1235 3092 1289 τοῦ
3124 1236 3375 1304 λέγοντος
3403 1257 3416 1269 ·
3459 1258 3476 1290 ι
3515 1241 3743 1312 Πνεῦμα

2155 1323 2240 1376 ἐπ’
2266 1324 2385 1393 ἐμὲ,
2429 1319 2489 1378 οὑ
2517 1325 2724 1378 εἵνεκεν
2749 1325 2934 1396 ἔχρισέ
2975 1345 3064 1397 με.
3110 1348 3126 1380 ι
3157 1331 3270 1383 Οὐκ
3303 1330 3437 1397 ἴστε,
3474 1335 3660 1403 φησὶν,
3697 1334 3735 1390 ἃ

2156 1411 2583 1478 ἀναγινώσκετε.
2624 1414 2782 1467 ’Ἠκω
2810 1417 3088 1487 γάρ·ὑμῖν
3115 1420 3143 1472 6
3172 1421 3416 1490 χρισθεὶς
3446 1422 3524 1492 τῷ
3571 1425 3742 1479 Πνεὺ-

2159 1519 2309 1572 ματι.
2353 1502 2633 1574 Πνεύματι
2671 1505 2727 1559 δὲ
2774 1508 2984 1577 χρίεται
3011 1551 3024 1573 ,
3053 1511 3151 1581 οὐχ
3193 1513 3225 1582 ἡ
3257 1512 3490 1577 ἀθέατος
3532 1515 3696 1585 φύσις
3722 1559 3739 1585 ,

2156 1595 2291 1649 ἀλλά
2327 1595 2388 1648 τὸ
2413 1597 2544 1666 ἡμῖν
2568 1599 2829 1668 ὁμογενὲς
2853 1600 2990 1668 (85).

2416 1714 2808 1784 Ἀμςριλοχίου
2834 1715 3178 1770 ἐπισκόπου
3219 1717 3486 1772 Ἰκονίου.

2239 1831 2335 1884 Ἐκ
2356 1830 2463 1885 τοῦ
2483 1831 2800 1901 (ϐόὶλόγου
2826 1830 2932 1885 τοῦ
2958 1833 3044 1896 εἰς
3078 1831 3144 1884 τὸ
3166 1871 3179 1894 ,
3219 1849 3237 1882 ι
3270 1831 3461 1902 Πατήρ
3496 1849 3597 1902 μου
3629 1831 3748 1903 μεί-

2159 1924 2268 1989 ζων
2309 1924 2410 1996 μού
2451 1925 2622 1978 ἐστιν.
2673 1941 2692 1975 ι
2735 1923 3021 1994 Διάκρινόν
3055 1940 3143 1994 μοι
3176 1924 3364 1977 λοιπὸν
3394 1924 3491 1988 τὰς
3521 1925 3745 1994 φύσεις,

468 2023 578 2072 ras,
626 2007 725 2062 Dei
781 2017 837 2062 et
892 2010 1153 2065 hominis.
1201 2012 1322 2066 Non
1365 2013 1511 2067 enim
1540 2015 1919 2081 exeidens,‘ex
1945 2018 2057 2073 Deo

2162 2017 2260 2083 τήν
2306 2033 2364 2069 τε
2404 2015 2497 2068 τοῦ
2527 2014 2684 2074 Θεοῦ.
2737 2015 2838 2084 τήν
2881 2031 2940 2067 τε
2973 2014 3067 2068 τοῦ
3108 2015 3419 2086 ἀνθρώπου.
3452 2016 3591 2072 Οὔτε
3638 2017 3748 2086 γὰρ

468 2096 644 2152 factus
674 2109 758 2154 est
791 2099 976 2164 homo,
1020 2118 1198 2171 neque
1221 2104 1536 2173 proﬁciens,
1556 2122 1623 2162 ex
1648 2107 1870 2162 homine
1888 2109 2053 2164 Deus.

469 2190 642 2244 Deum
677 2192 823 2245 enim
872 2201 929 2248 et
958 2193 1240 2248 hominem
1276 2195 1422 2250 dico.
1453 2196 1684 2264 Quando
1718 2206 1899 2254 autem
1931 2216 2058 2271 pas-

445 2283 656 2337 ‘siones
699 2284 874 2349 carni,
915 2293 972 2338 et
1001 2285 1266 2340 miracula
1305 2287 1418 2342 Deo
1449 2289 1713 2360 assignas,
1750 2293 2060 2348 necessario

472 2375 724 2443 quamvis
753 2375 948 2430 nolens
977 2376 1197 2442 tribuis,
1248 2377 1486 2433 humiles
1513 2380 1734 2449 quidem
1779 2397 2062 2438 sermones

474 2465 684 2520 homini
710 2483 775 2521 ex
798 2468 966 2523 Maria
999 2477 1149 2534 nato,
1179 2470 1534 2526 sublimiores
1558 2488 1692 2527 vero
1711 2483 1768 2528 et
1794 2475 1906 2529 Deo
1931 2491 2061 2530 con-

473 2558 780 2624 venientes,
813 2561 994 2615 Verbo
1041 2561 1189 2630 quod
1225 2571 1345 2616 erat
1377 2563 1433 2616 in
1482 2564 1776 2636 principio.
1812 2565 1963 2622 Hanc
1989 2567 2062 2622 oh

475 2663 694 2703 causam
721 2651 997 2705 interdum
1021 2652 1238 2718 humili,
1264 2669 1663 2725 nonnunquam
1685 2658 1909 2713 sublimi
1941 2675 2065 2714 ora-

475 2740 621 2795 tione
674 2752 818 2806 utor,
875 2751 937 2797 ut
989 2760 1089 2814 per
1139 2746 1432 2802 sublimem
1495 2749 1857 2807 inhabitantis
1895 2751 2063 2808 Verbi

473 2833 759 2888 ostendam
814 2836 1220 2905 cognationem,
1259 2855 1359 2908 per
1395 2838 1662 2896 humilem
1699 2858 1832 2897 vero
1881 2843 2064 2899 carnis

475 2925 854 2979 inﬁrmitatem
886 2926 1232 2996 patefaciam.
1269 2931 1378 3000 67
1417 2929 1573 2986 Unde
1611 2933 1815 2988 alicubi
1839 2935 2063 3006 quidem

474 3015 598 3069 dico
626 3033 713 3071 me
747 3017 895 3071 Patri
922 3034 1043 3072 esse
1074 3021 1362 3089 aequalem,
1392 3022 1525 3076 alibi
1556 3039 1688 3078 vero
1711 3025 1926 3080 Patrem
1953 3043 2067 3081 ma-

470 3107 670 3172 jorem,
697 3124 805 3161 non
847 3125 1061 3163 mecum
1086 3111 1201 3181 ipse
1229 3128 1498 3184 pugnans,
1533 3115 1628 3169 sed
1660 3117 1957 3173 ostendens
1977 3134 2065 3174 me

476 3199 646 3252 Deum
675 3216 796 3255 esse
823 3211 879 3256 et
906 3201 1204 3268 hominem,
1259 3205 1430 3260 Deum
1466 3208 1690 3276 quidem
1720 3225 1787 3264 ex
1817 3211 2067 3265 sublimi-

477 3287 617 3352 bus,
656 3289 939 3344 hominem
995 3308 1126 3347 vero
1163 3309 1228 3347 ex
1269 3294 1592 3352 humilibus.
1653 3297 1862 3364 Quodsi
1898 3301 2067 3355 vultis

477 3393 638 3434 nosse
664 3383 942 3449 quo-modo
969 3383 1128 3438 Pater
1150 3401 1308 3440 meus
1345 3389 1520 3457 major
1548 3404 1636 3443 me
1676 3390 1765 3455 sit,
1797 3390 1865 3444 de
1898 3406 2063 3446 carne
2092 3363 2134 3420 θ

476 3472 612 3537 dixi,
637 3481 695 3529 et
726 3490 835 3529 non
873 3476 940 3530 de
981 3493 1215 3546 persona
1251 3480 1580 3535 divinitatis.
1607 3513 1677 3522 —
1698 3483 1974 3554 Ejusdem,
2000 3501 2065 3538 ea:

473 3582 714 3620 sermone
764 3568 820 3620 in
873 3567 1045 3623 illud:
1077 3589 1095 3620 ι
1127 3570 1248 3624 Non
1287 3580 1453 3641 potest
1484 3571 1650 3628 Filius
1693 3574 1865 3644 facere
1908 3576 2064 3646 quid-

477 3675 639 3730 quam
676 3658 742 3712 “.
783 3679 799 3712 ι
830 3659 1018 3726 Qualis
1052 3660 1105 3714 in
1149 3663 1307 3718 ccelis
1335 3662 1664 3719 inohediens
1705 3665 1810 3719 fuit
1855 3665 2066 3721 Adam?

473 3748 663 3816 Qualis
688 3765 823 3804 vero
862 3766 929 3805 ex
955 3752 1168 3807 caelesti
1204 3769 1439 3823 corpore
1464 3754 1734 3811 formatus
1749 3763 1834 3811 est
1863 3767 2065 3828 praater

475 3842 708 3912 primam
741 3841 1128 3899 formationem
1160 3847 1177 3864 '
1208 3845 1617 3915 protoplastus?
1648 3845 1755 3901 Sed
1798 3847 2064 3903 formatus

476 3941 560 3988 est
583 3933 742 3987 initio
773 3934 867 4002 qui
895 3950 960 3989 ex
985 3943 1154 3998 terra,
1178 3934 1506 3990 inobediens
1535 3935 1641 3990 fuit
1673 3937 1770 4006 qui
1796 3954 1864 3993 ex
1893 3946 2061 4004 terra,

476 4034 794 4093 assumptus
818 4034 904 4080 est
929 4027 1025 4096 qui
1049 4042 1117 4080 ex
1145 4034 1312 4080 terra.
1339 4025 1466 4080 [deo
1489 4027 1655 4081 etiam
1695 4038 1946 4085 servatus
1979 4041 2066 4087 est

475 4117 571 4186 qui
606 4133 673 4170 ex
702 4125 871 4184 terra,
914 4128 976 4173 ut
1006 4119 1081 4172 ita
1123 4119 1287 4173 simul
1314 4135 1446 4175 vera
1467 4128 1524 4174 et
1547 4123 1856 4178 necessaria
1874 4124 2065 4180 videa-

477 4217 570 4262 tur
597 4208 1025 4278 dispensationis
1046 4209 1202 4262 ratio.

611 4422 798 4477 Sancti
823 4422 1049 4478 Joannis
1081 4428 1308 4498 episcopi
1332 4426 1932 4498 ConstantinOpolitaui.

551 4620 635 4674 Ex
661 4621 904 4674 oratione
924 4637 1088 4691 quam
1109 4620 1312 4684 habuit,
1343 4635 1460 4672 cum
1484 4619 1682 4675 Gothus
1707 4618 1912 4689 legatus
1945 4627 2068 4672 ante

2159 2107 2280 2161 κατ’
2300 2107 2572 2160 ἔκπτωσιν
2593 2107 2659 2159 ὲκ
2682 2105 2818 2159 Θεοῦ
2849 2105 3070 2174 γέγονεν
3099 2105 3196 2159 ἄνθ
3205 2125 3386 2177 ρωπος
3406 2147 3420 2169 ,
3455 2107 3579 2160 οὑτε
3607 2107 3750 2160 κατὰ

2159 2199 2444 2272 προκοπὴν
2470 2199 2529 2262 ὲξ
2550 2196 2838 2268 ἀνθρώπου
2866 2197 3018 2259 Θεός.
3052 2197 3181 2249 Θεὸν
3207 2198 3315 2269 γάρ
3341 2199 3434 2251 καὶ
3458 2199 3748 2270 ἄνθρωπον

2159 2294 2324 2364 λέγω.
2369 2295 2541 2346 Ὅταν
2593 2291 2652 2345 δὲ
2697 2291 2767 2344 τὰ
2815 2290 3120 2361 παθήματα
3163 2293 3229 2362 τῇ
3274 2293 3472 2362 σαρκὶ,
3527 2293 3621 2345 ml.
3678 2291 3751 2344 τὰ

2160 2387 2418 2458 θαύματα
2447 2385 2524 2456 τῷ
2554 2385 2673 2455 Θεῷ
2703 2383 2840 2454 δῷς,
2881 2384 3096 2454 ἀνάγκῃ
3129 2383 3222 2438 καὶ
3259 2383 3334 2455 μὴ
3364 2384 3535 2438 θέλων
3567 2385 3747 2448 δίδως,

2161 2480 2288 2542 τοὺς
2320 2479 2418 2550 μὲν
2447 2477 2738 2539 ταπεινοὺς
2777 2475 2969 2544 λόγους
2999 2474 3078 2545 τῷ
3111 2477 3174 2528 ὲκ
3209 2475 3427 2546 Μαρίας
3454 2477 3748 2546 ἀνθρώπῳ,

2161 2571 2290 2634 τοὺς
2327 2570 2385 2623 δὲ
2435 2567 2782 2640 ἀνηγμένους
2836 2565 2930 2620 καὶ
2987 2565 3325 2635 θεοπρεπεῖς
3373 2565 3454 2636 τῷ
3493 2567 3550 2619 ἐν
3607 2568 3750 2636 ἀρχῇ

2161 2664 2275 2716 ὄντι
2309 2665 2487 2733 Λόγῳ.
2524 2660 2624 2714 Διά
2658 2658 2819 2713 τοῦτο
2851 2658 2964 2729 γὰρ
3007 2657 3086 2728 πῆ
3126 2658 3227 2729 μὲν
3273 2659 3635 2729 ἀνηγμένους,
3670 2662 3748 2728 πῆ

2161 2756 2220 2810 δὲ
2264 2755 2554 2818 ταπεινοὺς
2601 2751 2921 2822 φθέγγομαι
2963 2750 3084 2821 (85)
3113 2749 3339 2818 λόγους,
3389 2751 3476 2803 ἵνα
3523 2748 3610 2802 διὰ
3652 2749 3755 2820 μὲν

2163 2847 2272 2901 τῶν
2305 2844 2526 2916 ὑψηλῶν
2564 2844 2659 2898 τοῦ
2717 2841 3057 2906 ἐνοικοῦντος
3095 2842 3270 2909 Λόγου
3302 2840 3459 2906 δείξω
3491 2842 3591 2911 τὴν
3622 2857 3754 2907 συγο

2165 2941 2404 3008 γένειαν,
2433 2937 2526 2992 διὰ
2551 2937 2609 2991 δὲ
2639 2936 2748 2990 τῶν
2779 2936 3076 3001 ταπεινῶν,
3110 2936 3211 3006 τῆς
3239 2935 3502 3004 ταπεινῆς
3548 2934 3756 3006 σαρκὸς

2166 3033 2421 3104 γνωρίσω
2463 3030 2561 3102 τὴν
2593 3030 2901 3086 ἀσθένειαν.
2931 3027 3098 3081 Ὅθεν
3125 3027 3202 3096 πῆ
3241 3026 3338 3096 μὲν
3371 3024 3608 3095 ἐμαυτὸν
3640 3025 3751 3093 (86)

2170 3126 2285 3178 ἴσον
2331 3124 2477 3190 λέγω
2500 3120 2595 3176 τοῦ
2626 3121 2864 3195 Πατρὸς,
2902 3119 2981 3190 πῆ
3011 3120 3068 3176 δὲ
3118 3119 3340 3190 μείζονα
3371 3117 3461 3170 τὸν
3502 3117 3751 3188 Πατέρα·

2165 3219 2228 3270 οὑ
2273 3216 2583 3287 μαχόμενος
2628 3212 2852 3283 ἐμαυτῷ
2877 3253 2891 3278 ,
2927 3211 3065 3266 ἀλλά
3099 3211 3316 3274 δεικνὺς
3347 3210 3423 3273 ὼς
3449 3210 3583 3272 Θεός
3629 3212 3749 3278 εἰμι

2168 3310 2264 3364 καὶ
2290 3308 2388 3362 ἀνθ
2401 3323 2587 3379 ρωπος
2612 3323 2623 3334 ·
2657 3305 2790 3369 Θεὸς
2826 3305 2924 3376 μὲν
2955 3307 3020 3358 ἐκ
3054 3303 3164 3357 τῶν
3197 3301 3437 3373 ὑψηλῶν,
3472 3302 3756 3373 ἅνθρωπος

2165 3398 2224 3452 δὲ
2267 3401 2332 3450 ὲκ
2359 3396 2480 3450 τῶν
2515 3395 2811 3451 ταπεινῶν.
2863 3395 2925 3449 Εἰ
2976 3393 3036 3447 δὲ
3072 3393 3265 3462 θέλητε
3318 3392 3520 3461 γνῶναι
3571 3392 3686 3456 πῶς
3729 3395 3759 3446 6

2167 3488 2361 3560 Πατήρ
2394 3503 2496 3557 μου
2537 3484 2740 3555 μείζων
2775 3483 2878 3555 μού
2912 3484 3084 3549 ἐστιν,
3112 3485 3179 3537 ὲκ
3200 3483 3300 3551 τῆς
3330 3482 3534 3551 σαρκὸς
3576 3479 3756 3548 εἶπον,

2169 3580 2264 3633 καὶ
2293 3579 2394 3633 οὑκ
2424 3580 2487 3632 ὲκ
2540 3576 2838 3648 προσώπου
2875 3576 2973 3647 τῆς
3001 3575 3278 3645 θεότητος.
3310 3605 3382 3616 -
3411 3574 3526 3629 Τοῦ
3567 3572 3760 3648 αὐτοῦ

2165 3673 2235 3727 ἐκ
2277 3671 2383 3726 τοῦ
2429 3671 2615 3739 λόγου
2660 3669 2768 3725 τοῦ
2803 3671 2892 3736 είς
2924 3668 3015 3735 τὸ,
3057 3688 3075 3721 ι
3110 3671 3194 3723 Οὐ
3236 3669 3490 3722 δύναται
3536 3668 3568 3720 ὀ
3621 3663 3759 3731 Υἱὸς

2168 3763 2363 3819 ποιεῖν
2403 3764 2505 3833 ἀφ’
2536 3762 2756 3816 ἑαυτοῦ
2787 3760 2992 3816 οὐδέν.
3036 3779 3058 3814 ι
3113 3760 3272 3822 "oio;
3303 3757 3362 3811 δὲ
3406 3757 3759 3827 παρήκουσεν

2168 3858 2226 3909 ὲν
2268 3856 2518 3925 οὐρανοῖς
2564 3852 2766 3923 ’Λδάμς
2804 3853 2964 3914 Ποῖος
3009 3850 3067 3904 δὲ
3111 3849 3171 3913 ἐξ
3211 3847 3465 3920 οὐρανίου
3504 3846 3760 3916 σώματος

2169 3947 2416 4018 ἐπλάσθη
2458 3945 2612 4016 παρὰ
2655 3945 2752 4016 τὴν
2808 3941 3035 4014 πρώτην
3083 3940 3549 4012 πρωτόπλαστος;
3612 3935 3756 3988 Ἀλλ’

2169 4038 2414 4108 ἐπλάσθη
2447 4037 2507 4101 ἐξ
2536 4036 2710 4108 ἀρχῆς
2744 4038 2773 4089 6
2823 4037 2888 4088 ὲκ
2915 4034 3014 4105 τῆς
3044 4034 3146 4103 γῆς
3169 4071 3182 4096 ,
3223 4033 3571 4101 παρήκουσεν
3627 4028 3656 4079 ὁ
3694 4029 3762 4080 ἐκ

2167 4131 2268 4200 τῆς
2301 4131 2408 4199 γῆς
2437 4171 2451 4194 ,
2475 4128 2755 4200 ἀνελήφθη
2787 4131 2815 4181 6
2857 4129 2921 4181 ἐκ
2953 4128 3050 4197 τῆς
3081 4126 3204 4194 γῆς.
3237 4123 3329 4176 Διὸ
3377 4122 3472 4176 καὶ
3510 4118 3690 4191 ἐσώθη
3730 4121 3762 4172 6

2169 4224 2234 4276 ὲκ
2281 4223 2380 4292 τῆς
2414 4220 2517 4292 γῆς
2545 4261 2560 4287 ,
2597 4220 2664 4274 ἵν’
2714 4218 2888 4282 οὑτως
2922 4216 3132 4288 ἀληθὴς
3173 4214 3292 4284 ἅμα
3327 4214 3422 4266 καὶ
3456 4213 3760 4281 ἀναγκαῖος

2171 4317 2314 4386 φανῇ
2367 4315 2396 4367 6
2435 4316 2536 4386 τῆς
2587 4312 2898 4395 οἰκονομίας
2939 4311 3118 4380 λόγος.

2176 4429 2285 4484 Τοῦ
2337 4429 2510 4499 ἁγίου
2557 4427 2838 4484 Ἰωάννου
2877 4425 3220 4549 ἐπισκόπου
3268 4425 3761 4475 Κώνσταν-τινοιν-

2829 4511 2873 4548 π
2911 4536 2926 4549 .
2953 4511 3082 4549 εωρ.

2829 4511 3082 4561 nanctae.

2255 4617 2350 4670 Ἐκ
2377 4614 2485 4670 τοῦ
2510 4614 2700 4684 λόγου
2730 4611 2803 4665 ὃν
2831 4605 2990 4672 εἷπε,
3015 4610 3247 4664 Γότθου
3292 4605 3597 4675 πρέσϐεως
3644 4599 3763 4672 (87)

479 4729 602 4767 eum
648 4712 884 4766 dixisset.
945 4711 1084 4766 Vide
1132 4711 1187 4764 in
1235 4710 1464 4765 exordio
1497 4710 1629 4780 quid
1667 4719 1809 4781 agat.
1861 4710 2062 4765 Natura

2174 4706 2289 4775 πρὸ
2323 4703 2509 4759 αὐτοῦ
2537 4703 2865 4771 εἰρηκότος.
2903 4699 3046 4771 Ὅρα
3082 4701 3146 4753 ὲκ
3175 4697 3480 4769 προοιμίων
3511 4694 3563 4747 τί
3592 4694 3757 4746 ποιεῖ.

479 4811 671 4858 nostra
727 4804 1001 4867 induitur,
1063 4801 1282 4855 inﬁrma
1322 4810 1378 4854 et
1422 4801 1659 4866 devicta,
1709 4809 1770 4856 ut
1812 4817 1911 4872 per
1941 4818 2062 4856 eam

481 4903 689 4966 pugnet
714 4904 770 4949 et
800 4897 1065 4959 luctetur,
1116 4894 1411 4964 statimque
1441 4910 1471 4948 a
1501 4893 1776 4964 principio
1803 4909 2065 4965 arrogan-

482 4989 574 5041 tiae
594 4993 848 5040 naturam
877 4986 1148 5040 radicitus
1169 4983 1730 5054 evellit.——Ejusdem,
1760 5001 1823 5038 ex
1846 4983 2070 5040 Genetii-

481 5076 638 5132 liaco.
670 5077 753 5130 An
775 5092 885 5131 non
911 5086 1174 5131 extrema:
1198 5084 1286 5131 est
1310 5075 1620 5139 dementiae,
1647 5075 1798 5146 ipsos
1817 5075 2064 5145 quidem,

2175 4796 2286 4867 Ἱὴν
2317 4794 2479 4862 φύσιν
2512 4790 2901 4862 περιϐάλλεται
2937 4790 3034 4860 τὴν
3061 4790 3363 4859 ἡμετέραν,
3398 4785 3494 4856 τὴν
3525 4782 3759 4853 ἠσθενη-

2174 4890 2356 4949 κυῖαν,
2397 4885 2497 4955 τὴν
2545 4882 2894 4954 ἡττηθεῖσαν,
2942 4880 3084 4934 ὥστε
3123 4877 3470 4950 μαχέσασθαι
3505 4875 3599 4928 καὶ
3634 4874 3763 4926 ἀνα·

2175 4979 2439 5033 παλαῖσαι
2463 4977 2532 5030 δι’
2561 4975 2729 5046 αὐτῆς
2750 4990 2764 5006 ·
2792 4973 2886 5028 καὶ
2912 4975 2976 5026 ὲκ
2999 4971 3107 5026 τῶν
3135 4969 3438 5041 προοιμίων
3464 4963 3762 5038 πρόρριζον

2176 5073 2402 5141 ἀνασπᾷ
2441 5070 2542 5138 τῆς
2582 5068 2843 5131 ἀπονοίας
2885 5070 2984 5137 τὴν
3013 5064 3195 5134 φύσιν,
3231 5093 3301 5104 -—
3335 5059 3445 5117 Τοῦ
3477 5057 3660 5114 αὐτοῦ
3692 5057 3763 5110 ἐκ

551 5230 724 5285 "lsa.
755 5246 861 5294 in,
895 5229 957 5295 l;
994 5230 1128 5284 Luc.
1162 5247 1232 5295 xv,
1268 5231 1354 5285 18.
1430 5232 1477 5263 ⁸⁸
1516 5231 1671 5286 Joan.
1706 5246 1814 5294 six,
1842 5228 1933 5283 28.
2012 5229 2057 5257 °°
2089 5225 2248 5283 Joan.
2283 5243 2332 5292 ν,
2367 5227 2454 5282 l9.

577 5371 666 5444 80)
704 5371 990 5444 ἐθέληΕᾱ.
1031 5371 1287 5444 Ρὶιγίςᾷι.
1311 5372 1352 5434 1,
1392 5387 1465 5444 βπ
1498 5371 1598 5444 ’ἵβἻ
1644 5369 1956 5444 ξθελ-όντιος.

577 5374 666 5444 80)
704 5374 852 5424 ὲθέλ.
890 5374 990 5426 Ed.
1031 5374 1203 5425 Paris.
1237 5380 1274 5424 ι..
1311 5374 1352 5434 1,
1392 5387 1444 5440 p.
1498 5374 1598 5425 767
1644 5374 1956 5429 ὲθελόντως.

553 5374 666 5514 (8-1)
707 5444 800 5494 Ἐκ
826 5442 996 5514 silc}.
1035 5459 1088 5514 τ.
1115 5443 1160 5493 λ.
1191 5441 1424 5496 Unicum
1453 5439 1616 5513 hujus
1647 5440 1775 5492 libri
1797 5438 2069 5510 fragmen—

483 5512 597 5567 tum
635 5512 874 5566 Servavit
905 5512 1302 5566 Theodoretus.

557 5584 666 5654 (8‘2)
696 5586 759 5635 ὲκ
776 5582 870 5634 τοὺ
898 5599 951 5634 κ.
980 5599 1029 5635 τ.
1059 5581 1321 5654 ξιιυλυε
1354 5582 1519 5634 etiam
1552 5579 1677 5632 libri
1716 5578 1936 5632 unicum
1965 5581 2070 5636 hoc

481 5652 572 5709 cst
602 5654 965 5722 fragmentum
1005 5668 1035 5705 a
1071 5652 1348 5705 Theudor.
1377 5659 1673 5722 servatum.

556 5720 1016 5795 (85)f6poy._Ed.
1077 5722 1236 5795 Rom.
1285 5731 1340 5774 et
1400 5720 1547 5790 Lips.
1606 5720 1954 5774 consentiunt
2013 5722 2065 5775 in

483 5791 612 5851 lect.
642 5791 838 5849 vitiosa
876 5793 904 5845 6
941 5791 1249 5862 μονογενές.

2259 5367 2370 5435 (84)
2410 5368 2505 5420 Ἐκ
2527 5364 2620 5419 τοῦ
2653 5381 2707 5417 κ.
2726 5360 3071 5435 ,τηλιΡιυτέ
3095 5357 3260 5428 hujus
3293 5352 3580 5427 scriptoris
3611 5351 3758 5424 frag-

2169 5429 2598 5493 menta'exslant
2623 5436 2678 5488 in
2709 5433 2838 5488 dial.
2875 5432 2910 5484 2
2947 5439 3003 5486 ει
3033 5429 3087 5483 5.

2240 5509 2354 5581 (85)
2396 5503 3058 5581 «ausim-simoen-
3137 5569 3149 5581 .
3473 5570 3486 5581 .
3559 5569 3572 5581 .
3699 5563 3724 5574 -

2247 5569 2358 5649 (86')
2382 5569 2472 5662 ιμ’.
2501 5578 2668 5631 Sirm.
2708 5569 2957 5628 habebat?
2989 5569 3202 5631 ἑαυτόν.
3241 5579 3298 5624 ει
3323 5569 3522 5626 deinde
3554 5569 3758 5635 ἐαυτῷ,

2168 5659 2284 5719 post
2327 5659 2652 5718 μαχόμενος.
2877 5714 2887 5724 .

2527 5717 2685 5771 Rom.
2726 5721 2781 5768 et
2831 5713 2979 5784 Lips.
3020 5707 3263 5784 πρέσϐυς
3286 5749 3299 5772 ,
3335 5724 3433 5777 pro
3465 5705 3760 5777 πρέσευος,

2171 5799 2228 5842 ut
2265 5792 2501 5843 videtur.
