  <div class='ocr_page' id='page_1' title='image "/cluster/home/n/w/nwhite01/storage/ocr_20150623/83:no.4/coo.31924054869841/058.png"; bbox 0 0 4090 6414; ppageno 0'>
   <div class='ocr_carea' id='block_1_1' title="bbox 396 344 2625 413">
    <p class='ocr_par' dir='ltr' id='par_1_1' title="bbox 396 344 2625 413">
     <span class='ocr_line' id='line_1_1' title="bbox 396 344 2625 413; baseline -0.002 0"><span class='ocrx_word' id='word_1_1' title='bbox 396 350 490 413; x_wconf 69' lang='lat' dir='ltr'><strong>3N</strong></span> <span class='ocrx_word' id='word_1_2' title='bbox 1314 344 1319 347; x_wconf 61' lang='grc'>’</span> <span class='ocrx_word' id='word_1_3' title='bbox 1474 346 1865 412; x_wconf 75' lang='lat' dir='ltr'><strong>DIALOGUS</strong></span> <span class='ocrx_word' id='word_1_4' title='bbox 1899 345 1952 408; x_wconf 93' lang='lat' dir='ltr'><strong>l.</strong></span> <span class='ocrx_word' id='word_1_5' title='bbox 1991 372 2063 384; x_wconf 91' lang='lat'><strong>—</strong></span> <span class='ocrx_word' id='word_1_6' title='bbox 2088 346 2625 409; x_wconf 82' lang='lat' dir='ltr'><strong>IMMUTABILIS.</strong></span> 
     </span>
    </p>
   </div>
   <div class='ocr_carea' id='block_1_2' title="bbox 3592 355 3698 423">
    <p class='ocr_par' dir='ltr' id='par_1_2' title="bbox 3592 355 3698 423">
     <span class='ocr_line' id='line_1_2' title="bbox 3592 355 3698 423; baseline 0.075 -10"><span class='ocrx_word' id='word_1_7' title='bbox 3592 355 3698 423; x_wconf 59' lang='lat' dir='ltr'><strong>f0?</strong></span> 
     </span>
    </p>
   </div>
   <div class='ocr_carea' id='block_1_3' title="bbox 390 458 2008 536">
    <p class='ocr_par' dir='ltr' id='par_1_3' title="bbox 390 458 2004 534">
     <span class='ocr_line' id='line_1_3' title="bbox 390 458 2004 534; baseline -0.003 -16"><span class='ocrx_word' id='word_1_8' title='bbox 390 462 508 520; x_wconf 73' lang='grc' dir='ltr'><strong>τὸῦ</strong></span> <span class='ocrx_word' id='word_1_9' title='bbox 568 461 976 517; x_wconf 68' lang='grc' dir='ltr'><strong>Γενεθλιακοῦ</strong></span> <span class='ocrx_word' id='word_1_10' title='bbox 1018 462 1233 534; x_wconf 73' lang='grc' dir='ltr'>λόγου.</span> <span class='ocrx_word' id='word_1_11' title='bbox 1294 458 1421 520; x_wconf 80' lang='grc' dir='ltr'><strong>Πῶς</strong></span> <span class='ocrx_word' id='word_1_12' title='bbox 1468 460 1579 532; x_wconf 82' lang='grc' dir='ltr'>γὰρ</span> <span class='ocrx_word' id='word_1_13' title='bbox 1627 461 1731 514; x_wconf 81' lang='grc' dir='ltr'><strong>οὐκ</strong></span> <span class='ocrx_word' id='word_1_14' title='bbox 1767 460 2004 531; x_wconf 73' lang='grc' dir='ltr'><strong>ἐσχάτης</strong></span> 
     </span>
    </p>
   </div>
   <div class='ocr_carea' id='block_1_4' title="bbox 2107 458 3700 536">
    <p class='ocr_par' dir='ltr' id='par_1_4' title="bbox 2107 461 3700 536">
     <span class='ocr_line' id='line_1_4' title="bbox 2107 461 3700 536; baseline 0.006 -20"><span class='ocrx_word' id='word_1_15' title='bbox 2107 475 2234 517; x_wconf 89' lang='lat' dir='ltr'><strong>cum</strong></span> <span class='ocrx_word' id='word_1_16' title='bbox 2268 461 2326 518; x_wconf 88' lang='lat' dir='ltr'><strong>in</strong></span> <span class='ocrx_word' id='word_1_17' title='bbox 2363 462 2578 533; x_wconf 84' lang='lat' dir='ltr'><strong>lapides</strong></span> <span class='ocrx_word' id='word_1_18' title='bbox 2616 470 2674 519; x_wconf 88' lang='lat' dir='ltr'><strong>et</strong></span> <span class='ocrx_word' id='word_1_19' title='bbox 2713 463 2859 536; x_wconf 86' lang='lat' dir='ltr'><strong>ligna</strong></span> <span class='ocrx_word' id='word_1_20' title='bbox 2894 472 2952 521; x_wconf 90' lang='lat' dir='ltr'><strong>et</strong></span> <span class='ocrx_word' id='word_1_21' title='bbox 2974 466 3116 524; x_wconf 87' lang='lat' dir='ltr'><strong>viles</strong></span> <span class='ocrx_word' id='word_1_22' title='bbox 3144 476 3353 525; x_wconf 87' lang='lat' dir='ltr'><strong>statuas</strong></span> <span class='ocrx_word' id='word_1_23' title='bbox 3407 468 3545 525; x_wconf 88' lang='lat' dir='ltr'><strong>deos</strong></span> <span class='ocrx_word' id='word_1_24' title='bbox 3569 486 3700 526; x_wconf 88' lang='lat' dir='ltr'><strong>suos</strong></span> 
     </span>
    </p>
   </div>
   <div class='ocr_carea' id='block_1_5' title="bbox 391 551 2001 629">
    <p class='ocr_par' dir='ltr' id='par_1_5' title="bbox 391 551 2001 629">
     <span class='ocr_line' id='line_1_5' title="bbox 391 551 2001 629; baseline -0.004 -18"><span class='ocrx_word' id='word_1_25' title='bbox 391 553 809 629; x_wconf 68' lang='grc' dir='ltr'><strong>παραπληξεας,</strong></span> <span class='ocrx_word' id='word_1_26' title='bbox 834 551 1041 618; x_wconf 73' lang='grc' dir='ltr'>αὐτοὺς</span> <span class='ocrx_word' id='word_1_27' title='bbox 1076 554 1179 626; x_wconf 76' lang='grc' dir='ltr'>μὲν</span> <span class='ocrx_word' id='word_1_28' title='bbox 1204 555 1285 619; x_wconf 80' lang='grc' dir='ltr'><strong>είς</strong></span> <span class='ocrx_word' id='word_1_29' title='bbox 1310 553 1493 617; x_wconf 81' lang='grc' dir='ltr'><strong>λίθους</strong></span> <span class='ocrx_word' id='word_1_30' title='bbox 1517 554 1612 608; x_wconf 83' lang='grc' dir='ltr'><strong>καὶ</strong></span> <span class='ocrx_word' id='word_1_31' title='bbox 1644 552 1780 621; x_wconf 83' lang='grc' dir='ltr'>ξύλα</span> <span class='ocrx_word' id='word_1_32' title='bbox 1808 553 2001 625; x_wconf 80' lang='grc' dir='ltr'><strong>εὐτελῆ</strong></span> 
     </span>
    </p>
   </div>
   <div class='ocr_carea' id='block_1_6' title="bbox 394 644 2004 716">
    <p class='ocr_par' dir='ltr' id='par_1_6' title="bbox 394 644 2004 716">
     <span class='ocr_line' id='line_1_6' title="bbox 394 644 2004 716; baseline -0.003 -13"><span class='ocrx_word' id='word_1_33' title='bbox 394 651 567 715; x_wconf 77' lang='grc' dir='ltr'>ξόανα</span> <span class='ocrx_word' id='word_1_34' title='bbox 603 649 732 711; x_wconf 76' lang='grc' dir='ltr'>τοὺς</span> <span class='ocrx_word' id='word_1_35' title='bbox 775 647 990 700; x_wconf 81' lang='grc' dir='ltr'>ἐαυτῶν</span> <span class='ocrx_word' id='word_1_36' title='bbox 1041 648 1369 716; x_wconf 81' lang='grc' dir='ltr'><strong>εἰσάγοντας</strong></span> <span class='ocrx_word' id='word_1_37' title='bbox 1399 645 1594 711; x_wconf 76' lang='grc' dir='ltr'>θεοὺς,</span> <span class='ocrx_word' id='word_1_38' title='bbox 1629 646 1720 700; x_wconf 72' lang='grc' dir='ltr'><strong>καὶ</strong></span> <span class='ocrx_word' id='word_1_39' title='bbox 1747 644 2004 716; x_wconf 79' lang='grc' dir='ltr'>καθάπερ</span> 
     </span>
    </p>
   </div>
   <div class='ocr_carea' id='block_1_7' title="bbox 391 737 2003 812">
    <p class='ocr_par' dir='ltr' id='par_1_7' title="bbox 391 737 2003 812">
     <span class='ocr_line' id='line_1_7' title="bbox 391 737 2003 812; baseline -0.004 -17"><span class='ocrx_word' id='word_1_40' title='bbox 391 744 457 795; x_wconf 74' lang='grc' dir='ltr'><strong>ὲν</strong></span> <span class='ocrx_word' id='word_1_41' title='bbox 503 740 875 812; x_wconf 73' lang='grc' dir='ltr'><strong>δεσμωτηρίῳ</strong></span> <span class='ocrx_word' id='word_1_42' title='bbox 916 741 1026 794; x_wconf 75' lang='grc' dir='ltr'>τινὶ</span> <span class='ocrx_word' id='word_1_43' title='bbox 1075 740 1537 804; x_wconf 83' lang='grc' dir='ltr'>κατακλείοντας,</span> <span class='ocrx_word' id='word_1_44' title='bbox 1577 739 1745 811; x_wconf 81' lang='grc' dir='ltr'>μηδὲν</span> <span class='ocrx_word' id='word_1_45' title='bbox 1776 737 2003 808; x_wconf 68' lang='grc' dir='ltr'>αἰσχρὸν</span> 
     </span>
    </p>
   </div>
   <div class='ocr_carea' id='block_1_8' title="bbox 389 831 2005 908">
    <p class='ocr_par' dir='ltr' id='par_1_8' title="bbox 389 831 2005 908">
     <span class='ocr_line' id='line_1_8' title="bbox 389 831 2005 908; baseline -0.002 -20"><span class='ocrx_word' id='word_1_46' title='bbox 389 836 651 908; x_wconf 74' lang='grc' dir='ltr'><strong>ἡγεῖσθαι</strong></span> <span class='ocrx_word' id='word_1_47' title='bbox 692 837 833 906; x_wconf 86' lang='grc' dir='ltr'>μήτε</span> <span class='ocrx_word' id='word_1_48' title='bbox 875 837 1072 897; x_wconf 80' lang='grc' dir='ltr'><strong>ποιεῖν,</strong></span> <span class='ocrx_word' id='word_1_49' title='bbox 1114 835 1255 905; x_wconf 83' lang='grc' dir='ltr'>μήτε</span> <span class='ocrx_word' id='word_1_50' title='bbox 1309 833 1525 903; x_wconf 74' lang='grc' dir='ltr'>λέγειν’</span> <span class='ocrx_word' id='word_1_51' title='bbox 1558 834 1694 904; x_wconf 81' lang='grc' dir='ltr'>ἡμῖν</span> <span class='ocrx_word' id='word_1_52' title='bbox 1724 831 1798 899; x_wconf 64' lang='grc' dir='ltr'>(δὲ</span> <span class='ocrx_word' id='word_1_53' title='bbox 1834 833 2005 900; x_wconf 71' lang='grc' dir='ltr'>ἐγκα-</span> 
     </span>
    </p>
   </div>
   <div class='ocr_carea' id='block_1_9' title="bbox 389 921 2006 996">
    <p class='ocr_par' dir='ltr' id='par_1_9' title="bbox 389 921 2006 996">
     <span class='ocr_line' id='line_1_9' title="bbox 389 921 2006 996; baseline -0.004 -16"><span class='ocrx_word' id='word_1_54' title='bbox 389 928 509 982; x_wconf 75' lang='grc' dir='ltr'>λεῖν</span> <span class='ocrx_word' id='word_1_55' title='bbox 542 927 823 993; x_wconf 80' lang='grc' dir='ltr'>λέγουσιν,</span> <span class='ocrx_word' id='word_1_56' title='bbox 854 928 938 980; x_wconf 81' lang='grc' dir='ltr'><strong>ὅτι</strong></span> <span class='ocrx_word' id='word_1_57' title='bbox 969 928 1100 979; x_wconf 74' lang='grc' dir='ltr'>ναὸν</span> <span class='ocrx_word' id='word_1_58' title='bbox 1134 924 1314 996; x_wconf 80' lang='grc' dir='ltr'>ἐαυτῷ</span> <span class='ocrx_word' id='word_1_59' title='bbox 1340 924 1770 985; x_wconf 77' lang='grc' dir='ltr'><strong>κατασκευάσας</strong></span> <span class='ocrx_word' id='word_1_60' title='bbox 1808 923 1836 975; x_wconf 98' lang='lat'><strong>6</strong></span> <span class='ocrx_word' id='word_1_61' title='bbox 1869 921 2006 984; x_wconf 82' lang='grc' dir='ltr'><strong>Θεὸς</strong></span> 
     </span>
    </p>
   </div>
   <div class='ocr_carea' id='block_1_10' title="bbox 389 1009 2006 1085">
    <p class='ocr_par' dir='ltr' id='par_1_10' title="bbox 389 1009 2006 1085">
     <span class='ocr_line' id='line_1_10' title="bbox 389 1009 2006 1085; baseline -0.005 -13"><span class='ocrx_word' id='word_1_62' title='bbox 389 1018 582 1084; x_wconf 76' lang='grc' dir='ltr'>ζῶντα</span> <span class='ocrx_word' id='word_1_63' title='bbox 612 1020 679 1071; x_wconf 79' lang='grc' dir='ltr'><strong>ὲκ</strong></span> <span class='ocrx_word' id='word_1_64' title='bbox 715 1017 1037 1085; x_wconf 81' lang='grc' dir='ltr'>Πνεύματος</span> <span class='ocrx_word' id='word_1_65' title='bbox 1067 1016 1229 1084; x_wconf 80' lang='grc' dir='ltr'>ἁγίου</span> <span class='ocrx_word' id='word_1_66' title='bbox 1251 1057 1266 1080; x_wconf 89' lang='grc'><strong>,</strong></span> <span class='ocrx_word' id='word_1_67' title='bbox 1301 1014 1370 1067; x_wconf 82' lang='grc' dir='ltr'>δι’</span> <span class='ocrx_word' id='word_1_68' title='bbox 1424 1012 1592 1067; x_wconf 78' lang='grc' dir='ltr'>αὑτοῦ</span> <span class='ocrx_word' id='word_1_69' title='bbox 1627 1012 1726 1083; x_wconf 84' lang='grc' dir='ltr'><strong>τὴν</strong></span> <span class='ocrx_word' id='word_1_70' title='bbox 1758 1009 2006 1081; x_wconf 78' lang='grc' dir='ltr'>οἰκουμέ-</span> 
     </span>
    </p>
   </div>
   <div class='ocr_carea' id='block_1_11' title="bbox 391 1101 2003 1182">
    <p class='ocr_par' dir='ltr' id='par_1_11' title="bbox 391 1101 2003 1182">
     <span class='ocr_line' id='line_1_11' title="bbox 391 1101 2003 1182; baseline -0.006 -19"><span class='ocrx_word' id='word_1_71' title='bbox 391 1129 496 1182; x_wconf 80' lang='grc' dir='ltr'><strong>νην</strong></span> <span class='ocrx_word' id='word_1_72' title='bbox 527 1110 855 1179; x_wconf 69' lang='grc' dir='ltr'><strong>ὡφέλῃσεν;</strong></span> <span class='ocrx_word' id='word_1_73' title='bbox 898 1108 958 1162; x_wconf 76' lang='lat' dir='ltr'><strong>El</strong></span> <span class='ocrx_word' id='word_1_74' title='bbox 1001 1107 1113 1178; x_wconf 80' lang='grc' dir='ltr'>γὰρ</span> <span class='ocrx_word' id='word_1_75' title='bbox 1154 1107 1381 1177; x_wconf 79' lang='grc' dir='ltr'>αἰσχρὸν</span> <span class='ocrx_word' id='word_1_76' title='bbox 1428 1107 1486 1159; x_wconf 80' lang='grc' dir='ltr'><strong>ὲν</strong></span> <span class='ocrx_word' id='word_1_77' title='bbox 1518 1104 1849 1175; x_wconf 79' lang='grc' dir='ltr'><strong>ἀνθρωπίνῳ</strong></span> <span class='ocrx_word' id='word_1_78' title='bbox 1896 1101 2003 1155; x_wconf 82' lang='grc' dir='ltr'><strong>σώ-</strong></span> 
     </span>
    </p>
   </div>
   <div class='ocr_carea' id='block_1_12' title="bbox 394 1192 2003 1271">
    <p class='ocr_par' dir='ltr' id='par_1_12' title="bbox 394 1192 2003 1271">
     <span class='ocr_line' id='line_1_12' title="bbox 394 1192 2003 1271; baseline -0.006 -17"><span class='ocrx_word' id='word_1_79' title='bbox 394 1218 533 1271; x_wconf 83' lang='grc' dir='ltr'>ματι</span> <span class='ocrx_word' id='word_1_80' title='bbox 564 1201 702 1254; x_wconf 73' lang='grc' dir='ltr'>Θεὸν</span> <span class='ocrx_word' id='word_1_81' title='bbox 732 1200 977 1271; x_wconf 76' lang='grc' dir='ltr'>οἰκῆσαι,</span> <span class='ocrx_word' id='word_1_82' title='bbox 1016 1196 1201 1269; x_wconf 83' lang='grc' dir='ltr'>πολλῷ</span> <span class='ocrx_word' id='word_1_83' title='bbox 1231 1196 1431 1267; x_wconf 80' lang='grc' dir='ltr'>μᾶλλον</span> <span class='ocrx_word' id='word_1_84' title='bbox 1458 1196 1516 1249; x_wconf 80' lang='grc' dir='ltr'><strong>ὲν</strong></span> <span class='ocrx_word' id='word_1_85' title='bbox 1548 1194 1684 1266; x_wconf 83' lang='grc' dir='ltr'>λίθῳ</span> <span class='ocrx_word' id='word_1_86' title='bbox 1710 1195 1805 1247; x_wconf 77' lang='grc' dir='ltr'><strong>καὶ</strong></span> <span class='ocrx_word' id='word_1_87' title='bbox 1832 1192 2003 1263; x_wconf 76' lang='grc' dir='ltr'>ξύλῳ,</span> 
     </span>
    </p>
   </div>
   <div class='ocr_carea' id='block_1_13' title="bbox 390 1285 2006 1361">
    <p class='ocr_par' dir='ltr' id='par_1_13' title="bbox 390 1285 2006 1361">
     <span class='ocr_line' id='line_1_13' title="bbox 390 1285 2006 1361; baseline -0.006 -14"><span class='ocrx_word' id='word_1_88' title='bbox 390 1295 513 1361; x_wconf 79' lang='grc' dir='ltr'><strong>ὅσῳ</strong></span> <span class='ocrx_word' id='word_1_89' title='bbox 542 1293 575 1345; x_wconf 90' lang='lat'><strong>6</strong></span> <span class='ocrx_word' id='word_1_90' title='bbox 615 1291 767 1355; x_wconf 82' lang='grc' dir='ltr'>λίθος</span> <span class='ocrx_word' id='word_1_91' title='bbox 796 1291 895 1344; x_wconf 80' lang='grc' dir='ltr'><strong>καὶ</strong></span> <span class='ocrx_word' id='word_1_92' title='bbox 926 1290 988 1344; x_wconf 82' lang='grc' dir='ltr'>τὸ</span> <span class='ocrx_word' id='word_1_93' title='bbox 1019 1290 1178 1353; x_wconf 80' lang='grc' dir='ltr'>ξύλον</span> <span class='ocrx_word' id='word_1_94' title='bbox 1227 1289 1552 1359; x_wconf 82' lang='grc' dir='ltr'><strong>ἀτιμότερον</strong></span> <span class='ocrx_word' id='word_1_95' title='bbox 1587 1285 1880 1357; x_wconf 83' lang='grc' dir='ltr'>ἀνθρώπου</span> <span class='ocrx_word' id='word_1_96' title='bbox 1901 1301 1915 1316; x_wconf 79' lang='grc' dir='ltr'>ο</span> <span class='ocrx_word' id='word_1_97' title='bbox 1956 1285 2006 1337; x_wconf 83' lang='grc' dir='ltr'><strong>εἱ</strong></span> 
     </span>
    </p>
   </div>
   <div class='ocr_carea' id='block_1_14' title="bbox 400 1377 2009 1456">
    <p class='ocr_par' dir='ltr' id='par_1_14' title="bbox 400 1377 2009 1456">
     <span class='ocr_line' id='line_1_14' title="bbox 400 1377 2009 1456; baseline -0.007 -15"><span class='ocrx_word' id='word_1_98' title='bbox 400 1384 478 1456; x_wconf 78' lang='grc' dir='ltr'>μὴ</span> <span class='ocrx_word' id='word_1_99' title='bbox 507 1387 620 1455; x_wconf 79' lang='grc' dir='ltr'>ἀρα</span> <span class='ocrx_word' id='word_1_100' title='bbox 641 1385 742 1437; x_wconf 73' lang='grc' dir='ltr'>καὶ</span> <span class='ocrx_word' id='word_1_101' title='bbox 771 1382 881 1436; x_wconf 88' lang='grc' dir='ltr'>τῶν</span> <span class='ocrx_word' id='word_1_102' title='bbox 902 1382 1252 1452; x_wconf 85' lang='grc' dir='ltr'>ἀναισθήτων</span> <span class='ocrx_word' id='word_1_103' title='bbox 1279 1380 1487 1434; x_wconf 84' lang='grc' dir='ltr'>τούτων</span> <span class='ocrx_word' id='word_1_104' title='bbox 1522 1378 1664 1433; x_wconf 81' lang='grc' dir='ltr'>ὑλῶν</span> <span class='ocrx_word' id='word_1_105' title='bbox 1697 1377 2009 1431; x_wconf 76' lang='grc' dir='ltr'><strong>εὐτελέστε-</strong></span> 
     </span>
    </p>
   </div>
   <div class='ocr_carea' id='block_1_15' title="bbox 392 1469 2008 1553">
    <p class='ocr_par' dir='ltr' id='par_1_15' title="bbox 392 1469 2008 1553">
     <span class='ocr_line' id='line_1_15' title="bbox 392 1469 2008 1553; baseline -0.006 -22"><span class='ocrx_word' id='word_1_106' title='bbox 392 1495 492 1548; x_wconf 82' lang='grc' dir='ltr'>ρον</span> <span class='ocrx_word' id='word_1_107' title='bbox 529 1477 594 1530; x_wconf 81' lang='grc' dir='ltr'>τὸ</span> <span class='ocrx_word' id='word_1_108' title='bbox 616 1476 779 1553; x_wconf 73' lang='grc' dir='ltr'>γένος</span> <span class='ocrx_word' id='word_1_109' title='bbox 808 1475 968 1547; x_wconf 78' lang='grc' dir='ltr'>ἡμῶν</span> <span class='ocrx_word' id='word_1_110' title='bbox 994 1474 1182 1537; x_wconf 83' lang='grc' dir='ltr'>αὐτοῖς</span> <span class='ocrx_word' id='word_1_111' title='bbox 1214 1469 1354 1526; x_wconf 74' lang='grc' dir='ltr'>εἶναι</span> <span class='ocrx_word' id='word_1_112' title='bbox 1386 1473 1554 1526; x_wconf 84' lang='grc' dir='ltr'>δοκεῖ.</span> <span class='ocrx_word' id='word_1_113' title='bbox 1586 1471 1752 1524; x_wconf 69' lang='grc' dir='ltr'>Αὐτοὶ</span> <span class='ocrx_word' id='word_1_114' title='bbox 1789 1469 1887 1523; x_wconf 77' lang='grc' dir='ltr'><strong>καὶ</strong></span> <span class='ocrx_word' id='word_1_115' title='bbox 1928 1470 2008 1532; x_wconf 81' lang='grc' dir='ltr'><strong>εἰς</strong></span> 
     </span>
    </p>
   </div>
   <div class='ocr_carea' id='block_1_16' title="bbox 390 1560 2007 1633">
    <p class='ocr_par' dir='ltr' id='par_1_16' title="bbox 390 1560 2007 1633">
     <span class='ocr_line' id='line_1_16' title="bbox 390 1560 2007 1633; baseline -0.004 -14"><span class='ocrx_word' id='word_1_116' title='bbox 390 1567 612 1632; x_wconf 80' lang='grc' dir='ltr'>λίθους,</span> <span class='ocrx_word' id='word_1_117' title='bbox 643 1569 742 1621; x_wconf 78' lang='grc' dir='ltr'>καὶ</span> <span class='ocrx_word' id='word_1_118' title='bbox 770 1568 853 1630; x_wconf 79' lang='grc' dir='ltr'>εἰς</span> <span class='ocrx_word' id='word_1_119' title='bbox 891 1566 1064 1630; x_wconf 79' lang='grc' dir='ltr'>κύνας</span> <span class='ocrx_word' id='word_1_120' title='bbox 1083 1606 1098 1630; x_wconf 95' lang='grc'><strong>,</strong></span> <span class='ocrx_word' id='word_1_121' title='bbox 1131 1564 1321 1618; x_wconf 69' lang='grc' dir='ltr'>πολλοὶ</span> <span class='ocrx_word' id='word_1_122' title='bbox 1348 1564 1417 1617; x_wconf 80' lang='grc' dir='ltr'><strong>’δὲ</strong></span> <span class='ocrx_word' id='word_1_123' title='bbox 1442 1563 1550 1616; x_wconf 89' lang='grc' dir='ltr'>τῶν</span> <span class='ocrx_word' id='word_1_124' title='bbox 1578 1562 1875 1633; x_wconf 87' lang='grc' dir='ltr'>αίρετικῶν</span> <span class='ocrx_word' id='word_1_125' title='bbox 1910 1560 2007 1613; x_wconf 82' lang='grc' dir='ltr'><strong>καὶ</strong></span> 
     </span>
    </p>
   </div>
   <div class='ocr_carea' id='block_1_17' title="bbox 392 1653 2009 1734">
    <p class='ocr_par' dir='ltr' id='par_1_17' title="bbox 392 1653 2009 1734">
     <span class='ocr_line' id='line_1_17' title="bbox 392 1653 2009 1734; baseline -0.007 -19"><span class='ocrx_word' id='word_1_126' title='bbox 392 1665 478 1725; x_wconf 81' lang='grc' dir='ltr'><strong>εἱς</strong></span> <span class='ocrx_word' id='word_1_127' title='bbox 506 1663 674 1734; x_wconf 74' lang='grc' dir='ltr'>ἕτερα</span> <span class='ocrx_word' id='word_1_128' title='bbox 700 1661 909 1714; x_wconf 72' lang='grc' dir='ltr'>τούτων</span> <span class='ocrx_word' id='word_1_129' title='bbox 937 1658 1262 1729; x_wconf 82' lang='grc' dir='ltr'>ἀτιμότερα,</span> <span class='ocrx_word' id='word_1_130' title='bbox 1290 1655 1385 1711; x_wconf 79' lang='grc' dir='ltr'><strong>τοῦ</strong></span> <span class='ocrx_word' id='word_1_131' title='bbox 1416 1655 1552 1709; x_wconf 77' lang='grc' dir='ltr'>Θεοῦ</span> <span class='ocrx_word' id='word_1_132' title='bbox 1578 1655 1879 1723; x_wconf 80' lang='grc' dir='ltr'>κατάγουσι</span> <span class='ocrx_word' id='word_1_133' title='bbox 1911 1653 2009 1724; x_wconf 80' lang='grc' dir='ltr'><strong>τὴν</strong></span> 
     </span>
    </p>
   </div>
   <div class='ocr_carea' id='block_1_18' title="bbox 401 1745 2006 1823">
    <p class='ocr_par' dir='ltr' id='par_1_18' title="bbox 401 1745 2006 1823">
     <span class='ocr_line' id='line_1_18' title="bbox 401 1745 2006 1823; baseline -0.007 -15"><span class='ocrx_word' id='word_1_134' title='bbox 401 1753 826 1823; x_wconf 71' lang='grc' dir='ltr'>ουσίαν.Ἡμεῖς</span> <span class='ocrx_word' id='word_1_135' title='bbox 855 1752 913 1805; x_wconf 79' lang='grc' dir='ltr'><strong>δὲ</strong></span> <span class='ocrx_word' id='word_1_136' title='bbox 942 1751 1151 1805; x_wconf 83' lang='grc' dir='ltr'>τούτων</span> <span class='ocrx_word' id='word_1_137' title='bbox 1175 1750 1328 1804; x_wconf 77' lang='grc' dir='ltr'>οὐδὲν</span> <span class='ocrx_word' id='word_1_138' title='bbox 1361 1748 1474 1803; x_wconf 74' lang='grc' dir='ltr'>οὔτ’</span> <span class='ocrx_word' id='word_1_139' title='bbox 1504 1748 1572 1803; x_wconf 85' lang='grc' dir='ltr'>ἂν</span> <span class='ocrx_word' id='word_1_140' title='bbox 1612 1745 1845 1801; x_wconf 81' lang='grc' dir='ltr'>ἀκοῦσαί</span> <span class='ocrx_word' id='word_1_141' title='bbox 1878 1760 2006 1798; x_wconf 79' lang='grc' dir='ltr'>ποτε</span> 
     </span>
    </p>
   </div>
   <div class='ocr_carea' id='block_1_19' title="bbox 408 1820 2077 1915">
    <p class='ocr_par' dir='ltr' id='par_1_19' title="bbox 408 1820 2077 1915">
     <span class='ocr_line' id='line_1_19' title="bbox 408 1820 2077 1915; baseline -0.005 -17"><span class='ocrx_word' id='word_1_142' title='bbox 408 1820 800 1915; x_wconf 82' lang='grc' dir='ltr'>ἀνασχοίμεθα.</span> <span class='ocrx_word' id='word_1_143' title='bbox 842 1843 1053 1896; x_wconf 84' lang='grc' dir='ltr'>Ἐκεῖνο</span> <span class='ocrx_word' id='word_1_144' title='bbox 1093 1841 1152 1895; x_wconf 79' lang='grc' dir='ltr'><strong>δέ</strong></span> <span class='ocrx_word' id='word_1_145' title='bbox 1182 1857 1385 1912; x_wconf 79' lang='grc' dir='ltr'>φαμεν,</span> <span class='ocrx_word' id='word_1_146' title='bbox 1412 1837 1767 1908; x_wconf 80' lang='grc' dir='ltr'>ὄτικαθαράν</span> <span class='ocrx_word' id='word_1_147' title='bbox 1799 1837 2001 1907; x_wconf 76' lang='grc' dir='ltr'>σάρκα,</span> <span class='ocrx_word' id='word_1_148' title='bbox 2036 1820 2077 1883; x_wconf 71' lang='grc' dir='ltr'><strong>Β</strong></span> 
     </span>
    </p>
   </div>
   <div class='ocr_carea' id='block_1_20' title="bbox 404 1931 2003 2005">
    <p class='ocr_par' dir='ltr' id='par_1_20' title="bbox 404 1931 2003 2005">
     <span class='ocr_line' id='line_1_20' title="bbox 404 1931 2003 2005; baseline -0.007 -14"><span class='ocrx_word' id='word_1_149' title='bbox 404 1937 499 1991; x_wconf 81' lang='grc' dir='ltr'>καὶ</span> <span class='ocrx_word' id='word_1_150' title='bbox 526 1936 716 2003; x_wconf 80' lang='grc' dir='ltr'>ἁγίαν,</span> <span class='ocrx_word' id='word_1_151' title='bbox 741 1936 839 1989; x_wconf 72' lang='grc' dir='ltr'><strong>καὶ</strong></span> <span class='ocrx_word' id='word_1_152' title='bbox 869 1934 1124 2005; x_wconf 81' lang='grc' dir='ltr'><strong>ἄμωμον,</strong></span> <span class='ocrx_word' id='word_1_153' title='bbox 1155 1932 1250 1986; x_wconf 74' lang='grc' dir='ltr'>καὶ</span> <span class='ocrx_word' id='word_1_154' title='bbox 1289 1931 1404 2002; x_wconf 88' lang='lat'><strong>(88)</strong></span> <span class='ocrx_word' id='word_1_155' title='bbox 1434 1932 1687 2003; x_wconf 78' lang='grc' dir='ltr'>ἁμαρτίᾳ</span> <span class='ocrx_word' id='word_1_156' title='bbox 1720 1931 1871 1999; x_wconf 85' lang='grc' dir='ltr'><strong>πάσῃ</strong></span> <span class='ocrx_word' id='word_1_157' title='bbox 1905 1945 2003 1997; x_wconf 86' lang='grc' dir='ltr'>γε·</span> 
     </span>
    </p>
   </div>
   <div class='ocr_carea' id='block_1_21' title="bbox 400 2021 2007 2098">
    <p class='ocr_par' dir='ltr' id='par_1_21' title="bbox 400 2021 2007 2098">
     <span class='ocr_line' id='line_1_21' title="bbox 400 2021 2007 2098; baseline -0.005 -16"><span class='ocrx_word' id='word_1_158' title='bbox 400 2029 638 2098; x_wconf 81' lang='grc' dir='ltr'>νομένην</span> <span class='ocrx_word' id='word_1_159' title='bbox 677 2027 899 2091; x_wconf 75' lang='grc' dir='ltr'>ἄϐατον,</span> <span class='ocrx_word' id='word_1_160' title='bbox 948 2027 1016 2080; x_wconf 79' lang='grc' dir='ltr'><strong>ἐκ</strong></span> <span class='ocrx_word' id='word_1_161' title='bbox 1074 2025 1412 2096; x_wconf 76' lang='grc' dir='ltr'>παρθενικῆς</span> <span class='ocrx_word' id='word_1_162' title='bbox 1468 2025 1685 2095; x_wconf 83' lang='grc' dir='ltr'><strong>μήτρας</strong></span> <span class='ocrx_word' id='word_1_163' title='bbox 1732 2021 1928 2075; x_wconf 74' lang='grc' dir='ltr'>ἔλαϐεν</span> <span class='ocrx_word' id='word_1_164' title='bbox 1978 2022 2007 2074; x_wconf 93' lang='lat'><strong>6</strong></span> 
     </span>
    </p>
   </div>
   <div class='ocr_carea' id='block_1_22' title="bbox 398 2112 2005 2193">
    <p class='ocr_par' dir='ltr' id='par_1_22' title="bbox 398 2112 2005 2193">
     <span class='ocr_line' id='line_1_22' title="bbox 398 2112 2005 2193; baseline -0.005 -19"><span class='ocrx_word' id='word_1_165' title='bbox 398 2121 663 2193; x_wconf 80' lang='grc' dir='ltr'>Χριστὸς,</span> <span class='ocrx_word' id='word_1_166' title='bbox 686 2120 869 2183; x_wconf 67' lang='grc' dir='ltr'>καὶτὸ</span> <span class='ocrx_word' id='word_1_167' title='bbox 900 2120 1102 2173; x_wconf 81' lang='grc' dir='ltr'>οἰκεῖον</span> <span class='ocrx_word' id='word_1_168' title='bbox 1129 2117 1408 2188; x_wconf 82' lang='grc' dir='ltr'>διώρθωσε</span> <span class='ocrx_word' id='word_1_169' title='bbox 1429 2116 1641 2180; x_wconf 75' lang='grc' dir='ltr'>σκεῦος.</span> <span class='ocrx_word' id='word_1_170' title='bbox 1662 2144 1731 2155; x_wconf 90' lang='lat'>-</span> <span class='ocrx_word' id='word_1_171' title='bbox 1748 2114 1859 2168; x_wconf 78' lang='grc' dir='ltr'><strong>Καὶ</strong></span> <span class='ocrx_word' id='word_1_172' title='bbox 1876 2112 2005 2183; x_wconf 85' lang='grc' dir='ltr'>μετ’</span> 
     </span>
    </p>
   </div>
   <div class='ocr_carea' id='block_1_23' title="bbox 395 2205 2006 2282">
    <p class='ocr_par' dir='ltr' id='par_1_23' title="bbox 395 2205 2006 2282">
     <span class='ocr_line' id='line_1_23' title="bbox 395 2205 2006 2282; baseline -0.006 -15"><span class='ocrx_word' id='word_1_173' title='bbox 395 2214 580 2282; x_wconf 65' lang='grc' dir='ltr'>ὀλίγα</span> <span class='ocrx_word' id='word_1_174' title='bbox 599 2231 615 2244; x_wconf 90' lang='grc'><strong>·</strong></span> <span class='ocrx_word' id='word_1_175' title='bbox 645 2213 855 2265; x_wconf 81' lang='grc' dir='ltr'>Ἐκεῖνο</span> <span class='ocrx_word' id='word_1_176' title='bbox 877 2212 935 2264; x_wconf 78' lang='grc' dir='ltr'><strong>δέ</strong></span> <span class='ocrx_word' id='word_1_177' title='bbox 961 2225 1169 2281; x_wconf 82' lang='grc' dir='ltr'>φαμεν,</span> <span class='ocrx_word' id='word_1_178' title='bbox 1200 2209 1282 2263; x_wconf 82' lang='grc' dir='ltr'><strong>ὅτι</strong></span> <span class='ocrx_word' id='word_1_179' title='bbox 1306 2208 1433 2262; x_wconf 80' lang='grc' dir='ltr'>ναὸν</span> <span class='ocrx_word' id='word_1_180' title='bbox 1460 2206 1615 2275; x_wconf 77' lang='grc' dir='ltr'>ἅγιον</span> <span class='ocrx_word' id='word_1_181' title='bbox 1637 2205 1814 2277; x_wconf 78' lang='grc' dir='ltr'>ἐαυτῷ</span> <span class='ocrx_word' id='word_1_182' title='bbox 1837 2222 2006 2258; x_wconf 85' lang='grc' dir='ltr'>κατα-</span> 
     </span>
    </p>
   </div>
   <div class='ocr_carea' id='block_1_24' title="bbox 394 2295 2007 2370">
    <p class='ocr_par' dir='ltr' id='par_1_24' title="bbox 394 2295 2007 2370">
     <span class='ocr_line' id='line_1_24' title="bbox 394 2295 2007 2370; baseline -0.006 -13"><span class='ocrx_word' id='word_1_183' title='bbox 394 2302 686 2366; x_wconf 73' lang='grc' dir='ltr'>σκευάσας</span> <span class='ocrx_word' id='word_1_184' title='bbox 724 2303 754 2355; x_wconf 96' lang='lat'><strong>6</strong></span> <span class='ocrx_word' id='word_1_185' title='bbox 812 2301 947 2365; x_wconf 74' lang='grc' dir='ltr'>Θεὸς</span> <span class='ocrx_word' id='word_1_186' title='bbox 1010 2300 1205 2368; x_wconf 84' lang='grc' dir='ltr'>Λόγος,</span> <span class='ocrx_word' id='word_1_187' title='bbox 1254 2299 1324 2352; x_wconf 85' lang='grc' dir='ltr'><strong>δι’</strong></span> <span class='ocrx_word' id='word_1_188' title='bbox 1372 2300 1583 2353; x_wconf 79' lang='grc' dir='ltr'>ἐκείνου</span> <span class='ocrx_word' id='word_1_189' title='bbox 1627 2298 1726 2370; x_wconf 84' lang='grc' dir='ltr'>τὴν</span> <span class='ocrx_word' id='word_1_190' title='bbox 1780 2300 1844 2351; x_wconf 85' lang='grc' dir='ltr'><strong>ὲκ</strong></span> <span class='ocrx_word' id='word_1_191' title='bbox 1898 2295 2007 2355; x_wconf 85' lang='grc' dir='ltr'>τῶν</span> 
     </span>
    </p>
   </div>
   <div class='ocr_carea' id='block_1_25' title="bbox 393 2389 2006 2468">
    <p class='ocr_par' dir='ltr' id='par_1_25' title="bbox 393 2389 2006 2468">
     <span class='ocr_line' id='line_1_25' title="bbox 393 2389 2006 2468; baseline -0.005 -19"><span class='ocrx_word' id='word_1_192' title='bbox 393 2395 656 2468; x_wconf 83' lang='grc' dir='ltr'>οὐρανῶν</span> <span class='ocrx_word' id='word_1_193' title='bbox 704 2394 992 2447; x_wconf 77' lang='grc' dir='ltr'>πολιτείαν</span> <span class='ocrx_word' id='word_1_194' title='bbox 1027 2395 1109 2457; x_wconf 85' lang='grc' dir='ltr'><strong>είς</strong></span> <span class='ocrx_word' id='word_1_195' title='bbox 1152 2393 1242 2447; x_wconf 84' lang='grc' dir='ltr'>τὸν</span> <span class='ocrx_word' id='word_1_196' title='bbox 1284 2391 1400 2462; x_wconf 86' lang='grc' dir='ltr'>βίον</span> <span class='ocrx_word' id='word_1_197' title='bbox 1431 2392 1697 2460; x_wconf 78' lang='grc' dir='ltr'>εἰσήγαγε</span> <span class='ocrx_word' id='word_1_198' title='bbox 1745 2389 1835 2443; x_wconf 80' lang='grc' dir='ltr'><strong>τὸν</strong></span> <span class='ocrx_word' id='word_1_199' title='bbox 1869 2389 2006 2461; x_wconf 79' lang='grc' dir='ltr'><strong>ἡμέ-</strong></span> 
     </span>
    </p>
   </div>
   <div class='ocr_carea' id='block_1_26' title="bbox 393 2481 2003 2557">
    <p class='ocr_par' dir='ltr' id='par_1_26' title="bbox 393 2481 2003 2557">
     <span class='ocr_line' id='line_1_26' title="bbox 393 2481 2003 2557; baseline -0.002 -16"><span class='ocrx_word' id='word_1_200' title='bbox 393 2504 581 2557; x_wconf 83' lang='grc' dir='ltr'>τερον.</span> <span class='ocrx_word' id='word_1_201' title='bbox 602 2516 675 2528; x_wconf 89' lang='grc'><strong><em>-</em></strong></span> <span class='ocrx_word' id='word_1_202' title='bbox 702 2485 820 2541; x_wconf 83' lang='grc' dir='ltr'><strong>Τοῦ</strong></span> <span class='ocrx_word' id='word_1_203' title='bbox 852 2485 1040 2541; x_wconf 85' lang='grc' dir='ltr'>αὐτοῦ</span> <span class='ocrx_word' id='word_1_204' title='bbox 1068 2484 1188 2539; x_wconf 79' lang='grc' dir='ltr'><strong>ἀπὸ</strong></span> <span class='ocrx_word' id='word_1_205' title='bbox 1213 2484 1317 2539; x_wconf 86' lang='grc' dir='ltr'>τοῦ</span> <span class='ocrx_word' id='word_1_206' title='bbox 1338 2486 1547 2553; x_wconf 75' lang='grc' dir='ltr'>λόγου,</span> <span class='ocrx_word' id='word_1_207' title='bbox 1588 2502 1605 2534; x_wconf 79' lang='grc' dir='ltr'><strong>ι</strong></span> <span class='ocrx_word' id='word_1_208' title='bbox 1636 2483 1769 2537; x_wconf 81' lang='grc' dir='ltr'><strong>’Ὅτι</strong></span> <span class='ocrx_word' id='word_1_209' title='bbox 1785 2482 1858 2537; x_wconf 81' lang='grc' dir='ltr'>τά</span> <span class='ocrx_word' id='word_1_210' title='bbox 1890 2481 2003 2551; x_wconf 87' lang='grc'>(89)</span> 
     </span>
    </p>
   </div>
   <div class='ocr_carea' id='block_1_27' title="bbox 395 2570 2005 2646">
    <p class='ocr_par' dir='ltr' id='par_1_27' title="bbox 395 2570 2005 2646">
     <span class='ocr_line' id='line_1_27' title="bbox 395 2570 2005 2646; baseline -0.005 -14"><span class='ocrx_word' id='word_1_211' title='bbox 395 2575 704 2644; x_wconf 72' lang='grc' dir='ltr'>ταπεινῶς</span> <span class='ocrx_word' id='word_1_212' title='bbox 752 2575 1040 2646; x_wconf 79' lang='grc' dir='ltr'><strong>ειρημένα</strong></span> <span class='ocrx_word' id='word_1_213' title='bbox 1088 2573 1190 2629; x_wconf 79' lang='grc' dir='ltr'><strong>καὶ</strong></span> <span class='ocrx_word' id='word_1_214' title='bbox 1247 2572 1620 2644; x_wconf 73' lang='grc' dir='ltr'><strong>γεγενημένα</strong></span> <span class='ocrx_word' id='word_1_215' title='bbox 1681 2573 1840 2640; x_wconf 78' lang='grc' dir='ltr'><strong>παρὰ</strong></span> <span class='ocrx_word' id='word_1_216' title='bbox 1900 2570 2005 2625; x_wconf 86' lang='grc' dir='ltr'>τοῦ</span> 
     </span>
    </p>
   </div>
   <div class='ocr_carea' id='block_1_28' title="bbox 395 2664 2008 2737">
    <p class='ocr_par' dir='ltr' id='par_1_28' title="bbox 395 2664 2008 2737">
     <span class='ocr_line' id='line_1_28' title="bbox 395 2664 2008 2737; baseline -0.004 -15"><span class='ocrx_word' id='word_1_217' title='bbox 395 2669 690 2737; x_wconf 75' lang='grc' dir='ltr'><strong>Χριστοῦ,</strong></span> <span class='ocrx_word' id='word_1_218' title='bbox 722 2670 796 2722; x_wconf 89' lang='grc' dir='ltr'>οὺ</span> <span class='ocrx_word' id='word_1_219' title='bbox 832 2667 909 2721; x_wconf 83' lang='grc' dir='ltr'><strong>δι’</strong></span> <span class='ocrx_word' id='word_1_220' title='bbox 950 2665 1277 2723; x_wconf 72' lang='grc' dir='ltr'>ἀσθένειαν</span> <span class='ocrx_word' id='word_1_221' title='bbox 1304 2664 1618 2734; x_wconf 81' lang='grc' dir='ltr'>δυνάμεως</span> <span class='ocrx_word' id='word_1_222' title='bbox 1647 2664 1885 2733; x_wconf 82' lang='grc' dir='ltr'>ἐγίνετο</span> <span class='ocrx_word' id='word_1_223' title='bbox 1907 2664 2008 2717; x_wconf 78' lang='grc' dir='ltr'><strong>καὶ</strong></span> 
     </span>
    </p>
   </div>
   <div class='ocr_carea' id='block_1_29' title="bbox 394 2755 2005 2832">
    <p class='ocr_par' dir='ltr' id='par_1_29' title="bbox 394 2755 2005 2832">
     <span class='ocr_line' id='line_1_29' title="bbox 394 2755 2005 2832; baseline -0.004 -17"><span class='ocrx_word' id='word_1_224' title='bbox 394 2762 651 2831; x_wconf 71' lang='grc' dir='ltr'>ἐλέγετο</span> <span class='ocrx_word' id='word_1_225' title='bbox 679 2761 826 2832; x_wconf 81' lang='grc'>(90),</span> <span class='ocrx_word' id='word_1_226' title='bbox 872 2760 1039 2815; x_wconf 70' lang='grc' dir='ltr'>ἀλλὰ</span> <span class='ocrx_word' id='word_1_227' title='bbox 1081 2758 1158 2813; x_wconf 81' lang='grc' dir='ltr'><strong>δι’</strong></span> <span class='ocrx_word' id='word_1_228' title='bbox 1206 2757 1547 2826; x_wconf 68' lang='grc' dir='ltr'><strong>οἰκονομίας</strong></span> <span class='ocrx_word' id='word_1_229' title='bbox 1587 2755 1934 2825; x_wconf 66' lang='grc' dir='ltr'>διαφόρους.</span> <span class='ocrx_word' id='word_1_230' title='bbox 1986 2775 2005 2808; x_wconf 73' lang='grc' dir='ltr'>ι</span> 
     </span>
    </p>
   </div>
   <div class='ocr_carea' id='block_1_30' title="bbox 395 2848 2008 2923">
    <p class='ocr_par' dir='ltr' id='par_1_30' title="bbox 395 2848 2008 2923">
     <span class='ocr_line' id='line_1_30' title="bbox 395 2848 2008 2923; baseline -0.002 -17"><span class='ocrx_word' id='word_1_231' title='bbox 395 2854 566 2916; x_wconf 87' lang='grc' dir='ltr'>Τίνες</span> <span class='ocrx_word' id='word_1_232' title='bbox 586 2848 683 2907; x_wconf 78' lang='grc' dir='ltr'>οὗν</span> <span class='ocrx_word' id='word_1_233' title='bbox 709 2855 846 2906; x_wconf 80' lang='grc' dir='ltr'>εἰσιν</span> <span class='ocrx_word' id='word_1_234' title='bbox 873 2853 931 2906; x_wconf 83' lang='grc' dir='ltr'><strong>αἱ</strong></span> <span class='ocrx_word' id='word_1_235' title='bbox 966 2852 1078 2923; x_wconf 85' lang='lat' dir='ltr'><strong>(9i)</strong></span> <span class='ocrx_word' id='word_1_236' title='bbox 1109 2852 1280 2906; x_wconf 79' lang='grc' dir='ltr'>αἰτίαι</span> <span class='ocrx_word' id='word_1_237' title='bbox 1310 2848 1405 2904; x_wconf 78' lang='grc' dir='ltr'><strong>τοῦ</strong></span> <span class='ocrx_word' id='word_1_238' title='bbox 1436 2851 1668 2904; x_wconf 86' lang='grc' dir='ltr'>ταπεινά</span> <span class='ocrx_word' id='word_1_239' title='bbox 1703 2850 1817 2921; x_wconf 73' lang='lat'><strong>(9:2)</strong></span> <span class='ocrx_word' id='word_1_240' title='bbox 1838 2849 2008 2903; x_wconf 81' lang='grc' dir='ltr'>πολλὰ</span> 
     </span>
    </p>
   </div>
   <div class='ocr_carea' id='block_1_31' title="bbox 398 2939 2010 3012">
    <p class='ocr_par' dir='ltr' id='par_1_31' title="bbox 398 2939 2010 3012">
     <span class='ocr_line' id='line_1_31' title="bbox 398 2939 2010 3012; baseline -0.002 -16"><span class='ocrx_word' id='word_1_241' title='bbox 398 2943 502 2996; x_wconf 76' lang='grc' dir='ltr'><strong>καὶ</strong></span> <span class='ocrx_word' id='word_1_242' title='bbox 530 2942 700 2996; x_wconf 72' lang='grc' dir='ltr'>αὑτὸν</span> <span class='ocrx_word' id='word_1_243' title='bbox 735 2942 829 2995; x_wconf 73' lang='grc' dir='ltr'>καὶ</span> <span class='ocrx_word' id='word_1_244' title='bbox 866 2941 994 3004; x_wconf 80' lang='grc' dir='ltr'>τοὺς</span> <span class='ocrx_word' id='word_1_245' title='bbox 1044 2941 1377 3003; x_wconf 81' lang='grc' dir='ltr'><strong>ἀποστόλους</strong></span> <span class='ocrx_word' id='word_1_246' title='bbox 1411 2940 1699 3012; x_wconf 82' lang='grc' dir='ltr'>εἰρηκέναι</span> <span class='ocrx_word' id='word_1_247' title='bbox 1729 2939 1857 3011; x_wconf 82' lang='grc' dir='ltr'>περὶ</span> <span class='ocrx_word' id='word_1_248' title='bbox 1883 2941 2010 2994; x_wconf 76' lang='grc' dir='ltr'>ἐαυ-</span> 
     </span>
    </p>
   </div>
   <div class='ocr_carea' id='block_1_32' title="bbox 397 3028 2009 3101">
    <p class='ocr_par' dir='ltr' id='par_1_32' title="bbox 397 3028 2009 3101">
     <span class='ocr_line' id='line_1_32' title="bbox 397 3028 2009 3101; baseline -0.001 -17"><span class='ocrx_word' id='word_1_249' title='bbox 397 3030 498 3084; x_wconf 77' lang='grc' dir='ltr'><strong>τοῦ</strong></span> <span class='ocrx_word' id='word_1_250' title='bbox 534 3031 688 3101; x_wconf 47' lang='lat'><strong>(95,2;</strong></span> <span class='ocrx_word' id='word_1_251' title='bbox 741 3029 945 3100; x_wconf 80' lang='grc' dir='ltr'>Πρώτη</span> <span class='ocrx_word' id='word_1_252' title='bbox 996 3029 1096 3099; x_wconf 83' lang='grc' dir='ltr'><strong>μὲν</strong></span> <span class='ocrx_word' id='word_1_253' title='bbox 1135 3029 1248 3099; x_wconf 72' lang='grc'>(94)</span> <span class='ocrx_word' id='word_1_254' title='bbox 1297 3029 1449 3083; x_wconf 76' lang='grc' dir='ltr'>αἰτία</span> <span class='ocrx_word' id='word_1_255' title='bbox 1498 3028 1594 3083; x_wconf 72' lang='grc' dir='ltr'>καὶ</span> <span class='ocrx_word' id='word_1_256' title='bbox 1629 3028 1864 3100; x_wconf 83' lang='grc' dir='ltr'>μεγίστη</span> <span class='ocrx_word' id='word_1_257' title='bbox 1889 3069 1904 3094; x_wconf 91' lang='grc'><strong>,</strong></span> <span class='ocrx_word' id='word_1_258' title='bbox 1947 3030 2009 3082; x_wconf 88' lang='grc' dir='ltr'>τὸ</span> 
     </span>
    </p>
   </div>
   <div class='ocr_carea' id='block_1_33' title="bbox 401 3118 2009 3193">
    <p class='ocr_par' dir='ltr' id='par_1_33' title="bbox 401 3118 2009 3193">
     <span class='ocr_line' id='line_1_33' title="bbox 401 3118 2009 3193; baseline -0.003 -16"><span class='ocrx_word' id='word_1_259' title='bbox 401 3123 593 3193; x_wconf 77' lang='grc' dir='ltr'>σάρκα.</span> <span class='ocrx_word' id='word_1_260' title='bbox 624 3120 1265 3192; x_wconf 63' lang='grc' dir='ltr'><strong>αὑτὺνιπεριϐεϐλῆσθαι,</strong></span> <span class='ocrx_word' id='word_1_261' title='bbox 1286 3120 1380 3173; x_wconf 71' lang='grc' dir='ltr'><strong>καὶ</strong></span> <span class='ocrx_word' id='word_1_262' title='bbox 1409 3118 1700 3191; x_wconf 81' lang='grc' dir='ltr'>βούλεσθαι</span> <span class='ocrx_word' id='word_1_263' title='bbox 1758 3121 1853 3173; x_wconf 72' lang='grc' dir='ltr'>καὶ</span> <span class='ocrx_word' id='word_1_264' title='bbox 1882 3121 2009 3183; x_wconf 85' lang='grc' dir='ltr'>τοὺς</span> 
     </span>
    </p>
   </div>
   <div class='ocr_carea' id='block_1_34' title="bbox 398 3212 2008 3285">
    <p class='ocr_par' dir='ltr' id='par_1_34' title="bbox 398 3212 2008 3285">
     <span class='ocr_line' id='line_1_34' title="bbox 398 3212 2008 3285; baseline -0.001 -16"><span class='ocrx_word' id='word_1_265' title='bbox 398 3216 528 3269; x_wconf 85' lang='grc' dir='ltr'>τότε</span> <span class='ocrx_word' id='word_1_266' title='bbox 559 3213 811 3277; x_wconf 74' lang='grc' dir='ltr'>καὶτοὺς</span> <span class='ocrx_word' id='word_1_267' title='bbox 845 3213 989 3285; x_wconf 86' lang='grc' dir='ltr'><strong>μετά</strong></span> <span class='ocrx_word' id='word_1_268' title='bbox 1022 3213 1199 3268; x_wconf 82' lang='grc' dir='ltr'>ταῦτα</span> <span class='ocrx_word' id='word_1_269' title='bbox 1240 3212 1622 3267; x_wconf 77' lang='grc' dir='ltr'><strong>πιστώσασθαι</strong></span> <span class='ocrx_word' id='word_1_270' title='bbox 1656 3212 1886 3277; x_wconf 77' lang='grc' dir='ltr'><strong>πάντας,</strong></span> <span class='ocrx_word' id='word_1_271' title='bbox 1926 3215 2008 3267; x_wconf 81' lang='grc' dir='ltr'>ὅτι</span> 
     </span>
    </p>
   </div>
   <div class='ocr_carea' id='block_1_35' title="bbox 401 3305 2005 3377">
    <p class='ocr_par' dir='ltr' id='par_1_35' title="bbox 401 3305 2005 3377">
     <span class='ocr_line' id='line_1_35' title="bbox 401 3305 2005 3377; baseline -0.004 -13"><span class='ocrx_word' id='word_1_272' title='bbox 401 3308 467 3364; x_wconf 84' lang='grc' dir='ltr'>οὐ</span> <span class='ocrx_word' id='word_1_273' title='bbox 510 3310 648 3362; x_wconf 85' lang='grc' dir='ltr'>σκιά</span> <span class='ocrx_word' id='word_1_274' title='bbox 673 3307 759 3370; x_wconf 86' lang='grc' dir='ltr'><strong>τίς</strong></span> <span class='ocrx_word' id='word_1_275' title='bbox 800 3308 974 3370; x_wconf 77' lang='grc' dir='ltr'>ἐστιν,</span> <span class='ocrx_word' id='word_1_276' title='bbox 1011 3306 1136 3360; x_wconf 81' lang='grc' dir='ltr'>οὐδὲ</span> <span class='ocrx_word' id='word_1_277' title='bbox 1176 3307 1363 3377; x_wconf 77' lang='grc' dir='ltr'>σχῆμα</span> <span class='ocrx_word' id='word_1_278' title='bbox 1392 3305 1583 3370; x_wconf 86' lang='grc' dir='ltr'>ἁπλῶς</span> <span class='ocrx_word' id='word_1_279' title='bbox 1617 3306 1678 3358; x_wconf 85' lang='grc' dir='ltr'>τὸ</span> <span class='ocrx_word' id='word_1_280' title='bbox 1705 3305 2005 3376; x_wconf 87' lang='grc' dir='ltr'>ὁρώμενον,</span> 
     </span>
    </p>
   </div>
   <div class='ocr_carea' id='block_1_36' title="bbox 2104 551 3696 631">
    <p class='ocr_par' dir='ltr' id='par_1_36' title="bbox 2104 551 3696 631">
     <span class='ocr_line' id='line_1_36' title="bbox 2104 551 3696 631; baseline 0.008 -24"><span class='ocrx_word' id='word_1_281' title='bbox 2104 551 2397 620; x_wconf 88' lang='lat' dir='ltr'><strong>inducunt,</strong></span> <span class='ocrx_word' id='word_1_282' title='bbox 2424 561 2482 610; x_wconf 86' lang='lat' dir='ltr'><strong>et</strong></span> <span class='ocrx_word' id='word_1_283' title='bbox 2502 562 2764 625; x_wconf 80' lang='lat' dir='ltr'><strong>tanquam</strong></span> <span class='ocrx_word' id='word_1_284' title='bbox 2786 556 2843 612; x_wconf 91' lang='lat' dir='ltr'><strong>in</strong></span> <span class='ocrx_word' id='word_1_285' title='bbox 2867 573 3094 615; x_wconf 80' lang='lat' dir='ltr'><strong>carcere</strong></span> <span class='ocrx_word' id='word_1_286' title='bbox 3115 560 3359 631; x_wconf 88' lang='lat' dir='ltr'><strong>quodam</strong></span> <span class='ocrx_word' id='word_1_287' title='bbox 3383 562 3696 631; x_wconf 73' lang='lat' dir='ltr'><strong>includunt,</strong></span> 
     </span>
    </p>
   </div>
   <div class='ocr_carea' id='block_1_37' title="bbox 2104 644 3697 716">
    <p class='ocr_par' dir='ltr' id='par_1_37' title="bbox 2104 644 3697 716">
     <span class='ocr_line' id='line_1_37' title="bbox 2104 644 3697 716; baseline 0.009 -18"><span class='ocrx_word' id='word_1_288' title='bbox 2104 644 2244 699; x_wconf 87' lang='lat' dir='ltr'><strong>nihil</strong></span> <span class='ocrx_word' id='word_1_289' title='bbox 2273 655 2435 716; x_wconf 80' lang='lat' dir='ltr'><strong>turpe</strong></span> <span class='ocrx_word' id='word_1_290' title='bbox 2467 647 2727 704; x_wconf 89' lang='lat' dir='ltr'><strong>arbitrari</strong></span> <span class='ocrx_word' id='word_1_291' title='bbox 2764 665 2823 705; x_wconf 88' lang='lat' dir='ltr'><strong>se</strong></span> <span class='ocrx_word' id='word_1_292' title='bbox 2853 650 3034 707; x_wconf 78' lang='lat' dir='ltr'><strong>facere</strong></span> <span class='ocrx_word' id='word_1_293' title='bbox 3059 663 3158 708; x_wconf 90' lang='lat' dir='ltr'><strong>aut</strong></span> <span class='ocrx_word' id='word_1_294' title='bbox 3186 654 3373 710; x_wconf 85' lang='lat' dir='ltr'><strong>dicere</strong></span> <span class='ocrx_word' id='word_1_295' title='bbox 3399 672 3413 708; x_wconf 89' lang='lat'><strong>:</strong></span> <span class='ocrx_word' id='word_1_296' title='bbox 3441 670 3541 710; x_wconf 92' lang='lat' dir='ltr'><strong>nos</strong></span> <span class='ocrx_word' id='word_1_297' title='bbox 3564 672 3697 712; x_wconf 86' lang='lat' dir='ltr'><strong>vero</strong></span> 
     </span>
    </p>
   </div>
   <div class='ocr_carea' id='block_1_38' title="bbox 2105 737 3696 817">
    <p class='ocr_par' dir='ltr' id='par_1_38' title="bbox 2105 737 3696 817">
     <span class='ocr_line' id='line_1_38' title="bbox 2105 737 3696 817; baseline 0.007 -26"><span class='ocrx_word' id='word_1_298' title='bbox 2105 737 2542 807; x_wconf 79' lang='lat' dir='ltr'><strong>reprehendere,</strong></span> <span class='ocrx_word' id='word_1_299' title='bbox 2577 741 2727 811; x_wconf 90' lang='lat' dir='ltr'><strong>quod</strong></span> <span class='ocrx_word' id='word_1_300' title='bbox 2779 742 3032 801; x_wconf 80' lang='lat' dir='ltr'><strong>dicamus</strong></span> <span class='ocrx_word' id='word_1_301' title='bbox 3071 747 3269 811; x_wconf 89' lang='lat' dir='ltr'><strong>Deum,</strong></span> <span class='ocrx_word' id='word_1_302' title='bbox 3319 748 3524 817; x_wconf 89' lang='lat' dir='ltr'><strong>templo</strong></span> <span class='ocrx_word' id='word_1_303' title='bbox 3568 749 3696 802; x_wconf 89' lang='lat' dir='ltr'><strong>vivo</strong></span> 
     </span>
    </p>
   </div>
   <div class='ocr_carea' id='block_1_39' title="bbox 2106 830 3696 910">
    <p class='ocr_par' dir='ltr' id='par_1_39' title="bbox 2106 830 3696 910">
     <span class='ocr_line' id='line_1_39' title="bbox 2106 830 3696 910; baseline 0.006 -25"><span class='ocrx_word' id='word_1_304' title='bbox 2106 830 2212 885; x_wconf 86' lang='lat' dir='ltr'><strong>sibi</strong></span> <span class='ocrx_word' id='word_1_305' title='bbox 2240 831 2343 902; x_wconf 87' lang='lat' dir='ltr'><strong>ipsi</strong></span> <span class='ocrx_word' id='word_1_306' title='bbox 2373 832 2487 904; x_wconf 77' lang='lat'><strong>68</strong></span> <span class='ocrx_word' id='word_1_307' title='bbox 2508 848 2608 903; x_wconf 93' lang='lat' dir='ltr'><strong>per</strong></span> <span class='ocrx_word' id='word_1_308' title='bbox 2630 833 2897 904; x_wconf 75' lang='lat' dir='ltr'><strong>Spiritum</strong></span> <span class='ocrx_word' id='word_1_309' title='bbox 2919 846 3173 893; x_wconf 83' lang='lat' dir='ltr'><strong>sanctum</strong></span> <span class='ocrx_word' id='word_1_310' title='bbox 3197 847 3502 905; x_wconf 83' lang='lat' dir='ltr'><strong>exstructo,</strong></span> <span class='ocrx_word' id='word_1_311' title='bbox 3531 857 3696 910; x_wconf 89' lang='lat' dir='ltr'><strong>opem</strong></span> 
     </span>
    </p>
   </div>
   <div class='ocr_carea' id='block_1_40' title="bbox 2038 924 3689 1003">
    <p class='ocr_par' dir='ltr' id='par_1_40' title="bbox 2038 924 3689 1003">
     <span class='ocr_line' id='line_1_40' title="bbox 2038 924 3689 1003; baseline 0.005 -25"><span class='ocrx_word' id='word_1_312' title='bbox 2038 982 2053 993; x_wconf 36' lang='grc' dir='ltr'><strong>κ</strong></span> <span class='ocrx_word' id='word_1_313' title='bbox 2105 924 2315 980; x_wconf 89' lang='lat' dir='ltr'><strong>mundo</strong></span> <span class='ocrx_word' id='word_1_314' title='bbox 2343 941 2445 996; x_wconf 71' lang='lat' dir='ltr'><strong>per</strong></span> <span class='ocrx_word' id='word_1_315' title='bbox 2463 926 2602 983; x_wconf 89' lang='lat' dir='ltr'><strong>illud</strong></span> <span class='ocrx_word' id='word_1_316' title='bbox 2627 928 2915 984; x_wconf 82' lang='lat' dir='ltr'><strong>attulisse?</strong></span> <span class='ocrx_word' id='word_1_317' title='bbox 2939 930 2997 985; x_wconf 91' lang='lat' dir='ltr'><strong>Si</strong></span> <span class='ocrx_word' id='word_1_318' title='bbox 3016 932 3164 985; x_wconf 89' lang='lat' dir='ltr'><strong>enim</strong></span> <span class='ocrx_word' id='word_1_319' title='bbox 3193 940 3355 1003; x_wconf 88' lang='lat' dir='ltr'><strong>turpe</strong></span> <span class='ocrx_word' id='word_1_320' title='bbox 3378 942 3464 988; x_wconf 91' lang='lat' dir='ltr'><strong>est</strong></span> <span class='ocrx_word' id='word_1_321' title='bbox 3492 933 3547 988; x_wconf 89' lang='lat' dir='ltr'><strong>in</strong></span> <span class='ocrx_word' id='word_1_322' title='bbox 3582 935 3689 987; x_wconf 89' lang='lat' dir='ltr'><strong>hu-</strong></span> 
     </span>
    </p>
   </div>
   <div class='ocr_carea' id='block_1_41' title="bbox 2106 1020 3688 1095">
    <p class='ocr_par' dir='ltr' id='par_1_41' title="bbox 2106 1020 3688 1095">
     <span class='ocr_line' id='line_1_41' title="bbox 2106 1020 3688 1095; baseline 0.008 -25"><span class='ocrx_word' id='word_1_323' title='bbox 2106 1031 2273 1071; x_wconf 92' lang='lat' dir='ltr'><strong>mano</strong></span> <span class='ocrx_word' id='word_1_324' title='bbox 2313 1032 2550 1088; x_wconf 89' lang='lat' dir='ltr'><strong>corpore</strong></span> <span class='ocrx_word' id='word_1_325' title='bbox 2602 1020 2777 1075; x_wconf 91' lang='lat' dir='ltr'><strong>Deum</strong></span> <span class='ocrx_word' id='word_1_326' title='bbox 2816 1022 3090 1088; x_wconf 84' lang='lat' dir='ltr'><strong>habitare,</strong></span> <span class='ocrx_word' id='word_1_327' title='bbox 3124 1025 3299 1079; x_wconf 89' lang='lat' dir='ltr'><strong>multo</strong></span> <span class='ocrx_word' id='word_1_328' title='bbox 3322 1028 3494 1095; x_wconf 75' lang='lat' dir='ltr'><strong>magis</strong></span> <span class='ocrx_word' id='word_1_329' title='bbox 3518 1027 3574 1081; x_wconf 88' lang='lat' dir='ltr'><strong>in</strong></span> <span class='ocrx_word' id='word_1_330' title='bbox 3603 1028 3688 1082; x_wconf 87' lang='lat' dir='ltr'><strong>la-</strong></span> 
     </span>
    </p>
   </div>
   <div class='ocr_carea' id='block_1_42' title="bbox 2106 1103 3692 1184">
    <p class='ocr_par' dir='ltr' id='par_1_42' title="bbox 2106 1103 3692 1184">
     <span class='ocr_line' id='line_1_42' title="bbox 2106 1103 3692 1184; baseline 0.009 -26"><span class='ocrx_word' id='word_1_331' title='bbox 2106 1103 2235 1175; x_wconf 85' lang='lat' dir='ltr'><strong>pide</strong></span> <span class='ocrx_word' id='word_1_332' title='bbox 2260 1106 2501 1177; x_wconf 88' lang='lat' dir='ltr'><strong>etligno,</strong></span> <span class='ocrx_word' id='word_1_333' title='bbox 2529 1118 2738 1179; x_wconf 87' lang='lat' dir='ltr'><strong>quanto</strong></span> <span class='ocrx_word' id='word_1_334' title='bbox 2762 1112 2904 1182; x_wconf 87' lang='lat' dir='ltr'><strong>lapis</strong></span> <span class='ocrx_word' id='word_1_335' title='bbox 2929 1122 2985 1167; x_wconf 88' lang='lat' dir='ltr'><strong>et</strong></span> <span class='ocrx_word' id='word_1_336' title='bbox 3006 1113 3217 1184; x_wconf 84' lang='lat' dir='ltr'><strong>lignum</strong></span> <span class='ocrx_word' id='word_1_337' title='bbox 3244 1116 3470 1171; x_wconf 84' lang='lat' dir='ltr'><strong>homine</strong></span> <span class='ocrx_word' id='word_1_338' title='bbox 3493 1119 3692 1173; x_wconf 77' lang='lat' dir='ltr'><strong>viliora</strong></span> 
     </span>
    </p>
   </div>
   <div class='ocr_carea' id='block_1_43' title="bbox 2107 1199 3697 1278">
    <p class='ocr_par' dir='ltr' id='par_1_43' title="bbox 2107 1199 3697 1278">
     <span class='ocr_line' id='line_1_43' title="bbox 2107 1199 3697 1278; baseline 0.009 -26"><span class='ocrx_word' id='word_1_339' title='bbox 2107 1207 2255 1253; x_wconf 91' lang='lat' dir='ltr'><strong>sunt.</strong></span> <span class='ocrx_word' id='word_1_340' title='bbox 2283 1199 2399 1255; x_wconf 88' lang='lat' dir='ltr'><strong>Nisi</strong></span> <span class='ocrx_word' id='word_1_341' title='bbox 2421 1200 2565 1256; x_wconf 81' lang='lat' dir='ltr'><strong>forte</strong></span> <span class='ocrx_word' id='word_1_342' title='bbox 2587 1202 2673 1257; x_wconf 89' lang='lat' dir='ltr'><strong>his</strong></span> <span class='ocrx_word' id='word_1_343' title='bbox 2694 1204 2860 1259; x_wconf 89' lang='lat' dir='ltr'><strong>etiam</strong></span> <span class='ocrx_word' id='word_1_344' title='bbox 2888 1205 3054 1260; x_wconf 88' lang='lat' dir='ltr'><strong>rebus</strong></span> <span class='ocrx_word' id='word_1_345' title='bbox 3078 1206 3233 1261; x_wconf 90' lang='lat' dir='ltr'><strong>nullo</strong></span> <span class='ocrx_word' id='word_1_346' title='bbox 3259 1222 3423 1263; x_wconf 87' lang='lat' dir='ltr'><strong>sensu</strong></span> <span class='ocrx_word' id='word_1_347' title='bbox 3448 1211 3697 1278; x_wconf 68' lang='lat' dir='ltr'><strong>praeditis</strong></span> 
     </span>
    </p>
   </div>
   <div class='ocr_carea' id='block_1_44' title="bbox 2107 1287 3698 1367">
    <p class='ocr_par' dir='ltr' id='par_1_44' title="bbox 2107 1287 3698 1367">
     <span class='ocr_line' id='line_1_44' title="bbox 2107 1287 3698 1367; baseline 0.008 -24"><span class='ocrx_word' id='word_1_348' title='bbox 2107 1287 2381 1360; x_wconf 88' lang='lat' dir='ltr'><strong>abjectius</strong></span> <span class='ocrx_word' id='word_1_349' title='bbox 2408 1306 2584 1362; x_wconf 81' lang='lat' dir='ltr'><strong>genus</strong></span> <span class='ocrx_word' id='word_1_350' title='bbox 2612 1303 2864 1348; x_wconf 90' lang='lat' dir='ltr'><strong>nostrum</strong></span> <span class='ocrx_word' id='word_1_351' title='bbox 2900 1295 3036 1364; x_wconf 86' lang='lat' dir='ltr'><strong>ipsis</strong></span> <span class='ocrx_word' id='word_1_352' title='bbox 3058 1295 3299 1351; x_wconf 89' lang='lat' dir='ltr'><strong>videtur.</strong></span> <span class='ocrx_word' id='word_1_353' title='bbox 3334 1297 3442 1367; x_wconf 85' lang='lat' dir='ltr'><strong>Ipsi</strong></span> <span class='ocrx_word' id='word_1_354' title='bbox 3467 1308 3521 1353; x_wconf 94' lang='lat' dir='ltr'><strong>et</strong></span> <span class='ocrx_word' id='word_1_355' title='bbox 3544 1298 3597 1353; x_wconf 89' lang='lat' dir='ltr'><strong>in</strong></span> <span class='ocrx_word' id='word_1_356' title='bbox 3620 1300 3698 1355; x_wconf 88' lang='lat' dir='ltr'><strong>la-</strong></span> 
     </span>
    </p>
   </div>
   <div class='ocr_carea' id='block_1_45' title="bbox 2107 1381 3697 1451">
    <p class='ocr_par' dir='ltr' id='par_1_45' title="bbox 2107 1381 3697 1451">
     <span class='ocr_line' id='line_1_45' title="bbox 2107 1381 3697 1451; baseline 0.007 -16"><span class='ocrx_word' id='word_1_357' title='bbox 2107 1381 2286 1451; x_wconf 91' lang='lat' dir='ltr'><strong>pides,</strong></span> <span class='ocrx_word' id='word_1_358' title='bbox 2317 1391 2375 1438; x_wconf 90' lang='lat' dir='ltr'><strong>et</strong></span> <span class='ocrx_word' id='word_1_359' title='bbox 2408 1384 2466 1438; x_wconf 88' lang='lat' dir='ltr'><strong>in</strong></span> <span class='ocrx_word' id='word_1_360' title='bbox 2495 1400 2681 1451; x_wconf 88' lang='lat' dir='ltr'><strong>canes,</strong></span> <span class='ocrx_word' id='word_1_361' title='bbox 2714 1387 2874 1442; x_wconf 91' lang='lat' dir='ltr'><strong>multi</strong></span> <span class='ocrx_word' id='word_1_362' title='bbox 2904 1389 3074 1444; x_wconf 89' lang='lat' dir='ltr'><strong>etiam</strong></span> <span class='ocrx_word' id='word_1_363' title='bbox 3108 1388 3356 1445; x_wconf 68' lang='lat' dir='ltr'><strong>haeretici</strong></span> <span class='ocrx_word' id='word_1_364' title='bbox 3393 1390 3449 1444; x_wconf 91' lang='lat' dir='ltr'><strong>in</strong></span> <span class='ocrx_word' id='word_1_365' title='bbox 3477 1392 3581 1445; x_wconf 92' lang='lat' dir='ltr'><strong>alia</strong></span> <span class='ocrx_word' id='word_1_366' title='bbox 3608 1392 3697 1446; x_wconf 85' lang='lat' dir='ltr'><strong>his</strong></span> 
     </span>
    </p>
   </div>
   <div class='ocr_carea' id='block_1_46' title="bbox 2108 1474 3702 1537">
    <p class='ocr_par' dir='ltr' id='par_1_46' title="bbox 2108 1474 3702 1537">
     <span class='ocr_line' id='line_1_46' title="bbox 2108 1474 3702 1537; baseline 0.005 -8"><span class='ocrx_word' id='word_1_367' title='bbox 2108 1474 2343 1531; x_wconf 67' lang='lat' dir='ltr'><strong>foediora</strong></span> <span class='ocrx_word' id='word_1_368' title='bbox 2390 1477 2490 1532; x_wconf 88' lang='lat' dir='ltr'><strong>Dei</strong></span> <span class='ocrx_word' id='word_1_369' title='bbox 2531 1478 2895 1534; x_wconf 87' lang='lat' dir='ltr'><strong>substantiam</strong></span> <span class='ocrx_word' id='word_1_370' title='bbox 2926 1481 3229 1536; x_wconf 89' lang='lat' dir='ltr'><strong>deducunt.</strong></span> <span class='ocrx_word' id='word_1_371' title='bbox 3268 1483 3378 1537; x_wconf 85' lang='lat' dir='ltr'><strong>Nos</strong></span> <span class='ocrx_word' id='word_1_372' title='bbox 3402 1499 3536 1537; x_wconf 87' lang='lat' dir='ltr'><strong>vero</strong></span> <span class='ocrx_word' id='word_1_373' title='bbox 3568 1484 3702 1537; x_wconf 77' lang='lat' dir='ltr'><strong>talia</strong></span> 
     </span>
    </p>
   </div>
   <div class='ocr_carea' id='block_1_47' title="bbox 2107 1569 3695 1641">
    <p class='ocr_par' dir='ltr' id='par_1_47' title="bbox 2107 1569 3695 1641">
     <span class='ocr_line' id='line_1_47' title="bbox 2107 1569 3695 1641; baseline 0.004 -20"><span class='ocrx_word' id='word_1_374' title='bbox 2107 1582 2179 1622; x_wconf 92' lang='lat' dir='ltr'><strong>ne</strong></span> <span class='ocrx_word' id='word_1_375' title='bbox 2203 1569 2399 1623; x_wconf 89' lang='lat' dir='ltr'><strong>audire</strong></span> <span class='ocrx_word' id='word_1_376' title='bbox 2426 1569 2652 1639; x_wconf 88' lang='lat' dir='ltr'><strong>quidem</strong></span> <span class='ocrx_word' id='word_1_377' title='bbox 2699 1587 3014 1641; x_wconf 87' lang='lat' dir='ltr'><strong>possumus.</strong></span> <span class='ocrx_word' id='word_1_378' title='bbox 3054 1574 3193 1629; x_wconf 92' lang='lat' dir='ltr'><strong>Illud</strong></span> <span class='ocrx_word' id='word_1_379' title='bbox 3222 1585 3407 1629; x_wconf 89' lang='lat' dir='ltr'><strong>autem</strong></span> <span class='ocrx_word' id='word_1_380' title='bbox 3433 1574 3695 1640; x_wconf 88' lang='lat' dir='ltr'><strong>dicimus,</strong></span> 
     </span>
    </p>
   </div>
   <div class='ocr_carea' id='block_1_48' title="bbox 2109 1660 3695 1732">
    <p class='ocr_par' dir='ltr' id='par_1_48' title="bbox 2109 1660 3695 1732">
     <span class='ocr_line' id='line_1_48' title="bbox 2109 1660 3695 1732; baseline 0.005 -19"><span class='ocrx_word' id='word_1_381' title='bbox 2109 1660 2256 1730; x_wconf 92' lang='lat' dir='ltr'><strong>quod</strong></span> <span class='ocrx_word' id='word_1_382' title='bbox 2281 1661 2543 1715; x_wconf 91' lang='lat' dir='ltr'><strong>mundam</strong></span> <span class='ocrx_word' id='word_1_383' title='bbox 2570 1678 2815 1729; x_wconf 87' lang='lat' dir='ltr'><strong>carnem,</strong></span> <span class='ocrx_word' id='word_1_384' title='bbox 2840 1673 2896 1720; x_wconf 90' lang='lat' dir='ltr'><strong>ct</strong></span> <span class='ocrx_word' id='word_1_385' title='bbox 2915 1675 3160 1721; x_wconf 89' lang='lat' dir='ltr'><strong>sanctam</strong></span> <span class='ocrx_word' id='word_1_386' title='bbox 3182 1675 3237 1721; x_wconf 82' lang='lat' dir='ltr'><strong>et</strong></span> <span class='ocrx_word' id='word_1_387' title='bbox 3262 1667 3695 1732; x_wconf 78' lang='lat' dir='ltr'><strong>immaculatam,</strong></span> 
     </span>
    </p>
   </div>
   <div class='ocr_carea' id='block_1_49' title="bbox 2110 1749 3697 1827">
    <p class='ocr_par' dir='ltr' id='par_1_49' title="bbox 2110 1749 3697 1827">
     <span class='ocr_line' id='line_1_49' title="bbox 2110 1749 3697 1827; baseline 0.006 -25"><span class='ocrx_word' id='word_1_388' title='bbox 2110 1757 2165 1803; x_wconf 89' lang='lat' dir='ltr'><strong>et</strong></span> <span class='ocrx_word' id='word_1_389' title='bbox 2194 1749 2376 1803; x_wconf 90' lang='lat' dir='ltr'><strong>omnis</strong></span> <span class='ocrx_word' id='word_1_390' title='bbox 2405 1751 2618 1820; x_wconf 84' lang='lat' dir='ltr'><strong>peccati</strong></span> <span class='ocrx_word' id='word_1_391' title='bbox 2647 1761 2934 1823; x_wconf 78' lang='lat' dir='ltr'><strong>expertem</strong></span> <span class='ocrx_word' id='word_1_392' title='bbox 2962 1796 2976 1820; x_wconf 95' lang='lat'><strong>,</strong></span> <span class='ocrx_word' id='word_1_393' title='bbox 3030 1771 3098 1810; x_wconf 76' lang='lat' dir='ltr'><strong>ex</strong></span> <span class='ocrx_word' id='word_1_394' title='bbox 3125 1756 3379 1827; x_wconf 76' lang='lat' dir='ltr'><strong>virginali</strong></span> <span class='ocrx_word' id='word_1_395' title='bbox 3413 1765 3571 1811; x_wconf 88' lang='lat' dir='ltr'><strong>utero</strong></span> <span class='ocrx_word' id='word_1_396' title='bbox 3608 1772 3697 1811; x_wconf 82' lang='lat' dir='ltr'><strong>as—</strong></span> 
     </span>
    </p>
   </div>
   <div class='ocr_carea' id='block_1_50' title="bbox 2108 1843 3699 1917">
    <p class='ocr_par' dir='ltr' id='par_1_50' title="bbox 2108 1843 3699 1917">
     <span class='ocr_line' id='line_1_50' title="bbox 2108 1843 3699 1917; baseline 0.003 -21"><span class='ocrx_word' id='word_1_397' title='bbox 2108 1843 2405 1911; x_wconf 88' lang='lat' dir='ltr'><strong>sumpserit</strong></span> <span class='ocrx_word' id='word_1_398' title='bbox 2435 1843 2718 1909; x_wconf 86' lang='lat' dir='ltr'><strong>Christus,</strong></span> <span class='ocrx_word' id='word_1_399' title='bbox 2749 1853 2805 1900; x_wconf 89' lang='lat' dir='ltr'><strong>et</strong></span> <span class='ocrx_word' id='word_1_400' title='bbox 2835 1846 3120 1917; x_wconf 88' lang='lat' dir='ltr'><strong>proprium</strong></span> <span class='ocrx_word' id='word_1_401' title='bbox 3156 1863 3252 1902; x_wconf 81' lang='lat' dir='ltr'><strong>vas</strong></span> <span class='ocrx_word' id='word_1_402' title='bbox 3279 1846 3593 1917; x_wconf 85' lang='lat' dir='ltr'><strong>perfecerit.</strong></span> <span class='ocrx_word' id='word_1_403' title='bbox 3628 1877 3699 1886; x_wconf 91' lang='lat'><strong>—</strong></span> 
     </span>
    </p>
   </div>
   <div class='ocr_carea' id='block_1_51' title="bbox 2109 1926 3699 2007">
    <p class='ocr_par' dir='ltr' id='par_1_51' title="bbox 2109 1926 3699 2007">
     <span class='ocr_line' id='line_1_51' title="bbox 2109 1926 3699 2007; baseline 0.003 -21"><span class='ocrx_word' id='word_1_404' title='bbox 2109 1931 2180 1986; x_wconf 84' lang='lat' dir='ltr'><strong>Et</strong></span> <span class='ocrx_word' id='word_1_405' title='bbox 2209 1943 2324 2004; x_wconf 79' lang='lat' dir='ltr'><strong>post</strong></span> <span class='ocrx_word' id='word_1_406' title='bbox 2349 1952 2541 2005; x_wconf 82' lang='lat' dir='ltr'><strong>pauca.</strong></span> <span class='ocrx_word' id='word_1_407' title='bbox 2570 1936 2709 1991; x_wconf 85' lang='lat' dir='ltr'><strong>Illud</strong></span> <span class='ocrx_word' id='word_1_408' title='bbox 2735 1944 2920 1992; x_wconf 87' lang='lat' dir='ltr'><strong>autem</strong></span> <span class='ocrx_word' id='word_1_409' title='bbox 2943 1936 3201 2001; x_wconf 85' lang='lat' dir='ltr'><strong>dicimus,</strong></span> <span class='ocrx_word' id='word_1_410' title='bbox 3236 1926 3536 2007; x_wconf 81' lang='lat' dir='ltr'><strong>quodcum</strong></span> <span class='ocrx_word' id='word_1_411' title='bbox 3564 1946 3699 1991; x_wconf 83' lang='lat' dir='ltr'><strong>tem-</strong></span> 
     </span>
    </p>
   </div>
   <div class='ocr_carea' id='block_1_52' title="bbox 2110 2024 3697 2097">
    <p class='ocr_par' dir='ltr' id='par_1_52' title="bbox 2110 2024 3697 2097">
     <span class='ocr_line' id='line_1_52' title="bbox 2110 2024 3697 2097; baseline 0.003 -20"><span class='ocrx_word' id='word_1_412' title='bbox 2110 2024 2259 2094; x_wconf 91' lang='lat' dir='ltr'><strong>plum</strong></span> <span class='ocrx_word' id='word_1_413' title='bbox 2285 2035 2537 2081; x_wconf 87' lang='lat' dir='ltr'><strong>sanctum</strong></span> <span class='ocrx_word' id='word_1_414' title='bbox 2572 2027 2678 2081; x_wconf 90' lang='lat' dir='ltr'><strong>sibi</strong></span> <span class='ocrx_word' id='word_1_415' title='bbox 2703 2028 2849 2083; x_wconf 88' lang='lat' dir='ltr'><strong>Deus</strong></span> <span class='ocrx_word' id='word_1_416' title='bbox 2874 2029 3117 2084; x_wconf 84' lang='lat' dir='ltr'><strong>Verbum</strong></span> <span class='ocrx_word' id='word_1_417' title='bbox 3150 2029 3569 2091; x_wconf 74' lang='lat' dir='ltr'><strong>construxisset,</strong></span> <span class='ocrx_word' id='word_1_418' title='bbox 3599 2044 3697 2097; x_wconf 91' lang='lat' dir='ltr'><strong>per</strong></span> 
     </span>
    </p>
   </div>
   <div class='ocr_carea' id='block_1_53' title="bbox 2110 2113 3696 2189">
    <p class='ocr_par' dir='ltr' id='par_1_53' title="bbox 2110 2113 3696 2189">
     <span class='ocr_line' id='line_1_53' title="bbox 2110 2113 3696 2189; baseline 0.003 -20"><span class='ocrx_word' id='word_1_419' title='bbox 2110 2113 2245 2170; x_wconf 88' lang='lat' dir='ltr'><strong>illud</strong></span> <span class='ocrx_word' id='word_1_420' title='bbox 2266 2117 2548 2186; x_wconf 65' lang='lat' dir='ltr'><strong>coelestem</strong></span> <span class='ocrx_word' id='word_1_421' title='bbox 2570 2118 2815 2188; x_wconf 88' lang='lat' dir='ltr'><strong>politiam</strong></span> <span class='ocrx_word' id='word_1_422' title='bbox 2834 2119 2899 2173; x_wconf 87' lang='lat' dir='ltr'><strong>ad</strong></span> <span class='ocrx_word' id='word_1_423' title='bbox 2926 2134 3026 2174; x_wconf 89' lang='lat' dir='ltr'><strong>nos</strong></span> <span class='ocrx_word' id='word_1_424' title='bbox 3045 2119 3338 2174; x_wconf 77' lang='lat' dir='ltr'><strong>invexerit.</strong></span> <span class='ocrx_word' id='word_1_425' title='bbox 3360 2151 3417 2158; x_wconf 94' lang='lat'><strong>—</strong></span> <span class='ocrx_word' id='word_1_426' title='bbox 3441 2119 3696 2189; x_wconf 80' lang='lat' dir='ltr'><strong>Ejusdem</strong></span> 
     </span>
    </p>
   </div>
   <div class='ocr_carea' id='block_1_54' title="bbox 2110 2209 3698 2282">
    <p class='ocr_par' dir='ltr' id='par_1_54' title="bbox 2110 2209 3698 2282">
     <span class='ocr_line' id='line_1_54' title="bbox 2110 2209 3698 2282; baseline 0.002 -21"><span class='ocrx_word' id='word_1_427' title='bbox 2110 2224 2173 2261; x_wconf 75' lang='lat' dir='ltr'><strong>ea:</strong></span> <span class='ocrx_word' id='word_1_428' title='bbox 2202 2210 2464 2276; x_wconf 86' lang='lat' dir='ltr'><strong>oratione,</strong></span> <span class='ocrx_word' id='word_1_429' title='bbox 2509 2230 2525 2260; x_wconf 83' lang='grc' dir='ltr'><strong>ι</strong></span> <span class='ocrx_word' id='word_1_430' title='bbox 2551 2209 2702 2276; x_wconf 83' lang='lat' dir='ltr'><strong>Quod</strong></span> <span class='ocrx_word' id='word_1_431' title='bbox 2729 2229 2849 2282; x_wconf 72' lang='lat' dir='ltr'><strong>qua:</strong></span> <span class='ocrx_word' id='word_1_432' title='bbox 2866 2212 3138 2266; x_wconf 80' lang='lat' dir='ltr'><strong>humiliter</strong></span> <span class='ocrx_word' id='word_1_433' title='bbox 3163 2213 3307 2267; x_wconf 83' lang='lat' dir='ltr'><strong>dicta</strong></span> <span class='ocrx_word' id='word_1_434' title='bbox 3335 2222 3381 2266; x_wconf 82' lang='lat' dir='ltr'><strong>et</strong></span> <span class='ocrx_word' id='word_1_435' title='bbox 3411 2212 3550 2281; x_wconf 75' lang='lat' dir='ltr'><strong>facta</strong></span> <span class='ocrx_word' id='word_1_436' title='bbox 3575 2221 3698 2265; x_wconf 79' lang='lat' dir='ltr'><strong>sunt</strong></span> 
     </span>
    </p>
   </div>
   <div class='ocr_carea' id='block_1_55' title="bbox 2112 2298 3699 2374">
    <p class='ocr_par' dir='ltr' id='par_1_55' title="bbox 2112 2298 3699 2374">
     <span class='ocr_line' id='line_1_55' title="bbox 2112 2298 3699 2374; baseline 0.001 -22"><span class='ocrx_word' id='word_1_437' title='bbox 2112 2316 2144 2352; x_wconf 89' lang='lat' dir='ltr'><strong>a</strong></span> <span class='ocrx_word' id='word_1_438' title='bbox 2171 2298 2399 2364; x_wconf 80' lang='lat' dir='ltr'><strong>Christo,</strong></span> <span class='ocrx_word' id='word_1_439' title='bbox 2456 2317 2563 2354; x_wconf 86' lang='lat' dir='ltr'><strong>non</strong></span> <span class='ocrx_word' id='word_1_440' title='bbox 2612 2311 2829 2372; x_wconf 84' lang='lat' dir='ltr'><strong>prapter</strong></span> <span class='ocrx_word' id='word_1_441' title='bbox 2857 2303 3273 2358; x_wconf 68' lang='lat' dir='ltr'><strong>imbecillitatem</strong></span> <span class='ocrx_word' id='word_1_442' title='bbox 3304 2307 3570 2374; x_wconf 75' lang='lat' dir='ltr'><strong>potentiw,</strong></span> <span class='ocrx_word' id='word_1_443' title='bbox 3610 2304 3699 2355; x_wconf 74' lang='lat' dir='ltr'><strong>sed</strong></span> 
     </span>
    </p>
   </div>
   <div class='ocr_carea' id='block_1_56' title="bbox 2113 2393 3697 2465">
    <p class='ocr_par' dir='ltr' id='par_1_56' title="bbox 2113 2393 3697 2465">
     <span class='ocr_line' id='line_1_56' title="bbox 2113 2393 3697 2465; baseline 0.003 -21"><span class='ocrx_word' id='word_1_444' title='bbox 2113 2401 2333 2464; x_wconf 80' lang='lat' dir='ltr'><strong>propter</strong></span> <span class='ocrx_word' id='word_1_445' title='bbox 2372 2393 2606 2449; x_wconf 79' lang='lat' dir='ltr'><strong>diversas</strong></span> <span class='ocrx_word' id='word_1_446' title='bbox 2649 2397 2951 2450; x_wconf 72' lang='lat' dir='ltr'><strong>wconomia:</strong></span> <span class='ocrx_word' id='word_1_447' title='bbox 3003 2398 3236 2450; x_wconf 78' lang='lat' dir='ltr'><strong>rationes</strong></span> <span class='ocrx_word' id='word_1_448' title='bbox 3286 2398 3426 2450; x_wconf 79' lang='lat' dir='ltr'><strong>dicta</strong></span> <span class='ocrx_word' id='word_1_449' title='bbox 3470 2406 3516 2449; x_wconf 76' lang='lat' dir='ltr'><strong>et</strong></span> <span class='ocrx_word' id='word_1_450' title='bbox 3556 2398 3697 2465; x_wconf 78' lang='lat' dir='ltr'><strong>facta</strong></span> 
     </span>
    </p>
   </div>
   <div class='ocr_carea' id='block_1_57' title="bbox 2108 2485 3701 2557">
    <p class='ocr_par' dir='ltr' id='par_1_57' title="bbox 2108 2485 3701 2557">
     <span class='ocr_line' id='line_1_57' title="bbox 2108 2485 3701 2557; baseline 0.002 -19"><span class='ocrx_word' id='word_1_451' title='bbox 2108 2486 2267 2539; x_wconf 67' lang='lat' dir='ltr'><strong>sint.»</strong></span> <span class='ocrx_word' id='word_1_452' title='bbox 2307 2485 2438 2552; x_wconf 71' lang='lat' dir='ltr'><strong>Qua:</strong></span> <span class='ocrx_word' id='word_1_453' title='bbox 2471 2485 2637 2555; x_wconf 84' lang='lat' dir='ltr'><strong>igitur</strong></span> <span class='ocrx_word' id='word_1_454' title='bbox 2661 2494 2791 2541; x_wconf 86' lang='lat' dir='ltr'><strong>sunt</strong></span> <span class='ocrx_word' id='word_1_455' title='bbox 2817 2503 3017 2551; x_wconf 70' lang='lat' dir='ltr'><strong>causze,</strong></span> <span class='ocrx_word' id='word_1_456' title='bbox 3065 2503 3164 2542; x_wconf 88' lang='lat' dir='ltr'><strong>cur</strong></span> <span class='ocrx_word' id='word_1_457' title='bbox 3201 2498 3257 2543; x_wconf 92' lang='lat' dir='ltr'><strong>et</strong></span> <span class='ocrx_word' id='word_1_458' title='bbox 3285 2489 3399 2557; x_wconf 85' lang='lat' dir='ltr'><strong>ipse</strong></span> <span class='ocrx_word' id='word_1_459' title='bbox 3430 2488 3497 2541; x_wconf 88' lang='lat' dir='ltr'><strong>de</strong></span> <span class='ocrx_word' id='word_1_460' title='bbox 3523 2505 3601 2549; x_wconf 78' lang='lat' dir='ltr'><strong>se,</strong></span> <span class='ocrx_word' id='word_1_461' title='bbox 3642 2496 3701 2541; x_wconf 88' lang='lat' dir='ltr'><strong>et</strong></span> 
     </span>
    </p>
   </div>
   <div class='ocr_carea' id='block_1_58' title="bbox 2111 2575 3697 2647">
    <p class='ocr_par' dir='ltr' id='par_1_58' title="bbox 2111 2575 3697 2647">
     <span class='ocr_line' id='line_1_58' title="bbox 2111 2575 3697 2647; baseline 0.002 -18"><span class='ocrx_word' id='word_1_462' title='bbox 2111 2576 2348 2645; x_wconf 85' lang='lat' dir='ltr'><strong>apostoli</strong></span> <span class='ocrx_word' id='word_1_463' title='bbox 2403 2575 2471 2631; x_wconf 88' lang='lat' dir='ltr'><strong>de</strong></span> <span class='ocrx_word' id='word_1_464' title='bbox 2517 2577 2637 2647; x_wconf 82' lang='lat' dir='ltr'><strong>ipso</strong></span> <span class='ocrx_word' id='word_1_465' title='bbox 2693 2579 2862 2632; x_wconf 91' lang='lat' dir='ltr'><strong>multa</strong></span> <span class='ocrx_word' id='word_1_466' title='bbox 2900 2578 3186 2633; x_wconf 77' lang='lat' dir='ltr'><strong>humiliter</strong></span> <span class='ocrx_word' id='word_1_467' title='bbox 3211 2579 3484 2634; x_wconf 80' lang='lat' dir='ltr'><strong>dixerint?</strong></span> <span class='ocrx_word' id='word_1_468' title='bbox 3516 2580 3697 2633; x_wconf 84' lang='lat' dir='ltr'><strong>Prima</strong></span> 
     </span>
    </p>
   </div>
   <div class='ocr_carea' id='block_1_59' title="bbox 2112 2667 3698 2740">
    <p class='ocr_par' dir='ltr' id='par_1_59' title="bbox 2112 2667 3698 2740">
     <span class='ocr_line' id='line_1_59' title="bbox 2112 2667 3698 2740; baseline 0.002 -18"><span class='ocrx_word' id='word_1_469' title='bbox 2112 2667 2335 2737; x_wconf 87' lang='lat' dir='ltr'><strong>quidem</strong></span> <span class='ocrx_word' id='word_1_470' title='bbox 2362 2676 2419 2723; x_wconf 88' lang='lat' dir='ltr'><strong>et</strong></span> <span class='ocrx_word' id='word_1_471' title='bbox 2444 2669 2680 2723; x_wconf 79' lang='lat' dir='ltr'><strong>maxima</strong></span> <span class='ocrx_word' id='word_1_472' title='bbox 2703 2680 2807 2734; x_wconf 86' lang='lat' dir='ltr'><strong>est,</strong></span> <span class='ocrx_word' id='word_1_473' title='bbox 2836 2669 2984 2740; x_wconf 91' lang='lat' dir='ltr'><strong>quod</strong></span> <span class='ocrx_word' id='word_1_474' title='bbox 3008 2686 3232 2724; x_wconf 88' lang='lat' dir='ltr'><strong>carnem</strong></span> <span class='ocrx_word' id='word_1_475' title='bbox 3257 2686 3383 2725; x_wconf 85' lang='lat' dir='ltr'><strong>cum</strong></span> <span class='ocrx_word' id='word_1_476' title='bbox 3406 2672 3698 2735; x_wconf 62' lang='lat' dir='ltr'><strong>induisset,</strong></span> 
     </span>
    </p>
   </div>
   <div class='ocr_carea' id='block_1_60' title="bbox 2113 2760 3698 2831">
    <p class='ocr_par' dir='ltr' id='par_1_60' title="bbox 2113 2760 3698 2831">
     <span class='ocr_line' id='line_1_60' title="bbox 2113 2760 3698 2831; baseline 0.001 -16"><span class='ocrx_word' id='word_1_477' title='bbox 2113 2760 2277 2816; x_wconf 82' lang='lat' dir='ltr'><strong>ﬁdem</strong></span> <span class='ocrx_word' id='word_1_478' title='bbox 2320 2761 2501 2817; x_wconf 82' lang='lat' dir='ltr'><strong>facere</strong></span> <span class='ocrx_word' id='word_1_479' title='bbox 2541 2761 2802 2821; x_wconf 82' lang='lat' dir='ltr'><strong>voluerit,</strong></span> <span class='ocrx_word' id='word_1_480' title='bbox 2838 2771 2954 2816; x_wconf 90' lang='lat' dir='ltr'><strong>tum</strong></span> <span class='ocrx_word' id='word_1_481' title='bbox 2985 2763 3054 2815; x_wconf 89' lang='lat' dir='ltr'><strong>iis</strong></span> <span class='ocrx_word' id='word_1_482' title='bbox 3075 2764 3169 2831; x_wconf 90' lang='lat' dir='ltr'><strong>qui</strong></span> <span class='ocrx_word' id='word_1_483' title='bbox 3205 2773 3338 2817; x_wconf 92' lang='lat' dir='ltr'><strong>tunc</strong></span> <span class='ocrx_word' id='word_1_484' title='bbox 3364 2771 3545 2825; x_wconf 90' lang='lat' dir='ltr'><strong>erant,</strong></span> <span class='ocrx_word' id='word_1_485' title='bbox 3583 2772 3698 2817; x_wconf 88' lang='lat' dir='ltr'><strong>tum</strong></span> 
     </span>
    </p>
   </div>
   <div class='ocr_carea' id='block_1_61' title="bbox 2112 2855 3698 2925">
    <p class='ocr_par' dir='ltr' id='par_1_61' title="bbox 2112 2855 3698 2925">
     <span class='ocr_line' id='line_1_61' title="bbox 2112 2855 3698 2925; baseline 0.001 -18"><span class='ocrx_word' id='word_1_486' title='bbox 2112 2855 2352 2923; x_wconf 84' lang='lat' dir='ltr'><strong>posteris</strong></span> <span class='ocrx_word' id='word_1_487' title='bbox 2370 2855 2649 2919; x_wconf 85' lang='lat' dir='ltr'><strong>omnibus,</strong></span> <span class='ocrx_word' id='word_1_488' title='bbox 2672 2855 2784 2925; x_wconf 80' lang='lat'><strong>69</strong></span> <span class='ocrx_word' id='word_1_489' title='bbox 2804 2856 2951 2924; x_wconf 89' lang='lat' dir='ltr'><strong>quod</strong></span> <span class='ocrx_word' id='word_1_490' title='bbox 2978 2872 3087 2910; x_wconf 89' lang='lat' dir='ltr'><strong>non</strong></span> <span class='ocrx_word' id='word_1_491' title='bbox 3109 2865 3257 2910; x_wconf 83' lang='lat' dir='ltr'><strong>esset</strong></span> <span class='ocrx_word' id='word_1_492' title='bbox 3278 2857 3471 2910; x_wconf 90' lang='lat' dir='ltr'><strong>umbra</strong></span> <span class='ocrx_word' id='word_1_493' title='bbox 3493 2856 3698 2925; x_wconf 83' lang='lat' dir='ltr'><strong>aliqua,</strong></span> 
     </span>
    </p>
   </div>
   <div class='ocr_carea' id='block_1_62' title="bbox 2114 2947 3700 3016">
    <p class='ocr_par' dir='ltr' id='par_1_62' title="bbox 2114 2947 3700 3016">
     <span class='ocr_line' id='line_1_62' title="bbox 2114 2947 3700 3016; baseline 0.002 -17"><span class='ocrx_word' id='word_1_494' title='bbox 2114 2947 2200 3000; x_wconf 86' lang='lat' dir='ltr'><strong>vel</strong></span> <span class='ocrx_word' id='word_1_495' title='bbox 2229 2948 2401 3016; x_wconf 85' lang='lat' dir='ltr'><strong>ligura</strong></span> <span class='ocrx_word' id='word_1_496' title='bbox 2431 2954 2664 3010; x_wconf 88' lang='lat' dir='ltr'><strong>tantum,</strong></span> <span class='ocrx_word' id='word_1_497' title='bbox 2698 2948 2846 3016; x_wconf 85' lang='lat' dir='ltr'><strong>quod</strong></span> <span class='ocrx_word' id='word_1_498' title='bbox 2869 2947 3222 3011; x_wconf 84' lang='lat' dir='ltr'><strong>cernebatur,</strong></span> <span class='ocrx_word' id='word_1_499' title='bbox 3248 2948 3344 3001; x_wconf 87' lang='lat' dir='ltr'><strong>sed</strong></span> <span class='ocrx_word' id='word_1_500' title='bbox 3374 2949 3579 3002; x_wconf 83' lang='lat' dir='ltr'><strong>veritas</strong></span> <span class='ocrx_word' id='word_1_501' title='bbox 3602 2963 3700 3002; x_wconf 84' lang='lat' dir='ltr'><strong>na-</strong></span> 
     </span>
    </p>
   </div>
   <div class='ocr_carea' id='block_1_63' title="bbox 2116 3036 3701 3110">
    <p class='ocr_par' dir='ltr' id='par_1_63' title="bbox 2116 3036 3701 3110">
     <span class='ocr_line' id='line_1_63' title="bbox 2116 3036 3701 3110; baseline 0.004 -21"><span class='ocrx_word' id='word_1_502' title='bbox 2116 3043 2274 3090; x_wconf 70' lang='lat' dir='ltr'><strong>turae.</strong></span> <span class='ocrx_word' id='word_1_503' title='bbox 2309 3036 2363 3091; x_wconf 89' lang='lat' dir='ltr'><strong>Si</strong></span> <span class='ocrx_word' id='word_1_504' title='bbox 2393 3037 2564 3100; x_wconf 90' lang='lat' dir='ltr'><strong>enim,</strong></span> <span class='ocrx_word' id='word_1_505' title='bbox 2602 3053 2728 3091; x_wconf 88' lang='lat' dir='ltr'><strong>cum</strong></span> <span class='ocrx_word' id='word_1_506' title='bbox 2762 3046 2840 3092; x_wconf 84' lang='lat' dir='ltr'><strong>tot</strong></span> <span class='ocrx_word' id='word_1_507' title='bbox 2865 3039 3095 3093; x_wconf 89' lang='lat' dir='ltr'><strong>humilia</strong></span> <span class='ocrx_word' id='word_1_508' title='bbox 3128 3050 3185 3095; x_wconf 88' lang='lat' dir='ltr'><strong>et</strong></span> <span class='ocrx_word' id='word_1_509' title='bbox 3209 3040 3477 3095; x_wconf 83' lang='lat' dir='ltr'><strong>humana‘</strong></span> <span class='ocrx_word' id='word_1_510' title='bbox 3505 3050 3560 3095; x_wconf 76' lang='lat' dir='ltr'><strong>et</strong></span> <span class='ocrx_word' id='word_1_511' title='bbox 3588 3042 3701 3110; x_wconf 85' lang='lat' dir='ltr'><strong>ipse</strong></span> 
     </span>
    </p>
   </div>
   <div class='ocr_carea' id='block_1_64' title="bbox 2112 3128 3704 3201">
    <p class='ocr_par' dir='ltr' id='par_1_64' title="bbox 2112 3128 3704 3201">
     <span class='ocr_line' id='line_1_64' title="bbox 2112 3128 3704 3201; baseline 0.003 -19"><span class='ocrx_word' id='word_1_512' title='bbox 2112 3136 2170 3182; x_wconf 88' lang='lat' dir='ltr'><strong>et</strong></span> <span class='ocrx_word' id='word_1_513' title='bbox 2202 3128 2439 3198; x_wconf 88' lang='lat' dir='ltr'><strong>apostoli</strong></span> <span class='ocrx_word' id='word_1_514' title='bbox 2495 3128 2562 3183; x_wconf 90' lang='lat' dir='ltr'><strong>de</strong></span> <span class='ocrx_word' id='word_1_515' title='bbox 2610 3144 2679 3183; x_wconf 91' lang='lat' dir='ltr'><strong>eo</strong></span> <span class='ocrx_word' id='word_1_516' title='bbox 2721 3129 2988 3192; x_wconf 85' lang='lat' dir='ltr'><strong>dixerint,</strong></span> <span class='ocrx_word' id='word_1_517' title='bbox 3035 3132 3217 3201; x_wconf 90' lang='lat' dir='ltr'><strong>potuit</strong></span> <span class='ocrx_word' id='word_1_518' title='bbox 3242 3140 3421 3187; x_wconf 76' lang='lat' dir='ltr'><strong>tamen</strong></span> <span class='ocrx_word' id='word_1_519' title='bbox 3450 3133 3704 3187; x_wconf 86' lang='lat' dir='ltr'><strong>diabolus</strong></span> 
     </span>
    </p>
   </div>
   <div class='ocr_carea' id='block_1_65' title="bbox 2114 3219 3701 3292">
    <p class='ocr_par' dir='ltr' id='par_1_65' title="bbox 2114 3219 3701 3292">
     <span class='ocr_line' id='line_1_65' title="bbox 2114 3219 3701 3292; baseline 0.003 -20"><span class='ocrx_word' id='word_1_520' title='bbox 2114 3219 2334 3273; x_wconf 87' lang='lat' dir='ltr'><strong>miseris</strong></span> <span class='ocrx_word' id='word_1_521' title='bbox 2366 3220 2698 3289; x_wconf 89' lang='lat' dir='ltr'><strong>quibusdam</strong></span> <span class='ocrx_word' id='word_1_522' title='bbox 2730 3221 3054 3277; x_wconf 84' lang='lat' dir='ltr'><strong>hominibus</strong></span> <span class='ocrx_word' id='word_1_523' title='bbox 3086 3223 3444 3292; x_wconf 87' lang='lat' dir='ltr'><strong>persuadere,</strong></span> <span class='ocrx_word' id='word_1_524' title='bbox 3490 3233 3550 3277; x_wconf 90' lang='lat' dir='ltr'><strong>ut</strong></span> <span class='ocrx_word' id='word_1_525' title='bbox 3586 3224 3701 3277; x_wconf 86' lang='lat' dir='ltr'><strong>dis-</strong></span> 
     </span>
    </p>
   </div>
   <div class='ocr_carea' id='block_1_66' title="bbox 2109 3309 3704 3383">
    <p class='ocr_par' dir='ltr' id='par_1_66' title="bbox 2109 3309 3704 3383">
     <span class='ocr_line' id='line_1_66' title="bbox 2109 3309 3704 3383; baseline 0.003 -19"><span class='ocrx_word' id='word_1_526' title='bbox 2109 3309 2453 3380; x_wconf 88' lang='lat' dir='ltr'><strong>pensationis</strong></span> <span class='ocrx_word' id='word_1_527' title='bbox 2496 3310 2770 3365; x_wconf 89' lang='lat' dir='ltr'><strong>rationem</strong></span> <span class='ocrx_word' id='word_1_528' title='bbox 2807 3322 3091 3383; x_wconf 86' lang='lat' dir='ltr'><strong>negarent,</strong></span> <span class='ocrx_word' id='word_1_529' title='bbox 3128 3323 3185 3369; x_wconf 88' lang='lat' dir='ltr'><strong>et</strong></span> <span class='ocrx_word' id='word_1_530' title='bbox 3217 3315 3405 3369; x_wconf 84' lang='lat' dir='ltr'><strong>dicere</strong></span> <span class='ocrx_word' id='word_1_531' title='bbox 3431 3314 3704 3368; x_wconf 84' lang='lat' dir='ltr'><strong>auderent</strong></span> 
     </span>
    </p>
   </div>
   <div class='ocr_carea' id='block_1_67' title="bbox 401 3396 2008 3471">
    <p class='ocr_par' dir='ltr' id='par_1_67' title="bbox 401 3396 2008 3470">
     <span class='ocr_line' id='line_1_67' title="bbox 401 3396 2008 3470; baseline -0.003 -16"><span class='ocrx_word' id='word_1_532' title='bbox 401 3399 525 3454; x_wconf 76' lang='grc' dir='ltr'>ἀλλ’</span> <span class='ocrx_word' id='word_1_533' title='bbox 556 3399 791 3470; x_wconf 84' lang='grc' dir='ltr'>ἀλήθεια</span> <span class='ocrx_word' id='word_1_534' title='bbox 852 3398 1194 3469; x_wconf 73' lang='grc' dir='ltr'><strong>φύσεως..Εί</strong></span> <span class='ocrx_word' id='word_1_535' title='bbox 1236 3399 1343 3469; x_wconf 78' lang='grc' dir='ltr'><strong>γὰρ</strong></span> <span class='ocrx_word' id='word_1_536' title='bbox 1368 3396 1607 3451; x_wconf 85' lang='grc' dir='ltr'>τοσαῦτα</span> <span class='ocrx_word' id='word_1_537' title='bbox 1639 3396 1875 3450; x_wconf 85' lang='grc' dir='ltr'>ταπεινά</span> <span class='ocrx_word' id='word_1_538' title='bbox 1914 3398 2008 3451; x_wconf 75' lang='grc' dir='ltr'><strong>καὶ</strong></span> 
     </span>
    </p>
   </div>
   <div class='ocr_carea' id='block_1_68' title="bbox 2107 3396 3700 3471">
    <p class='ocr_par' dir='ltr' id='par_1_68' title="bbox 2110 3400 3700 3471">
     <span class='ocr_line' id='line_1_68' title="bbox 2110 3400 3700 3471; baseline 0.003 -17"><span class='ocrx_word' id='word_1_539' title='bbox 2110 3400 2258 3470; x_wconf 77' lang='lat' dir='ltr'><strong>quod</strong></span> <span class='ocrx_word' id='word_1_540' title='bbox 2286 3417 2510 3456; x_wconf 88' lang='lat' dir='ltr'><strong>carnem</strong></span> <span class='ocrx_word' id='word_1_541' title='bbox 2541 3418 2650 3456; x_wconf 91' lang='lat' dir='ltr'><strong>non</strong></span> <span class='ocrx_word' id='word_1_542' title='bbox 2678 3404 3061 3471; x_wconf 88' lang='lat' dir='ltr'><strong>assumpserit,</strong></span> <span class='ocrx_word' id='word_1_543' title='bbox 3112 3413 3169 3460; x_wconf 87' lang='lat' dir='ltr'><strong>et</strong></span> <span class='ocrx_word' id='word_1_544' title='bbox 3190 3420 3354 3459; x_wconf 88' lang='lat' dir='ltr'><strong>omne</strong></span> <span class='ocrx_word' id='word_1_545' title='bbox 3381 3405 3700 3459; x_wconf 82' lang='lat' dir='ltr'><strong>humanita-</strong></span> 
     </span>
    </p>
   </div>
   <div class='ocr_carea' id='block_1_69' title="bbox 401 3487 2008 3561">
    <p class='ocr_par' dir='ltr' id='par_1_69' title="bbox 401 3487 2008 3561">
     <span class='ocr_line' id='line_1_69' title="bbox 401 3487 2008 3561; baseline -0.001 -17"><span class='ocrx_word' id='word_1_546' title='bbox 401 3489 756 3561; x_wconf 81' lang='grc' dir='ltr'>ἀνθρώπινα,</span> <span class='ocrx_word' id='word_1_547' title='bbox 783 3492 881 3544; x_wconf 71' lang='grc' dir='ltr'><strong>καὶ</strong></span> <span class='ocrx_word' id='word_1_548' title='bbox 901 3490 1017 3560; x_wconf 82' lang='grc'>(95)</span> <span class='ocrx_word' id='word_1_549' title='bbox 1045 3487 1233 3551; x_wconf 80' lang='grc' dir='ltr'>αὐτοῦ,</span> <span class='ocrx_word' id='word_1_550' title='bbox 1267 3490 1361 3543; x_wconf 82' lang='grc' dir='ltr'>καὶ</span> <span class='ocrx_word' id='word_1_551' title='bbox 1390 3487 1497 3542; x_wconf 89' lang='grc' dir='ltr'>τῶν</span> <span class='ocrx_word' id='word_1_552' title='bbox 1517 3487 1839 3542; x_wconf 77' lang='grc' dir='ltr'>ἀποστόλων</span> <span class='ocrx_word' id='word_1_553' title='bbox 1861 3490 2008 3559; x_wconf 80' lang='grc' dir='ltr'>εἰρη-</span> 
     </span>
    </p>
   </div>
   <div class='ocr_carea' id='block_1_70' title="bbox 2107 3487 3700 3561">
    <p class='ocr_par' dir='ltr' id='par_1_70' title="bbox 2114 3492 3700 3560">
     <span class='ocr_line' id='line_1_70' title="bbox 2114 3492 3700 3560; baseline 0.002 -13"><span class='ocrx_word' id='word_1_554' title='bbox 2114 3492 2184 3548; x_wconf 89' lang='lat' dir='ltr'><strong>tis</strong></span> <span class='ocrx_word' id='word_1_555' title='bbox 2206 3492 2631 3549; x_wconf 81' lang='lat' dir='ltr'><strong>fundamentum</strong></span> <span class='ocrx_word' id='word_1_556' title='bbox 2662 3495 2920 3549; x_wconf 89' lang='lat' dir='ltr'><strong>tollerent</strong></span> <span class='ocrx_word' id='word_1_557' title='bbox 2945 3512 2958 3549; x_wconf 89' lang='lat'><strong>:</strong></span> <span class='ocrx_word' id='word_1_558' title='bbox 2985 3495 3031 3550; x_wconf 90' lang='lat' dir='ltr'><strong>si</strong></span> <span class='ocrx_word' id='word_1_559' title='bbox 3056 3496 3254 3550; x_wconf 86' lang='lat' dir='ltr'><strong>horum</strong></span> <span class='ocrx_word' id='word_1_560' title='bbox 3284 3496 3420 3549; x_wconf 85' lang='lat' dir='ltr'><strong>nihil</strong></span> <span class='ocrx_word' id='word_1_561' title='bbox 3445 3494 3700 3560; x_wconf 81' lang='lat' dir='ltr'><strong>dixisset,</strong></span> 
     </span>
    </p>
   </div>
   <div class='ocr_carea' id='block_1_71' title="bbox 404 3575 2008 3655">
    <p class='ocr_par' dir='ltr' id='par_1_71' title="bbox 404 3575 2008 3652">
     <span class='ocr_line' id='line_1_71' title="bbox 404 3575 2008 3652; baseline -0.002 -18"><span class='ocrx_word' id='word_1_562' title='bbox 404 3580 587 3634; x_wconf 75' lang='grc' dir='ltr'>κάτων</span> <span class='ocrx_word' id='word_1_563' title='bbox 620 3581 753 3652; x_wconf 72' lang='grc' dir='ltr'>περὶ</span> <span class='ocrx_word' id='word_1_564' title='bbox 798 3579 991 3643; x_wconf 77' lang='grc' dir='ltr'>αὐτοῦ,</span> <span class='ocrx_word' id='word_1_565' title='bbox 1035 3579 1188 3649; x_wconf 76' lang='grc' dir='ltr'>ὅμως</span> <span class='ocrx_word' id='word_1_566' title='bbox 1222 3577 1443 3648; x_wconf 70' lang='grc' dir='ltr'>ἴσχυσεν</span> <span class='ocrx_word' id='word_1_567' title='bbox 1472 3580 1501 3631; x_wconf 90' lang='lat'><strong>6</strong></span> <span class='ocrx_word' id='word_1_568' title='bbox 1532 3575 1783 3639; x_wconf 76' lang='grc' dir='ltr'>διάϐολος</span> <span class='ocrx_word' id='word_1_569' title='bbox 1821 3578 2008 3631; x_wconf 86' lang='grc' dir='ltr'>πεῖσαί</span> 
     </span>
    </p>
   </div>
   <div class='ocr_carea' id='block_1_72' title="bbox 2107 3575 3398 3655">
    <p class='ocr_par' dir='ltr' id='par_1_72' title="bbox 2109 3586 3398 3655">
     <span class='ocr_line' id='line_1_72' title="bbox 2109 3586 3398 3655; baseline 0.002 -15"><span class='ocrx_word' id='word_1_570' title='bbox 2109 3600 2274 3655; x_wconf 86' lang='lat' dir='ltr'><strong>quam</strong></span> <span class='ocrx_word' id='word_1_571' title='bbox 2300 3586 2460 3641; x_wconf 90' lang='lat' dir='ltr'><strong>multi</strong></span> <span class='ocrx_word' id='word_1_572' title='bbox 2488 3587 2542 3640; x_wconf 91' lang='lat' dir='ltr'><strong>in</strong></span> <span class='ocrx_word' id='word_1_573' title='bbox 2568 3586 2674 3642; x_wconf 92' lang='lat' dir='ltr'><strong>hoc</strong></span> <span class='ocrx_word' id='word_1_574' title='bbox 2702 3587 3027 3642; x_wconf 83' lang='lat' dir='ltr'><strong>barathrum</strong></span> <span class='ocrx_word' id='word_1_575' title='bbox 3056 3587 3398 3643; x_wconf 78' lang='lat' dir='ltr'><strong>inciderent!</strong></span> 
     </span>
    </p>
   </div>
   <div class='ocr_carea' id='block_1_73' title="bbox 401 3666 3705 3750">
    <p class='ocr_par' dir='ltr' id='par_1_73' title="bbox 401 3666 3705 3750">
     <span class='ocr_line' id='line_1_73' title="bbox 401 3666 3705 3750; baseline 0.002 -27"><span class='ocrx_word' id='word_1_576' title='bbox 401 3687 564 3735; x_wconf 86' lang='grc' dir='ltr'>τινας</span> <span class='ocrx_word' id='word_1_577' title='bbox 603 3670 715 3724; x_wconf 86' lang='grc' dir='ltr'>τῶν</span> <span class='ocrx_word' id='word_1_578' title='bbox 734 3670 936 3725; x_wconf 82' lang='grc' dir='ltr'>ἀθλίων</span> <span class='ocrx_word' id='word_1_579' title='bbox 964 3670 1059 3723; x_wconf 75' lang='grc' dir='ltr'>καὶ</span> <span class='ocrx_word' id='word_1_580' title='bbox 1079 3669 1442 3750; x_wconf 59' lang='grc' dir='ltr'>ταλαιπώρων</span> <span class='ocrx_word' id='word_1_581' title='bbox 1474 3666 1801 3740; x_wconf 85' lang='grc' dir='ltr'>ἀνθρώπων,</span> <span class='ocrx_word' id='word_1_582' title='bbox 1831 3668 2173 3738; x_wconf 70' lang='grc' dir='ltr'>ἀρνήσασθαι</span> <span class='ocrx_word' id='word_1_583' title='bbox 2223 3676 2323 3747; x_wconf 81' lang='grc' dir='ltr'><strong>τῆς</strong></span> <span class='ocrx_word' id='word_1_584' title='bbox 2369 3677 2683 3748; x_wconf 76' lang='grc' dir='ltr'>οἰκονομίας</span> <span class='ocrx_word' id='word_1_585' title='bbox 2746 3677 2840 3730; x_wconf 82' lang='grc' dir='ltr'><strong>τὸν</strong></span> <span class='ocrx_word' id='word_1_586' title='bbox 2907 3677 3086 3746; x_wconf 83' lang='grc' dir='ltr'>λόγον,</span> <span class='ocrx_word' id='word_1_587' title='bbox 3154 3678 3251 3731; x_wconf 80' lang='grc' dir='ltr'><strong>καὶ</strong></span> <span class='ocrx_word' id='word_1_588' title='bbox 3316 3676 3591 3745; x_wconf 79' lang='grc' dir='ltr'>τολμῆσαι</span> <span class='ocrx_word' id='word_1_589' title='bbox 3624 3676 3705 3728; x_wconf 82' lang='grc' dir='ltr'><strong>εἱ-</strong></span> 
     </span>
    </p>
   </div>
   <div class='ocr_carea' id='block_1_74' title="bbox 405 3757 3705 3850">
    <p class='ocr_par' dir='ltr' id='par_1_74' title="bbox 405 3757 3705 3850">
     <span class='ocr_line' id='line_1_74' title="bbox 405 3757 3705 3850; baseline -0.004 -17"><span class='ocrx_word' id='word_1_590' title='bbox 405 3764 538 3816; x_wconf 72' lang='grc' dir='ltr'><strong>πεῖν</strong></span> <span class='ocrx_word' id='word_1_591' title='bbox 570 3762 656 3815; x_wconf 78' lang='grc' dir='ltr'><strong>δτι</strong></span> <span class='ocrx_word' id='word_1_592' title='bbox 703 3763 885 3832; x_wconf 76' lang='grc' dir='ltr'><strong>σάρκα</strong></span> <span class='ocrx_word' id='word_1_593' title='bbox 915 3760 1018 3814; x_wconf 67' lang='grc' dir='ltr'><strong>οὐκ</strong></span> <span class='ocrx_word' id='word_1_594' title='bbox 1046 3759 1231 3826; x_wconf 65' lang='grc' dir='ltr'><strong>ἔλαθεν</strong></span> <span class='ocrx_word' id='word_1_595' title='bbox 1261 3759 1591 3850; x_wconf 44' lang='grc' dir='ltr'><strong>καὶῃπᾶσαν</strong></span> <span class='ocrx_word' id='word_1_596' title='bbox 1625 3757 1740 3850; x_wconf 62' lang='grc'>(96)</span> <span class='ocrx_word' id='word_1_597' title='bbox 1780 3758 1892 3850; x_wconf 6' lang='grc' dir='ltr'><strong>τῆς(</strong></span> <span class='ocrx_word' id='word_1_598' title='bbox 1926 3760 2339 3850; x_wconf 61' lang='grc' dir='ltr'>φιλανθρωπίας</span> <span class='ocrx_word' id='word_1_599' title='bbox 2367 3768 2625 3823; x_wconf 83' lang='grc' dir='ltr'>ὑπόθεσιν</span> <span class='ocrx_word' id='word_1_600' title='bbox 2654 3769 2864 3825; x_wconf 78' lang='grc' dir='ltr'>ἀνελεῖν</span> <span class='ocrx_word' id='word_1_601' title='bbox 2886 3786 2900 3800; x_wconf 83' lang='grc'><em>’</em></span> <span class='ocrx_word' id='word_1_602' title='bbox 2959 3770 3010 3822; x_wconf 84' lang='grc' dir='ltr'>εί</span> <span class='ocrx_word' id='word_1_603' title='bbox 3069 3768 3240 3839; x_wconf 67' lang='grc' dir='ltr'>μηδὲν</span> <span class='ocrx_word' id='word_1_604' title='bbox 3292 3767 3501 3822; x_wconf 87' lang='grc' dir='ltr'>τούτων</span> <span class='ocrx_word' id='word_1_605' title='bbox 3556 3762 3705 3834; x_wconf 73' lang='grc' dir='ltr'>εἶπε,</span> 
     </span>
    </p>
   </div>
   <div class='ocr_carea' id='block_1_75' title="bbox 405 3832 2008 3922">
    <p class='ocr_par' dir='ltr' id='par_1_75' title="bbox 405 3832 2008 3922">
     <span class='ocr_line' id='line_1_75' title="bbox 405 3832 2008 3922; baseline -0.002 -15"><span class='ocrx_word' id='word_1_606' title='bbox 405 3854 573 3907; x_wconf 74' lang='grc' dir='ltr'>πόσοι</span> <span class='ocrx_word' id='word_1_607' title='bbox 594 3852 698 3905; x_wconf 83' lang='grc' dir='ltr'>οὐκ</span> <span class='ocrx_word' id='word_1_608' title='bbox 723 3852 791 3907; x_wconf 81' lang='grc' dir='ltr'>ἂν</span> <span class='ocrx_word' id='word_1_609' title='bbox 819 3852 901 3915; x_wconf 86' lang='grc' dir='ltr'><strong>είς</strong></span> <span class='ocrx_word' id='word_1_610' title='bbox 939 3852 1001 3905; x_wconf 78' lang='grc' dir='ltr'>τὺ</span> <span class='ocrx_word' id='word_1_611' title='bbox 1029 3850 1305 3922; x_wconf 79' lang='grc' dir='ltr'>βάραθρον</span> <span class='ocrx_word' id='word_1_612' title='bbox 1330 3832 1488 3904; x_wconf 68' lang='grc' dir='ltr'>τδῦτο</span> <span class='ocrx_word' id='word_1_613' title='bbox 1514 3848 1820 3904; x_wconf 83' lang='grc' dir='ltr'>κατέπεσον</span> <span class='ocrx_word' id='word_1_614' title='bbox 1875 3848 2008 3920; x_wconf 80' lang='grc' dir='ltr'>(97)ι</span> 
     </span>
    </p>
   </div>
   <div class='ocr_carea' id='block_1_76' title="bbox 499 3938 2008 4015">
    <p class='ocr_par' dir='ltr' id='par_1_76' title="bbox 499 3938 2008 4014">
     <span class='ocr_line' id='line_1_76' title="bbox 499 3938 2008 4014; baseline -0.001 -17"><span class='ocrx_word' id='word_1_615' title='bbox 499 3944 724 4013; x_wconf 83' lang='grc' dir='ltr'>Ὀλίγας</span> <span class='ocrx_word' id='word_1_616' title='bbox 756 3944 856 4014; x_wconf 79' lang='grc' dir='ltr'>μὲν</span> <span class='ocrx_word' id='word_1_617' title='bbox 885 3938 979 3998; x_wconf 76' lang='grc' dir='ltr'>οὖν</span> <span class='ocrx_word' id='word_1_618' title='bbox 1010 3944 1123 4013; x_wconf 88' lang='grc'>(98)</span> <span class='ocrx_word' id='word_1_619' title='bbox 1164 3946 1229 3998; x_wconf 82' lang='grc' dir='ltr'><strong>ὲκ</strong></span> <span class='ocrx_word' id='word_1_620' title='bbox 1263 3943 1602 4014; x_wconf 83' lang='grc' dir='ltr'>παμπόλλων</span> <span class='ocrx_word' id='word_1_621' title='bbox 1641 3959 1723 3996; x_wconf 89' lang='grc' dir='ltr'>σοι</span> <span class='ocrx_word' id='word_1_622' title='bbox 1758 3945 2008 4014; x_wconf 83' lang='grc' dir='ltr'><strong>παρήγα-</strong></span> 
     </span>
    </p>
   </div>
   <div class='ocr_carea' id='block_1_77' title="bbox 2107 3938 3703 4015">
    <p class='ocr_par' dir='ltr' id='par_1_77' title="bbox 2183 3943 3703 4015">
     <span class='ocr_line' id='line_1_77' title="bbox 2183 3943 3703 4015; baseline 0.001 -16"><span class='ocrx_word' id='word_1_623' title='bbox 2183 3944 2396 4000; x_wconf 89' lang='lat' dir='ltr'><strong>Paucas</strong></span> <span class='ocrx_word' id='word_1_624' title='bbox 2420 3943 2522 3998; x_wconf 91' lang='lat' dir='ltr'><strong>tibi</strong></span> <span class='ocrx_word' id='word_1_625' title='bbox 2570 3960 2638 3999; x_wconf 82' lang='lat' dir='ltr'><strong>ex</strong></span> <span class='ocrx_word' id='word_1_626' title='bbox 2665 3943 2924 4014; x_wconf 88' lang='lat' dir='ltr'><strong>plurimis</strong></span> <span class='ocrx_word' id='word_1_627' title='bbox 2951 3960 3267 4015; x_wconf 64' lang='lat' dir='ltr'><strong>praeconum</strong></span> <span class='ocrx_word' id='word_1_628' title='bbox 3292 3945 3547 4000; x_wconf 79' lang='lat' dir='ltr'><strong>veritatis</strong></span> <span class='ocrx_word' id='word_1_629' title='bbox 3574 3961 3703 4000; x_wconf 57' lang='lat' dir='ltr'><strong>senv</strong></span> 
     </span>
    </p>
   </div>
   <div class='ocr_carea' id='block_1_78' title="bbox 412 4034 2008 4108">
    <p class='ocr_par' dir='ltr' id='par_1_78' title="bbox 412 4034 2008 4108">
     <span class='ocr_line' id='line_1_78' title="bbox 412 4034 2008 4108; baseline 0 -19"><span class='ocrx_word' id='word_1_630' title='bbox 412 4052 518 4104; x_wconf 89' lang='grc' dir='ltr'><strong>γον</strong></span> <span class='ocrx_word' id='word_1_631' title='bbox 563 4036 797 4106; x_wconf 69' lang='grc' dir='ltr'>χρήσεις</span> <span class='ocrx_word' id='word_1_632' title='bbox 852 4036 961 4089; x_wconf 87' lang='grc' dir='ltr'>τῶν</span> <span class='ocrx_word' id='word_1_633' title='bbox 1015 4036 1277 4108; x_wconf 80' lang='grc' dir='ltr'>κηρύκων</span> <span class='ocrx_word' id='word_1_634' title='bbox 1328 4036 1430 4106; x_wconf 82' lang='grc' dir='ltr'>τῆς</span> <span class='ocrx_word' id='word_1_635' title='bbox 1484 4035 1771 4105; x_wconf 74' lang='grc' dir='ltr'>ἀληθείας,</span> <span class='ocrx_word' id='word_1_636' title='bbox 1811 4034 1900 4089; x_wconf 85' lang='grc' dir='ltr'>ἴνα</span> <span class='ocrx_word' id='word_1_637' title='bbox 1937 4034 2008 4106; x_wconf 79' lang='grc' dir='ltr'>μὴ</span> 
     </span>
    </p>
   </div>
   <div class='ocr_carea' id='block_1_79' title="bbox 2107 4034 3700 4108">
    <p class='ocr_par' dir='ltr' id='par_1_79' title="bbox 2114 4036 3700 4105">
     <span class='ocr_line' id='line_1_79' title="bbox 2114 4036 3700 4105; baseline 0.001 -14"><span class='ocrx_word' id='word_1_638' title='bbox 2114 4036 2316 4091; x_wconf 82' lang='lat' dir='ltr'><strong>temias</strong></span> <span class='ocrx_word' id='word_1_639' title='bbox 2340 4037 2626 4105; x_wconf 87' lang='lat' dir='ltr'><strong>proposui,</strong></span> <span class='ocrx_word' id='word_1_640' title='bbox 2658 4052 2730 4091; x_wconf 85' lang='lat' dir='ltr'><strong>ne</strong></span> <span class='ocrx_word' id='word_1_641' title='bbox 2760 4037 3115 4091; x_wconf 89' lang='lat' dir='ltr'><strong>multitudine</strong></span> <span class='ocrx_word' id='word_1_642' title='bbox 3145 4052 3312 4091; x_wconf 89' lang='lat' dir='ltr'><strong>aures</strong></span> <span class='ocrx_word' id='word_1_643' title='bbox 3338 4045 3463 4091; x_wconf 90' lang='lat' dir='ltr'><strong>tuas</strong></span> <span class='ocrx_word' id='word_1_644' title='bbox 3488 4037 3700 4093; x_wconf 85' lang='lat' dir='ltr'><strong>obtun-</strong></span> 
     </span>
    </p>
   </div>
   <div class='ocr_carea' id='block_1_80' title="bbox 406 4124 2008 4197">
    <p class='ocr_par' dir='ltr' id='par_1_80' title="bbox 406 4124 2008 4196">
     <span class='ocr_line' id='line_1_80' title="bbox 406 4124 2008 4196; baseline -0.002 -17"><span class='ocrx_word' id='word_1_645' title='bbox 406 4125 490 4196; x_wconf 83' lang='grc' dir='ltr'><strong>τῷ</strong></span> <span class='ocrx_word' id='word_1_646' title='bbox 528 4125 728 4193; x_wconf 73' lang='grc' dir='ltr'>πλήθει</span> <span class='ocrx_word' id='word_1_647' title='bbox 764 4125 863 4189; x_wconf 80' lang='grc' dir='ltr'><strong>τάς</strong></span> <span class='ocrx_word' id='word_1_648' title='bbox 897 4126 1069 4190; x_wconf 81' lang='grc' dir='ltr'>ἀκοὰς</span> <span class='ocrx_word' id='word_1_649' title='bbox 1108 4126 1447 4179; x_wconf 86' lang='grc' dir='ltr'>ἀποκναίσω.</span> <span class='ocrx_word' id='word_1_650' title='bbox 1488 4124 1797 4195; x_wconf 80' lang='grc' dir='ltr'><strong>’Δποχρῶσι</strong></span> <span class='ocrx_word' id='word_1_651' title='bbox 1831 4124 1887 4176; x_wconf 82' lang='grc' dir='ltr'><strong>δὲ</strong></span> <span class='ocrx_word' id='word_1_652' title='bbox 1920 4124 2008 4177; x_wconf 71' lang='grc' dir='ltr'><strong>καὶ</strong></span> 
     </span>
    </p>
   </div>
   <div class='ocr_carea' id='block_1_81' title="bbox 2107 4124 3703 4197">
    <p class='ocr_par' dir='ltr' id='par_1_81' title="bbox 2114 4125 3703 4197">
     <span class='ocr_line' id='line_1_81' title="bbox 2114 4125 3703 4197; baseline 0.001 -17"><span class='ocrx_word' id='word_1_653' title='bbox 2114 4125 2323 4180; x_wconf 88' lang='lat' dir='ltr'><strong>derem.</strong></span> <span class='ocrx_word' id='word_1_654' title='bbox 2388 4125 2534 4181; x_wconf 83' lang='lat' dir='ltr'><strong>Satis</strong></span> <span class='ocrx_word' id='word_1_655' title='bbox 2574 4136 2759 4182; x_wconf 91' lang='lat' dir='ltr'><strong>autem</strong></span> <span class='ocrx_word' id='word_1_656' title='bbox 2794 4126 2879 4180; x_wconf 62' lang='lat' dir='ltr'><strong>hat</strong></span> <span class='ocrx_word' id='word_1_657' title='bbox 2907 4133 3140 4195; x_wconf 84' lang='lat' dir='ltr'><strong>possunt</strong></span> <span class='ocrx_word' id='word_1_658' title='bbox 3177 4141 3320 4191; x_wconf 89' lang='lat' dir='ltr'><strong>esse,</strong></span> <span class='ocrx_word' id='word_1_659' title='bbox 3373 4135 3433 4181; x_wconf 92' lang='lat' dir='ltr'><strong>ut</strong></span> <span class='ocrx_word' id='word_1_660' title='bbox 3474 4142 3703 4197; x_wconf 85' lang='lat' dir='ltr'><strong>scopum</strong></span> 
     </span>
    </p>
   </div>
   <div class='ocr_carea' id='block_1_82' title="bbox 409 4209 2008 4289">
    <p class='ocr_par' dir='ltr' id='par_1_82' title="bbox 409 4209 2008 4289">
     <span class='ocr_line' id='line_1_82' title="bbox 409 4209 2008 4289; baseline -0.001 -18"><span class='ocrx_word' id='word_1_661' title='bbox 409 4209 581 4271; x_wconf 77' lang='grc' dir='ltr'>αὗται</span> <span class='ocrx_word' id='word_1_662' title='bbox 618 4215 788 4281; x_wconf 78' lang='grc' dir='ltr'>δεῖξαι</span> <span class='ocrx_word' id='word_1_663' title='bbox 813 4216 923 4270; x_wconf 89' lang='grc' dir='ltr'>τῶν</span> <span class='ocrx_word' id='word_1_664' title='bbox 945 4217 1277 4285; x_wconf 86' lang='grc' dir='ltr'>ἀξιεπαίνων</span> <span class='ocrx_word' id='word_1_665' title='bbox 1306 4217 1515 4289; x_wconf 87' lang='grc' dir='ltr'>ἀνδρῶν</span> <span class='ocrx_word' id='word_1_666' title='bbox 1545 4216 1642 4270; x_wconf 80' lang='grc' dir='ltr'><strong>τοῦ</strong></span> <span class='ocrx_word' id='word_1_667' title='bbox 1668 4217 2008 4288; x_wconf 76' lang='grc' dir='ltr'>φρονήματος</span> 
     </span>
    </p>
   </div>
   <div class='ocr_carea' id='block_1_83' title="bbox 2107 4209 3701 4289">
    <p class='ocr_par' dir='ltr' id='par_1_83' title="bbox 2113 4215 3701 4287">
     <span class='ocr_line' id='line_1_83' title="bbox 2113 4215 3701 4287; baseline -0.001 -13"><span class='ocrx_word' id='word_1_668' title='bbox 2113 4217 2431 4282; x_wconf 89' lang='lat' dir='ltr'><strong>ostendant,</strong></span> <span class='ocrx_word' id='word_1_669' title='bbox 2468 4218 2535 4272; x_wconf 90' lang='lat' dir='ltr'><strong>ad</strong></span> <span class='ocrx_word' id='word_1_670' title='bbox 2564 4215 2728 4287; x_wconf 73' lang='lat' dir='ltr'><strong>quem</strong></span> <span class='ocrx_word' id='word_1_671' title='bbox 2751 4219 2857 4273; x_wconf 88' lang='lat' dir='ltr'><strong>viri</strong></span> <span class='ocrx_word' id='word_1_672' title='bbox 2889 4217 3252 4272; x_wconf 85' lang='lat' dir='ltr'><strong>laudatissimi</strong></span> <span class='ocrx_word' id='word_1_673' title='bbox 3281 4226 3520 4271; x_wconf 88' lang='lat' dir='ltr'><strong>mentem</strong></span> <span class='ocrx_word' id='word_1_674' title='bbox 3546 4233 3701 4273; x_wconf 87' lang='lat' dir='ltr'><strong>suam</strong></span> 
     </span>
    </p>
   </div>
   <div class='ocr_carea' id='block_1_84' title="bbox 410 4307 2008 4382">
    <p class='ocr_par' dir='ltr' id='par_1_84' title="bbox 410 4307 2008 4382">
     <span class='ocr_line' id='line_1_84' title="bbox 410 4307 2008 4382; baseline -0.003 -16"><span class='ocrx_word' id='word_1_675' title='bbox 410 4312 510 4366; x_wconf 78' lang='grc' dir='ltr'>τὸν</span> <span class='ocrx_word' id='word_1_676' title='bbox 547 4311 775 4365; x_wconf 82' lang='grc' dir='ltr'><strong>σκοπόν.</strong></span> <span class='ocrx_word' id='word_1_677' title='bbox 805 4310 908 4365; x_wconf 81' lang='grc' dir='ltr'><strong>Σδν</strong></span> <span class='ocrx_word' id='word_1_678' title='bbox 945 4312 992 4365; x_wconf 84' lang='grc' dir='ltr'><strong>δ’</strong></span> <span class='ocrx_word' id='word_1_679' title='bbox 1018 4310 1086 4365; x_wconf 88' lang='grc' dir='ltr'><strong>ἂν</strong></span> <span class='ocrx_word' id='word_1_680' title='bbox 1118 4310 1205 4382; x_wconf 84' lang='grc' dir='ltr'><strong>εἴη</strong></span> <span class='ocrx_word' id='word_1_681' title='bbox 1243 4311 1415 4381; x_wconf 81' lang='grc' dir='ltr'>φάναι</span> <span class='ocrx_word' id='word_1_682' title='bbox 1447 4310 1656 4377; x_wconf 83' lang='grc' dir='ltr'>λοιπὸν,</span> <span class='ocrx_word' id='word_1_683' title='bbox 1683 4311 1831 4373; x_wconf 80' lang='grc' dir='ltr'>ὅπως</span> <span class='ocrx_word' id='word_1_684' title='bbox 1861 4307 2008 4377; x_wconf 71' lang='grc' dir='ltr'>ἔχειν</span> 
     </span>
    </p>
   </div>
   <div class='ocr_carea' id='block_1_85' title="bbox 2107 4307 3702 4382">
    <p class='ocr_par' dir='ltr' id='par_1_85' title="bbox 2118 4308 3702 4378">
     <span class='ocr_line' id='line_1_85' title="bbox 2118 4308 3702 4378; baseline -0.001 -11"><span class='ocrx_word' id='word_1_685' title='bbox 2118 4312 2463 4367; x_wconf 80' lang='lat' dir='ltr'><strong>direxerunt.</strong></span> <span class='ocrx_word' id='word_1_686' title='bbox 2495 4310 2673 4364; x_wconf 91' lang='lat' dir='ltr'><strong>Tuum</strong></span> <span class='ocrx_word' id='word_1_687' title='bbox 2693 4319 2775 4365; x_wconf 87' lang='lat' dir='ltr'><strong>est</strong></span> <span class='ocrx_word' id='word_1_688' title='bbox 2802 4309 3088 4378; x_wconf 89' lang='lat' dir='ltr'><strong>deinceps,</strong></span> <span class='ocrx_word' id='word_1_689' title='bbox 3115 4308 3393 4378; x_wconf 89' lang='lat' dir='ltr'><strong>quomodo</strong></span> <span class='ocrx_word' id='word_1_690' title='bbox 3414 4323 3473 4362; x_wconf 84' lang='lat' dir='ltr'><strong>se</strong></span> <span class='ocrx_word' id='word_1_691' title='bbox 3496 4309 3702 4366; x_wconf 84' lang='lat' dir='ltr'><strong>habere</strong></span> 
     </span>
    </p>
   </div>
   <div class='ocr_carea' id='block_1_86' title="bbox 415 4400 2008 4475">
    <p class='ocr_par' dir='ltr' id='par_1_86' title="bbox 415 4403 1101 4475">
     <span class='ocr_line' id='line_1_86' title="bbox 415 4403 1101 4475; baseline -0.001 -16"><span class='ocrx_word' id='word_1_692' title='bbox 415 4422 506 4459; x_wconf 87' lang='grc' dir='ltr'>σοι</span> <span class='ocrx_word' id='word_1_693' title='bbox 539 4405 611 4457; x_wconf 80' lang='grc' dir='ltr'><strong>τά</strong></span> <span class='ocrx_word' id='word_1_694' title='bbox 638 4404 907 4475; x_wconf 75' lang='grc' dir='ltr'><strong>εἰρημένα</strong></span> <span class='ocrx_word' id='word_1_695' title='bbox 933 4403 1101 4458; x_wconf 86' lang='grc' dir='ltr'><strong>δοκεῖ.</strong></span> 
     </span>
    </p>
   </div>
   <div class='ocr_carea' id='block_1_87' title="bbox 2107 4400 3383 4475">
    <p class='ocr_par' dir='ltr' id='par_1_87' title="bbox 2121 4400 3383 4471">
     <span class='ocr_line' id='line_1_87' title="bbox 2121 4400 3383 4471; baseline -0.005 -12"><span class='ocrx_word' id='word_1_696' title='bbox 2121 4403 2220 4460; x_wconf 91' lang='lat' dir='ltr'><strong>tibi</strong></span> <span class='ocrx_word' id='word_1_697' title='bbox 2246 4402 2542 4456; x_wconf 84' lang='lat' dir='ltr'><strong>videantur</strong></span> <span class='ocrx_word' id='word_1_698' title='bbox 2568 4416 2692 4471; x_wconf 60' lang='lat' dir='ltr'><strong>quae</strong></span> <span class='ocrx_word' id='word_1_699' title='bbox 2720 4400 2868 4456; x_wconf 87' lang='lat' dir='ltr'><strong>dicta</strong></span> <span class='ocrx_word' id='word_1_700' title='bbox 2898 4409 3047 4463; x_wconf 87' lang='lat' dir='ltr'><strong>sunt,</strong></span> <span class='ocrx_word' id='word_1_701' title='bbox 3083 4415 3383 4470; x_wconf 64' lang='lat' dir='ltr'><strong>exponere.</strong></span> 
     </span>
    </p>
   </div>
   <div class='ocr_carea' id='block_1_88' title="bbox 489 4490 2008 4568">
    <p class='ocr_par' dir='ltr' id='par_1_88' title="bbox 489 4493 2008 4568">
     <span class='ocr_line' id='line_1_88' title="bbox 489 4493 2008 4568; baseline -0.003 -18"><span class='ocrx_word' id='word_1_702' title='bbox 489 4495 700 4551; x_wconf 73' lang='lat' dir='ltr'><strong>EPAN.</strong></span> <span class='ocrx_word' id='word_1_703' title='bbox 756 4496 975 4568; x_wconf 75' lang='grc' dir='ltr'>Συνῳδὰ</span> <span class='ocrx_word' id='word_1_704' title='bbox 1011 4496 1110 4566; x_wconf 83' lang='grc' dir='ltr'>μὲν</span> <span class='ocrx_word' id='word_1_705' title='bbox 1141 4495 1430 4566; x_wconf 78' lang='grc' dir='ltr'>είρήκασιν</span> <span class='ocrx_word' id='word_1_706' title='bbox 1461 4493 1725 4560; x_wconf 72' lang='grc' dir='ltr'>ἅπαντες,</span> <span class='ocrx_word' id='word_1_707' title='bbox 1756 4493 1852 4549; x_wconf 81' lang='grc' dir='ltr'><strong>καὶ</strong></span> <span class='ocrx_word' id='word_1_708' title='bbox 1878 4510 2008 4565; x_wconf 80' lang='grc' dir='ltr'>συμ‹</span> 
     </span>
    </p>
   </div>
   <div class='ocr_carea' id='block_1_89' title="bbox 2107 4490 3704 4568">
    <p class='ocr_par' dir='ltr' id='par_1_89' title="bbox 2189 4490 3704 4561">
     <span class='ocr_line' id='line_1_89' title="bbox 2189 4490 3704 4561; baseline -0.001 -13"><span class='ocrx_word' id='word_1_709' title='bbox 2189 4492 2397 4550; x_wconf 80' lang='lat' dir='ltr'><strong>ERAN.</strong></span> <span class='ocrx_word' id='word_1_710' title='bbox 2436 4491 2809 4548; x_wconf 83' lang='lat' dir='ltr'><strong>Consonantia</strong></span> <span class='ocrx_word' id='word_1_711' title='bbox 2833 4490 3058 4561; x_wconf 91' lang='lat' dir='ltr'><strong>quidem</strong></span> <span class='ocrx_word' id='word_1_712' title='bbox 3091 4490 3351 4545; x_wconf 81' lang='lat' dir='ltr'><strong>dixerunt</strong></span> <span class='ocrx_word' id='word_1_713' title='bbox 3394 4505 3614 4555; x_wconf 89' lang='lat' dir='ltr'><strong>omnes,</strong></span> <span class='ocrx_word' id='word_1_714' title='bbox 3645 4501 3704 4548; x_wconf 86' lang='lat' dir='ltr'><strong>et</strong></span> 
     </span>
    </p>
   </div>
   <div class='ocr_carea' id='block_1_90' title="bbox 415 4570 2008 4659">
    <p class='ocr_par' dir='ltr' id='par_1_90' title="bbox 415 4586 2008 4659">
     <span class='ocr_line' id='line_1_90' title="bbox 415 4586 2008 4659; baseline -0.001 -19"><span class='ocrx_word' id='word_1_715' title='bbox 415 4586 669 4658; x_wconf 72' lang='grc' dir='ltr'>φωνοῦσι</span> <span class='ocrx_word' id='word_1_716' title='bbox 697 4590 810 4653; x_wconf 88' lang='grc' dir='ltr'>τοῖς</span> <span class='ocrx_word' id='word_1_717' title='bbox 852 4589 951 4659; x_wconf 80' lang='grc' dir='ltr'><strong>τὴν</strong></span> <span class='ocrx_word' id='word_1_718' title='bbox 992 4586 1129 4655; x_wconf 79' lang='grc' dir='ltr'>πρὸς</span> <span class='ocrx_word' id='word_1_719' title='bbox 1163 4587 1451 4657; x_wconf 81' lang='grc' dir='ltr'>ἀνίσχοντα</span> <span class='ocrx_word' id='word_1_720' title='bbox 1484 4587 1636 4656; x_wconf 77' lang='grc' dir='ltr'>ἥλιον</span> <span class='ocrx_word' id='word_1_721' title='bbox 1661 4586 2008 4657; x_wconf 76' lang='grc' dir='ltr'>γεωργήσασι</span> 
     </span>
    </p>
   </div>
   <div class='ocr_carea' id='block_1_91' title="bbox 2107 4570 3700 4659">
    <p class='ocr_par' dir='ltr' id='par_1_91' title="bbox 2120 4570 3700 4653">
     <span class='ocr_line' id='line_1_91' title="bbox 2120 4570 3700 4653; baseline -0.001 -13"><span class='ocrx_word' id='word_1_722' title='bbox 2120 4584 2476 4640; x_wconf 89' lang='lat' dir='ltr'><strong>consentiunt</strong></span> <span class='ocrx_word' id='word_1_723' title='bbox 2515 4570 2645 4638; x_wconf 75' lang='lat' dir='ltr'><strong>cum</strong></span> <span class='ocrx_word' id='word_1_724' title='bbox 2686 4582 2973 4638; x_wconf 87' lang='lat' dir='ltr'><strong>orientalis</strong></span> <span class='ocrx_word' id='word_1_725' title='bbox 3000 4591 3160 4637; x_wconf 74' lang='lat' dir='ltr'><strong>terra:</strong></span> <span class='ocrx_word' id='word_1_726' title='bbox 3186 4582 3495 4638; x_wconf 87' lang='lat' dir='ltr'><strong>cultoribus</strong></span> <span class='ocrx_word' id='word_1_727' title='bbox 3535 4582 3573 4637; x_wconf 90' lang='lat' dir='ltr'><strong>ii</strong></span> <span class='ocrx_word' id='word_1_728' title='bbox 3603 4584 3700 4653; x_wconf 90' lang='lat' dir='ltr'><strong>qui</strong></span> 
     </span>
    </p>
   </div>
   <div class='ocr_carea' id='block_1_92' title="bbox 416 4662 2008 4750">
    <p class='ocr_par' dir='ltr' id='par_1_92' title="bbox 416 4675 2008 4750">
     <span class='ocr_line' id='line_1_92' title="bbox 416 4675 2008 4750; baseline -0.002 -19"><span class='ocrx_word' id='word_1_729' title='bbox 416 4679 532 4750; x_wconf 79' lang='grc' dir='ltr'>γῆν</span> <span class='ocrx_word' id='word_1_730' title='bbox 559 4681 608 4733; x_wconf 84' lang='grc' dir='ltr'><strong>οί</strong></span> <span class='ocrx_word' id='word_1_731' title='bbox 659 4680 760 4750; x_wconf 83' lang='grc' dir='ltr'><strong>τὴν</strong></span> <span class='ocrx_word' id='word_1_732' title='bbox 797 4678 936 4748; x_wconf 77' lang='grc' dir='ltr'>πρὸς</span> <span class='ocrx_word' id='word_1_733' title='bbox 972 4677 1232 4748; x_wconf 84' lang='grc' dir='ltr'>δυόμενον</span> <span class='ocrx_word' id='word_1_734' title='bbox 1272 4677 1778 4749; x_wconf 81' lang='grc' dir='ltr'>φυτουργήσαντες·</span> <span class='ocrx_word' id='word_1_735' title='bbox 1812 4675 2008 4748; x_wconf 77' lang='grc' dir='ltr'>πολλὴν</span> 
     </span>
    </p>
   </div>
   <div class='ocr_carea' id='block_1_93' title="bbox 2107 4662 3703 4750">
    <p class='ocr_par' dir='ltr' id='par_1_93' title="bbox 2117 4672 3703 4745">
     <span class='ocr_line' id='line_1_93' title="bbox 2117 4672 3703 4745; baseline -0.003 -13"><span class='ocrx_word' id='word_1_736' title='bbox 2117 4675 2514 4732; x_wconf 89' lang='lat' dir='ltr'><strong>occidentalem</strong></span> <span class='ocrx_word' id='word_1_737' title='bbox 2532 4675 2895 4730; x_wconf 81' lang='lat' dir='ltr'><strong>excoluerunt</strong></span> <span class='ocrx_word' id='word_1_738' title='bbox 2918 4692 2930 4727; x_wconf 92' lang='lat'>:</span> <span class='ocrx_word' id='word_1_739' title='bbox 2956 4689 3213 4745; x_wconf 83' lang='lat' dir='ltr'><strong>magnum</strong></span> <span class='ocrx_word' id='word_1_740' title='bbox 3231 4682 3415 4728; x_wconf 88' lang='lat' dir='ltr'><strong>autem</strong></span> <span class='ocrx_word' id='word_1_741' title='bbox 3439 4672 3494 4727; x_wconf 91' lang='lat' dir='ltr'><strong>in</strong></span> <span class='ocrx_word' id='word_1_742' title='bbox 3509 4688 3703 4729; x_wconf 89' lang='lat' dir='ltr'><strong>eorum</strong></span> 
     </span>
    </p>
   </div>
   <div class='ocr_carea' id='block_1_94' title="bbox 413 4765 2008 4841">
    <p class='ocr_par' dir='ltr' id='par_1_94' title="bbox 413 4767 1408 4841">
     <span class='ocr_line' id='line_1_94' title="bbox 413 4767 1408 4841; baseline -0.004 -15"><span class='ocrx_word' id='word_1_743' title='bbox 413 4774 476 4826; x_wconf 72' lang='grc' dir='ltr'><strong>δὲ</strong></span> <span class='ocrx_word' id='word_1_744' title='bbox 511 4767 658 4825; x_wconf 78' lang='grc' dir='ltr'>εἶδον</span> <span class='ocrx_word' id='word_1_745' title='bbox 688 4773 748 4825; x_wconf 82' lang='grc' dir='ltr'><strong>ὲν</strong></span> <span class='ocrx_word' id='word_1_746' title='bbox 771 4774 885 4835; x_wconf 77' lang='grc' dir='ltr'>τοῖς</span> <span class='ocrx_word' id='word_1_747' title='bbox 911 4770 1093 4840; x_wconf 77' lang='grc' dir='ltr'>λόγοις</span> <span class='ocrx_word' id='word_1_748' title='bbox 1121 4769 1408 4841; x_wconf 82' lang='grc' dir='ltr'>διαίρεσιν.</span> 
     </span>
    </p>
   </div>
   <div class='ocr_carea' id='block_1_95' title="bbox 2107 4765 3033 4841">
    <p class='ocr_par' dir='ltr' id='par_1_95' title="bbox 2120 4765 3033 4824">
     <span class='ocr_line' id='line_1_95' title="bbox 2120 4765 3033 4824; baseline -0.007 0"><span class='ocrx_word' id='word_1_749' title='bbox 2120 4768 2285 4824; x_wconf 90' lang='lat' dir='ltr'><strong>dictis</strong></span> <span class='ocrx_word' id='word_1_750' title='bbox 2312 4767 2611 4822; x_wconf 75' lang='lat' dir='ltr'><strong>discrimen</strong></span> <span class='ocrx_word' id='word_1_751' title='bbox 2645 4765 3033 4821; x_wconf 83' lang='lat' dir='ltr'><strong>animadverti.</strong></span> 
     </span>
    </p>
   </div>
   <div class='ocr_carea' id='block_1_96' title="bbox 490 4848 2008 4933">
    <p class='ocr_par' dir='ltr' id='par_1_96' title="bbox 490 4857 2008 4933">
     <span class='ocr_line' id='line_1_96' title="bbox 490 4857 2008 4933; baseline -0.004 -16"><span class='ocrx_word' id='word_1_752' title='bbox 490 4864 654 4918; x_wconf 77' lang='lat' dir='ltr'><strong>0P8.</strong></span> <span class='ocrx_word' id='word_1_753' title='bbox 698 4863 945 4933; x_wconf 76' lang='grc' dir='ltr'>Διάδοχοι</span> <span class='ocrx_word' id='word_1_754' title='bbox 991 4862 1102 4915; x_wconf 85' lang='grc' dir='ltr'>τῶν</span> <span class='ocrx_word' id='word_1_755' title='bbox 1140 4861 1304 4914; x_wconf 85' lang='grc' dir='ltr'>θείων</span> <span class='ocrx_word' id='word_1_756' title='bbox 1358 4859 1674 4914; x_wconf 85' lang='grc' dir='ltr'>ἀποστόλων</span> <span class='ocrx_word' id='word_1_757' title='bbox 1713 4859 1764 4913; x_wconf 84' lang='grc' dir='ltr'>οἱ</span> <span class='ocrx_word' id='word_1_758' title='bbox 1820 4857 2008 4932; x_wconf 78' lang='grc' dir='ltr'>ἄνδρες</span> 
     </span>
    </p>
   </div>
   <div class='ocr_carea' id='block_1_97' title="bbox 2107 4848 3703 4933">
    <p class='ocr_par' dir='ltr' id='par_1_97' title="bbox 2191 4848 3703 4925">
     <span class='ocr_line' id='line_1_97' title="bbox 2191 4848 3703 4925; baseline -0.005 -10"><span class='ocrx_word' id='word_1_759' title='bbox 2191 4858 2404 4915; x_wconf 81' lang='lat' dir='ltr'><strong>ORTH.</strong></span> <span class='ocrx_word' id='word_1_760' title='bbox 2442 4848 2803 4913; x_wconf 84' lang='lat' dir='ltr'><strong>Successores</strong></span> <span class='ocrx_word' id='word_1_761' title='bbox 2828 4857 3143 4911; x_wconf 85' lang='lat' dir='ltr'><strong>divinorum</strong></span> <span class='ocrx_word' id='word_1_762' title='bbox 3176 4855 3551 4925; x_wconf 91' lang='lat' dir='ltr'><strong>apostolorum</strong></span> <span class='ocrx_word' id='word_1_763' title='bbox 3596 4854 3703 4908; x_wconf 87' lang='lat' dir='ltr'><strong>viri</strong></span> 
     </span>
    </p>
   </div>
   <div class='ocr_carea' id='block_1_98' title="bbox 410 4945 2008 5023">
    <p class='ocr_par' dir='ltr' id='par_1_98' title="bbox 410 4949 2008 5023">
     <span class='ocr_line' id='line_1_98' title="bbox 410 4949 2008 5023; baseline -0.002 -18"><span class='ocrx_word' id='word_1_764' title='bbox 410 4953 774 5023; x_wconf 70' lang='grc' dir='ltr'>γεγένηνται.</span> <span class='ocrx_word' id='word_1_765' title='bbox 826 4951 987 5016; x_wconf 74' lang='grc' dir='ltr'>τινὲς</span> <span class='ocrx_word' id='word_1_766' title='bbox 1038 4952 1097 5005; x_wconf 68' lang='grc' dir='ltr'><strong>δὲ</strong></span> <span class='ocrx_word' id='word_1_767' title='bbox 1148 4952 1244 5005; x_wconf 70' lang='grc' dir='ltr'><strong>κα)⁵</strong></span> <span class='ocrx_word' id='word_1_768' title='bbox 1278 4951 1379 5021; x_wconf 83' lang='grc' dir='ltr'><strong>τῆς</strong></span> <span class='ocrx_word' id='word_1_769' title='bbox 1406 4951 1559 5022; x_wconf 71' lang='grc' dir='ltr'>ἱερᾶς</span> <span class='ocrx_word' id='word_1_770' title='bbox 1594 4950 1774 5003; x_wconf 84' lang='grc' dir='ltr'>αὐτῶν</span> <span class='ocrx_word' id='word_1_771' title='bbox 1805 4949 2008 5020; x_wconf 82' lang='grc' dir='ltr'>φωνῆς,</span> 
     </span>
    </p>
   </div>
   <div class='ocr_carea' id='block_1_99' title="bbox 2107 4945 3702 5023">
    <p class='ocr_par' dir='ltr' id='par_1_99' title="bbox 2119 4945 3702 5017">
     <span class='ocr_line' id='line_1_99' title="bbox 2119 4945 3702 5017; baseline -0.004 -14"><span class='ocrx_word' id='word_1_772' title='bbox 2119 4948 2179 5003; x_wconf 91' lang='lat' dir='ltr'><strong>hi</strong></span> <span class='ocrx_word' id='word_1_773' title='bbox 2217 4948 2442 5003; x_wconf 82' lang='lat' dir='ltr'><strong>fuerunt</strong></span> <span class='ocrx_word' id='word_1_774' title='bbox 2477 4965 2492 5001; x_wconf 87' lang='lat'><strong>:</strong></span> <span class='ocrx_word' id='word_1_775' title='bbox 2533 4963 2768 5017; x_wconf 88' lang='lat' dir='ltr'><strong>quorum</strong></span> <span class='ocrx_word' id='word_1_776' title='bbox 2812 4946 2981 5016; x_wconf 89' lang='lat' dir='ltr'><strong>aliqui</strong></span> <span class='ocrx_word' id='word_1_777' title='bbox 3026 4958 3236 5001; x_wconf 88' lang='lat' dir='ltr'><strong>sacram</strong></span> <span class='ocrx_word' id='word_1_778' title='bbox 3266 4945 3486 4999; x_wconf 90' lang='lat' dir='ltr'><strong>illorum</strong></span> <span class='ocrx_word' id='word_1_779' title='bbox 3510 4959 3702 4998; x_wconf 83' lang='lat' dir='ltr'><strong>vocem</strong></span> 
     </span>
    </p>
   </div>
   <div class='ocr_carea' id='block_1_100' title="bbox 414 5034 2008 5116">
    <p class='ocr_par' dir='ltr' id='par_1_100' title="bbox 414 5040 2008 5116">
     <span class='ocr_line' id='line_1_100' title="bbox 414 5040 2008 5116; baseline -0.005 -15"><span class='ocrx_word' id='word_1_780' title='bbox 414 5047 518 5101; x_wconf 75' lang='grc' dir='ltr'><strong>καὶ</strong></span> <span class='ocrx_word' id='word_1_781' title='bbox 548 5045 652 5115; x_wconf 83' lang='grc' dir='ltr'>τῆς</span> <span class='ocrx_word' id='word_1_782' title='bbox 676 5043 1008 5114; x_wconf 66' lang='grc' dir='ltr'>ἀξωγάστου</span> <span class='ocrx_word' id='word_1_783' title='bbox 1038 5041 1168 5108; x_wconf 82' lang='grc' dir='ltr'>θέας</span> <span class='ocrx_word' id='word_1_784' title='bbox 1206 5045 1553 5116; x_wconf 82' lang='grc' dir='ltr'><strong>ἀπήλαυσαν·</strong></span> <span class='ocrx_word' id='word_1_785' title='bbox 1580 5043 1631 5096; x_wconf 74' lang='lat' dir='ltr'><strong>oi</strong></span> <span class='ocrx_word' id='word_1_786' title='bbox 1675 5042 1735 5097; x_wconf 78' lang='grc' dir='ltr'><strong>δέ</strong></span> <span class='ocrx_word' id='word_1_787' title='bbox 1767 5058 1831 5111; x_wconf 89' lang='grc' dir='ltr'><strong>γε</strong></span> <span class='ocrx_word' id='word_1_788' title='bbox 1862 5040 2008 5094; x_wconf 77' lang='grc' dir='ltr'>πλεῖ-</span> 
     </span>
    </p>
   </div>
   <div class='ocr_carea' id='block_1_101' title="bbox 2107 5034 3702 5116">
    <p class='ocr_par' dir='ltr' id='par_1_101' title="bbox 2119 5034 3702 5105">
     <span class='ocr_line' id='line_1_101' title="bbox 2119 5034 3702 5105; baseline -0.004 -11"><span class='ocrx_word' id='word_1_789' title='bbox 2119 5039 2456 5105; x_wconf 88' lang='lat' dir='ltr'><strong>audierunt,</strong></span> <span class='ocrx_word' id='word_1_790' title='bbox 2510 5048 2568 5094; x_wconf 89' lang='lat' dir='ltr'><strong>et</strong></span> <span class='ocrx_word' id='word_1_791' title='bbox 2595 5038 2907 5094; x_wconf 90' lang='lat' dir='ltr'><strong>admirabili</strong></span> <span class='ocrx_word' id='word_1_792' title='bbox 2937 5053 3133 5093; x_wconf 88' lang='lat' dir='ltr'><strong>eorum</strong></span> <span class='ocrx_word' id='word_1_793' title='bbox 3177 5035 3580 5093; x_wconf 89' lang='lat' dir='ltr'><strong>consuetudine</strong></span> <span class='ocrx_word' id='word_1_794' title='bbox 3615 5034 3702 5089; x_wconf 91' lang='lat' dir='ltr'><strong>usi</strong></span> 
     </span>
    </p>
   </div>
   <div class='ocr_carea' id='block_1_102' title="bbox 2113 5215 2856 5275">
    <p class='ocr_par' dir='ltr' id='par_1_102' title="bbox 2113 5215 2856 5275">
     <span class='ocr_line' id='line_1_102' title="bbox 2113 5215 2856 5275; baseline -0.005 0"><span class='ocrx_word' id='word_1_795' title='bbox 2113 5219 2283 5275; x_wconf 88' lang='lat' dir='ltr'><strong>habet</strong></span> <span class='ocrx_word' id='word_1_796' title='bbox 2314 5219 2483 5274; x_wconf 90' lang='lat' dir='ltr'><strong>etiam</strong></span> <span class='ocrx_word' id='word_1_797' title='bbox 2513 5217 2604 5273; x_wconf 92' lang='lat' dir='ltr'><strong>ed.</strong></span> <span class='ocrx_word' id='word_1_798' title='bbox 2644 5215 2856 5272; x_wconf 80' lang='lat' dir='ltr'><strong>Savilii.</strong></span> 
     </span>
    </p>
   </div>
   <div class='ocr_carea' id='block_1_103' title="bbox 2184 5286 2914 5357">
    <p class='ocr_par' dir='ltr' id='par_1_103' title="bbox 2184 5286 2914 5357">
     <span class='ocr_line' id='line_1_103' title="bbox 2184 5286 2914 5357; baseline -0.005 -12"><span class='ocrx_word' id='word_1_799' title='bbox 2184 5291 2298 5357; x_wconf 80' lang='grc'>(95)</span> <span class='ocrx_word' id='word_1_800' title='bbox 2334 5290 2483 5343; x_wconf 77' lang='grc' dir='ltr'><strong>ἑαὺτ.</strong></span> <span class='ocrx_word' id='word_1_801' title='bbox 2517 5287 2684 5343; x_wconf 85' lang='lat' dir='ltr'><strong>Savil.</strong></span> <span class='ocrx_word' id='word_1_802' title='bbox 2725 5286 2914 5341; x_wconf 80' lang='grc' dir='ltr'><strong>αὐτοῦ.</strong></span> 
     </span>
    </p>
   </div>
   <div class='ocr_carea' id='block_1_104' title="bbox 417 5350 2008 5435">
    <p class='ocr_par' dir='ltr' id='par_1_104' title="bbox 417 5350 2008 5435">
     <span class='ocr_line' id='line_1_104' title="bbox 417 5350 2008 5435; baseline -0.004 -15"><span class='ocrx_word' id='word_1_803' title='bbox 417 5350 616 5435; x_wconf 10' lang='lat' dir='ltr'><strong>2,7&#39;ub&#39;i</strong></span> <span class='ocrx_word' id='word_1_804' title='bbox 648 5350 955 5435; x_wconf 58' lang='lat' dir='ltr'><strong>excail&#39;em</strong></span> <span class='ocrx_word' id='word_1_805' title='bbox 996 5362 1246 5435; x_wconf 80' lang='lat' dir='ltr'><strong>oratione</strong></span> <span class='ocrx_word' id='word_1_806' title='bbox 1292 5363 1450 5417; x_wconf 84' lang='lat' dir='ltr'><strong>locus</strong></span> <span class='ocrx_word' id='word_1_807' title='bbox 1485 5350 1755 5430; x_wconf 76' lang='lat' dir='ltr'><strong>allegatur</strong></span> <span class='ocrx_word' id='word_1_808' title='bbox 1776 5360 1882 5415; x_wconf 90' lang='lat' dir='ltr'><strong>sub</strong></span> <span class='ocrx_word' id='word_1_809' title='bbox 1915 5374 2008 5414; x_wconf 91' lang='lat' dir='ltr'><strong>no-</strong></span> 
     </span>
    </p>
   </div>
   <div class='ocr_carea' id='block_1_105' title="bbox 2107 5350 3654 5435">
    <p class='ocr_par' dir='ltr' id='par_1_105' title="bbox 2186 5350 3654 5435">
     <span class='ocr_line' id='line_1_105' title="bbox 2186 5350 3654 5435; baseline -0.001 -23"><span class='ocrx_word' id='word_1_810' title='bbox 2333 5360 2451 5435; x_wconf 63' lang='lat' dir='ltr'><strong>péy.</strong></span> <span class='ocrx_word' id='word_1_811' title='bbox 2490 5357 2656 5435; x_wconf 75' lang='lat' dir='ltr'><strong>Savil.</strong></span> <span class='ocrx_word' id='word_1_812' title='bbox 2692 5357 2848 5435; x_wconf 67' lang='lat' dir='ltr'><strong>addit</strong></span> <span class='ocrx_word' id='word_1_813' title='bbox 2877 5350 3019 5435; x_wconf 61' lang='lat' dir='ltr'><strong>35v._</strong></span> <span class='ocrx_word' id='word_1_814' title='bbox 3162 5426 3176 5435; x_wconf 79' lang='lat'><strong>_</strong></span> <span class='ocrx_word' id='word_1_815' title='bbox 3256 5425 3270 5435; x_wconf 83' lang='lat'>_</span> <span class='ocrx_word' id='word_1_816' title='bbox 3349 5421 3376 5434; x_wconf 54' lang='lat'><strong>-</strong></span> <span class='ocrx_word' id='word_1_817' title='bbox 3512 5421 3528 5435; x_wconf 38' lang='grc' dir='ltr'>ι</span> <span class='ocrx_word' id='word_1_818' title='bbox 3627 5421 3654 5435; x_wconf 82' lang='lat'>_</span> 
     </span>
    </p>
   </div>
   <div class='ocr_carea' id='block_1_106' title="bbox 417 5421 2008 5502">
    <p class='ocr_par' dir='ltr' id='par_1_106' title="bbox 417 5421 1858 5502">
     <span class='ocr_line' id='line_1_106' title="bbox 417 5421 1858 5502; baseline -0.006 -12"><span class='ocrx_word' id='word_1_819' title='bbox 417 5421 578 5490; x_wconf 64' lang='lat' dir='ltr'><strong>Illinc</strong></span> <span class='ocrx_word' id='word_1_820' title='bbox 604 5431 865 5486; x_wconf 77' lang='lat' dir='ltr'><strong>orationis</strong></span> <span class='ocrx_word' id='word_1_821' title='bbox 893 5432 1224 5502; x_wconf 70' lang='lat' dir='ltr'><strong>dogmaticw.</strong></span> <span class='ocrx_word' id='word_1_822' title='bbox 1373 5500 1386 5502; x_wconf 15' lang='grc' dir='ltr'>ξ</span> <span class='ocrx_word' id='word_1_823' title='bbox 1483 5498 1496 5502; x_wconf 90' lang='lat'><strong>_</strong></span> <span class='ocrx_word' id='word_1_824' title='bbox 1594 5421 1623 5430; x_wconf 60' lang='grc'>⁷</span> <span class='ocrx_word' id='word_1_825' title='bbox 1746 5498 1760 5502; x_wconf 82' lang='lat'><strong><em>_</em></strong></span> <span class='ocrx_word' id='word_1_826' title='bbox 1847 5498 1858 5502; x_wconf 24' lang='grc' dir='ltr'><strong>Α</strong></span> 
     </span>
    </p>
   </div>
   <div class='ocr_carea' id='block_1_107' title="bbox 2107 5421 3698 5502">
    <p class='ocr_par' dir='ltr' id='par_1_107' title="bbox 2122 5421 3698 5502">
     <span class='ocr_line' id='line_1_107' title="bbox 2122 5421 3698 5502; baseline -0.004 -18"><span class='ocrx_word' id='word_1_827' title='bbox 2122 5498 2134 5502; x_wconf 87' lang='lat'>_</span> <span class='ocrx_word' id='word_1_828' title='bbox 2184 5421 2418 5502; x_wconf 44' lang='lat' dir='ltr'><strong>(95)}al</strong></span> <span class='ocrx_word' id='word_1_829' title='bbox 2433 5427 2851 5502; x_wconf 69' lang='lat' dir='ltr'><strong>—_1tepl_a6:oﬁ.</strong></span> <span class='ocrx_word' id='word_1_830' title='bbox 2875 5426 3022 5502; x_wconf 80' lang='lat' dir='ltr'><strong>Savil</strong></span> <span class='ocrx_word' id='word_1_831' title='bbox 3057 5426 3187 5502; x_wconf 67' lang='grc' dir='ltr'>σεερὶ</span> <span class='ocrx_word' id='word_1_832' title='bbox 3210 5421 3402 5502; x_wconf 57' lang='grc' dir='ltr'>αυτοῦ,</span> <span class='ocrx_word' id='word_1_833' title='bbox 3441 5421 3536 5502; x_wconf 55' lang='grc' dir='ltr'>καὶ</span> <span class='ocrx_word' id='word_1_834' title='bbox 3577 5421 3698 5477; x_wconf 84' lang='grc' dir='ltr'>τῶν</span> 
     </span>
    </p>
   </div>
   <div class='ocr_carea' id='block_1_108' title="bbox 498 5492 2008 5585">
    <p class='ocr_par' dir='ltr' id='par_1_108' title="bbox 498 5492 2008 5585">
     <span class='ocr_line' id='line_1_108' title="bbox 498 5492 2008 5585; baseline 0 0"><span class='ocrx_word' id='word_1_835' title='bbox 498 5502 615 5585; x_wconf 79' lang='lat'><strong>(90&gt;</strong></span> <span class='ocrx_word' id='word_1_836' title='bbox 653 5503 740 5585; x_wconf 68' lang='grc' dir='ltr'><strong>ἒγς</strong></span> <span class='ocrx_word' id='word_1_837' title='bbox 777 5519 831 5555; x_wconf 84' lang='grc' dir='ltr'><strong>κ·</strong></span> <span class='ocrx_word' id='word_1_838' title='bbox 867 5492 1015 5585; x_wconf 46' lang='lat' dir='ltr'><strong>ili?-</strong></span> <span class='ocrx_word' id='word_1_839' title='bbox 1064 5500 1191 5556; x_wconf 69' lang='grc' dir='ltr'><strong>Ηδεο</strong></span> <span class='ocrx_word' id='word_1_840' title='bbox 1228 5498 1536 5585; x_wconf 49' lang='lat' dir='ltr'><strong>supplenda</strong></span> <span class='ocrx_word' id='word_1_841' title='bbox 1573 5513 1697 5585; x_wconf 56' lang='lat' dir='ltr'><strong>esse.</strong></span> <span class='ocrx_word' id='word_1_842' title='bbox 1730 5498 2008 5585; x_wconf 65' lang='lat' dir='ltr'><strong>d.“&quot;i&#39;?.‘.’§3</strong></span> 
     </span>
    </p>
   </div>
   <div class='ocr_carea' id='block_1_109' title="bbox 2107 5492 3518 5585">
    <p class='ocr_par' dir='ltr' id='par_1_109' title="bbox 2110 5492 3518 5585">
     <span class='ocr_line' id='line_1_109' title="bbox 2110 5492 3518 5585; baseline -0.004 -33"><span class='ocrx_word' id='word_1_843' title='bbox 2110 5492 2425 5585; x_wconf 45' lang='lat' dir='ltr'><strong>duonciolmy</strong></span> <span class='ocrx_word' id='word_1_844' title='bbox 2462 5492 2781 5585; x_wconf 47' lang='grc' dir='ltr'><strong>είρηξεὸτωΐν.</strong></span> <span class='ocrx_word' id='word_1_845' title='bbox 2815 5500 2909 5551; x_wconf 78' lang='grc' dir='ltr'><strong>καὶ</strong></span> <span class='ocrx_word' id='word_1_846' title='bbox 2936 5496 3102 5585; x_wconf 65' lang='grc' dir='ltr'>αὐτοῦ</span> <span class='ocrx_word' id='word_1_847' title='bbox 3132 5492 3268 5567; x_wconf 59' lang='grc' dir='ltr'><strong>οπερ),</strong></span> <span class='ocrx_word' id='word_1_848' title='bbox 3296 5492 3518 5585; x_wconf 66' lang='grc' dir='ltr'>ἑαυτοῦὶ</span> 
     </span>
    </p>
   </div>
   <div class='ocr_carea' id='block_1_110' title="bbox 462 5559 3698 5657">
    <p class='ocr_par' dir='ltr' id='par_1_110' title="bbox 462 5559 3698 5657">
     <span class='ocr_line' id='line_1_110' title="bbox 462 5559 3698 5657; baseline -0.004 -29"><span class='ocrx_word' id='word_1_849' title='bbox 462 5559 1133 5657; x_wconf 43' lang='grc' dir='ltr'><strong>αἶαν’ρόξὶοὲςιιὶριίῥξεω</strong></span> <span class='ocrx_word' id='word_1_850' title='bbox 1181 5559 1792 5657; x_wconf 41' lang='lat' dir='ltr'><strong>oratiépispgrtjnent’.</strong></span> <span class='ocrx_word' id='word_1_851' title='bbox 1830 5559 2014 5623; x_wconf 82' lang='lat' dir='ltr'><strong>Editio</strong></span> <span class='ocrx_word' id='word_1_852' title='bbox 2184 5569 2296 5640; x_wconf 87' lang='lat'><strong>(96)</strong></span> <span class='ocrx_word' id='word_1_853' title='bbox 2339 5559 2538 5657; x_wconf 54' lang='grc' dir='ltr'><strong>πξσαξξ.</strong></span> <span class='ocrx_word' id='word_1_854' title='bbox 2571 5559 2685 5622; x_wconf 76' lang='grc' dir='ltr'><strong>Ἐιι.</strong></span> <span class='ocrx_word' id='word_1_855' title='bbox 2722 5568 2882 5623; x_wconf 70' lang='lat' dir='ltr'><strong>Rern.</strong></span> <span class='ocrx_word' id='word_1_856' title='bbox 2920 5575 2973 5622; x_wconf 88' lang='lat' dir='ltr'><strong>et</strong></span> <span class='ocrx_word' id='word_1_857' title='bbox 3012 5566 3162 5636; x_wconf 88' lang='lat' dir='ltr'><strong>Lips.</strong></span> <span class='ocrx_word' id='word_1_858' title='bbox 3212 5559 3404 5635; x_wconf 60' lang='lat' dir='ltr'><strong>praem.</strong></span> <span class='ocrx_word' id='word_1_859' title='bbox 3449 5563 3571 5634; x_wconf 80' lang='grc' dir='ltr'><strong>τήν.</strong></span> <span class='ocrx_word' id='word_1_860' title='bbox 3617 5559 3698 5617; x_wconf 82' lang='lat' dir='ltr'><strong>Ita</strong></span> 
     </span>
    </p>
   </div>
   <div class='ocr_carea' id='block_1_111' title="bbox 419 5590 2008 5712">
    <p class='ocr_par' dir='ltr' id='par_1_111' title="bbox 419 5590 2008 5712">
     <span class='ocr_line' id='line_1_111' title="bbox 419 5590 2008 5699; baseline -0.003 -71"><span class='ocrx_word' id='word_1_861' title='bbox 419 5590 559 5699; x_wconf 57' lang='grc' dir='ltr'><strong>ἕξις</strong></span> <span class='ocrx_word' id='word_1_862' title='bbox 581 5590 679 5654; x_wconf 54' lang='lat' dir='ltr'><strong>&quot;an</strong></span> <span class='ocrx_word' id='word_1_863' title='bbox 714 5590 1133 5642; x_wconf 75' lang='lat' dir='ltr'><strong>mscnpuonem</strong></span> <span class='ocrx_word' id='word_1_864' title='bbox 1181 5590 1469 5651; x_wconf 60' lang='lat' dir='ltr'><strong>orationis,</strong></span> <span class='ocrx_word' id='word_1_865' title='bbox 1490 5590 1792 5657; x_wconf 69' lang='lat' dir='ltr'><strong>Peruﬂelll.</strong></span> <span class='ocrx_word' id='word_1_866' title='bbox 1830 5590 2008 5623; x_wconf 69' lang='lat' dir='ltr'><strong>DUIUU</strong></span> 
     </span>
     <span class='ocr_line' id='line_1_112' title="bbox 499 5639 2008 5712; baseline -0.004 -15"><span class='ocrx_word' id='word_1_867' title='bbox 499 5643 643 5712; x_wconf 64' lang='lat' dir='ltr'><strong>Vtin,</strong></span> <span class='ocrx_word' id='word_1_868' title='bbox 684 5650 727 5696; x_wconf 88' lang='lat' dir='ltr'><strong>t.</strong></span> <span class='ocrx_word' id='word_1_869' title='bbox 760 5642 850 5705; x_wconf 77' lang='lat' dir='ltr'><strong>Vl,</strong></span> <span class='ocrx_word' id='word_1_870' title='bbox 880 5657 938 5712; x_wconf 91' lang='lat' dir='ltr'><strong>p.</strong></span> <span class='ocrx_word' id='word_1_871' title='bbox 976 5640 1103 5712; x_wconf 64' lang='grc'><strong>425,</strong></span> <span class='ocrx_word' id='word_1_872' title='bbox 1147 5646 1422 5712; x_wconf 68' lang='lat' dir='ltr'><strong>praemitti!</strong></span> <span class='ocrx_word' id='word_1_873' title='bbox 1455 5639 1670 5712; x_wconf 48' lang='grc' dir='ltr'><strong>ουδὲ-δι’</strong></span> <span class='ocrx_word' id='word_1_874' title='bbox 1692 5639 2008 5712; x_wconf 72' lang='grc' dir='ltr'><strong>ἐλάττωσιν.</strong></span> 
     </span>
    </p>
   </div>
   <div class='ocr_carea' id='block_1_112' title="bbox 2107 5590 2549 5712">
    <p class='ocr_par' dir='ltr' id='par_1_112' title="bbox 2120 5590 2549 5712">
     <span class='ocr_line' id='line_1_113' title="bbox 2184 5590 2538 5640; baseline -0.014 -16"><span class='ocrx_word' id='word_1_875' title='bbox 2184 5590 2296 5640; x_wconf 70' lang='grc' dir='ltr'>(νυ)</span> <span class='ocrx_word' id='word_1_876' title='bbox 2339 5590 2538 5622; x_wconf 71' lang='grc' dir='ltr'>πασαν.</span> 
     </span>
     <span class='ocr_line' id='line_1_114' title="bbox 2120 5637 2549 5712; baseline 0.005 -2"><span class='ocrx_word' id='word_1_877' title='bbox 2120 5653 2341 5712; x_wconf 66' lang='lat' dir='ltr'><strong>queque</strong></span> <span class='ocrx_word' id='word_1_878' title='bbox 2380 5637 2549 5712; x_wconf 58' lang='grc' dir='ltr'><strong>δεινῆς</strong></span> 
     </span>
    </p>
   </div>
   <div class='ocr_carea' id='block_1_113' title="bbox 519 5703 3290 5844">
    <p class='ocr_par' dir='ltr' id='par_1_113' title="bbox 519 5703 3290 5844">
     <span class='ocr_line' id='line_1_115' title="bbox 519 5703 3290 5777; baseline -0.004 -8"><span class='ocrx_word' id='word_1_879' title='bbox 519 5714 582 5769; x_wconf 78' lang='lat' dir='ltr'><strong>9i</strong></span> <span class='ocrx_word' id='word_1_880' title='bbox 630 5703 724 5765; x_wconf 70' lang='grc' dir='ltr'><strong>αἱ.</strong></span> <span class='ocrx_word' id='word_1_881' title='bbox 760 5703 1120 5766; x_wconf 58' lang='lat' dir='ltr'><strong>Inscr-endam</strong></span> <span class='ocrx_word' id='word_1_882' title='bbox 1147 5703 1274 5764; x_wconf 51' lang='lat' dir='ltr'><strong>’i&#39;uit</strong></span> <span class='ocrx_word' id='word_1_883' title='bbox 1321 5725 1391 5763; x_wconf 86' lang='lat' dir='ltr'><strong>ex</strong></span> <span class='ocrx_word' id='word_1_884' title='bbox 1436 5709 1523 5764; x_wconf 69' lang='lat' dir='ltr'><strong>ed.</strong></span> <span class='ocrx_word' id='word_1_885' title='bbox 1554 5708 1720 5762; x_wconf 82' lang='lat' dir='ltr'><strong>&#39;Rom.</strong></span> <span class='ocrx_word' id='word_1_886' title='bbox 1757 5716 1814 5763; x_wconf 92' lang='lat' dir='ltr'><strong>et</strong></span> <span class='ocrx_word' id='word_1_887' title='bbox 1862 5707 2011 5777; x_wconf 90' lang='lat' dir='ltr'><strong>Lips.</strong></span> <span class='ocrx_word' id='word_1_888' title='bbox 2138 5703 2157 5710; x_wconf 88' lang='grc'><em>’</em></span> <span class='ocrx_word' id='word_1_889' title='bbox 2218 5703 2285 5762; x_wconf 79' lang='lat'><strong>97</strong></span> <span class='ocrx_word' id='word_1_890' title='bbox 2344 5725 2469 5762; x_wconf 85' lang='grc' dir='ltr'>κατ.</span> <span class='ocrx_word' id='word_1_891' title='bbox 2501 5707 2620 5762; x_wconf 83' lang='lat' dir='ltr'><strong>Huc</strong></span> <span class='ocrx_word' id='word_1_892' title='bbox 2651 5721 2827 5776; x_wconf 87' lang='lat' dir='ltr'><strong>usque</strong></span> <span class='ocrx_word' id='word_1_893' title='bbox 2847 5703 3290 5774; x_wconf 86' lang='lat' dir='ltr'><strong>Chrysostomus.</strong></span> 
     </span>
     <span class='ocr_line' id='line_1_116' title="bbox 519 5710 3275 5844; baseline -0.004 -5"><span class='ocrx_word' id='word_1_894' title='bbox 519 5710 612 5844; x_wconf 57' lang='lat' dir='ltr'><strong>aei</strong></span> <span class='ocrx_word' id='word_1_895' title='bbox 649 5781 753 5837; x_wconf 84' lang='lat' dir='ltr'><strong>Ed.</strong></span> <span class='ocrx_word' id='word_1_896' title='bbox 808 5781 972 5836; x_wconf 82' lang='lat' dir='ltr'><strong>Rom.</strong></span> <span class='ocrx_word' id='word_1_897' title='bbox 1003 5787 1061 5834; x_wconf 85' lang='lat' dir='ltr'><strong>et</strong></span> <span class='ocrx_word' id='word_1_898' title='bbox 1103 5776 1251 5844; x_wconf 86' lang='lat' dir='ltr'><strong>Lips.</strong></span> <span class='ocrx_word' id='word_1_899' title='bbox 1289 5776 1565 5833; x_wconf 78' lang='grc' dir='ltr'>ταπεινοῦ.</span> <span class='ocrx_word' id='word_1_900' title='bbox 1625 5777 1732 5834; x_wconf 85' lang='lat' dir='ltr'><strong>Sed</strong></span> <span class='ocrx_word' id='word_1_901' title='bbox 1783 5778 2015 5831; x_wconf 83' lang='grc' dir='ltr'>ταπεινά</span> <span class='ocrx_word' id='word_1_902' title='bbox 2197 5710 2311 5844; x_wconf 45' lang='grc'>(98)</span> <span class='ocrx_word' id='word_1_903' title='bbox 2342 5773 2453 5833; x_wconf 77' lang='grc' dir='ltr'>οὖν.</span> <span class='ocrx_word' id='word_1_904' title='bbox 2487 5777 2611 5833; x_wconf 89' lang='lat' dir='ltr'><strong>Des.</strong></span> <span class='ocrx_word' id='word_1_905' title='bbox 2642 5775 2698 5831; x_wconf 90' lang='lat' dir='ltr'><strong>in</strong></span> <span class='ocrx_word' id='word_1_906' title='bbox 2723 5774 2813 5832; x_wconf 89' lang='lat' dir='ltr'><strong>ed.</strong></span> <span class='ocrx_word' id='word_1_907' title='bbox 2843 5774 3003 5831; x_wconf 79' lang='lat' dir='ltr'><strong>Rom.</strong></span> <span class='ocrx_word' id='word_1_908' title='bbox 3037 5780 3094 5831; x_wconf 79' lang='lat' dir='ltr'><strong>et</strong></span> <span class='ocrx_word' id='word_1_909' title='bbox 3121 5772 3275 5835; x_wconf 76' lang='lat' dir='ltr'><strong>Lips.</strong></span> 
     </span>
    </p>
   </div>
   <div class='ocr_carea' id='block_1_114' title="bbox 519 5772 2008 5850">
    <p class='ocr_par' dir='ltr' id='par_1_114' title="bbox 519 5772 2008 5850">
     <span class='ocr_line' id='line_1_117' title="bbox 519 5772 2008 5850; baseline -0.005 -11"><span class='ocrx_word' id='word_1_910' title='bbox 519 5772 611 5850; x_wconf 69' lang='grc'><strong>92)</strong></span> <span class='ocrx_word' id='word_1_911' title='bbox 649 5781 753 5837; x_wconf 84' lang='lat' dir='ltr'><strong>Ed.</strong></span> <span class='ocrx_word' id='word_1_912' title='bbox 808 5781 972 5836; x_wconf 81' lang='lat' dir='ltr'><strong>Rom.</strong></span> <span class='ocrx_word' id='word_1_913' title='bbox 1003 5787 1061 5834; x_wconf 85' lang='lat' dir='ltr'><strong>et</strong></span> <span class='ocrx_word' id='word_1_914' title='bbox 1103 5776 1251 5850; x_wconf 86' lang='lat' dir='ltr'><strong>Lips.</strong></span> <span class='ocrx_word' id='word_1_915' title='bbox 1289 5776 1565 5833; x_wconf 79' lang='grc' dir='ltr'>ταπεινοῦ.</span> <span class='ocrx_word' id='word_1_916' title='bbox 1625 5777 1732 5834; x_wconf 85' lang='lat' dir='ltr'><strong>Sed</strong></span> <span class='ocrx_word' id='word_1_917' title='bbox 1783 5772 2008 5831; x_wconf 72' lang='grc' dir='ltr'>ταπεῐνὰ</span> 
     </span>
    </p>
   </div>
   <div class='ocr_carea' id='block_1_115' title="bbox 2107 5772 3275 5850">
    <p class='ocr_par' dir='ltr' id='par_1_115' title="bbox 2199 5772 3275 5845">
     <span class='ocr_line' id='line_1_118' title="bbox 2199 5772 3275 5845; baseline -0.005 -12"><span class='ocrx_word' id='word_1_918' title='bbox 2199 5772 2311 5845; x_wconf 80' lang='grc'>(98)</span> <span class='ocrx_word' id='word_1_919' title='bbox 2342 5773 2453 5833; x_wconf 77' lang='grc' dir='ltr'>οὖν.</span> <span class='ocrx_word' id='word_1_920' title='bbox 2487 5777 2611 5833; x_wconf 89' lang='lat' dir='ltr'><strong>Des.</strong></span> <span class='ocrx_word' id='word_1_921' title='bbox 2642 5775 2698 5831; x_wconf 90' lang='lat' dir='ltr'><strong>in</strong></span> <span class='ocrx_word' id='word_1_922' title='bbox 2723 5772 2813 5832; x_wconf 77' lang='lat' dir='ltr'><strong>ed.</strong></span> <span class='ocrx_word' id='word_1_923' title='bbox 2843 5772 3003 5831; x_wconf 79' lang='lat' dir='ltr'><strong>Rom.</strong></span> <span class='ocrx_word' id='word_1_924' title='bbox 3037 5780 3094 5831; x_wconf 79' lang='lat' dir='ltr'><strong>et</strong></span> <span class='ocrx_word' id='word_1_925' title='bbox 3121 5772 3275 5835; x_wconf 76' lang='lat' dir='ltr'><strong>Lips.</strong></span> 
     </span>
    </p>
   </div>
   <div class='ocr_carea' id='block_1_116' title="bbox 491 5220 1936 5361">
    <p class='ocr_par' dir='ltr' id='par_1_116' title="bbox 491 5220 1936 5361">
     <span class='ocr_line' id='line_1_119' title="bbox 491 5220 1936 5361; baseline -0.003 -83"><span class='ocrx_word' id='word_1_926' title='bbox 491 5222 613 5361; x_wconf 76' lang='grc'>(88)</span> <span class='ocrx_word' id='word_1_927' title='bbox 648 5220 765 5275; x_wconf 87' lang='grc' dir='ltr'>καί.</span> <span class='ocrx_word' id='word_1_928' title='bbox 799 5221 881 5277; x_wconf 80' lang='lat' dir='ltr'><strong>Ex</strong></span> <span class='ocrx_word' id='word_1_929' title='bbox 913 5222 1003 5277; x_wconf 89' lang='lat' dir='ltr'><strong>ed.</strong></span> <span class='ocrx_word' id='word_1_930' title='bbox 1028 5222 1186 5277; x_wconf 80' lang='lat' dir='ltr'><strong>Rom.</strong></span> <span class='ocrx_word' id='word_1_931' title='bbox 1213 5232 1271 5277; x_wconf 92' lang='lat' dir='ltr'><strong>et</strong></span> <span class='ocrx_word' id='word_1_932' title='bbox 1308 5221 1459 5291; x_wconf 87' lang='lat' dir='ltr'><strong>Lips.</strong></span> <span class='ocrx_word' id='word_1_933' title='bbox 1494 5222 1810 5302; x_wconf 41' lang='lat' dir='ltr'><strong>insertum.</strong></span> <span class='ocrx_word' id='word_1_934' title='bbox 1923 5289 1936 5301; x_wconf 43' lang='lat'><strong><em>.</em></strong></span> 
     </span>
     <span class='ocr_line' id='line_1_120' title="bbox 495 5288 1936 5361; baseline -0.003 -14"><span class='ocrx_word' id='word_1_935' title='bbox 495 5292 592 5361; x_wconf 86' lang='lat'><strong>(89</strong></span> <span class='ocrx_word' id='word_1_936' title='bbox 638 5294 710 5345; x_wconf 70' lang='grc' dir='ltr'><strong>τὰ</strong></span> <span class='ocrx_word' id='word_1_937' title='bbox 755 5292 1123 5361; x_wconf 87' lang='lat' dir='ltr'><strong>supplendum</strong></span> <span class='ocrx_word' id='word_1_938' title='bbox 1178 5293 1302 5347; x_wconf 79' lang='lat' dir='ltr'><strong>fuit.</strong></span> <span class='ocrx_word' id='word_1_939' title='bbox 1347 5292 1539 5347; x_wconf 77' lang='lat' dir='ltr'><strong>Exstat</strong></span> <span class='ocrx_word' id='word_1_940' title='bbox 1595 5291 1758 5355; x_wconf 78' lang='lat' dir='ltr'><strong>mira,</strong></span> <span class='ocrx_word' id='word_1_941' title='bbox 1795 5306 1855 5361; x_wconf 81' lang='lat' dir='ltr'><strong>in</strong></span> <span class='ocrx_word' id='word_1_942' title='bbox 1882 5288 1936 5345; x_wconf 79' lang='lat' dir='ltr'><strong>di</strong></span> 
     </span>
    </p>
   </div>
   <div class='ocr_carea' id='block_1_117' title="bbox 495 5288 2014 5361">
    <p class='ocr_par' dir='ltr' id='par_1_117' title="bbox 495 5288 2014 5361">
     <span class='ocr_line' id='line_1_121' title="bbox 495 5288 2014 5361; baseline -0.002 -14"><span class='ocrx_word' id='word_1_943' title='bbox 495 5288 710 5361; x_wconf 79' lang='grc' dir='ltr'>(89)τά</span> <span class='ocrx_word' id='word_1_944' title='bbox 755 5292 1123 5361; x_wconf 87' lang='lat' dir='ltr'><strong>supplendum</strong></span> <span class='ocrx_word' id='word_1_945' title='bbox 1178 5293 1302 5347; x_wconf 79' lang='lat' dir='ltr'><strong>fuit.</strong></span> <span class='ocrx_word' id='word_1_946' title='bbox 1347 5288 1539 5347; x_wconf 77' lang='lat' dir='ltr'><strong>Exstat</strong></span> <span class='ocrx_word' id='word_1_947' title='bbox 1595 5291 1758 5355; x_wconf 78' lang='lat' dir='ltr'><strong>inira,</strong></span> <span class='ocrx_word' id='word_1_948' title='bbox 1795 5289 1855 5361; x_wconf 88' lang='lat' dir='ltr'><strong>in</strong></span> <span class='ocrx_word' id='word_1_949' title='bbox 1882 5288 2014 5345; x_wconf 85' lang='lat' dir='ltr'><strong>dial.</strong></span> 
     </span>
    </p>
   </div>
  </div>
