4090 6432
367 338 481 405 105

1458 337 1840 398 DIALOGUS
1877 339 1957 400 II.
2017 366 2068 376 -
2103 343 2601 407 INCONFUSUS.

3561 346 3662 414 106

367 449 694 522 Αονεικήσῃς
727 446 819 502 τὸν
853 446 1207 503 διδάσκαλον.
1239 465 1257 500 ι
1301 445 1416 501 Οὐκ
1446 446 1563 501 ἐστι
1587 446 1697 517 γὰρ
1725 446 1965 520 μαθητὴς

2077 451 2361 509 doctorem
2407 462 2655 509 vestrum
2720 451 3078 524 blasphemiae
3127 451 3359 509 vocibus
3400 454 3657 514 vincatis.

364 541 517 614 ὑπὲρ
539 540 634 595 τὸν
660 538 1008 606 διδάσκαλον,
1056 557 1076 591 ι
1125 540 1154 593 ό
1183 537 1388 610 Κύριος
1419 537 1544 609 ἔφη.

442 717 655 773 ΕΡΔΝ.
706 713 995 785 Ὀμολογῶ
1039 710 1200 781 κάγὼ
1219 749 1237 777 ,
1291 710 1386 765 καὶ
1414 710 1687 784 ἄτρεπτον
1712 707 1854 767 εἶναι
1880 713 1971 767 τὸν

366 810 513 865 Θεὸν
535 807 713 877 Λόγον
746 806 842 860 καὶ
881 805 1068 876 σάρκα
1106 801 1481 873 ἀνειληφέναι.
1518 802 1594 857 Τδ
1620 802 1732 875 γὰρ
1781 805 1972 858 τοσού-

366 917 485 966 τοις
518 900 796 973 μάρτυσιν
828 895 1177 961 ἀντιτείνειν,
1209 892 1599 965 παραπληξίας
1639 895 1895 967 ἐσχάτης·

439 1090 600 1148 οΡΘ.
636 1090 802 1143 Δοκεῖ
851 1086 1036 1142 τοίνυν
1082 1085 1178 1141 καὶ
1217 1082 1329 1139 τῶν
1384 1083 1589 1139 λοιπῶν
1635 1083 1973 1158 ζητημάτων

368 1178 636 1252 γενέσθαι
658 1178 760 1251 τὴν
781 1177 938 1232 λύσιν
956 1195 973 1244 ;

434 1270 651 1325 ΕΡΑΝ.
695 1271 797 1333 Εἰς
843 1267 944 1340 τὴν
982 1267 1280 1340 ὑστεραίαν
1310 1265 1415 1336 τὴν
1441 1264 1648 1322 τούτων
1690 1265 1973 1322 ἀναϐαλώ-

369 1362 514 1432 me:
564 1361 646 1432 (4)
680 1358 942 1430 βάσανον.

434 1451 589 1508 οΡΘ.
666 1452 956 1522 Ἀπίωμεν
1017 1449 1201 1505 τοίνυν
1234 1449 1590 1512 διαλύσαντες
1637 1448 1740 1516 τὴν
1778 1465 1968 1504 συνου-

362 1545 509 1610 σίαν,
548 1542 653 1599 καὶ
685 1537 768 1598 ὧν
797 1542 1245 1615 ὡμολογήσαμεν
1278 1539 1770 1664 μνημονεύσειμεν.

360 1731 1775 1760 -Μ-Ψ-ρ--ω-*ι-οάῡ

2083 562 2100 593 ι
2125 544 2247 598 Non
2294 553 2380 602 est
2409 545 2560 601 enim
2612 544 2921 617 discipulus
2961 560 3128 616 supra
3176 547 3501 617 magistrum
3530 550 3595 617 ⁸¹,
3631 571 3650 604 ι

2075 634 2156 689 ait
2187 635 2474 692 Dominus.

2142 722 2351 778 ERAN.
2412 725 2528 795 Ego
2570 740 2790 796 quoque
2830 724 3119 792 conﬁteor,
3167 735 3224 781 et
3260 727 3658 784 immutabilem

2071 827 2192 869 esse
2237 815 2410 869 Deum
2456 817 2736 883 Verbum,
2786 826 2843 872 et
2881 832 3102 872 carnem
3131 819 3516 889 assumpsisse.
3553 821 3661 877 Tot

2069 904 2220 973 enim
2258 920 2323 960 ac
2355 907 2522 961 tantis
2549 908 2785 963 testibus
2809 924 3117 980 repugnare
3150 918 3415 967 extrema:
3438 918 3525 968 est
3554 912 3658 968 de-

2069 995 2313 1050 mentire.

2143 1086 2354 1142 ORTH.
2395 1088 2494 1145 Vis
2513 1090 2680 1144 etiam
2710 1096 2772 1144 ut
2794 1089 3135 1160 reliquarum
3158 1091 3527 1162 quaestionum
3558 1106 3657 1150 ex;

2072 1177 2431 1248 plicationem
2452 1179 2776 1234 ordiamur?

2143 1267 2352 1324 ERAN.
2393 1270 2457 1325 in
2498 1270 2808 1327 crastinum
2849 1268 2999 1327 diem
3044 1266 3242 1328 harum
3282 1276 3514 1330 examen
3549 1272 3661 1330 dif-

2071 1360 2336 1417 feramus.

2136 1447 2349 1503 ORTH.
2402 1442 2761 1506 Diseedamus
2802 1444 2973 1521 igitur
3023 1450 3208 1507 soluto
3236 1460 3566 1524 congressu,
3602 1461 3658 1508 et

2000 1527 2040 1582 Β
2067 1554 2264 1608 eorum
2287 1540 2356 1597 de
2378 1540 2586 1612 quibus
2606 1542 2992 1600 consensimus
3019 1540 3405 1601 recordemur.

1382 1828 2653 2021 ΑΣΥΓΧΥΤΟΣ.

1630 2127 2184 2217 ΔΙΑΛΟΓΟΣ
2248 2126 2353 2213 Β’.

1510 2310 1901 2365 ΕΡΔΝῙΣΤΗΣ
1930 2311 2051 2365 ΚΑΙ
2086 2305 2494 2366 ΟΡΘΟΔΟΞΟΣι

1994 2468 2067 2487 ὣ

1388 2628 2619 2781 INCONFUSUS.

1604 2899 2198 2994 DIALOGUS
2275 2904 2405 2991 ΙΙ.

1308 3086 1862 3170 ERANISTES
1926 3094 2764 3173 ETIORTHODOXUS.

1976 3236 2056 3281 ,“

430 3412 866 3480 ΕΡΔΝΙΣἹἨΣ.
902 3412 1050 3489 Ἐγὼ
1074 3417 1175 3488 μὲν
1200 3415 1481 3487 ἀφικόμην
1510 3413 1587 3480 ὡς
1618 3414 1958 3487 ὑπεσχόμην·

2138 3409 2253 3486 72·
2271 3409 2827 3487 EBANISTES.'Ego
2850 3409 3075 3487 quidem
3098 3420 3248 3487 veni,
3284 3430 3346 3477 ut
3376 3423 3604 3494 promisi
3630 3442 3646 3480 :

361 3517 428 3569 cl
459 3513 521 3569 δὶ
558 3512 669 3585 χρὴ
713 3511 862 3567 δυοῖν
901 3508 1134 3581 θάτερον
1188 3506 1409 3577 δράσαι,
1461 3507 1495 3578 ἢ
1539 3507 1610 3560 τά
1658 3506 1967 3578 ζητούμενα

354 3605 551 3668 λύσαι,
587 3603 625 3674 ἢ
651 3602 767 3666 τοῖς
799 3601 933 3672 παρ’
980 3598 1140 3672 ἡμῶν
1184 3590 1500 3669 λεγομένοις
1546 3597 1856 3652 συνθέσθαι.

436 3776 864 3835 υΡΘΟΔΟΞΟΣ.
892 3768 1194 3847 Ἐδεξάμην
1212 3775 1313 3847 τὴν
1326 3775 1648 3848 πρόκλησιν·
1678 3778 1844 3849 ὀρθὴν
1857 3779 1966 3849 γάρ

366 3871 551 3943 αὐτὴν
569 3872 669 3926 καὶ
696 3871 919 3925 δικαίαν
946 3868 1246 3938 ὑπείληφα.
1262 3868 1421 3922 Δεῖδὲ
1441 3870 1589 3940 ἡμᾶς
1615 3869 1967 3941 ἀναμνησθῆο

363 3982 456 4021 ναι
515 3964 810 4036 πρότερον,
859 3963 956 4015 ποί
985 3960 1065 4032 (5)
1112 3961 1508 4031 κατελείπομεν
1544 3962 1609 4031 τῇ
1663 3962 1966 4034 προτεραίᾳ

359 4059 458 4111 τὸν
493 4057 683 4126 λόγον,
717 4054 814 4108 καὶ
852 4055 1007 4107 ποῖον
1037 4053 1197 4124 ἔσχεν
1245 4056 1278 4124 η
1314 4050 1552 4116 διάλεξις
1591 4051 1784 4122 πέρας.

436 4147 654 4203 EPAN.
701 4144 846 4214 Ἐγὼ
881 4144 977 4199 τοῦ
1011 4145 1250 4214 πέρατος
1284 4143 1607 4214 ἀναμνήσω.
1658 4143 1963 4214 Μέμνημαι

361 4236 476 4307 γὰρ
501 4235 580 4299 ὡς
614 4232 1174 4303 συνωμολογήσαμεν,
1205 4229 1476 4301 ἄτρεπτον
1505 4232 1686 4300 μεῖναι
1711 4230 1801 4284 τὸν
1830 4230 1963 4287 Θεὸν

359 4328 566 4395 Λόγον,
618 4326 718 4377 καὶ
752 4322 932 4394 σάρκα
973 4321 1255 4391 εἰληφέναι
1275 4359 1292 4388 ,
1326 4320 1427 4373 οὐκ
1463 4318 1627 4373 αὐτὸν
1669 4321 1750 4384 εἰς
1783 4320 1963 4392 σάρκα

359 4416 672 4487 τραπῆναι.

432 4505 597 4560 ΟΡΘ.
642 4504 872 4568 Ἔοικας
913 4501 1164 4575 στέργειν
1189 4501 1260 4557 τά
1295 4500 1616 4573 δεδογμέναο
1647 4501 1960 4575 φιλαλήθως

361 4596 477 4667 γὰρ
506 4593 722 4648 τούτων
750 4592 1083 4664 ἀνέμνησας.

334 4696 341 4721 ί
433 4683 653 4740 ΕΡΔΝ.
690 4681 804 4737 Καὶ
840 4681 940 4752 ήδη
988 4680 1256 4752 πρότερον
1291 4679 1450 4751 ἔφην,
1478 4679 1555 4745 ὡς
1610 4680 1640 4732 ό
1683 4679 1961 4745 τοσούτοις

2071 3514 2124 3563 te
2177 3522 2312 3562 vero
2354 3506 2591 3562 duorum
2644 3507 2879 3563 alteriIm
2904 3507 3085 3565 iaeere
3106 3520 3346 3582 oportet,
3385 3524 3444 3570 ut
3470 3519 3553 3571 vel
3580 3518 3646 3572 ad

2069 3598 2298 3667 Quaesita
2331 3597 2684 3669 respondeas,
2726 3600 2813 3654 vel
2848 3599 2917 3655 iis
2943 3610 3065 3671 qua!
3109 3617 3138 3657 a
3179 3604 3340 3660 nobis
3370 3605 3644 3674 dicentur,

2068 3688 2391 3743 assentiare.

2156 3772 2892 3851 ORTHODOXUS.Aecipio
2910 3780 3357 3852 provocationem
3393 3803 3405 3839 :
3441 3796 3645 3842 rectam

2067 3877 2132 3922 a'c
2174 3868 2377 3938 justam
2407 3883 2533 3924 esse
2585 3870 2849 3927 arbitror.
2908 3872 3015 3929 Sed
3059 3882 3278 3943 oportet
3324 3882 3429 3931 nos
3461 3879 3647 3933 animo

2065 3957 2222 4027 prius
2253 3967 2522 4028 repetere,
2550 3958 2647 4014 ubi
2678 3961 2942 4017 hesterno
2970 3963 3060 4018 die
3081 3979 3391 4020 sermonem
3413 3967 3645 4038 abrupe-

2066 4048 2261 4114 rimus,
2298 4056 2355 4103 et
2385 4062 2552 4119 quem
2578 4049 2744 4105 ﬁnem
2778 4052 3039 4108 habuerit
3063 4052 3383 4124 disputatio.

2135 4140 2345 4194 ERAN.
2403 4141 2519 4210 Ego
2546 4140 2712 4196 linem
2761 4142 2819 4197 in
2849 4145 3171 4199 memoriam
3223 4146 3323 4201 tibi
3348 4148 3639 4203 revocabo.

2064 4229 2289 4285 Memini
2311 4220 2459 4284 enim
2502 4231 2827 4288 con'venisse
2855 4233 3001 4288 inter
3023 4246 3124 4289 nos
3144 4276 3158 4300 ,
3196 4236 3369 4291 Deum
3396 4237 3639 4293 Verbum

2064 4319 2465 4376 immutabilem
2497 4321 2786 4387 mansisse,
2833 4331 2890 4379 et
2927 4339 3149 4379 carnem
3179 4326 3502 4396 sumpsisse,
3536 4343 3641 4387 nec

2064 4411 2245 4482 ipsum
2275 4412 2331 4466 in
2356 4427 2579 4467 carnem
2604 4426 2931 4470 conversum
2963 4429 3107 4471 esse.
3246 4406 3261 4415 ”

2133 4502 2344 4558 ORTH.
2378 4502 2598 4558 Videris
2623 4505 2976 4574 acquiescere
2994 4506 3051 4559 in
3075 4506 3143 4561 iis
3166 4517 3288 4577 quae
3309 4508 3541 4567 edoctus
3555 4527 3635 4579 es,

2062 4608 2186 4664 quae
2210 4607 2339 4650 vere
2371 4604 2435 4649 ae
2463 4593 2705 4650 ﬁdeliter
2731 4598 3203 4654 eommemorasti.

2134 4685 2341 4740 ERAN.
2376 4685 2495 4741 lam
2535 4694 2663 4741 ante
2699 4686 2834 4753 dixi,
2878 4702 3006 4743 eum
3030 4689 3125 4758 qui
3152 4698 3322 4746 totae
3350 4692 3516 4748 tantis
3537 4693 3639 4749 do.

363 4776 691 4832 ἀντιτείνων
750 4774 845 4827 καὶ
885 4772 1148 4838 τοιούτοις
1181 4771 1545 4837 διδασκάλοις,
1580 4771 1956 4844 ἐναργέστατα

2067 4776 2310 4831 ctoribus
2353 4785 2647 4847 repugnet,
2697 4756 3063 4847 apertissime
3083 4779 3349 4836 insanire.
3392 4781 3475 4837 Me
3503 4798 3641 4839 vero

364 4868 642 4940 μέμηνεν·
674 4863 777 4934 οὐχ
811 4861 1016 4934 ἥκιστα
1051 4861 1111 4915 δέ
1155 4878 1225 4933 με
1252 4859 1550 4933 κατῄδεσεν
1588 4861 1960 4933 ’Λπολινάριος

359 4957 546 5013 ταὺτά
587 4956 707 5019 τοῖς
750 4952 1056 5025 όρθοδόξοις
1095 4950 1290 5019 εἰπὼν,
1335 4952 1519 5006 καίτοι
1577 4951 1872 5020 προφανῶς
1900 4953 1960 5005 ὲν

353 5052 480 5114 τοῖς
510 5048 646 5115 περὶ
693 5043 1031 5117 σαρκώσεως
1055 5044 1236 5114 λόγοις
1280 5042 1535 5097 ἐναντίαν
1564 5040 1790 5105 ὁδεύσας
1818 5042 1957 5095 ὀδόν.

432 5139 596 5195 ΟΡΘ.
627 5138 745 5192 Οὐκ
783 5131 879 5190 οὖν
922 5136 1104 5209 σάρκα
1127 5136 1218 5192 τὸν
1243 5133 1378 5188 Θεὸν
1409 5132 1583 5202 Λόγον
1604 5131 1958 5202 ἀνειληφέναι

359 5231 549 5305 φαμέν
570 5249 587 5296 ς

428 5320 646 5378 ΕΡΑΝ.
681 5318 924 5388 Πάνυγε.

435 5487 476 5519 ⁵⁸
511 5483 706 5539 Matth.
728 5497 783 5548 ι,
808 5481 902 5536 24.

429 5640 512 5711 (ι)
549 5640 708 5695 ἀναῆ.
743 5639 828 5695 lla
857 5636 949 5692 ed.
993 5634 1152 5689 Rom.
1193 5638 1249 5687 et
1291 5631 1440 5702 Lips.
1486 5633 1648 5690 Sirm.
1678 5631 1943 5688 ἀναϐαλό-

360 5716 524 5787 μεθα.

598 5812 857 5869 Pauor.
927 5801 1049 5861 Gn.
1102 5797 1423 5858 LXXXIII.

2058 4882 2169 4921 non
2181 4880 2375 4936 parum
2394 4867 2668 4936 permovit
2681 4867 2981 4937 Apollinari
2990 4884 3054 4924 us
3070 4868 3266 4925 eadem
3284 4870 3493 4927 docens
3511 4888 3638 4927 eum

2057 4955 2400 5019 orthodoxis,
2451 4958 2671 5012 tametsi
2703 4956 2760 5011 in
2789 4957 2952 5014 libris
2989 4958 3059 5016 de
3084 4959 3466 5018 incarnatione
3502 4977 3640 5019 cono

2058 5045 2228 5100 traria
2243 5045 2343 5099 -via
2373 5044 2681 5102 incesserit.

2130 5133 2342 5189 ORTll.
2383 5135 2555 5191 Deum
2584 5151 2719 5208 ergo
2744 5138 2986 5196 Verbum
3022 5156 3245 5200 carnem
3275 5142 3638 5212 assumpsisse

2065 5224 2341 5280 dicimus?

2135 5314 2241 5385 73
2271 5312 2476 5370 ERAN.
2510 5314 2768 5373 Omnino.

2104 5631 2196 5713 _(3)
2233 5634 2340 5687 ποῖ.
2384 5633 2461 5688 ita
2498 5632 2586 5689 ed.
2618 5618 2777 5689 Rom.
2803 5642 2858 5689 et
2891 5631 3038 5701 Lips.
3081 5630 3269 5687 Recte.
3306 5621 3633 5692 Sirmondus

2058 5718 2160 5772 πη.

3268 5822 3271 5825 -
3319 5790 3355 5852 4
