4090 6424
413 386 510 452 1οἹ

1418 351 1910 423 THEODORETI
1952 347 2294 408 EPISCOPI
2334 344 2701 407 CYRENSIS

3598 333 3701 398 108

480 447 691 551 DRTH.
720 490 958 545 Carnem
1007 490 1192 536 autem
1222 474 1355 547 quid
1391 465 1789 539 intelligimus?
1826 462 2005 517 solum

2181 460 2334 515 ΟΡΘ.
2367 460 2478 530 Τὴν
2514 458 2573 510 δὲ
2604 457 2786 528 σάρκα
2818 455 2870 507 τί
2900 452 3170 523 νοοῦμεν;
3207 449 3368 520 σῶμα
3410 448 3595 518 μόνον,
3624 447 3701 510 ὡς

413 600 639 658 corpus,
667 592 728 638 ut
750 579 882 637 Ario
911 585 965 631 et
986 569 1257 629 Eunomio
1280 568 1458 622 visum
1494 569 1600 626 est,
1627 576 1695 613 an
1720 571 1923 625 corpus
1947 561 2004 608 et

416 677 700 735 animam?

485 765 716 825 'ERAN.
748 761 966 831 Corpus
994 764 1050 811 et
1079 753 1341 809 animam.

486 857 696 917 ORTH.
717 853 943 921 Qualem
967 844 1247 904 animam?
1268 837 1615 899 rationalem,
1644 848 1715 887 an
1739 844 1860 884 eam
1886 840 2009 895 qua:

418 971 448 1009 a
479 918 762 1007 nonnullis
802 939 1112 1013 vegetativa
1161 950 1260 990 seu
1292 931 1479 986 vitalis
1516 920 1865 997 appellatur?
1896 918 2005 973 Co-

417 1050 553 1117 gunt
575 1040 726 1096 enim
755 1051 858 1091 nos
887 1048 998 1089 non
1040 1025 1356 1084 necessaria
1383 1032 1631 1093 quaerere
1674 1014 2007 1083 scriptorum

417 1128 725 1204 Apolinarii
751 1124 1001 1181 fabulosa
1024 1118 1241 1175 deliria.

490 1186 702 1278 ERAN.
757 1215 984 1271 Adeone
1042 1204 1399 1280 Apolinarius
1459 1197 1759 1255 discrimen
1821 1186 2017 1247 statuit

421 1302 775 1371 animarum?

491 1400 705 1460 ORTH.
738 1398 819 1453 Ex
853 1393 1033 1449 tribus
1063 1387 1201 1444 dicit
1249 1380 1619 1452 compositum
1666 1390 1782 1431 esse
1836 1370 2017 1427 homi-

422 1512 573 1559 nem,
598 1509 669 1548 ex
698 1490 1046 1559 corpore,.et
1100 1479 1287 1535 anima
1314 1473 1488 1537 vitali,
1549 1479 1605 1525 et
1635 1484 1704 1524 ex
1758 1462 2020 1521 rationali

422 1600 635 1648 rursus,
668 1594 834 1651 quam
861 1581 1099 1631 mentem
1140 1567 1399 1640 appellat.
1436 1561 1632 1617 Divina
1671 1571 1806 1613 vero
1869 1553 2021 1609 Scri-

424 1685 587 1747 ptura
617 1687 779 1728 unam
810 1665 1079 1738 agnoscit,
1100 1676 1213 1715 non
1227 1659 1364 1713 duas
1390 1654 1601 1709 animas
1624 1668 1638 1704 :
1658 1647 1805 1719 quod
1834 1651 2023 1716 aperte

425 1782 525 1821 nos
548 1764 712 1819 docet
739 1758 906 1831 primi
931 1750 1176 1809 hominis
1202 1745 1485 1803 formatio.
1515 1762 1533 1794 ‹
1563 1739 1814 1810 Sumpsit
1840 1736 2017 1799 enim,

2121 552 2321 623 Ἀρείῳ
2353 550 2447 603 καὶ
2476 548 2727 619 Εὑνομίῳ
2750 546 2919 613 δοκεῖ,
2950 544 2984 615 ἢ
3012 543 3176 613 σῶμα
3205 541 3302 596 καὶ
3332 539 3549 611 ψυχήν,

2182 728 2387 782 EPAN.
2414 726 2586 797 Σῶμα
2615 726 2715 779 καὶ
2748 724 2954 794 ψυχήν.

2184 821 2335 875 ΟΡΘ.
2368 819 2537 873 Ποίαν
2578 817 2797 889 ψυχήνς
2829 815 2927 887 τὴν
2952 813 3259 886 λογικὴν,ἢ
3294 812 3395 884 τὴν
3435 810 3589 882 παρὰ
3626 826 3709 864 τι·

2113 929 2221 965 νων
2250 909 2481 981 φυτικὴν
2507 911 2679 980 ῆγουν
2703 907 2945 979 ζωτικὴν
2977 905 3055 977 (6)
3087 905 3465 975 καλουμένην;
3513 903 3711 969 ’Δναγ-

2116 1002 2274 1069 κάζει
2308 1002 2419 1074 γὰρ
2460 1004 2610 1073 ἡμᾶς
2650 1002 2866 1073 ἐρωτᾷν
2894 999 2931 1053 ἀ
2963 998 3038 1069 μὴ
3059 998 3143 1052 δεῖ
3179 996 3289 1051 τῶν
3330 993 3712 1066 Ἀπολιναρίου

2118 1092 2569 1165 συγγραμμάτων
2599 1093 2633 1163 ῆ
2662 1089 2917 1161 μυθώδης
2936 1088 3215 1161 τερθρεία.
3540 1120 3543 1123 λ

2190 1186 2397 1240 EPAN.
2445 1183 2824 1254 Ἀπολινάριος
2857 1182 2967 1253 γὰρ
3013 1179 3281 1251 διαφορὰν
3310 1178 3457 1247 λέγει
3484 1174 3711 1248 ψυχῶν;

2192 1364 2345 1418 ΟΡΘ.
2392 1363 2488 1417 Ἐκ
2531 1361 2700 1433 τριῶν
2730 1359 3052 1430 συγκεῖσθαι
3087 1356 3239 1428 λέγει
3277 1357 3370 1411 τδν
3396 1356 3712 1427 ἄνθρωπον,

2123 1458 2189 1510 ὲκ
2222 1456 2498 1526 σώματος,
2528 1453 2623 1506 καὶ
2651 1436 2835 1523 ψυχῆς
2859 1452 2957 1523 τῆς
2988 1451 3249 1524 ζωτικῆς,
3282 1450 3378 1503 καὶ
3424 1444 3491 1503 αὖ
3553 1449 3716 1503 πάλιν

2123 1549 2188 1600 ὲκ
2217 1546 2317 1617 τῆς
2346 1542 2597 1613 λογικῆς,
2622 1544 2689 1613 ῆν
2747 1542 2874 1595 νοῦν
2921 1540 3345 1613 προσαγορεύει.
3395 1540 3463 1593 Ἦ
3493 1538 3551 1592 δὲ
3594 1539 3717 1592 θεία

2124 1635 2318 1708 Γραφὴ
2350 1636 2482 1705 μίαν
2508 1629 2670 1698 οἶδεν,
2696 1633 2755 1687 ού
2791 1632 2884 1686 δύο
2907 1632 3117 1703 ψυχάςο
3153 1632 3248 1686 καὶ
3284 1630 3445 1685 τοῦτο
3475 1630 3717 1686 διδάσκει

2130 1728 2320 1797 σαφῶς
2359 1728 2508 1797 ἡμᾶς
2550 1726 2582 1798 ή
2632 1724 2725 1779 τοῦ
2780 1724 3001 1797 πρώτου
3050 1722 3343 1795 ἀνθρώπου
3399 1722 3715 1786 διάπλασις.

425 1855 624 1926 inquit,
656 1854 803 1906 Deus
822 1848 1108 1919 pulverem
1155 1850 1337 1903 terrae,
1362 1843 1417 1890 et
1437 1832 1700 1889 formavit
1716 1829 2021 1891 hominem,

2136 1840 2151 1926 ι
2178 1818 2553 1926 ’βλαϐειγὰρέ
2587 1818 2773 1888 φησιν,
2803 1817 2831 1869 6
2868 1815 3002 1879 Θεὸς
3029 1814 3159 1886 χοῦν
3199 1814 3308 1868 ἀπὸ
3342 1814 3444 1885 τῆς
3464 1814 3589 1883 γῆς,
3624 1812 3720 1866 καὶ

425 1956 483 2003 et
510 1941 803 2015 inspiravit
863 1938 922 1992 in
972 1934 1169 1989 faciem
1192 1931 1312 2001 ejus
1351 1924 1692 1997 spiraculum
1743 1919 1914 1983 vitae,
1969 1924 2025 1971 et

426 2036 605 2092 factus
633 2040 718 2088 est
743 2031 910 2085 homo
926 2025 1111 2080 anima
1132 2021 1328 2077 vivens
1351 2016 1501 2067 ⁶¹·⁶³.
1540 2033 1557 2066 ι
1601 2010 1868 2067 Dominus
1884 2020 2025 2077 quo-

426 2142 534 2200 que
586 2126 647 2179 in
693 2117 997 2188 Evangelio
1047 2111 1258 2169 sanctis
1318 2104 1611 2176 discipulis
1656 2100 1836 2156 dicit:
1875 2116 1892 2147 ι
1947 2094 2027 2150 Ne

428 2213 670 2271 timeatis
700 2224 797 2265 eos
826 2206 924 2277 qui
976 2202 1243 2258 occidunt
1284 2211 1511 2266 corpus,
1548 2191 1789 2246 animam
1843 2195 2027 2240 autem

430 2320 540 2361 non
566 2305 798 2374 possunt
828 2294 1103 2361 occidere
1140 2308 1152 2345 :
1190 2288 1365 2359 magis
1406 2294 1591 2340 autem
1639 2281 1828 2335 timete
1876 2289 2026 2340 eum,

430 2397 528 2468 qui
552 2364 755 2461 corpus
777 2396 834 2443 et
850 2384 1091 2440 animam
1114 2386 1297 2450 potest
1322 2374 1557 2448 perdere
1582 2371 1638 2425 in
1662 2364 1989 2440 gehenna“.
2004 2381 2021 2413 ι

432 2488 502 2543 Et
530 2479 909 2539 divinissimus
934 2474 1131 2536 Moses,
1152 2467 1429 2523 recensito
1455 2476 1690 2517 numero
1712 2471 1907 2513 eorum
1930 2454 2028 2524 qui

434 2576 492 2629 in
529 2572 822 2642 )Egyptum
875 2562 1302 2622 descenderant,
1338 2564 1547 2611 etcum
1588 2550 1797 2621 quibus
1829 2544 2031 2616 singuli

434 2637 717 2739 principes
766 2656 1107 2715 familiarum
1174 2647 1409 2721 ingressi
1478 2650 1709 2707 essent,
1768 2637 2030 2693 addidit:

442 2729 461 2809 ἱ
493 2729 698 2813 Omnes
722 2750 939 2813 animae,
968 2760 1092 2817 quae
1130 2743 1395 2813 ingressae
1428 2742 1561 2792 sunt
1604 2734 1661 2787 in
1711 2729 2032 2800 .Egyptum,

435 2846 782 2922 septuaginta
801 2841 1050 2913 quinque
1078 2836 1149 2902 “,
1174 2854 1192 2887 ι
1234 2846 1403 2887 unam
1430 2828 1699 2899 cujusque
1762 2822 2039 2893 ingresso-

438 2957 560 2997 rum
615 2947 922 2994 numerans
958 2909 1217 2985 animam
1277 2964 1289 2977 .
1342 2921 1413 2979 Et
1462 2918 1685 2975 divinus
1732 2909 2041 2983 Apostolus

444 3030 676 3095 Troade,
705 3024 817 3099 7Q.
841 3038 968 3080 cum
1010 3032 1205 3079 omnes
1240 3012 1551 3085 Eutychum
1600 3022 1725 3064 esse
1752 3010 2039 3060 mortuum

442 3125 722 3194 putarent,
783 3113 927 3170 dixit
958 3129 971 3164 :
1014 3129 1033 3162 ι
1065 3108 1247 3164 Nolite
1319 3100 1532 3160 turbari
1567 3140 1585 3167 ,

443 3213 562 3283 ejus
584 3209 642 3265 in
667 3208 787 3277 ipso
812 3209 899 3258 est
925 3200 993 3252 “.
1027 3219 1044 3250 ι

512 3382 722 3438 BDAN.
744 3379 1046 3437 Evidenter
1070 3375 1511 3430 demonstratum
1541 3376 1649 3433 est,
1674 3373 2043 3431 unumquem-

448 3492 559 3553 que
585 3474 871 3532 hominem
900 3470 1118 3525 unicam
1148 3465 1393 3521 animam
1419 3461 1650 3516 habere.

516 3567 728 3627 ORTH.
758 3564 867 3620 Sed
895 3558 1274 3633 Apollinarius
1306 3555 1447 3611 duas
1481 3552 1640 3615 dicit,
1666 3557 1723 3605 et
1745 3561 1867 3604 cam
1921 3558 2045 3614 qum
2108 3608 2111 3611 ν

448 3677 647 3734 expers
679 3667 764 3715 est
799 3652 1032 3710 rationis
1070 3668 1101 3706 a
1136 3652 1250 3706 Deo
1301 3647 1480 3703 Verbo
1531 3650 1910 3710 assumptam;
1943 3650 2045 3706 pro

448 3770 514 3812 ea
542 3759 730 3808 autem
758 3762 879 3819 quae
909 3742 1199 3802 rationalis
1222 3748 1327 3802 est,
1360 3738 1545 3809 ipsum
1572 3734 1629 3788 in
1653 3744 1821 3788 carne
1850 3726 2042 3782 fuisse.

450 3847 578 3904 Ideo
600 3838 1195 3910 interrogavi,ccquam
1218 3832 1373 3887 dicas
1401 3828 1644 3884 animam
1659 3838 1786 3880 cum
1810 3834 2046 3889 corpore

450 3941 790 4005 assumptam
822 3930 1018 3985 fuisse.

520 4024 729 4081 ERAN.
783 4020 1129 4078 Rationalem
1158 4030 1262 4087 ego
1292 4008 1419 4069 dico
1452 4030 1465 4066 :
1508 4007 1755 4067 divinam
1783 4009 1931 4065 enim
1960 4023 2049 4062 se-

451 4134 593 4190 quor
622 4115 987 4185 Scripturam.
1319 4166 1326 4171 ,

519 4207 731 4265 ORTH.
796 4203 1105 4260 Perfectam
1147 4214 1280 4271 ergo
1331 4196 1571 4273 dicimus
1618 4208 1649 4249 a
1705 4194 1818 4253 Deo
1865 4192 2052 4248 Verbo

452 4308 790 4369 assumptam
812 4294 958 4351 servi
991 4292 1268 4348 formam?

522 4391 733 4449 ERAN.
759 4388 1086 4444 Perfectam.

2125 1909 2329 1963 ἔπλασε
2349 1909 2441 1962 τόν
2457 1908 2762 1977 ἄνθρωπον,
2783 1905 2876 1959 καὶ
2893 1904 3227 1976 ἐνεφύσησεν
3242 1904 3321 1967 είς
3340 1903 3402 1956 τὸ
3427 1903 3720 1974 πρόσωπον

2126 2001 2294 2055 αὐτοῦ
2327 2001 2498 2072 πνοὴν
2533 1999 2703 2071 ζωῆς,
2729 1999 2826 2053 καὶ
2858 1997 3079 2067 ἐγένετο
3116 1999 3145 2050 6
3173 1995 3459 2072 ἅνθρωπος
3498 1996 3580 2059 είς
3615 1995 3722 2064 ψυ-

2127 2094 2229 2166 χὴν
2277 2070 2481 2158 ζῶσαν.
2510 2110 2528 2145 ι
2572 2070 2683 2145 Καὶ
2728 2091 2912 2161 μέντοι
2943 2090 3038 2144 καὶ
3068 2090 3127 2143 έν
3168 2091 3281 2152 τοῖς
3314 2070 3669 2157 Εύαγγελίοις
3693 2088 3723 2141 6

2128 2186 2336 2255 Κύριος
2367 2185 2481 2248 τοῖς
2513 2184 2693 2252 ἁγίοις
2727 2182 2917 2252 εἴρηκε
2959 2180 3227 2251 μαθηταῖς
3248 2196 3261 2209 ο
3304 2178 3434 2249 «Μὴ
3470 2177 3722 2248 φοόεῖσθε

2129 2279 2239 2333 ἀπὸ
2280 2277 2390 2332 τῶν
2432 2275 2866 2333 ἀποκτεινόντων
2901 2275 2961 2329 τὸ
2997 2274 3177 2345 σῶμα,
3212 2274 3311 2345 τὴν
3349 2274 3406 2327 δὲ
3440 2272 3620 2344 ψυχὴν
3648 2273 3723 2344 μὴ

2130 2369 2447 2441 δυναμένων
2490 2370 2843 2423 ἀποκτεῖναι·
2875 2365 3155 2437 φοΰήθητε
3190 2365 3248 2419 δὲ
3279 2364 3481 2436 μᾶλλον
3505 2364 3597 2417 τὸν
3628 2365 3726 2417 καὶ

2133 2463 2195 2516 τὸ
2255 2463 2416 2532 σῶμα
2468 2462 2561 2517 καὶ
2617 2460 2716 2530 τὴν
2748 2459 2929 2530 ψυχὴν
2980 2457 3247 2513 ἀπολέσαι
3308 2457 3609 2528 δυνάμενον
3665 2456 3726 2508 ὲν

2133 2553 2349 2625 γεέννῃ.
2378 2574 2397 2605 ι
2441 2551 2555 2605 Kal
2606 2552 2635 2604 6
2694 2549 2973 2613 θειότατος
3020 2548 3286 2618 Μωῦσῆς,
3347 2547 3439 2601 τὸν
3491 2545 3726 2618 ἀριθμὸν

2133 2643 2397 2708 τεθεικὼς
2429 2642 2538 2696 τῶν
2570 2641 3019 2713 κατεληλυθότων
3059 2641 3140 2704 είς
3174 2641 3470 2708 Αἴγυπτον,
3508 2640 3603 2693 καὶ
3645 2640 3726 2692 εί-

2140 2737 2325 2809 ρηκὼς
2374 2734 2493 2807 μεθ’
2524 2728 2600 2789 ὧν
2638 2735 2874 2799 ἕκαστος
2923 2732 3243 2803 εἰσελήλυθε
3288 2732 3585 2804 φύλαρχος,
3625 2732 3728 2784 ἒπ-

2138 2831 2343 2900 ήγαγε·
2376 2846 2394 2877 ι
2416 2828 2597 2881 Πᾶσαι
2610 2827 2669 2881 ai.
2694 2824 2871 2896 ψυχαὶ
2899 2824 2956 2878 αἱ
2986 2821 3329 2877 εἰσελθοῦσαι
3351 2822 3431 2886 είς
3453 2824 3729 2892 Αἴγυπτον

2138 2920 2514 2991 ἑϐδομήκοντα
2542 2917 2708 2971 πέντε
2726 2917 2829 2988 (7),
2857 2934 2878 2970 ι
2915 2915 3045 2987 μίαν
3078 2915 3311 2969 ἑκάστου
3358 2913 3470 2967 τῶν
3513 2912 3730 2984 εἰσελη-

2139 2990 2379 3067 λυθότων
2415 3011 2730 3082 ἀριθμήσας
2774 3007 2978 3079 ψυχήν.
3014 3008 3127 3062 Καὶ
3154 3010 3183 3061 6
3223 3006 3369 3071 θεῖος
3409 2990 3735 3067 Ἀπόστολος

1659 3095 1844 3153 anima
1887 3092 2039 3149 enim
2067 3145 2112 3174 τ,
2141 3103 2203 3155 ὲν
2240 3100 2479 3174 Τρωάδι,
2524 3100 2743 3155 πάντων
2771 3098 3447 3169 ύπειληφότωνςτεθνάναι
3495 3097 3581 3150 τὸν
3625 3096 3739 3149 Εὖ-

2066 3145 2113 3208 C

2146 3213 2335 3269 τυχον,
2373 3195 2479 3266 ἔφη
2499 3210 2513 3223 ’
2544 3213 2563 3247 t
2585 3192 2679 3265 Μὴ
2716 3190 3059 3262 θορυϐεῖσθε,
3088 3191 3122 3260 ἡ
3152 3189 3260 3261 γὰρ
3300 3189 3445 3261 ψυχὴ
3480 3186 3647 3243 αὑτοῦ
3679 3189 3742 3242 ὲν

2142 3288 2295 3359 αύτῷ
2331 3291 2469 3343 ἐστι.
2497 3304 2516 3338 ι

2215 3378 2422 3434 ΕΡΑΝ.
2456 3377 2738 3431 Δέδεικται
2770 3373 2981 3445 σαφῶς,
3017 3374 3093 3439 ὡς
3117 3373 3245 3444 μίαν
3274 3371 3504 3436 ἕκαστος
3526 3370 3741 3443 ἄνθρω-

2146 3491 2245 3535 πος
2278 3471 2390 3541 ἔχει
2415 3470 2593 3541 ψυχήν

2217 3563 2368 3620 ΟΡΘ.
2417 3561 2558 3615 Ἀλλ’
2600 3558 2978 3631 ’Δπολινάριος
3014 3558 3108 3612 δύο
3135 3559 3305 3628 λέγει,
3353 3557 3448 3613 καὶ
3493 3555 3594 3628 τὴν
3639 3554 3744 3625 μὲν

2146 3656 2343 3724 ἄλογον
2372 3653 2722 3724 ἀνειληφέναι
2754 3653 2845 3705 τὸν
2874 3651 3007 3705 Θεὸν
3039 3651 3215 3719 Λόγον
3236 3668 3248 3681 ο
3274 3650 3396 3704 ἀντὶ
3431 3649 3487 3702 δὲ
3518 3651 3615 3719 τῆς
3649 3648 3743 3701 λο-

2147 3746 2336 3815 γικῆς,
2374 3744 2537 3798 αὐτὸν
2567 3746 2626 3798 ὲν
2689 3743 2855 3814 σαρκὶ
2901 3741 3256 3814 γεγενῆσθαι.
3319 3739 3525 3794 Τούτου
3575 3739 3743 3810 χάριν

2149 3837 2396 3907 ἠρόμην,
2437 3835 2597 3889 ποίαν
2642 3834 2752 3905 φὴς
2802 3832 2943 3904 μετά
2985 3832 3082 3887 τοῦ
3119 3832 3373 3904 σώματος
3418 3828 3745 3900 ἀνειλῆφθαι

2148 3927 2350 3999 ψυχήν·

2223 4018 2428 4073 ΕΡΑΝ.
2462 4016 2574 4087 Τὴν
2625 4014 2850 4086 λογικὴν
2898 4013 3011 4083 ἐγώ
3058 4028 3237 4085 φημι’
3274 4015 3342 4086 τῇ
3377 4012 3567 4085 Γραφῇ
3634 4010 3748 4083 γὰρ

2150 4110 2354 4180 ἕπομαι
2387 4110 2453 4178 τῇ
2485 4107 2625 4177 θείᾳ.

2222 4201 2376 4255 ΟΡΘ.
2397 4200 2624 4253 Τελείαν
2644 4198 2826 4251 τοίνυν
2856 4196 3239 4269 ἀναληφθῆναί
3262 4212 3446 4268 φαμεν
3474 4195 3580 4250 ὑπὸ
3599 4193 3743 4249 Θεοῦ

2152 4295 2329 4363 Λόγου
2358 4292 2458 4364 τὴν
2487 4290 2582 4344 τοῦ
2611 4289 2802 4343 δούλου
2828 4292 3077 4361 μορφήν;

2226 4381 2409 4438 EPAN
2418 4422 2430 4435 .
2465 4381 2713 4435 Τελείαν.

524 4448 737 4540 ORTH.
761 4481 831 4536 Et
879 4480 1079 4534 merito
1129 4477 1378 4547 quidem.
1433 4475 1570 4531 Cum
1626 4473 1777 4528 enim
1833 4471 2035 4541 primu:

2226 4474 2378 4529 ΟΡΘ.
2411 4473 2523 4527 Καὶ
2569 4471 2715 4543 μάλα
2755 4470 3004 4534 εἰκότως.
3044 4468 3265 4540 Ἐπειδὴ
3294 4468 3405 4540 γὰρ
3453 4469 3484 4521 6
3531 4467 3752 4538 πρῶτος
3788 4448 3811 4468 ’

454 4576 621 4630 homo
648 4580 799 4628 totus
823 4580 971 4627 esset
1004 4570 1108 4625 sub
1144 4576 1372 4640 peccato
1393 4607 1409 4633 ,
1450 4567 1764 4635 divinaeque
1796 4564 2051 4633 imaginis

455 4670 804 4727 characteres
829 4664 1123 4727 amisisset,
1146 4670 1203 4717 et
1220 4662 1441 4732 generis
1461 4659 1771 4730 principem
1796 4666 2050 4712 secutum

456 4774 629 4832 genus
652 4765 821 4822 esset,
867 4757 1134 4810 necesse‘
1166 4754 1275 4809 fuit
1318 4762 1379 4807 ut
1416 4750 1671 4814 Creator,
1702 4750 2052 4805 obscuratam

457 4864 722 4906 renovare
745 4847 1042 4918 imaginem
1098 4847 1312 4908 volens,
1359 4850 1534 4897 totam
1588 4848 1848 4895 naturam
1891 4855 2052 4893 assu-

456 4940 683 5009 menda,
713 4939 1063 4994 characteres
1086 4936 1368 5007 prioribus
1392 4936 1553 5004 longe
1576 4933 1837 4989 meliores
1868 4932 2053 5003 expri-

458 5039 658 5088 meret.

530 5125 741 5182 ERAN.
801 5124 930 5180 Haec
968 5120 1195 5193 quidem
1247 5135 1379 5176 vera
1465 5128 1615 5176 sunt.
1670 5120 1807 5175 Peto
1866 5125 2051 5173 autem

462 5214 702 5288 primum
726 5212 890 5268 nobis
914 5212 1211 5281 diligenter
1248 5210 1515 5280 explicari
1553 5210 1839 5264 nominum
1881 5208 2055 5279 signi-

534 5372 652 5405 "'“
679 5369 816 5424 Gen.
845 5385 904 5433 ιι,
936 5368 989 5422 7.

535 5569 611 5640 (ὃ)
650 5567 747 5640 im
772 5564 901 5640 ζωτ.
924 5564 1132 5640 Ex_ed_._
1144 5564 1307 5620 Rom.
1334 5570 1392 5617 et
1410 5558 1561 5640 Lips.
1591 5559 1931 5640 suppletum.

2148 4566 2437 4636 ἄνθρωπος
2470 4562 2590 4626 ὅλος
2635 4561 2743 4614 ὑπὸ
2793 4562 2892 4632 τὴν
2924 4560 3202 4633 ἁμαρτίαν
3232 4562 3472 4630 ἐγένετο,
3499 4559 3752 4625 καὶτοὺς

2150 4659 2250 4724 τῆς
2278 4656 2430 4718 θείας
2460 4654 2672 4718 είκόνος
2702 4652 2952 4708 ἀπώλεσε
2998 4653 3375 4725 χαρακτῆρας,
3411 4651 3751 4721 ἠκολούθησε

2151 4750 2207 4804 δὲ
2235 4749 2315 4819 τῷ
2371 4747 2644 4818 γενεάρχῃ
2678 4745 2739 4800 τὸ
2771 4746 2963 4815 γένος’
2992 4744 3311 4814 ἀναγκαίως
3332 4745 3363 4797 6
3407 4741 3754 4814 Δημιουργὸς

2152 4840 2547 4911 καινουργῆσαι
2612 4838 2712 4910 τὴν
2750 4838 3177 4909 ἀμαυρωθεϊσαν
3250 4836 3438 4890 είκόνα
3490 4834 3754 4905 θελήσας,

2158 4934 2290 5003 ὃλην
2337 4931 2437 5003 τὴν
2496 4930 2658 5001 φύσιν
2696 4928 3006 4995 ἀναλαϐὼν,
3062 4927 3245 4999 πολλῷ
3294 4926 3405 4981 τῶν
3468 4926 3756 4997 προτέρων

2160 5025 2421 5097 ἀμείνους
2448 5022 2757 5077 ἐνετύπωσε
2787 5021 3163 5093 χαρακτῆρας.

2234 5114 2439 5168 EPAN.
2476 5112 2666 5166 Ταῦτα
2702 5110 2803 5183 μὲν
2831 5109 3033 5180 ἀληθῆ.
3080 5108 3244 5174 Ἄξιῶ
3271 5107 3330 5162 δὲ
3359 5105 3579 5178 πρῶτον
3615 5105 3757 5176 ημῖν

2166 5206 2442 5278 εύκρινεϊς
2478 5204 2553 5277 (8)
2587 5203 2845 5273 γενέσθαι
2869 5202 2974 5256 τῶν
2993 5201 3275 5272 ὀνομάτων
3304 5199 3403 5263 τὰς
3434 5196 3710 5269 σημασίας
3733 5211 3754 5225 ο

1097 5367 1143 5401 ⁸⁸
1176 5366 1310 5422 Luc.
1340 5382 1434 5431 χιι,
1470 5365 1523 5430 4,
1554 5362 1623 5430 5;
1659 5363 1787 5419 coll.
1822 5361 2017 5416 Matth.
2071 5359 2237 5426 x,28.
2312 5352 2365 5391 ’⁸³
2396 5358 2535 5414 Gen.
2600 5373 2740 5421 var,
2780 5356 2851 5410 26
2948 5356 2993 5388 “
3022 5354 3145 5409 Act.
3185 5370 3275 5420 xx,
3304 5354 3395 5410 10.

2142 5567 2408 5616 numerat
2462 5558 2661 5622 Moses,
2695 5566 2758 5612 ut
2782 5555 2919 5612 Gen.
2952 5571 3095 5618 xxvr,
3127 5554 3201 5626 26
3244 5554 3399 5626 juxta
3427 5551 3633 5618 ’Πρω-η
3660 5553 3756 5608 γει

565 5625 620 5701 7')
660 5625 979 5688 ἱόδ.’πέντε.
1007 5633 1229 5689 Scilicet
1259 5625 1561 5688 secundum
1586 5625 1907 5701 com—putum
1936 5626 2035 5680 τῶν

2147 5631 2233 5691 70,
2264 5642 2324 5684 ιιι
2347 5631 2395 5701 1.
2420 5644 2481 5701 c1
2502 5643 2649 5683 vers.
2678 5629 2846 5701 2?,et
2871 5626 3031 5701 Deut.
3062 5641 3128 5701 x,_
3146 5625 3235 5701 22.

512 5640 620 5762 1(Ἴ)
660 5640 771 5687 εδδ.
801 5640 979 5717 πέντε.
1007 5640 1229 5689 Scilicet
1259 5640 1561 5688 secundum
1586 5640 1907 5696 computum
1936 5643 2044 5680 των

466 5711 509 5787 ¹.’
562 5706 631 5772 κν
655 5714 1059 5787 smmum”
1098 5700 1800 5787 Stephe90§A<éPzFEPuiﬁg
1836 5698 2045 5787 $9939:

468 5778 600 5833 dum
619 5767 756 5832 alias
773 5767 953 5833 autem
978 5767 1331 5845 computandi
1356 5770 1601 5825 rationes
1622 5769 1708 5823 vel
1738 5768 1805 5821 66
1833 5767 2044 5822 animas

2218 5702 2295 5774 (8)
2320 5699 2424 5756 Ed.
2453 5699 2613 5754 Rom.
2640 5706 2697 5753 et
2725 5698 2876 5767 Lips.
2903 5694 3189 5767 εὐκρινῶς.
3220 5693 3402 5751 Minus
3426 5703 3603 5752 recte.
