4090 6424
454 304 568 372 109

1542 310 1921 371 DIALOGUS
1958 311 2040 369 II.
2082 333 2152 344 —-
2190 295 2684 370 INCONFUSUS.

3643 314 3743 379 110

465 426 541 479 ιν·
567 427 599 495 ἡ
630 405 862 492 διάλεξις
919 426 1222 493 ἀκωλύτως
1270 429 1559 500 προϐαίνῃ,
1597 430 1691 484 καὶ
1743 429 1909 500 μηδὲν
1944 428 2046 481 τῶν

2157 427 2440 484 ﬁcationes
2480 448 2490 481 :
2527 440 2587 484 ut
2614 430 2918 500 disputatio
2951 432 3071 486 sine
3110 431 3506 502 impedimento
3540 451 3742 506 prece--

455 515 962 586 ἀμφιϐαλλομένων
1013 520 1223 589 μεταξὺ
1270 519 1606 592 ζητούμενον
1657 519 1926 590 διακόπτῃ
1961 519 2053 572 τὸν

453 621 636 673 Αογον.

528 695 688 750 ΟΡΘ.
723 697 960 769 ’Δριστα
1007 697 1277 770 εἴρηκας·
1319 699 1448 772 ἓρου
1491 700 1673 754 τοίνυν
1721 699 1851 771 περὶ
1896 691 1958 752 οὗ
1987 697 2053 752 ἂν

451 785 671 860 ἐθέλῃς.

527 877 737 931 EPAN.
783 877 995 948 Ἰησοῦν
1043 879 1136 932 τὸν
1191 880 1428 950 Χριστὸν
1479 881 1533 933 τί
1571 883 1678 954 χρὴ
1711 883 1932 949 καλεῖν;
1961 884 2053 936 ἄνα

449 965 677 1036 θρωπον
697 983 712 1031 ;

525 1058 686 1110 0P8.
741 1057 1042 1128 Οὐδέτερον
1095 1058 1219 1129 δίχα
1278 1059 1544 1130 θατέρου,
1603 1059 1719 1114 ἀλλ’
1766 1060 2049 1131 ἑκάτερον.

459 1145 527 1202 Ὀ
566 1147 678 1218 γὰρ
711 1146 846 1210 Θεὸς
883 1147 1060 1215 Λόγος
1089 1147 1522 1219 ὲνανθρωπήσας
1566 1147 1774 1219 Ἰησοῦς
1815 1147 2053 1219 Χριστὸς

448 1238 774 1308 ὠνομάσθη.
799 1237 1098 1302 ‹Καλέσεις
1124 1239 1254 1310 γὰρ,
1285 1239 1439 1310 φησὶ,
1462 1239 1524 1292 τὸ
1553 1238 1729 1310 ὄνομα
1745 1237 1912 1291 αὐτοῦ
1943 1239 2051 1308 Ἰη-

452 1329 618 1384 σοῦνο
651 1330 819 1395 αὐτὸς
866 1330 978 1400 γάρ
1028 1328 1194 1383 σώσει
1236 1330 1329 1384 τὸν
1373 1329 1502 1385 λαὸν
1565 1330 1732 1386 αὑτοῦ
1793 1329 1902 1384 άπὸ
1941 1328 2051 1384 τῶν

449 1422 740 1495 ἁμαρτιῶν
757 1421 948 1476 αὑτοῦ.
973 1440 993 1473 ι
1015 1422 1128 1478 Καὶ
1150 1462 1166 1488 ,
1192 1424 1468 1495 ιΣήμερον
1496 1423 1744 1477 τίκτεται
1773 1422 1902 1494 ὑμῖν
1917 1424 2052 1494 Χρι-

451 1515 580 1577 στὸ;
615 1513 826 1586 Κύριος
872 1515 933 1566 ἐν
977 1512 1132 1566 πόλει
1178 1515 1359 1568 Δαϐίδ.
1385 1533 1405 1566 ι
1462 1513 1735 1584 Ἀγγέλων
1778 1514 1836 1567 δὲ
1889 1508 2049 1568 αὗται

449 1605 650 1674 φωναί.
683 1605 802 1676 Πρὸ
842 1604 902 1658 δὲ
949 1605 1050 1677 τῆς
1081 1605 1570 1677 ινανθρωπήσεως,
1600 1604 1752 1669 Θεὸς,
1788 1605 1884 1658 καὶ
1912 1603 2050 1657 Θεοῦ

449 1701 604 1763 Υἱὸς,
636 1700 738 1754 καὶ
774 1698 1113 1771 Μονογενὴς,
1158 1699 1254 1752 καὶ
1298 1699 1527 1770 Κύριος,
1560 1699 1655 1752 καὶ
1688 1696 1824 1760 Θεὸς
1855 1697 2047 1766 Λόγος,

2159 516 2272 580 dat,
2301 525 2356 571 et
2380 519 2588 572 nullius
2635 519 3012 590 ambiguitatis
3056 521 3346 593 interjecta
3366 526 3598 594 quaestio
3620 541 3741 582 ser-

2158 622 2378 662 monem
2412 608 2724 678 abrumpat.

2228 700 2438 756 ORTH.
2493 703 2712 772 Optime
2772 702 2978 758 dixisti.
3038 704 3316 776 Interroga
3377 722 3508 778 ergo
3593 709 3741 778 quod

2155 793 2328 848 voles.

2229 887 2435 942 ERAN.
2461 889 2646 944 Iesum
2685 889 2966 946 Christum
3003 907 3114 962 quo
3154 893 3378 948 nomine
3437 894 3742 964 appellabi-

2157 976 2318 1030 mus?
2342 992 2410 1030 an
2446 977 2765 1032 hominem?

2226 1064 2435 1120 ORTH.
2465 1067 2733 1122 Neutrum
2757 1069 2877 1126 sine
2899 1071 3094 1137 altero,
3121 1073 3217 1128 sed
3248 1084 3569 1146 utrumque.
3605 1076 3742 1132 Nam

2153 1155 2302 1212 Deus
2323 1158 2567 1214 Verbum
2597 1160 2764 1215 homo
2807 1162 2988 1217 factus
3011 1164 3172 1219 Jesus
3209 1165 3464 1222 Christus
3501 1167 3607 1238 '75
3640 1185 3743 1238 ap-

2153 1247 2392 1317 pellatus
2421 1257 2524 1304 est.
2574 1269 2592 1300 (
2630 1251 2867 1307 Vocabis
2911 1253 3082 1318 enim,
3143 1255 3344 1325 inquit,
3380 1273 3584 1313 nomen
3623 1262 3744 1330 ejus

2152 1336 2360 1392 Jesum.
2376 1338 2496 1407 [pse
2512 1338 2660 1392 enim
2680 1341 2893 1395 salvum
2911 1342 3078 1398 faciet
3098 1347 3360 1414 papulum
3390 1362 3551 1401 suum
3572 1363 3601 1401 a
3615 1364 3744 1418 pec-

2154 1429 2288 1483 catis
2314 1432 2659 1486 eorum‘7'“.
2685 1451 2702 1483 ι
2730 1433 2809 1501 Et
2838 1451 2852 1486 :
2882 1451 2901 1485 ι
2931 1435 3105 1490 Hodie
3124 1437 3282 1492 vobis
3310 1440 3560 1494 nascitur
3581 1440 3742 1496 Chri-

2153 1528 2272 1575 stus
2289 1521 2554 1577 Dominus
2567 1521 2622 1578 in
2637 1525 2863 1581 civitate
2875 1525 3098 1582 Davidis
3111 1528 3155 1560 ⁸⁹
3166 1569 3179 1581 .
3193 1548 3211 1580 ι
3233 1528 3327 1585 Ha:
3337 1531 3561 1601 quidem
3577 1548 3742 1589 voces

2153 1620 2282 1662 sunt
2313 1611 2652 1681 angelorum.
2673 1614 2815 1669 Ante
2849 1615 3285 1674 incarnationem
3308 1636 3462 1684 vero,
3495 1623 3662 1687 Deus,
3684 1634 3739 1678 et

2152 1699 2251 1755 Dei
2280 1701 2471 1768 Filius,
2503 1706 2928 1778 etUnigenitus,
2947 1719 3003 1765 et
3025 1711 3312 1775 Dominus.
3344 1721 3400 1768 et
3427 1715 3575 1771 Deus
3606 1718 3740 1772 Ver-

457 1793 556 1845 καὶ
578 1793 818 1862 Ποιητής
849 1791 1189 1862 ὠνομάζετο.
1225 1811 1244 1842 ι
1281 1792 1369 1845 Ἐν
1397 1793 1542 1863 ἀρχῇ
1594 1789 1704 1862 γὰρ
1736 1785 1826 1861 ἦν,
1857 1790 2041 1860 φησὶν,

2152 1791 2307 1856 bum,
2341 1803 2397 1848 et
2439 1794 2670 1852 Creator
2722 1799 3133 1856 nominabatur.
3196 1803 3340 1858 Dicit
3367 1806 3577 1860 enim:
3617 1828 3636 1859 ‹
3678 1810 3737 1864 In

458 1889 486 1939 ὁ
511 1885 707 1953 Λόγος,
739 1885 838 1938 καὶ
867 1887 896 1938 ὸ
915 1885 1089 1948 Λόγος
1121 1880 1191 1956 ἦν
1223 1883 1361 1957 πρὸς
1383 1884 1474 1938 τὸν
1505 1883 1638 1937 Θεὸν
1657 1900 1671 1915 ο
1701 1884 1795 1937 καὶ
1823 1882 1956 1946 Θεὸς
1978 1877 2048 1953 ἦν

450 1981 480 2033 ὁ
517 1980 728 2048 Λόγοςο
755 1997 774 2031 ι
816 1979 911 2032 καὶ
934 2019 949 2043 ,
992 1996 1012 2031 ι
1045 1976 1234 2033 Πάντα
1271 1978 1340 2032 δι’
1366 1977 1534 2031 αὑτοῦ
1573 1977 1824 2045 ἐγένετο·
1851 1993 1870 2026 ι
1929 1975 2045 2038 καὶ,

456 2091 478 2124 ι
503 2071 630 2144 Ζωὴ
650 2069 758 2143 ἢν·
791 2089 812 2122 ο
845 2070 964 2134 καὶ,
1003 2087 1023 2121 ι
1048 2066 1160 2123 Ἦν
1189 2068 1250 2123 τὸ
1277 2068 1393 2140 φῶς
1430 2069 1492 2123 τὸ
1523 2066 1800 2140 ἀληθινὸν,
1831 2067 1860 2120 ὸ
1883 2067 2049 2136 φωτί-

448 2167 535 2233 ζει
565 2168 750 2222 πάντα
795 2166 1086 2237 ἄνθρωπον
1133 2165 1432 2237 ἐρχόμενον
1483 2165 1566 2228 εἰς
1620 2165 1713 2217 τὸν
1759 2161 1995 2232 κόσμονο
2022 2177 2040 2212 ι

442 2260 543 2311 καὶ
572 2259 675 2312 ὅσα
720 2257 936 2320 τούτοις
976 2257 1097 2308 ἐστὶ
1133 2256 1512 2327 παραπλήσια,
1543 2255 1637 2312 καὶ
1687 2254 1786 2326 τῆς
1833 2253 2048 2321 φύσεως

437 2349 549 2420 τῆς
576 2348 731 2411 θείας
759 2347 1061 2417 δηλωτικά.
1100 2347 1255 2401 Μετὰ
1285 2347 1343 2400 δέ
1363 2365 1425 2417 γε
1447 2348 1549 2418 τὴν
1580 2341 1932 2416 άνθρὼπησιν
1945 2344 2044 2415 (9),

453 2428 673 2515 Ἰησοῦς
699 2443 796 2497 καὶ
822 2443 1056 2514 Χριστὸς
1089 2440 1411 2512 ὠνομάσθη.

516 2621 729 2676 EPAN.
759 2619 971 2675 Οὐκοῦν
1001 2619 1134 2683 Θεὸς
1156 2620 1320 2689 μόνον
1361 2616 1571 2689 Ἰησοῦς
1599 2617 1630 2669 ὁ
1655 2615 1880 2687 Κύριος.

517 2713 676 2768 ΟΡΘ.
721 2709 1260 2783 Ἐνανθρωπήσαντα
1302 2709 1438 2764 Θεὸν
1466 2709 1642 2778 Λόγον
1673 2707 1915 2771 ἀκούεις,
1952 2703 2048 2758 καὶ

438 2804 582 2858 Θεὸν
609 2802 773 2876 μόνον
801 2801 1134 2867 άποκα)εἶς;

518 2894 729 2952 EPAN.
773 2893 994 2966 Ἐπειδὴ
1031 2893 1108 2965 μὴ
1139 2890 1372 2964 τραπεὶς
1417 2887 1863 2961 ἂνηνθρώπησεν,
1909 2883 2048 2939 ἀλλὰ

443 2989 770 3063 μεμένηκεν
799 2987 936 3056 ὅπερ
962 2981 1056 3056 ἦν,
1089 2983 1196 3056 χρὴ
1225 2981 1412 3036 καλεῖν
1435 2979 1600 3035 αὐτὸν
1631 2980 1767 3051 ὅπερ
1788 2976 1877 3052 ἦν.

517 3080 989 3150 ΟΡΘ.’Δτρεπτος
1019 3075 1120 3147 μὲν
1147 3078 1176 3129 ὁ
1198 3074 1330 3138 Θεὸς
1350 3073 1523 3142 Λόγος
1553 3073 1647 3126 καὶ
1666 3069 1754 3144 ἦν,
1782 3074 1877 3125 καὶ
1905 3073 2045 3138 εστι,

443 3173 544 3229 καὶ
565 3172 750 3225 ισταιο
773 3167 1122 3240 ἀνθρωπείαν
1144 3165 1203 3219 δὲ
1226 3165 1388 3235 φύσιν
1413 3162 1593 3217 λαϐὼν
1625 3162 2038 3234 ὲνηνθρὼπησε.

438 3264 728 3335 Προσήκει
759 3261 943 3314 τοίνυν
997 3259 1147 3330 ἡμᾶς
1191 3254 1463 3326 ἑκατέραν
1523 3253 1688 3324 φύσιν
1737 3253 2040 3326 ὁμολογεῖν,

439 3351 542 3402 καὶ
573 3349 674 3419 τὴν
707 3347 985 3401 λαϐοῦσαν
1011 3345 1108 3399 καὶ
1135 3343 1235 3416 τὴν
1267 3343 1582 3412 ληφθεῖσαν.

516 3438 726 3494 ΕΡΔΝ.
774 3437 910 3492 ’Δπὸ
941 3437 1044 3508 τῆς
1071 3434 1381 3508 κρείττονος
1414 3432 1708 3504 ὀνομάζειν
1736 3435 1862 3504 χρῆ.

517 3628 672 3683 οΡΘ.
722 3627 783 3681 '0
816 3626 1108 3702 ἄνθρωπος
1136 3626 1366 3692 ἐκεῖνος,
1393 3624 1454 3679 τὺ
1475 3625 1615 3690 ζῶον
1643 3623 1808 3693 λέγω,
1839 3621 2046 3686 ἁπλοῦς

440 3722 620 3783 ἐστιν,
651 3720 685 3791 ἢ
720 3719 1008 3784 adven-oc;

515 3812 724 3866 EPAN.
759 3810 1047 3873 Σύνθετος.

516 3903 670 3958 ΟΡΘ.
714 3903 810 3956 Ἐκ
837 3901 1002 3954 τίνων
1033 3901 1430 3971 συγκείμενος-ς

523 3992 732 4047 ΕΡΔΝ.
785 3993 882 4046 Ἐκ
913 3991 1176 4062 σώματος
1211 3991 1306 4044 καὶ
1336 3989 1538 4061 ψυχῆς.

518 4085 676 4140 οΡΘ.
709 4083 832 4138 Τῶν
865 4083 924 4138 δὲ
955 4082 1174 4153 φύσεων
1201 4081 1407 4136 τούτων
1430 4081 1639 4152 ποτέρα
1670 4077 1970 4152 xpeirmv;

515 4174 728 4229 EPAN.
770 4172 944 4244 Δῆλον
973 4172 1053 4237 ὡς
1099 4174 1135 4243 ή
1192 4171 1342 4243 ψυχή
1367 4189 1382 4202 ο
1428 4171 1622 4242 λογική
1655 4187 1716 4225 τε
1749 4171 1860 4242 γάρ
1903 4171 2041 4236 ἐστι,

446 4266 549 4320 καὶ
581 4265 879 4328 ἀθάνατος,
911 4263 1008 4317 καὶ
1059 4261 1154 4316 τοῦ
1193 4261 1336 4326 ζὼου
1390 4261 1493 4332 τὴν
1543 4259 1842 4332 ἠγεμονίαν
1882 4260 2045 4314 πεπί-

2149 1878 2420 1950 principio
2448 1892 2565 1938 erat
2588 1885 2850 1952 Verbum,
2875 1896 2931 1942 et
2957 1890 3197 1945 Verbum
3215 1903 3337 1948 erat
3356 1897 3502 1965 apud
3539 1897 3736 1963 Deum,

2148 1975 2206 2022 et
2235 1969 2382 2025 Deus
2410 1981 2533 2026 erat
2569 1975 2812 2030 Verbum
2837 1979 2914 2043 7°;
2956 1997 2974 2030 ι
3005 1988 3062 2033 et
3092 1995 3104 2032 :
3138 2001 3157 2031 ε
3189 1979 3386 2038 Omnia
3415 2000 3515 2054 per
3555 1986 3736 2057 ipsum

2148 2057 2294 2115 facta
2352 2067 2588 2132 sunt“;
2621 2085 2639 2118 ι
2673 2077 2772 2122 et:
2824 2088 2843 2120 ι
2884 2070 3008 2125 Vita
3055 2080 3177 2126 erat
3219 2075 3298 2138 ";
3337 2094 3355 2126 ι
3409 2085 3468 2132 et
3500 2095 3513 2131 :
3549 2097 3568 2129 ι
3602 2079 3739 2134 Erat

2148 2149 2244 2205 lux
2271 2168 2423 2219 vera,
2458 2171 2582 2226 quae
2621 2157 2898 2215 illuminat
2930 2177 3152 2217 omnem
3192 2164 3474 2222 hominem
3501 2169 3735 2225 venien-

2150 2249 2260 2296 tem
2302 2243 2360 2298 in
2409 2246 2558 2302 hunc
2606 2251 2877 2305 mundum
2928 2253 3012 2319 ⁷³;
3058 2273 3076 2305 ι
3119 2263 3178 2311 et
3215 2272 3561 2328 quaecunque
3607 2272 3738 2316 sunt

2149 2332 2238 2405 his
2291 2335 2530 2402 similia,
2585 2339 2831 2396 divinam
2887 2352 3141 2400 naturam
3181 2347 3539 2406 declarantia.
3607 2353 3738 2407 Post

2149 2423 2589 2485 incarnationem
2643 2446 2815 2499 vero,
2873 2434 3039 2491 Jesus
3086 2445 3143 2492 et
3193 2437 3451 2497 Christus
3489 2444 3734 2512 appella-

2151 2523 2238 2571 ιιιε
2273 2527 2378 2572 est.

2218 2608 2426 2665 ERAN.
2454 2611 2552 2666 Est
2585 2611 2755 2684 igitur
2780 2614 2927 2669 Deus
2959 2617 3137 2672 solum
3160 2619 3323 2676 Jesus
3354 2623 3641 2681 Dominus.

2219 2697 2430 2755 ORTH.
2474 2702 2824 2759 Incarnatum
2901 2707 3076 2763 Deum
3125 2711 3369 2769 Verbum
3421 2717 3620 2782 audis,
3677 2729 3736 2774 et

2149 2787 2324 2844 Deum
2351 2791 2529 2847 solum
2559 2795 2762 2850 vocas?

2219 2883 2427 2939 ERAN.
2451 2883 2590 2954 Quia
2620 2887 2740 2942 sine
2770 2891 3079 2946 mutatione
3103 2892 3281 2950 factus
3309 2906 3396 2952 est
3414 2897 3602 2967 homo,
3635 2901 3734 2957 sed

2150 2975 2351 3030 mansit
2372 2975 2520 3046 quod
2545 2986 2686 3044 erat,
2719 2980 3084 3049 appellandus
3115 2992 3202 3040 est
3225 2988 3372 3056 quod
3394 2997 3535 3046 erat.

2219 3065 2429 3122 ORTH.
2459 3068 2822 3127 lmmutabilis
2846 3073 3070 3143 quidem
3091 3077 3236 3133 Deus
3250 3079 3493 3137 Verbum
3517 3092 3574 3140 et
3589 3095 3731 3151 erat,

2147 3167 2330 3223 etest,
2392 3167 2449 3214 et
2483 3159 2593 3216 erit
2651 3178 2666 3215 :
2723 3161 2967 3218 humana
3013 3181 3148 3221 vero
3207 3181 3490 3242 assumpta
3537 3183 3732 3232 natura

2148 3249 2314 3306 homo
2341 3251 2522 3307 factus
2548 3261 2648 3308 est.
2680 3253 2848 3310 Decet
2873 3255 3042 3326 igitur
3085 3274 3186 3314 nos
3243 3269 3538 3335 utramque
3567 3276 3732 3324 natu-

2148 3358 2265 3396 ram
2299 3344 2571 3410 conﬁteri,
2603 3352 2659 3400 et
2685 3356 3078 3417 assumentem,
3117 3360 3174 3407 et
3205 3364 3565 3426 assumptam.

2218 3433 2426 3490 ERAN.
2485 3434 2531 3489 A
2580 3436 2814 3492 meliore
2860 3447 3015 3508 parte
3078 3441 3332 3500 facienda
3366 3455 3454 3502 est
3512 3462 3734 3506 nuncu-

2146 3525 2314 3594 patio.

2215 3615 2427 3672 ORTH.
2454 3617 2630 3674 llomo
2653 3620 2766 3686 ille,
2800 3621 3001 3676 animal
3027 3623 3172 3691 dico,
3197 3627 3513 3698 simplexne
3535 3639 3639 3698 est,
3661 3639 3745 3687 ait

2146 3711 2525 3779 compositus?

2218 3801 2426 3856 ERAN.
2448 3802 2799 3872 Compositus

2217 3891 2427 3947 ORTH.
2460 3894 2539 3947 Ex
2570 3895 2773 3964 quibus
2799 3899 3177 3968 compositus?

2219 3985 2328 4055 76
2361 3987 2377 4005 ‘
2414 3985 2620 4040 ERAN.
2650 3988 2731 4042 Ex
2751 4004 2984 4059 corpore
3013 4000 3072 4046 et
3092 3993 3298 4047 anima.

2215 4075 2425 4130 ORTH.
2452 4076 2657 4133 Harum
2684 4095 2818 4135 vero
2852 4091 3176 4137 naturarum
3207 4092 3330 4139 utra
3362 4095 3451 4139 est
3497 4087 3732 4143 melior?

2219 4167 2406 4223 ERAN
2456 4169 2806 4225 Manifestum
2867 4182 2953 4228 est
3008 4173 3241 4230 animam
3293 4178 3731 4244 praestantiorem

2143 4272 2264 4314 esse
2302 4267 2428 4314 :est
2451 4261 2599 4314 enim
2625 4263 2841 4318 ratione
2895 4264 3149 4333 praedita,
3177 4271 3234 4320 ct
3281 4266 3632 4334 immortalis,
3673 4279 3733 4325 et

441 4372 693 4410 στευται.
737 4354 813 4408 Τὸ
839 4353 898 4406 δὲ
929 4352 1094 4423 σῶμα
1121 4351 1317 4422 θνητόν
1355 4352 1473 4404 ἑστι
1504 4351 1603 4404 καὶ
1625 4350 1911 4420 ἐπίκηρον,
1949 4349 2042 4403 καὶ

2146 4351 2382 4422 regendo
2411 4351 2635 4405 animali
2689 4353 3002 4423 praeposita.
3035 4354 3250 4425 Corpus
3307 4372 3440 4412 vero
3497 4361 3730 4416 mortale

436 4450 545 4521 τῆς
575 4448 761 4519 ψυχῆς
785 4444 1159 4518 χωριζόμενον
1183 4443 1376 4513 ἄλογόν
1410 4443 1529 4496 ἔστι
1562 4442 1659 4496 καὶ
1680 4437 1894 4513 νεκρόῦ.

513 4622 670 4678 ΟΡΘ.
701 4621 850 4675 Ἔδει
889 4617 1184 4692 τοιγαροῦν
1229 4621 1329 4691 τὴν
1372 4619 1526 4674 θείαν
1560 4621 1786 4694 Γραφὴν
1831 4622 1897 4674 ἐκ
1943 4621 2042 4692 τῆς

436 4716 731 4786 ἀμείνονος
757 4711 972 4782 φύσεως
1002 4711 1295 4782 ὀνομάζειν
1318 4711 1382 4766 τὸ
1411 4711 1572 4776 ζῶον.

517 4806 726 4858 EPAN.
757 4804 948 4867 Οὖτως
979 4801 1259 4874 ὀνομάζει.
1290 4803 1433 4867 Τοὺς
1469 4802 1580 4874 γάρ
1626 4803 2039 4876 εἰσεληλυθότας

436 4899 521 4960 εἰς
569 4897 848 4964 Αἴγυπτον
893 4894 1074 4964 ψυχάς
1122 4894 1584 4966 προσηγόρευσεν.
1653 4895 1742 4947 Ἐν
1800 4895 2034 4965 ἐϐδομή-

2071 4457 2119 4517 υ
2142 4452 2228 4497 est
2255 4451 2311 4496 et
2341 4442 2634 4509 caducum,
2661 4451 2718 4498 et
2750 4444 2819 4499 ab
2851 4445 3036 4501 anima
3078 4455 3392 4516 separatum
3415 4464 3614 4519 expers
3645 4465 3732 4505 ra-

2145 4535 2312 4590 tionis
2333 4543 2418 4590 est
2447 4542 2503 4590 et
2524 4534 2780 4590 cadaver.

2213 4622 2425 4678 ORTH.
2481 4625 2721 4680 Decebat
2767 4641 2900 4698 ergo
2961 4627 3207 4683 divinam
3259 4629 3604 4701 Scripturam
3662 4649 3730 4689 ex

2140 4716 2508 4784 praestantiori
2535 4725 2690 4786 parte
2713 4718 2915 4773 animal
2943 4733 3286 4790 nuncupare.

2210 4806 2418 4861 ERAN.
2451 4807 2543 4862 Sic
2574 4817 2878 4880 nuncupat.
2937 4810 3218 4882 Ingressus
3262 4811 3411 4867 enim
3468 4813 3524 4867 in
3566 4811 3732 4884 Egy-

2143 4907 2298 4970 ptum
2346 4898 2559 4954 animas
2589 4900 2884 4968 appellavit
2913 4899 2981 4954 7‘.
3024 4900 3162 4957 Cum
3207 4903 3555 4973 septuaginta
3585 4902 3732 4957 enim

435 5006 610 5044 κοντα
641 4987 750 5058 γάρ
778 4986 874 5040 καὶ
907 4987 1095 5051 πέντε,
1129 4983 1288 5058 φησὶ,
1320 4984 1524 5055 ψυχαῖς
1565 4984 1776 5056 κατέϐη
1815 4984 2032 5056 Ἰσραὴλ

2146 4991 2385 5063 quinque
2418 4989 2706 5044 animabus
2728 4991 3013 5047 descendit
3045 4992 3213 5048 Israel
3237 4993 3294 5049 in
3346 4992 3658 5065 Egyptum.

430 5083 522 5145 εἰς
557 5079 861 5148 Αἴγυπτον.

511 5168 674 5225 ΟΡΘ.
721 5170 856 5224 Ἀπὸ
904 5169 964 5224 δὲ
1016 5169 1271 5241 σώματος
1316 5167 1512 5223 οὐδένα
1541 5167 1812 5240 κέκληκεν
1850 5170 1884 5240 ἡ
1916 5167 2036 5222 θεία

758 5351 899 5416 Τοὺς
946 5353 1013 5423 τῇ
1066 5351 1230 5422 σαρκὶ
1286 5348 1700 5412 δεδουλευκότας
1761 5350 2038 5421 προσηγόο

2211 5167 2424 5223 ORTH.
2481 5168 2783 5238 Acorpore
2833 5185 2967 5224 vero
3018 5171 3368 5226 neminemne
3433 5167 3736 5240 appellavit

2146 5259 2333 5315 divina
2364 5259 2685 5330 Scriptura?

2215 5352 2424 5408 ERAN.
2461 5351 2630 5408 Carni
2651 5353 2960 5410 servientes
3027 5369 3222 5410 carnes
3243 5351 3500 5423 appellat.
3538 5367 3557 5402 ι
3582 5347 3735 5404 Dixit

511 5508 560 5541 ⁶“’
589 5508 637 5540 ⁸⁸
675 5507 869 5562 latth.
907 5523 948 5569 ι,
990 5505 1082 5562 21.
1123 5506 1169 5538 θ’
1206 5505 1340 5560 Luc.
1377 5522 1436 5568 η,
1467 5505 1550 5560 ll.
1615 5505 1664 5540 τι
1688 5498 1846 5559 Joan.
1885 5519 1922 5570 ι,
1955 5507 2001 5559 1.

2155 5505 2294 5565 Ibid.
2329 5507 2380 5561 5.
2460 5508 2504 5542 ⁷³
2535 5507 2674 5564 Ibid.
2709 5509 2760 5564 4.
2839 5511 2886 5542 ⁷³
2914 5508 3052 5565 lbid.
3087 5511 3139 5564 9.
3217 5509 3260 5541 "
3295 5507 3431 5561 Gen.
3458 5519 3597 5570 ιινι,
3639 5501 3729 5556 26.

507 5722 588 5798 (9)
624 5726 780 5798 ἀνθρ-
814 5723 921 5780 Ed.
948 5721 1110 5780 Rom.
1135 5729 1193 5780 et
1208 5722 1360 5796 Lips.
1384 5720 1823 5794 ινανθρώπησιν.
