4090 6422
358 315 454 377 111

351 427 501 479 enim
557 424 704 480 Deus
723 463 736 485 ,

355 535 511 573 meus
530 518 584 570 in
608 515 932 570 hominibus
965 510 1136 574 hisce,
1160 508 1298 578 quia
1327 522 1456 560 caro
1483 514 1612 560 sunt
1643 506 1707 558 ⁷⁵.
1735 523 1753 555 ›

423 698 636 754 OllTll.
665 697 794 752 Sine
822 692 1171 749 accusatione
1202 699 1383 744 autem
1419 688 1695 744 neminem
1749 685 1933 757 appel-

353 792 485 846 lavit
513 789 773 846 carnem?

421 881 628 937 ERAN.
665 880 781 933 Non
812 876 1059 931 memini.

419 972 629 1028 08TH.
665 971 777 1040 Ego
802 969 968 1038 igitur
1003 977 1053 1021 te
1097 961 1610 1020 commonefaciam,
1648 970 1703 1012 ct
1727 958 1938 1013 docebo

349 1065 495 1136 quod
533 1065 698 1117 etiam
752 1061 910 1114 valde
951 1057 1169 1113 sanctos
1219 1071 1413 1110 carnes
1457 1053 1768 1123 appellarit.
1827 1052 1936 1106 Re-

350 1154 558 1225 sponde
622 1167 752 1222 ergo
790 1170 800 1202 :
840 1149 1132 1219 Apostolos
1161 1161 1270 1215 quo
1299 1144 1519 1198 nomine
1550 1143 1744 1197 vocas?
1769 1143 1936 1212 spiri-

349 1248 548 1304 tuales.
585 1260 654 1298 an
687 1242 975 1298 carnales?

419 1337 627 1391 ERAN.
660 1334 1010 1404 Spirituales,
1041 1339 1095 1384 et
1127 1328 1500 1399 spiritualium
1535 1326 1856 1398 coryphaeos
1883 1333 1938 1379 et

348 1430 624 1483 doctores.

420 1518 629 1573 ORTH.
655 1516 796 1572 Audi
829 1530 961 1582 ergo
1007 1512 1257 1566 divinum
1333 1511 1567 1566 Paulum
1610 1509 1885 1564 dicentem
1917 1524 1933 1560 ι

417 1608 647 1676 Quando
678 1616 860 1662 autem
899 1605 1102 1674 placuit
1122 1602 1195 1665 ei,
1223 1601 1318 1672 qui
1345 1617 1432 1655 me
1456 1615 1520 1654 ex
1545 1608 1707 1653 utero
1745 1597 1938 1651 matris

352 1719 488 1758 mea:
517 1699 849 1770 segregavit,
883 1705 937 1750 et
967 1695 1180 1748 vocavit
1208 1708 1306 1764 per
1343 1691 1576 1762 gratiam
1608 1704 1786 1751 suam,
1844 1702 1936 1740 re-

1350 306 1837 366 THEODORETI
1877 304 2215 364 EPISCOPI
2255 301 2621 364 CYRENSIS

826 420 1058 489 inquit:
1112 417 1230 470 Non
1281 413 1629 484 permanebit
1697 413 1940 481 Spiritus

2047 429 2204 481 ρευσε
2251 412 2483 481 σάρκας.
2523 429 2540 459 ι
2569 405 2701 461 Eine
2751 405 2882 476 γὰρ,
2933 405 3170 473 malm-6
3225 404 3390 469 Θεός·
3436 406 3510 459 Οὐ
3551 409 3628 480 μὴ

3525 296 3628 365 112

2044 503 2349 573 καταμείνῃ
2370 503 2431 554 τὸ
2461 500 2685 570 [ινεῦμά
2709 515 2808 566 μου
2835 497 2892 548 ὲν
2919 499 3032 558 τοῖς
3059 495 3367 564 ἀνθρώποις
3397 497 3629 565 τούτοις,

2042 595 2128 647 διὰ
2163 593 2222 646 τὸ
2239 590 2585 653 εἷναιαύτοὺς
2621 589 2850 660 σάρκας.
2880 606 2898 638 ι

2115 685 2268 738 ΟΡΘ.
2309 684 2442 754 Δίχα
2489 681 2548 735 δὲ
2591 680 2930 751 κατηγορίας
2973 678 3164 732 οὐδένα
3219 679 3632 750 προσηγόρευσε

2047 773 2258 842 σάρκα;

2119 863 2322 915 EPAN.
2359 861 2434 914 Οὐ
2471 861 2778 932 μέμνημαι.

2115 955 2270 1006 ΟΡΘ.
2313 953 2452 1021 Ἐγώ
2494 970 2553 1006 σε
2600 952 2891 1023 τοιγαροῦν
2936 954 3242 1024 ἀναμνήσω
3271 956 3364 1008 καὶ
3413 953 3629 1020 διδάξω,

2043 1045 2116 1108 ὡς
2141 1046 2268 1108 τοὺς
2300 1046 2440 1113 ἄγαν
2474 1045 2661 1112 ἁγίους
2694 1044 2904 1114 σάρκας
2937 1047 3402 1117 προσηγόρευσεν.
3453 1047 3619 1099 Ἀπό-

2046 1153 2230 1207 κριναι
2256 1137 2614 1200 τοίνυν-Τοὺς
2641 1136 2972 1198 ἀποστόλους
2994 1137 3046 1189 τί
3065 1136 3130 1190 ἂν
3160 1139 3431 1211 καλέσῃς;
3466 1157 3633 1192 πνευ-

2049 1229 2335 1299 ματικοὺς,
2373 1228 2405 1298 ἢ
2443 1229 2769 1300 σαρκικούς;

2117 1321 2324 1376 ΕΡΑΝ.
2358 1321 2792 1391 Πνευματικοὺς,
2830 1323 2924 1376 καὶ
2968 1323 3079 1377 τῶν
3131 1325 3520 1394 πνευματικῶν
3543 1344 3635 1379 κο-

2048 1410 2306 1480 ρυφαίους
2331 1411 2425 1462 καὶ
2449 1409 2823 1473 διδασκάλους.

2116 1497 2266 1550 ΟΡΘ.
2297 1497 2576 1549 ’Ἄκουσον
2607 1497 2790 1550 τοίνυν
2820 1497 2915 1551 τοῦ
2958 1499 3248 1554 θεσπεσίου
3303 1502 3514 1556 Παύλου
3549 1504 3634 1557 λέ-

2044 1601 2265 1653 γοντος·
2306 1604 2326 1636 1
2353 1586 2482 1637 Ὅτε
2525 1585 2582 1638 δὲ
2617 1586 2920 1656 ηὐδόκησεν
2943 1590 2971 1641 ὀ
3001 1589 3269 1661 ἀφορίσας
3301 1609 3368 1662 με
3406 1593 3471 1646 ἐκ
3517 1612 3635 1648 κοι-

2044 1678 2165 1741 λίας
2191 1679 2395 1749 μητρός
2419 1695 2541 1749 μου,
2575 1679 2668 1734 καὶ
2696 1679 2936 1744 καλέσας
2964 1682 3052 1738 διὰ
3074 1688 3174 1755 τῆς
3199 1686 3420 1757 χάριτος
3446 1689 3635 1754 αὐτοῦ,

349 1795 533 1848 velare
562 1792 760 1845 Filium
787 1803 954 1842 suum
981 1787 1036 1840 in
1055 1801 1163 1848 me,
1189 1793 1248 1838 ut
1273 1780 1858 1854 ipsum-annuntiarem
1887 1778 1942 1830 in

2045 1766 2396 1835 ἀποκαλύψαι
2444 1767 2536 1820 τὸν
2575 1768 2705 1821 Υίὸν
2745 1768 2910 1822 αὑτοῦ
2951 1771 3012 1822 ὲν
3048 1771 3190 1841 ἐμοὶ,
3225 1774 3310 1825 ἵνα
3354 1773 3518 1828 αὑτὸν
3549 1776 3634 1827 εὑ-

349 1885 626 1958 gentibus,
647 1883 832 1936 statim
865 1896 975 1934 non
999 1878 1248 1948 acquievi
1273 1876 1423 1930 carni
1463 1881 1518 1929 et
1547 1871 1824 1943 sanguini,
1842 1884 1947 1923 nec

349 1975 456 2045 77
475 1971 697 2028 ascendi
719 1971 786 2025 ad
811 1985 908 2024 eos
929 1969 1021 2039 qui
1039 1976 1164 2022 ante
1182 1983 1267 2020 me
1293 1961 1818 2031 fuerant,apostolos
1838 1961 1905 2013 "°.
1920 1977 1940 2009 ο

349 2068 433 2122 An
460 2064 738 2136 apostolos
760 2076 1026 2117 accusans
1053 2059 1133 2115 sic
1156 2060 1306 2129 ipsos
1327 2052 1658 2127 appellavit?

421 2246 636 2304 ERAN.
678 2246 823 2298 Sane
853 2259 986 2297 non.

419 2337 633 2397 ORTH.
669 2336 775 2390 Sed
809 2351 838 2390 a
861 2343 1060 2389 natura
1083 2331 1259 2387 oculis
1288 2330 1502 2400 objecta
1525 2323 1840 2384 nominans,
1890 2329 1946 2374 et

351 2444 679 2500 comparans
704 2443 829 2481 cum
863 2425 1074 2481 cmlesti
1120 2423 1409 2477 vocatione
1455 2419 1751 2472 humanam
1779 2428 1945 2466 voca-

355 2521 602 2576 tionem?

364 2620 366 2624 '
423 2608 632 2666 ERAN.
671 2603 880 2657 Verum
909 2605 1018 2652 est.

421 2699 633 2757 ORTH.
689 2695 879 2762 Itaque
905 2687 1033 2743 audi
1089 2686 1255 2741 etiam
1326 2685 1657 2755 hymnorum
1710 2686 1946 2757 scripto-

353 2808 468 2849 rem
517 2786 804 2849 Davidem,
833 2779 1026 2836 laudes
1054 2777 1151 2830 Dei
1188 2783 1502 2840 canentem,
1533 2777 1884 2832 etdicentem
1927 2795 1940 2832 :

357 2905 375 2936 ι
414 2882 493 2938 Ad
517 2888 570 2935 te
592 2877 772 2933 omnis
793 2886 924 2928 caro
944 2869 1134 2924 veniet
1165 2868 1242 2932 17;
1271 2886 1288 2917 ι
1312 2875 1366 2921 et
1393 2868 1593 2922 Isaiam
1619 2872 1944 2940 prophetam

350 2974 744 3031 vaticinantem
779 2985 792 3020 :
833 2985 851 3017 ι
886 2961 1110 3018 Videbit
1155 2959 1336 3014 omnis
1377 2975 1510 3015 caro
1564 2961 1796 3017 salutem
1846 2963 1942 3018 Dei

351 3066 528 3125 nostri
558 3062 626 3116 ⁷⁸.
666 3081 683 3111 ι

422 3155 632 3213 ERAN.
655 3153 856 3221 Aperte
885 3157 1167 3203 ostensum
1198 3154 1300 3210 est,
1333 3144 1480 3215 quod
1511 3146 1675 3200 etiam
1703 3146 1820 3201 sine
1853 3161 1943 3200 ac-

352 3249 638 3306 cusatione
674 3241 859 3298 carnis
899 3254 1101 3294 nomen
1158 3236 1345 3291 divina
1386 3236 1676 3307 Scriptura
1713 3239 1940 3294 tribuat‘

353 3343 611 3396 humana:
631 3342 860 3390 naturae.

420 3427 632 3485 ORTH.
660 3427 773 3496 Ego
792 3437 926 3478 vero
952 3421 1051 3475 tibi
1081 3419 1232 3474 aliud
1267 3434 1493 3490 quoque
1518 3419 1935 3476 demonstrabo.

421 3516 629 3574 ERAN.
660 3513 945 3581 Quodnam
971 3510 1157 3564 aliud?

421 3608 629 3665 ORTll.
657 3605 814 3672 Quod
866 3604 1032 3659 etiam
1091 3602 1308 3672 aliquos
1345 3615 1612 3656 accusans
1652 3600 1940 3670 Scriptura

350 3700 538 3756 divina
568 3697 738 3751 solius
762 3695 958 3749 animae
992 3692 1362 3763 appellatione
1390 3700 1601 3746 utatur.

420 3787 630 3844 ERAN.
672 3785 908 3842 Ubinam
961 3785 1066 3839 hoc
1115 3783 1366 3837 invenies
1423 3782 1479 3836 in
1527 3781 1718 3837 divina
1793 3782 1942 3836 Seri-

351 3891 514 3956 ptura
528 3881 551 3934 ?

423 3969 635 4028 ORTH.
687 3967 829 4024 Audi
882 3965 1179 4022 Dominum
1223 3965 1399 4019 Deum
1446 3978 1548 4034 per
1594 3963 1941 4020 Ezechielem

353 4062 680 4137 prophetam
701 4059 1013 4114 dicentem:
1047 4076 1065 4107 ι
1087 4055 1284 4110 Anima
1308 4071 1432 4125 qua:
1459 4055 1792 4125 peccaverit,
1824 4057 1940 4126 ipsa

352 4153 623 4209 morietur
645 4152 714 4204 τοι
735 4171 754 4203 ι
783 4151 854 4206 Ει
883 4164 983 4219 per
1013 4162 1270 4217 magnum
1303 4147 1490 4202 Mosen
1518 4147 1597 4200 ait
1637 4163 1649 4200 :
1689 4165 1706 4198 ι
1743 4147 1940 4203 Anima

351 4261 475 4318 quae
529 4243 843 4315 peccaverit
869 4241 956 4307 ⁸ος
1005 4260 1023 4290 ›
1057 4246 1115 4294 et
1147 4253 1340 4294 rursus
1371 4256 1383 4292 :
1418 4257 1436 4290 ι
1467 4239 1537 4293 Et
1576 4239 1704 4302 erit,
1760 4240 1942 4295 omnis

351 4337 532 4392 anima
556 4351 678 4406 quae
703 4349 814 4389 non
835 4330 1076 4387 audierit
1117 4330 1446 4400 prophetam
1501 4331 1710 4396 illumg
1751 4339 1939 4386 exter-

353 4429 652 4484 minabitur
701 4426 767 4480 “.
798 4445 816 4476 ι
881 4425 949 4479 Ει
987 4423 1092 4476 alia
1121 4423 1294 4478 multa
1317 4422 1638 4493 huiusmodi
1690 4425 1937 4493 reperire
1971 4455 2014 4509 υ

328 4509 498 4575 'licet.

417 4610 627 4666 ERAN.
664 4609 793 4663 Haec
817 4606 1191 4662 demonstrata
1214 4609 1366 4656 sunt.

419 4700 628 4756 ORTH.
663 4699 720 4755 Si
751 4697 942 4770 igitur,
975 4693 1071 4748 ubi
1093 4692 1364 4746 naturalis
1405 4691 1656 4760 quaedam
1681 4699 1764 4746 est
1787 4708 1939 4760 unto,

342 4801 398 4845 ct
425 4806 612 4844 rerum
653 4796 990 4847 creatarum.
1023 4797 1244 4851 unaque
1267 4781 1652 4835 famulantium
1672 4823 1685 4846 ,
1713 4790 1770 4836 et
1799 4793 1940 4838 tem-

342 4897 476 4952 pore
503 4881 797 4952 aequalium
831 4875 1171 4946 conjunctio,
1193 4889 1303 4928 non
1347 4889 1378 4928 a
1405 4874 1521 4928 sola
1551 4876 1934 4944 praestantiore

338 4981 538 5028 natura
575 4972 862 5042 nominare
885 4969 992 5022 hoc
1011 4965 1214 5020 animal
1238 4966 1378 5019 solet
1399 4967 1509 5036 78
1532 4967 1717 5022 divina
1785 4967 1936 5024 Scri-

341 5062 628 5133 ptura,sed
658 5078 688 5117 a
721 5060 938 5115 minore
962 5058 1172 5127 pariter
1203 5065 1259 5110 et
1283 5075 1311 5113 a
1343 5059 1552 5128 majore
1585 5075 1597 5111 :
1631 5075 1801 5128 quare
1834 5077 1935 5116 nos

341 5152 746 5224 reprehenditis
772 5150 943 5220 quod,
966 5149 1251 5203 Christum
1290 5149 1581 5204 Dominum
1603 5151 1777 5206 Deum
1810 5167 1933 5205 esse

340 5243 689 5305 conﬁtentes,
719 5241 999 5294 hominem
1021 5239 1187 5293 etiam
1226 5241 1586 5310 appellemus,
1621 5242 1931 5311 praesertim

341 5349 465 5389 eum
499 5334 673 5387 multa
702 5333 808 5387 hoc
835 5346 939 5385 nos
975 5329 1161 5385 facere
1184 5333 1421 5402 cogant?

409 5510 454 5542 "
489 5511 626 5565 Gen.
651 5529 724 5574 vt,
751 5515 804 5568 5.
883 5513 930 5543 ⁷⁸
960 5511 1132 5568 Galat.
1172 5531 1207 5576 ι.
1254 5515 1437 5569 lii-l7.

341 5596 392 5645 ν,
418 5597 456 5635 r.
534 5579 579 5610 ⁸¹
604 5582 766 5639 Deut.
799 5599 947 5646 xvm,
983 5583 1069 5636 l9.

1511 5516 1556 5545 '”
1586 5513 1730 5568 Psal.
1768 5529 1906 5578 εχιτ,
1938 5514 1993 5568 ‘2.
2026 5564 2029 5568 .
2071 5514 2117 5546 ⁷⁸
2149 5515 2251 5570 lsa.
2283 5531 2370 5580 ur,
2405 5515 2486 5569 Ν).

2049 1857 2426 1926 αγγελίζωμαι
2456 1858 2516 1909 ὲν
2547 1859 2660 1920 τοῖς
2704 1858 2933 1921 ἔθνεσιν,
2959 1859 3162 1924 εὐθέως
3206 1862 3266 1914 οὐ
3299 1862 3636 1932 προσανεθέο

2052 1966 2159 2019 μην
2199 1949 2363 2018 σαρκὶ
2393 1949 2486 2001 καὶ
2518 1949 2740 2020 αἵματι,
2768 1951 2891 2004 οὐδὲ
2923 1951 3155 2022 ἀνῆλθον
3192 1953 3304 2024 (10)
3339 1955 3476 2023 πρὸς
3508 1954 3636 2018 τοὺς

2048 2040 2156 2112 πρὸ
2185 2039 2321 2109 ἐμοῦ
2352 2041 2704 2104 ἀποστόλους.
2738 2059 2756 2093 ι
2791 2041 2883 2113 Μὴ
2917 2043 3243 2115 κατηγορῶν
3271 2044 3378 2097 τῶν
3400 2046 3635 2098 ἀποστό-

2048 2132 2156 2186 λων
2189 2131 2333 2185 οὕτω
2349 2149 2407 2184 τε
2437 2133 2636 2196 αὐτοὺς
2664 2133 3137 2204 προσηγόρευσεν;

2120 2224 2325 2277 EPAN.
2377 2224 2451 2276 oo
2482 2223 2642 2293 δῆτα.

2114 2315 2270 2368 ΟΡΘ.
2315 2313 2457 2367 Ἀλλ’
2487 2314 2597 2367 ἀπὸ
2627 2315 2727 2385 τῆς
2760 2313 3046 2384 ὀρωμένης
3081 2313 3297 2384 φύσεως
3321 2314 3636 2387 ὀνομάζων,

2047 2409 2142 2463 καὶ
2162 2407 2477 2478 συγκρίνων
2502 2409 2568 2478 τῇ
2600 2407 2894 2480 οὐρανόθεν
2915 2406 3105 2479 κλήσει
3125 2411 3224 2479 τὴν
3239 2408 3307 2463 δι’
3333 2408 3637 2481 ἀνθρώπων

2047 2501 2242 2572 κλῆσιν
2261 2518 2275 2568 ;

2117 2595 2322 2650 EPAN.
2362 2594 2614 2668 Ἆληθές.

2117 2685 2270 2741 ΟΡΘ.
2304 2687 2596 2759 Τοιγάρτοι
2619 2685 2714 2738 καὶ
2741 2682 2836 2737 τοῦ
2869 2683 3166 2755 ὑμνοποιοῦ
3193 2683 3358 2739 Δαόὶδ
3381 2684 3633 2748 ἄκουσον,

2045 2775 2261 2847 ᾄδοντος
2297 2775 2376 2846 τῷ
2415 2775 2558 2847 Θεῷ,
2619 2773 2716 2826 καὶ⁵
2757 2773 3041 2841 λέγοντος·
3096 2791 3116 2826 ε
3177 2775 3320 2845 Πρὸς
3376 2772 3436 2825 σὲ
3484 2773 3634 2824 πᾶσα

2048 2866 2185 2936 σὰρξ
2219 2867 2367 2936 ἥξει·
2410 2887 2430 2920 ι
2458 2867 2552 2920 καὶ
2581 2864 2677 2918 τοῦ
2709 2866 2989 2935 προφήτου
3013 2865 3238 2918 Ἡσαΐου
3261 2864 3631 2928 θεσπίζοντος,

2045 2961 2130 3014 ὅτι
2163 2980 2182 3012 ι
2239 2960 2472 3030 Ὄψεται
2529 2960 2681 3013 πᾶσα
2731 2957 2871 3029 σὰρξ
2917 2957 2978 3011 τὸ
3026 2959 3296 3028 σωτήριον
3360 2955 3456 3009 τοῦ
3495 2954 3633 3008 Θεοῦ

2046 3051 2225 3123 ήμῶν.
2271 3070 2293 3104 ι

2116 3143 2326 3198 ΕΡΑΝ.
2377 3141 2783 3196 Ἀποδέδεικται
2821 3140 3032 3210 σαφῶς.
3061 3140 3139 3205 ὡς
3188 3140 3285 3194 καὶ
3339 3139 3463 3211 δίχα
3510 3155 3635 3192 κατ-

2045 3235 2272 3306 ηγορίας
2303 3233 2522 3304 ἀπάσης
2550 3233 2659 3287 ἀπὸ
2689 3232 2791 3302 τῆς
2839 3231 3042 3302 σαρκὸς
3077 3233 3110 3301 ή
3139 3231 3258 3285 θεία
3297 3230 3337 3284 Γ
3341 3229 3490 3302 ραφὴ
3535 3229 3635 3300 τὴν

2043 3327 2393 3398 ἀνθρωπείαν
2419 3326 2675 3397 ὀνομάζει
2705 3326 2890 3394 φύσιν.

2115 3418 2266 3472 ΟΡΘ.
2315 3417 2460 3485 Ἐγὼ
2483 3417 2541 3470 δέ
2576 3434 2657 3470 σοι
2685 3417 2782 3470 καὶ
2815 3416 2876 3470 τὺ
2904 3415 3093 3488 ἕτερον
3118 3413 3390 3480 ἐπιδείξω.

2117 3509 2323 3563 ΕΡΛΝ.
2353 3511 2512 3562 Ποῖον
2539 3509 2626 3562 ἓτε
2634 3524 2728 3580 ρον
2745 3525 2758 3574 ;

2112 3603 2265 3656 υΡΘ.
2303 3602 2425 3654 Ὅτι
2455 3601 2550 3655 καὶ
2585 3600 2974 3672 κατηγοροῦσά
3017 3601 3238 3672 τινωνή
3269 3599 3389 3655 θεία
3414 3599 3626 3673 Γραφὴ.

2043 3694 2152 3748 ἀπὸ
2177 3694 2279 3764 τῆς
2300 3694 2478 3765 ψυχῆς
2507 3693 2770 3764 ὀνομάζει
2801 3695 2988 3764 μόνης.

2115 3786 2318 3840 ΕΡΑΝ.
2373 3786 2484 3839 Καὶ
2530 3785 2635 3839 ποῦ
2683 3784 2842 3838 τοῦτο
2882 3785 3141 3856 εὑρήσεις
3193 3786 3346 3857 παρὰ
3398 3788 3463 3857 τῇ
3508 3784 3631 3856 θεία

2043 3876 2268 3947 Γραφῇ;

2117 3966 2272 4019 ΟΡΘ.
2306 3967 2578 4020 ’Ἀκουσον
2606 3967 2703 4021 τοῦ
2749 3968 3024 4021 Δεσπότου
3065 3967 3199 4022 Θεοῦ
3238 3967 3327 4022 διὰ
3369 3964 3630 4036 Ἰεζεκιὴλ

2041 4055 2137 4110 τοῦ
2194 4058 2479 4128 προφήτου
2529 4057 2813 4128 λέγοντοςο
2858 4078 2876 4112 ι
2917 4059 3080 4129 Ψυχὴ
3136 4059 3168 4130 ή
3211 4058 3626 4128 ἁμαρτάνουσα,

2041 4146 2182 4218 αὑτὴ
2224 4147 2601 4202 ἀποθανεῖται.
2643 4167 2662 4200 ιι
2698 4148 2808 4201 Καὶ
2863 4147 3050 4220 μέντοι
3079 4149 3175 4202 καὶ
3212 4148 3302 4202 διὰ
3349 4148 3631 4207 Μωῦσέως

2040 4237 2136 4292 τοῦ
2174 4237 2418 4309 μεγάλου
2444 4238 2608 4308 φησί·
2646 4256 2664 4289 ι
2699 4239 2866 4310 Ψυχὴ
2898 4240 2931 4308 ἢ
2971 4239 3038 4294 ἂν
3063 4239 3310 4310 ἁμάρτῃ·
3351 4257 3370 4291 ι
3401 4240 3497 4293 καὶ
3523 4239 3630 4293 πά-

2041 4329 2126 4381 λιν
2147 4345 2159 4358 ·
2209 4347 2226 4380 ι
2251 4329 2372 4382 -Καὶ
2399 4329 2556 4382 ἔσται
2588 4331 2739 4383 πᾶσα
2760 4329 2928 4401 ψυχὴ,
2953 4331 3076 4401 ἥτις
3098 4331 3198 4384 οὐκ
3219 4331 3514 4384 ἀκούσεται
3535 4333 3628 4383 τοῦ

2045 4419 2330 4490 προφήτου
2379 4419 2617 4485 ἐκείνου,
2668 4421 3212 4493 ὲξολοθρευθήσεται.
3257 4440 3278 4474 ›
3335 4421 3448 4476 Καὶ
3493 4421 3630 4476 ἄλλα

2041 4511 2098 4563 δὲ
2133 4510 2304 4564 πολλά
2334 4511 2562 4568 τοιαῦτα
2596 4510 2745 4565 ἔστιν
2779 4512 2981 4582 εὑρεῖν.

2113 4601 2316 4658 ΕΡΑΝ.
2361 4603 2764 4656 Ἀποδέδεικται
2794 4603 2986 4657 ταῦτα.

2111 4693 2263 4748 υΡΘ.
2304 4695 2367 4746 Et
2389 4693 2574 4746 τοίνυν
2601 4692 2731 4746 ἔνθα
2755 4695 2959 4762 φυσική
2982 4695 3067 4760 τίς
3101 4695 3251 4748 ἐστιν
3284 4696 3498 4760 ἕνωσις,
3537 4695 3629 4751 καὶ

2039 4784 2300 4850 κτιστῶν,
2335 4786 2430 4838 καὶ
2459 4785 2791 4854 ὁμοδούλων,
2843 4787 2938 4840 καὶ
2977 4788 3294 4860 ὀμοχρόνων
3338 4788 3626 4856 συνάφεια,

2039 4878 2142 4931 οὐκ
2182 4877 2292 4930 ἀπὸ
2335 4877 2506 4946 μόνης
2537 4876 2640 4947 τῆς
2673 4879 2984 4949 κρείττονος
3013 4879 3230 4948 φύσεως
3253 4880 3370 4933 τόδε
3393 4881 3455 4934 τὸ
3490 4881 3629 4945 ζῶον

2039 4967 2333 5039 ὀνομάζειν
2371 4966 2492 5028 ἔθος
2529 4971 2596 5038 τῇ
2651 4969 2774 5040 θείᾳ
2803 4970 3016 5042 Γραφῇ,
3065 4971 3200 5024 ἀλλὰ
3256 4972 3351 5024 καὶ
3390 4972 3498 5025 ἀπὸ
3528 4973 3630 5042 τῆς

2031 5060 2255 5129 ἥττονός
2285 5077 2343 5112 τε
2389 5061 2484 5114 καὶ
2527 5060 2812 5131 μείζονος’
2864 5063 2981 5125 πῶς
3031 5063 3162 5132 ἡμῖν
3194 5063 3479 5131 ἐγκαλεῖτε
3538 5063 3629 5116 τὸν

2031 5148 2311 5218 Δεσπότην
2365 5150 2602 5222 Χριστὸν
2654 5149 2796 5220 μετά
2841 5149 2936 5202 τοῦ
2983 5149 3118 5203 Θεὸν
3162 5151 3483 5220 ὁμολογεῖν,
3533 5149 3629 5202 καὶ

2030 5240 2320 5312 ἄνθρωπον
2353 5241 2706 5313 ὀνομάζουσι,
2738 5241 2835 5294 καὶ
2860 5241 3037 5294 ταῦτα
3062 5240 3276 5295 πολλῶν
3309 5241 3450 5309 ἄγαν
3471 5238 3627 5294 τοῦτο

2031 5336 2208 5387 ποιεῖν
2246 5335 2670 5403 ἀναγκαζόντων
2691 5351 2706 5400 ;

2584 5515 2628 5548 ⁷⁸
2664 5512 2862 5569 Ezech.
2902 5527 3051 5577 xvtzt,
3082 5511 3134 5578 4,
3158 5509 3248 5565 20.

411 5741 523 5811 (l0)
559 5743 744 5814 ἁνῆλθ.
777 5743 1073 5809 Omissum,
1114 5739 1258 5810 quod
1289 5739 1325 5794 l.
1359 5755 1406 5791 c.
1449 5755 1499 5795 γ.
1544 5740 1627 5805 l7,
1662 5740 1932 5810 sequitur,

2071 5741 2440 5812 Ἱεροσόλυμα.

3363 5507 3411 5542 ⁸⁰
3439 5506 3616 5564 Levit.
3727 5493 3748 5508 ³
