4090 6440
365 386 470 455 115

1376 389 1866 450 THEODORETI
1909 391 2251 450 EPISCOPI
2291 388 2658 449 CYRENSIS

3548 381 3648 449 116

361 501 669 566 Christum,
703 511 966 556 aeternam
1010 514 1142 554 vero
1190 501 1312 570 ejus
1346 500 1695 556 divinitatem
1735 509 1959 572 negant.

2070 495 2394 570 ’Ἄνθρωπον
2421 500 2529 568 γὰρ
2563 499 2721 570 μόνον
2765 485 3098 568 κηρύττουσι
3131 493 3222 548 τὸν
3263 490 3518 564 Χριστὸν,
3550 489 3653 560 τὴν

362 592 529 648 Arius
556 599 763 654 autem,
800 599 855 644 et
897 589 1226 655 Eunomius,
1263 601 1507 646 creatam
1536 602 1736 646 vocant
1757 592 1962 662 Unige-

361 683 466 740 niti
501 682 873 745 divinitatem,
901 690 956 736 et
979 683 1157 737 solum
1184 697 1388 752 corpus
1427 684 1582 738 illum
1606 685 1722 754 80
1749 700 1965 739 assum-

362 776 538 846 psisse
567 774 778 828 dicunt.
827 773 1178 843 Apolinarius
1205 791 1371 846 porro
1401 777 1700 832 animatum
1738 777 1969 848 quidem

363 882 568 936 corpus
603 873 946 934 assumptum
969 864 1192 931 fatetur,
1235 867 1332 921 sed
1376 867 1698 923 rationalem
1723 868 1962 924 animam

361 964 419 1011 ct
446 956 657 1010 honore
687 964 744 1010 et
777 956 954 1011 salute
988 957 1228 1013 inlibris
1255 960 1372 1014 suis
1394 960 1593 1030 privat.
1631 960 1756 1015 Haec
1796 960 1964 1030 igitur

363 1057 449 1102 est
481 1063 876 1116 perversorum
904 1049 1229 1120 dogmatum
1250 1050 1585 1107 diil‘erentia.
1619 1051 1700 1106 Tu
1727 1067 1882 1115 vero,
1915 1053 1962 1106 si

365 1137 655 1192 veritatem
684 1154 856 1202 amas,
898 1139 989 1194 dic
1031 1141 1216 1204 nobis,
1261 1157 1386 1196 eum
1423 1143 1580 1197 hisne
1629 1143 1962 1212 disputatio-

365 1244 493 1283 nem
520 1229 760 1299 aliquam
783 1231 989 1285 habere
1017 1233 1333 1297 conveniat,
1358 1249 1424 1286 an
1449 1233 1501 1286 in
1529 1249 1774 1303 prmceps
1791 1249 1961 1288 ruen-

369 1329 454 1376 tes
475 1319 760 1390 despicere
791 1330 848 1375 et
867 1321 1052 1377 valere
1072 1323 1290 1392 jubere.

442 1493 649 1548 ERAN.
679 1495 1038 1552 immanitatis
1068 1506 1153 1552 est
1191 1513 1285 1551 eos
1313 1498 1405 1567 qui
1438 1501 1452 1516 ‘
1481 1508 1748 1569 aegrotant
1785 1501 1962 1572 negli-

370 1598 520 1654 gere.

441 1672 653 1730 ORTH.
683 1675 954 1732 Convenit
993 1693 1127 1748 ergo
1151 1679 1236 1734 his
1265 1680 1580 1746 eondolere,
1614 1690 1668 1736 et
1704 1697 1804 1752 pro
1833 1683 1963 1738 viri-

372 1767 478 1821 bus
512 1767 744 1822 mederi.

441 1859 650 1914 ERAN.
681 1860 947 1915 Omnino.

439 1949 650 2007 OR'I‘H.
685 1952 742 2007 Si
782 1954 952 2024 igitur
1000 1957 1336 2026 corporibus
1386 1959 1596 2014 mederi
1648 1960 1960 2028 didicisses,

371 2043 642 2114 multique
665 2053 763 2099 ate
781 2046 1202 2104 circumstantes
1227 2057 1290 2103 ut
1307 2049 1612 2104 medereris
1633 2050 1962 2122 ﬂagitarent,

371 2132 623 2188 diversos
643 2134 868 2190 morbos
889 2137 1268 2203 ostendentes,
1281 2140 1441 2194 verbi
1459 2141 1656 2211 gratia,
1676 2142 1964 2198 oculorum

370 2224 728 2290 suffusiones,
761 2234 818 2281 et
847 2228 1066 2282 aurium
1093 2229 1301 2294 ulwra,
1341 2238 1398 2285 et
1430 2231 1652 2286 dolores
1690 2233 1960 2298 dentium,

371 2325 429 2372 et
454 2317 512 2371 hi
535 2318 761 2387 quidem
804 2334 1108 2374 nervorum
1155 2320 1545 2386 intensionem,
1595 2323 1686 2377 alii
1716 2339 1847 2378 vero
1872 2339 1964 2378 so-

371 2410 664 2475 lutionem,
699 2421 756 2466 et
802 2411 894 2466 hic
924 2427 1119 2467 rursus
1165 2411 1319 2467 ﬂavae
1356 2413 1484 2469 bilis
1516 2415 1960 2482 redundantiam,

372 2501 464 2557 ille
487 2517 622 2556 vero
653 2503 885 2572 pituitae,
930 2519 1116 2574 quaso
1155 2513 1231 2571 te,
1257 2505 1390 2575 quid
1428 2506 1677 2563 faceres?
1718 2525 1964 2566 unumne

373 2594 636 2650 omnibus
658 2595 962 2652 remedium
993 2611 1316 2665 parares,an
1340 2597 1574 2668 singulis
1593 2599 1804 2656 morbis
1827 2616 1964 2656 con-

373 2684 605 2740 veniens
621 2685 646 2738 ?

441 2773 650 2829 ERAN.
680 2775 985 2848 Unicuique
1014 2780 1370 2846 conveniens,
1393 2791 1451 2837 et
1481 2783 1735 2851 pellendo
1769 2785 1965 2840 morbo

375 2862 660 2921 idoneum.

441 2955 654 3012 ORTH.
685 2958 874 3028 Itaque
900 2960 1109 3016 calidas
1147 2961 1469 3019 aﬂ‘ectiones
1521 2965 1872 3037 refrigerans,
1910 2977 1967 3023 et

371 3045 602 3116 frigidas
635 3046 988 3114 calefaciens,
1008 3058 1064 3104 et
1090 3049 1306 3105 intonsa
1353 3052 1623 3118 relaxans,
1664 3054 1843 3108 soluta
1870 3054 1965 3108 ﬁr-

373 3138 648 3194 mioribus
660 3140 1077 3196 medicamentis
1093 3143 1479 3210 corroborans,
1499 3153 1554 3200 et
1575 3146 1858 3202 humentia
1874 3147 1968 3201 de-

374 3229 610 3295 siceans,
673 3231 821 3286 sicca
848 3231 1196 3301 humectans,
1239 3236 1464 3291 morbos
1503 3237 1606 3291 hac
1632 3238 1845 3292 ratione
1870 3254 1968 3292 ex-

374 3321 642 3388 pcllcres,
665 3331 721 3376 et
761 3322 832 3378 ab
882 3323 970 3379 his
997 3326 1280 3396 expulsam
1318 3329 1610 3384 sanitatem
1638 3328 1969 3384 reduceres?

449 3492 656 3548 ERAN.
685 3493 776 3549 Sic
800 3495 1132 3552 medendum
1153 3514 1274 3555 esse
1299 3500 1434 3554 artis
1460 3499 1689 3556 medicae
1716 3500 1804 3554 lex
1827 3513 1967 3568 prae-

375 3581 530 3652 cipit.
559 3583 849 3639 Contraria
868 3585 1038 3651 enim,
1068 3587 1346 3658 inquiunt,
1391 3589 1800 3644 contrariorum
1840 3597 1970 3644 sunt

376 3676 642 3732 remedia.

445 3767 552 3836 81
579 3767 790 3824 ORTH.
840 3769 894 3826 Si
922 3788 1054 3828 vero
1089 3774 1365 3843 plantator
1418 3788 1592 3836 esses,
1638 3773 1969 3828 omnibusne

377 3857 582 3928 plantis
609 3859 858 3914 eamdem
893 3864 1165 3918 culturam
1209 3863 1526 3928 adliiberes,
1563 3879 1630 3917 an
1658 3879 1791 3918 vero
1826 3865 1970 3920 malo

375 3949 582 4018 punico
608 3952 1051 4019 convenientem,
1075 3961 1131 4008 et
1186 3953 1312 4008 [icui
1341 3954 1644 4023 propriam,
1668 3964 1724 4008 et
1757 3955 1884 4024 piro
1904 3971 1970 4010 ac

377 4039 525 4094 malo
540 4042 819 4109 similiter,
840 4053 896 4098 et
913 4044 1007 4097 viti
1023 4044 1341 4099 domestica:
1359 4056 1747 4115 congruentes,
1769 4047 1970 4116 plantae

377 4131 643 4202 denique,
667 4142 727 4188 ut
756 4136 929 4191 semel
979 4135 1182 4200 dicam,
1238 4135 1539 4206 unicuique
1586 4139 1970 4194 accommoda-

376 4231 487 4277 tam
510 4222 534 4276 ί

441 4316 650 4373 ERAN.
673 4317 1026 4372 Manifestum
1050 4325 1156 4384 est,
1181 4319 1396 4389 plantas
1419 4320 1663 4392 singulas
1687 4323 1964 4392 proprior-

379 4408 654 4463 culturam
681 4409 1018 4465 desiderare.

2065 593 2124 646 δὲ
2156 593 2264 664 πρὸ
2292 594 2403 645 τῶν
2444 590 2658 645 alii:va
2687 588 3045 660 ὑπάρχουσαν
3073 583 3364 658 ἀρνοῦνται
3397 581 3649 654 θεότητα.

2071 686 2290 749 Ἄρειος
2312 683 2369 736 δὲ
2398 683 2492 736 καὶ
2523 681 2811 750 Εὐνόμιος,
2851 677 3076 748 κτιστῆν
3105 675 3330 730 καλοῦσι
3357 672 3454 727 τοῦ
3474 673 3652 727 Μονο-

2067 775 2260 845 γενοῦς
2290 774 2390 844 τὴν
2418 773 2675 843 θεότητα,
2705 771 2866 842 σῶμα
2893 771 2952 824 δὲ
2977 771 3137 841 μόνον
3170 767 3333 823 αὐτὸν
3366 763 3654 834 ἀνειληφέ-

2065 884 2154 920 ναι
2194 866 2379 934 φασίν.
2424 863 2804 934 ’Λπολινάριος
2829 861 2887 915 δέ
2921 861 3164 932 ἔμψυχον
3197 858 3296 930 μὲν
3321 856 3576 929 ὁμολογεῖ
3592 854 3653 908 τὸ

2064 956 2267 1028 ληφθὲν
2296 957 2476 1027 σῶμα,
2509 955 2610 1026 τὴν
2646 954 2703 1008 δέ
2732 953 2959 1025 λογικὴν
3000 950 3180 1022 ψυχὴν
3215 949 3311 1004 καὶ
3349 949 3450 1018 τῆς
3486 946 3653 1017 τιμῆς

2065 1047 2160 1101 καὶ
2191 1050 2292 1118 τῆς
2323 1046 2598 1118 σωτηρίας
2640 1048 2699 1099 ἐν
2721 1048 2836 1110 τοῖς
2867 1043 3092 1106 οἰκείοις
3134 1042 3316 1110 λόγοις
3338 1039 3651 1109 ἀποπερεῖ.

2063 1136 2214 1208 Δῦτη
2250 1137 2350 1208 μὲν
2396 1133 2491 1191 οὖν
2527 1139 2562 1207 ἡ
2607 1137 2718 1192 τῶν
2747 1134 3168 1204 διεφθαρμένων
3208 1131 3497 1202 δογμάτων
3537 1128 3653 1182 δια-

2065 1228 2228 1300 φορά.
2253 1228 2424 1290 Αὐτὸς
2447 1228 2504 1282 δέ
2528 1229 2662 1298 ἡμῖν
2686 1224 3000 1296 φιλαλήθως
3048 1221 3194 1283 είπὲ,
3229 1221 3337 1291 χρή
3357 1235 3483 1271 τινα
3515 1215 3656 1286 πρὸς

2065 1320 2298 1384 τούτους
2331 1319 2606 1373 ποιεῖσθαι
2630 1316 2894 1382 διάλεξιν,
2929 1315 2963 1386 ἢ
2997 1315 3078 1368 δεῖ
3107 1311 3251 1366 κατά
3277 1308 3538 1383 κρημνῶν
3566 1323 3654 1376 φε-

2069 1412 2334 1483 ρομένους
2360 1411 2626 1483 περιορᾷν
2657 1409 2753 1462 καὶ
2785 1405 3045 1478 οἰμώζειν
3069 1405 3199 1476 ἐᾷνς

2135 1503 2342 1557 EPAN.
2396 1499 2834 1572 Μισανθρωπίας
2885 1496 3048 1568 ἔργον
3095 1496 3132 1566 ἡ
3168 1493 3278 1547 τῶν
3334 1490 3661 1563 καμνόντων

2065 1593 2363 1664 ὑπεροψία.

2136 1684 2290 1738 ΟΡΘ.
2325 1683 2604 1755 Προσήκει
2652 1680 2836 1735 τοίνυν
2886 1680 2982 1733 καὶ
3025 1677 3335 1745 συναλγεῖν.
3369 1673 3465 1730 καὶ
3487 1673 3654 1745 θερα-

2067 1777 2256 1831 πεύειν
2285 1777 2366 1839 είς
2385 1774 2633 1846 δύναμιν.

1998 1837 2038 1889 Β
2147 1837 2358 1920 εΡΑΝζ
2393 1837 2636 1931 Πάνυγε.

2143 1957 2298 2011 ΟΡΘ.
2349 1957 2414 2009 Εί
2461 1955 2642 2009 τοίνυν
2685 1953 2915 2025 σώματα
2974 1950 3306 2024 θεραπεύειν
3361 1947 3651 2018 ἠπίστασο,

2074 2047 2263 2100 πολλοὶ
2293 2047 2350 2100 δέ
2395 2063 2460 2115 γε
2513 2045 2872 2115 περιστάντες
2904 2041 3232 2115 θεραπεύειν
3281 2041 3395 2110 (18)
3447 2039 3655 2111 ἠξίουν,

2072 2140 2306 2212 διάφορα
2354 2137 2760 2200 ἐπιδεικνύντες
2817 2134 3140 2206 παθήματα,
3191 2127 3303 2188 οἷον
3357 2130 3656 2202 ὀφθαλμῶν

2073 2231 2384 2304 ἐπιρροίας,
2413 2229 2510 2284 καὶ
2534 2229 2712 2283 ἀκοῶν
2731 2226 3046 2300 τραύματα,
3071 2226 3164 2279 καὶ
3194 2224 3419 2278 ὀδόντων
3443 2223 3655 2287 ὀδύνας,

2072 2323 2166 2374 καὶ
2216 2321 2266 2374 οί
2304 2321 2402 2391 μὲν
2446 2319 2659 2390 νεύρων
2707 2317 2888 2380 τάσιν,
2931 2318 2980 2370 οἱ
3028 2315 3085 2368 δέ
3134 2315 3311 2377 λύσιν,
3359 2313 3452 2367 καὶ
3488 2315 3516 2367 ό
3561 2313 3666 2382 μὲν

2072 2411 2414 2483 πλημμύραν
2459 2410 2646 2480 χολῆς,
2676 2411 2705 2462 ό
2733 2409 2791 2462 δὲ
2823 2408 3158 2478 φλέγματος,
3199 2405 3252 2459 τί
3297 2404 3364 2460 ἂν
3404 2405 3672 2475 ἐδρασαςι

2072 2503 2193 2558 είπέ
2250 2520 2369 2574 μοι;
2420 2502 2479 2555 ἓν
2542 2501 2716 2554 ἅπασι
2782 2496 3190 2561 κατεσκεύαζες
3259 2496 3572 2568 φάρμακον,
3626 2492 3660 2562 ἧ

2072 2596 2290 2666 ἑκάστῳ
2324 2593 2490 2648 πάθει
2523 2593 2583 2646 τὸ
2611 2591 2957 2663 πρόσφορον;

2146 2767 2352 2822 ΕΡΑΝ.
2395 2767 2470 2822 Τὸ
2512 2766 2728 2821 ἑκάστω
2789 2763 3035 2836 δηλονότι
3088 2763 3428 2834 κατάλληλόν
3466 2779 3525 2816 τε
3568 2762 3665 2818 καὶ

2073 2859 2424 2924 ἀλεξίκακον.

2145 2951 2302 3007 οΡΘ.
2345 2948 2558 3004 Οὐκοῦν
2588 2947 2659 3002 τὰ
2692 2947 2792 3019 μὲν
2844 2946 3027 3018 θερμὰ
3051 2945 3163 3000 τῶν
3196 2945 3386 3000 παθῶν
3417 2942 3665 3015 καταψύο

2075 3061 2208 3114 χων,
2243 3041 2394 3099 τὰδὲ
2426 3040 2614 3111 ψυχρὰ
2647 3039 3074 3110 διαθερμαίνων,
3115 3038 3210 3092 καὶ
3249 3037 3317 3092 τὰ
3356 3037 3454 3107 μὲν
3504 3052 3662 3090 τετα-

2083 3135 2226 3206 μένα
2251 3132 2456 3204 χαλῶν,
2497 3131 2569 3186 τὰ
2608 3131 2667 3186 δέ
2697 3147 2761 3200 γε
2793 3130 3063 3201 λελυμένα
3099 3131 3412 3193 τονωτικοῖς
3442 3126 3664 3198 φαρμά-

2075 3242 2192 3288 κοις
2234 3223 2464 3296 ῥωννὺς,
2497 3223 2593 3276 καὶ
2616 3222 2685 3275 τὰ
2715 3225 2814 3292 μὲν
2841 3220 3129 3275 πλαδῶντα
3153 3219 3448 3291 ξηραίνων,
3475 3217 3664 3286 ὑγραί-

2073 3334 2179 3369 νων
2216 3315 2272 3368 δέ
2297 3315 2366 3368 τά
2397 3312 2556 3385 ξηρὰ,
2591 3312 2886 3383 ἐξήλαυνες
2911 3311 3010 3381 μὲν
3033 3310 3134 3374 τάς
3155 3311 3367 3373 νόσους,
3386 3307 3668 3377 ἐπανῆγες

2071 3407 2130 3461 δὲ
2162 3405 2262 3476 τὴν
2291 3405 2481 3475 ὑγείαν
2505 3404 2611 3458 ὑπὸ
2636 3404 2842 3458 τούτων
2870 3401 3322 3473 ὲκόεδλημένηνς

2145 3497 2349 3552 EPAN.
2383 3495 2541 3551 Οὕτω
2568 3495 2899 3568 θεραπεύειν
2925 3495 2954 3548 ό
2984 3495 3082 3567 τῆς
3125 3493 3376 3564 ίατρικῆς
3414 3507 3673 3563 παρακε-

2074 3591 2290 3644 λεύεται
2323 3589 2488 3659 νόμος
2509 3606 2522 3620 ο
2556 3588 2624 3643 τὰ
2652 3588 2873 3644 ἐναντία
2912 3586 3044 3658 γὰρ,
3075 3585 3232 3655 φασὶ,
3265 3583 3376 3636 τῶν
3403 3581 3663 3636 ἐναντίων

2077 3681 2302 3750 ἰάματα.

2145 3771 2298 3826 ΟΡΘ.
2327 3771 2388 3823 El
2413 3770 2469 3824 δὲ
2501 3767 2808 3839 φυτουργὸς
2831 3764 2997 3838 ἦσθα,
3033 3769 3200 3821 πᾶσιν
3235 3767 3418 3829 αὐτοῖς
3471 3764 3663 3833 φυτοῖς

2072 3865 2170 3936 τὴν
2205 3865 2376 3935 αὐτὴν
2418 3863 2800 3934 προσήνεγκας
2829 3861 3173 3932 ἐπιμέλειαν,
3207 3860 3240 3930 ἢ
3281 3862 3344 3930 τῇ
3399 3856 3498 3929 μὲν
3541 3856 3662 3928 ῥοιᾷ

2071 3943 2172 4027 τὴν
2207 3956 2621 4028 προσήκουσαν,
2655 3956 2722 4024 τῇ
2756 3953 2814 4006 δέ
2865 3955 3004 4024 συκῇ
3037 3951 3138 4022 τὴν
3174 3951 3404 4014 οἰκείαν,
3453 3949 3546 4001 καὶ
3593 3949 3659 4016 τῇ

2072 4046 2203 4117 ὄχνῃ
2241 4045 2527 4110 ὡσαύτως,
2559 4045 2655 4098 καὶ
2688 4047 2755 4116 τῇ
2789 4043 2988 4116 μηλέᾳ,
3022 4044 3117 4097 καὶ
3159 4045 3280 4106 ταῖς
3301 4041 3528 4113 ἠμερίσι
3561 4040 3662 4102 τὰς

2072 4137 2446 4208 καταλλήλους
2471 4153 2486 4168 ο
2531 4135 2627 4190 καὶ
2678 4135 3017 4203 ἁπαξαπλῶς
3051 4134 3268 4205 ἐκάστῳ
3300 4151 3364 4203 γε
3415 4129 3570 4203 φυτῷ
3599 4129 3661 4183 τὸ

2073 4229 2385 4302 πρόσφορον
2400 4246 2416 4294 ;

2144 4319 2348 4373 EPAN.
2381 4318 2551 4389 Δῆλον
2582 4318 2658 4382 ὡς
2680 4317 2916 4372 ἕκαστον
2945 4317 3112 4388 φυτὸν
3149 4317 3248 4388 τῆς
3288 4313 3496 4379 οἰκείας
3537 4313 3659 4366 ἐπι-

2076 4410 2299 4484 μελείας
2329 4409 2667 4481 προσδεῖται.

445 4498 658 4557 ORTH.
692 4500 748 4555 Si
769 4514 902 4554 vero
935 4499 1380 4555 fabricandarum
1418 4502 1641 4555 navium
1667 4509 1842 4555 artem
1865 4518 1961 4556 ex-

2145 4502 2297 4557 ΟΡΘ.
2343 4503 2408 4555 El
2463 4501 2522 4554 δέ
2590 4499 2938 4571 ναυπηγικὴν
3007 4494 3374 4572 μετεχείριζες
3439 4496 3654 4588 τέχνην,

374 4607 618 4658 erccres,
665 4602 721 4648 et
747 4591 952 4647 malum
1002 4592 1222 4647 videres
1272 4593 1424 4647 reﬁci
1455 4601 1737 4662 oportere,
1763 4593 1966 4649 huicne

374 4698 600 4752 operam
617 4683 772 4737 clavo
799 4692 1198 4754 congruentem
1224 4683 1594 4754 impenderes,
1612 4700 1682 4739 an
1698 4701 1819 4740 eam
1849 4702 1971 4757 quae

375 4770 520 4823 malo
559 4770 866 4827 convenit?

357 4845 370 4973 λ
449 4861 658 4917 ERAN.
693 4862 833 4918 Sunt
864 4873 919 4918 et
944 4864 1048 4918 ista
1075 4873 1230 4918 extra
1261 4865 1715 4922 controversiam.
1743 4867 1969 4939 Singula

347 4950 526 5070 jeuim
571 4951 917 5011 curationem
979 4969 1135 5008 suam
1181 4953 1516 5021 desiderant,
1562 4963 1619 5011 et
1665 4958 1886 5027 plantae,
1912 4969 1970 5014 et

377 5045 624 5070 Λη-ηΑ-ἒι-
661 5044 905 5070 ...ΑΜΒ-Α
982 5053 1034 5070 Α.
1080 5048 1442 5070 ἔκηα---ωλκιρ
1503 5057 1551 5070 ,Α
1585 5061 1765 5070 -Α-ΑΑ-
1790 5050 1943 5070 __-_!-

375 5045 626 5112 corporis
660 5044 932 5108 membra,
979 5053 1038 5099 et
1080 5048 1470 5112 instrumenta,
1498 5057 1555 5102 et
1585 5061 1768 5118 partes
1790 5050 1966 5105 navis.

448 5130 660 5186 ORTH.
692 5133 982 5198 Quomodo
1005 5150 1138 5205 ergo
1160 5136 1459 5192 absurdum
1485 5153 1595 5193 non
1624 5140 1716 5203 sit,
1748 5140 1970 5209 corpori

375 5223 625 5293 quidem,
663 5230 722 5276 et
761 5222 931 5278 rebus
980 5225 1316 5294 inanimatis,
1363 5230 1759 5286 convenientes
1812 5247 1970 5286 cura-

376 5315 558 5369 tiones
573 5314 862 5381 adhibere,
887 5316 940 5370 in
990 5319 1278 5376 animabus
1329 5336 1462 5376 vero
1494 5322 1637 5377 hanc
1683 5323 1970 5380 medicinae

377 5405 622 5476 regulam
649 5421 761 5460 non
796 5409 1054 5464 servare?

447 5495 702 5551 ERANT.
752 5497 990 5555 Omnino
1033 5503 1455 5575 injustissimum
1493 5513 1598 5566 est,
1639 5519 1742 5558 nec
1786 5506 1964 5560 solum

377 5587 678 5657 iniustitiae,
714 5590 809 5644 sed
853 5594 1016 5648 etiam
1053 5595 1310 5649 amentia:
1335 5595 1352 5612 ⁶
1384 5593 1631 5662 plenum.
1673 5594 1775 5661 Qui
1817 5597 1963 5652 enim

375 5679 535 5734 aliter
554 5679 782 5749 iaciunt,
817 5685 1042 5741 medica:
1071 5687 1202 5740 artis
1231 5694 1360 5741 sunt
1390 5685 1648 5755 imperiti.

448 5799 559 5872 (18)
600 5800 716 5876 θερ.
750 5803 854 5859 Ed.
890 5805 1050 5859 Rom.
1078 5813 1132 5858 et
1161 5804 1308 5879 Lips.
1347 5804 1636 5878 ἰατρεύειν.

2073 4593 2284 4648 ἐθεάσω
2306 4592 2364 4646 δὲ
2387 4591 2488 4662 τὴν
2506 4590 2788 4662 ίστοδόκην
2812 4591 3103 4662 νεουργίας
3118 4590 3402 4660 δεομένην,
3430 4587 3528 4658 τὴν
3547 4587 3658 4647 τοῖς

2071 4685 2356 4756 πηδαλίοις
2384 4684 2756 4753 διαφέρουσαν
2797 4683 3117 4754 ἐπιμέλειαν
3162 4682 3546 4752 προσήνεγκας
3591 4677 3656 4733 ἂν

2068 4777 2232 4846 αὐτῇ,
2269 4775 2302 4846 ἦ
2335 4774 2434 4843 τὴν
2467 4776 2534 4844 τῇ
2571 4772 2822 4845 ἱστοδόκῃ
2853 4775 3268 4844 προσήκουσαν;

2141 4863 2348 4918 EPAN.
2399 4860 2806 4933 ’Δναμφίλεκτα
2845 4864 2940 4916 καὶ
2969 4862 3122 4916 ταῦτ’
3171 4861 3340 4914 ἔστιν.
3387 4860 3658 4913 Ἕκαστον

2067 4955 2174 5026 γὰρ
2203 4954 2302 5026 τὴν
2325 4953 2536 5008 οἰκείαν
2569 4953 2866 5026 θεραπείαν
2891 4954 3162 5024 ἐπιζητεῖ,
3211 4955 3306 5008 καὶ⁵
3339 4952 3526 5022 φυτὸν,
3563 4951 3658 5006 καὶ

2071 5048 2324 5116 σώματος
2356 5046 2564 5118 μόριον,
2588 5047 2682 5101 καὶ
2713 5047 2904 5119 σκεύη,
2934 5047 3026 5100 καὶ
3063 5046 3208 5117 μέρη
3237 5046 3383 5116 νηός.

2140 5137 2293 5192 ΟΡΘ.
2332 5137 2460 5201 Πῶς
2487 5133 2580 5192 οὖν
2608 5139 2668 5191 οὐ
2717 5139 2985 5208 σχέτλιον,
3032 5137 3247 5208 σώματι
3291 5137 3389 5208 μὲν
3423 5135 3519 5190 κικῖ⁷
3548 5136 3656 5197 τοῖς

2069 5228 2301 5300 ἀψύχοις
2343 5230 2719 5301 καταλλήλους
2753 5230 3056 5302 θεραπείας
3092 5230 3449 5302 προσφέρειν,
3485 5227 3578 5282 ἐπὶ
3601 5226 3657 5280 δὲ

2068 5322 2176 5376 τῶν
2213 5321 2402 5392 ψυχῶν
2435 5323 2524 5375 τὸν
2571 5322 2970 5393 θεραπευτικὸν
3023 5321 3231 5375 τούτων
3285 5319 3398 5392 (l9)
3437 5317 3512 5391 μὴ
3557 5335 3657 5389 φυ·

2071 5413 2287 5469 λάττειν
2320 5417 2522 5469 κανόνα
2535 5433 2548 5444 ·

2140 5507 2346 5561 ΕΡΛΝ.
2404 5507 2541 5560 Λίαν
2587 5507 2737 5560 ἐστὶν
2804 5505 3174 5572 ἀδικώτατον,
3228 5505 3322 5558 καὶ
3374 5505 3438 5558 οὐ
3497 5502 3654 5574 μόνον

2067 5599 2306 5665 ἀδικίας,
2349 5599 2486 5652 ἀλλά
2532 5599 2627 5652 καὶ
2671 5598 2859 5662 ἀνοίας
2913 5599 3130 5669 μεστόν.
3195 5599 3260 5653 Oi
3313 5596 3423 5668 γὰρ
3479 5593 3656 5657 ἄλλως

2068 5690 2372 5756 ποιοῦντες,
2406 5690 2578 5759 αὐτῆς
2599 5692 2706 5742 εἰσι
2731 5691 2831 5761 τῆς
2855 5691 3156 5762 θεραπείας
3193 5691 3651 5762 ἀνεπιστήμονες.

2144 5809 2254 5879 (19)
2282 5811 2522 5879 Utraque
2555 5809 2750 5876 editio,
2786 5809 2989 5864 τοῦτον.
