4090 6448
423 335 519 400 119

1420 338 1906 399 TIIEODOBETI
1947 337 2282 397 EPISCOPI
2323 336 2683 396 CYIlENSIS

3575 328 3674 399 1‘20

495 434 702 500 ERA'N.
736 446 842 502 Sed
871 448 985 503 haec
1018 457 1145 503 sunt
1180 448 1504 503 salutarium
1549 449 1865 518 passionum
1898 466 1999 504 no-

2175 450 2378 506 lLP-AN'.
2417 447 2578 501 Ἀλλὰ
2627 447 2798 500 ταῦτα
2865 446 2972 499 τῶν
3027 444 3367 515 παθημάτων
3409 443 3524 496 ἐστὶ
3569 447 3674 497 τῶν

415 538 563 591 mina
591 555 603 591 :
636 539 921 608 passiones
945 549 1127 595 autem
1153 556 1375 612 negare,
1407 541 1637 599 salutem
1666 551 1794 596 este
1818 542 1999 602 medio

416 629 630 684 tollere.

481 715 689 771 ORTH.
722 718 930 773 Nomen
970 721 1123 773 homo
1170 729 1384 774 natura:
1434 735 1635 774 nomen
1683 729 1788 785 est,
1814 720 1999 775 ethoc

414 807 647 862 reticere
679 809 821 863 idem
856 819 940 864 est
971 825 1034 864 ac
1066 819 1317 864 naturam
1350 825 1549 881 negare
1581 828 1593 863 :
1619 820 1869 865 naturam
1898 827 1997 865 au-

414 905 523 950 tem
550 897 644 966 qui
672 907 854 970 negat,
886 900 1169 970 passiones
1195 915 1224 955 e
1247 900 1430 956 medio
1454 900 1612 967 tollit,
1635 901 1837 981 quibus
1864 900 1998 957 sub-

411 987 538 1044 latis
567 989 723 1043 irrita
749 990 810 1044 ﬁt
847 991 1017 1045 salus.

483 1081 690 1135 ERAN.
724 1080 877 1136 Scire
921 1082 1146 1152 quidem
1174 1083 1527 1153 'assumptam
1568 1096 1690 1137 esse
1719 1089 1994 1146 naturam,

410 1174 789 1229 necessarium
833 1190 955 1230 esse
992 1173 1155 1229 duco.
1199 1173 1488 1229 Hominem
1530 1189 1664 1229 vero
1720 1173 1998 1243 appellare

411 1265 566 1320 orbis
591 1275 862 1320 terrarum
890 1265 1266 1330 Servatorem,
1295 1267 1443 1321 idem
1482 1273 1567 1320 est
1601 1281 1763 1338 quam
1799 1265 1867 1320 de
1893 1265 2000 1320 Do-

411 1359 545 1411 mini
572 1358 744 1427 gloria
772 1357 981 1432 aliquid
1003 1358 1322 1418 detrahere.

481 1445 691 1500 ORTH.
746 1447 822 1501 Te
868 1447 1036 1516 igitur
1074 1455 1130 1501 et
1163 1447 1326 1501 Petro
1356 1453 1411 1501 et
1445 1445 1632 1510 Paulo,
1679 1454 1843 1515 atque
1878 1445 1996 1514 ipso

412 1535 702 1590 Ser-valere
720 1537 844 1607 plus
861 1553 1051 1607 sapere
1078 1537 1384 1591 existimas?
1405 1537 1539 1591 Nam
1566 1537 1832 1591 Dominus
1859 1536 1997 1590 dixit

407 1624 612 1680 Judzeis
641 1642 657 1677 ει
687 1643 704 1675 ‹
737 1624 879 1692 Quid
924 1641 1008 1678 me
1035 1624 1282 1695 quaeritis
1315 1623 1646 1687 interﬁcere,
1689 1623 1992 1687 hominem,

409 1715 504 1784 qui
528 1715 816 1777 veritatem
843 1715 1000 1769 vobis
1023 1715 1241 1769 locutus
1264 1728 1406 1778 sum,
1429 1727 1593 1782 quam
1613 1712 1798 1767 audivi
1823 1728 1852 1766 a
1883 1711 1996 1784 84

2104 539 2387 609 σωτηρίων
2435 538 2676 606 ὀνόματα
2698 549 2712 564 ⁸
2756 536 2794 606 ἡ
2831 535 2889 588 δὲ
2914 535 3022 590 τῶν
3055 535 3393 606 παθημάτων
3426 531 3671 603 ἄρνησις,

2101 633 2203 701 τῆς
2229 629 2506 700 σωτηρίας
2544 625 2848 698 ἀναίρεσις.

2173 722 2326 775 ΟΡΘ.
2361 721 2502 774 Τδδὲ
2525 721 2839 790 ἄνθρωπος
2865 720 3036 789 ὄνομα
3061 717 3273 787 φύσεως
3303 715 3474 785 δνομά
3494 715 3638 766 ἐστιν
3658 731 3670 744 ·

2101 816 2132 884 ἡ
2162 813 2216 866 δὲ
2234 816 2426 867 τούτου
2458 813 2660 884 σιωπὴ,
2685 813 2900 882 φύσεως
2925 811 3153 880 ἄρνησις
3172 827 3187 843 ·
3213 811 3246 878 ἡ
3272 808 3326 860 δὲ
3343 807 3441 878 τῆς
3463 806 3675 874 φύσεως

2102 904 2351 974 ἄρνησις,
2392 905 2501 956 τῶν
2538 903 2882 974 παθημάτων
2903 901 3182 970 ἀναίρεσις
3201 915 3214 929 ·
3244 900 3278 969 ἡ
3302 898 3358 950 δέ
3385 913 3448 970 γε
3470 895 3672 956 τούτων

2101 993 2378 1064 ἀναίρεσις
2409 993 2637 1064 φροῦδον
2668 994 2766 1064 τὴν
2803 991 3077 1061 σωτηρίαν
3105 991 3266 1051 ποιεῖ.

2174 1071 2374 1138 ΕΡΑΝ.
2400 1083 2473 1136 Τὸ
2500 1084 2598 1154 μὲν
2621 1066 2821 1136 εἰδέναι
2843 1083 2940 1150 τὴν
2970 1080 3269 1148 ληφθεῖσαν
3291 1077 3450 1148 φύσιν
3470 1076 3672 1147 προῦρ-

2099 1193 2198 1244 γου
2231 1175 2361 1245 (21⁸)
2391 1174 2632 1244 τίθεμαι·
2667 1173 2727 1226 τὸ
2755 1174 2812 1226 δέ
2841 1189 2903 1240 γε
2943 1168 3227 1240 ἄνθρωπον
3258 1168 3553 1222 ἀποκαλεῖν
3574 1167 3674 1235 τῆς

2099 1269 2426 1338 οἰκουμένης
2458 1267 2550 1320 τὸν
2575 1265 2825 1335 Σωτῆρα,
2853 1262 3176 1338 σμικρὺνειν
3205 1257 3328 1322 ἐστὶ
3351 1259 3444 1312 τοῦ
3472 1257 3674 1316 Δεσπό-

2098 1377 2192 1412 του
2221 1359 2319 1428 τὴν
2344 1357 2521 1422 δόξαν.

2171 1449 2321 1504 ΟΡΘ.
2355 1445 2566 1501 Οὐκοῦν
2604 1448 2910 1516 σοφώτερον
2937 1443 3160 1504 σεαυτὴν
3195 1441 3305 1512 (9.2)
3345 1440 3437 1494 καὶ
3464 1437 3674 1506 Πέτρου

2099 1543 2192 1595 καὶ
2247 1539 2484 1606 Παύλου,
2521 1537 2616 1592 καὶ
2662 1536 2828 1590 αὐτοῦ
2877 1553 2940 1604 γε
2966 1535 3221 1604 Σωτῆρος
3263 1533 3372 1602 (25)
3423 1532 3560 1599 ἡγῇς
3615 1529 3673 1580 '0

2101 1635 2200 1705 μὲν
2233 1632 2341 1704 γὰρ
2390 1631 2596 1698 Κύριος
2636 1628 2774 1699 πρὸς
2817 1628 3104 1689 Ἰουδαίους
3137 1627 3276 1695 ἔφη·
3324 1643 3340 1674 ι
3375 1621 3440 1674 Τί
3483 1637 3548 1690 με
3581 1616 3676 1687 ξη-

2098 1729 2241 1788 τεῖτε
2291 1725 2634 1785 ἀποκτεῖναι,
2680 1720 2966 1792 ἄνθρωπον
2997 1719 3053 1781 ὃς
3099 1717 3196 1787 τὴν
3237 1714 3494 1784 ἀλήθειαν
3544 1713 3674 1780 ὑμῖν

408 1807 571 1860 Patre
593 1821 716 1860 meo
731 1807 816 1859 “?
847 1824 865 1857 ι
907 1805 1061 1874 Saepe
1078 1805 1244 1858 etiam
1267 1804 1466 1860 Filium
1486 1805 1728 1860 hominis
1741 1821 1798 1859 sc
1813 1804 1994 1875 ipsum

2097 1816 2392 1886 λελάληκα,
2433 1816 2498 1884 ἦν
2532 1814 2747 1883 ἥκουσα
2779 1809 2930 1878 παρὰ
2967 1809 3062 1863 τοῦ
3090 1807 3304 1877 Πατρός
3338 1821 3477 1876 μου;
3515 1821 3530 1854 ι
3565 1803 3675 1855 Καὶ

409 1895 720 1965 appellavit.
773 1896 970 1950 Petrus
993 1903 1198 1959 autem,
1245 1895 1394 1949 omni
1453 1896 1614 1950 laude
1643 1905 1700 1950 et.
1729 1895 1995 1965 praedica-

407 1986 560 2040 tione
592 1985 812 2055 dignus,
838 1985 1102 2055 populum
1143 1984 1433 2040 Judaicum
1472 1986 1757 2054 alloquens
1788 2005 1800 2038 :
1836 2004 1853 2034 ι
1884 1986 1995 2038 Αυ-

404 2075 540 2140 dite,
573 2076 770 2147 inquit,
795 2077 901 2131 viri
933 2077 1390 2142 israelitaa,verba
1413 2079 1531 2133 haec
1557 2095 1570 2132 :
1611 2077 1796 2132 Jesum
1822 2075 1995 2130 Naza-

408 2180 600 2220 renum
633 2167 815 2220 virum
855 2183 886 2220 a
925 2167 1038 2221 Deo
1080 2167 1446 2236 approbatum
1487 2166 1545 2222 in
1593 2166 1754 2220 vobis
1776 2165 1842 2218 ⁸³.
1877 2183 1894 2216 ›
1926 2163 1995 2218 Et

404 2257 604 2313 beatus
619 2257 844 2322 Paulus,
863 2258 918 2312 in
937 2257 1223 2328 Areopago
1237 2259 1470 2312 salutem
1489 2257 1845 2327 optimatibus
1857 2267 1994 2325 pra!-

405 2348 618 2414 dicans,
671 2347 817 2403 inter
853 2349 959 2404 alia
1005 2350 1178 2404 multa
1213 2350 1329 2403 haec
1373 2361 1593 2418 quoque
1635 2347 1822 2402 dixit:
1871 2365 1888 2396 ι
1924 2343 1994 2398 Et

403 2452 656 2511 tempora
695 2440 919 2510 quidem
947 2439 1115 2509 hujus
1135 2439 1454 2510 ignorantiae
1487 2435 1798 2508 despiciens
1823 2436 1989 2497 Deus,

399 2547 554 2588 nunc
597 2531 894 2586 annuntiat
924 2529 1248 2584 hominibus
1271 2535 1329 2582 ut
1360 2542 1552 2582 omnes
1576 2527 1780 2595 ubique
1810 2525 1992 2595 paeni-

402 2623 634 2676 tentiam
667 2631 867 2692 agant;
910 2635 977 2674 eo
1021 2618 1167 2688 quod
1199 2617 1392 2673 statuit
1419 2617 1588 2681 diem,
1615 2618 1672 2669 in
1711 2631 1821 2686 quo
1841 2615 1994 2685 judi-

401 2720 629 2766 caturus
649 2720 734 2767 est
756 2712 946 2766 orbem
975 2711 1032 2764 in
1060 2710 1316 2779 aequitate
1336 2725 1436 2780 per
1470 2711 1650 2763 virum
1679 2723 1840 2778 quem
1864 2721 1996 2762 con-

400 2805 603 2868 stituit,
641 2803 805 2858 fidem
849 2802 1102 2873 praebens
1145 2801 1424 2865 omnibus,
1479 2800 1750 2855 suscitans
1791 2814 1916 2853 eum
1962 2813 1991 2851 a

401 2895 637 2949 mortuis
657 2893 724 2948 “.
757 2913 775 2945 ι
812 2893 916 2960 Qui
950 2908 1082 2964 ergo
1105 2907 1310 2946 nomen
1331 2906 1362 2944 a
1383 2890 1616 2945 Domino
1645 2899 1701 2944 et
1732 2889 1994 2959 apostolis

401 2991 731 3054 usurpatum
761 2990 819 3038 et
839 2982 1179 3038 celebratum
1219 2980 1493 3050 repudiat,
1535 2981 1582 3036 is
1614 2995 1672 3035 se
1699 2988 1755 3034 et
1782 2979 1995 3049 magnis

401 3075 730 3131 doctoribus
769 3083 827 3131 et
860 3075 982 3145 ipso
1016 3073 1548 3146 sapientissimorum
1578 3073 1731 3128 fonte
1778 3073 1996 3142 sapien-

403 3167 599 3231 tiorem
636 3167 939 3230 existimat.

471 3443 680 3500 ERAN.
714 3440 1032 3498 lnfldelibus
1055 3441 1131 3496 illi
1174 3442 1318 3498 hanc
1366 3441 1676 3497 doctrinam
1712 3453 1990 3510 propone-

401 3537 536 3592 bant
564 3553 578 3590 :
602 3551 750 3590 nunc
798 3542 982 3590 autem
1029 3535 1198 3590 totius
1232 3534 1384 3589 orbis
1409 3548 1540 3604 pars
1571 3531 1806 3586 maxima
1831 3529 1993 3584 fidem

405 3629 652 3698 amplexa
677 3635 783 3683 est.

476 3717 687 3774 ORTH.
711 3718 826 3772 imo
843 3727 971 3774 sunt
997 3718 1179 3774 adhuc
1197 3718 1393 3783 Judmi,
1419 3720 1437 3737 ‘
1455 3725 1511 3772 et
1531 3715 1784 3787 gentiles,
1801 3723 1858 3770 et
1881 3715 1994 3770 lue-

403 3810 704 3864 reticorum
761 3819 995 3871 catervae
1039 3813 1495 3876 innumerabiles,
1539 3819 1595 3865 et
1639 3810 1839 3864 horum
1867 3811 1996 3864 uni-

401 3899 602 3970 cuique
629 3903 967 3962 conveniens
992 3903 1242 3958 doctrina
1263 3901 1574 3956 exhibenda
1598 3908 1700 3956 est.
1729 3899 1872 3967 Quin
1890 3901 1992 3954 etsi

397 3989 594 4045 eadem
630 4006 820 4047 omnes
844 3993 1198 4055 sentiremus,
1221 3991 1310 4045 die
1341 3990 1474 4061 quid
1526 3990 1858 4045 incommodi
1892 3990 1994 4044 ha-

398 4079 558 4135 beret
605 4081 776 4135 Deum
818 4090 876 4136 et
921 4082 1201 4136 hominem
1230 4079 1510 4134 Christum
1567 4075 1838 4134 conﬁteri.
1884 4081 1996 4132 An-

397 4181 511 4221 non
560 4167 902 4225 divinitatem
951 4171 1010 4224 in
1050 4184 1118 4224 eo
1141 4167 1459 4239 perfectam,
1495 4178 1550 4224 et
1597 4169 1992 4224 immanitatem

398 4256 658 4314 similiter
684 4262 773 4315 cui
796 4261 936 4314 nihil
968 4259 1144 4324 deest,
1163 4260 1608 4316 consideramus?

476 4351 681 4408 ERAN.
713 4355 837 4409 Haec
870 4371 1013 4425 saepe
1043 4355 1277 4410 confessi
1303 4371 1514 4412 sumus.

2097 1899 2368 1972 πολλαχοῦ
2389 1901 2445 1953 δὲ
2464 1901 2591 1953 Υἱὸν
2609 1900 2896 1971 ἀνθρώπου
2915 1897 3105 1952 ἑαυτὸν
3125 1890 3670 1966 προσηγόρευενβι).

2105 1993 2166 2047 '0
2191 1994 2247 2046 δὲ
2270 1992 2632 2063 πανεύφημος
2661 1990 2871 2062 Πέτρος
2898 1990 3034 2061 πρὸς
3066 1987 3160 2041 τὸν
3222 1985 3512 2040 Ἰουδαϊκὸν
3559 1983 3676 2034 δια-

2094 2085 2383 2156 λεγόμενος
2403 2084 2604 2154 δῆμονο
2645 2102 2663 2134 ι
2717 2082 2943 2150 Ἀνδρες
2991 2077 3357 2150 Ἰσραηλῖται,
3406 2072 3674 2126 ἀκούσατε

2093 2177 2219 2240 τοὺς
2248 2175 2440 2242 λόγους
2469 2173 2694 2236 τούτους
2713 2189 2726 2204 ο
2767 2170 2974 2243 Ἰησοῦν
3000 2169 3091 2222 τὸν
3131 2167 3479 2237 Ναζωραῖον,
3507 2161 3675 2231 ἄνδρα

2094 2267 2203 2320 ἀπὸ
2237 2265 2332 2318 τοῦ
2387 2263 2522 2316 Θεοῦ
2569 2262 3026 2331 ἀποδεδειγμένον
3081 2261 3160 2322 είς
3204 2258 3370 2328 ὑμᾶς.
3428 2274 3446 2306 ι
3499 2253 3609 2305 Καὶ
3647 2253 3674 2302 ό

2099 2356 2367 2428 μακάριος
2396 2355 2630 2418 Παῦλος,
2667 2353 2761 2406 tot")
2803 2351 3198 2424 ’Δρειουπάγου
3225 2350 3338 2411 τοῖς
3365 2342 3675 2420 προεστῶσι

2096 2447 2420 2518 προσφέρων
2449 2445 2512 2498 τδ
2540 2445 2808 2514 σωτήριον
2853 2442 3136 2512 κήρυγμα,
3167 2441 3302 2509 πρὸς
3338 2436 3550 2496 πολλοῖς
3580 2433 3672 2487 ἆλ-

2094 2541 2206 2602 λοις
2246 2538 2339 2591 καὶ
2382 2537 2554 2591 ταῦτα
2586 2536 2727 2606 ἔφη’
2759 2554 2777 2588 ι
2826 2536 2967 2598 Τοὺς
3019 2534 3116 2604 μὲν
3170 2528 3264 2585 οὖν
3310 2530 3534 2601 χρόνους
3578 2526 3676 2594 τῆς

2095 2629 2318 2698 ἀγνοίας
2353 2627 2626 2700 ὑπεριδὼν
2649 2630 2677 2681 ὁ
2716 2626 2873 2690 Θεὸς,
2903 2626 2974 2678 τὰ
3007 2624 3103 2678 νῦν
3143 2621 3511 2694 παραγγέλλει
3542 2619 3676 2671 πᾶσι

2097 2721 2374 2791 πανταχοῦ
2415 2721 2698 2790 μετανοεῖν
2723 2736 2737 2749 ο
2779 2718 2968 2771 καθότι
3016 2715 3242 2791 ἔστησεν
3285 2713 3518 2785 ἡμέραν.
3542 2713 3598 2763 ὲν

2099 2789 2535 2886 μέλλει-κρίνειν
2587 2811 2686 2882 τὴν
2742 2808 3070 2880 οἰκουμένην
3121 2789 3563 2874 ὲνλδικαιοσύνῃ,
3617 2801 3678 2853 ὲν

2095 2905 2251 2974 ἀνδρὶ
2279 2897 2322 2972 ᾧ
2352 2903 2542 2974 ὥρισε,
2571 2901 2752 2954 πίστιν
2793 2898 3094 2970 παρασχὼν
3129 2898 3316 2962 πᾶσιν,
3365 2895 3676 2963 ἀναστήσας

2096 2995 2258 3049 αὐτὸν
2286 2996 2350 3046 ὲκ
2383 2993 2617 3063 νεκρῶν.
2667 3010 2685 3043 ι
2729 2992 2788 3044 '0
2825 2992 3004 3044 τοίνυν
3037 2988 3099 3042 τὸ
3138 2987 3291 3057 παρὰ
3334 2985 3429 3039 τοῦ
3468 2983 3674 3055 Κυρίου

2097 3087 2195 3141 καὶ
2218 3085 2329 3138 τῶν
2369 3084 2687 3138 ἀποστόλων
2736 3081 2893 3135 τεθέν
2931 3098 2990 3134 τε
3045 3081 3142 3134 καὶ
3185 3076 3460 3150 κηρυχθὲν
3507 3074 3676 3141 ὄνομα

2097 3177 2558 3248 παραιτούμενος,
2608 3174 2916 3245 σοφώτερον
2948 3171 3136 3227 ἑαυτὸν
3172 3169 3395 3225 καὶτῶν
3426 3166 3679 3237 μεγάλων

2096 3266 2434 3321 διδασκάλων
2462 3264 2752 3334 ὑπείληφε,
2788 3264 2881 3317 καὶ
2903 3261 3085 3334 μέντοι
3113 3261 3210 3314 καλ⁸
3248 3256 3419 3327 αὐτῆς
3452 3255 3553 3326 τῆς
3569 3253 3680 3306 τῶν

2100 3360 2430 3430 σοφωτάτων
2467 3357 2805 3412 διδασκάλων
2835 3354 3039 3426 πηγῆς.

2170 3452 2376 3509 ΕΡΑΝ.
2406 3452 2534 3514 Τοῖς
2583 3449 2835 3512 ἀπίστοις
2881 3448 3078 3501 ἐκεῖνοι
3109 3443 3268 3513 τήνδε
3290 3441 3388 3512 τὴν
3424 3439 3679 3493 διδασκαι

2097 3546 2218 3600 λίαν
2241 3546 2625 3616 προσήνεγκαν
2647 3558 2657 3570 ·
2681 3539 2777 3594 νῦν
2799 3539 2855 3594 δὲ
2872 3538 2973 3611 τῆς
3000 3535 3324 3607 οἰκουμένης
3341 3531 3400 3585 τδ
3426 3531 3675 3586 πλεῖστον

2097 3636 2438 3690 ἐπίστευσεν.

2169 3726 2323 3780 ΟΡΘ.
2364 3725 2617 3779 Μάλιστα
2671 3723 2770 3794 μέν
2802 3721 2939 3775 εἰσιν
2991 3719 3071 3772 ἔτι
3131 3716 3224 3774 καὶ
3269 3714 3532 3777 Ἰουδαῖοι,
3583 3710 3678 3767 καὶ

2099 3819 2381 3888 Ἕλληνες,
2416 3819 2510 3871 καὶ
2538 3813 2836 3887 αἱρετικῶν
2879 3811 3049 3884 μυρία
3083 3808 3430 3878 συστήματα,
3457 3803 3551 3858 καὶ
3572 3804 3678 3873 χρὴ

2098 3911 2301 3973 τούτων
2332 3910 2549 3979 ἑκάστῳ
2571 3904 2910 3976 κατάλληλον
2942 3899 3292 3955 διδασκαλίαν
3323 3894 3675 3968 προσφέρειν.

2096 4003 2159 4055 Ei
2187 4001 2242 4054 δὲ
2275 4001 2369 4054 καὶ
2395 4000 2597 4060 πάντες
2633 3995 2774 4070 ἦμεν
2809 3995 3135 4067 ὁμόφρονες,
3181 3990 3322 4051 εἰπὲ,
3357 3989 3409 4041 τί
3435 3986 3675 4039 λωϐᾶται

2093 4092 2156 4145 τὸ
2190 4090 2323 4143 Θεὸν
2369 4089 2464 4143 καὶ
2509 4088 2798 4158 ἄνθρωπον
2837 4087 3123 4157 ὁμολογεῖν
3163 4084 3255 4137 τὸν
3283 4081 3555 4154 Χριστόν;
3603 4077 3676 4129 “ll

2095 4181 2157 4232 οὐ
2183 4178 2417 4247 θεότητα
2444 4176 2660 4230 τελείαν
2687 4177 2745 4228 ὲν
2774 4174 2924 4246 αὑτῷ
2956 4176 3052 4228 καὶ
3083 4171 3479 4245 ἰενθρωπότητα
3505 4164 3656 4219 ὼσαύ

2096 4287 2204 4332 τως
2228 4268 2490 4337 ἀνελλιπῆ
2523 4265 2838 4338 θεωροῦμεν
2859 4285 2873 4332 ;

2166 4360 2373 4413 ΕΡΑΝ.
2412 4358 2605 4412 Ταῦτα
2639 4355 2901 4419 πολλάκις
2939 4355 3395 4426 ὡμολογήσαμεν.

467 4442 682 4499 ORTH.
713 4444 826 4500 Cur
847 4461 983 4517 ergo
1016 4462 1164 4502 nunc
1211 4447 1456 4502 tollimus
1485 4462 1608 4517 quae
1633 4449 1835 4518 saepius
1859 4461 1991 4502 con-

2168 4451 2322 4504 ΟΡΘ.
2355 4450 2420 4502 Τί
2448 4449 2648 4520 δήποτε
2674 4447 2852 4501 τοίνυν
2878 4445 3212 4518 ἀναιροῦμεν
3245 4445 3387 4512 άπερ
3417 4439 3679 4502 πολλάκις

402 4533 528 4590 fessi
559 4538 786 4592 sumus?

469 4653 580 4724 85
615 4654 820 4709 ERAN.
855 4654 1144 4710 Hominem
1174 4655 1450 4724 appellare
1478 4651 1759 4706 Christum
1794 4666 1990 4721 super-

419 4752 702 4800 vacaneum
732 4745 1006 4811 existimo,
1043 4745 1347 4816 praesertim
1392 4744 1438 4800 si
1481 4742 1658 4798 fidelis
1687 4759 1811 4798 cum
1843 4742 1988 4796 fideli

403 4833 763 4904 colloquatur.
1933 4910 1936 4916 ἲ

470 4921 681 4978 ORTH.
741 4925 1000 4980 Divinum
1060 4926 1382 4996 Apostolum
1441 4940 1508 4978 an
1561 4924 1780 4979 fidelem
1840 4925 1989 4986 arbi-

405 5015 601 5070 traris?

415 5073 418 5076 ~
474 5107 681 5161 ΕΒΛΝ.
718 5107 988 5162 Fidelium
1018 5108 1266 5162 omnium
1299 5108 1599 5164 doctorem.

471 5195 680 5257 ORTH.
732 5198 1082 5259 Timotheum
1130 5206 1313 5254 autem
1361 5200 1464 5262 hac
1507 5201 1872 5281 appellatione
1902 5201 1987 5258 di-

405 5301 570 5364 gnum
600 5287 918 5346 existimas?

2095 4541 2532 4613 ὡμολογήσαμεν
2555 4559 2568 4606 ;

2167 4653 2369 4706 ΕΡΑΝ.
2413 4653 2486 4705 Τὸ
2533 4651 2817 4724 ἄνθρωπον
2868 4652 3056 4709 καλεῖν
3112 4650 3204 4704 τὸν
3289 4647 3524 4719 Χριστὸν
3583 4647 3680 4699 ὐπ-

2095 4745 2294 4815 είληφα
2337 4745 2612 4814 περιττὸν,
2643 4743 2878 4817 μάλιστα
2913 4743 3104 4800 πιστόν
3134 4759 3254 4795 τινα
3294 4738 3470 4811 πιστῷ
3505 4755 3679 4810 προσ-

2095 4836 2500 4908 διαλεγόμενον.

2168 4927 2321 4982 ΟΡΘ.
2363 4925 2467 4981 Τόν
2516 4926 2658 4980 θεῖον
2694 4925 3013 4984 Ἀπόστολον
3067 4924 3260 4978 πιστὸν
3323 4919 3459 4977 εἶναι
3523 4918 3674 4992 νομί-

2103 5019 2239 5084 fac;

2097 5060 2206 5086 τινδῖ
2226 5061 2239 5084 ἳ

2169 5109 2370 5164 ΕΡΑΝ.
2415 5109 2628 5164 Πιστῶν
2655 5107 2852 5180 ιιενοῦν
2878 5107 3134 5162 ἁπάντων
3158 5103 3500 5160 διδάσκαλον.

2168 5201 2320 5261 ΟΡΘ.
2362 5201 2466 5254 Τὸν
2493 5200 2550 5252 δὲ
2583 5198 2849 5273 Τιμόθεον
2912 5199 3076 5271 τῆσδε
3143 5199 3241 5271 τῆς
3305 5194 3675 5269 προσηγορίας

2099 5292 2406 5363 ὑπείληφας
2441 5289 2590 5355 ἄξιον
2605 5302 2623 5318 ’

474 5468 522 5498 ⁸³
555 5468 712 5523 Joan.
751 5482 862 5531 vui,
892 5466 979 5521 40.
1058 5462 1104 5494 ⁸³
1137 5462 1257 5520 Act.
1293 5481 1350 5532 ιι,
1374 5465 1462 5520 2‘2.
1547 5465 1594 5499 ⁸³
1629 5467 1749 5522 Act.
1787 5485 1911 5538 xvu,
1947 5471 2035 5536 30,
2068 5470 2155 5526 3i.

475 5647 1320 5787 2.24;)

2157 5655 2270 5728 (‘25)
2302 5656 2579 5728 20):._Ed.
2619 5659 2776 5728 Rom.
2809 5662 2865 5708 ct
2896 5653 3045 5728 Lips.
3079 5668 3268 5722 praem.
3311 5653 3428 5716 τοῦ.

2164 5725 2275 5797 (Ἡ)
2310 5743 2403 5796 πρ.
2435 5725 2579 5781 Εάὶιε.
2616 5727 2776 5781 Rom.
2815 5726 3207 5795 προηγόρευεν.
