4090 6432
347 373 452 441 121

1443 372 1822 434 DIALOGUS
1859 370 1944 430 II.
1984 393 2056 402 —
2091 369 2589 435 INCONFUSUS.

3551 374 3653 439 122

422 492 641 547 EPAN.
692 492 779 557 Ὡς
813 492 1035 548 ἐκείνου
1076 510 1141 563 γε
1180 491 1449 565 μαθητὴν,
1485 492 1582 545 καὶ
1633 492 1742 544 τῶν
1788 488 1955 544 ἄλλων

2136 489 2343 547 ERAN.
2399 491 2684 565 Tanquam
2721 494 2868 551 illius
2910 492 3264 566 discipulum,
3307 501 3366 550 et
3413 494 3653 551 aliorum

351 580 707 637 διδάσκαλον.

424 673 586 734 οΡΘ.
635 674 906 731 ι’Διιουσον
939 674 1126 729 τοίνυν
1157 672 1253 727 τοῦ
1296 671 1618 728 διδασκάλου
1673 672 1784 727 τῶν
1816 672 1964 726 διδα-

355 767 587 824 σκάλων
643 766 723 839 τῷ
786 767 1120 839 τελειοτάτῳ
1182 766 1489 838 γράφοντος
1549 766 1789 839 μαθητῇ·
1818 786 1835 819 ι
1868 760 1962 829 Εἷς

355 860 517 927 Θεὸς,
550 854 636 925 εἷς
656 860 754 915 καὶ
785 859 1016 932 μεσίτης
1037 858 1176 914 Θεοῦ
1203 860 1297 913 καὶ
1321 857 1646 933 ἀνθρώπων,
1674 859 1964 931 ἄνθρωπος

358 954 605 1027 Χριστὸς
650 954 885 1026 Ἰησοῦς,
911 955 940 1009 ὁ
968 955 1097 1019 δοὺς
1122 954 1286 1009 αὑτὸν
1316 953 1514 1024 λύτρον
1536 954 1657 1008 ἀντὶ
1683 951 1958 1008 πάντωνοι

358 1048 455 1101 καὶ
490 1046 706 1101 παῦσαι
730 1048 913 1120 μάτην
945 1045 1274 1117 ἀδολεσχῶν,
1299 1046 1396 1100 καὶ
1424 1045 1625 1118 νόμους
1661 1047 1796 1117 ἡμῖν
1832 1062 1899 1098 πε
1911 1043 1965 1119 pl.

358 1139 525 1192 θείων
571 1139 862 1210 ὀνομάτων
885 1139 1077 1204 τιθείς.
1135 1139 1247 1198 Καὶ
1277 1138 1412 1193 αὐτὸ
1436 1137 1496 1199 δέ
1526 1154 1590 1209 γε
1616 1137 1711 1195 τοῦ
1738 1136 1962 1209 μεσίτου

356 1226 419 1280 τὸ
483 1227 667 1299 ὄνομα
735 1226 996 1299 θεότητος
1058 1228 1296 1284 ἐνταῦθα
1361 1228 1460 1283 καὶ
1540 1226 1639 1284 ἀνθ
1649 1227 1964 1300 ρωπότητος

359 1317 605 1388 ὑπάρχει
638 1317 961 1389 δηλωτικόν.
1018 1320 1093 1373 Οὐ
1155 1319 1265 1392 γὰρ
1321 1319 1484 1391 μόνον
1535 1318 1799 1389 ὑπάρχων
1828 1316 1964 1381 Θεὸς

357 1407 569 1479 ἐκλήθη
606 1409 863 1479 μεσίτης·
896 1408 1017 1473 πῶς
1044 1410 1154 1482 γὰρ
1184 1411 1253 1464 ἂν
1293 1409 1648 1480 ἐμεσίτευσεν
1684 1410 1820 1480 ἡμῖν
1865 1408 1962 1462 καὶ

357 1498 484 1569 Θεῷ
511 1499 685 1571 μηδὲν
715 1499 860 1571 ἔχων
890 1500 1201 1573 ἠμέτερον;
1249 1501 1405 1555 Ἐπεὶ
1441 1500 1500 1554 δέ
1533 1501 1610 1566 ὡς
1658 1499 1792 1564 Θεὸς
1835 1516 1963 1552 συν-

351 1587 534 1659 ἧπται
559 1590 643 1662 τῷ
669 1591 847 1663 Ilath
870 1591 972 1662 τὴν
1017 1591 1190 1662 αὐτὴν
1229 1590 1368 1662 ἔχων
1404 1590 1593 1646 οὐσίαν
1629 1588 1764 1660 (25),
1792 1589 1868 1653 ὼς
1904 1587 1963 1643 δὲ

352 1678 651 1751 ἄνθρωπος
674 1684 830 1753 ἡμῖν,
860 1682 921 1748 ἐξ
945 1683 1107 1754 ἡμῶν
1155 1683 1264 1755 γὰρ
1308 1682 1468 1737 ἔλαϐε
1502 1682 1601 1755 τὴν
1631 1680 1725 1736 τοῦ
1770 1681 1959 1737 δούλου

363 1772 607 1844 μυρεῖὴνι
637 1774 869 1839 εἰκότως
917 1777 1147 1847 μεσίτης
1182 1777 1522 1848 ὠνόμασται,
1569 1777 1857 1832 συνάπτων
1902 1776 1961 1829 ἐν

364 1862 549 1933 ἐαυτῷ
567 1863 636 1918 τὰ
659 1863 929 1919 διεστῶτα
953 1869 1020 1938 τῇ
1052 1865 1245 1928 ὲνὼσει
1280 1867 1389 1922 τῶν
1416 1865 1656 1937 φύσεων,
1703 1865 1960 1937 θεότητος

359 1952 507 2023 λέγω
534 1956 627 2009 καὶ
650 1954 1099 2030 ἀνθρωπότητος.

423 2127 640 2187 EPAN.
708 2130 954 2202 Μωῦσῆς
1023 2127 1119 2187 οὖν
1182 2132 1281 2189 οὐκ
1336 2135 1630 2209 ὠνομάσθη
1703 2135 1958 2208 μεσίτης,

345 2216 650 2288 ἄνθρωπος
680 2214 758 2272 ὢν
793 2218 955 2289 μόνον
980 2238 995 2289 ;

420 2307 583 2364 ΟΡΘ.
626 2307 815 2374 Τύπος
842 2306 914 2381 ἦν
942 2311 1152 2378 ἐκεῖνος
1182 2313 1283 2385 τῆς
1314 2311 1599 2386 ἀληθείας·
1633 2316 1663 2369 δ
1696 2313 1755 2368 δὲ
1785 2312 1958 2379 τύπος

344 2399 453 2452 οὐκ
514 2400 635 2471 ἔχει
682 2401 861 2457 πάντα
905 2403 1010 2457 ὅσα
1037 2407 1208 2478 περή
1263 2405 1514 2478 ἀλήθεια.
1568 2398 1644 2460 Οὗ
1701 2406 1765 2478 δὴ
1795 2408 1959 2479 χάριν

346 2492 569 2555 ἐκεῖνος
605 2492 711 2547 οὒκ
738 2488 810 2565 ἦν
849 2494 952 2564 μὲν
979 2495 1144 2565 φύσει
1176 2495 1330 2563 Θεὸς,
1371 2496 1671 2570 ὠνομάσθη
1708 2497 1766 2552 δὲ
1807 2499 1958 2570 ὅμως

347 2579 498 2646 θεὸς,
533 2581 627 2636 ἵνα
668 2582 937 2661 πληρώσῃ
989 2584 1083 2638 τὸν
1140 2584 1331 2644 τύπον.
1362 2605 1381 2640 ι
1426 2587 1559 2641 Ἰδοὺ
1618 2588 1748 2659 γὰρ,
1800 2587 1956 2659 φησί,

345 2671 585 2732 τέθεικά
615 2689 679 2725 σε
706 2673 835 2728 θεὸν
867 2674 946 2746 τῷ
972 2675 1173 2751 Φαραῷ
1199 2676 1335 2748 (26)·
1365 2695 1384 2729 ι
1423 2677 1626 2736 αὐτίκα
1655 2680 1840 2737 τοίνυν
1881 2678 1958 2743 ὡς

347 2762 477 2833 Θεῷ
509 2763 611 2818 καὶ
646 2765 940 2836 προφήτην
971 2765 1272 2836 ἀφώρισεν.
1311 2785 1332 2822 ι
1375 2767 1591 2840 Ἀαρὼν
1615 2768 1746 2843 γὰρ,
1769 2769 1955 2841 φησὶν,

348 2855 381 2919 δ
432 2855 676 2928 ἀδελφός
730 2873 847 2921 σου,
903 2858 1064 2920 ἐσται
1095 2859 1209 2930 (27)
1260 2876 1343 2914 σοι
1397 2862 1704 2939 προφήτης.
1741 2879 1761 2914 ι
1809 2860 1958 2917 Ἡδὲ

347 2945 616 3016 ἀλήθεια,
646 2948 746 3002 καὶ
765 2948 897 3014 Θεὸς
919 2949 1106 3020 φύσει,
1131 2951 1228 3005 καὶ
1264 2951 1554 3026 ἄνθρωπος
1577 2953 1760 3023 φύσει.

426 3039 642 3097 ΕΡΔΝ.
712 3042 826 3097 Καὶ
890 3043 978 3107 τίς
1048 3042 1117 3098 ἂν
1180 3043 1409 3101 καλέσαι
1473 3045 1644 3102 τύπον
1707 3046 1800 3101 τὸν
1859 3047 1959 3101 οὐκ

348 3240 586 3374 ραὲἓθ.
640 3314 729 3380 Ὠς
756 3314 923 3382 ἔοικε,
950 3317 1053 3382 τὰς
1088 3316 1378 3388 βασιλικὰς
1417 3319 1637 3385 εἰκόνας
1671 3321 1733 3376 οὐ
1773 3319 1958 3383 καλεῖς

347 3403 629 3476 βασιλέως
656 3406 908 3474 εἰκόνας;

420 3498 636 3553 EPAN.
682 3498 926 3570 Πάνυγε.

419 3588 584 3645 ΟΡΘ.
638 3592 752 3646 Καὶ
804 3593 914 3665 μὴν
962 3593 1025 3648 οὐ
1076 3596 1257 3652 πάντα
1310 3596 1550 3669 ἔχουσιν,
1601 3601 1701 3652 ὅσα
1741 3617 1849 3672 περ
1894 3600 1956 3657 τὸ

345 3683 673 3758 ἀρχέτυπον
735 3683 869 3759 ἔχει.
926 3686 1154 3759 Πρῶτον
1210 3689 1310 3761 μὲν
1361 3691 1469 3763 γάρ
1500 3693 1638 3746 εἰσιν
1666 3691 1863 3767 ἄψυχοί
1894 3709 1952 3747 τε

346 3775 447 3829 καὶ
472 3773 686 3843 ἄλογοι·
717 3772 836 3830 εἶτα
860 3777 970 3833 τῶν
998 3779 1151 3844 ἐντὸς
1180 3781 1388 3854 μορίων
1421 3783 1765 3858 ἐστέρηνται,
1813 3803 1952 3859 καρ-

343 3865 489 3937 δίας,
516 3868 688 3938 φημὶ,
716 3870 812 3923 καὶ
836 3870 1067 3936 κοιλίας,
1098 3873 1196 3928 καὶ
1220 3873 1454 3945 ἥπατος,
1479 3876 1575 3931 καὶ
1602 3876 1715 3932 τῶν
1775 3877 1954 3933 ἄλλων

344 3958 529 4013 ὁπόσα
594 3959 807 4023 τούτοις
863 3962 1246 4025 συνέζευκται.
1286 3967 1521 4021 Ἔπειτα
1576 3969 1640 4022 τὸ
1699 3969 1798 4038 μὲν
1844 3971 1955 4026 τῶν

344 4048 671 4120 αἰσθήσεων
698 4048 918 4121 ἔχουσιν
951 4049 1116 4117 εἶδος,
1165 4055 1265 4121 τὰς
1301 4056 1362 4110 δὲ
1410 4057 1620 4113 τούτων
1673 4061 1957 4133 ἐνεργείας

341 4138 565 4194 οὐκέτι.
600 4139 741 4194 Οὔτε
769 4142 879 4215 γὰρ
924 4144 1234 4212 ἐπαΐουσιν,
1267 4147 1392 4201 οὗτε
1438 4148 1792 4220 φθέγγονται,
1827 4151 1954 4210 οὔτε

341 4234 579 4307 δρῶσιν·
629 4234 695 4287 οὐ
743 4228 1074 4306 γράφουσιν,
1120 4238 1185 4291 οὐ
1239 4236 1570 4310 βαδίζουσιν,
1613 4243 1715 4296 οὐκ
1742 4242 1871 4298 ἄλλο
1901 4261 1956 4298 τι

341 4325 523 4397 δρῶσι
550 4324 665 4380 τῶν
695 4325 1076 4398 ἀνθρωπίνων·
1109 4329 1225 4383 ἀλλ’
1248 4330 1401 4401 ὅμως
1428 4333 1637 4398 εἰκόνες
1661 4334 1955 4389 καλοῦνται

343 4415 661 4486 βασιλικαί.
694 4415 852 4471 οὕτω
879 4419 975 4472 καὶ
1006 4419 1252 4491 Μωῦσῆς
1277 4420 1526 4496 μεσίτης,
1555 4425 1650 4479 καὶ
1669 4427 1698 4478 ὁ
1719 4425 1955 4497 Χριστὸς

2067 585 2410 654 magistrum.

2138 671 2351 729 ORTH.
2379 674 2523 731 Audi
2564 692 2695 748 ergo
2720 677 3000 733 doctorem
3033 674 3323 731 doctorum
3362 671 3655 744 perfectis-

2066 766 2207 821 simo
2240 767 2575 823 scribentem
2619 769 2891 840 discipulo
2922 787 2936 824 :
2976 788 2994 820 ‹
3031 767 3186 824 Unus
3226 768 3391 831 Deus,
3424 781 3570 821 unus
3594 773 3653 822 et

2067 855 2339 911 mediator
2377 856 2475 912 Dei
2514 866 2571 913 et
2611 858 2918 923 hominum,
2952 857 3119 912 homo
3160 855 3415 912 Christus
3455 855 3649 921 Iesus,

2065 945 2161 1016 qui
2186 945 2341 1001 dedit
2366 947 2610 1027 seipsum
2642 947 3077 1018 redemptionem
3104 962 3204 1025 pro
3232 946 3490 1001 omnibus
3514 944 3590 1011 ⁸⁸;
3623 964 3643 997 ι

2064 1046 2123 1092 et
2152 1036 2346 1094 desine
2392 1023 2677 1095 incassum
2713 1039 2932 1113 nugari,
2966 1022 3197 1110 etleges
3219 1039 3389 1093 nobis
3407 1039 3476 1093 de
3504 1037 3649 1092 divi-

2064 1129 2153 1185 nis
2191 1131 2513 1188 nominibus
2539 1133 2840 1204 imponere.
2874 1132 3188 1200 Quinetiam
3227 1146 3426 1185 nomen
3468 1130 3649 1199 ipsum

2064 1224 2385 1282 mediatoris
2412 1236 2469 1282 et
2491 1225 2836 1282 divinitatem
2865 1225 2973 1281 hoc
2997 1225 3119 1280 loco
3157 1230 3215 1279 et
3250 1222 3649 1277 humanitatem

2063 1317 2354 1389 signiﬁcat.
2380 1318 2571 1389 Neque
2593 1319 2763 1385 enim,
2791 1318 2838 1374 si
2862 1318 3009 1373 Deus
3025 1316 3201 1372 solum
3217 1321 3384 1379 esset,
3412 1327 3643 1367 vocare-

2064 1417 2156 1470 tur
2187 1410 2479 1466 mediator.
2512 1409 2798 1479 Quomodo
2843 1408 2991 1465 enim
3040 1408 3186 1463 inter
3234 1421 3336 1460 nos
3377 1414 3437 1463 et
3476 1404 3661 1465 Deum.

2062 1502 2387 1558 mediatoris
2410 1517 2615 1558 munus
2646 1509 3060 1573 exsequeretur,
3090 1498 3137 1556 si
3172 1498 3347 1553 nostri
3375 1494 3513 1551 nihil
3550 1493 3650 1551 ha-

2062 1594 2259 1653 beret?
2284 1595 2393 1651 Sed
2435 1595 2565 1666 quia
2604 1603 2666 1651 ut
2710 1594 2857 1650 Deus
2900 1592 3141 1649 cohteret
3169 1588 3350 1655 Patri,
3398 1585 3649 1644 eamdem

2062 1686 2275 1743 habens
2318 1686 2706 1751 substantiam,
2747 1694 2805 1744 et
2848 1693 2911 1740 ut
2942 1683 3109 1739 homo
3137 1681 3299 1736 nobis
3326 1678 3616 1749 copulatur
3635 1719 3657 1747 ,

2062 1778 2192 1850 quia
2214 1794 2284 1834 ex
2310 1777 2473 1841 nobis
2509 1776 2653 1841 servi
2681 1776 2912 1833 formam
2939 1773 3173 1844 accepit,
3201 1779 3350 1826 recte
3379 1768 3651 1850 mediator

2038 1848 2438 1941 nuncupatur,
2465 1885 2531 1925 ea
2564 1884 2688 1939 quae
2713 1867 2991 1938 disiuncta
3021 1870 3179 1920 erant
3216 1862 3273 1917 in
3308 1848 3488 1931 seipso
3512 1874 3618 1914 con
3636 1888 3649 1900 -

2057 1964 2296 2039 iungens
2339 1960 2546 2021 unione
2568 1965 2915 2023 naturarum,
2938 1952 3267 2019 divinitatis,
3305 1951 3553 2022 inquam,
3591 1956 3656 2004 et-

2061 2052 2440 2110 humanitatis.
2564 2106 2571 2113 ,
3434 2046 3443 2049 ἡ

2130 2146 2341 2203 ERAN.
2380 2145 2579 2203 Annon
2623 2143 2802 2199 Moses
2858 2140 3166 2212 appellatus
3214 2146 3301 2197 est
3341 2135 3657 2199 mediator,

2060 2256 2188 2298 cum
2218 2247 2366 2295 esset
2393 2245 2604 2293 tantum
2633 2233 2839 2291 homo?

2129 2330 2340 2388 ORTH.
2371 2329 2555 2402 Typus
2579 2319 2698 2383 erat
2718 2326 2810 2382 ille
2830 2323 3078 2381 veritatis
3103 2341 3116 2377 :
3145 2330 3305 2395 typus
3326 2328 3512 2375 autem
3538 2330 3648 2371 non

2060 2427 2228 2480 habet
2273 2424 2454 2480 omnia
2491 2438 2614 2494 quae
2656 2421 2825 2475 habet
2868 2418 3087 2474 veritas.
3125 2413 3491 2482 Quamobrem
3536 2420 3648 2465 non

2059 2527 2181 2575 erat
2211 2516 2435 2587 quidem
2465 2515 2560 2570 ille
2598 2520 2798 2568 natura
2839 2510 3005 2575 Deus,
3036 2516 3093 2564 et
3131 2514 3313 2561 tamen
3344 2501 3652 2573 appellatus

2058 2618 2145 2666 est
2171 2609 2343 2673 deus,
2377 2616 2440 2662 ut
2472 2616 2657 2677 typum
2689 2602 2961 2673 impleret.
2998 2618 3016 2651 ι
3050 2598 3195 2653 Ecce
3222 2594 3393 2659 enim,
3438 2590 3646 2661 inquit,

2059 2701 2323 2761 constitui
2360 2708 2413 2759 te
2446 2697 2610 2753 deum
2626 2695 2743 2771 83
2775 2689 3050 2753 Pharaoni
3081 2687 3127 2719 ⁸⁸
3148 2704 3177 2754 ;_
3209 2706 3227 2740 ι
3259 2695 3315 2745 et
3348 2685 3493 2739 illico
3525 2691 3648 2736 tan-

2058 2810 2223 2867 quam
2253 2794 2366 2848 Deo
2394 2790 2720 2862 prophetam
2750 2783 3023 2858 adiunxit.
3053 2801 3071 2832 ‹
3105 2779 3289 2836 Aaron
3320 2778 3336 2798 '
3363 2775 3534 2839 enim,
3564 2788 3650 2827 m-

2059 2886 2201 2956 quit,
2235 2885 2406 2941 l‘rater
2437 2893 2563 2940 tuus
2585 2880 2695 2936 erit
2721 2878 2822 2941 tibi
2854 2875 3122 2947 propheta
3147 2869 3215 2924 '".
3253 2889 3272 2922 ι
3301 2866 3517 2924 Veritas
3543 2879 3647 2919 au-

2061 2988 2192 3041 tem,
2223 2983 2280 3031 et
2302 2976 2448 3029 Deus
2475 2980 2558 3029 est
2592 2981 2808 3034 natura,
2833 2976 2891 3024 et
2918 2973 3116 3021 natura
3139 2963 3328 3017 homo.

2132 3069 2341 3127 ERAN.
2372 3068 2441 3122 Et
2477 3066 2603 3136 quis
2629 3072 2819 3134 typum
2845 3058 3083 3130 appellet
3114 3070 3264 3118 eum,
3298 3052 3395 3121 qui
3424 3047 3648 3105 eviden-

348 3124 614 3204 ἐναργεῖς
686 3131 880 3204 ἒχοντα
957 3134 1053 3188 τοῦ
1114 3135 1426 3207 ἀρχετύπου
1488 3139 1617 3203 τοὺς
1679 3139 1955 3211 χαρακτῆ-

2062 3171 2144 3218 tes
2196 3156 2478 3230 archetypi
2497 3124 2858 3211 characteres
2877 3124 2987 3205 non
3017 3145 3224 3202 habet?

2127 3337 2344 3397 ORTH.
2372 3336 2575 3407 Regias
2597 3331 2883 3405 imagines,
2912 3337 2973 3384 ut
2997 3334 3245 3398 apparet,
3276 3324 3423 3395 regis
3454 3317 3647 3391 imagi-

2056 3447 2156 3487 nes
2180 3445 2291 3484 non
2316 3428 2515 3486 vocas?

2126 3519 2337 3576 ERAN.
2360 3516 2619 3575 Omnino.

2126 3610 2336 3668 ORTll.
2367 3609 2437 3670 Et
2479 3615 2661 3667 tamen
2704 3604 2887 3661 omnia
2921 3618 3032 3658 non
3062 3601 3272 3657 habent
3312 3612 3434 3669 quae
3478 3595 3645 3651 habet

2055 3702 2439 3774 archetypum.
2478 3699 2724 3757 Primum
2752 3696 2903 3752 enim
2940 3692 3255 3749 inanimatae
3284 3696 3434 3754 sunt,
3470 3694 3526 3742 et
3553 3701 3645 3771 ra-

2057 3793 2224 3850 tionis
2243 3801 2530 3863 expertes;
2549 3788 2748 3845 deinde
2770 3785 3131 3841 interioribus
3152 3779 3416 3836 membris
3434 3782 3643 3841 carent,

2058 3885 2244 3951 corde,
2276 3884 2522 3954 inquam,
2554 3890 2612 3936 et
2642 3891 2858 3944 ventre,
2885 3884 2943 3932 et
2957 3878 3165 3948 iecore,
3203 3881 3258 3927 et
3285 3869 3500 3929 caeteris
3525 3882 3646 3938 quae

2057 3978 2146 4034 his
2178 3978 2473 4049 conjuncta
2509 3981 2658 4030 sunt.
2696 3969 2780 4026 Ad
2823 3969 2940 4025 haec
2979 3979 3241 4025 sensuum
3269 3959 3493 4031 quidem
3519 3972 3645 4031 spe-

2057 4070 2199 4128 ciem
2234 4083 2349 4139 prae
2379 4082 2438 4123 se
2464 4064 2680 4130 ferunt,
2711 4061 2809 4118 sed
2837 4074 3031 4116 eorum
3065 4056 3310 4112 actiones
3346 4068 3459 4106 non
3487 4064 3646 4105 exer-

2058 4170 2203 4216 cent.
2224 4158 2345 4214 Non
2368 4157 2517 4213 enim
2541 4155 2795 4219 audiunt,
2820 4167 2925 4207 nec
2945 4151 3270 4220 loquuntur,
3294 4162 3397 4200 nec
3422 4163 3439 4194 ι
3455 4144 3606 4197 ident
3630 4157 3644 4195 :

2056 4266 2167 4310 non
2190 4250 2463 4314 scribunt,
2485 4263 2590 4307 nec
2612 4243 2899 4309 incedunt,
2920 4255 3025 4298 nec
3044 4239 3343 4313 quidquam
3367 4234 3514 4289 aliud
3542 4233 3644 4285 hu-

2058 4356 2282 4399 manum
2313 4347 2502 4411 agunt.
2532 4339 2603 4393 Et
2627 4345 2809 4391 tamen
2833 4334 3101 4404 imagines
3126 4328 3291 4398 regia}
3322 4338 3643 4391 nuncupan-

2058 4444 2170 4492 tur.
2205 4433 2297 4490 Sic
2326 4440 2383 4489 et
2408 4431 2587 4487 Moses
2612 4426 2883 4483 mediator
2918 4432 3024 4489 est,
3051 4430 3108 4478 et
3143 4417 3400 4476 Christus
3434 4412 3639 4468 media-

344 4507 609 4579 μεσίτης·
645 4506 816 4563 mw
853 4508 975 4580 μὲν,
1017 4509 1096 4582 ὡς
1140 4510 1306 4566 εἰκὼν
1356 4513 1453 4568 καὶ
1498 4514 1687 4580 τύπος·
1719 4519 1747 4571 ὁ
1771 4517 1848 4583 δὲ,
1879 4517 1955 4585 ὡς

2061 4539 2182 4586 tor:
2216 4525 2313 4583 sed
2342 4525 2432 4581 ille
2451 4523 2698 4596 quidem,
2729 4520 2983 4589 utimago
3011 4522 3069 4571 et
3092 4522 3287 4586 typus;
3315 4508 3406 4563 hic
3435 4513 3644 4567 autem,

342 4596 612 4669 ἀλήθεια.
649 4599 766 4654 Ἵνα
788 4601 849 4655 δέ
882 4618 967 4657 σοι
995 4605 1092 4657 καί
1119 4604 1390 4678 ἑτέρωθεν
1438 4609 1572 4667 αὐτὸ
1625 4613 1959 4686 σαφέστερον

342 4690 638 4757 ἐπιδείξω,
668 4693 986 4766 ἀνάμνησον
1017 4696 1118 4767 μὲν
1153 4698 1267 4769 (28)
1304 4700 1413 4754 τῶν
1460 4702 1590 4774 περί
1622 4704 1718 4758 τοῦ
1759 4705 1962 4778 Μελχι-

346 4783 513 4838 σεδὲκ
539 4786 853 4856 εἰρημένων
878 4789 937 4843 ἐν
965 4792 1033 4861 τῇ
1069 4789 1206 4862 πρὸς
1251 4790 1534 4864 Ἐὀραίους
1569 4795 1883 4871 Ἐπιστολῇ.

414 4872 638 4927 ΕΡΔΝ.
681 4874 861 4931 Ποίων
881 4894 897 4945 ;

418 4964 584 5021 0P0.
639 4965 920 5033 Ἐκείνων,
948 4968 1080 5025 ἔνθα
1106 4972 1496 5045 παρεξετάζων
1538 4978 1568 5031 ὁ
1597 4977 1741 5043 θεῖος
1786 4979 1953 5035 Ἀπό-

341 5057 543 5122 στολος
594 5058 699 5129 τὴν
724 5060 1025 5132 Λευῖτικὴν
1082 5066 1386 5139 ἱερωσύνην
1433 5071 1501 5141 τῇ
1554 5069 1649 5129 τοῦ
1687 5072 1950 5143 Χριστοῦ,

338 5148 628 5205 ἀπείκασε
691 5151 791 5222 μὲν
844 5153 906 5206 ἐν
954 5157 1071 5219 τοῖς
1115 5156 1299 5224 ἄλλοις
1352 5160 1446 5215 τὸν
1501 5161 1838 5235 Μελχισεδὲκ
1875 5165 1954 5237 τῷ

341 5240 604 5314 Δεστεότῃ
641 5242 887 5314 Χριστῷ·
908 5244 1011 5317 τὴν
1042 5245 1100 5299 δέ
1130 5265 1196 5318 γε
1227 5251 1535 5326 ίερωσύνην
1556 5252 1704 5327 ἔχειν
1728 5256 1837 5326 ἔφη
1861 5256 1952 5313 τὸν

338 5330 562 5403 Κύριον
586 5333 732 5387 κατὰ
758 5334 857 5407 τὴν
887 5336 1044 5404 τάξιν
1077 5340 1431 5413 Μελχισεδέκ.

413 5423 628 5480 ΕΡΑΝ.
669 5423 843 5498 Οἶμαι
867 5428 1015 5484 οὕτω
1060 5430 1240 5500 λέγειν
1300 5435 1391 5490 τὸν
1420 5437 1562 5491 θεῖον
1600 5438 1943 5501 Ἀπόστολον·

2056 4630 2119 4678 ut
2151 4620 2376 4677 veritas.
2413 4617 2484 4673 Ut
2505 4624 2693 4672 autem
2717 4614 2826 4669 hoc
2849 4610 3019 4667 etiam
3046 4607 3154 4663 alio
3188 4601 3439 4673 exemplo
3466 4596 3645 4652 mani-

2051 4714 2251 4771 festius
2284 4711 2382 4767 tibi
2431 4710 2746 4773 declarem,
2793 4714 2982 4777 repete
3029 4699 3296 4757 memoria
3338 4710 3459 4768 quae
3498 4692 3643 4748 dicta

2055 4815 2187 4863 sunt
2210 4804 2279 4860 de
2301 4801 2701 4859 Melchisedeco
2732 4799 2790 4853 in
2811 4794 3056 4868 Epistola
3078 4791 3147 4848 ad
3172 4789 3453 4846 Hebraeos.

2128 4892 2336 4948 ERAN.
2372 4888 2677 4958 Quaenam?
3568 4962 3580 4965 Α
3608 4948 3615 4965 2

2122 4979 2334 5036 ORTH.
2371 4980 2490 5046 Illa,
2523 4980 2580 5033 in
2611 4976 2816 5049 quibus
2844 4974 3068 5029 divinus
3096 4968 3411 5041 Apostolus,
3452 4962 3641 5022 confe-

2051 5088 2182 5128 rens
2210 5072 2518 5131 Leviticum
2549 5067 2922 5126 sacerdotium
2962 5080 3089 5123 cum
3130 5061 3439 5120 sacerdotio
3478 5058 3639 5117 Chri<

2052 5165 2144 5230 sti,
2172 5164 2633 5220 Melchisedecum
2680 5161 2738 5219 in
2775 5158 2899 5217 aliis
2931 5157 3100 5214 rebus
3127 5171 3250 5212 eum
3283 5152 3504 5208 Christo
3528 5149 3637 5205 θος

2053 5252 2226 5318 mino-
2247 5255 2631 5326 comparavit:
2670 5260 2789 5311 tum
2836 5266 2972 5307 vero
3016 5246 3387 5305 sacerdotium
3436 5242 3640 5297 habere

2055 5353 2208 5415 illum
2240 5350 2379 5407 dixit
2406 5346 2709 5403 secundum
2740 5345 2990 5403 ordinem
3020 5337 3403 5399 Melchisedeci
3429 5333 3494 5388 ⁸⁸.

2124 5446 2233 5519 87
2267 5442 2474 5509 ERAN.
2502 5440 2759 5498 Arbitror
2799 5439 2879 5498 sic
2912 5438 3097 5495 dicere
3123 5433 3370 5490 divinum
3402 5426 3635 5499 Aposto-

410 5537 465 5572 ⁸³
495 5540 688 5598 lTim.
723 5559 784 5609 ιι,
815 5545 871 5612 5,
905 5544 962 5601 6.
1036 5544 1084 5579 “
1114 5547 1284 5605 Exod.
1315 5566 1406 5617 vu,
1442 5550 1492 5606 l.
1569 5550 1613 5590 ⁸⁷
1646 5553 1781 5610 ibid.
1846 5556 1893 5589 ⁸⁸
1928 5559 1955 5614 ll

2058 5577 2097 5616 ι’.
2139 5577 2212 5627 vi,
2247 5559 2339 5615 20.

434 5657 529 5729 25)
554 5658 677 5713 οὑσ.
716 5657 892 5715 Sirm.
920 5659 1192 5727 ἐξουσίαν.

413 5656 529 5729 (25)
554 5658 677 5713 οὑσ.
716 5657 892 5715 Sirm.
920 5659 1192 5727 ἐξουσίαν.

341 5728 823 5866 ίὼξίῗ)⁵¹τίξιοῖα8ρ.
874 5729 1035 5786 Conl‘.
1087 5738 1125 5787 t.
1169 5733 1209 5796 Ι,
1258 5749 1312 5804 p.
1355 5733 1473 5803 l5d,
1507 5736 1681 5793 schol.
1723 5738 1769 5808 l;
1803 5747 1857 5796 et
1891 5755 1947 5816 p.

485 5841 499 5873 ι
534 5801 710 5861 ε’ἰιοί.
748 5802 806 5857 8.

2117 5674 2229 5743 (‘27)
2268 5673 2370 5728 Ed.
2409 5674 2573 5743 Rom.
2599 5670 2824 5743 etLips.
2856 5668 2992 5743 ἐστι
3121 5732 3133 5743 ι
3286 5667 3290 5671 ⁴

2134 5732 2247 5817 (“28)
2281 5746 2479 5817 ἁνάμν.
2512 5741 2628 5819 μέν.
2656 5732 2824 5799 δὶτιη.
2855 5732 3166 5809 ἀνάμνησόν
3199 5745 3327 5806 μου.
