4090 6420
493 327 596 394 123

1497 313 1994 378 THEODORETI
2025 309 2369 373 EPISCOPI
2409 305 2779 370 CYRENSIS

3677 295 3780 362 124

489 444 610 500 tum
639 457 653 498 :
689 456 707 491 ι
738 436 841 494 Hic
862 435 1012 491 enim
1040 426 1428 492 Melchisedec,
1466 441 1560 481 rex
1583 424 1786 489 Salem,
1824 420 2078 479 sacerdos

2190 437 2208 470 ι
2246 411 2416 480 Οὗτος
2447 415 2558 488 γὰρ
2607 409 2964 485 Μελχισεδὲκ,
3020 407 3278 480 βασιλεὺς
3328 406 3542 480 Σαλήμ,
3597 411 3780 481 ἱερεὺς

490 534 590 590 Dei
618 529 840 592 summi,
867 526 963 597 qui
999 524 1219 580 obviam
1247 511 1400 576 venit
1430 516 1746 573 Abrahamo
1771 526 2023 586 regresso
2052 526 2086 566 ι

492 623 642 682 cede
675 633 898 692 regum,
933 626 990 672 et
1019 613 1304 671 benedixit
1329 610 1415 677 ei;
1460 608 1552 666 cui
1589 615 1647 663 et
1686 605 1932 661 decimas
1961 618 2083 659 om-

491 718 649 773 nium
679 711 963 770 distribuit
995 707 1309 772 Abraham;
1341 702 1438 774 qui
1466 699 1707 772 primum
1737 696 1964 768 quidem
1991 710 2086 749 ex-

492 810 720 880 ponitur
749 800 1110 873 rexjustitiaa,
1136 795 1338 853 deinde
1371 801 1428 848 et
1457 807 1553 848 rex
1586 789 1788 854 Salem,
1825 787 1974 880 quod
1999 795 2086 880 est

494 877 590 955 rex
627 897 798 969 pacis,
835 895 954 950 sine
989 899 1167 962 patre,
1202 889 1322 944 sine
1359 893 1556 947 matre,
1588 883 1706 939 sine
1746 877 2080 952 genealogia,

493 1005 674 1060 neque
710 986 929 1042 initium
957 983 1197 1042 dierum.
1227 993 1407 1048 neque
1455 975 1618 1030 ﬁnem
1648 973 1775 1026 vitae
1815 970 2028 1026 habens
2065 986 2079 1022 :

493 1083 828 1138 assimilatus
852 1084 1035 1134 autem
1061 1075 1201 1130 Filio
1222 1072 1342 1136 Dei,
1374 1076 1559 1124 manet
1584 1066 1842 1122 sacerdos
1873 1064 1930 1119 in
1954 1079 2082 1134 per-

494 1180 722 1242 petuum
754 1168 842 1222 3".
881 1186 898 1219 ι
930 1166 1007 1221 De
1033 1165 1124 1219 his
1145 1170 1279 1233 puto
1313 1168 1368 1216 te
1394 1157 1578 1215 verbis
1607 1155 1834 1212 dixisse.

562 1431 774 1488 ORTH.
805 1431 882 1486 De
920 1429 1006 1485 his
1053 1427 1186 1484 dixi.
1223 1425 1414 1481 Laudo
1452 1424 1650 1486 etiam,
1701 1420 1848 1491 quod
1897 1420 2082 1478 locum

494 1539 607 1579 non
633 1524 911 1586 mutilum,
931 1521 1029 1578 sed
1063 1520 1336 1588 integrum
1371 1516 1714 1573 recitaveris.
1741 1514 1840 1569 Dic
1875 1513 2078 1584 igitur:

491 1615 890 1692 Congruuntne
938 1613 1137 1668 horum
1170 1609 1384 1680 singula
1428 1605 1830 1662 Melchisedeco
1879 1619 2081 1659 secun-

493 1707 626 1762 dum
655 1712 910 1760 naturam
931 1711 989 1759 et
1011 1701 1302 1756 veritatem
1319 1699 1344 1751 ἲ

2185 509 2282 564 τοῦ
2339 507 2476 564 Θεοῦ
2513 505 2609 563 τοῦ
2671 505 2922 577 ὑψίστου,
2989 505 3020 557 ό
3093 501 3431 572 συναντήσας
3499 499 3577 572 τῷ
3641 503 3780 574 (28‘)

2199 600 2454 672 Ἀϐραὰμ
2482 598 2886 670 ὑποστρέφοντι
2907 594 3016 650 ἀπὸ
3033 595 3134 666 τῆς
3161 594 3338 664 κοπῆς
3355 593 3463 647 τῶν
3489 592 3777 664 βασιλέων,

2185 693 2282 749 καὶ
2323 692 2624 765 εὐλογήσας
2655 687 2840 744 αὐτόν’
2870 680 2916 756 ᾧ
2943 687 3037 741 καὶ
3067 686 3304 756 δεκάτην
3358 683 3615 757 ἐμέρισεν
3671 685 3779 739 ἀπὸ

2187 785 2406 838 πάντων
2467 781 2739 854 Ἀδραάμο
2768 779 2987 848 πρῶτον
3037 776 3474 849 ἑρμηνευόμενος
3522 774 3778 848 βασιλεὺς

2183 875 2549 947 δικαιοσύνης,
2585 873 2775 927 ἔπειτα
2803 871 2860 926 δὲ
2906 871 3002 924 καὶ
3031 869 3284 940 βασιλεὺς
3317 868 3532 939 Σαλήμ,
3584 869 3613 923 ὅ
3659 862 3804 924 ἐστι’

2186 967 2440 1038 βασιλεὺς
2469 963 2716 1037 εἰρήνης,
2747 962 3000 1034 ἀπάτωρ,
3036 961 3290 1032 ἀμήτωρ,
3319 959 3774 1032 ἀγενεαλόγητος⁶

2187 1057 2326 1128 μήτε
2356 1056 2532 1127 ἀρχὴν
2568 1055 2812 1126 ἡμερῶν,
2876 1053 3013 1125 μήτε
3069 1050 3216 1122 ζωῆς
3248 1050 3404 1114 τέλος
3458 1049 3620 1121 ἔχων·
3668 1051 3776 1118 ἀφ-

2183 1148 2538 1218 ωμοιωμένος
2567 1146 2625 1200 δὲ
2651 1145 2729 1216 τῷ
2761 1144 2876 1216 Υίῷ
2903 1142 2999 1197 τοῦ
3029 1142 3188 1210 Θεοῦ,
3222 1140 3370 1210 μένει
3403 1141 3584 1213 ἱερεὺς
3611 1142 3692 1205 εἰς
3714 1139 3794 1195 τδ

2182 1239 2448 1310 διηνεκές.
2486 1259 2504 1292 ι
2547 1237 2684 1310 Περὶ
2715 1237 2922 1292 τούτων
2947 1229 3101 1308 οῖμαί
3153 1251 3214 1288 σε
3245 1232 3354 1287 τῶν
3407 1227 3588 1307 ῥητῶν
3617 1236 3774 1307 εἰρη·

2184 1330 2360 1386 κέναι.
3716 1339 3731 1372 ⁸

2255 1422 2408 1476 ΟΡΘ.
2450 1422 2588 1494 Περὶ
2610 1421 2818 1476 τούτων
2845 1419 3003 1491 ἔφην,
3029 1419 3126 1473 καὶ
3158 1417 3366 1472 ἐπαινῶ
3399 1417 3458 1471 δέ
3487 1434 3552 1488 γε
3588 1417 3671 1472 ὅτι
3711 1419 3775 1470 τὸ

2183 1514 2382 1586 χωρίον
2407 1513 2469 1568 οὐ
2528 1512 2810 1582 διέκοψας,
2837 1511 2960 1566 ἀλλ’
2975 1511 3099 1565 ὅλον
3118 1510 3388 1573 τέθεικας.
3413 1508 3550 1563 Εἰπὲ
3566 1507 3774 1572 τοίνυν.

2182 1604 2443 1677 ἁρμόττει
2490 1603 2695 1658 τούτων
2726 1603 2959 1658 ἕκαστον
3007 1600 3084 1672 τῷ
3116 1599 3454 1671 Μελχισεδὲκ
3483 1597 3645 1669 φύσει
3678 1599 3778 1652 καὶ

2185 1695 2414 1768 ἀληθείᾳ
2439 1712 2454 1761 ;

564 1795 773 1850 ERAN.
826 1793 962 1860 Quis
1015 1790 1248 1846 auderet
1297 1787 1612 1859 disiungere
1667 1799 1792 1855 qua
1858 1783 2078 1839 divinus

2253 1786 2458 1842 EPAN.
2499 1786 2611 1841 Καὶ
2641 1783 2725 1850 τίς
2767 1782 2916 1837 οὕτω
2975 1781 3192 1855 θρασὺς
3242 1781 3562 1854 ἀφαρμόσαι
3629 1779 3772 1852 ἀπερ

489 1886 788 1956 Apostolus
816 1881 1142 1953 conjunxit?

560 1980 580 2000 ‘
612 1977 821 2032 ORTH.
851 1975 998 2030 Dicis
1023 1974 1191 2044 igitur
1223 1969 1625 2028 Melchisedeco
1647 1967 1950 2024 secundum
1982 1983 2082 2023 na-

490 2076 673 2123 turam
703 2067 821 2122 haec
847 2079 1152 2136 congruere
1169 2063 1198 2117 ἓ

562 2158 774 2213 ERAN.
819 2158 979 2213 Dico.

563 2247 774 2304 ORTH.
810 2247 1102 2302 Hominem
1149 2246 1305 2302 illum
1338 2261 1459 2303 esse
1490 2243 1651 2310 dicis,
1684 2259 1754 2302 an
1796 2244 1958 2300 aliam
1991 2259 2081 2298 as-

492 2340 793 2410 sumpsisse
831 2339 1127 2394 naturam?

562 2429 770 2486 ERAN.
808 2430 1122 2485 Hominem.

561 2519 770 2576 ORTII.
803 2519 1084 2584 Genitum,
1118 2535 1187 2574 an
1221 2517 1567 2589 ingenitum?

564 2611 772 2668 ERAN.
803 2610 1147 2678 Quaestioncs
1176 2610 1335 2665 valde
1363 2609 1631 2664 absurdas
1652 2607 1938 2679 proponis.

559 2701 770 2758 ORTH.
808 2703 888 2758 Tu
926 2704 1122 2764 harum
1156 2717 1321 2758 causa
1346 2717 1427 2767 es,
1458 2702 1551 2772 qui
1591 2710 1779 2772 aperte
1809 2715 2083 2771 repugnas

490 2796 727 2851 veritati.
762 2794 1055 2865 Responde
1082 2794 1276 2864 igitur.

558 2887 769 2943 ERAN.
796 2885 952 2942 Unus
971 2894 1056 2941 est
1080 2886 1231 2942 solus
1259 2885 1556 2957 ingenitus,
1581 2885 1729 2940 Deus
1745 2893 1802 2939 et
1825 2884 2006 2939 Pater.

560 3067 770 3122 ORTH.
796 3067 1059 3124 Genitum
1087 3067 1257 3139 igitur
1278 3068 1738 3124 Melchisedecum
1773 3080 1896 3122 esse
1931 3064 2080 3120 dici-

490 3155 646 3208 mus?

563 3245 769 3300 ERAN.
805 3245 1088 3301 Genitum.

559 3337 673 3406 88
706 3336 915 3392 ORTII.
956 3338 1064 3393 Sed
1097 3339 1244 3408 quod
1274 3337 1341 3392 de
1368 3338 1460 3392 illo
1487 3337 1696 3391 dictum
1728 3346 1832 3402 est,
1866 3345 2083 3392 contra-

489 3427 568 3482 ria
607 3429 787 3484 docet.
823 3430 1135 3485 Recordare
1160 3430 1306 3484 enim
1336 3431 1556 3485 illorum
1585 3443 1709 3500 quae
1736 3430 1902 3484 modo
1938 3429 2080 3484 rcci-

490 3520 614 3574 tasti
647 3538 659 3574 :
696 3539 714 3570 ‹
756 3519 886 3576 Sine
911 3530 1086 3591 patre,
1116 3523 1234 3576 sine
1262 3528 1456 3585 matre,
1487 3520 1604 3575 sine
1621 3521 1956 3592 genealogia,
1981 3537 2081 3575 ne-

487 3627 593 3680 quc
629 3602 1135 3678 initium'dierum,
1185 3628 1365 3682 neque
1401 3612 1566 3666 ﬁnem
1615 3613 1741 3668 vita:
1782 3613 2012 3668 habens.
2055 3632 2074 3664 ι

485 3698 772 3765 Quomodo
808 3701 975 3772 igitur
1017 3701 1068 3756 ei
1097 3702 1387 3766 convenit,
1414 3701 1550 3756 illud
1601 3720 1619 3753 ι
1649 3702 1767 3756 sine
1802 3715 1978 3772 patre,
2025 3712 2084 3758 et

488 3791 608 3846 sine
629 3793 843 3847 matre?
869 3813 887 3845 ι
922 3794 1204 3864 quomodo
1223 3803 1280 3849 et
1301 3794 1457 3858 illud,
1490 3815 1510 3846 ι
1547 3810 1649 3849 nec
1679 3795 1897 3850 initium
1924 3807 2082 3852 ortus

488 3884 574 3938 sui
641 3885 894 3954 cepisse,
947 3902 1050 3941 nec
1116 3885 1282 3940 linem
1327 3886 1733 3942 habiturum?»
1772 3887 2078 3944 Humanam

487 3973 638 4026 enim
685 3973 804 4028 haec
837 3985 1100 4045 superant
1130 3985 1406 4036 naturam.

558 4063 764 4120 ERAN.
797 4067 1086 4124 Excedunt
1127 4068 1246 4124 haac
1287 4086 1518 4140 prorsus
1565 4080 1778 4127 natum
1825 4071 2082 4126 humanae

490 4170 828 4213 mensuram.

556 4243 769 4302 ORTH.
796 4245 939 4315 Quid
966 4250 1142 4321 ergo?
1163 4266 1232 4306 an
1262 4250 1396 4306 falsa
1425 4250 1629 4307 dixisse
1652 4251 1903 4307 dicemus
1928 4253 2079 4321 Apo-

485 4338 628 4392 stolu
639 4338 726 4392 n1?

558 4429 765 4484 ERAN.
804 4432 961 4487 Absit
993 4434 1006 4487 i

557 4517 766 4575 ORTH.
803 4522 920 4589 Qua
950 4525 1116 4595 igitur
1143 4527 1357 4582 ratione
1388 4527 1504 4582 fieri
1536 4536 1722 4597 queat,
1752 4535 1813 4580 ut
1842 4537 1898 4581 et
1928 4527 2076 4596 Apo-

483 4607 626 4663 stolo
662 4610 910 4666 veritatis
951 4613 1172 4670 laudem
1219 4615 1540 4678 aﬂ‘eramus,
1575 4624 1632 4669 et
1677 4615 2078 4672 Melehisedeco

481 4716 604 4771 quae
639 4718 802 4773 supra
840 4715 1096 4761 naturam
1131 4716 1259 4763 sunt
1293 4706 1657 4776 adaptemus?

556 4788 761 4846 ERAN.
798 4791 968 4848 Valde
997 4795 1268 4850 obscurus
1303 4806 1389 4850 est
1420 4797 1511 4851 hic
1538 4797 1712 4858 locus,
1741 4804 1797 4850 et
1840 4797 1938 4868 qui
1983 4811 2077 4854 ae—

481 4889 726 4936 curatam
751 4885 1175 4954 explicationem
1203 4887 1501 4941 desiderat.

550 4971 761 5029 ORTH.
794 4976 868 5030 lis
890 4977 984 5045 qui
1013 4978 1302 5033 attendere
1329 4977 1500 5032 velint
1531 4978 1825 5035 verborum
1851 4990 2072 5036 sentcn-

481 5064 610 5120 tiam
644 5067 864 5136 assequi
895 5067 1116 5130 dilﬁcile
1156 5085 1267 5124 non
1309 5069 1435 5123 erit.
1477 5069 1614 5124 Cum
1645 5070 1790 5125 enim
1839 5073 2071 5128 dixisset

481 5156 705 5212 divinus
730 5157 1047 5228 Apostolus,
1069 5180 1088 5212 ι
1120 5161 1239 5216 sine
1268 5172 1445 5231 patre,
1462 5163 1582 5218 sine
1609 5173 1804 5232 matre,
1835 5166 1953 5221 sine
1970 5182 2066 5238 ge-

482 5247 752 5318 ncalogia,
786 5264 968 5319 neque
997 5251 1216 5306 initium
1249 5253 1487 5318 dierum,
1531 5271 1711 5324 neque
1744 5256 1906 5312 ﬁnem
1939 5257 2066 5313 vita:

483 5336 712 5401 habens,
726 5357 745 5391 ι
769 5340 1030 5407 addidit,c
1054 5342 1401 5402 Assimilatus
1419 5347 1558 5402 Filio
1570 5348 1668 5404 Dei
1686 5358 1869 5405 manet
1885 5367 2070 5405 sacer-

484 5425 584 5483 dos
617 5426 672 5483 in
708 5441 1094 5502 perpetuum.)
1115 5435 1390 5507 Etaperte
1418 5452 1521 5493 nos
1565 5438 1748 5506 docet,
1781 5440 2070 5497 Melchise-

558 5589 623 5619 ⁸⁸⁸
660 5589 828 5646 Hebr.
864 5609 958 5656 vn,
1006 5594 1116 5648 l-5.

550 5725 690 5800 (τε)
725 5730 817 5802 τῷ.
843 5733 967 5790 Des.
1001 5734 1053 5790 iu
1079 5734 1168 5789 ed.
1202 5735 1358 5790 nom.
1385 5745 1440 5789 et
1467 5734 1619 5806 Lips.

2183 1880 2427 1952 ἥρμοσεν
2460 1879 2488 1933 ό
2515 1877 2660 1942 θεῖος
2703 1875 3058 1941 Ἀπόστολοςς

2253 1969 2408 2024 ΟΡΘ.
2447 1971 2643 2040 Λέγεις
2677 1969 2858 2024 τοίνυν
2899 1968 2979 2040 τῷ
3027 1967 3366 2039 Μελχισεδὲκ
3417 1967 3590 2023 ταῦτα
3635 1968 3776 2023 κατά

2185 2061 2348 2132 φύσιν
2376 2060 2672 2132 ἁρμόττειν
2696 2077 2710 2126 ;

2255 2153 2464 2206 EPAN.
2502 2150 2682 2220 Λέγω.

2253 2245 2410 2298 ΟΡΘ.
2451 2243 2774 2313 Ἄνθρωπον
2799 2241 2964 2298 αὑτὸν
2997 2235 3139 2298 εἶναι
3172 2239 3375 2313 λέγεις,
3403 2242 3437 2312 ή
3460 2258 3581 2298 τινα
3607 2241 3774 2314 ἀλλην

2183 2335 2466 2404 εἰληφέναι
2493 2334 2654 2405 φύσιν
2675 2353 2690 2401 ;

2254 2427 2460 2483 EPAN.
2495 2425 2853 2498 ’Ἄνθρωποι

2255 2518 2405 2573 ΟΡΘ.
2447 2518 2710 2588 Γεννητδν
2743 2518 2782 2588 ή
2808 2517 3142 2589 ἁγὲννητον;

2254 2611 2458 2664 ΕΡΑΝ.
2515 2610 2774 2674 Ἀτόπους
2807 2611 2945 2680 ἄγαν
2977 2610 3277 2681 ἐρωτήσεις
3299 2609 3652 2680 προσφέρεις.

2257 2704 2410 2758 ΟΡΘ.
2470 2705 2544 2758 Σὺ
2603 2703 2812 2757 τούτων
2868 2703 3061 2768 αἴτιος,
3099 2703 3393 2774 προφανῶς
3443 2705 3510 2773 τῇ
3549 2701 3778 2773 ἀληθείᾳ

2186 2797 2516 2868 μαχόμενος·
2549 2796 2846 2869 ἀπόκριναι
2870 2795 3074 2849 τοίνυν.

2255 2886 2460 2942 ΕΡΑΝ.
2501 2880 2597 2950 Εἷς
2645 2887 2762 2939 ἐστι
2817 2887 2978 2958 μόνος
3037 2885 3355 2956 ἀγέννητος,
3411 2886 3442 2937 ὁ
3497 2881 3631 2948 Θεδς
3682 2882 3776 2937 καὶ

2184 2979 2398 3048 Πατήρ.

2257 3069 2409 3122 0P9.
2452 3069 2490 3121 Γ
2494 3069 2714 3139 εννητὸν
2775 3063 2868 3122 οὖν
2926 3068 3038 3139 ἄρα
3087 3066 3178 3120 τὸν
3234 3063 3569 3136 Μελχισεδὲκ
3629 3059 3776 3120 εἶναί

2184 3178 2367 3230 φαμεν
2388 3178 2402 3227 ἓ

2254 3251 2458 3305 ΕΡΑΝ.
2496 3250 2778 3321 Γεννητόν.

2259 3342 2416 3396 ΟΡΘ.
2458 3341 2601 3396 Ἀλλ’
2627 3342 2655 3395 ὁ
2681 3341 2807 3412 περὶ
2845 3339 3012 3394 αὑτοῦ
3041 3341 3200 3409 λόγος
3233 3339 3494 3396 τάναντία
3513 3339 3781 3396 διδάσκει.

2195 3432 2608 3504 Ἀναμνήσθητι
2676 3432 2786 3504 γὰρ
2854 3426 2931 3486 ὧν
2995 3432 3198 3503 ἀρτίως
3259 3431 3780 3502 ἀπεμνημόνευσας·

2188 3546 2206 3578 ι
2255 3525 2536 3598 Ἀπάτωρ,
2598 3525 2854 3596 ἀμήτωρ,
2908 3522 3362 3594 ἀγενεαλόγητος,
3413 3524 3552 3594 μήτε
3603 3523 3785 3595 ἀρχὴν

2179 3617 2425 3689 ἡμερῶν,
2453 3616 2591 3689 μήτίε
2619 3616 2768 3686 ζωῆς
2798 3615 2955 3680 τέλος
2984 3617 3144 3689 ἔχων.
3179 3635 3195 3667 ι
3237 3615 3362 3679 Πῶς
3403 3615 3582 3668 τοίνυν
3627 3617 3784 3687 αὑτῷ

2180 3709 2240 3762 τὸ
2271 3729 2288 3762 ι
2312 3709 2542 3780 ἀπάτωρ
2561 3708 2843 3779 ἁρμόττει,
2875 3709 2970 3762 καὶ
3005 3708 3064 3760 τὸ
3081 3709 3350 3780 ἀμήτωρ;
3392 3726 3411 3758 ι
3441 3707 3557 3771 πῶς
3587 3707 3644 3761 δὲ
3683 3710 3783 3762 καὶ

2180 3799 2262 3862 τὸ,
2307 3817 2325 3850 ι
2359 3799 2498 3870 μηδὲ
2534 3797 2711 3870 ἀρχὴν
2746 3797 3028 3868 εἰληφέναι
3058 3798 3154 3851 τοῦ
3192 3792 3356 3862 εἶναι,
3413 3800 3554 3868 μήτε
3599 3797 3780 3868 λήψε-

2183 3890 2308 3944 σθαι
2359 3888 2542 3955 τέλος;
2576 3909 2597 3941 ι
2649 3887 2824 3959 ’Υπὲρ
2887 3887 3236 3958 ἀνθρωπείαν
3303 3886 3413 3959 γὰρ
3471 3885 3649 3942 ταῦτά
3709 3905 3784 3958 γε

2181 3996 2364 4049 φυσιν.

2251 4071 2474 4142 EPAN:
2511 4070 2863 4140 ’Υπερὸαίνει
2924 4068 3001 4141 τῷ
3055 4068 3169 4124 ὄντι
3204 4067 3524 4152 ταῦταιτῆς
3563 4069 3782 4139 φύσεως

2178 4167 2281 4235 τῆς
2314 4163 2665 4234 ἀνθρωπείας
2686 4162 2757 4217 τὰ
2792 4163 2986 4233 μέτρα.

2249 4255 2404 4308 ΟΡΘ.
2447 4254 2513 4308 Τί
2572 4249 2689 4321 οὖν,
2745 4253 2920 4324 ψευδῆ
2975 4251 3068 4306 τὸν
3111 4250 3436 4306 ’Δπόστολον
3494 4249 3779 4322 εἰρηκέναι

2181 4349 2436 4420 φήσομεν
2462 4365 2477 4414 ;

2106 4451 2152 4506 1)
2249 4441 2459 4494 EPAN.
2499 4440 2590 4512 Μὴ
2617 4439 2833 4509 γένοιτο
2863 4440 2880 4492 ἓ

2250 4530 2404 4582 ΟΡΘ.
2450 4530 2574 4594 Πῶς
2605 4525 2698 4583 οὖν
2729 4524 2842 4582 οἷόν
2891 4545 2950 4581 τε
3001 4527 3096 4581 καὶ
3129 4525 3206 4595 τῷ
3245 4524 3558 4594 ’Δποστόλῳ
3603 4541 3778 4596 προσ-

2187 4615 2540 4686 μαρτυρῆσαι
2617 4614 2902 4686 ἀλήθειαν,
2963 4615 3056 4668 καὶ
3092 4611 3172 4684 τῷ
3228 4611 3566 4682 Μελχισεδὲκ
3604 4627 3778 4681 προσ-

2179 4707 2419 4778 αρμόσαι
2451 4707 2520 4760 τὰ
2549 4708 2692 4778 ὑπὲρ
2726 4705 2889 4776 φύσιν
2913 4749 2929 4772 ,

2251 4801 2458 4853 ΕΡΑΝ.
2501 4800 2677 4868 Ἀγαν
2707 4799 2918 4868 ἀσαφὲς
2943 4795 3004 4850 τὸ
3029 4795 3250 4868 χωρίον,
3311 4795 3404 4852 καὶ
3441 4792 3642 4864 πολλῆς
3691 4793 3779 4846 ὅτι

2187 4891 2422 4962 μάλιστα
2448 4891 2701 4962 δεόμενον
2726 4887 3101 4954 ἀναπτύξεως.

2255 4982 2408 5036 ΟΡΘ.
2451 4983 2579 5046 Τοῖς
2608 4981 2900 5055 προσέχειν
2950 4979 3230 5032 ἐθέλουσιν
3279 4975 3480 5047 ἐφικτὴ
3530 4975 3632 5044 τῆς
3659 4978 3776 5028 τῶν

2182 5074 2367 5146 ῥητῶν
2388 5073 2688 5144 διανοίαςή
2723 5071 3075 5144 κατανόησις.
3119 5068 3374 5140 Είρηκὼς
3407 5066 3515 5139 γάρ
3556 5068 3585 5120 ό
3631 5063 3778 5129 θεῖος

2192 5165 2538 5229 Ἀπόστολος,
2605 5183 2624 5218 ι
2669 5165 2946 5234 Ἀπάτωρ,
2999 5163 3259 5234 ἀμήτωρ,
3313 5158 3775 5229 ἀγενεαλόγητος,

2181 5259 2318 5329 μήτε
2353 5257 2529 5329 ἀρχὴν
2559 5256 2804 5328 ἡμερῶν,
2836 5257 2975 5328 μήτε
3041 5254 3189 5324 ζωῆς
3221 5253 3376 5316 τέλος
3404 5252 3566 5324 ἔχων,
3601 5268 3619 5301 ›
3670 5250 3774 5300 έπ-

2181 5349 2410 5420 ήγαγεν,
2447 5368 2465 5401 ι
2510 5347 2972 5420 ’Δφωμοιωμένος
2988 5346 3044 5399 δὲ
3069 5344 3146 5415 τῷ
3173 5344 3286 5416 Υἱῷ
3319 5342 3414 5398 τοῦ
3447 5340 3583 5396 Θεοῦ
3620 5339 3776 5411 μένει

2181 5442 2358 5512 ἱερεὺς
2397 5443 2478 5504 εἰς
2523 5439 2585 5495 τὸ
2623 5439 2927 5512 διηνεκές.)
2959 5437 3072 5496 Καὶ
3116 5436 3302 5506 σαφῶς
3335 5437 3482 5506 ἡμᾶς
3507 5433 3780 5497 διδάσκει,
