4090 6456
504 371 605 436 121

1527 370 2015 430 TIIEODORETI
2059 370 2399 430 EPISCOPI
2437 369 2800 430 CYRENSIS

3691 362 3791 426 123

577 488 784 544 EBAN.
813 488 933 543 Non
969 493 1052 543 est
1077 487 1254 555 imago
1284 481 1402 548 Dei,
1442 484 1536 539 scd
1565 484 1632 538 ad
1667 483 1764 542 Dei
1798 483 2097 553 imaginem.

2268 482 2471 537 EPAN.
2511 483 2627 536 Οὐκ
2666 481 2812 534 ἔστιν
2846 477 3012 532 εἰκὼν
3064 475 3220 540 θεοῦ,
3277 474 3414 528 ἀλλὰ
3449 474 3580 529 κατ’·
3601 473 3794 531 εἰκόνα

502 579 684 635 factus
716 588 820 635 est.

573 669 784 726 ORTH.
830 669 972 727 Audi
1019 684 1150 739 ergo
1195 669 1522 738 Apostolum
1568 667 1844 723 dicentem
1889 685 1901 719 ε
1942 685 1959 717 ‹
1997 666 2095 721 Vir

497 761 726 829 quidem
755 776 866 814 non
911 760 1077 814 debet
1116 760 1300 814 velare
1340 768 1524 828 caput,
1556 759 1796 815 cum‘sit
1833 758 2012 828 imago
2041 765 2098 812 et

499 850 676 918 gloria
708 848 802 902 Dei
830 849 872 880 ⁹¹
938 866 956 900 ›

575 941 783 995 ERAN.
823 940 1063 996 Sit°sane
1095 942 1273 1012 imago
1299 941 1418 998 Dei.

573 1029 785 1087 ORTH.
817 1031 1118 1102 Oportebat
1147 1049 1299 1104 ergo,
1337 1042 1396 1086 ut
1425 1032 1542 1101 ipse
1576 1031 1837 1094 aﬂirmas,
1875 1044 2097 1084 servare

504 1123 686 1192 ipsum
739 1123 1025 1179 evidentes
1071 1125 1356 1195 archetypi
1408 1124 1786 1188 characteres,
1822 1130 1879 1177 et
1917 1136 2098 1191 neque

503 1222 752 1269 creatum
775 1229 916 1278 esse,
935 1229 1040 1269 nec
1059 1215 1447 1285 compositum,
1469 1229 1573 1268 nec
1592 1213 2095 1283 circumscriptum.

503 1305 806 1376 Oportebat
851 1305 1016 1360 etiam
1067 1307 1248 1376 ipsum
1282 1323 1350 1361 ex
1398 1305 1573 1360 nihilo
1619 1305 1831 1374 aliquid
1875 1320 2094 1372 creare;

504 1397 795 1466 oportebat
817 1397 987 1451 verbo
1011 1405 1066 1452 et
1091 1398 1210 1452 sine
1236 1397 1426 1453 labore
1452 1397 1639 1452 omnia
1666 1395 1973 1462 fabricare;
1997 1395 2097 1449 de-

504 1488 674 1556 nique
707 1503 818 1542 non
859 1497 1160 1558 aegrotare,
1190 1505 1293 1544 nec
1337 1488 1564 1553 dolere,
1610 1502 1716 1543 nec
1767 1485 1962 1549 irasci,
1995 1500 2100 1540 nee

507 1594 738 1648 peccare
775 1597 787 1630 :
819 1579 914 1633 sed
958 1578 1326 1634 immortalem
1359 1594 1480 1635 esse
1508 1587 1565 1634 et
1593 1577 2094 1648 incorruptibilem,

504 1678 561 1721 et
589 1667 772 1721 omnia
801 1667 1006 1724 habere
1033 1684 1154 1739 qua:
1183 1668 1350 1723 habet
1376 1669 1758 1739 archetypum.

575 1839 784 1896 ERAN.
813 1840 932 1894 Non
964 1850 1048 1896 est
1089 1841 1146 1894 in
1173 1841 1435 1896 omnibus
1464 1841 1630 1896 homo
1659 1841 1839 1913 imago
1869 1841 1990 1896 Dei.

573 2018 785 2078 ORTH.
824 2021 1029 2078 Verum
1078 2021 1134 2077 in
1179 2021 1600 2092 quibuscunque
1648 2020 1871 2075 dederis
1917 2019 2097 2090 ipsum

504 2105 798 2177 imaginem
825 2122 946 2163 esse
968 2149 981 2173 ,
1008 2109 1248 2164 maximo
1275 2109 1567 2168 intervallo
1590 2109 1703 2185 91
1725 2109 1916 2164 abesse
1946 2123 1986 2164 α
2007 2123 2101 2164 vc-

503 2198 665 2257 ritate
692 2214 922 2268 prorsus
952 2199 1224 2268 reperies.

575 2290 785 2345 ERAN.
827 2292 886 2346 In
917 2293 1172 2347 confesso
1203 2301 1317 2352 est.

573 2379 787 2435 ORTH.
838 2382 953 2436 Hoc
1005 2383 1232 2454 insuper
1288 2385 1612 2452 considera,
1669 2385 1817 2456 quod
1875 2384 2100 2439 divinus

503 2471 812 2540 Apostolus-
862 2473 1073 2532 Filium,
1127 2477 1485 2545 appellaverit
1545 2478 1835 2548 imaginem
1895 2476 2092 2532 Patris.

503 2563 649 2622 Dicit
677 2565 824 2618 enim
857 2584 870 2618 :
904 2584 921 2616 ι
961 2565 1063 2631 Qui
1092 2575 1176 2620 est
1207 2567 1385 2638 imago
1415 2569 1510 2624 Dei
1543 2569 1841 2628 invisibilis
1867 2571 1933 2622 ⁹².
1966 2587 1984 2619 ι

573 2655 781 2710 ERAN.
818 2655 958 2722 Quid
1005 2658 1176 2734 ergo?
1230 2673 1415 2715 annon
1465 2661 1632 2716 habet
1678 2661 1866 2716 omnia
1926 2660 2096 2721 Filius

504 2760 624 2814 qum
655 2746 863 2801 Pater?

571 2835 783 2893 08TH.
834 2839 994 2894 Pater
1035 2855 1151 2896 non
1194 2851 1299 2907 est,
1340 2857 1444 2897 nec
1492 2857 1657 2899 causa
1706 2845 1868 2918 plane
1921 2855 2093 2912 caret,

501 2941 606 2980 nec
633 2927 912 2997 ingenitus
939 2937 1044 2984 est.

576 3016 786 3072 ERAN.
823 3019 880 3073 Si
916 3020 1034 3074 haec
1065 3021 1313 3087 haberet,
1347 3039 1458 3078 non
1491 3035 1637 3080 esset
1674 3027 1862 3082 Filius.

2200 573 2337 627 Θεοῦ
2375 574 2614 642 ἐγένετο.

2270 667 2421 722 ΟΡΘ.
2462 668 2729 720 ΙἈκουσον
2789 660 2884 718 οῦν
2961 662 3058 717 τοῦ
3145 660 3455 714 Αποστόλου
3510 660 3788 728 λέγοντοςο

2205 780 2223 813 ι
2265 759 2431 832 Ἀνὴρ
2467 761 2566 831 μὲν
2616 759 2726 829 γὰρ
2775 758 2876 810 οὐκ
2907 757 3113 825 ὀφείλει
3146 753 3666 809 κατακαλύπτεσθαι
3691 752 3794 823 τὴν

2200 855 2465 924 κεφαλὴν,
2497 852 2662 906 εἰκὼν
2693 851 2789 905 καὶ
2816 850 2946 914 δόξα
2969 847 3107 902 Θεοῦ
3133 847 3417 916 ὑπάρχων.
3452 863 3473 898 ι

2271 945 2481 1000 ΕΡΑΝ.
2527 944 2709 998 Ἔστω
2737 941 2901 996 είκὼν
2927 939 3088 996 Θεοῦ.

2273 1037 2424 1091 ΟΡΘ.
2479 1035 2677 1106 Ἐχρῆν
2698 1033 2900 1098 τοίνυν,
2941 1030 3087 1086 κατά
3120 1031 3214 1085 τὸν
3258 1029 3351 1083 σδν
3380 1028 3562 1097 λόγον,
3594 1027 3793 1092 σώζειν

2201 1125 2366 1182 αὑτὸν
2393 1127 2647 1197 ἐναργεῖς
2700 1123 2796 1178 τοῦ
2850 1121 3166 1196 ἀρχετύπου
3221 1121 3349 1184 τοὺς
3401 1121 3788 1190 χαρακτῆρας,

2199 1216 2294 1269 καὶ
2323 1216 2460 1286 μήτε
2487 1213 2704 1268 κτιστὸν
2731 1207 2892 1278 εἶναι,
2923 1213 3064 1283 μήτε
3105 1209 3378 1274 σύνθετον,
3439 1210 3577 1280 μήτε
3632 1225 3793 1278 περι-

2199 1305 2536 1377 γεγράφθαι.
2587 1305 2738 1359 Ἔδει
2773 1302 3180 1375 παραπλησίως
3213 1299 3376 1356 αὐτὸν
3401 1301 3466 1353 ὲκ
3495 1298 3569 1370 μὴ
3617 1297 3794 1351 ὄντων

2199 1398 2575 1469 δημιουργεῖν·
2607 1397 2715 1450 ἔδει
2737 1395 2882 1466 λόγῳ
2911 1395 3008 1449 καὶ
3029 1395 3155 1464 δίχα
3182 1393 3346 1446 πόνου
3369 1392 3551 1446 πάντα
3569 1391 3794 1444 τεκταί-

2200 1505 2334 1542 νειν’
2365 1489 2462 1540 καὶ
2509 1487 2648 1558 πρὸς
2673 1486 2906 1550 τούτοις,
2945 1485 3020 1557 μὴ
3048 1487 3248 1550 νοσεῖν,
3287 1483 3362 1555 μὴ
3404 1483 3660 1553 ἀθυμεῖν,
3710 1483 3792 1551 μὴ

2201 1578 2528 1650 θυμοῦσθαι,
2560 1578 2636 1650 μὴ
2667 1577 3026 1648 ἁμαρτάνειν,
3061 1576 3177 1630 ἀλλ’
3203 1576 3472 1631 ἀθάνατον
3501 1570 3663 1638 εἶναι,
3692 1573 3793 1626 καὶ

2198 1672 2512 1746 ἄφθαρτον,
2576 1671 2671 1728 καὶ
2735 1670 2915 1724 πάντα
2969 1667 3135 1739 ἔχειν,
3189 1668 3290 1722 ὃσα
3356 1666 3419 1720 τδ
3475 1665 3791 1736 ἀρχέτυπον

2201 1765 2324 1836 ἔχει

2131 1830 2174 1884 Β
2231 1830 2480 1910 "EPAN.
2523 1857 2598 1910 Οὐ
2644 1856 2788 1912 κατά
2820 1855 3000 1908 πάντα
3046 1852 3194 1906 ἐστὶν
3244 1853 3272 1904 6
3300 1850 3587 1921 ἄνθρωπος
3620 1847 3792 1900 εἶκὼν

2270 1946 2298 1998 ῦ
2333 1946 2493 1998 Θεοῦ.

2200 1963 2424 2089 τοΟΡΘ.
2479 2033 2700 2104 *Αληθὲς
2751 2037 2810 2087 ὲν
2845 2028 3042 2102 οἷσπερ
3100 2031 3166 2084 ἂν
3217 2031 3381 2084 αὑτὸν
3436 2029 3541 2100 δῷς
3600 2027 3792 2081 εἰκόνα

2199 2122 2342 2179 εἶναι
2370 2167 2385 2191 ,
2446 2124 2755 2195 παμπόλλῳ
2795 2124 2908 2195 (30)
2973 2122 3082 2176 τινὶ
3138 2121 3324 2193 μέτρῳ
3374 2123 3474 2192 τῆς
3528 2118 3794 2189 ἀληθείας

2200 2217 2499 2272 ἀποδέοντα
2528 2217 2749 2281 πάντως
2783 2217 3062 2287 εὑρήσεις.

2271 2311 2475 2365 EPAN.
2526 2309 2909 2380 Ὠμολόγηται.

2270 2401 2424 2454 ΟΡΘ.
2463 2400 2747 2471 Σκόπησον
2779 2398 2837 2452 δὲ
2880 2397 2975 2451 καὶ
3006 2396 3125 2450 τόδε
3150 2394 3212 2448 τὸ
3235 2393 3351 2448 νῦνο
3377 2395 3408 2446 6
3435 2393 3576 2455 θεῖος
3623 2391 3791 2443 Ἀπό-

2199 2494 2385 2557 στολος
2423 2493 2608 2548 εἰκόνα
2648 2490 3061 2564 προσηγόρευσε
3091 2488 3181 2542 τὸν
3219 2487 3349 2540 Υίὸν
3391 2485 3484 2538 τοῦ
3531 2483 3786 2554 Πατρός·

2199 2587 2300 2656 ἔφη
2330 2585 2460 2655 γάρ·
2507 2605 2526 2638 ι
2561 2585 2661 2648 Ὃς
2688 2586 2836 2636 ἐστιν
2866 2579 3029 2635 εἰκὼν
3061 2579 3156 2634 τοῦ
3185 2578 3321 2632 Θεοῦ
3349 2577 3442 2630 τοῦ
3473 2575 3729 2646 ἀοράτου.
3759 2593 3781 2625 ι

2270 2676 2474 2731 ΕΡΑΝ.
2516 2676 2582 2728 Τί
2619 2671 2747 2740 οῦν;
2782 2674 2844 2727 οὐ
2884 2673 3062 2726 πάντα
3113 2671 3227 2742 ἔχει
3259 2669 3290 2720 6
3331 2667 3458 2731 Υἱὸς
3501 2668 3716 2735 ὅσαπερ
3757 2667 3792 2718 6

2200 2771 2389 2841 Πατήρ
2415 2785 2430 2833 ς
3005 2765 3010 2770 ’

2269 2859 2421 2913 ΟΡΘ.
2463 2855 2657 2927 Πατὴρ
2681 2856 2978 2923 οὐκέστιν,
3011 2853 3135 2909 οῦτε
3167 2852 3430 2916 ἀναίτιος,
3463 2852 3586 2905 οὔτε
3619 2853 3787 2923 ἀγέν-

2197 2965 2378 3019 νητος.

2269 3039 2472 3094 EPAN.
2510 3040 2572 3093 Ei
2597 3039 2768 3094 ταῦτα
2794 3034 2962 3109 εἶχεν,
3000 3037 3101 3090 οὒκ
3133 3036 3201 3090 ἂν
3225 3030 3294 3106 ῆν
3329 3035 3477 3098 Υἱός.

575 3105 786 3163 ORTH.
829 3110 1032 3166 Verum
1067 3121 1153 3167 est
1186 3113 1354 3184 igitur
1384 3117 1532 3185 quod
1571 3117 1706 3182 dixi,
1738 3134 1850 3173 non
1890 3119 2095 3178 habere

2269 3134 2421 3187 ope.
2477 3133 2710 3205 Ἀληθὴς
2746 3105 2914 3203 am
2956 3129 3116 3199 λόγος
3145 3128 3204 3181 ὃν
3237 3105 3438 3199 εἴρηκα
3482 3125 3612 3197 ἐγὼ,
3645 3127 3718 3191 ὡς
3753 3129 3789 3197 ἡ

505 3197 800 3269 hnaginem
835 3202 1019 3262 omnia
1049 3219 1171 3274 quae
1201 3206 1557 3278 archetypum
1585 3208 1790 3264 habet?

573 3290 770 3351 ERAN
801 3292 1036 3354 Verum.

577 3380 788 3437 ORTH.
828 3384 920 3440 Sic
950 3386 1116 3456 igitur
1137 3397 1194 3442 et
1215 3388 1676 3447 Melchisedecum
1708 3393 1846 3448 dixit
1877 3394 2098 3452 divinus

507 3472 805 3541 Apostolus
830 3477 1191 3532 assimilatum
1218 3495 1338 3536 esse
1363 3483 1500 3537 Filio
1526 3485 1647 3538 Dei.

579 3563 786 3620 ERAN.
821 3566 1201 3626 Concedamus
1235 3587 1365 3628 sane
1395 3575 1513 3629 sine
1540 3585 1714 3645 patre,
1739 3585 1796 3632 et
1828 3577 1947 3632 sine
1978 3593 2098 3632 ma-

507 3665 616 3720 tre,
656 3664 712 3710 et
746 3657 865 3713 sine
899 3663 1217 3734 genealogia
1262 3665 1343 3719 sic
1389 3681 1533 3731 esse,
1577 3675 1639 3721 ut
1688 3667 1918 3722 dixisti:
1951 3669 2097 3738 quod

509 3762 612 3801 nec
656 3747 874 3806 initium
915 3752 1155 3821 dierum,
1186 3771 1292 3816 nec
1327 3756 1452 3815 vitae
1486 3757 1650 3816 ﬁnem
1692 3759 1912 3825 habeat,
1955 3777 2096 3831 quo-

508 3842 672 3896 modo
703 3841 1111 3915 intelligemus?

579 3929 786 3985 OllTH.
822 3933 1119 4005 Antiquam
1153 3941 1528 4011 genealogiam
1563 3942 1920 3997 conscribens
1959 3943 2099 3998 divi-

508 4036 614 4075 nus
642 4021 839 4089 Moses,
866 4025 1058 4082 docuit
1085 4044 1187 4085 nos
1210 4029 1505 4097 Adamum,
1550 4048 1675 4087 cum
1708 4043 1788 4089 tot
1819 4044 1965 4089 esset
2000 4051 2096 4090 an-

509 4128 727 4179 norum,
751 4117 1007 4186 genuisse
1027 4119 1278 4185 Sethum,
1305 4125 1584 4179 et"'eum
1621 4124 1966 4180 tot'vixisset
1994 4142 2095 4180 an-

508 4221 632 4274 nos,
677 4209 802 4264 vitaa
847 4211 1011 4266 linem
1055 4215 1354 4282 accepisse.
1394 4214 1484 4269 Sic
1524 4216 1688 4270 etiam
1721 4217 1787 4270 de
1819 4217 2009 4284 Setho,
2044 4227 2100 4272 et

511 4299 712 4365 Enoso,
750 4311 804 4357 et
837 4303 1066 4373 reliquis
1093 4304 1250 4359 dixit.
1280 4305 1670 4388 Mclchisedcci,
1691 4323 1824 4362 vero
1857 4315 1912 4361 et
1943 4318 2098 4364 ortus

511 4390 845 4460 principium
885 4402 940 4448 et
984 4394 1108 4450 vita:
1144 4395 1309 4452 finem
1339 4399 1560 4453 silentio
1597 4401 1884 4468 praateriit.
1917 4399 2096 4466 Quare

2201 3226 2365 3280 είκὼν
2386 3227 2445 3280 οὐ
2474 3227 2654 3281 πάντα
2683 3226 2795 3296 ἔχει
2818 3225 2917 3279 ὅσα
2939 3223 3000 3276 τὸ
3027 3221 3335 3293 ἀρχέτυπον
3363 3219 3500 3290 ἔχεις

2272 3317 2475 3372 EPAN.
2517 3316 2757 3387 Ἀληθές.

2270 3408 2424 3462 ΟΡΘ.
2453 3407 2610 3462 Οὕτω
2626 3408 2806 3460 τοίνυν
2829 3406 2924 3461 καὶ
2951 3405 3042 3459 τὸν
3066 3403 3402 3474 Μελχισεδὲκ
3424 3397 3577 3455 εἶπεν
3595 3404 3623 3456 6
3647 3401 3796 3468 θεῖος

2212 3499 2532 3562 Ἀπόστολος
2557 3495 2954 3568 ἀφωμοιῶσθαι
2986 3496 3085 3566 μὲν
3123 3495 3200 3565 τῷ
3234 3494 3348 3564 Υἱῷ
3379 3493 3474 3548 τοῦ
3515 3493 3676 3548 Θεοῦ.

2270 3588 2474 3642 ΕΡΑΝ.
2518 3588 2709 3658 Δῶμεν
2733 3588 2794 3641 τὸ
2823 3587 3077 3657 ἀπάτωρ,
3115 3586 3210 3640 καὶ⁵
3247 3585 3501 3656 ἀμήτωρ,
3535 3585 3629 3637 καὶ
3653 3585 3793 3652 ἀγε-

2198 3681 2543 3749 νεαλόγητος,
2583 3679 2756 3742 οὓτως
2778 3674 2918 3732 εἶναι
2950 3679 3025 3742 ὡς
3063 3679 3309 3747 εἴρηκαςο
3341 3677 3402 3728 τὸ
3430 3676 3577 3746 ¹¹μήτε
3609 3674 3810 3746 ἀρχὴν.

2199 3771 2440 3844 ἡμερῶν,
2477 3773 2614 3843 μήτε
2648 3769 2794 3840 ζωῆς
2825 3770 2978 3833 τέλος
2999 3768 3158 3839 ἔχων,
3195 3768 3311 3832 πῶς
3343 3767 3639 3838 νοήσομεν;

2269 3949 2421 4003 ΟΡΘ.
2466 3948 2578 4018 Τὴν
2609 3947 2845 4002 παλαιὰν
2880 3946 3229 4016 γενεαλογίαν
3275 3945 3607 4015 συγγράφων
3631 3947 3660 3998 6
3693 3945 3794 3998 θε-

2200 4041 2422 4104 σπέσιος
2454 4040 2713 4110 Μωῦσῆς,
2744 4039 2976 4104 ἐδίδαξεν
3005 4041 3155 4111 ἡμᾶς
3177 4079 3190 4101 ,
3215 4039 3290 4102 ὡς
3334 4037 3504 4107 Ἀδὰμ
3529 4037 3665 4090 ἐτῶν
3695 4055 3794 4090 το-

2201 4132 2368 4186 σῶνδε
2389 4131 2702 4201 γενόμενος,
2733 4131 2988 4202 ἐγέννησε
3008 4131 3097 4184 τὸν
3119 4127 3246 4199 Σὴθ,
3277 4127 3372 4180 καὶ
3393 4129 3657 4198 ἐπιζήσας
3689 4127 3790 4198 ἔτη

2199 4223 2413 4286 τοσάδε,
2444 4222 2537 4276 τοῦ
2572 4222 2689 4293 βίου
2721 4223 2781 4276 τὸ
2801 4221 2980 4293 τέρμα
3004 4221 3323 4275 κατέλαϐεν.
3354 4218 3511 4273 Οὕτω
3533 4220 3626 4273 καὶ
3657 4221 3795 4290 περὶ

2199 4315 2294 4368 τοῦ
2324 4313 2452 4384 Σὴθ,
2485 4315 2579 4371 καὶ
2608 4313 2699 4367 τοῦ
2740 4314 2928 4377 Ἐνῶς,
2961 4315 3063 4367 καῖ’
3087 4312 3195 4366 τῶν
3225 4312 3401 4366 ἄλλων
3433 4311 3642 4380 εἴρηκε.
3676 4311 3791 4364 Τοῦ

2207 4403 2389 4472 μέντοι
2425 4402 2782 4472 Μελχισεδὲκ,
2810 4403 2905 4456 καὶ
2927 4402 3025 4473 τὴν
3048 4403 3222 4473 ἀρχὴν
3248 4405 3346 4472 τῆς
3373 4401 3658 4469 γενέσεως,
3693 4404 3794 4455 καὶ

511 4483 811 4537 secundum
849 4485 1158 4550 historiam,
1191 4505 1291 4543 nec
1326 4490 1542 4544 initium
1574 4490 1811 4552 dierum,
1843 4507 1946 4545 nec
1974 4491 2097 4546 vitae

2200 4494 2300 4562 τῆς
2331 4492 2476 4561 ζωῆς
2499 4493 2559 4546 τὸ
2583 4492 2733 4556 τέλος
2771 4494 3048 4562 ἐσίγησεν.
3083 4491 3314 4555 Οὐκοῦν,
3343 4491 3483 4545 κατὰ
3514 4491 3612 4558 τὴν
3643 4492 3794 4544 ίστο-

512 4572 677 4627 iinem
725 4575 1021 4631 habet:at
1071 4581 1375 4633 secundum
1427 4581 1733 4644 veritatem,
1781 4581 2096 4649 unigenitus

513 4664 608 4722 Dei
653 4665 826 4722 Filius
872 4685 975 4724 nec
1023 4671 1190 4739 coepit
1238 4686 1391 4735 esse,
1442 4686 1544 4727 nec
1593 4669 1756 4725 ﬁnem
1807 4669 2099 4729 habiturus

513 4766 600 4811 CSI.

584 4849 792 4904 ERAN.
829 4850 1034 4908 Omnes
1056 4854 1434 4909 consentiunt.

585 4939 795 4996 ORTll.
831 4942 900 4997 In
928 4943 998 4998 iis
1034 4957 1166 5013 ergo
1198 4959 1320 5012 quae
1349 4944 1460 4998 Deo
1501 4943 1856 5010 conveniunt,
1889 4955 1944 4999 et
1979 4962 2101 5016 quae

517 5045 644 5087 vere
668 5033 854 5088 divina
875 5043 1024 5098 sunt,
1048 5033 1414 5090 Melchisedec
1438 5043 1600 5106 typus
1622 5035 1728 5108 92
1750 5046 1869 5091 erat
1894 5037 2100 5093 Christi

520 5123 734 5180 Domini
767 5141 780 5176 :
807 5125 862 5176 in
893 5123 1206 5179 sacerdotio
1233 5133 1440 5190 autem,
1462 5127 1608 5196 quod
1639 5127 1956 5182 hominibus
1990 5145 2102 5182 ma-

517 5214 600 5282 gis
625 5229 790 5282 quam
822 5214 936 5268 Deo
964 5215 1243 5280 convenit,
1279 5215 1530 5271 Christus
1564 5217 1825 5273 Dominus
1857 5218 2101 5287 pontifex

518 5304 625 5364 fuit
651 5303 956 5359 secundum
989 5304 1238 5360 ordinem
1263 5305 1642 5362 Melchisedeci
1671 5309 1734 5362 ⁸³.
1766 5308 1900 5362 Nam
1932 5316 1988 5362 et
2011 5307 2100 5362 ille

520 5395 778 5451 sacerdos
823 5395 927 5450 fuit
974 5395 1240 5466 gentium,
1291 5409 1348 5452 et
1394 5396 1647 5454 Christus
1685 5398 1952 5453 Dominus
1999 5413 2100 5468 pro

2199 4580 2342 4650 ρίαν,
2373 4579 2496 4633 οὔτε
2521 4581 2693 4652 ἀρχὴν
2721 4582 2966 4652 ἡμερῶν,
2994 4581 3119 4634 οὕτε
3140 4581 3282 4651 ζωῆς
3305 4580 3460 4642 τέλος
3485 4579 3619 4648 ἔχει·
3642 4581 3798 4634 κατὰ

2197 4671 2251 4724 δὲ
2280 4670 2380 4741 τὴν
2405 4671 2684 4741 ἀλήθειαν,
2719 4673 2748 4724 6
2789 4671 3083 4740 μονογενὴς
3127 4669 3222 4722 τοῦ
3269 4669 3408 4722 Θεοῦ
3461 4669 3590 4731 Υἱὸς
3611 4709 3626 4734 ,
3661 4667 3828 4722 οῦτε’

2200 4759 2404 4830 ῆρξατο
2429 4759 2522 4812 τοῦ
2552 4755 2710 4819 εἶναι,
2747 4759 2871 4812 οὗτε
2902 4759 3144 4829 λήψεται
3163 4758 3336 4823 τέλος.

2271 4851 2478 4904 ΕΡΑΝ.
2529 4849 2914 4920 Ὧμολόγηται.

2279 4939 2431 4993 ΟΡΘ.
2472 4939 2630 4992 Κατά
2655 4940 2753 5010 μὲν
2775 4937 2869 4993 οὖν
2892 4939 2962 4994 τὰ
2985 4941 3263 5011 θεοπρεπῆ
3292 4937 3466 4993 ταῦτα
3497 4939 3590 4992 καὶ
3618 4938 3792 5003 ὅντως

2209 5031 2358 5096 θεῖα,
2393 5029 2562 5094 τύπος
2603 5033 2632 5086 6
2679 5031 3016 5102 Μελχισεδὲκ
3055 5031 3149 5084 τοῦ
3193 5030 3466 5084 Δεσπότον
3513 5030 3790 5101 Χριστοῦ·
3829 5066 3837 5075 ι

2209 5119 2430 5178 κατὰδέ
2467 5137 2531 5188 γε
2564 5121 2661 5189 τὴν
2695 5121 3130 5192 ἀρχιερωσύνην,
3162 5121 3286 5191 ῆτις
3314 5118 3624 5190 ἀνθρώποις
3653 5120 3797 5188 μᾶλα

2207 5213 2298 5267 λον
2335 5212 2367 5284 ἢ
2394 5212 2514 5283 Θεῷ
2541 5215 2844 5284 προσήκει,
2867 5215 2896 5266 6
2923 5213 3200 5282 Δεσπότης
3233 5211 3468 5283 Χριστὸς
3499 5211 3794 5281 ἀρχιερεὺς

2208 5304 2401 5372 γέγονε
2427 5305 2566 5358 κατὰ
2593 5305 2693 5374 τὴν
2723 5305 2879 5372 τάξιν
2906 5303 3262 5374 Μελχισεδέκ.
3291 5303 3402 5354 Καὶ
3441 5301 3557 5372 γὰρ
3584 5302 3794 5364 ἐκεῖνος

2209 5396 2378 5451 ἐθνῶν
2413 5397 2658 5469 ὑπῆρχεν
2691 5395 3001 5467 ἀρχιερεύς·
3036 5395 3130 5450 καὶ
3169 5395 3197 5447 6
3243 5393 3522 5463 Δεσπότης
3555 5390 3793 5460 Χριστὸς

595 5578 638 5610 ⁹¹
675 5578 842 5634 lCor.
872 5595 929 5642 ιι,
960 5579 1014 5630 7.
1093 5579 1137 5608 θ’
1176 5577 1382 5634 Coloss.
1426 5580 1576 5642 1,15.
1655 5581 1718 5609 "‘
1750 5579 1883 5632 Gen.
1921 5595 1990 5640 iv,
2024 5577 2092 5634 25

2198 5579 2234 5610 ”
2265 5579 2430 5633 llebr.
2465 5596 2535 5642 vr,
2566 5578 2662 5643 L20;
2703 5577 2842 5631 Psal.
2883 5592 2988 5639 cxx,
3027 5577 3076 5630 ιι.

595 5755 709 5825 (30)
745 5775 926 5828 παμπ.
965 5756 1127 5812 Sirm.
1163 5757 1401 5812 habebat
1430 5755 1781 5826 παμπόλλων.
