4090 6442
561 285 661 349 131

1575 282 2067 344 THEODORETI
2109 283 2450 346 EPISCOPI
2488 287 2858 347 CYRENSIS

3754 291 3850 356 132

560 399 638 453 ita
660 397 829 453 etiam
858 396 915 452 in
944 395 1170 453 Christo
1190 410 1382 453 omnes
1411 394 1840 451 vivificabuntur
1867 397 1936 448 ⁸⁸.
1972 414 1990 447 ι
2024 396 2156 451 Post

2273 397 2402 452 δύτω
2427 399 2522 452 καὶ
2551 397 2610 452 ὲν
2635 398 2713 469 τῷ
2741 397 2964 470 Χριστῷ
2996 399 3198 460 πάντες
3242 398 3766 472 ζωοποιηθήσονται.
3825 421 3845 457 ι

560 491 876 561 passionem
897 499 952 544 et
972 490 1460 552 resurrectionem,
1483 487 1707 542 divinus
1728 488 1924 542 Petrus
1939 487 2159 542 Judzeos

564 581 873 651 alloquens,
899 580 1082 634 virum
1106 580 1219 653 94
1245 581 1426 650 ipsum
1455 579 1752 650 appellavit
1774 579 1842 632 ’⁷.
1880 580 2012 634 Post
2040 580 2160 649 eius

567 671 621 727 in
657 674 826 728 caelos
853 671 1232 727 ascensionem
1270 672 1584 743 Stephanus
1605 680 1834 742 martyr,
1860 685 1986 724 cum
2022 670 2160 740 lapi-

567 763 734 819 dibus
762 763 1118 825 obrueretur,
1150 763 1290 817 dixit
1323 763 1529 819 Judaais
1561 779 1575 816 :
1620 780 1639 813 ι
1676 762 1816 816 Ecce
1855 761 2018 816 video
2043 775 2158 814 cce-

569 854 652 909 los
712 862 967 924 apertos,
1016 862 1074 908 et
1107 853 1308 908 Filium
1336 852 1582 907 hominis
1613 859 1854 906 stantem
1896 865 1925 904 a
1952 849 2162 903 dextris

567 945 668 1001 Dei
706 947 772 1002 ".
806 966 824 998 ι
871 946 954 1002 Ne
991 954 1180 1016 itaque
1223 956 1334 1001 nos
1370 945 1738 1016 sapientiores
1775 943 2162 997 existimemus

568 1039 782 1111 magnis
809 1038 1162 1110 praeconibus
1193 1037 1467 1093 veritatis.

641 1215 853 1272 ERAN.
886 1215 1008 1272 Non
1045 1215 1443 1285 sapientiorem
1480 1228 1568 1268 me
1597 1211 1806 1268 sanctis
1840 1208 2164 1266 doctoribus

570 1308 848 1373 existimo,
873 1307 972 1362 sed
998 1306 1240 1362 nominis
1265 1321 1422 1360 usum
1449 1321 1562 1361 non
1587 1304 1827 1375 reperio.

648 1482 860 1539 ORTH.
920 1483 1031 1539 Eos
1079 1482 1267 1554 igitur,
1319 1483 1415 1553 qui
1480 1483 1698 1538 Domini
1764 1482 2161 1536 humanitatem

572 1585 798 1647 negant,
847 1575 1256 1638 Marcionistas,
1306 1574 1563 1644 inquam,
1606 1582 1664 1628 et
1713 1572 2064 1633 Manichaos,
2109 1580 2165 1626 et

573 1667 714 1722 alios
751 1666 845 1736 qui
888 1665 1083 1720 eodem
1119 1665 1313 1719 morbo
1346 1665 1621 1729 laborant,
1651 1678 1764 1734 quo
1797 1671 1959 1733 pacto
1984 1662 2162 1717 addu-

2267 489 2421 542 Μετὰ
2460 490 2522 543 τὸ
2549 490 2720 553 πάθος
2747 493 2842 543 καὶ
2869 488 2968 560 τὴν
2997 491 3315 550 ἀνάστασιν.
3364 492 3394 544 6
3427 491 3572 556 θεῖος
3604 493 3810 566 Πέτρος
3833 533 3849 558 ,

2281 581 2558 645 Ἰουδαίοις
2581 581 2965 651 διαλεγόμενος
2985 623 3000 647 ,
3031 582 3200 652 ἄνδρα
3223 582 3388 636 αὐτὸν
3415 584 3850 656 προσηγόρευσε.

2268 674 2422 727 Μετὰ
2454 675 2552 744 τὴν
2579 675 2659 736 είς
2691 675 2953 744 οὐρανοὺς
2985 674 3273 745 ἀνάληψιν,
3306 676 3335 727 6
3371 675 3687 741 καλλίνικος
3716 678 3850 731 Στέ-

2267 782 2436 834 φανος
2475 765 2984 836 λιθολευστούμενος
3029 766 3131 838 ἔφη
3168 769 3280 828 τοῖς
3319 767 3615 828 Ἰουδαίοιςο
3653 783 3672 818 ι
3719 767 3853 822 Ἰδοὺ

2268 857 2457 928 θεωρῶ
2481 859 2607 920 τοὺς
2631 857 2892 928 οὐρανοὺς
2919 857 3322 927 ἀνεῳγμένους,
3359 857 3456 910 καὶ
3483 858 3576 911 τὸν
3603 858 3731 910 Υίὺν
3755 858 3853 912 τοῦ

2266 949 2555 1018 ἀνθρώπου
2597 949 2805 1004 ἑστῶτα
2837 951 2902 1003 ὲκ
2941 949 3130 1014 δεξιῶν
3155 950 3251 1003 τοῦ
3280 949 3440 1003 Θεοῦ.
3492 968 3510 1000 ι
3547 950 3638 1021 Μὴ
3668 949 3855 1002 τοίνυν

2266 1042 2416 1111 ἡμᾶς
2443 1042 2641 1105 αὐτοὺς
2676 1043 3017 1114 σοφωτέρους
3045 1043 3434 1114 ὑπονοήσωμεν
3455 1041 3565 1095 τῶν
3601 1042 3855 1113 μεγάλων

2268 1133 2526 1204 κηρύκων
2554 1134 2655 1203 τῆς
2680 1134 2957 1204 ἀληθείας.

2342 1227 2546 1281 EPAN.
2574 1227 2652 1280 Οὐ
2685 1224 2992 1297 σοφώτερον
3014 1225 3249 1296 ἐμαυτὸν
3277 1225 3385 1279 τῶν
3406 1225 3578 1294 ἁγίων
3605 1225 3855 1280 διδασκάο

2270 1317 2378 1373 λων
2413 1319 2720 1392 ὑπείληφα,
2753 1319 2870 1372 ἀλλ’
2908 1319 3008 1390 οὐχ
3051 1319 3290 1391 εὑρίσκω
3327 1318 3427 1390 τὴν
3459 1318 3554 1373 τοῦ
3586 1318 3854 1390 ὀνόματος

2270 1409 2482 1480 χρείαν.

2341 1500 2494 1555 ΟΡΘ.
2530 1500 2669 1566 Τοὺς
2705 1495 2800 1556 οὖν
2846 1501 3213 1574 ἀρνουμένους
3243 1500 3337 1555 τοῦ
3381 1500 3588 1573 Κυρίου
3620 1502 3719 1574 τὴν
3752 1502 3856 1554 άν-

2273 1591 2630 1662 θρωπότητα,
2678 1593 3124 1658 Μαρκιωνιστὰς,
3157 1611 3230 1662 φη
3241 1592 3322 1662 μἰ,
3358 1593 3452 1646 καὶ
3481 1593 3820 1661 Μανιχαίους
3841 1632 3857 1654 ,

2272 1683 2366 1735 καὶ
2391 1683 2519 1745 τοὺς
2545 1682 2758 1748 ἄλλους,
2792 1684 2906 1736 ὅσοι
2935 1684 3140 1754 ταύτην
3164 1684 3378 1736 νοσοῦσι
3399 1683 3497 1754 τὴν
3527 1683 3700 1746 νόσον,
3737 1683 3862 1745 πῶς

572 1772 704 1822 cas,
760 1765 821 1811 ut
857 1757 1108 1810 veritatis
1155 1757 1462 1810 doctrinam
1505 1756 1945 1826 amplectuntur?
1979 1771 2162 1809 annon

2274 1770 2340 1824 ἂν
2384 1770 2598 1824 πείσαιο
2641 1771 2979 1842 ὁμολογῆσαι
3024 1773 3124 1843 τῆς
3167 1772 3423 1843 ἀληθείας
3461 1771 3521 1824 τὸ
3552 1775 3861 1843 κήρυγμα;

572 1847 679 1902 ista
713 1856 769 1901 et
806 1847 1005 1900 similia
1040 1846 1356 1900 testimonia
1391 1846 1704 1916 proferens,
1729 1846 1934 1916 quibus
1965 1848 2165 1900 doceas

570 1954 682 1992 non
716 1939 886 1993 Deum
915 1946 1153 2002 tantum,
1194 1937 1292 1992 sed
1330 1937 1498 1993 etiam
1529 1937 1812 1992 hominem
1851 1951 1975 1992 esse
2005 1936 2150 1992 Chri

569 2037 719 2084 stum
751 2029 1088 2084 Dominum?

643 2120 854 2175 ERAN.
896 2119 995 2175 His
1021 2120 1254 2176 fortasse
1285 2119 1524 2190 proferri
1554 2134 1781 2175 necesse
1813 2125 1918 2174 est.

638 2211 852 2268 ORTH.
932 2211 1150 2268 Fideles
1215 2221 1400 2268 autem
1469 2227 1569 2267 cur
1621 2211 1895 2282 dogmatis
1957 2210 2135 2265 verita

572 2313 687 2359 lem
748 2319 862 2358 non
919 2303 1162 2360 doceas?
1204 2303 1492 2359 Oblitusne
1528 2319 1590 2359 es
1627 2303 1765 2374 legis
1829 2303 2163 2372 apostolica),

573 2411 700 2466 qua:
723 2397 969 2466 praecipit
1003 2399 1017 2415 ‘
1044 2410 1145 2450 nos
1169 2411 1388 2465 semper
1422 2404 1642 2466 paratos
1675 2409 1797 2449 esse
1833 2393 1901 2448 ad
1935 2409 2136 2463 respon

574 2487 817 2542 dendum
843 2489 926 2542 ὀἳ
961 2487 1392 2542 Consideremus
1416 2487 1522 2542 hoc
1550 2486 1884 2556 exemplum.
1914 2485 2169 2555 Optimus

574 2580 814 2634 militum
859 2579 1124 2650 magister
1162 2578 1387 2634 solusne
1429 2593 1558 2632 cum
1609 2577 1862 2632 hostibus
1898 2576 2164 2647 conﬂigit,

573 2678 631 2724 et
675 2668 730 2723 in
766 2683 864 2723 eos
909 2669 1136 2739 sagittas
1188 2668 1359 2722 mittit
1411 2676 1468 2723 et
1506 2669 1803 2739 iaculatur,
1863 2683 2166 2738 eorumque

569 2759 799 2815 ordines
826 2759 1156 2830 perrumpit,
1185 2773 1256 2814 an
1291 2774 1422 2814 suos
1450 2759 1618 2813 etiam
1645 2759 1850 2812 milites
1881 2769 2078 2825 armat,
2110 2768 2167 2814 et

572 2849 841 2920 disponit,
872 2858 929 2904 et
965 2849 1034 2904 ad
1072 2849 1294 2904 fortiter
1323 2849 1679 2920 praeliandum
1715 2865 1908 2904 eorum
1948 2851 2168 2905 animos

585 2943 823 3002 sxcitat?

646 3033 854 3089 ERAN.
889 3032 1005 3088 Hoc
1027 3031 1108 3086 illi
1137 3032 1414 3104 praecipue
1443 3019 1814 3103 praestandum
1842 3041 1950 3088 est.

649 3123 862 3179 OBTli.
902 3123 1141 3194 Magistri
1184 3125 1330 3178 enim
1377 3125 1612 3179 militum
1646 3135 1832 3195 partes
1860 3139 1973 3178 non
2009 3131 2158 3189 sunt,

576 3224 639 3269 ut
659 3215 779 3284 ipse
809 3213 1030 3284 quidem
1056 3214 1299 3284 pericula
1329 3214 1510 3280 adeat,
1536 3223 1755 3284 stetque
1796 3214 1850 3268 in
1886 3214 2028 3277 acie,
2055 3213 2161 3266 mi-

576 3305 704 3359 lites
740 3319 872 3359 vero
914 3305 968 3358 in
1004 3312 1296 3374 utramque
1333 3320 1522 3359 aurem
1563 3304 1805 3359 dormire
1833 3303 1976 3358 sinat
2009 3320 2023 3356 :
2066 3303 2163 3358 sed

579 3404 639 3450 ut
663 3396 764 3450 hos
797 3395 966 3450 etiam
1005 3395 1281 3460 hortetur,
1318 3405 1379 3449 ut
1405 3403 1555 3450 stent
1589 3395 1648 3448 in
1684 3394 1824 3458 acie,
1857 3402 1914 3448 et
1937 3393 2165 3449 ordines

581 3496 829 3541 servent.
1105 3487 1108 3490 ’

647 3579 858 3634 EltAN.
899 3579 1104 3634 Verum
1130 3585 1236 3633 est.

644 3670 755 3740 95
786 3669 995 3725 ORTH.
1028 3670 1144 3725 Hoc
1168 3669 1312 3723 idem
1343 3668 1475 3724 facit
1496 3678 1553 3723 et
1584 3667 1808 3724 divinus
1833 3669 2056 3725 Paulus.
2079 3668 2162 3724 Ad

575 3775 674 3816 eos
711 3759 859 3815 enim
889 3759 984 3830 qui
1013 3758 1372 3814 crediderant
1389 3759 1640 3813 scribens
1667 3775 1682 3812 :
1718 3777 1738 3808 ι
1770 3757 2040 3829 Accipite,
2075 3760 2163 3813 in-

575 3851 717 3920 quit,
747 3859 1083 3904 armaturam
1117 3849 1239 3913 Dei,
1280 3857 1340 3903 ut
1379 3848 1606 3918 possitis
1649 3848 1909 3904 resistere
1949 3849 2166 3906 insidiis

576 3941 780 3996 diaboli
806 3943 844 3994 ¹.
873 3961 891 3993 ι
928 3942 995 3997 Ει
1019 3955 1216 3995 rursus
1247 3957 1260 3992 :
1301 3957 1320 3989 ι
1355 3938 1503 3994 State
1531 3954 1664 4009 ergo
1689 3939 1958 3996 succincti
1982 3941 2166 4010 quoad

575 4034 793 4090 lumbos
831 4046 1050 4089 vestros
1093 4033 1150 4086 in
1190 4031 1425 4087 veritate
1455 4032 1498 4097 ’,
1527 4051 1547 4082 ι
1581 4040 1640 4086 et
1674 4047 1797 4102 quae
1835 4041 2163 4102 sequuntur.

575 4125 892 4181 licmineris
921 4123 1090 4178 etiam
1126 4137 1321 4177 eorum
1354 4138 1476 4193 qua:
1502 4138 1669 4192 supra
1700 4121 1941 4178 diximus
1971 4141 1984 4178 :
2016 4123 2166 4194 quod

573 4225 633 4272 et
653 4216 899 4272 medicus
919 4222 1128 4270 natura:
1149 4213 1374 4284 adjiciat
1396 4214 1716 4284 qualitatem
1737 4231 1861 4284 qua:
1883 4214 1964 4270 illi
1984 4215 2163 4272 deest.

575 4308 632 4364 Si
677 4307 824 4364 enim
868 4305 1301 4377 deprehenderit
1349 4305 1661 4362 redundare
1713 4304 1988 4376 frigidam,
2029 4307 2164 4363 cali-

2267 1862 2327 1915 ού
2368 1863 2571 1926 ταύτας
2605 1864 2701 1916 καὶ
2732 1863 2830 1926 τὰς
2862 1863 3121 1927 τοιαύτας
3163 1863 3471 1935 μαρτυρίας
3501 1864 3860 1934 προσφέρων,

2264 1954 2343 2018 ὡς
2371 1956 2471 2008 οὐκ
2496 1955 2610 2008 ἐστι
2635 1956 2767 2019 Θεὸς
2796 1955 2955 2024 μόνον
2983 1955 3268 2018 διδάσκων,
3294 1955 3431 2008 ἀλλὰ
3452 1955 3548 2010 καὶ
3569 1955 3860 2027 ἄνθρωπος

2265 2049 2294 2101 6
2323 2047 2602 2118 Δεσπότης
2626 2048 2860 2119 Χριστός
2883 2065 2897 2114 ;

2338 2141 2541 2194 ΕΡΑΝ.
2587 2141 2748 2203 Ἴσως
2775 2140 2984 2204 τούτοις
3009 2140 3223 2210 ἀνάγκη
3250 2139 3602 2212 προσφέρειν.

2337 2231 2492 2288 ΟΡΘ.
2533 2231 2673 2294 Τοὺς
2700 2229 2754 2283 δὲ
2789 2231 3012 2295 πιστοὺς
3043 2230 3096 2284 τί
3130 2232 3329 2302 δήποτε
3361 2232 3434 2302 μὴ
3472 2229 3725 2301 διδάσκῃς
3757 2229 3861 2282 τοῦ

2267 2324 2535 2395 δόγματος
2567 2323 2667 2395 τὴν
2691 2323 2978 2395 άλήθειαν;
3013 2323 3045 2394 ἢ
3086 2324 3405 2396 ἐπιλέλησαι
3430 2325 3528 2394 τῆς
3561 2323 3863 2377 ἀποστολι-

2269 2415 2371 2486 κῆς
2395 2416 2734 2486 νομοθεσίας,
2755 2416 2973 2485 ἕτοιμον
3001 2413 3141 2468 εἶναι
3166 2415 3302 2486 πρὸς
3324 2415 3620 2483 ἀπολογίαν
3647 2431 3865 2485 παρεγ-

2269 2504 2528 2575 γυὼσηςς
2566 2507 2943 2576 Σκοπήσωμεν
2977 2505 3033 2558 δὲ
3064 2505 3259 2569 οὕτως.
3301 2507 3358 2558 ’0
3380 2505 3601 2577 ἄριστος
3653 2521 3864 2576 στρατ-

2269 2594 2404 2665 ηγὸς
2434 2597 2593 2668 μόνος
2622 2597 2734 2666 (54)
2757 2599 2868 2662 τοῖς
2903 2595 3181 2667 πολεμίοις
3216 2596 3611 2668 συμπλέκεται,
3643 2597 3737 2650 καὶ
3763 2612 3864 2648 το-

2271 2687 2414 2753 ξεύει
2435 2728 2450 2754 ,
2484 2689 2578 2742 καὶ
2621 2689 2928 2752 ἀκοντίζει,
2965 2688 3061 2742 καὶ
3087 2689 3343 2757 φάλαγγα
3377 2690 3661 2760 ῥήγνυσιν,
3691 2685 3724 2758 ἢ
3759 2689 3865 2740 καὶ

2269 2780 2398 2843 τοὺς
2442 2780 2783 2851 στρατιώτας
2825 2777 3176 2845 καθοπλίζει,
3226 2781 3320 2834 καὶ
3366 2781 3586 2845 τάττει,
3629 2779 3724 2834 καὶ
3773 2780 3864 2844 είς

2269 2870 2521 2942 ἀνδρείαν
2549 2871 2618 2924 τὰ
2651 2869 2858 2925 τούτων
2885 2870 3198 2942 παραθήγει
3229 2873 3582 2944 φρονήματα;

2339 3044 2542 3100 EPAN.
2581 3044 2754 3099 Τοῦτο
2783 3047 2985 3118 μᾶλλον
3023 3047 3276 3119 ποιητέον
3303 3048 3452 3120 αὐτῷ

2339 3136 2490 3190 ΟΡΘ.
2535 3140 2610 3192 Οὐ
2636 3139 2746 3210 γὰρ
2777 3139 2911 3193 ἴδιον
2954 3139 3051 3210 μὶν
3089 3140 3420 3212 στρατηγοῦ,
3458 3141 3518 3194 τὸ
3560 3141 3727 3196 αὐτὸν
3758 3143 3866 3214 μὲν

2266 3230 2729 3301 προκινδυνεύειν,
2779 3234 2874 3286 καὶ
2909 3234 3386 3304 παρατάττεσθαι,
3431 3235 3560 3298 τοὺς
3587 3235 3644 3288 δὲ
3686 3250 3862 3305 στρα-

2265 3321 2466 3386 τιώτας
2515 3325 2600 3377 ἐπ’
2635 3324 2803 3394 ἄμφω
2836 3325 3121 3379 καθεύδειν
3173 3327 3290 3398 ὲᾷν,
3325 3326 3461 3380 ἀλλὰ
3503 3328 3596 3380 καὶ
3636 3327 3866 3392 τούτους

2265 3412 2551 3485 διεγείρειν
2579 3417 2660 3480 είς
2690 3417 2788 3488 τὴν
2822 3418 3150 3489 παράταξιν.

2341 3586 2547 3641 ΕΡΑΝ.
2592 3587 2834 3660 Ἀληθές.

2337 3680 2490 3733 0P8.
2532 3680 2703 3734 Τοῦτο
2746 3682 2842 3734 καὶ
2873 3681 2906 3734 6
2938 3681 3081 3747 θεῖος
3117 3683 3350 3749 Παῦλος.
3383 3687 3510 3749 Τοῖς
3542 3687 3654 3757 γὰρ
3692 3703 3856 3742 πεπι-

2269 3772 2552 3826 στευκόσιν
2581 3775 2910 3828 ἐπιστέλλων
2930 3775 3137 3845 ἔλεγεν·
3176 3795 3196 3829 ι
3240 3777 3563 3832 Ἀναλάσετε
3586 3779 3685 3849 τὴν
3719 3797 3864 3832 παν-

2266 3865 2461 3919 οπλίαν
2491 3864 2585 3918 τοῦ
2626 3865 2763 3918 Θεοῦ
2783 3905 2799 3930 ,
2833 3867 2920 3919 ἵνα
2948 3867 3212 3939 δυνηθῆτε
3239 3870 3554 3941 ἀντιστῆναι
3585 3871 3738 3942 πρὸς⁴
3759 3871 3867 3935 ei;

2272 3957 2552 4030 μεθοδείας
2585 3957 2678 4012 τοῦ
2711 3958 2980 4014 διαϐόλου.
3022 3976 3042 4011 ι
3090 3960 3202 4014 Καὶ
3250 3961 3433 4015 πάλιν·
3485 3980 3504 4013 ι
3541 3962 3712 4033 Στῆτε
3763 3959 3869 4016 οὖν

2268 4051 2708 4122 περιζωσάμενοι
2737 4051 2839 4114 τὰς
2881 4050 3094 4120 ὀσφύας
3125 4052 3282 4122 ὑμῶν
3312 4055 3372 4108 δν
3413 4054 3665 4126 ἀληθείᾳ,
3701 4073 3723 4108 ι
3766 4057 3874 4112 καὶ

2267 4143 2336 4197 τά
2367 4143 2515 4212 ἑξῆς.
2559 4142 2966 4215 Ἀναμνήσθητι
3001 4143 3059 4197 δὲ
3089 4143 3125 4198 ἃ
3155 4145 3252 4199 καὶ
3281 4145 3593 4217 ἔμπροσθεν
3624 4147 3865 4220 εἰρήκαο

2271 4250 2392 4304 μεν,
2433 4235 2515 4287 ὅτι
2543 4233 2638 4286 καὶ
2673 4235 2859 4305 ἰατρὸς
2889 4235 3217 4305 προστίθησι
3260 4237 3363 4309 τὴν
3393 4237 3756 4293 ἐλλείπουσαν
3791 4247 3877 4315 τῇ

2268 4323 2430 4395 φύσει
2489 4324 2772 4396 ποιότητα.
2823 4327 2888 4380 El
2936 4328 3048 4398 γὰρ
3098 4325 3252 4399 εὕροι
3307 4328 3713 4394 πλεονάζουσαν
3764 4332 3875 4402 si,»

575 4399 701 4454 dam
730 4399 939 4470 adjicit,
965 4405 1021 4452 ct
1059 4398 1198 4454 alias
1233 4397 1509 4452 similiter.
1554 4395 1670 4450 Hoc
1695 4396 1861 4451 etiam
1897 4398 2162 4454 Dominus

2273 4417 2506 4489 ψυχράν,
2547 4395 2875 4490 προστίθησι
2910 4395 3025 4490 τὴν-
3043 4395 3280 4491 θερμὴν,
3328 4422 3424 4476 καὶ
3454 4421 3718 4487 ὡσαύτως
3764 4395 3878 4478 τάς

576 4491 847 4636 miiiiAN.
899 4579 972 4635 Et
1010 4579 1236 4634 ubinam
1282 4576 1544 4632 ostendes
1585 4575 1692 4632 hoc
1742 4575 1935 4631 fecisse
1974 4576 2162 4632 Domi-

729 4674 753 4714 7

577 4689 850 4819 ηυὸηΒΤΗ.
891 4763 951 4818 in
984 4761 1191 4817 divinis
1216 4759 1552 4828 Evangeliis.

643 4855 849 4912 ERAN.
889 4852 1133 4912 Ostende
1155 4851 1350 4938 igitur,
1378 4859 1436 4906 et
1464 4848 1632 4919 imple
1661 4851 2014 4922 promissum.

651 5032 866 5090 ORTI].
897 5029 1040 5098 Quid
1068 5028 1411 5085 Salvatorem
1435 5025 1723 5084 Christum
1752 5031 2021 5101 putabant
2040 5051 2163 5094 esse

567 5124 786 5181 Judaei?

645 5217 855 5276 ERAN.
892 5213 1209 5272 Hominem.

643 5306 856 5364 ORTH.
909 5305 1064 5374 Quod
1120 5319 1251 5361 vero
1293 5301 1462 5359 etiam
1517 5301 1664 5360 Deus
1717 5316 1897 5377 esset,
1938 5313 2158 5383 penitus

577 5399 942 5470 ignorabant?

2261 4511 2451 4574 ᾶλλας-
2481 4510 2640 4564 τοῦτο
2667 4512 2760 4565 καὶ
2780 4513 2809 4565 6
2837 4513 3044 4585 Κύριος
3078 4514 3356 4586 ἰποίηστν.

2333 4601 2540 4654 ΕΡΑΝ.
2580 4603 2692 4656 Καὶ
2720 4602 2825 4657 ποῦ
2847 4605 3008 4659 τοῦτο
3034 4605 3231 4670 δείξεις
3257 4604 3600 4676 πεποιηκότα
3621 4603 3719 4657 τὸν
3756 4603 3856 4656 Κύ

2303 4710 2383 4747 ιον
2403 4709 2418 4757 ;

2303 4711 2418 4757 ιον;

2268 4711 2298 4764 ρ
2334 4784 2488 4839 ΟΡΘ.
2535 4785 2628 4838 Ἐν
2644 4787 2758 4851 τοῖς
2785 4785 2951 4851 θείοις
2980 4787 3355 4859 Εὖαγγελίοις.

2337 4877 2542 4931 EPAN.
2584 4877 2767 4944 Δεῖξον
2807 4873 2924 4945 οὖν,
2973 4879 3069 4933 καὶ
3113 4881 3400 4953 πλήρωσον
3428 4880 3528 4953 τὴν
3558 4879 3676 4952 (35)
3716 4881 3874 4936 ὑπό-

2269 4987 2474 5042 σχεσιν.

2338 5061 2493 5118 ΟΡΘ.
2537 5059 2604 5116 Τί
2634 5061 2726 5116 τὸν
2755 5062 2988 5136 Σωτῆρα
3020 5063 3257 5137 Χριστὸν
3291 5063 3540 5136 ινόμιζον
3579 5062 3875 5135 Ἰουδαῖοι,

2339 5237 2544 5292 EPAN.
2587 5239 2929 5311 Ἄνθρωπον.

2339 5329 2493 5385 ΟΡΘ.
2537 5332 2660 5386 Ὅτι
2680 5333 2738 5387 δὲ
2766 5334 2860 5388 καὶ
2888 5334 3021 5400 Θεὸς
3046 5329 3137 5408 ἦν,
3167 5337 3513 5393 παντάπασιν
3541 5337 3815 5410 ἠγνόουνς

654 5556 702 5588 ’⁸
736 5557 756 5611 i
785 5555 912 5613 Cor.
954 5573 1044 5622 xv,
1085 5555 1180 5611 22.
1254 5555 1302 5586 ’⁷
1334 5553 1454 5611 Act.
1488 5572 1546 5623 ιι,
1568 5559 1660 5614 22.
1739 5561 1787 5594 ⁸⁸
1820 5563 1940 5620 Act.
1968 5582 2062 5632 vn.
2094 5568 2162 5626 56

2273 5571 2304 5603 "
2339 5571 2360 5626 i
2389 5573 2536 5628 Petr.
2570 5591 2649 5640 ιιι,
2684 5576 2771 5632 15.
2853 5578 2868 5610 ⁸
2899 5579 3043 5650 Eph.
3073 5596 3147 5647 Vt,
3185 5582 3269 5637 l3.
3361 5584 3381 5617 ’
3409 5581 3545 5642 ibid.
3583 5583 3668 5640 Η.

646 5669 758 5742 (34)
793 5673 971 5742 μόνος.
1002 5670 1083 5729 ita
1107 5665 1421 5742 legendum.
1450 5669 1617 5730 Sirm.
1653 5675 1859 5747 μόνοις.

2326 5684 2440 5754 (55)
2475 5688 2591 5757 τήν.
2633 5688 2712 5746 Ex
2733 5691 2824 5747 ed.
2855 5692 3015 5750 Rom.
3048 5702 3108 5751 et
3139 5694 3292 5763 Lips.
3327 5695 3616 5754 insertum.

2619 6042 2660 6059 Ψ
