4090 6446
474 297 574 362 135

1477 300 1966 360 THEODORETI
2004 300 2342 363 EPISCOPI
2380 302 2746 364 CYRENSIS

3644 305 3747 371 136

471 409 570 477 qui
600 407 752 464 venit
779 407 833 462 in
860 406 1082 462 nomine
1111 404 1326 460 Domini
1352 407 1413 459 ¹¹.
1450 423 1466 454 ι
1506 405 1574 459 Et
1603 419 1714 459 non
1741 405 1905 460 modo
1943 422 2054 460 non

2158 408 2457 479 λογημένος
2481 411 2509 463 ὁ
2539 411 2832 480 ἐρχόμενος
2857 410 2915 462 ἐν
2945 410 3168 480 ὀνόματι
3201 410 3432 481 Κυρίου.
3472 430 3494 464 ι
3540 413 3650 468 Καὶ
3679 418 3741 468 οὐ

472 515 618 572 mgre
666 500 814 564 tulit,
865 500 960 554 sed
1008 498 1170 553 fidem
1210 499 1375 551 etiam
1415 497 1676 551 laudavit.
1715 498 1851 550 Nam
1879 512 2056 551 caecos

476 597 794 666 longissima
838 605 998 650 nocte
1035 594 1310 658 liberavit,
1362 601 1419 648 et
1465 593 1686 647 videndi
1739 593 2055 648 facultatem

475 686 558 741 eis
591 686 837 740 donavit.
870 685 1191 740 Chananaeze
1213 699 1346 739 vero
1383 683 1549 737 filiam
1595 683 1758 738 furiis
1799 685 2056 753 agitatam

474 777 622 832 et-de
651 786 832 831 mente
861 777 1208 831 deturbatam
1236 776 1467 838 sanavit,
1493 778 1580 830 et‘
1599 775 2056 830 nocentissimum

475 867 685 936 expulit
710 867 1036 922 daamonem.
1053 866 1189 922 Cum
1206 875 1388 920 autem
1409 866 1688 936 principes
1707 865 2057 920 sacerdotum

475 966 531 1013 et
564 958 822 1013 Pharisaei
853 958 1270 1014 oﬂ'enderentur
1302 959 1388 1012 his
1414 958 1508 1026 qui
1533 958 1863 1022 clamabant,
1896 977 1914 1008 ι
1943 958 2056 1012 Ho-

475 1064 643 1104 sanna
679 1050 790 1104 lilio
831 1051 1074 1116 Davidis,
1107 1071 1124 1102 ι
1163 1067 1273 1106 non
1315 1052 1480 1106 modo
1516 1067 1627 1105 non
1652 1050 1913 1120 repressit
1944 1050 2058 1104 cla-

476 1151 711 1206 mantes,
756 1143 850 1196 sed
892 1143 1057 1196 etiam
1112 1142 1345 1197 faustam
1405 1143 1554 1196 illam
1606 1142 2056 1198 acclamationem

477 1233 845 1288 conﬁrmavit.
898 1253 916 1285 ι
950 1235 1144 1297 Amen,
1192 1234 1392 1304 inquit,
1451 1235 1575 1288 dico
1608 1233 1785 1296 vobis,
1837 1231 2057 1287 etiamsi

476 1322 533 1376 hi
567 1323 857 1386 tacuerint,
886 1322 1443 1392 lapidesclamabunt
1468 1325 1532 1376 ".
1571 1341 1589 1373 ι

549 1414 755 1468 ERAN.
817 1414 927 1470 Has
981 1413 1377 1484 appellationes
1411 1422 1537 1468 ante
1590 1414 2056 1468 resurrectionem

404 1546 410 1555 .
478 1505 753 1569 toleravit,
815 1505 1239 1560 accommodans
1279 1520 1337 1559 se
1379 1503 1682 1559 inﬁrmitati
1715 1519 1907 1559 eorum
1960 1504 2056 1574 qui

476 1597 722 1651 nondum
751 1596 991 1666 perfecte
1023 1595 1373 1650 crediderant
1401 1613 1414 1647 :
1441 1605 1565 1665 post
1592 1595 2055 1651 resurrectionem

478 1699 608 1740 vero
633 1701 1039 1756 supervacanea
1069 1693 1198 1739 sunt
1224 1686 1339 1740 haec
1362 1686 1603 1739 nomina.

2160 499 2320 568 μόνον
2341 501 2442 552 οὐκ
2466 500 2844 570 ἐδυσχέρανεν,
2873 500 3008 553 άλλά
3033 502 3128 554 καὶ
3153 501 3254 572 τὴν
3278 501 3462 556 πίστιν
3487 501 3741 574 ἐπῄνεσε.

2157 591 2295 654 Τοὺς
2323 590 2422 661 μὲν
2450 591 2558 659 γὰρ
2589 590 2822 658 τυφλοὺς
2841 592 2935 660 τῆς
2971 593 3329 662 μακροτάτης
3362 594 3559 658 νυκτὸς
3585 596 3746 665 ἠλευιι

2158 682 2399 752 θέρωσε,
2446 683 2539 734 καὶ
2566 681 2664 752 τὴν
2695 682 2926 753 ὀπτικὴν
2968 684 3154 748 αὐτοῖς
3206 684 3486 756 ἐνέργειαν
3534 687 3742 759 ἐδωρή-

2159 790 2308 828 σατο.
2336 773 2449 842 Τῆς
2471 773 2528 826 δὲ
2548 773 2859 837 Χαναναίας
2881 773 2980 844 τὴν
3001 775 3278 846 θυγατέρα
3299 777 3744 848 κορυϐαντιῶσαν

2157 866 2253 919 καὶ
2284 867 2591 936 μεμηνυῖαν
2633 867 2846 932 ἰάσατο,
2876 867 2974 920 καὶ
2993 867 3085 920 τὸν
3114 868 3481 939 παμπόνηρον
3510 868 3744 942 ἐξήλασε

2155 955 2408 1026 δαίμονα.
2441 955 2563 1008 Τῶν
2595 955 2656 1008 δέ
2681 971 2746 1024 γε
2780 955 3083 1028 ἀρχιερέων
3115 959 3212 1012 καὶ
3239 957 3550 1029 Φαρισαίων
3581 960 3746 1030 χαλε-

2157 1049 2457 1100 παινόντων
2484 1049 2596 1110 τοῖς
2627 1046 2842 1117 βοῶσιν,
2902 1067 2922 1100 ‹
2969 1047 3193 1102 Ὡσαννά
3229 1047 3309 1119 τῷ
3344 1049 3448 1118 υίῷ
3495 1051 3680 1115 Δασὶδ,
3720 1070 3740 1103 ι

2156 1138 2218 1190 οὐ
2253 1137 2413 1208 μόνον
2445 1137 2545 1191 οὐκ
2577 1137 2820 1192 ἐκώλυσε
2860 1139 2988 1202 τοὺς
3027 1137 3289 1209 βοῶντας,
3318 1139 3457 1192 ἀλλὰ
3489 1143 3584 1194 καὶ
3625 1141 3747 1194 ἐϐε-

2157 1228 2361 1282 ϐαίωσε
2388 1229 2487 1300 τὴν
2518 1229 2815 1301 εὐφημίαν.
2841 1248 2860 1281 ι
2897 1231 3070 1301 ’Δμὴν
3099 1230 3230 1300 γὰρ,
3262 1230 3390 1302 εφη,
3421 1231 3566 1300 λέγω
3589 1231 3742 1303 ὑμῖν,

2157 1318 2260 1372 κᾶν
2286 1314 2432 1374 οῦτοι
2465 1321 2783 1391 σιγήσωσιν,
2816 1321 2865 1373 oi
2895 1320 3030 1374 λίθοι
3059 1320 3441 1391 κεκράξονται.
3486 1341 3505 1374 ι

2230 1413 2432 1466 EPAN.
2469 1412 2689 1466 Τούτων
2717 1411 2824 1483 πρὸ
2849 1413 2949 1484 τῆς
2976 1413 3326 1475 ἀναστάσεως
3355 1413 3604 1483 ⁴Ιςνείχετο
3634 1414 3745 1469 τῶν

2158 1517 2372 1576 προσρη
2383 1504 2590 1574 μάτων,
2627 1503 2935 1572 συγκατιὼν
2960 1507 3025 1575 τῇ
3053 1504 3312 1576 ἀσθενείᾳ
3334 1505 3444 1558 τῶν
3471 1504 3744 1575 μηδέποτε

2157 1596 2396 1665 γνησίως
2429 1597 2894 1649 πεπιστευκότων·
2928 1595 3066 1666 μετὰ
3090 1595 3147 1650 δέ
3175 1594 3273 1665 τὴν
3297 1597 3613 1663 ἀνάστασιν,
3646 1616 3747 1653 πε⁸

2161 1685 2319 1759 ριττά
2350 1687 2506 1740 ταύτὶ
2534 1688 2604 1741 τὰ
2628 1687 2888 1757 ὀνόματα.

549 1774 760 1831 ORTH.
805 1777 1030 1830 Beatum
1067 1789 1200 1844 ergo
1233 1775 1460 1829 Paulum
1485 1791 1596 1844 quo
1617 1775 1813 1831 ordine
1846 1784 2056 1831 statue-

2227 1779 2382 1834 ΟΡΘ.
2424 1779 2530 1832 Τὸν
2567 1774 2662 1832 οὖν
2701 1779 2972 1850 μακάριον
3001 1778 3216 1834 Παῦλον
3253 1778 3358 1833 ποῦ
3397 1779 3651 1852 τάξομεν,
3681 1781 3744 1836 ἐν

476 1867 637 1921 mus?
665 1868 810 1920 inter
837 1865 1130 1935 perfectos,
1167 1881 1238 1920 an
1278 1866 1632 1936 imperfectos
1657 1867 1681 1920 ?

545 1957 751 2012 ERAN.
777 1957 837 2011 In
873 1955 1040 2011 rebus
1060 1956 1224 2011 seriis
1247 1971 1350 2010 non
1375 1963 1460 2010 est
1485 1955 1810 2010 ludendum.

541 2048 750 2105 ORTH.
787 2048 900 2104 Nec
927 2048 1328 2103 contemnenda
1347 2057 1432 2102 est
1457 2047 1770 2102 divinorum
1803 2048 2061 2103 oraculo-

477 2155 601 2194 rum
639 2138 826 2194 lectio.

547 2229 755 2283 ERAN.
790 2227 924 2294 Quis
959 2235 1044 2282 est
1067 2226 1206 2282 adeo
1245 2227 1456 2293 infelix,
1490 2235 1549 2281 ut
1575 2227 1856 2298 propriam
1888 2228 2063 2298 negli-

476 2327 569 2392 gat
597 2318 870 2374 salutem?

547 2411 660 2481 98
709 2409 920 2466 Oll'l‘ll.
975 2409 1057 2465 Ad
1113 2409 1600 2480 interrogationem
1651 2409 1942 2482 responde,
2005 2420 2062 2466 et

477 2517 741 2572 agnosces
786 2501 1151 2572 ignorantiam
1181 2508 1350 2556 tuam.

548 2593 756 2648 ERAN.
791 2592 961 2659 Quam
998 2593 1534 2662 interrogationem?

546 2682 756 2738 ORTH.
803 2682 923 2748 Quo
964 2682 1087 2738 loco
1113 2683 1372 2753 ponimus
1409 2683 1658 2739 divinum
1689 2683 2063 2754 Apostolum?

545 2770 755 2826 ERAN.
806 2770 1028 2825 Clarum
1061 2772 1211 2841 quod
1245 2772 1391 2828 inter
1414 2773 1844 2843 perfectissimae
1877 2775 1969 2841 sit,
2004 2784 2061 2830 et

475 2862 759 2932 perfectus
779 2863 1060 2933 magister.

547 2953 758 3010 οιιτιι.
797 2951 917 3019 Quo
963 2966 1096 3008 vero
1159 2961 1407 3021 tempore
1463 2953 1744 3010 inchoavit
1791 2957 2060 3027 prazdicao

479 3047 686 3102 tionem
706 3045 730 3099 τ

2161 1873 2274 1934 τοῖς
2303 1869 2548 1935 τελείοις,
2584 1869 2617 1940 ῆ
2646 1871 2704 1922 ἐν
2736 1872 2846 1934 τοῖς
2879 1871 3154 1938 ἀτελέσιν;
3476 1899 3478 1902 ν

2232 1961 2438 2014 EPAN.
2475 1962 2549 2014 Οὐ
2580 1961 2688 2032 χρὴ
2715 1959 2935 2025 παίζειν
2975 1962 3032 2014 ἐν
3065 1965 3179 2027 τοῖς
3214 1963 3543 2028 σπουδαίοις.

2232 2051 2385 2107 0P9.
2426 2051 2500 2105 Οὐ
2549 2052 2654 2124 χρὴ
2701 2051 2802 2121 τῆς
2848 2051 2958 2104 τῶν
3014 2051 3175 2106 θείων
3217 2053 3412 2123 λογίων
3457 2055 3742 2125 ὀλιγωρεῖν

2163 2143 2545 2212 ἀναγνώσεως.

2233 2231 2440 2289 EPAN.
2481 2236 2593 2290 Καὶ
2630 2235 2716 2300 τίς
2747 2232 2892 2290 οὕτω
2922 2235 3236 2308 τρισάθλιος
3255 2281 3272 2306 ,
3301 2239 3378 2303 ῶς
3407 2238 3506 2310 τῆς
3533 2236 3741 2301 οἰκείας

2162 2326 2385 2398 ἀμελεῖν
2424 2327 2696 2397 σωτηρίας
2714 2345 2728 2392 ;

2233 2417 2386 2472 ΟΡΘ.
2437 2415 2758 2489 Ἀπόκριναι
2786 2419 2923 2490 πρὸς
2951 2419 3050 2490 τὴν
3081 2419 3373 2492 ἐρώτησιν,
3403 2421 3499 2475 καὶ
3523 2419 3742 2492 μαθήσῃ

2161 2511 2261 2582 τὴν
2295 2509 2541 2580 ἄγνοιαν.

2232 2602 2435 2656 ΕΡΑΝ.
2478 2601 2646 2655 Ποίαν
2676 2601 2854 2674 ἐρώτη
2863 2619 2947 2655 σιν
2968 2619 2982 2668 ;

2232 2692 2385 2746 ΟΡΘ.
2428 2691 2538 2746 Ποῦ
2569 2693 2842 2764 τάττομεν
2870 2693 2963 2748 τδν
2997 2694 3140 2748 θεῖον
3167 2692 3530 2758 Ἀπόστολονς

2231 2785 2438 2838 EPAN.
2478 2785 2647 2854 Δῆλον
2672 2783 2748 2850 ὡς
2779 2785 2838 2839 ἐν
2860 2787 2975 2850 τοῖς
3003 2785 3380 2854 τελειοτάτοις,
3409 2781 3628 2839 καὶτῶν
3651 2797 3743 2837 τεο

2162 2874 2322 2927 λείων
2357 2873 2716 2928 διδασκάλων.

2233 2965 2386 3019 ΟΡΘ.
2433 2965 2566 3019 Πότε
2588 2965 2647 3019 δέ
2673 2965 2770 3019 τοῦ
2805 2965 3165 3038 κηρύγματος
3189 2967 3422 3040 ἤρξατο,

549 3139 758 3196 ERAN.
801 3139 932 3195 Post
973 3137 1271 3194 Salvatoris
1315 3138 1713 3205 ascensionem,
1739 3148 1796 3195 et
1824 3139 2058 3210 Spiritus

2237 3133 2437 3192 EPAN.
2467 3135 2622 3192 Μετὰ
2649 3137 2750 3209 τὴν
2783 3135 2877 3190 τοῦ
2909 3137 3160 3210 Σωτῆρος
3195 3139 3484 3210 ἀνάληψιν,
3509 3139 3604 3196 καὶ
3644 3141 3746 3214 τὴν

479 3231 800 3298 adventum,
833 3237 889 3287 et
915 3230 1177 3302 Stephani
1202 3232 1458 3302 martyris
1481 3232 1894 3302 lapidationem.

549 3427 759 3486 ORTH.
784 3427 837 3483 ls
856 3443 981 3483 cum
1013 3427 1118 3484 sub
1149 3427 1275 3482 vita:
1298 3426 1460 3480 linem
1490 3425 1739 3480 ultimam
1769 3424 2061 3495 epistolam

479 3520 745 3576 scriberet
762 3519 828 3574 ad
847 3519 1176 3588 discipulum
1195 3517 1566 3581 Timotheum,
1591 3517 1752 3587 eique
1774 3517 1944 3571 veluti
1963 3533 2062 3588 pa~

479 3620 692 3667 ternam
719 3612 1011 3682 quamdam
1038 3609 1419 3665 haereditatem
1445 3618 1778 3663 testamento
1798 3608 2058 3672 traderet,

478 3703 594 3758 haec
616 3704 780 3758 etiam
801 3702 1040 3772 adjecit:
1087 3721 1104 3752 ι
1134 3701 1428 3762 Memento,
1454 3701 1640 3755 Jesum
1663 3698 1942 3754 Christum
1971 3716 2061 3755 reo

479 3794 787 3848 surrexisse
838 3809 869 3846 a
909 3791 1145 3847 mortuis
1168 3807 1235 3845 ex
1268 3790 1477 3845 semine
1510 3789 1733 3844 Davidis
1759 3791 2060 3847 secundum

478 3886 833 3956 Evangelium
871 3899 1053 3939 meum
1109 3884 1172 3936 ¹³.
1207 3903 1224 3935 ι
1278 3882 1743 3938 Commemoravit
1785 3884 1952 3939 etiam
1993 3899 2059 3939 ea

480 3993 602 4047 qua:
618 3975 895 4046 Evangelii
913 3989 1074 4029 causa
1101 3990 1294 4044 passus
1323 3982 1427 4039 est,
1465 3975 1742 4045 Evangelii
1769 3975 2059 4031 veritatem

479 4086 546 4123 ex
579 4084 647 4123 eo
680 4068 1034 4123 confirmans.
1069 4087 1084 4117 ι
1111 4067 1170 4121 ιη
1193 4083 1304 4138 quo
1327 4066 1534 4127 laboro,
1564 4067 1764 4137 inquit,
1791 4082 1966 4136 usque
1989 4067 2058 4122 ad

477 4160 719 4225 vincula,
743 4159 898 4229 quasi
932 4157 1210 4212 maleficus
1238 4157 1300 4210 ".
1341 4177 1359 4207 ι
1398 4157 1564 4211 Multa
1593 4157 1909 4228 hujusmodi
1951 4157 2058 4212 alia

478 4249 791 4306 testimonia
817 4248 974 4304 facile
998 4247 1134 4302 mibi
1165 4254 1287 4303 erat
1309 4247 1578 4318 proferre,
1603 4248 1696 4303 sed
1725 4264 2058 4319 supervaca-

475 4357 642 4398 neum
675 4340 1002 4396 existimavi.

547 4431 754 4523 ERAN.
800 4431 1086 4523 Pollicitus
1123 4437 1174 4485 te
1219 4437 1596 4523 ostensurum,
1633 4429 1926 4484 Dominum
1957 4428 2057 4523 do:
2089 4470 2133 4523 D

2163 3229 2258 3284 τοῦ
2289 3229 2608 3300 Πνεύματος
2650 3231 3021 3302 ἐπιφοίτησιν,
3067 3229 3161 3285 καὶ
3207 3230 3304 3301 τὴν
3330 3231 3605 3300 Στεφάνου
3649 3231 3748 3285 τοῦ

2165 3322 2461 3392 νικηφόρου
2489 3320 2832 3376 κατάλευσιν.

2233 3413 2387 3467 ΟΡΘ.
2418 3406 2592 3476 Οὗτος
2624 3415 2755 3487 παρ’
2788 3414 2922 3468 αὐτὸ
2952 3415 3048 3468 τοῦ
3077 3414 3194 3485 βίου
3238 3413 3301 3468 τὸ
3325 3414 3481 3478 τέλος
3507 3415 3749 3486 ἐσχάτην

2162 3504 2390 3576 γράφων
2412 3506 2698 3578 ἐπιστολὴν
2725 3505 2976 3578 Τιμοθέῳ
2995 3506 3076 3578 τῷ
3105 3505 3343 3578 μαθητῇ,
3371 3508 3466 3561 καὶ
3489 3503 3600 3560 οἷόν
3623 3525 3749 3562 τινα

2162 3595 2361 3667 κλῆρον
2399 3596 2548 3665 αὐτῴ
2580 3596 2835 3668 πατρῷον
2879 3597 3023 3650 κατά
3069 3596 3334 3668 διαθήκας
3375 3598 3705 3669 παραδιδοὺς
3730 3637 3748 3657 .

2161 3689 2255 3742 καὶ
2298 3687 2476 3742 ταῦτα
2519 3688 2752 3742 τέθεικε·
2811 3707 2830 3740 ι
2867 3689 3193 3760 Μνημόνευε
3249 3689 3461 3760 Ἰησοῦν
3508 3689 3750 3760 Χριστὸν

2161 3779 2534 3851 ἐγηγερμένον
2565 3781 2629 3832 ἐκ
2661 3779 2871 3850 νεκρῶν
2894 3779 2958 3834 ἐκ
2981 3780 3297 3850 σπέρματος
3320 3780 3486 3833 Δαεὶδ
3515 3779 3655 3834 κατά
3680 3780 3748 3832 τὸ

2160 3871 2658 3941 Εὑαγγέλιόν·μου.
2706 3889 2726 3924 δ
2780 3871 3060 3938 ’Υπέδειξε
3107 3871 3165 3925 δέ
3211 3872 3308 3927 καὶ
3353 3873 3422 3926 τά
3468 3873 3609 3943 ὑπὲρ
3646 3871 3746 3926 τοῦ

2160 3963 2495 4031 Εὐαγγελίου
2530 3961 2828 4033 παθήματα
2849 4000 2863 4026 ,
2914 3963 3009 4016 καλ⁸
3046 3961 3222 4036 ταύτῃ
3261 3962 3477 4026 δεικνὺς
3509 3964 3608 4034 τὴν
3646 3963 3744 4016 τοῦ

2161 4055 2494 4123 Εὑαγγελίου
2532 4054 2808 4121 ἀλήθειαν.
2842 4073 2862 4106 ι
2903 4055 2991 4108 Ἐν
3023 4049 3068 4122 ᾧ
3094 4055 3204 4124 γὰρ
3225 4097 3240 4119 ,
3269 4054 3374 4126 ἐφη
3396 4095 3411 4118 ,
3443 4055 3748 4110 κακοπαθῶ

2164 4147 2328 4218 μέχρι
2353 4145 2575 4216 δεσμῶν
2601 4145 2679 4210 ὡς
2708 4145 3036 4216 κακοῦργος.
3074 4164 3093 4198 ι
3133 4145 3339 4211 Πολλὰς
3371 4146 3429 4200 δὲ
3459 4147 3551 4202 καὶ
3574 4147 3744 4211 ἀλλας

2158 4238 2370 4293 τοιάσδε
2420 4237 2726 4309 μαρτυρίας
2755 4238 2939 4308 ῥᾴδιον
2974 4233 3045 4310 ἦν
3081 4254 3170 4308 μοι
3207 4240 3571 4309 παραγαγεῖν,
3606 4238 3746 4292 άλλά

2159 4330 2430 4400 παρέλκον
2453 4328 2613 4382 τοῦτο
2644 4328 2928 4398 νενόμικα.
2949 4356 2962 4366 ·

2230 4419 2432 4474 EPAN.
2469 4419 2870 4490 Ὑποσχόμενος
2889 4419 3104 4486 δείξειν,
3127 4422 3220 4475 τὸν
3236 4422 3442 4493 Κύριον
3461 4421 3561 4494 τὴν
3581 4422 3739 4476 ἐλλεί⁸

477 4522 746 4587 ctrinam,
794 4537 914 4591 qua:
962 4522 1124 4585 desit,
1180 4521 1470 4590 egentibus
1521 4535 1854 4589 proponere,
1907 4521 2054 4588 quod

2164 4527 2371 4566 πουσαν
2403 4510 2750 4564 διδασκαλίαν
2797 4510 3156 4583 προστιθέντα
3191 4514 3306 4576 τοῖς
3325 4512 3632 4582 δεομένοις,
3659 4513 3746 4567 ὅτι

477 4611 778 4667 Pharisaeos
820 4610 1040 4680 quidem
1093 4618 1147 4664 et
1187 4610 1429 4678 reliquos
1470 4609 1688 4664 Judmos
1713 4607 2057 4664 divinitatem

476 4720 629 4760 suam
657 4705 931 4768 docuerit,
962 4702 1146 4758 dixisti
1185 4718 1196 4753 :
1225 4701 1370 4771 quod
1398 4705 1414 4720 ‘
1437 4716 1570 4756 vero
1597 4700 1764 4756 etiam
1796 4701 1864 4756 de
1891 4717 2057 4759 carne

476 4811 574 4851 sua
603 4795 946 4858 disseruerit,
979 4808 1089 4847 non
1120 4790 1430 4845 ostendisti.

543 4974 753 5031 ORTH.
783 4971 1038 5028 Omnium
1075 4968 1310 5024 maxime
1339 4983 1810 5039 supervacaneum
1840 4982 1960 5028 erat
1987 4974 2055 5030 de

473 5082 661 5130 carne,
699 5081 863 5134 quam
917 5064 1197 5125 videbant,
1247 5062 1539 5118 disserere.
1572 5062 1872 5121 Evidenter
1904 5068 2052 5121 enim

474 5154 564 5208 illa
595 5161 650 5206 et
675 5152 990 5216 comedens,
1016 5161 1071 5206 et
1098 5152 1315 5218 bibens,
1332 5153 1678 5220 etlaborans,
1701 5166 1758 5211 et
1775 5157 2056 5213 dormiens

472 5243 823 5300 cernebatur.
856 5243 969 5314 99
1019 5244 1297 5308 Attamen,
1353 5255 1414 5298 ut
1455 5246 1624 5300 multa
1679 5263 1743 5302 ea
1793 5257 1850 5302 et
1905 5249 2053 5303 varia

471 5335 744 5393 omittam.
772 5349 894 5404 quae
917 5334 1229 5403 passionem
1263 5345 1680 5402 prazcesserunt.
1715 5347 1842 5407 post
1859 5353 2045 5392 resur-

475 5425 772 5482 rectionem
807 5424 1108 5480 incredulis
1131 5425 1394 5493 apostolis
1423 5441 1530 5480 non
1555 5427 1918 5492 divinitatem,
1953 5429 2048 5482 sed

472 5516 867 5573 humanitatem
903 5516 1165 5572 ostendit.
1221 5537 1239 5568 ι
1269 5517 1462 5573 Videte
1492 5518 1662 5583 enim,
1696 5517 1896 5589 inquit,
1932 5536 2050 5572 ma-

551 5711 589 5746 “
625 5711 816 5767 Matth.
853 5729 962 5779 xxi,
994 5713 1045 5770 9.
1129 5715 1169 5746 ¹²
1200 5713 1332 5771 Luc.
1373 5733 1482 5783 xix,
1509 5716 1591 5772 ιο.
1671 5717 1712 5749 ¹³
1741 5716 1786 5771 ll
1824 5715 1963 5770 'l’im.
1998 5732 2054 5782 η,

2215 5715 2255 5748 ¹⁵
2285 5714 2419 5770 ibid.
2451 5714 2502 5768 9.

2167 4605 2267 4676 μὲν
2317 4606 2429 4668 τοῖς
2458 4603 2769 4675 Φαρισαίοις
2810 4605 2904 4658 καὶ
2934 4607 3048 4668 τοῖς
3075 4605 3254 4670 ἀλλοις
3295 4605 3586 4669 Ἰουδαίοις,
3614 4606 3744 4672 περὶ

2163 4698 2262 4767 τῆς
2309 4696 2517 4760 οίκείας
2557 4696 2804 4767 διελέχθη
2852 4696 3140 4768 θεότητος,
3183 4698 3430 4769 εἴρηκαςο
3463 4696 3544 4751 ὅτι
3590 4695 3646 4751 δέ
3676 4714 3743 4764 γε

2163 4789 2258 4842 καὶ
2287 4787 2384 4860 τὴν
2419 4789 2548 4859 περὶ
2583 4788 2687 4859 τῆς
2726 4788 2930 4860 σαρκὸς
2956 4788 3310 4842 διδασκαλίαν
3343 4791 3744 4862 προσήνεγκεν,

2160 4881 2259 4933 οὐκ
2285 4880 2591 4946 ἀπέδειξας.

2225 4971 2380 5025 ΟΡΘ.
2411 4971 2662 5025 Μάλιστα
2686 4972 2784 5042 μὲν
2809 4973 3064 5045 περιττὸν
3085 4967 3155 5042 ἦν
3181 4973 3433 5044 περὶτῆς
3456 4973 3744 5045 ὁρωμένης

2153 5061 2505 5132 διαλεχθῆναι
2553 5062 2788 5133 σαρκός·
2865 5063 3116 5134 ἐναργῶς
3183 5064 3292 5135 γὰρ
3345 5065 3588 5135 ἑωρᾶτο,
3647 5066 3741 5118 καὶ

2153 5153 2408 5206 ἐσθίουσα
2440 5154 2534 5206 καὶ
2557 5153 2815 5217 πίνουσα,
2841 5155 2936 5207 καὶ
2955 5155 3223 5218 κοπιῶσα,
3252 5155 3345 5208 καὶ
3377 5156 3738 5209 καθεύδουσα.

2153 5243 2300 5313 Πλὴν
2338 5243 2510 5310 ὅμως,
2546 5243 2632 5294 ἵνα
2657 5242 2727 5295 τά
2755 5242 2863 5311 πρὸ
2885 5241 2978 5296 τοῦ
3008 5242 3216 5308 πάθους
3247 5243 3432 5316 παρῶ,
3468 5245 3640 5298 πολλὰ
3676 5261 3738 5311 γε

2153 5334 2282 5387 ὅντα
2336 5333 2431 5386 καὶ
2480 5332 2736 5404 διάφορα,
2781 5333 2922 5404 μετά
2966 5333 3067 5405 τὴν
3115 5333 3412 5388 ἀνάστασιν
3447 5331 3737 5387 ἀπιστοῦσι

2157 5433 2268 5494 τοῖς
2296 5429 2638 5497 ἀποστόλοις,
2663 5429 2725 5482 ού
2759 5429 2858 5501 τὴν
2878 5429 3129 5501 θεότητα,
3163 5431 3302 5485 ἀλλὰ
3329 5431 3427 5502 τὴν
3450 5431 3734 5502 ἀνθρωπό-

2160 5535 2297 5588 τητα
2344 5516 2531 5581 ἔδειξε·
2585 5534 2603 5568 ι
2637 5519 2874 5573 Βλέπετε
2914 5518 3050 5591 γὰρ,
3081 5520 3243 5590 φησὶ,
3271 5520 3370 5584 τὰς
3413 5521 3599 5592 χεῖράς
3633 5539 3735 5593 μου

3742 5791 3828 5850 ,Ι
