4090 6424
422 293 531 360 13⁵1

1499 300 1877 362 DIALOGUS
1917 302 2000 361 ΙΙ.
2039 327 2110 339 --
2151 305 2646 368 INCONFUSUS.

3603 319 3701 381 138

414 405 520 457 καὶ
551 404 681 467 τοὺς
706 403 874 466 πόδας
905 421 1034 475 μου,
1062 402 1144 456 ὅτι
1173 402 1333 468 αὐτὸς
1362 404 1471 474 ἐγώ
1493 407 1632 476 εἰμι⁸
1655 407 2014 480 ψηλαφήσατέ

2124 427 2228 467 nus
2277 429 2427 467 meas
2466 423 2522 468 et
2574 414 2740 484 pedes
2765 430 2934 482 meos,
2968 417 3095 488 quia
3120 433 3220 489 ego
3251 435 3365 490 Ipse
3402 438 3543 479 smn.
3581 427 3704 483 Pal-

415 514 517 566 με,
550 499 648 551 καὶ
675 498 843 562 ἴδετε,
869 498 954 550 ὅτι
987 494 1209 566 πνεῦμα
1234 496 1414 566 σάρκα
1438 498 1533 552 καὶ
1557 498 1724 553 ὀστέα
1754 501 1855 554 οὐκ
1883 501 2016 572 ἔχει,

413 587 612 653 καθὼς
647 587 748 658 ἐμὲ
777 587 1036 659 θεωρεῖτε
1059 586 1274 657 ἔχοντα.
1309 605 1328 638 ι
1373 586 1504 640 Ἰδού
1538 603 1620 641 σοι
1651 589 2019 660 πεπληρώκα-

415 696 526 748 μεν
557 677 660 747 τὴν
691 678 1010 748 ὑπόσχεσιν·
1035 677 1320 748 ἐδείξαμεν
1352 678 1462 749 γὰρ
1492 682 1604 744 τοῖς
1636 680 1734 749 μὲν
1764 680 2018 749 ἀγνοοῦσι

412 770 524 840 τὴν
555 769 815 839 θεότητα,
845 769 945 840 τὴν
975 770 1105 840 περὶ
1137 769 1346 840 ταύτης
1386 771 1842 841 προσενεχθεῖσαν
1877 771 2020 825 διδα-

415 862 678 916 σκαλίαν·
707 865 820 925 τοῖς
842 862 900 914 δὲ
921 861 1211 914 ἀπιστοῦσι
1237 864 1300 932 τῇ
1329 861 1428 932 τῆς
1459 862 1661 933 σαρκὸς
1695 865 2017 930 ἀναστάσει,

408 951 630 1022 ταύτην
663 952 1088 1023 ὲπιδειχθεῖσαν⁹
1115 952 1324 1006 παῦσαι
1347 953 1527 1006 τοίνυν
1559 953 1901 1027 φιλονεικῶν,
1925 956 2020 1008 καὶ

409 1045 519 1106 τὰς
551 1045 652 1097 δύο
680 1044 779 1097 τοῦ
803 1045 1059 1116 Σωτῆρος
1085 1043 1424 1113 ὁμολόγησαι
1456 1045 1669 1114 φύσεις.

485 1135 701 1189 ΕΡΔΝ.
745 1136 851 1188 Δύο
882 1135 992 1207 πρὸ
1035 1138 1134 1205 τῆς
1163 1134 1410 1199 ἐνὼσεως
1453 1132 1593 1207 ἦσαν
1615 1154 1628 1167 ο
1664 1137 2016 1191 συνελθοῦσαι

409 1228 471 1281 δὲ
505 1227 642 1298 μίαν
670 1227 1011 1281 ἀπετέλεσαν
1043 1228 1228 1296 φύσιν.

484 1317 643 1370 ΟΡΘ.
679 1317 818 1370 Πότε
847 1317 905 1370 δὲ
935 1318 1043 1386 φὴς
1070 1317 1402 1387 γεγενῆσθαι
1431 1317 1530 1389 τὴν
1562 1317 1757 1372 ἕνωσιν
1785 1337 1799 1384 ;

489 1406 703 1460 EPAN.
739 1406 922 1470 Εὐθὺς
943 1405 1055 1476 ἐγὼ
1085 1407 1230 1475 λέγω
1261 1407 1416 1478 παρά
1443 1408 1542 1479 τὴν
1578 1408 1864 1478 σύλληψιν.

488 1497 645 1552 ΟΡΘ.
677 1498 784 1551 Τὸν
813 1499 873 1551 δὲ
901 1498 1035 1552 Θεὸν
1064 1499 1238 1568 Λόγον
1255 1499 1317 1551 οὐ
1348 1499 1724 1571 προϋπάρχειν
1755 1500 1856 1570 τῆς
1892 1503 2018 1556 συλ-

408 1588 635 1660 λήψεως
663 1589 846 1658 λέγεις
864 1605 879 1656 ;

489 1681 694 1734 EPAN.
729 1680 843 1752 Πρὸ
860 1680 972 1734 τῶν
1000 1680 1213 1737 αἰώνων
1239 1677 1378 1736 εἷναί
1402 1700 1565 1756 φημι.

497 1773 648 1826 ΟΡΘ.
689 1774 805 1844 Τὴν
843 1774 902 1828 δὲ
928 1774 1110 1845 σάρκα
1140 1776 1506 1846 συνυπάρχειν
1542 1777 1728 1849 αὑτῷ;

499 1865 695 1918 EPAN.
734 1866 814 1918 oo
845 1866 1004 1934 δῆτα.

496 1959 646 2010 ΟΡΘ.
691 1957 834 2010 Ἀλλ’
865 1961 930 2011 ὲκ
961 1959 1281 2030 Πνεύματος
1301 1960 1461 2028 ἁγίου
1491 1959 1630 2030 μετὰ
1662 1961 1760 2032 τὴν
1797 1959 1892 2013 τοῦ
1919 1961 2016 2028 ἁγ-

418 2048 581 2116 γέλου
615 2049 1021 2121 διαπλασθῆναι
1053 2053 1401 2124 πρόῤῥησινς

489 2141 623 2193 ΕΡΑ
633 2141 701 2193 Ν.
736 2140 928 2204 Οὕτως
959 2141 1125 2212 φημί.

487 2233 647 2286 ΟΡΘ.
691 2234 906 2287 Οὐκοῦν
937 2235 1000 2286 ού
1030 2235 1124 2288 δύο
1155 2231 1298 2307 ἦσαν
1343 2236 1448 2308 πρὸ
1493 2235 1595 2306 τῆς
1633 2236 1879 2302 ἑνώσεως
1913 2238 2016 2307 φύ-

411 2341 553 2388 σεις,
586 2324 728 2378 ἀλλά
762 2324 863 2395 μία
895 2325 1054 2397 μόνη.
1094 2326 1156 2380 El
1177 2326 1286 2398 γὰρ
1319 2328 1671 2399 προῦπάρχει
1706 2329 1861 2399 μὲνὴ
1896 2330 2017 2384 θεό·

408 2433 538 2484 της,
569 2419 603 2486 ἡ
633 2417 692 2470 δέ
716 2433 782 2485 γε
819 2417 1182 2489 ἀνθρωπότης
1207 2420 1267 2472 ού
1312 2421 1654 2491 συνυπάρχει
1676 2437 1689 2450 ο
1719 2420 2012 2494 διεπλάσθη

408 2507 524 2578 γὰρ
559 2508 703 2577 μετά
735 2507 828 2561 τὸν
862 2509 1158 2578 ἀγγελικὸν
1208 2511 1520 2581 ἀσπασμὸν,
1562 2512 1832 2582 συνῆπται
1870 2513 1926 2566 δὲ
1949 2517 2013 2586 τῇ

407 2595 709 2653 διαπλάσει
737 2602 770 2671 ἡ
802 2601 1000 2665 ἒνωσις
1019 2618 1032 2631 ·
1065 2602 1163 2671 μία
1187 2601 1296 2672 ἄρα
1319 2602 1482 2670 φύσις
1505 2603 1612 2674 πρὸ
1638 2605 1740 2675 τῆς
1768 2605 2016 2672 ὲνὼσεως

408 2685 506 2761 ἦν,
529 2693 566 2760 ὴ
595 2691 686 2743 ἀεὶ
715 2688 870 2754 οὖσα,
902 2694 999 2746 καὶ
1024 2691 1132 2762 πρὸ
1155 2692 1262 2746 τῶν
1294 2691 1507 2748 αἰώνων
1533 2690 1688 2750 οὖσα.
1723 2696 1884 2750 Ἀλλὰ
1906 2698 2016 2770 γὰρ

409 2783 509 2836 καὶ
547 2778 706 2847 αὖθις
760 2785 892 2838 αὐτὸ
920 2783 1082 2838 τοῦτο
1121 2786 1510 2856 σκοπήσωμεν.
1557 2789 1669 2858 Τὴν
1714 2789 2013 2861 σάρκωσιν,

409 2876 590 2944 ἤγουν
641 2875 1083 2947 ἐνανθρώπησιν,
1141 2876 1271 2932 ἀλλο
1320 2895 1374 2932 τι
1410 2879 1657 2952 νομίζεις
1706 2881 1861 2952 παρά
1914 2883 2015 2954 τὴν

409 2968 620 3022 ἕνωσιν
641 2987 656 3033 ;

483 3062 699 3116 EPAN.
728 3061 884 3132 Οὐχί.

486 3151 648 3206 ΟΡΘ.
683 3153 873 3223 Σάρκα
901 3152 1014 3225 γὰρ
1040 3154 1366 3226 προσλαόὼν
1397 3156 1714 3230 ὲσαρκὼθη.

484 3240 699 3295 εΡΑΝ.
723 3241 1000 3299 Φαίνεται.

485 3334 646 3386 ΟΡΘ.
685 3335 964 3405 Συνῆπται
989 3336 1049 3390 δὲ
1083 3339 1148 3410 τῇ
1175 3337 1485 3408 προσλήψει
1518 3341 1552 3411 ἡ
1573 3339 1802 3404 ἓνωσιςς

484 3427 701 3481 EPAN.
732 3427 891 3481 Οὕτω
922 3429 1088 3497 λέγω.

485 3519 647 3575 οΡΘ.
685 3522 802 3576 Μία
830 3518 925 3576 οὖν
969 3521 1134 3592 φύσις
1159 3522 1268 3596 πρὸ
1287 3523 1386 3595 τῆς
1425 3523 1892 3597 ὲνανθρωπήσεως
1919 3520 2008 3597 ἦν.

413 3614 484 3668 El
520 3613 638 3683 γὰρ
680 3613 877 3667 ταύτὸν
919 3612 1118 3678 ἓνωσίς
1149 3631 1209 3666 τε
1234 3615 1330 3668 καὶ
1378 3615 1813 3688 ὲνανθρώπησις,
1852 3619 2010 3687 ἐνην-

411 3707 688 3780 Θρώπησε
719 3707 777 3760 δὲ
820 3705 919 3778 τὴν
950 3707 1299 3778 ἀνθρωπείαν
1332 3709 1496 3778 φύσιν
1525 3708 1727 3774 λαϐὼν,
1758 3709 1918 3763 ἔλαϐε
1955 3711 2012 3765 δὲ

415 3802 454 3872 ἠ
492 3799 597 3854 τοῦ
634 3797 771 3852 Θεοῦ
809 3799 994 3871 μορφὴ
1027 3799 1126 3870 τὴν
1162 3798 1256 3853 τοῦ
1288 3800 1476 3854 δούλου
1511 3801 1749 3872 μορφὴν,
1782 3802 1880 3871 μία
1905 3803 2013 3875 ἄρα

411 3893 590 3963 φύσις
616 3893 650 3962 ή
679 3891 798 3944 Θεία
824 3891 934 3962 πρὸ
963 3891 1064 3961 τῆς
1094 3891 1342 3955 ἐνώσεως
1362 3888 1453 3963 ἦν.

489 3984 706 4039 EPAN.
747 3985 861 4039 Καὶ
893 3983 1011 4047 πῶς
1044 3983 1242 4038 ταύτὸν
1271 3984 1464 4048 ἕνωσίς
1505 4001 1564 4038 τε
1605 3985 1701 4038 καὶ
1740 3985 2014 4058 ἐνανθρὼ-

410 4093 594 4149 mam;
612 4093 628 4141 ;

486 4169 651 4224 ΟΡΘ.
688 4167 1154 4240 Συνωμολόγησας
1179 4168 1385 4240 ἀρτίως
1426 4169 1502 4239 μὴ
1534 4167 1816 4238 διαφέρειν
1849 4171 2012 4224 ταυτὶ

405 4261 483 4317 τὰ
509 4261 780 4330 ὀνόματα.

488 4353 701 4408 ΕΡΑΝ.
742 4354 869 4417 Τοῖς
901 4355 1012 4418 σοῖς
1043 4370 1109 4424 με
1135 4352 1503 4424 παρεκρούσω
1530 4353 1932 4425 συλλογισμοῖς.

2118 510 2245 570 pate
2281 519 2389 568 me,
2439 513 2496 558 et
2539 505 2744 571 videte,
2801 508 2930 576 quia
2971 504 3201 578 'spiritus
3241 527 3460 568 carnem
3492 525 3548 568 et
3576 532 3702 573 ossa

2117 608 2227 645 non
2262 594 2448 658 habet,
2479 596 2623 650 sicut
2649 613 2735 652 me
2766 599 2965 654 videtis
3001 601 3208 656 habere
3243 604 3305 656 ‘5.
3344 623 3360 654 ι
3412 606 3552 660 Ecce
3601 609 3704 661 im-

2119 684 2390 752 plevimus
2419 689 2565 755 quod
2602 690 2831 758 polliciti
2859 707 3069 747 sumus.
3094 693 3448 751 Ostendimus
3483 698 3551 752 iis
3581 700 3704 768 qui-

2118 773 2244 828 dem
2291 777 2385 845 qui
2441 779 2786 834 divinitatem
2839 782 3182 852 ignorabant,
3236 783 3499 841 traditam
3536 789 3603 842 de
3639 805 3703 844 ea

2118 864 2426 922 doctrinam
2453 886 2468 934 ;
2497 869 2565 924 iis
2593 887 2725 926 vero
2757 873 2849 941 qui
2876 875 3058 929 carnis
3093 879 3558 933 resurrectionem
3592 897 3702 933 non

2117 957 2437 1022 credebant,
2495 961 2638 1016 hanc
2685 965 3008 1033 expositam.
3054 965 3219 1021 Cessa
3270 969 3437 1037 igitur
3470 979 3700 1024 conten—

2117 1047 2270 1113 dere,
2305 1059 2360 1104 et
2383 1051 2518 1106 duas
2551 1052 2857 1109 Scrvatoris
2882 1065 3104 1111 naturas
3131 1058 3412 1113 conﬁtere.

2188 1139 2397 1194 ERAN.
2433 1143 2563 1198 Dure
2602 1154 2760 1198 erant
2787 1153 2912 1201 ante
2962 1148 3240 1214 unionem,
3273 1151 3538 1219 copulatae
3567 1166 3700 1205 vero

2120 1245 2284 1283 unam
2323 1231 2627 1287 cﬂ‘ecerunt
2649 1243 2778 1289 natu
2789 1251 2924 1290 ram.

2188 1319 2398 1375 ORTII.
2424 1323 2655 1388 Quando
2680 1333 2864 1380 autem
2885 1327 3022 1381 dicis
3042 1325 3238 1380 factam
3260 1343 3381 1382 esse
3405 1328 3701 1384 unionem?

2188 1411 2398 1466 ERAN.
2432 1412 2629 1467 Statim
2666 1414 2721 1468 in
2743 1415 2859 1484 ipsa
2885 1416 3009 1471 dico
3037 1418 3420 1486 conceptione.

2187 1500 2397 1557 OHTH.
2432 1504 2605 1559 Deum
2640 1514 2824 1562 autem
2860 1507 3104 1562 Verbum
3144 1509 3357 1564 dicisne
3405 1519 3530 1565 ante
3565 1525 3699 1564 con-

2117 1595 2426 1662 ceptionem
2463 1612 2570 1650 non
2592 1596 2762 1653 fuisse
2787 1599 2810 1651 ?

2188 1685 2396 1740 ERAN.
2425 1686 2565 1742 Ante
2591 1689 2789 1744 saecula
2815 1707 2936 1746 esse
2960 1691 3104 1747 dico.

2048 1756 2090 1810 Β
2187 1774 2398 1831 ORTH.
2428 1778 2660 1834 Carnem
2684 1797 2818 1836 vero
2843 1797 3060 1853 semper
3084 1799 3208 1840 cum
3235 1786 3328 1842 illo
3355 1805 3462 1844 una
3488 1791 3655 1850 fuisse
3677 1793 3703 1847 ἲ

2188 1866 2396 1922 ERAN.
2431 1870 2809 1940 Nequaquam.

2189 1955 2398 2013 ORTH.
2432 1959 2540 2015 Sed
2577 1977 2607 2016 a
2653 1961 2862 2031 Spiritu
2895 1972 3085 2021 sancto
3117 1975 3242 2036 post
3283 1971 3461 2042 angeli
3496 1973 3702 2028 saluta-

2122 2045 2327 2101 tionem
2363 2048 2647 2105 formatam
2685 2068 2806 2107 esse
2836 2055 2858 2105 ?

2189 2135 2398 2191 ERAN.
2432 2138 2522 2193 Sic
2550 2142 2750 2196 sentio.

2187 2226 2397 2282 ORTl-I.
2435 2229 2553 2284 Non
2583 2247 2714 2302 ergo
2745 2233 2866 2288 dua:
2899 2245 3112 2292 natura:
3140 2237 3368 2294 fuerunt
3391 2249 3516 2298 ante
3537 2244 3703 2300 unio-

2110 2335 2264 2385 nem,
2295 2322 2389 2376 sed
2421 2329 2633 2378 tantum
2668 2342 2796 2380 una.
2844 2326 2900 2382 Si
2932 2330 3079 2383 enim
3109 2333 3262 2401 prius
3290 2333 3395 2388 fuit
3417 2336 3700 2402 divinitas,

2117 2405 2432 2464 humanitas
2475 2421 2659 2467 autem
2689 2430 2799 2468 non
2823 2415 2986 2470 simul
3019 2417 3122 2472 fuit
3151 2420 3404 2489 (formata
3431 2425 3581 2480 enim
3619 2437 3704 2483 est

2117 2507 2241 2568 post
2269 2501 2654 2558 salutationem
2681 2507 3005 2576 angelicam,
3029 2510 3268 2567 cohaeret
3295 2520 3478 2569 autem
3495 2516 3701 2574 forma-

2119 2587 2255 2641 tioni
2292 2590 2470 2659 unio),
2500 2607 2609 2645 una
2645 2593 2811 2662 igitur
2837 2605 3035 2651 natura
3083 2607 3210 2653 ante
3257 2603 3517 2658 unionem
3571 2606 3699 2672 fuit,

2116 2695 2238 2749 qua:
2265 2697 2482 2752 semper
2505 2690 2610 2748 est,
2637 2693 2692 2738 et
2733 2695 2859 2742 ante
2888 2689 3084 2743 Stecula
3126 2691 3361 2746 exsistit.
3405 2695 3700 2753 Verumta-

2115 2789 2242 2828 men
2277 2775 2436 2846 ιοο
2457 2776 2564 2830 hoc
2593 2776 2771 2848 ipsum
2803 2779 2987 2834 denuo
3015 2781 3432 2838 consideremus
3471 2803 3485 2839 :
3518 2787 3702 2843 lncar-

2113 2863 2430 2930 nationem,
2487 2880 2590 2921 seu
2649 2874 2863 2924 natura;
2921 2867 3178 2926 humana
3250 2874 3696 2945 susceptionem.

2114 2957 2340 3014 aliudue
2364 2967 2528 3028 putas
2555 2973 2677 3015 esse
2701 2974 2869 3031 quam
2907 2960 3169 3017 unionem
3190 2962 3216 3017 τ

2185 3047 2396 3102 ERAN.
2427 3048 2568 3103 Non.

2185 3137 2420 3192 'ORTH.
2447 3137 2686 3193 Carnem
2709 3137 2858 3193 enim
2881 3141 3218 3198 assumendo
3247 3142 3565 3204 incarnatus
3585 3158 3694 3208 est.

2179 3231 2391 3287 ERAN.
2417 3231 2669 3286 Videtur.

2179 3322 2390 3378 ORTH.
2419 3321 2747 3378 Cohaeretne
2777 3329 2963 3377 autem
2985 3325 3351 3396 assumptioni
3373 3329 3506 3385 unio
3530 3331 3554 3384 ἒν

2182 3416 2391 3472 ERAN.
2415 3416 2496 3471 Ita
2522 3416 2667 3471 dico.

2181 3507 2396 3564 ORTH.
2430 3507 2552 3564 Una
2586 3522 2718 3578 ergo
2741 3515 2938 3562 natura
2961 3516 3089 3563 ante
3109 3508 3546 3568 incarnationem
3568 3512 3695 3571 fuit.

2110 3600 2248 3654 Nam
2295 3599 2343 3668 si
2393 3615 2564 3653 unum
2603 3607 2732 3654 sunt
2767 3599 3076 3654 incarnatio
3104 3608 3161 3654 et
3189 3601 3341 3667 unio,
3381 3603 3696 3662 incamatus

2111 3700 2295 3754 autem
2325 3700 2410 3746 est
2441 3699 2695 3746 naturam
2721 3690 3017 3745 humanam
3037 3706 3344 3759 assumens,
3368 3698 3695 3767 assumpsit-

2111 3800 2221 3854 que
2250 3783 2346 3838 Dei
2378 3783 2558 3838 forma
2591 3783 2736 3838 servi
2772 3782 3027 3847 formam,
3055 3798 3160 3837 una
3184 3782 3353 3854 igitur
3377 3785 3564 3842 divina
3595 3804 3694 3842 na—

2113 3885 2237 3930 tura
2265 3883 2392 3938 ante
2427 3874 2690 3928 unionem
2723 3873 2847 3928 fuit.

2181 3965 2391 4022 ERAN.
2441 3965 2512 4019 Et
2549 3964 2828 4035 quomodo
2861 3963 3008 4019 idem
3049 3972 3178 4020 sunt
3202 3965 3336 4020 unio
3359 3973 3415 4021 et
3441 3966 3696 4025 incarna-

2112 4055 2234 4110 tio?

2183 4147 2393 4203 ORTII.
2415 4146 2586 4200 Paulo
2618 4155 2746 4200 ante
2772 4144 3058 4200 confessus
3082 4160 3161 4210 es,
3188 4146 3305 4200 haec
3331 4147 3555 4202 nomina
3583 4162 3696 4204 non

2113 4238 2357 4294 diﬂ'erre.

2183 4331 2391 4386 ERAN.
2431 4330 2513 4385 Tu
2535 4344 2622 4383 me
2660 4328 2768 4383 tuis
2797 4326 3312 4382 ratiocinationibus
3333 4327 3622 4397 decepisti.

484 4442 646 4496 ΟΡΘ.
679 4443 784 4496 Τὸν
814 4443 977 4497 αὑτὸν
1009 4419 1124 4511 ούν,
1158 4419 1413 4507 είίδοκεῖ,
1442 4443 1607 4497 πάλιν
1640 4419 2003 4517 ἀναλάσωμεν

2185 4423 2396 4479 ΟΒΤΗ.
2430 4421 2699 4476 Eumdem
2722 4419 2909 4491 igitur,
2934 4420 2979 4475 si
3001 4420 3199 4490 placet,
3235 4428 3550 4490 repetamus
3577 4437 3693 4479 ser-

407 4535 602 4606 λόγον.

485 4626 696 4680 ΕΡΔΝ.
727 4625 903 4680 Τοῦτο
931 4626 1209 4697 ποιητέον.

484 4717 644 4773 υΡΘ.
698 4718 765 4770 Ἠ
801 4719 1074 4789 σάρκωσις
1099 4717 1238 4788 πρὸς
1259 4717 1358 4790 τὴν
1381 4717 1574 4774 ἕνωσιν
1603 4719 1715 4791 ἔχει
1742 4720 2008 4792 διαφορὰν

407 4809 563 4863 κατά
595 4807 696 4879 τὴν
727 4809 839 4879 (57)
868 4807 963 4861 τοῦ
995 4809 1322 4880 πράγματος
1361 4809 1527 4879 φύσιν
1557 4827 1573 4876 ;

485 4901 696 4954 EPAN.
741 4900 1010 4970 Πλείστην
1037 4902 1134 4971 μὲν
1160 4897 1279 4957 οὖν.

483 4993 641 5047 ΟΡΘ.
667 4991 890 5056 Δίδαξον
923 4993 993 5046 τὰ
1029 4993 1144 5065 εἴδη
1185 4994 1388 5066 ταύτης
1417 4995 1688 5064 ἀφθόνως.

483 5083 698 5137 ΕΡΔΝ.
739 5084 850 5137 Καὶ
878 5083 1042 5146 αὐτὸς
1088 5083 1197 5136 τῶν
1231 5085 1516 5156 ὀνομάτων
1547 5089 1576 5140 ὁ
1601 5086 1727 5151 νοῦς
1771 5087 1924 5157 δηλοῖ
1948 5087 2010 5140 τὸ

402 5176 698 5247 διάφορον.
755 5176 818 5229 Ἦ
857 5177 957 5246 μὲν
993 5176 1102 5247 γὰρ
1153 5177 1432 5248 σάρκωσις
1478 5179 1578 5250 τῆς
1623 5183 1826 5252 σαρκὸς
1859 5180 2014 5251 δηλοῖ

402 5269 510 5338 τὴν
554 5266 828 5336 ἀνάληψιν
856 5284 871 5298 ο
906 5268 940 5337 ἡ
965 5267 1023 5320 δέ
1055 5284 1119 5336 γε
1153 5267 1382 5337 ἓνωσις,
1414 5270 1512 5340 τὴν
1543 5271 1652 5324 τῶν
1697 5272 2007 5327 διεστώτων

403 5362 620 5428 συνάφε
629 5377 736 5413 ιαν.

459 5560 507 5593 ⁸⁸
537 5559 680 5615 Luc.
709 5575 862 5625 xxiv,
895 5557 994 5617 39.

479 5717 596 5788 (57)
624 5716 758 5789 Τήν.
789 5714 890 5770 Ed.
917 5715 1079 5770 Rom.
1109 5720 1165 5767 et
1183 5711 1333 5782 Lips.
1369 5725 1556 5781 praem.
1586 5709 1811 5780 ταύτην.

738 5811 1018 5868 ΡΑΊἭΟΙ..
1064 5809 1176 5868 Gn.
1226 5804 1544 5866 LXXXIII.

2115 4529 2356 4571 monem.

2185 4606 2393 4662 ERAN.
2422 4604 2513 4660 Sic
2550 4603 2880 4660 faciendum.

2189 4697 2403 4755 ORTH.
2439 4695 2706 4752 Diﬂ‘ertne
2734 4693 3038 4748 incamatio
3060 4693 3129 4748 ab
3153 4693 3356 4750 unione
3388 4694 3696 4752 secundum

2117 4794 2197 4849 rei
2230 4789 2529 4847 naturam?

2182 4900 2389 4956 ERAN.
2426 4898 2730 4953 Plurimum
2761 4895 2966 4950 diﬂ‘ert.

2183 4994 2393 5051 ORTH.
2422 4993 2647 5062 Explica
2669 4991 2845 5046 fusius
2886 4991 3028 5045 hanc
3057 4989 3446 5046 differentiam.

2184 5086 2393 5141 ERAN.
2446 5085 2565 5154 Ipsa
2628 5084 2913 5139 nominum
2979 5081 3340 5154 intelligentia
3395 5081 3692 5139 discrimen

2116 5178 2378 5234 ostendit.
2427 5175 2737 5232 lncarnatio
2785 5175 2930 5229 enim
2953 5175 3135 5229 carnis
3167 5174 3592 5245 assumptionem
3620 5172 3694 5227 si-

2115 5271 2364 5342 gniﬁcat;
2401 5271 2534 5325 unio
2578 5284 2732 5334 vero,
2769 5282 2956 5323 rerum
3005 5266 3404 5338 disjunctarum
3451 5267 3690 5336 conjun-

2113 5365 2350 5419 ctionem
2361 5404 2373 5414 .
