4090 6426
469 297 566 358 129

1459 294 1813 354 THEODOH
1827 295 1942 353 ΕΊΊ
1989 293 2326 354 EPlSClN’I
2367 298 2733 358 CYRENSIS

3640 299 3738 367 ΜΟ

528 408 737 464 ORTl-l.
776 394 1157 477 Antiquiorem
1195 419 1326 462 vero
1366 408 1571 462 unione
1602 407 2023 460 inearnationen

2215 408 2366 458 0P8.
2401 409 2789 481 Πρεσόυτέραν
2815 409 2869 462 δὲ
2903 408 2998 480 τὴν
3035 409 3312 479 σάρκωσιν
3343 411 3442 480 τῆς
3483 411 3735 477 ὲνὼσειυς

459 501 641 555 dicis?

528 592 732 646 ERAN.
771 591 1012 646 Minime.

531 685 684 752 101
736 683 945 737 ORTH.
997 681 1103 740 Sed
1152 680 1206 735 in
1263 683 1624 750 conceptione
1675 681 1872 735 factam
1923 697 2042 734 esse

459 777 717 828 unionem
745 775 768 827 ?
887 758 899 776 ’

529 867 733 921 ERAN.
770 865 862 920 Sic
883 865 1158 919 existim.

526 957 734 1011 ORTH.
763 958 818 1012 Si
848 974 982 1028 ergo
1008 975 1074 1012 ne
1103 967 1366 1027 punctum
1400 957 1621 1026 quidem
1659 957 1920 1026 temporis
1958 959 2041 1010 in-

459 1050 747 1118 terjectum
793 1049 896 1103 fuit
951 1050 1094 1102 inter
1134 1051 1563 1118 assumptionem
1590 1050 1771 1103 carnis
1796 1059 1850 1102 et
1879 1049 2041 1102 unio-

456 1155 605 1203 nem,
632 1149 688 1194 et
717 1150 995 1210 assumpta
1025 1151 1219 1194 natura
1249 1159 1354 1194 non
1384 1141 1487 1194 fuit
1529 1153 1652 1194 ante
1705 1141 2041 1209 assumptio-

456 1247 583 1287 nem
633 1242 689 1285 et
743 1233 1003 1286 unionem
1044 1233 1314 1302 (eamdem
1368 1234 1515 1286 enim
1561 1248 1675 1286 rem
1729 1232 2041 1301 significant

457 1323 762 1376 incarnatio
791 1332 845 1377 et
874 1324 1049 1393 unio),
1078 1341 1184 1377 una
1213 1326 1377 1394 igitur
1403 1333 1596 1377 natura
1620 1334 1744 1377 ante
1781 1323 2039 1376 unionem

455 1430 552 1469 seu
602 1416 1036 1471 incarnationem
1086 1416 1208 1480 fuit,
1266 1424 1388 1485 post
1440 1415 1698 1469 unionem
1744 1428 1874 1467 vero
1903 1413 2041 1466 duas

453 1506 637 1563 dicere
661 1509 940 1573 convenit,
968 1518 1338 1563 assumentem
1374 1518 1428 1562 et
1462 1515 1819 1576 assumptam.

522 1688 727 1742 ERAN.
784 1688 862 1741 Ex
906 1688 1122 1742 duabus
1161 1688 1373 1741 naturis
1403 1685 1528 1739 dico
1559 1683 1865 1748 Christum,
1901 1684 2038 1740 duas

451 1793 582 1832 vero
607 1785 836 1830 naturas
857 1793 966 1830 non
1001 1778 1146 1830 dico.

517 1868 724 1921 ORTll.
747 1869 968 1921 Declara
991 1869 1173 1932 nobis,
1193 1871 1468 1938 quomodo
1485 1888 1550 1925 ex
1586 1873 1801 1928 duabus
1831 1875 2040 1928 naturis

447 1960 618 2025 dicas,
643 1976 712 2013 an
749 1969 809 2014 ut
832 1969 1120 2030 argentum
1150 1976 1285 2015 auro
1310 1962 1531 2029 illitum,
1566 1973 1625 2018 ut
1671 1967 1856 2020 electri
1890 1982 2040 2020 com-

446 2050 800 2120 positionem,
843 2057 903 2103 ut
931 2050 1131 2104 collam
1177 2067 1244 2105 ex
1299 2053 1524 2122 plumbo
1571 2062 1626 2107 et
1664 2062 1861 2108 stanuo
1902 2071 2038 2108 con-

447 2142 629 2196 flatam
650 2142 673 2193 ?

516 2232 724 2288 ERAN.
751 2232 898 2286 Nulli
935 2233 1130 2314 horum
1157 2233 1390 2288 similem
1417 2252 1538 2292 esse
1560 2239 1682 2293 dico
1708 2240 1847 2293 hanc
1871 2239 2033 2293 unio-

445 2338 592 2378 nem.
643 2322 825 2377 Verbo
874 2324 1020 2377 enim
1047 2325 1310 2394 explicari
1339 2343 1447 2381 non
1485 2337 1683 2397 potest,
1720 2342 1773 2385 et
1813 2347 2030 2386 onmem

445 2423 670 2485 superat
702 2415 1141 2484 intelligentiam.

515 2503 727 2558 ORTH.
766 2503 961 2557 Fateor
995 2515 1052 2558 et
1105 2520 1206 2573 ego
1236 2507 1628 2574 comprehendi
1666 2512 1679 2527 '
1715 2525 1823 2562 non
1870 2526 2030 2579 posse

447 2593 668 2647 unionis
697 2594 942 2646 modum.
971 2594 1128 2660 Quod
1165 2604 1350 2649 autem
1384 2606 1614 2666 utraque
1644 2609 1837 2653 natura
1860 2601 2028 2654 etiam

444 2693 569 2756 post
597 2685 858 2740 unionem
892 2685 1106 2756 integra
1133 2689 1418 2752 manserit,
1446 2705 1510 2742 ex
1534 2690 1717 2744 divina
1741 2691 2026 2762 Scriptura

443 2775 630 2830 didici.

511 2867 718 2921 ERAN.
753 2865 990 2920 Ubinam
1023 2865 1130 2920 hoc
1159 2865 1348 2920 docuit
1385 2869 1570 2924 divina
1613 2870 1935 2942 Scriptura?

510 2955 721 3014 ORTH.
762 2954 1307 3014 Totahaedoctrina
1346 2959 1502 3029 plena
1525 2970 1629 3015 cst.

507 3128 715 3183 ERAN.
745 3127 894 3183 Aﬂ‘er
919 3144 1110 3184 eorum
1135 3147 1255 3201 quae
1283 3135 1423 3191 dicis
1450 3139 1825 3205 probationes.

507 3216 720 3272 ORTH.
762 3217 970 3288 Nempe
1008 3229 1066 3274 tu
1104 3231 1314 3279 natura:
1344 3227 1633 3298 utriusque
1659 3233 1879 3301 propria
1913 3251 2023 3291 non

437 3307 670 3364 fateris?

507 3398 715 3452 ERAN.
746 3399 874 3453 Post
899 3401 1158 3457 unionem
1186 3403 1632 3478 haudquaquam.

505 3489 718 3544 ORTH.
756 3491 872 3546 Hoc
902 3492 1070 3563 igitur
1101 3495 1281 3563 ipsum
1305 3514 1370 3552 ex
1401 3515 1556 3555 sacra
1603 3503 1888 3575 Scriptura
1934 3509 2022 3563 di-

433 3596 671 3637 scamus.

509 3674 666 3742 102
694 3674 899 3728 ERAN.
923 3676 1034 3746 Ego
1057 3678 1257 3734 divina:
1285 3682 1454 3736 credo
1485 3683 1804 3756 Scriptum.

503 3763 713 3819 ORTH.
761 3766 898 3820 Cum
957 3769 1125 3839 igitur
1169 3771 1417 3826 divinum
1475 3775 1735 3834 loannem
1775 3785 2019 3842 audieris

433 3857 760 3912 clamantem
794 3877 807 3914 :
871 3881 888 3911 ‹
921 3861 979 3916 In
1015 3864 1291 3934 principio
1317 3878 1436 3922 erat
1460 3868 1725 3940 Verbum,
1781 3887 1837 3932 et
1885 3881 2018 3935 Ver-

431 3948 563 4001 bum
596 3958 716 4003 erat
751 3953 895 4020 apud
932 3954 1126 4019 Deum,
1159 3964 1214 4009 et
1256 3958 1402 4013 Deus
1433 3973 1554 4018 erat
1595 3966 1835 4024 Verbum
1874 3975 1956 4036 ¹⁶;
1991 3994 2008 4025 ι

428 4048 488 4094 et
527 4057 542 4094 :
591 4060 609 4092 ι
641 4040 836 4097 Omnia
880 4061 979 4114 per
1026 4046 1206 4114 ipsum
1256 4050 1397 4106 facta
1437 4067 1565 4110 sunt
1626 4061 1690 4124 ¹⁷,
1729 4081 1746 4112 ι
1800 4075 1856 4118 et
1903 4067 2011 4122 alia

429 4131 766 4223 hujusmodi,
803 4151 1100 4191 carnemne
1132 4139 1271 4196 dicis
1300 4143 1356 4197 in
1381 4147 1652 4220 principio
1670 4155 1814 4223 apud
1841 4158 2009 4215 Deum

425 4221 617 4290 fuisse,
640 4234 695 4279 et
745 4238 942 4281 natura
972 4229 1143 4285 Deum
1174 4249 1316 4302 esse,
1345 4247 1402 4293 et
1444 4244 1627 4297 omnia
1680 4221 1895 4316 fecisse,
1940 4269 2006 4308 an

424 4313 596 4370 Deum
640 4316 882 4374 Verbum
917 4327 1043 4376 ante
1072 4325 1268 4380 saecula
1297 4343 1362 4382 ex
1389 4329 1547 4387 Patre
1581 4339 1826 4403 genitum
1852 4343 1875 4393 ἶ)

495 4493 701 4548 ERAN.
737 4494 863 4549 Haec
893 4497 1113 4566 quidem
1158 4478 1272 4556 Deo
1297 4505 1480 4560 Verbo
1510 4524 1815 4579 congruere
1839 4516 1964 4570 dico
1993 4540 2004 4571 :

425 4585 603 4654 ipsum
635 4594 817 4639 autem
844 4588 912 4641 ab
934 4592 1086 4645 unita
1124 4607 1290 4648 carne
1323 4611 1434 4648 non
1466 4611 1685 4666 separo.

491 4674 700 4731 ORTH.
727 4677 838 4733 Nec
860 4696 1082 4737 carnem
1103 4701 1133 4738 a
1162 4687 1274 4739 Deo
1307 4687 1490 4741 Verbo
1523 4704 1864 4760 separamus,
1899 4713 2003 4754 nec

422 4766 799 4822 confusionem
822 4770 1052 4826 facimus
1071 4774 1352 4828 unionem.

491 4856 697 4912 ERAN.
735 4860 848 4930 Ego
877 4879 1040 4917 unam
1072 4866 1199 4919 novi
1240 4875 1493 4921 naturam
1549 4881 1672 4938 post
1713 4875 1994 4934 unionem.

491 4946 699 5004 ORTII.
718 4950 1078 5020 Evangelistae
1097 4954 1318 5021 quando
1330 4955 1622 5027 Evangelia
1634 4963 2002 5034 scripserunt?

420 5047 547 5092 ante
585 5041 866 5104 unionem,
891 5057 961 5094 an
985 5043 1147 5110 longo
1174 5050 1417 5112 tempore
1438 5059 1561 5116 post
1592 5053 1848 5110 unionem
1873 5060 1895 5111 ?

484 5217 696 5272 ERAN.
733 5215 1082 5271 Manifestum
1128 5229 1213 5275 est
1242 5222 1387 5288 quod
1436 5236 1560 5294 post
1613 5232 1894 5302 unionem,
1943 5251 2002 5296 et

418 5318 540 5378 post
569 5309 933 5373 nativitatem,
972 5318 1027 5362 et
1057 5310 1338 5377 miracula,
1377 5327 1432 5371 et
1459 5321 1794 5393 passionem,
1829 5340 1884 5386 et
1909 5349 1996 5390 re-

417 5400 836 5466 surrectionem,
857 5402 1301 5460 etascensionem
1329 5407 1382 5462 in
1410 5414 1596 5480 malos,
1615 5426 1670 5473 et
1696 5421 1990 5483 adventum

419 5491 651 5560 Spiritus
691 5493 886 5546 sancti.

478 5679 519 5709 ¹⁰
552 5679 710 5732 Joan.
749 5681 858 5745 1,1.
939 5681 980 5711 ³⁷
1012 5681 1150 5736 ibid.
1185 5687 1234 5739 5.

2148 499 2324 548 >ἔντο⁶
2345 514 2358 527 ⁸

2166 535 2320 564 υνδε-ξ
2345 540 2358 562 ν

2216 589 2420 644 ΕΡΛΝ.
2458 591 2530 643 oo
2561 591 2718 660 δῆτα.

2215 678 2368 734 ΟΡΘ.
2445 678 2585 731 Ἀλλ’
2652 681 2710 730 ὲν
2760 682 2823 750 τῇ
2888 679 3146 751 συλλήψει
3224 681 3556 752 γεγενῆσθαι
3635 684 3736 754 τὴν

2143 770 2375 834 ’ἐνωσινζ

2215 864 2418 917 ΕΡΑΝ.
2464 863 2621 916 Οῦτω
2661 881 2732 932 φη
2745 863 2822 934 μί.

2213 955 2361 1005 ΟΡθ.
2398 953 2608 1006 Οὐκοῦν
2635 957 2682 1006 εἰ
2721 956 2855 1025 μηδὲ
2884 955 2944 1008 τὸ
2974 957 3266 1027 ἀκαριαῖον
3295 957 3388 1010 τοῦ
3418 959 3611 1030 χρόνον
3635 954 3739 1024 τῆς

2142 1046 2357 1115 λήψεως
2428 1048 2526 1117 τῆς
2581 1048 2783 1118 σαρκὸς
2831 1049 2926 1102 καὶ
2978 1049 3077 1119 τῆς
3117 1051 3363 1114 ἐνώσεως
3441 1052 3735 1123 γεγένηται

2145 1140 2325 1209 μέσον,
2357 1143 2388 1208 ἡ
2427 1140 2480 1192 ἑὲ
2529 1139 2795 1209 ληφθεῖσα
2826 1142 2987 1209 φύσις
3027 1145 3088 1196 οὐ
3137 1145 3460 1216 προϋπῆρχε
3506 1145 3603 1216 τῆς
3631 1145 3730 1218 λή-

2139 1230 2285 1297 ψεως
2333 1231 2423 1282 καὶ
2466 1229 2711 1292 ἑνώσεως
2734 1247 2746 1260 ·
2778 1233 2942 1284 ταύτὸ
2977 1231 3076 1301 μὲν
3109 1235 3342 1303 πρᾶγμα
3397 1235 3730 1304 σημαίνουσι

2143 1322 2419 1392 σάρκωσὶς
2450 1338 2507 1372 τε
2545 1321 2635 1373 καὶ
2670 1321 2891 1384 ἕνωσις·
2933 1322 3030 1391 μία
3065 1323 3120 1375 δὲ
3157 1323 3265 1394 ἄρα
3300 1324 3460 1392 φύσις
3488 1324 3593 1396 πρὸ
3628 1327 3729 1395 τῆς

2142 1413 2388 1474 ὲνώσεως
2416 1413 2584 1480 ἦγουν
2618 1411 2950 1482 σαρκώσεως
2990 1410 3080 1483 ἦν,
3114 1417 3253 1485 μετὰ
3281 1416 3338 1470 δέ
3363 1435 3428 1484 γε
3452 1419 3552 1490 τὴν
3591 1417 3729 1471 ἕνω-

2144 1523 2246 1564 σιν,
2279 1504 2371 1556 δύο
2401 1503 2580 1570 λέγειν
2621 1505 2919 1574 προσήκει,
2953 1508 3052 1576 τήν
3082 1525 3138 1561 τε
3173 1507 3462 1575 λαϐοῦσαν,
3497 1511 3590 1563 καὶ
3623 1511 3724 1580 τὴν

2140 1593 2460 1663 ληφθεῖσαν.

2215 1684 2414 1738 ΕΡΛΝ.
2459 1687 2551 1739 Ἐκ
2584 1687 2678 1740 δύο
2707 1686 2924 1756 φύσεων
2955 1687 3100 1756 λέγω
3131 1689 3222 1742 τὸν
3254 1690 3508 1759 Χριστὸν,
3544 1691 3637 1746 δύο
3668 1693 3726 1746 δὲ

2145 1772 2334 1840 φύσεις
2366 1775 2428 1826 οὐ
2458 1776 2620 1844 λέγω.

2212 1863 2362 1918 ΟΡΘ.
2421 1863 2792 1935 Ἰηῗρμήνευσον
2821 1869 2982 1936 ἡμῖν,
3019 1869 3135 1931 πῶς
3182 1871 3242 1921 τὸ
3277 1872 3339 1922 ἐκ
3373 1869 3466 1923 δύο
3510 1872 3728 1938 φύσεων

2141 1955 2339 2022 λέγεις,
2389 1957 2464 2018 ὡς
2495 1957 2586 2009 τὸν
2623 1958 3005 2026 χρυσόπαστον
3042 1962 3306 2030 ἄργυρον,
3372 1963 3448 2024 ὡς
3485 1964 3585 2032 τὴν
3631 1965 3726 2016 τοῦ

2139 2048 2410 2118 ἠλέκτρου
2440 2051 2816 2119 κατασκευὴν,
2858 2051 2933 2114 ὡς
2974 2053 3070 2122 τὴν
3108 2053 3306 2122 κόλλην
3351 2054 3448 2126 τὴν
3480 2057 3543 2108 ὲκ
3577 2054 3726 2124 μολί-

2140 2139 2262 2192 ϐδου
2294 2140 2390 2192 καὶ
2411 2139 2740 2210 κασσιτέρου
2777 2143 3224 2212 κεραννυμένηνς

2210 2230 2410 2284 ΕΡΑΝ.
2448 2231 2636 2284 Οὐδενὶ
2685 2231 2890 2285 τούτων
2923 2235 3160 2288 ἐοικέναι
3205 2235 3363 2305 τήνδε
3397 2237 3495 2305 τὴν
3525 2237 3723 2290 ἕνωσιν

2136 2319 2309 2385 λέγω’
2352 2321 2590 2390 ἄρρητός
2641 2339 2698 2374 τε
2747 2322 2857 2390 γάρ
2903 2324 3060 2389 ἐστι,
3120 2327 3214 2378 καὶ
3263 2325 3574 2396 ἄφραστος,
3624 2327 3724 2381 καὶ

2136 2409 2313 2460 πάντα
2343 2407 2469 2460 νοῦν
2502 2409 2932 2479 ὑπερὸαίνουσα.

2203 2497 2352 2550 ΟΡΘ.
2403 2499 2682 2566 Ὁμολογῶ
2717 2499 2874 2568 κάγὼ
2929 2501 3003 2570 μὴ
3047 2502 3270 2569 ἐφικτὸν
3303 2500 3440 2558 εἶναι
3485 2507 3574 2558 τὸν
3621 2509 3720 2577 τῆς

2130 2591 2378 2653 ἐνώσεως
2417 2591 2596 2658 λόγον.
2634 2591 2756 2644 ’Ότι
2789 2591 2846 2644 δέ
2879 2609 2944 2660 γε
2978 2595 3139 2660 φύσις
3170 2597 3410 2667 ἑκατέρα
3451 2599 3544 2650 καὶ
3577 2598 3718 2668 μετά

2129 2681 2226 2746 τὴν
2276 2682 2470 2734 ἕνωσιν
2505 2682 2818 2753 μεμένηκεν
2856 2685 3201 2756 ἀκραιφνὴς,
3247 2691 3398 2760 παρὰ
3439 2691 3535 2760 τῆς
3567 2690 3714 2752 θείας

2127 2771 2412 2841 ἐδιδάχθην
2448 2773 2695 2844 Γραφῆς.

2199 2864 2403 2916 EPAN.
2435 2865 2544 2918 Kal.
2580 2865 2683 2918 ποῦ
2714 2867 2872 2920 τοῦτο
2898 2869 3194 2941 ἐδίδαξενη
3224 2872 3344 2926 θεία
3379 2875 3603 2946 Γραφής

2198 2955 2349 3009 ΟΡΘ.
2407 2957 2566 3009 Πᾶσα
2603 2957 2809 3029 ταύτης
2853 2961 2971 3015 ἐστὶ
3019 2962 3122 3033 τῆς
3177 2964 3528 3031 διδασκαλίας
3580 2968 3716 3024 ἀνά-

2051 3085 2094 3143 C
2129 3043 2327 3110 πλεως.

2202 3137 2404 3191 ΕΡΛΝ.
2435 3138 2534 3201 Δὸς
2561 3133 2636 3193 ὧν
2658 3138 2836 3209 λέγεις
2861 3144 2960 3209 τὰς
2990 3146 3318 3213 ἀποδείξεις.

2201 3226 2353 3280 ΟΡΘ.
2394 3227 2465 3280 Σὺ
2497 3227 2606 3299 γὰρ
2634 3231 2731 3300 οὐχ
2771 3233 3057 3302 ὁμολογεῖς
3097 3236 3314 3304 φύσεως
3349 3239 3615 3312 ἑκατέρας
3642 3242 3718 3298 τὰ

2131 3316 2234 3370 ἴδια
2257 3335 2270 3382 ;

2201 3411 2405 3464 ΕΡΑΝ.
2445 3413 2600 3467 Μετὰ
2621 3415 2719 3486 τὴν
2749 3417 2943 3472 ἕνωσιν
2973 3421 3250 3492 οὐδαμῶς.

2199 3502 2352 3555 ΟΡΘ.
2393 3504 2564 3557 Τοῦτο
2596 3508 2774 3561 τοίνυν
2798 3511 2935 3563 αὐτὸ
2974 3515 3125 3584 παρὰ
3152 3517 3251 3585 τῆς
3276 3516 3424 3580 Θείας
3455 3517 3714 3590 διδαχθῶ-

2133 3609 2232 3660 μεν
2264 3595 2303 3646 Γ
2311 3596 2508 3665 ραφῆς.

2200 3685 2403 3739 ΕΡΛΝ.
2460 3687 2599 3756 Ἐγὼ
2625 3689 2883 3760 πείθομαι
2913 3697 2978 3764 τῇ
3000 3694 3118 3767 θεία
3142 3699 3350 3770 Γραφῇ.

2196 3778 2349 3831 ΟΡΘ.
2383 3779 2554 3834 Ὅταν
2599 3783 2777 3836 τοίνυν
2809 3785 3054 3857 ἀκούσῃς
3091 3789 3336 3844 Ἰωάννου
3377 3792 3471 3845 τοῦ
3509 3795 3707 3848 θεσπε-

2128 3869 2242 3954 σίου
2276 3869 2540 3938 βοῶντοςο
2585 3892 2601 3923 ι
2657 3875 2743 3927 Ἐν
2773 3875 2915 3947 ἀρχῇ
2945 3872 3013 3947 ἦν
3045 3881 3074 3932 ὁ
3109 3881 3300 3949 Λόγος,
3346 3885 3440 3936 καὶ
3480 3885 3508 3936 ὁ
3532 3886 3707 3954 Λόγος

2121 3953 2190 4029 ἦν
2224 3959 2363 4029 πρὸς
2407 3960 2499 4014 τὸν
2553 3962 2685 4016 Θεὸν
2711 4004 2727 4028 ,
2758 3967 2854 4018 καὶ
2887 3967 3022 4032 Θεὸς
3050 3965 3119 4039 ἦν
3167 3973 3197 4024 ὁ
3240 3973 3411 4041 Λόγος
3436 3993 3450 4006 ο
3491 3996 3510 4027 ι
3558 3953 3654 4035 καί
3685 3991 3702 4008 ⁸

2127 4065 2146 4096 ι
2183 4047 2368 4101 Πάντα
2385 4048 2452 4101 δι’
2473 4051 2637 4104 αὑτοῦ
2655 4054 2894 4120 ἐγένετο,
2927 4075 2945 4108 ι
2974 4059 3068 4112 καὶ
3084 4061 3149 4114 τὰ
3171 4061 3304 4114 ἄλλα
3327 4065 3424 4116 ὅσα
3446 4067 3668 4120 τοιαῦτα
3687 4083 3702 4098 ⁶

2119 4137 2218 4208 τὴν
2251 4140 2430 4209 σάρκα
2472 4141 2653 4209 λέγεις
2675 4146 2736 4198 ὲν
2765 4147 2910 4218 ἀρχῇ
2943 4150 3081 4220 πρὸς
3109 4153 3202 4204 τὸν
3232 4155 3366 4208 Θεὸν
3396 4153 3557 4222 εἶναι,
3609 4161 3704 4212 καὶ

2119 4230 2279 4298 φύσει
2330 4232 2463 4287 Θεὸν
2508 4230 2688 4301 εἶναι,
2735 4239 2828 4292 καὶ
2871 4241 3052 4295 πάντα
3101 4247 3560 4321 πεποιηκέναι,ἢ
3610 4251 3704 4303 τὸν

2115 4321 2250 4374 Θεὸν
2288 4324 2462 4393 Λόγον
2489 4327 2581 4381 τὸν
2607 4329 2713 4398 πρὸ
2742 4331 2851 4385 τῶν
2885 4335 3097 4389 αἰώνων
3137 4339 3201 4391 ἐκ
3240 4340 3332 4394 τοῦ
3364 4343 3576 4414 Πατρὸς
3605 4360 3700 4412 γε-

2037 4443 2083 4497 D
2115 4429 2278 4481 γεννη
2287 4416 2447 4484 μένον
2467 4435 2482 4482 ;

2185 4507 2390 4560 ΕΡΛΝ.
2422 4509 2513 4577 Τῷ
2543 4510 2640 4578 μὲν
2657 4511 2776 4584 Θεῷ
2803 4515 2962 4587 Λόγῳ
2988 4518 3160 4573 ταῦτα
3189 4526 3488 4592 προσήκειν
3515 4528 3656 4597 φημί
3679 4545 3694 4559 °

2107 4597 2169 4648 οὐ
2203 4598 2426 4668 χωρίζω
2453 4601 2508 4653 δὲ
2540 4603 2704 4656 αὐτὸν
2736 4607 2834 4677 τῆς
2861 4613 3155 4682 ήνωμένης
3183 4617 3408 4684 σαρκός.

2179 4691 2330 4781 ΟΡΘ.
2366 4692 2503 4746 υῦτε
2538 4698 2844 4769 χωρίζομεν
2869 4704 2960 4756 τοῦ
2991 4707 3138 4758 Θεοῦ
3166 4709 3342 4774 Λόγου
3365 4709 3462 4779 τὴν
3489 4711 3690 4781 σάρκα,

2103 4778 2226 4829 οὒτε
2261 4779 2522 4849 σύγχυσιν
2556 4788 2821 4857 ποιοῦμεν
2851 4792 2950 4863 τὴν
2971 4794 3187 4846 ἕνωσιν.

2173 4872 2376 4925 ΕΡΛΝ.
2420 4875 2559 4942 Ἐγὼ
2591 4877 2720 4946 μίαν
2747 4878 2865 4934 οἶδα
2903 4887 3044 4953 μετὰ
3069 4889 3168 4957 τὴν
3205 4889 3400 4941 ἕνωσιν
3435 4890 3614 4958 φύσιν.

2171 4963 2324 5016 ΟΡΘ.
2357 4965 2419 5017 ΟΞ
2455 4968 2846 5037 εύαγγελισταὶ
2880 4976 2948 5027 τὰ
2979 4978 3286 5046 Εὑαγγέλια
3333 4983 3539 5050 πηνίκα
3565 4998 3692 5034 συν-

2097 5055 2382 5123 ἐγραψανς
2433 5059 2540 5129 πρὸ
2587 5063 2687 5132 τῆς
2721 5066 2971 5131 ὲνώσεως
2995 5107 3011 5132 ,
3045 5071 3076 5140 ἢ
3115 5072 3255 5140 μετὰ
3298 5073 3552 5125 πλεῖστον
3585 5075 3684 5144 τῆς

2097 5147 2349 5212 ὲνώσεως
2381 5154 2573 5221 χρόνον
2590 5172 2604 5221 ;

2169 5240 2376 5296 ΕΡΛΝ.
2409 5242 2580 5312 Δῆλον
2614 5247 2695 5300 ὅτι
2740 5251 2882 5320 μετὰ
2910 5253 3009 5324 τὴν
3049 5257 3269 5321 ἕνωσιν,
3303 5259 3397 5310 καὶ
3425 5259 3522 5329 τὴν
3559 5259 3687 5327 γέν-

2102 5349 2277 5401 νησιν,
2317 5334 2410 5385 καὶ
2433 5335 2500 5387 τὰ
2527 5336 2804 5408 θαύματα,
2830 5345 2924 5396 καὶ
2953 5346 3012 5398 τὸ
3058 5347 3229 5410 πάθος
3255 5391 3267 5412 ,
3294 5351 3386 5402 καὶ
3420 5350 3520 5418 τὴν
3549 5351 3684 5403 ἀνα-

2105 5443 2315 5491 στασιν,
2347 5425 2441 5478 καὶ
2480 5427 2578 5498 τὴν
2609 5433 2688 5494 εὶς
2714 5435 2980 5506 οὐρανοὺς
3017 5441 3307 5512 ἀνάληψιν,
3339 5443 3432 5495 καὶ
3461 5441 3560 5511 τὴν
3588 5441 3682 5496 τοῦ

2103 5517 2260 5585 ἁγίου
2290 5516 2607 5585 Πνεύματος
2639 5523 3002 5598 ὲπιφοίτησιν.
