4090 6446
375 295 475 362 M3

1373 293 1860 356 THEODORETI
1902 289 2243 351 EPISCOPI
2282 290 2646 350 CYRENSIS

3535 289 3639 355 H4

370 417 621 464 nostrum
641 407 920 463 Christum
940 411 1074 478 quot
1105 403 1488 476 generationes
1509 412 1763 456 numerat
1788 416 1944 455 evan-

2060 397 2220 468 ἡμῶν
2243 397 2502 468 Χριστοῦ,
2540 399 2710 461 πόσας
2734 399 2760 451 ὁ
2790 399 2901 470 (59)
2933 397 3331 469 εὖαγγελιστὴς
3360 400 3636 466 Ματοαίος

371 503 560 571 gelista
586 500 913 555 Matthaeus?

412 583 647 649 'ERAN.
690 593 1058 662 Quadraginta
1090 591 1246 646 duas.

439 683 649 739 ORTH.
671 684 726 739 Si
755 684 920 753 igitur
943 698 1050 737 una
1065 690 1266 736 natura
1293 689 1376 734 est
1395 678 1648 734 Christus
1666 676 1950 739 Dominus,

371 778 464 846 qui
489 778 604 830 lieri
650 783 850 845 potest,
885 784 946 830 ut
976 774 1122 829 idem
1162 773 1463 827 visibilium
1497 780 1659 839 atque
1700 768 1952 822 invisibi-

372 870 505 921 lium
531 868 775 920 omnium
803 867 874 921 sit
897 865 1172 929 conditor,
1207 874 1263 918 et
1291 872 1415 933 post
1451 871 1531 916 tot
1571 859 1954 931 generationes

370 975 400 1012 a
430 959 638 1028 Spiritu
682 965 873 1011 sancto
911 957 1178 1010 formatus
1226 955 1296 1008 sit
1350 954 1404 1007 in
1461 961 1623 1006 utero
1675 948 1954 1019 virgineo?

369 1049 644 1118 quomodo
673 1065 825 1113 vero,
856 1057 917 1102 ut
944 1058 999 1102 et
1033 1047 1224 1101 Adami
1271 1055 1484 1100 creator
1530 1043 1620 1108 sit,
1661 1051 1716 1096 et
1759 1055 1952 1094 eorum

369 1141 461 1209 qui
493 1141 560 1195 ab
589 1140 798 1194 Adamo
831 1139 1082 1210 prognati
1113 1145 1262 1202 sunt,
1284 1136 1466 1190 ﬁlius?

439 1233 647 1286 ERAN.
680 1233 797 1286 Jam
825 1240 952 1285 ante
979 1231 1114 1295 dixi,
1155 1231 1270 1284 haec
1292 1237 1348 1282 et
1378 1228 1467 1280 illa
1492 1226 1542 1279 ci
1574 1222 1868 1278 convenire
1893 1229 1951 1274 ut

367 1323 480 1375 Deo
507 1322 809 1375 incarnato.
847 1320 1022 1375 Unam
1070 1320 1217 1374 enim
1244 1331 1480 1387 agnosco
1505 1314 1669 1369 Verbi
1696 1321 1949 1365 naturam

369 1415 728 1467 incarnatam.

431 1502 646 1557 ORTH.
678 1504 868 1572 Neque
903 1517 1025 1566 nos,
1051 1501 1137 1556 vir
1167 1501 1329 1562 bone,
1358 1498 1494 1562 duas
1523 1495 1620 1549 Dei
1659 1494 1825 1548 Verbi
1849 1507 1947 1544 na-

367 1601 521 1646 turas
552 1592 862 1645 incarnatas
893 1590 1146 1643 dicimus.
1187 1587 1401 1642 Scimus
1433 1584 1579 1639 enim
1630 1597 1791 1636 unam
1827 1596 1948 1634 esse

343 1684 463 1736 "Dei
497 1683 660 1738 Verbi
696 1690 968 1736 naturam.
1000 1680 1104 1734 Sed
1143 1693 1386 1740 carnem,
1422 1691 1529 1745 qua
1569 1683 1729 1728 utens
1763 1673 1944 1726 incar-

2059 490 2284 560 ἀριθμεῖ
2315 491 2550 559 γενεάς;

2128 585 2328 638 EPAN.
2365 585 2434 636 Τε
2444 583 2905 653 σσαρακονταδύο.

2127 675 2277 728 ΟΡΘ.
2321 675 2383 726 Et
2431 673 2612 726 τοίνυν
2660 673 2758 744 μία
2798 673 2959 742 φύσις
3008 675 3036 726 ό
3063 673 3346 743 Δεσπότης
3379 675 3636 745 Χριστὸς,

2058 767 2174 830 πῶς
2201 764 2314 819 οἷόν
2353 784 2410 818 τε
2443 767 2605 820 αὑτὸν
2645 768 2738 819 καὶ
2765 767 2985 820 πάντων
3015 767 3229 838 ὁρατῶν
3262 768 3357 821 καὶ
3387 769 3636 838 ἀοράτων
3675 807 3680 852 ε

2055 857 2323 926 ὑπάρχειν
2371 857 2745 927 δημιουργὸν,
2794 858 2889 909 καὶ⁸
2945 857 3086 926 μετά
3125 859 3318 924 γενεὰς
3369 859 3638 923 τοσαύτας

2057 949 2159 1001 ὑπὸ
2182 947 2276 1000 τοῦ
2299 948 2570 1016 παναγίου
2604 948 2918 1018 Πνεύματος
2945 950 3353 1018 διαπλασθῆναι
3372 952 3429 1003 ὲν
3455 952 3639 1021 μήτρᾳ

2055 1040 2397 1110 παρθενικῇς
2433 1041 2550 1104 πῶς
2579 1041 2635 1094 δὲ
2666 1042 2761 1095 καὶ
2793 1041 2887 1094 τοῦ
2933 1043 3102 1113 ’Δδάμ
3127 1043 3379 1113 ποιητὴς,
3412 1043 3638 1096 καὶτῶν
3671 1022 3685 1113 ξ

2052 1129 2146 1181 τοῦ
2189 1129 2360 1198 Ἀδὰμ
2388 1129 2669 1196 ἀπογόνων
2703 1131 2816 1193 υἱός
2841 1146 2855 1195 ;

2125 1218 2326 1270 ΕΡΛΝ.
2365 1217 2474 1271 Καὶ
2499 1219 2598 1289 ἤδη
2639 1220 2904 1290 πρότερον
2930 1220 3066 1290 ἔφην
3091 1221 3166 1284 ὡς
3197 1223 3458 1292 ἁρμόττει
3489 1222 3638 1294 αὐτῷ

2053 1309 2146 1360 καὶ
2174 1309 2346 1362 ταῦτα
2379 1311 2608 1364 κάκεῖνα
2631 1311 2706 1374 ὡς
2736 1314 3144 1385 σεσαρκωμένῳ
3165 1315 3283 1384 Θεῴ
3308 1330 3320 1345 ·
3362 1317 3491 1385 μίαν
3528 1317 3638 1388 γὰρ

2052 1396 2164 1452 οἶδα
2196 1401 2288 1453 τοῦ
2320 1401 2495 1468 Λόγου
2529 1401 2690 1471 φύσιν
2716 1406 3169 1476 σεσαρκωμένην.

2125 1491 2276 1544 ΟΡΘ.
2295 1493 2431 1544 osse
2455 1509 2518 1560 γε
2547 1496 2733 1563 ἡμεῖς,
2767 1493 2812 1546 ὦ
2836 1496 3030 1564 ἀγαθὲ,
3055 1497 3149 1548 δύο
3177 1497 3369 1564 φύσεις
3392 1498 3485 1551 τοῦ
3503 1498 3637 1554 Θεοῦ

2049 1581 2222 1647 Λόγου
2258 1583 2644 1651 σεσαρκῶσΘαί
2681 1602 2868 1654 φαμεν
2895 1603 2909 1616 ·
2934 1586 3064 1656 μίαν
3097 1587 3207 1658 (40)
3236 1587 3346 1659 γὰρ
3367 1591 3524 1659 ἴσμεν
3541 1591 3636 1644 τοῦ

2050 1671 2185 1724 Θεοῦ
2209 1673 2385 1740 Λόγου
2411 1673 2509 1744 τὴν
2527 1674 2686 1743 φύσιν
2715 1690 2731 1706 ⁸
2757 1677 2892 1730 ἀλλὰ
2910 1678 3006 1750 τὴν
3025 1681 3221 1750 σάρκα,
3293 1683 3637 1753 χρησάμενος
3675 1731 3680 1737 .

365 1784 526 1828 natus
556 1782 658 1836 est,
685 1775 909 1826 alterius
937 1787 1056 1825 esse
1083 1779 1292 1823 naturae
1323 1768 1636 1822 didicimus.
1672 1766 1811 1819 Puto
1846 1779 1944 1816 au-

2051 1737 2361 1834 écapxtbiiq,
2390 1737 2584 1836 ἑτέρας
2615 1762 2754 1821 εἶναι
2790 1737 3005 1839 φύσεως
3465 1737 3636 1845 Drya;

367 1871 474 1916 lem
501 1869 551 1914 te
577 1862 720 1914 idem
749 1875 967 1930 quoque
993 1859 1266 1913 conﬁteri.
1292 1859 1388 1911 Dic
1417 1873 1570 1927 ergo,
1592 1855 1745 1925 105
1764 1863 1948 1908 utrum

341 1951 793 2006 incarnationem
822 1951 1124 2004 mutatione
1155 1950 1390 2019 quadam
1422 1949 1619 2003 factam
1637 1964 1758 2002 esse
1776 1947 1949 2001 dicis?

430 2043 637 2098 ERAN.
675 2043 896 2096 Modum
921 2059 1032 2096 non
1055 2043 1207 2106 novi,
1239 2041 1405 2096 credo
1445 2050 1626 2095 autem
1663 2041 1838 2108 ipsum
1863 2039 1947 2092 in-

362 2142 646 2188 carnatum
685 2149 825 2188 esse.

429 2224 644 2281 ORTH.
676 2223 928 2292 Improbe
956 2222 1323 2292 ignorantiam
1365 2221 1645 2292 praetexis,
1676 2229 1730 2273 et
1755 2219 1946 2273 Phari-

347 2329 599 2370 saeorum
652 2329 824 2367 more.
889 2313 1024 2366 Nam
1077 2313 1155 2366 illi
1205 2328 1445 2381 quoque,
1506 2310 1950 2380 interrogationis

365 2405 666 2460 Dominicaz
688 2405 799 2458 vim
828 2390 1245 2472 perspicientes,
1264 2412 1320 2457 et
1346 2402 1596 2456 convinci
1623 2411 1944 2462 metuentes,

365 2497 626 2550 dixerunt
660 2513 674 2548 :
709 2513 725 2544 ι
759 2494 1044 2548 Nescimus
1080 2495 1145 2546 ¹¹.
1201 2512 1217 2542 ι
1260 2493 1372 2562 Ego
1400 2508 1533 2546 veto
1583 2491 1786 2545 diserte
1817 2505 1947 2558 pro-

365 2587 581 2654 nuntio,
632 2586 873 2640 divinam
909 2584 1342 2639 incarnationem
1389 2599 1420 2636 a
1463 2581 1765 2660 mutatione
1812 2581 1947 2635 libe-

363 2696 479 2732 ram
505 2679 692 2733 I‘uisse.
749 2677 804 2730 Si
860 2676 1009 2730 enim
1054 2676 1387 2729 alteratione
1422 2674 1679 2744 quapiam
1719 2681 1777 2728 et
1824 2691 1947 2728 mu-

366 2768 568 2821 latione
632 2766 951 2820 incarnatus
1014 2771 1119 2828 est,
1186 2764 1340 2817 nullo
1427 2761 1590 2816 modo
1663 2761 1767 2833 ipsi
1825 2773 1950 2832 post

363 2859 722 2914 mutationem
744 2858 832 2912 vel
863 2872 952 2911 res
986 2857 1070 2910 vel
1103 2856 1328 2910 nomina
1355 2854 1542 2910 divina
1585 2855 1945 2910 conveniunt.

434 2951 640 3006 ERAN.
695 2950 847 3019 Stepe
883 2950 993 3018 jam
1033 2948 1271 3003 confessi
1298 2964 1508 3013 sumus,
1547 2948 1947 3002 immutabilem

359 3059 483 3098 esse
510 3044 682 3098 Deum
716 3042 981 3098 Verbum.

430 3134 641 3190 ORTH.
669 3135 846 3189 Carne
872 3135 1040 3205 igitur
1073 3143 1352 3205 assumpta
1375 3134 1692 3190 incarnatus
1724 3143 1826 3189 est.

432 3227 640 3280 ERAN.
671 3227 875 3282 Verum
902 3234 1008 3282 est.

431 3319 643 3375 ORTH.
670 3321 788 3374 Alia
813 3319 1036 3389 quidem
1062 3329 1147 3374 est
1193 3319 1474 3376 incarnata
1511 3321 1610 3376 Dei
1654 3319 1821 3376 Verbi
1851 3335 1948 3374 na-

363 3426 506 3477 tura,
535 3413 639 3467 alia
680 3411 851 3481 ipsius
906 3409 1110 3474 carnis,
1133 3425 1297 3479 quam
1337 3425 1624 3464 assumens
1649 3409 1747 3465 Dei
1778 3407 1943 3464 Verbi

343 3517 560 3564 matura
587 3507 868 3560 incarnata
894 3511 978 3557 est
1005 3510 1062 3557 et
1090 3503 1256 3558 homo
1282 3502 1446 3557 facta.

430 3596 640 3653 ERAN.
685 3595 809 3650 Haec
838 3594 911 3650 ita
939 3609 998 3648 se
1019 3594 1222 3649 habere
1250 3603 1486 3649 constat.

421 3691 640 3747 {)RTH.
680 3689 836 3744 Anne
857 3689 1023 3760 igitur
1054 3703 1356 3743 conversus
1374 3696 1460 3743 est
1485 3687 1542 3742 in
1577 3689 1844 3743 carnem?

419 3783 634 3839 ,ERAN.
658 3783 1033 3852 Nequaquam.

430 3871 640 3927 ORTH.
671 3870 724 3924 Si
744 3885 872 3940 ergo
892 3886 1003 3924 non
1020 3883 1339 3933 conversus,
1363 3869 1460 3923 sed
1479 3884 1644 3925 carne
1665 3879 1946 3941 assumpta

362 3965 682 4018 incarnatus
711 3971 816 4026 est,
844 3970 1158 4031 congruunt
1185 3968 1372 4016 autem
1396 3968 1452 4014 et
1475 3960 1591 4015 haec
1623 3970 1679 4016 et
1700 3962 1791 4016 illa
1829 3971 1946 4016 tan-

359 4071 522 4126 quam
547 4056 829 4108 incarnato
849 4055 982 4116 Deo,
1003 4061 1066 4106 ut
1102 4052 1267 4120 paulo
1285 4060 1414 4106 ante
1452 4053 1659 4120 dixisti,
1678 4069 1789 4109 non
1807 4070 1943 4109 con-

359 4149 492 4201 fusa:
515 4155 644 4202 sunt
666 4155 890 4209 naturae,
924 4144 1020 4198 sed
1052 4144 1277 4214 integrae
1307 4156 1646 4201 manserunt.
1673 4145 1765 4202 Sic
1793 4146 1942 4202 enim

359 4239 727 4307 intelligentes
789 4236 948 4290 facile
1005 4237 1463 4306 cvangelistarum
1527 4239 1941 4294 consonantiam

2049 1853 2105 1905 δέ
2141 1871 2202 1922 γε
2244 1856 2404 1908 τοῦτο
2439 1858 2536 1909 καὶ
2582 1858 2641 1910 σὲ
2683 1861 3089 1930 συνομολογεῖν.
3137 1865 3272 1918 Εἰπὲ
3303 1868 3504 1931 τοίνυν,
3536 1867 3634 1934 τὴν

2052 1943 2324 2012 σάρκωσιν
2360 1950 2499 1999 κατά
2532 1952 2738 2020 τροπήν
2769 1967 2892 2004 τινα
2923 1954 3252 2023 γεγενῆσθαι
3279 1956 3497 2024 λέγεις;

2119 2035 2321 2088 ΕΡΑΝ.
2361 2039 2476 2090 Οὐκ
2530 2035 2648 2091 οἶδα⁴
2685 2041 2775 2094 τὸν
2811 2043 3040 2113 τρόπον,
3086 2047 3326 2100 πιστεύω
3369 2049 3423 2102 δὲ
3469 2049 3632 2104 αὐτὸν

2053 2127 2427 2197 σαρκωΘῆναι.

2121 2218 2272 2269 ΟΡΘ.
2324 2220 2664 2294 Κακούργως
2710 2227 3021 2296 προύϐἁλου
3073 2230 3172 2300 τὴν
3226 2231 3481 2300 ἄγνοιαν,
3537 2235 3634 2288 καὶ

2050 2311 2161 2370 τοῖς
2196 2311 2513 2380 Φαρισαίοις
2538 2317 2956 2388 παραπλησίως.
2997 2323 3105 2374 Καὶ
3141 2323 3248 2394 γὰρ
3281 2327 3508 2391 ἐκεῖνοι,
3535 2328 3632 2396 τῆς

2050 2401 2385 2471 Δεσποτικῆς
2413 2407 2738 2476 ἐρωτήσεως
2757 2411 2818 2463 τὸ
2861 2414 3082 2483 ἰσχυρὸν
3115 2416 3474 2486 θεασάμενοι.
3516 2415 3634 2473 εἶτα

2049 2491 2139 2542 τὸν
2167 2492 2384 2563 ἔλεγχον
2415 2497 2783 2570 ὑπειδόμενοι,
2820 2504 2901 2570 τὶ,
2935 2525 2952 2556 ι
2993 2509 3106 2560 υύκ
3140 2510 3419 2580 οἷδαμεν,ι
3457 2507 3628 2568 εἷπον.

2065 2584 2204 2651 Ἐγὼ
2241 2587 2298 2638 δὲ
2333 2589 2440 2656 βοῶ
2469 2591 2794 2664 διαρρήδην,
2827 2596 2901 2660 ὡς
2932 2600 2961 2669 ή
3003 2598 3122 2652 θεία
3163 2603 3441 2672 σάρκωσις
3473 2606 3629 2658 ἐλευ-

2052 2674 2184 2745 οὲρα
2222 2681 2450 2748 τροπῆς.
2499 2681 2560 2732 El.
2608 2683 2716 2753 γὰρ
2757 2687 2877 2738 κατ’
2909 2686 3194 2742 ἀλλοίωσίν
3227 2707 3350 2743 τινα
3381 2692 3474 2744 καὶ
3505 2710 3633 2764 τρο-

2052 2766 2158 2836 πὴν
2205 2770 2522 2842 ὲσαρκὼθη,
2580 2775 2834 2845 οὐδαμῶς
2883 2777 3034 2848 αὐτῷ
3085 2780 3223 2850 μετά
3270 2783 3369 2848 τὴν
3418 2787 3633 2855 τροπὴν

2051 2859 2312 2928 ἁρμόττει
2348 2862 2418 2916 τὰ
2458 2864 2578 2918 θεῖα
2601 2865 2712 2919 τῶν
2735 2869 3017 2938 ὀνομάτων
3050 2889 3111 2924 τε
3142 2873 3237 2925 καὶ
3266 2877 3626 2946 πραγμάτων.

2053 2996 2055 2999 .
2126 2951 2335 3006 EPAN.
2384 2956 2832 3030 Ὠμολογήσαμεν
2865 2962 3131 3040 πολλάκις
3168 2967 3437 3036 ἄτρεπτον
3491 2965 3633 3025 εἶναι

1973 3081 2015 3138 C
2048 3041 2139 3094 τὸν
2168 3043 2301 3098 Θεὸν
2329 3047 2524 3114 Λόγον.

2121 3136 2274 3190 ΟΡΘ.
2309 3137 2612 3212 Τοιγαροῦν
2639 3143 2818 3215 σάρκα
2847 3145 3028 3201 λαϐὼν
3061 3149 3377 3223 ὲσαρκώοη.

2119 3228 2320 3284 EPAN.
2366 3231 2608 3302 Ἀληθές.

2119 3318 2272 3372 ΟΡΘ.
2314 3320 2482 3392 Ἀλλη
2535 3324 2699 3396 μὲνὴ
2756 3328 3104 3398 σαρκωθεῖσα
3134 3331 3230 3384 τοῦ
3276 3331 3414 3386 Θεοῦ
3450 3334 3630 3404 Λόγου

2049 3405 2232 3474 φύσις,
2265 3408 2398 3480 άλλη
2428 3411 2486 3464 δὲ
2512 3412 2544 3480 ἡ
2572 3412 2670 3482 τῆς
2710 3417 2935 3486 σαρκὸς,
2972 3418 3038 3489 ἢν
3083 3421 3432 3476 ἀναλαόοῦσα
3459 3427 3492 3495 ή
3528 3427 3623 3480 τοῦ

2051 3498 2192 3553 θείου
2221 3501 2398 3570 Λόγου
2429 3502 2590 3572 φύσις
2622 3509 2914 3580 ὲσαρκώθη
2938 3514 3032 3564 καὶ
3062 3513 3518 3587 ὲνηνθρώπησεν.

2125 3593 2329 3647 ΕΡΑΝ.
2368 3595 2752 3666 Ὢμολόγηται.

2123 3684 2274 3738 υΡΘ.
2309 3686 2520 3740 Οὐκοῦν
2554 3688 2765 3760 ἐτράπη
2801 3693 2881 3754 είς
2908 3693 3123 3764 σάρκα;

2120 3777 2325 3829 EPAN.
2365 3778 2656 3850 Οὐδαμῶς.

2120 3868 2272 3923 ΟΡΘ.
2317 3871 2380 3923 Ei
2421 3872 2604 3925 τοίνυν
2656 3873 2718 3926 οὐ
2753 3877 3023 3945 τραπεὶς,
3054 3879 3192 3934 ἀλλά
3223 3882 3400 3952 σάρκα
3448 3884 3630 3942 λαϐὼν

2047 3960 2336 4032 ὲσαρκώϐη
2356 3998 2372 4024 ,
2409 3963 2671 4033 ἁρμόττει
2701 3965 2760 4019 δὲ
2790 3968 2886 4020 καὶ
2924 3969 3099 4023 ταῦτα
3136 3973 3366 4028 κάκεῖνα
3391 3975 3466 4040 ὡς
3493 3994 3628 4050 σαρ-

2048 4053 2277 4106 κωθέντι
2300 4053 2420 4125 Θεῴ
2444 4071 2458 4085 ·
2489 4056 2648 4110 τοῦτο
2689 4057 2798 4130 γὰρ
2829 4054 2990 4125 εἶπας
3030 4065 3234 4134 ἀρτίως
3259 4083 3272 4098 ο
3304 4069 3364 4120 οὐ
3402 4071 3630 4142 συνεχύ-

2048 4143 2220 4212 θησαν
2272 4147 2326 4198 αί
2373 4146 2600 4215 φύσεις,
2643 4148 2758 4202 ἀλλ’
2805 4151 3032 4222 ἔμειναν
3082 4157 3427 4227 ἀκραιφνεῖς.
3472 4163 3629 4216 Οῦτω

2046 4236 2155 4309 γὰρ
2178 4235 2428 4302 νοοῦντες
2456 4240 2552 4292 καὶ
2583 4241 2680 4311 τὴν
2711 4243 3114 4312 εὐαγγελιστῶν
3148 4253 3466 4320 συμφωνίαν
3498 4255 3629 4323 ὀψό-

348 4344 668 4383 -cernemus.
713 4328 886 4383 Unius
922 4326 1068 4381 enim
1121 4325 1420 4399 Unigeniti,
1478 4327 1683 4384 Christi
1717 4330 1942 4400 inquam

2051 4330 2210 4400 μεθα.
2241 4330 2348 4384 Τοῦ
2381 4331 2491 4402 γάρ
2521 4334 2640 4397 ἐνὸς
2663 4337 3026 4404 Μονογενοῦς,
3059 4340 3152 4392 τοῦ
3194 4344 3466 4397 Δεσπότου
3494 4347 3628 4416 Χρι-

351 4421 593 4484 Domini,
631 4420 722 4473 ille
756 4424 767 4438 ‘
791 4418 1133 4473 divinitatem
1153 4420 1439 4484 describit,
1475 4421 1570 4475 hic
1587 4437 1721 4476 vero
1746 4422 1941 4476 huma-

2049 4421 2174 4474 στοῦ
2197 4422 2363 4490 λέγω,
2401 4425 2430 4476 ὁ
2464 4424 2564 4494 μὲν
2596 4427 2665 4478 τὰ
2705 4428 2826 4480 θεῖα
2864 4431 3149 4500 κηρύττει,
3181 4437 3209 4485 ὁ
3237 4434 3293 4486 δὲ
3325 4437 3390 4488 τὰ
3416 4437 3629 4507 ἀνθρὼ-

354 4513 602 4567 nitatem.
636 4513 728 4567 Sic
757 4519 938 4565 autem
970 4512 1272 4582 intelligere
1292 4512 1410 4580 ipse
1434 4527 1655 4580 quoque
1683 4511 1941 4566 Christus

2051 4531 2208 4571 πινα.
2247 4515 2408 4570 Οὕτω
2453 4517 2511 4569 δὲ
2551 4521 2694 4572 νοεῖν
2730 4522 2826 4575 καὶ
2876 4523 3041 4586 αὐτὸς
3088 4526 3116 4577 ὁ
3165 4527 3445 4597 Δεσπότης
3481 4530 3629 4600 ἡμᾶς

351 4603 619 4659 Dominus
638 4621 740 4658 nos
759 4604 968 4669 docuit,
988 4607 1080 4674 qui
1104 4603 1252 4658 nu'ne
1273 4604 1496 4673 quidem
1515 4603 1761 4672 seipsum
1784 4605 1944 4674 106

2049 4605 2284 4660 διδάσκει
2337 4607 2606 4678 Χριστὸς,
2662 4611 2757 4664 νῦν
2809 4613 2908 4683 μὲν
2966 4616 3157 4668 ἑαυτὸν
3203 4621 3627 4690 προσαγορεύων

353 4695 450 4750 Dei
476 4696 670 4750 Filium
703 4698 961 4767 appellat,
986 4713 1134 4751 nunc
1168 4696 1368 4750 Filium
1405 4693 1682 4748 hominis:
1716 4702 1772 4748 et
1809 4695 1944 4750 alias

2049 4695 2180 4748 Θεοῦ
2216 4697 2366 4760 Υἱὺν,
2397 4698 2493 4751 νῦν
2520 4699 2576 4753 δὲ
2609 4700 2734 4755 Υίόν
2762 4704 3050 4774 ἀνθρώπου
3071 4721 3082 4733 ⁸
3109 4706 3203 4759 καὶ
3229 4711 3359 4761 ποτὲ
3397 4712 3515 4779 μὲν,
3550 4711 3626 4776 ὡς

351 4787 534 4852 matri,
566 4795 825 4858 tanquam
871 4788 1146 4858 genitrici,
1183 4788 1451 4841 honorem
1477 4787 1768 4852 tribuit";
1808 4788 1944 4843 alias

350 4877 600 4930 eamdem
655 4886 917 4948 tanquam
953 4877 1221 4931 Dominus
1270 4876 1517 4944 increpat
1551 4877 1614 4930 ".
1672 4877 1740 4931 Et
1775 4879 1940 4933 modo

243 4994 248 4999 -
350 4968 617 5036 approbat
643 4971 981 5038 appellantes
1005 4969 1184 5036 ipsum
1224 4967 1395 5019 lilium
1417 4967 1640 5022 Davidis
1662 4970 1746 5034 ⁸³⁸,
1773 4971 1938 5024 modo

354 5059 670 5126 ignorantes
719 5061 901 5123 docet,
954 5077 1010 5113 se
1070 5075 1180 5112 non
1233 5059 1408 5111 solum
1457 5058 1628 5113 {ilium
1672 5077 1814 5126 esse,
1843 5063 1938 5117 sed

349 5151 514 5204 etiam
537 5151 822 5206 dominum
857 5150 1080 5204 Davidis
1107 5150 1169 5201 ".
1195 5149 1264 5201 Et
1282 5149 1558 5204 interdum
1585 5152 1856 5209 Nazareth
1883 5164 1940 5209 et

349 5240 692 5312 Capernaum
745 5244 978 5314 patriam
1014 5251 1211 5296 vocat:
1245 5257 1438 5297 rursus
1467 5253 1650 5300 autem
1689 5247 1889 5302 clamat
1921 5267 1934 5302 :

358 5351 375 5383 ι
405 5335 714 5406 Antequam
773 5334 1049 5388 Abraham
1097 5345 1442 5398 nasceretur,
1479 5351 1582 5406 ego
1618 5353 1740 5393 sum
1787 5339 1874 5393 Ν.
1912 5360 1930 5392 ι

422 5450 464 5480 ²¹
497 5450 687 5502 Matth.
723 5463 836 5507 ιιι-ιιι,
860 5447 949 5499 27.
1075 5448 1120 5478 ²¹
1156 5446 1290 5499 Luc.
1329 5463 1385 5513 ιι,
1413 5449 1500 5502 51.

348 5517 414 5546 ’ν
441 5519 597 5573 Joan.
642 5534 755 5581 vm,
780 5518 867 5571 58.

417 5630 530 5702 (59)
678 5630 757 5683 Ex
781 5629 914 5702 edit.
953 5630 1110 5702 Boni.
1137 5638 1194 5684 et
1218 5630 1365 5702 Lips.
1394 5633 1728 5702 suppletum.

1605 5451 1651 5482 ³³
1670 5452 1828 5508 Joan.
1860 5470 1917 5519 ιι,
1946 5455 1997 5509 4.

2045 4794 2439 4861 γεγεννηκυίαν
2479 4791 2579 4861 τὴν
2610 4795 2830 4865 μητέρα
2868 4799 3024 4867 τιμᾷ,
3061 4800 3191 4853 ποτὲ
3223 4800 3278 4854 δὲ
3314 4803 3389 4866 ὡς
3419 4805 3625 4856 Δεσπό-

2045 4896 2146 4951 της
2169 4882 2416 4954 ἐπιτιμᾷ·
2437 4884 2532 4936 καὶ
2549 4883 2646 4943 νῦν
2668 4885 2766 4955 μὲν
2789 4887 2916 4950 τοὺς
2939 4890 3050 4941 υἱὸν
3074 4892 3239 4944 Δαϐὶδ
3259 4892 3628 4963 ὀνομάζοντας

2047 4973 2396 5044 ἀποδέχεται,
2452 4976 2546 5029 νῦν
2573 4976 2630 5029 δὲ
2660 4976 2901 5032 διδάσκει
2945 4981 3070 5044 τοὺς
3094 4984 3423 5050 ἀγνοοῦντος
3451 4987 3526 5050 ὡς
3563 4988 3624 5040 οὐ

2041 5065 2201 5134 μόνον
2233 5066 2348 5129 υἱός
2379 5068 2563 5132 ἐστιν,
2598 5067 2737 5121 ἀλλά
2783 5070 2876 5123 καὶ
2918 5071 3108 5142 κύριος
3151 5073 3244 5127 τοῦ
3287 5078 3469 5131 Δαϐίδ.
3521 5079 3627 5132 Καὶ

2038 5156 2194 5210 καλεί
2217 5159 2313 5227 μὲν
2335 5158 2432 5228 τὴν
2449 5157 2703 5230 Ναζαρὲτ
2726 5162 2819 5214 καὶ
2835 5164 2934 5233 τὴν
2961 5166 3335 5239 Καπερναοῦμ
3367 5172 3622 5241 πατρίδα·

2041 5247 2139 5320 βοᾷ
2167 5249 2222 5302 δὲ
2253 5249 2436 5303 πάλιν·
2474 5269 2491 5301 ι
2521 5251 2657 5322 Πρὶν
2700 5254 2951 5326 Ἁϐραάμ
2980 5258 3258 5325 γενέσθαι,
3286 5262 3396 5330 ἐγώ
3428 5267 3563 5333 είμι.
3603 5285 3620 5316 ι

2039 5341 2384 5412 Παμπόλλων
2406 5341 2462 5394 δὲ
2489 5343 2744 5398 τοιούτων
2777 5346 3037 5418 εὑρήσεις
3067 5352 3326 5407 ἀνάπλεω
3357 5357 3454 5424 τὴν
3474 5356 3627 5412 Θείαν

2115 5453 2179 5485 ’³⁸
2217 5454 2408 5509 Matth.
2440 5472 2550 5522 xxi,
2573 5455 2606 5511 9
2641 5472 2796 5528 seqq.
2901 5461 2947 5492 “
2969 5461 3159 5517 Matth.
3201 5481 3330 5532 IX",
3363 5467 3431 5522 42
3469 5485 3625 5539 εοτίίῐο

2043 5637 2289 5720 fuerunt.
2342 5640 2505 5698 Plura
2559 5651 2716 5700 erant
2765 5644 2824 5701 in
2861 5645 3119 5704 versione
3162 5663 3326 5720 quam
3372 5651 3428 5706 in
3473 5660 3620 5710 textu

417 5631 530 5770 (39}
568 5631 646 5682 '0.
678 5631 757 5683 Ex
781 5631 914 5684 edit.
953 5631 1110 5684 Rom.
1137 5638 1194 5684 et
1218 5631 1365 5700 Lips.
1394 5633 1728 5702 suppletum.
2043 5637 2242 5692 fuerun

417 5699 507 5766 (ιο
550 5699 951 5768 Μίαν-φύσιν.
978 5701 1053 5753 Ex
1077 5701 1268 5757 iisdem
1289 5701 1445 5756 editt.
1480 5703 1595 5758 haec
1621 5705 1924 5775 supplenda
2032 5707 2242 5762 Graeco.
