4090 6420
456 395 566 462 145

1533 412 1909 474 DIALOGUS
1949 414 2028 473 ΙΙ.
2073 438 2138 448 ν-
2178 415 2666 476 INCONFUSUS.

3624 416 3726 481 146

455 512 705 582 Γραφήν.
747 508 938 564 Ταῦτα
968 512 1026 566 δὲ
1062 513 1121 566 οὐ
1161 516 1289 585 μιᾶς
1333 515 1566 584 φύσεως.
1595 519 1731 573 ἀλλὰ
1753 522 1846 574 δύο
1871 523 2043 593 δηλω-

2154 522 2470 592 Hujusmodi
2507 524 2671 578 dictis
2703 523 2953 594 plurimis
2995 524 3241 580 invenies
3281 525 3534 580 refertam
3581 525 3724 578 divi-

463 605 612 657 card.

535 781 740 833 EPAN.
793 780 853 834 '0
883 781 980 834 δύο
1009 783 1202 852 φύσεις
1237 786 1295 837 ὲν
1336 787 1414 857 τῷ
1444 789 1665 860 Χριστῷ
1689 791 1929 864 θεωρῶν,
1973 797 2052 860 εἰς

368 911 380 950 ,
455 870 555 923 δύο
582 872 731 935 υίοὺς
759 872 978 942 μερίζει
1007 874 1097 927 τὸν
1125 875 1220 928 ἕνα
1258 879 1559 950 Μονογενῆ.

533 963 693 1016 ΟΡΘ.
736 963 951 1018 Οὐκοῦν
995 966 1087 1019 καὶ
1121 968 1149 1020 ὀ
1185 968 1276 1020 τὸν
1306 973 1516 1026 Παῦλον
1548 975 1612 1027 ὲκ
1653 975 1833 1046 ψυχῆς
1878 979 2052 1046 λέγων

457 1053 558 1104 καὶ
589 1054 863 1124 σώματος,
892 1056 986 1110 δύο
1020 1058 1265 1124 Παύλους
1296 1063 1387 1114 τὸν
1409 1064 1506 1118 ἕνα
1533 1064 1644 1136 (41)
1677 1067 1978 1140 ἀπέφηνεν.

533 1228 747 1282 EPAN.
788 1229 1072 1296 Ἀπεοικὸς
1108 1235 1169 1287 τὸ
1198 1235 1569 1306 παράδειγμα,

539 1321 700 1374 ΟΡΘ.
736 1315 871 1376 Οἶδα
905 1324 1080 1393 κάγώ.
1128 1327 1390 1382 Ἐνταῦθα
1422 1330 1530 1402 γὰρ
1555 1333 1757 1402 φυσικὴ
1794 1333 1901 1386 τῶν
1926 1336 2052 1404 ὀμο-

464 1411 699 1479 χρόνων,
735 1415 829 1465 καὶ
861 1418 1116 1476 κτιστῶν,
1156 1419 1250 1470 καὶ
1295 1420 1601 1488 ὁμοδούλων
1629 1425 1662 1492 ἡ
1700 1423 1893 1487 ἔνωσις
1916 1443 1929 1456 ·
1960 1426 2052 1476 ἐπὶ

459 1502 520 1554 δὲ
543 1502 642 1555 τοῦ
675 1506 950 1560 Δεσπότου
981 1509 1238 1576 Χριστοῦ,
1263 1511 1324 1562 τὸ
1353 1512 1474 1564 ὅλον
1507 1514 1759 1578 εὐδοκίας
1784 1518 1920 1580 ἐστὶ,
1959 1521 2052 1571 καὶ

463 1593 916 1664 φιλανθρωπίας,
962 1600 1057 1651 καὶ
1087 1600 1328 1669 χάριτος.
1367 1603 1510 1674 Πλὴν
1549 1605 1641 1658 καὶ
1683 1609 1919 1677 φυσικῆς
1963 1611 2050 1660 ὲν·

465 1685 648 1739 ταῦθα
669 1687 770 1754 τῆς
790 1687 1040 1754 ἐνώσεως
1067 1689 1254 1760 οὔσης,
1287 1693 1524 1765 ἀκέραια
1553 1701 1832 1768 μεμένηκε
1855 1700 1920 1753 τὰ
1944 1702 2051 1753 τῶν

477 1773 688 1841 φύσεων
717 1775 846 1829 ἴδια.

546 1947 753 2001 ΕΡΑΝ..
788 1949 851 2001 El
898 1949 1170 2019 διέμεινεν
1198 1953 1376 2022 ἀμιγῆ
1405 1956 1474 2008 τὰ
1514 1956 1625 2008 τῶν
1661 1957 1876 2026 φύσεων
1920 1959 2047 2029 ἴδια,

470 2038 590 2101 πῶς
625 2039 767 2110 μετὰ
787 2039 882 2093 τοῦ
909 2041 1159 2112 σώματος
1187 2045 1438 2115 ὀρέγεται
1467 2049 1672 2119 τροψῆς
1691 2049 1835 2122 ψυχή
1864 2069 1877 2117 ;

540 2225 697 2280 ΟΡΘ.
749 2226 861 2296 Οὐχ
895 2228 928 2297 ἡ
967 2227 1114 2298 ψυχὴ
1159 2231 1365 2301 τροφῆς
1408 2233 1663 2304 ὀρέγεται
1691 2250 1704 2264 ’
1782 2234 1900 2299 πῶς
1942 2237 2051 2308 γὰρ

460 2318 569 2388 ἦγε
599 2317 889 2381 ἀθάνατος,
918 2319 1014 2371 καὶ
1037 2320 1299 2394 κρείττων
1323 2324 1564 2392 τροφῆς;
1603 2325 1762 2378 Ἀλλὰ
1783 2326 1842 2378 τὸ
1867 2327 2049 2398 σῶμα,

461 2409 566 2478 τὴν
595 2407 837 2478 ζωτικὴν
871 2409 1103 2478 δύναμιν
1154 2412 1282 2481 παρ’
1315 2414 1486 2482 αὐτῆς
1537 2416 1922 2486 κομιζόμενον,
1972 2422 2052 2471 αἰ-

464 2498 734 2550 σθάνεται
770 2499 872 2566 τῆς
921 2499 1151 2563 ἐνδείας,
1188 2501 1281 2554 καὶ
1332 2503 1661 2573 προσλαϐεῖν
1705 2507 1765 2560 τὸ
1805 2507 2050 2561 ἐλλεῖπον

460 2590 687 2658 ἐφίεται
705 2607 719 2619 ο
748 2589 893 2642 οὕτω
923 2592 1016 2644 καὶ
1045 2592 1362 2663 ἀναπαύλης
1401 2596 1540 2663 μετὰ
1568 2596 1728 2651 πόνον
1755 2599 2049 2669 ἱμείρεται,

461 2682 563 2734 καὶ
593 2682 733 2751 μετά
748 2683 1096 2752 ἐγρήγορσιν,
1123 2683 1313 2746 ὕπνου,
1338 2685 1435 2753 κα).
1449 2685 1558 2740 τῶν
1574 2687 1748 2742 ἄλλων
1767 2689 2048 2755 ὡσαύτως.

460 2767 680 2826 Αὐτίκα
712 2772 891 2824 τοίνυν
936 2773 1078 2843 μετὰ
1119 2775 1217 2845 τὴν
1242 2775 1508 2841 διάλυσιν,
1548 2777 1646 2849 τὴν
1683 2781 1920 2852 ζωτικὴν
1951 2783 2052 2836 οὐκ

460 2861 594 2930 ἔχον
627 2862 909 2932 ἐνέργειαν
937 2901 953 2924 ,
996 2861 1117 2914 οὐδὲ
1145 2863 1397 2934 ὀρέγεται
1427 2865 1521 2918 τοῦ
1551 2866 1912 2938 ἐλλείποντος,
1957 2872 2052 2928 καλ⁴

465 2951 548 3023 μὴ
582 2949 1025 3021 προσλαμϐάνων
1056 2951 1319 3022 ὑπομένει
1342 2953 1571 3024 φθοράν.

540 3043 750 3096 ΕΡΔΝ.
801 3043 966 3115 Ὁρᾷς
992 3044 1074 3096 ὅτι
1097 3047 1196 3114 τῆς
1220 3044 1401 3115 ψυχῆς
1428 3047 1544 3100 ἐστι
1575 3048 1636 3102 τὸ
1662 3049 1841 3121 διψᾷν,
1874 3051 1968 3105 καὶ
1991 3051 2052 3105 τὸ

461 3137 690 3203 πεινῇν,
725 3135 819 3188 καὶ
842 3134 910 3187 τὰ
949 3135 1162 3199 τούτοις
1194 3137 1536 3208 προσόμοια;

539 3226 696 3279 ΟΡΘ.
738 3227 801 3278 Εἰ
828 3227 927 3296 τῆς
948 3227 1130 3296 ψυχῆς
1153 3227 1324 3282 ταῦτα
1354 3224 1444 3300 ἦν,
1472 3230 1566 3283 καὶ
1595 3231 1734 3300 μετὰ
1751 3231 1849 3304 τὴν
1877 3234 2053 3287 ἀπαλ-

461 3317 644 3385 λαγὴν
684 3317 749 3370 ἂν
777 3316 872 3370 τοῦ
901 3317 1174 3387 σώματος,
1199 3320 1292 3372 κοιλ¹
1312 3320 1412 3390 τὴν
1440 3320 1629 3375 πεῖναν
1655 3322 1936 3395 ὑπέμεινε,
1961 3325 2056 3377 καὶ

460 3411 527 3464 τὸ
553 3410 729 3478 δίψος,
758 3411 852 3462 καὶ
878 3409 948 3462 τὰ
970 3409 1108 3467 ἄλλα
1134 3411 1416 3476 ὡσαύτως.

539 3499 748 3554 ΕΡΑΝ.
783 3499 916 3552 Τίνα
937 3494 1032 3553 οὖν
1058 3500 1164 3571 φὴς
1186 3498 1323 3554 εἷναι
1359 3503 1467 3555 ῐδια
1495 3503 1596 3572 τῆς
1616 3502 1794 3574 ψυχῆς
1817 3520 1831 3569 ;

540 3683 700 3738 ΟΡΘ.
755 3683 830 3736 Τὸ
887 3683 1128 3752 λογικὸν,
1157 3683 1219 3736 τδ
1267 3684 1497 3752 ἁπλοῦν,
1550 3685 1611 3739 τὸ
1654 3685 1944 3751 ἀθάνατον,
1996 3685 2056 3739 τὸ

461 3777 729 3848 ἀόρατον.

541 3867 751 3921 ΕΡΑΝ.
780 3867 846 3920 Τί
876 3867 932 3920 δὲ
952 3864 1048 3919 τοῦ
1075 3865 1357 3937 σώματος;

539 3960 698 4012 ΟΡΘ.
731 3957 806 4010 Τὸ
841 3959 1116 4025 σύνθετον,
1146 3958 1208 4012 τὸ
1229 3958 1443 4029 ὁρατὸν,
1467 3958 1528 4012 τὸ
1562 3958 1772 4030 θνητόν.

542 4050 756 4103 EPAN.
820 4050 914 4102 Ἐκ
966 4049 1025 4102 δὲ
1087 4048 1294 4103 τούτων
1349 4050 1531 4121 φαμὲν
1581 4051 1900 4119 συγκεῖσθαι
1964 4053 2056 4105 τὸν

463 4142 764 4212 ἄνθρωπον
785 4157 800 4205 ;
1709 4135 1713 4140 ⁷

542 4234 704 4288 ΟΡΘ.
742 4232 901 4286 Οὕτω
924 4249 998 4301 φα
1007 4231 1126 4302 μέν.

543 4325 759 4378 EPAN.
799 4323 1132 4394 Ὀριζόμεθα
1157 4319 1250 4378 οῦν
1287 4324 1378 4378 τὸν
1407 4323 1715 4396 ἄνθρωπον,
1752 4325 1890 4391 ζῶον
1910 4327 2028 4396 λογι

464 4420 573 4473 κον
605 4417 804 4486 θνητόν
821 4435 837 4480 ;

544 4511 706 4566 οΡΘ.
747 4510 1133 4581 Ὠμολόγηται.

541 4603 757 4658 EPAN.
816 4603 928 4656 Καὶ
975 4605 1042 4656 ἐκ
1071 4602 1279 4657 τούτων
1333 4601 1602 4656 κάκείνων
1647 4603 1812 4658 αὐτὸν
1858 4603 2055 4674 ὀνομά-

467 4695 644 4766 ζομεν
663 4712 679 4759 ς

545 4785 706 4840 ore.
751 4783 997 4853 Ἀληθές.

548 4875 758 4932 EPAN.
818 4875 1032 4944 Ὠσπερ
1083 4872 1266 4925 τοίνυν
1314 4875 1374 4928 οὐ
1418 4875 1735 4947 διαιροῦμεν
1798 4875 2052 4943 ἐνταῦθα,

465 4968 612 5023 ἀλλὰ
636 4967 730 5019 τὴν
760 4967 923 5020 αὐτὸν
968 4964 1242 5036 καλοῦμεν
1273 4968 1368 5021 καὶ
1415 4967 1635 5035 λογικὸν
1681 4967 1775 5020 καὶ
1825 4967 2017 5035 θνητόν
2039 4984 2053 4998 ⁸

465 5059 734 5115 οὕτωκαὶ
764 5058 859 5114 ἐπὶ
881 5057 975 5114 τοῦ
998 5060 1236 5132 Χριστοῦ
1267 5063 1536 5131 προσήκει
1558 5061 1755 5121 ποιεῖν,
1788 5058 1883 5110 καὶ
1911 5055 2060 5127 αὐτῷ

467 5153 922 5227 προσαρμόττειν
951 5154 1018 5206 τά
1045 5170 1104 5205 τε
1137 5153 1256 5207 θεῖα
1286 5153 1382 5206 καὶ
1409 5151 1479 5203 τὰ
1507 5149 1840 5218 ἀνθρώπινα.

544 5246 701 5301 ΟΡΘ.
741 5244 1040 5314 Ἠμέτερος
1072 5236 1224 5307 οὗτος
1251 5243 1280 5295 ὀ
1299 5243 1478 5309 λόγος,
1510 5243 1558 5294 εἰ
1587 5241 1682 5293 καὶ
1715 5239 1791 5309 μὴ
1816 5238 2060 5309 ἀκριϐῶς

469 5336 809 5419 ἐξειργάσω.
840 5336 1124 5402 Σκόπησον
1152 5334 1334 5386 τοίνυν
1357 5333 1476 5386 ὡδί.
1507 5333 1675 5385 Ὅταν
1695 5332 1786 5383 τὸν
1811 5331 1938 5400 περί¹
1960 5329 2061 5397 τῆς

469 5425 834 5499 ἀνθρωπείας
895 5423 1078 5494 ψυχῆς
1140 5423 1485 5492 ἐξετάζωμεν
1552 5421 1732 5489 λόγον,
1784 5421 1944 5490 μόνον
1988 5419 2058 5473 τὰ

470 5520 828 5591 προσήκοντα
854 5519 923 5586 τῇ
950 5514 1153 5584 ταύτης
1179 5513 1430 5585 ἐνεργείᾳ
1455 5512 1549 5566 καὶ
1577 5512 1735 5581 φύσει
1758 5511 1935 5582 φαμέν
1958 5527 1972 5575 ;

544 5608 754 5664 EPAN.
801 5605 980 5661 Μόνα.

547 5784 662 5855 (bl)
707 5759 871 5841 Ἕνα.
905 5785 986 5841 Ed
1024 5784 1182 5838 Rom.
1213 5790 1269 5834 et
1305 5779 1451 5850 Lips.
1485 5778 1692 5834 addunt
1721 5777 1950 5832 Παῦλον.

2150 628 2274 666 nam
2321 613 2680 682 Scripturam.
2719 616 2846 670 Haec
2877 632 3040 685 porro
3089 633 3196 670 non
3246 634 3406 670 unam
3451 630 3723 681 naturam,

2150 704 2246 758 sed
2282 704 2418 759 duas
2445 705 2842 760 demonstrant.

2223 795 2429 850 ERAN.
2474 796 2574 862 Qui
2616 798 2752 852 duas
2783 800 2836 852 in
2869 798 3088 853 Christo
3136 807 3358 856 naturas
3389 801 3722 864 considerat,

2152 889 2208 941 in
2235 887 2374 942 duos
2399 887 2540 942 ﬁlios
2569 888 2768 944 dividit
2802 906 2972 943 unum
3000 891 3093 960 qui
3121 901 3206 946 cst
3239 892 3584 961 Unigenitus.

2221 977 2432 1032 ORTl-l.
2461 979 2604 1049 Ergo
2637 989 2692 1034 et
2723 981 2814 1048 qui
2848 981 3076 1034 Paulum
3098 997 3166 1035 ex
3196 982 3376 1035 anima
3409 991 3464 1036 et
3496 995 3724 1049 corpore

2155 1069 2560 1138 (compositum)
2621 1069 2775 1134 dicit,
2840 1069 2978 1124 duos
3017 1071 3212 1126 Paulos
3260 1086 3358 1146 pro
3397 1086 3506 1129 uno
3555 1070 3724 1129 Paulo

2152 1159 2301 1214 facit.

2474 1251 2746 1305 Dissimile
2776 1259 2860 1306 est
2885 1250 3235 1322 exemplum.

2223 1340 2434 1396 ORTH.
2470 1341 2596 1396 Scio
2631 1353 2686 1399 et
2722 1358 2843 1410 ego.
2880 1342 2979 1396 llic
3009 1342 3157 1396 enim
3194 1342 3460 1400 naturalis
3479 1352 3561 1397 est
3593 1344 3746 1399 unio-

2151 1447 2343 1486 eorum
2370 1449 2490 1501 qua:
2533 1441 2778 1501 tempore
2829 1433 3118 1502 conjuncta
3163 1441 3308 1496 sunt,
3339 1442 3396 1486 ct
3435 1442 3636 1499 creata,
3669 1441 3728 1489 et

2152 1537 2414 1576 conserva
2451 1541 2463 1575 :
2497 1523 2553 1576 in
2581 1521 2797 1578 Christo
2830 1531 3012 1576 autem
3057 1522 3286 1576 Domino
3321 1522 3518 1577 divinae
3547 1523 3727 1580 omnia

2151 1611 2442 1675 voluntati,
2492 1618 2546 1664 et
2598 1610 2771 1664 amori
2800 1625 2927 1680 erga
2984 1609 3255 1672 homines,
3310 1616 3365 1664 et
3417 1609 3604 1679 gratia:
3631 1609 3727 1663 tri-

2152 1699 2376 1755 buenda
2410 1708 2554 1755 sunt.
2592 1701 2794 1756 Verum
2835 1701 2926 1755 hic
2969 1700 3154 1764 etiam,
3188 1699 3315 1754 licet
3360 1700 3623 1755 naturalis
3653 1699 3725 1756 sit

2156 1791 2308 1856 unio,
2339 1799 2519 1846 tamen
2541 1791 2762 1862 integra:
2798 1799 3448 1846 manseruntnaturarum
3472 1791 3721 1860 proprie-

2084 1859 2125 1912 Β
2160 1887 2315 1934 tates.

2225 1967 2430 2023 ERAN.
2487 1969 2543 2024 Si
2593 1978 2915 2025 manserunt
2946 1968 3063 2023 sine
3104 1969 3360 2024 mistione
3405 1979 3724 2025 naturarum

2151 2061 2395 2129 propria,
2455 2060 2731 2130 quomodo
2788 2073 2913 2116 eum
2975 2074 3206 2130 corpore
3285 2060 3468 2115 cibum
3520 2063 3727 2131 appetit

2152 2150 2372 2204 anima?

2222 2240 2432 2296 ORTH.
2487 2243 2607 2298 Non
2659 2243 2868 2314 appetit
2941 2243 3124 2298 cibum
3176 2242 3376 2297 anima.
3441 2241 3725 2308 Quomodo

2152 2333 2320 2399 enim,
2358 2334 2684 2390 immortalis
2707 2351 2831 2391 cum
2863 2335 2956 2400 sit,
2987 2343 3044 2390 et
3072 2334 3195 2389 cibo
3215 2333 3724 2404 praestantioﬂSed

2152 2444 2370 2497 corpus,
2401 2427 2620 2482 vitalem
2647 2428 2716 2483 ab
2744 2443 2808 2483 ea
2837 2429 2944 2482 vim
2969 2427 3266 2496 accipiens,
3292 2426 3457 2480 sentit
3477 2417 3724 2495 indigeni-

2153 2520 2304 2583 tiam,
2337 2527 2394 2573 et
2433 2519 2580 2588 quod
2611 2519 2765 2574 deest
2798 2519 3048 2588 accipere
3080 2519 3250 2588 cupit.
3285 2517 3375 2575 Sic
3413 2518 3724 2586 etquietem

2152 2619 2276 2679 post
2295 2609 2539 2664 laborem
2558 2610 2855 2673 desiderat,
2895 2617 2953 2664 et
2985 2609 3140 2679 107
3163 2609 3544 2679 postvigiliam
3571 2624 3723 2663 som-
3809 2637 3818 2644 -

2151 2717 2304 2767 num,
2358 2709 2414 2756 et
2444 2702 2548 2756 alia
2587 2702 2862 2756 similiter.
2893 2703 3014 2756 Mox
3062 2701 3228 2772 igitur
3253 2708 3377 2770 post
3408 2701 3725 2756 dissolutio—

2150 2805 2300 2856 nem,
2323 2791 2546 2845 vitalem
2591 2806 2700 2845 non
2732 2792 2941 2846 habens
2971 2791 3294 2861 potentiam,
3343 2791 3524 2844 cibum
3557 2806 3724 2861 appe-

2153 2885 2269 2935 tere
2325 2879 2554 2947 desinit,
2609 2887 2664 2937 et
2708 2896 2835 2938 eum
2884 2895 2996 2934 non
3048 2894 3270 2943 sumens
3308 2878 3586 2939 interitum
3633 2895 3726 2950 pa-

2153 2971 2307 3026 titur.

2215 3065 2422 3120 ERAN.
2454 3065 2691 3121 Videsne
2726 3064 2922 3121 animae
2952 3079 3072 3120 esse
3102 3062 3278 3127 sitire,
3321 3071 3378 3118 et
3409 3062 3639 3126 esurire,
3668 3072 3724 3117 et

2156 3173 2278 3226 qua:
2295 3157 2381 3212 his
2409 3157 2643 3212 similia?

2218 3249 2427 3304 ORTH.
2465 3249 2520 3304 Si
2551 3251 2668 3305 haec
2694 3249 2891 3305 animae
2921 3234 3126 3312 essent,
3171 3247 3335 3302 etiam
3367 3245 3730 3316 postdisces-

2154 3355 2279 3395 sum
2307 3355 2337 3393 e
2367 3355 2621 3410 corpore,
2653 3349 2710 3395 et
2752 3339 2894 3394 fame
2922 3338 3217 3403 laboraret,
3265 3345 3322 3392 et
3360 3336 3471 3400 siti,
3516 3346 3573 3390 et
3608 3336 3729 3390 aliis

2156 3430 2450 3486 similibus.

2227 3522 2432 3576 ERAN.
2509 3520 2766 3588 Quaenam
2829 3521 2998 3592 igitur
3059 3519 3255 3574 animae
3314 3517 3536 3588 propria
3606 3533 3728 3576 esse

2156 3609 2333 3664 dicis?
3250 3623 3257 3632 '

2223 3699 2432 3755 ORTH.
2467 3701 2599 3756 Esse
2619 3701 2964 3766 rationalem,
2992 3700 3321 3772 simplicem,
3345 3699 3738 3761 immortalem,

2158 3790 2510 3847 invisibilem.

2231 3887 2245 3903 '
2276 3885 2481 3940 ERAN.
2514 3885 2655 3952 Quid
2685 3901 2816 3941 vero
2850 3885 3138 3957 corporis?

2221 3973 2430 4033 ORTH.
2466 3977 2598 4032 Esse
2623 3977 3008 4048 compositum,
3033 3976 3271 4039 visibile,
3303 3974 3550 4030 mortale.

2228 4064 2435 4124 ERAN.
2463 4067 2543 4121 Ex
2592 4067 2679 4122 his
2722 4083 2856 4124 vero
2907 4068 3269 4138 compositum
3298 4082 3418 4121 esse
3452 4065 3731 4120 hominem

2157 4157 2432 4212 dicimus?

2228 4247 2439 4302 ORTH.
2470 4247 2562 4302 Sic
2591 4248 2847 4303 dicimus.

2227 4338 2436 4393 ERAN.
2476 4338 2778 4394 Deﬁnimus
2798 4339 2967 4411 igitur
2991 4337 3296 4402 hominem,
3331 4336 3530 4391 animal
3562 4337 3733 4392 ratio-

2157 4428 2280 4482 nale
2299 4428 2568 4482 mortale?

2089 4553 2130 4607 υ
2228 4519 2436 4576 ORTH.
2469 4519 2528 4575 In
2560 4519 2810 4576 confesso
2855 4529 2960 4576 est.

2232 4611 2438 4666 ERAN.
2472 4611 2557 4667 Ab
2590 4612 2678 4668 his
2707 4612 2874 4668 etiam
2899 4620 2956 4668 et
2989 4611 3099 4668 illis
3138 4611 3317 4682 ipsum
3355 4607 3739 4665 nominamus?

2236 4791 2445 4846 ORTH.
2467 4793 2668 4847 Verum
2701 4800 2803 4846 est.

2235 4881 2443 4936 ERAN.
2471 4882 2626 4938 Sicut
2650 4881 2818 4952 igitur
2843 4881 2934 4935 hic
2955 4896 3063 4935 non
3094 4880 3426 4945 divellimus,
3451 4880 3545 4934 sed
3582 4895 3737 4933 cum-

2163 4969 2287 5024 dem
2321 4968 2644 5040 (hominem)
2669 4976 2724 5023 et
2775 4969 3099 5024 rationalem
3142 4985 3405 5025 vocamus
3445 4977 3501 5023 et
3533 4977 3737 5022 morta-

2158 5059 2305 5113 lem:
2339 5059 2500 5114 sicin
2534 5058 2756 5113 Christo
2795 5058 3106 5116 faciendum
3131 5057 3542 5134 est,eidemque
3569 5055 3738 5113 ascri-

2159 5150 2338 5205 benda
2362 5158 2491 5203 sunt
2524 5159 2641 5205 tum
2663 5150 2870 5213 divina,
2892 5158 3007 5203 tum
3039 5149 3299 5203 humana.

2231 5239 2442 5294 ORTH.
2469 5238 2663 5294 Nostra
2696 5239 2814 5295 haec
2844 5247 2930 5296 est
2951 5241 3149 5304 oratio,
3201 5240 3303 5295 etsi
3331 5255 3359 5292 a
3393 5247 3443 5291 te
3470 5252 3576 5290 non
3607 5235 3739 5287 satis

2158 5330 2606 5400 explicataJlem
2654 5330 2822 5400 igitur
2872 5330 2950 5385 sic
2984 5331 3251 5400 expende.
3281 5327 3508 5393 Quando
3538 5327 3604 5380 de
3634 5326 3738 5378 liu-

2166 5435 2326 5472 mana
2373 5429 2570 5474 natura
2599 5420 2940 5487 disserimus,
2985 5437 3049 5475 ea
3077 5421 3193 5475 sola
3225 5431 3737 5476 commemoramus,

2166 5527 2286 5582 quae
2307 5512 2455 5566 illius
2478 5512 2786 5581 operationi
2813 5519 2868 5568 ct
2890 5521 3101 5568 natura:
3131 5506 3496 5563 conveniunt?

2237 5602 2442 5658 ERAN.
2483 5603 2627 5660 Sola.
