4090 6436
387 426 482 491 13.7

1378 418 1862 480 THEODORETI
1904 415 2241 476 EPISCOPI
2281 412 2642 474 CYRENSIS

3550 397 3649 461 14.8

458 539 620 610 108
657 536 867 593 ORTH.
901 534 1130 602 Quando
1179 541 1361 586 autem
1415 533 1483 586 de
1525 545 1754 600 corpore
1803 528 1965 582 nobis

2141 523 2295 578 ΟΡΘ.
2339 524 2509 576 Ὅταν
2557 520 2614 574 δὲ
2660 518 2790 586 περὶ
2827 513 2922 567 τοῦ
2965 510 3214 581 σώματος
3258 509 3389 580 ἡμῖν
3419 509 3466 562 οἱ
3499 477 3651 579 λόγοι

381 648 564 688 sermo
593 639 697 691 est,
736 643 917 684 annon
970 642 1034 680 ea
1077 625 1190 680 sola
1228 640 1439 687 rursus,
1473 639 1592 692 quae
1637 621 1785 675 illius
1838 627 1965 674 sunt

382 724 627 794 propria,
651 720 1041 776 recensemus?

450 815 656 870 ERAN.
699 813 840 867 Vera
871 811 1033 864 dicis.

448 905 659 960 ORTH.
689 903 824 957 Cum
856 910 1038 955 autem
1067 901 1133 954 de
1159 907 1274 953 toto
1300 899 1521 952 animali
1540 897 1739 967 agitur,
1772 907 1964 948 secure

382 997 739 1065 deinceps_et
770 995 886 1047 hazc
936 1001 992 1047 et
1041 992 1134 1046 illa
1173 991 1490 1045 tribuimus.
1547 988 1764 1043 Homini
1817 986 1964 1039 enim

381 1089 718 1143 conveniunt
770 1103 892 1156 quae
938 1095 993 1140 et
1042 1084 1292 1155 corporis
1329 1095 1386 1138 et
1427 1082 1622 1135 animm
1676 1086 1804 1134 sunt
1833 1092 1964 1145 pro-

381 1179 518 1248 pria.

451 1269 659 1323 EBAN.
684 1270 953 1324 Praeclare
977 1267 1186 1322 dixisti.

450 1359 662 1414 ORTH.
690 1360 780 1415 Sic
801 1360 969 1431 igitur
986 1367 1042 1413 et
1063 1359 1129 1412 de
1152 1357 1371 1412 Christo
1393 1352 1642 1407 habenda
1663 1359 1746 1403 est
1763 1348 1959 1407 oratio,

381 1461 443 1507 ut
479 1468 605 1506 cum
636 1453 703 1507 de
725 1453 940 1507 naturis
964 1451 1259 1522 loquimur,
1289 1463 1386 1502 sua
1403 1450 1603 1514 cuique
1633 1442 1960 1502 tribuamus,

381 1545 728 1614 sciamusque
772 1559 893 1614 quae
913 1542 1191 1598 divinitati
1224 1540 1334 1595 sint
1359 1537 1600 1608 propria,
1628 1543 1683 1588 et
1707 1546 1827 1601 quae
1855 1531 1961 1583 hu-

383 1632 652 1686 manitati.
684 1633 753 1687 At
786 1647 911 1686 cum
947 1631 1013 1684 de
1051 1644 1286 1699 persona
1311 1626 1479 1680 verba
1508 1623 1758 1685 facimus,
1809 1633 1961 1673 com-

380 1720 571 1774 munia
589 1720 840 1774 facienda
865 1725 994 1773 sunt
1027 1734 1148 1786 quae
1185 1723 1509 1769 naturarum
1544 1719 1672 1765 sunt
1715 1709 1959 1779 propria,

379 1812 711 1882 Christoque
765 1810 1042 1866 Serratori
1090 1817 1146 1863 et
1173 1809 1289 1862 lucc
1325 1813 1380 1860 et
1421 1806 1512 1858 illa
1553 1797 1865 1865 tribuenda,
1903 1811 1964 1854 ut

2065 619 2354 686 γίνωνται,
2391 614 2553 667 πάλιν
2590 611 2651 664 οὐ
2689 608 2823 679 μόνα
2851 605 2920 659 τὰ
2945 604 3133 658 τούτου
3159 602 3399 671 διέξιμεν
3424 602 3561 670 tota;

2138 793 2344 847 EPAN.
2397 787 2640 857 Ἀληθές.

2138 885 2288 938 ΟΡΘ.
2347 879 2594 934 Ἐπειδὰν
2625 877 2683 929 δὲ
2723 875 2852 945 περὶ
2887 871 2980 925 τοῦ
3008 869 3147 936 ζώου
3178 869 3380 932 παντὸς
3412 869 3644 940 ήδιάλε-

2068 979 2148 1043 at;
2175 976 2415 1044 γίνηται,
2443 970 2615 1033 ἀδεῶς
2652 967 2839 1021 λοιπὸν
2881 965 2975 1019 καὶ
3007 963 3178 1018 ταῦτα
3214 963 3446 1015 κάκεῖνα
3483 979 3648 1032 προσ-

2067 1068 2328 1137 φέρομεν.
2367 1063 2656 1134 Ἀρμόττει
2687 1061 2796 1130 γὰρ
2824 1059 2902 1128 τῷ
2927 1056 3201 1127 ἀνθρώπῳ
3227 1053 3297 1108 τά
3324 1071 3383 1106 τε
3413 1053 3506 1108 τοῦ
3538 1053 3644 1107 σώ-

2071 1173 2258 1226 ματος,
2289 1156 2356 1209 τά
2382 1171 2444 1207 τε
2473 1155 2571 1222 τῆς
2606 1151 2784 1221 ψυχῆς
2809 1149 2935 1202 ἴδια.

2137 1248 2341 1300 EPAN.
2379 1244 2688 1312 Παγκάλως
2721 1242 2969 1310 εἴρηκας.

2139 1337 2288 1392 ΟΡΘ.
2326 1336 2485 1391 Οὕτω
2514 1334 2803 1404 τοιγαροῦν
2833 1333 2928 1384 καὶ
2966 1331 3091 1392 τοὺς
3122 1329 3250 1398 περὶ
3281 1327 3374 1380 τοῦ
3404 1323 3643 1394 Χριστοῦ

2067 1427 2339 1482 ποιεῖσθαι
2365 1427 2635 1498 προσήκει
2657 1424 2851 1490 λόγους
2869 1439 2881 1452 ·
2909 1422 3004 1474 καὶ
3027 1419 3156 1490 περὶ
3177 1420 3275 1490 μὲν
3300 1418 3408 1471 τῶν
3431 1416 3644 1486 φύσεων

2064 1520 2504 1590 διαλεγομένους,
2539 1515 2838 1585 ἀπονέμειν
2862 1511 3186 1582 ἑκατέρᾳτά
3212 1510 3519 1581 πρόσφορα,
3551 1507 3645 1560 καὶ

2065 1614 2264 1665 είδέναι
2299 1613 2421 1664 τίνα
2460 1609 2558 1679 μὲν
2587 1609 2685 1676 τῆς
2713 1605 2990 1676 θεότητος,
3041 1605 3161 1655 τίνα
3201 1603 3256 1655 δὲ
3307 1604 3407 1672 τῆς
3435 1599 3646 1670 ἀνθρω-

2067 1705 2296 1774 πότητος
2326 1701 2453 1754 ἴδια.
2504 1700 2672 1752 Ὅταν
2717 1695 2775 1748 δέ
2815 1711 2879 1761 γε
2915 1694 3041 1755 τοὺς
3071 1688 3319 1760 περὶτοῦ
3352 1688 3646 1758 προσώπου

2066 1794 2352 1865 ποιώμεθα
2381 1792 2595 1859 λόγους,
2634 1787 2788 1842 κοινᾶ
2820 1785 2924 1858 χρὴ
2963 1784 3134 1836 ποιεῖν
3179 1784 3246 1834 τὰ
3273 1779 3383 1833 τῶν
3429 1777 3647 1846 φύσεων

381 1902 524 1957 idem
551 1870 782 1955 et‘Dens
815 1911 870 1955 et
901 1900 1065 1952 homo
1094 1897 1422 1966 appelletur,
1472 1895 1644 1948 Filius
1675 1892 1772 1947 Dei
1819 1901 1874 1946 et
1905 1891 1965 1945 ii-

2071 1889 2194 1952 ίδια,
2230 1887 2323 1939 καὶ
2363 1883 2535 1938 ταῦτα
2570 1881 2798 1934 κάκεῖνα
2838 1876 2918 1946 τῷ
2955 1874 3173 1944 Σωτῆρι
3209 1870 3646 1942 προσαρμόττειν

379 1993 485 2046 lius
518 1991 778 2054 hominis,
814 1988 958 2044 ﬁlius
989 1988 1211 2042 Davidis
1249 1988 1294 2019 "
1325 1994 1380 2041 et
1411 1986 1667 2063 dominus
1714 1980 1958 2043 Davidis,

379 2098 568 2137 semen
596 2082 829 2136 Abrahae
885 2089 942 2134 et
981 2079 1238 2134 conditor
1267 2077 1523 2141 Abrahm,
1569 2083 1623 2130 et
1647 2075 1752 2129 alia
1777 2073 1960 2127 omnia

380 2175 654 2230 similiter.

452 2350 660 2406 ERAN.
711 2350 885 2405 Unam
941 2347 1163 2418 quidem
1219 2361 1340 2401 esse
1387 2343 1593 2399 Christi
1647 2356 1958 2412 personam,

379 2447 544 2518 eique
588 2454 643 2502 et
687 2446 872 2500 divina
915 2452 972 2499 et
1021 2444 1263 2498 humana
1309 2440 1602 2498 convenire
1656 2434 1962 2492 rectissime

380 2529 588 2605 dixisti,
622 2539 802 2593 ethoc
829 2537 955 2591 fidei
992 2537 1275 2591 decretum
1307 2533 1627 2603 amplector.
1671 2527 1826 2594 Quod
1861 2541 1961 2579 au-

381 2640 489 2685 tem
515 2615 653 2685 dicis
675 2637 950 2699 oportere,
979 2627 1046 2682 de
1073 2627 1287 2680 naturis
1319 2624 1815 2688 disserentes,quze
1841 2616 1962 2671 cui-

378 2740 484 2793 que
505 2732 633 2778 sunt
654 2722 874 2792 propria
917 2720 968 2774 ei
1007 2720 1276 2781 tribuere,
1313 2717 1368 2770 id
1400 2714 1534 2768 mihi
1566 2713 1826 2768 unionem
1856 2710 1964 2763 sol-

379 2831 506 2869 vere
532 2815 772 2870 videtur.
808 2811 987 2878 Quare
1025 2812 1128 2866 hos
1161 2821 1218 2866 et
1250 2809 1492 2865 similes‘
1533 2819 1817 2861 sermones
1851 2817 1963 2856 non

378 2908 644 2979 approbo.

449 2998 659 3055 ORTH.
686 2998 851 3068 Atqui
891 3013 1015 3053 cum
1043 2997 1110 3052 de
1139 2997 1323 3050 anima
1356 3001 1414 3049 et
1443 3005 1676 3062 corpore
1720 2985 1965 3056 disputa-

379 3106 589 3155 remus,
627 3090 811 3160 magni
848 3089 1095 3144 facienda
1139 3088 1236 3142 tibi
1274 3088 1390 3142 visa
1449 3095 1533 3142 est
1581 3085 1672 3140 illa
1707 3079 1963 3135 distincta

377 3182 642 3252 loquendi
685 3183 849 3246 ratio,
886 3197 1116 3250 eamque
1150 3181 1403 3250 protinus
1429 3179 1590 3234 laude
1618 3195 1678 3233 es
1705 3191 1965 3249 prosecu-

2070 1977 2310 2048 Χριστῷ,
2339 1974 2548 2030 καὶτὸν
2580 1971 2742 2026 αὐτὸν
2781 1968 2969 2021 καλεῖν
3008 1967 3102 2019 καὶ
3137 1963 3268 2016 Θεὸν
3309 1963 3406 2016 καὶ
3441 1959 3648 2030 ἀνθρω-

2069 2089 2171 2124 πον
2194 2087 2205 2099 ·
2239 2070 2332 2122 καὶ
2383 2068 2510 2120 Υἱδν
2550 2062 2709 2129 Θεοῦ,
2760 2063 2854 2144 καὶ
2887 2060 3001 2113 υἱὸν
3044 2054 3334 2127 ἀνθρώπου
3359 2070 3372 2084 ο
3407 2053 3498 2106 καὶ
3531 2051 3648 2104 υίδν

2069 2164 2256 2228 Δαϐὶδ,
2294 2161 2386 2216 καὶ
2428 2159 2618 2230 κύριον
2641 2157 2804 2210 Δαὸίδ
2827 2171 2839 2182 ·
2873 2154 2968 2207 καὶ
3004 2151 3227 2222 σπέρμα
3260 2146 3529 2218 Ἀϐραὰμ,
3553 2144 3648 2198 καὶ

2070 2257 2302 2325 ποιητὴν
2343 2252 2624 2324 Ἀϐραάμ·
2651 2248 2834 2302 καὶτὰ
2865 2247 3003 2301 ἄλλα
3049 2244 3225 2296 πάντα
3259 2239 3539 2300 ὡσαύτως.

2139 2347 2344 2401 ΕΡΛΝ.
2393 2345 2467 2397 Τὸ
2514 2343 2612 2413 μὲν
2645 2341 2703 2395 ἓν
2745 2335 2887 2393 εἶναι
2925 2336 3217 2406 πρόσωπον
3248 2331 3342 2385 τοῦ
3388 2327 3646 2401 Χριστοῦ,

2055 2439 2166 2495 ’καὶ
2197 2439 2346 2509 αὐτῷ
2373 2437 2674 2508 προσήκειν
2709 2432 2805 2485 καὶ
2835 2431 2904 2483 τά
2939 2429 3058 2482 θεῖα
3084 2426 3178 2479 καλ⁸
3211 2425 3279 2478 τὰ
3309 2421 3646 2492 ἀνθρώπινα,

2069 2534 2190 2587 λίαν
2226 2531 2402 2603 ὀρθῶς
2433 2529 2683 2598 εἴρηκας,
2713 2524 2808 2577 καὶ
2845 2523 3072 2591 δέχομαι
3097 2518 3247 2572 τόνδε
3274 2517 3366 2570 τὸν
3395 2515 3520 2585 ὅρον
3548 2512 3649 2582 τῆς

2071 2627 2329 2686 πίστεως.
2354 2623 2428 2675 Τδ
2455 2622 2512 2674 δὲ
2539 2619 2706 2688 φάναι
2727 2616 2908 2680 πάλιν,
2933 2614 3006 2676 ώς
3032 2611 3137 2682 χρὴ
3162 2609 3289 2679 περὶ
3309 2606 3415 2660 τῶν
3437 2605 3651 2674 φύσεων

2069 2716 2496 2786 διαλεγομένους
2519 2710 2820 2780 ἀπονέμειν
2851 2706 3058 2778 ἑκάστῃ
3081 2703 3147 2757 τά
3173 2702 3302 2763 ἴδια,
3332 2699 3480 2750 λύειν
3507 2695 3653 2748 δοκεῖ

2073 2829 2165 2884 μοι
2198 2811 2299 2880 τὴν
2333 2808 2530 2860 ἕνωσιν
2550 2821 2562 2834 ·
2598 2797 2658 2856 οῦ
2690 2801 2753 2872 δὴ
2776 2800 2938 2871 χάριν
2956 2797 3180 2858 τούτους
3202 2793 3295 2846 καὶ
3323 2792 3449 2853 τοὺς
3474 2786 3651 2842 τοιού-

2071 2923 2194 2968 τους
2222 2904 2283 2956 οὐ
2317 2899 2615 2972 προσίεμαι
2643 2895 2856 2964 λόγους.

2142 2997 2293 3052 ΟΡΘ.
2328 2995 2440 3049 Καὶ
2493 2994 2600 3063 μὴν
2632 2991 2722 3042 ὅτε
2757 2986 2823 3040 τά
2873 2985 3001 3056 περὶ
3029 2981 3210 3052 ψυχῆς
3253 2979 3349 3033 καὶ
3399 2974 3654 3045 σώματος

2071 3087 2430 3158 ἑξητάζομεν,
2453 3082 2783 3149 ἀξιάγαστος
2806 3076 2984 3140 ἔδοξεν
3016 3069 3154 3126 εἷναί
3179 3089 3260 3124 σοι
3285 3073 3318 3140 ἡ
3341 3068 3448 3122 τῶν
3478 3065 3654 3132 λόγων

2074 3181 2300 3236 ἐκείνων
2339 3178 2602 3247 διαίρεσις
2627 3193 2640 3204 ο
2673 3171 2873 3225 αὐτίκα
2903 3168 3032 3238 γοῦν
3055 3167 3152 3236 τὴν
3186 3162 3462 3232 εὐφημίαν
3487 3174 3656 3225 προσ-

380 3283 491 3328 tus.
519 3272 632 3328 Cur
654 3272 822 3343 igitur
850 3272 1030 3342 quoad
1053 3243 1259 3328 Christi
1290 3272 1509 3326 Domini
1542 3243 1886 3326 divinitatem
1911 3276 1965 3322 et

2071 3272 2331 3341 ήνεγκας.
2383 3266 2449 3318 Τί
2493 3265 2693 3334 δήποτε
2727 3260 2907 3313 τοίνυν
2957 3257 3048 3310 ἐπὶ
3092 3256 3190 3324 τῆς
3246 3252 3340 3306 τοῦ
3375 3247 3652 3303 Δεσπότου

380 3363 778 3417 humanitatem
809 3362 1055 3417 eamdem
1073 3362 1315 3433 regulam
1339 3377 1450 3416 non
1477 3359 1759 3416 admittis?
1810 3358 1971 3429 109

378 3455 463 3506 An
495 3467 626 3507 vero
655 3468 724 3507 ne
748 3453 942 3507 animm
966 3451 1188 3522 quidem
1221 3461 1276 3507 et
1304 3451 1522 3521 corpori
1551 3465 1804 3519 exaequas
1831 3449 1970 3502 divi-

381 3545 609 3599 nitatem
627 3553 683 3599 et
700 3544 1100 3616 humanitatem
1129 3544 1379 3602 Christi?
1402 3543 1498 3599 sed
1523 3544 1718 3598 anima:
1744 3542 1968 3612 quidem

380 3645 436 3691 et
465 3637 688 3707 corpori
717 3636 912 3691 tribuis
946 3637 1292 3692 inconfusam
1312 3636 1572 3690 unionem
1595 3652 1607 3686 :
1633 3633 1970 3689 commistio-

382 3745 507 3782 nem
538 3744 670 3783 vero
691 3737 746 3783 et
775 3729 1152 3784 confusionem
1180 3745 1370 3798 passas
1409 3729 1595 3782 dicere
1623 3726 1794 3781 audes
1830 3726 1970 3780 divi-

379 3821 607 3875 nitatem
642 3819 845 3875 Cbristi
873 3829 928 3875 et
967 3820 1364 3874 humanitatem
1393 3818 1416 3870 ?

451 3911 656 3965 ERAN.
687 3911 798 3981 Ego
824 3927 953 3967 sane
977 3911 1329 3964 divinitatem
1372 3908 1601 3971 Christi,
1633 3917 1799 3978 atque
1829 3908 1969 3962 adeo

379 4017 600 4056 carnem
634 4001 828 4072 ipsam,
871 4002 1103 4056 infinitis
1146 3999 1618 4074 partibusanima)
1640 4008 1696 4054 et
1719 4001 1970 4071 corporis

379 4091 701 4161 dignitatem
723 4093 1061 4148 antecellere
1088 4091 1282 4160 judico
1306 4109 1316 4143 :
1354 4091 1452 4146 sed
1478 4107 1640 4146 unam
1669 4100 1850 4147 tamen
1873 4108 1970 4146 na-

383 4194 557 4238 turam
583 4194 705 4254 post
739 4185 1004 4238 unionem
1033 4198 1154 4237 esse
1181 4182 1410 4238 allirmo.

448 4273 657 4328 ORTH.
692 4273 813 4340 Quo
839 4279 999 4341 pacto
1030 4272 1261 4341 impium
1290 4289 1401 4327 non
1446 4275 1518 4329 sit
1553 4283 1609 4328 et
1641 4275 1964 4339 absurdum,

379 4365 565 4423 dicere
617 4366 858 4420 animam
890 4364 1112 4433 quidem
1146 4366 1365 4435 corpori
1399 4367 1712 4436 copulatam
1757 4369 1966 4422 nullam

379 4458 718 4511 confusionis
742 4455 1121 4525 contagionem
1147 4456 1282 4526 pati,
1321 4456 1668 4511 divinitatem
1698 4474 1832 4513 vero
1863 4459 1969 4511 Do—

2071 3337 2311 3433 Χριστοῦ
2362 3355 2616 3426 θεότητος
2652 3371 2709 3404 τε
2749 3352 2844 3404 καὶ
2893 3348 3317 3420 ἀνθρωπότητος
3346 3343 3436 3395 τὸν
3488 3337 3653 3393 αὑτὸν

2069 3432 2134 3507 ού
2163 3453 2290 3523 δέχῃ
2322 3449 2557 3512 κανόνα;
2589 3449 2658 3499 Ἣ
2688 3445 2809 3498 οὐδὲ
2843 3443 2989 3512 ψυχῇ
3026 3439 3120 3492 καὶ
3153 3436 3367 3506 σώματι
3398 3432 3654 3502 παρισοϊς

2070 3549 2170 3617 τὴν
2205 3545 2436 3609 θεότητα
2487 3539 2582 3594 τοῦ
2635 3535 2873 3608 Χριστοῦ
2930 3533 3024 3586 καὶ
3077 3530 3175 3600 τὴν
3224 3524 3654 3596 ἀνθρωπότητα;

2071 3614 2208 3691 ἀλλὰ
2241 3635 2385 3705 ψυχῇ
2419 3632 2516 3703 μὲν
2543 3630 2638 3682 καὶ
2673 3627 2886 3698 σώματι
2910 3625 3065 3685 δίδως
3089 3619 3395 3688 ἀσύγχυτον
3420 3614 3614 3666 ἕνωσιν
3635 3625 3649 3639 ·

2072 3729 2270 3797 κρᾶσιν
2305 3724 2479 3778 δὲκαὶ
2511 3721 2775 3788 σύγχυσιν
2808 3710 3289 3784 ὑπομεμενηκέναι
3315 3706 3495 3772 λέγειν
3529 3701 3654 3754 τολ-

2075 3820 2182 3888 μᾷς
2212 3816 2311 3886 τὴν
2341 3814 2572 3880 θεότητα
2599 3808 2688 3861 τοῦ
2717 3803 2956 3876 Χριστοῦ
2977 3803 3072 3855 καὶ
3098 3801 3197 3868 τὴν
3219 3793 3650 3865 ἀνθρωπότητα;

2147 3881 2348 3961 ΕΡᾸΝ.
2391 3901 2534 3971 Ἐγὼ
2568 3901 2667 3972 μὲν
2713 3901 2812 3968 τὴν
2857 3895 3086 3965 θεότητα
3121 3889 3214 3943 τοῦ
3258 3883 3516 3958 Χριστοῦ,
3559 3881 3656 3935 καὶ

2075 4002 2258 4072 μέντοι
2299 3999 2394 4051 καὶ
2432 3994 2529 4065 τὴν
2575 3991 2778 4061 σάρκα,
2827 3986 3004 4057 ψυχῆς
3052 3983 3145 4035 καὶ
3181 3979 3434 4050 σώματος
3474 3972 3655 4042 πολλῷ

2069 4064 2176 4144 τινι
2224 4088 2319 4140 καὶ
2351 4084 2566 4152 ἀπείρῳ
2617 4081 2800 4150 μέτρῳ
2855 4071 3298 4144 τιμαλφεστέραν
3342 4064 3648 4134 ὑπείληφαο

2051 4169 2203 4251 ¹μίαν
2238 4171 2420 4248 μέντοι
2449 4174 2612 4242 φύσιν
2645 4169 2783 4240 μετά
2805 4167 2903 4236 τὴν
2936 4165 3131 4216 ’ἑνωσιν
3160 4160 3323 4226 λέγω.

2142 4245 2293 4326 ΟΡΘ.
2334 4267 2446 4320 Καὶ
2489 4264 2607 4326 πῶς
2650 4262 2710 4315 οὐ
2740 4257 3000 4320 δυσσεὸἐς
3039 4273 3099 4307 τε
3143 4253 3239 4305 καὶ
3282 4249 3547 4319 σχέτλιον.
3592 4245 3655 4296 τὸ

2070 4362 2252 4428 λέγειν
2297 4356 2476 4426 ψυχὴν
2513 4355 2609 4424 μὲν
2644 4351 2858 4419 σώματι
2895 4345 3263 4414 συναφθεῖσαν
3307 4343 3509 4410 ἥκιστα
3547 4355 3654 4391 πα-

2072 4453 2183 4504 θεῖν
2224 4449 2284 4502 τὸ
2328 4451 2427 4517 τῆς
2476 4443 2794 4513 συγχύσεως
2825 4439 3019 4499 πάθος,
3065 4434 3162 4505 τὴν
3205 4433 3263 4486 δὲ
3297 4431 3528 4500 θεότητα
3557 4426 3653 4480 τοῦ

380 4547 513 4601 mini
543 4549 929 4603 universorum
955 4563 1058 4604 nec
1087 4547 1371 4618 propriam
1408 4555 1659 4601 naturam
1695 4549 1965 4618 integram

2071 4544 2181 4596 τῶν
2206 4542 2343 4594 ὅλων
2375 4537 2646 4590 Δεσπότου
2679 4533 2752 4604 μὴ
2797 4529 3094 4600 δυνηθῆναι
3137 4527 3274 4595 μήτε
3315 4522 3412 4594 τὴν
3445 4520 3656 4573 οἰκείαν

379 4651 708 4692 conservare
756 4636 1001 4706 potuisse
1032 4676 1047 4700 ,
1072 4650 1176 4690 nec
1215 4634 1532 4695 humanam,
1556 4649 1721 4702 quam
1750 4648 1968 4686 assum-

379 4730 506 4798 psit,
541 4730 684 4786 intra
715 4746 845 4786 suos
864 4729 1132 4786 terminos
1159 4726 1420 4788 retinere,
1445 4724 1539 4778 sed
1561 4739 1684 4793 quae
1705 4722 1969 4778 confundi

379 4835 490 4874 non
520 4828 753 4890 possunt
786 4819 1128 4881 eonfudisse,
1181 4815 1238 4869 et
1279 4828 1401 4884 quae
1433 4814 1654 4868 misceri
1685 4822 1971 4882 nequeunt

380 4911 802 4976 permiscuisse?
830 4911 972 4966 Huic
997 4908 1146 4962 enim
1181 4903 1483 4974 suspicioni
1511 4919 1617 4957 una
1649 4911 1844 4956 natura
1875 4919 1968 4956 oc-

379 5005 654 5059 casionem
683 5004 914 5074 praebet.

453 5095 662 5149 ERAN.
718 5095 852 5149 Mihi
889 5105 1110 5163 quoque
1157 5087 1499 5143 confusionis
1547 5103 1747 5141 nomen
1796 5087 1969 5142 decli-

377 5187 621 5241 nandum
655 5187 915 5241 videtur:
954 5181 1049 5236 sed
1083 5181 1220 5234 duas
1244 5188 1474 5233 naturas
1505 5179 1689 5234 dicere
1724 5179 1874 5244 nolo,
1901 5195 1969 5233 ne

381 5276 521 5332 duos
555 5279 698 5332 filios
729 5276 916 5329 dicere
949 5273 1156 5327 videar.

453 5367 662 5422 ORTH.
707 5367 820 5434 Ego
848 5378 981 5417 vero
1019 5371 1316 5431 utrumque
1375 5359 1661 5432 scopulum
1691 5362 1969 5416 declinare

382 5459 599 5520 studeo,
625 5466 739 5510 tum
771 5457 951 5524 impiae
991 5453 1353 5516 confusionis,
1386 5462 1500 5506 tum
1535 5454 1714 5522 impim
1738 5453 1966 5507 divisio-

382 5550 486 5605 nis.
521 5549 650 5602 Mihi
679 5550 828 5602 enim
869 5563 1024 5616 teque
1061 5546 1332 5599 nefarium
1363 5555 1680 5615 utrumque,
1717 5555 1771 5600 et
1795 5562 1964 5601 unum

455 5705 502 5736 ³⁸
537 5706 731 5758 Matth.
758 5720 890 5766 xxn,
930 5703 1018 5766 42,
1053 5703 1143 5756 45.

460 5837 571 5907 (Ξίέ)
617 5839 731 5890 Ἀσ.
767 5837 866 5891 Ed.
903 5838 1059 5891 Rom.
1091 5845 1142 5889 cl
1173 5836 1321 5905 Lips.
1351 5836 1648 5903 ἀκήρατον.

2074 4633 2238 4704 φύσιν
2255 4633 2562 4699 ἀσύγχυτον
2581 4626 2693 4696 (4⁸2)
2715 4622 3001 4684 διασῶσαι,
3032 4619 3168 4691 μήτε
3187 4616 3286 4687 τὴν
3305 4610 3654 4684 ἀνθρωπείαν

2072 4727 2139 4796 ἢν
2175 4721 2367 4776 ἔλαϐεν
2413 4721 2505 4772 ἐπὶ
2549 4716 2658 4769 τῶν
2704 4717 2847 4785 ὅρων
2887 4712 2997 4764 τῶν
3033 4707 3250 4762 οἰκείων
3301 4706 3648 4774 διατηρῆσαι,

2073 4795 2211 4870 ἀλλά
2253 4814 2484 4884 κερᾶσαι
2534 4809 2604 4861 τὰ
2651 4807 2888 4877 ἄκρατα,
2933 4803 3027 4855 καὶ
3082 4799 3233 4870 μῖξαι
3283 4797 3352 4848 τά
3407 4795 3650 4865 ἀμικτα;

2072 4903 2258 4958 Ταῦτα
2298 4903 2403 4973 γάρ
2437 4898 2765 4953 ὑποπτεύειν
2809 4896 2842 4963 ἡ
2879 4894 2976 4962 μία
3015 4890 3176 4960 φύσις
3217 4882 3650 4957 παρασκευάζει.

2139 5080 2340 5134 EPAN.
2378 5078 2488 5131 Καί
2519 5095 2608 5146 μοι
2643 5075 2702 5127 τὸ
2746 5071 2845 5140 τῆς
2881 5067 3196 5137 συγχύσεως
3233 5061 3464 5132 φευκτόν
3503 5059 3653 5110 ἐστιν

2069 5175 2241 5244 ὄνομα
2263 5189 2275 5202 ο
2303 5172 2395 5225 δύο
2425 5171 2481 5224 δὲ
2503 5170 2686 5236 λέγειν
2717 5161 3096 5235 παραιτοῦμαι
3131 5157 3343 5226 φύσεις,
3370 5154 3456 5207 ἴνα
3491 5151 3565 5222 μὴ
3581 5153 3649 5221 τῇ

2069 5265 2178 5319 τῶν
2215 5265 2348 5316 υἱῶν
2387 5260 2673 5330 περιπέσω
2697 5255 2868 5308 δυάδι.

2145 5358 2295 5410 ΟΡΘ.
2373 5352 2517 5421 Ἐγὼ
2591 5352 2645 5404 δὲ
2715 5353 2975 5416 ἑκάτερον
3031 5341 3313 5412 διαφυγεῖν
3365 5333 3652 5397 σπουδάζω

2077 5450 2344 5520 κρημνὸν,
2373 5449 2466 5500 καὶ
2498 5448 2588 5498 τὸν
2623 5445 2721 5513 τῆς
2758 5439 3050 5502 δυσσεϐοῦς
3081 5435 3420 5505 συγχύσεως,
3443 5426 3652 5482 καὶτὸν

2077 5544 2174 5612 τῆς
2199 5540 2495 5603 δυσσεϐοῦς
2537 5536 2873 5608 διαιρέσεως.
2913 5531 3068 5602 Ἑμο“ι¹
3093 5528 3202 5598 γὰρ
3246 5526 3378 5587 ἴσως
3415 5521 3651 5587 ἀνόσιον,
