2045 3214
202 182 260 216 ΜΟ

740 186 929 217 DIALOGUS
948 187 990 216 ll.
1005 200 1040 205 ν-
1058 187 1305 222 INC()NFUSUS.

1790 198 1840 231 150

197 242 250 269 καὶ
263 242 327 279 διχῆ
336 241 383 268 τὸν
392 241 442 270 ἕνα
458 242 585 279 μερίζειν
597 243 671 276 Υἰδν,
691 244 739 271 καὶ
753 245 784 271 τὸ
796 245 939 278 ἀρνεῖσθαι
955 244 995 279 τὴη

1056 245 1154 274 Filium
1173 248 1201 274 in
1220 248 1290 275 duos
1303 250 1438 283 dividere,
1453 257 1481 278 et
1493 251 1630 279 biuarmm
1643 261 1742 289 negare
1762 261 1841 283 natu-

195 287 286 315 δυάδα
296 287 352 315 τῶν
365 287 487 322 φύσεων.
503 288 572 315 Eine
586 289 615 316 δέ
629 298 674 325 μοι
698 290 765 325 πρὸς
786 291 836 325 τῆς
849 290 979 325 ἀληθείας
991 299 996 305 ·

196 333 227 359 εἴ
239 332 282 366 τις
295 341 337 360 σοι
358 333 416 361 τῶν
435 333 555 368 Ἀρείου,
577 335 593 370 ἢ
613 334 666 362 τῶν
686 336 820 370 Εὐνομίου
840 336 999 362 στασιωτῶν

196 378 470 415 προσδιαλεγόμενος
487 381 649 417 σμικρύνειν
661 382 707 408 τὴν
727 381 790 408 Υἱὺν
804 382 931 418 πειρῷτο,
951 382 999 409 καὶ

196 425 248 452 τοῦ
269 426 380 462 [ἰατρὸς
396 426 535 455 δεικνύναι
558 428 654 463 μείονά
670 437 699 454 τε
723 428 769 455 καὶ
793 429 997 464 ὑποδεέστερον,

195 471 297 499 ἐκεῖνα
321 471 424 506 λέγων,
441 472 514 508 ἅπερ
536 473 628 508 λέγειν
643 473 769 507 εἰώθασι,
785 474 832 501 καὶ
852 476 998 511 προφέρων

153 537 159 543 .
197 515 256 544 ἀπὸ
265 517 319 552 τῆς
330 517 410 550 θείας
422 518 535 555 Γραφῆς
546 519 591 545 τό·
610 529 618 545 ι
630 519 732 555 Πάτερ,
750 521 774 546 εί
790 521 911 552 δυνατὸν,
928 530 999 556 παρ-

198 562 306 590 ελθέτω
317 563 370 591 ἀπ’
382 563 452 600 ἐμοῦ
465 564 496 591 τὺ
510 565 642 601 ποτήριον
655 565 745 593 τοῦτο·
762 576 771 592 ι
789 567 836 593 καὶ
852 567 882 593 τό
896 577 902 582 -
920 577 929 592 ι
940 567 998 594 Νῦν

196 608 215 641 ἠ
231 606 309 644 ψυχή
326 616 380 644 μου
393 608 572 644 τετάρακται,
592 619 600 635 ι
624 610 672 637 καὶ
686 610 720 637 τὰ
741 612 808 638 ἄλλα
822 612 855 638 τὰ
868 612 980 639 τοιαῦτα
990 621 996 628 ·

195 652 259 684 πῶς
270 652 306 680 ἂν
325 653 412 681 αὐτοῦ
422 653 564 687 διαλύσαις
583 656 616 683 τὰ
637 656 836 693 προϐλήματα;
853 659 910 690 πῶς
925 659 947 685 δ’
965 659 998 686 ἂν

197 698 317 734 δείξειας
331 700 386 728 οὐκ
401 700 602 737 ἐλαττούμενον
614 703 647 729 ἐκ
665 703 769 730 τούτων
786 704 832 731 τὸν
846 705 920 735 my.
936 705 996 731 οὑδέ

196 754 231 780 γε
247 746 424 782 ἕτεροούσιον
438 748 515 781 ὄντα,
532 748 590 775 ἀλλ’
603 750 636 776 ὲκ
649 751 699 784 τῆς
719 749 765 777 τοῦ
780 751 887 786 Πατρὸς
904 760 998 786 γεγεν-

195 792 322 829 νημένον
333 793 432 825 οὐσίας
443 802 450 827 ;

237 881 477 918 DAE'EIMLF‘
494 883 539 914 ἂν,
556 883 594 915 ὡς
607 883 642 910 τὰ
658 884 707 919 μὲν
724 884 899 920 οεολογικῶς,
916 886 949 913 τὰ
969 887 996 913 δὲ

1050 300 1144 319 rarum
1158 302 1313 321 numerum.
1341 295 1388 322 Dic
1399 301 1490 323 autem
1507 298 1575 324 mihi
1591 306 1639 333 per
1650 300 1804 333 veritatem.
1818 302 1841 329 si

1050 338 1113 373 quis
1122 347 1154 366 ex
1163 339 1221 367 Arii
1232 340 1391 368 etEunomii
1402 343 1585 370 sectatoribus
1594 349 1684 371 tecum
1691 345 1841 378 disserers,

1049 389 1199 413 extenuare
1222 387 1321 413 Filium
1345 392 1503 421 conaretur,
1521 397 1639 424 eumque
1656 391 1735 418 Patre
1751 392 1840 418 utilio-

1050 438 1109 457 rem
1124 436 1154 458 et
1179 432 1338 459 inferiorem
1363 434 1520 466 ostendere,
1548 435 1592 462 illa
1612 436 1755 470 proferens
1780 446 1841 472 quae

1050 476 1142 504 dicere
1176 483 1390 510 consueverunt,
1424 483 1498 506 etex
1527 488 1604 507 saera
1633 481 1774 516 Scriptura
1801 484 1840 509 ei-

1051 527 1130 550 tans:
1149 533 1157 548 ι
1176 523 1257 550 Pater
1274 524 1321 557 mi,
1336 525 1358 551 si
1372 526 1503 559 possibile
1526 527 1605 561 ιιο
1618 532 1669 560 est,
1683 532 1803 555 transeat
1825 537 1840 556 a

1050 575 1094 595 me
1110 568 1180 595 calix
1196 568 1248 595 iste
1260 570 1303 602 ης
1324 579 1332 595 ι
1351 571 1437 597 item:
1457 580 1465 596 ι
1486 571 1565 598 Nunc
1584 572 1674 599 anima
1693 581 1752 599 mea
1775 581 1840 607 per—

1050 614 1159 641 turbata
1173 618 1215 641 est.
1225 615 1259 647 ",
1281 625 1290 641 ι
1306 620 1334 643 et
1350 616 1402 642 alia
1417 616 1585 651 hujusmodi,
1604 626 1657 652 qua
1671 619 1777 645 ratione
1788 620 1842 645 sol-

1049 668 1130 688 veres
1154 660 1242 695 ipsius
1257 662 1448 697 objectiones?
1462 665 1657 698 autquomodo
1668 665 1841 694 ostenderes.

1049 714 1105 734 non
1131 715 1164 734 ex
1189 707 1232 735 bis
1256 709 1390 736 minorem
1417 709 1486 736 etIici
1515 710 1626 742 Filium,
1649 719 1700 738 nec
1727 710 1842 737 alterius

1049 760 1110 780 esse
1132 753 1304 786 substantiae,
1318 756 1325 764 '
1339 755 1387 783 sed
1403 763 1436 783 ex
1453 755 1542 783 Patris
1564 756 1686 791 genitum
1702 764 1761 783 esse
1775 757 1841 783 sub-

1049 799 1166 827 stantia?

1086 885 1189 913 ERAN.
1221 886 1347 915 Dicerem
1376 895 1482 915 sacram
1507 889 1678 925 Scripturam
1697 892 1756 918 hate
1780 892 1842 926 qui—

203 920 384 964 οιιωνομικῶς
404 928 422 963 ἡ
442 927 504 955 θεία
514 928 590 964 λέγει
609 929 716 966 Γραφὴ,
733 931 780 957 καὶ
798 931 835 963 ὡς
849 932 879 958 οὺ
895 932 946 967 χρὴ
963 933 995 960 τὰ

1051 930 1111 958 dem
1137 931 1288 966 tlicologice
1313 932 1418 965 dicere,
1440 934 1486 961 illa
1508 943 1575 962 vero
1603 937 1773 964 (nconomice
1789 947 1795 964 ι
1811 942 1840 964 et

201 973 383 1021 οίκονομαῶς
394 973 533 1010 εἰρημένα
542 976 600 1006 τοῖς
610 975 775 1017 (ξεολογικοίς
788 978 994 1013 συναρμόττειν.

234 1063 314 1091 01⁵8.
332 1064 418 1092 Ἀλλά
430 1074 462 1100 γε
475 1066 580 1099 ἐκεῖνος
594 1069 659 1104 φαίη
673 1069 716 1101 ἂν,
731 1070 768 1101 ὡς
781 1071 832 1097 κάν
843 1074 875 1107 τῇ
891 1073 998 1109 Παλαιᾷ

195 1109 387 1147 οἰκονομικῶς
399 1111 417 1148 ἠ
432 1111 493 1139 θεία
503 1112 602 1148 Γραφὴ
620 1114 693 1149 λέγει
708 1116 803 1144 πολλὰ.
820 1118 931 1145 Τοιοῦτο
943 1120 998 1156 γάρ

192 1156 256 1183 ἐστι
281 1157 331 1184 τό·
349 1166 370 1187 ε,
387 1158 527 1187 Ἤκουσεν
547 1159 633 1196 Ἀδὰμ
648 1162 698 1197 τῆς
716 1163 810 1198 φωνῆς
824 1165 928 1200 Κυρίου
947 1166 995 1193 τοῦ

193 1201 268 1229 Θεοῦ
283 1203 510 1239 περιπατοῦντος
522 1213 530 1222 ·
550 1215 560 1232 ι
577 1207 623 1233 καὶ
643 1208 692 1234 τό·
712 1217 721 1233 ‹
746 1210 877 1242 Καταϐὰς
896 1211 996 1246 ὄψομαι

193 1248 221 1274 εἰ
235 1248 314 1276 κατὰ
328 1249 381 1285 τὴν
402 1251 528 1288 κραυγὴν
543 1253 634 1280 αὐτῶν
651 1253 700 1290 τὴν
715 1256 867 1291 ἐρχομένην
881 1259 950 1294 πρός
963 1268 997 1294 με

196 1293 409 1330 συντελῶνται,
426 1298 450 1323 εἰ
465 1297 494 1324 δὲ
513 1298 597 1334 μήγε,
617 1299 662 1326 ῐνα
677 1300 749 1332 γνῶ·
768 1310 776 1326 ι
791 1302 837 1328 καὶ
850 1303 897 1328 τό·
917 1312 925 1328 ι
940 1303 997 1330 Νῦν

193 1339 299 1374 ἔγνων,
317 1341 362 1368 ὅτι
385 1341 456 1378 φοϐῇ
484 1343 517 1371 σὺ
536 1343 584 1371 τὸν
609 1345 693 1372 Θεόν·
712 1355 721 1371 ι
745 1347 792 1373 καὶ
812 1348 897 1375 πολλὰ
913 1349 997 1385 ἕτερα

193 1393 326 1414 mm.

230 1431 341 1460 EPAN.
363 1433 438 1469 Πρὸς
453 1434 543 1463 ταῦτα
566 1433 872 1476 πάλιν”ἀποκριναίμην
896 1441 940 1473 ἂν,
959 1442 996 1474 ὡς

299 1477 359 1506 τῶν
375 1479 568 1518 οἱκονομιῶνή
587 1483 716 1520 διαφορά.
742 1486 786 1512 Ἐν
815 1487 865 1521 μὲν
886 1487 941 1523 γὰρ
961 1490 994 1524 τῇ

194 1522 309 1559 “aluit?
336 1523 426 1560 λόγων
445 1527 577 1554 τοιούτων
593 1529 746 1565 οἰκονομία,
763 1531 881 1560 ἐνταῦθα
898 1522 930 1560 δὲγ
949 1522 996 1561 καί

195 1570 391 1605 πραγμάτων.

234 1615 317 1643 οΡθ.
344 1616 418 1644 Ἀλλ’
433 1617 525 1654 ἔροιτο
547 1619 582 1647 ἂν
604 1622 724 1654 ἐκεῖνος·
748 1623 836 1650 Ποίων
863 1626 994 1661 πραγμά-

194 1669 253 1688 των
262 1670 272 1695 ς
629 1669 632 1672 ⁴

230 1707 338 1736 ΕΡΔΝ.
360 1708 432 1737 ¹Δλλ²
454 1711 538 1744 εὐθὺς
556 1713 717 1747 ἀκούσεται,
739 1716 793 1743 τῶν
812 1718 862 1753 τῆς
876 1719 993 1754 σαρκώ-

195 1759 281 1785 catos.
299 1753 537 1792 Ἕνανθρωπήσας
552 1758 606 1794 γὰρ
623 1760 637 1785 ὁ
652 1761 716 1792 Υίὸς
728 1762 775 1788 τοῦ
794 1763 873 1796 Θεοῦ,
888 1753 936 1791 καὶ
949 1765 995 1792 διὰ

195 1799 335 1846 ῥημάτων
347 1801 395 1828 καὶ
411 1803 673 1838 πραγμάτων,ποτὲ
691 1807 740 1843 μὲν
755 1808 804 1843 τὴν
815 1808 915 1846 σάρκα,
929 1812 994 1838 ποτὲ

193 1845 224 1871 δὲ
238 1846 293 1882 τὴν
313 1845 432 1884 θεότητα
448 1848 600 1878 δείκνυσιν·
615 1853 710 1890 ὥσπερ
732 1856 829 1889 ἀμέλει
853 1858 993 1885 κάνταῦθα

192 1892 246 1937 τῆς
266 1893 373 1935 σαρκὸς
395 1895 444 1923 καὶ
462 1896 515 1931 τῆς
539 1897 629 1934 ψυχῆς
651 1900 737 1933 ἔδειξε
763 1902 813 1937 τὴν
834 1904 991 1932 ἀσθένειαν·

191 1931 302 1970 δειλίας
318 1938 374 1975 γὰρ
388 1940 420 1967 τὸ
438 1941 535 1974 πάθος.

229 1984 403 2034 οΡθ.-ει-δέ
424 1995 457 2021 γε
486 1988 632 2017 ὑπολαϐὼν
652 1992 741 2019 εἴποι·
759 1995 814 2021 Καὶ
836 1996 890 2032 μὴν
904 1997 993 2034 ψυχὴν

191 2030 248 2078 οὐκ
255 2030 414 2078 ᾼὰνιλαὸεν,
442 2033 512 2062 ἀλλὰ
537 2035 617 2071 σῶμα
635 2038 726 2073 μόνον,
742 2041 757 2075 ἡ
776 2041 804 2067 δὲ
819 2030 916 2078 eam:

314 2077 450 2125 ινωρετσα
473 2080 514 2115 τῷ
543 2072 650 2117 σώματι
671 2072 761 2113 πάντα
781 2087 816 2114 τὰ
834 2072 993 2125 τῆς-ᾇυχῆς

192 2122 349 2166 ἀνεδέξατο
362 2123 433 2159 (45),
450 2126 540 2158 ποίοις
560 2127 594 2155 ἂν
610 2129 701 2164 λόγοις
715 2132 765 2166 τὴν
782 2122 920 2161 ἀντίθεσιν

191 2164 296 2201 λύσαῖς
312 2168 370 2205 (Mi
380 2179 389 2203 ;

230 2216 339 2244 ΕΡΔΝ.
370 2218 420 2246 Ἐκ
445 2219 496 2255 τῆς
522 2220 596 2253 Θείας
624 2223 738 2258 Γραφῆς
765 2225 815 2258 τὰς
839 2227 992 2261 ἀποδείξεις

1049 985 1110 1012 quae
1125 978 1294 1005 oeconomice
1312 978 1385 1006 dicta
1415 980 1480 1012 sint,
1497 981 1658 1017 theologieis
1673 983 1758 1010 tribui
1784 991 1840 1010 non

1049 1022 1160 1050 debere.

1084 1069 1190 1098 ORTH.
1211 1071 1264 1099 Sed
1283 1073 1328 1100 ille
1341 1073 1486 1108 obiiceret,
1515 1074 1587 1107 quod
1604 1073 1687 1100 etiam
1702 1073 1730 1100 in
1748 1073 1839 1101 Veteri

1049 1117 1226 1146 Testamento
1250 1121 1337 1147 multa
1349 1121 1518 1148 (economiee
1539 1120 1630 1147 divina
1646 1120 1787 1155 Scriptura
1799 1122 1840 1148 di-

1048 1172 1111 1192 cere
1134 1166 1231 1193 soleat.
1260 1166 1324 1194 Tale
1339 1168 1412 1194 enim
1437 1172 1479 1195 est
1500 1167 1584 1194 illud:
1600 1177 1609 1193 ι
1625 1166 1738 1195 Audivit
1753 1168 1839 1194 Adam

1048 1219 1144 1238 vocem
1166 1212 1275 1239 Domini
1293 1213 1341 1241 Dei
1357 1214 1525 1241 ambulantis
1536 1214 1576 1247 ἐς
1598 1224 1606 1240 ι
1630 1219 1658 1242 et
1673 1214 1742 1241 hoc:
1761 1224 1770 1239 ‹
1787 1215 1840 1241 De-

1048 1256 1190 1289 scendam,
1208 1263 1235 1284 et
1248 1258 1361 1291 videbo,
1372 1264 1464 1287 utrum
1481 1267 1629 1287 ciamorem
1647 1260 1694 1294 qui
1715 1260 1789 1287 venit
1804 1258 1838 1286 ad

1048 1311 1092 1331 me
1110 1311 1194 1338 opere
1211 1305 1421 1339 compleverint,
1437 1313 1470 1332 an
1494 1306 1596 1338 minus,
1614 1309 1657 1333 ut.
1671 1306 1755 1333 sciam
1766 1307 1809 1338 ²⁹;
1827 1316 1836 1331 ι

1048 1349 1113 1376 item
1128 1358 1134 1376 :
1152 1350 1244 1377 «Nunc
1253 1351 1368 1386 cognovi
1382 1352 1456 1386 quod
1468 1352 1565 1379 timeas
1575 1352 1661 1379 Deum
1676 1352 1713 1386 ³⁰;
1724 1362 1732 1378 ι
1749 1357 1776 1380 et
1786 1353 1838 1379 alia

1047 1396 1207 1431 hujusmodi
1220 1397 1318 1424 multa.

1081 1442 1184 1469 ERAN.
1201 1442 1242 1470 Ad
1265 1443 1323 1471 haec
1338 1443 1429 1471 denuo
1445 1444 1653 1479 responderem,
1669 1444 1837 1471 (nconomia-

1047 1496 1108 1514 rum
1122 1496 1170 1516 seu
1190 1489 1427 1524 dispensationum
1441 1490 1621 1525 multiplicem
1632 1498 1692 1517 esse
1709 1489 1839 1516 diﬂ‘ereu-

1048 1534 1122 1560 tiam.
1148 1534 1216 1561 Nam
1238 1535 1264 1561 in
1288 1535 1380 1562 Veteri
1410 1535 1585 1563 Testamento
1615 1536 1760 1563 verborum
1785 1535 1839 1561 hu-

1046 1580 1167 1614 jusmodi
1187 1584 1230 1608 est
1251 1581 1432 1616 dispensatio,
1451 1582 1496 1609 hic
1513 1587 1604 1609 autem
1622 1582 1704 1609 etiam
1733 1590 1837 1610 rerum.

1084 1626 1189 1654 ORTII.
1200 1627 1254 1655 Sed
1268 1627 1452 1664 interrogabit
1466 1629 1521 1659 ille,
1533 1637 1714 1663 quarumnam
1727 1629 1837 1656 rerum?

1082 1716 1184 1743 ERAN.
1198 1716 1233 1743 At
1244 1717 1336 1744 statim
1362 1717 1465 1749 audiet,
1493 1724 1586 1744 earum
1612 1724 1672 1751 quae
1701 1716 1839 1751 pertinent

1048 1761 1082 1788 ad
1111 1761 1340 1788 incarnationem.
1360 1762 1449 1789 Homo
1465 1762 1539 1788 enim
1564 1762 1652 1789 factus
1673 1762 1758 1790 Filius
1777 1762 1837 1793 Dei,

1048 1812 1076 1835 et
1095 1808 1187 1835 verbis
1222 1812 1250 1836 et
1269 1809 1369 1843 reipsa,
1387 1816 1461 1835 nunc
1484 1808 1595 1843 quidem
1618 1816 1739 1840 carnem,
1764 1815 1838 1835 nunc

1047 1861 1114 1880 vero
1136 1854 1306 1881 divinitatem
1327 1853 1465 1881 ostendit:
1495 1853 1567 1880 sicut
1580 1858 1654 1880 certe
1670 1853 1721 1880 hoc
1736 1853 1796 1879 loco
1809 1858 1838 1879 et

1047 1901 1146 1928 animze
1162 1905 1190 1928 et.
1215 1902 1307 1928 carnis
1335 1901 1521 1928 inﬁrmitatem
1549 1900 1683 1933 ostendit;
1704 1904 1746 1927 est
1763 1899 1837 1927 enim

1048 1947 1155 1974 timoris
1170 1948 1289 1975 achctio.

1083 1993 1187 2021 ORTH.
1203 1994 1231 2021 Si
1241 2002 1307 2021 vero
1320 1995 1489 2029 respondens
1501 1994 1613 2025 dixerit.
1623 1994 1705 2029 Atqui
1718 1994 1837 2021 animam

1047 2048 1103 2066 non
1115 2040 1273 2074 assumpsit,
1292 2039 1340 2067 sed
1365 2040 1452 2067 solum
1466 2048 1577 2074 corpus,
1592 2040 1722 2066 divinitas
1745 2043 1837 2066 autem

1046 2085 1107 2112 vice
1118 2086 1217 2112 anima:
1233 2086 1343 2120 corpori
1362 2086 1438 2120 ιιι
1451 2086 1538 2117 unita,
1555 2086 1652 2113 anima:
1666 2085 1754 2112 oﬂicia
1776 2093 1837 2111 om-

1046 2131 1092 2158 nia
1107 2135 1235 2158 exsecuta
1247 2136 1299 2163 est,
1309 2131 1410 2166 quibus
1424 2131 1577 2158 rationibus
1593 2130 1776 2166 objectionem
1793 2138 1837 2157 re~

1047 2177 1168 2205 futabis?

1082 2224 1186 2251 ERAN.
1213 2224 1252 2251 Ex
1269 2216 1363 2250 divina
1389 2222 1532 2257 Scriptura
1550 2222 1694 2256 proferens
1723 2220 1837 2247 demon—

193 2262 359 2308 προφέρων.
378 2264 427 2291 καὶ
446 2264 555 2298 δεικνὺς
581 2267 619 2299 ὼς
638 2269 669 2295 οὺ
691 2270 781 2305 σάρκα
807 2272 901 2308 μόνην,
924 2275 992 2302 ἀλλὰ

1051 2270 1204 2301 slrationes,
1222 2274 1250 2296 et
1265 2268 1414 2296 ostendens
1442 2268 1527 2294 Deum
1544 2266 1663 2293 Verbum
1679 2273 1731 2293 non
1748 2265 1837 2292 solum

190 2307 244 2334 καὶ
259 2308 353 2344 ψυχὴν
371 2310 386 2336 ὸ
401 2309 469 2342 Θεὸς
481 2311 570 2350 Λᾴγος
585 2313 728 2344 ἀνέλαϐεν.

230 2352 311 2401 οιιοζ
327 2354 385 2381 Καὶ
395 2355 477 2388 ποίας
489 2357 521 2383 ἑν
535 2358 568 2394 τῇ
586 2359 681 2396 Γραφῇ
699 2362 828 2395 τοιαύτας
839 2364 992 2401 εὑρήσομεν

192 2399 352 2433 ἀποδείξας
363 2408 372 2433 ;

230 2444 339 2473 RPAN.
348 2445 406 2473 οὐκ
414 2446 536 2481 ἤκουσας
547 2448 594 2476 τοῦ
607 2450 710 2483 Κυρίου
722 2452 850 2486 λέγοντος
860 2463 867 2469 ·
879 2464 887 2480 ι
902 2456 993 2487 Ἐξου-

193 2488 260 2536 σιαν
275 2488 334 2536 ἔχω
342 2490 444 2536 Αθετναι
462 2491 514 2528 τὴν
529 2492 621 2529 ψυχήν
645 2504 708 2530 μου⁹
728 2498 775 2523 καὶ
790 2498 914 2530 ἐξουσίαν
938 2500 993 2536 ἔχω

194 2534 283 2580 πάλιν
298 2534 395 2580 λαϐεῖν
413 2537 500 2573 αὐτὴν
510 2545 517 2553 ⁸
533 2539 630 2574 τίθημι
647 2541 732 2577 αὐτὴν
746 2542 792 2569 ἀπ’
804 2545 936 2580 ἐμαυτοῦ,
952 2534 996 2573 ίνα

194 2579 283 2607 πάλιν
308 2579 387 2607 λάσω
401 2581 506 2618 αὐτήν·
527 2592 538 2609 ι
565 2584 613 2610 καὶ
633 2584 729 2612 πάλιν⁸
749 2595 758 2612 t
785 2587 817 2614 ’Π
842 2588 914 2624 ψυχή
943 2599 994 2625 μου

192 2625 245 2653 νῦν
259 2627 447 2663 τετάρακταιι
473 2637 484 2653 ι
501 2628 548 2655 καὶ
573 2627 653 2663 αὖθις
666 2640 672 2647 ·
690 2641 699 2657 ι
722 2633 875 2668 Περίλυπός
890 2636 992 2672 ἐστινὴ

191 2671 272 2707 ψυχή
295 2680 350 2707 μου
375 2672 430 2705 ἕως
456 2672 591 2700 θανάτου·
609 2684 619 2700 ι
646 2677 735 2704 καὶτὸ
755 2679 830 2714 παρὰ
848 2680 895 2707 τοῦ
913 2671 994 2709 Δαῶδ

193 2717 356 2754 εἰρημένον,
383 2719 431 2746 καὶ
447 2719 525 2755 παρὰ
536 2721 585 2747 τοῦ
600 2721 705 2756 Πέτρου
718 2724 934 2761 ἡρμηνευμένον,
952 2729 993 2755 ὅτι

231 2799 257 2816 ’⁸
275 2800 374 2843 gatth.
389 2809 464 2833 xxw,
555 2803 585 2843 1’
594 2804 673 2843 εἰροιι.
692 2814 739 2837 xu,
753 2806 798 2843 27ἴ
841 2809 863 2825 ’⁸
879 2809 947 2838 Gen.
961 2819 995 2843 ιιι,

1080 2812 1103 2828 ¹⁹
1117 2811 1186 2839 Gen.
1200 2817 1274 2842 ιινιιι,
1286 2809 1332 2836 2L

192 2833 239 2863 28.
276 2836 299 2853 ⁸³
311 2837 395 2865 Joan.
410 2844 458 2870 xu,
476 2837 522 2864 27.
555 2838 577 2854 ³³
592 2838 688 2866 Matth.
705 2833 777 2873 xivv,
793 2842 837 2869 58.

230 2904 288 2940 (45)
303 2904 355 2933 Ed.
375 2904 456 2932 Rom.
469 2904 589 2940 ct‘Lips.
602 2906 766 2938 ἀναδέξοιῐο.

1045 2324 1156 2344 carnem
1171 2315 1218 2343 sed
1232 2315 1313 2342 etiam
1323 2314 1441 2341 animam
1450 2313 1641 2347 assumpsisse.

1081 2361 1185 2389 ORTll.
1200 2361 1315 2389 Ubinam
1329 2360 1396 2387 tales
1410 2360 1436 2386 in
1451 2359 1593 2393 Scriptura
1608 2356 1776 2391 reperiemus
1790 2355 1837 2382 dc-

1045 2407 1258 2436 monstrationes
1268 2406 1280 2432 ?
1807 2428 1818 2437 ι

1081 2452 1186 2481 ERAN.
1216 2453 1314 2480 Annon
1343 2451 1471 2478 audivisti
1504 2450 1650 2477 Dominum
1678 2448 1834 2476 dicentem:

1049 2510 1059 2526 ‹
1076 2501 1243 2528 Potestatem
1257 2498 1347 2525 habeo
1358 2497 1478 2532 ponendi
1493 2496 1613 2523 animam
1633 2502 1732 2526 meam,
1746 2497 1775 2520 et
1787 2500 1836 2527 po-

1044 2550 1170 2573 testatem
1187 2544 1275 2571 habeo
1288 2551 1384 2570 rursus
1395 2542 1523 2570 sumendi
1536 2549 1612 2568 eam:
1625 2547 1698 2575 pono
1713 2546 1783 2570 cam,
1804 2542 1836 2564 ut

1043 2592 1145 2619 iterum
1165 2597 1271 2617 sumam
1292 2588 1396 2621 eam";
1412 2597 1421 2614 ι
1448 2591 1476 2615 et
1496 2587 1615 2614 iterum:
1635 2595 1644 2611 ‹
1662 2585 1758 2612 Anima
1773 2590 1834 2610 mea

1043 2645 1118 2664 nunc
1135 2636 1246 2664 turbata
1261 2639 1303 2663 est
1313 2635 1350 2668 3';
1371 2643 1380 2659 ›
1400 2638 1445 2661 et:
1462 2643 1471 2658 ι
1486 2633 1585 2660 Tristis
1605 2635 1647 2659 est
1665 2630 1755 2657 anima
1772 2635 1833 2654 mea

1044 2690 1132 2717 usque
1143 2682 1176 2709 ad
1187 2686 1303 2708 mortem
1316 2680 1353 2713 '3;
1377 2689 1385 2705 ι
1399 2683 1427 2706 et
1437 2678 1510 2713 quod
1522 2685 1536 2704 a
1547 2676 1648 2704 Davide
1661 2674 1765 2701 dictum
1779 2675 1832 2703 est.

1043 2734 1072 2757 et
1081 2737 1097 2756 a
1112 2729 1195 2756 Petro
1205 2726 1361 2762 expositum
1375 2735 1381 2752 :
1400 2736 1409 2752 ι
1424 2725 1485 2752 Non
1498 2723 1628 2751 derelicta
1637 2721 1716 2748 estin
1725 2718 1833 2747 inferno

1387 2807 1485 2835 “Gen.
1502 2812 1566 2836 χχιι,
1581 2803 1622 2830 t2.
1661 2801 1681 2817 ³¹
1699 2801 1779 2829 Joan.
1805 2806 1831 2830 χ,
1853 2837 1857 2839 _

1087 2911 1140 2945 (Η)
1157 2911 1194 2937 Ib.
1205 2908 1352 2936 διαλύσαιο.
