4090 6458
375 406 470 474 151

1369 403 1859 465 THEODORETI
1898 403 2237 465 EPISCOI’I
2276 403 2642 465 CYRENSIS

3541 398 3645 466 152

371 524 554 577 anima
579 520 722 591 ejus.
737 531 918 588 neque
946 531 1076 572 caro
1097 517 1216 587 ejus
1234 516 1372 570 vidit
1397 516 1814 586 corruptionem
1840 517 1964 570 "1?»

2094 535 2098 567 τ
2139 517 2256 570 Οὐκ
2293 515 2691 586 ἐγκατελείφθη
2741 513 2819 576 είς
2846 511 2974 584 ᾅδου
3003 513 3036 584 ὴ
3061 511 3207 583 ψυχὴ
3237 512 3424 577 αὑτοῦ,
3453 513 3576 572 οὔτε
3613 523 3648 591 ἠ

375 613 501 668 Haec
531 621 587 668 et
616 613 724 666 alia
758 611 812 666 id
843 625 1018 681 genus
1072 617 1261 678 aperte
1294 608 1614 672 ostendunt,
1643 608 1791 678 quod
1819 609 1968 662 Deus

373 705 618 760 Verbum
645 720 758 757 non
790 702 968 757 solum
999 716 1243 765 carnem,
1285 700 1380 755 sed
1413 701 1579 755 etiam
1613 701 1851 754 animam
1884 715 1968 754 as-

375 795 696 865 sumpserit.

437 885 646 941 ORTH.
675 884 811 953 Apte
827 883 1169 946 admodum,‘
1183 892 1231 936 ut
1252 883 1484 936 candide
1507 883 1626 937 haec
1651 880 1968 936 testimonia

375 975 680 1045 protulisti.
711 975 819 1030 Sed
841 974 1070 1045 objiciet
1098 975 1210 1037 ille,
1237 975 1387 1043 quod
1411 975 1579 1028 etiam
1608 981 1733 1026 ante
1783 973 1967 1025 incar-

377 1065 658 1119 nationem
709 1065 856 1118 Deus
902 1063 1125 1120 Judaeos
1157 1065 1443 1132 alloquens
1484 1063 1725 1116 dixerit:
1759 1079 1777 1111 ι
1822 1061 1970 1130 Jeju-

377 1158 554 1220 nium,
581 1165 638 1212 et
665 1157 863 1219 otium,
888 1164 945 1211 et
983 1155 1364 1210 solemnitates
1388 1165 1602 1208 vestras
1643 1151 1759 1206 odit
1787 1151 1970 1204 anima

379 1265 504 1304 mea
524 1249 590 1303 3'.
632 1268 650 1299 ι
682 1248 892 1302 Deinde
917 1248 996 1302 sic
1043 1247 1464 1301 ratiocinabitur
1489 1263 1500 1298 :
1529 1245 1673 1298 sicut
1698 1243 1754 1296 in
1784 1241 1970 1296 Veteri

381 1340 758 1404 Testamento,
778 1356 904 1394 cum
922 1340 1161 1393 animam
1189 1354 1298 1392 non
1326 1338 1576 1401 haberet,
1599 1336 1797 1390 anime
1813 1349 1970 1388 men-

382 1432 596 1488 tionem
621 1432 772 1496 fecit,
800 1433 877 1486 ita
909 1432 1088 1487 ethoc
1111 1432 1236 1485 loco
1267 1429 1419 1485 fecit.

455 1616 668 1671 ERAN.
720 1615 791 1670 At
838 1630 1032 1670 rursus
1085 1612 1274 1668 audiet
1327 1610 1475 1680 quod
1526 1609 1691 1663 etiam
1727 1620 1975 1676 corporis

387 1707 633 1778 partium
661 1707 729 1761 de
749 1707 865 1760 Deo
891 1706 1124 1774 loquens
1152 1703 1436 1772 Scriptura
1458 1716 1612 1754 sacra
1636 1697 1972 1752 meminerit.

392 1820 412 1878 ι
437 1799 645 1854 inclina
669 1799 827 1866 112
849 1796 1021 1859 enim,
1055 1794 1255 1863 inquit,
1285 1807 1475 1846 aurem
1503 1799 1674 1854 tuam,
1697 1801 1753 1846 et
1774 1789 1973 1845 exaudi

384 1871 474 1945 tne
493 1889 568 1955 ³⁶;
595 1908 614 1940 ι
641 1865 709 1944 et
728 1865 763 1942 ἶ
783 1907 805 1940 ι
824 1888 992 1956 Aperi
1016 1885 1208 1940 oculos
1225 1891 1369 1946 tuos,
1396 1892 1452 1937 et
1473 1883 1600 1939 vide
1619 1883 1682 1914 ’δ’
1702 1877 1832 1944 ;'et:
1867 1900 1884 1932 (
1907 1880 1980 1936 Os
2014 1865 2053 1916 Β

384 1981 603 2038 Domini
642 1981 760 2036 haec
791 1979 1037 2035 locutum
1069 1978 1214 2032 est"
1240 1993 1256 2042 ;
1300 1996 1318 2028 ›
1349 1976 1416 2030 Et
1445 1993 1456 2027 :
1490 1993 1508 2025 ι
1541 1974 1735 2028 Manus
1764 1982 1871 2028 tua:
1903 1972 1983 2027 fe-

387 2081 586 2130 cerunt
623 2089 732 2141 me,
766 2082 826 2129 et
875 2072 1256 2129 formaverunt
1287 2085 1373 2124 me
1399 2069 1484 2134 ³¹’;
1521 2087 1538 2118 ι
1569 2076 1624 2121 et
1658 2067 1766 2121 alia
1821 2066 1984 2120 innu-

385 2179 545 2219 mera
569 2161 864 2233 ejusmodi.
916 2159 1074 2227 Quod
1107 2159 1154 2215 si
1178 2161 1345 2214 etiam
1383 2166 1509 2227 post
1541 2155 1982 2212 incarnationem

389 2255 578 2310 anima
609 2270 722 2309 non
746 2253 1104 2324 intelligenda
1131 2262 1217 2307 est
1242 2251 1447 2315 anima,
1481 2264 1586 2305 nec
1624 2264 1825 2319 corpus
1852 2263 1983 2319 ergo

390 2362 598 2417 corpus
633 2346 1055 2418 intelligendum
1096 2363 1109 2398 :
1153 2353 1210 2400 et
1267 2343 1583 2399 invenietur
1614 2343 1776 2396 inane
1823 2356 1983 2412 spee-

390 2447 542 2499 trum
579 2453 837 2509 magnum
894 2437 1328 2508 dispensationis
1362 2436 1708 2508 mysterium,
1739 2434 1984 2488 nullum-

393 2546 504 2601 que
533 2529 832 2585 discrimen
859 2529 967 2584 erit
991 2529 1138 2584 inter
1161 2544 1285 2593 nos,
1310 2537 1367 2583 et
1395 2528 1749 2592 Mareionem,
1786 2527 1986 2581 Valen-

396 2623 580 2676 tinum
624 2631 682 2677 et
727 2621 1027 2686 Manetem,
1086 2623 1182 2692 qui
1231 2621 1370 2676 tales
1418 2621 1635 2676 fabulas
1685 2621 1985 2676 commenti

397 2725 550 2772 sunt.

460 2806 673 2863 ORTH.
712 2806 770 2864 Si
792 2820 930 2865 vero
957 2807 1407 2878 colloquentibus
1426 2809 1588 2865 nobis
1609 2809 1800 2866 subito
1821 2809 1991 2869 inter-
2021 2795 2024 2798 ’

396 2898 587 2955 veniat
640 2899 914 2970 quispiam
943 2913 1015 2955 ex
1049 2899 1279 2956 cohorte
1299 2900 1651 2971 Apollinarii,
1686 2909 1744 2958 et
1783 2911 1941 2975 roget
1970 2920 1987 2959 :

399 2988 658 3057 Qualem,
681 2989 882 3045 obone
908 2989 1014 3056 vir,
1044 2991 1286 3046 animam
1315 2990 1472 3047 dicas
1515 2991 1847 3066 (Christum)
1902 3009 1992 3050 as-

402 3083 740 3152 sumpsisse?
765 3082 900 3152 quid
922 3085 1322 3153 respondebis?

2076 607 2213 679 σὰρξ
2245 608 2408 662 αὐτοῦ
2431 602 2540 660 εἶδε
2567 603 2900 674 διαφθοράνς
2927 621 2946 654 ι
2975 602 3164 656 Ταῦτα
3181 604 3275 657 καὶ
3303 603 3402 658 ὅσα
3426 607 3652 664 τοιαῦτα.

2074 700 2263 769 σαφῶς
2285 700 2584 764 δείκνυσιν,
2621 697 2698 762 ὡς
2742 697 2803 750 οὐ
2846 696 3008 767 σῶμα
3045 696 3227 767 μόνον,
3259 696 3398 750 ἀλλά
3428 699 3522 752 καὶ
3549 699 3652 772 ψυ-

2072 799 2173 870 χὴν
2207 801 2234 852 ό
2275 799 2408 861 Θεὸς
2439 797 2613 866 Λόγος
2638 796 2922 850 ἀνέλαϐεν.

2146 892 2298 946 ΟΡΘ.
2339 889 2642 960 ’Δρμοδίως
2681 890 2779 957 μὲν
2807 889 2966 956 ἄγαν,
3017 887 3112 940 καὶ
3151 887 3514 958 εὐγνωμόνως
3538 887 3652 955 (45)

2073 983 2173 1045 τὰς
2210 982 2516 1052 μαρτυρίας
2547 982 2892 1052 παρήγαγες.
2932 978 3210 1049 ,Ἀντιθείη
3251 979 3298 1032 δ’
3327 979 3393 1033 ἂν
3422 981 3652 1044 ἐκεῖνος,

2072 1075 2147 1138 ὠς
2177 1075 2272 1128 καὶ
2316 1073 2424 1146 πρὸ
2449 1076 2550 1143 τῆς
2584 1071 3053 1143 ὲνανθρωπήσεως
3090 1070 3473 1141 διαλεγόμενος
3520 1072 3649 1125 Ἰουο

2074 1167 2246 1230 δαίοις
2274 1167 2302 1219 ὁ
2336 1167 2468 1230 Θεὸς
2505 1166 2610 1235 ἔφη
2632 1182 2645 1195 ·
2689 1185 2708 1217 ι
2737 1163 3034 1235 Νηστείαν,
3068 1163 3161 1217 καὶ
3189 1163 3408 1234 ἀργίαν,
3443 1159 3536 1217 xiii
3556 1161 3660 1224 τὰς

2077 1260 2272 1330 ἑορτὰς
2309 1259 2422 1330 (46)
2456 1258 2610 1329 ὑμῶν
2645 1257 2799 1328 μισεῖ
2831 1257 2864 1321 ὴ
2906 1254 3055 1324 ψυχή
3085 1271 3210 1322 μου.
3253 1273 3272 1306 ι
3311 1250 3444 1307 Είτα
3473 1253 3660 1306 συλλο-

2075 1350 2365 1420 γιζόμενος
2399 1351 2535 1420 φαίη
2569 1349 2657 1414 ἂν,
2690 1349 2794 1411 ὅτι,
2841 1345 3093 1416 καθάπερ
3114 1347 3172 1398 ὲν
3207 1348 3271 1416 τῇ
3313 1346 3524 1417 Παλαιᾷ
3560 1347 3662 1416 ψυ-

2076 1441 2176 1512 χὴν
2201 1442 2302 1494 οὐκ
2344 1441 2484 1511 ἔχων
2530 1438 2909 1511 ἐμνημόνευσε
2951 1434 3150 1506 ψυχῆς,
3194 1435 3341 1490 οὕτω
3385 1433 3663 1490 κάνταῦθα

2076 1552 2145 1588 πε
2155 1535 2402 1600 ποίηκεν.

2150 1627 2356 1680 EPAN.
2403 1625 2544 1678 Ἀλλ’
2567 1623 2862 1678 ἀκούσεται
2890 1625 3074 1689 πάλιν,
3107 1622 3184 1685 ὡς
3212 1622 3307 1676 καὶ
3337 1619 3666 1692 σωματικῶν

2083 1719 2289 1788 μορίων
2338 1719 2470 1789 περὶ
2535 1717 2671 1770 Θεοῦ
2722 1717 3082 1789 διαλεγομένη
3132 1717 3406 1787 μέμνηται
3451 1716 3485 1785 ἡ
3543 1713 3669 1766 θεία

2081 1811 2298 1881 Γραφή.
2338 1829 2356 1862 ι
2398 1810 2594 1864 Κλῖνον
2641 1811 2771 1881 γὰρ,
2824 1811 2980 1882 φησὶ,
3024 1809 3086 1862 τὸ
3116 1804 3210 1871 οὖς
3243 1825 3359 1870 σου,
3404 1806 3499 1859 καλ¹
3535 1805 3667 1875 (46‘)

2085 1899 2392 1954 ὲπὰκουσόν
2431 1914 2567 1970 μουο
2623 1919 2642 1951 ι
2681 1899 2812 1953 καί·
2853 1919 2872 1950 ι
2907 1898 3154 1965 Ἀνοιξον
3197 1899 3324 1960 τοὺς
3357 1896 3672 1966 ὀφθαλμούς

2086 2009 2203 2056 σου,
2232 1993 2327 2045 καὶ
2374 1991 2482 2045 ῐδε·
2536 2011 2555 2044 ι
2614 1992 2710 2045 καί
2737 2008 2751 2020 ⁸
2790 2011 2809 2044 ι
2849 1991 2923 2045 Τὸ
2963 1991 3141 2060 στόμα
3186 1989 3392 2062 Κυρίου
3440 1989 3672 2058 ἐλάλησε

2082 2085 2282 2138 ταῦτα·
2325 2103 2344 2136 ι
2396 2085 2530 2138 καὶ·
2581 2104 2599 2136 ι
2637 2085 2704 2137 Ai
2753 2084 2940 2156 χεῖρές
2993 2100 3088 2136 σου
3133 2082 3397 2151 ἐποίησάν
3443 2097 3530 2152 με,
3576 2079 3674 2134 καὶ

2083 2177 2327 2231 ἔπλασαν
2382 2194 2473 2248 με,
2514 2196 2532 2228 ι
2576 2177 2671 2230 καὶ
2708 2176 2879 2248 μυρία
2931 2176 3180 2230 τοιαῦτα.
3233 2176 3295 2228 El
3347 2173 3529 2226 τοίνυν
3577 2171 3675 2226 καὶ

2088 2269 2228 2341 μετά
2246 2268 2346 2340 τὴν
2369 2267 2528 2322 ὲνανθ
2540 2268 2788 2340 ρώπησιν
2813 2267 2910 2340 τὴν
2933 2267 3116 2340 ψυχὴν
3140 2268 3200 2320 οὺ
3222 2265 3401 2338 ψυχὴν
3430 2263 3674 2335 νοητέον,

2085 2359 2208 2414 οὔτε
2249 2359 2310 2413 τὸ
2347 2360 2507 2430 σῶμα
2547 2361 2657 2430 ἄρα
2698 2359 2858 2430 σῶμα
2892 2360 3142 2432 νοητέον·
3191 2359 3284 2413 καὶ
3318 2359 3677 2430 εὑρεθήσεται

2088 2452 2365 2520 φαντασία
2413 2451 2475 2504 τὸ
2528 2453 2671 2521 μέγα
2714 2452 2816 2520 τῆς
2849 2453 3164 2524 οἰκονομίας
3215 2452 3534 2522 μυστήριον,
3580 2451 3678 2504 καὶ

2087 2541 2365 2612 διοίσομεν
2427 2542 2583 2594 οὐδὲν
2629 2542 2976 2613 Μαρκίωνος,
3033 2543 3128 2596 καὶ
3182 2542 3525 2605 Βαλεντίνου,
3583 2544 3679 2594 καὶ

2087 2632 2403 2695 Μάνεντοςο
2439 2629 2664 2685 τοιαῦτα
2726 2630 2837 2702 γὰρ
2887 2632 3024 2686 ἄττα
3065 2633 3306 2686 κάκεῖνοι
3351 2630 3680 2702 μυθολογοῦ-

2091 2739 2198 2776 σιν.

2160 2813 2316 2869 ΟΡΘ.
2359 2815 2425 2870 Ei
2449 2813 2506 2868 δέ
2532 2829 2600 2883 γε
2643 2812 3046 2884 διαλεγομένων
3071 2813 3231 2885 ἡμῶν
3256 2811 3516 2882 ἐξαπίνης
3547 2811 3677 2882 ἀφί-

2093 2906 2243 2960 κοιτό
2269 2923 2356 2970 τις
2386 2906 2486 2976 τῆς
2525 2905 2908 2976 Ἀπολιναρίου
2953 2904 3292 2976 συμμορίας,
3325 2903 3422 2956 καὶ⁸
3464 2903 3676 2970 ἔροιτο·

2093 2999 2284 3064 Ποίαν,
2315 2992 2360 3052 ὧ
2413 2999 2610 3069 λῷστε,
2641 2998 2818 3070 ψυχὴν
2853 2997 3034 3067 λέγεις
3084 2997 3470 3065 ἀνειληφέναι;
3515 2996 3569 3047 τί
3612 2995 3678 3048 ἂν

2095 3093 2422 3161 ἀποκρίναιο
2441 3109 2454 3156 ;

479 3171 689 3226 ERAN.
746 3173 994 3227 Primum
1023 3175 1270 3244 quidem,
1316 3175 1464 3244 quod
1509 3192 1675 3230 unam
1725 3177 1992 3231 duntaxat

2171 3185 2378 3237 EPAN.
2420 3183 2645 3254 Πρῶτον
2674 3181 2794 3252 μὲν,
2823 3182 2897 3244 ὡς
2932 3181 3059 3251 μίαν
3085 3176 3203 3233 οἶδα
3228 3180 3327 3251 τὴν
3354 3177 3449 3231 τοῦ
3475 3176 3685 3247 ἀνθρώ-

406 3266 647 3319 animam
664 3265 905 3320 hominis
923 3283 1234 3337 agnoscam.
1249 3269 1458 3325 Deinde
1473 3269 1756 3334 adderem,
1771 3268 1925 3335 Quod
1945 3270 1992 3324 si

2098 3293 2200 3329 που
2239 3275 2440 3346 ψυχήν.
2482 3276 2713 3328 Ἔπειτα
2749 3272 3044 3344 προσθείην
3087 3271 3174 3334 ἂν,
3203 3272 3268 3326 Ei
3298 3271 3353 3323 δέ
3393 3287 3457 3338 γε
3499 3269 3563 3321 σὺ
3593 3267 3689 3320 δύο

405 3363 468 3410 tu
493 3357 631 3412 duas
647 3357 858 3412 animas
890 3375 1010 3413 esse
1036 3370 1215 3429 putas,
1239 3369 1294 3440 et
1326 3377 1488 3415 unam
1544 3361 1889 3424 rationalem,
1916 3360 1995 3414 al-

409 3455 583 3502 teram
613 3449 846 3504 rationis
876 3459 1155 3520 expertem
1201 3461 1382 3522 putas,
1419 3453 1747 3506 rationalem
1781 3468 1995 3506 assum-

411 3543 560 3603 ptam
617 3551 739 3590 esse
768 3537 915 3592 dico.
955 3539 1037 3592 Tu
1084 3541 1253 3604 enim,
1281 3549 1343 3595 ut
1375 3541 1620 3605 videtur,
1655 3540 1887 3596 rationis
1904 3557 1998 3596 ex-

412 3635 632 3698 pertem.
673 3629 865 3695 habes,
919 3631 1017 3700 qui
1058 3631 1435 3701 imperfectam
1470 3640 1712 3688 nostram
1765 3632 1996 3688 salutem

413 3720 729 3778 arbitraris.

369 3801 376 3806 ’
484 3813 693 3870 ORTH.
729 3813 935 3881 Quodsi
978 3831 1172 3870 eorum
1209 3831 1333 3886 quae
1353 3817 1494 3870 dicis
1527 3817 1883 3886 probationes
1917 3833 2002 3872 re-

415 3907 703 3978 quireret?

489 3996 696 4051 ERAN.
743 3998 939 4052 Darem
994 3996 1178 4060 facile,
1231 4005 1396 4066 atque
1431 3997 1663 4052 oracula
1687 3998 2003 4068 evangelica

417 4105 770 4160 suggererem
796 4109 809 4144 :
849 4109 866 4140 ι
907 4091 1052 4144 Puer
1075 4089 1239 4144 Jesus
1257 4090 1563 4153 crescebat,
1593 4101 1651 4145 et
1681 4092 2006 4146 corrobora—

418 4178 582 4234 batur
625 4179 846 4249 spiritu,
901 4188 956 4232 et
981 4178 1156 4249 gratia
1202 4179 1298 4233 Dei
1354 4189 1474 4235 erat
1532 4181 1588 4235 in
1632 4181 1834 4251 ipso".
1881 4202 1899 4234 ι
1940 4183 2008 4236 Et

419 4285 645 4324 rursus:
677 4270 868 4326 «Jesus
883 4279 1068 4326 autem
1094 4269 1416 4340 proﬁciebat
1431 4283 1613 4338 aetate,
1633 4282 1690 4328 et
1713 4273 2005 4342 sapientia,

418 4369 477 4417 et
505 4363 676 4433 gratia
722 4363 867 4433 apud
925 4365 1099 4418 Deum
1127 4372 1182 4418 et
1215 4364 1470 4420 homines
1512 4365 1576 4420 ⁸ο.
1613 4385 1630 4417 ι
1671 4366 1740 4421 Ει
1765 4366 2008 4422 dicerem

421 4451 559 4508 nihil
607 4453 807 4507 horum
830 4454 1129 4509 convenire
1164 4448 1463 4510 divinitati.
1498 4456 1680 4511 Aitale
1709 4458 1857 4512 enim
1883 4474 2014 4528 pro-

2098 3364 2363 3434 νομίζεις,
2405 3365 2502 3418 καὶ
2528 3363 2624 3433 τὴν
2659 3364 2759 3432 μὲν
2805 3362 3050 3432 λογικὴν,
3081 3363 3181 3431 τὴν
3231 3361 3288 3413 δὲ
3312 3360 3504 3429 ἄλογον
3535 3358 3692 3428 νομί-

2101 3456 2236 3520 ζεις,
2290 3457 2388 3526 τὴν
2435 3455 2662 3526 λογικὴν
2711 3454 3032 3524 ἀνειλῆφθαι
3072 3453 3234 3525 φημί.
3293 3453 3365 3506 ΣΞ)
3420 3453 3551 3522 γὰρ,
3608 3449 3688 3511 ὡς

2102 3547 2267 3612 ἔοικε,
2302 3548 2403 3618 τὴν
2437 3547 2631 3614 ἄλογον
2668 3546 2833 3616 ἔχεις,
2872 3547 3034 3617 ἀτελῆ
3065 3545 3396 3616 γεγενῆσθαι
3426 3545 3523 3615 τὴν
3547 3546 3689 3614 ἡμε-

2101 3639 2267 3710 τέραν
2297 3639 2574 3709 σωτηρίαν
2599 3637 2926 3710 ἡγούμενος.

2178 3812 2331 3868 ΟΡΘ.
2364 3813 2426 3866 Εί
2472 3811 2529 3865 δὲ
2570 3811 2737 3864 τῶνδε
2775 3809 2886 3863 τῶν
2923 3810 3098 3880 λόγων
3130 3810 3388 3879 ἀπαιτοίη
3419 3809 3518 3871 τὰς
3551 3808 3691 3861 ἀπο-

2107 3904 2299 3967 δείξεις
2319 3921 2332 3969 ;

2180 3995 2383 4049 EPAN.
2424 3995 2580 4064 Δοίην
2626 3994 2690 4047 ἂν
2720 3993 2987 4057 εὐπετῶς,
3035 3994 3129 4046 καὶ
3170 3992 3278 4046 τῶν
3323 3991 3694 4060 εὐαγγελικῶν

2110 4091 2412 4160 ἀναμνήσω
2431 4087 2652 4155 λογίων,
2692 4088 2775 4140 ὅτι
2809 4107 2827 4138 ι
2866 4087 2940 4138 Τὸ
2972 4085 3188 4139 παιδίον
3234 4085 3444 4156 Ἰησοῦς
3469 4084 3692 4154 ηὔξανε,

2111 4184 2207 4235 καὶ
2261 4179 2624 4250 ἐκραταιοῦτο
2652 4178 2730 4248 τῷ
2775 4177 3069 4246 πνεύματι,
3111 4177 3208 4231 καὶ
3257 4178 3418 4248 χάρις
3458 4175 3594 4229 Θεοῦ
3629 4171 3699 4245 ἦν

2113 4273 2202 4326 ἐπ’
2243 4271 2412 4342 αὐτῷ.
2453 4290 2472 4322 ι
2519 4273 2631 4324 Καὶ
2663 4270 2865 4323 πάλιν
2931 4289 2948 4320 ι
3017 4269 3226 4340 Ἰησοῦς
3272 4269 3330 4322 δὲ
3359 4267 3705 4339 προέκοπτεν

2113 4364 2323 4435 ἡλικίᾳ,
2358 4364 2452 4416 καὶ
2477 4363 2659 4433 σοφίᾳ,
2685 4362 2780 4415 καὶ⁵
2810 4361 2996 4433 χάριτι
3023 4361 3177 4432 παρὰ
3199 4360 3319 4432 Θεῷ
3357 4361 3454 4414 καὶ
3489 4359 3702 4430 ἀνθρὼ-

2117 4475 2260 4520 ποις.
2297 4477 2315 4508 ι
2354 4458 2465 4510 Καὶ
2503 4455 2712 4525 εἴποιμ’
2746 4456 2834 4521 ἂν,
2876 4457 2950 4518 ὡς
2992 4455 3146 4509 οὐδὲν
3192 4457 3399 4509 τούτων
3439 4452 3703 4525 ἁρμόττει

423 4543 538 4598 (icit
585 4560 808 4615 corpus,
865 4546 1134 4613 sapientia
1159 4561 1290 4600 vero
1323 4549 1528 4611 anima,
1577 4564 1688 4601 non
1714 4565 1836 4616 qua:
1861 4564 1994 4603 care

2123 4549 2361 4618 θεότητι.
2405 4547 2622 4617 Ἢλικίᾳ
2653 4547 2752 4617 μὲν
2776 4547 2888 4618 γὰρ
2915 4547 2977 4599 τὸ
3009 4545 3170 4616 σῶμα
3197 4547 3518 4617 προκόπτει,
3543 4544 3707 4615 σοφίᾳ

423 4636 656 4702 ratione,
698 4637 794 4691 sed
819 4652 943 4706 qua:
967 4636 1198 4690 rationis
1233 4645 1318 4690 est
1345 4653 1573 4707 compos
1598 4657 1609 4691 :
1650 4638 1863 4693 ratione
1883 4655 2016 4709 ergo

422 4729 706 4798 praeditam
748 4729 984 4783 animam
1021 4729 1168 4782 Deus
1201 4727 1446 4782 Verbum
1485 4729 1802 4797 assumpsit.

509 4821 664 4890 113
709 4821 920 4875 ORTII.
967 4820 1204 4875 Strenue
1238 4836 1485 4890 prorsus,
1526 4837 1560 4874 ο
1585 4821 1729 4876 bone
1767 4823 1873 4887 vir,
1907 4831 2019 4878 tres

424 4895 872 4965 adversariorum
906 4926 1112 4966 cuneos
1142 4911 1479 4980 perrupisti:
1515 4912 1611 4967 sed
1643 4911 1904 4966 unionem
1949 4914 2016 4968 il-

426 5003 555 5065 lam,
585 5010 641 5056 et
662 5003 1008 5057 deeantataan
1030 5004 1043 5023 '
1075 5001 1517 5057 commistionem
1531 5019 1594 5058 ac
1611 5003 2011 5070 confusionem,

427 5109 538 5148 non
569 5094 824 5148 bifariam
859 5093 1042 5147 modo.
1069 5093 1165 5148 sed
1199 5093 1466 5148 trifariam
1501 5095 1752 5150 oratione
1782 5103 1873 5150 tua
1901 5097 2016 5151 dis-

430 5184 677 5237 solvisti:
738 5193 928 5238 etnon
963 5183 1139 5236 solum
1196 5182 1502 5240 divinitatis
1552 5185 2019 5256 humanitatisque

432 5274 729 5329 discrimen
785 5272 1122 5338 ostendisti,
1186 5273 1283 5329 sed
1339 5273 1740 5332 humanitatem
1799 5293 2021 5348 quoque

2118 4640 2174 4692 δὲ
2208 4638 2376 4709 ψυχὴ,
2426 4642 2525 4709 οὐχ
2565 4641 2598 4710 ἡ
2643 4639 2857 4705 ἄλογος,
2883 4638 2999 4691 ἀλλ’
3038 4640 3072 4708 ἠ
3100 4637 3314 4709 λογική.
3347 4634 3583 4707 Λογικὴν
3609 4631 3705 4688 οὖν

2119 4730 2226 4801 ἄρα
2258 4728 2436 4800 ψυχὴν
2475 4732 2502 4783 ὁ
2526 4729 2659 4792 Θεὸς
2686 4729 2861 4797 Λόγος
2886 4729 3196 4798 ἀνείληφεν.

2190 4822 2344 4875 ΟΡΘ.
2392 4822 2662 4884 Γενναίως
2714 4822 2814 4892 μὲν
2854 4821 3018 4890 ἄγαν,
3058 4813 3103 4873 ὧ
3146 4820 3359 4891 ἄριστε,
3409 4819 3510 4881 τὰς
3556 4820 3709 4890 τρεῖς

2119 4910 2228 4964 τῶν
2294 4911 2608 4965 ἀντιπάλων
2668 4911 2965 4983 διέρῤηξας
3029 4910 3318 4980 φάλαγγας
3344 4928 3358 4940 ·
3411 4909 3550 4964 ἀλλά
3611 4907 3709 4978 τὴν

2121 5002 2321 5057 ἕνωσιν
2369 5001 2612 5072 ἐκείνην,
2645 5003 2741 5056 καὶ
2784 5003 2883 5073 τὴν
2914 5001 3359 5073 πολυθρύλλητον
3395 5003 3592 5073 κρᾶσιν
3618 5001 3712 5054 καὶ

2127 5095 2414 5165 σύγχυσιν,
2465 5094 2527 5146 οὐ
2561 5093 2687 5164 διχῆ
2745 5093 2927 5165 μόνον,
2960 5094 3098 5148 ἀλλά
3149 5094 3244 5147 καὶ
3270 5094 3430 5167 τριχῆ
3458 5093 3538 5162 τῷ
3570 5091 3714 5160 λόγῳ

2127 5187 2412 5247 διέλυσας·
2452 5185 2547 5239 καὶ
2579 5187 2639 5238 οὐ
2683 5187 2842 5255 μόνον
2867 5186 3122 5256 θεότητος
3160 5186 3256 5239 καὶ
3293 5184 3715 5256 ἀνθρωπότητος

2128 5281 2194 5332 τὸ
2211 5280 2470 5350 διάφορον
2503 5277 2732 5344 ἔδειξας,
2754 5279 2894 5332 ἀλλὰ
2925 5278 3019 5332 καὶ
3042 5277 3212 5350 αὐτὴν
3238 5276 3364 5348 διχῆ
3390 5276 3585 5339 διεῖλες
3615 5275 3716 5344 τὴν

491 5454 536 5485 ³⁵
559 5454 703 5508 Psal.
723 5471 816 5518 xv,
841 5453 939 5518 10;
977 5452 1100 5506 Act.
1131 5469 1188 5514 ιι,
1220 5451 1310 5504 51.
1390 5452 1434 5485 ³⁸
1458 5454 1559 5510 lsa.
1588 5474 1626 5521 ι,
1671 5457 1754 5510 15.
1836 5459 1880 5490 ³⁸
1907 5459 1994 5514 Da]

2097 5475 2148 5520 χ,
2179 5456 2266 5510 18.
2343 5456 2406 5487 ³ο*
2429 5455 2568 5512 Ibid.
2634 5456 2676 5489 "'
2705 5457 2808 5512 lsa.
2841 5472 2987 5520 Lvm,
3017 5454 3103 5509 H.
3147 5451 3194 5485 ³⁸
3215 5453 3360 5508 Psal.
3392 5468 3576 5517 cxvm,
3622 5453 3712 5507 73.

439 5523 484 5555 ³⁹
507 5524 640 5579 Luc.
670 5541 728 5590 ιι,
759 5526 846 5581 40.
924 5524 970 5555 ⁸ο
1014 5522 1153 5575 Ibid.
1190 5522 1277 5575 52.

511 5683 789 5752 (ι5)Εὺγν.
818 5685 1115 5756 Sequimur
1143 5684 1433 5740 lectionem
1456 5683 1589 5740 edit.
1606 5683 1847 5756 ltom._et
1869 5681 2024 5752 Lips.

439 5753 496 5808 Si
507 5770 603 5805 nn.
637 5751 844 5823 legerat
875 5751 1050 5822 ἐγνωσ
1059 5756 1252 5824 μένως.
1772 5751 1778 5758 ’

518 5824 628 5889 (46)
672 5822 850 5892 Ἐορτ.
880 5822 1077 5894 Supra,
1103 5835 1140 5880 ι.
1177 5826 1242 5888 ll,
1269 5841 1320 5897 p.
1359 5825 1474 5889 [76,
1501 5825 1604 5897 leg.
1629 5822 1947 5895 νουμηνίας.

2206 5678 2336 5750 (46⁸)
2363 5681 2492 5754 Καξι.
2517 5681 2907 5754 Exedsltom.
2932 5690 2987 5736 et
3017 5683 3167 5754 Lips.
3200 5685 3489 5741 inscrtum.
3523 5685 3716 5740 Exstat

2132 5750 2319 5817 etiam,
2355 5759 2392 5806 t.
2425 5751 2491 5819 ll,
2521 5767 2574 5822 p.
2600 5752 2755 5820 1255,
2782 5752 2877 5808 ubi
2897 5753 2999 5826 leg.
3040 5750 3296 5809 ἄκουσον.
