4090 6426
311 381 417 444 153

1383 389 1762 452 DIALOGUS
1803 391 1885 451 II.
1924 415 1994 425 -
2032 391 2528 451 INCONFUSUS.

3495 381 3595 445 154

309 497 751 571 ἀνθρωττότητα.⁸
808 499 944 554 ἄλλο
987 501 1087 572 μέν
1138 519 1192 555 τι
1221 502 1317 573 τὴν
1349 503 1552 574 ψυχὴν,
1588 505 1717 559 ἄλλο
1756 506 1813 560 δέ
1854 525 1906 560 τι

2031 523 2181 576 psam
2207 506 2470 576 bipartito
2500 503 2756 566 divisisti,
2782 501 2990 555 docens
3011 496 3159 552 aliud
3190 512 3310 552 esse
3333 495 3594 558 animam,

311 587 460 643 εἶναι
492 589 556 641 τὸ
611 589 770 658 σῶμα
817 589 1062 654 διδάξας,
1116 592 1191 655 ὡς
1238 593 1435 663 μηκέτι
1487 592 1598 657 δύο,
1631 592 1773 646 κατά
1820 594 1910 647 τὸν

2031 599 2234 667 :t,aliud
2270 613 2490 667 corpus,
2518 604 2577 649 ut
2599 611 2709 650 non
2731 595 2842 663 jam
2862 591 3018 669 duae,
3048 598 3107 642 ut
3131 586 3472 648 dicebamus.
3499 586 3595 638 sed

311 680 595 753 ἡμέτερον
621 680 801 748 λόγον,
831 681 972 734 ἀλλά
1001 686 1151 754 τρεῖς
1183 684 1422 736 νοεῖσθαι
1462 684 1654 752 φύσεις
1675 684 1768 738 τοῦ
1802 687 1915 738 Σω-

312 773 489 840 τῆρος
514 773 675 842 ήμῶν
712 771 892 841 Ἰησοῦ
927 774 1192 844 Χριστοῦ.

391 863 604 915 EPAN.
639 863 713 916 Σὺ
761 863 873 931 γὰρ
905 864 1009 916 οὐκ
1062 864 1227 934 ἄλλην
1259 865 1380 918 τινὰ
1431 867 1537 935 φὴς
1579 866 1768 918 οὐσίαν
1815 865 1911 936 τὴν

314 951 417 1020 τῆς
447 952 634 1021 ψυχῆς
663 953 819 1023 παρά
848 951 950 1023 τὴν
981 951 1076 1005 τοῦ
1101 952 1352 1024 σώματος
1380 954 1542 1023 φύσιν
1566 972 1582 1021 ;

388 1044 550 1097 ΟΡΘ.
584 1044 777 1114 Ναιχί.

389 1133 604 1187 EPAN.
637 1134 763 1197 Πῶς
793 1133 980 1188 τοίνυν
1012 1135 1042 1187 ό
1066 1133 1224 1204 λόγος
1247 1134 1549 1206 παράδοξος
1578 1134 1734 1206 ὤφθη
1757 1151 1876 1200 σοι;

391 1314 547 1367 ΟΡΘ.
578 1315 704 1367 Ὀτι
728 1313 823 1367 δύο
852 1314 1293 1386 παραιτούμενος
1320 1316 1497 1368 εἰπεῖν
1522 1313 1916 1385 τρεῖςώμολό-

323 1422 502 1476 γήσας
530 1403 752 1474 φύσεις.

395 1498 606 1550 EPAN.
655 1497 722 1550 Ἥ
762 1497 904 1568 πρὸς
934 1499 1062 1560 τοὺς
1112 1497 1442 1560 ἀντιπάλους
1483 1496 1727 1566 διαμάχη
1758 1495 1918 1550 τοῦτο

323 1591 504 1644 ποιεῖν
557 1589 831 1658 βιάζεται.
866 1590 991 1652 Πῶς
1021 1588 1130 1661 γάρ
1153 1589 1218 1642 ἄν
1253 1607 1337 1653 τις
1382 1588 1583 1660 ἑτέρως
1610 1587 1915 1659 διαλεχθείη
1971 1609 1973 1611 ί

321 1684 438 1744 τοῖς
460 1683 563 1750 τῆς
586 1682 816 1752 σαρκὸς,
837 1682 871 1752 ἢ
889 1682 994 1748 τῆς
1017 1681 1221 1752 ψυχῆς,
1243 1681 1274 1751 ἢ
1301 1680 1397 1734 τοῦ
1419 1680 1510 1734 νοῦ
1531 1680 1631 1752 τὴν
1652 1680 1918 1751 ἀνάληψιν

330 1771 711 1841 ἀρνουμένοις,
743 1775 793 1826 εί
840 1773 913 1842 μὴ
946 1772 1047 1835 τάς
1077 1773 1207 1842 περὶ
1237 1772 1446 1826 τούτων
1473 1772 1782 1839 ἀποδείξεις
1812 1770 1921 1824 ἀπὸ

2014 701 2126 746 tres
2184 690 2557 758 intelligantur
2616 695 2828 741 natura:
2883 681 3182 738 Salvatoris
3242 678 3414 732 nostri
3467 679 3594 732 .lcsu

2010 781 2240 839 Christi.

2085 869 2290 925 ERAN.
2315 867 2398 923 An
2429 877 2485 920 tu
2509 881 2621 920 non
2651 863 2813 919 aliam
2845 860 3137 931 quamdam
3165 859 3303 914 dicis
3318 873 3438 914 esse
3460 857 3595 912 sub-

2014 962 2269 1018 stantiam
2301 959 2515 1022 animaa,
2548 971 2712 1026 quam
2736 952 3023 1024 corporis?

2083 1053 2294 1109 ORTH.
2327 1050 2582 1106 Omnino.

2089 1143 2297 1200 ERAN.
2327 1142 2616 1210 Quomodo
2667 1138 2834 1209 igitur
2880 1134 2982 1190 tibi
3014 1131 3252 1188 absurda
3296 1125 3596 1200 disputatio

2014 1236 2132 1292 visa
2167 1243 2250 1291 est
2269 1236 2293 1288 ?

2083 1328 2294 1386 ORTH.
2326 1326 2465 1394 Quia
2511 1333 2648 1380 duas
2696 1336 2958 1377 recusans
2989 1319 3173 1374 dicere
3227 1324 3338 1370 tres
3370 1321 3598 1395 naturas

2018 1423 2306 1477 confessus
2334 1435 2412 1473 es.

2091 1510 2299 1566 ERAN.
2360 1508 2627 1576 Suscepta
2684 1519 2808 1558 cum
2869 1497 3198 1555 adversariis
3263 1490 3599 1550 concertatio

2020 1604 2127 1658 hoc
2164 1603 2345 1656 facere
2363 1600 2528 1670 cogit.
2560 1598 2677 1664 Quo
2698 1596 2845 1650 enim
2870 1593 2977 1647 alio
3004 1590 3166 1644 modo
3189 1587 3421 1641 disserat
3444 1583 3598 1652 quis-

2021 1697 2166 1766 piam
2209 1710 2334 1748 cum
2387 1693 2475 1757 iis,
2511 1691 2605 1761 qui
2651 1690 2855 1752 carnis,
2884 1686 2971 1740 vel
3027 1683 3242 1744 animae,
3279 1679 3366 1733 vel
3399 1674 3602 1730 mentis

2024 1784 2451 1854 assumptionem
2482 1789 2702 1851 negant,
2730 1779 2840 1832 nisi
2886 1775 3116 1846 prolatis
3153 1788 3222 1826 ex
3252 1783 3405 1826 sacra
3447 1766 3600 1821 Scri-

335 1861 442 1930 τῆς
471 1859 618 1924 θείας
642 1862 936 1932 προφέρων
967 1861 1222 1932 Γραφῆς;
1258 1861 1383 1925 Πῶς
1410 1861 1466 1914 δὲ
1489 1862 1554 1916 ἀν
1575 1878 1656 1924 τις
1677 1862 1803 1924 τοὺς
1823 1859 1916 1913 τοῦ

2031 1890 2186 1948 ptura
2221 1877 2416 1930 borum
2441 1865 3044 1928 demonstrationibus?
3066 1865 3184 1930 Quo
3210 1875 3404 1915 rursus
3437 1856 3601 1910 modo

335 1950 674 2017 Μονογενοῦς
703 1952 804 2021 τὴν
831 1949 1066 2022 θεότητα
1106 1951 1431 2022 σμικρύνειν
1481 1950 1920 2020 φιλονεικοῦντας

327 2041 608 2109 διελέγξαι
658 2042 990 2105 λυττῶντας.
1036 2043 1069 2113 ἢ
1117 2044 1187 2095 τὰ
1240 2043 1338 2114 μὲν
1376 2043 1724 2111 θεολογικῶς,
1767 2043 1837 2096 τά
1862 2043 1920 2097 δὲ

326 2132 698 2201 οἰκονομικῶς
732 2133 947 2196 δεικνὺς
984 2135 1268 2203 είρηκυῖαν
1294 2133 1392 2204 τὴν
1417 2134 1567 2186 θείαν
1595 2134 1848 2204 Γραφήν;

398 2225 558 2278 οΡΘ.
629 2225 865 2296 Ἀληθὴς
918 2221 1076 2289 οὗτος
1131 2227 1160 2279 ό
1214 2226 1368 2294 λόγος
1395 2241 1408 2255 °
1473 2227 1742 2297 ἡμέτερος
1789 2225 1919 2297 γὰρ,

324 2314 535 2384 μᾶλλον
566 2314 625 2367 δὲ
662 2315 904 2377 πάντων,
932 2315 1048 2368 ὅσοι
1094 2315 1186 2368 τὸν
1225 2316 1588 2370 ἀποστολικὸν
1621 2317 1818 2370 κανόνα
1841 2317 1920 2370 δι-

320 2403 610 2474 ετήρησαν
639 2404 858 2474 ἀκλινῆ.
891 2405 1067 2469 Αὐτὸς
1092 2404 1150 2459 δὲ
1184 2407 1482 2477 συνήγορος
1503 2407 1610 2459 τῶν
1637 2408 1923 2477 ἡμετέρων

320 2495 614 2564 ἀνεφάνης
636 2495 952 2564 δογμάτων.

398 2585 618 2638 EPAN.
647 2587 758 2638 Καὶ
788 2586 908 2649 πῶς
934 2588 1048 2650 τοῖς
1078 2585 1366 2658 ὑμετέροις
1393 2587 1703 2660 συνηγορῶ,
1730 2587 1823 2642 δύο
1847 2589 1923 2660 μὴ

321 2675 507 2744 λέγων
536 2677 693 2740 υἱούς
710 2695 726 2744 ;

397 2771 558 2824 οΡΘ.
575 2770 720 2824 Πότε
747 2769 910 2842 ήμῶν
932 2771 1176 2844 ἀκήκοας
1197 2770 1292 2825 δύο
1310 2770 1719 2842 πρεσϐευόντων
1741 2771 1922 2838 υἱούς;

400 2949 614 3003 ΕΡΔΝ.
667 2949 728 3002 '0
787 2949 940 3020 (47)
995 2948 1092 3005 δύο
1138 2949 1315 3020 λέγων
1371 2951 1582 3022 φύσεις,
1639 2952 1734 3006 δύο
1775 2952 1928 3022 λέγει

329 3060 508 3104 υιους.

401 3132 562 3187 ΟΡΘ.
595 3132 766 3201 Τρεῖς
814 3127 909 3185 οὖν
939 3132 1049 3205 ἄρα
1090 3134 1155 3188 σὺ
1201 3133 1382 3204 λέγεις
1411 3132 1560 3200 υἱούς
1581 3153 1595 3167 ο
1625 3135 1778 3207 τρεῖς
1818 3134 1927 3208 γὰρ

327 3226 573 3297 εἴρηκας
611 3222 829 3292 φύσεις.

407 3322 623 3377 ΕΡΑΝ.
669 3321 783 3373 Οὐκ
810 3316 877 3392 ἦν
911 3320 1117 3391 ἑτέρως
1154 3319 1227 3373 τά
1251 3319 1361 3374 τῶν
1391 3319 1651 3374 ἐναντίων
1679 3318 1928 3374 διαλύσαι

331 3412 552 3483 προόλὴ
563 3428 733 3481 ματα.
1572 3463 1576 3477 ι

407 3505 564 3560 ΟΡΘ.
607 3504 789 3557 Ταύτὸ
813 3503 975 3557 τοῦτο
1012 3504 1110 3556 καὶ
1137 3502 1267 3577 παρ’
1313 3501 1470 3574 ήμῶν
1502 3492 1734 3557 ἄκουσον
1755 3518 1772 3533 ο
1817 3505 1930 3568 τοῖς

331 3599 528 3660 αὐτοῖς
559 3596 671 3667 γὰρ
696 3594 963 3666 χρώμεθα
983 3597 1082 3649 καὶ
1113 3596 1274 3665 ἡμεῖς
1298 3595 1750 3662 ἀνταγωνισταῖς.

408 3689 620 3744 EPAN.
667 3687 810 3741 Ἀλλ’
842 3685 954 3755 ἐγὼ
999 3687 1138 3758 μετά
1170 3687 1268 3757 τὴν
1290 3686 1485 3740 ἕνωσιν
1528 3685 1622 3739 δύο
1650 3685 1843 3756 φύσεις
1871 3686 1932 3739 ού

331 3781 507 3849 λέγω.
1213 3806 1226 3822 .
1621 3790 1624 3794 λ

411 3873 574 3927 ΟΡΘ.
605 3872 721 3925 Καὶ
763 3871 870 3942 μὴν
914 3869 1053 3941 μετά
1097 3869 1298 3931 πολλὰς
1329 3867 1431 3938 τῆς
1463 3866 1713 3932 ἐνώσεως
1739 3868 1934 3936 γενεάς

331 3967 562 4028 τούτοις
579 3964 812 4033 ἔναγχος
842 3963 1064 4032 ἐχρήσω
1083 3964 1196 4024 τοῖς
1223 3960 1424 4028 λόγοις.
1449 3958 1671 4024 Δίδαξον
1697 3960 1753 4012 δὲ
1785 3960 1935 4030 ὅμως

329 4060 513 4128 ἡμᾶς.
556 4055 677 4118 πῶς
710 4055 842 4124 μίαν
877 4053 1060 4120 λέγεις
1093 4051 1233 4123 μετά
1257 4052 1358 4119 τὴν
1387 4051 1581 4104 ἕνωσιν
1619 4050 1817 4119 φύσινο
1858 4049 1935 4116 ὡς

334 4151 474 4219 μιᾶς
506 4147 570 4213 ἐξ
600 4147 806 4217 ἀμφοῖν
838 4143 1223 4215 γενομένης,ἢ
1269 4144 1344 4209 ὠς
1379 4143 1616 4214 θατέρας
1647 4143 1932 4214 μεινάσης,

332 4244 442 4311 τῆς
472 4241 532 4293 δὲ
562 4239 763 4310 ἐτέρας
790 4236 1216 4308 ἀναιρεθείσης;

409 4331 626 4385 ΕΡΑΝ.
696 4327 839 4395 Ἐγὼ
908 4328 1008 4398 τὴν
1059 4327 1292 4397 θεότητα
1338 4326 1482 4395 λέγω
1543 4325 1932 4398 μεμενηκέναι,

333 4422 732 4492 καταποθῆναι
757 4421 815 4475 δὲ
841 4420 948 4474 ὑπὸ
975 4420 1183 4491 ταύτης
1218 4419 1316 4490 τὴν
1339 4419 1757 4490 ἀνθρωπότητα.

2020 1946 2303 2038 lJnigeniti
2334 1963 2681 2018 divinitatem
2706 1967 3006 2014 extenuare
3034 1959 3300 2008 conantes
3332 1955 3389 2002 et
3416 1946 3605 2000 furen-

2022 2068 2106 2113 tes
2133 2035 2368 2120 refellat,
2402 2053 2507 2108 nisi
2544 2049 2801 2106 ostendat
2848 2061 3058 2103 sacram
3104 2042 3445 2112 Scripturam
3495 2035 3603 2090 alia

2022 2148 2327 2218 theologice
2353 2146 2579 2208 dixisse,
2616 2142 2720 2197 alia
2753 2136 3128 2196 meonomice?

2092 2239 2302 2296 ORTH.
2349 2238 2493 2293 Vera
2533 2243 2617 2291 est
2673 2235 2790 2288 haec
2835 2230 3034 2286 oratio.
3087 2227 3285 2282 Nostra
3312 2224 3463 2280 enim
3495 2229 3604 2287 est,

2023 2341 2119 2388 aut
2165 2332 2412 2387 omnium
2441 2329 2645 2400 potius,
2687 2324 2780 2396 qui
2815 2321 3179 2395 apostolicam
3209 2317 3452 2389 regulam
3499 2315 3606 2369 im-

2022 2405 2226 2479 motam
2281 2427 2700 2478 conservarunt.
2751 2417 2833 2472 Tu
2886 2423 3070 2469 autem
3115 2411 3232 2482 ipse
3291 2409 3608 2480 dogmatum

2023 2523 2340 2570 nostrorum
2374 2510 2720 2564 defensorem
2745 2513 2798 2560 te
2828 2501 3137 2574 prwbuisti.

2095 2602 2304 2658 ERAN.
2341 2602 2409 2654 Et
2436 2614 2544 2676 qua
2595 2597 2810 2651 ratione
2841 2601 3026 2648 vestra
3057 2586 3314 2652 defendo,
3342 2585 3438 2656 qui
3469 2583 3612 2639 duos

2026 2693 2168 2748 ﬁlios
2206 2707 2318 2745 non
2344 2689 2504 2744 dico?

2094 2784 2304 2841 ORTH.
2337 2779 2570 2850 Quando
2592 2793 2696 2833 nos
2722 2789 2964 2847 unquam
2989 2773 3128 2828 duos
3156 2769 3299 2825 ﬁlios
3329 2767 3606 2823 aﬁirman—

2027 2885 2112 2933 tes
2140 2874 2388 2930 audisti?

2101 2967 2262 3039 ιιι
2293 2964 2503 3039 ERAN.
2538 2965 2686 3021 Duas
2707 2969 2938 3019 naturas
2967 2958 3065 3031 qui
3093 2957 3258 3025 dicit,
3296 2955 3440 3012 duos
3475 2953 3613 3009 dicit

2029 3059 2192 3114 ﬁlios.

2094 3151 2305 3208 ORTH.
2342 3151 2477 3206 Tres
2521 3149 2690 3220 igitur
2719 3155 2779 3202 tu
2805 3144 2946 3202 dicis
2973 3143 3149 3198 ﬁlios:
3187 3150 3300 3196 tres
3332 3139 3480 3194 enim
3508 3151 3610 3192 na-

1953 3216 1995 3273 C
2030 3253 2183 3300 turas
2211 3241 2419 3297 dixisti.

2099 3333 2310 3389 ERAN.
2338 3334 2458 3389 Non
2493 3332 2697 3387 licebat
2727 3329 2889 3384 aliter
2919 3324 3368 3381 adversariorum
3396 3321 3613 3377 solvere

2031 3433 2376 3495 argumenta.

2103 3515 2312 3571 ORTH.
2347 3515 2464 3570 Hoc
2495 3515 2674 3584 ipsum
2709 3519 2764 3568 et
2787 3527 2817 3566 a
2839 3510 3003 3565 nobis
3032 3507 3158 3563 audi
3185 3523 3198 3561 :
3222 3505 3445 3562 eosdem
3465 3503 3613 3558 enim

2032 3615 2089 3661 et
2108 3621 2208 3659 nos
2226 3605 2495 3659 habemus
2523 3601 2890 3658 adversarios.

2103 3696 2310 3750 ERAN.
2347 3696 2415 3750 At
2459 3710 2560 3766 ego
2596 3703 2721 3765 post
2753 3691 3014 3747 unionem
3062 3687 3209 3743 duas-
3240 3693 3470 3740 naturas
3504 3698 3614 3738 non

2036 3789 2181 3845 dico.

2105 3879 2316 3938 ORTH.
2345 3881 2461 3936 Imo
2485 3887 2610 3950 post
2642 3877 2815 3932 multa
2835 3874 3059 3931 unionis
3087 3887 3310 3945 genera,
3341 3869 3426 3924 his
3452 3868 3617 3939 paulo

2037 3982 2163 4029 ante
2188 3972 2378 4028 verbis
2408 3987 2542 4026 usus
2563 3985 2643 4025 es.
2672 3967 2779 4025 Sed
2807 3977 2989 4022 tamen
3023 3967 3160 4021 doce
3189 3980 3311 4027 nos,
3340 3960 3617 4032 quomodo

2037 4081 2201 4121 unam
2235 4072 2360 4134 post
2409 4064 2668 4117 unionem
2707 4061 2859 4116 dicas
2905 4067 3194 4115 naturam:
3225 4073 3294 4111 an
3327 4056 3474 4125 quod
3506 4071 3615 4108 una

2037 4174 2104 4214 ex
2126 4157 2393 4212 ambabus
2418 4155 2558 4210 facta
2585 4155 2677 4220 sit,
2703 4170 2774 4208 an
2800 4153 2970 4222 quod,
3009 4153 3182 4206 altera
3213 4149 3411 4212 deleta,
3442 4148 3615 4201 altera

2037 4247 2401 4304 remanserit?

2109 4343 2126 4356 '
2151 4335 2358 4390 ERAN.
2395 4335 2510 4405 Ego
2543 4333 2670 4387 dico
2701 4331 2969 4385 mansisse
3000 4329 3369 4390 divinitatem,
3413 4326 3482 4380 ab
3511 4326 3618 4379 hac

2038 4442 2169 4482 vero
2197 4427 2514 4496 absorptam
2541 4440 2664 4479 esse
2691 4421 3112 4484 humanitatem,

410 4515 572 4569 ΟΡΘ.
638 4511 914 4582 Ἐλλήνων
979 4510 1156 4565 ταῦτα
1223 4510 1404 4581 μῦθοι,
1454 4509 1550 4562 καὶ
1616 4509 1932 4579 Μανιχαίων

2107 4517 2318 4573 ORTH.
2347 4515 2647 4572 Gentilium
2668 4515 2753 4569 hae
2781 4521 2910 4568 sunt
2943 4511 3162 4574 fabulas,
3197 4519 3252 4565 et
3271 4525 3428 4580 nugae
3449 4508 3622 4562 Mani-

332 4609 527 4678 λῆροι.
590 4603 735 4674 Ἐγὼ
787 4603 845 4656 δὲ
892 4605 989 4658 καὶ
1036 4603 1098 4656 τὸ
1143 4603 1332 4673 φέρειν
1388 4601 1611 4662 τούτους
1657 4601 1738 4662 εἰς
1775 4599 1939 4668 μέσον

339 4697 708 4767 αἰσχύνομαι.
734 4695 798 4747 Οἱ
833 4694 932 4763 μὲν
965 4693 1075 4763 γάρ
1109 4692 1440 4755 καταπόσεις
1472 4691 1632 4756 θεῶν,
1653 4691 1704 4743 οἱ
1729 4689 1787 4742 δὲ
1811 4690 1939 4760 περὶ

337 4791 446 4858 τῆς
467 4787 570 4841 τοῦ
611 4787 796 4856 φωτὸς
836 4784 1107 4856 θυγατρὸς
1141 4785 1198 4836 ὲν
1235 4786 1347 4846 τοῖς
1379 4783 1559 4851 λόγοις
1601 4779 1936 4850 ἀνέγραψαν.

349 4882 561 4950 Ἡμεῖς
591 4879 650 4932 δὲ
687 4878 814 4940 τοὺς
855 4875 1101 4929 τοιούσδε
1142 4875 1334 4943 λόγους
1383 4875 1480 4943 οὐχ
1537 4873 1612 4937 ὼς
1659 4871 1940 4933 δυσσεϐεῖς

353 4971 553 5038 μόνον,
583 4969 722 5022 ἀλλά
741 4969 838 5022 καὶ
861 4967 1002 5036 ἀγαν
1028 4967 1288 5036 ἀνοήτους
1313 4963 1789 5034 ἀποστρεφόμεθα.
1814 4963 1940 5026 Πῶς

339 5064 456 5137 γὰρ
489 5064 561 5116 ἂν
585 5064 619 5132 ἡ
654 5060 800 5132 ἀπλῆ
826 5060 923 5114 καὶ
951 5057 1248 5119 ἀσύνθετος
1277 5055 1461 5124 φύσις,
1495 5057 1528 5125 ή
1569 5052 1940 5125 περιληπτικὴ

341 5155 458 5209 τῶν
486 5155 653 5218 ὅλων,
684 5154 717 5223 ή
747 5152 1060 5219 ἀνέφικτος,
1089 5150 1124 5218 ή
1154 5150 1260 5202 ἀπε
1273 5147 1522 5217 ρίγαφος,
1554 5146 1817 5201 κατέπιεν
1874 5147 1941 5216 ἢν

342 5245 585 5301 ἀνέλαϐε
613 5243 778 5312 φύσιν
798 5259 812 5308 ;

417 5337 632 5391 ΕΡΑΝ.
685 5337 773 5398 Ὠς
803 5337 836 5406 ή
873 5333 1124 5386 θάλασσα
1155 5331 1371 5401 μέλιτος
1397 5329 1784 5399 προσλαϐοῦσα
1811 5345 1942 5382 στα-

343 5429 506 5496 γόνα.
539 5426 781 5499 Φροῦδος
803 5426 915 5496 γὰρ
946 5424 1110 5485 εὐθὺς
1149 5424 1182 5492 ή
1225 5420 1442 5489 σταγὼν
1484 5418 1672 5488 ἐκείνη
1707 5418 1937 5486 γίνεται,

345 5522 427 5592 τῷ
451 5525 554 5591 τῆς
589 5520 864 5586 θαλάττης
892 5517 1049 5571 ὕδατι
1080 5515 1407 5586 μιγνυμένη.

2039 4612 2338 4666 οΙιοεοι-ιιηι.
2394 4611 2509 4680 Ego
2536 4625 2672 4664 vero
2710 4609 2810 4663 has
2863 4607 2950 4662 vel
2988 4606 3045 4660 in
3095 4605 3336 4659 medium
3372 4602 3624 4674 proferre

2036 4703 2326 4757 erubesco.
2361 4702 2444 4755 llli
2469 4701 2617 4756 enim
2640 4699 2710 4753 de
2740 4696 3238 4754 comessationibus
3281 4694 3534 4759 deorum,
3566 4692 3626 4746 hi

2036 4809 2169 4848 vero
2198 4793 2267 4847 de
2320 4792 2461 4847 lucis
2486 4791 2598 4846 ﬁlia
2646 4791 2704 4845 in
2752 4790 2913 4845 libris
2937 4789 3053 4844 suis
3099 4787 3464 4857 scripserunt.
3514 4785 3628 4840 Nos

2037 4893 2220 4939 autem
2253 4883 2570 4954 huiusmodi
2597 4897 2902 4946 sermones,
2935 4895 3045 4935 non
3081 4888 3292 4934 tantum
3320 4888 3383 4932 ut
3405 4877 3627 4948 impios,

2040 4975 2138 5030 sed
2165 4977 2331 5031 etiam
2391 4983 2452 5028 ut
2481 4974 2640 5029 valde
2704 4974 2903 5028 stultos
2955 4986 3293 5026 aversamur.
3341 4969 3631 5035 Quomodo

2040 5067 2187 5122 enim
2222 5067 2450 5136 simplex
2479 5072 2535 5118 et
2567 5063 2931 5133 incomposita
2955 5071 3174 5127 natura,
3212 5077 3334 5131 quae
3368 5060 3630 5114 universa

2041 5158 2303 5220 continet,
2331 5172 2452 5226 quae
2471 5171 2571 5209 nec
2588 5153 3103 5224 comprehensibilis
3132 5159 3234 5215 est,
3262 5165 3365 5204 nec
3389 5149 3629 5203 circum—

2042 5247 2267 5315 scripta,
2296 5261 2414 5299 eam
2444 5244 2719 5313 absorpsit
2767 5251 3022 5296 naturam
3049 5254 3214 5309 quam
3242 5233 3580 5304 assumpsit?

2112 5335 2321 5390 ERAN.
2349 5335 2426 5389 Ac
2460 5335 2506 5388 si
2536 5348 2688 5387 mare
2714 5333 2893 5387 mellis
2934 5339 3142 5401 guttam
3195 5326 3450 5395 accipiat.
3499 5322 3627 5376 Sta-

2051 5429 2148 5482 tim
2172 5427 2317 5482 enim
2342 5434 2492 5496 gutta
2521 5425 2610 5479 illa
2637 5424 2916 5479 evanescit
2938 5421 3105 5476 maris
3128 5433 3282 5473 aqua:
3307 5413 3588 5486 permista.

418 5720 531 5786 (47')
569 5720 648 5773 '0.
681 5718 782 5773 Ed.
814 5719 979 5773 Rom.
1027 5723 1083 5771 et
1113 5714 1262 5785 Lips.
1304 5714 1388 5779 οὐ,
1426 5712 1523 5769 sed
1552 5715 1669 5769 sine
1696 5719 1852 5783 signo
1890 5709 2332 5782 interrogationis
2365 5711 2434 5768 ad
2497 5709 2646 5774 υἱοὺς
2679 5707 2880 5779 posito,
2939 5719 3048 5774 quo
3078 5712 3266 5759 tamen
3320 5717 3461 5777 opus
3484 5703 3635 5754 esset

348 5789 454 5848 hoc
476 5791 621 5846 loco.
