4090 6426
521 335 626 400 155

1510 339 2000 402 THEODORETI
2040 339 2381 401 EPISCOPI
2418 338 2782 402 CYRENSIS

3681 331 3782 397 156

596 450 806 505 ORTll.
841 450 987 505 Mare
1015 458 1072 506 et
1117 458 1271 523 gutta
1301 451 1611 521 quantitate
1656 444 1954 517 'diﬁ‘erunt,
1995 449 2097 506 etsi

2278 450 2430 504 ΟΡΘ.
2467 449 2581 520 Τῆς
2609 450 2882 518 θαλάττης
2911 445 3006 501 καὶ
3040 445 3139 515 τῆς
3163 443 3422 513 σταγόνος
3444 445 3502 497 ὲν
3524 444 3782 517 ποσότητι

519 544 852 597 conveniant
880 543 936 596 in
970 558 1078 596 una
1124 543 1409 613 qualitate.
1442 542 1583 597 Illud
1619 542 1770 597 enim
1804 543 2105 596 maximum

519 645 626 701 est,
656 636 773 690 haec
797 635 1053 689 minima:
1089 643 1146 689 et
1173 635 1289 690 haec
1321 636 1719 706 115quidem
1743 635 1940 700 dulcis,
1969 635 2104 691 illud

521 741 654 778 vero
667 726 866 779 salsum
895 742 907 777 :
936 725 989 777 in
1012 724 1135 779 aliis
1155 734 1336 780 autem
1353 727 1733 797 cognationem
1757 726 1963 780 habent
1979 727 2102 795 plu-

525 817 740 870 rimam.
772 815 1079 886 Utrumque
1108 817 1256 871 enim
1288 817 1570 873 humidam
1606 828 1663 873 ct
1685 817 1908 872 ﬂuidam
1939 817 2106 871 habet

521 913 795 967 naturam,
825 916 1069 961 creatum
1098 924 1222 963 esse
1254 909 1476 980 utrique
1503 920 1668 979 atque
1695 910 1998 965 inanimum
2026 909 2103 964 si-

520 994 724 1049 militer
752 1010 1046 1051 commune
1078 1007 1181 1062 est,
1211 1009 1267 1054 et
1292 1016 1495 1070 corpus
1527 1012 1823 1072 utrumque
1857 1002 2103 1072 appella-

521 1092 631 1138 tur.
691 1085 838 1140 Nihil
886 1087 1053 1158 igitur
1088 1089 1315 1145 absurdi
1337 1100 1443 1156 est,
1504 1091 1694 1147 aﬁines
1738 1101 1965 1147 naturas
1998 1092 2103 1146 mi-

521 1178 684 1242 sceri,
710 1180 1011 1235 ctalteram
1036 1181 1106 1235 ab
1131 1182 1303 1236 altera
1334 1182 1572 1237 absumi.
1603 1182 1705 1237 Hic
1729 1197 1861 1236 vero
1889 1182 2104 1237 inﬁnita

516 1281 602 1324 est
632 1270 966 1338 diﬁ‘crentia,
998 1281 1055 1329 et
1081 1282 1251 1341 tanta,
1288 1284 1349 1330 ut
1376 1275 1530 1340 nulla
1577 1275 1805 1329 omnino
1855 1275 2104 1330 veritatis

517 1361 696 1432 imago
750 1366 1080 1433 reperiatur.
1141 1364 1256 1437 Ego
1278 1382 1412 1421 vero
1459 1368 1628 1421 multa
1662 1368 1762 1421 tibi
1791 1367 2099 1431 ostendam,

513 1468 636 1522 qua:
652 1455 810 1510 mista
828 1470 937 1511 non
953 1456 1387 1527 confunduntur,
1412 1459 1733 1515 sedsincera
1755 1466 2098 1529 permanent.

586 1716 791 1773 ERAN.
838 1719 908 1776 Et
958 1722 1084 1790 quis
1141 1738 1388 1793 unquam
1451 1722 1766 1779 mistionem
1817 1724 1937 1780 sine
1994 1724 2100 1779 mi-

507 1816 661 1863 stura
700 1808 899 1864 factam
924 1812 1174 1866 audivit?

513 1946 527 1956 .
578 1897 786 1953 ORTH.
814 1901 927 1972 Ego
953 1901 1232 1971 perﬁciam
1264 1911 1325 1957 ut
1357 1902 1462 1958 hoc
1488 1904 1811 1959 conﬁteare.

584 1990 791 2046 ERAN.
819 1991 873 2046 Si
902 1992 1050 2062 quod
1074 1994 1327 2049 dicturus
1355 2010 1417 2050 es
1440 2011 1634 2050 verum
1660 1995 1960 2062 videbitur,
1985 2012 2095 2051 non

511 2082 940 2151 rcpugnahimus
961 2085 1201 2139 veritati.

573 2170 788 2226 ORTll.
842 2174 1137 2244 Responde
1181 2176 1372 2246 igitur,
1410 2177 1497 2231 vel
1552 2177 1823 2241 abnuens,
1865 2178 1952 2234 vel
1999 2196 2095 2233 an-

505 2279 706 2330 nuens,
740 2274 910 2334 prout
951 2266 1050 2320 tibi
1098 2266 1246 2337 quod
1285 2267 1466 2323 dicam
1508 2284 1567 2324 se
1619 2269 1825 2325 habere
1875 2269 2092 2325 videbi-

502 2363 616 2411 tur.

572 2450 778 2505 ERAN.
806 2451 1191 2521 Respondebo.

572 2540 784 2598 ORTH.
815 2543 936 2600 Lux
961 2546 1148 2600 oriens
1190 2554 1441 2602 totumue
1482 2562 1666 2602 aerem
1725 2546 1955 2618 implere
1989 2549 2089 2604 tibi

500 2633 742 2699 videtur,
770 2636 877 2690 nisi
912 2636 957 2691 si
986 2637 1113 2706 quis
1135 2636 1275 2692 forte
1304 2637 1360 2691 in
1384 2638 1559 2693 antris
1588 2637 1969 2695 subterraneis
2000 2638 2111 2696 in;

498 2726 688 2781 clusus
710 2727 852 2783 lucis
885 2744 1085 2799 expers
1110 2729 1372 2785 maneat?

571 2817 777 2873 ERAN.
809 2819 900 2874 Sic
925 2821 1062 2875 mihi
1097 2820 1336 2877 videtur.

567 2908 780 2966 ORTH.
810 2912 879 2967 Et
914 2918 1024 2967 tota
1048 2928 1148 2983 per
1172 2921 1347 2970 totum
1369 2930 1554 2971 aerem
1577 2916 1673 2971 lux
1692 2916 1968 2973 diﬂ‘undi?

566 3001 775 3056 ERAN.
808 3002 923 3057 lloc
944 3020 1166 3074 quoque
1198 3005 1271 3059 ita
1296 3006 1433 3060 mihi
1459 3008 1703 3063 videtur.

565 3090 773 3148 ORTH.
809 3094 993 3150 Mistio
1020 3104 1203 3151 autem
1232 3113 1417 3153 annon
1461 3114 1562 3170 per
1598 3100 1786 3156 omnia
1816 3116 1941 3171 quae
1979 3102 2082 3156 mi-

492 3192 719 3238 scentur
740 3186 1029 3255 procedit?

566 3278 582 3295 '
605 3277 812 3332 ERAN.
840 3279 1044 3335 Verum
1074 3288 1179 3336 est.

564 3365 772 3422 ORTll.
804 3370 1176 3428 llluminatum
1201 3390 1335 3430 vero
1365 3389 1572 3440 aerem,
1608 3389 1793 3430 nonne
1820 3376 2001 3432 lucem
2022 3386 2080 3434 et

491 3458 761 3529 videmus,
796 3468 852 3514 et
881 3462 1271 3520 nominamus?

567 3553 610 3620 l
625 3554 728 3623 16
756 3555 962 3611 ERAN.
999 3556 1258 3613 Omnino.

556 3642 766 3698 ORTll.
795 3645 1050 3703 Attamen
1083 3650 1250 3706 etiam
1278 3659 1549 3721 praesente
1592 3650 1736 3718 luce,
1789 3660 1847 3708 et
1872 3653 2075 3710 siccam

489 3735 811 3800 qualitatem
841 3740 1132 3806 sentimus,
1175 3751 1231 3796 et
1260 3741 1566 3806 humidam,
1606 3759 1750 3815 sazpe
1801 3746 1968 3801 etiam
2021 3756 2078 3804 et

488 3823 740 3895 frigidam
776 3837 833 3884 et
864 3829 1115 3885 calidam.

559 3917 766 3973 ERAN.
804 3920 928 3977 Haec
957 3923 1249 3979 sentimus.

557 4005 765 4063 ORTH.
797 4010 927 4065 Post
948 4012 1091 4066 lucis
1142 4027 1277 4068 vero
1310 4011 1636 4081 discessum,
1693 4027 1942 4075 remanet
1975 4034 2071 4075 aer

489 4097 605 4168 ipse
631 4099 685 4153 in
715 4116 811 4157 sua
841 4111 1060 4158 natura.

559 4191 767 4245 ERAN.
807 4193 945 4247 Vera
973 4192 1089 4247 haec
1113 4205 1259 4251 sunt.

554 4283 766 4338 ORTH.
786 4285 899 4340 lloc
913 4302 1134 4357 quoque
1153 4289 1464 4347 considera.
1482 4291 1712 4349 Ferrum
1736 4293 1846 4366 igni
1881 4295 2071 4350 admo-

483 4378 599 4428 tum
632 4392 817 4431 nonne
848 4378 1121 4449 ignescit?

552 4462 760 4519 ERAN.
792 4463 1047 4523 Omnino.

552 4554 763 4611 ORTH.
826 4556 895 4613 Et
944 4567 1111 4616 totam
1163 4560 1339 4631 ipsius
1377 4560 1741 4617 substantiam
1814 4572 2072 4633 penetrat

481 4644 660 4701 ianis?

502 4662 623 4716 gms
638 4662 660 4700 ι

552 4738 760 4795 ERAN.
793 4740 980 4797 Plane.

551 4828 762 4885 ORTH.
823 4832 1110 4898 Quomodo
1169 4848 1302 4904 ergo
1368 4849 1480 4889 non
1532 4844 1711 4891 mutat
1789 4836 1919 4893 ferri
1967 4853 2065 4892 na-

2204 540 2267 594 τὸ
2294 542 2573 614 διαφέρον,
2604 543 2698 595 καὶ
2724 542 2782 593 ὲν
2815 540 2914 610 μιᾷ
2935 555 2999 607 γε
3030 536 3278 604 ποιότητι
3304 552 3316 564 ·
3344 538 3377 606 ἡ
3414 536 3512 605 μὲν
3541 535 3650 605 γὰρ
3690 555 3786 607 με·

2204 631 2389 703 γίστη.
2425 636 2457 702 ἡ
2493 633 2549 685 δὲ
2583 632 2958 701 σμικροτάτη·
3005 628 3101 682 καὶ
3140 630 3173 698 ή
3223 627 3321 698 μὲν
3355 626 3606 695 γλυκεῖα,
3653 631 3687 700 ή
3730 629 3786 682 δὲ

2207 724 2460 796 ἁλμυρά·
2490 727 2547 778 ὲν
2589 724 2646 777 δέ
2692 740 2754 791 γε
2801 724 2913 785 τοῖς
2952 721 3134 782 ἄλλοις
3170 719 3429 788 πλείστην
3461 719 3786 786 συγγένειαν

2206 816 2356 870 ἔστιν
2386 818 2591 886 εὑρεῖν.
2641 813 2836 884 Ῥυτὴν
2882 812 2993 883 γὰρ
3034 811 3241 881 έχουσι,
3298 810 3393 864 καὶ
3443 810 3642 881 ὐγράν,
3692 813 3789 865 καὶ

2212 908 2387 981 ῥοώδη
2432 907 2533 977 τὴν
2577 908 2740 976 φύσιν
2772 904 3109 977 ἀμφότεραι·
3131 903 3228 956 καὶ
3252 903 3313 956 τὸ
3345 896 3485 956 εἶναι
3510 903 3566 956 δὲ
3593 904 3786 967 αὐταῖς

2204 999 2403 1067 ὁμοίως
2439 998 2678 1062 κτιστὸν,
2714 997 2812 1051 καὶ
2848 996 2909 1049 τὸ
2938 995 3145 1065 ἄψυχον
3181 994 3238 1046 δὲ
3274 993 3537 1057 ὡσαύτως
3581 994 3782 1059 κοινὸν,

2206 1090 2301 1141 καί⁵
2334 1088 2518 1159 μέντοι
2553 1087 2832 1158 καὶσῶμα
2868 1086 3009 1156 αὕτη
3056 1085 3282 1156 κάκείνη
3315 1085 3582 1138 καλεῖται.
3616 1085 3786 1137 Οὐδὲν

2204 1176 2298 1234 οὖν
2338 1181 2587 1244 ἀπεικὸς,
2632 1180 2734 1243 τάς
2767 1178 3203 1248 ἀγχιστευούσας
3248 1178 3441 1246 φύσεις
3493 1179 3786 1247 ὑπομεῖναι

2203 1271 2303 1340 τὴν
2334 1271 2552 1341 κρᾶσιν,
2591 1270 2688 1323 καὶ
2719 1269 2952 1339 θατέραν
2985 1270 3090 1322 ὑπὸ
3128 1268 3360 1341 θατὲρας
3398 1267 3784 1337 ἀφανισθῆναι.

2219 1362 2483 1416 Ἐνταῦθα
2515 1362 2572 1415 δὲ
2605 1363 2666 1414 τὸ
2697 1362 2955 1433 διάφορον
2980 1364 3241 1433 -ἄπειρον,
3281 1362 3377 1415 καὶ
3407 1360 3680 1424 τοσοῦτον,
3698 1358 3789 1421 ὡς

2208 1453 2480 1524 μηδεμίαν
2533 1454 2718 1507 είκόνα
2762 1453 2864 1523 τῆς
2923 1453 3181 1524 ἀληθείας
3220 1452 3593 1524 εὑρίσκεσθαι.
3642 1450 3787 1518 Ἐγὼ

2206 1545 2391 1615 μέντοι
2436 1545 2688 1616 δείκνυμι
2724 1545 2895 1600 πολλά
2923 1547 3034 1600 τῶν
3084 1545 3502 1616 κεραννυμένων
3548 1544 3623 1615 μὴ
3669 1541 3787 1613 (48)

2205 1635 2564 1706 συγχεόμενα.
2593 1636 2708 1690 ἀλλ’
2736 1638 3012 1709 ἀκραιφνῆ
3044 1637 3389 1709 διαμένοντα.

2273 1724 2481 1781 ΕΡΑΝ.
2519 1726 2628 1780 Καὶ
2659 1726 2741 1791 τίς
2781 1726 2987 1799 ἀκήκοε
3025 1728 3223 1799 κρᾶσιν
3255 1726 3493 1799 ἄκρατον
3524 1721 3785 1787 πώποτες

2132 1809 2174 1863 Β

2271 1906 2423 1959 ΟΡΘ.
2474 1906 2615 1975 Ἐγώ
2640 1923 2699 1959 σε
2721 1905 2878 1961 τοῦτο
2898 1906 3330 1978 συνομολογῆσαι
3350 1903 3783 1975 παρασκευάσω.

2271 1998 2476 2052 EPAN.
2506 1999 2569 2051 Ei
2618 1998 2811 2069 φανείη
2857 1999 2918 2050 τὸ
2975 1997 3350 2069 ῥηθησόμενον
3404 1995 3624 2068 ἀληθὲς,
3679 1996 3786 2049 οὐκ

2201 2088 2555 2160 ἀντιτάξομεν
2577 2092 2643 2161 τῇ
2669 2088 2922 2161 ἀληθείᾳ.

2266 2181 2418 2236 ΟΡΘ.
2468 2183 2786 2251 ’Δπόκριναι
2822 2181 3023 2246 τοίνυν,
3071 2180 3105 2251 ἢ
3166 2178 3464 2244 ἀνανεύων,
3513 2178 3546 2251 ἤ
3612 2194 3786 2233 κατα-

2193 2273 2387 2341 νεύων,
2421 2275 2570 2338 ὂπως
2600 2274 2667 2329 ἀν
2695 2291 2776 2327 σοι
2809 2273 2956 2345 ἔχειν
2980 2275 3009 2326 6
3036 2271 3195 2342 λόγος
3229 2272 3385 2344 δοκῇ.

2260 2451 2461 2504 ΕΡΑΝ.
2508 2449 2956 2523 Ἀποκρινοῦμαι.

2263 2546 2413 2600 ΟΡΘ.
2458 2545 2532 2599 Τὸ
2583 2545 2698 2617 ea;
2734 2544 2951 2615 ἀνίσχον
2982 2544 3161 2599 πάντα
3192 2545 3340 2598 δοκεῖ
3381 2562 3464 2599 σοι
3508 2546 3601 2600 τὸν
3637 2546 3783 2617 ἀέρα

2191 2635 2452 2707 πληροῦν,
2490 2637 2629 2706 πλὴν
2671 2639 2720 2689 εί
2770 2637 2961 2708 μήτις
3008 2638 3066 2689 ὲν
3120 2637 3360 2709 ἀντρίοις
3400 2638 3661 2704 οίκίσκοις
3681 2656 3781 2695 κα-

2189 2725 2512 2797 θειργμένος
2542 2726 2847 2796 ἀφώτιστος
2880 2727 3165 2799 διαμένοι;

2259 2820 2467 2873 EPAN.
2500 2822 2659 2873 Δοκεῖ
2683 2837 2796 2890 μοι.

2258 2912 2410 2966 ΟΡΘ.
2445 2913 2555 2965 Καὶ
2578 2912 2697 2965 ὅλον
2724 2913 2792 2964 δι’
2821 2911 2946 2967 ὅλου
2989 2909 3084 2965 τοῦ
3116 2911 3279 2983 ἀέρος
3308 2914 3506 2983 χωρεῖν
3523 2913 3583 2968 τὸ
3615 2915 3772 2984 φῶςς
3836 2970 3845 2977 ,

2258 3005 2463 3058 ΕΡΛΝ.
2507 3005 2619 3058 Καὶ
2650 3004 2809 3058 τοῦτό
2843 3021 2934 3075 μοι
2968 3005 3237 3058 συνδοκεῖ.

2258 3095 2412 3157 ΟΡΘ,
2449 3096 2516 3148 Ἦ
2543 3095 2600 3148 δὲ
2630 3096 2826 3167 κρᾶσις
2852 3095 2915 3148 οὐ
2942 3095 3010 3149 δι’
3049 3094 3186 3149 ὅλων
3212 3094 3322 3149 τῶν
3354 3095 3778 3167 κεραννυμένων

2184 3190 2379 3259 χωρεῖ;

2250 3277 2453 3331 EPAN.
2493 3276 2734 3349 Ἀληθές.

2250 3369 2402 3423 ΟΡΘ.
2433 3368 2537 3422 Τὸν
2577 3369 2633 3422 δέ
2661 3385 2724 3438 γε
2772 3371 3181 3443 πεφωτισμένον
3229 3370 3390 3443 ἀέρα,
3430 3368 3491 3423 οὐ
3533 3368 3651 3439 φῶς
3671 3369 3775 3423 καὶ

2179 3462 2417 3534 ὁρῶμεν,
2453 3462 2545 3516 καὶ
2576 3460 2920 3534 ὀνομάζομεν
2936 3480 2952 3529 ;

2250 3554 2457 3608 EPAN.
2489 3554 2638 3609 Πάνυ
2682 3571 2768 3622 γε.

2250 3644 2403 3699 ΟΡΘ.
2451 3645 2590 3697 Ἀλλ’
2628 3644 2779 3714 ὅμως
2816 3645 2918 3699 ’καὶ
2972 3643 3242 3714 παρόντος
3285 3641 3380 3696 τοῦ
3429 3639 3626 3712 φωτὸς,
3669 3640 3771 3695 καὶ

2179 3737 2352 3808 ξηρᾶς
2383 3737 2670 3807 ποιότητος
2719 3737 3114 3809 αἰσθανόμεθα,
3138 3737 3233 3791 καὶ
3263 3737 3434 3807 ὑγρᾶς
3455 3753 3467 3766 ·
3504 3734 3772 3799 πολλάκις

2176 3826 2233 3881 δὲ
2258 3826 2475 3898 ψυχρᾶς
2503 3826 2599 3880 καὶ
2633 3827 2865 3899 θερμῆς.

2247 3920 2452 3977 EPAN.
2487 3920 2869 3992 Αίσθανόμεθα
2898 3920 3126 3975 τούτων.

2246 4013 2399 4068 ΟΡΘ.
2430 4013 2586 4068 Μετά
2643 4013 2700 4066 δέ
2750 4029 2814 4081 γε
2866 4012 2965 4083 τὴν
3014 4011 3109 4065 τοῦ
3171 4010 3345 4081 φωτὸς
3393 4007 3765 4081 ἀναχώρησιν,

2176 4106 2327 4178 μένει
2354 4105 2538 4159 λοιπὸν
2566 4104 2731 4169 αὐτὸς
2759 4104 2879 4158 καθ’
2919 4105 3080 4159 αὑτὸν
3098 4106 3126 4159 6
3162 4104 3293 4176 ἀήρ.

2244 4197 2443 4252 ΕΡΑΝ.
2489 4196 2691 4265 Ἀληθῆ
2724 4194 2916 4249 ταῦτα.

2242 4290 2392 4346 ΟΡΘ.
2419 4290 2704 4359 Σκόπησον
2735 4288 2798 4358 δὴ
2829 4284 2921 4341 οὖν
2949 4289 3044 4342 καὶ
3087 4288 3237 4342 τόδεο
3274 4288 3302 4341 ὁ
3347 4288 3564 4361 σίδηρος
3593 4306 3765 4361 προσο

2169 4385 2371 4456 ομιλῶν
2396 4383 2475 4454 τῷ
2510 4382 2641 4453 πυρὶ
2661 4379 3070 4452 πυρακτοῦται;

2102 4495 2144 4550 ι)
2244 4476 2450 4529 ΕΡΑΝ.
2487 4474 2724 4542 Πάνυγε.

2243 4560 2395 4615 ΟΡΘ.
2429 4561 2540 4615 Καὶ
2567 4560 2633 4614 δι’
2663 4560 2793 4632 ὅλης
2827 4580 2891 4632 ys
2940 4564 3038 4634 τῆς
3082 4562 3272 4629 οὐσίας
3296 4563 3466 4619 αὐτοῦ
3505 4564 3677 4635 χωρεῖ
3699 4565 3767 4619 τὸ

2170 4652 2317 4722 πῦρ;

2237 4743 2443 4800 ΕΡΑΝ.
2475 4744 2607 4810 Ναί,

2237 4835 2388 4900 ΟΡΘ,
2414 4835 2540 4898 Πῶς
2565 4833 2658 4890 οὖν
2690 4836 2791 4890 οὐκ
2820 4836 3135 4891 ὲναλλάττει
3160 4836 3252 4890 τοῦ
3272 4836 3495 4907 σιδήρου
3523 4835 3622 4906 τὴν
3654 4835 3761 4905 φύ-

475 4925 658 4972 turam
682 4934 897 4976 summa
927 4920 1079 4985 unio,
1124 4929 1179 4977 et
1204 4939 1304 4993 per
1332 4931 1509 4980 totum
1532 4941 1821 4995 permeans
1847 4928 2068 4984 mistio?

2205 4945 2253 4981 ιν
2283 4930 2316 4999 ή
2345 4928 2493 4999 ἄκρα
2524 4928 2740 4996 ἕνωσις,
2771 4929 2926 5001 καὶὴ
2964 4929 3033 4982 δι’
3064 4930 3187 4983 ὅλου
3223 4927 3482 5000 χωροῦσά
3523 4945 3586 4997 ys
3616 4927 3761 4998 κρᾶ-

547 5091 755 5148 ERAN.
803 5095 978 5150 Mutat
1023 5111 1272 5166 prorsus.
1297 5098 1416 5155 Non
1472 5099 1622 5154 enim
1667 5103 1902 5173 amplius
1951 5106 2062 5160 fer-

2165 5036 2280 5085 σις;

2234 5108 2436 5176 ΕΡΑΝ,
2471 5111 2583 5165 Kal.
2619 5111 2727 5183 μὴν
2752 5111 2987 5183 πάμπαν
3025 5110 3358 5165 ὲναλλάττει.
3420 5109 3616 5163 Οὐκέτι
3644 5125 3760 5181 γαρ

477 5199 622 5250 rum,
652 5185 746 5240 sed
777 5185 918 5255 ignis
942 5202 1063 5243 esse
1098 5199 1387 5259 censetur;
1419 5191 1531 5247 imo
1563 5192 1731 5247 etiam
1781 5195 1924 5267 ignis
1950 5197 2059 5253 vim

2205 5201 2400 5272 ίδηρος,
2437 5202 2575 5255 ἀλλὰ
2609 5202 2720 5275 πῦρ
2750 5199 2891 5258 εἶναι
2923 5202 3206 5275 νομίζεται
3229 5219 3240 5232 ο
3279 5201 3376 5254 καὶ
3428 5199 3611 5271 μέντοι
3655 5199 3759 5252 καὶ

477 5275 665 5331 habet.

547 5366 756 5423 OltTll.
808 5368 1004 5425 Annon
1048 5388 1181 5443 ergo
1241 5374 1450 5432 ferrum
1494 5377 1676 5434 adhuc
1725 5380 1906 5451 ipsum
1961 5399 2056 5453 ap-

477 5457 646 5525 pellat
699 5456 873 5522 faber,
931 5469 986 5514 et
1038 5462 1226 5519 incudi
1269 5465 1522 5536 imponit,
1574 5478 1630 5524 et
1679 5472 1876 5528 malleo
1927 5490 2056 5543 per-

477 5546 648 5600 cutit?

546 5744 660 5818 (48)
691 5747 800 5819 Μή.
835 5748 934 5805 Ed.
959 5750 1115 5809 Rom.
1140 5752 1366 5826 etLips.
1405 5754 1530 5827 μέν.

2160 5291 2258 5363 τὴν
2288 5292 2460 5363 πυρὸς
2485 5293 2768 5365 ἐνέργειαν
2797 5294 2935 5366 ἔχει.

2238 5385 2390 5449 ΟΡΘ,
2426 5386 2624 5441 Οὐκέτι
2662 5388 2840 5444 τοίνυν
2867 5388 3030 5443 αὐτὸν
3060 5390 3090 5442 6
3123 5387 3360 5459 χαλκεὺς
3394 5384 3610 5456 σίδηρον
3637 5383 3759 5437 ὀνο-

2170 5474 2353 5545 μάζει,
2391 5476 2514 5530 οὐδὲ
2560 5477 2638 5549 τῷ
2667 5478 2863 5550 ἄκμονι
2901 5478 3224 5551 προσφέρει,
3260 5476 3383 5531 οὐδέ
3408 5492 3472 5545 ys
3497 5472 3753 5546 ἐπιφέρει

2169 5566 2264 5636 τὴν
2295 5567 2398 5637 σφύ
2408 5585 2507 5639 ραν
2530 5586 2543 5634 ;
