4090 6452
555 369 658 437 159

1544 377 2033 437 THEODORETI
2070 373 2411 435 EPISCOPI
2447 372 2812 433 CYRENSIS

3713 369 3815 438 160

552 495 610 542 et
641 487 784 542 sicut
809 486 864 540 in
895 486 1029 540 mari
1062 487 1379 542 ambulavit.
1441 487 1695 543 Nondum
1727 497 1932 554 autem,
1965 498 2026 543 ut
2051 488 2137 541 di-

2243 483 2629 552 ἐπικειμένων,
2661 483 2736 545 ὡς
2768 481 2861 535 ἐπὶ
2896 479 3167 552 θαλάττης
3205 480 3475 536 ὲϐάδισεν.
3501 478 3725 534 Οὐδέπω
3754 483 3814 535 δὲ

554 579 654 642 eis,
679 587 888 633 natura:
910 577 1051 632 facta
1087 586 1208 632 erat
1237 579 1487 632 mutatio.

621 754 828 810 ERAN.
852 752 1105 808 Ostendit
1140 753 1404 807 Dominus
1431 769 1624 808 manus
1663 753 1958 823 apostolis,
1992 753 2134 808 sicut

553 861 676 899 cum
698 845 901 900 Jacobo
934 845 1175 898 luctatus
1204 853 1306 898 est.

620 936 827 990 ORTH.
856 936 962 991 Sed
991 953 1097 990 non
1125 937 1255 990 sinit
1283 936 1548 990 Dominus
1578 954 1678 990 nos
1707 937 1786 990 sic
1808 937 2130 1006 intelligere.

549 1028 684 1082 Nam
719 1043 842 1081 cum
861 1027 1114 1097 discipuli
1136 1028 1550 1097 suspicarentur
1572 1044 1629 1092 se
1649 1029 1904 1097 spiritum
1922 1028 2130 1092 videre,

550 1120 567 1138 ‘
587 1119 959 1187 suspicionem
997 1119 1137 1173 hanc
1168 1121 1433 1173 Dominus
1465 1108 1720 1179 removit,
1751 1129 1807 1174 et
1837 1120 2020 1174 carnis
2043 1136 2136 1172 na-

550 1219 730 1265 turam
780 1211 1197 1266 demonstravit.
1243 1230 1260 1260 ι
1296 1211 1407 1266 Cur
1448 1212 1629 1275 enim,
1678 1211 1877 1280 inquit,
1930 1211 2134 1264 turbati

549 1301 705 1366 estis,
769 1311 827 1356 et
873 1317 973 1356 cur
1020 1302 1382 1372 cogitationes
1427 1303 1733 1356 ascendunt
1774 1303 1828 1356 in
1873 1302 2136 1356 cordibus

549 1393 794 1448 vestris?
819 1395 1012 1450 Videte
1047 1411 1241 1450 manus
1284 1411 1456 1459 meas,
1515 1404 1570 1448 et
1607 1395 1774 1463 pedes
1807 1410 1979 1452 meos.
2006 1394 2134 1464 quia

551 1499 652 1553 ego
677 1485 791 1554 ipse
819 1501 959 1539 sum.
994 1487 1216 1555 Palpate
1257 1502 1366 1549 me,
1399 1494 1452 1541 et
1498 1485 1700 1547 videte,
1734 1485 1862 1554 quia
1906 1484 2136 1552 spiritus

552 1592 773 1630 carnem
833 1587 889 1631 et
938 1593 1063 1632 ossa
1114 1595 1224 1633 non
1257 1578 1444 1640 habet,
1503 1577 1754 1630 sieutme
1799 1575 1995 1628 videtis
2036 1575 2136 1628 ha-

552 1665 684 1720 bere
711 1666 775 1720 δ’.
810 1687 826 1717 ι
873 1667 940 1720 Ει
971 1667 1095 1722 vide
1131 1682 1292 1736 quam
1339 1674 1592 1720 accurate
1633 1664 1850 1716 loeutus
1887 1662 1975 1714 sit.
2016 1662 2134 1715 Non

550 1757 867 1821 enimdixit,
894 1773 951 1811 se
969 1773 1190 1811 carnem
1212 1766 1268 1810 et
1297 1772 1419 1810 ossa
1445 1771 1588 1817 esse,
1616 1753 1710 1807 sed
1729 1767 1948 1806 carnem
1977 1751 2138 1820 119

2237 573 2381 626 κατά
2413 574 2503 626 τὸν
2535 573 2629 626 σὺν
2677 572 2920 641 ἐγεγόνει
2977 571 3136 640 λόγον
3187 571 3287 641 τῆς
3342 569 3555 642 φύσεως
3583 573 3617 642 ἡ
3650 589 3816 642 μετα-

2236 664 2365 735 ϐολή
2378 706 2389 718 .

2307 757 2508 810 ΕΡΛΝ.
2544 757 2750 821 Ἔδειξε
2791 760 2903 820 τοῖς
2957 755 3277 819 ἀποστόλοις
3322 755 3351 808 ό
3402 755 3678 826 Δεσπότης
3701 757 3814 826 χεῖ-

2241 865 2359 918 ρας,
2399 848 2473 910 ὡς
2498 848 2761 902 ἐπάλαισε
2793 851 2870 918 τῷ
2905 849 3118 902 Ἰακώϐ.

2308 939 2457 990 ΟΡΘ.
2504 938 2642 991 Ἀλλ’
2677 939 2777 992 ούκ
2803 941 2868 1009 ὲᾷ
2892 941 3031 992 νοεῖν
3057 937 3232 1000 οὕτως
3253 939 3280 989 ὁ
3303 935 3525 1008 Κύριος.
3561 935 3682 1002 Τῶν
3703 936 3814 1008 γὰρ

2240 1028 2496 1098 μαθητῶν
2516 1030 2734 1098 πνεῦμα
2759 1029 2983 1101 Θεωρεῖν
3017 1029 3388 1089 τοπασάντων,
3420 1027 3650 1096 ἐξήλασε
3683 1029 3814 1097 τήν·

2236 1122 2292 1174 δε
2335 1123 2433 1192 τὴν
2458 1121 2694 1190 ὑποψίαν
2717 1125 2743 1174 ὁ
2776 1124 3002 1192 Κύριος,
3036 1123 3129 1176 καὶ
3168 1121 3266 1191 τὴν
3300 1123 3399 1191 τῆς
3453 1120 3650 1190 σαρκὸς
3708 1121 3813 1173 ὑπ-

2237 1211 2402 1276 έδειξε
2435 1212 2616 1280 φύσιν.
2644 1232 2661 1264 ι
2688 1212 2753 1265 Τί
2777 1213 2904 1283 γάρ,
2933 1213 3088 1283 φησὶ,
3114 1210 3512 1280 τεταραγμένοι
3540 1209 3686 1274 ἐστὲ,
3713 1210 3813 1262 καὶ

2235 1303 2378 1356 διατί
2426 1304 2766 1373 διαλογισμοὶ
2819 1304 3203 1358 ἀναϐαίνουσιν
3265 1303 3323 1355 ὲν
3385 1304 3504 1364 ταῖς
3560 1299 3814 1370 καρδίαις

2239 1393 2424 1464 ύμῶν;
2465 1395 2632 1447 Ἴδετε
2674 1394 2774 1458 τὰς
2818 1394 3006 1465 χεῖράς
3042 1411 3166 1462 μου,
3199 1393 3292 1446 καὶ
3327 1392 3450 1454 τοὺς
3479 1391 3646 1455 πόδας
3677 1391 3814 1459 (49),

2237 1486 2318 1538 ὅτι
2349 1487 2509 1550 αὐτὸς
2537 1485 2646 1553 ἐγώ
2683 1488 2818 1554 είμι.
2847 1484 3217 1555 Ψηλαφήσατέ
3270 1500 3358 1553 με,
3388 1483 3478 1535 καὶ
3535 1483 3692 1544 ἴδετε,
3729 1481 3816 1534 ὅτι

2238 1574 2457 1644 πνεῦμα
2492 1577 2669 1646 σάρκα
2694 1575 2788 1637 κα).
2818 1574 2979 1627 ὀστέα
3012 1575 3112 1626 οὐκ
3161 1575 3296 1643 ἔχει,
3327 1572 3509 1635 καθὼς
3543 1571 3643 1640 ἐμὲ
3676 1571 3816 1624 Θεω-

2241 1671 2383 1738 ρεῖτε
2413 1666 2624 1737 ἔχοντα.
2662 1686 2679 1716 ›
2726 1665 2834 1718 Καὶ
2859 1666 2960 1731 ὅρα
2985 1665 3079 1718 τοῦ
3112 1667 3354 1736 ῥήματος
3383 1663 3478 1733 τὴν
3506 1663 3816 1733 ἀκρίϐειαν.

2240 1759 2315 1810 Ού
2342 1758 2450 1829 γάρ
2476 1753 2618 1822 εἷπε,
2649 1757 2827 1827 σάρκα
2852 1757 2946 1809 καὶ
2973 1754 3136 1808 ὀστέα
3168 1754 3317 1817 ὄντα,
3340 1755 3498 1820 ἀλλὰ,
3523 1754 3703 1825 σάρκα
3723 1753 3820 1806 καὶ

551 1859 606 1902 et
638 1865 756 1902 ossa
787 1850 1012 1912 habere,
1042 1856 1101 1902 ut
1144 1849 1464 1903 ostenderet
1494 1848 1644 1902 aliud
1673 1848 1896 1916 quidem
1926 1862 2047 1900 esse
2079 1846 2133 1900 id

2243 1821 2403 1903 ὀστέα
2423 1821 2649 1919 έχοντα,
2677 1821 2762 1901 ἵνα
2792 1848 2963 1920 δείξῃ,
2989 1847 3117 1901 ἄλλο
3151 1847 3248 1916 μὲν
3284 1847 3344 1898 τὺ
3379 1846 3501 1915 ἕχον
3547 1821 3688 1898 κατά
3720 1844 3820 1914 τὴν

550 1937 696 2005 quod
724 1937 886 1991 habet
931 1938 1232 1993 secundum
1253 1946 1529 2002 naturam,
1560 1937 1706 1991 aliud
1734 1952 1866 1991 vero
1896 1937 1950 1990 id
1985 1937 2134 2006 quod

554 2027 803 2082 habetur.
847 2029 1002 2084 Sicut
1033 2029 1181 2084 enim
1209 2028 1358 2083 aliud
1405 2036 1489 2082 est
1527 2028 1579 2082 id
1614 2027 1758 2097 quod
1815 2028 2133 2097 assumpsit,

551 2119 701 2173 aliud
731 2121 876 2189 quod
917 2130 1258 2190 assumptum
1294 2129 1400 2186 est,
1441 2135 1582 2174 unus
1635 2127 1817 2173 autem
1855 2135 1923 2174 ex
1950 2119 2139 2173 amba-

551 2209 658 2264 bus
682 2211 935 2268 Christus
972 2214 1382 2268 consideratur:
1409 2213 1483 2266 ita
1516 2212 1724 2265 habens
1762 2212 1831 2265 ab
1884 2226 1952 2265 eo
1988 2210 2134 2280 quod

555 2303 794 2358 habetur
815 2305 1116 2374 plurimum
1144 2305 1349 2370 ditl‘ert,
1375 2321 1477 2359 nec
1504 2303 1753 2359 tamenin
1783 2302 1921 2357 duas
1952 2318 2139 2373 perso-

555 2411 654 2449 nas
673 2396 868 2450 dividit
887 2414 1013 2451 eum
1041 2398 1133 2467 qui
1166 2398 1218 2451 in
1243 2398 1329 2451 his
1360 2395 1700 2466 intelligitur.
1730 2395 1992 2449 Dominus
2017 2395 2141 2465 qui-

555 2486 702 2552 dem,
720 2488 1101 2543 dubitantibus
1117 2488 1612 2558 adhucdiscipulis,
1629 2488 1877 2542 etcibum
1891 2488 2139 2558 petiit,et

555 2589 833 2648 sun'iptnm
867 2580 1127 2641 comedit,
1153 2595 1257 2634 nec
1282 2579 1460 2634 fallaci
1489 2587 1699 2633 tantum
1728 2578 1908 2648 specie
1941 2593 2140 2632 consu-

555 2687 710 2725 mens
730 2672 936 2735 cibum,
960 2687 1063 2726 nec
1088 2671 1333 2741 corporis
1357 2672 1715 2742 indigentiam
1748 2670 1975 2739 explens
2003 2670 2069 2723 “.

624 2762 832 2817 ERAN.
867 2763 1029 2833 Atqui
1061 2763 1298 2817 duorum
1328 2763 1564 2817 alterum
1612 2761 1869 2830 amplecti
1913 2776 2139 2816 necesse

551 2862 654 2909 est.
687 2854 796 2908 Aut
823 2855 973 2909 enim
1030 2855 1282 2925 indigens
1314 2855 1568 2924 sumpsit,
1604 2861 1700 2908 aut
1721 2868 1831 2906 non
1864 2852 2136 2923 indigens,

553 2948 848 3003 comedere
896 2947 1121 3017 quidem
1179 2948 1329 3002 visus
1376 2955 1482 3013 est,
1535 2953 1593 3001 at
1618 2946 1804 3002 cibum
1849 2961 1960 3000 non
1985 2959 2138 3000 sum-

553 3041 686 3111 psit.

2239 1943 2422 2013 φύσιν,
2456 1944 2586 1997 ἀλλο
2631 1944 2688 1996 δὲ
2732 1943 2793 1995 τὸ
2829 1943 3109 2013 ἐχόμενον.
3149 1941 3359 2010 ’Ὠσπερ
3411 1938 3520 2007 γὰρ
3559 1937 3687 1990 ἀλλο
3718 1935 3822 2006 μέν

2239 2037 2355 2088 ἐστι
2383 2035 2444 2088 τὸ
2478 2035 2662 2100 λαϐὸν,
2708 2035 2839 2089 ἄλλο
2867 2033 2922 2086 δὲ
2965 2033 3027 2085 τὸ
3051 2030 3276 2102 ληφθὲν,
3305 2024 3389 2093 εἷς
3422 2028 3479 2082 δὲ
3518 2027 3576 2094 ἐξ
3615 2028 3821 2096 ἀμφοῖν

2237 2129 2267 2180 ὀ
2300 2127 2537 2198 Χριστὸς
2567 2127 2885 2198 Θεωρεῖταιο
2919 2122 3062 2177 οὕτω
3094 2125 3155 2175 τὸ
3193 2121 3314 2191 ἔχον
3345 2121 3484 2190 πρὸς
3517 2118 3578 2172 τὸ
3623 2117 3825 2187 ἐχόμε-

2239 2237 2327 2274 νον
2358 2220 2617 2291 πλείστην
2651 2221 2747 2291 μὲν
2769 2220 2882 2290 ἔχει
2913 2216 3199 2286 διαφορὰν,
3226 2215 3326 2268 οὐκ
3349 2216 3429 2276 εἰς
3447 2212 3542 2266 δύο
3567 2212 3624 2265 δὲ
3647 2210 3823 2281 πρόσ-

2238 2329 2364 2366 ωπα
2428 2310 2645 2383 μερίζει
2695 2312 2786 2365 τὸν
2839 2312 2898 2364 ὲν
2937 2311 3148 2373 τούτοις
3183 2307 3494 2378 νοούμενον.
3539 2305 3596 2357 '0
3635 2303 3824 2373 μέντοι

2240 2403 2445 2475 Κύριος
2465 2401 2916 2474 ἀμφιϐαλλόντων
2939 2400 3019 2453 ἔτι
3040 2399 3150 2452 τῶν
3187 2395 3465 2470 μαθητῶν,
3495 2395 3590 2448 καὶ
3609 2393 3822 2462 τροφὴν

2240 2494 2430 2565 ᾔτησε,
2461 2494 2555 2546 καὶ
2580 2491 2761 2546 λαϐὼν
2790 2491 3014 2560 ἔφαγεν,
3040 2487 3162 2542 οὔτε
3195 2484 3465 2557 φαντασίᾳ
3485 2483 3582 2553 τὴν
3610 2479 3824 2554 τροφὴν

2240 2583 2570 2651 ἀναλίσκων,
2604 2581 2730 2637 οὔτε
2775 2581 2871 2635 τοῦ
2923 2579 3174 2652 σώματος
3203 2580 3304 2651 τὴν
3341 2574 3531 2649 χρείαν
3572 2571 3823 2644 πληρῶν.

2313 2778 2518 2834 ΕΡΑΝ.
2556 2776 2668 2830 Καὶ
2694 2775 2801 2846 μὴν
2829 2773 3044 2842 ἀνάγκη
3077 2771 3222 2826 δυοῖν
3269 2768 3494 2839 θάτερον
3528 2764 3826 2832 δέξασθαιο

2241 2873 2276 2944 ἢ
2307 2873 2417 2943 γάρ
2442 2870 2655 2942 δεηθεὶς
2701 2863 3080 2938 μετέλαϐεν,ἢ
3126 2863 3203 2934 μὴ
3245 2861 3498 2930 δεόμενος
3543 2855 3688 2924 ἔδοξε
3726 2855 3826 2929 μὲν

2243 2964 2468 3027 ἐσθίειν,
2501 2963 2702 3032 ἥκιστα
2739 2959 2795 3011 δὲ
2827 2955 3093 3029 μετέλαϐε
3132 2953 3362 3025 τροφῆς.

625 3132 835 3188 ORTH.
871 3132 1010 3189 Cibo
1051 3133 1274 3204 quidem
1318 3147 1522 3204 corpus
1574 3132 1884 3186 immortale
1935 3131 2138 3188 factum

2313 3141 2464 3196 ΟΡΘ.
2483 3138 2703 3211 Τροφῆς
2729 3137 2828 3208 μὲν
2848 3137 2947 3190 ούκ
2969 3132 3201 3206 ἔχρῃζεν
3224 3131 3490 3186 ἀθάνατον
3515 3127 3828 3200 γεγενημέ-

555 3241 664 3279 ιιοη
699 3226 914 3296 egebat.
942 3227 1015 3280 De
1047 3225 1114 3280 iis
1142 3225 1289 3280 enim
1330 3226 1426 3295 qui
1466 3231 1761 3293 resurgunt
1787 3224 1924 3278 dixit
1949 3225 2136 3279 Domi-

554 3332 661 3370 nus
689 3333 700 3368 :
737 3336 752 3365 ι
775 3316 853 3369 lbi
889 3331 1068 3385 neque
1093 3331 1294 3370 uxores
1310 3315 1542 3380 ducunt,
1568 3331 1746 3383 neque
1773 3315 2010 3380 nubunt,
2040 3314 2137 3370 sed

556 3415 685 3460 sunt
708 3406 850 3460 sicut
879 3406 1137 3476 angeli“.
1168 3425 1184 3456 ι
1209 3405 1365 3471 Quod
1387 3413 1572 3459 autem
1603 3406 1788 3459 cibum
1821 3405 2136 3475 sumpserit,

555 3507 726 3552 testes
749 3508 879 3552 sunt
907 3497 1160 3567 apostoli.
1192 3497 1328 3552 Nam
1357 3497 1554 3552 beatus
1607 3497 1784 3551 Lucas
1810 3497 1864 3551 in
1899 3497 2139 3552 Actuum

557 3591 828 3664 prommio
865 3589 1004 3644 dixit
1041 3608 1052 3665 ς
1097 3609 1115 3640 ‹
1145 3590 1213 3644 Ει
1238 3605 1469 3645 vescens
1503 3605 1628 3644 eum
1659 3591 1922 3659 apostolis
1962 3590 2143 3645 Domi-

556 3699 683 3746 nus,
736 3682 1000 3751 praecepit
1039 3682 1122 3736 eis
1193 3697 1263 3736 ne
1315 3681 1385 3736 ab
1415 3681 1833 3752 Hierosolymis
1887 3682 2140 3736 discede-

558 3781 680 3826 rent
713 3773 779 3824 “.
822 3792 839 3823 ι
882 3773 952 3826 Ει
984 3771 1368 3826 divinissimus
1437 3773 1635 3826 Petrus
1683 3773 1887 3828 clarius
1960 3774 2138 3828 dixit:

567 3882 584 3913 ι
624 3863 726 3929 Qui
759 3864 1102 3918 comedimus
1138 3871 1194 3918 et
1214 3863 1457 3918 bibimus
1476 3880 1600 3918 cum
1621 3880 1708 3930 eo,
1731 3875 2021 3934 postquam
2055 3881 2144 3920 re-

558 3955 801 4008 surrexit
852 3970 883 4008 a
937 3954 1172 4009 mortuis
1193 3954 1259 4008 ⁸⁸.
1297 3972 1313 4004 ι
1341 3952 1479 4008 Cum
1526 3953 1674 4007 enim
1723 3969 1936 4020 eorum,
1965 3955 2058 4025 qui
2087 3955 2143 4008 in

558 4045 818 4115 praesenti
838 4053 969 4100 sunt
1021 4045 1154 4108 vita,
1190 4045 1476 4114 proprium
1508 4044 1582 4099 sit
1637 4045 1954 4110 comedere,
2008 4063 2144 4102 con-

559 4146 824 4206 gruenter
851 4137 1118 4191 Dominus
1148 4152 1245 4207 per
1263 4137 1450 4191 cibum
1472 4147 1528 4192 et
1550 4148 1738 4208 potum
1759 4139 1938 4194 carnis
1964 4156 2146 4194 resur-

559 4231 864 4285 rectionem
887 4228 955 4284 de
973 4230 1093 4300 ejus
1122 4228 1357 4284 veritate
1388 4229 1775 4285 dubitantibus
1803 4231 2149 4285 demonstra-

559 4323 658 4376 vit.
694 4323 843 4376 ldcm
878 4320 1045 4376 etiam
1077 4336 1202 4375 cum
1234 4321 1442 4376 Lazaro
1479 4331 1535 4376 et
1561 4321 1694 4376 Jairi
1724 4320 1835 4375 lilia
1865 4321 2018 4376 fecit.
2049 4322 2148 4376 Et-

560 4411 710 4465 enim
742 4411 899 4480 120
931 4428 1058 4466 cum
1085 4412 1228 4466 hanc
1279 4413 1619 4475 suscitassct,
1642 4412 1806 4481 jussit
1833 4414 1883 4468 ei
1916 4411 2034 4466 dari
2068 4413 2148 4466 ci-

2241 3252 2330 3289 νον
2347 3234 2406 3287 τὸ
2428 3233 2604 3302 σῶμα.
2629 3231 2736 3284 Καὶ
2756 3229 2864 3300 γὰρ
2886 3227 3012 3297 περὶ¹
3033 3227 3140 3279 τῶν
3165 3223 3541 3294 ἀνισταμένων
3568 3223 3596 3274 ὁ
3618 3222 3827 3292 Κύριος

2243 3327 2345 3396 ἔφη
2377 3341 2390 3354 ·
2433 3342 2452 3376 ‹
2487 3325 2635 3377 Ἐκεῖ
2662 3319 2784 3374 οὔτε
2810 3318 3106 3389 γαμοῦσιν,
3139 3315 3262 3370 οὔτε
3293 3315 3675 3386 γαμίσκονται,
3711 3311 3826 3367 ἀλλ’

2244 3417 2380 3468 εἰσιν
2407 3414 2482 3477 ὡς
2514 3411 2733 3481 ἄγγελοι
2768 3409 2906 3480 (50).
2951 3427 2970 3459 ι
3016 3408 3140 3461 Ὅτι
3179 3406 3364 3476 μέντοι
3408 3402 3673 3475 μετέλαϐε
3723 3402 3824 3472 τῆς

2244 3505 2470 3576 τροφῆς,
2500 3504 2775 3575 μάρτυρες
2803 3503 2850 3554 οἱ
2883 3498 3189 3553 ἀπόστολοι.
3217 3499 3276 3549 Ὀ
3303 3497 3400 3567 μὲν
3415 3495 3522 3567 γὰρ
3553 3494 3828 3565 μακάριος

2246 3593 2462 3655 Λουκᾶς
2486 3593 2545 3645 ὲν
2572 3591 2650 3661 τῷ
2682 3588 2957 3659 προοιμίῳ
2981 3588 3090 3640 τῶν
3113 3585 3372 3657 Πράξεων
3401 3584 3527 3654 ἔφη,
3545 3584 3620 3644 ὡς
3651 3603 3669 3636 ι
3697 3585 3832 3637 Συν-

2247 3684 2563 3753 αλιζόμενος
2599 3685 2709 3744 τοῖς
2751 3679 3072 3742 ἀποστόλοις
3121 3679 3150 3729 ὁ
3189 3677 3394 3748 Κύριος
3457 3676 3832 3746 παρήγγειλεν

2247 3775 2357 3830 ἀπὸ
2399 3772 2791 3845 Ἱεροσολύμων
2837 3772 2914 3841 μὴ
2943 3767 3290 3840 χωρίζεσθαι.
3319 3787 3338 3820 ι
3388 3767 3445 3820 '0
3470 3767 3528 3820 δὲ
3552 3765 3832 3830 θειότατος

2250 3872 2456 3942 Πέτρος
2491 3866 2827 3937 σαφέστερον
2874 3863 3096 3934 εἴρηκεν
3117 3879 3128 3890 ·
3167 3880 3186 3913 ι
3208 3861 3419 3924 Οἴτινες
3455 3860 3834 3931 συνεφάγομεν

2249 3965 2344 4017 καὶ
2373 3959 2701 4029 συνεπίομεν
2733 3955 2905 4027 αὐτῷ,
2937 3955 3076 4026 μετά
3114 3953 3176 4008 τὸ
3219 3954 3518 4024 ἀναστῆναι
3559 3952 3727 4006 αὑτὸν
3768 3953 3834 4005 ἐκ

2250 4055 2481 4126 νεκρῶν.
2505 4071 2523 4105 ι
2563 4051 2782 4120 Ἐπειδὴ
2815 4049 2924 4118 γὰρ
2967 4047 3077 4100 τῶν
3116 4045 3260 4101 κατὰ
3299 4046 3392 4132 τὸν
3425 4045 3673 4116 παρόντα
3717 4045 3830 4116 βίον

2253 4147 2383 4199 ῐδιον
2409 4145 2469 4198 τὸ
2488 4142 2714 4204 ἐσθίειν,
2751 4138 3068 4208 ἀναγκαίως
3095 4140 3123 4192 ὁ
3149 4138 3352 4205 Κύριος
3376 4141 3476 4207 τῆς
3501 4137 3707 4208 σαρκὸς
3732 4139 3832 4208 τὴν

2252 4232 2547 4285 ἀνάστασιν
2589 4229 2681 4283 διὰ
2719 4227 2973 4299 βρώσεως
3005 4226 3101 4280 καὶ⁷
3132 4226 3344 4290 πόσεως
3379 4225 3546 4291 ἔδειξε
3589 4229 3706 4290 τοῖς
3757 4227 3835 4300 μὴ

2252 4322 2564 4393 νομίζουσιν
2596 4319 2792 4391 ἀληθῆ.
2823 4318 3001 4371 Ταύτὸ
3021 4317 3077 4370 δὲ
3100 4316 3258 4370 τοῦτο
3284 4317 3378 4370 καὶ
3411 4317 3505 4370 ἐπὶ
3535 4317 3628 4370 τοῦ
3655 4317 3836 4381 Λαζά-

2256 4431 2372 4486 ρου,
2399 4414 2493 4467 καὶ
2520 4413 2613 4466 ἐπὶ
2665 4411 2762 4480 τῆς
2820 4410 3046 4481 Ἰαείρου
3089 4409 3358 4477 πεποίηκε
3402 4408 3690 4481 θυγατρός.
3725 4407 3835 4464 Καὶ

562 4503 752 4556 bum“7
775 4511 862 4555 :el.
879 4502 1144 4557 Lazarum
1167 4518 1355 4556 secum
1379 4503 1822 4556 discumbentem
1849 4502 2139 4567 habuit‘"1

2255 4504 2362 4573 γὰρ
2422 4499 2626 4568 ταύτην
2671 4499 3006 4568 ἀναστήσας,
3049 4497 3383 4568 προσέταξεν
3429 4499 3564 4569 αὐτῇ
3611 4497 3835 4568 δοθῆναι

562 4605 748 4646 veram
804 4592 925 4662 ejus
977 4591 1443 4645 resurrectionem
1493 4592 1596 4645 hac
1652 4591 1867 4645 ratione
1920 4591 2151 4646 demon—

563 4694 761 4739 strans.

636 4775 844 4830 ERAN.
874 4774 931 4829 Si
961 4775 1316 4829 concedimus
1338 4773 1632 4828 Dominum
1662 4789 1790 4828 vere
1825 4773 2152 4839 comedisse,

565 4867 934 4922 concedamus
954 4866 1119 4920 etiam
1147 4880 1342 4919 omnes
1358 4864 1614 4918 homines
1639 4872 1763 4934 post.
1787 4867 2152 4921 resurrectio—

565 4974 692 5013 nem
729 4958 915 5012 eibum
951 4973 1172 5026 capere.

636 5047 846 5103 ORTH.
865 5047 995 5113 Quae
1015 5064 1112 5116 per
1130 5046 1423 5117 quamdam
1453 5047 1945 5116 dispensationem“
1978 5065 2006 5104 a
2039 5050 2150 5104 Do-

567 5137 719 5190 mino
752 5137 893 5191 facta
931 5147 1080 5198 sunt,
1119 5155 1231 5191 non
1272 5147 1400 5192 sunt
1426 5140 1613 5208 regula
1655 5150 1712 5194 et
1740 5140 2028 5196 decretum
2054 5159 2150 5196 na-

570 5234 729 5281 tunc.
761 5227 895 5280 Nam
939 5237 996 5283 et
1022 5230 1127 5282 alia
1150 5229 1398 5297 quaedam
1435 5230 1795 5299 dispensavit,
1845 5249 1965 5303 quae
2001 5234 2148 5289 revi-

567 5319 909 5375 viscentibus
936 5321 1162 5375 minimc
1183 5320 1458 5375 evenient.

566 5528 605 5561 ,τ
624 5477 849 5561 311m.
881 5495 1025 5561 mg.
1058 5481 1147 5552 33,
1181 5486 1268 5541 59.
1347 5488 1390 5519 ιδ
1412 5486 1547 5543 Ibid.
1591 5491 1774 5544 ιι-ιδ.

624 5548 639 5567 ’
669 5545 827 5602 Joan.
852 5565 945 5614 χιι,
967 5549 1022 5602 2.

648 5702 762 5843 £49)
796 5703 927 5757 Πόδ.
965 5705 1127 5759 Deest
1159 5723 1280 5776 μου.

672 5771 762 5841 50)
788 5771 952 5843 Γάμ.,
989 5773 1226 5833 ἀλλἐίσ.
1262 5782 1280 5834 ι

672 5771 762 5841 50)
788 5771 952 5844 Γάμ.,
989 5771 1226 5833 ἀλλἐίσ.
1262 5779 1338 5845 ὡς
1369 5779 1492 5849 ἄγγ.
1517 5781 1758 5851 Utraque
1781 5780 1947 5837 lectio
1972 5789 2152 5838 exstat

1877 5491 1920 5522 ⁸⁵
1944 5491 2108 5544 Marc.
2137 5487 2341 5551 xn,25.
2418 5486 2460 5519 “5
2483 5486 2603 5540 Act.
2638 5497 2678 5546 ι,
2710 5479 2765 5533 4.

2255 4595 2471 4662 φαγεῖν,
2508 4591 2602 4644 καὶ
2638 4590 2729 4644 τὸν
2769 4589 3017 4660 Λάζαρον
3042 4587 3471 4659 συνεστιώμενον
3493 4587 3628 4660 εἶχε,
3661 4591 3833 4662 ταύτῃ

2253 4683 2468 4745 δεικνὺς
2494 4683 2592 4754 τὴν
2611 4682 2907 4735 ἀνάστασιν
2943 4679 3140 4750 ἀληθῆ.

2325 4773 2530 4827 ΕΡΑΝ.
2552 4773 2614 4825 Et
2633 4771 2856 4842 δοίημεν
2881 4767 3102 4839 ἀληθῶς
3132 4767 3469 4837 βεϐρωκέναι
3488 4767 3579 4820 τὸν
3606 4767 3835 4839 Κύριον,

2252 4867 2431 4937 δῶμεν
2465 4865 2561 4919 καὶ
2595 4863 2804 4926 πάντας
2850 4859 3175 4932 ἀνθρώπους
3223 4860 3362 4930 μετά
3390 4860 3490 4931 τὴν
3539 4859 3837 4916 ἀνάστασιν

2255 4956 2696 5030 μεταλαμϐάνειν
2733 4953 2964 5026 τροφῆς.

2318 5050 2471 5104 ΟΡΘ.
2517 5047 2599 5100 Τὰ
2643 5045 2732 5100 διά
2777 5061 2904 5098 τινα
2938 5041 3258 5112 οἰκονομίαν
3301 5041 3406 5102 ὑπὸ
3444 5040 3538 5095 τοῦ
3585 5041 3839 5112 Σωτῆρος

2244 5142 2534 5210 γενόμενα,
2579 5138 2680 5191 οὐκ
2721 5135 2839 5188 ἐστι
2895 5133 3076 5188 κανὼν
3127 5133 3224 5186 καὶ
3269 5134 3394 5204 ὅρος
3443 5133 3544 5203 τῆς
3589 5133 3836 5200 φύσεως·

2245 5233 2368 5285 ἐπεὶ
2401 5231 2496 5284 καὶ
2529 5227 2667 5282 ἄλλα
2707 5225 2829 5280 τινὰ
2867 5224 3244 5295 ᾠκονόμησεν,
3269 5223 3304 5278 ἀ
3333 5225 3445 5288 τοῖς
3473 5223 3837 5279 ἀναϐιώσκου-

2250 5343 2334 5380 σιν
2369 5322 2477 5376 οὐδ’
2503 5320 2642 5382 ὅλως
2672 5317 3036 5388 συμϐήσεται.

2882 5478 2926 5510 ⁸⁸
2957 5478 3078 5533 Act.
3109 5494 3162 5543 ιι,
3191 5478 3279 5533 ιι.
3377 5476 3418 5507 ⁸⁷
3448 5475 3614 5529 Mare.
3639 5489 3690 5535 v,
3741 5470 3831 5525 45.

2268 5708 2411 5778 apud
2446 5708 2687 5764 Marcum
2727 5709 2849 5764 loco
2883 5723 3046 5778 supra
3093 5706 3280 5767 citato,
3320 5718 3430 5760 non
3471 5704 3654 5761 Matth.
3698 5715 3829 5762 xxu.

2268 5726 2411 5833 asuu
2446 5726 2687 5764 marcum
2731 5726 2849 5764 IOCO
2883 5726 3046 5778 supra
3093 5726 3280 5767 enato,
3321 5726 3381 5757 nu

2262 5780 2294 5834 5
2338 5820 2352 5845 ,
2387 5789 2447 5834 ιιι
2482 5779 2538 5834 in
2565 5780 2652 5835 ed.
2689 5779 2860 5850 priori
2891 5792 3213 5848 expressum
3244 5783 3381 5830 erat.
