4090 6420
239 278 337 345 161

300 398 516 451 EPAN.
541 398 679 452 Τίνα
709 399 915 466 ταῦτα;
1009 441 1012 445 η

297 487 460 540 ΟΡΘ.
492 486 619 540 Τῶν
644 488 1033 559 ἀνισταμένων
1065 489 1135 546 τὰ
1167 490 1418 562 σώματα,
1458 492 1560 545 οὐκ
1582 490 1837 562 ἄφθαρτα

227 581 533 648 γενήσεται
569 582 661 632 καὶ
687 579 970 648 ἁθάνατα;

298 668 514 723 EPA‘N.
582 668 772 734 οὕτως
820 672 971 743 ἡμᾶς
1021 674 1051 726 δ
1111 672 1256 738 θεῖος
1312 672 1525 738 Παῦλος
1603 674 1830 741 ἐδίδαξε.

228 781 248 813 ι
271 761 583 831 Σπείρεται
612 762 745 832 γὰρ,
774 762 904 835 ἔφη,
929 750 989 820 ἐν
1013 766 1213 837 φθορᾷ,
1239 767 1515 839 ἐγείρεται
1536 770 1594 823 ἐν
1616 768 1834 840 ἀφθαρ-

224 851 336 924 σίᾳ.
372 854 678 923 Σπείρεται
708 854 767 908 ὲν
806 856 1029 927 ἀτιμίᾳ,
1077 859 1352 929 ἐγείρεται
1383 860 1440 911 ὲν
1484 858 1629 933 δόξῃ.
1666 859 1834 914 Σπεί-

225 960 376 1014 ρεται
412 946 476 997 ὲν
507 946 796 1019 ἀσθενέα,
838 948 1117 1019 ἐγείρεται
1161 951 1218 1002 ὲν
1256 950 1505 1020 δυνάμει.
1537 951 1831 1025 Σπείρεται

225 1033 383 1104 σῶμα
413 1032 684 1105 ψυχικὸν,
715 1036 993 1107 ἐγείρεται
1029 1038 1189 1108 σῶμα
1227 1041 1620 1110 πνευματικόν.
1643 1061 1664 1095 ι

289 1207 443 1263 ΟΡΘ.
500 1208 651 1262 Ἀλλ’
683 1212 713 1262 ὀ
754 1208 982 1279 Κύριος,
1016 1209 1207 1282 ἄπηρα
1250 1209 1346 1263 καὶ
1380 1209 1637 1280 ἀλώὸητα
1688 1210 1827 1263 πάν-

221 1317 325 1353 των
354 1298 674 1371 ἀνθρώπων
710 1300 945 1372 ἐγείρων
971 1301 1041 1353 τὰ
1075 1300 1304 1371 σώματα
1324 1318 1337 1329 ·
1370 1300 1493 1354 οὔτε
1524 1302 1633 1372 γὰρ
1655 1302 1825 1371 χωλό-

223 1410 344 1463 της,
376 1392 504 1445 οὔτε
537 1392 824 1462 τυφλότης
856 1394 915 1446 ὲν
936 1397 1052 1457 τοῖς
1083 1392 1467 1462 ἀνισταμένας
1487 1393 1821 1464 εὑρίσκεταιο

223 1485 296 1554 τῷ
334 1484 524 1555 οἰκείῳ
560 1485 783 1555 σώματι
819 1485 918 1547 τὰς
967 1486 1032 1537 ὲκ
1086 1484 1195 1537 τῶν
1246 1484 1392 1555 ἥλων
1447 1483 1824 1554 γεγενημένας

218 1578 535 1648 διατρήσεις
566 1577 863 1640 κατέλιπε,
898 1578 994 1630 καὶ
1027 1576 1127 1648 τὴν
1157 1578 1256 1649 τῆς
1290 1577 1530 1648 πλευρᾶς
1566 1575 1820 1647 ὠτειλὴν,

1244 250 1247 251 ί
1321 275 1701 351 DIALOGUS
1739 289 1801 350 II
1864 316 1936 326 —
1971 294 2463 363 INCONFUSUS.

1872 406 1918 462 Α
2019 406 2225 463 ERAN.
2255 411 2512 477 Quaenam
2543 414 2695 470 haec?

3425 319 3527 383 162

2013 496 2224 554 ORTH.
2248 503 2406 559 Anne
2430 509 2885 565 resuscitatorum
2920 527 3152 583 corpora
3188 516 3527 594 incorrupti-

1938 590 2070 646 bilia
2098 605 2266 651 erunt
2294 606 2350 652 et
2378 599 2746 658 immortalia?

2010 683 2216 757 EBAN.
2252 685 2343 743 Sic
2404 706 2504 745 nos
2549 692 2769 749 divinus
2792 697 2994 754 Paulus
3033 700 3240 759 docuit.
3289 726 3309 756 ι
3343 706 3524 764 Semi-

1933 785 2098 830 natur
2117 777 2288 845 enim,
2322 783 2521 851 inquit,
2554 784 2609 838 in
2635 790 3010 858 corruptione,
3037 794 3213 866 surgit
3239 797 3295 851 in
3342 798 3526 856 incor-

1934 868 2214 938 ruptione.
2247 871 2564 930 Seminatur
2597 877 2652 932 in
2683 877 3006 965 ignominia,
3030 887 3209 959 surgit
3239 889 3294 945 in
3321 893 3517 964 gloria.

1934 956 2251 1016 Seminatur
2290 962 2344 1017 in
2394 956 2747 1036 infirmitate,
2791 975 2967 1044 surgit
3035 976 3091 1032 in
3138 956 3371 1040 virtute.
3417 984 3519 1043 Se—

1931 1047 2176 1103 minatur
2249 1068 2451 1125 corpus
2520 1058 2777 1127 animale,
2833 1067 3009 1137 surgit
3071 1085 3273 1141 corpus
3352 1077 3517 1146 spiri-

1931 1143 2078 1197 tuale
2107 1143 2173 1198 “.
2214 1165 2232 1198 ι

2004 1231 2216 1289 ORTH.
2245 1235 2351 1294 Sed
2410 1241 2698 1312 Dominus,
2753 1247 2850 1318 qui
2904 1249 3129 1307 minime
3170 1257 3383 1322 mutila,
3420 1259 3517 1314 sed

1930 1319 2138 1392 integra
2169 1329 2415 1383 omnium
2438 1331 2722 1389 hominum
2770 1352 3002 1409 corpora
3054 1346 3286 1400 suscitat
3310 1348 3516 1419 (neque

1927 1412 2074 1465 enim
2103 1415 2449 1484 claudicatio,
2481 1438 2583 1479 nec
2626 1427 2841 1500 caecitas
2875 1429 2928 1483 in
2976 1412 3395 1504 resurgentibus
3423 1412 3510 1494 in-

1926 1503 2261 1578 venitur),in
2301 1524 2402 1563 suo
2427 1520 2608 1569 tamen
2631 1532 2864 1587 corpore
2897 1503 3178 1579 clavorum
3216 1526 3509 1595 foramina,

1925 1600 1984 1647 et
2020 1595 2205 1650 lateris
2238 1601 2439 1656 vulnus
2464 1605 2689 1675 reliquit
2717 1625 2729 1661 :
2758 1610 2918 1681 cujus
2965 1614 3044 1668 rei
3075 1623 3241 1672 testes
3271 1628 3421 1686 sunt,
3455 1627 3513 1676 et

218 1671 310 1723 ml.
356 1670 552 1724 τούτου
604 1670 888 1740 μάρτυρες
929 1669 1094 1734 αὑτός
1136 1686 1198 1723 τε
1254 1672 1283 1724 ὁ
1320 1670 1548 1742 Κύριος,
1597 1668 1814 1723 καὶτοῦ

1927 1684 2042 1755 ipse
2066 1687 2351 1756 Dominus,
2382 1702 2439 1747 et
2470 1710 2665 1753 manus
2693 1699 2917 1757 Thoma:
2944 1703 3009 1758 δ’.

220 1762 400 1832 Scopa.
420 1764 482 1817 αἱ
513 1766 710 1832 χεῖρες.

297 1854 505 1907 ΕΡΔΝ.
554 1854 792 1922 Ἀληθές.

296 1946 450 2001 ΟΡΘ.
487 1948 550 2000 Et
582 1949 765 2001 τοίνυν
814 1945 956 2017 μετὰ
1000 1946 1102 2018 τὴν
1154 1946 1450 2001 ἀνάστασιν
1495 1944 1705 2016 τροφῆς
1756 1961 1819 1997 τε

221 2037 521 2109 μετέλαϐεν
574 2040 604 2091 ὁ
637 2039 943 2109 Δεσπότης,
1004 2039 1100 2091 καὶ
1141 2038 1238 2102 τὰς
1276 2039 1465 2108 χεῖρας
1507 2035 1676 2102 ἔδειξε
1724 2036 1819 2089 καὶ

212 2133 336 2193 τοὺς
364 2130 541 2194 πόδας
569 2133 683 2194 τοῖς
722 2129 1129 2202 μαθηταῖς,καὶ
1147 2130 1245 2192 τὰς
1276 2132 1335 2184 ὲν
1360 2130 1572 2193 τούτοις
1596 2128 1820 2200 διατρή-

211 2241 319 2287 σεις
363 2223 483 2278 τῶν
518 2223 694 2293 ἥλων,
722 2224 818 2277 καὶ
845 2223 1031 2295 μέντοι
1060 2240 1125 2292 γε
1159 2223 1252 2277 καὶ
1286 2222 1386 2292 τὴν
1427 2222 1687 2294 πλευρὰν,
1723 2222 1817 2275 καὶ

206 2315 298 2386 τὴν
326 2316 388 2366 ὲν
433 2315 583 2384 αὐτῇ
617 2313 1001 2386 γεγενημένην
1043 2316 1108 2368 ὲκ
1150 2314 1250 2384 τῆς
1291 2312 1508 2384 πληγῆς
1565 2311 1813 2380 ὠτειλὴν,

208 2409 293 2462 καὶ
318 2407 431 2477 ἔφη
470 2406 619 2477 πρὸς
654 2407 889 2470 αὐτούς’
930 2424 949 2458 ι
974 2407 1350 2478 Ψηλαφήσατέ
1397 2423 1488 2477 με,
1521 2404 1615 2459 καὶ
1650 2405 1812 2470 ἴδετε,

208 2501 286 2554 δτι
319 2498 552 2570 πνεῦμα
610 2499 796 2569 σάρκα
833 2500 930 2554 καὶ
972 2499 1137 2553 ὀστέα
1184 2500 1285 2553 οὐκ
1319 2498 1454 2568 ἔχει,
1485 2495 1671 2560 καθὼς
1712 2495 1816 2566 ἐμὲ

203 2592 465 2663 θεωρεῖτε
533 2589 770 2660 ἔχοντα·
804 2609 823 2641 ι
880 2591 1196 2662 μεμένηκεν
1226 2592 1342 2662 ἄρα
1384 2590 1480 2643 καὶ
1533 2587 1670 2659 μετὰ
1714 2585 1813 2658 τὴν

205 2684 505 2738 ἀνάστασιν
540 2682 577 2753 ή
608 2681 705 2735 τοῦ
742 2680 1000 2754 σώματος
1039 2682 1225 2751 φύσις,
1260 2681 1354 2735 καὶ
1381 2682 1462 2744 είς
1494 2680 1689 2750 ἑτέραν
1716 2678 1812 2732 ού-

207 2776 321 2829 σίαν
348 2776 416 2828 οὐ
456 2772 810 2845 μετεϐλήθη.

268 2865 486 2919 EPAN.
526 2864 751 2918 Οὐκοῦν
779 2863 875 2918 καὶ
907 2863 1105 2935 θνητόν
1128 2864 1246 2919 ἐστι
1272 2863 1369 2918 καὶ
1400 2861 1646 2934 παθητὸν
1670 2860 1812 2933 μετὰ

201 2959 297 3032 τὴν
319 2959 672 3023 hirtaeve;

1781 1783 1793 1795 -
1845 1746 1895 1808 B

1993 1861 2202 1919 ERAN.
2230 1867 2434 1923 Verum
2459 1879 2561 1926 est.

1991 1953 2207 2012 ORTH.
2263 1958 2319 2014 Si
2380 1961 2550 2032 igitur
2608 1973 2734 2034 post
2786 1971 3253 2027 resurrectionem
3316 1975 3506 2033 cibum

1916 2049 2158 2118 sumpsit
2204 2050 2497 2119 Dominus,
2552 2072 2860 2129 manusque
2903 2069 2958 2115 et
3006 2064 3176 2132 pedes
3220 2066 3509 2137 discipulis

1917 2142 2179 2205 ostendit,
2202 2152 2259 2198 et
2291 2160 2414 2215 quae
2456 2146 2513 2201 in
2548 2147 2635 2203 his
2660 2159 2813 2206 erant
2870 2151 3137 2209 foramina
3195 2156 3500 2224 clavorum,

1917 2230 2160 2301 itemque
2187 2233 2331 2290 latus
2360 2251 2485 2290 cum
2510 2237 2704 2295 inﬂicti
2732 2241 2980 2297 vulneris
2998 2244 3249 2316 vestigio,
3277 2257 3335 2303 et
3366 2249 3508 2304 dixit

1916 2321 2061 2376 illis:
2103 2324 2256 2394 121
2296 2344 2314 2376 ‹
2344 2325 2567 2398 Palpate
2600 2344 2708 2395 me,
2767 2339 2819 2386 et
2847 2332 3057 2400 videte,
3112 2335 3241 2404 quia
3274 2337 3508 2408 spiritus

1917 2428 2140 2467 carnem
2186 2423 2243 2468 et
2294 2431 2416 2470 ossa
2461 2432 2572 2471 non
2612 2418 2800 2484 habet,
2852 2420 2995 2476 sicut
3052 2438 3140 2478 me
3175 2425 3377 2482 videtis
3401 2427 3506 2484 ba-

1916 2497 2153 2566 bere";
2196 2520 2215 2551 ι
2254 2502 2456 2557 mansit
2498 2505 2664 2559 etiam
2688 2493 2821 2576 post
2867 2512 3331 2569 resurrectionem
3376 2530 3503 2571 cor-

1914 2591 2070 2660 poris
2140 2602 2335 2648 natura
2405 2611 2511 2651 nec
2561 2597 2616 2652 in
2646 2599 2808 2653 aliam
2862 2601 3229 2659 substantiam
3286 2615 3505 2665 mutata

1914 2690 2022 2738 εει.

1986 2867 2196 2923 ERAN.
2231 2867 2330 2924 Est
2376 2869 2547 2941 igitur
2597 2877 2653 2926 et
2703 2872 2936 2929 mortale
2969 2880 3026 2930 et
3070 2875 3332 2946 passibile
3378 2886 3507 2950 post

1916 2961 2384 3019 resurrectionem
2397 2964 2428 3033 ,ἲ

269 3050 431 3104 οΡΘ.
475 3047 780 3118 Οὐδαμῶς,
821 3048 940 3103 ἀλλ’
969 3047 1272 3120 ἄφθαρτον,
1308 3046 1407 3103 καὶ
1453 3046 1682 3118 ἀπαθὲς,
1713 3045 1809 3102 καὶ

1982 3052 2195 3110 ORTH.
2246 3054 2631 3127 Nequaquam,
2677 3056 2789 3113 sed.
2819 3057 3275 3131 incorruptibile,
3309 3070 3368 3118 et
3401 3063 3508 3120 im-

204 3143 505 3198 ἀθάνατον.

275 3237 491 3291 ΕΡΛΝ.
526 3236 594 3291 Εἰ
652 3232 933 3305 ἄφθαρτόν
963 3234 1105 3300 ἐστι,
1144 3232 1239 3286 καὶ
1269 3230 1505 3297 ἀπαθὲς,
1545 3232 1641 3287 καὶ
1674 3231 1814 3288 ἀθά-

204 3347 384 3395 νατον,
432 3331 524 3393 εις
549 3329 756 3400 ἑτέραν
789 3325 1198 3399 μεταϐέϐληται
1232 3325 1420 3396 φύσιν.

272 3422 430 3476 οΡΘ.
495 3421 811 3492 τοιγαροῦν
850 3420 945 3473 καὶ
981 3419 1052 3472 τὰ
1099 3418 1318 3473 πάντων
1366 3417 1673 3490 ἀνθρώπων
1703 3420 1810 3474 σώ-

208 3531 353 3584 ματα
391 3515 481 3574 εἰς
534 3512 737 3583 ἑτέραν
774 3511 967 3565 οὐσίαν
1008 3510 1506 3582 μεταὸληθήσεται·
1560 3511 1814 3584 ἄφθαρτα

204 3607 314 3677 γὰρ
340 3605 572 3661 ἅπαντα
602 3605 705 3658 καί⁵
739 3603 983 3658 ἀθάνατα
1023 3602 1198 3657 ἔσται·
1234 3604 1267 3675 ἢ
1297 3604 1399 3657 οὐκ
1432 3606 1678 3675 ἀκήκοας
1716 3604 1811 3659 τοῦ

218 3699 555 3752 ’Δποστόλου
588 3699 882 3766 λέγοντος·
922 3715 941 3748 ι
974 3696 1070 3748 Δεῖ
1109 3696 1221 3767 γὰρ
1262 3696 1326 3749 τὸ
1367 3696 1610 3769 φθαρτὸν
1653 3697 1812 3754 τοῦτο

202 3788 539 3843 ἐνδύσασθαι
574 3787 915 3859 ἀφθαρσίαν,
961 3788 1058 3841 καὶ
1105 3787 1166 3841 τὸ
1213 3788 1408 3858 θνητὸν
1456 3789 1618 3844 τοῦτο
1659 3791 1811 3845 ἐνδύ-

206 3880 404 3936 σασθαι
439 3879 760 3934 ἀθανασίαν
784 3896 798 3943 ;
845 3896 866 3930 ι

273 3974 487 4029 ΕΡΔΝ.
535 3974 804 4042 Ἀκήκοα.

271 4067 429 4121 ΟΡΘ.
461 4066 690 4120 οὐκοῦν
721 4065 876 4134 μένει
915 4065 1014 4132 μὲν
1045 4066 1079 4134 ἠ
1108 4063 1293 4133 φύσις,
1324 4065 1724 4136 μεταϐάλλεται
1752 4068 1809 4122 δὲ

207 4161 370 4232 niti};
404 4160 471 4213 τὸ
509 4156 759 4227 φθαρτὸν
788 4158 868 4220 είς
898 4155 1230 4227 ἀφθαρσίαν,
1266 4157 1362 4209 καὶ
1403 4157 1466 4210 τὸ
1497 4157 1690 4228 θνητὸν
1727 4161 1810 4223 εἰς

208 4253 537 4306 ἀθανασίαν.
589 4250 967 4318 Σκοπήσωμεν
1023 4247 1079 4299 δὲ
1145 4248 1364 4301 οὑτωσίο
1416 4249 1477 4301 τὸ
1545 4248 1809 4305 ἀσθενῶν

211 4342 361 4414 σῶμα
396 4342 499 4395 καὶ
529 4339 594 4393 τὸ
615 4340 882 4407 ὑγιαῖνον,
930 4338 1091 4408 σῶμα
1127 4338 1405 4409 καλοῦμεν
1443 4340 1666 4410 ὁμοίως.

266 4518 484 4572 ΕΡΔΝ.
522 4515 712 4587 Ναιχί.

263 4608 429 4664 0P6.
457 4607 622 4661 Διατί
648 4623 664 4673 ;

266 4701 485 4757 EPAN.
530 4700 752 4769 Ἐπειδὴ
783 4699 1004 4772 μετέχει
1040 4700 1142 4770 τῆς
1176 4698 1347 4770 αὐτῆς
1384 4698 1574 4764 οὐσίας
1595 4699 1665 4755 τὰ
1696 4701 1807 4772 ἁμ-

198 4795 434 4866 (θάτερα.

264 4886 426 4941 ΟΡΘ.
459 4884 578 4939 Καὶ
611 4882 720 4955 μὴν
761 4883 1026 4952 πλείστην
1055 4884 1114 4935 ὲν
1151 4883 1332 4947 αὐτοῖς
1366 4884 1583 4956 ὁρῶμεν
1616 4885 1807 4958 διαφο.

198 4979 317 5049 (Av.
363 4977 447 5030 Τδ
502 4977 608 5047 μὲν
670 4975 781 5045 γάρ
841 4977 990 5027 ἐστιν
1031 4975 1185 5042 ὑγιές
1217 4991 1277 5028 τε
1317 4976 1410 5029 καὶ
1453 4977 1678 5048 ἄρτιον,
1710 4981 1806 5035 καὶ

195 5072 552 5141 ἀπήμαντον*
582 5066 643 5120 τὸ
667 5066 726 5120 δὲ
758 5066 791 5130 ἢ
820 5065 912 5117 τὸν
952 5064 1231 5134 ὀφθαλμὸν
1275 5067 1713 5139 ἐκκεκομμένον,
1764 5069 1798 5141 ἢ

194 5161 254 5215 τὸ
290 5162 488 5224 σκέλος
513 5158 633 5229 ἔχει
667 5156 1081 5228 πεπληγμένον,
1113 5156 1147 5227 ἢ
1183 5155 1311 5212 ἄλλο
1363 5175 1416 5211 τι
1448 5159 1622 5223 πάθος
1653 5177 1798 5230 παγ-

197 5253 460 5324 χάλεπον.
1014 5272 1023 5282 ·

265 5344 475 5399 ΕΡΔΝ.
526 5341 691 5415 Ἀλλὰ
721 5340 858 5411 περὶ
886 5337 987 5411 τὴν
1017 5337 1188 5409 αὐτὴν
1218 5339 1380 5408 φύσιν
1425 5339 1687 5415 ἑκάτερον
1717 5343 1804 5412 γί..

200 5455 366 5504 νεῖαι,
408 5438 511 5492 καὶ
539 5413 729 5505 ύγεία,
767 5434 867 5486 καὶ
892 5430 1175 5486 ἀσθένεια.

263 5525 419 5584 0P8.
467 5527 686 5582 Οὐκοῦν
730 5525 796 5579 τὸ
843 5525 1008 5592 σῶμα
1039 5523 1232 5577 οὐσίαν
1273 5524 1526 5596 κλητέον,
1567 5528 1663 5582 κα)⁸
1703 5529 1801 5601 τὴν

196 5622 349 5677 νόσον
377 5623 477 5676 καὶ
510 5622 608 5694 τὴν
643 5617 845 5689 ὑγείαν
880 5614 1252 5687 συμϐεϐηκός.

1914 3146 2206 3216 passibile,
2234 3156 2291 3202 et
2311 3148 2644 3203 immortale.

1987 3237 2195 3294 ERAN.
2228 3238 2287 3295 Si
2321 3249 2408 3295 est
2447 3239 2892 3312 incorruptibile,
2948 3250 3006 3297 et
3050 3243 3415 3316 impassibile,
3445 3255 3505 3304 et

1914 3329 2245 3395 immortale,
2271 3331 2327 3385 in
2350 3330 2513 3387 aliam
2541 3340 2797 3389 naturam
2822 3342 3098 3389 mutatum
3131 3345 3238 3392 est.

1983 3420 2193 3479 ORTH.
2223 3425 2368 3497 Ergo
2403 3427 2653 3482 omnium
2694 3443 2917 3500 quoque
2948 3430 3235 3486 hominum
3268 3448 3502 3505 corpora

1913 3513 1971 3569 in
2001 3514 2162 3570 aliam
2198 3516 2563 3574 substantiam
2606 3521 2983 3576 mutabuntur.
3046 3522 3500 3595 lncorruptibilia

1911 3606 2064 3662 enim
2114 3617 2280 3664 erunt
2317 3610 2525 3677 omnia,
2562 3620 2620 3667 et
2677 3611 3030 3668 immortalia.
3086 3615 3244 3671 Anne
3289 3616 3503 3674 audisti-

1911 3697 2235 3768 Apostolum
2284 3700 2561 3758 dicentem
2597 3719 2611 3756 :
2646 3722 2664 3754 ‹
2691 3702 2922 3774 Oportet
2949 3704 3097 3760 enim
3139 3709 3499 3780 corruptibile

1912 3788 2019 3845 hoc
2049 3788 2281 3845 induere
2301 3791 2908 3864 incorruptibilitatem,
2934 3803 2991 3852 et
3017 3798 3250 3855 mortale
3273 3798 3381 3856 hoc
3405 3800 3498 3857 in-

1908 3881 2082 3938 duere
2104 3883 2575 3942 immortalitatem
2600 3888 2643 3919 ⁸¹
2668 3887 2693 3942 ?
2735 3906 2754 3939 ι

1982 3979 2191 4036 ERAN.
2233 3982 2455 4037 Audivi.
2550 4030 2557 4039 ρ

1981 4070 2391 4128 ORTH.Manet
2421 4074 2588 4143 igitur
2603 4082 2822 4141 natura,
2855 4082 3105 4130 mutatur
3133 4084 3319 4133 autem
3346 4079 3497 4148 quod

1909 4162 2030 4233 ejus
2080 4172 2166 4217 est
2216 4165 2581 4233 corruptibile
2626 4165 2683 4219 in
2741 4166 3234 4235 incorruptionem,
3259 4177 3316 4224 et
3348 4170 3498 4239 quod

1908 4254 2142 4308 mortale
2177 4262 2264 4308 est
2290 4254 2345 4308 in
2380 4254 2872 4309 immortalitatem.
2913 4257 2930 4275 ‘
2964 4255 3055 4310 Sic
3086 4263 3271 4311 autem
3309 4261 3496 4314 consi-

1910 4343 2493 4398 deremus.lnﬁrmum
2522 4360 2745 4415 corpus,
2780 4352 2836 4399 et
2855 4345 3003 4415 quod
3025 4361 3221 4401 sanum
3243 4354 3348 4416 est,
3376 4364 3498 4405 σοι’·-

1831 4419 1887 4481 Ῑ)
1911 4452 2015 4507 pus
2041 4436 2271 4506 perinde
2301 4436 2662 4506 appellamus.

1979 4528 2190 4584 ERAN.
2231 4530 2310 4585 lla
2337 4536 2441 4583 est.

1981 4623 2191 4680 ORTH.
2216 4623 2388 4689 Ouam
2413 4622 2483 4678 ob
2510 4622 2771 4679 causam?
2872 4652 2879 4657 ι

1980 4718 2188 4773 ERAN.
2227 4717 2364 4784 Quia
2395 4725 2692 4786 utrumque
2735 4714 2986 4772 eamdem
3026 4714 3194 4772 habet
3235 4718 3494 4777 substan-

1912 4816 2191 4953 mg‘llTH.
2226 4897 2293 4952 Et
2311 4907 2492 4952 tamen
2515 4897 2809 4951 maximam
2843 4896 2899 4951 in
2924 4897 3011 4952 his
3030 4899 3310 4955 cernimus
3330 4900 3495 4957 diﬂ‘e-

1908 4992 2164 5047 rentiam.
2187 4991 2302 5046 Hoc
2331 4991 2478 5046 enim
2504 5005 2698 5044 sanum
2727 4996 2833 5055 est,
2861 4989 3134 5061 integrum
3161 4999 3219 5046 et
3239 4991 3489 5048 illaesum.

1906 5084 1990 5139 llli
2018 5100 2154 5139 vero
2180 5084 2266 5139 vel
2301 5083 2497 5139 oculus
2539 5082 2798 5146 effossus,
2830 5082 2917 5137 vel
2953 5098 3082 5138 crus
3108 5081 3344 5140 fractum
3383 5094 3489 5152 est,

1904 5176 1990 5232 vel
2024 5175 2173 5231 aliud
2209 5173 2505 5245 quodpiam
2537 5188 2702 5245 grave
2727 5172 3160 5228 incommodum.

3537 5214 3557 5341 ἱ

1968 5351 2176 5407 ERAN.
2210 5349 2317 5406 Sed
2358 5349 2415 5404 in
2455 5347 2648 5404 eadem
2700 5354 2901 5403 natura
2944 5347 3122 5405 haeret
3147 5353 3404 5416 utraque,
3429 5355 3487 5402 et

1900 5444 2129 5508 sanitas,
2151 5451 2209 5498 et
2239 5439 2552 5495 inﬁrmitas.

1975 5534 2132 5603 122
2158 5530 2368 5587 ORTH.
2396 5531 2616 5601 Corpus
2640 5529 2812 5601 igitur
2837 5526 3226 5600 appellandum
3244 5533 3331 5582 est
3350 5525 3485 5583 sub-

1900 5626 2104 5683 stantia
2138 5642 2150 5677 :
2182 5623 2411 5678 morbus
2442 5635 2576 5676 vero
2593 5630 2649 5678 et
2671 5621 2898 5686 sanitas,
2929 5616 3206 5674 accidens.

266 5741 312 5773 “
351 5739 528 5796 lCor.
557 5754 651 5803 xv,
685 5733 885 5791 42-“.
965 5732 1012 5764 ⁴¹¹
1029 5731 1191 5787 Joan.
1231 5733 1433 5802 xx,27.
1509 5736 1554 5770 ⁵⁰
1581 5738 1717 5797 Luc.
1752 5760 1898 5816 xxiv,
1919 5744 2007 5800 39.
2085 5740 2170 5796 “1
2198 5739 2323 5797 Cor.
2350 5755 2439 5805 xv,
2469 5737 2558 5794 53.
