4090 6420
623 257 726 320 163
1615 250 2103 310 TIIEODORET‘I
2145 248 2480 308 EPISCOPI
2521 249 2886 308 CYRENSIS
3781 252 3873 311 id";

688 362 896 418 ERAN.
929 360 1130 430 Utique
1159 378 1170 412 :
1210 375 1336 415 nam
1359 358 1578 429 corpori
1605 358 1721 413 haec
1750 355 2100 420 aceidunt,et
2128 370 2210 410 re-
2239 361 2282 415 A

2247 361 2282 415 Α
2382 355 2584 408 ΕΡΛΝ.
2624 357 2858 422 Πάνυγε·
2914 356 3199 425 συμϐαίνει
3230 355 3337 428 γὰρ
3367 357 3441 427 τῷ
3467 355 3670 426 σώματι
3703 360 3862 414 ταῦτα

623 455 846 510 cedunt.

2307 459 2391 511 γε,
2430 443 2525 494 καὶ
2554 443 2972 512 ἀποσυμὸαίνει.

685 539 896 596 ΟΡιΤΗ.
927 539 1070 609 Ergo
1099 549 1154 594 et
1177 539 1463 610 corruptio
1493 545 1550 592 et
1582 552 1730 592 mors
1755 535 2204 598 accidentia,non

2381 533 2530 587 ΟΡΘ.
2564 535 2854 604 Τοιγάρτοι
2885 536 2978 587 καὶ
3011 534 3110 605 τὴν
3139 535 3368 605 φθορὰν,
3403 539 3496 591 καὶ
3536 536 3625 592 τὸν
3652 540 3877 596 θάνατον

623 633 946 687 substantia:
986 631 1247 686 vocandae
1277 639 1407 686 sunt
1438 649 1450 683 :
1483 629 1756 686 accedunt
1787 627 1934 682 enim
1960 635 2016 680 et
2048 642 2202 680 rece-

2309 624 2688 695 συμϐεὸηκὸς,
2725 626 2827 679 οὐκ
2878 625 3064 689 οὐσίας
3111 628 3439 698 ὀνομαστέον
3467 648 3478 659 ·
3525 631 3921 700 συμϐαίνουσιν

613 728 640 777 .l
664 734 781 776 unt.

2307 714 2433 784 γάρ,
2468 718 2562 768 καὶ
2593 715 3084 787 ἂποσυμὸαίνουσι.

690 813 898 867 ERAN.
931 813 1021 868 Sic
1050 821 1342 868 vocentur.

2375 807 2576 859 EPAN.
2613 806 2770 861 Οὕτω
2809 808 3050 879 κλητέον.

684 903 893 958 ORTH.
922 905 1064 974 Ergo
1087 905 1253 958 etiam
1298 903 1584 957 hominum
1625 918 1877 973 corpora,
1925 917 1955 955 a
2005 916 2196 955 corru-

2376 899 2528 952 ΟΡΘ.
2563 899 2773 952 Οὐκοῦν
2800 901 2894 953 καὶ¹
2927 901 2995 954 τά
3025 901 3136 954 τῶν
3167 901 3468 971 ἀνθρώπων
3501 903 3748 974 σώματα,
3779 907 3877 978 τῆς

620 995 810 1065 ptione
839 995 1062 1064 quidem
1089 1011 1215 1048 cum
1251 1004 1568 1066 resurgunt,
1606 1011 1635 1048 a
1663 1003 1840 1048 morte
1866 995 2030 1047 etiam
2059 992 2200 1047 libe-

2307 988 2405 1058 μὲν
2446 989 2652 1060 φθορᾶς
2680 990 3016 1060 ἀνιστάμενα
3055 993 3148 1044 καὶ
3188 992 3288 1060 τῆς
3337 991 3664 1062 θνητότητος
3703 996 3876 1049 ἀπαλ-

619 1097 833 1149 rantur,
871 1087 1150 1156 propriam
1186 1095 1372 1140 tamen
1399 1094 1653 1140 naturam
1680 1101 1790 1140 non
1811 1085 2090 1138 amittunt.

2303 1083 2574 1148 λάττεται,
2600 1083 2698 1152 τὴν
2732 1083 2789 1135 δέ
2825 1101 2886 1152 γε
2927 1084 3136 1137 οίκείαν
3171 1085 3270 1137 οὐκ
3303 1085 3530 1138 ἀπολύει
3559 1086 3742 1156 φύσιν.

687 1177 897 1231 ERAN.
924 1178 1064 1231 Vera
1098 1177 1256 1232 dicis.

2375 1177 2576 1231 EPAN.
2633 1176 2871 1245 Ἀληθές.

688 1267 898 1324 ORTlI.
937 1270 1081 1340 Ergo
1107 1268 1456 1324 Dominicum
1490 1283 1708 1337 quoque
1732 1281 1934 1335 corpus
1954 1305 1968 1328 ,
2020 1265 2200 1318 incor-

2372 1268 2525 1322 ΟΒΘ.
2571 1269 2680 1322 Καὶ
2709 1268 2769 1321 τὸ
2791 1269 3118 1322 Δεσποτικὸν
3143 1269 3434 1342 τοιγαροῦν
3460 1271 3640 1344 σῶμα,
3665 1273 3875 1344 ἀφθαρ-

618 1361 878 1430 ruptibile
905 1361 1129 1431 quidem
1160 1360 1487 1424 resurrexit,
1517 1367 1572 1413 et
1610 1358 1945 1428 impassibile
1965 1398 1979 1421 ,
2011 1365 2066 1411 et
2100 1357 2200 1410 im-

2302 1378 2390 1413 τον
2433 1360 2534 1431 μὲν
2562 1359 2784 1429 ἀνέστη,
2819 1360 2914 1413 καὶ
2943 1361 3168 1426 ἀπαθὲς,
3215 1361 3310 1416 καὶ
3355 1363 3644 1426 ἀθάνατον,
3684 1367 3778 1418 καὶ
3808 1368 3872 1437 τῇ

617 1453 868 1515 mortale,
890 1461 945 1507 et
968 1453 1152 1506 divina
1171 1452 1341 1522 gloria
1358 1451 1740 1521 gloriﬁcatum,
1760 1458 1814 1503 et
1829 1465 1858 1502 a
1882 1449 2199 1503 cmlestibus

2302 1451 2423 1522 θείᾳ
2453 1449 2577 1520 δόξῃ
2605 1449 3015 1521 δεδοξασμένον,
3061 1453 3156 1506 καὶ
3204 1453 3356 1524 παρά
3392 1453 3502 1507 τῶν
3539 1455 3873 1526 ἐπουρανίων

615 1545 984 1614 potestatibus
1003 1544 1266 1598 adoratur
1293 1562 1306 1597 :
1336 1557 1541 1612 corpus
1567 1552 1749 1596 tamen
1776 1551 1881 1605 est,
1909 1541 2196 1611 pristinam

2300 1540 2692 1607 προσκυνεῖται
2743 1537 3047 1608 δυνάμεων
3086 1540 3244 1611 σῶμα
3278 1541 3334 1592 δὲ
3382 1543 3532 1612 ὅμως
3581 1543 3724 1608 ἐστὶ,
3779 1544 3875 1622 τὴν

616 1634 827 1688 habens
857 1636 1452 1704 circumscriptionem.

2301 1630 2574 1701 προτέραν
2607 1629 2726 1700 ἐχον
2748 1631 3117 1700 περιγραφήν.

685 1725 888 1778 EllAN.
921 1725 977 1777 in
1016 1725 1102 1777 his
1128 1724 1352 1793 quidem
1383 1723 1706 1778 verisimilia
1733 1723 1918 1779 dicere
1952 1725 2192 1780 videris:
2227 1708 2270 1764 Β

2258 1711 2317 1779 ἶ.
2370 1723 2572 1775 ΕΡΑΝ.
2635 1721 2723 1774 Ἐν
2775 1723 2874 1791 μὲν
2949 1720 3158 1785 τούτοις
3208 1723 3392 1776 είκότα
3442 1725 3623 1792 λέγειν
3677 1725 3873 1788 δοκεῖς.

614 1816 708 1870 sed
744 1825 869 1885 post
902 1817 1282 1870 ascensionem
1325 1817 1382 1869 in
1413 1817 1604 1881 C(BIOS,
1634 1832 1746 1870 non
1773 1826 1906 1888 puto
1933 1831 1984 1872 te
2013 1818 2195 1873 dictu-

2299 1813 2456 1869 Μετά
2487 1814 2544 1868 δέ
2581 1833 2644 1884 γε
2674 1816 2771 1886 τὴν
2827 1817 2907 1878 είς
2948 1815 3213 1884 οὐρανοὺς
3248 1815 3546 1885 ἀνάληψιν,
3591 1817 3691 1869 οὐκ
3721 1813 3878 1886 οἶμαι

611 1923 731 1961 rum
765 1908 912 1978 quod
946 1924 1053 1961 non
1084 1909 1138 1961 in
1170 1908 1478 1963 divinitatis
1514 1917 1770 1964 naturam
1806 1917 2076 1964 mutatum
2101 1912 2192 1965 sit.

2155 1918 2192 1965 t.
2301 1925 2359 1961 σε
2392 1907 2586 1974 λέξειν,
2621 1907 2696 1972 ὼς
2723 1908 2823 1961 οὐκ
2849 1908 2928 1971 εἰς
2959 1905 3210 1975 θεότητος
3239 1907 3542 1978 μετεϐλήθη
3586 1907 3767 1977 φύσιν.

675 1999 883 2055 ORTH.
928 2001 1041 2071 Ego
1069 2016 1201 2054 sane
1240 2016 1352 2054 non
1379 2001 1645 2066 dicerem,
1679 2001 1936 2054 humanis
1964 2017 2194 2071 persua-

2369 1999 2522 2053 ΟΡΘ.
2579 1999 2718 2068 Ἐγὼ
2757 2000 2856 2070 μὲν
2899 2001 3000 2053 ούκ
3030 1999 3096 2053 ἂν
3136 1999 3322 2070 φαίην,
3354 2001 3716 2071 ἀνθρωπίνοις
3750 2020 3877 2055 πει-

607 2109 702 2149 sus
728 2093 1057 2148 rationibus.
1097 2094 1287 2164 Neque
1321 2093 1470 2148 enim
1513 2094 1652 2149 adeo
1680 2111 1800 2149 sum
1843 2094 2192 2160 temerarius,

2299 2093 2526 2163 θόμενος
2559 2093 2856 2163 λογισμοῖς.
2889 2094 2963 2146 Ού
2987 2093 3095 2164 γὰρ
3121 2093 3294 2158 οῦτως
3325 2096 3442 2165 είμί
3476 2095 3703 2166 θρασὺς,
3731 2095 3877 2148 ὥστε

607 2194 670 2240 ut
717 2185 924 2256 aliquid
966 2185 1168 2250 dicam,
1206 2185 1275 2240 de
1317 2201 1427 2255 quo
1461 2185 1647 2240 divina
1678 2187 1837 2241 sileat
1886 2185 2191 2256 Scriptura.

2297 2184 2465 2253 φάναι
2493 2201 2547 2236 τι
2583 2185 2942 2254 σεσιγημένον
2977 2184 3130 2256 παρὰ
3167 2187 3232 2256 τῇ
3274 2184 3394 2255 θείᾳ
3436 2186 3646 2257 Γραφῇ.
3679 2187 3879 2238 Ἤκου-

606 2277 804 2330 Audivi
835 2284 1019 2331 autem
1054 2275 1306 2329 divinum
1332 2276 1561 2330 Paulum
1589 2277 1916 2330 clamantem
1953 2296 1965 2331 :
2011 2297 2027 2327 ‹
2053 2277 2197 2332 Con-

2299 2294 2366 2330 σα
2410 2277 2594 2347 μέντοι
2627 2276 2722 2329 τοῦ
2759 2277 2907 2330 θείου
2943 2277 3159 2330 Παύλου
3195 2278 3455 2348 βοῶντος,
3495 2279 3574 2331 ὄτι
3612 2297 3630 2330 ι
3670 2279 3878 2347 Ἔστη-

608 2367 790 2420 stituit
813 2367 959 2420 Deus
981 2365 1127 2418 diem
1159 2367 1214 2419 in
1250 2382 1362 2435 quo
1384 2366 1736 2436 judicaturus
1759 2375 1843 2421 est
1869 2367 2062 2420 orbem
2082 2376 2192 2420 ter-

2299 2384 2390 2420 σεν
2439 2370 2468 2419 ὁ
2502 2366 2634 2429 Θεὸς
2685 2367 2796 2436 (Si)
2835 2368 3069 2439 ἡμέραν,
3113 2371 3170 2420 ἐν
3297 2368 3481 2438 μέλλει
3526 2369 3734 2439 κρίνειν
3774 2370 3877 2438 τὴν

609 2472 794 2509 rarum
824 2457 876 2510 in
909 2457 1121 2526 justitia
1157 2471 1256 2526 per
1285 2457 1465 2510 virum
1493 2471 1657 2524 quem
1687 2455 1992 2519 constituit,
2031 2455 2194 2510 ﬁdem

2302 2459 2631 2529 οἰκουμένην
2667 2461 2723 2510 ἐν
2752 2458 3069 2530 δικαιοσύνῃ
3101 2462 3157 2512 ἐν
3191 2459 3346 2531 ἀνδρὶ
3383 2453 3426 2528 ᾧ
3468 2460 3654 2532 ὥρισε,
3691 2461 3879 2513 πίστιν

608 2547 860 2616 praebens
901 2549 1192 2613 omnibus,
1230 2547 1503 2602 suscitans
1536 2563 1664 2600 eum
1717 2564 1747 2601 a
1795 2548 2030 2602 mortuis
2052 2549 2117 2602 ".
2167 2567 2186 2600 ι

2297 2549 2596 2620 παρασχὼν
2624 2552 2810 2614 πᾶσιν,
2845 2552 3158 2624 ἀναστήσας
3187 2553 3251 2605 ὲκ
3279 2553 3488 2624 νεκρῶν
3511 2554 3671 2606 αὐτόν
3701 2553 3874 2622 (52).)

608 2638 784 2692 Didici
829 2640 995 2693 etiam
1037 2655 1068 2693 a
1138 2639 1344 2694 sanctis
1401 2639 1656 2709 angelis,
1710 2639 1829 2694 fore
1887 2650 1950 2694 ut
2007 2639 2194 2694 veniat

2296 2643 2613 2712 Μεμάθηκα
2655 2643 2711 2694 δέ
2769 2623 2862 2696 καί
2896 2643 3047 2712 παρά
3091 2643 3198 2696 τῶν
3252 2623 3420 2712 ἁγίων
3471 2645 3749 2713 ἀγγέλων,
3796 2646 3879 2699 ὅτι

601 2745 672 2784 eo
727 2731 890 2786 modo
931 2748 1040 2802 quo
1091 2732 1355 2786 viderunt
1412 2731 1592 2801 ipsum
1651 2731 1907 2800 discipuli
1965 2741 2193 2787 euntem

2295 2734 2470 2797 οὕτως
2520 2735 2800 2787 ἐλεύσεται
2838 2735 2898 2788 ὃν
2926 2737 3126 2805 τρόπον
3160 2736 3320 2788 αὐτὸν
3356 2731 3493 2789 εἶδον
3533 2737 3584 2789 οἱ
3635 2736 3882 2806 μαθηταὶ

604 2821 660 2874 in
695 2823 896 2878 coalum
920 2823 985 2876 ³³.
1031 2824 1302 2878 Viderunt
1338 2833 1522 2877 autem
1569 2821 2050 2891 circumscriptam
2091 2838 2192 2876 na-

2295 2829 2664 2897 πορευόμενον
2697 2830 2777 2890 είς
2807 2827 2898 2880 τὸν
2932 2829 3180 2899 οὐρανόν.
3216 2823 3370 2883 Εἶδον
3405 2829 3460 2882 δέ
3496 2847 3883 2901 περιγεγραμ-

605 2921 810 2977 turam,
856 2931 966 2968 non
1013 2915 1172 2984 123
1219 2914 1775 2982 incircumscriptam.
1821 2912 2021 2967 Audivi
2062 2927 2193 2967 vero

2299 2919 2469 2989 μένην
2497 2917 2682 2987 φύσιν,
2723 2921 2823 2972 οὐκ
2847 2921 3244 2991 άπερίγραφον.
3279 2923 3524 2974 ’Ἤκουσα
3552 2921 3608 2973 δὲ
3653 2923 3747 2974 καὶ
3785 2921 3882 2974 τοῦ

605 3006 772 3058 etiam
804 3005 1097 3058 Dominum
1129 3006 1309 3074 ipsum
1339 3004 1614 3058 dicentem
1663 3005 1716 3055 ε·
1752 3022 1770 3053 ‹
1807 3002 2079 3058 Videbitis
2112 3003 2220 3078 [τί-η

2295 3013 2503 3084 Κυρίου
2532 3013 2798 3082 λέγοντος
2833 3033 2851 3064 ‹
2892 3013 3125 3082 Ὄψεσθε
3159 3013 3249 3066 τὸν
3282 3012 3410 3065 Υίὸν
3443 3011 3536 3066 τοῦ
3585 3011 3881 3083 ἀνθρώπου

603 3097 740 3150 lium
776 3097 1015 3150 hominis
1050 3097 1363 3150 venientem
1395 3098 1451 3150 in
1480 3095 1724 3151 nubibus
1753 3096 1876 3150 (εωιὶ
1906 3096 1972 3148 δδ.
2017 3116 2034 3146 ι
2067 3095 2192 3150 Scio

2296 3107 2588 3177 ἐρχόμενον
2612 3105 2722 3178 (55)
2749 3107 2840 3160 ἐπὶ
2870 3106 2976 3160 τῶν
3007 3107 3246 3176 νεφελῶν
3287 3106 3380 3160 τοῦ
3404 3105 3652 3178 οὐρανοῦ.
3697 3125 3715 3158 ι
3768 3108 3883 3160 Καὶ

603 3197 790 3242 autem
851 3188 1333 3259 circumscriptum
1382 3203 1504 3244 esse
1563 3187 1711 3258 quod
1761 3187 1830 3242 ab
1875 3186 2192 3243 hominibus

2293 3199 2409 3256 οῖδα
2441 3203 2958 3274 περιγεγραμμένον
2989 3204 3051 3254 τὸ
3095 3203 3184 3254 ὑπ’
3231 3200 3534 3272 ἀνθρώπων
3572 3201 3879 3272 ὁρώμενον.

603 3282 870 3336 cernitur.
905 3282 1204 3337 Invisibilis
1242 3283 1390 3337 enim
1421 3292 1507 3337 est
1538 3291 1754 3345 natura,
1804 3298 1926 3351 quae
1972 3298 2082 3336 non
2107 3289 2193 3336 est

2307 3294 2557 3359 Ἀθέατος
2579 3296 2689 3366 γὰρ
2717 3298 2750 3364 ἡ
2791 3295 3170 3366 ἀπερίγραφος
3201 3293 3381 3364 φύσις.
3414 3293 3524 3347 Καὶ
3563 3293 3750 3364 μέντοι
3783 3295 3885 3346 καὶ

604 3372 1041 3443 circumscripta.
1075 3373 1212 3428 Illud
1249 3373 1438 3439 etiam,
1475 3371 1671 3426 sedere
1713 3375 1769 3425 in
1823 3373 2023 3427 throno
2076 3375 2192 3444 glo-

2291 3387 2375 3452 τὺ,
2434 3387 2654 3440 καθίσαι
2715 3386 2808 3439 ἐπὶ
2861 3385 3049 3456 θρόνου
3104 3384 3285 3456 δόξης,
3347 3385 3442 3438 καὶ
3497 3385 3694 3454 στῆσαι
3753 3388 3884 3448 τοὺς

606 3467 721 3532 riae,
755 3477 812 3521 et
844 3475 1085 3521 statuere
1131 3482 1300 3536 agnos
1332 3482 1364 3520 a
1402 3465 1632 3529 dextris,
1665 3465 1850 3519 haedos
1887 3481 2018 3520 vero
2054 3482 2084 3521 a
2119 3467 2191 3521 si-

2294 3482 2392 3550 μὲν
2417 3479 2620 3550 ἀμνοὺς
2648 3480 2712 3532 ἐκ
2743 3478 2952 3542 δεξιῶν,
2980 3479 3103 3539 τοὺς
3128 3476 3184 3530 δὲ
3231 3478 3448 3549 ἐρίφους
3474 3477 3533 3542 ἐξ
3555 3478 3882 3547 εὐωνύμων,

605 3556 882 3621 nistris”,
919 3556 1492 3626 circumscriptionem
1530 3555 1820 3626 signiﬁcat.

1471 3571 1492 3609 ὶ
1530 3555 1820 3626 signiﬁcat.
2289 3569 2349 3622 τὸ
2379 3570 2890 3640 περιγεγραμμένον
2919 3569 3086 3638 δηλοῖ.

669 3647 879 3701 ERAN.
911 3648 1055 3718 Ergo
1089 3663 1157 3701 ne
1195 3647 1421 3715 quidem
1459 3655 1588 3699 ante
1632 3645 2066 3702 incarnationem
2103 3649 2186 3702 in-

2363 3662 2564 3715 EPAN.
2629 3661 2837 3714 Ούκοῦν
2896 3662 3017 3714 οὐδὲ
3079 3662 3186 3732 πρὸ
3249 3663 3345 3733 τῆς
3406 3663 3883 3732 ἐνανθρωπήσεως

604 3738 1055 3809 circumscriptus
1100 3738 1224 3792 fuit.
1261 3739 1398 3792 Nam
1444 3737 1714 3807 propheta
1756 3739 1894 3793 vidit
1935 3741 2111 3811 ipsum
2155 3758 2186 3796 a

2289 3755 2670 3825 ἀπερίγραφος
2701 3749 2787 3824 ἦν.
2809 3754 2942 3806 Ὑπὸ
2971 3755 3079 3826 γὰρ
3120 3755 3228 3808 τῶν
3263 3755 3514 3825 Σεραφὶμ
3543 3755 3708 3808 αὑτὸν
3736 3750 3884 3807 εἶδεν

603 3829 924 3899 Scraphinis
958 3830 1360 3884 circumdatum
1391 3831 1478 3882 δ”.
1606 3829 1616 3830 ί
1849 3883 1856 3891 ,

1453 3836 1478 3882 ὀ
1849 3883 1856 3891 .
2288 3849 2316 3900 ὁ
2356 3848 2643 3917 προφήτης
2684 3847 3068 3918 κυκλούμενον.

674 3919 888 3974 ORTH.
934 3920 1057 3972 Non
1111 3919 1284 3988 ipsam
1312 3921 1452 3974 vidit
1491 3921 1758 3990 propheta
1795 3921 1889 3975 Dei
1920 3923 2180 3978 substan-

2358 3935 2508 3988 ΟΡΘ.
2541 3937 2656 3987 Ούκ
2692 3936 2861 4006 αὐτὴν
2903 3932 3042 3989 εἶδεν
3085 3939 3113 3989 ό
3139 3939 3425 4008 προφήτης
3455 3937 3549 3990 τοῦ
3587 3937 3726 3990 Θεοῦ
3773 3938 3883 4008 τὴν

603 4011 756 4074 tiam,
799 4010 894 4064 sed
923 4011 1164 4079 speciem
1190 4011 1482 4080 quamdam
1520 4028 1620 4067 suo
1659 4015 1842 4084 captui
1875 4031 2183 4070 accommo-

2287 4025 2498 4086 οὐσίαν,
2534 4025 2648 4078 ἀλλ’
2677 4026 2799 4095 ὄψιν
2824 4027 2945 4079 τινὰ
2986 4030 3050 4097 τῇ
3076 4027 3240 4080 αὐτοῦ
3273 4028 3500 4097 δυνάμει
3534 4028 3882 4097 συμϐαίνου-

600 4100 806 4154 datam.
842 4101 971 4154 Post
996 4103 1458 4158 resurrectionem
1489 4121 1640 4171 vero,
1670 4121 1862 4160 omnes
1886 4107 2056 4176 ipsam
2092 4107 2182 4176 ju-

2289 4134 2410 4169 σαν.
2451 4118 2604 4170 Μετὰ
2653 4118 2707 4170 δὲ
2761 4119 2859 4187 τὴν
2900 4120 3216 4184 ἀνάστασιν,
3277 4122 3512 4184 ἅπαντες
3559 4121 3731 4191 αὐτὴν
3780 4121 3884 4174 τοῦ

598 4192 742 4249 dicis
770 4192 1043 4247 visibilem
1079 4203 1307 4248 cernent
1331 4204 1602 4251 naturam.

2287 4207 2474 4278 κριτοῦ
2510 4209 2608 4279 τὴν
2643 4209 2924 4280 ὁρωμένην
2971 4210 3194 4279 ὄψονται
3227 4211 3407 4279 φύσιν.

676 4284 884 4338 ERAN.
919 4284 1024 4350 Qui
1062 4285 1342 4354 pollicitus
1365 4303 1424 4341 es
1448 4298 1498 4341 te
1527 4287 1666 4341 nihil
1702 4288 1820 4343 sine
1855 4288 2184 4342 testimoniis

2357 4299 2556 4353 EPAN.
2600 4301 2996 4370 ’Υποσχόμενος
3023 4303 3176 4371 λόγον
3213 4303 3286 4375 μὴ
3319 4303 3496 4372 λέγειν
3525 4305 3883 4376 ἀμάρτυρον,

597 4375 901 4439 dicturum,
935 4378 1186 4445 proprias
1215 4377 1376 4432 nobis
1397 4381 1758 4450 cogitationes
1789 4381 2071 4450 proponis.

1755 4417 1758 4431 ι
1789 4381 2071 4450 proponis.
2213 4376 2256 4430 ι)
2286 4392 2578 4461 λογισμοὺς
2605 4395 2734 4462 ἡμῖν
2764 4396 2998 4459 οἰκείους
3025 4398 3370 4468 προσφέρεις.

671 4463 881 4517 ORTll.
910 4466 1024 4534 Ego
1073 4467 1188 4520 lucc
1211 4482 1277 4520 ex
1313 4469 1496 4524 divina
1525 4470 1808 4540 Scriptura
1850 4469 2039 4524 didici.
2070 4471 2187 4524 Au-

2357 4482 2507 4535 ΟΡΘ.
2558 4482 2698 4549 Ἐγὼ
2726 4485 2900 4537 ταῦτα
2938 4463 3088 4558 παρά
3115 4463 3212 4557 τῆς
3240 4463 3391 4550 θείας
3425 4490 3708 4560 ἐδιδάχθην
3736 4491 3888 4561 Γρα-

597 4555 714 4609 divi
742 4557 890 4609 enim
921 4557 1243 4614 Zachariam
1274 4565 1596 4633 prophetam
1621 4563 1894 4618 dicentem
1921 4581 1934 4616 :
1968 4581 1986 4614 ι
2017 4564 2185 4618 Vide-

2285 4575 2408 4640 φῆς.
2442 4573 2687 4625 Ἤκουσα
2713 4576 2820 4645 γὰρ
2847 4555 3115 4648 Ζαχαρίου
3147 4555 3242 4632 τοῦ
3284 4555 3886 4650 προφήτουλέγοντος⁸

601 4646 743 4700 bunt
783 4664 944 4716 quem
987 4652 1377 4708 transﬁxerunt
1401 4655 1468 4708 ⁵⁸.
1506 4673 1524 4704 ι
1565 4653 1854 4719 Quomodo
1885 4661 2067 4707 autem
2100 4670 2186 4708 se-

2289 4681 2307 4712 ι
2349 4661 2610 4729 Ὄψονται
2644 4666 2722 4726 είς
2744 4665 2802 4716 ὃν
2833 4665 3211 4739 ἐξεκέντησαν,
3258 4689 3274 4721 ι
3319 4672 3518 4735 Πῶςδέ
3543 4672 3736 4739 ἕψεται
3774 4676 3889 4745 τῆς

596 4743 802 4803 quetur
852 4746 1079 4793 eventus
1126 4742 1494 4811 prophetiam,
1557 4742 1601 4794 si
1653 4741 1748 4811 qui
1785 4740 2185 4797 erucilixerunt

2283 4753 2622 4821 προφητείας
2665 4753 2724 4805 τὸ
2761 4755 2932 4820 τέλος,
2968 4758 3076 4810 τῶν
3103 4760 3522 4830 ἐσταυρωκὸτων
3555 4759 3629 4831 μὴ
3663 4740 3887 4832 γνωρι-

599 4839 710 4876 non
755 4839 1052 4896 agnoscent
1082 4847 1247 4900 quam
1288 4833 1684 4886 cruciﬁxerunt
1735 4833 2030 4886 naturam?
2075 4834 2187 4888 Au-

2285 4839 2486 4905 ξόντων
2527 4843 2594 4914 ἢν
2628 4845 2980 4916 ἐσταύρωσαν
3009 4849 3208 4917 φύσιν;
3252 4852 3500 4904 Ἤκουσα
3549 4851 3605 4904 δὲ
3648 4852 3742 4904 καὶ⁵
3777 4852 3888 4905 τοῦ

602 4914 714 4968 divi
741 4917 905 4971 etiam
939 4922 1237 4990 gloriosum
1266 4932 1560 4993 martyrem
1589 4923 1930 4992 Stephanum
1950 4925 2188 4979 claman-

2285 4934 2580 5007 νικηφόρου
2623 4914 2893 5006 Στεφάνου
2942 4914 3201 5010 βοῶντος(
3251 4961 3268 4994 ι
3325 4943 3457 4996 Ἰδοὺ
3504 4943 3696 5015 θεωρῶ
3740 4947 3889 5008 τοὺς

600 5017 711 5061 tem
744 5026 762 5059 ι
794 5010 970 5067 :Ecce
998 5014 1160 5067 video
1181 5014 1350 5067 coelos
1376 5022 1617 5082 apertos,
1645 5014 1916 5069 etFilium
1944 5016 2188 5072 hominis

2284 5027 2552 5096 οὐρανοὺς
2596 5029 2996 5100 ἀνεῳγμένους,
3033 5032 3128 5086 καὶ
3159 5035 3250 5087 τὸν
3287 5035 3413 5088 Υἱὸν
3444 5035 3536 5088 τοῦ
3573 5035 3891 5106 ἀνθρώπου

597 5105 834 5155 stantem
871 5117 901 5155 a
932 5103 1141 5156 dextris
1182 5104 1361 5155 Dei".
1407 5123 1424 5155 ι
1467 5104 1612 5160 Vidit
1657 5114 1840 5160 autem
1871 5105 2144 5164 visibilem
2169 5150 2183 5174 ,

2285 5119 2552 5191 ἑστηκότα
2604 5123 2668 5175 ἐκ
2718 5123 2910 5189 δεξιῶν
2965 5126 3076 5195 (54)
3123 5128 3214 5180 τοῦ
3257 5129 3413 5182 Θεοῦ.
3455 5149 3472 5179 ι
3515 5126 3634 5182 Εἷδε
3675 5129 3733 5182 δὲ
3775 5132 3889 5200 τὴν

599 5205 709 5244 non
742 5193 1074 5246 invisibilem
1098 5202 1370 5248 naturam.

2283 5210 2592 5283 ὁρωμένην,
2625 5215 2686 5266 οὐ
2714 5215 2812 5284 τὴν
2839 5193 3070 5288 ἀόρατον
3102 5218 3283 5287 φύσιν.

663 5330 858 5428 '"Act.
887 5329 1225 5428 antea"?
1407 5347 1444 5398 ι,
1477 5332 1564 5386 il.
1633 5335 1890 5394 “Matth.
1913 5357 2057 5408 xxvi,
2091 5343 2179 5398 64.
2275 5348 2278 5378 ¹

2275 5347 2319 5379 ³⁸
2343 5349 2537 5403 Matth.
2570 5366 2693 5417 xxv,
2720 5352 2909 5406 51-55.
2997 5354 3061 5384 ⁸⁵·
3085 5354 3187 5408 Isa.
3215 5371 3288 5420 τι,
3328 5355 3349 5408 1
3380 5371 3532 5427 seqq.
3620 5357 3667 5388 ⁸⁸
3692 5357 3888 5416 Zach.

600 5417 696 5464 an,
721 5399 808 5452 10.
887 5398 932 5428 ⁸⁷
968 5398 1088 5452 Act.
1129 5415 1223 5462 vn,
1250 5401 1338 5455 56.

673 5510 787 5612 ςὲέὶ
827 5503 1484 5612 12..9€‘i-..Fxn‘:€rS-.~’:0
1514 5520 1794 5608 ῆάάίιυτο-

2289 5531 2619 5612 duntﬂcgliﬁ
2629 5553 2790 5612 μενον
2804 5537 3095 5612 ἐκ-ᾲδεξιῶν
3125 5542 3222 5612 τῆς
3247 5541 3555 5612 δυνάμεως.

673 5513 759 5584 (51
827 5510 896 5563 '0
929 5511 1080 5576 Θεός.
1119 5515 1197 5568 Ex
1231 5531 1376 5574 vers.
1415 5517 1484 5573 '50
1514 5520 1757 5577 additur.

830 5582 926 5672 ’,Εκ
957 5601 1006 5638 ν.
1040 5586 1162 5638 αὐτ.
1200 5587 1306 5642 Pro
1331 5590 1492 5671 αύτὸν
1525 5594 1590 5645 ἐκ
1625 5596 1855 5665 νεκρῶν.

699 5652 768 5706 53
859 5651 1012 5720 Ερχ.,
1040 5672 1093 5709 κ.
1127 5674 1176 5712 τ.
1204 5657 1252 5712 λ.
1282 5658 1492 5716 Omissa
1525 5674 1653 5720 sunt
1680 5681 1801 5720 uua:
1832 5668 1870 5720 Ι.
1897 5682 1946 5720 c.
1975 5683 2178 5720 orame-

2289 5531 2448 5595 dunt,
2480 5534 2790 5607 καθήμενον
2814 5539 2877 5589 ἐκ
2906 5537 3095 5602 δεξιῶν
3125 5542 3222 5609 τῆς
3254 5541 3556 5611 δυνάμεως.

2360 5604 2471 5674 (54)
2490 5606 2634 5659 Ἐστ.
2655 5608 2719 5661 ἐκ
2737 5607 2845 5672 δεξ.
2874 5609 3108 5680 Recepta
3134 5611 3316 5678 lectio,
3343 5614 3405 5665 ἐκ
3420 5612 3608 5676 δεξιῶν
3625 5614 3900 5671 ἑστῶτα.

901 5670 1012 5724 PX»
1040 5672 1093 5709 κ.
1127 5674 1176 5712 τ.
1205 5668 1252 5712 Α.
1282 5668 1492 5716 Omissa
1525 5674 1653 5720 sunt
1680 5681 1801 5736 qua:
1832 5668 1870 5721 Ι.
1897 5682 1946 5721 c.
1972 5683 2178 5738 prame-
