4090 6424
306 318 414 384 1-3-5

1388 313 1768 375 DIALOGUS
1812 314 1892 371 ΙΙ.
1934 336 2002 346 -
2040 311 2540 375 INCONFUSUS.

3506 317 3613 382 166

377 428 596 482 ΕΡΑΝ.
651 422 842 481 Ταῦτα
907 428 1011 497 μὲν
1069 424 1214 479 οὕτω
1266 427 1599 497 γέγραπται.
1665 425 1825 479 ’Λλλά
1862 424 1918 477 τὴ

2097 426 2306 481 ERAN.
2342 426 2467 482 Haec
2491 424 2714 496 quidem
2743 426 2821 481 sic
2848 426 3053 496 scripta
3084 433 3213 480 sunt
3243 444 3254 479 :
3282 426 3375 481 scd
3412 443 3613 499 corpus

306 521 500 591 σῶμα,
546 521 690 591 μετά
727 518 827 589 τὴν
886 520 967 581 εἰς
998 519 1262 588 οὐρανοὺς
1292 515 1581 588 ἀνάληψιν,
1621 518 1724 571 οὐκ
1767 512 1924 585 οἶμαί

306 628 367 665 σε
405 611 618 675 δείξειν
668 610 779 664 ὑπὸ
812 610 926 662 τῶν
984 610 1455 680 πνευματοφόρων
1492 609 1703 680 ἀνδρῶν
1753 626 1924 680 προσ-

303 704 722 774 αγορευόμενον
750 702 937 770 σῶμα.

374 796 805 849 υΡΘ.Μάλιστα
825 795 926 862 μὲν
952 793 1049 847 καὶ
1066 793 1136 846 τὰ
1159 794 1537 866 προειρημένα
1561 791 1655 846 τοῦ
1675 792 1925 863 σώματος

303 881 553 950 ὑπάρχει
576 880 864 951 δηλωτικὰ
891 898 904 912 ·
943 882 1006 933 τὸ
1036 882 1144 952 γάρ
1172 881 1473 953 ὁρώμενον,
1520 882 1684 953 σῶμα
1708 900 1723 914 ·
1763 883 1926 948 δείξω

303 972 359 1025 δὲ
399 973 580 1041 ὅμως,
628 974 727 1025 καὶ
778 972 919 1042 μετά
957 972 1055 1042 τὴν
1095 972 1363 1044 ἀνάληψιν
1387 972 1545 1045 σῶμα
1588 973 1925 1045 καλούμενον

304 1062 400 1116 τοῦ
433 1063 723 1117 Δεσπότου
764 1063 826 1116 τὸ
862 1063 1043 1134 σῶμα.
1083 1064 1351 1117 Ἄκουσον
1387 1067 1571 1118 τοίνυν
1610 1063 1706 1118 τοῦ
1761 1066 1925 1120 Ἀπο-

310 1156 502 1211 στόλου
544 1155 921 1219 διδάσκοντος·
958 1174 977 1207 ι
1035 1155 1226 1226 Ἠμῶν
1259 1155 1369 1225 γὰρ
1409 1155 1470 1209 τὺ
1512 1155 1819 1226 πολίτευμα
1867 1157 1926 1210 ὲν

310 1248 566 1319 οὐρανοῖς
607 1247 873 1319 ὑπάρχει,
912 1245 973 1311 ἐξ
1018 1240 1080 1299 οὗ
1102 1250 1195 1301 καὶ
1225 1248 1457 1320 Σωτῆρα
1502 1248 1925 1319 ἀπεκδεχόμεθα

307 1340 516 1409 Κύριον
554 1339 774 1410 Ἰησοῦν
804 1345 820 1406 ί
829 1338 946 1410 55),
972 1339 1032 1403 ὃς
1066 1340 1538 1410 μετασχηματίσει
1561 1340 1621 1393 τὸ
1645 1340 1803 1411 σῶμα
1825 1341 1926 1410 τῆς

309 1429 701 1493 ταπεινώσεως
732 1429 920 1499 ἡμῶν,
946 1431 1028 1493 είς
1057 1430 1119 1483 τὸ
1149 1430 1404 1498 γενέσθαι
1437 1431 1568 1486 αὐτὸ
1600 1431 1926 1503 σύμμορφον

306 1520 403 1575 τοῦ
446 1520 708 1592 σώματος
743 1520 856 1592 (56)
880 1524 982 1593 τῆς
1018 1522 1182 1593 δόξης
1230 1523 1418 1578 αὐτοῦ.
1450 1541 1469 1575 ι
1505 1525 1581 1577 Οὐ
1614 1525 1795 1579 τοίνυν
1843 1527 1927 1589 είς

305 1614 511 1686 ἑτέραν
542 1614 957 1686 μεταϐέϐληται
1008 1615 1195 1685 φύσιν,
1227 1614 1362 1669 ἀλλὰ
1400 1617 1679 1690 μεμένηκε
1734 1618 1923 1689 σῶμα,

306 1706 466 1769 θείας
493 1706 677 1777 μέντοι
704 1706 871 1778 δόξης
896 1706 1355 1778 πεπληρωμένον,
1381 1710 1477 1763 καὶ
1498 1709 1676 1778 φωτὸς
1699 1710 1919 1780 πέμπον

314 1801 572 1863 ἀκτῖνας·
606 1800 797 1870 ἐκείνῳ
840 1801 915 1853 τά
959 1798 1070 1853 τῶν
1117 1801 1289 1869 ἁγίων
1344 1801 1574 1873 σώματα
1621 1804 1917 1873 γενήσεται

320 1891 646 1962 σύμμορφα.
670 1893 732 1946 Ei
772 1893 833 1946 δὲ
862 1894 943 1956 εἰς
974 1892 1173 1965 ἑτέραν
1197 1896 1375 1947 ἐκεῖνο
1398 1895 1708 1968 μετεϐλήθη
1733 1897 1916 1965 φύσιν,

313 1984 411 2037 καὶ
432 1983 503 2036 τά
530 1985 736 2039 τούτων
763 1983 1038 2049 ὡσαύτως
1072 1985 1572 2057 μεταϐληθήσεται.
1606 1988 1676 2040 Σύ
1686 2006 1919 2060 μμορφα

306 2074 419 2144 γάρ
438 2074 638 2144 ἐκείνῳ
669 2076 994 2145 γενήσεται.
1020 2076 1084 2128 Εί
1116 2075 1174 2128 δὲ
1209 2075 1276 2129 τά
1309 2076 1419 2130 τῶν
1453 2077 1627 2146 ἁγίων
1657 2079 1919 2147 φυλάττει

301 2164 398 2219 τὸν
428 2166 770 2237 χαρακτῆρα
797 2167 899 2237 τῆς
934 2165 1174 2236 φύσεως,
1209 2167 1305 2222 καὶ
1337 2167 1398 2221 τδ
1440 2171 1772 2225 Δεσποτικδν
1800 2171 1919 2244 ,ἀρα

297 2254 570 2319 ὡσαύτως
599 2254 702 2326 τὴν
730 2256 946 2310 οίκείαν
974 2256 1165 2311 οὐσίαν
1193 2258 1574 2329 ἀμετάϐλητον
1608 2260 1742 2331 ἔχει.

370 2345 591 2399 EPAN.
631 2348 761 2400 ἰοα
800 2347 986 2400 τοίνυν
1021 2348 1176 2402 ἔσται
1209 2347 1287 2420 τῷ
1336 2349 1656 2422 Δεσποτικῷ
1703 2350 1920 2423 σώματι

297 2437 407 2492 τῶν
448 2438 633 2507 ἁγίων
661 2438 735 2492 τά
763 2437 1036 2510 σώματα;

366 2530 533 2585 ΟΡΘ.
591 2531 712 2601 Τῆς
771 2531 872 2601 μὲν
923 2530 1260 2603 ἀφθαρσίας,
1312 2532 1407 2586 καὶ
1458 2534 1642 2605 μέντοι
1686 2537 1781 2590 καὶ
1819 2538 1919 2607 τῆς

295 2620 613 2684 ἀθανασίας
651 2620 875 2692 μεθέξει
928 2621 1026 2673 καὶ
1076 2619 1270 2675 ταῦτα.
1327 2622 1663 2695 Κοινωνήσει
1719 2625 1777 2678 δὲ
1824 2626 1919 2681 καὶ

295 2714 397 2783 τῆς
429 2712 627 2784 δόξης,
662 2712 809 2766 καθά
836 2729 1007 2784 φησιν
1035 2713 1065 2765 ό
1113 2711 1457 2778 Ἀπόστολος·
1505 2734 1524 2767 ι
1568 2715 1744 2790 Εἴπερ
1776 2736 1917 2791 συμο

298 2806 621 2878 πάοχομεν,
680 2806 771 2859 ἵνα
820 2806 918 2858 καὶ
963 2802 1433 2876 συνδοξασθῶμεν.
1476 2825 1495 2858 ι
1546 2808 1634 2862 Ἐν
1667 2808 1725 2863 δέ
1763 2828 1825 2879 γε
1851 2814 1916 2884 τῇ

299 2898 576 2969 ποσότητι
614 2896 758 2949 πολὺ
796 2897 859 2950 τὸ
891 2895 1152 2967 διάφορον
1183 2894 1331 2949 ἐστιν
1355 2896 1555 2969 εὑρεῖν,
1591 2901 1686 2953 καὶ
1724 2900 1918 2955 τοσοῦ-

299 3005 411 3050 τον,
443 2989 578 3041 ὅσον
624 2987 789 3057 ἡλίου
834 2986 975 3058 πρὸς
1024 2985 1289 3058 ἀστέρας,
1322 2988 1525 3057 μᾶλλον
1568 2990 1623 3043 δὲ
1665 2991 1791 3043 ὅσον
1828 2992 1918 3045 δε-

2027 526 2149 587 post
2172 518 2551 572 ascensionem
2593 517 2650 571 in
2688 518 2858 573 corios
2897 533 3009 572 non
3056 525 3192 587 puto
3220 518 3606 577 demonstrare

2026 615 2080 661 te
2115 621 2277 677 posse
2305 622 2507 677 corpus
2535 624 2565 663 a
2597 608 2729 663 viris
2763 607 2970 678 Spiritu
3008 615 3199 663 sancto
3241 609 3440 663 amatis
3488 625 3613 665 esse

2027 700 2383 769 appellatum.

2099 789 2250 863 124
2305 789 2515 854 OBTll.
2548 791 2782 847 Abunde
2821 791 3044 862 quidem
3080 791 3165 846 vel
3208 806 3272 846 ea
3312 809 3435 863 quae
3464 792 3615 849 dicta

2027 892 2157 938 sunt
2197 900 2400 956 corpus
2427 885 2809 940 demonstrant
2845 904 2860 952 ;
2894 886 3040 955 quod
3067 886 3212 941 enim
3245 887 3609 956 conspicitur,

2025 989 2227 1044 corpus
2251 984 2335 1029 est
2364 993 2376 1028 :
2411 976 2697 1030 ostendam
2724 985 2907 1029 tamen
2941 982 3066 1045 post
3091 976 3468 1031 ascensionem
3493 994 3616 1032 cor-

2024 1080 2131 1136 pus
2184 1065 2403 1120 Domini
2456 1082 2659 1137 corpus
2710 1081 2832 1121 esse
2879 1065 3234 1136 appellatum.
3285 1068 3428 1122 Audi
3481 1085 3615 1139 ergo

2024 1156 2349 1225 Apostolum
2387 1156 2676 1212 docentem
2710 1176 2722 1210 :
2761 1177 2778 1208 ‹
2812 1158 3010 1212 Nostra
3037 1159 3207 1224 enim,
3248 1159 3445 1231 inquit,
3476 1178 3611 1216 con-
3668 1157 3672 1161 ’

2025 1247 2267 1303 versatio
2297 1247 2351 1301 in
2377 1248 2531 1303 oculis
2557 1257 2664 1313 cst,
2694 1248 2841 1303 unde
2858 1259 2915 1303 et
2948 1248 3299 1306 Servatorem
3320 1265 3611 1323 exspecta-

2026 1353 2151 1392 mus
2195 1338 2489 1392 Domiuum
2544 1338 2755 1404 Jcsum,
2801 1339 2897 1408 qui
2940 1339 3354 1395 trausformahit
3410 1358 3614 1412 corpus

2028 1428 2359 1485 humilitatis
2390 1438 2611 1496 nostra),
2648 1441 2710 1485 ut
2740 1430 2833 1485 ﬁat
2859 1430 3140 1486 conformo
3174 1432 3390 1502 corpori
3424 1434 3614 1503 gloria;

2027 1519 2206 1590 ipsius
2223 1520 2291 1574 ⁸⁸.
2323 1538 2341 1571 ι
2380 1521 2497 1575 Non
2526 1530 2613 1576 est
2653 1537 2785 1593 ergo
2826 1531 3099 1576 mutatum
3142 1521 3198 1576 in
3243 1524 3406 1578 aliam
3448 1531 3612 1578 natu-

2026 1626 2144 1666 ram
2172 1630 2188 1679 ;
2215 1612 2310 1667 sed
2343 1614 2543 1668 mansit
2583 1629 2807 1684 corpus,
2833 1614 3021 1669 divina
3062 1614 3236 1686 gloria
3278 1615 3525 1685 plenum.
3555 1623 3613 1670 ct

2028 1704 2170 1759 lucis
2201 1704 2386 1759 radios
2406 1706 2667 1760 emitteus
2689 1746 2703 1771 ,
2736 1706 2826 1760 cui
2852 1705 3159 1761 coniormia
3200 1704 3333 1761 ﬁent
3377 1722 3613 1777 corpora

2020 1804 2360 1851 sanctorum.
2397 1796 2553 1864 Quod
2591 1798 2636 1851 si
2672 1813 2807 1852 vero
2859 1798 2993 1852 illud
3033 1797 3089 1852 in
3141 1798 3304 1852 aliam
3356 1808 3609 1854 naturam

2018 1896 2294 1940 mutatum
2349 1895 2467 1952 est,
2526 1896 2582 1941 et
2635 1887 2832 1941 horum
2881 1888 3138 1943 similiter
3202 1888 3606 1944 mutabuntur:

2018 1983 2186 2031 erunt
2209 1976 2359 2031 enim
2389 1977 2467 2031 illi
2502 1977 2829 2033 conformia.
2875 1978 2932 2034 Si
2960 1994 3094 2034 vero
3128 1995 3359 2049 corpora
3392 1990 3611 2035 sancto-

2020 2082 2145 2122 rum
2179 2076 2393 2122 naturaa
2426 2068 2660 2122 formam
2694 2070 2937 2124 retinent
2959 2110 2974 2135 ,
3016 2085 3220 2141 corpus
3246 2087 3467 2142 quoque
3501 2074 3610 2128 Do-

2019 2158 2328 2214 minicum‘
2381 2159 2640 2216 similiter
2685 2160 2966 2232 propriam
3025 2162 3392 2218 substantiam
3444 2165 3610 2223 habet

2021 2250 2445 2306 imnl‘utahilem.

2089 2342 2298 2397 ERAN.
2335 2343 2588 2413 Equalia
2638 2343 2808 2415 igitur
2849 2344 3070 2415 corpori
3115 2345 3405 2402 Dominico
3440 2355 3609 2403 erunt

2019 2448 2254 2503 corpora
2276 2441 2595 2488 sanctorum
2617 2434 2641 2487 ?

2091 2522 2305 2579 ORTH.
2342 2524 2889 2595 incorruptibilitatis
2926 2540 3056 2581 sane
3093 2535 3151 2581 et
3178 2525 3612 2583 immortalitatis

2017 2614 2317 2685 participes
2358 2624 2541 2670 erunt.
2584 2615 2644 2670 ln
2701 2617 3147 2671 communionem
3203 2618 3369 2673 etiam
3420 2620 3611 2688 gloriae

2016 2707 2264 2771 venient,
2297 2705 2442 2762 sicut
2481 2707 2562 2761 ait
2597 2706 2933 2777 Apostolus:
2973 2726 2990 2759 ι
3023 2706 3079 2762 Si
3110 2708 3335 2778 quidem
3383 2725 3509 2764 cum
3540 2726 3609 2766 eo

2017 2799 2283 2870 patimur,
2309 2805 2372 2853 ut
2402 2798 2569 2853 etiam
2604 2814 2715 2853 una
2740 2798 3113 2870 gloriﬁeemur
3136 2800 3203 2853 ⁸ο.
3247 2820 3265 2852 ι
3298 2801 3358 2857 1η
3383 2803 3607 2873 quanti-

2019 2901 2130 2947 tate
2156 2901 2338 2947 autem
2376 2891 2571 2962 ingens
2595 2899 2680 2945 est
2713 2890 3049 2955 discrimen,
3090 2907 3156 2947 ac
3193 2900 3407 2948 tantum
3436 2909 3613 2964 quan-

2020 2992 2137 3038 tum
2159 2992 2245 3039 est
2270 2984 2416 3037 inter
2459 2983 2634 3037 solem
2670 2991 2727 3037 et
2756 2982 2966 3048 stellas,
2997 2986 3084 3037 vel
3112 2986 3297 3054 potius
3328 2986 3476 3041 inter
3511 2986 3612 3041 do-

300 3083 506 3135 σπότου
546 3083 696 3152 πρὸς
722 3081 966 3146 δούλους,
1021 3082 1119 3136 καὶ
1171 3085 1266 3139 τοῦ
1311 3083 1643 3153 φωτίζοντος
1690 3086 1828 3155 πρὸς
1857 3085 1918 3140 τὸ

2022 3075 2233 3130 minum
2272 3083 2328 3129 et
2362 3089 2571 3139 servos,
2593 3080 2650 3127 et
2690 3073 2833 3128 inter
2865 3073 3268 3130 illuminantem
3302 3083 3360 3130 et
3404 3076 3612 3132 illumi-

299 3171 709 3243 φωτιζόμενον.
751 3170 1109 3225 Μεταδέδωκε
1147 3172 1204 3226 δὲ
1229 3173 1379 3243 ὅμως
1416 3171 1524 3224 τῶν
1549 3170 1767 3224 οἰκείων
1795 3172 1917 3225 ὀνο-

303 3266 496 3336 μάτων
526 3266 650 3327 τοῖς
677 3264 910 3328 δούλοις,
951 3264 1048 3318 καὶ
1078 3265 1194 3335 φῶς
1229 3265 1591 3335 καλούμενος,
1633 3263 1750 3334 φῶς
1788 3264 1917 3329 τοὺς

306 3359 496 3427 ἁγίους
543 3357 835 3411 ἐκάλεσεν·
868 3377 886 3409 ι
910 3356 1101 3429 Ὑμεῖς
1128 3358 1256 3429 γὰρ,
1306 3358 1491 3427 φησιν,
1538 3358 1661 3410 ἐστὲ
1699 3357 1762 3410 τὸ
1800 3356 1918 3427 φῶς

305 3451 399 3505 τοῦ
430 3452 678 3522 κόσμου.
720 3468 740 3500 ι
776 3448 886 3503 Καὶ
907 3449 1062 3520 ἥλιος
1103 3448 1453 3519 δικαιοσύνης
1490 3447 1914 3519 ὀνομαζόμενος,

306 3544 436 3613 περὶ
472 3541 591 3594 τῶν
643 3539 854 3593 δούλων
881 3540 1035 3611 φησί’
1077 3559 1096 3592 ι
1151 3540 1284 3594 Τότε
1319 3539 1699 3610 ἐκλάμψουσιν
1737 3541 1787 3592 oi
1832 3539 1914 3593 δί-

300 3649 454 3687 καιοι
483 3633 568 3694 ὡς
596 3632 627 3684 δ
671 3631 846 3703 ἣλιος.
893 3649 913 3682 ι
943 3631 1102 3685 Κατὰ
1130 3630 1191 3684 τὸ
1232 3632 1386 3685 ποιὸν
1431 3631 1630 3697 τοίνυν,
1666 3632 1727 3684 οὐ
1772 3629 1916 3685 κατά

298 3725 362 3777 τὸ
389 3724 598 3789 ποσὸν,
659 3724 967 3795 σύμμορφα
1024 3722 1177 3776 ἔσται
1229 3723 1306 3794 τῷ
1345 3723 1665 3795 Δεσποτικῷ
1696 3725 1915 3794 σώματι

298 3815 412 3871 τῶν
453 3816 638 3884 ἁγίων
666 3815 737 3869 τὰ
769 3815 1022 3886 σώματα.
1070 3814 1204 3868 Ἰδού
1261 3832 1342 3869 σοι
1377 3815 1680 3888 διαρρήδην
1715 3816 1917 3882 ἐδείξα-

301 3925 405 3979 μεν
457 3910 609 3979 ὅπερ
650 3909 804 3979 ἡμᾶς
855 3905 1213 3978 ἐπήγγειλας.
1253 3908 1318 3960 Εἰ
1356 3906 1413 3963 δέ
1468 3923 1550 3959 σοι
1593 3906 1782 3972 δοκεῖ,
1821 3908 1916 3961 καὶ

297 4001 514 4072 ἑτέρως
549 3999 721 4052 τοῦτο
749 4001 1140 4068 σκοπὴσωμεν.

371 4091 593 4145 ΕΡΔΝ.
629 4080 821 4144 Πάντα
850 4089 934 4141 δεῖ
960 4088 1111 4141 λίθον
1145 4088 1348 4153 κινεῖν,
1391 4088 1536 4142 κατά
1577 4086 1677 4159 τὴν
1718 4104 1916 4158 παροι-

302 4187 459 4256 μίαν,
498 4184 652 4237 ὥστε
696 4182 760 4235 τὸ
793 4180 996 4245 ἀληθὲς
1028 4180 1295 4250 ἐξευρεῖν,
1325 4179 1424 4249 οὐχ
1443 4179 1643 4250 ἥκιστα
1664 4180 1720 4233 δὲ
1755 4180 1916 4234 θείων

304 4272 712 4350 προκειμένων
741 4273 1049 4343 δογμάτων,
1819 4261 1831 4275 ⁸

369 4370 536 4424 ΟΡΘ.
584 4366 729 4421 Εἰπὲ
749 4368 955 4429 τοίνυν,
991 4363 1060 4417 τά
1095 4363 1333 4435 μυστικά
1360 4362 1607 4435 σύμϐολα
1629 4362 1783 4435 παρὰ
1804 4364 1913 4417 τῶν

2020 3176 2229 3222 natum.
2258 3165 2367 3223 Sua
2397 3172 2581 3221 tamen
2611 3165 2836 3220 nomina
2869 3166 3046 3222 servis
3061 3182 3282 3238 quoque
3315 3166 3607 3238 impertiit,

2018 3269 2071 3317 et
2096 3260 2190 3330 qui
2233 3260 2330 3314 lux
2369 3259 2713 3329 appellatur,
2765 3258 2950 3313 lucem
3003 3266 3225 3315 sanctos
3290 3259 3606 3329 appellavit.

2026 3373 2045 3405 ι
2082 3353 2192 3409 Vos
2220 3352 2391 3417 enim,
2420 3350 2622 3421 inquit,
2658 3349 2794 3405 estis
2818 3350 2913 3403 lux
2937 3349 3128 3403 mundi
3155 3349 3220 3404 θ’.
3262 3368 3281 3402 ι
3317 3349 3382 3404 Ει
3406 3350 3498 3420 qui
3526 3351 3608 3405 sol

2011 3444 2243 3515 justitia:
2260 3442 2581 3498 nominatur
2601 3441 2668 3505 σί,
2694 3440 2763 3496 de
2789 3440 2965 3495 servis
2988 3439 3162 3494 dicit:
3204 3460 3222 3492 ι
3261 3441 3418 3496 Tunc
3449 3440 3608 3512 125

2017 3533 2308 3605 fulgebunt
2328 3531 2464 3604 justi
2491 3532 2636 3587 sicut
2667 3531 2749 3585 sol
2772 3531 2837 3585 ".
2879 3548 2897 3582 ι
2941 3528 3263 3586 Secundum
3285 3532 3608 3601 qualitatem

2015 3641 2169 3697 ergo,
2203 3640 2316 3679 non
2347 3622 2651 3677 secundum
2678 3621 3067 3692 quantitatem,
3098 3621 3404 3677 conformis
3436 3632 3609 3677 erunt

2016 3696 2234 3790 corpori
2280 3716 2570 3773 Dominico
2637 3729 2872 3784 corpora
2911 3722 3250 3768 sanctorum.
3314 3715 3455 3771 Ecce
3506 3696 3641 3770 tibi.

2015 3820 2205 3882 aperte
2226 3807 2572 3865 ostendimus
2599 3805 2747 3877 quod
2771 3821 2801 3859 a
2831 3804 2994 3859 nobis
3031 3806 3344 3874 postulasti.
3373 3805 3531 3873 Quod
3560 3806 3611 3862 si

2015 3905 2118 3960 tibi
2150 3903 2393 3968 videtur,
2421 3900 2583 3955 aliter
2606 3897 2775 3954 etiam
2811 3897 3248 3953 consideremus.

2085 4075 2297 4133 ERAN.
2325 4073 2559 4131 Omnem
2586 4070 2848 4127 convenit
2892 4069 3130 4141 lapidem
3165 4085 3409 4136 movere,
3458 4071 3609 4141 quod

2014 4177 2102 4225 est
2140 4169 2197 4222 in
2228 4165 2549 4237 proverbio,
2608 4172 2668 4218 ut
2716 4160 2924 4216 veritas
2974 4161 3332 4215 inveniatur:
3370 4160 3615 4215 maxime

2013 4275 2146 4317 vero
2179 4274 2305 4313 cum
2329 4257 2397 4311 de
2416 4254 2621 4309 divinis
2652 4250 3003 4322 dogmatibus
3022 4259 3107 4305 est
3139 4251 3370 4321 quaestio

2080 4349 2292 4407 ORTH.
2327 4348 2426 4403 Dic
2445 4361 2598 4416 ergo,
2622 4343 2853 4414 mystica
2878 4341 3146 4414 symbola,
3181 4357 3303 4412 quae
3331 4341 3444 4396 Deo
3466 4357 3496 4395 a
3521 4358 3615 4396 sa-

308 4462 643 4536 ἱερωμένων
674 4458 755 4530 τῷ
792 4457 913 4528 6εῷ
938 4457 1392 4533 προσφερόμενα,
1430 4434 1594 4511 τίνων
1623 4434 1740 4509 ὲστλ⁵
1774 4456 1914 4529 σύμ-

2022 4442 2341 4500 cerdotibus
2362 4438 2693 4502 offeruntur,
2710 4450 2947 4506 quarum
2971 4446 3157 4490 rerum
3181 4443 3310 4490 sunt
3327 4434 3611 4508 symbola?

297 4558 472 4621 ϐολάς

372 4647 595 4703 ΕΡᾹΝ.
627 4646 739 4699 Τοῦ
778 4644 1116 4699 Δεσποτικοῦ
1150 4643 1406 4716 σώματός
1448 4660 1508 4697 τε
1537 4646 1630 4698 καὶ
1657 4643 1908 4714 αἵματος.

371 4741 536 4796 οΡΘ.
568 4740 615 4793 Τ
618 4740 682 4792 οὗ
722 4738 895 4800 ὅντως
926 4737 1182 4810 σώματος
1210 4736 1244 4808 ἢ
1271 4737 1371 4791 οὐκ
1398 4736 1599 4800 δντως;

374 4833 595 4889 EPAN.
628 4831 737 4885 Τοῦ
769 4832 961 4896 ὅντως.

371 4927 535 4981 ΟΡΘ.
578 4926 835 4996 ’Δριστα-
870 4925 979 4996 χρὴ
1007 4923 1118 4996 γάρ
1152 4919 1292 4978 εἶναι
1331 4922 1393 4975 τὸ
1430 4923 1528 4993 τῆς
1562 4922 1769 4986 εἰκόνος
1805 4923 1911 4994 ἀρ-

295 5019 432 5089 χέτυ
447 5034 569 5070 πον.
603 5017 718 5069 Καὶ
745 5016 853 5086 γὰρ
870 5017 918 5068 οἱ
947 5012 1231 5086 ζωγράφοι
1255 5014 1354 5086 τὴν
1394 5012 1556 5083 φύσιν
1589 5012 1906 5083 μιμοῦνται,

298 5115 398 5165 καὶ
424 5110 540 5163 τῶν
568 5110 870 5178 ὁρωμένων
902 5110 1180 5181 γράφουσι
1211 5107 1310 5171 τὰς
1344 5108 1577 5171 εἰκόνας.

373 5198 565 5254 ΕΡΛΝ
575 5240 587 5251 .
636 5197 883 5269 Ἀληθές.

370 5290 533 5346 ΟΡΘ.
580 5290 642 5343 ΕΞ
667 5290 847 5343 τοίνυν
874 5289 972 5343 τοῦ
1002 5288 1173 5353 ὅντως
1207 5287 1462 5359 σώματος
1494 5287 1761 5346 ἀντίτυπά
1791 5290 1907 5343 ιστι

302 5382 372 5436 τά
403 5381 530 5436 θεῖα
564 5382 867 5453 μυστήρια,
911 5380 1072 5451 σῶμα
1100 5381 1208 5451 ἄρα
1247 5380 1363 5433 ἐστὶ
1407 5379 1501 5432 καὶ
1533 5380 1629 5433 νῦν
1672 5376 1768 5431 τοῦ
1814 5379 1910 5430 Δε-

2094 4636 2304 4694 ERAN.
2331 4633 2593 4706 Corporis
2625 4639 2681 4688 et
2709 4630 2993 4703 sanguinis
3012 4629 3289 4689 Dominici

2082 4728 2295 4787 ORTH.
2331 4727 2456 4783 Veri
2479 4724 2751 4795 corporis,
2781 4738 2851 4778 an
2872 4737 2985 4777 non
3022 4721 3184 4777 veri?

2091 4821 2301 4879 ERAN.
2325 4820 2479 4876 Veri.

2089 4912 2299 4970 ORTH.
2335 4909 2575 4981 Optime.
2617 4907 2849 4978 Oportet
2889 4906 3041 4962 enim
3087 4905 3361 4977 imaginis
3389 4919 3610 4965 exstare

2020 5009 2401 5079 archetypum.
2430 5004 2566 5060 Nam
2588 5012 2643 5059 et
2665 5002 2910 5073 pictores
2932 5008 3185 5057 naturam
3218 4999 3524 5070 imitantur,
3549 5014 3609 5060 et
3665 5026 3673 5034 ’

2018 5113 2211 5157 eorum
2248 5112 2371 5167 quae
2400 5094 2821 5165 conspiciuntur
2849 5091 3085 5163 pingunt
3110 5090 3397 5163 imagines.

2087 5188 2297 5247 ERAN.
2338 5187 2543 5242 Verum
2569 5194 2673 5241 est.

2089 5279 2300 5338 ORTH.
2349 5278 2406 5335 Si
2436 5279 2604 5351 igitur
2627 5292 2821 5332 verum
2851 5290 3056 5346 corpus
3094 5283 3490 5348 repraesentant
3518 5273 3604 5328 di-

2018 5374 2148 5430 vina
2188 5370 2472 5442 mysteria,
2511 5384 2715 5441 corpus
2743 5381 2877 5438 ergo
2923 5366 3148 5421 Domini
3187 5380 3337 5423 nunc
3383 5378 3605 5435 quoque
3670 5406 3675 5415 .

366 5562 416 5599 ⁸⁸
442 5564 685 5636 Philipp.
713 5580 794 5629 ιιι,
826 5562 920 5628 20,
951 5562 1044 5616 21.
1118 5563 1163 5597 ⁵³
1190 5562 1350 5617 Rom.
1395 5577 1510 5627 vm,
1556 5560 1640 5615 17.
1686 5559 1730 5590 ⁸⁸
1766 5558 1917 5614 Mattl

2026 5600 2039 5623 ,
2066 5558 2151 5612 M.
2190 5555 2235 5586 ⁶¹
2257 5553 2488 5613 Malach.
2523 5570 2595 5618 ιν,
2626 5552 2681 5606 2.
2756 5552 2801 5585 ⁶¹
2830 5551 3023 5608 Matth.
3066 5565 3181 5614 xm,
3212 5546 3303 5602 45.

377 5734 489 5806 (55)
544 5737 675 5807 Ἰησ.
714 5734 885 5789 Dccst
909 5728 1169 5801 Χριστόν.

2090 5717 2203 5789 (56)
2232 5719 2298 5775 T.
2337 5719 2479 5789 σῶμ.
2514 5718 2660 5775 Loco
2689 5717 2781 5773 cit.
2823 5724 2906 5771 est
2932 5713 3012 5785 τῷ
3042 5711 3275 5783 σώματι,
