4090 6438
503 283 601 347 167
1493 281 1980 343 THEODORETI
2020 282 2356 344 EPISCOPI
2395 284 2759 346 CYRENSIS
3659 282 3756 347 168

498 413 702 468 corpus
728 404 844 463 est,
891 411 1002 452 non
1034 396 1095 462 in
1125 394 1430 451 divinitatis
1476 405 1732 452 naturam
1778 405 2074 460 mutatum,

2212 397 2381 449 πότου
2421 398 2483 450 τὸ
2519 399 2698 468 σῶμα,
2729 396 2829 450 οὐκ
2874 396 2953 458 εἰς
2998 395 3252 466 θεότητος
3297 398 3459 466 φύσιν
3487 399 3758 471 μεταϐληο

500 491 596 544 sed
623 488 809 542 divina
843 488 1016 558 gloria
1051 488 1344 556 repletum.

2212 488 2306 554 isv,
2340 489 2475 540 ἀλλά
2501 489 2648 551 θείας
2671 489 2828 558 δόξης
2863 487 3230 556 ἀναπλησθέν.
3387 487 3394 494 ’

575 579 782 634 ERAN.
829 579 1146 648 Opportune
1197 577 1261 632 de
1294 577 1498 632 divinis
1542 577 1822 648 mysteriis
1857 577 2091 630 intulisti

2265 579 2466 634 EPAN.
2497 582 2590 643 Εἰς
2624 579 2813 650 καιρὸν
2839 577 2930 632 τὸν
2959 580 3084 649 περὶ
3117 578 3224 631 τῶν
3263 579 3420 633 θείων
3456 581 3762 651 μυστηρίων

502 685 837 725 sermonem.
865 669 1000 722 Nam
1033 669 1160 722 inde
1191 668 1292 722 tibi
1321 668 1608 722 ostendam
1644 684 1848 738 corpus
1874 659 2090 722 Domini

2212 671 2451 741 ικίνησας
2475 671 2652 739 λόγον·
2689 670 2938 723 ἐντεῦθέν
2981 687 3062 722 σοι
3088 669 3196 742 γὰρ
3229 669 3387 734 δείξω
3423 670 3518 723 τοῦ
3563 672 3764 724 Δεσπο-

505 761 560 813 in
583 762 746 814 aliam
774 758 974 813 mutari
1001 767 1276 812 naturam.
1313 757 1605 828 Responde
1632 758 1800 828 igitur
1834 757 1902 811 ad
1942 773 2092 811 meas

2212 765 2345 818 τικοῦ
2403 764 2654 834 σώματος
2703 764 2803 835 τὴν
2855 765 2935 826 είς
2981 763 3175 834 ἑτέραν
3228 763 3388 832 φύσιν
3441 763 3768 834 μεταϐολήν.

507 851 991 921 interrogationes.
1711 848 1716 852 ’

571 941 783 995 ORTH.
817 939 1209 1010 Respondebo.

571 1033 778 1086 ERAN.
813 1031 918 1098 Qui
963 1033 1204 1102 appellas
1254 1033 1462 1087 donum
1512 1033 1660 1101 quod
1694 1030 1928 1086 oﬁ‘ertur
1964 1038 2093 1085 ante

507 1123 815 1178 sacerdotis
845 1122 1298 1177 invocationem?

574 1214 785 1268 ORTH.
838 1213 1040 1283 Aperte
1097 1213 1392 1268 dicendum
1422 1217 1437 1234 ‘
1486 1228 1598 1267 non
1630 1221 1732 1276 est,
1784 1211 2092 1267 verisimile

506 1315 593 1361 est
622 1305 770 1359 enim
804 1304 998 1358 adesse
1031 1305 1251 1374 aliquos
1292 1303 1573 1374 mysteriis
1605 1320 1714 1357 non
1754 1303 2020 1358 initiatos.

582 1395 742 1464 126
766 1394 970 1447 ERAN.
1013 1394 1431 1463 Respondeatur
1461 1394 1824 1464 :enigmatice.

581 1488 790 1542 ORTR.
819 1487 1014 1542 Cibum
1037 1503 1104 1540 ex
1135 1486 1337 1540 talibus
1361 1485 1684 1540 seminibus.

582 1579 791 1634 ERAN.
815 1578 1064 1633 Alterum
1095 1593 1224 1631 vero
1265 1577 1574 1647 symbolum
1620 1575 1897 1646 quomodo
1930 1591 2094 1631 voca-

514 1671 678 1725 mus?

2206 855 2525 924 Ἀπόκριναι
2559 854 2736 907 τοίνυν
2762 853 2897 923 πρὸς
2922 853 3020 915 τὰς
3060 851 3198 922 ἐμὰς
3231 852 3548 922 ἐρωτήσεις.

2265 945 2416 1003 ΟΡΘ.
2474 945 2794 1017 ’Δποκρινοῦ
2802 963 2922 1017 μαι.

2261 1035 2464 1088 ΕΡΑΝ.
2501 1034 2567 1088 Τί
2607 1036 2794 1098 καλεῖς
2844 1035 2906 1087 τὸ
2961 1033 3408 1104 προσφερόμενον
3452 1031 3623 1103 δῶρον
3662 1031 3771 1103 πρὸ

2193 1125 2291 1196 τῆς
2335 1124 2613 1195 ἱερατικῆς
2646 1124 3022 1194 ἐπικλήσεως;

2265 1216 2416 1268 ΟΡΘ.
2443 1217 2517 1269 υύ
2540 1215 2647 1288 χρὴ
2675 1217 2858 1286 σαφῶς
2880 1218 3075 1270 εἰπεῖν’
3105 1217 3252 1279 εἰκὸς
3273 1215 3382 1286 γάρ
3415 1231 3567 1277 τινας
3584 1214 3774 1284 ἀμυή-

2194 1324 2317 1369 τους
2343 1310 2616 1379 παρεῖναι.

2265 1398 2468 1451 EPAN.
2507 1397 2932 1466 Αίνιγματωδῶς
2975 1399 3008 1467 ἡ
3039 1397 3332 1469 ἀπόκρισις
3358 1396 3519 1450 ἔστω.

2267 1489 2419 1543 ΟΡΘ.
2449 1490 2559 1560 Τὴν
2591 1493 2654 1543 ἐκ
2688 1490 2909 1544 τοιῶνδε
2947 1489 3279 1560 σπερμάτων
3312 1490 3538 1560 τροφήν.

2267 1582 2470 1634 EPAN.
2518 1582 2591 1634 Τὸ
2621 1581 2677 1634 δέ
2717 1582 2903 1652 ἕτερον
2943 1581 3212 1653 σύμϐολον
3241 1581 3360 1645 πῶς
3389 1579 3731 1651 ὀνομάζομεν
3758 1592 3780 1644 ;

583 1761 791 1816 ORTH.
821 1760 1123 1816 Commune
1155 1767 1210 1814 et
1251 1758 1355 1812 hoc
1379 1771 1581 1810 nomen
1617 1767 1734 1821 est,
1766 1758 1950 1827 poculi
1973 1774 2096 1828 spe-

2275 1760 2425 1814 ΟΡΘ.
2460 1760 2652 1815 Κοινὸν
2680 1761 2957 1816 καὶτοῦτο
2998 1761 3190 1832 ὄνομα,
3221 1761 3464 1832 πόματος
3501 1755 3638 1823 εἶδος
3679 1775 3783 1828 ση-

513 1855 651 1908 ciem
674 1852 1009 1922 signiﬁcans.

586 1943 792 1998 ERAN.
827 1944 957 1998 Post
978 1939 1468 1997 sanctiﬁcationem
1499 1955 1652 2004 vero,
1685 1940 1961 2011 quomodo
1985 1941 2100 1995 haec

514 2036 799 2106 appeHas?

581 2125 792 2180 ORTH.
835 2125 1048 2194 Corpus
1085 2123 1295 2193 Christi
1324 2133 1381 2180 et
1409 2124 1732 2195 sanguinem
1764 2123 1987 2180 Christi.

585 2217 794 2272 ERAN.
835 2217 903 2271 Et
933 2217 1136 2283 credis,
1170 2226 1223 2273 te
1254 2233 1455 2288 corpus
1473 2217 1677 2272 Christi
1700 2227 1755 2271 et
1778 2218 2098 2289 sanguinem

517 2310 815 2379 percipere
838 2309 862 2362 ?

591 2401 804 2457 ORTH.
835 2401 916 2455 Ita
938 2400 1125 2455 credo.

593 2491 802 2546 ERAN.
853 2490 1008 2545 Sicut
1049 2505 1178 2561 ergo
1204 2491 1447 2561 symbola
1476 2491 1744 2547 Dominici
1773 2492 2020 2562 corporis
2047 2499 2103 2545 et

521 2585 823 2654 sanguinis,
867 2583 971 2637 alia
1007 2592 1136 2637 sunt
1161 2591 1288 2637 ante
1336 2584 1638 2639 sacerdotis
1676 2585 2099 2648 invocationem,

521 2684 644 2745 post
679 2675 1081 2728 invocationem
1105 2690 1238 2729 vero
1265 2682 1569 2740 mutantur,
1595 2685 1651 2731 et
1679 2678 1784 2732 alia
1817 2677 1957 2731 ﬁunt
1983 2695 1994 2728 :
2028 2677 2100 2729 ita

521 2766 864 2820 Dominicum
903 2780 1104 2836 corpus
1149 2773 1274 2835 post
1319 2767 1699 2822 ascensionem
1749 2768 1804 2822 in
1860 2768 2104 2822 divinam

521 2857 882 2912 substantiam
904 2865 1176 2912 mutatum
1202 2867 1306 2913 est.

587 3031 797 3086 ORTII.
828 3031 1060 3086 Retibus
1094 3048 1215 3102 quae
1249 3031 1366 3102 ipse
1393 3033 1617 3088 texuisti
1656 3041 1849 3104 captus
1875 3051 1953 3090 es.
1999 3036 2106 3091 Ne-

521 3138 630 3194 que
667 3122 816 3177 enim
861 3121 1108 3192 symbola
1167 3122 1395 3194 mystica
1446 3130 1571 3194 post
1611 3123 2103 3180 sanctiﬁcationem

522 3213 790 3269 recedunt
813 3228 844 3267 a
878 3228 976 3267 sua
996 3221 1214 3268 natura.
1252 3214 1472 3268 Manent
1500 3215 1650 3269 enim
1682 3215 1738 3268 in
1762 3215 1944 3284 priore
1975 3217 2106 3271 sub-

522 3305 744 3370 stantia,
782 3313 838 3358 et
885 3303 1078 3375 ﬁgura,
1115 3312 1172 3359 et
1219 3305 1414 3370 forma,
1463 3314 1522 3360 et
1553 3305 1796 3376 conspici
1849 3307 2106 3377 tangique

523 3404 774 3466 possunt,
812 3396 954 3450 sicut
981 3405 1037 3450 et
1060 3395 1215 3465 prius
1242 3412 1256 3449 ε
1285 3396 1668 3467 intelliguntur
1687 3404 1871 3450 autem
1895 3413 1959 3452 ea
1985 3415 2106 3453 esse

522 3501 648 3555 qua:
679 3487 821 3540 facta
853 3494 1000 3549 sunt,
1041 3494 1098 3539 et
1123 3485 1451 3550 creduntur,
1479 3495 1534 3540 et
1560 3485 1880 3552 adorantur,
1910 3497 2109 3558 utquze

524 3579 616 3632 illa
654 3578 796 3642 sint,
831 3595 954 3648 quae
981 3578 1304 3632 creduntur.
1353 3576 1556 3631 Confer
1591 3577 1759 3648 igitur
1815 3579 2107 3650 imaginem

525 3687 649 3726 cum
685 3673 1006 3743 archetypo,
1035 3678 1091 3724 et
1139 3669 1353 3724 videbis
1389 3670 1831 3726 similitudinem.
1880 3673 2109 3743 Oportet

525 3763 672 3818 enim
710 3762 938 3832 ﬁguram
967 3761 1204 3816 similem
1231 3771 1351 3815 eSSe
1380 3762 1621 3816 veritati.
1650 3762 1786 3817 Illud
1808 3764 1956 3818 enim
1983 3781 2109 3821 cor-

527 3869 631 3923 pus
668 3855 911 3922 priorem
958 3851 1126 3906 habet
1153 3853 1385 3906 formam
1410 3861 1466 3906 et
1490 3852 1740 3924 ﬁguram,
1767 3865 1823 3910 et
1862 3854 2108 3912 circum-

526 3942 908 4010 scriptionem,
931 3948 986 3994 et
1024 3947 1080 3993 ut
1125 3940 1292 3994 semel
1343 3940 1544 4006 dicam,
1573 3943 1822 4012 corporis
1855 3945 2112 4000 subSLan-

531 4033 703 4088 tiam:
740 4031 1049 4085 immortale
1097 4039 1283 4085 autem
1326 4040 1451 4102 post
1487 4036 1956 4090 resurrectionem
1981 4077 1996 4099 ,
2055 4046 2111 4091 et

531 4123 774 4177 immune
803 4138 832 4176 a
865 4123 1218 4192 corruptione
1241 4123 1444 4178 factum
1472 4133 1575 4191 est,
1599 4125 1898 4197 sedemque
1921 4144 1952 4182 a
1979 4128 2113 4183 dex-

533 4212 666 4267 teris
697 4212 978 4282 adeptum,
1011 4223 1069 4269 et
1100 4214 1169 4268 ab
1198 4217 1348 4269 omni
1374 4225 1630 4272 creatura
1662 4218 1949 4287 adoratur,
1982 4221 2112 4292 quia

536 4303 694 4373 127
729 4318 932 4374 corpus
962 4303 1181 4359 Domini
1203 4318 1414 4361 natura:
1445 4308 1772 4377 appellatur.

600 4516 808 4572 ERAN.
840 4517 1005 4588 Atqui
1027 4519 1336 4590 symbolum
1359 4519 1651 4591 mysticum
1674 4518 1917 4588 priorem
1938 4529 2117 4576 mutat

535 4607 957 4678 appellationem
990 4626 1004 4663 :
1031 4625 1143 4665 non
1168 4610 1316 4664 enim
1341 4607 1580 4677 amplius
1606 4607 1943 4672 nominatur,
1969 4609 2117 4677 quod

535 4701 689 4771 prius
707 4700 1028 4766 vocabatur,
1053 4701 1149 4756 sed
1166 4717 1353 4771 corpus
1375 4699 1704 4768 appellatur.
1736 4697 1965 4768 Oportet
1984 4715 2117 4770 ergo

535 4792 702 4847 etiam
729 4791 1005 4848 veritatem
1036 4793 1210 4847 Deum
1245 4799 1302 4844 et
1331 4806 1440 4843 non
1465 4805 1653 4860 corpus
1688 4790 1895 4845 vocari.

605 4981 815 5038 ORTH.
867 4983 1126 5052 Ignorare
1160 4980 1296 5033 mihi
1331 4978 1558 5034 videris.
1610 4979 1730 5033 Non
1755 4979 1901 5033 enim
1931 4995 2117 5048 corpus

537 5073 738 5136 solum,
776 5070 873 5125 sed
904 5070 1071 5123 etiam
1099 5069 1253 5139 panis
1279 5069 1400 5122 vita:
1429 5067 1746 5122 nominatur
1761 5068 1826 5121 ⁸³.
1859 5067 1979 5137 Ipse
2009 5069 2118 5122 Do-

541 5164 726 5218 minus
777 5163 881 5215 hac
921 5160 1285 5230 appellatione
1315 5175 1450 5214 usus
1480 5167 1584 5224 est,
1619 5168 1674 5214 et
1723 5175 1923 5229 corpus
1953 5174 2120 5229 porro

2203 1870 2412 1921 μαινον.

2271 1945 2472 1997 EPAN.
2504 1944 2652 1998 Μετὰ
2676 1945 2732 1998 δέ
2754 1962 2817 2015 γε
2843 1946 2933 1999 τὸν
2956 1945 3249 2015 ἀγιασμὸν,
3273 1943 3390 2008 πῶς
3413 1942 3584 1997 ταῦτα
3609 1956 3786 2012 προσ-

2200 2035 2482 2108 αγορεύεις
2503 2054 2517 2101 ;

2273 2127 2424 2180 ΟΡΘ.
2469 2125 2636 2196 Σῶμα
2661 2125 2922 2197 Χριστοῦ,
2955 2126 3050 2179 καὶ
3071 2120 3209 2196 αἷμα
3242 2123 3501 2194 Χριστοῦ.

2272 2217 2476 2272 EPAN.
2508 2219 2618 2272 Kal.
2647 2218 2926 2282 πιστεύεις
2959 2235 3022 2287 γε
3054 2217 3303 2289 σώματος
3338 2214 3574 2286 Χριστοῦ
3607 2229 3787 2285 μετα-

2201 2308 2501 2377 λαμϐάνειν
2526 2309 2620 2361 καὶ
2643 2309 2873 2379 αἵματος
2899 2325 2913 2374 ;

2233 2461 2239 2468 ε
2275 2400 2428 2454 ΟΡΘ.
2469 2399 2626 2453 Οῦτω
2658 2399 2917 2452 πιστεύω.

2273 2494 2475 2547 ΕΡΑΝ.
2523 2493 2734 2564 Ὥσπερ
2758 2491 2936 2544 τοίνυν
2965 2489 3034 2543 τὰ
3055 2488 3299 2560 σύμϐολα
3319 2488 3412 2541 τοῦ
3447 2485 3789 2541 Δεσποτικοῦ

2207 2585 2458 2655 σώματός
2474 2601 2534 2638 τε
2566 2585 2660 2638 καὶ
2687 2584 2937 2653 αἵματος,
2963 2583 3098 2637 ἄλλα
3121 2583 3218 2652 μέν
3246 2584 3351 2634 εἰσι
3381 2581 3485 2652 πρὸ
3512 2580 3609 2649 τῆς
3632 2581 3793 2650 ἱερα-

2203 2677 2361 2747 τικῆς
2391 2677 2751 2746 ἐπικλήσεως,
2789 2675 2926 2745 μετά
2953 2674 3010 2727 δέ
3044 2691 3108 2743 γε
3140 2674 3238 2744 τὴν
3290 2673 3580 2742 ἐπίκλησιν
3620 2688 3792 2741 μετα.-

2207 2764 2482 2830 ϐἁλλεται,
2535 2764 2631 2818 καὶ
2675 2765 2841 2836 ἕτερα
2879 2764 3104 2832 γίνεται·
3164 2763 3308 2817 οὕτω
3353 2763 3414 2815 τὸ
3454 2761 3794 2815 Δεσποτικδν

2209 2859 2370 2927 σῶμα
2402 2857 2540 2928 μετά
2566 2859 2667 2930 τὴν
2693 2857 2959 2928 ἀνάληψιν
2976 2858 3090 2920 ἐἰς
3117 2857 3217 2929 τὴν
3247 2855 3438 2910 οὐσίαν
3470 2854 3788 2926 μετεϐλήθη

2206 2946 2304 3018 τὴν
2333 2946 2502 3001 θείαν.

2282 3040 2432 3094 ΟΡΘ.
2478 3040 2681 3104 Ἐἀλως
2710 3037 2798 3104 αἷς
2828 3039 3030 3113 ’ύφῃνες
3063 3038 3173 3110 (5'7)
3207 3038 3457 3110 ἄρκυσιν.
3500 3038 3633 3092 Οὐδὲ
3672 3038 3792 3110 γὰρ

2208 3130 2347 3201 μετὰ
2384 3131 2477 3183 τὸν
2507 3130 2778 3202 ἀγιασμδν
2800 3131 2869 3184 τὰ
2901 3129 3140 3201 μυστικά
3178 3129 3423 3200 σύμϐολα
3445 3129 3545 3200 τῆς
3573 3130 3789 3193 οἰκείας

2206 3222 2480 3287 ἐξίσταται
2518 3222 2754 3292 φύσεωςο
2797 3221 2947 3292 μένει
2985 3221 3095 3292 γὰρ
3129 3222 3221 3275 ἐπὶ
3249 3223 3346 3292 τῆς
3384 3223 3654 3293 προτέρας
3690 3224 3793 3275 ού-

2210 3315 2348 3380 σίας,
2385 3315 2480 3369 καὶ
2509 3314 2603 3368 τοῦ
2657 3315 2956 3386 σχήματος,
2987 3315 3083 3366 καὶ
3111 3313 3202 3366 τοῦ
3244 3314 3440 3381 εἴδους,
3473 3315 3568 3368 καὶ
3612 3315 3796 3384 ὀρατά

2209 3407 2348 3469 ἐστι,
2390 3407 2484 3461 καὶ
2535 3406 2706 3472 ama,
2761 3401 2852 3460 οἷα
2898 3407 3293 3480 καὶπρότερον
3343 3403 3430 3480 ἦν·
3481 3409 3682 3460 νοεῖται
3732 3407 3796 3461 δὲ

2210 3498 2354 3568 ἆπερ
2376 3498 2616 3567 ἐγένετο,
2643 3499 2739 3553 καὶ⁷
2784 3499 3118 3566 πιστεύεται,
3153 3501 3247 3552 καὶ
3276 3503 3681 3570 προσκυνεῖται,
3714 3499 3796 3562 ὡς

2209 3589 2393 3641 ἐκεῖνα
2444 3588 2572 3641 ὄντα
2619 3587 2760 3662 ἅπερ
2806 3589 3141 3642 πιστεύεται.
3193 3589 3446 3659 Παρὰθες
3487 3589 3665 3642 τοίνυν
3711 3589 3797 3659 τῷ

2210 3677 2504 3749 ἀρχετύπῳ
2538 3679 2637 3749 τὴν
2671 3679 2877 3742 εἰκόνα,
2913 3682 3007 3733 καὶ
3039 3679 3158 3750 ὕψει
3190 3681 3290 3752 τὴν
3319 3680 3633 3750 ὁμοιότητα.
3663 3680 3794 3751 Χρὴ

2211 3770 2321 3842 γὰρ
2350 3770 2588 3824 ἐοικέναι
2625 3774 2691 3843 τῇ
2732 3772 2960 3844 ἀληθείᾳ
2986 3773 3076 3827 τὸν
3097 3771 3286 3828 τύπον.
3322 3774 3432 3826 Καὶ
3469 3772 3578 3844 γὰρ
3611 3774 3799 3826 ἐκεῖνο

2210 3863 2271 3916 τὸ
2300 3864 2458 3933 σῶμα
2484 3864 2545 3916 τὸ
2575 3865 2673 3934 μὲν
2695 3865 2960 3936 πρότερον
2980 3861 3116 3929 εἶδος
3152 3865 3287 3935 ἔχει,
3335 3866 3430 3919 καὶ
3461 3867 3666 3935 σχῆμα,
3694 3865 3797 3917 καὶ

2220 3958 2584 4027 περιγραφὴν,
2625 3958 2718 4010 καὶ
2747 3957 3076 4024 ἁπαξαπλῶς
3113 3962 3308 4026 εἰπεῖν,
3337 3960 3436 4030 τὴν
3469 3961 3562 4013 τοῦ
3601 3959 3796 4029 σώμα-

2213 4067 2304 4112 τος
2331 4050 2538 4103 οὐσίαν·
2571 4049 2836 4104 ἀθάνατον
2869 4052 2926 4105 δὲ
2963 4053 3102 4122 μετὰ
3131 4051 3227 4122 τὴν
3256 4053 3554 4106 ἀνάστασιν
3575 4051 3795 4118 γέγονε,

2214 4141 2310 4194 καὶ
2336 4143 2580 4211 κρεῖττον
2654 4139 2882 4211 φθορᾶς,
2945 4141 3040 4195 καὶ
3087 4142 3187 4212 τῆς
3241 4143 3304 4194 ἐκ
3350 4141 3538 4205 δεξιῶν
3581 4141 3798 4211 ἠξιώθη

2215 4231 2506 4302 καθέδρας,
2546 4233 2642 4285 καὶ
2673 4232 2824 4304 παρὰ
2873 4233 3054 4303 πάσης
3095 4236 3479 4304 προσκυνεῖται
3528 4233 3626 4302 τῆς
3668 4233 3794 4286 κτί-

2218 4339 2374 4386 σεως,
2412 4322 2505 4374 ἆτε
2543 4322 2608 4392 δὴ
2637 4320 2796 4392 σῶμα
2843 4321 3184 4393 χρηματίζον
3232 4323 3324 4375 τοῦ
3379 4324 3651 4376 Δεσπότου
3689 4323 3795 4392 τῆς

2145 4425 2190 4479 ι)
2215 4414 2446 4484 φύσεως.

2285 4507 2493 4562 ΕΡΑΝ.
2533 4506 2644 4560 Καὶ
2675 4507 2782 4578 μὴν
2817 4506 2879 4560 τὸ
2917 4508 3178 4578 μυστικὸν
3221 4508 3490 4578 σύμϐολον
3527 4509 3625 4580 τὴν
3656 4525 3800 4579 προ-

2215 4598 2380 4668 τέραν
2418 4597 2637 4667 ἀμείϐει
2681 4599 3074 4670 προσηγορίαν·
3106 4599 3290 4653 οὐκέτι
3323 4599 3431 4670 γὰρ
3459 4599 3799 4670 ὀνομάζεται

2215 4690 2353 4760 ὅπερ
2374 4689 2638 4760 πρότερον
2656 4691 2924 4755 ἐκαλεῖτο,
2952 4691 3085 4746 ἀλλὰ
3108 4690 3278 4761 σῶμα
3297 4691 3796 4763 προσαγορεύεται.

2218 4782 2340 4853 Χρὴ
2369 4783 2550 4836 τοίνυν
2577 4785 2669 4837 καὶ
2695 4785 2794 4856 τὴν
2815 4783 3108 4851 ἀλήθειαν
3133 4784 3284 4850 Θεὸν,
3318 4783 3455 4837 ἀλλά
3499 4785 3574 4854 μὴ
3619 4780 3802 4852 σῶμα

2219 4873 2521 4929 καλεῖσθαι.

2287 4966 2439 5020 ΟΡΘ.
2493 4967 2734 5036 Ἀγνοεῖν
2777 4985 2869 5037 μοι
2903 4965 3098 5029 δοκεῖς.
3141 4965 3216 5018 Ού
3262 4966 3369 5038 γὰρ
3399 4964 3571 5036 σῶμα
3611 4965 3798 5034 μόνον,

2216 5057 2352 5111 ἀλλὰ
2385 5056 2476 5111 καὶ
2513 5057 2690 5125 ἄρτος
2729 5055 2876 5126 ζωῆς
2913 5055 3262 5126 ὀνομάζεται.
3316 5055 3504 5118 Οὕτως
3552 5055 3715 5118 αὐτὸς
3769 5058 3803 5108 ὁ

2219 5149 2420 5220 Κύριος
2447 5149 2858 5220 προσηγόρευσε
2886 5188 2900 5212 ,
2943 5149 3036 5201 καὶ
3071 5148 3202 5201 αὐτὸ
3248 5147 3304 5201 δέ
3337 5147 3397 5200 τὸ
3437 5146 3616 5216 σῶμα,
3653 5146 3801 5198 θεῖον

540 5254 721 5322 ipsum
749 5251 998 5305 divinum
1021 5265 1222 5319 corpus
1251 5250 1611 5320 appellamus,
1646 5258 1703 5304 et
1730 5250 2028 5316 viviﬁcum,
2062 5258 2109 5304 et

2218 5239 2556 5310 ὀνομάζομεν
2583 5239 2760 5310 σῶμα,
2787 5241 2879 5292 καὶ
2905 5237 3190 5303 ζωοποιὸν,
3215 5240 3308 5292 καὶ
3330 5238 3678 5299 Δεσποτικὸν,
3700 5239 3802 5291 καὶ

541 5342 908 5408 Dominicum,
946 5341 1207 5396 docentes
1231 5358 1340 5395 non
1362 5357 1650 5398 commune
1672 5342 1912 5396 hominis
1930 5342 2119 5412 cujus-

541 5433 688 5503 piam
743 5449 886 5500 esse,
943 5433 1080 5488 ‘sed
1127 5431 1344 5486 Domini
1385 5432 1557 5488 nostri
1604 5433 1732 5489 Jesu
1758 5429 1980 5498 Christi,
2016 5433 2108 5500 qui

617 5594 832 5649 "Joan.
861 5609 935 5660 v1,
958 5592 1046 5649 51.

619 5709 729 5778 (57)
755 5708 900 5763 Edit.
937 5707 1094 5762 Rom.
1125 5713 1180 5762 et
1207 5705 1352 5777 Lips.
1396 5705 1622 5778 ῦφῃνας.

2222 5335 2522 5404 Κυριακὸν,
2554 5333 2897 5394 διδάσκοντες
2929 5331 3004 5396 ὼς
3032 5333 3094 5384 οὐ
3143 5333 3318 5384 κοινόν
3349 5331 3493 5393 τινός
3523 5332 3669 5382 ἐστιν
3701 5330 3798 5382 ἁν-

2221 5425 2464 5498 θρὼπου,
2494 5425 2629 5480 ἀλλὰ
2663 5425 2755 5479 τοῦ
2791 5425 2997 5496 Κυρίου
3026 5424 3180 5495 ήμῶν
3223 5423 3396 5492 Ἰησοῦ
3437 5422 3672 5496 Χριστοῦ
3694 5462 3708 5485 ,
3735 5419 3797 5484 ὃς
