4090 6436
539 349 634 417 ΠΙ

1525 349 2012 409 ΤΙΙΕΟΒίῘὶΠΕΤῘ
2052 349 2389 410 EPISCOPI
2433 349 2795 422 CYRENSIS

2749 149 2778 166 κ

3631 354 3806 422 ’172

536 466 751 520 fructus
763 459 1064 532 gignendos
1085 460 1320 530 amplius
1335 461 1448 529 apti
1469 476 1577 513 non
1597 471 1821 514 sunt.—
1839 461 2094 529 Ejusdem

2225 463 2288 514 ἐκ
2326 461 2492 530 μέσου
2524 461 2758 528 ἐγένετο,
2793 460 2860 513 τὰ
2894 462 3023 513 ποτὲ
3055 462 3153 531 μὲν
3178 463 3681 535 καρποφορὴσαντα
3707 487 3807 522 κα-

537 571 602 608 ea:
628 554 806 606 eodem
833 552 1044 604 libro".
1071 551 1288 604 Judicat
1305 551 1473 604 etiam
1495 551 1802 604 Ebionitas.
1833 550 2122 614 Quomodo

535 655 766 718 possunt
790 646 1010 709 salvari,
1037 645 1081 699 si
1111 646 1256 698 Deus
1285 661 1390 698 non
1416 646 1520 697 fuit
1541 645 1632 713 qui
1659 661 1852 697 eorum
1883 645 2120 698 salutem

534 741 590 794 in
617 749 762 793 terra
777 746 1036 806 operatus
1050 737 1172 790 est?
1203 737 1286 789 vel
1312 737 1589 805 quomodo
1617 736 1670 788 in
1688 736 1859 788 Deum
1887 736 2121 805 migrare

533 831 699 885 homo
743 837 952 899 potest,
997 828 1043 883 si
1087 829 1227 882 Deus
1269 827 1322 882 in
1367 828 1644 880 hominem
1695 828 2119 895 haudquaquam

532 922 896 992 immigravit?
914 951 984 960 —
1000 921 1271 990 Ejusdem,
1290 936 1353 972 ex
1370 920 1547 972 eodem
1561 919 1690 972 libro
1707 920 1774 970 ⁷³.
1796 919 1899 984 Qui
1919 934 1986 972 cx
1999 919 2120 973 Vir-

529 1018 654 1085 gine
671 1025 858 1068 natum
878 1014 1291 1068 Emmanuelem
1309 1013 1677 1082 pnedicabant
1695 1053 1708 1074 ,
1742 1013 1997 1064 unionem
2023 1011 2115 1064 Dei

529 1107 694 1163 Verbi
725 1123 849 1161 cum
869 1114 1119 1160 creatura
1146 1121 1242 1158 sua
1262 1104 1646 1158 ostendebant.
1667 1134 1736 1140 -—
1757 1103 2030 1171 Ejusdem,
2054 1118 2117 1153 ex

528 1200 703 1252 eodem
723 1198 958 1268 apere".
983 1197 1101 1250 Non
1125 1197 1270 1249 enim
1295 1196 1411 1249 haec
1429 1195 1690 1263 opinione
1710 1194 1994 1256 duntaxat,
2019 1191 2112 1244 sed
2154 1197 2157 1200 ’

527 1306 715 1345 revera
734 1289 1144 1357 contingebant.
1163 1287 1570 1356 Alioqui,130
1584 1287 1628 1339 si
1648 1285 1886 1340 hominis
1902 1293 2112 1338 tantum

526 1382 767 1453 speciem
794 1382 1093 1451 praebebat,
1119 1397 1242 1435 cum
1266 1381 1432 1433 homo
1456 1395 1563 1432 non
1588 1388 1754 1440 esset,
1781 1391 1912 1430 sane
1930 1391 2112 1445 neque

526 1475 582 1529 id
615 1473 763 1544 quod
788 1488 917 1527 vere
941 1482 1080 1536 erat,
1117 1473 1219 1525 hoc
1241 1482 1325 1525 cst
1355 1469 1452 1524 Dei
1485 1469 1754 1538 Spiritus,
1793 1467 2113 1521 remanebat

526 1568 747 1637 (neque
777 1565 924 1620 enim
971 1565 1200 1634 spiritus
1233 1563 1410 1617 oculis
1441 1563 1594 1617 cerni
1632 1561 1874 1631 potest),
1927 1574 2110 1628 neque

521 1658 729 1712 veritas
760 1657 867 1710 ulla
899 1657 953 1710 in
999 1671 1066 1709 eo
1106 1665 1244 1716 erat,
1278 1653 1726 1723 quandoquidem
1761 1651 1815 1704 id
1845 1666 1955 1704 non
1985 1659 2109 1704 erat

521 1749 668 1816 quod
687 1747 1036 1801 cernebatur.
1057 1746 1152 1799 Est
1169 1754 1353 1798 autem
1371 1744 1632 1813 superius
1647 1759 1676 1796 a
1693 1741 1854 1796 nobis
1871 1741 2104 1804 dictum,

519 1837 915 1900 Abrahamum,
934 1837 1289 1905 reliquosque
1309 1836 1626 1905 prophetas,
1647 1849 1746 1903 per
1758 1832 2102 1903 prophetiam

519 1945 643 1984 eum
683 1928 1057 1997 conspexisse,
1107 1928 1370 1981 nimirum
1425 1927 1476 1980 id
1519 1925 1667 1995 quod
1712 1917 1961 1978 futurum
1983 1934 2104 1979 erat

519 2035 618 2089 per
657 2020 837 2074 visum
879 2019 1265 2090 praadicentes.
1323 2019 1593 2086 Quocirca
1636 2018 1681 2071 si
1705 2031 1852 2070 nunc
1881 2030 2102 2084 quoque

519 2112 644 2165 talis
673 2112 949 2181 apparuit,
983 2127 1107 2166 cum
1136 2127 1248 2165 non
1275 2120 1423 2165 esset
1448 2110 1597 2179 quod
1621 2107 1941 2178 apparebat,
1969 2123 2100 2176 pro-

516 2204 666 2259 fecto
692 2204 870 2257 visum
892 2202 1168 2272 quoddam
1206 2202 1589 2272 propheticum
1624 2198 1942 2253 hominibus
1964 2212 2099 2250 con-

519 2295 661 2365 tigit,
695 2303 860 2364 atque
890 2296 1031 2349 alius
1061 2295 1236 2364 ipsius
1273 2293 1542 2348 adventus
1568 2289 1970 2360 exspectandus
1993 2296 2098 2351 est,

517 2387 576 2438 in
602 2400 711 2454 quo
745 2385 871 2439 talis
902 2385 1150 2450 exsistet,
1187 2385 1365 2453 qualis
1392 2398 1540 2436 nunc
1586 2381 1909 2451 prophetico
1935 2377 2100 2430 modo

516 2478 783 2532 cernitur.
819 2478 1334 2547 Demonstravimus
1361 2491 1527 2545 porro
1573 2474 1714 2528 nihil
1762 2473 1991 2534 referre,
2029 2485 2100 2524 an

516 2569 778 2638 opinione
797 2568 1069 2638 quispiam
1087 2584 1213 2622 eum
1234 2566 1553 2637 apparuisse
1571 2565 1741 2628 dicat,
1760 2579 1828 2617 an
1845 2578 1910 2615 ex
1929 2561 2100 2614 Maria

514 2657 653 2712 nihil
677 2658 994 2728 sumpsisse.
1032 2659 1221 2728 Neque
1246 2657 1392 2711 enim
1417 2672 1642 2711 carnem
1665 2671 1729 2708 ac
1749 2655 2097 2722 sanguinem,

513 2749 718 2820 quibus
756 2766 859 2805 nos
900 2751 1154 2815 redemit,
1195 2766 1325 2804 vere
1352 2749 1666 2812 habuisset,
1718 2747 1824 2800 nisi
1854 2753 2098 2799 veterem

512 2843 706 2898 Adami
738 2841 1016 2898 ﬁctionem
1051 2843 1106 2897 in
1137 2858 1258 2896 sese
1287 2843 1667 2895 instaurasset.
1705 2836 1943 2892 Proinde
1973 2834 2098 2887 vani

512 2946 570 2991 et
597 2935 752 2988 stulti
774 2942 903 2989 sunt
930 2933 1323 2998 Valentiniani,
1359 2932 1453 3003 qui
1483 2933 1590 2986 hoc
1619 2929 1866 2994 tradunt,
1898 2936 1959 2980 ut
1982 2943 2100 2980 car-

509 3023 602 3077 nis
628 3021 795 3078 vitam
825 3023 1144 3078 exturbent.

751 3233 938 3290 Sancti
961 3233 1234 3306 Hippolyti
1266 3234 1493 3304 episcopi
1525 3240 1573 3284 et
1603 3231 1876 3301 martyris.

582 3413 671 3468 Ea:
697 3412 939 3466 oratione
967 3409 1031 3463 de
1053 3407 1423 3462 distributione
1449 3405 1796 3458 talentorum.
1815 3395 1830 3413 ⁸
1859 3403 1968 3457 [los
1993 3418 2094 3457 au-

503 3516 623 3562 tem
651 3547 666 3568 ,
717 3512 774 3558 et
801 3519 898 3558 eos
929 3501 1025 3572 qui
1057 3502 1222 3555 aliter
1249 3497 1497 3553 sentiunt
1523 3537 1536 3559 ,
1589 3495 1794 3550 dixerit
1821 3495 2094 3565 quispiam

513 3596 722 3651 vicinos
749 3611 871 3650 esse
897 3635 910 3659 ,
969 3601 1031 3646 ut
1074 3591 1170 3661 qui
1205 3596 1393 3644 errent
1430 3588 1706 3642 similiter.
1761 3587 1896 3641 Nam
1929 3596 1984 3641 et
2015 3587 2092 3640 illi

509 3689 698 3752 etiam,
736 3687 821 3742 vel
852 3685 1062 3739 nudum
1092 3680 1372 3735 hominem
1409 3679 1743 3734 conﬁtentur
1775 3679 2096 3749 apparuisse

510 3779 791 3832 Christum
809 3777 865 3830 in
888 3776 1022 3839 vita,
1044 3772 1353 3827 divinitatis
1368 3773 1488 3842 ejus
1509 3772 1777 3825 talentum
1797 3779 2091 3840 negantes:

502 3873 598 3926 -vcl
627 3867 1180 3931 Deumvconﬁtentes,
1212 3866 1493 3920 hominem
1516 3882 1708 3920 rursus
1736 3873 1956 3935 negant,
1993 3865 2093 3919 do-

511 3973 702 4018 centes
729 3977 857 4016 eum
901 3959 1081 4014 fallaci
1110 3959 1295 4029 specie
1329 3959 1693 4028 spectantium
1731 3959 1884 4028 131
1917 3957 2095 4011 oculis

509 4056 772 4118 illusisse,
818 4053 966 4107 velut
1001 4052 1301 4116 hominem,
1327 4067 1452 4105 cum
1475 4051 1754 4105 hominem
1784 4066 1891 4104 non
1918 4062 2096 4120 gesta-

521 4145 710 4207 verit,
785 4142 882 4198 sed
941 4141 1102 4196 inane
1160 4141 1343 4211 potius
1389 4149 1668 4211 spectrum
1729 4141 1929 4203 fuerit,
1983 4140 2094 4194 sic-

514 4242 575 4288 ut
616 4233 883 4297 Marcion,
942 4241 998 4286 et
1058 4231 1379 4286 Valentinus
1426 4239 1483 4286 et
1543 4231 1812 4296 Gnostici,
1853 4231 2092 4285 Verbum

511 4343 541 4380 a
598 4340 760 4379 carne
810 4322 1135 4378 divellentes
1167 4363 1181 4386 ,
1246 4323 1514 4378 talentum
1566 4338 1736 4376 unum
1766 4362 1781 4385 ,
1855 4321 1960 4376 hoc
2007 4329 2094 4377 est

512 4416 964 4477 incarnationem,
1017 4414 1307 4485 abjiciunt.
1351 4443 1423 4454 -—
1467 4413 1746 4482 Ejusdem.
1779 4429 1842 4465 ex.
1870 4413 2092 4483 epistola

2225 553 2358 616 λῶς·
2401 553 2458 620 ἐξ
2488 553 2668 606 αὐτῶν
2695 556 2802 623 γὰρ
2840 554 2902 606 τὸ
2945 553 3086 606 κατὰ
3112 556 3291 625 σάρκα
3324 558 3351 606 ὁ
3380 558 3614 627 Χριστὸς
3639 561 3807 632 ἐκαρ-

2224 643 2532 713 ποφορήθη,
2576 645 2666 696 καὶ
2708 645 2757 694 οἱ
2791 643 3079 696 ἀπόστολοι
3103 660 3116 673 ’
3153 645 3249 698 νῦν
3285 647 3342 698 δὲ
3380 647 3575 717 μηκέτι
3608 649 3807 705 εῦθετα

2221 736 2537 806 ὑπάρχοντα
2565 737 2698 806 πρὸς
2720 737 3119 808 καρποφορίαν.
3143 768 3210 776 —
3240 739 3350 792 Τοῦ
3379 741 3566 794 αὐτοῦ
3588 742 3655 795 ἐκ
3695 744 3806 796 τοῦ

2173 897 2175 899 ι
2220 829 2405 881 αὐτοῦ
2452 830 2660 897 λόγου.
2705 829 3014 898 Ἀνακρίνει
3046 831 3156 900 (ϋϐ)
3201 831 3256 883 δὲ
3291 832 3385 884 καὶ
3429 833 3555 895 τοὺς
3609 835 3808 887 Ἦϐιώο

2221 936 2311 970 νου
2347 919 2484 988 (67)’
2525 920 2641 981 πῶς
2681 902 2935 972 δύνανται
2967 921 3078 988 (68)
3117 921 3377 993 σωθῆναι,
3412 924 3460 975 εί
3497 926 3571 994 μὴ
3605 927 3634 978 ὁ
3670 927 3806 989 Θεὸς

2218 1005 2285 1079 ἦν
2311 1012 2338 1062 ὁ
2377 1010 2478 1078 τὴν
2515 1011 2790 1082 σωτηρίαν
2819 1012 2999 1063 αὐτῶν
3027 1013 3118 1065 ἐπὶ
3165 1015 3270 1084 γῆς
3311 1016 3731 1086 ἐργασάμενος;
3768 1018 3802 1089 ἢ

2219 1102 2334 1163 πῶς
2367 1101 2654 1173 ἄνθρωπος
2689 1105 2928 1173 χωρήσει
2966 1107 3044 1167 εἰς
3074 1105 3228 1166 Θεὸν,
3267 1108 3314 1158 εἰ
3351 1107 3426 1176 μὴ
3447 1108 3474 1158 ὁ
3499 1107 3638 1171 Θεὸς
3667 1111 3807 1178 έχω-

2219 1193 2356 1264 ρήθη
2383 1195 2460 1257 είς
2478 1194 2762 1264 ἄνθρωπον
2785 1212 2799 1259 ;
2831 1225 2894 1234 -
2924 1197 3033 1249 Τοῦ
3051 1197 3260 1262 αὑτοῦ,
3279 1199 3344 1250 ἐκ
3372 1200 3477 1253 τοῦ
3499 1201 3688 1254 αὑτοῦ
3708 1202 3808 1253 .ιό-

2216 1298 2342 1350 γου.
2369 1283 2429 1333 0i
2449 1282 2539 1334 τὸν
2560 1283 2623 1334 ὲκ
2641 1280 2741 1349 τῆς
2765 1282 3400 1355 ΠαρθένουἙμμανουὴλ
3413 1304 3482 1354 κη
3493 1287 3801 1357 ρύττοντες,

2214 1373 2310 1443 τὴν
2342 1373 2537 1425 ἕνωσιν
2584 1371 2680 1426 τοῦ
2720 1374 2896 1438 Λόγου
2939 1374 3032 1427 τοῦ
3089 1375 3227 1428 Θεοῦ
3279 1378 3416 1446 πρὸς
3460 1379 3520 1430 τὺ
3570 1379 3805 1450 πλάσμα

2215 1465 2384 1518 αὑτοῦ
2421 1465 2669 1536 ἐδήλουν.
2704 1495 2773 1506 -—
2802 1465 2917 1520 Τοῦ
2946 1468 3133 1520 αὐτοῦ
3179 1469 3245 1520 ἐκ
3281 1467 3386 1534 τῆς
3422 1469 3613 1537 αὐτῆς
3647 1489 3805 1539 πίω-

2211 1559 2514 1628 γματείας.
2537 1560 2612 1611 Οὐ
2638 1558 2748 1630 γὰρ
2771 1559 2994 1629 δοκήσει
3017 1559 3214 1622 ταῦτα,
3259 1561 3373 1614 ἀλλ’
3411 1563 3468 1615 ὲν
3499 1563 3805 1616 ὑποστάσει

2209 1649 2467 1720 ἀληθείας
2505 1651 2734 1718 ἐγίνετο.
2767 1651 2827 1702 Εἰ
2855 1651 2910 1704 δὲ
2947 1651 3056 1722 (69)
3097 1653 3172 1722 μὴ
3210 1653 3286 1705 ὢν
3325 1652 3610 1722 ἄνθρωπος
3641 1656 3805 1722 ἐφαίο

2210 1759 2333 1795 νετο
2354 1742 2451 1795 ἄνθ
2462 1760 2661 1812 ρωπος,
2685 1741 2746 1795 οὔ
2759 1759 2810 1794 τε
2831 1743 2859 1795 ὃ
2879 1739 2947 1811 ἦν
2969 1745 3054 1795 ἐπ’
3067 1743 3325 1821 ἀληθείας
3347 1743 3547 1814 ἔμεινε,
3573 1747 3806 1816 Πνεῦμα

2139 1814 2178 1868 Β
2207 1834 2367 1887 Θεοῦ·
2409 1835 2532 1886 ἐπεὶ
2576 1834 2806 1904 ἀόρατον
2835 1834 2896 1886 τὸ
2925 1834 3164 1904 πνεῦμαο
3201 1816 3325 1888 οῦτε
3355 1837 3580 1907 ἀλήθειά
3611 1857 3694 1902 τις
3723 1814 3806 1909 γῆν

2206 1927 2261 1979 ὲν
2302 1925 2471 1995 αὐτῷ’
2522 1927 2584 1978 οὐ
2622 1925 2730 1996 γὰρ
2762 1920 2830 1994 ἦν
2879 1929 3061 1979 ἐκεῖνα
3107 1927 3249 1998 ἅπερ
3287 1929 3562 1996 ἐφαίνετο.
3604 1929 3808 2001 Προεί-

2205 2033 2382 2085 πομεν
2408 2017 2463 2068 δὲ
2484 2017 2564 2068 ὄτι
2612 2015 2884 2086 Ἀϐραὰμ,
2913 2018 3009 2068 καὶ
3037 2017 3085 2068 οἱ
3111 2017 3288 2069 λοιποὶ
3321 2020 3620 2088 προφῆται,
3666 2038 3808 2090 προ-

2204 2109 2450 2178 φητικῶς
2476 2108 2637 2160 αὑτὸν
2668 2107 2916 2171 ἕὸλεπον,
2950 2108 3010 2160 τὸ
3041 2108 3233 2178 μέλλον
3265 2109 3485 2163 ἔσεσθαι
3513 2111 3580 2162 δι’
3616 2111 3807 2180 ὅψεως

2204 2197 2663 2268 προφητεύοντες.
2703 2198 2764 2249 Εἰ
2795 2193 2888 2250 οὗν
2929 2197 3023 2250 καὶ
3063 2197 3157 2250 νῦν
3200 2198 3441 2262 τοιοῦτος
3473 2200 3680 2272 ἐφάνη,
3719 2203 3807 2272 μὴ

2202 2287 2277 2342 ὢν
2303 2289 2441 2358 ὅπερ
2464 2287 2734 2356 ἐφαίνετο,
2763 2289 3075 2358 προφητική
3099 2305 3183 2350 τις
3205 2290 3440 2342 ὀπτασία
3467 2291 3654 2358 γέγονε
3681 2295 3807 2353 τοίς

2204 2381 2519 2452 ἀνθρώποις
2539 2421 2553 2442 ,
2586 2381 2679 2434 καὶ
2706 2381 2786 2433 δεῖ
2816 2381 2909 2433 καὶ
2935 2380 3102 2450 ἄλλην
3133 2380 3452 2452 ἐκδέχεσθαι
3488 2385 3806 2454 παρουσίαν

2203 2473 2392 2537 αὑτοῦ,
2431 2476 2487 2526 ὲν
2590 2471 2831 2535 τοιοῦτος
2871 2471 3048 2535 ἔσται,
3081 2467 3191 2536 οἷος
3221 2473 3316 2524 νῦν
3351 2475 3544 2543 ὁρᾶται
3575 2491 3805 2544 προφη-

2201 2567 2394 2628 τικῶς.
2455 2563 2841 2634 Ἀπεδείξαμεν
2881 2564 2973 2627 δὲ,
3023 2565 3104 2616 ὅτι
3149 2565 3209 2616 τὸ
3253 2566 3384 2617 αὑτό
3420 2569 3534 2618 ὲστι
3574 2567 3807 2637 δοκήσει

2202 2657 2383 2726 λέγειν
2414 2658 2748 2728 πεφηνέναι,
2783 2657 2876 2710 καὶ
2905 2657 3056 2708 οὐδὲν
3080 2657 3143 2710 ἐκ
3173 2658 3273 2728 τῆς
3314 2659 3533 2729 Μαρίας
3571 2659 3807 2730 εἰληφέ-

2202 2767 2308 2804 ναι.
2341 2750 2474 2803 Οὐδὲ
2504 2750 2612 2819 γὰρ
2639 2745 2706 2820 ἦν
2735 2749 2956 2820 ἀληθῶς
2991 2749 3171 2819 σάρκα
3217 2751 3311 2803 καὶ
3341 2745 3485 2819 αἷμα
3515 2751 3761 2822 ὲσχηκὼτ
3785 2795 3804 2816 ,

2201 2841 2268 2893 δι’
2295 2834 2369 2894 ὧν
2400 2842 2548 2910 ἡμᾶς
2575 2840 2968 2911 ἐξηγοράσατο,
3001 2841 3048 2892 εί
3079 2839 3154 2910 μὴ
3185 2841 3282 2911 τὴν
3319 2841 3556 2911 ἀρχαίαν
3597 2842 3807 2895 πλάσιν

2200 2929 2295 2981 τοῦ
2339 2929 2510 2999 Ἀδὰμ
2536 2931 2614 2992 εἰς
2642 2929 2835 2983 ἑαυτὸν
2863 2929 3401 2998 ἀνεκεφαλαιώσατο.
3432 2932 3670 2986 Μάταιοι
3699 2929 3806 2985 οὖν

2200 3021 2250 3074 οἱ
2285 3021 2394 3075 ἀπὸ
2442 3021 2786 3087 Βαλεντίνου,
2823 3022 2982 3074 τοῦτο
3020 3020 3476 3092 δογματίζοντες,
3515 3024 3600 3077 ἵνα
3627 3025 3807 3079 ὲκδὰ-

2201 3112 2335 3166 λωσι
2373 3113 2471 3185 τὴν
2505 3112 2650 3184 ζωὴν
2689 3114 2788 3184 τῆς
2825 3114 3048 3184 σαρκός.

2247 3223 2357 3278 Τοῦ
2395 3224 2567 3295 ἁγίου
2615 3225 2976 3279 Ἱππολύτου
3010 3225 3350 3296 ἐπισκόπου
3391 3227 3491 3281 καὶ
3537 3229 3767 3296 μάρτυ-

2835 3311 2946 3362 ρος
2987 3295 3119 3365 tW)-

2288 3409 2381 3460 Ἐκ
2411 3407 2517 3461 τοῦ
2545 3407 2752 3476 λόγου,
2781 3406 2888 3460 τοῦ
2916 3406 3024 3479 (71)
3053 3409 3143 3473 είς
3181 3407 3296 3476 τὴν
3323 3407 3442 3461 τῶν
3478 3409 3806 3468 ταλάντων

2202 3498 2519 3568 διανομήν.
2575 3497 2812 3561 Τούτους
2852 3498 2909 3550 δὲ
2930 3537 2945 3561 ,
2977 3500 3071 3552 καὶ
3099 3500 3224 3563 τοὺς
3263 3500 3645 3570 ἑτεροδόξους,
3693 3507 3807 3576 φή-

2203 3609 2349 3645 σειεν
2391 3593 2455 3646 ἄν
2492 3609 2575 3656 τις
2617 3593 2878 3663 γειτνιᾷν,
2926 3591 3329 3664 σφαλλομένους
3369 3595 3804 3665 παραπλησίως.

2203 3684 2315 3736 Καὶ
2349 3683 2455 3755 γὰρ
2502 3684 2744 3736 κάκεῖνοι
2765 3723 2780 3744 ,
2815 3685 2933 3754 ἢτοι
2957 3683 3111 3753 ψιλὸν
3143 3685 3432 3756 ἄνθρωπον
3469 3687 3807 3756 ὁμολογοῦσι

2203 3775 2505 3846 πεφηνέναι
2527 3775 2618 3829 τὸν
2643 3777 2876 3848 Χριστὸν
2899 3777 2980 3840 εἰς
3000 3777 3090 3830 τὸν
3124 3777 3258 3847 βίον,
3280 3779 3377 3848 τῆς
3405 3762 3660 3848 θεότητος
3693 3783 3806 3834 αὐ-

2201 3869 2294 3922 τοῦ
2319 3868 2378 3920 τὸ
2403 3868 2659 3922 τάλαντον
2683 3868 3025 3940 ἀρνούμενοι·
3057 3871 3175 3940 ἦτοι
3196 3870 3287 3923 τὸν
3317 3869 3450 3924 Θεὸν
3467 3872 3805 3941 ὁμολογοῦν-

2201 3976 2315 4022 τες,
2348 3959 2656 4013 ἀναίνονται
2684 3960 2847 4013 πάλιν
2879 3961 2970 4012 τὸν
3000 3960 3311 4032 ἄνθρωπον,
3339 3965 3802 4031 πεφαντασιωκέ-

2202 4068 2290 4103 ναι
2320 4051 2663 4116 διδάσκοντες
2695 4054 2793 4114 τὰς
2826 4052 2976 4121 ὄψεις
3017 4053 3197 4106 αὐτῶν
3237 4053 3347 4106 τῶν
3374 4053 3688 4125 θεωμένων,
3722 4057 3805 4120 ὡς

2203 4139 2487 4212 ἄνθρωπον
2546 4143 2604 4195 οὐ
2662 4145 2968 4215 φορέσαντα
3025 4143 3334 4216 ἄνθρωπον,
3383 4145 3520 4198 ἀλλὰ
3570 4147 3804 4218 δόκησίν

2200 4251 2322 4287 τινα
2353 4233 2688 4306 φασματώδη
2726 4236 2927 4306 μᾶλλον
2953 4236 3258 4304 γεγονέναι,
3281 4231 3390 4290 οἷον
3418 4237 3609 4310 ὥσπερ
3637 4241 3734 4293 Μα
3747 4259 3804 4311 ρ-

2201 4325 2355 4389 κίων,
2411 4325 2508 4378 καὶ
2549 4326 2902 4388 Οὑαλεντῖνορ
2940 4326 3082 4397 (72),
3131 4329 3226 4380 καὶ
3267 4329 3316 4380 οἱ
3353 4328 3646 4382 Γνωστικοὶ
3694 4331 3802 4401 τῆς

2202 4419 2404 4489 σαρκὸς
2450 4419 2893 4482 ἅποδιασπῶντες
2943 4421 3037 4474 τὸν
3085 4421 3278 4494 Λᾴγον,
3325 4422 3386 4474 τὸ
3425 4421 3483 4473 ἓν
3528 4422 3804 4476 τάλαντον

512 4508 582 4560 ad
614 4508 845 4577 reginam
867 4507 1174 4578 quamdam.
1210 4505 1676 4575 Primitiasigitur
1697 4503 2092 4557 dormientium

2205 4508 2635 4572 ἁποὸἁλλονται,
2685 4509 2782 4580 τὴν
2835 4509 3271 4582 ὲνανθρὼπησιν.
3316 4542 3386 4550 —
3440 4512 3550 4566 Τοῦ
3600 4515 3803 4568 αὐτοῦ

511 4600 661 4654 hunc
695 4609 873 4664 vocat,
909 4609 1167 4670 tanquam
1199 4597 1628 4669 primogenitum
1657 4595 2094 4649 mortuorum”.

509 4692 614 4758 Qui
643 4709 966 4763 resurgens,
999 4702 1054 4747 et
1081 4692 1274 4746 volens
1303 4689 1597 4743 ostendere
1630 4687 1684 4741 id
1726 4687 1905 4757 ipsum
1943 4701 2101 4740 resu-

510 4785 763 4840 scitatum
790 4786 937 4856 quod
961 4793 1242 4840 mortuum
1280 4783 1481 4844 fuerat,
1509 4780 1897 4834 dubitantibus
1929 4779 2098 4834 disci-

510 4880 687 4949 pulis,
717 4895 1007 4935 accersens
1037 4877 1328 4937 Thomam,
1369 4873 1509 4926 dixit
1541 4889 1553 4924 :
1595 4891 1611 4922 ι
1643 4871 1876 4936 Accede,
1913 4871 2094 4941 palpa,

510 4981 565 5026 et
607 4971 729 5025 vide
754 5012 768 5035 ,
821 4969 951 5039 quia
984 4967 1214 5037 spiritus
1244 4979 1466 5019 carnem
1502 4970 1560 5017 et
1590 4977 1714 5016 ossa
1748 4978 1856 5016 non
1904 4963 2093 5028 habet,

585 5127 628 5156 τι
661 5125 792 5195 Cap.
827 5123 914 5176 59.
993 5122 1037 5150 τδ
1070 5119 1203 5188 Cap.
1236 5119 1324 5172 66.
1420 5118 1464 5147 τε
1494 5118 1613 5171 Lib.
1645 5134 1696 5178 v,
1719 5133 1766 5170 c.
1801 5118 1845 5170 l.

585 5281 692 5352 (66)
747 5281 967 5352 ’Avaxp.
1004 5274 1242 5352 Qrabius
1268 5275 1335 5330 ad
1361 5275 1417 5329 h.
1444 5274 1481 5328 l.
1521 5274 2087 5352 commemlat_lectio-

512 5367 638 5406 nem
674 5345 1116 5419 ἆνακρινεῖ,γο]ιιε
1145 5353 1328 5419 tamen
1352 5360 1462 5399 non
1487 5345 2082 5419 videonecessitatcm.

511 5422 751 5475 tremens
787 5415 937 5473 enim
983 5415 1038 5470 in
1078 5416 1266 5470 multis
1307 5431 1430 5486 quae
1460 5415 1776 5486 praecedunt
1827 5417 1980 5482 locis,
2028 5425 2087 5470 ut

513 5507 564 5545 c.
597 5491 686 5552 55,
719 5501 775 5546 et
797 5488 1016 5544 duobus
1042 5486 1328 5558 proximis.
1351 5487 1666 5558 loquiturm
1693 5495 1981 5556 praesente.

2201 4601 2269 4653 ἐκ
2298 4599 2404 4666 τῆς
2429 4598 2540 4666 (75)
2565 4601 2714 4668 πρὸς
2729 4602 3027 4665 βασιλίδα
3051 4607 3180 4656 τινὰ
3200 4603 3552 4670 ἐπιστολῆς,
3589 4605 3807 4674 Ἀπαρ-

2205 4692 2307 4760 χὴν
2339 4686 2432 4743 οὖν
2459 4691 2647 4744 τοῦτον
2681 4693 2827 4759 λέγει
2850 4693 2957 4746 τῶν
2980 4695 3423 4765 κεκοιμημένων,
3453 4695 3550 4746 ἆτε
3580 4697 3807 4765 πρωτὸ-

2201 4797 2359 4833 τοκον
2405 4779 2511 4833 τῶν
2558 4782 2788 4852 νεκρῶν.
2840 4783 2936 4845 Ὃς
2979 4782 3217 4846 ἀναστὰς
3244 4823 3258 4846 ,
3317 4783 3410 4836 καὶ
3468 4781 3808 4852 βουλόμενος

2203 4872 2598 4936 ἐπιδεικνύναι,
2633 4875 2714 4927 ὅτι
2748 4873 2904 4926 τοῦτο
2946 4870 3014 4944 ἦν
3048 4873 3107 4926 τὸ
3140 4872 3530 4944 ἐγηγερμένον,
3559 4873 3693 4942 ὅπερ
3730 4868 3808 4942 ἦν

2205 4963 2296 5016 καὶ
2326 4963 2690 5033 ἀποθνῆσκον,
2713 4964 3079 5029 δισταζὸντων
3107 4965 3219 5018 τῶν
3252 4963 3532 5036 μαθητῶν,
3563 4981 3790 5035 προσκα

1953 5119 1997 5148 ⁷⁵
2021 5117 2228 5175 Coloss.
2276 5136 2312 5185 ι,
2347 5120 2433 5173 l8.

2262 5275 2376 5348 (69)
2399 5275 2474 5330 δέ.
2513 5277 2589 5330 Ex
2621 5277 2710 5342 οὐ,
2743 5277 2928 5331 Grabii
2965 5279 3255 5336 insertum.

2268 5348 2379 5414 (70)
2411 5365 2573 5418 μαρτ.
2612 5348 2712 5401 Ed.
2742 5349 2900 5402 Rom.
2928 5359 2984 5403 et
3011 5350 3159 5418 Lips.
3203 5352 3388 5421 μέρος.
3421 5349 3545 5406 Vid.
3580 5366 3634 5421 ρ,
3669 5348 3806 5417 127,

2195 5417 2370 5470 schol.
2401 5418 2488 5471 58.

2263 5488 2376 5562 {fil}
2409 5486 2499 5540 τοῦ
2540 5489 2618 5550 εἷς
2658 5505 2713 5542 κ.
2760 5505 2809 5542 τ.
2842 5489 2891 5543 λ.
2929 5486 3045 5544 lloc
3085 5491 3311 5546 unicum
3341 5502 3425 5547 est
3450 5491 3615 5562 hujus
3647 5495 3803 5560 o'pu—

585 5561 696 5631 (67)
739 5559 860 5615 Ἦὸ.
896 5557 1063 5613 Sirm’.
1108 5557 1347 5631 habebat
1383 5557 1725 5631 ’laé’téyaoug,
1783 5572 1849 5610 ex
1895 5559 2094 5631 vitiosa
2192 5559 2744 5631 sculigfragmentum.

506 5627 766 5700 lectione,
805 5644 929 5700 quae
972 5631 1083 5700 jam
1131 5627 1447 5700 adgcalcem
1504 5628 1640 5683 edit.
1686 5627 1843 5682 Rom.
1894 5629 2093 5683 borum

511 5698 853 5770 dialogorum
877 5698 1166 5770 emendata
1199 5698 1318 5770 fuit.

579 5768 690 5839 (68)
723 5770 836 5823 δύν.
864 5768 964 5823 Ed.
993 5771 1150 5824 Rom.
1174 5781 1227 5826 et
1256 5769 1401 5841 Lips.
1429 5769 1670 5826 δύναται.

2269 5629 2376 5697 (72)
2413 5629 2578 5682 Οὑαλ.
2611 5630 2808 5698 Supra,
2843 5629 3178 5694 Βαλεντῖνος.

2269 5699 2381 5776 (75)
2422 5700 2486 5752 ὲκ
2520 5702 2618 5769 τῆς
2662 5718 2714 5752 κ.
2747 5717 2796 5776 τ.
2839 5700 3086 5776 λε-Ιῖιυξει
3131 5704 3295 5776 hujus
3321 5703 3493 5759 libelli
3537 5704 3796 5756 ἀπησπα-

2200 5773 2404 5840 σματια
2437 5780 2738 5824 occurrunt
2766 5771 2820 5825 in
2852 5770 2983 5824 dial.
3015 5772 3067 5827 5.
