4090 6422
317 391 428 458 173

1396 378 1773 442 DIALOGUS
1811 376 1892 435 ll.
1932 399 2002 407 ’τ
2039 374 2534 435 INCONFUSUS.

3409 326 3417 333 ’
3501 368 3606 433 m

314 502 626 573 λισάμενος
657 498 746 552 τὸν
768 495 1002 567 Θωμᾶν,
1033 494 1161 564 ἔφη,
1194 511 1211 543 ι
1256 491 1446 562 Δεῦρο,
1470 490 1794 560 ψηλάφησον
1824 490 1918 543 καὶ

2034 489 2165 543 sicut
2186 504 2274 544 me
2301 490 2501 544 videtis
2532 483 2853 543 habere".t
2887 517 2956 527 —-
2990 484 3343 557 Ejusdem,ex
3361 500 3603 538 sermone

317 597 418 656 ἷδε.
464 596 552 648 ὅτι
579 589 798 660 πνεῦμα
842 588 1043 642 ὀστοῦν
1070 588 1165 640 καὶ
1208 585 1386 656 σάρκα
1429 585 1528 637 οὐκ
1556 583 1696 652 ἔχει,
1730 581 1915 645 καθὼς

312 686 419 756 ἐμὲ
453 684 717 752 θεωρεῖτε
774 680 999 750 ἔχοντα.
1051 698 1071 730 ι
1098 708 1159 717 —
1200 676 1309 731 Τοῦ
1348 674 1535 729 αὐτοῦ
1563 675 1630 727 ἐκ
1654 672 1760 726 τοῦ
1809 673 1916 725 λά-

311 796 429 846 νου
481 775 639 845 (74),
687 771 796 826 τοῦ
891 773 981 836 εις
1022 769 1130 823 τὸν
1180 764 1482 822 Ἐλκανιῖν
1528 764 1624 818 καὶ
1674 766 1760 829 εἰς
1804 764 1919 830 τὴν

317 871 576 924 Ἀνναν.
631 864 743 917 Καὶ
775 861 869 915 διὰ
913 862 1074 915 τοῦτο
1119 863 1271 930 τρεῖς
1304 857 1487 929 καιροὶ
1530 855 1624 909 τοῦ
1669 852 1917 916 ἐνιαυτοῦ

314 955 736 1031 προετυποῦντο
757 955 838 1017 εἰς
867 953 1034 1006 αὐτὸν
1064 952 1154 1004 τὸν
1193 949 1445 1020 Σωτῆρα,
1477 947 1563 1001 ἵνα
1602 946 1670 1000 τὰ
1702 962 1919 1016 προφη-

314 1050 581 1104 auom:
622 1047 755 1117 περὶ
795 1042 966 1097 αὐτοῦ
1018 1044 1296 1113 μυστήρια
1334 1038 1643 1110 ἐπιτελέσῃ.
1692 1036 1785 1090 Ἐν
1824 1036 1920 1105 μὲν

315 1142 394 1210 τῷ
422 1141 636 1208 πάσχα,
671 1138 761 1190 ἵνα
785 1135 980 1189 ἑαυτὸν
1008 1133 1250 1203 ἐπιδείξῃ
1276 1132 1366 1185 τὸν
1399 1129 1663 1201 μέλλοντα
1686 1127 1763 1191 ὡς
1789 1127 1921 1198 πρό-

315 1234 484 1286 ϐατον
507 1228 762 1291 θύεσθαι,
788 1228 885 1282 καὶ
913 1225 1171 1295 ἀληθινὸν
1209 1224 1394 1293 ιιάςχα
1424 1218 1758 1283 δείκνυσθαι,
1791 1217 1867 1280 ὡς
1895 1218 1923 1270 6

331 1322 663 1382 Ἀπόστολος
695 1321 870 1387 λέγει,
923 1338 942 1370 ι
980 1317 1057 1370 T6
1084 1317 1140 1369 δὲ
1178 1316 1362 1385 πάσχα
1407 1312 1565 1384 ἡμῶν
1594 1311 1736 1381 ὑπὲρ
1762 1307 1923 1379 ἡμῶν

322 1418 485 1486 ἐτύθη
512 1413 757 1485 Χριστὸς
781 1414 811 1465 6
847 1410 1003 1473 θεός.
1036 1428 1055 1461 ι
1108 1410 1196 1461 Ἐν
1228 1408 1285 1460 δὲ
1319 1409 1385 1477 τῇ
1423 1404 1796 1473 Πεντηκοστῇ.
1834 1400 1923 1454 ἵνα

322 1506 661 1579 προτημήνῃ
690 1505 794 1572 τὴν
826 1501 936 1554 τῶν
975 1498 1224 1570 οὐρανῶν
1253 1495 1553 1565 βασιλείαν,
1586 1491 1751 1555 αὐτὸς
1779 1489 1929 1561 πρῶ-

318 1618 412 1663 τος
440 1602 521 1660 εἰς
552 1593 827 1666 οὐρανοὺς
854 1590 1086 1655 ἀναϐὰς,
1109 1589 1312 1643 καὶτὸν
1340 1585 1626 1658 ἄνθρωπον
1641 1583 1812 1656 δῶρον
1848 1580 1927 1653 τῷ

321 1692 449 1760 Θεῷ
498 1687 902 1755 προσενέγκας.
952 1712 1023 1722 -—
1065 1680 1176 1735 Τοῦ
1218 1677 1407 1734 αὐτοῦ
1461 1677 1529 1731 ἐκ
1552 1676 1661 1731 τοῦ
1696 1674 1884 1745 λόγου
1909 1712 1924 1738 ,

329 1781 441 1834 τοῦ
468 1779 577 1847 Πὸ)
594 1780 675 1843 εἰς
702 1775 825 1841 τὴν
850 1773 1019 1840 ᾠδὴν
1041 1769 1157 1840 τὴν
1179 1768 1474 1839 μεγάλην.
1513 1767 1571 1820 Ὀ
1598 1766 1689 1820 τὸν
1717 1763 1929 1819 ἀπολω-

2016 582 2073 635 in
2107 580 2401 636 Helcanam
2432 591 2480 635 et
2505 581 2737 635 Annum.
2794 579 3031 635 Proinde
3063 579 3172 633 tria
3196 578 3327 633 anni
3355 584 3601 647 tempora

2018 671 2369 727 Servatorem
2392 675 2570 743 ipsum
2602 672 2984 742 designabant,
3012 679 3072 724 ut
3093 684 3213 739 quae
3233 669 3302 724 de
3323 669 3445 739 ipso
3468 683 3605 738 pra:-

2018 764 2164 819 dicta
2190 773 2349 820 erant
2374 766 2633 836 mysteria
2651 771 2956 835 perageret.
2989 764 3047 817 In
3073 763 3338 817 Paschate
3354 761 3602 831 quidem,

2023 866 2084 911 ut
2125 858 2440 912 ostenderet
2488 873 2608 911 sese
2664 866 2922 927 tanquam
2957 870 3115 911 ovem
3158 852 3601 914 sacriﬁcandum,

2018 957 2075 1002 et
2096 962 2288 1002 verum
2311 948 2517 1003 Pascha
2540 948 2938 1012 exhibiturum,
2964 948 3104 1001 sicut
3125 946 3260 1001 dicit
3276 944 3602 1014 Apostolus:

2031 1060 2049 1092 ι
2073 1042 2277 1097 Pascha
2321 1052 2506 1096 autem
2554 1051 2807 1097 nostrum
2850 1056 2950 1110 pro
2984 1039 3144 1094 nobis
3183 1038 3498 1093 immolatus
3523 1044 3611 1092 est

2020 1129 2275 1186 Christus
2298 1132 2529 1185 Deus".
2559 1150 2577 1181 ι
2642 1132 2701 1185 In
2740 1131 3065 1185 Pentecoste
3093 1144 3254 1192 vero,
3289 1136 3351 1182 ut
3378 1143 3606 1198 regnum

2022 1222 2288 1276 caelorum
2334 1222 2820 1293 prtesignificaret,
2870 1230 2932 1276 ut
2955 1221 3047 1291 qui
3081 1221 3251 1275 caelos
3278 1219 3493 1290 primus
3517 1235 3609 1275 as-

2023 1315 2231 1379 cendit,
2280 1316 2505 1386 Deoque
2538 1316 2684 1371 doni
2742 1316 2916 1370 instar
2966 1314 3246 1368 hominem
3274 1313 3496 1368 obtulit.
3542 1341 3616 1352 ~—

2026 1406 2300 1473 Eiusdem,
2335 1423 2398 1461 ea:
2416 1424 2656 1462 sermone
2686 1408 2741 1461 in
2768 1422 3019 1478 magnum
3047 1407 3330 1460 canticum.
3366 1404 3471 1471 Qui
3497 1405 3614 1474 pri-

2025 1515 2177 1553 mum
2198 1499 2479 1554 hominem
2509 1516 2577 1555 ex
2602 1508 2744 1554 terra
2770 1498 3087 1561 formatum,
3110 1513 3239 1552 cum
3262 1498 3448 1568 lapsus
3469 1506 3617 1552 esset

2025 1589 2333 1659 mortisque
2372 1589 2612 1645 vinculis
2639 1589 2921 1653 astrictus,
2964 1604 3033 1643 ex
3060 1588 3250 1643 inﬁmo
3272 1588 3489 1643 inferno
3509 1588 3618 1644 eri-

2026 1682 2181 1751 puit,
2231 1680 2325 1751 qui
2357 1696 2387 1736 e
2418 1681 2636 1752 superis
2659 1680 2968 1746 descendit,
3008 1690 3065 1736 et
3093 1679 3324 1735 inferius
3339 1680 3616 1751 jacentem

2031 1773 2099 1828 ad
2126 1788 2363 1843 superna
2384 1774 2583 1829 extulit
2606 1791 2619 1827 :
2644 1773 2740 1843 qui
2765 1781 3107 1827 mortuorum
3132 1772 3237 1827 fuit
3256 1773 3615 1843 evangelista,

337 1845 554 1925 3.6136:
577 1870 671 1938 γῆς
692 1866 1129 1939 πρωτόπλαστον
1156 1862 1460 1935 ἄνθρωπον,
1496 1861 1591 1914 καὶ
1621 1862 1678 1913 ἐν
1708 1860 1927 1931 δεσμοίς

2039 1862 2196 1933 132
2229 1859 2546 1934 redemptor
2589 1865 2918 1928 animarum,
2951 1872 3009 1919 et
3051 1864 3397 1933 sepultorum
3427 1880 3617 1919 resur-

338 1962 565 2014 θανάτου
599 1958 997 2030 κρατούμενον,
1036 1954 1095 2019 ἐξ
1114 1954 1241 2025 ᾅδου
1270 1953 1586 2007 κατωτάτου
1617 1950 1870 2015 ἑλκύσας
1901 1951 1930 2003 6

330 2051 540 2107 ἄνωθεν
567 2050 876 2116 κατελθὼν,
914 2048 1124 2103 καὶ’τδν
1162 2046 1314 2100 κάτω
1354 2045 1433 2107 είς
1464 2043 1534 2098 τὰ
1567 2043 1680 2098 ἄνω
1710 2042 1931 2111 ἀνενέγ-

326 2161 450 2207 κας·
487 2146 517 2196 6
550 2143 664 2196 τῶν
712 2140 928 2213 νεκρῶν
969 2137 1398 2207 εὐαγγελιστὴς,
1449 2134 1546 2190 καὶ
1589 2135 1699 2188 τῶν
1742 2133 1930 2205 ψυχῶν

320 2236 633 2305 λυτρωτὴς,
665 2235 764 2287 καὶ
788 2233 1085 2294 ἀνάστασις
1112 2229 1221 2283 τῶν
1241 2227 1600 2298 τεθαμμένων
1621 2226 1928 2295 γινόμενος,

317 2322 478 2389 οὗτος
502 2320 574 2395 ἦν
610 2326 642 2378 6
680 2322 780 2376 τοῦ
824 2320 1184 2391 νενικημένου
1225 2317 1517 2388 ἀνθρώπου
1562 2316 1931 2387 γεγενημένος

318 2419 542 2489 βοηθὸς,
577 2417 709 2471 κατ’
752 2414 917 2470 αὑτὸν
951 2415 1140 2482 ὅμοιος
1167 2408 1340 2480 αὐτῷ,
1384 2407 1732 2478 πρωτότοκος
1760 2407 1931 2476 Λόγος

315 2512 410 2565 τὸν
436 2507 881 2580 πρωτόπλαστον
928 2504 1099 2575 Ἀδὰμ
1124 2505 1181 2556 ὲν
1206 2505 1273 2573 τῇ
1300 2500 1562 2573 Παρθένῳ
1605 2500 1931 2553 ἐπισκεπτό-

319 2620 486 2675 μενος
510 2619 525 2630 ·
558 2603 591 2656 6
637 2596 1015 2670 πνευματικὸς
1043 2596 1137 2649 τὸν
1170 2593 1356 2665 χοῖκὸν
1391 2594 1449 2646 ὲν
1488 2595 1555 2664 τῇ
1598 2592 1783 2663 μήτρᾳ
1811 2591 1932 2643 ὲπι-

320 2694 530 2765 ζητῶν⁸
572 2694 604 2747 6
640 2692 732 2745 ἀεὶ
772 2690 881 2756 ζῶν
918 2689 1009 2742 τὸν
1042 2686 1133 2741 διὰ
1177 2687 1465 2756 παρακοῆς
1505 2681 1862 2737 ἀποθανόντα’
1903 2683 1933 2735 6

320 2787 585 2857 οὐράνιος
614 2784 710 2837 τὸν
756 2783 998 2850 ἐπίγειον
1033 2781 1114 2843 είς
1141 2778 1208 2832 τὰ
1249 2778 1362 2832 ἄνω
1395 2774 1596 2829 καλῶνο
1639 2776 1667 2828 6
1705 2774 1934 2844 εὐγενὴς

324 2879 414 2932 τὸν
433 2876 634 2931 δοῦλον
658 2874 752 2927 διὰ
774 2874 872 2945 τῆς
901 2872 1039 2934 ἰδίας
1065 2869 1315 2938 ὑπακοῆς
1345 2867 1630 2938 ἐλεύθερον
1655 2865 1934 2930 ἀποδεῖξαι

326 2969 519 3023 θέλων
552 2971 583 3022 6
614 2967 711 3020 τὸν
738 2967 820 3029 εἰς
855 2965 957 3035 γῆν
989 2962 1250 3033 λυόμενον
1276 2959 1582 3030 ἄνθρωπον,
1614 2958 1707 3011 καὶ
1740 2957 1936 3028 βρῶμα

326 3063 509 3131 ὂψεως
531 3058 937 3129 γεγενημένον,
967 3056 1051 3118 είς
1072 3053 1358 3123 ἀδάμαντα
1386 3049 1611 3122 τρέψας,
1634 3049 1727 3103 καὶ
1749 3047 1936 3103 τοῦτον

326 3153 420 3206 ἐπὶ
439 3152 606 3216 ξύλου
634 3147 1046 3220 κρεμασθέντα,
1070 3145 1275 3214 Κύριον
1304 3142 1447 3198 κατὰ
1469 3142 1573 3217 τοῦ
1589 3142 1935 3212 νενικηκότος

326 3197 915 3305 εξέέέξέςζπξξῐέιέ
935 3197 1113 3291 ge;
1134 3197 1236 3288 3..
1269 3234 1429 3301 ξύλου
1460 3197 1937 3304 νικηφόροέεδριί
1962 3197 2006 3256 (³

329 3351 545 3389 σκεται.
571 3363 647 3375 ——
678 3330 791 3385 Τοῦ
812 3326 1023 3393 αὐτοῦ,
1049 3327 1118 3380 ἐκ
1143 3325 1250 3380 τοῦ
1275 3323 1463 3381 αὐτοῦ
1485 3324 1693 3394 λόγου.
1730 3323 1792 3377 Ol
1826 3320 1935 3391 γὰρ

326 3427 420 3481 τὸν
446 3426 585 3478 Υἱὸν
624 3422 726 3476 τοῦ
760 3420 901 3475 Θεοῦ
927 3420 1194 3491 ἔνσαρκον
1228 3416 1324 3471 νῦν
1343 3416 1419 3488 μὴ
1453 3414 1933 3484 ἐπιγινώσκοντες,

327 3517 743 3587 ἑπιγνὼσονται
773 3513 937 3566 αὑτὸν
976 3510 1174 3582 κριτὴν
1202 3510 1260 3563 ὲν
1298 3508 1427 3580 δόξῃ
1469 3506 1933 3581 παραγινόμενον,

326 3611 422 3664 τὸν
453 3608 557 3663 νῦν
595 3608 660 3660 ὲν
690 3605 867 3676 ἀδόξῳ
914 3602 1132 3674 σώματι
1176 3600 1555 3672 ὑϐριζόμενον.
1583 3629 1654 3639 -
1688 3599 1800 3654 Τοῦ
1825 3602 1935 3654 αὺ-

328 3701 442 3756 τοῦ
482 3702 557 3755 ἐκ
588 3696 703 3754 τοῦ
750 3694 943 3752 αὑτοῦ
986 3695 1193 3764 λόγου.
1244 3693 1356 3746 Καὶ
1404 3692 1515 3764 γὰρ
1547 3693 1597 3745 οἱ
1645 3690 1937 3745 ἀπόστολοι

331 3794 588 3855 ιλθόντες
619 3793 703 3854 είς
744 3789 809 3843 τὸ
850 3789 1117 3859 μνημεῖον
1152 3788 1220 3856 τῇ
1262 3785 1446 3857 ἡμέρᾳ
1490 3786 1556 3856 τῇ
1602 3783 1790 3856 τρίτῃ,
1838 3784 1937 3856 οὐχ

331 3885 603 3956 εὕρισκον
648 3882 714 3935 τὸ
743 3881 906 3952 σῶμα
946 3878 1042 3932 τοῦ
1098 3876 1306 3949 ἰησοῖν
1348 3876 1408 3930 ὃν
1451 3875 1654 3947 τρόπον
1697 3876 1806 3929 υίοὶ
1843 3875 1937 3929 τοῦ

349 3967 575 4047 Ἰσραὴλ
614 3972 718 4045 τὴν
758 3972 941 4042 ταφὴν
969 3969 1065 4024 τοῦ
1100 3960 1387 4032 Μωῦσέως
1432 3968 1738 4033 ἀναϐάντες
1770 3969 1829 4023 ὲν
1862 3968 1940 4039 τῷ

328 4069 450 4139 ὄρει
506 4067 763 4137 ἐζήτουν,
815 4064 911 4117 καί¹
950 4062 1051 4134 οὐχ
1100 4060 1373 4134 εὕρισκον.
1423 4090 1493 4100 -—
1549 4060 1663 4115 Τοῦ
1719 4059 1938 4128 αὐτοῦ,

327 4160 402 4213 ἐκ
442 4157 562 4227 (76)
601 4154 716 4224 τῆς
762 4155 1083 4225 ἑρμηνείας
1120 4151 1227 4207 τοῦ
1260 4153 1322 4217 ,β’
1369 4152 1642 4222 ψαλμοῦ.
1696 4146 1865 4217 Οὗτος
1912 4154 1943 4205 6

332 4248 634 4321 προελθὼν
670 4250 752 4312 εἰς
779 4247 871 4301 τὸν
893 4248 1123 4318 κόσμον,
1141 4244 1276 4309 Θεὸς
1310 4244 1406 4298 καὶ
1430 4244 1717 4316 ἄνθρωπος
1745 4246 1934 4314 ἐφανε-

333 4342 515 4416 ρώθη.
564 4340 681 4395 Καὶ
721 4339 815 4392 τὸν
861 4338 959 4409 μὲν
991 4336 1279 4409 ἄνθρωπον
1320 4334 1486 4389 αὑτοῦ
1544 4334 1784 4399 εὐκόλως
1827 4333 1942 4387 ἐστι

333 4435 505 4496 νοεῖν,
548 4432 643 4485 ὅτε
685 4431 870 4501 πεινᾷ,
906 4429 1002 4482 καὶ
1049 4429 1237 4500 κοπιᾷ,
1272 4427 1366 4481 καὶ
1395 4426 1622 4497 κάμνων
1651 4425 1812 4497 διψᾷ,
1846 4425 1943 4479 καὶ

2034 1955 2230 2019 rectio,
2262 1955 2352 2011 hic
2380 1965 2504 2011 erat
2552 1957 2648 2027 qui
2681 1956 2884 2012 devicti
2908 1956 3150 2011 hominis
3173 1956 3279 2011 fuit
3299 1956 3615 2022 auxiliator,

2033 2046 2339 2101 secundum
2369 2046 2548 2117 ipsum
2576 2047 2774 2102 similis
2793 2047 2893 2111 illi,
2923 2047 3351 2118 primogenitum
3370 2047 3616 2103 Verbum

2032 2140 2435 2210 protoplastum
2458 2139 2729 2195 Adamum
2750 2140 2806 2195 in
2828 2141 3052 2211 Virgine
3062 2128 3338 2207 ‘visitans;
3358 2141 3620 2212 spiritua-

2031 2229 2121 2298 lis,
2152 2240 2431 2288 terrenum
2462 2232 2519 2287 in
2541 2240 2700 2288 utero
2722 2248 3007 2303 quaerens;
3035 2248 3253 2303 semper
3278 2233 3492 2299 vivens,
3521 2250 3621 2304 per

2034 2325 2469 2382 inobedientiam
2514 2333 2824 2391 mortuum;
2878 2323 3147 2389 cwlestis,
3204 2326 3619 2380 terrenum'ad

2032 2432 2272 2488 superna
2293 2433 2528 2485 vocans;
2559 2417 2783 2482 nobilis,
2812 2432 3035 2471 servum
3062 2433 3160 2487 per
3180 2433 3335 2472 suam
3359 2417 3623 2473 obedien-

2034 2511 2167 2566 tiam
2194 2510 2451 2566 libertate
2480 2510 2689 2565 donare
2718 2509 2944 2574 volens;
2974 2509 3065 2579 qui
3096 2508 3151 2563 in
3178 2518 3382 2564 terram
3413 2510 3623 2565 resolu-

2034 2610 2152 2655 tum
2183 2600 2487 2658 hominem.
2519 2600 2817 2669 cibumque
2844 2599 3119 2668 serpentis
3143 2599 3379 2667 factum,
3427 2602 3486 2657 in
3519 2603 3621 2657 ad»

2033 2702 2309 2747 amantem
2349 2690 2635 2765 convertit
2658 2731 2672 2756 ,
2733 2699 2791 2745 et
2838 2690 2988 2743 hunc
3026 2690 3083 2744 in
3113 2691 3263 2762 ligno
3290 2709 3620 2764 suspensum

2033 2782 2329 2837 Dominum
2367 2782 2637 2838 adversus
2666 2782 2932 2837 victorem
2964 2782 3297 2848 declaravit,
3350 2793 3516 2855 atque
3547 2786 3625 2843 ita

2034 2891 2136 2945 per
2175 2874 2386 2945 lignum
2416 2874 2596 2930 victor
2624 2874 3013 2929 invenitur.—
3041 2876 3314 2946 Ejusdem,
3351 2894 3416 2931 ea:
3444 2879 3625 2934 eodem
3649 2909 3659 2918 -

2035 2981 2296 3019 sermone.
2371 2964 2477 3032 Qui
2504 2964 2653 3020 enim
2700 2964 2902 3020 Filium
2948 2964 3046 3019 Dei
3097 2964 3445 3022 incarnalum
3476 2985 3626 3024 nunc

2036 3071 2147 3110 non
2175 3063 2519 3127 agnoscunt,
2566 3063 2870 3126 agnoscent
2897 3054 3076 3125 ipsum
3097 3054 3343 3125 iudicem
3374 3055 3429 3110 in
3453 3056 3626 3127 gloria

2038 3148 2375 3212 venientem,
2405 3161 2571 3217 quem
2595 3162 2743 3201 nunc
2768 3142 3077 3216 incorpore
3094 3145 3327 3218 inglorio
3343 3155 3626 3204 contume-

2039 3241 2128 3296 liis
2157 3238 2498 3294 aﬂiciunt.—
2521 3237 2800 3310 Ejusdem,
2829 3254 2893 3292 ea:
2916 3238 3096 3292 eodem
3114 3255 3375 3294 sermone.
3407 3240 3626 3296 Etenim

2037 3330 2271 3402 apostoli
2300 3371 2316 3395 ,
2368 3344 2495 3386 cum
2526 3329 2811 3384 venissent
2843 3328 2911 3384 ad
2938 3338 3358 3384 monumentum
3391 3331 3481 3386 die
3510 3341 3625 3388 ter-

2038 3424 2191 3490 tio",
2237 3439 2350 3478 non
2379 3423 2715 3478 invenerunt
2741 3437 2943 3493 corpus
2969 3422 3122 3488 Iesu,
3156 3423 3623 3493 quemadmodum

2038 3513 2137 3569 ﬁlii
2162 3513 2379 3569 Israelis
2404 3522 2647 3568 montem
2674 3513 3108 3569 conscendentes
3124 3514 3440 3583 sepulcrum
3460 3515 3626 3570 Mosis

2038 3604 2399 3675 quaasierunt,
2416 3612 2476 3659 et
2497 3618 2608 3659 non
2632 3603 3047 3659 invenerunt".
3066 3634 3138 3643 ——
3160 3604 3435 3675 Ejusdem,
3462 3620 3526 3659 ea:
3542 3600 3628 3659 in-

2039 3697 2418 3768 terpretatione
2468 3695 2665 3768 psalmi
2720 3711 2778 3751 ιι.
2813 3696 2934 3761 llic,
2990 3698 3088 3767 qui
3142 3700 3293 3752 venit
3355 3698 3412 3752 in
3467 3714 3629 3754 mun-

2040 3791 2195 3855 dum,
2227 3790 2375 3845 Deus
2414 3798 2471 3846 et
2501 3790 2667 3846 homo
2699 3790 3087 3847 manifestatus
3108 3800 3213 3847 est.
3250 3793 3320 3849 Et
3345 3793 3626 3850 hominem

2040 3884 2265 3954 quidem
2291 3899 2420 3939 eum
2441 3884 2613 3940 fuisse
2642 3883 2804 3939 facile
2832 3883 3182 3957 intelligitur,
3208 3887 3338 3942 dum
3367 3890 3546 3945 esurit
3572 3899 3628 3946 et

2041 3974 2396 4046 defatigatur,
2448 3985 2505 4031 et
2550 3975 2813 4047 fatigatus
2841 3976 2979 4043 sitit,
3009 3986 3065 4033 et
3092 3989 3347 4035 metuens
3377 3980 3536 4053 fugit,
3573 3992 3630 4037 ct

2041 4082 2209 4122 orans
2230 4066 2458 4123 tristitia
2474 4066 2734 4133 afﬁcitur,
2755 4076 2813 4123 et
2834 4068 2890 4124 in
2910 4070 3168 4125 cervicali
3185 4071 3409 4136 dormit,
3428 4082 3484 4128 et
3497 4074 3630 4133 cali-

2042 4175 2163 4215 cem
2216 4158 2489 4229 passionis
2532 4158 2896 4227 deprecatur,
2930 4167 2988 4214 et
3018 4159 3073 4214 in
3102 4176 3306 4231 angore
3347 4164 3536 4230 sudat,
3572 4176 3630 4220 et

2048 4248 2204 4319 133
2235 4248 2304 4303 ab
2334 4248 2529 4318 angelo
2555 4246 2938 4315 conﬁrmatur,
2972 4259 3030 4305 et
3053 4267 3084 4305 a
3107 4251 3250 4307 Juda
3278 4254 3537 4320 traditur,
3571 4269 3630 4312 et

2043 4340 2440 4397 contumeliose
2469 4348 2735 4395 tractatur
2767 4357 2797 4396 a
2823 4341 3050 4413 Caipha,
3082 4344 3228 4399 etab
3258 4345 3473 4402 Herode
3497 4362 3630 4403 con-
3723 4390 3728 4397 .

2044 4430 2338 4495 temnitur,
2375 4436 2433 4484 et
2462 4445 2493 4484 a
2515 4430 2695 4485 Pilato
2718 4430 3050 4501 flagellatur,
3085 4441 3142 4486 et
3175 4448 3205 4486 a
3240 4433 3512 4490 militibus
3534 4435 3602 4491 de

333 4525 559 4579 δειλῶν
592 4523 812 4592 φεύγει,
837 4524 933 4577 καὶ
962 4521 1400 4593 προσευχόμενος
1424 4518 1695 4585 λυπεῖται,
1723 4518 1820 4573 καὶ
1849 4519 1936 4572 ἐπὶ

2046 4523 2261 4578 ridetur
2282 4563 2296 4587 ,
2347 4530 2404 4577 et
2451 4538 2482 4576 a
2530 4522 2736 4578 Iudaeis
2767 4523 2918 4594 ligno
2942 4522 3201 4595 adigitur,
3237 4525 3382 4581 et.ad
3408 4527 3629 4585 Patrem

334 4612 800 4686 rpoaxz;a).aiou
832 4611 1106 4677 καθεύδει,
1144 4610 1240 4664 καὶ
1263 4609 1526 4680 ποτήριον
1565 4608 1775 4674 πάθους
1798 4627 1940 4682 παρα

337 4709 606 4767 αιτείται,
654 4704 751 4757 καὶ
784 4701 1035 4772 ἀγωνιῶν
1063 4702 1218 4773 ἱδροῖ,
1256 4703 1352 4756 καὶ
1399 4703 1493 4754 ὑπ’
1523 4701 1757 4769 ἀγγέλου
1784 4701 1945 4755 δυνα-

342 4798 547 4869 μοῧται
565 4836 582 4861 ,
613 4797 711 4849 καὶ
737 4795 843 4849 ὑπὸ
884 4794 1056 4848 Ἰούδα
1089 4792 1463 4865 παραδίδοται,
1491 4793 1589 4848 καὶ
1616 4792 1944 4864 ἀτιμάζεται

338 4889 451 4942 ὑπὸ
476 4889 743 4956 Καῖάφα,
776 4888 872 4941 καὶ
892 4886 1003 4940 ἀπὸ
1040 4884 1282 4958 Ἡρώδου
1312 4884 1700 4951 ἐξουθενεῖται,
1751 4885 1945 4955 μαστί-

335 4981 500 5048 ζεταί
523 4997 587 5033 τε
614 4979 723 5033 ὑπὸ
746 4979 1003 5044 Πιλάτου,
1027 4979 1123 5032 καὶ
1150 4976 1255 5030 ὑπὸ
1285 4976 1635 5047 στρατιωτῶν
1664 4976 1940 5040 παίζεται,

335 5076 438 5128 καὶ
471 5073 584 5127 ὑπὸ
642 5072 917 5126 Ἰουδαίων
959 5071 1102 5140 ξύλῳ
1147 5070 1568 5141 προσπήγνυται
1594 5109 1609 5136 ,
1663 5071 1757 5123 καὶ
1808 5069 1944 5140 πρὸς

338 5165 572 5238 Πατέρα
619 5165 760 5236 βοῶν
804 5163 1167 5236 παρατίθεται
1201 5162 1263 5215 1:6
1310 5161 1567 5232 πνεῦμα,
1614 5161 1708 5214 καὶ
1748 5158 1946 5214 κλίνων

337 5258 590 5329 κεφαλὴν
638 5260 869 5322 ὲκπνεῖ,
904 5257 1002 5310 καὶ
1030 5254 1272 5326 πλευρὰν
1315 5253 1485 5324 λόγχῃ
1529 5252 1783 5306 νύσσεται
1809 5291 1823 5315 ,
1852 5252 1945 5306 καὶ

338 5350 544 5407 σινδόνι
574 5350 934 5420 ἑλισσόμενος
962 5350 1020 5401 ὲν
1047 5345 1298 5419 μνημείῳ
1328 5344 1560 5410 τίθεται,
1588 5343 1683 5396 καὶ
1717 5345 1944 5416 τριήμε-

409 5500 467 5548 ’ί
485 5515 652 5572 Joan.
689 5529 782 5579 xx,
804 5511 897 5566 27.
978 5511 1023 5544 "
1060 5502 1309 5579 lCor.'v,
1335 5512 1390 5566 7.
1469 5511 1516 5544 ⁷⁸
1540 5481 1677 5567 Luc.
1706 5526 1851 5576 χειν,
1882 5508 1971 5563 24.

412 5673 527 5745 (74)
556 5672 677 5740 λόγ.
704 5668 825 5745 τεῦ.
858 5667 1223 5745 [merendum
1247 5667 1370 5724 fuit.
1397 5666 1521 5745 Vid.
1543 5683 1731 5745 sup_ra,
1765 5682 1821 5737 ι),
1851 5665 1939 5720 55.
2038 5649 2043 5654 ’

411 5736 525 5815 (75)
562 5736 645 5815 ἐκ
667 5738 764 5794 τοῦ
801 5757 854 5793 κ.
892 5756 944 5792 τ.
980 5738 1031 5793 λ.
1067 5736 1181 5796 Hoc
1211 5747 1424 5795 tantum
1469 5739 1592 5794 loco
1615 5736 1938 5809 fragmenta

342 5830 402 5874 ει
424 5814 581 5872 libro
614 5814 723 5869 isto
756 5816 1000 5866 exstant.

2046 4616 2290 4671 clamans
2312 4614 2663 4670 commendat
2682 4615 2960 4686 spiritum,
2987 4625 3045 4671 et
3063 4615 3338 4673 inclinans
3360 4629 3525 4690 caput
3538 4637 3631 4677 ex-

2040 4708 2235 4777 spirat,
2255 4714 2311 4762 et
2336 4705 2526 4763 lancea
2550 4707 2696 4764 latus
2715 4708 3001 4778 pangitur,
3021 4715 3076 4762 et
3096 4709 3328 4767 sindone
3351 4711 3632 4771 involutus

2042 4797 2098 4851 in
2148 4805 2512 4851 monumento
2541 4797 2799 4867 ponitur,
2854 4805 2910 4851 et
2967 4798 3131 4852 tertio
3161 4799 3251 4855 die
3278 4816 3309 4856 a
3341 4802 3503 4859 Patre
3536 4821 3632 4860 su-

2042 4890 2295 4943 scitatur.
2314 4888 2566 4943 Divinam
2591 4904 2725 4944 vero
2749 4890 2923 4959 ipsius
2945 4898 3199 4945 naturam
3227 4893 3418 4950 itidem
3439 4896 3634 4953 distin-

2044 4989 2133 5034 cte
2165 4969 2356 5033 videre
2399 4979 2549 5044 licet,
2603 4981 2826 5049 quando
2849 4981 2919 5035 ab
2949 4982 3161 5052 angelis
3193 4985 3477 5053 adoratur,
3512 4998 3569 5045 et
3604 5010 3634 5045 ιι

2044 5070 2363 5142 pastoribus
2395 5070 2756 5141 conspicitur,
2811 5080 2868 5127 et
2896 5082 3254 5144 exspectatur
3288 5094 3317 5133 a
3351 5078 3630 5143 Simeone,

2043 5172 2100 5218 et
2131 5163 2302 5217 Anna:
2329 5171 2558 5216 ornatur
2591 5164 2908 5221 testimonio
2928 5207 2942 5231 ,
2998 5177 3055 5223 et
3083 5183 3113 5222 a
3145 5168 3317 5243 Magis
3343 5174 3630 5242 quaeritur,

2044 5263 2101 5309 et
2134 5271 2233 5324 per
2266 5254 2483 5309 stellam
2513 5254 2812 5321 indicatur,
2849 5268 2907 5313 et
2936 5274 3004 5313 ex
3032 5276 3173 5331 aqua
3217 5263 3271 5316 in
3305 5264 3514 5333 nuptiis
3546 5267 3633 5318 vi-

2046 5364 2178 5404 num
2210 5346 2358 5410 facit,
2393 5356 2449 5401 et
2474 5363 2626 5403 mare
2659 5350 2713 5403 vi
2737 5358 3029 5408 ventorum
3056 5356 3321 5423 agitatum
3359 5355 3629 5427 increpat,

2050 5511 2094 5541 7’
2127 5510 2287 5565 Deut.
2324 5526 2505 5575 xxxrv,
2526 5510 2579 5565 6.

2122 5663 2549 5756 993-3533:
2580 5667 3244 5756 Asilosveie'msst
3274 5670 3440 5756 διεῖπε
3464 5688 3633 5756 opus-

2048 5736 2160 5817 culi
2181 5735 2565 5819 fragmentum.
2580 5736 3047 5819 Unicumquoque
3068 5750 3172 5806 est,
3189 5741 3335 5811 quod
3346 5735 3633 5817 sequitur,

2049 5819 2115 5859 ex
2148 5809 2602 5878 interpretatione
2640 5809 2833 5879 psalmi
2860 5822 3004 5865 mu.
