4090 6428
499 359 601 423 r15
1488 352 1981 415 TIIEODORETI
2021 354 2361 416 EPISCOPI
2400 356 2767 417 CYRENSIS
3676 356 3778 427 175

480 482 549 527 ‘et
577 484 747 541 super
776 467 916 524 mari
939 467 1217 530 ambulat,
1273 475 1330 523 et
1358 480 1504 521 cmco
1533 481 1566 519 a
1588 464 1878 521 nativitate
1908 464 2086 519 visum

2198 481 2294 535 ρος
2318 463 2424 519 ὑπὸ
2453 465 2668 536 Πατρὸς
2690 465 2998 519 ἀνίσταται.
3028 465 3102 518 Τὸ
3131 464 3189 520 δὲ
3221 465 3401 522 θεῖκδν
3422 467 3588 524 αὑτοῦ
3616 473 3778 530 πάλιν

490 564 750 635 largitur,
798 571 856 616 et
880 562 1147 616 Lazarum
1183 560 1294 630 jam
1324 564 1526 627 quarto
1559 557 1650 612 die
1680 566 1961 613 mortuum
1997 572 2088 611 rc-

491 656 745 719 suscitat,
777 663 837 709 et
861 654 1012 707 varia
1038 652 1302 708 miracula
1328 649 1465 714 edit,
1499 657 1557 704 et
1578 657 1803 720 peccata
1832 648 2086 712 remittit,

491 759 549 803 ct
572 755 906 819 potestatem
937 759 1004 800 ea
1032 741 1352 799 remittendi
1382 740 1478 796 dat
1498 741 1809 810 discipulis.
1834 771 1906 780 —-
1930 740 2090 810 Ejus-

490 842 631 905 dem,
664 856 727 894 ea:
754 838 1198 909 interpretatione
1225 833 1422 906 psalmi
1448 849 1599 887 xxiii.
1618 834 1779 889 Venit
1805 832 1871 886 ad
1900 841 2088 902 portas

489 932 745 986 ccelestes
768 970 782 995 ,
841 929 1021 1000 angeli
1054 943 1184 983 eum
1227 925 1569 981 comitantur
1590 963 1604 988 ,
1640 933 1696 979 et
1724 924 1924 979 clausae
1956 930 2088 978 sunt

489 1032 663 1092 porta:
692 1023 986 1077 edorum.
1024 1018 1280 1075 Nondum
1308 1016 1460 1072 enim
1491 1016 1559 1071 ad
1590 1017 1760 1071 cmlos
1783 1013 2034 1069 ascendit
2068 1030 2081 1067 :

488 1106 651 1171 nunc
686 1114 927 1184 primum
971 1128 1003 1167 a
1051 1110 1376 1167 coelestibus
1418 1108 1793 1180 potestatibus
1835 1105 2086 1161 cernitur

488 1222 621 1262 caro
665 1205 994 1261 ascendens.
1031 1203 1248 1261 Dicitur
1286 1205 1302 1221 '
1324 1216 1457 1272 ergo
1484 1199 1854 1271 potestatibus
1874 1194 1955 1252 ‘ab
1983 1212 2085 1251 an-

488 1300 626 1371 gelis
652 1339 667 1363 ,
725 1297 823 1368 qui
868 1296 1221 1353 Servatorcm
1263 1302 1320 1349 et
1353 1293 1645 1349 Dominum
1681 1297 2035 1361 praecurrunt
2065 1304 2079 1341 ι

494 1412 514 1443 ι
542 1390 814 1455 Attoiiite,
844 1388 1146 1459 principes,
1176 1393 1367 1456 portas
1392 1391 1604 1440 vestras
1624 1423 1637 1443 .
1673 1391 1731 1437 et
1758 1380 2078 1446 elevamini,

487 1492 663 1553 porta:
685 1490 928 1545 mternze,
961 1487 1020 1535 et
1043 1477 1300 1535 introibit
1325 1492 1423 1531 rex
1444 1476 1634 1547 gloriae
1652 1474 1719 1529 ⁸⁸.
1744 1494 1762 1527 ι

2190 554 2443 626 φανερῶς
2470 555 2619 609 ἐστιν
2654 556 2804 622 ἰδεῖν,
2827 557 2917 609 ὅτε
2950 557 3045 609 ὑπ’
3084 557 3335 626 ἀγγέλων
3363 565 3776 629 προσκυνεῖται,

2191 647 2287 699 καὶ
2322 646 2437 715 (77)
2483 646 2770 717 θεωρεῖται
2812 648 2917 700 ὑπὸ
2947 648 3246 718 ποιμένων,
3275 651 3370 704 καὶ
3413 654 3781 722 προσδοκᾶται

2189 738 2293 791 ὑπὸ
2314 738 2560 808 Συμεὼν,
2590 741 2684 793 καὶ
2705 740 2810 792 ὑπὸ
2839 742 3040 811 ’Δννης
3067 746 3450 813 μαρτυρεῖται,
3484 746 3577 801 καὶ
3603 746 3782 818 ζητεῖ-

2188 846 2279 883 ται
2319 829 2424 885 ὑπὸ
2474 832 2687 899 μάγων,
2736 833 2830 885 καὶ
2877 832 3202 901 σημαίνεται
3253 834 3320 887 δι’
3373 836 3635 906 ἀστέρος,
3686 840 3782 893 καὶ

2191 921 2337 992 ὕδωρ
2370 925 2427 976 ἐν
2456 922 2657 993 γάμοις
2686 919 2827 977 οἶνον
2854 925 3258 995 ἀπεργάζεται,
3289 929 3385 981 καὶ
3407 927 3650 1002 θαλάττῃ
3677 932 3784 984 ὑπὸ

2193 1013 2316 1084 βίας
2350 1015 2572 1084 ἀνέμων
2609 1016 2904 1088 κινουμένῃ
2943 1019 3195 1089 ἐπιτιμᾷ,
3239 1021 3333 1072 καὶ
3373 1021 3468 1073 ἐπὶ
3503 1021 3785 1093 Θαλάσσης

2192 1110 2503 1175 περιπατεῖ,
2541 1108 2636 1159 καὶ
2679 1107 2879 1176 τυφλὸν
2923 1111 2988 1162 ὲκ
3015 1110 3281 1179 γεννητῖκ
3318 1111 3454 1181 ὁρᾷν
3480 1116 3655 1177 ποιεῖ,
3687 1114 3785 1166 καὶ

2190 1197 2383 1268 νεκρὸν
2412 1198 2666 1269 Λάζαρον
2706 1201 3084 1271 τετραήμερον
3132 1202 3326 1272 άνιστᾷ
3347 1244 3362 1266 ,
3393 1204 3487 1256 καὶ
3532 1205 3785 1268 ποικίλας

2187 1287 2448 1359 δυνάμεις
2490 1288 2668 1353 τελεῖ,
2707 1292 2801 1344 καὶ
2842 1292 3118 1362 ἁμαρτίας
3149 1292 3339 1364 ἀφίησι
3367 1336 3383 1359 ,
3409 1296 3503 1348 καὶ
3532 1295 3785 1360 ἐξουσίαν

2184 1381 2366 1435 δίδωσι
2394 1381 2685 1451 μαθηταῖς.
2702 1412 2770 1423 --
2792 1383 2902 1437 Τοῦ
2918 1384 3107 1438 αὐτοῦ
3128 1385 3195 1438 ἐκ
3211 1385 3317 1440 τοῦ
3340 1386 3529 1454 λόγου
3554 1388 3662 1441 τοῦ
3691 1390 3785 1453 εἰς

2182 1472 2294 1525 τὸν
2318 1473 2409 1541 κγ’
2439 1475 2707 1543 ψαλμόν.
2748 1475 3006 1546 Ἔρχεται
3036 1478 3129 1531 ἐπὶ
3154 1477 3254 1540 τὰς
3288 1478 3547 1548 οὐρανίας
3580 1478 3784 1547 πύλας,

486 1574 710 1644 ἄγγελοι
745 1572 895 1643 αύτῷ
934 1570 1301 1633 συνοδεύουσι,
1333 1569 1429 1622 καὶ
1492 1567 1881 1637 κεκλεισμέναι
1936 1565 2075 1618 εἰσὶν
2099 1565 2154 1618 αἱ
2192 1564 2362 1618 πύλαι
2406 1565 2517 1618 τῶν
2561 1566 2830 1637 οὐρανῶν.
2880 1568 3109 1622 Οὐδέπω
3165 1570 3275 1639 γὰρ
3317 1570 3661 1644 ἀναϐέϐηκεν
3700 1572 3786 1635 εἰς

485 1666 779 1738 οὐρανούς·
824 1666 1041 1736 πρῶτον
1085 1662 1182 1716 νῦν
1221 1661 1475 1730 φαίνεται
1504 1661 1626 1722 ταῖς
1656 1658 1926 1728 δυνάμεσι
1955 1660 2078 1720 ταῖς
2116 1657 2400 1728 οὐρανίαις
2430 1656 2568 1728 σὰρξ
2596 1658 2987 1714 άναὸαίνουσα.
3056 1661 3293 1730 Λέγεται
3313 1660 3409 1716 οὖν
3437 1666 3556 1727 ταῖς
3619 1665 3787 1719 δυνά.

488 1775 646 1830 μεσιν
681 1755 788 1809 ὑπὸ
813 1754 924 1808 τῶν
952 1752 1200 1821 ἀγγέλων
1236 1750 1346 1803 τῶν
1377 1748 1790 1820 προτρεχόντων
1827 1748 1919 1801 τὸν
1992 1748 2225 1819 Σωτῆρα
2286 1749 2382 1802 καὶ
2421 1748 2649 1820 Κύριον,
2701 1751 2908 1821 ’Ἄρατε
2973 1753 3150 1818 πύλας
3202 1757 3252 1808 οἰ
3303 1755 3566 1827 ἄρχοντες
3604 1758 3786 1827 ὑμῶν,

484 1856 581 1909 καὶ
608 1851 885 1923 ἑπάρθητε
917 1847 1082 1902 πύλαι
1117 1846 1327 1901 αἰώνιοι
1349 1884 1365 1910 ,
1403 1846 1499 1899 καὶ
1523 1845 1896 1899 εἰσελεύσεται
1923 1846 1952 1898 6
1986 1842 2242 1914 βασιλεὺς
2275 1844 2376 1914 τῆς
2407 1845 2586 1917 δόξης.
2628 1865 2645 1897 ι

487 1967 647 2043 134
687 1965 871 2021 Sancti
915 1962 1190 2043 Eustathii
1232 1962 1459 2043 episcopi
1503 1961 1814 2016 Antiocheni
1860 1970 1909 2013 et
1954 1976 2078 2019 con-

2188 1958 2297 2013 Τοῦ
2337 1960 2512 2028 ἁγίου
2541 1963 2880 2043 Εὑσταοίρυ
2919 1962 3259 2043 ξπισπόξτου
3291 1966 3657 2036 Ἀντιοχείας
3682 1970 3791 2022 καὶ

1163 2031 1392 2101 fessaris.

551 2152 617 2208 In
659 2151 1026 2221 inscriptiones
1071 2146 1370 2202 titulorum.
1442 2145 1544 2200 Hic
1598 2145 1765 2216 igitur
1826 2144 2083 2215 praedixit

480 2246 602 2301 fore
642 2253 701 2300 ut
732 2243 804 2298 in
843 2242 1048 2296 throno
1090 2247 1283 2295 sancto
1321 2238 1561 2301 sederet,
1595 2236 1915 2308 signiﬁcans
1951 2252 2080 2292 cum

482 2341 542 2395 in
572 2338 764 2394 eodem
807 2337 1011 2391 throno
1046 2348 1173 2388 cum
1206 2332 1557 2387 divinissimo
1589 2331 1803 2401 Spiritu
1840 2331 2081 2386 colloca-

482 2437 601 2483 tum
638 2441 782 2489 esse,
815 2431 1046 2495 prepter
1081 2424 1256 2478 Deum
1303 2422 1358 2476 in
1402 2423 1523 2492 ipso
1560 2422 1780 2477 assidue
1822 2422 2081 2476 habitan-

482 2530 617 2576 tem.
651 2550 722 2559 --
756 2517 1032 2588 Ejusdem,
1069 2532 1134 2569 ea:
1168 2517 1410 2570 oratione
1445 2515 1507 2568 de
1539 2516 1742 2569 animo.
1768 2514 1911 2569 Ante
1949 2528 2080 2584 pas-

480 2612 696 2668 sionem
734 2609 960 2681 quidem
999 2607 1210 2678 ubique
1252 2607 1599 2677 corporalem
1642 2623 1797 2662 suam
1842 2616 2080 2661 mortem

480 2705 772 2780 praedixit,
823 2701 1159 2757 tradendum
1208 2716 1268 2755 se
1313 2700 1701 2757 sacerdotibus
1752 2701 1971 2765 dicens,
2025 2709 2084 2756 et

479 2796 666 2853 erucis
694 2795 1002 2865 trophaeum
1039 2792 1399 2848 annuntians.
1430 2792 1561 2847 Post
1586 2792 1900 2862 passionem
1924 2807 2079 2857 vero,

456 2903 608 2955 _cum
642 2885 810 2941 tertio
842 2885 932 2939 die
972 2883 1372 2938 resurrexisset
1395 2899 1425 2937 a
1452 2883 1709 2949 mortuis,
1734 2893 1791 2939 et
1813 2883 1881 2938 de
1907 2884 2084 2954 ipsius

479 2978 893 3037 resurrectione
940 2975 1262 3031 dubitarent
1306 2974 1601 3046 discipuli,
1649 2991 1924 3045 apparens
1975 2975 2085 3031 illis

482 3072 539 3127 in
576 3069 774 3125 eodem
816 3080 1073 3138 corpore,
1117 3080 1344 3120 carnem
1390 3073 1561 3120 totam
1604 3081 1732 3120 cum
1768 3065 1990 3120 ossibus
2024 3080 2084 3120 se

481 3164 691 3221 habere
732 3160 1025 3232 proﬁtetur
1059 3175 1072 3211 :
1107 3157 1285 3214 oculis
1325 3173 1459 3212 vero
1500 3158 1722 3212 illorum
1767 3155 2080 3227 perfossum

480 3258 630 3314 latus
661 3253 951 3326 objiciens,
988 3251 1234 3322 ipsorum
1274 3266 1497 3321 quoque
1531 3251 1811 3305 clavorum
1847 3250 2082 3320 vestigia

2787 2035 3183 2103 ὁμολογητοῦ.

2250 2147 2353 2213 Εἰς
2375 2145 2486 2217 (78)
2520 2146 2626 2213 τὰς
2652 2147 2985 2218 ἐπιγραφὰς
3008 2149 3118 2219 τῆς
3147 2155 3621 2223 στηλογραφίας.
3672 2153 3790 2208 Ἐν-

2182 2238 2376 2291 τεῦθεν
2420 2239 2599 2292 τοίνυν
2646 2240 2739 2293 ἐπὶ
2773 2239 2966 2313 θρόνου
3019 2242 3372 2314 προύγραφεν
3412 2247 3572 2298 αὐτὸν
3618 2246 3788 2315 ἁγίου

2183 2328 2553 2396 καθέζεσθαι,
2598 2329 2775 2400 δηλῶν
2825 2332 2909 2384 ὅτι
2952 2332 3241 2404 σύνθρονος
3287 2336 3657 2391 ἀποδέδεικται
3700 2338 3788 2409 τῷ

2184 2421 2446 2492 θειοτάτῳ
2483 2422 2765 2494 Πνεύματι
2791 2464 2806 2489 ,
2855 2423 2943 2477 διὰ
2981 2425 3075 2477 τὸν
3106 2426 3361 2480 οἰκοῦντα
3388 2428 3498 2500 (79)
3538 2430 3672 2483 Θεὸν
3721 2433 3790 2484 ἐν

2182 2513 2329 2585 αὐτῷ
2364 2515 2648 2584 διηνεκῶς.
2677 2545 2743 2555 ——
2771 2515 2886 2570 Τοῦ
2910 2518 3099 2572 αὑτοῦ
3120 2560 3134 2581 ,
3168 2519 3237 2572 ἐκ
3272 2521 3379 2575 τοῦ
3407 2522 3534 2590 περὶ
3569 2522 3789 2593 ψυχῆς

2182 2607 2390 2675 λόγου.
2421 2602 2535 2679 Πρὸ
2560 2607 2658 2676 μὲν
2689 2607 2782 2661 τοῦ
2816 2609 3022 2674 πάθους
3051 2612 3312 2665 ἑκάστοτε
3336 2612 3426 2665 τὸν
3463 2615 3790 2684 σωματικὸν

2183 2698 2350 2752 αὑτοῦ
2383 2699 2653 2770 προύλεγε
2697 2701 2949 2769 θάνατον,
3000 2706 3114 2767 τοῖς
3147 2705 3292 2774 ἀμφὶ
3324 2707 3452 2769 τοὺς
3485 2707 3789 2779 ἀρχιερέας

2182 2791 2573 2863 ἐκδοθήσεσθαι
2608 2794 2854 2861 φάσκων,
2884 2797 2978 2848 καὶ
3010 2794 3072 2848 τδ
3106 2796 3198 2849 τοῦ
3241 2798 3478 2869 σταυροῦ
3514 2801 3792 2871 τρόπαιον

2182 2882 2565 2952 ἀπαγγέλλων.
2616 2883 2776 2938 Μετὰ
2807 2884 2862 2937 δὲ
2910 2884 2972 2938 τὸ
3012 2884 3228 2949 πάθος,
3265 2889 3509 2957 τριταῖος
3557 2891 3624 2943 ἐκ
3669 2891 3792 2945 τῶν

2184 2976 2393 3047 νεκρῶν
2430 2975 2692 3042 ἀναστὰς,
2728 2977 3115 3042 ὲνδοιαζόντων
3145 2979 3309 3032 αὐτὸν
3338 2982 3641 3054 ὲγηγέρθαι
3671 2985 3791 3038 τῶν

2188 3068 2467 3140 μαθητῶν,
2498 3071 2783 3139 ἐπιφανεὶς
2806 3072 2993 3136 αὐτοῖς
3014 3072 3166 3143 αὐτῷ
3192 3071 3429 3142 σώματι,
3467 3074 3645 3147 σάρκα
3679 3077 3790 3146 μὲν

2185 3162 2405 3215 ἃπασαν
2460 3162 2555 3215 σὺν
2603 3163 2810 3228 ὀστέοις
2856 3163 3002 3235 ἔχειν
3052 3164 3308 3235 ὁμολογεῖ
3340 3167 3491 3238 (80),
3547 3171 3671 3234 ταῖς
3726 3171 3789 3223 δὲ

2184 3254 2340 3325 ὄψεσι
2369 3254 2574 3308 τούτων
2620 3255 2720 3318 τὰς
2762 3256 3111 3329 τετρωμένας
3147 3257 3466 3313 ὐποὸάλλων
3503 3260 3786 3334 πλευρὰς,

481 3312 752 3406 ostendit:
776 3376 846 3385 —-
874 3312 1149 3415 Ejusdem,
1178 3359 1242 3397 ex
1271 3312 1512 3397 s-erm-one
1538 3343 1591 3396 in
1621 3340 1758 3395 illud
1789 3358 1806 3395 :
1847 3359 1864 3392 ι
1895 3312 2084 3396 Domi-

2228 3312 2240 3325 .
2702 3312 2717 3318 -
2863 3312 2875 3329 .
2945 3312 2956 3326 .
3092 3312 3109 3321 -
3619 3312 3785 3334 Ἱππ,

2188 3345 2428 3408 καὶτοὺς
2472 3345 2677 3409 τύπους
2706 3346 3021 3416 αύτῶνςξζί)
3068 3347 3411 3403 ύποδεικνύει
3459 3349 3568 3404 τῶν
3607 3350 3785 3420 ἥλων.

482 3455 592 3497 nus
634 3439 844 3495 creavit
889 3454 977 3493 me
1023 3437 1244 3492 initium
1280 3438 1496 3491 viarum
1542 3452 1767 3491 suarum
1796 3433 1865 3489 ".
1896 3456 1915 3488 ι
1962 3436 2083 3490 Non

482 3534 635 3589 enim
696 3532 835 3587 dixit
885 3531 1136 3596 Paulus,
1206 3530 1533 3585 Conformes
1597 3527 1737 3583 Filio
1784 3526 1906 3594 Dei,
1985 3526 2081 3583 sed

493 3650 510 3678 ι
537 3627 863 3684 Conformes
884 3625 1110 3695 imagini
1144 3623 1266 3679 Filii
1292 3621 1377 3677 sui
1403 3622 1469 3691 δ’,
1504 3641 1521 3673 ι
1554 3621 1700 3676 aliud
1729 3620 1935 3676 docens
1960 3636 2083 3675 esse

484 3720 716 3785 Filium,
763 3719 912 3774 aliud
963 3716 1260 3789 imaginem
1305 3716 1446 3786 ejus.
1488 3715 1625 3769 Nam
1673 3714 1866 3779 Filius,
1895 3714 2082 3769 divina

484 3820 727 3883 paterna:
762 3809 989 3864 virtutis
1028 3806 1264 3877 insignia
1295 3820 1519 3875 gerens,
1552 3803 1732 3874 imago
1765 3812 1850 3857 est
1880 3803 2079 3867 Patris,

484 3908 615 3975 quia
645 3904 854 3959 similes
878 3919 945 3957 ex
974 3901 1252 3956 similibus
1279 3898 1453 3969 geniti
1489 3897 1587 3952 lilii
1619 3913 1764 3953 vera:
1812 3896 2083 3969 imagines

485 4006 616 4052 sunt
648 4004 941 4061 parentum
974 4012 987 4046 :
1021 3993 1187 4047 homo
1232 4006 1385 4055 vero,
1414 4006 1577 4061 quem
1614 3990 1869 4061 gestavit,
1901 3990 2082 4060 imago

482 4099 570 4145 est
610 4089 756 4155 Filii,
786 4085 1064 4158 siquidem
1099 4101 1167 4139 ex
1207 4084 1570 4140 dissimilibus
1613 4099 1833 4155 quoque
1874 4082 2082 4138 colori-

486 4183 593 4238 bus
653 4181 709 4236 in
769 4195 897 4235 cera
966 4176 1124 4251 135
1175 4177 1480 4248 pinguntur
1537 4175 1807 4248 imagines
1847 4192 1861 4229 :
1895 4183 1952 4229 et
1995 4173 2084 4229 has

486 4271 712 4344 quidem
768 4285 935 4324 manu
991 4269 1334 4337 formantur,
1393 4269 1512 4325 aliae
1568 4284 1704 4324 vero
1763 4276 1960 4323 natura
2027 4276 2084 4323 et

485 4363 850 4420 similitudine
887 4362 1047 4417 fiunt.
1082 4362 1355 4418 Praeterea
1398 4361 1486 4417 lex
1525 4361 1644 4433 ipsa
1688 4359 1942 4416 veritatis
1974 4359 2083 4414 hoc

486 4457 753 4513 declarat.
787 4454 910 4510 Non
952 4454 1101 4509 enim
1136 4453 1496 4525 incorpbreus
1530 4452 1816 4524 sapientia:
1838 4451 2084 4521 Spiritus

486 4545 788 4604 conformis
830 4554 915 4601 est
952 4546 1235 4615 corporeis
1276 4546 1598 4601 hominibus
1638 4561 1651 4597 :
1700 4543 1797 4598 sed
1836 4543 1928 4611 qui
1984 4558 2085 4613 per

2183 3466 2249 3478 -—
2284 3437 2395 3491 Τοῦ
2439 3437 2626 3492 αὐτοῦ
2662 3439 2730 3491 ἐκ
2776 3438 2880 3492 τοῦ
2905 3441 3093 3508 λόγου
3123 3440 3229 3493 τοῦ
3255 3443 3342 3507 εἰς
3375 3440 3476 3505 τὸ,
3523 3461 3542 3493 ι
3575 3443 3790 3514 Κύριος

2185 3527 2368 3583 έκτισέ
2401 3548 2467 3600 με
2497 3530 2674 3601 ἀρχὴν
2701 3530 2836 3583 ὁδῶν
2863 3530 3052 3584 αὑτοῦ.
3103 3551 3119 3583 ι
3156 3534 3230 3585 Οὐ
3261 3533 3369 3604 γάρ
3398 3528 3549 3588 εἶπεν
3577 3536 3605 3590 6
3637 3536 3791 3589 Παῦ-

2183 3620 2294 3688 λος,
2349 3624 2717 3695 Συμμόρφους
2734 3622 2829 3677 τοῦ
2858 3624 2991 3677 Υίοῦ
3046 3624 3139 3678 τοῦ
3190 3626 3349 3690 Θεοῦ,
3387 3628 3541 3693 ἀλλὰ,
3577 3648 3596 3680 ι
3635 3630 3791 3699 Συμ-

2189 3715 2431 3786 μόρφους
2467 3715 2566 3784 τῆς
2602 3717 2811 3778 εἰκόνος
2838 3715 2932 3769 τοῦ
2965 3714 3097 3769 Υἰοῦ
3148 3718 3337 3783 αὐτοῦ,
3380 3739 3395 3769 ι
3444 3719 3570 3775 ἄλλο
3598 3721 3699 3791 μέν
3731 3740 3789 3776 τι

2182 3805 2447 3861 δεικνύων
2477 3806 2569 3860 τὸν
2594 3807 2723 3860 Υἱόν
2766 3804 2905 3862 εἶναι
2929 3846 2944 3870 ,
2985 3806 3115 3862 ἄλλο
3140 3809 3196 3861 δὲ
3234 3811 3333 3882 τὴν
3361 3812 3547 3865 εἰκόνα
3589 3812 3786 3868 αὐτοῦ.

2196 3901 2255 3955 Ὀ
2290 3900 2388 3971 μὲν
2418 3901 2528 3972 γὰρ
2565 3900 2715 3965 Υἱὸς,
2744 3901 2812 3953 τὰ
2837 3900 2957 3954 θεῖα
2989 3903 3086 3973 τῆς
3116 3903 3375 3973 πατρῴας
3404 3907 3607 3977 ἀρετῆς
3638 3924 3790 3976 γνω-

2188 3995 2430 4066 ρίσματα
2458 3993 2662 4065 φέρων,
2698 3993 2863 4046 εἰκών
2903 3997 3019 4048 ἐστι
3066 3996 3159 4049 τοῦ
3194 3998 3435 4070 Πατρός
3473 4000 3662 4073 ἐπειδὴ
3687 4001 3792 4055 καὶ

2184 4086 2361 4156 ὅμοιοι
2401 4083 2460 4148 ἐξ
2492 4086 2698 4156 ὁμοίων
2741 4085 3106 4156 γεννώμενοι,
3143 4089 3350 4153 εἰκόνες
3386 4091 3434 4142 οἱ
3469 4090 3793 4160 τικτόμενα

2186 4176 2471 4246 φαίνονται
2501 4175 2611 4229 τῶν
2645 4177 2988 4250 γεννητόρων
3024 4177 3264 4250 ἀληθεῖς.
3313 4180 3373 4232 '0
3413 4180 3469 4233 δὲ
3494 4180 3793 4252 ἅνθρωπος

2183 4267 2243 4322 ὃν
2274 4269 2557 4340 ἐφόρεσεν,
2602 4268 2767 4323 εἰκών
2818 4273 2933 4323 ἐστι
2960 4271 3054 4324 τοῦ
3086 4271 3218 4325 Υίοῦ
3244 4313 3258 4337 ,
3300 4273 3394 4327 τοῦ
3426 4273 3536 4345 (82)
3582 4274 3676 4329 καὶ
3725 4276 3791 4343 ἐξ

2184 4359 2457 4430 ἀνομοίων
2472 4360 2944 4433 κηρογραφεωθαι
2965 4363 3278 4433 χρωμάτων
3299 4364 3537 4426 εἰκόνας
3559 4365 3652 4418 καὶ
3681 4366 3793 4429 τὰς

2190 4452 2288 4524 μὲν
2342 4447 2483 4506 εἶναι
2535 4453 2683 4506 θέσει
2732 4454 3146 4526 χειροτεύκτους
3175 4498 3188 4519 ,
3240 4456 3339 4520 τὰς
3385 4456 3440 4512 δὲ
3486 4456 3646 4528 φύσει
3685 4458 3793 4512 καὶ

2185 4543 2462 4614 ὁμοιότητι
2502 4545 2898 4618 γεγενημένας.
2945 4546 3154 4610 ’Λλλως
3186 4564 3244 4600 τε
3290 4548 3384 4601 καὶ
3422 4548 3584 4632 αύτὸς
3615 4550 3643 4601 6
3682 4547 3795 4619 τῆς

487 4636 755 4709 Spiritum
811 4636 1079 4691 formatus
1118 4646 1204 4693 est
1250 4636 1418 4692 homo
1466 4635 1776 4698 character,
1816 4633 1911 4702 qui
1961 4633 2085 4688 aliis

2189 4633 2449 4704 ἀληθείας
2477 4635 2621 4687 τοῦθ’
2654 4636 2987 4710 ὑπαγορεύει
3018 4638 3243 4709 θεσμός.
3294 4639 3368 4694 Ού
3407 4639 3515 4712 γὰρ
3546 4640 3606 4691 τὸ
3634 4640 3792 4692 ἀσώ-

486 4729 747 4786 omnihns
798 4728 953 4800 paria
1005 4744 1241 4784 numero
1285 4726 1537 4782 membra
1583 4724 1752 4796 gerit,
1807 4733 1863 4779 et
1914 4724 2081 4779 simili

487 4824 664 4877 forma
690 4820 925 4877 vestitus
952 4829 1055 4876 est.
1078 4851 1148 4861 -—
1172 4819 1448 4890 Ejusdem,
1477 4832 1542 4870 ea:
1586 4815 1772 4870 eadem
1818 4818 2078 4871 oratione.

488 4915 647 4982 Quod
684 4925 866 4969 autem
904 4926 1107 4984 corpus
1141 4912 1290 4965 dicat
1322 4910 1606 4964 conformo
1647 4908 1905 4964 humanis
1935 4925 2078 4977 esse,

489 5009 738 5078 apertius
764 5023 868 5062 nos
900 5006 1067 5061 docet
1099 5003 1351 5058 scribens
1370 5001 1437 5055 ad
1462 5000 1846 5071 Philippenses
1873 5021 1885 5056 :
1922 5022 1938 5054 ε
1967 5004 2080 5057 Νοο

489 5108 602 5153 stra
635 5096 1010 5159 conversatio,
1038 5094 1238 5163 inquit,
1266 5093 1325 5146 in
1349 5093 1490 5147 cmlo
1511 5100 1615 5155 est,
1649 5108 1714 5147 ex
1740 5110 1849 5164 quo
1877 5103 1932 5149 et
1959 5094 2080 5151 Sal-

489 5200 740 5245 vatorem
783 5194 1167 5259 exspectamus
1217 5183 1512 5238 Dominum
1543 5184 1732 5240 Jcsum
1772 5185 2078 5253 Christum,

2196 4742 2366 4796 ματον
2395 4726 2494 4796 τῆς
2521 4728 2710 4797 σοφίας
2756 4729 2974 4802 πνεῦμα
3022 4730 3345 4802 σύμμορφον
3388 4734 3502 4797 τοῖς
3551 4750 3798 4802 σωματι-

2191 4820 2308 4881 κοῖς
2345 4817 2653 4890 ἀνθρώποις
2683 4820 2853 4886 ἐστὶν,
2889 4822 2999 4875 ἀλλ’
3033 4825 3062 4876 6
3100 4821 3179 4895 τῷ
3221 4823 3500 4893 Πνεύματι
3533 4841 3799 4895 σωματο-

2192 4912 2436 4983 ποιηθεὶς
2469 4911 2755 4985 ἄνθρωπος
2797 4913 3088 4987 χαρακτὴρ
3109 4956 3123 4978 ,
3151 4916 3179 4967 6
3211 4916 3323 4979 τοῖς
3362 4914 3544 4980 ἄλλοις
3575 4916 3795 4972 ἅπασιν

2194 5002 2458 5079 ἰσάριθμα
2487 5003 2625 5077 μέλη
2662 5004 2866 5078 φορῶν,
2884 5006 2978 5059 καί
2991 5006 3089 5079 τὴν
3115 5008 3308 5078 ὁμοίαν
3341 5007 3593 5071 ἑκάστοις
3621 5026 3800 5079 περι-

2189 5096 2527 5167 ϐεϐλημένος
2600 5097 2765 5152 ἰδέαν.
2793 5127 2862 5136 -
2893 5098 3001 5152 Τοῦ
3047 5096 3270 5159 αὐτοῦ.
3338 5100 3406 5154 ἐκ
3444 5100 3548 5154 τοῦ
3593 5100 3799 5155 αὑτοῦ

2188 5189 2397 5258 λόγου.
2443 5188 2570 5242 Ὅτι
2608 5189 2665 5243 δὲ
2702 5188 2764 5246 τὸ
2794 5190 2956 5261 σῶμα
3001 5191 3151 5262 λέγει
3189 5192 3515 5265 σύμμορφον
3547 5194 3661 5256 τοῖς
3691 5192 3801 5245 ἀν-

565 5343 612 5377 ⁸⁰
641 5340 784 5397 Psal.
825 5355 976 5402 xum,
1003 5339 1054 5393 7.
1133 5339 1177 5371 ³⁸
1204 5339 1366 5394 Prov.
1413 5356 1529 5405 vni,
1558 5340 1646 5394 22.
1726 5342 1774 5373 ⁸⁸
1805 5341 1966 5397 Rom.
2002 5357 2117 5407 vm,
2152 5342 2243 5398 29.

567 5458 680 5529 (77)
716 5460 809 5529 καὶ
839 5456 1003 5528 θεωρ.
1025 5456 1137 5529 67:6
1166 5473 1322 5525 ποιμ.
1360 5455 1487 5529 HERC
1514 5474 1585 5512 an
1617 5457 1783 5529 liuius
1808 5459 1917 5514 loci
1950 5460 2083 5526 sint,

494 5526 739 5587 dubitari
772 5526 971 5598 potest.
1008 5526 1305 5598 Aberanta
1332 5528 1589 5583 versione
1622 5526 1866 5584 lle'rveti.

570 5598 699 5672 (78)_
711 5597 792 5672 εἰς
816 5617 872 5652 κ.
905 5616 968 5672 τ.
987 5597 1037 5651 λ.
1073 5597 1237 5672 Plura
1260 5597 1426 5672 hujus
1449 5599 1635 5672 operis
1658 5599 1963 5672 fragmenta
1987 5615 2087 5654 ex-

497 5667 655 5744 hibet
668 5667 919 5744 dialogus
939 5669 992 5744 ξ,
1017 5668 1113 5744 sed
1136 5667 1240 5723 sub
1278 5667 1440 5723 titulo
1456 5667 1615 5739 λόγου
1638 5672 1718 5734 εἰς
1737 5667 1837 5734 τὰς
1858 5674 2087 5744 ἐπιγρα-

503 5740 610 5810 φὰς
632 5739 744 5803 τῶν
777 5738 982 5794 ἀναϐαθ
991 5738 1124 5808 μῶν.

578 5810 688 5882 (79)
719 5812 825 5866 οἰκ.
871 5810 1029 5883 Apud
1078 5810 1295 5866 Fabric.
1333 5808 1580 5866 Biblioth.
1641 5809 1758 5880 Gn,
1798 5811 1907 5869 vol.
1942 5811 2082 5880 Vill,

2186 5474 2242 5530 ι).
2270 5460 2403 5534 1185.
2438 5463 2552 5534 leg.
2583 5462 2917 5519 ἐνοικοῦντα.

2407 5530 2515 5606 ὁμξ
2536 5532 2684 5589 Loco
2711 5536 2824 5605 jam
2862 5535 2956 5590 cit.
2993 5539 3078 5589 est
3113 5535 3403 5606 ὡμολόγει.

2257 5601 2372 5726 με)
2408 5601 2529 5657 αὖτ,
2585 5606 2688 5660 Ed.
2713 5601 2886 5661 'Rom.
2925 5614 2982 5661 et
3016 5601 3176 5677 Lips.
3225 5601 3412 5662 αὐτοῦ.
3446 5609 3523 5664 lta
3559 5624 3801 5681 quoque

2184 5670 2403 5748 Fauric.
2432 5673 2580 5748 l.~c.,
2607 5691 2664 5748 p.
2700 5675 2823 5748 188.
2880 5745 2920 5748 ῲ
3036 5746 3045 5748 ν
3306 5747 3311 5748 ί

2256 5715 2823 5811 ὣέῖτζέᾯῖᾭῖυνξ

2279 5742 2367 5821 ὃξ)
2406 5743 2499 5797 τοῦ
2555 5742 2627 5802 κ.“
2672 5765 2723 5801 τ.
2791 5745 2843 5799 λ.
2880 5745 3165 5806 Excidisse
3227 5747 3451 5806 videtur
3512 5752 3804 5821 particula

2183 5814 2455 5883 qutedam.
