4090 6432
368 409 466 475 I77

1416 420 1843 487 .‘DIALOGUS
1880 421 1961 481 ΙΙ.
2002 446 2072 455 -
2112 422 2610 487 INCONFUSUS.

3567 426 3683 493 178-

365 522 672 593 θρωπίνοις
705 518 881 587 εἶναι,
923 526 1265 598 σαφέστερον
1313 529 1461 600 ἡμᾶς
1499 530 1744 583 διδάσκει
1792 532 1980 585 Φιλιπ-

2081 533 2177 602 qui
2212 534 2628 607 transﬁgurabit
2663 553 2868 608 corpus
2897 537 3229 593 humilitatis
3258 547 3481 602 nostra,
3508 546 3571 592 ut
3601 539 3674 593 sit

368 616 595 686 πησίοις
636 616 993 669 ἐπιστέλλων·
1037 637 1055 668 ι
1107 618 1296 689 Ἥμῶν
1326 620 1387 674 τὸ
1434 621 1760 693 πολίτευμα,
1791 624 1979 694 φησὶν,

370 710 429 760 ἐν
462 708 721 780 οὐρανοῖς
771 708 1039 779 ὑπάρχει,
1077 709 1140 776 ἐξ
1169 704 1243 765 ὧν
1276 714 1370 768 καὶ
1404 713 1636 787 Σωτῆρα
1682 716 1984 787 ἀπεκδεχό-

372 797 517 868 μεθα
548 797 759 871 Κύριον
798 800 1011 869 Ἰησοῦν
1043 802 1298 873 Χριστὸν.
1334 804 1394 867 ὃς
1423 808 1896 877 μετασχηματίσει
1924 808 1984 862 τὺ

371 888 536 956 σῶμα
564 889 667 960 τῆς
719 892 1111 955 ταπεινώσεως
1138 891 1322 964 ἡμῶν,
1356 896 1436 959 εἰς
1465 894 1527 948 τὸ
1560 897 1815 965 γενέσθαι
1853 898 1985 951 αὐτὸ

371 977 709 1051 σῦμμορφον
755 981 833 1051 τῷ
872 981 1088 1052 σώματι
1116 985 1216 1054 τῆς
1251 985 1407 1055 δόξης
1444 986 1634 1040 αὐτοῦ.
1673 1006 1693 1039 ι
1736 989 1795 1040 Ei
1826 987 1882 1041 δὲ
1924 988 1986 1043 τὸ

370 1072 635 1153 ταπεινὸν
690 1076 1195 1145 μετασχηματίζων
1253 1077 1362 1130 τῶν
1426 1078 1734 1149 ἀνθρώπων
1787 1078 1980 1150 σῶμα,

375 1162 710 1234 σύμμορφον
749 1163 830 1234 τῷ
886 1165 1000 1236 ίδίῳ
1057 1164 1272 1238 σώματι
1320 1170 1762 1235 κατασκευάζει,
1815 1168 1984 1235 ἕωλος

374 1255 723 1326 πανταχόθεν
772 1256 1158 1311 ἀποδέδεικται
1192 1261 1224 1330 ἡ
1258 1258 1368 1314 τῶν
1408 1261 1671 1315 ἐναντίων
1720 1279 1985 1332 συκοφανο

373 1346 482 1401 τία.
517 1378 589 1387 -
646 1349 760 1403 Τοῦ
804 1351 1024 1416 αὐτοῦ,
1082 1352 1153 1408 ἐκ
1190 1353 1301 1407 τοῦ
1348 1356 1537 1410 αὑτοῦ
1575 1356 1785 1426 λόγου.
1840 1338 1985 1409 Ἀλλ’

373 1436 561 1510 ὥσπερ
602 1440 669 1492 ὲκ
698 1440 804 1509 τῆς
834 1440 1114 1514 Παρθένου
1146 1444 1360 1514 τεχθεὶς
1387 1447 1416 1499 6
1446 1445 1738 1519 ἄνθρωπος
1784 1449 1849 1502 ὲκ
1880 1465 1983 1517 γυ-

373 1528 560 1592 ναικὸς
605 1528 832 1599 λέγεται
878 1534 1200 1601 γεγονέναι,
1230 1534 1374 1590 οὕτω
1418 1537 1483 1609 δὴ
1535 1539 1630 1592 καὶ
1673 1538 1779 1592 ὑπὸ
1819 1540 1983 1610 νόμον

372 1625 708 1695 γεγενῆσθαι
753 1628 1031 1699 γράφεται
1072 1630 1154 1702 τῷ
1191 1632 1280 1701 διᾲ
1315 1633 1424 1687 τῶν
1461 1634 1704 1704 νομικῶν
1746 1632 1859 1687 ἐσθ’
1892 1633 1982 1689 ὅτε

376 1717 600 1787 βαδίσαι
620 1720 980 1789 μηνυμάτων.
1020 1721 1217 1777 Ὁπότε
1244 1725 1481 1796 μάλιστα
1503 1726 1668 1779 παῖδα
1694 1726 1793 1797 μὲν
1817 1727 1982 1782 αὐτὸν

380 1808 516 1860 ὖντα
563 1810 905 1882 δκταήμερον
951 1813 1252 1885 προθύμως
1300 1815 1351 1871 οἱ
1396 1820 1576 1885 γονεῖς
1625 1818 1981 1889 περιτέμνειν

2086 624 2264 695 ipsum
2308 627 2590 684 conforme
2636 631 2853 701 corpori
2894 631 3080 703 gloria:
3100 628 3386 700 ipsius“.i
3406 634 3422 652 ‘
3442 628 3599 695 Quod
3625 628 3673 683 si

2085 715 2296 773 humile
2352 734 2555 791 corpus
2604 722 2890 777 hominum
2944 722 3339 794 transﬁgurans
3389 720 3674 777 conformo

2086 812 2311 882 proprio
2357 814 2575 885 corpori
2622 815 2810 881 eﬂicit,
2845 832 2985 871 vana
3026 831 3256 888 prorsus
3296 815 3674 871 demonstrata

2086 914 2171 959 est
2198 906 2639 962 adversariorum
2674 910 2972 965 calumnia.
2997 939 3070 950 -—
3088 910 3366 981 Ejusdem,
3404 924 3467 963 ex
3488 907 3674 961 cadent

2088 998 2345 1051 oratione.
2371 998 2480 1055 Sed
2494 1002 2960 1070 quemadmodum
2989 1019 3056 1056 ex
3077 1004 3476 1072 Virgineuatus
3506 1001 3675 1055 homo
3704 1074 3707 1079 Ι

2086 1103 2154 1143 ex
2185 1089 2423 1144 muliere
2439 1090 2638 1148 dicitur
2654 1093 3136 1152 factusessezli‘ita
3161 1102 3217 1149 et
3237 1095 3340 1148 sub
3362 1094 3479 1163 lege
3497 1093 3679 1149 factus

2088 1180 2592 1250 essedicitur,quia
2618 1195 2717 1251 per
2736 1182 3271 1253 legaliaquandoque
3293 1194 3562 1254 praecepta
3589 1183 3674 1237 in-

2088 1273 2275 1338 cessit,
2292 1282 2352 1329 ut
2372 1288 2499 1328 eum
2520 1272 2786 1329 infantem
2812 1275 2991 1346 ipsum
3008 1284 3135 1331 octo
3168 1276 3386 1331 dierum
3414 1284 3676 1346 parentes

2087 1363 2485 1419 circumcidere
2498 1375 2753 1435 prompto
2769 1366 2955 1423 studio
2971 1368 3322 1431 festinarunt,
3340 1366 3487 1423 sicut
3499 1366 3676 1421 Lucas

2085 1456 2422 1528 evangelista
2436 1456 2603 1513 tradit
2617 1476 2630 1512 :
2644 1478 2662 1509 ι
2691 1459 2882 1514 Postea
2891 1459 3062 1515 etiam
3081 1459 3412 1529 intemplum
3431 1458 3677 1514 adduxe-

2085 1556 2237 1613 runt,
2252 1557 2312 1603 ut
2334 1549 2596 1605 sisterent
2610 1566 2738 1606 eum
2768 1550 3003 1606 Domino
3019 1551 3422 1622 puriﬁcationis
3442 1550 3675 1606 oblatio-

2083 1657 2209 1697 nem
2239 1652 2590 1713 peragentes,
2615 1651 2676 1698 ut
2702 1643 2942 1699 hostiam
2972 1644 3189 1708 darent,
3228 1643 3372 1699 sicut
3403 1642 3671 1714 scriptum

2082 1742 2167 1790 est
2201 1732 2256 1787 in
2281 1734 2649 1805 legeDomini,
2669 1749 2768 1805 par
2792 1743 3097 1794 turturum,
3115 1742 3211 1789 aut
3225 1734 3365 1790 duos
3383 1733 3567 1804 pullos
3580 1748 3671 1789 co-

2084 1819 2481 1876 lumbarum".
2495 1841 2512 1873 ι
2532 1821 2589 1876 Si
2606 1837 2737 1893 ergo
2747 1822 3093 1893 purgationis
3116 1838 3348 1879 munera
3365 1822 3670 1878 secundum

385 1900 689 1971 ἠπείγοντο,
714 1903 973 1972 καθάπερ
992 1908 1021 1959 6
1046 1907 1439 1979 εὐαγγελιστὴς
1462 1909 1711 1963 ἐκδίδωσι
1739 1912 1975 1975 Λουκᾶς·

2080 1911 2257 1982 legem
2298 1929 2398 1984 pro
2429 1915 2549 1984 ipso
2575 1914 2759 1970 oblata
2775 1924 2924 1980 sunt,
2952 1924 3009 1970 et
3033 1915 3213 1970 octavi
3237 1915 3351 1970 diei
3377 1915 3671 1971 circumci-

385 2011 407 2041 ε
444 1993 540 2056 Ei;
563 1993 617 2046 δὲ
662 1994 724 2075 τὸ
754 1996 901 2068 ἱερὸν
929 1998 1135 2069 ἀνῆγον
1177 2001 1471 2071 μετέπειτα
1519 2004 1869 2074 παραστῆσαι
1902 2003 1980 2074 τῷ

374 2087 566 2159 Κυρίῳ
589 2128 605 2148 ,
633 2089 734 2154 τὰς
768 2091 1105 2164 καθαρσίους
1143 2096 1516 2162 ἐπιτελοῦντες
1551 2098 1848 2170 ἀναφορὰς,
1884 2097 1977 2152 τοῦ

364 2178 553 2234 δοῦναι
587 2181 784 2237 θυσίαν
820 2187 963 2241 κατά
1006 2186 1068 2241 τὸ
1105 2189 1396 2260 εἰρημένον
1432 2192 1489 2243 ἐν
1535 2191 1686 2261 νόμῳ
1729 2192 1935 2262 Κυρίου
1960 2233 1975 2253 ,

363 2273 565 2342 ζεῦγος
600 2277 912 2347 τρυγόνων,
959 2278 993 2350 ἢ
1028 2279 1123 2333 δύο
1153 2284 1405 2347 νεοσσοὺς
1441 2283 1803 2355 περιστερῶν.
1851 2304 1866 2335 ο
1913 2285 1976 2339 Εἰ

357 2364 545 2419 τοίνυν
564 2368 637 2420 τα
666 2366 945 2439 καθάρσια
968 2370 1123 2441 δῶρα
1153 2371 1294 2426 κατά
1324 2375 1415 2427 τὸν
1447 2374 1611 2445 νόμον
1641 2374 1781 2446 ὑπὲρ
1806 2373 1970 2429 αὐτοῦ

362 2459 792 2530 προσεφέρετο,
844 2462 940 2515 καὶ
996 2462 1298 2534 περιτομὴν
1342 2466 1689 2537 όκταήμερον
1746 2465 1975 2536 ἐφόρει,

358 2549 539 2622 ταύτῃ
567 2552 669 2604 καὶ
685 2552 794 2605 ὑπὸ
815 2554 984 2623 νόμον
1006 2555 1169 2608 αὐτὸν
1194 2557 1295 2609 οὐκ
1318 2558 1624 2622 ἀπεικότως
1644 2556 1976 2627 γεγενῆσθαι

2075 2003 2287 2061 sionem
2309 2006 2557 2075 pertulit,
2605 2007 2764 2079 136
2787 2022 2895 2061 non
2913 2008 3014 2062 abs
3053 2024 3112 2062 re
3131 2008 3235 2062 hac
3266 2008 3336 2063 de
3367 2022 3532 2063 causa
3565 2008 3670 2063 sub

2076 2096 2196 2167 lege
2215 2098 2422 2152 factum
2438 2114 2559 2154 esse
2579 2100 2734 2154 illum
2750 2101 3016 2171 scriptum
3036 2110 3139 2156 est.
3167 2101 3359 2171 Neque
3376 2118 3513 2156 vero
3532 2103 3670 2157 Ver-

2076 2186 2208 2242 bum
2232 2188 2554 2261 snbjacebat
2582 2189 2710 2261 legi,
2735 2201 2796 2245 ut
2819 2191 3120 2260 opinantur
3144 2191 3517 2263 sycophantae,
3543 2208 3673 2248 cum

2075 2280 2191 2351 ipse
2221 2280 2309 2335 lex
2342 2281 2415 2335 sit
2452 2298 2464 2334 :
2502 2297 2683 2353 neque
2711 2283 2857 2339 Deus
2891 2284 3175 2355 indigebat
3216 2284 3503 2341 sacriﬁciis
3536 2301 3671 2355 pur-

2077 2371 2355 2440 gantibus,
2386 2373 2482 2442 qui
2509 2374 2628 2428 solo
2653 2382 2790 2430 nutu
2822 2376 3007 2431 omnia
3037 2383 3235 2448 purgat
3262 2384 3318 2432 et
3343 2376 3669 2433 sanctiﬁcat.

2079 2462 2187 2518 Sed
2244 2465 2501 2535 quamvis
2554 2475 2898 2537 assumptum
2962 2484 3030 2524 ex
3084 2469 3308 2540 Virgine
3368 2470 3679 2525 humanum

2079 2568 2349 2623 organum
2380 2555 2634 2625 gestavit,
2669 2563 2727 2608 et
2759 2555 2863 2610 sub
2896 2556 3015 2626 lege
3047 2555 3227 2613 factus
3257 2566 3362 2621 est,
3393 2559 3671 2629 primoge-

358 2643 592 2712 γράφει.
626 2644 771 2699 Οὔτε
795 2646 855 2699 δὲ
881 2649 911 2700 6
935 2648 1111 2717 Λόγος
1130 2649 1387 2703 ὑπέκειτο
1412 2649 1490 2720 τῷ
1520 2649 1691 2720 νόμῳ,
1726 2648 1978 2719 καθάπερ

2079 2646 2322 2701 nitorum
2352 2646 2463 2701 ritu
2489 2656 2775 2718 purgatus,
2800 2663 2912 2702 non
2938 2649 3087 2718 quod
3116 2649 3233 2719 ipse
3264 2650 3541 2721 indigeret
3565 2652 3675 2706 hoc

360 2736 413 2788 οἱ
444 2738 797 2806 συκοφάνται
826 2738 1163 2806 δοξάζουσιν,
1204 2741 1371 2805 αὐτὸς
1408 2740 1485 2796 ὣν
1513 2744 1542 2796 6
1573 2741 1761 2811 νόμος,
1795 2739 1921 2793 οὔτε
1951 2739 1980 2791 6

2079 2737 2347 2803 remedio,
2382 2736 2480 2793 has
2507 2739 2866 2793 aeremonias
2910 2739 3177 2794 sustinuit
3205 2758 3218 2794 :
3246 2740 3345 2795 sed
3380 2751 3442 2796 ut
3473 2756 3503 2797 a
3536 2741 3677 2813 legis

361 2827 501 2891 Θεὸς
537 2830 722 2883 ὲδείτο
754 2829 1015 2901 θυμάτων
1046 2832 1382 2903 καθαρσίων,
1426 2831 1602 2904 ἀθρόᾳ
1634 2834 1768 2903 ῥιπῇ
1809 2828 1980 2884 καθα-

2079 2829 2348 2885 servitute
2390 2829 2691 2885 redimeret
2728 2844 2825 2884 eos
2863 2830 2957 2900 qui
2993 2831 3295 2888 venundati
3334 2841 3495 2888 erant
3534 2847 3671 2888 eon-

367 2918 537 2986 ρίζων
579 2918 849 2985 ᾶπαντα,
883 2923 979 2975 καὶ
1019 2922 1287 2992 ἁγιάζων.
1351 2924 1493 2977 Ἀλλ’
1537 2925 1585 2976 εί
1628 2923 1724 2977 καὶ
1771 2924 1836 2976 ἐκ
1879 2921 1980 2992 τῆς

2080 2920 2421 2975 demnationi
2455 2922 2757 2978 maledicti.

366 3012 659 3082 Παρθένου
684 3014 748 3067 τὸ
778 3012 1125 3087 ἀνθρώπινον
1152 3014 1384 3086 ὄργανον
1412 3014 1697 3070 ἀναλαϐὼν
1721 3014 1972 3084 ὲφόρεσε.
2012 3013 2108 3067 καὶ
2146 3013 2252 3065 ὑπὸ
2293 3013 2456 3084 νόμον
2484 3014 2705 3083 ἐγένετο
2725 3057 2742 3081 ,
2780 3015 2923 3071 κατὰ
2968 3016 3068 3081 τὰς
3133 3016 3244 3071 τῶν
3312 3019 3673 3089 πρωτοτόκων

363 3106 527 3170 ἀξίας
562 3105 962 3177 καθαρισθεὶς,
1012 3107 1113 3160 οὐκ
1154 3108 1317 3171 αὐτὸς
1348 3106 1604 3177 δεόμενος
1643 3106 1744 3176 τῆς
1772 3104 1978 3157 τούτων
2015 3102 2286 3175 χορηγίας
2313 3104 2554 3176 ὑπέμενε
2594 3103 2693 3169 τὰς
2722 3103 3053 3177 θεραπείας,
3087 3105 3203 3161 ἀλλ’
3243 3107 3333 3162 ⁹ίνα
3411 3108 3510 3179 τῆς
3575 3106 3672 3161 τοῦ

362 3198 535 3259 νόμου
567 3198 825 3263 δουλείας
857 3201 1169 3273 ἐξαγοράσῃ
1197 3201 1324 3261 τοὺς
1350 3199 1737 3272 πεπραμένους
1758 3202 1827 3270 τῇ
1849 3198 1977 3271 δίκῃ
2001 3198 2100 3268 τῆς
2130 3199 2292 3267 ἀρᾶς.
2386 3264 2389 3269 ι

408 3316 533 3370 Τοῦ
593 3315 775 3386 ἁγίου
828 3316 1201 3440 Ἀθαναοὲουυ
1245 3300 1588 3371 ἐπισκόπου
1654 3314 1933 3379 Ἀλεξᾶν·
2006 3303 2050 3359 C

1108 3403 1293 3440 nemo.

1100 3403 1293 3454 φειας.

448 3499 557 3553 ἐκ
592 3496 703 3554 τοῦ
731 3498 887 3567 πρὸς
927 3499 1034 3566 τὰς
1065 3498 1328 3567 αἱρέσεις
1354 3500 1544 3568 λόγου
1572 3499 1653 3564 β’.
1708 3499 1819 3553 Καὶ
1861 3498 1977 3570 (85)

362 3591 565 3663 ὥσπερ
591 3592 699 3644 οὐκ
730 3590 800 3646 ἂν
826 3591 1293 3664 ἠλευθερώθημεν
1316 3592 1424 3646 ἀπὸ
1447 3594 1546 3663 τῆς
1572 3592 1851 3663 ἁμαρτίας
1879 3593 1977 3646 καὶ

361 3684 469 3755 τῆς
499 3686 792 3755 κατάρας,
827 3686 875 3738 εί
910 3685 989 3755 μὴ
1020 3684 1185 3756 φύσει
1218 3682 1356 3756 σὰρξ
1384 3685 1705 3757 ἀνθρωπίνη
1741 3683 1854 3754 (ει)
1881 3680 1972 3757 ἦν,

363 3776 434 3847 ἢν
473 3776 778 3830 ἐνεδύσατο
821 3776 853 3828 6
888 3779 1060 3845 Λόγος
1082 3793 1097 3806 ·
1144 3778 1299 3831 οὐδὲν
1347 3777 1458 3849 γὰρ
1503 3777 1684 3833 κοινὸν
1731 3773 1803 3849 ἦν
1843 3778 1977 3849 ἡμῖν

361 3869 506 3941 πρὸς
541 3869 609 3923 τὸ
639 3868 933 3940 ἀλλότριον
960 3888 973 3900 ’
1016 3869 1191 3933 οὕτως
1219 3870 1319 3923 οὐκ
1350 3870 1418 3923 ἂν
1462 3868 1789 3940 ἐθεοποιήθη
1820 3871 1849 3922 ό
1878 3870 1975 3941 ἀντ

360 3936 597 4033 θρωπος
623 4004 639 4027 ,
677 3936 840 4031 εἰμί]
870 3960 1036 4029 φύσει
1072 3961 1136 4013 ἐκ
1168 3959 1267 4013 τοῦ
1304 3961 1518 4032 Πατρὺς
1545 4000 1559 4023 ,
1593 3960 1688 4013 καὶ
1705 3936 1976 4032 ἀληθινὸς

360 4054 463 4107 καί
498 4053 643 4117 ἴδιος
672 4048 747 4124 ἦν
782 4053 896 4124 (85)
930 4050 1102 4105 αὐτοῦ
1140 4055 1169 4106 ὁ
1194 4052 1385 4120 Λόγος,
1419 4054 1448 4105 6
1476 4050 1770 4121 γενόμενος
1811 4050 1972 4122 σάρξ.

352 4147 464 4200 Διά
493 4144 666 4199 τοῦτο
699 4146 813 4216 γὰρ
840 4145 1071 4216 τοιαύτη
1092 4145 1316 4213 γέγονεν
1346 4146 1679 4216 ἡ-συνάφεια
1709 4144 1847 4215 (86),
1885 4145 1973 4200 ἵνα

2300 3313 2483 3369 Sancti
2510 3314 2789 3371 Athanasii
2823 3318 3050 3387 episcopi
3082 3316 3453 3374 Alexandrini.

2151 3494 2237 3547 Ea:
2267 3495 2507 3548 oratione
2540 3496 2771 3550 secunda
2805 3503 2992 3551 contra
3025 3497 3265 3552 hwrcses.
3310 3499 3378 3553 Et
3406 3501 3671 3569 quemad-

2079 3585 2309 3641 modum
2343 3585 2566 3642 liberati
2609 3600 2721 3642 non
2758 3602 3008 3645 essemus
3040 3603 3071 3643 a
3104 3596 3331 3659 peccato
3356 3599 3412 3644 et
3440 3607 3469 3645 a
3498 3593 3670 3647 male-

2079 3678 2461 3744 dictione,nisi
2482 3687 2678 3740 natura
2700 3695 2830 3736 caro
2852 3681 3091 3737 humana
3108 3682 3324 3748 fuisset,
3360 3699 3525 3752 quam
3540 3685 3672 3740 Ver—

2078 3769 2209 3825 bum
2225 3771 2407 3826 induit
2421 3770 2582 3842 (nihil
2593 3772 2743 3828 enim
2758 3773 2920 3828 nobis
2935 3789 3226 3830 commune
3246 3774 3525 3830 foreteum
3540 3776 3660 3832 aiie

2078 3860 2195 3933 no),
2224 3862 2300 3919 ita
2326 3878 2433 3919 nec
2456 3864 2622 3919 homo
2644 3863 2933 3920 deiﬁcatus
2952 3865 3237 3930 esset,nisi
3264 3875 3461 3921 natura
3487 3883 3553 3923 ex
3572 3867 3670 3922 Pa-

2079 3961 2186 4019 tre,
2212 3970 2523 4027 verumque
2553 3965 2611 4011 et
2624 3957 2912 4027 proprium
2932 3959 3052 4029 ejus
3076 3959 3319 4014 Verbum
3340 3961 3669 4032 esset,quod

2077 4060 2206 4101 caro
2246 4044 2453 4101 factum
2482 4055 2586 4101 est.
2618 4046 2751 4102 Ideo
2765 4047 2913 4103 enim
2947 4048 3071 4103 talis
3091 4048 3233 4104 facta
3254 4058 3338 4106 est
3368 4052 3669 4121 copulatio.

2077 4143 2141 4190 ut
2175 4136 2228 4191 ei
2262 4136 2357 4206 qui
2369 4144 2567 4191 natura
2582 4140 2668 4191 est
2680 4136 2847 4202 Deus,
2869 4138 2916 4193 is
2933 4138 3027 4208 qui
3045 4148 3243 4193 natura
3257 4149 3343 4194 est
3356 4140 3521 4196 homo
3539 4157 3669 4197 eon-

358 4236 442 4308 τῷ
476 4237 631 4291 κατά
662 4236 832 4306 φύσιν
857 4236 957 4306 τῆς
985 4236 1239 4306 θεότητος
1271 4237 1483 4309 συνάψῃ
1513 4237 1607 4290 τὸν
1634 4235 1777 4290 κατά
1808 4235 1974 4305 φύσιν

362 4331 663 4403 ἄνθρωπον
702 4328 839 4399 (87),
877 4329 972 4383 x1).
1003 4326 1197 4398 βεϐαία
1232 4329 1459 4397 γένηται
1484 4330 1518 4400 ἡ
1553 4328 1802 4399 σωτηρία
1827 4365 1842 4391 ,
1875 4327 1973 4381 καὶ

362 4426 397 4495 ἡ
426 4423 765 4493 θεοποίησις
808 4421 1000 4477 αὐτοῦ.
1058 4421 1272 4475 Οὐκοῦν
1300 4423 1349 4476 oi
1400 4420 1729 4492 ἀρνούμενοι
1778 4423 1842 4474 ὲκ
1875 4418 1971 4474 τοῦ

361 4518 589 4591 Harpe;
619 4514 768 4570 εἶναι
796 4516 980 4585 φύσει,
1015 4518 1111 4570 καὶ
1140 4516 1273 4570 ἴδιον
1300 4515 1402 4585 τῆς
1434 4515 1624 4579 οὐσίας
1658 4514 1773 4587 (88)
1806 4514 1973 4569 αὐτοῦ

359 4611 457 4663 τὸν
485 4611 646 4673 Υἱδν,
688 4609 1136 4681 ἀρνησάσθωσαν
1177 4607 1290 4678 (89)
1340 4608 1436 4702 καὶ
1489 4607 1753 4702 ἀληθινὴν
1786 4607 1967 4702 σάρκα
2004 4644 2050 4702 D

361 4704 461 4757 καὶ
485 4701 606 4773 (90)
629 4700 990 4773 ἀνθρωπίνην
1009 4701 1175 4755 αὑτὸν
1205 4699 1487 4770 εἰληφέναι
1514 4700 1627 4772 (9|)
1655 4701 1719 4754 ὲκ
1750 4699 1969 4770 Μαρίας

362 4797 467 4864 τῆς
511 4794 799 4866 παρθένου
829 4793 965 4865 (92).
1001 4794 1111 4849 Τοῦ
1133 4793 1353 4871 agitor"),
1377 4793 1447 4847 ἐκ
1478 4792 1590 4861 τῆς
1623 4795 1775 4861 πρὸς
1811 4793 1969 4846 Ἑπί-

360 4904 597 4955 amtor
631 4885 990 4953 ἐπιστολῆς.
1023 4886 1085 4939 Εἰ
1123 4885 1212 4939 διὰ
1236 4884 1299 4937 τὸ
1327 4880 1467 4938 εἶναι
1496 4885 1590 4938 καὶ
1616 4882 1875 4952 λέγεσθαι
1910 4885 1968 4936 ἐν

366 4981 485 5043 ταῖς
520 4980 778 5050 Γραφαίς
812 4980 879 5030 ἐκ
919 4976 1142 5049 Μαρίας
1191 4972 1333 5029 εἶναι
1366 4977 1462 5029 καὶ
1514 4974 1869 5045 ἀνθρώπινον)
1908 4973 1969 5026 τὸ

360 5070 527 5140 σῶμα
557 5069 656 5125 τοῦ
687 5069 971 5142 Σωτῆρος,
998 5068 1313 5137 νομίζουσιν
1333 5068 1456 5121 ἀντὶ
1478 5065 1708 5138 Τριάδος
1735 5065 1968 5138 τετράδα

363 5162 660 5231 λέγεσθαι,
717 5162 794 5225 ὡς
835 5161 1159 5232 προσθήκης
1193 5160 1489 5230 γινομένης
1531 5157 1620 5212 διὰ
1666 5157 1728 5211 τὸ
1768 5155 1965 5227 σῶμα.

2071 4230 2420 4300 jungeretur,
2436 4227 2701 4296 ﬁrmaque
2719 4227 2877 4283 ﬁeret
2893 4231 3012 4298 ejus
3024 4230 3170 4284 saltis
3184 4239 3239 4285 et
3254 4230 3548 4285 deiﬁcatio.
3565 4231 3669 4297 Qui

2075 4334 2209 4390 ergo
2227 4336 2293 4373 es
2313 4320 2473 4374 Patre
2490 4319 2796 4373 secundum
2814 4329 3070 4374 naturam
3087 4334 3211 4377 esse
3231 4330 3452 4393 negant,
3471 4331 3527 4378 et
3544 4338 3667 4393 pro-

2077 4412 2262 4482 prium
2283 4410 2609 4466 substantiae
2630 4410 2805 4480 ipsius
2824 4411 3046 4477 Filium,
3072 4420 3275 4483 negent
3295 4413 3460 4469 etiam
3487 4414 3666 4485 ipsum

2078 4519 2265 4561 veram
2296 4519 2522 4561 carnem
2559 4511 2617 4559 et
2652 4503 2953 4561 humanam
2981 4522 3049 4562 ex
3077 4505 3247 4563 Maria
3270 4508 3485 4578 virgine
3513 4522 3667 4563 sum-

2078 4596 2271 4668 psisse.
2289 4627 2359 4638 -—
2388 4596 2545 4668 137
2562 4596 2839 4667 Ejusdem,
2859 4600 2877 4618 ⁶
2905 4614 2969 4653 επ
2995 4599 3219 4671 epistola
3247 4601 3319 4656 ad
3347 4600 3666 4671 Epictetum,

2078 4689 2134 4744 Si
2166 4705 2235 4745 ex
2262 4705 2331 4746 eo
2361 4688 2510 4760 quod
2543 4687 2615 4743 sit
2645 4696 2703 4744 et
2728 4688 2946 4745 dicatur
2982 4691 3041 4747 in
3074 4690 3377 4762 Scripturis
3403 4708 3471 4748 ex
3500 4692 3667 4749 Maria

2075 4797 2197 4837 esse
2241 4781 2657 4854 humanumque
2708 4798 2913 4854 corpus
2961 4780 3294 4849 Senatoris,
3335 4793 3533 4855 putant
3566 4802 3669 4857 pro

2076 4877 2346 4933 Trinitate
2375 4878 2486 4933 dici
2517 4879 2967 4949 quaternitatem,
2994 4879 3152 4948 quasi
3183 4880 3500 4935 accessione
3526 4879 3667 4937 facta

2071 4979 2300 5041 prepter
2348 4984 2584 5042 corpus.
2643 4970 2802 5026 valde
2862 4978 3084 5036 errant,
3149 4980 3459 5027 creaturam
3521 4988 3666 5029 exae-

2070 5072 2304 5132 quantes
2338 5063 2610 5127 Creatori,
2642 5073 2698 5119 et
2740 5063 3088 5120 divinitatem
3126 5065 3443 5120 accessione
3476 5067 3664 5135 augeri

2070 5170 2236 5225 posse
2274 5157 2623 5213 arbitrantes.
2675 5156 2744 5212 Et
2794 5156 3084 5227 ignorant,
3132 5173 3243 5213 non
3288 5166 3352 5212 ut
3389 5157 3669 5214 divinitati

428 5296 479 5329 ⁸³
508 5297 756 5367 Philipp.
790 5311 870 5360 ιιι,
896 5294 990 5358 91),
1012 5292 1104 5348 2!.
1166 5293 1213 5325 “
1234 5292 1412 5349 Galat.
1444 5309 1521 5359 iv,
1552 5292 1605 5346 ι.
1676 5291 1723 5323 ⁸³
1756 5290 1897 5347 Luc.
1930 5306 1993 5353 ιι,
2016 5288 2211 5343 22-24.

432 5415 548 5485 (83)
583 5414 698 5467 Καὶ
733 5413 927 5483 ὥσπερ
958 5430 1012 5466 κ.
1046 5410 1184 5485 τι).
1221 5410 1331 5485 Hie
1357 5409 1513 5485 locus
1543 5407 1964 5485 exAstat_in_edit.

361 5479 595 5549 Βρομί,
634 5494 676 5538 t.
714 5486 758 5549 l,
796 5501 851 5555 p.
890 5479 929 5545 ἰ,
962 5497 1017 5552 p.
1058 5482 1181 5536 5'58.
1247 5480 1352 5535 sub
1389 5480 1551 5535 titulo
1585 5479 1852 5535 Orationis
1887 5495 1968 5532 se-

361 5558 546 5611 :unda:
580 5564 771 5611 contra
808 5556 1063 5617 Arianae,

587 5626 739 5708 ξλοοο
767 5627 867 5708 cit.
891 5625 1016 5708 Aleg.
1054 5620 1123 5708 ᾖν
1145 5620 1484 5708 ἀνθρωπίνη.

432 5697 548 5761 (85)
587 5696 736 5752 Loco
771 5695 977 5757 citato,
1012 5695 1179 5747 αὑτοῦ
1209 5695 1295 5761 ἦν.

434 5768 545 5836 (86)
585 5768 663 5822 Ib.
706 5767 951 5835 συναφή.

438 5833 655 5905 ί87)11).
696 5839 787 5893 τὸν
826 5833 900 5907 φὶ)
914 5833 993 5890 σει
1030 5833 1337 5905 ἄνθρωπον.

2151 5405 2263 5478 (88)
2301 5406 2379 5478 ib.
2419 5404 2587 5478 αὑτοῦ
2623 5407 2721 5478 τῆς
2753 5407 2957 5472 οὐσίας.

2150 5475 2262 5547 (89)
2299 5476 2387 5547 Il).
2418 5475 2814 5547 ἀρνείσθωσαν.

2150 5546 2262 5605 (9οι
2297 5546 2407 5599 καί.
2444 5546 2568 5602 Des.
2603 5547 2639 5601 1.
2677 5563 2724 5603 c.

2148 5616 2258 5689 (9i)
2294 5618 2453 5689 εἰληφ
2509 5617 2887 5688 Espunximus
2915 5619 3010 5689 μὴ,
3046 5615 3195 5687 quod
3226 5615 3559 5685 praecedebat
3599 5622 3649 5677 in

2074 5687 2162 5741 ed.
2198 5687 2476 5742 Sirmond.

2147 5758 2257 5829 (92)
2295 5757 2459 5829 mpii,
2496 5758 2595 5813 Ed.
2634 5759 2835 5814 licned.
2877 5757 3256 5829 ἀειπαρθένου.
