4090 6410
504 429 605 489 179

1489 433 1978 495 THEODORETI
2016 432 2357 493 EPISCOPI
2394 435 2759 495 CYRENSIS

3666 432 3766 500 180

501 539 711 610 aliquid
742 540 1049 607 accederet,
1080 543 1319 599 Verbum
1338 558 1565 599 carnem
1590 544 1793 599 factum
1821 559 1963 609 esse,
1993 541 2089 598 sed

2205 546 2328 601 πολὺ
2348 545 2677 609 πλανῶνται,
2701 544 2762 597 τὸ
2788 543 2998 613 ποίημα
3026 543 3427 608 συνεξισοῦντες
3443 542 3521 615 τῷ
3547 552 3768 618 ποιητῇ,

506 641 566 686 ιιι
609 646 739 687 caro
777 642 1085 704 resurgeret
1122 652 1134 687 :
1176 649 1357 705 neque
1402 645 1465 689 ut
1508 636 1706 691 melius
1743 636 2091 700 redderetur,

506 721 752 776 Verbum
784 738 850 777 ex
878 724 1044 779 Maria
1070 726 1365 795 processit,
1388 726 1483 781 sed
1508 735 1569 781 ut
1591 742 1764 797 genus
1791 726 2093 780 humanum

505 814 824 870 redimeret.
876 815 1166 882 Quomodo
1209 818 1380 889 igitur
1424 818 1530 873 sibi
1573 817 1928 891 persuadent,
1968 831 2094 872 cor-

506 920 630 975 pus,
667 907 815 977 quod
858 923 959 977 per
994 908 1238 963 Verbum
1278 909 1629 980 redemptum
1662 917 1747 964 est
1772 916 1827 963 et
1855 906 2096 961 viviﬁca-

505 1007 645 1061 tum,
674 998 978 1054 viviﬁcanti
1014 1000 1198 1055 Verbo
1239 1001 1450 1071 aliquid
1491 1001 1560 1055 ad
1605 999 1949 1054 divinitatem
1995 994 2095 1049 ad-

504 1089 835 1158 jecisse?—
863 1091 1145 1160 Ejusdem,
1198 1108 1263 1145 ea:
1315 1092 1498 1145 eadem
1550 1089 1793 1160 epistola.
1834 1087 2093 1150 Audiant,

509 1179 656 1248 quod
702 1179 749 1234 si
798 1189 1052 1236 creatura
1093 1189 1214 1236 erat
1254 1183 1517 1244 Verbum,
1553 1196 1663 1235 non
1715 1178 2098 1248 assumpsisset

508 1279 763 1326 creatura
782 1288 1003 1343 corpus,
1042 1283 1102 1328 ut
1122 1275 1257 1329 illud
1283 1274 1604 1328 riviﬁcaret.
1637 1272 1925 1338 Quodnam
1948 1270 2095 1325 enim

511 1363 791 1420 creaturis
816 1380 847 1419 a
872 1373 1126 1421 creatura
1155 1365 1419 1419 auxilium
1449 1378 1571 1418 esse
1601 1369 1802 1433 potest,
1831 1375 1952 1432 quae
1981 1361 2097 1430 ipsa

509 1470 733 1526 quoque
783 1457 986 1512 auxilio
1040 1456 1286 1529 indiget?
1336 1456 1442 1511 Sed
1490 1455 1620 1525 quia
1666 1454 1931 1517 Verbum,
1970 1467 2098 1508 cum

511 1553 660 1600 esset
680 1555 916 1610 creator,
947 1546 1063 1616 ipse
1106 1556 1486 1601 creaturarum
1521 1545 1773 1600 conditor
1817 1543 1942 1607 fuit,
1973 1542 2098 1597 ideo

512 1635 572 1690 in
600 1638 1070 1695 consummatione
1111 1638 1435 1693 saaculorum
1477 1645 1787 1692 creaturam
1833 1635 1949 1705 ipse
1992 1633 2097 1689 sibi

514 1724 786 1795 adjunxit,
827 1735 883 1782 ut
929 1742 1050 1780 eam
1101 1733 1361 1796 tanquam
1408 1726 1665 1781 conditor
1705 1732 1999 1780 renovaret
2034 1738 2100 1778 ac

513 1815 856 1870 reformaret.
884 1847 952 1858 --
969 1817 1053 1870 Ea:
1070 1818 1273 1887 majore
1288 1818 1528 1871 oratione
1542 1817 1606 1869 de
1619 1816 1743 1886 ﬁde.
1765 1816 1892 1872 Haec
1914 1825 2096 1871 autem

510 1907 580 1961 de
599 1907 786 1963 verbis
825 1908 935 1962 illis
954 1908 1257 1979 adjecimus
1279 1924 1294 1961 :
1322 1926 1339 1958 ι
1365 1907 1507 1962 Sede
1524 1923 1554 1961 a
1572 1908 1814 1962 dexteris
1837 1907 1974 1961 meis
1994 1904 2061 1971 ⁸⁸,
2076 1925 2094 1956 ›

511 1989 640 2069 quia
655 2000 723 2054 de
737 2014 970 2069 corpore
988 1999 1275 2053 Dominico
1308 2001 1455 2055 dicta
1486 2007 1636 2054 sunt.
1657 1997 1713 2051 Si
1743 1999 1911 2063 enim,
1933 2017 1951 2049 ι
1974 1997 2100 2053 Coe-

510 2090 627 2144 lum
664 2098 721 2146 et
761 2098 963 2145 terram
994 2105 1095 2161 ego
1128 2089 1354 2159 impleo,
1390 2089 1527 2145 dicit
1557 2088 1843 2151 Dominus,
1877 2107 1896 2139 ι
1933 2096 1995 2141 ιιι
2027 2087 2103 2141 ait

511 2182 783 2238 .leremias
813 2182 881 2247 ⁸⁷,
908 2190 964 2237 et
994 2183 1177 2237 omnia
1209 2183 1457 2238 continet
1485 2183 1650 2247 Deus,
1678 2197 1706 2236 a
1738 2181 1889 2235 nullo
1918 2188 2100 2235 autem

515 2275 856 2341 continetur,
900 2276 954 2330 in
995 2292 1231 2346 quanam
1274 2277 1430 2331 sedet
1473 2275 1643 2330 sede?
1677 2274 1891 2344 Corpus
1937 2274 2102 2344 igitur

515 2376 620 2431 est,
660 2367 819 2437 138
852 2368 941 2421 cui
975 2368 1150 2422 dicit:
1190 2388 1209 2419 (
1244 2367 1386 2422 Sede
1413 2382 1444 2421 a
1472 2366 1715 2422 dexteris
1751 2366 1910 2429 meis,
1950 2385 1969 2417 ι
2001 2381 2101 2420 cu—

510 2458 603 2527 jus
638 2466 694 2512 et
732 2458 906 2512 hostis
944 2458 1049 2513 fuit
1081 2458 1337 2512 diabolus
1366 2472 1491 2513 cum
1523 2457 1680 2512 malis
1711 2457 2098 2526 potestatibus,

516 2556 573 2603 et
603 2548 800 2614 Judaei,
830 2558 887 2603 et
914 2550 1164 2620 gentiles,
1197 2565 1295 2619 per
1324 2549 1470 2620 quod
1505 2562 1707 2619 corpus
1740 2534 1987 2603 summus
2011 2564 2100 2603 sa-

517 2641 715 2696 cerdos
738 2649 795 2696 et
820 2643 1103 2712 apostolus
1124 2643 1231 2698 fuit
1247 2652 1303 2698 et
1321 2643 1625 2714 appellatus
1649 2651 1753 2705 est.
1777 2658 1876 2713 per
1902 2651 2103 2714 myste-

518 2734 661 2790 rium
699 2734 847 2805 quod
872 2736 1035 2791 nobis
1068 2735 1297 2791 tradidit
1326 2736 1516 2791 dicens
1546 2754 1559 2790 :
1594 2756 1612 2787 ι
1640 2736 1757 2791 Hoc
1789 2744 1875 2791 est
1902 2750 2104 2806 corpus

519 2840 726 2889 meum,
754 2826 902 2896 quod
949 2842 1053 2897 pro
1102 2826 1263 2882 vobis
1300 2826 1611 2900 (frangitur)
1642 2828 1708 2890 ⁸⁸,
1732 2834 1789 2881 et
1825 2845 1838 2881 :
1866 2826 2103 2897 Sanguis

520 2912 648 2966 novi
679 2914 1015 2970 Testamenti
1044 2914 1176 2987 (non
1195 2917 1441 2987 veteris),
1469 2917 1563 2987 qui
1594 2933 1695 2987 pro
1734 2917 1891 2972 vobis
1922 2918 2102 2972 etl‘un-

519 3003 674 3057 ditur
699 3004 765 3057 δ’.
802 3022 820 3055 ι
865 3005 1141 3062 Divinitas
1169 3016 1348 3063 autem
1381 3024 1482 3063 nec
1515 3024 1719 3080 corpus
1747 3025 1848 3065 nec
1881 3011 2102 3080 sangui-

519 3110 648 3149 nem
692 3096 879 3162 habet,
918 3099 1014 3153 sed
1060 3099 1226 3154 homo
1262 3116 1329 3155 ex
1370 3100 1535 3155 Maria
1579 3111 1896 3171 assumptus
1939 3115 2103 3155 causa

2196 640 2291 694 καὶ
2332 636 2687 699 ὑπονοοῦντες
2733 633 2995 689 δύνασθαι
3041 634 3140 706 τὴν
3171 634 3404 704 θεότητα
3447 637 3768 707 προσθήκην

2195 730 2511 799 λαμϐάνειν.
2557 728 2670 781 Καὶ
2715 727 2992 798 ἠγνόησαν
3053 725 3136 779 ὅτι
3192 725 3253 779 οὐ
3302 725 3394 780 διὰ
3447 727 3769 798 προσθήκην

2196 820 2447 889 θεότητος
2496 818 2689 887 γέγονε
2741 817 2877 888 σὰρξ
2918 818 2946 871 ὁ
3001 816 3195 885 Λόγος,
3244 816 3357 870 ἀλλ’
3410 817 3498 871 ἵνα
3548 819 3581 888 ἡ
3632 817 3771 884 σάρξ

2197 910 2401 980 ἀναστῇ
2427 924 2442 939 ο
2480 908 2601 961 οὐδὲ
2650 907 2761 980 ἵνα.⁸
2795 905 3059 977 βελτιωθῇ
3105 907 3133 958 6
3176 906 3349 974 Λόγος
3384 905 3654 976 προῆλθεν
3704 908 3773 958 ὲκ

2196 966 2438 1071 Μαρίας,
2475 998 2592 1052 ἀλλ’
2622 998 2711 1052 ἵνα
2841 966 3182 1069 ἀνθρώπινον
3235 966 3347 1066 (95)
3378 966 3533 1064 γένος
3560 994 3773 1066 λυτρώ-

2199 1106 2380 1162 σηται.
2410 1090 2537 1153 Πῶς
2573 1084 2667 1143 οῦν
2692 1088 2917 1153 οἴονται,
2948 1088 3008 1141 τὸ
3041 1087 3132 1141 διὰ
3166 1086 3261 1140 τοῦ
3291 1086 3466 1155 Λόγου
3494 1085 3775 1157 λυτρωθὲν

2199 1182 2382 1253 σῶμα,
2428 1181 2525 1235 καὶ
2558 1180 2925 1250 ζωοποιηθὲν,
2962 1179 3281 1251 προσθήκην
3315 1178 3394 1241 είς
3432 1176 3660 1247 θεότητα
3690 1177 3775 1246 τῷ

2199 1271 2596 1342 ζωοποιήσαντι
2624 1269 2733 1340 (94)
2768 1269 2926 1340 Λόγῳ
2959 1270 3170 1335 ποιείν;
3211 1300 3278 1311 -
3318 1267 3426 1322 Τοῦ
3468 1267 3676 1331 αὑτοῦ,
3702 1267 3776 1321 ἐκ

2196 1363 2309 1432 τῆς
2350 1363 2542 1432 αὐτῆς
2586 1362 2940 1428 ἐπιστολῆς.
3004 1361 3376 1421 ’Λκουέτωσαν
3431 1359 3544 1431 (95)
3591 1361 3675 1414 ὅτι
3721 1360 3777 1412 εί

2198 1455 2403 1525 κτίσμα
2434 1450 2503 1526 ἦν
2533 1455 2561 1507 6
2586 1454 2777 1523 Λόγος,
2802 1454 2865 1507 οὐ
2892 1452 3339 1523 προσελάμϐανεν
3376 1450 3443 1505 ἂν
3471 1451 3531 1505 τὸ
3554 1450 3776 1504 κτιστὸν

2201 1551 2384 1622 σῶμα,
2409 1551 2499 1605 ἵνα
2527 1551 2684 1604 τοῦτο
2714 1548 3045 1619 ζωοποιήσῃ.
3073 1546 3211 1601 Ποία
3233 1546 3345 1617 γὰρ
3374 1546 3487 1607 τοῖς
3510 1545 3778 1615 κτίσμασι

2198 1643 2352 1712 παρὰ
2389 1639 2687 1711 κτίσματός
2717 1641 2833 1692 ἐστι
2881 1636 3124 1708 βοήθεια,
3161 1636 3417 1707 δεομένου
3461 1636 3557 1688 καὶ
3602 1632 3776 1688 αὐτοῦ

2202 1731 2513 1804 σωτηρίας;
2559 1730 2702 1785 Ἀλλ’
2746 1728 2932 1797 ἐπειδὴ
2980 1726 3205 1796 κτίστης
3236 1723 3310 1779 ὢν
3355 1725 3383 1778 6
3412 1723 3583 1795 Λόγος
3614 1722 3784 1787 αὐτὸς

2200 1825 2535 1896 δημιουργὸς
2583 1822 2775 1890 γέγονε
2822 1819 2930 1873 τῶν
2979 1818 3320 1887 κτισμάτων,
3353 1814 3441 1869 διὰ
3492 1814 3650 1868 τοῦτο
3681 1814 3782 1867 καὶ

2203 1918 2296 1972 ἐπὶ
2328 1915 2609 1986 συντελείᾳ
2636 1913 2743 1966 τῶν
2768 1911 2980 1965 αἰώνων
3007 1910 3067 1963 τὺ
3087 1908 3302 1963 κτιστδν
3327 1905 3487 1970 αὐτὸς
3515 1906 3788 1974 συνεστή-

2205 2028 2356 2072 σατο,
2412 2010 2497 2063 ἵνα
2531 2008 2692 2061 πάλιν
2729 2004 2861 2059 αὐτὸ
2912 2003 2988 2066 ὼς
3022 2001 3249 2071 κτίστης
3287 1997 3611 2068 ἀνακαινίσῃ
3637 2038 3652 2058 ,
3684 1997 3787 2049 καὶ

2201 2097 2739 2168 ἀνακτίσαιδυνηθῇ.
2764 2127 2832 2136 -
2865 2095 2963 2146 Ἐκ
2985 2091 3093 2146 τοῦ
3121 2089 3255 2157 περὶ
3278 2090 3537 2153 πίστεως
3565 2087 3785 2155 λόγου,

2202 2195 2308 2250 τοῦ
2328 2191 2616 2263 μείζονος.
2653 2190 2837 2243 Ταῦτα
2878 2185 2988 2257 (96)
3024 2185 3082 2239 δὲ
3123 2181 3477 2255 παρεθέμεθα
3502 2176 3780 2250 περὶτοῦ,

2209 2305 2228 2336 ι
2259 2283 2442 2339 Κάθου
2470 2283 2536 2334 ἐκ
2563 2279 2752 2345 δεξιῶν
2796 2294 2920 2348 μου,
2949 2294 2967 2327 ι
3000 2275 3080 2327 ὅτι
3109 2274 3188 2336 εἰς
3221 2272 3281 2324 τὸ
3308 2269 3584 2340 Κυριακὺν
3619 2268 3791 2337 σῶμα.

2201 2377 2473 2431 λέλεκται.
2498 2375 2559 2428 Εἰ
2597 2372 2726 2442 γὰρ,
2757 2387 2776 2420 ι
2808 2369 2914 2422 Τὸν
2961 2364 3190 2437 οὐρανὸν
3256 2362 3352 2415 καὶ
3391 2361 3492 2431 τὴν
3530 2358 3634 2429 γῆν
3668 2357 3792 2425 ἐγὼ

2203 2465 2415 2538 πληρῶ,
2446 2463 2594 2532 λέγει
2622 2460 2847 2532 Κύριος,
2886 2476 2904 2508 ι
2936 2456 3012 2519 ὥς
3053 2471 3217 2525 φησιν
3257 2451 3564 2523 Ἱερεμίας,
3604 2449 3794 2501 πάντα

2201 2557 2258 2610 δὲ
2299 2556 2466 2626 χωρεῖ
2494 2554 2522 2605 ὁ
2554 2551 2706 2613 Θεὸς,
2753 2549 2844 2602 ὑπ’
2874 2546 3087 2608 οὐδενὸς
3116 2545 3173 2598 δὲ
3203 2544 3463 2614 χωρεῖται
3514 2538 3648 2605 (97),
3700 2539 3795 2626 eis

2204 2623 2357 2703 ποῖον
2385 2623 2695 2710 -καθέζεται
2736 2640 2959 2713 θρόνον;
3003 2637 3075 2690 Τὸ
3120 2636 3279 2706 σῶμα
3318 2634 3498 2687 τοίνυν
3550 2632 3697 2684 ἐστὶν
3734 2623 3794 2698 ᾧ

2202 2741 2371 2809 λέγει,
2415 2756 2434 2789 ι
2487 2735 2671 2791 Κάθου
2706 2735 2770 2786 ἐκ
2799 2731 2988 2798 δεξιῶν
3023 2746 3123 2799 μου
3169 2727 3302 2797 (98),
3347 2744 3364 2776 ι
3399 2719 3459 2778 οὗ
3490 2724 3584 2776 καὶ
3619 2722 3795 2791 γέγο-

2203 2849 2293 2887 νεν
2329 2827 2521 2900 ἐχθρὸς
2550 2829 2578 2880 ὁ
2606 2823 2851 2886 διάϐολος
2884 2822 2980 2874 σὺν
3021 2819 3141 2879 ταῖς
3188 2817 3465 2900 πονηραῖς
3482 2813 3792 2881 δυνάμεσι,

2204 2923 2300 2977 κα).
2345 2896 2588 2974 ’.Ιήουδαῖοι
2615 2957 2630 2980 ,
2669 2916 2764 2969 καὶ
2800 2912 3063 2982 Ἕλληνες
3107 2906 3237 2979 (99).
3289 2906 3365 2957 Δι’
3408 2896 3470 2956 οῦ
3527 2899 3797 2971 σώματος

2204 3013 2498 3083 ἀρχιερεὺς
2530 3009 2621 3063 καὶ
2648 3003 2945 3067 ἀπόστολος
2974 3001 3165 3071 γέγονε
3198 2997 3273 3068 (1)
3300 2995 3397 3050 καὶ
3424 2993 3797 3065 ἐχρημάτισε,

2204 3082 2272 3161 δι’
2302 3082 2377 3159 οὗ
2403 3101 2719 3173 παρέδωκεν
2749 3098 2884 3168 ἡμῖν
2931 3091 3252 3165 μυστηρίου,
3296 3086 3496 3155 λέγων,
3548 3103 3567 3135 ι
3613 3082 3801 3173 Τοῦτό

524 3187 725 3241 horum
772 3188 897 3255 fuit,
936 3189 1005 3245 de
1051 3208 1161 3261 quo
1207 3192 1467 3248 dixerunt
1508 3192 1744 3262 apostoli
1770 3170 1805 3245 γε
1855 3211 1873 3243 ι
1917 3192 2101 3247 Jesum

2207 3197 2323 3252 ἐστί
2353 3213 2454 3268 μου
2486 3170 2547 3247 τὸ
2584 3193 2744 3260 σῶμα
2790 3188 2849 3242 τὸ
2897 3186 3037 3257 ὑπὲρ
3082 3180 3237 3253 ὑμῶν
3264 3178 3361 3250 (‘2),
3392 3178 3510 3242 καὶ,
3540 3175 3615 3229 τὸ
3644 3170 3799 3244 αἷμα

521 3275 885 3344 Nazarenum,
914 3280 1092 3334 virum
1121 3296 1150 3335 a
1179 3281 1293 3335 Deo
1325 3281 1685 3351 approbatum
1715 3281 1770 3335 in
1796 3280 1954 3336 vobis
1992 3271 2043 3335 °.
2077 3300 2096 3332 ι

522 3397 593 3406 -
628 3367 905 3438 Ejusdem,
931 3386 994 3424 ex
1042 3378 1181 3425 tumo
1227 3379 1413 3425 contra
1459 3370 1709 3426 Arianos.
1764 3373 1833 3427 Et
1876 3371 2105 3442 quando

524 3459 660 3513 dicit
690 3478 703 3514 :
739 3480 757 3513 ι
787 3461 1017 3531 Propter
1040 3463 1186 3533 quod
1209 3471 1267 3519 et
1292 3464 1440 3520 Deus
1460 3464 1620 3519 valde
1642 3464 1905 3519 exaltavit
1927 3465 2104 3530 illum,

522 3562 580 3609 et
621 3552 845 3608 donavit
888 3554 969 3609 illi
1014 3569 1218 3610 nomen
1259 3555 1407 3625 quod
1437 3565 1523 3611 est
1557 3571 1725 3625 super
1758 3571 1922 3611 omne
1952 3559 1967 3577 '
2004 3572 2106 3611 no-

523 3662 651 3701 men
672 3646 740 3709 “,
774 3664 790 3695 ι
827 3645 895 3700 de
928 3647 1133 3715 templo
1169 3646 1419 3716 corporis
1458 3648 1579 3717 eius
1612 3646 1877 3717 loquitur,
1902 3663 2012 3702 non
2040 3648 2109 3703 de

522 3736 831 3793 divinitate.
858 3737 979 3793 Non
1010 3738 1156 3793 enim
1182 3738 1453 3794 exaltatur
1483 3738 1820 3803 Altissimus,
1850 3739 1948 3795 sed
1983 3755 2110 3795 caro

525 3829 794 3884 Altissimi
837 3830 1131 3895 exaltatur,
1166 3838 1222 3885 et
1253 3828 1406 3884 carni
1443 3828 1709 3883 Altissimi
1751 3830 1977 3886 donavit
2013 3848 2112 3887 no-

526 3935 674 3986 men,
702 3921 847 3990 quod
880 3929 961 3976 est
995 3937 1164 3991 super
1202 3936 1366 3975 omne
1399 3935 1625 3974 nomen.
1658 3920 1847 3991 Neque
1867 3922 2109 3977 Verbum

528 4009 621 4064 Dei
647 4011 804 4081 quasi
843 4027 910 4066 ex
940 4014 1115 4082 gratia
1145 4011 1251 4065 hoc
1275 4009 1517 4065 obtinuit
1542 4022 1601 4068 ut
1629 4013 1775 4069 Deus
1799 4023 2108 4081 vocaretur,

526 4102 623 4157 sed
668 4118 796 4158 caro
833 4104 954 4175 ejus
993 4118 1119 4158 cum
1163 4102 1281 4171 ipso
1317 4102 1568 4159 divinum
1612 4105 1880 4160 honorem
1912 4122 2110 4161 conse-

525 4202 651 4252 cuta
683 4203 786 4251 est.
817 4227 888 4236 ——
910 4194 1186 4265 Ejusdem,
1220 4211 1284 4248 ea:
1312 4195 1493 4251 eadem
1512 4198 1767 4251 oratione.
1797 4197 1867 4252 Et
1894 4197 2113 4266 quando

524 4288 659 4342 dicit
696 4307 708 4343 :
746 4308 765 4340 ι
797 4286 1054 4343 Nondum
1093 4296 1211 4342 erat
1245 4285 1484 4357 Spiritus
1516 4298 1762 4353 sanctus,
1793 4288 1923 4358 quia
1952 4290 2115 4344 Jesus

524 4381 771 4435 nondum
815 4386 935 4433 era't
980 4377 1316 4448 glorificatus
1339 4380 1406 4443 θ’,
1443 4398 1460 4430 ι
1504 4394 1726 4435 carnem
1769 4380 1943 4449 ipsius
1981 4381 2116 4435 dicit

525 4468 772 4524 nondum
807 4466 1185 4537 gloriﬁcatam.
1214 4466 1372 4535 139
1392 4467 1511 4520 Non
1536 4467 1684 4521 enim
1709 4468 1976 4522 Dominus
2001 4468 2117 4537 glo-

2205 3290 2307 3360 τῆς
2335 3267 2529 3358 καινῆς
2552 3272 2828 3353 Διαθήκης
2873 3279 2956 3350 (οὐ
2986 3276 3085 3347 τῆς
3117 3271 3401 3340 παλαιᾶς),
3438 3268 3499 3323 τό
3537 3268 3677 3338 ὑπὲρ
3694 3267 3796 3360 (3)

2207 3356 2361 3454 ὑμῶν
2415 3356 2799 3451 ἐκχυνόμενον.
2855 3390 2872 3424 ι
2910 3368 3116 3436 Θεότης
3159 3364 3219 3418 δὲ
3262 3361 3387 3454 οὔτε
3433 3359 3593 3454 σῶμα
3654 3356 3796 3411 οὔτε

2206 3450 2348 3544 αἷμα
2376 3450 2512 3543 ἔχει,
2530 3468 2644 3522 ἀλλ’
2660 3466 2718 3518 ὃν
2745 3461 3002 3533 έφόρεσεν
3024 3458 3090 3510 ὲκ
3115 3452 3452 3544 τῇςᾳΜαρίας
3475 3450 3793 3544 ἄνθρωπον.

2209 3540 2381 3626 αἴτιος
2408 3540 2638 3613 Ἵτούτων
2663 3552 2859 3623 γέγονε
2886 3590 2900 3615 ,
2930 3550 3060 3621 περ).
3091 3541 3161 3602 οῦ
3188 3541 3344 3600 εἷπον
3375 3545 3423 3596 οἱ
3474 3540 3795 3596 ἀπόστολοι·

2217 3679 2234 3711 ι
2287 3652 2498 3728 Ἰησοῦν
2535 3652 2628 3706 τὸν
2660 3649 2768 3704 ἀπὸ
2796 3644 3050 3714 Ναζαρὲτ
3090 3641 3260 3712 ἄνδρα
3285 3638 3392 3692 ἀπὸ
3415 3635 3553 3728 Θεοῦ
3574 3634 3797 3728 -ἀποδε-

2209 3724 2491 3819 δειγμένον
2513 3744 2595 3807 εἰς
2634 3742 2801 3812 ὑμᾶς.
2841 3757 2859 3790 ι
2892 3767 2964 3778 —
3008 3732 3119 3788 Τοῦ
3157 3728 3367 3793 αὐτοῦ,
3403 3727 3471 3781 ἐκ
3497 3724 3616 3819 τοῦ-
3640 3727 3799 3819 πρὸς

2224 3817 2563 3910 Ἀρὲιονοὺς
2604 3836 2788 3902 τόμου
2821 3829 2937 3900 (4).
2974 3828 3084 3880 Καὶ
3127 3825 3218 3878 ὅτε
3270 3820 3442 3888 λέγει,
3495 3837 3513 3869 ι
3543 3817 3655 3910 Διό,
3696 3818 3801 3870 καὶ

2211 3938 2240 3989 ό
2262 3909 2395 3995 Θεὸς
2417 3929 2580 3984 αὑτὸν
2604 3922 2952 3996 ὑπερύψωσε,
2979 3919 3075 3973 καὶ
3101 3913 3394 3987 ἐχαρίσατο
3416 3909 3566 3980 αὑτῴ
3594 3909 3799 3978 ὄνομα,

2211 4025 2272 4079 τὸ
2300 4023 2440 4093 ὑπὲρ
2470 4020 2578 4073 πᾶν
2599 4018 2790 4086 ὄνομα,
2824 4034 2840 4065 ι
2874 4029 2944 4065 πε
2954 4011 3005 4082 ρ).
3033 4010 3110 4079 (5)
3140 4004 3235 4060 τοῦ
3263 4002 3394 4057 ναοῦ
3419 3999 3512 4054 τοῦ
3541 3998 3803 4069 σώματος

2216 4112 2381 4170 αὐτοῦ
2410 4088 2584 4177 λέγει,
2619 4107 2680 4160 οὐ
2711 4104 2841 4173 περ).
2870 4101 2970 4171 τῆς
3005 4098 3281 4166 θεότητος.
3315 4093 3393 4146 Οὐ
3428 4089 3537 4160 γὰρ
3566 4090 3594 4141 6
3627 4088 3807 4158 ’Ὑψιο

2220 4224 2346 4269 στος
2373 4201 2603 4273 ὑψοῦται
2627 4239 2641 4261 ,
2671 4197 2785 4251 ἀλλ’
2831 4195 2865 4263 ὴ
2900 4190 3038 4261 σὰρξ
3073 4186 3169 4241 τοῦ
3224 4183 3481 4273 Ὑψίστου
3522 4179 3756 4273 ὑψοῦται
3784 4219 3803 4243 ,

2215 4292 2311 4345 καὶ
2338 4269 2600 4361 τῇσαρκ)¹
2630 4283 2722 4338 τοῦ
2764 4280 3022 4351 Ὑψίστου
3049 4273 3339 4361 ἐχαρίσατο
3362 4269 3624 4361 ὄνοματὸ
3656 4269 3806 4361 ὑπὲρ

2216 4384 2323 4436 πᾶν
2349 4359 2542 4449 ὄνομα.
2572 4375 2682 4430 Καὶ
2699 4376 2798 4444 οὐχ
2825 4374 2852 4426 ό
2880 4371 3051 4438 Λόγος
3075 4363 3169 4419 τοῦ
3190 4360 3330 4416 Θεοῦ
3362 4360 3502 4413 κατὰ
3534 4359 3608 4429 (6)
3636 4360 3806 4430 χάριν

2217 4474 2378 4527 ἔλαϐε
2396 4464 2457 4524 τὸ
2489 4466 2772 4523 καλεῖσθαι
2805 4463 2958 4526 Θεὸς,
2980 4459 3092 4514 ἀλλ’
3113 4459 3146 4527 ἠ
3173 4452 3310 4523 σὰρξ
3337 4451 3501 4504 αὐτοῦ
3527 4453 3623 4506 σὺν
3645 4450 3807 4523 αὐτῷ
3856 4521 3860 4524 _

528 4562 624 4616 riae
660 4558 1020 4630 gloriﬁcatur,
1055 4558 1165 4615 sed‘
1191 4572 1320 4610 caro
1347 4557 1563 4611 Domini
1598 4558 1789 4627 gloriae
1831 4559 1951 4628 ipsa
1991 4562 2102 4630 glo-

2214 4557 2565 4631 ἐοεολογήθη.
2586 4587 2658 4598 —-—
2692 4555 2803 4609 Τοῦ
2834 4548 3042 4615 αὑτοῦ,
3094 4548 3162 4603 ἐκ
3212 4542 3318 4597 τοῦ
3348 4542 3535 4597 αὐτοῦ
3582 4545 3804 4610 λόγου.

598 4716 644 4746 ⁸⁸
671 4714 814 4768 Psal.
852 4729 956 4777 cu,
998 4714 1044 4767 l.
1121 4714 1165 4744 '"
1198 4713 1402 4767 Jerem.
1432 4728 1581 4774 χχιιι,
1603 4713 1693 4767 24.
1764 4714 1810 4745 ⁸⁸
1832 4715 1852 4769 l
1873 4712 2001 4769 Cor.
2031 4732 2102 4780 xl,

2205 4757 2209 4768 .
2286 4716 2331 4748 ⁸⁸
2355 4711 2548 4768 Matth.
2568 4727 2714 4775 xxvi,
2736 4709 2807 4764 28
2831 4727 2846 4775 ;
2873 4708 3037 4781 Marc.
3068 4721 3180 4770 xw,
3214 4704 3305 4758 24.
3394 4702 3440 4735 ⁹⁰
3466 4699 3587 4756 Act.
3615 4714 3674 4761 ιι,
3705 4696 3808 4751 22.

416 4822 423 4831 .
527 4785 573 4819 ’³
605 4783 843 4854 Philipp.
873 4799 932 4848 ιι,
959 4783 1013 4837 9.
1094 4782 1138 4814 θ’
1169 4783 1325 4838 Joan.
1361 4799 1454 4847 vn,
1489 4781 1578 4836 59.

605 4940 715 5008 (95)
751 4940 854 4995 Ed.
894 4938 1122 5007 Bened.,
1158 4947 1197 4992 t.
1244 4938 1288 5002 l,
1333 4954 1385 5008 p.
1424 4952 1483 5000 ιι,
1542 4952 1598 5005 ι),
1645 4933 1768 5001 908,
1806 4936 1972 4992 habet
2004 4934 2102 4989 τῶι

2292 4931 2369 5008 (l)
2396 4931 2521 5008 γέγΣ
2550 4930 2645 5008 Ib;
2659 4944 2848 5008 praem.
2889 4930 3002 5008 καί.

531 4997 632 5067 ἀνθ
642 4997 860 5070 ρώπων.
1108 4997 1119 5007 ’
1334 4997 1349 5008 ’
1547 4997 1558 5005 ’

2294 4997 2373 5070 (2)
2408 4997 2583 5070 eum.
2610 4997 2775 5056 Deest
2810 5000 2865 5053 h.
2901 5000 2939 5053 Ι.
2966 4997 3265 5070 κλώμενον.

852 5062 1026 5153 ζωοπ.
1064 5077 1194 5144 Λόγ.
1231 5077 1310 5153 Ib.
1347 5077 1424 5153 τςῖι
1455 5078 1611 5153 Λόγῳ
1643 5074 1720 5144 τῷ
1753 5075 1916 5153 (mox.
2097 5144 2102 5153 η

2295 5062 2502 5153 (ﬂuit.
2550 5071 2646 5140 ὑμ.
2699 5070 2944 5139 Utroque
3007 5062 3130 5123 loc'o
3186 5066 3328 5120 intra
3372 5064 3541 5119 citato
3565 5072 3651 5117 est
3676 5062 3819 5134 περὶ

607 5142 718 5218 (95)
756 5142 1001 5218 'Améc.
1050 5164 1103 5200 κ.
1158 5142 1221 5201 τ.
1280 5147 1330 5218 λ.
1377 5142 1551 5218 Hunc
1580 5142 1762 5201 locum
1813 5146 2012 5200 intota
2046 5144 2102 5199 ad

2223 5142 2457 5218 “Ol-15W:
2615 5209 2635 5218 -
2684 5209 2704 5218 -
2839 5208 2875 5218 ..
2916 5209 2930 5218 .
3068 5207 3098 5218 -
3258 5204 3274 5218 .
3305 5205 3318 5218 .
3490 5203 3528 5218 ,η
3603 5211 3613 5218 .
3661 5208 3672 5218 .
3712 5200 3731 5218 ι
3758 5200 3773 5212 .

532 5200 1108 5293 Ερῖἶιίᾷιιιιιιςερὶεεοιο
1132 5200 1527 5293 ιιοιιίιιιλοιιίοξ
1582 5200 1593 5201 ί
1645 5287 1655 5293 _
1820 5284 1834 5293 _
1918 5285 1946 5293 γ-

2222 5283 2238 5293 _
2293 5210 2367 5282 (4)
2396 5212 2587 5293 τόμουε
2615 5209 2782 5293 Infra,
2810 5208 3040 5293 ‘dialogo
3067 5207 3123 5272 5,
3146 5204 3440 5293 οειῌλόγου.

613 5270 1170 5364 ᾧῷἷᾶῦτξξὸἰιηι.
1201 5270 1314 5364 "Ag
1328 5270 1452 5364 _Sed
1474 5270 1484 5272 ⁷
1505 5270 1788 5364 sequimur
1820 5284 2102 5340 lectionem

2222 5270 2380 5364 ιοςξιιέ
2516 5281 2609 5361 .ed-
2645 5270 2873 5364 Βεηεέςειη
2974 5270 3117 5364 ιιι
3240 5291 3297 5364 ιι
3322 5270 3542 5364 δεδι
3568 5270 3818 5364 θριξὶ-

613 5293 726 5364 (96)
761 5293 969 5342 Ταῦτα.
1004 5293 1170 5341 Sirm.
1201 5293 1288 5340 Ἃ.
1346 5293 1452 5342 Sed
1505 5293 1788 5357 sequimur
1821 5293 2115 5340 lectionem
2224 5293 2380 5337 locus
2414 5297 2471 5334 ιιι
2516 5293 2609 5361 eo.
2648 5293 2873 5361 lienem,
2907 5293 2946 5344 1.,
2989 5293 3112 5401 ι,
3144 5293 3203 5359 ιι..
3240 5293 3293 5346 p.
3322 5293 3426 5331 om
3459 5293 3542 5343 sq.
3577 5293 3681 5353 suo
3732 5293 3812 5323 ιι-

535 5360 727 5418 Montt‘.
758 5361 814 5415 in
848 5355 1065 5413 Collect.
1105 5373 1239 5411 nova
1272 5356 1406 5423 PP.,
1444 5364 1484 5410 t.
1516 5357 1582 5422 ll,
1611 5373 1666 5427 p.
1703 5356 1789 5410 l5.
2224 5352 2365 5427 tuto,
2400 5350 2477 5403 De
2508 5358 2877 5427 incarnatione
2906 5348 3007 5427 Del
3030 5417 3044 5427 _
3082 5346 3211 5427 θείη,
3251 5353 3297 5427 et
3334 5353 3519 5427 coutro
3551 5342 3812 5421 Arianae;

609 5430 722 5502 (97)
759 5447 896 5502 χωρ.
921 5428 1068 5502 _Loc.
1105 5427 1198 5502 cit.
1228 5416 1415 5496 prtem.
1454 5427 1536 5502 ος).
1569 5416 1579 5422 ’
1784 5495 1795 5502 _
1869 5494 1882 5502 _

2219 5491 2233 5502 _
2263 5492 2274 5502 ,
2408 5421 2621 5502 ξῆρὶ-
2645 5418 2945 5502 βεόξητοςκ
3116 5416 3320 5470 Bened.
3375 5416 3505 5485 περὶ
3548 5416 3645 5465 τοῦ
3674 5416 3817 5463 ναοῦ

606 5487 718 5570 (98)
760 5487 882 5570 μου.
907 5487 1296 5570 ‘Expungimus
1327 5513 1448 5570 qua:
1481 5497 1538 5570 in
1569 5494 1659 5570 ed.
1685 5494 2102 5570 _priori_scq_ue-

2219 5487 2386 5570 λέγει,
2413 5490 2440 5542 ὅ
2464 5487 2581 5570 ἔστι
2611 5488 2670 5541 τὸ
2702 5487 2865 5570 σῶμαἰ
2886 5487 3073 5570 αὐτοῦ..

547 5563 787 5628 bantur}
824 5568 931 5622 Τοῦ
984 5563 1151 5620 αὐτοῦ
1199 5569 1264 5620 ὲκ
1298 5563 1391 5620 τοῦ
1437 5565 1603 5618 αὑτοῦ
1639 5563 1821 5629 λόγου.
1853 5564 1926 5617 Τὸ
1959 5563 2119 5629 σῶμα

537 5642 716 5693 τοίνυν
752 5640 922 5701 ἐστὶν,
954 5630 998 5706 ᾧ
1031 5637 1198 5703 λέγει,
1239 5637 1422 5690 Κάθου
1477 5637 1542 5690 ἐκ
1599 5632 1788 5696 δεξιῶν
1849 5650 1970 5703 μου.
2001 5630 2119 5690 Una

538 5710 684 5765 serie
721 5709 868 5763 enim
899 5708 1144 5777 procedit
1176 5708 1372 5771 oratio_

613 5780 723 5850 (99)
757 5773 914 5850 ῘΕλλξ
951 5778 1116 5850 Apud
1174 5776 1447 5850 Montfnl.
1505 5790 1553 5828 c.
1607 5773 1873 5844 sequitur,
1926 5775 1974 5827 οἱ
2010 5776 2119 5837 τοῖς

542 5846 781 5920 Χριστοῦ
823 5846 1174 5920 κηρύγμασιν
1208 5846 1642 5907 ἀντιπίπτοντες.

2294 5546 2385 5632 (6)
2407 5546 2930 5632 κατὰ-καλεῖσθαι
2963 5556 3117 5632 Θεός.
3150 5555 3229 5609 Ita
3275 5555 3429 5632 juxta
3469 5546 3815 5632 ed._Bencd.

2220 5619 2371 5685 hunc
2410 5630 2592 5683 locum
2645 5627 2955 5697 exprimere
2975 5627 3169 5697 (visum
3205 5619 3308 5679 est.
3335 5624 3530 5697 _Sirm.
3566 5619 3823 5697 habebat;

2221 5702 2343 5754 κατ’
2376 5699 2552 5769 ἀρχὴν
2588 5689 2748 5751 ἔλαϐε
2796 5694 3441 5769 rb_x_aleiaeqtt,_01nissa
3474 5708 3607 5769 voce
3633 5689 3817 5769 _6§6;.

2219 5758 2573 5825 Emeudaiida
2609 5782 2829 5840 quoque
2867 5766 2969 5840 [uit
3002 5758 3197 5840 versio
3216 5765 3339 5840 _Lat.
3377 5780 3499 5840 qua:
3533 5762 3611 5815 sic
3633 5758 3818 5840 habe-

2221 5840 2313 5896 bat
2341 5859 2352 5893 :
2382 5840 2567 5908 Neque
2598 5833 2835 5893 Verbum
2867 5836 2962 5892 Dei
2994 5835 3266 5907 principio
3300 5833 3482 5889 vocari
3510 5833 3672 5901 carpit
3694 5857 3709 5879 δ
