4090 6442
438 352 539 423 183

1440 350 1933 412 THEODORETI
1972 354 2313 415 EPISCOPI
2352 356 2718 416 CYRENSIS

3613 350 3717 421 £83.

433 459 587 516 tiam,
634 453 940 511 secundum
982 470 1147 525 quam
1197 462 1254 509 et
1291 454 1541 510 omnium
1595 465 1682 511 est
1741 456 2018 511 conditor.

2142 461 2318 513 ὠσίαν
2343 460 2411 532 ἢν
2443 460 2708 525 ἀνέλαϐε,
2753 461 2848 516 καὶ
2890 460 3182 533 λελυμένον
3214 461 3416 532 ἐγείρει
3461 463 3553 517 τδν
3587 468 3719 520 ναδν

432 549 724 618 Nunquam
751 555 877 617 post
923 547 1206 612 unionem,
1255 561 1422 616 quam
1468 546 1579 601 sibi
1615 563 1684 602 ex
1721 547 1840 617 ipsa
1882 561 2019 603 con-

2142 553 2153 603 i
2185 551 2350 614 αὐτὸς
2381 552 2525 606 κατὰ
2552 552 2654 623 τὴν
2696 551 2850 605 θείαν
2881 554 3092 617 οὐσίαν,
3127 552 3252 607 καθ’
3283 555 3349 624 ἢν
3370 554 3467 608 καὶ
3498 555 3717 610 πάντων

433 640 689 710 eeptione
715 638 877 694 unire
897 638 1155 709 dignatus
1188 645 1294 699 est,
1329 637 1418 692 vel
1456 653 1488 691 a
1540 653 1644 693 suo
1701 638 1905 708 templo
1935 651 2024 693 re-

431 734 656 795 cedens,
693 731 780 785 vel
828 738 1058 801 propter
1096 729 1437 785 ineffabilem
1481 729 1882 800 benignitatem
1921 745 2023 783 va-

433 825 554 877 lens
568 823 847 877 recedere.
871 822 980 878 Sed
1002 822 1148 877 idem
1165 830 1253 876 est
1272 821 1618 892 passibilisct
1633 821 2022 892 impassibilis:

433 911 714 980 passibilis
739 911 1047 966 secundum
1077 911 1504 975 humanitatem,
1551 910 1909 980 impassibilis
1932 925 2027 965 se-

441 1001 684 1055 cundum
718 1001 1090 1057 divinitatem.
1129 1002 1327 1057 Videte
1358 1001 1749 1066 enim;videte
1764 1017 1873 1067 me,
1896 1000 2026 1071 quia

440 1092 594 1166 ιιι
639 1109 742 1165 ego
775 1110 920 1160 sum,
957 1103 1015 1149 et
1062 1110 1176 1149 non
1221 1103 1428 1150 mutor.
1481 1094 1830 1150 Resuscitato
1860 1093 2031 1165 igitur

436 1186 644 1255 templo
663 1200 766 1241 suo
780 1186 933 1241 Deus
958 1185 1224 1252 Verbum,
1269 1195 1328 1241 et
1366 1186 1423 1241 in
1452 1186 1572 1259 ipso
1588 1193 1804 1240 natura;
1827 1193 2030 1240 nostrae

439 1274 852 1333 resurrectione
886 1292 950 1333 ac
969 1278 1328 1332 renovatione
1341 1276 1606 1347 perfecta,
1628 1276 1773 1330 hanc
1785 1276 2033 1345 discipu-

436 1368 508 1423 lis
532 1369 650 1423 suis
664 1369 969 1424 ostendeus
1019 1368 1278 1424 dicebat:
1320 1388 1339 1421 ι
1363 1368 1587 1438 Palpate
1617 1383 1705 1423 me
1731 1376 1788 1422 et
1819 1367 2028 1432 videte,

437 1475 569 1515 nam
591 1462 824 1531 spiritus
851 1478 1075 1518 carnem
1103 1473 1162 1517 et
1181 1476 1305 1515 ossa
1328 1460 1647 1527 non;habet,
1665 1461 1811 1516 sicut
1829 1459 2032 1515 videtis

439 1568 527 1607 me
546 1551 680 1624 (non
698 1553 960 1624 esse,sed)
980 1554 1186 1608 habere
1203 1553 1322 1585 “'9‘
1344 1570 1358 1618 ;
1393 1570 1412 1605 ι
1435 1560 1566 1606 utet
1586 1552 1882 1607 habentem
1900 1558 1959 1607 et
1976 1552 2032 1606 id

436 1645 586 1715 quod
600 1645 840 1701 habetur
866 1646 1251 1709 considerans,
1275 1659 1388 1698 non
1405 1643 1745 1709 mistionem,
1762 1659 1877 1698 non
1898 1654 2034 1698 con-

440 1738 773 1802 versionem,
788 1753 891 1792 nec
902 1737 1310 1801 alterationem,
1329 1735 1425 1791 sed
1441 1735 1709 1791 unionem
1728 1734 1928 1791 factam
1950 1734 2034 1789 in—

2127 642 2365 713 ὑπάρχει
2389 642 2746 713 δημιουργός.
2789 643 3061 699 Οὐδέποτε
3109 643 3252 714 μετὰ
3277 642 3378 714 τὴν
3405 641 3620 707 ἕνωσιν,
3644 647 3717 718 ἢν

2126 731 2186 805 εξ
2210 733 2383 802 αὐτῆς
2411 736 2511 802 τῆς
2545 732 2867 804 συλλήψεως
2899 733 3077 803 ἑαυτῷ
3107 730 3309 791 ἑνῶσαι
3349 733 3711 803 κατηξίωσεν,

2126 821 2160 892 ἢ
2191 822 2439 887 ἀποστὰς
2481 823 2577 878 τοῦ
2610 825 2817 879 οἰκείου
2861 824 2993 879 ναοῦ
3017 866 3032 892 ,
3062 825 3098 896 ἢ
3141 826 3447 895 ἀποστῆναι
3485 824 3576 880 διὰ
3615 827 3717 899 τὴν

2126 912 2335 982 ἄφατον
2363 914 2772 985 φιλανθρωπίαν
2791 916 3110 986 δυνάμενος.
3153 914 3293 972 Ἀλλ’
3320 915 3469 970 ἔστιν
3490 919 3523 971 ό
3551 917 3714 983 αὐτὸς

2129 1006 2376 1076 παθητὸς
2413 1005 2510 1060 καὶ
2537 1007 2757 1079 ἀπαθής
2782 1025 2796 1041 ο
2834 1006 3080 1079 παθητὸς
3110 1008 3255 1063 κατὰ
3293 1006 3393 1078 τὴν
3426 1008 3717 1079 ἅνθρωπός

2128 1112 2289 1180 τῃτα,
2327 1096 2545 1167 ἀπαθὴς
2575 1096 2719 1150 κατὰ
2743 1098 2843 1170 τὴν
2871 1098 3123 1168 θεότητα.
3185 1100 3355 1152 Ἴδετε
3411 1100 3542 1171 γὰρ,
3574 1100 3719 1153 ἴδετέ

2134 1204 2223 1257 με,
2267 1188 2354 1241 ὃτι
2390 1187 2502 1257 ὲγώ
2537 1190 2674 1259 εἰμι,
2702 1189 2799 1243 καὶ
2824 1190 2925 1243 οὑκ
2965 1189 3284 1261 ὴλλοίωμαι.
3327 1191 3578 1262 Ἐγείρας
3605 1208 3719 1244 10t-

2131 1279 2339 1349 γαροῦν
2375 1280 2468 1334 τὸν
2502 1281 2701 1335 ἑαυτοῦ
2731 1283 2858 1335 ναδν
2891 1282 2920 1333 ό
2949 1282 3085 1346 Θεὸς
3113 1283 3308 1352 Λόγος,
3344 1283 3441 1337 xui.
3482 1286 3541 1337 ὲν
3567 1282 3722 1353 αὐτῷ

2132 1372 2232 1442 τῆς
2276 1372 2492 1440 φύσεως
2537 1372 2695 1445 ήμῶν
2739 1375 3045 1429 ἀνάστασιν
3078 1376 3171 1428 καὶ
3219 1375 3520 1429 ἀνανέωσιν
3550 1376 3721 1447 ἐργα-

2136 1464 2403 1535 σάμενος.
2436 1468 2535 1519 καὶ
2570 1466 2777 1537 ταύτην
2810 1470 2925 1530 τοῖς
2956 1467 3150 1521 ἑαυτοῦ
3185 1468 3456 1539 μαθηταῖς
3498 1466 3682 1531 δείξας
3703 1508 3720 1531 ,

2134 1556 2327 1624 ελεγε,
2364 1576 2383 1608 ι
2436 1556 2816 1629 Ψηλαφήσατέ
2866 1575 2966 1630 με,
3020 1561 3115 1612 καὶ
3145 1559 3319 1623 ἴδετε,
3369 1560 3453 1612 ὅτι
3504 1559 3725 1628 πνεῦμα

2136 1647 2319 1719 σάρκα
2357 1647 2453 1700 καὶ
2494 1648 2662 1702 ὀστέα
2701 1650 2804 1702 οὑκ
2855 1648 2969 1718 ἔχει
2993 1690 3008 1712 ,
3040 1648 3226 1712 καθὼς
3265 1650 3365 1718 ἐμὲ
3425 1649 3724 1717 θεωρεῖτε,

2134 1738 2237 1791 οὑκ
2273 1737 2428 1803 ὄντα,
2475 1738 2591 1792 ἀλλ’
2626 1738 2820 1809 ἔχοντα
2844 1754 2858 1768 ·
2896 1758 2914 1790 ι
2957 1740 3047 1793 ἵνα
3091 1740 3186 1793 καὶ
3229 1739 3322 1792 τὸν
3369 1738 3583 1809 ἔχοντα,
3630 1739 3730 1792 καὶ

440 1828 680 1899 telligas.
712 1829 843 1884 Ideo
869 1838 925 1884 et
946 1829 1181 1898 vestigia
1205 1829 1514 1892 clavorum,
1549 1836 1603 1883 et
1630 1828 1838 1883 lancea:
1860 1826 2032 1882 ictum

2142 1829 2201 1882 τδ
2230 1830 2346 1901 (25)
2382 1830 2643 1900 ἐχόμενον
2666 1833 3034 1901 κατανοήσας,
3065 1832 3127 1885 οὑ
3149 1833 3368 1902 κρᾶσιν,
3399 1832 3461 1884 οὑ
3489 1831 3726 1901 τροπὴν,

439 1919 770 1973 monstravit
785 1921 854 1985 ³⁷,
882 1928 1135 1974 eteoram
1152 1918 1442 1989 discipulis
1463 1918 1707 1976 comedit
1728 1918 1863 1982 ",ut
1882 1915 2033 1971 omni

438 2011 650 2065 ratione
673 2019 886 2065 naturas
915 2018 1121 2066 nostra:
1162 2009 1633 2066 resurrectionem
1666 2007 1721 2062 in
1772 2023 1830 2063 se
1859 2021 2032 2061 reno-

438 2105 617 2153 vatam
639 2099 748 2153 illis
772 2099 1373 2173 persuaderet.Eteum
1386 2098 1693 2153 secundum
1712 2098 1929 2153 beatam
1952 2096 2032 2151 di-

437 2191 688 2247 vinitatis
718 2192 1088 2247 substantiam
1114 2191 1447 2245 mutationis
1475 2198 1531 2246 et
1560 2190 1906 2246 alterationis
1937 2205 2033 2243 ex-

440 2300 588 2354 pers,
627 2284 1010 2354 impassibilis,
1068 2285 1425 2349 immortalis,
1481 2284 1631 2338 nulla
1677 2299 1735 2338 re
1782 2281 2036 2351 indigens

440 2386 611 2437 esset.
632 2376 920 2447 passiones
940 2392 1135 2445 omnes
1162 2377 1369 2447 templo
1396 2391 1498 2430 suo
1530 2374 1724 2429 inferri
1760 2372 2031 2444 permisit,

443 2477 501 2521 et
525 2468 633 2522 hoc
662 2468 890 2538 propria
939 2468 1187 2538 potentia
1210 2468 1495 2530 excitavit,
1524 2477 1582 2521 et
1628 2482 1726 2537 per
1761 2467 2032 2536 templum

445 2576 608 2614 suum
646 2561 948 2630 perfectam
988 2568 1199 2616 naturze
1256 2552 1926 2615 nostrze'renovationem
1957 2558 2037 2614 ef-

447 2650 595 2706 fecit.
624 2651 734 2711 Eos
780 2667 915 2706 vero
938 2651 1033 2722 qui
1080 2651 1273 2706 dicunt
1327 2650 1540 2706 nudum
1584 2650 1865 2704 hominem
1913 2666 2036 2705 esse

445 2742 750 2809 Christum,
781 2743 869 2798 vel
914 2742 1158 2814 passioni
1202 2743 1505 2799 obnoxium
1536 2743 1715 2797 Deum
1766 2742 2033 2806 Verbum,

446 2836 633 2891 autin
682 2852 906 2891 carnem
961 2851 1315 2901 conversum,
1362 2836 1450 2890 vel
1500 2834 2038 2890 consubstantiatum

448 2944 653 2998 corpus
697 2928 983 2994 habuisse,
1051 2927 1137 2982 vel
1171 2927 1259 2984 dov
1307 2928 1449 2983 caelo
1498 2927 1553 2981 id
1606 2926 1894 2991 detulisse,
1943 2932 2040 2981 aut

449 3021 778 3091 phantasma
803 3036 927 3075 esse
960 3035 975 3073 :
1006 3019 1090 3074 vel
1140 3020 1235 3091 qui
1297 3019 1591 3074 mortalem
1642 3018 1834 3073 dicunt
1862 3018 2037 3072 Deum

449 3113 695 3168 Verbum
730 3127 870 3182 opus
890 3113 1151 3168 habuisse
1178 3121 1239 3167 ut
1267 3129 1298 3167 a
1330 3110 1492 3167 Patre
1537 3110 1925 3173 suscitaretur,
1952 3108 2039 3163 vel

452 3201 814 3257 inanimatum
843 3217 1044 3276 corpus
1071 3202 1398 3272 sumpsisse,
1431 3201 1519 3257 vel
1549 3201 1668 3255 sine
1712 3207 1898 3253 mente
1943 3200 2041 3253 ho-

453 3294 781 3362 minem,vel
810 3294 950 3349 duas
970 3294 1178 3351 Christi
1199 3302 1427 3350 naturas
1457 3310 1557 3365 per
1594 3291 2043 3347 commistionem

452 3388 713 3445 confusas
738 3404 905 3442 unam
940 3396 1199 3443 naturam
1249 3386 1423 3443 factas
1473 3401 1633 3442 esse:
1670 3394 1727 3441 ct
1784 3385 1879 3455 qui
1933 3398 2045 3438 non

453 3483 793 3539 conﬁtentur
843 3482 898 3537 in
950 3482 1188 3537 Domino
1233 3487 1427 3536 nostro
1473 3477 1601 3533 Jesu
1647 3476 1870 3533 Christo
1909 3477 2048 3531 duas

451 3591 576 3632 esse
623 3584 853 3631 naturas
900 3572 1241 3635 inconfusus,
1293 3585 1461 3624 unam
1512 3577 1696 3624 autem
1730 3583 2044 3639 personam,

458 3667 619 3740 142
636 3676 914 3737 quatenus
943 3679 1088 3719 unus
1119 3673 1204 3718 est
1225 3662 1503 3725 Christus,
1542 3678 1686 3716 unus
1712 3661 1906 3725 Filius,
1950 3676 2047 3715 eos

454 3761 806 3816 anathemate
835 3758 965 3812 ferit
990 3756 1263 3811 catholica
1290 3762 1347 3809 et
1375 3753 1679 3824 apostolica
1706 3752 2049 3809 Ecclesia.—

457 3853 713 3925 Ejusdem
744 3853 810 3904 θ’.
840 3852 983 3921 Ergo
1004 3850 1049 3904 si
1080 3863 1209 3904 caro
1243 3846 1357 3917 (21)
1379 3845 1631 3900 omnium
1656 3853 1713 3900 et
1736 3846 1792 3900 in
1824 3846 2048 3905 Christo

457 3941 737 4014 subjacuit
762 3939 1001 4010 injuriae,
1028 3936 1309 4008 quomodo
1348 3936 1516 4005 unius
1556 3937 1707 3992 illam
1747 3952 1871 3992 cum
1903 3937 2046 3992 divi.

456 4035 632 4089 nitate
658 4032 847 4088 dicitis
895 4045 1017 4085 esse
1065 4028 1426 4085 substantiae?
1463 4027 1520 4083 Si
1547 4028 1695 4084 enim
1722 4029 1887 4084 unius
1919 4029 2050 4084 sub-

459 4124 678 4182 stantiae
702 4123 944 4179 Verbum
977 4131 1033 4177 et
1065 4137 1215 4188 caro,
1251 4138 1373 4193 quae
1419 4122 1487 4177 de
1523 4130 1670 4178 terra
1721 4124 1892 4179 habet
1942 4140 2044 4177 na-

461 4234 662 4283 .uram,
690 4234 791 4274 cur
838 4234 949 4272 non
977 4216 1088 4290 (22)
1125 4215 1292 4271 unius
1343 4217 1669 4274 substantias
1722 4227 2048 4274 asserantur

459 4312 703 4367 Verbum
739 4322 907 4381 atque
952 4311 1157 4370 anima,
1213 4327 1378 4381 quam
1430 4311 1733 4381 perfectam
1789 4308 2048 4383 (naturae)

460 4403 707 4472 suscepit
759 4399 1288 4473 (humanae)?Unius
1337 4411 1523 4456 autem
1576 4401 1901 4456 substantia:
1936 4400 2049 4472 (23)

2136 1922 2237 1974 οὑκ
2286 1922 2597 1987 ἀλλοίωσιν,
2647 1922 2762 1975 ἀλλ’
2817 1922 3017 1976 ἕνωσιν
3063 1923 3444 1993 γεγενημένην
3496 1922 3725 1985 ὲπίδοις.

2136 2012 2235 2065 Διὰ
2264 2009 2424 2065 τοῦτο
2449 2012 2542 2065 καὶ
2567 2013 2695 2076 τοὺς
2717 2011 2923 2076 τύπους
2952 2011 3061 2066 τῶν
3083 2011 3252 2082 ἥλων,
3280 2013 3376 2065 καὶ
3400 2012 3499 2082 τῆς
3522 2011 3731 2081 λόγχης

2136 2104 2236 2178 τὴν
2265 2104 2414 2169 νύξιν
2445 2103 2710 2171 ἐπέδειξε,
2745 2105 2841 2157 καὶ
2867 2104 3176 2174 ἔμπροσθεν
3207 2102 3466 2173 μαθητῶν
3495 2103 3729 2172 ἔφαγεν,

2137 2198 2224 2251 ἵνα
2259 2197 2348 2251 διὰ
2372 2196 2590 2250 πάντων
2620 2197 2718 2266 τὴν
2742 2197 3040 2251 ἀνάστασιν
3069 2195 3169 2266 τῆς
3196 2194 3473 2266 ἡμετέρας
3512 2192 3735 2262 φύσεως

2138 2291 2196 2342 ὲν
2222 2288 2369 2359 αὑτῷ
2415 2286 2813 2342 ἀνανεωθεῖσαν
2856 2284 3198 2355 πιστώσηται
3230 2283 3447 2347 αὐτούς.
3491 2282 3599 2335 Καὶ
3649 2282 3735 2335 ὅτι

2138 2381 2279 2434 κατᾶ
2312 2378 2411 2452 τὴν
2449 2380 2733 2452 μακαρίαν
2772 2379 2872 2449 τῆς
2907 2377 3163 2448 θεότητος
3197 2376 3388 2431 οὑσίαν
3421 2376 3733 2446 ἄτρεπτος,

2139 2473 2502 2535 ἀναλλοίωτος
2523 2515 2536 2538 ,
2562 2471 2803 2542 ἀπαθὴς,
2841 2470 3133 2534 ἀθάνατος,
3164 2467 3417 2539 ἀνενδεὴς
3445 2465 3734 2527 διατελῶν,

2140 2560 2320 2619 πάντα
2356 2563 2424 2616 τά
2460 2561 2609 2634 πάθη
2654 2563 2806 2616 εἴασε
2846 2562 2990 2615 κατὰ
3038 2559 3392 2632 συγχώρησιν
3424 2559 3499 2630 τῷ
3541 2557 3737 2629 οἰκείῳ

2141 2656 2499 2728 ἐπενεχθῆναι
2554 2653 2669 2725 ναῷ
2695 2695 2711 2720 ,
2745 2654 2842 2708 καὶ
2883 2653 3085 2707 τοῦτόν
3122 2656 3191 2726 τῇ
3239 2652 3418 2725 οἰκείᾳ.
3463 2653 3737 2723 ἀνέστησε

2138 2747 2392 2817 δυνάμει,
2423 2744 2512 2798 διά
2552 2762 2612 2797 τε
2650 2744 2745 2798 τοῦ
2785 2742 2991 2798 οἰκείου
3041 2742 3171 2797 ναοῦ
3216 2743 3433 2797 τελείαν
3468 2743 3569 2814 τὴν
3599 2743 3740 2796 ἁνα-

2140 2841 2333 2895 νὲιυσιν
2354 2840 2452 2908 τῆς
2475 2837 2753 2909 ἡμετέρας
2776 2836 3136 2907 ἐξειργάσατο
3171 2835 3409 2904 φύσεως,
3446 2835 3581 2898 Τοὺς
3610 2833 3735 2905 (26)

2140 2928 2197 2983 δὲ
2226 2931 2486 2999 λέγοντας
2517 2927 2670 3000 ψιλὸν
2692 2927 2982 3000 ἄνθρωπον
3017 2927 3110 2980 τὸν
3134 2924 3391 2998 Χριστὸν,
3418 2924 3452 2995 ἢ
3490 2923 3741 2994 παθητὸν

2141 3025 2233 3078 τὸν
2259 3024 2392 3078 Θεὸν
2427 3024 2600 3091 Λόγον
2622 3062 2637 3087 ,
2677 3022 2710 3090 ἢ
2756 3023 2835 3087 εἰς
2881 3020 3063 3095 σάρκα
3092 3019 3373 3092 τραπέντα
3397 3060 3411 3085 ,
3454 3017 3487 3090 ἢ
3540 3034 3740 3072 συνου-

2147 3114 2415 3187 σιωμένον
2468 3111 2764 3184 ἐσχηκέναι
2810 3111 2871 3164 τὸ
2917 3111 3109 3182 σῶμα,
3162 3110 3195 3181 ἢ
3240 3108 3533 3181 οὐρανόθεν
3576 3105 3743 3160 τοῦτο

2146 3204 2527 3276 κεκομικέναι,
2576 3204 2609 3275 ἢ
2648 3202 2945 3273 φάντασμα
2974 3198 3116 3255 εἶναι
3142 3202 3213 3273 ,ἢ
3248 3200 3442 3270 θνητὸν
3479 3199 3743 3269 λέγοντας

2145 3298 2237 3354 τὸν
2264 3299 2398 3351 Θεὸν
2423 3298 2596 3366 Λόγον
2620 3295 2908 3367 δεδεῆσθαι
2940 3295 3039 3366 τῆς
3070 3295 3219 3365 παρὰ
3238 3293 3332 3347 τοῦ
3363 3293 3576 3365 Πατρδς
3603 3294 3743 3345 ἀνα-

2149 3392 2431 3455 στάσεως,
2482 3389 2746 3461 ἣᾶψυχον
2786 3389 2847 3442 τὸ
2891 3386 3053 3459 σῶμα
3082 3387 3474 3458 ἀνειληφέναι,
3512 3382 3745 3455 ἦᾶνουν

2148 3484 2456 3556 ἄνθρωπον,
2484 3480 2516 3552 ἢ
2553 3480 2651 3544 τὰς
2674 3480 2768 3533 δύο
2799 3479 2993 3550 φύσεις
3027 3478 3123 3532 τοῦ
3159 3475 3400 3550 Χριστοῦ
3432 3475 3577 3529 κατὰ
3600 3474 3743 3528 ἀνά-

2149 3592 2347 3647 κρασιν
2388 3570 2756 3643 συγχυθείσας
2794 3570 2924 3640 μίαν
2969 3568 3301 3641 γεγενῆσθαι
3335 3567 3520 3639 φύσιν,
3548 3566 3641 3619 καὶ
3663 3565 3746 3638 μὴ

2148 3662 2556 3738 ὁμολογοῦντας
2581 3663 2662 3726 εἰς
2704 3658 2906 3733 Κύριον
2937 3661 3099 3731 ἡμῶν
3137 3658 3348 3729 Ἰησοῦν
3377 3657 3616 3738 Χριστὸν
3646 3656 3747 3710 δύο

2150 3732 2342 3830 φτὺσεις
2376 3752 2516 3810 εἰναι
2548 3732 2913 3825 ἀσυγχύτους,
2946 3752 3004 3805 ἓν
3043 3751 3102 3805 δὲ
3136 3751 3450 3824 πρόσωπον,
3499 3732 3634 3802 καθδ
3660 3743 3746 3812 εἷς

2149 3853 2408 3924 Χριστὸς,
2438 3847 2520 3912 εἷς
2538 3849 2687 3912 Υἰὸς,
2718 3849 2945 3911 τούτους
2974 3844 3362 3916 ἀναθεματίζει
3389 3847 3423 3914 ἡ
3451 3842 3744 3912 καθολικὴ,

2146 3944 2246 4008 ,καὶ
2283 3939 2616 4011 ἁποστολικὴ
2654 3939 2974 4011 Ἐκκλησία.
3001 3938 3188 3992 -Τοῦ
3217 3935 3426 3991 αὑτοῦ.
3459 3932 3669 3989 Οὐκοῦν
3693 3936 3747 3989 εἰ

2152 4038 2185 4107 ἡ
2215 4035 2323 4089 τῶν
2350 4034 2568 4088 πάντων
2596 4030 2753 4102 σὰρξ,
2788 4034 2845 4084 ὲν
2879 4028 3100 4102 Χριστῷ
3121 4028 3490 4099 ὑποϐέϐληται
3522 4025 3745 4097 ὕϐρεσι,

2154 4122 2274 4186 πῶς
2311 4121 2450 4192 μετὰ
2481 4121 2579 4192 τῆς
2605 4119 2859 4189 θεότητος
2896 4121 3025 4190 μιᾶς
3067 4116 3214 4174 εἶναι
3255 4119 3610 4179 ὑποστάσεως
3651 4131 3747 4170 νο-

2159 4214 2408 4285 μίζεται;
2453 4214 2517 4266 Εἰ
2565 4211 2676 4283 γὰρ
2725 4213 2857 4283 μιᾶς
2893 4211 3252 4275 ὑποστάσεως
3284 4212 3312 4264 ὁ
3341 4211 3516 4279 Λόγος
3561 4207 3657 4261 καὶ
3708 4210 3745 4279 ὴ

2156 4307 2356 4377 σὰρξή
2393 4304 2501 4359 ἀπὸ
2547 4307 2644 4375 γῆς
2676 4303 2776 4376 τὴν
2808 4304 2973 4372 φύσιν
3013 4303 3253 4375 ἔχουσα,
3298 4304 3428 4374 μιᾶς
3466 4302 3575 4373 ἄρα
3609 4302 3744 4354 ὑπο-

2155 4398 2398 4459 στάσεως
2426 4396 2455 4448 6
2491 4395 2666 4463 Λόγος
2703 4395 2801 4447 καὶ
2835 4397 2867 4465 ἡ
2902 4393 3082 4465 ψυχὴ,
3124 4396 3190 4467 ἣν
3226 4394 3441 4446 τελείαν
3490 4390 3747 4447 ἀνέλαϐε.

458 4501 544 4547 est
566 4491 811 4546 Verbum
838 4505 965 4545 cum
992 4491 1127 4554 Deo,
1162 4492 1467 4547 secundum
1502 4490 1797 4552 Paternam
1842 4488 2038 4559 profes-

2156 4491 2301 4552 Μιᾶς
2338 4487 2444 4559 γὰρ
2471 4487 2689 4555 φύσεώς
2729 4489 2877 4540 ἐστιν
2904 4487 2932 4538 ὁ
2958 4487 3133 4556 Λόγος
3166 4487 3304 4558 μετὰ
3332 4486 3426 4540 τοῦ
3459 4484 3618 4549 Θεοῦ,
3651 4485 3750 4538 καὶ

461 4586 696 4649 sionem,
727 4592 782 4639 et
819 4582 993 4653 ipsius
1028 4582 1139 4655 (Ἡ)
1168 4583 1385 4643 Domini
1410 4582 1797 4644 assertionem,
1833 4580 1927 4649 qui
1951 4581 2047 4635 ait:

471 4699 487 4728 ι
512 4677 629 4749 Ego
661 4687 719 4731 et
742 4674 905 4731 Pater
946 4691 1120 4730 unum
1168 4690 1362 4731 sumus
1385 4676 1425 4729 ί.
1454 4693 1472 4725 ι
1518 4672 1699 4729 Unius
1728 4686 1861 4742 ergo
1916 4671 2051 4725 sub-

2157 4580 2300 4635 κατὰ
2337 4584 2436 4651 τὴν
2459 4579 2550 4632 τοῦ
2579 4580 2810 4648 Πατρδς.
2843 4579 2937 4632 καὶ
2968 4578 3134 4633 αὑτοῦ
3165 4577 3260 4633 τοῦ
3294 4577 3424 4632 Υίοῦ
3453 4576 3749 4648 ὁμολογίαν

2156 4672 2255 4743 τὴν
2310 4672 2619 4740 λέγουσαν,
2674 4689 2694 4722 ‹
2746 4672 2888 4741 Ἐγὼ
2931 4672 3026 4726 καὶ
3062 4673 3091 4724 ὁ
3136 4670 3327 4741 Πατὴρ
3364 4670 3424 4723 ἓν
3470 4672 3674 4739 ἐσμεν·
3723 4687 3743 4719 ι

464 4770 683 4826 stantia:
710 4770 875 4825 Pater
898 4784 1023 4824 eum
1053 4765 1321 4840 (terreno)
1338 4780 1572 4835 corpore
1606 4763 1961 4835 praedicatur.
1987 4760 2030 4818 E

2158 4765 2356 4819 οὐκοῦν
2388 4765 2482 4818 καὶ
2511 4765 2539 4817 ό
2572 4765 2765 4837 Πατὴρ
2794 4766 2893 4836 τῆς
2922 4765 3093 4834 αὐτῆς
3121 4764 3312 4827 οὐσίας
3344 4764 3485 4833 μετὰ
3512 4762 3606 4817 τοῦ
3636 4761 3748 4816 σώ-

462 4859 1303 4932 ίιιίὶιιιοἰηόίεηεηιὶιιὶΑτίεηίε,
1345 4857 1476 4927 quia
1507 4854 1564 4909 hi
1615 4856 1809 4909 dicunt
1856 4855 2038 4909 Filiun

2164 4874 2333 4928 ματος
2360 4857 2569 4926 ὀφείλει
2595 4856 2938 4928 νομίζεσθαι.
2967 4857 3078 4911 Καὶ
3102 4857 3155 4910 τί
3180 4857 3261 4911 ἔτι
3288 4859 3403 4920 τοῖς
3444 4856 3751 4927 ’Λρειανοῖς

463 4955 563 5013 Dei
590 4963 903 5010 creaturam
933 4968 1077 5017 esse,
1107 4965 1234 5006 eum
1280 4949 1385 5020 ipsi
1416 4948 1616 5007 dicatis
1649 4947 1869 5002 Patrem
1895 4948 2038 5002 uniu:

2159 4949 2376 5021 χολᾶτε,
2404 4952 2516 5013 τοῖς
2537 4948 2760 5019 λέγουσι
2781 4949 2874 5002 τὸν
2897 4948 3028 5002 Υίὸν
3056 4947 3315 5017 τοῦθεοῦ
3338 4947 3550 5018 κτίσμα
3580 4940 3749 5011 εἶναι,

532 5111 654 5144 ’5'"
679 5110 813 5165 Luc.
850 5125 994 5169 xxtv,
1023 5078 1113 5161 56.
1188 5106 1232 5136 ⁹⁷
1259 5103 1413 5159 Joan.
1451 5119 1539 5167 xx,
1565 5102 1656 5157 27.
1736 5101 1782 5134 ⁸⁸
1818 5103 1953 5158 Luc.
1995 5121 2038 5158 x1

2165 5105 2228 5158 4i
2263 5120 2439 5175 seqq.;
2475 5104 2633 5160 Joan.
2664 5119 2773 5169 XXI,
2813 5103 2880 5159 12
2903 5118 3060 5174 seqq.

463 5197 657 5246 eram.,
687 5197 736 5234 c.
773 5181 825 5237 6.
905 5182 922 5213 ι
949 5180 1107 5237 Joan.
1145 5193 1200 5239 κ,
1227 5176 1314 5229 50.

538 5294 650 5367 (2i)
687 5294 944 5367 omnium.
991 5292 1157 5367 Sinti.
1192 5293 1356 5367 omni.
1546 5291 1834 5367 sequimur
1858 5290 2052 5367 lectio-

464 5360 809 5435 nem,'quam
829 5365 1071 5435 editores
1112 5362 1479 5435 Benedictini,
1517 5372 1555 5417 t.
1598 5360 1664 5425 ll,
1699 5378 1753 5432 p.
1782 5360 1904 5424 7l6,
1933 5363 2053 5435 plu—

466 5433 732 5491 rimorum
757 5451 891 5490 mse.
920 5434 1180 5504 sutfragio
1201 5434 1381 5504 ornari
1410 5441 1700 5498 testantur,
1732 5447 1856 5502 quae
1886 5433 2051 5486 etiam

468 5509 641 5562 textui
674 5507 862 5563 Grzeco
897 5503 1111 5575 optime
1136 5503 1448 5575 respondet.

542 5578 652 5650 (Ὦ)
679 5596 773 5632 cur
812 5594 915 5631 non
934 5572 1260 5650 l—Verlgguu.
1314 5574 1517 5630 Bened.
1539 5574 1578 5628 1.
1623 5590 1673 5628 c.
1702 5593 1715 5626 ε
1744 5589 1842 5628 cur
1888 5572 2053 5627 unius

467 5645 790 5705 substantias
824 5656 1101 5703 asseratur
1121 5645 1387 5701 Verbum.

548 5719 658 5791 (‘23)
693 5721 1021 5791 substantiae.
1053 5716 1263 5771 Mallem
1290 5727 1516 5777 natum,
1546 5714 1883 5791 ni‘schncd.
1921 5730 2055 5769 con-

470 5786 736 5858 sentirent
772 5791 826 5849 in
854 5789 1087 5843 lectione
1124 5803 1286 5863 quam
1314 5796 1495 5842 textus
1528 5786 1770 5839 exhibet.

3166 5103 3211 5135 ”
3244 5102 3323 5159 De
3361 5100 3629 5159 inearnat.
3659 5115 3750 5156 sa-

2242 5289 2350 5360 (24)
2382 5289 2615 5344 Domini.
2662 5287 2814 5360 Hanc
2850 5302 3071 5358 quoque
3107 5284 3607 5360 lectione_m__babet
3628 5281 3745 5338 edi-

2163 5357 2470 5417 tio'Bened.
2493 5360 2612 5413 Non
2647 5359 2804 5413 licuit
2826 5357 3010 5428 itaque
3039 5360 3289 5414 scribere
3318 5357 3463 5420 Filii,
3481 5370 3609 5411 eum
3631 5362 3741 5406 tex-

2165 5441 2279 5487 tum
2305 5446 2336 5487 e
2363 5429 2615 5485 versione
2638 5430 2935 5484 emendare
2963 5429 3119 5484 nefas
3138 5430 3230 5484 sit.

2236 5503 2347 5572 ('25)
2374 5501 2453 5553 τό.
2486 5500 2651 5554 Sirm.
2688 5500 2928 5555 habebat
2978 5499 3089 5553 τόν.
3128 5500 3234 5556 Sed
3285 5498 3578 5570 legendum
3629 5508 3751 5550 esse

2200 5583 2295 5627 uto
2328 5573 2408 5625 τό.

2159 5589 2512 5711 Ραίὲϐίητοὺς
2532 5670 2605 5681 —-
2632 5642 2794 5694 ἀποσ.
2823 5640 3108 5711 ἐκκλησία.
3143 5641 3269 5697 Ηιεο
3298 5636 3587 5710 fragmenti
3624 5648 3752 5707 pars

2162 5710 2341 5767 exstat
2361 5712 2525 5782 etiam
2551 5712 2692 5781 apud
2732 5711 2970 5782 Leonem
2999 5712 3383 5782 Byzantinum,
3413 5717 3473 5765 ut
3496 5710 3609 5780 jam
3637 5718 3753 5763 mo»

2163 5793 2407 5841 nuerunt
2439 5780 2681 5839 editores
2714 5780 2915 5837 Bcned.
2943 5782 2980 5836 l.
3019 5780 3066 5837 c'.
