4090 6436
2353 257 2382 279 δ.

517 373 615 437 187
1512 372 2004 433 THEODORETI
2048 368 2387 431 EPISCOPI
2424 369 2791 430 CYRENSIS
3687 368 3792 437 188

512 484 581 538 Et
614 484 703 538 hic
738 481 873 537 mihi
909 481 1229 552 frequenter
1269 482 1476 538 Nicaani
1530 482 1751 537 concilii
1789 489 2074 538 tractatum

2191 479 2331 532 ῶστε
2365 479 2574 550 μείζονι
2600 479 2713 548 (49)
2752 476 3058 548 φιλονεικίᾳ
3096 475 3342 548 Πατέρα,
3383 474 3481 530 καὶ
3503 475 3652 543 Υἰὺν,
3693 481 3791 533 καὶ

513 591 573 630 se
611 587 794 632 tenere
826 583 1241 630 commemorat.
1274 574 1381 629 Sed
1413 574 1469 628 in
1509 575 1604 628 illo
1629 583 1866 627 tractatu
1909 585 2074 644 patre:

2203 572 2358 638 ἅγιον
2417 570 2641 640 Πνεῦμα
2681 571 2812 640 μιᾶς
2863 569 3050 631 οὐσίας
3091 568 3165 638 μὴ
3213 567 3433 635 λέγειν·
3483 568 3790 640 ἐπειδήπερ

513 669 715 732 nostri,
740 683 849 721 non
884 682 1127 729 carnem,
1167 667 1264 721 sed
1298 667 1395 721 Dei
1441 667 1708 730 Verbum,
1745 665 1912 721 unius
1963 669 2074 725 sub

2201 658 2347 716 οῦτοι
2376 663 2474 733 τὴν
2503 663 2736 733 θεότητα
2765 660 2860 714 τοῦ
2891 660 3097 732 Κυρίου
3122 701 3136 724 ,
3162 661 3257 714 καὶ
3291 661 3391 730 τήν
3420 662 3620 732 σάρκα,
3657 663 3791 733 μιᾶς

512 759 728 813 stantia:
761 774 886 812 cum
923 759 1081 811 Patre
1105 773 1228 812 esse
1269 759 1566 823 dixerunt;
1602 765 1658 812 et
1685 757 1930 812 Verbum
1968 761 2074 830 qui-

2200 755 2416 824 φύσεως
2448 756 2621 807 εἰπεῖν
2655 752 3042 823 ἐπεχείρησαν.
3073 785 3142 794 --
3175 753 3287 807 Τοῦ
3313 753 3520 807 αὑτοῦ.
3561 755 3670 807 Καὶ
3697 745 3790 808 οὑ-

512 849 638 902 dem
659 865 726 903 ex
763 857 989 916 paterna
1015 849 1353 918 processisse
1381 847 1958 911 substantia,carnem
1993 867 2074 906 au-

2197 866 2289 911 τος
2326 849 2384 900 δέ
2418 865 2507 918 μοι
2552 844 2792 915 συνεχῶς
2834 845 2936 913 τῆς
2972 847 3030 898 ἐν
3077 844 3284 915 Νικαίᾳ
3321 845 3540 898 συνόδου
3590 845 3790 899 ἑαυτὸν

513 950 622 993 tcm
646 956 714 995 ex
738 940 960 1011 Virgine
997 956 1120 996 esse
1151 942 1390 996 confessi
1419 951 1568 995 sunt.
1605 941 1897 1008 Quomodo
1926 945 2074 1016 igitui

2201 939 2452 1008 κατέχειν
2477 937 2576 1009 τὴν
2603 936 2821 989 ἔκθεσιν
2844 935 2984 1006 (50)’
3010 936 3126 988 ἀλλ’
3151 937 3210 988 ὲν
3241 935 3426 1006 ἐκείνῃ
3449 938 3515 1006 τῇ
3541 935 3791 1000 ἐξετάσει

509 1032 716 1086 Νίσιεηί
739 1033 960 1087 concilii
981 1048 1182 1086 nomen
1206 1033 1548 1098 obtenditur,
1575 1042 1630 1088 et
1657 1049 1798 1087 nova
1816 1033 2074 1092 inducun-

2197 1033 2246 1084 oi
2281 1029 2541 1100 ἡμέτεροι
2600 1027 2846 1097 Πατέρες
2871 1068 2884 1092 ,
2911 1026 3034 1096 οὑχ).
3066 1026 3166 1098 τὴν
3215 1026 3398 1098 σάρκα
3418 1067 3432 1090 ,
3465 1026 3558 1079 τὸν
3589 1027 3646 1080 δὲ
3683 1026 3784 1080 τοῦ

513 1129 603 1172 tur
634 1136 755 1189 qua:
777 1137 1060 1190 nunquam
1086 1122 1260 1176 nostri
1297 1138 1522 1177 sensere
1545 1123 1818 1193 majores?
1838 1155 1910 1164 —
1933 1125 2074 1196 Ejus-

2197 1121 2331 1176 Θεοῦ
2365 1121 2558 1188 Λόγον,
2593 1121 2656 1172 ἐκ
2689 1120 2820 1188 μιᾶς
2851 1119 2947 1171 σὺν
2979 1119 3093 1185 (51)
3133 1118 3210 1189 τῷ
3233 1119 3409 1190 Πατρὶ
3435 1119 3621 1181 οὐσίας
3641 1114 3788 1170 εἶναι

509 1209 627 1262 dem
656 1211 720 1275 ¹⁰,
755 1218 940 1263 contra
970 1197 1532 1281 Apollinarium.‘Noli
1567 1210 1723 1281 145
1752 1211 1921 1281 igitur
1951 1210 2063 1284 (45)

2194 1215 2470 1284 εἰρήκασι.
2520 1213 2629 1265 Καὶ
2669 1212 2760 1263 τὸν
2809 1211 2907 1280 μὲν
2951 1211 3124 1278 Λόγον
3165 1212 3229 1263 ὲκ
3276 1210 3381 1278 τῆς
3429 1209 3524 1262 τοῦ
3566 1209 3789 1282 Πατρδς

507 1310 566 1355 et
600 1311 684 1366 tu,
712 1303 1014 1356 secundum
1056 1311 1310 1355 naturam
1363 1302 1734 1370 interpretari,
1771 1303 1920 1371 quod
1954 1319 2074 1371 prae-

2193 1301 2660 1376 προσεληλυθέναι
2694 1301 2815 1370 (52)
2845 1301 3035 1364 οὐσίας
3063 1342 3077 1367 ,
3122 1301 3222 1371 τὴν
3261 1301 3317 1354 δὲ
3359 1302 3536 1371 σάρκα
3575 1303 3639 1354 ὲκ
3680 1301 3787 1370 τῆς

508 1398 596 1444 ter
645 1389 955 1444 divinitatis
1013 1398 1265 1443 naturam
1325 1399 1427 1444 est.
1487 1391 1624 1444 Nam
1660 1393 1765 1446 etsi
1820 1391 2074 1446 credasa

2193 1395 2472 1467 Παρθένου
2493 1397 2787 1464 τυγχάνειν
2807 1393 3215 1464 ὡμολογήκασι.
3247 1393 3348 1446 Διὰ
3371 1392 3422 1445 τί
3447 1393 3624 1445 τοίνυν
3647 1395 3789 1462 ἡμῖν

505 1480 728 1537 Christo
751 1497 934 1536 veram
967 1480 1077 1552 (44)
1109 1497 1333 1536 carnem
1354 1498 1474 1536 esse
1509 1491 1843 1552 susceptam,
1869 1495 1924 1537 et
1949 1483 2074 1538 offe-

2190 1487 2252 1540 τὸ
2277 1487 2378 1556 μὲν
2407 1486 2506 1555 τῆς
2533 1485 2591 1537 ὲν
2623 1484 2830 1555 Νικαίᾳ
2859 1485 3240 1554 προτείνουσιν
3269 1483 3460 1552 όνομα,
3492 1483 3787 1551 εἰσάγουσι

507 1589 598 1628 ras
627 1573 1101 1643 tranfigurandum
1135 1589 1339 1644 corpus
1367 1573 1477 1644 (45)
1507 1575 1794 1637 altaribus,
1824 1589 1934 1627 non
1969 1574 2074 1628 dis-

2189 1578 2248 1632 δὲ
2283 1576 2489 1642 καινὰ,
2540 1576 2636 1630 καὶ
2675 1575 2819 1646 ἅπερ
2863 1577 2964 1628 οὑκ
3020 1575 3364 1645 ὲνεθύμησαν
3421 1575 3472 1626 οἱ
3519 1575 3792 1645 ἡμέτεροι

508 1665 724 1735 linguas
780 1674 962 1719 tamen
1006 1674 1260 1720 naturam
1309 1665 1614 1720 divinitatis
1643 1674 1698 1719 et
1727 1665 1997 1735 corporis,
2029 1674 2074 1719 el

2189 1671 2444 1742 πρόγονοι
2466 1687 2479 1735 ;
2513 1699 2584 1710 —-—
2609 1669 2721 1723 Τοῦ
2743 1668 2952 1730 αὐτοῦ,
2970 1666 3120 1720 κατὰ
3154 1666 3596 1734 ⁹Απο.1ιναρίου.
3619 1667 3789 1736 Μήτε

507 1751 607 1806 tibi
639 1752 872 1807 dicitur:
916 1772 933 1803 ι
960 1752 1015 1807 Si
1042 1762 1190 1808 recte
1217 1753 1439 1818 offeras,
1463 1769 1574 1808 non
1613 1763 1760 1808 recte
1790 1762 1975 1809 autem
2002 1755 2074 1809 di-

2191 1761 2257 1815 σὺ
2298 1761 2418 1814 θέλε
2469 1759 2582 1832 (55)
2633 1760 2810 1812 τοίνυν
2843 1759 2987 1812 κατὰ
3030 1757 3193 1827 φύσιν
3239 1757 3355 1810 ἴσον
3389 1757 3486 1826 τῆς
3518 1756 3789 1825 θεότητος

503 1845 682 1910 vidas,
708 1847 970 1915 peccasti,
999 1847 1223 1916 quiesce
1256 1849 1296 1878 “
1322 1847 1458 1917 (46).
1486 1866 1504 1898 ι
1540 1847 1732 1902 Divide
1773 1848 1922 1901 enim
1971 1846 2074 1918 (47]

2188 1847 2326 1906 εῖναι
2352 1851 2412 1904 τὸ
2439 1851 2619 1922 σῶμα.
2666 1850 2788 1903 Κᾶν
2836 1849 2945 1919 γὰρ
2976 1849 3280 1920 πιστεύσῃς
3308 1846 3383 1910 ὼς
3433 1845 3634 1915 ἀληθὲς
3687 1847 3786 1917 εἴη

502 1937 650 2006 quod
676 1953 886 2003 meum,
913 1938 1098 1993 divide
1123 1938 1274 2008 quod
1299 1955 1459 1993 suum
1489 1939 1656 1995 Verbi
1673 1948 1778 1994 est.
1807 1939 1922 2010 Ego
1937 1940 2074 2009 quod

2191 1943 2252 1998 τὸ
2295 1943 2456 2014 σῶμα
2498 1942 2595 1996 τοῦ
2639 1941 2903 2011 Χριστοῦ,
2938 1941 3033 1993 καὶ
3063 1937 3445 2009 προσκομίσῃς
3480 1935 3558 2006 τῷ
3589 1937 3793 1990 θυσια·

500 2038 623 2082 erat
657 2028 808 2083 illius
845 2045 956 2083 non
977 2029 1344 2092 babebam,et
1371 2029 1462 2084 ille
1484 2029 1634 2098 quod
1664 2045 1850 2084 meum
1878 2040 2074 2085 estnon

2189 2035 2399 2105 στηρίῳ
2430 2033 2569 2103 πρὸς
2603 2032 2986 2103 μεταποίησιν,
3020 2031 3095 2102 μὴ
3125 2028 3402 2101 διαστίξῃς
3440 2028 3498 2081 δὲ
3537 2027 3634 2098 τήν
3678 2026 3789 2080 τοῦ

503 2116 767 2171 habebat.
801 2115 1057 2186 Suscepit
1086 2117 1236 2187 quod
1287 2133 1471 2172 meum
1521 2126 1628 2184 est,
1677 2127 1738 2172 ut
1770 2119 2086 2190 impertiret

501 2208 650 2279 quod
676 2225 837 2264 suum
879 2215 983 2263 est.
1023 2209 1276 2278 Suscepit
1306 2225 1417 2264 non
1462 2221 1524 2264 ut
1547 2211 1932 2278 confunderet,
1986 2211 2084 2267 sed

501 2309 563 2354 ut
589 2299 1210 2370 repleret.—Ejusdem,
1240 2310 1355 2371 post
1376 2319 1547 2372 pauca
1563 2303 1625 2356 ¹⁹.
1663 2303 1925 2358 Desinant
1949 2319 2082 2374 ergo

499 2390 685 2444 dicere
741 2399 996 2444 naturam
1046 2390 1212 2444 Verbi
1259 2391 1315 2445 in
1377 2393 1626 2461 corporis
1675 2401 1927 2447 naturam
1958 2409 2082 2449 esse

500 2490 788 2548 mutatam,
820 2499 889 2539 nc
919 2485 1039 2554 pari
1087 2484 1548 2554 interpretatione
1597 2484 1850 2540 videatur
1877 2494 2079 2540 natura

498 2574 668 2629 Verbi
698 2575 754 2629 in
788 2576 1102 2646 contagium
1137 2585 1343 2630 mutata
1363 2577 1593 2646 peccati.
1622 2575 1788 2630 Aliud
1816 2584 1900 2630 est
1922 2577 2074 2630 enim

497 2665 644 2733 quod
672 2665 987 2735 assumpsit,
1011 2673 1066 2720 et
1085 2666 1232 2720 aliud
1253 2667 1400 2736 quod
1421 2677 1761 2736 assumptum
1786 2669 2080 2722 est.Virtus

495 2753 649 2808 venit
679 2754 734 2808 in
761 2755 1062 2826 Virginem,
1095 2756 1240 2810 sicut
1274 2763 1331 2810 et
1375 2757 1602 2826 angelus
1632 2757 1697 2810 ad
1738 2773 1857 2810 eam
1899 2758 2074 2811 dixit:

503 2863 520 2894 ι
545 2845 682 2910 Quia
709 2846 888 2901 virtus
917 2847 1188 2900 Altissimi
1221 2847 1581 2901 obumbrabit
1612 2856 1666 2901 te
1703 2849 1764 2902 ¹³.
1793 2868 1810 2898 ι
1837 2847 1945 2902 Sed
1974 2863 2075 2901 na-

495 2944 611 2987 tum
639 2945 725 2989 est
748 2950 950 3005 corpus
978 2951 1046 2989 ex
1075 2936 1327 3005 Virgine:
1356 2945 1413 2991 et
1439 2937 1562 2991 ideo
1587 2938 1827 2993 caelestis
1850 2938 2076 3007 quidem

495 3027 808 3091 descensio,
835 3029 928 3082 sed
973 3029 1213 3082 humana
1235 3031 1523 3098 conceptio
1545 3039 1650 3084 est.
1677 3031 1794 3084 Non
1824 3046 1954 3100 ergo
1980 3046 2074 3085 ea-

494 3117 618 3171 dem
633 3119 816 3174 carnis
835 3121 1014 3188 potuit
1047 3135 1170 3175 esse
1195 3120 1615 3190 divinitatisque
1641 3131 1858 3175 natura.

2188 2124 2437 2195 σὼματος
2469 2125 2564 2177 κα)⁹
2607 2124 2708 2194 τῆς
2735 2122 2991 2194 θεότησος
3021 2122 3204 2191 φύσιν,
3240 2119 3476 2191 ἐροῦμεν
3527 2119 3621 2172 καὶ
3666 2119 3786 2182 σοὶ,

2197 2233 2216 2266 ε
2246 2216 2374 2269 Ἐὰν
2405 2214 2581 2285 ὀρθῶς
2603 2213 3002 2284 προσενέγκῃς,
3018 2211 3191 2284 ὀρθῶς
3203 2210 3258 2264 δὲ
3279 2209 3566 2281 μὴοδιέλῃς,
3586 2209 3790 2280 ἥμαρ-

2182 2323 2294 2369 τες,
2335 2305 2633 2376 ήσύχασον.
2674 2323 2695 2358 ι
2734 2304 2885 2357 Δίελε
2918 2303 3169 2375 γὰρτόγε
3189 2302 3431 2372 ὑπάρχον
3457 2300 3631 2371 ἡμῶν,
3677 2301 3790 2353 καὶ

2180 2399 2318 2464 ὅπερ
2348 2399 2546 2451 οἰκεῖον
2578 2396 2670 2450 τοῦ
2704 2397 2902 2464 Λόγου.
2941 2393 3152 2448 Οὐκοῦν
3181 2391 3295 2461 ἐγὼ
3327 2393 3429 2462 μὲν
3476 2393 3578 2445 οὑκ
3618 2386 3789 2462 εἶχον

2181 2491 2318 2560 ὅπερ
2367 2490 2611 2560 ὑπῆρχεν
2667 2486 2832 2540 αὑτοῦ
2857 2504 2871 2517 ο
2925 2488 3134 2548 ἐκεῖνος
3185 2484 3244 2538 δὲ
3293 2483 3394 2536 οὑκ
3444 2478 3589 2552 εἶχεν
3632 2481 3788 2551 ὅπερ

2182 2581 2426 2651 ὑπῆρχεν
2453 2580 2605 2649 ἐμόν.
2631 2580 2743 2632 Καὶ
2767 2577 2957 2632 ἔλαϐεν
2978 2578 3116 2645 ὅπερ
3147 2577 3392 2646 ὑπῆρχεν
3419 2573 3573 2642 ἐμὸν,
3599 2588 3785 2642 μετα-

2179 2671 2366 2726 δώσων
2388 2671 2496 2724 τῶν
2508 2671 2724 2725 οἰκείων
2747 2671 2900 2740 ἡμῖν’
2930 2666 3197 2721 καὶτοῦτο
3226 2666 3364 2736 πρὸς
3383 2663 3788 2734 ἀναπλήρωσιν

2177 2764 2239 2816 οὑ
2280 2765 2542 2832 σύγχυσιν
2570 2761 2876 2825 ἀνεδέξατο.
2927 2791 2999 2800 ——-
3037 2759 3145 2812 Τοῦ
3179 2757 3388 2819 αὑτοῦ,
3413 2756 3542 2824 μετ’
3569 2755 3783 2823 ὀλίγη.

2180 2853 2590 2906 Παυσάσθωσαν
2629 2851 2812 2905 τοίνυν
2853 2853 2902 2904 oi
2951 2850 3202 2918 λέγοντες
3255 2848 3331 2910 ὡς
3365 2844 3539 2917 ήτοῦ
3589 2846 3782 2911 Λόγου

2179 2943 2340 3012 φύσις
2383 2941 2460 3005 εἷς
2493 2943 2696 3012 σαρκὸς
2737 2941 3135 3012 μεταϐέϐληται
3169 2939 3362 3008 φύσιν⁶
3404 2939 3492 2990 ἵνα
3540 2939 3614 3008 μὴ
3638 2937 3784 3010 δόξῃ

2181 3031 2582 3103 μεταϐληθεῖσα
2611 3031 2754 3084 κατὰ
2777 3031 2874 3100 τὴν
2905 3031 3076 3100 αὑτὴν
3109 3030 3409 3100 ἑρμηνείαν
3438 3028 3782 3098 γεγενῆσθαι.

2178 3124 2273 3174 καὶ
2298 3123 2328 3191 ή
2351 3121 2446 3174 τοῦ
2491 3123 2665 3189 Λόγου
2696 3122 2856 3190 φύσις
2899 3123 3008 3184 τοῖς
3051 3119 3143 3173 τοῦ
3175 3119 3431 3190 σώματος
3476 3119 3780 3189 παθήμασι

495 3207 810 3278 σύμφθορος
861 3211 1000 3278 (54).
1053 3212 1284 3282 ’Ἕτερον
1333 3213 1443 3283 γάρ
1498 3215 1614 3265 ἐστι
1646 3213 1706 3265 τὸ
1748 3213 2076 3283 προσλαϐὸν,
2118 3199 2430 3284 καὶέτερόν
2474 3214 2590 3266 ἐστι
2619 3214 2681 3266 τὸ
2720 3212 3088 3282 προσληφθέν.
3125 3211 3368 3282 Δύναμις
3437 3207 3601 3281 ἦλθεν
3674 3213 3779 3264 ὲπί

493 3301 593 3370 τὴν
623 3301 934 3370 Παρθένον,
959 3303 1033 3366 ὠς
1061 3305 1088 3355 ὁ
1114 3302 1346 3371 ἄγγελος
1369 3305 1508 3374 πρὸς
1541 3304 1713 3374 αὑτὴν
1745 3303 1911 3371 λέγει,
1979 3325 1997 3356 ι
2030 3305 2153 3357 Ὀτι
2190 3305 2418 3375 δύναμις
2485 3305 2741 3374 Ὑψίστου
2787 3304 3099 3358 ἐπισκιάσει
3141 3321 3242 3356 σοι.
3299 3322 3316 3355 ι
3378 3303 3521 3356 Ἀλλ“
3557 3305 3621 3356 ὲκ
3671 3302 3779 3356 τοῦ

495 3393 747 3461 σώματος
767 3391 834 3466 ἦν
858 3397 956 3465 τῆς
985 3398 1261 3468 Παρθένου
1302 3399 1362 3452 τὸ
1387 3400 1580 3468 τεχθέν
1605 3416 1618 3430 ·
1646 3398 1740 3452 καὶ
1776 3398 1864 3452 διὰ
1893 3399 2072 3465 τοῦτο,
2114 3399 2234 3453 θεία
2273 3401 2372 3471 μὲν
2444 3403 2477 3471 ή
2523 3399 2828 3462 κατάϐασις
2875 3398 3014 3467 (55),
3052 3399 3086 3467 ή
3120 3396 3177 3450 δὲ
3227 3395 3490 3467 σύλληψις
3557 3395 3781 3467 ἀνθρω-

495 3483 645 3554 πίνη.
678 3484 791 3537 Οὑκ
815 3485 952 3554 αὑτὴ
983 3481 1074 3538 οὖν
1103 3479 1337 3553 ⁴ήδύνατο
1355 3487 1450 3538 τοῦ
1474 3503 1533 3538 τε
1574 3486 1687 3556 (56)
1714 3485 1965 3556 σώματος
1990 3488 2226 3558 πνεῦμα,
2268 3489 2360 3542 καὶ
2386 3489 2484 3559 τῆς
2515 3488 2767 3557 θεότητος
2802 3486 2982 3556 φύσις.

776 3617 959 3674 Sancti
1006 3621 1194 3676 Basilii
1238 3623 1464 3694 episcopi
1507 3621 1784 3677 Cwsarew.

567 3751 649 3808 Ex
669 3755 905 3809 oratione
939 3755 1051 3829 (48)
1085 3758 1148 3811 de
1172 3760 1476 3828 gratiarum
1504 3760 1728 3811 actione.
1751 3757 1929 3824 Quare
1950 3774 2076 3813 cum

493 3846 734 3900 amicum
777 3847 1030 3920 lacrymis
1074 3859 1405 3919 prosecutus
1442 3858 1546 3913 est,
1588 3859 1802 3905 naturae
1824 3851 2077 3906 humanae

493 3937 810 3991 societatem
842 3938 956 4008 ipse
977 3937 1238 4001 ostendit,
1263 3947 1320 3990 et
1336 3952 1436 3990 nos
1458 3938 1527 3991 ab
1542 3953 1768 3994 excessu
1791 3939 1846 3992 in
1869 3948 2077 3994 utram-

495 4041 602 4095 que
640 4036 850 4097 partem
888 4027 1164 4091 liberavit,
1204 4042 1308 4082 nec
1350 4028 1572 4083 mollius
1598 4029 1773 4100 frangi
1806 4029 2072 4091 adversis,

492 4132 596 4172 nec
646 4119 762 4174 sine
809 4135 973 4175 sensu
1011 4119 1246 4173 tristium
1273 4133 1394 4173 esse
1423 4121 1765 4189 permittens.
1798 4120 2076 4187 Quemad-

494 4211 716 4265 modum
752 4213 918 4282 igitur
951 4211 1149 4264 esuriit
1174 4212 1437 4266 Dominus
1464 4213 1638 4268 solido
1669 4215 1795 4269 cibo
1836 4214 1940 4284 ipsi
1977 4214 2076 4268 ab-

494 4310 731 4372 sumpto,
753 4312 809 4358 et
829 4303 970 4356 sitiit
991 4301 1318 4359 bumiditate
1345 4302 1503 4375 1&6
1534 4305 1589 4360 in
1610 4320 1842 4377 corpore
1866 4305 2078 4360 exhau-

567 4479 611 4513 ¹⁶
642 4481 718 4536 De
747 4480 954 4534 incam.
1003 4489 1326 4545 sacram.,c.
1361 4483 1415 4536 4.

565 4664 676 4746 (ιδ)
705 4663 1016 4746 Noliigitur
1032 4685 1100 4746 :-
1123 4661 1282 4746 divin:
1320 4674 1571 4746 naturam
1589 4665 1834 4746 estzﬂtec
1849 4666 2070 4746 quidem

493 4737 560 4790 ab
575 4730 1234 4804 interpretationetiraeca
1259 4733 1402 4786 haud
1428 4750 1619 4802 parum
1657 4730 1940 4798 differunt,
1969 4752 2070 4788 no-

494 4806 697 4859 luimus
723 4800 903 4882 autem
957 4800 1523 4882 quidquamnnuta‘re,
1559 4805 1690 4882 quia
1728 4805 1917 4859 Latina
1942 4821 2065 4858 cum

492 4884 642 4929 textu
677 4874 766 4929 ed.
796 4871 1074 4927 Benediet.
1100 4872 1440 4927 exactissime
1464 4871 1815 4928 conveniunt.

2098 3610 2140 3668 (ι’
2232 3625 2343 3681 Τοῦ
2375 3625 2544 3694 ἁγίου
2586 3625 2910 3679 Βασιλείου
2949 3625 3286 3678 ἐπισκόπου
3316 3624 3697 3690 Καισαρείας.

2264 3758 2366 3811 Ἐκ
2404 3757 2510 3810 τοῦ
2544 3757 2674 3826 περὶ
2703 3758 3090 3828 εὐχαριστίας
3125 3759 3334 3828 λόγου.
3364 3759 3563 3830 Διόπερ
3585 3759 3778 3814 ἐπιδα-

2183 3847 2394 3918 κρύσας
2421 3846 2499 3917 τῷ
2520 3848 2680 3918 φίλῳ,
2714 3848 2878 3911 αὑτός
2905 3865 2968 3916 γε
2993 3847 3093 3918 τὴν
3124 3848 3408 3900 κοινωνίαν
3439 3850 3537 3918 τῆς
3562 3849 3778 3919 ἀνθρω-

2185 3937 2347 4006 πίνης
2390 3936 2506 4006 (57)
2553 3936 2769 4004 φύσεως
2816 3936 3150 4001 ἐπεδείξατο,
3193 3937 3288 3988 καὶ
3325 3939 3474 4006 ἡμᾶς
3514 3937 3622 3990 τῶν
3676 3938 3776 4006 ἐφ’

2182 4029 2424 4098 ἑκάτερα
2465 4028 2783 4099 ὑπερϐολῶν
2821 4027 3201 4097 ἠλευθέρωσε·
3248 4029 3385 4098 μήτε
3438 4029 3772 4099 καταμαλα-

2183 4120 2432 4184 κίζεσθαι
2468 4121 2603 4190 πρὸς
2625 4119 2693 4172 τὰ
2731 4118 2898 4188 πάθη,
2931 4120 3066 4189 μήτε
3105 4119 3446 4188 ἀναισθήτως
3477 4119 3620 4189 ἔχειν
3656 4122 3774 4176 τῶν

2183 4211 2447 4282 λυπηρῶν
2481 4211 2814 4282 ἐπιτρέπων.
2849 4210 2937 4272 Ὠς
2967 4205 3064 4276 οὖν,
3097 4210 3421 4276 κατεδέξατο
3442 4212 3538 4280 τὴν
3571 4214 3772 4266 πεῖναν

2183 4305 2212 4356 ό
2241 4305 2469 4376 Κύριος,
2491 4304 2592 4375 τῆς
2620 4304 2845 4374 στερεᾶς
2867 4302 3075 4373 τροφῆς
3093 4301 3545 4374 διαπνευσθείσης
3577 4304 3733 4373 αὑτῷ
3750 4345 3766 4370 ,

1518 4485 1559 4515 ¹¹
1593 4483 1744 4543 Gen.
1771 4501 1843 4549 tv,
1882 4486 1934 4539 7.
2014 4484 2055 4514 “
2089 4485 2165 4538 De
2190 4484 2401 4538 incarn.
2428 4499 2686 4548 sacram.,
2708 4497 2758 4537 c.
2793 4482 2846 4537 6.
2925 4484 2968 4515 ⁸³
3001 4483 3134 4537 Luc.
3171 4501 3208 4549 ι,
3244 4483 3332 4537 55.

2250 4664 2361 4735 (49)
2393 4667 2634 4734 Utraque
2667 4665 2856 4728 editio,
2888 4663 3087 4734 μείζων
3120 4663 3437 4731 φιλονεικία.

2248 4735 2361 4800 (50)
2397 4736 2630 4788 ἔκθεσιν.
2665 4735 2946 4789 Exeidisse
2971 4735 3193 4788 videtur
3213 4735 3464 4789 verbum.

2247 4805 2360 4876 (5i)
2396 4805 2511 4858 σύν.
2555 4805 2679 4876 Ed._
2699 4805 2949 4876 Rom.iet
2977 4805 3124 4874 Lips.
3163 4806 3240 4876 ὲν.

2244 4874 2357 4948 (52)
2388 4876 2610 4946 προσελ.
2658 4874 2974 4944 Legendum
3008 4890 3130 4929 esse
3162 4875 3385 4930 videtur
3437 4876 3752 4947 προεληλυ-

2344 4666 2361 4870 ξ

565 4945 674 5014 (44)
704 4960 904 5014 veram.
946 4940 1243 5014 inserenda
1294 4942 1396 4995 fuit
1437 4943 1553 4998 [nec
1583 4960 1708 5008 vox,
1750 4960 1870 5013 quae
1898 4946 2060 4999 etiam
2099 4985 2142 5014 η
2171 4940 2339 4999 θέναι.

492 5009 668 5068 exstat
694 5016 748 5067 in
780 5013 914 5067 edit.
946 5009 1148 5063 Bened.

566 5084 676 5154 (45)
709 5081 956 5154 transﬁg.
987 5095 1204 5154 corp_us._
1229 5079 1507 5154 Miramur,
1533 5085 1601 5138 ab
1640 5083 1939 5139 editoribus
1969 5085 2069 5140 Be-

493 5149 733 5225 ned._'in
787 5149 1155 5225 scholiohuie
1191 5149 1312 5225 loco
1341 5152 1401 5220 (t.
1447 5153 1509 5216 ll,
1544 5170 1597 5222 p.
1647 5154 1768 5225 709)
1799 5157 2065 5225 subjecto,

493 5223 736 5308 potuisse
759 5220 903 5308 serio
933 5217 1171 5308 defendi,
1196 5217 1470 5308 Nostrum,
1500 5217 1622 5306 cum
1646 5217 1761 5278 haec
1789 5217 2067 5308 allegaret,

495 5287 735 5365 voluisse
751 5288 987 5365 dogmati
1004 5287 1072 5341 de
1082 5291 1696 5365 transsubstantiatione
1717 5287 2066 5365 patrocinari.

495 5360 602 5417 Sed
640 5359 709 5413 de
753 5359 856 5412 bac
901 5358 1201 5427 qurestione
1261 5361 1438 5427 aptior
1490 5365 1592 5419 erit
1655 5358 1871 5420 dicendi
1917 5367 2070 5420 locus

495 5441 644 5483 temo
675 5428 740 5491 V,
776 5428 818 5482 si
865 5426 934 5483 de
983 5426 1089 5481 [ide
1127 5426 1455 5485 Theodoreti
1511 5444 1702 5490 contra
1745 5436 2067 5491 Garnerium

496 5498 921 5566 disputabimus.

568 5567 680 5691 (146')
714 5570 934 5691 (ἐξαίρεσις.
968 5569 1133 5623 Abest
1162 5583 1190 5622 a
1221 5577 1366 5626 textu
1401 5573 1669 5632 Ambrosii
1697 5576 1748 5630 in
1786 5575 1919 5632 edit.
1973 5574 2070 5631 Be~

568 5656 588 5689 ι(
615 5678 626 5688 .
679 5675 692 5688 ι
763 5679 774 5690 .
1353 5675 1356 5679 λ

499 5649 626 5691 neu.
656 5649 692 5691 I.
727 5654 774 5692 ϐ.
1353 5675 1356 5679 -

573 5706 684 5772 (47)
720 5709 878 5761 enim.
913 5709 1119 5763 Pariter
1150 5710 1318 5766 abest.
1355 5713 1390 5764 l.
1423 5729 1470 5765 c.

574 5773 684 5846 (48)
721 5775 987 5845 Oratione,
1022 5796 1114 5835 seu
1153 5782 1332 5850 potius
1361 5783 1605 5838 llomilia.

2099 4985 2142 5041 θ
2383 5015 2484 5068 Ed.
2518 5015 2677 5068 Rom.
2707 5021 2762 5068 et
2787 5012 2935 5083 Lips.
2965 5014 3144 5068 τοίνυν
3174 5013 3314 5067 θέλε.

2245 5018 2490 5156 (54)(καὶ
2510 5115 2581 5123 —
2603 5082 2930 5156 σύμφθορος.
2979 5083 3105 5156 Haec
3141 5100 3172 5138 a
3202 5093 3314 5156 text

2271 5086 2359 5154 54)
2396 5086 2581 5136 καὶ-
2603 5082 2930 5154 σύμφθορος.
2979 5083 3105 5138 Ηαξο
3141 5100 3172 5138 a
3202 5093 3352 5138 textu
3393 5084 3587 5142 Latino
3623 5087 3762 5144 satis

2173 5153 2303 5210 sunt
2338 5153 2573 5208 diversa.
2606 5153 2720 5207 Nec
2752 5153 2933 5208 minus
2966 5155 3133 5209 verba
3172 5155 3360 5209 ultima
3407 5157 3522 5210 ἀλλ’
3567 5159 3633 5210 ὲκ
3664 5157 3762 5211 τοῦ

2176 5226 2425 5294 σώματος
2460 5241 2513 5277 κ.
2548 5241 2596 5294 τ.
2631 5223 2680 5275 λ.

2248 5291 2357 5364 (55)
2396 5293 2715 5364 κατάϐασις.
2767 5291 2956 5364 Qualis
2991 5291 3153 5364 fuerit
3191 5293 3281 5348 hic
3313 5294 3629 5359 descensus,
3663 5313 3762 5350 ex-

2173 5363 2397 5436 ponitur
2430 5363 2799 5436 a_Nostro_ad_
2817 5363 2956 5431 Eph.
2992 5379 3063 5436 tv,
3089 5363 3314 5436 ~_lO.Vid.
3341 5374 3378 5418 t.
3419 5365 3508 5436 Ill,
3547 5383 3601 5436 p.
3630 5367 3756 5421 424.

2248 5434 2358 5505 (56)
2395 5434 2490 5506 τοῦ
2522 5450 2602 5484 τε.
2640 5432 2740 5486 Ed.
2770 5433 2927 5506 Rom.
2953 5441 3008 5506 et
3043 5432 3188 5506 Lips.
3223 5435 3402 5506 τοῦτο.
3432 5435 3492 5488 In
3530 5432 3762 5506 reliquis

2173 5502 2446 5558 consentit
2470 5511 2701 5571 utraque
2735 5502 2925 5556 editio.
2955 5503 3060 5556 Sed
3096 5503 3346 5572 suspicor
3381 5503 3531 5559 hunc
3575 5502 3757 5560 locum

2171 5574 2227 5628 in
2259 5573 2458 5628 mendo
2490 5574 2710 5634 cubare,
2736 5581 2792 5626 et
2826 5572 3116 5642 legendum
3170 5589 3315 5638 esse,
3350 5576 3450 5626 οὑκ
3483 5576 3621 5642 αὑτὴ
3664 5573 3758 5628 οὖν

2173 5644 2467 5715 ήδύναμις
2509 5642 2601 5695 τοῦ
2647 5658 2705 5694 τε
2737 5642 2988 5712 σώματος
3045 5642 3263 5712 πνεῦμα
3302 5644 3398 5696 καὶ
3447 5646 3547 5715 τῆς
3607 5642 3752 5698 θεότ.

2173 5731 2352 5779 φυσις.

2245 5785 2354 5855 (57)
2393 5783 2545 5856 ἁνθρ.
2575 5783 2674 5838 Ed.
2711 5783 2936 5849 Bcncd.,
2968 5794 3003 5836 t.
3046 5784 3108 5848 ll,
3139 5800 3191 5854 ι).
3231 5785 3321 5849 9.9,
3352 5787 3717 5856 ἀνθρωπείας.
