4090 6418
384 403 488 471 ιεε)

1508 405 1891 467 ΒΙΑΒΟΘΙΙΒ
1917 406 1998 467 ΙΙ.
2034 431 2103 440 -
2136 406 2632 469 INCONFUSUS.

3584 408 3687 477 190

380 518 473 573 καὶ
497 515 601 586 τὴν
631 513 797 585 δίψαν
831 517 1184 590 προσήκατο,
1221 517 1320 583 τῆς
1360 516 1660 588 ὑγρότητος
1700 517 1985 573 ἀναλωθεί·

2102 527 2206 584 sta,
2237 527 2295 574 et
2326 518 2657 591 defatigatus
2683 527 2767 577 est
2806 520 2990 578 nervis
3013 537 3078 578 ac
3097 521 3364 576 musculis
3385 537 3451 577 ex
3484 522 3685 581 itinere

381 625 484 679 σης
507 606 612 677 τῆς
637 606 698 659 ὲν
726 605 808 677 τῷ
844 606 1101 677 σώματι·
1137 606 1235 661 καὶ
1264 607 1551 674 ἐκοπίασε,
1578 607 1688 661 τῶν
1724 607 1875 678 μυῶν
1895 607 1991 661 καὶ

379 700 495 754 τῶν
524 698 739 770 νεύρων
769 699 835 751 ὲκ
867 698 973 767 τῆς
994 698 1312 770 ὁδοιπορίας
1328 698 1748 771 ὑπερταθέντων
1770 715 1786 731 ο
1808 699 1869 752 οὑ
1890 699 1991 770 τῆς

383 792 653 863 θεότητος
684 789 768 861 τῷ
790 790 1033 861 καμάτῳ
1062 790 1394 862 πιεζομένης
1417 790 1553 861 (58),
1585 790 1725 845 ἀλλὰ
1752 790 1845 844 τοῦ
1882 790 1992 844 σώ-

387 900 564 955 ματος
590 881 667 935 τὰ
696 883 765 935 ὲκ
812 882 913 951 τῆς
957 881 1177 952 φύσεως
1212 881 1687 936 ἐπακολουθοῦντα
1729 882 1993 953 συμπτώ-

386 989 544 1043 ματα
583 972 887 1044 δεχομένου
908 988 923 1002 ·
969 971 1115 1027 οὓτω
1156 973 1252 1027 καὶ
1286 972 1348 1026 τὸ
1380 973 1615 1046 δάκρυον
1647 975 1983 1047 προσήκατο,

383 1064 448 1116 τὸ
481 1063 722 1132 φυσικὸν
751 1065 818 1134 τῇ
852 1063 1020 1134 σαρκὶ
1048 1062 1394 1132 ἐπιγίνεσθαι
1427 1063 1744 1136 σύμπτωμα
1772 1082 1990 1135 συγχω-

388 1154 501 1224 ρῶν
520 1154 660 1223 (59).
674 1184 749 1194 -
769 1154 883 1209 Τοῦ
903 1155 1115 1215 αὑτοῦ.
1132 1157 1220 1221 εις
1243 1154 1310 1209 τὸ
1336 1156 1486 1211 κατὰ
1505 1157 1829 1227 Εὑνομίου.
1846 1155 1991 1225 Ἐγὼ

384 1246 500 1317 γὰρ
542 1247 643 1301 καὶ
678 1246 744 1299 τὸ
774 1248 835 1300 ὲν
880 1248 1065 1317 μορφῇ
1095 1246 1234 1300 Θεοῦ
1260 1247 1550 1320 ὑπάρχειν,
1582 1250 1698 1301 ίσον
1726 1249 1988 1303 δύνασθαι

385 1335 468 1406 τῷ
509 1337 569 1389 ἐν
607 1335 776 1408 οὐσίᾳ
823 1334 963 1389 Θεοῦ
1015 1337 1130 1407 (60)
1166 1338 1434 1410 ὑπάρχειν
1464 1340 1628 1409 φημί.
1670 1339 1760 1403 Ὠς
1791 1339 1899 1412 γὰρ
1926 1340 1989 1393 τὸ

388 1427 614 1499 μορφὴν
646 1427 1007 1499 ἀνειληφέναι
1036 1429 1252 1494 δούλου,
1281 1432 1339 1485 ὲν
1364 1432 1431 1502 τῇ
1463 1430 1623 1501 οὐσίᾳ
1648 1431 1749 1502 τῆς
1773 1430 1988 1503 ἀνθρω-

2090 609 2325 664 nimium
2373 612 2651 679 extensis;
2690 628 2803 666 non
2836 628 3097 683 oppressa
3138 612 3327 667 labore
3373 612 3682 678 divinitate,

2093 699 2187 755 sed
2232 715 2463 770 corpore
2506 717 2629 770 qua;
2674 701 2848 772 ipsius
2896 711 3150 757 naturam
3198 704 3450 758 comitari
3508 708 3687 759 solent

2093 791 2399 847 accidentia
2424 793 2730 849 sustinente
2758 812 2770 846 :
2799 795 2872 849 ita
2893 810 3114 865 quoque
3139 796 3363 852 admisit
3390 797 3681 867 lacrymas,

2095 882 2424 949 permittens
2446 891 2508 936 ut
2551 884 2702 937 carni
2728 885 3006 949 accideret
3033 887 3179 956 quod
3201 887 3250 941 ei
3280 890 3684 943 eratnaturale.

2092 969 2454 1042 —Ejusdem,
2482 980 2667 1027 contra
2696 974 3041 1030 Eunomium.
3063 978 3176 1047 Ego
3209 977 3379 1042 enim,
3419 978 3475 1032 in
3510 979 3686 1034 forma

2099 1061 2200 1118 Dei
2267 1079 2389 1119 esse
2453 1066 2598 1120 idem
2652 1082 2776 1122 esse
2828 1070 2937 1133 aio,
2979 1085 3043 1124 ac
3105 1071 3159 1124 in
3223 1072 3532 1127 substantia
3582 1073 3685 1129 Dei

2093 1169 2238 1210 esse.
2296 1154 2451 1211 Sicut
2501 1158 2649 1212 enim
2720 1158 2952 1213 formam
3013 1160 3157 1214 servi
3212 1163 3585 1232 accepisse“,
3629 1164 3686 1219 in

2095 1246 2350 1303 humanae
2382 1256 2592 1304 naturae
2631 1250 2941 1305 substantia
2974 1251 3266 1306 Dominum
3300 1253 3471 1308 fuisse
3513 1253 3684 1324 signi-

2094 1339 2223 1394 ﬁcat
2255 1357 2268 1393 :
2302 1341 2379 1395 ita
2424 1341 2469 1395 si
2500 1342 2624 1410 quis
2652 1341 2788 1396 dicit
2839 1342 2896 1396 in
2953 1342 3128 1397 forma
3175 1344 3272 1398 Dei
3305 1359 3447 1410 esse,
3487 1346 3686 1402 divina:

2093 1440 2307 1489 natura:
2330 1432 2723 1501 proprietatem
2748 1432 2852 1502 ipsi
2877 1433 3153 1488 attribuit.

385 1523 631 1593 πότητος
664 1524 763 1577 τὸν
796 1522 1004 1595 Κύριον
1026 1524 1187 1597 ἡμῶν
1224 1525 1554 1597 γεγενῆσθαι
1593 1527 1869 1597 σημαίνει,
1940 1525 2115 1591 οὕτως
2147 1525 2323 1596 λέγων
2351 1526 2465 1592 (61)
2527 1528 2587 1581 ὲν
2639 1531 2822 1602 μορφῇ
2858 1528 2999 1582 Θεοῦ
3047 1530 3339 1601 ὑπάρχειν,
3391 1531 3494 1602 τῆς
3534 1529 3687 1595 θείας

381 1616 580 1691 οὐσίας
607 1615 915 1687 παρίστησι
944 1615 1066 1688 (62)
1089 1616 1190 1688 τὴν
1222 1618 1484 1689 ἰδιότητα.

496 1734 611 1789 Τοῦ
632 1733 804 1803 ἁγίου
830 1735 1171 1805 Γρηγορίου
1207 1736 1545 1792 ἐπισκόπου
1573 1737 1915 1800 Ναζὶιινζοῦ.

2240 1734 2396 1807 147
2446 1735 2632 1795 Sancti
2664 1735 2903 1810 Gregorii
2936 1739 3162 1809 episcopi
3194 1737 3540 1793 Nazianzeni.

492 1847 590 1901 ἐκ
606 1847 706 1901 τοῦ
731 1849 928 1918 λόγου
949 1848 1060 1904 τοῦ
1087 1851 1176 1917 εις
1199 1850 1311 1922 (65)
1342 1852 1458 1920 τὴν
1483 1852 1633 1907 νέαν
1656 1851 1984 1922 Κυριακήν.

2163 1848 2250 1903 Ea:
2276 1853 2516 1906 oratione
2543 1853 2608 1908 de
2636 1871 2771 1908 nova
2804 1852 3109 1907 Dominica.
3146 1850 3456 1906 Venturum
3492 1864 3686 1906 rursus

403 1939 598 2005 Ἥξειν
640 1939 757 2012 (64)
793 1941 962 1995 πάλιν
1011 1943 1154 2013 μετὰ
1193 1944 1294 2015 τῆς
1320 1944 1535 2010 ἐνδόξου
1574 1945 1742 2000 αὑτοῦ
1782 1962 1988 2019 παρου-

393 2032 545 2096 σίας,
596 2033 887 2104 κρίνονταρ
911 2033 1125 2100 ζῶντας
1186 2037 1283 2090 καὶ
1329 2037 1580 2109 νεκρούς.
1631 2037 1830 2091 οὐκέτι
1886 2038 1987 2108 μὲν

387 2123 597 2193 σάρκα,
637 2123 744 2178 οὐκ
794 2123 1090 2195 ἀσώματον
1125 2126 1207 2192 δὲ,
1249 2121 1333 2191 οἷς
1363 2128 1474 2200 (65)
1500 2129 1665 2193 αὐτὸς
1688 2125 1828 2182 οἶδεν
1855 2129 1988 2200 ἀλη-

383 2215 499 2279 θῶς
536 2216 952 2290 θεοειδεστὲρου
1001 2218 1278 2291 σώματος,
1309 2220 1399 2273 ἵνα
1444 2220 1540 2274 καὶ
1574 2219 1713 2292 ὀφθῇ
1743 2219 1849 2273 ὑπὸ
1876 2218 1987 2272 τῶν

380 2307 870 2379 ἔκκεντησάντων,
922 2310 1019 2363 καὶ
1081 2310 1241 2382 μείνῃ
1307 2309 1442 2374 Θεὸς
1497 2310 1602 2377 ἔξω
1652 2309 1981 2382 παχύτητος.

379 2429 453 2441 ——
490 2399 614 2456 Τοῦ
668 2400 898 2469 αὐτοῦ,
961 2401 1031 2457 ἐκ
1069 2401 1183 2471 τῆς
1210 2401 1362 2470 πρὸς
1392 2403 1989 2468 Κληδόνιονὲπιστο-

376 2490 505 2559 λῆς
552 2490 696 2558 (66).
738 2491 943 2555 Φύσεις
995 2492 1097 2560 μὲν
1130 2491 1239 2565 γὰρ
1266 2492 1364 2546 δύο
1391 2492 1526 2555 Θεὸς
1574 2493 1667 2546 καὶ
1700 2492 1987 2565 ἄνθρωπος

378 2585 511 2637 ἐπεὶ
549 2586 656 2638 καὶ
682 2585 833 2658 ψυχὴ
860 2585 961 2640 καὶ
995 2587 1189 2657 σῶμα’
1222 2584 1330 2638 uio!
1353 2585 1411 2639 δὲ
1451 2586 1513 2638 οὑ
1548 2585 1642 2639 δύο
1679 2585 1813 2657 (67).
1850 2586 1985 2639 Οὐδὲ

378 2678 496 2745 γὰρ
545 2676 796 2730 ἐνταῦθα
832 2676 926 2730 δύο
954 2676 1258 2749 ἄνθρωποι,
1288 2679 1338 2730 εί
1380 2677 1476 2730 καὶ
1515 2676 1689 2742 οὕτως
1716 2680 1744 2730 ό
1772 2678 1986 2743 Παῦλος

380 2767 551 2820 καλεῖ
601 2767 722 2839 (68)
762 2769 825 2822 τὸ
860 2769 1012 2832 ἐντὸς
1045 2767 1145 2821 τοῦ
1196 2767 1522 2839 ἀνθρώπου,
1570 2770 1662 2823 καὶ
1704 2770 1767 2822 τὸ
1805 2771 1980 2834 ὲκτός.

381 2858 499 2910 Καὶ
534 2860 585 2911 εί
624 2857 713 2910 δεῖ
734 2859 1021 2928 συντόμως
1062 2860 1258 2921 εἰπεῖν,
1285 2857 1416 2911 ἄλλο
1437 2859 1537 2927 μὲν
1562 2860 1659 2913 καὶ
1681 2859 1810 2913 ἄλλο
1829 2861 1899 2913 τὰ
1924 2860 1984 2925 ἐξ

382 2941 459 3002 ὧν
494 2951 525 3002 6
566 2949 792 3020 Σωτὴρ,
839 2949 964 3002 ἐπεὶ
1020 2948 1096 3020 μὴ
1137 2948 1336 3002 ταύτὸν
1366 2948 1457 3002 τὸν
1488 2950 1683 3020 όρατὸν
1716 2950 1793 3021 τῷ
1819 2950 1986 3020 ἀορά-

380 3059 463 3112 τῳ
493 3042 637 3113 (69),
679 3043 779 3096 καὶ
806 3041 868 3095 τὸ
905 3040 1141 3113 ἄχρονον
1169 3041 1249 3113 τῷ
1293 3042 1399 3095 ὑπὸ
1427 3043 1620 3114 χρόνον
1644 3058 1658 3073 ’
1696 3044 1797 3097 οὐκ
1825 3043 1984 3108 ἄλλος

381 3133 439 3186 δὲ
475 3135 577 3187 καὶ
608 3133 795 3199 ἄλλος,
830 3134 905 3206 μὴ
931 3134 1153 3203 γένοιτο.
1179 3164 1249 3176 -
1281 3135 1392 3189 Τοῦ
1409 3135 1616 3201 αὐτοῦ,
1638 3135 1707 3189 ἐκ
1738 3136 1849 3207 (70)
1872 3137 1983 3203 τῆς

2092 1954 2219 1996 cum
2267 1943 2504 2013 gloriosa
2547 1960 2645 1999 sua
2678 1942 2996 2015 praesentia,
3038 1941 3416 2013 iudicaturum
3447 1940 3605 1996 vivos
3628 1949 3685 1996 et

2091 2041 2342 2089 mortuos
2374 2037 2440 2100 ",
2465 2052 2576 2090 non
2598 2036 2834 2106 amplius
2855 2034 3081 2105 quidem
3105 2047 3351 2097 carnem,
3374 2047 3480 2087 nec
3500 2040 3683 2087 tamen

2093 2124 2503 2196 incorporeum,
2554 2126 2833 2182 diviniore
2882 2139 3132 2196 prorsus,
3175 2122 3320 2179 sicut
3359 2124 3476 2194 ipse
3503 2122 3681 2188 novit,

2091 2218 2342 2287 corporis
2370 2218 2574 2289 specie,
2608 2226 2671 2273 ut
2693 2225 2750 2273 et
2773 2216 3148 2286 conspiciatur
3170 2215 3241 2270 ab
3270 2215 3340 2269 iis
3370 2215 3466 2285 qui
3500 2231 3652 2286 pupu
3672 2245 3684 2256 -

2091 2318 2294 2380 gerunt
2319 2324 2448 2365 eum
2484 2311 2548 2375 “,
2583 2317 2641 2365 et
2663 2317 2887 2365 maneat
2912 2309 3059 2364 Deus
3083 2308 3353 2363 crassitiei
3377 2324 3675 2379 expers.—

2092 2402 2371 2473 Ejusdem,
2397 2418 2460 2456 ea:
2482 2402 2703 2473 epistola
2733 2402 2803 2457 ad
2826 2400 3162 2457 Cledonium.
3198 2400 3420 2455 Natura
3457 2399 3683 2470 quidem

2092 2495 2239 2559 duae,
2262 2495 2409 2549 Deus
2442 2504 2500 2549 et
2526 2494 2716 2559 homo,
2757 2492 2889 2564 quia
2921 2501 2979 2548 et
3011 2492 3191 2547 anima
3217 2501 3274 2547 et
3308 2508 3509 2562 corpus
3537 2509 3551 2545 :
3584 2491 3681 2546 ﬁlii

2089 2602 2226 2642 vero
2272 2600 2628 2656 nequaquam
2672 2585 2805 2640 duo.
2837 2585 3031 2655 Neque
3074 2584 3224 2639 enim
3270 2584 3363 2638 hic
3401 2583 3515 2638 duo
3554 2592 3681 2638 sunt

2090 2678 2367 2740 homines,
2402 2680 2418 2697 '
2443 2676 2664 2731 etiamsi
2700 2675 2905 2730 Paulus
2931 2675 3014 2729 sic
3042 2673 3312 2744 loquitur,
3340 2689 3466 2727 cum
3489 2674 3680 2743 appel-

2090 2772 2170 2827 lat
2215 2769 2540 2825 interiorem
2593 2768 2876 2823 hominem
2924 2776 2982 2823 et
3027 2766 3456 2821 exteriorem".
3483 2765 3585 2830 Ac,
3622 2772 3677 2818 ut

2091 2860 2406 2915 summatim
2434 2858 2635 2921 dicam,
2661 2857 2812 2912 aliud
2847 2857 3073 2927 quidem
3110 2865 3168 2911 et
3195 2856 3343 2910 aliud
3368 2864 3580 2911 suntea
3614 2870 3678 2909 ex

2090 2950 2294 3021 quibus
2343 2948 2633 3014 Salvator;
2676 2948 2808 3018 quia
2847 2963 2959 3003 non
2990 2947 3136 3002 idem
3170 2956 3257 3002 est
3279 2946 3518 3011 visibile,
3552 2962 3678 3001 cum

2090 3042 2381 3107 invisibili,
2403 3050 2461 3096 et
2492 3040 2759 3110 temporis
2777 3055 2974 3110 expers
3006 3054 3132 3094 cum
3161 3049 3536 3109 temporaneo.
3560 3039 3676 3093 Non

2088 3142 2175 3189 est
2194 3142 2377 3189 tamen
2400 3132 2561 3196 alius,
2587 3140 2645 3186 et
2671 3132 2834 3197 alius,
2861 3131 3036 3186 absit!
3062 3162 3120 3171 —
3136 3130 3415 3201 Ejusdem,
3433 3147 3496 3184 ea:
3516 3132 3679 3202 priori

383 3226 543 3295 πρὸς
570 3225 920 3294 Κληδόνων
957 3224 1252 3294 προτέρας
1288 3225 1603 3293 ἐκθέσεως.
1639 3228 1709 3281 Εἴ
1728 3244 1813 3291 τις
1852 3229 1985 3281 ἀπο-

2090 3226 2418 3295 εαροείείοηε
2454 3226 2526 3277 ad
2558 3221 2892 3279 Cledonium.
2932 3222 2988 3278 Si
3024 3222 3154 3292 quis
3180 3222 3488 3292 depositam
3530 3239 3682 3279 nunc

379 3317 672 3372 τεθεῖσθαι
728 3317 827 3371 νῦν
868 3318 970 3390 τὴν
1012 3316 1195 3389 σάρκα
1239 3317 1388 3388 λέγει
1436 3318 1571 3387 (71),
1615 3318 1710 3372 καὶ
1768 3319 1983 3390 γυμνὴν

380 3404 531 3461 εἶναι
583 3407 691 3479 τὴν
757 3405 993 3479 θεότητα
1053 3405 1328 3476 σώματος,
1377 3405 1515 3460 ἀλλὰ
1573 3405 1649 3477 μὴ
1704 3406 1841 3475 μετὰ
1886 3407 1982 3460 τοῦ

381 3499 837 3570 προσλήμματος
865 3499 961 3551 καὶ
990 3493 1152 3562 εἶναι,
1184 3498 1280 3551 καὶ
1314 3496 1490 3568 ⁴ἥξειν,
1522 3497 1597 3568 μὴ
1634 3497 1734 3552 ἴδοι
1767 3499 1866 3569 τὴν
1896 3500 1983 3553 δό-

383 3590 485 3656 ξαν
518 3589 624 3658 τῆς
676 3588 1006 3660 παρουσίας.
1050 3586 1164 3640 Ποῦ
1234 3587 1344 3659 γὰρ
1382 3587 1445 3640 τὸ
1474 3587 1635 3658 σῶμα
1669 3587 1784 3651 νῦν,
1806 3590 1884 3663 γεί
1908 3588 1984 3661 μὴ

386 3680 533 3750 μετὰ
564 3679 667 3732 τοῦ
707 3678 1146 3749 προσλαϐόντος
1181 3679 1257 3733 06
1297 3683 1408 3751 γὰρ
1434 3678 1501 3751 δὴ
1538 3680 1682 3735 κατὰ
1708 3680 1835 3743 τοὺς
1859 3681 1982 3734 Μα-

384 3772 618 3841 νιχαίων
646 3771 852 3841 λήρους
879 3769 959 3840 τῷ
1001 3770 1142 3841 ἡλίῳ
1171 3769 1600 3833 ὲναποτέθειται,
1642 3771 1731 3824 ἵνα
1777 3771 1981 3844 τιμηθῇ

381 3863 472 3917 διὰ
500 3864 603 3932 τῆς
642 3864 870 3934 ἀτιμίας
891 3863 962 3934 ·ἢ
994 3864 1075 3926 είς
1101 3862 1191 3917 τὸν
1226 3863 1366 3934 ἀέρα
1404 3863 1568 3935 ὲχὲθη
1606 3865 1704 3917 καὶ
1740 3863 1978 3936 διελύθη,

380 3958 461 4020 ὡς
506 3955 701 4026 φωνῆς
745 3954 934 4024 φύσις,
980 3954 1078 4008 καὶ
1114 3954 1285 4025 ὀδμῆς
1327 3953 1503 4025 ῥύσις,
1554 3955 1649 4008 καὶ
1694 3956 1984 4027 ἀστραπῆς

379 4050 589 4121 δρόμος
616 4049 718 4119 οὐχ
752 4047 1076 4119 ἱσταμένης.
1119 4046 1230 4099 Ποῦ
1260 4046 1318 4100 δὲ
1372 4047 1468 4101 καὶ
1504 4046 1615 4117 (72)
1645 4047 1707 4099 τὸ
1728 4047 1985 4118 ψηλαφη-

383 4141 553 4211 θῆναι
583 4141 702 4209 (73)
741 4139 882 4212 μετὰ
902 4139 1003 4209 τὴν
1021 4138 1343 4203 ἀνάστασιν,
1375 4141 1432 4193 ἐν
1464 4139 1575 4210 (74)
1681 4140 1983 4211 ὀφθήσεταί

378 4249 525 4286 ποτε
566 4232 680 4285 ὑπὸ
707 4239 820 4284 τῶν
857 4231 1343 4303 ὲκκεντησάντῳν;
1381 4229 1576 4301 θεότης
1613 4232 1670 4286 δὲ
1709 4232 1822 4303 (75)
1858 4232 1984 4286 καθ’

378 4323 591 4393 ἑαυτὴν
651 4322 906 4391 ἀόρατος.
940 4350 1013 4361 -
1043 4321 1155 4375 Τοῦ
1179 4320 1388 4384 αὐτοῦ,
1424 4321 1494 4375 ἐκ
1522 4321 1628 4376 τοῦ
1675 4322 1808 4389 περὶ
1845 4322 1982 4377 Υίοῦ

376 4415 578 4482 ,λόγου
611 4411 922 4479 δευτέρου.
962 4410 1053 4474 Ὦς
1080 4411 1180 4481 μὲν
1207 4412 1316 4483 γὰρ
1353 4412 1546 4479 Λόγος,
1578 4411 1702 4465 οὔτε
1742 4413 1983 4480 ὑπήκοος

376 4496 473 4572 ἦν,
506 4499 627 4554 οὔτ’
650 4501 886 4572 ἀνήκοος
907 4515 923 4531 ο
955 4498 1065 4553 τῶν
1090 4500 1201 4570 γὰρ
1223 4500 1328 4553 ὑπὸ
1347 4501 1507 4570 χεῖρα
1531 4500 1727 4564 ταῦτα,
1760 4500 1982 4555 καὶτῶν

456 4665 505 4696 ³⁸
529 4663 769 4733 Philipp.
798 4678 856 4727 ιι,
883 4663 937 4717 6.
1020 4662 1063 4694 ⁸⁵
1087 4664 1253 4730 Actu,
1296 4666 1384 4719 ll.
1487 4664 1531 4696 "
1558 4663 1725 4719 Zach.
1780 4681 1875 4729 ιη,
1918 4662 2002 4717 10.

2085 3332 2310 3373 carnem
2341 3316 2497 3381 dicit,
2545 3323 2603 3373 et
2627 3315 2834 3371 nudam
2864 3330 2985 3370 esse
3024 3315 3371 3370 divinitatem
3402 3316 3525 3369 sine
3552 3329 3669 3368 cor-

2084 3421 2244 3477 pore,
2293 3422 2406 3461 non
2460 3413 2645 3460 autem
2685 3420 2812 3460 cum
2857 3413 3137 3483 assumpta
3171 3413 3328 3474 parte
3374 3412 3431 3458 et
3469 3419 3590 3459 esse
3620 3411 3672 3458 et

2084 3509 2373 3555 venturam
2409 3514 2553 3563 esse,
2595 3497 2868 3553 adventus
2905 3498 3030 3568 ejus
3058 3497 3291 3567 gloriam
3317 3512 3428 3552 non
3460 3505 3674 3552 cernat.

2086 3590 2191 3646 Ubi
2218 3591 2368 3645 enim
2393 3605 2545 3645 nunc
2575 3597 2662 3645 est
2684 3605 2913 3659 corpus,-
2942 3589 3050 3643 nisi
3071 3604 3196 3643 cum
3227 3604 3296 3643 eo
3325 3588 3422 3658 qui
3456 3603 3669 3643 assum-

2086 3681 2235 3751 psit?
2260 3680 2379 3736 Non
2394 3682 2544 3737 enim
2566 3681 2872 3736 secundum
2889 3696 3063 3751 nugas
3082 3680 3508 3735 Manichzeorum
3530 3679 3673 3748 apud

2085 3777 2255 3832 solem
2276 3784 2362 3831 est
2379 3776 2714 3847 depositum,
2739 3783 2802 3830 ut
2822 3776 3127 3830 honoretur
3146 3789 3247 3844 per
3261 3771 3676 3835 contumeliam,

2085 3877 2183 3922 aut
2234 3867 2395 3939 148
2444 3867 2502 3922 in
2533 3883 2718 3923 aerem
2764 3866 3027 3922 diﬂ‘usum
3061 3875 3119 3922 et
3143 3866 3446 3922 resolutum
3477 3874 3582 3928 est,
3617 3879 3675 3925 ut

2083 3959 2237 4014 vocis
2288 3965 2508 4024 natura,
2552 3968 2610 4014 et
2658 3959 2846 4014 odoris
2892 3958 3082 4023 ﬂuxio,
3118 3967 3174 4012 et
3217 3957 3451 4029 fulguris
3480 3971 3674 4013 cursus

2086 4050 2315 4106 minime
2371 4050 2744 4105 subsistentis.
2795 4050 2902 4105 Ubi
2954 4066 3089 4105 vero
3142 4049 3506 4105 contrectatio
3555 4062 3674 4118 post

2084 4141 2571 4206 resurrectionem,
2630 4142 2687 4196 in
2717 4156 2826 4210 qua
2860 4141 3234 4210 conspicietur
3281 4139 3581 4209 aliquando
3597 4141 3667 4199 ab

2085 4232 2155 4287 iis
2179 4231 2273 4301 qui
2303 4247 2429 4285 eum
2459 4231 2806 4287 conﬁxerunt
2831 4231 2854 4283 ?
2875 4231 3012 4285 Nam
3046 4230 3311 4284 divinitas
3351 4246 3451 4300 per
3489 4245 3549 4283 se
3593 4239 3679 4285 est

2086 4321 2402 4376 invisibilis.
2419 4352 2490 4363 —~
2506 4320 2783 4391 Ejusdem,
2810 4335 2874 4372 ea:
2897 4319 3129 4373 secunda
3146 4320 3387 4374 oratione
3420 4317 3484 4370 de
3518 4315 3676 4373 Filio.

2086 4412 2371 4480 Quatenus
2403 4412 2551 4466 enim
2588 4411 2850 4476 Verbum,
2884 4427 3065 4481 neque
3096 4410 3363 4467 obedicns
3396 4416 3535 4472 erat,
3576 4425 3674 4465 ne-

2090 4518 2199 4574 que
2229 4502 2573 4579 inobediens.
2611 4502 2737 4557 Haec
2760 4503 2909 4558 enim
2943 4518 3134 4558 eorum
3167 4502 3261 4574 qui
3293 4499 3501 4556 subditi
3529 4509 3658 4555 sunt

2082 4666 2123 4696 "
2160 4665 2206 4719 Il
2256 4664 2383 4721 Cor.
2439 4682 2514 4730 ιν,
2559 4665 2658 4733 l6;
2686 4663 2889 4733 Ephes.
2917 4679 2996 4728 m,
3036 4664 3123 4719 16.

459 4846 577 4918 (58)
618 4845 764 4918 πιεζ.
795 4847 897 4901 Ed.
926 4846 1157 4918 Bened,
1192 4846 1326 4918 t._ll,
1351 4863 1406 4917 p.
1431 4847 1522 4918 '59,
1559 4847 1966 4918 δαμαζομένης.

2150 4846 2261 4918 (66)
2300 4847 2607 4918 ἐπιστολῆς.
2646 4845 2869 4901 Scilicet
2913 4862 2979 4901 ex
3014 4847 3190 4917 prima
3236 4845 3303 4900 ad
3341 4844 3670 4903 Cledonium

452 4914 570 4988 (59)
599 4914 827 4988 οὑτω-
849 4934 1007 4985 συγχ.
1038 4914 1431 4988 lizecadjicére
1454 4914 1642 4973 visum
1671 4914 1786 4983 est,
1811 4933 1881 4973 ne
1906 4914 1971 4972 in

2089 4914 2357 4988 epistola,
2452 4985 2479 4988 _
2546 4914 2607 4988 '4
2894 4985 2908 4988 _
3196 4985 3227 4988 __
3314 4918 3354 4988 ς
3697 4915 3710 4927 ’

375 4986 570 5043 medio
602 4986 1022 5056 abrumperetur
1052 4987 1245 5056 oratio.

454 5056 573 5193 (6οξ
615 5056 681 5109 Et
717 5055 874 5110 Rom.
910 5064 967 5110 et
1002 5055 1149 5126 Lips.
1186 5055 1324 5124 Θεῷ.
1349 5056 1529 5112 Minus
1551 5067 1720 5113 recte.

454 5126 539 5191 (6|
608 5123 726 5184 οὔτ.
759 5125 875 5193 λέγ.
904 5125 1050 5180 Edit.
1091 5126 1322 5193 Bened.,
1362 5134 1402 5181 t.
1428 5127 1472 5188 Ι,
1506 5142 1562 5193 p.
1587 5127 1717 5193 2'50,

451 5126 539 5191 (6|

372 5198 479 5250 καὶ
511 5196 596 5248 τό.

449 5264 568 5335 (69)
610 5263 803 5334 παρίσ.
837 5262 987 5319 Loco
1027 5263 1121 5319 cit.
1159 5265 1409 5335 sequitur
1443 5264 1683 5328 πάντως.

448 5334 569 5404 (65)
584 5335 718 5407 ⁸εἰσ.
750 5350 800 5388 τ.
826 5351 873 5386 ν.
900 5335 1044 5407 Κυρ.
1068 5335 1163 5389 Vel
1188 5334 1392 5407 potius
1414 5337 1492 5399 εἰς
1522 5335 1582 5388 τὸ
1611 5336 1765 5405 ἅγιον
1795 5338 1987 5407 βάπτι-

368 5423 517 5477 σμα.
583 5404 644 5459 In
703 5404 811 5477 hac
864 5405 1013 5477 enim
1060 5406 1330 5477 oratione,
1376 5421 1513 5477 (qua:
1569 5417 1655 5461 est
1687 5404 1993 5477 quadrage-

369 5476 539 5547 sima,
568 5490 682 5547 non
720 5473 774 5528 in
831 5490 899 5547 ea
953 5473 1032 5528 De
1064 5473 1529 5547 ηουᾳίυοηιὶιὶἱεα,
1564 5473 1803 5547 (ψαίρει
1843 5473 1978 5547 qua-

370 5545 922 5669 dragesirggitertia,
961 5554 1140 5600 exstat
1175 5545 1266 5601 hic
1297 5547 1473 5609 locus,
1540 5545 1597 5600 ιζ
1639 5546 1681 5613 1,
1717 5545 1980 5602 οιίἰιζΡιι-

372 5631 499 5669 ηε..
539 5629 598 5669 ι).
739 5656 752 5669 .

372 5631 499 5677 ηε..
539 5629 598 5684 p.
625 5629 752 5684 ou.

450 5685 507 5755 (6
522 5681 566 5755 ι)
608 5683 803 5749 Ἣξειν
833 5702 888 5738 κ.
919 5700 970 5739 τ.
1003 5684 1055 5737 λ.
1091 5681 1220 5740 Haec
1256 5684 1538 5740 cohrerent
1573 5702 1699 5742 cum
1732 5685 1976 5753 πίστευε,

373 5756 523 5825 quod
560 5755 845 5825 praecedit.

448 5820 580 5894 I65)
602 5820 687 5891 οἷς
706 5857 775 5866 ς-
800 5823 962 5895 ἀληθ.
989 5824 1088 5879 Ed.
1130 5824 1303 5880 Paris.
1341 5820 1422 5890 οἷς
1450 5825 1609 5892 αὐτὸς
1640 5823 1746 5880 οἶδε
1777 5825 1975 5896 λόγοις.

2152 4987 2264 5056 (67)
2301 4986 2413 5040 δύο.
2446 4985 2709 5056 Sequitur
2742 4986 2860 5040 οὐδὲ
2888 4985 3019 5052 θεοὶ,
3054 4985 3109 5040 in
3143 4985 3278 5041 edit.
3313 4987 3514 5053 Paris.,
3555 4997 3595 5043 t.
3631 4997 3674 5056 Ι,

615 5058 681 5109 Et
717 5058 874 5110 Rom.
910 5064 967 5110 et
1002 5058 1149 5126 Lips.
1186 5058 1324 5124 Θεῷ.
1349 5058 1529 5112 Minus
1551 5067 1720 5113 recte.

608 5123 726 5184 οῦτ,
759 5125 875 5193 λέγ.
904 5125 1050 5180 Edit.
1091 5126 1322 5194 Bened.,
1362 5134 1402 5181 t.
1428 5127 1472 5188 Ι,
1506 5142 1562 5197 p.
1587 5127 1717 5195 2'50,
1752 5126 1894 5182 οὕτω
1922 5127 1981 5181 δὲ

2089 5058 2458 5248 “(eligantur
2488 5156 2559 5166 —
2598 5127 2772 5189 ἐκτός.
2802 5125 2947 5181 Loco
2982 5126 3076 5181 cit.
3115 5133 3221 5190 est,
3259 5125 3320 5178 τὸ
3366 5126 3517 5190 ὲντὸς
3564 5127 3659 5179 τοῦ

2089 5196 2150 5250 ἀν
2192 5213 2371 5250 οιυπου
2404 5196 2498 5248 καὶ
2528 5195 2588 5248 τὸ
2616 5196 2771 5250 ἐκτὸς
2794 5197 3230 5250 προσηγόρευσε.

2122 5213 2150 5248 ν

2192 5195 2379 5267 ρῲπου
2404 5196 2498 5267 καὶ
2518 5195 2594 5267 τὸ
2616 5196 2771 5267 ἐκτὸς
2794 5197 3230 5267 προσηγόρευσε.

2184 5264 2272 5331 69)
2308 5265 2445 5320 Ibid.
2485 5264 2545 5318 τὸ
2574 5266 2804 5336 ἀόρατον
2828 5264 2905 5334 τῷ
2936 5264 3139 5336 ὁρατῷ.

2185 5336 2286 5412 70)-
2312 5339 2375 5388 ἐκ
2409 5363 2482 5412 -—-_
2510 5334 2799 5399 ἐκθέσεως.
2833 5332 2911 5390 Ex
2946 5332 3138 5412 eadem
3183 5332 3433 5412 epistola,
3468 5347 3536 5387 ex
3560 5346 3665 5412 qua

2089 5404 2427 5477 priorilocus
2451 5405 2773 5477 desumptus
2785 5415 2922 5477 erat.
2952 5405 3013 5459 In
3037 5404 3226 5460 eadem
3244 5404 3439 5473 pagina
3466 5409 3663 5458 exstat.

2153 5476 2265 5546 (7|)
2298 5475 2414 5546 λέγ.
2452 5475 2555 5546 Ed.
2592 5475 2763 5546 Paris.
2801 5476 2968 5546 λέγοι.

2179 5543 2267 5600 72)
2305 5543 2417 5598 καί.
2450 5545 2577 5600 Des.
2614 5545 2651 5599 1.
2682 5560 2731 5599 c.

2164 5610 2267 5685 [75)
2294 5613 2422 5685 ψηλ;
2457 5614 2539 5685 Ib.
2577 5615 2825 5685 sequitur
2847 5610 3027 5685 αὑτόν.

2181 5677 2269 5755 74)
2306 5677 2368 5738 ἓν
2393 5678 2589 5755 ᾖνόφθ.
2628 5677 2706 5741 Ib.
2744 5686 2777 5755 ἢ
2807 5677 3161 5753 ὀφθήσεσθαι.

2181 5688 2246 5740 7t
2306 5688 2430 5811 évfl
2465 5688 2589 5752 ὀφθ.
2628 5688 2654 5738 ι’

2157 5688 2269 5828 (75)
2307 5755 2381 5809 δέ.
2434 5754 2487 5810 b.
2527 5754 2654 5825 γάρ.
