4090 6422
337 319 451 387 193
1457 319 1835 382 DIALOGUS
1874 320 1954 379 II.
1987 344 2055 353 -
2089 318 2585 383 INCONFUSUS.
3510 320 3614 387 I94

338 432 486 502 μετὰ
521 429 620 484 τοῦ
656 427 910 501 σώματος
952 433 1103 486 ἐστιν
1135 430 1167 484 6
1207 429 1316 502 (97)
1351 432 1708 502 προσέλαϐεν,
1739 432 1843 494 ἓως
1865 431 1930 485 ἂν

2036 431 2390 495 carnationis,
2421 430 2636 486 etiamsi
2664 444 2777 484 non
2794 430 3031 500 amplius
3054 435 3358 489 secundum
3392 451 3614 494 carnem

333 524 440 591 ἐμὲ
457 523 666 593 ποιήσῃ
684 521 838 585 Θεὸν,
854 525 922 593 τῇ
939 522 1171 592 δυνάμει
1193 523 1292 592 τῆς
1307 523 1776 593 ὲνανθρωπήσεως
1796 521 1930 592 (98),

2035 532 2382 593 agnoscatur,
2429 521 2677 577 carnales
2724 522 2849 577 dico
2895 523 3239 591 affectiones,
3264 537 3320 581 et
3342 527 3459 582 sine
3485 546 3615 599 pec-

334 613 443 667 κᾰν
499 614 703 685 μηκέτι
757 613 902 667 κατὰ
948 614 1133 684 σάρκα
1180 614 1538 685 γινώσκηται,
1589 616 1659 668 τὰ
1693 614 1930 686 σαρκικὰ

2034 619 2159 666 cato
2196 621 2404 667 nostro.
2425 612 2785 683 --Ejusdem,
2822 630 2887 667 ea:
2907 615 3091 669 eadem
3126 619 3385 673 oratione.
3420 620 3614 675 Annon

331 704 486 772 λέγω
523 704 701 776 πάθη,
733 706 831 758 καὶ
861 707 1033 778 χωρὶς
1065 706 1164 775 τῆς
1208 706 1486 779 ἁμαρτίας
1514 707 1611 776 τῆς
1644 706 1757 775 (99)
1791 706 1930 775 ἡμι-

2035 702 2296 756 omnibus
2322 702 2695 765 manifestum,
2717 703 2865 771 quod
2887 707 3167 774 cognoscit
3192 715 3253 759 ut
3274 708 3439 771 Deus,
3464 709 3617 779 igno-

329 797 607 865 τέρας.--
640 796 755 855 Τοῦ
784 796 997 862 αὑτοῦ,
1030 797 1099 850 ἐκ
1127 797 1233 850 τοῦ
1255 796 1442 850 αὐτοῦ
1467 785 1753 865 λόγουῘΠ
1770 796 1930 849 πᾶσιν

2037 810 2162 849 rare
2184 802 2368 848 autem
2403 809 2460 848 se
2484 794 2639 859 dicit,
2664 804 2724 849 ut
2756 796 2941 859 homo,
2970 796 3016 850 si
3044 799 3167 866 quis
3190 799 3245 852 id
3276 801 3421 868 quod
3451 816 3617 871 appa-

327 872 703 955 εὔδηλον,’ὄτι
745 884 1009 952 γινώσκει
1042 884 1151 954 μὲν
1191 884 1267 947 ὼς
1321 883 1475 947 Θεὸς,
1520 884 1709 950 ἀγνοεῖ
1749 882 1826 954 (1)
1871 883 1928 937 δὲ

2036 893 2123 938 ret
2151 893 2370 953 separat
2403 885 2472 938 ab
2500 900 2567 939 eo
2595 886 2740 955 quod
2788 886 3151 957 intelligitur?
3180 888 3336 955 Quod
3365 892 3512 945 enim
3543 893 3615 946 sit

330 976 527 1044 φησὶν,
559 975 640 1038 ὡς
669 974 982 1046 ἄνθρωπος,
1027 976 1124 1029 ἐάν
1157 974 1336 1045 (ἣτις
1369 974 1430 1028 τὸ
1468 974 1792 1044 φαινόμενον
1819 991 1928 1045 χω-

2032 976 2284 1031 absoluta
2306 976 2429 1031 Filii
2451 977 2764 1046 appellatio,
2786 987 2843 1032 ct
2862 978 2979 1032 sine
3004 981 3289 1046 relatione,
3323 997 3433 1036 non
3462 983 3612 1054 adje-

331 1068 465 1137 ρισῃ
494 1064 595 1119 τοῦ
630 1065 950 1136 νοουμένου.
989 1065 1063 1118 Τὸ
1100 1066 1208 1137 γὰρ
1233 1065 1501 1119 ἁπόλυτον
1539 1060 1680 1119 εἶναι
1713 1066 1811 1133 τὴν
1849 1065 1925 1134 (3)

2033 1074 2124 1120 cto
2156 1066 2315 1135 cujus
2354 1065 2447 1130 sit,
2492 1081 2677 1120 ansam
2706 1067 2913 1134 praebet
2934 1069 3038 1122 hoc
3061 1069 3429 1124 existimandi.
3463 1072 3614 1126 Hanc

326 1158 423 1221 τοῦ
456 1158 587 1211 1⁸ἰοῦ
621 1159 1022 1230 προσηγορίαν,
1048 1159 1142 1212 καὶ
1160 1158 1412 1227 ἄσχετον,
1441 1158 1501 1210 οὐ
1527 1156 1926 1231 προσκειμένου

2035 1154 2219 1223 itaque
2242 1155 2606 1225 ignorantiam
2634 1157 2805 1226 magis
2827 1157 2918 1227 pio
2944 1173 3106 1212 sensu
3133 1159 3482 1229 accipientes,
3505 1162 3610 1215 ltu-

326 1249 407 1320 τῷ
428 1248 545 1319 Υῐῷ
570 1248 668 1302 τοῦ
700 1251 846 1312 τίνος
875 1250 973 1320 (4),
1000 1248 1204 1319 ταύτην
1220 1249 1404 1303 δίδωσι
1433 1249 1509 1320 (5)
1530 1249 1628 1318 τὴν
1650 1248 1925 1302 ὑπόνοιαν.

2034 1246 2306 1311 manitali,
2327 1262 2436 1300 non
2459 1246 2756 1311 divinitati,
2789 1249 3170 1303 ascribendam
3198 1250 3470 1307 ducimus.

330 1346 500 1398 Ὥστε
534 1346 639 1415 τὴν
707 1344 937 1411 ἄγνοιαν
976 1345 1383 1416 ὑπολαμϐάνειν
1425 1344 1519 1401 ἐπὶ
1552 1343 1615 1398 τὸ
1683 1342 2089 1413 εὐσεὸέστερον,
2120 1341 2201 1413 τῷ
2243 1342 2590 1413 ἀνθρωπίνῳ,
2633 1324 2715 1413 μὴ
2771 1346 2845 1413 (6)
2885 1344 2962 1416 τῷ
3007 1346 3144 1416 Θεῷ,
3192 1347 3396 1419 ταύτην
3465 1348 3613 1416 λογί-

332 1444 523 1510 ζομεν-
2716 1506 2719 1507 ,

448 1556 563 1612 Τυῦ
587 1556 767 1626 ἁγίου
798 1557 1137 1625 Γρηγορίου
1180 1555 1517 1611 ἐπισκόπου
1545 1556 1819 1624 Νύσσης.

2351 1549 2535 1606 Sancti
2568 1551 2805 1623 Gregorii
2839 1554 3065 1625 episcopi
3095 1555 3298 1627 Nysam.

400 1666 507 1718 Ἐκ
541 1664 652 1717 τοῦ
684 1663 1104 1733 κατηχητικοῦ
1125 1665 1336 1735 λόγου.
1372 1665 1483 1719 Καὶ
1518 1664 1600 1730 τίς
1631 1663 1790 1718 τοῦτο
1821 1680 1927 1733 φη-

2107 1664 2191 1719 Ea:
2234 1665 2475 1719 oratione
2509 1667 2839 1720 catechetica.
2876 1668 2944 1721 Et
2977 1669 3100 1738 quis
3134 1671 3239 1725 hoc
3273 1672 3408 1728 dicit
3466 1675 3612 1744 quod

337 1773 455 1818 σιν,
481 1755 566 1808 ὅτι
586 1757 650 1825 τῇ
678 1758 1003 1827 περιγραφῇ
1029 1756 1132 1826 τῆς
1167 1757 1393 1829 σαρκὸς,
1439 1756 1692 1825 καθάπερ
1721 1756 1930 1826 ἀγγείῳ

2033 1754 2549 1823 circumscriptione
2569 1754 2773 1819 carnis,
2805 1766 3064 1826 tanquam
3088 1775 3216 1814 vase
3244 1763 3502 1830 quodam,
3525 1766 3610 1819 di-

340 1829 479 1910 τινὶ,
503 1845 565 1899 τὸ
592 1846 663 1916 ('l)
689 1845 927 1917 ἄπειρον
957 1847 1057 1916 τῆς
1099 1846 1348 1919 θεότητος
1390 1848 1469 1919 (8)
1505 1847 1923 1919 περιείληπται;

348 1935 467 1990 Τοῦ
494 1937 695 2003 αὐτοῦ,
724 1938 796 1990 ἐκ
822 1937 932 1991 τοῦ
970 1938 1159 1994 αὑτοῦ
1184 1940 1394 2008 λόγου.
1443 1940 1508 1994 Εἰ
1548 1939 1606 1992 δὲ
1638 1937 1926 2010 ἀνθρώπου

332 2026 503 2097 ψυχὴ,
535 2027 678 2079 κατὰ
708 2026 807 2097 τὴν
843 2027 945 2096 τῆς
974 2027 1192 2097 φύσεως
1223 2029 1473 2098 ἀνάγκην
1506 2030 1925 2101 συγκεκραμένη

324 2118 407 2186 τῷ
435 2116 680 2187 σώματι,
719 2118 1004 2186 πανταχοῦ
1033 2121 1156 2172 κατ’
1190 2119 1445 2184 ἐξουσίαν
1471 2120 1684 2187 γίνεται
1715 2120 1815 2190 (9).
1844 2121 1965 2204 τις.

320 2209 547 2279 ἀνάγκη
583 2210 703 2280 (10)
722 2212 789 2280 τῇ
823 2208 984 2279 φύσει
1007 2213 1107 2279 τῆς
1132 2211 1338 2280 σαρκὸς
1371 2209 1469 2281 τὴν
1498 2210 1729 2281 θεότητα
1750 2211 1928 2279 λέγειν

316 2300 865 2372 ἐμπεριείργεσθαις
893 2331 964 2339 -—
994 2302 1106 2357 Τοῦ
1126 2302 1337 2367 αὑτοῦ,
1365 2305 1437 2358 ἐκ
1460 2304 1569 2358 τοῦ
1608 2280 1795 2360 αὗτοῦ
1827 2303 1933 2358 λό-

313 2408 455 2460 γου.
493 2391 563 2443 Τί
586 2390 796 2444 κωλύει
821 2390 974 2455 θείας
1015 2392 1232 2460 φύσεως
1265 2393 1611 2459 ἕνωσίνλτινα
1638 2393 1736 2446 καὶ
1758 2408 1928 2463 προσ-

312 2482 600 2553 εγγισμὸν
635 2482 1018 2554 γνωρίσαντας
1042 2483 1153 2552 (Η)
1189 2484 1325 2553 πρὸς
1357 2484 1418 2536 τὸ
1446 2482 1807 2556 ἀνθρώπινον,
1830 2483 1929 2555 τὴν

315 2571 623 2643 θεοπρεπῆ
655 2571 903 2625 διάνοιαν
952 2572 1046 2626 καὶ
1089 2574 1148 2624 ὲν
1171 2572 1249 2642 τῷ
1294 2572 1689 2643 προσεγγισμῷ
1731 2572 1930 2626 διασώ-

316 2662 533 2717 σασθαι
564 2662 711 2732 (12),
746 2660 931 2731 πάσης
963 2662 1313 2732 περιγραφῆς
1350 2663 1507 2726 ἐκτὸς
1534 2658 1673 2717 εἶναι
1702 2661 1762 2715 τὸ
1786 2661 1930 2717 θεῖον

313 2752 824 2824 πιστεύονταςμὸ)
851 2751 952 2806 κᾶν
970 2752 1085 2822 (14)
1105 2754 1163 2803 ὲν
1184 2752 1538 2827 ανθρώποιςῇ
1562 2771 1576 2821 ;
1604 2785 1672 2795 -—
1694 2755 1805 2809 Τοῦ
1819 2756 1929 2810 αὺ-

314 2846 455 2909 τοῦ,
480 2845 557 2899 ἐκ
598 2843 714 2897 τοῦ
738 2843 888 2896 κατὰ
902 2843 1205 2910 Εὐνομίου
1232 2845 1442 2913 λόγου.
1470 2846 1532 2898 Et
1556 2845 1670 2915 (15)
1702 2846 1759 2899 δὲ
1781 2848 1809 2898 ὁ
1832 2846 1930 2915 μὲν

319 2940 393 2993 ἐκ
417 2937 523 3007 τῆς
576 2933 810 3004 Μαρίας
840 2932 1092 3002 ἀδελφοῖς
1123 2932 1454 3003 διαλέγεται,
1482 2938 1510 2989 6
1537 2936 1595 2990 δὲ
1633 2938 1930 3007 μονογενὴς

2028 1844 2274 1901 vinitatis
2292 1845 2632 1900 immensitas
2646 1847 3526 1923 comprehendatur?——Ejusdem,
3550 1871 3614 1910 ea

2028 1937 2213 1991 eadem
2248 1939 2506 1991 oratione.
2528 1937 2585 1991 Si
2616 1938 2861 1993 hominis
2892 1941 3093 2002 anima,
3130 1953 3341 1999 naturze
3368 1949 3612 2002 necessi-~

2028 2039 2141 2084 tate
2167 2031 2387 2099 corpori
2427 2032 2703 2099 copulata,
2727 2031 2902 2086 libere
2936 2043 3188 2088 versatur
3219 2037 3444 2107 ubique,
3479 2039 3613 2109 quid

2028 2122 2177 2191 cogit
2221 2137 2325 2176 nos
2378 2123 2566 2177 dicere
2614 2123 2668 2177 in
2714 2130 2912 2178 natura
2942 2126 3127 2180 carnis
3152 2127 3493 2185 divinitatem
3525 2130 3613 2185 in—

2029 2212 2179 2267 cludi
2205 2213 2607 2283 ?—-Ejusdem,
2643 2229 2706 2267 ea:
2739 2214 2923 2268 eadem
2957 2218 3214 2270 oratione.
3258 2217 3398 2284 Quid
3435 2220 3618 2275 obstat

2026 2306 2328 2374 quominus
2380 2304 2583 2359 divinae
2620 2305 2772 2375 151
2800 2315 3012 2361 natura
3038 2308 3297 2363 unionem
3321 2312 3614 2380 quamdam

2028 2410 2155 2450 eum
2189 2395 2430 2450 humana
2482 2395 3004 2466 copulationemqne
3037 2406 3412 2467 agnoscentes,
3448 2400 3616 2455 etiam

2029 2488 2088 2543 in
2111 2503 2176 2543 ea
2198 2487 2549 2556 copulatione
2595 2489 2709 2543 Deo
2766 2487 2987 2556 dignam
3036 2490 3426 2558 cogitationem
3481 2492 3616 2545 reti-

2028 2585 2217 2641 neant,
2249 2577 2596 2633 divinitatem
2625 2584 2781 2631 extra
2807 2592 3029 2632 omnem
3047 2577 3616 2649 circumscriptionem

2028 2684 2151 2725 esse
2177 2668 2490 2728 credentes,
2513 2668 2768 2737 quamvis
2790 2668 2844 2722 in
2867 2668 3186 2722 hominibus
3215 2670 3328 2723 sit?
3355 2699 3428 2710 --
3458 2670 3624 2741 Ejus-

2028 2762 2169 2826 dem,
2193 2777 2257 2815 επ
2292 2761 2533 2814 oratione
2570 2760 2642 2814 ad
2678 2760 3023 2815 Eunomium.
3068 2759 3127 2815 Si
3173 2768 3357 2815 autem
3409 2763 3424 2784 ‘
3472 2763 3621 2819 ﬁlius

2035 2854 2221 2909 Mariae
2251 2867 2377 2909 cum
2410 2852 2674 2907 fratribus
2725 2853 3081 2922 colloquitur,
3130 2853 3459 2924 Unigenitus
3484 2870 3620 2909 vero

2028 2943 2232 3000 fratres
2252 2959 2364 2998 non
2389 2943 2556 2999 habet
2587 2961 2600 2997 :
2626 2943 2906 3013 quomodo
2927 2944 3076 2998 enim
3100 2943 3245 2999 inter
3269 2943 3468 3000 fratres
3483 2945 3618 3001 Uni-

322 3026 609 3096 ἀδελφοὺς
634 3024 743 3077 οὐκ
774 3022 886 3093 ἔχει
907 3039 919 3051 ·
951 3022 1070 3086 πῶς
1091 3022 1199 3096 γὰρ
1221 3027 1278 3078 ὲν
1298 3024 1547 3094 ἀδελφοῖς
1564 3026 1626 3079 τὸ
1645 3028 1930 3098 μονογενὲς

2030 3036 2202 3107 geniti
2236 3051 2437 3092 nomen
2471 3036 2934 3091 conservaretur?
2957 3037 3025 3091 Et
3048 3035 3142 3107 qui
3172 3036 3349 3091 dixit:
3383 3056 3400 3088 ι
3441 3036 3619 3106 Spiri~

321 3112 676 3179 διεσώζετο;
710 3111 821 3164 Καὶ
848 3113 875 3165 6
913 3110 1109 3176 εἰπὼν,
1142 3130 1161 3163 ι
1203 3111 1426 3181 Πνεῦμα
1455 3113 1483 3165 6
1514 3112 1680 3179 Θεὸς,
1725 3132 1744 3165 ι
1796 3115 1931 3184 φησὶ

326 3209 469 3278 πρὸς
519 3208 654 3270 τοὺς
705 3204 954 3275 μαθητάς
984 3204 1013 3258 6
1047 3202 1231 3268 αὐτὸς,
1285 3223 1303 3256 ι
1337 3204 1711 3275 Ψη).αφήσατέ
1765 3223 1856 3276 με,
1904 3224 1925 3257 ι

326 3297 422 3351 ῐνα
474 3295 634 3365 δείξῃ
685 3295 771 3346 ὅτι
802 3292 1100 3363 ψηλαφητὴ
1136 3295 1337 3365 μόνηὴ
1381 3294 1700 3364 ἀνθρωπεία
1745 3293 1928 3363 φύσις,

326 3386 543 3453 ἀναφὲς
583 3382 643 3437 δὲ
697 3383 756 3435 τὸ
795 3382 958 3436 θεῖον.
1010 3383 1123 3435 Καὶ
1175 3383 1203 3435 6
1247 3383 1437 3448 εἰπὼν,
1480 3401 1499 3434 ι
1538 3383 1871 3454 Πορεύομαι,
1906 3402 1925 3435 ι

323 3476 570 3545 τοπικὴν
634 3474 989 3544 διασημαίνει
1036 3473 1407 3545 μετάστασιν
1455 3476 1484 3529 6
1531 3476 1587 3528 δὲ
1630 3475 1698 3528 τὰ
1751 3478 1933 3529 πάντα

328 3564 819 3637 ἑμπεριειληφὼς,
863 3565 921 3616 ὲν
959 3556 1025 3632 ᾧ,
1074 3561 1257 3628 καθώς
1305 3581 1471 3635 φησιν
1518 3567 1546 3618 ὁ
1586 3565 1929 3630 Ἀπόστολος,

330 3655 571 3723 ἐκτίσθη
605 3656 810 3717 πάντα,
846 3654 941 3707 καὶ
975 3655 1033 3706 ὲν
1074 3653 1222 3723 αὐτῷ
1254 3653 1324 3707 τὰ
1368 3655 1547 3708 πάντα
1576 3657 1928 3726 συνέστηκεν,

329 3746 492 3800 οὐδὲν
532 3747 594 3798 ὲν
630 3749 747 3808 τοῖς
782 3741 934 3798 οὖσιν
969 3744 1075 3809 ἔξω
1113 3745 1278 3799 αὑτοῦ
1308 3746 1440 3816 ἔχει,
1475 3746 1503 3798 ὃ
1533 3748 1673 3801 κατὰ
1699 3766 1818 3801 τινα
1850 3748 1934 3801 κί-

328 3854 490 3907 νησιν
510 3837 547 3905 ἦ
571 3835 962 3906 μεταχώρησιν
988 3835 1228 3904 γένηται.
1265 3867 1332 3877 —-
1356 3838 1466 3891 Τοῦ
1501 3838 1709 3905 αὑτοῦ,
1727 3839 1795 3893 ἐκ
1823 3839 1931 3895 τοῦ

327 3926 525 3981 αὑτοῦ
558 3927 776 3996 λόγου.
828 3927 907 3998 Τῇ
937 3926 1089 3999 δεξιᾷ
1117 3923 1208 3981 οὖν
1250 3927 1345 3981 τοῦ
1377 3927 1511 3981 Θεοῦ
1541 3928 1794 4000 ὑψωθείς.
1836 3931 1933 3995 Τίς

328 4017 425 4071 οὖν
457 4018 661 4089 ὑψώθη
687 4036 703 4083 ;
731 4021 761 4072 ὁ
788 4021 1042 4083 ταπεινὸς
1076 4019 1209 4091 (16),
1241 4019 1273 4091 ἢ
1302 4021 1331 4073 6
1359 4020 1621 4091 ὓψιστος;
1649 4022 1700 4075 τί
1729 4023 1786 4077 δὲ
1818 4025 1929 4095 (17)

325 4108 390 4160 τὸ
417 4109 712 4171 ταπεινὸν,
752 4110 800 4161 εἰ
839 4108 914 4180 μὴ
937 4108 998 4162 τὸ
1028 4108 1368 4180 ἀνθρώπινον
1396 4128 1411 4175 ς
1443 4111 1507 4164 Τί
1538 4112 1593 4165 δὲ
1623 4110 1750 4168 ἄλλο
1780 4116 1934 4187 παρὰ

324 4199 389 4251 τὸ
414 4198 568 4251 θεῖόν
597 4202 752 4252 ἐστιν
774 4201 801 4252 ὁ
825 4199 1095 4269 "Nicro;
1121 4219 1135 4263 ;
1177 4199 1337 4257 Ἀλλὰ
1364 4202 1470 4274 μὴν
1495 4205 1523 4256 6
1548 4202 1680 4269 Θεὸς
1712 4206 1931 4278 ὑψωθῆ-

324 4307 411 4342 ναι
450 4291 517 4343 οὗ
552 4290 735 4344 δεῖται
762 4290 901 4361 (18),
937 4291 1202 4361 ’Υψιστος
1225 4291 1300 4348 ὧν
1322 4310 1335 4323 ·
1360 4292 1420 4346 τὸ
1450 4293 1792 4366 ἀνθρώπινον
1821 4296 1929 4368 (l9)

2032 3137 2123 3183 tus
2142 3137 2229 3183 est
2260 3128 2406 3183 Deus
2426 3129 2492 3193 “,
2532 3147 2550 3177 ι
2591 3126 2736 3182 idem
2768 3127 2835 3181 ad
2870 3128 3174 3198 discipulos
3200 3128 3308 3181 ait:
3350 3146 3369 3178 ι
3400 3128 3622 3198 Palpate

2032 3233 2121 3273 me
2147 3221 2214 3283 “,
2253 3237 2273 3271 ι
2315 3228 2377 3272 ιιι
2425 3218 2748 3274 ostenderet
2797 3218 2968 3273 solam
3019 3218 3314 3273 humanam
3371 3229 3620 3273 naturam

2033 3307 2181 3377 tangi
2202 3322 2385 3376 posse,
2420 3308 2663 3363 divinam
2693 3321 2827 3363 vero
2858 3307 3004 3377 tangi
3036 3322 3150 3361 non
3192 3322 3374 3377 posse.
3417 3308 3484 3362 Et
3526 3307 3623 3378 qui

2032 3397 2174 3453 dixit
2203 3416 2215 3452 :
2251 3418 2269 3450 ι
2303 3399 2454 3454 Vado
2486 3400 2553 3465 ³³,
2586 3418 2604 3450 ι
2649 3399 2878 3454 localem
2902 3398 3174 3469 signiﬁcat
3198 3398 3578 3471 migrationem
3606 3418 3619 3453 :

2031 3490 2130 3559 qui
2172 3506 2308 3546 vero
2358 3490 2544 3547 omnia
2593 3489 3035 3560 comprehendit,
3078 3488 3134 3543 in
3164 3505 3293 3559 quo,
3320 3488 3463 3544 sicut
3484 3489 3619 3544 dixit

2032 3577 2341 3649 Apostolus
2364 3582 2429 3643 “,
2462 3580 2685 3637 condita
2717 3588 2849 3635 sunt
2873 3581 3077 3644 omnia,
3110 3587 3166 3634 et
3196 3580 3250 3633 in
3293 3580 3413 3649 ipso
3439 3580 3619 3634 consi~

2031 3681 2189 3727 stunt
2211 3673 2415 3737 omnia,
2445 3673 2584 3727 nihil
2607 3672 2853 3727 omnium
2889 3688 3074 3728 rerum
3119 3679 3275 3728 extra
3326 3686 3386 3729 se
3430 3671 3621 3734 liabet,

2026 3763 2102 3817 ad
2151 3763 2295 3832 quod
2330 3773 2481 3819 motu
2508 3764 2695 3834 aliquo
2719 3768 2984 3821 transitus
3008 3764 3126 3819 ﬁeri
3158 3763 3351 3834 possit.
3371 3793 3423 3807 --
3454 3762 3620 3834 Ejus-

2032 3853 2174 3919 dem,
2218 3871 2282 3909 ea:
2322 3856 2504 3911 eadem
2544 3856 2802 3911 oratione.
2842 3856 3074 3911 Dextera
3112 3855 3206 3910 Dei
3259 3854 3531 3910 exaltatus
3554 3854 3622 3910 ³⁸.

2035 3943 2171 4011 Quis
2207 3960 2341 4016 ergo
2379 3947 2654 4001 exaltatus
2681 3947 2809 4003 est?
2838 3947 3136 4001 humilisnc
3160 3961 3231 4000 an
3265 3943 3623 4000 Altissimus?

2034 4035 2175 4103 Quid
2202 4045 2286 4092 est
2313 4046 2496 4092 autem
2534 4038 2765 4102 humile,
2803 4037 2909 4093 nisi
2940 4037 3254 4092 humanitas
3275 4036 3300 4089 ?
3325 4035 3456 4104 quid
3473 4034 3622 4090 aliud

2032 4135 2232 4196 praeter
2256 4128 2427 4182 Deum
2451 4136 2538 4182 est
2558 4127 2876 4182 Altissimus
2897 4127 2919 4180 ?
2940 4126 3107 4196 Atqui
3129 4128 3275 4183 Deus
3288 4126 3621 4180 exaltatione

2032 4232 2144 4273 non
2197 4215 2427 4286 indiget,
2482 4231 2608 4270 cum
2645 4216 2718 4270 sit
2748 4215 3085 4270 Altissimus.
3120 4216 3429 4269 Humanam
3456 4215 3622 4284 igitur

2032 4315 2290 4361 naturam
2324 4305 2620 4359 exaltatam
2660 4305 2833 4359 fuisse
2862 4305 2999 4360 dicit
3041 4303 3377 4373 Apostolus:
3409 4303 3621 4356 exalta-

328 4380 438 4450 ἇρα
456 4384 486 4435 6
511 4382 847 4446 Ἀπόστολος
866 4382 1148 4452 ὑψωθῆναι
1170 4383 1281 4454 (20)
1301 4384 1470 4455 λέγει.
1489 4386 1798 4460 Ὑψωθῆναι
1818 4390 1928 4462 (2|)

2039 4405 2151 4451 tam
2194 4411 2351 4463 vero,
2393 4411 2460 4451 eo
2494 4395 2642 4465 quod
2683 4395 2950 4450 Dominus
2990 4404 3049 4450 et
3078 4394 3330 4448 Christus
3359 4392 3497 4447 facta
3525 4390 3618 4446 sit.

325 4473 383 4526 δὲ
415 4473 511 4527 διὰ
552 4473 618 4526 τδ
654 4474 771 4545 (se)
829 4474 1035 4546 Κύριος
1085 4475 1180 4529 καὶ
1213 4477 1452 4547 Χριστὸς
1492 4478 1746 4548 γενέσθαι
1790 4481 1926 4553 (23)-

2035 4487 2158 4543 Νοη
2178 4503 2310 4558 ergo
2345 4488 2605 4543 mternar’n
2642 4486 2857 4541 Domini
2897 4485 3271 4542 cxsistentiam
3295 4484 3402 4539 hoc
3424 4482 3620 4547 verbo,

398 4614 443 4644 "
469 4612 638 4670 Joan.
676 4628 751 4678 tv,
774 4611 865 4667 24.
942 4613 988 4645 ²¹
1018 4611 1155 4669 Luc.
1182 4627 1328 4679 xxiv,
1353 4613 1443 4670 59.
1523 4616 1570 4649 “
1597 4617 1754 4673 Joan.
1787 4635 1898 4688 xlv,

2101 4622 2376 4680 "Coloss.
2403 4638 2442 4690 ι,
2481 4624 2567 4679 16.
2647 4624 2692 4656 ⁸⁸
2717 4623 2838 4678 Act.
2877 4637 2935 4686 ιι,
2963 4620 3052 4676 5'5.

426 4745 520 4813 97)
553 4746 602 4798 6.
632 4744 737 4799 Ed.
764 4744 938 4808 Paris,
962 4753 1004 4799 t.
1036 4746 1079 4807 I,
1110 4760 1164 4815 p.
1197 4745 1301 4802 587
1324 4739 1410 4801 οὗ.

426 4815 520 4883 98)
558 4815 743 4868 ὲνανθ.
772 4815 849 4886 Ib.
880 4815 1308 4886 ἀνθρωπήσεως.

430 4884 1183 5007 ἓξ).ῐ;,.⁴ιὲά.¹¹ιέξηίὲέῒ⁶ἰέῖῗτ

436 4953 485 5079 Ι)
510 4953 656 5040 αγν.
686 4953 789 5035 Ed.
819 4953 992 5009 Paris.
1022 4963 1062 5009 t.
1096 4953 1149 5019 I,
1181 4969 1237 5024 p.
1267 4954 1394 5023 588,
1428 4958 1597 5017 habet
1633 4961 1866 5030 ἀγνοεῖν.

426 5026 462 5079 Ξ
523 5027 644 5078 ὲαν.
678 5024 815 5077 Ibid.
852 5024 939 5077 ἄν.

554 5042 644 5078 αν.
680 5041 815 5077 10111.
852 5041 939 5077 αν.

406 5093 487 5163 (3)
512 5096 637 5165 τήν.
671 5093 811 5165 Ibid.
838 5093 1065 5163 ponitur
1099 5103 1224 5163 post
1244 5095 1385 5152 υἱοῦ.

404 5166 485 5233 (4)
512 5163 595 5220 11).
633 5163 799 5224 τινός.

427 5235 487 5303 5)
522 5235 734 5288 δίδωσι.
768 5234 849 5287 Ib.
882 5247 1073 5303 praem.
1096 5234 1270 5303 Δἡμῖν.
1436 5261 1453 5273 ο

427 5236 462 5289 5
522 5236 734 5288 δίδωσι.
768 5236 849 5287 11).
876 5247 1073 5357 Pmm.
1116 5236 1270 5303 ἡμῖν.
1436 5261 1453 5273 ο

401 5236 487 5377 (ὅ)
519 5304 596 5375 μὴ
631 5321 686 5357 κ.
710 5320 762 5356 τ.
793 5304 844 5356 λ.
904 5302 1017 5357 bid.
1048 5300 1124 5373 μὴ
1149 5304 1228 5373 τῷ
1249 5304 1378 5377 θείῳ
1409 5308 1611 5379 ταύτην
1640 5309 1925 5381 λογιζομέο

328 5392 476 5439 νους.

399 5443 677 5522 (7)56:
693 5441 926 5512 περιείλ.
952 5441 1058 5522 Ed:
1088 5444 1267 5522 Paris.
1308 5455 1349 5499 t.
1387 5447 1478 5513 III,
1504 5464 1559 5518 ρ.
1588 5450 1678 5515 65,
1711 5453 1743 5522 ἡ
1768 5453 1924 5506 ἀπει.

332 5512 424 5587 ris
452 5512 555 5587 ﬁt;
585 5512 1242 5587 βεάτὲτ.ος.περιελήρθηε

423 5586 479 5658 8)
510 5581 665 5658 ρεὸτ.
708 5581 815 5658 Ed.
854 5581 1018 5635 Rom.
1053 5581 1110 5638 et
1130 5581 1280 5656 Lips.
1315 5588 1534 5658 σαρκός.

420 5651 476 5724 9)
512 5654 654 5709 Ibid.
676 5651 963 5724 ίγζγνεται.

427 5722 510 5798 10)
546 5725 635 5780 ἀν.
670 5722 813 5780 Ibid.
853 5737 1042 5790 praem.
1074 5724 1130 5794 ἡ.

2154 4755 2238 4829 11)
2275 4776 2443 4829 γνῳρ.
2472 4758 2613 4829 Ibid.
2646 4773 2715 4829 ρ.
2737 4757 2827 4823 66,
2865 4754 3321 4824 κατανοήσαντας.

2148 4827 2231 4890 12)
2266 4827 2403 4884 Ibid.
2430 4827 2807 4890 διασώζεσθαι.

2144 4891 2227 4957 13)
2256 4914 2405 4951 πιστ.
2433 4897 2531 4951 Ed.
2561 4897 2715 4951 Rom.
2744 4904 2800 4950 et
2832 4893 2980 4957 Lips.
3010 4891 3372 4957 πιστεύοντες.

2139 4958 2226 5033 Η)
2256 4967 2354 5022 Ed.
2395 4967 2568 5021 Paris.
2607 4966 2708 5019 κᾶν
2742 4969 2800 5018 ὲν
2822 4958 3095 5033 ἀνθρώπῳ
3126 4958 3214 5032 ἦν.

2110 5031 2221 5107 (15)
2260 5038 2320 5089 Εἰ
2349 5037 2406 5089 δὲ
2435 5054 2489 5089 κ.
2519 5054 2569 5091 τ.
2598 5036 2646 5089 λ.
2676 5035 2772 5107 llis
2794 5031 3075 5107 simillima
3091 5031 3289 5107 vide‘irn
3324 5031 3526 5107 oratﬂ
3565 5038 3622 5093 Ct

2040 5106 2075 5160 5
2109 5101 2308 5161 Contra
2335 5109 2591 5168 Eunom.,
2629 5114 2668 5159 t.
2697 5104 2864 5170 ll,ed.
2891 5103 3063 5159 Paris.
3092 5119 3144 5173 p.
3178 5101 3283 5159 155
3300 5117 3354 5160 et
3387 5103 3510 5160 515.

2142 5176 2227 5246 16)
2262 5193 2396 5228 ταπ.
2427 5176 2531 5231 Ed.
2568 5176 2741 5246 Paris.
2771 5190 2826 5246 ι).
2855 5174 2982 5246 583,
3015 5173 3167 5228 addit
3191 5174 3267 5231 δέ.

2138 5243 2225 5314 17)
2250 5247 2302 5298 ’τί
2320 5275 2392 5285 —
2411 5243 2788 5314 ἀνθρώπινονξ
2805 5244 2928 5299 Des.
2968 5244 3006 5299 1.
3036 5259 3084 5298 c.

2140 5314 2223 5370 18)
2256 5315 2395 5370 Ibid.
2431 5314 2630 5369 δέεται.

2137 5381 2221 5455 19)
2244 5385 2337 5455 Ib.
2377 5385 2486 5455 ἄρα
2514 5384 2576 5455 τὸ
2611 5381 2967 5455 ἀνθρώπινον.

2125 5453 2214 5524 20)
2243 5454 2323 5509 Ib.
2361 5453 2631 5524 ὐψῶσοαι.

2124 5524 2215 5592 si)
2254 5524 2390 5594 Ibid.
2430 5524 2640 5594 ὑψώθη.

2129 5594 2221 5648 22)
2253 5593 2392 5648 Ibid.
2422 5592 2535 5646 τοῦ.

2109 5655 2221 5732 (25)
2256 5680 2372 5732 γεν.
2429 5662 2567 5719 Ibid.
2626 5661 2895 5732 sequitur,
2956 5659 3042 5714 διὰ
3102 5656 3258 5714 τοῦτο
3286 5656 3343 5716 δὲ
3374 5655 3513 5729 μιτὰ
3550 5655 3615 5715 τὸ

2035 5732 2206 5797 πάθος
2227 5734 2461 5801 ἐγένετο.
