4090 6436
487 312 591 378 195

1502 309 1996 371 THEODORETI
2036 311 2378 371 EPISCOPI
2418 313 2788 372 CYRENSIS

3676 308 3776 376 196

483 430 625 500 fecit,
656 428 909 499 designat
937 426 1254 496 Apostolus,
1283 423 1438 495 152
1468 424 1564 478 sed
1589 423 1816 478 humilis
1838 424 1892 477 in
1913 424 2086 478 altum

2193 425 2404 479 Οὐκοῦν
2445 427 2506 479 οὐ
2546 427 2648 498 τὴν
2695 424 3024 496 προαιώνιον
3061 423 3296 495 ὕπαρξιν
3321 421 3415 476 τοῦ
3456 423 3658 494 Κυρίου
3689 426 3778 482 διὰ

484 519 849 583 evectionem,
873 533 995 588 quae
1022 533 1052 571 a
1079 516 1322 570 dexteris
1343 515 1441 569 Dei
1466 514 1608 568 facta
1629 522 1732 568 est.
1758 515 2082 570 Declaratur

482 611 629 665 enim
661 625 762 680 per
791 609 898 686 hoc
928 608 1156 662 verbum
1190 606 1413 676 pietatis
1435 605 1779 677 mysterium.
1807 603 1911 671 Qui
1932 606 2082 660 enim

482 701 642 765 dixit,
697 719 717 751 ‹
752 700 977 754 dextera
1023 699 1118 753 Dei
1159 699 1452 763 exaltatus,
1498 717 1516 747 ›
1547 712 1803 750 arcanam
1834 698 2082 768 mysterii

482 794 959 863 dispensationem
993 801 1182 862 aperte
1217 791 1497 860 patefacit,
1531 789 1676 858 quod
1703 789 1930 842 dextera
1962 789 2081 854 Dei,

481 900 603 953 qua:
646 884 832 938 omnia
870 883 1141 947 condidit,
1183 897 1306 952 qua:
1345 890 1429 936 est
1463 881 1751 944 Dominus,
1791 896 1892 948 per
1920 895 2086 949 quem

482 978 667 1031 omnia
705 978 847 1032 facta
873 986 1023 1039 sunt,
1053 985 1108 1030 et
1145 976 1264 1030 sine
1299 990 1409 1044 quo
1437 975 1577 1027 nihil
1613 973 1868 1028 subsistit
1891 987 2086 1026 eorum

483 1080 606 1133 quae
642 1066 782 1120 facta
811 1073 960 1128 sunt,
993 1066 1108 1134 ipsa
1150 1063 1430 1118 hominem
1472 1061 1576 1116 sibi
1625 1061 1844 1115 unitum
1878 1063 1933 1114 in
1953 1076 2084 1130 pro-

486 1154 663 1222 priam
702 1155 994 1208 sustulerit
1025 1153 1426 1207 sublimitatem
1461 1167 1562 1221 per
1586 1151 1867 1204 unionem.

2188 517 2282 570 τοῦ
2340 518 2596 585 ἐποίησε
2645 517 2888 588 ῥήματος
2946 516 3278 586 παρίστησιν
3332 517 3360 568 6
3421 515 3774 576 Ἀπόστολος·

2191 609 2328 662 ἀλλά
2351 609 2450 680 τὴν
2471 609 2566 662 τοῦ
2595 608 2854 660 ταπεινοῦ
2889 608 3028 678 πρὸς
3061 608 3122 660 τὸ
3157 605 3362 676 ὑψηλὸν
3393 607 3775 676 μεταποίησιν,

2189 701 2290 770 τὴν
2322 699 2434 771 (24)
2475 702 2539 752 ὲκ
2577 699 2769 765 δεξιῶν
2797 698 2892 752 τοῦ
2927 699 3064 750 Θεοῦ
3108 698 3507 768 γεγενημένην.
3537 699 3778 768 Σαφηνί-

2193 789 2346 855 ζεται
2373 789 2483 860 γὰρ
2509 791 2622 859 (25)
2653 791 2740 843 διὰ
2773 791 2969 842 τούτου
3004 790 3100 842 τοῦ
3141 792 3389 858 ῥήματος
3415 790 3474 841 τὸ
3506 790 3604 859 τῆς
3629 791 3784 841 εὐσε-

2190 884 2342 948 ϐείας
2374 885 2693 955 μυστήριον.
2734 885 2793 935 'U
2826 883 2935 952 γὰρ
2959 884 3148 946 εἰπὼν,
3181 901 3199 933 t
3234 883 3313 953 Τῇ
3338 882 3486 952 δεξιᾷ
3511 881 3606 933 τοῦ
3646 881 3780 933 Θεοῦ

2191 974 2450 1044 ὑψωθεὶς,
2485 993 2504 1026 ι
2552 973 2802 1044 φανερῶς
2851 972 3188 1026 ὲκκαλύπτει
3225 976 3325 1043 τὴν
3352 975 3662 1044 ἀπόρρητον
3686 973 3780 1026 τοῦ

2192 1068 2493 1139 μυστηρίου
2543 1067 2655 1137 (26)
2690 1066 3025 1136 οἰκονομίαν,
3076 1066 3157 1118 ὃτι
3187 1067 3220 1136 ή
3248 1065 3397 1130 δεξιὰ
3429 1066 3522 1118 τοῦ
3552 1066 3710 1129 Θεοῦ,
3748 1068 3779 1136 ή

2191 1154 2453 1224 ποιητικὴ
2497 1151 2606 1204 τῶν
2639 1151 2750 1221 (‘27)
2785 1150 2954 1204 ὄντων
2990 1150 3230 1215 πάντων,
3279 1151 3399 1220 ἥτις
3425 1153 3572 1204 ἐστὶν
3605 1155 3632 1204 6
3669 1149 3780 1203 Κύο

491 1264 631 1319 ριος,
673 1247 739 1300 δι’
776 1239 837 1297 οῦ
870 1247 940 1298 τὰ
973 1245 1151 1298 πάντα
1186 1246 1423 1314 ἐγένετο,
1494 1247 1604 1298 κα).
1647 1241 1707 1298 οὗ
1744 1246 1912 1316 χωρὶς
1949 1244 2158 1318 ὑπέστη
2198 1247 2312 1300 τῶν
2344 1247 2649 1316 γεγονότων
2697 1244 2809 1315 (28)
2841 1244 3012 1308 οὐδὲν,
3051 1241 3190 1312 αῦτη
3237 1244 3348 1316 (29)
3378 1245 3469 1297 τὸν
3513 1245 3781 1299 ἑνωθέντα

490 1338 629 1409 πρὸς
665 1337 834 1407 αὐτὴν
873 1336 1163 1406 ἄνθρωπον
1212 1337 1292 1397 εἰς
1336 1335 1396 1387 τὸ
1453 1335 1584 1387 ίδιον
1633 1336 1912 1405 ἀνήγαγεν
1965 1336 2078 1406 (50)
2120 1335 2256 1404 ὕψος
2290 1337 2379 1391 διὰ
2405 1338 2504 1407 τῆς
2534 1336 2783 1400 ὲνὼσεως
2811 1335 2949 1408 (Si).

773 1447 957 1504 Sancti
983 1448 1331 1519 Amphilochii
1359 1449 1582 1520 cpiscoin'
1610 1449 1794 1502 Icom'i.

565 1565 646 1621 E1:
690 1566 931 1619 oratione
976 1565 1032 1617 in
1077 1562 1212 1616 illud
1258 1579 1276 1617 :
1325 1581 1343 1613 ‹
1378 1561 1542 1615 Pater
1589 1578 1731 1615 meus
1776 1563 1953 1632 major
2005 1580 2086 1616 me

495 1669 573 1713 est
600 1660 666 1713 ’⁸.
708 1678 724 1710 ι
771 1659 1034 1713 Discerne
1069 1658 1332 1724 deinceps
1370 1663 1616 1718 naturas,
1653 1671 1818 1708 unam
1849 1655 1968 1720 Dei,
2003 1655 2083 1709 al-

2260 1452 2369 1506 Τοῦ
2399 1452 2574 1521 ἁγίου
2618 1451 3006 1521 Ἀμςριλοχίου
3035 1451 3376 1504 ἐπισκόπου
3429 1451 3708 1507 Ἰκονίου.

2276 1565 2376 1618 Ἐκ
2408 1565 2512 1619 τοῦ
2538 1567 2726 1634 λόγου
2748 1564 2855 1619 τοῦ
2879 1566 2967 1628 είς
2995 1565 3117 1628 τὸ,‹
3143 1565 3194 1616 '0
3221 1563 3555 1633 Πατήρμου
3569 1563 3785 1634 μείζων

2187 1657 2307 1724 μού
2335 1657 2526 1711 ἐστιν.
2555 1676 2573 1708 ι
2599 1657 2887 1728 Διάκρινον
2909 1658 3022 1727 (32)
3046 1656 3231 1709 λοιπὸν
3253 1656 3352 1720 τάς
3373 1657 3587 1725 φύσεις,
3606 1659 3707 1727 τήν
3725 1675 3785 1710 τε

490 1760 663 1805 teram
698 1744 958 1804 hdminis.
994 1750 1181 1818 Neque
1216 1748 1364 1802 enim
1393 1762 1460 1801 ex
1492 1748 1604 1801 Deo
1635 1747 1896 1803 excidens
1922 1749 2088 1804 homo

2191 1747 2287 1802 τοῦ
2321 1748 2481 1812 Θεοῦ,
2497 1749 2598 1819 τήν
2615 1766 2672 1801 τε
2689 1748 2785 1802 τοῦ
2798 1748 2895 1801 ἀνθ
2907 1746 3112 1818 ρώπου.
3138 1746 3274 1800 Οὔτε
3295 1748 3560 1818 γάρκατά
3577 1749 3788 1802 ἔκπτω-

488 1842 668 1898 factus
698 1852 783 1897 est
805 1883 819 1908 ,
864 1858 1044 1910 neque
1092 1840 1391 1910 proﬁciens
1413 1879 1427 1903 ,
1479 1854 1546 1892 ex
1581 1840 1806 1894 homine
1834 1840 2093 1896 Deus.—

488 1936 776 2007 Ejusdem,
813 1953 876 1990 ea:
907 1936 1148 1990 oratione
1188 1935 1243 1987 in
1288 1933 1424 1988 illud
1460 1950 1477 1988 :
1515 1951 1533 1983 ι
1576 1932 1694 1987 Non
1730 1942 1895 2003 potest
1922 1932 2090 1986 Filius

489 2029 778 2100 quidquam
821 2027 994 2097 facere
1038 2043 1100 2080 ea:
1141 2028 1312 2096 διείρεο
1360 2028 1428 2080 ³⁷.
1486 2047 1503 2078 ι
1550 2029 1678 2081 Post
1723 2025 2088 2079 resurrectio-

487 2135 615 2173 nem
663 2119 812 2171 enim
860 2117 1129 2172 Dominus
1178 2126 1480 2188 utrumque
1529 2117 1804 2181 ostendit,
1845 2128 1902 2171 et
1942 2115 2089 2186 quod

488 2225 692 2280 corpus
725 2225 837 2263 non
866 2208 936 2262 sit
971 2209 1097 2271 tale,
1129 2216 1186 2262 et
1220 2208 1367 2277 quod
1399 2209 1452 2262 id
1488 2209 1668 2278 ipsum
1705 2207 2085 2262 resurrexerit.

489 2303 698 2371 Repete
729 2301 998 2354 memoria
1029 2300 1339 2354 historiam.
1373 2300 1543 2354 Erant
1572 2300 1828 2370 discipuli
1859 2315 2089 2370 congre-

489 2395 600 2466 gati
629 2404 752 2463 post
774 2394 1086 2462 passionem
1112 2402 1169 2448 et
1200 2393 1688 2455 resurrectionem,
1715 2401 1916 2446 etcum
1941 2391 2088 2447 fores

489 2493 677 2542 essent
715 2487 915 2540 clausae
948 2484 1014 2551 ³⁸,
1060 2487 1215 2540 stetit
1255 2485 1310 2538 in
1345 2485 1529 2539 medio
1569 2500 1762 2539 eorum
1799 2486 2084 2550 Dominus,

489 2579 638 2649 quod
662 2587 790 2634 ante
814 2579 1126 2648 passionem
1149 2593 1434 2646 nunquam
1458 2577 1683 2631 fecerat.
1711 2577 1794 2632 An
1817 2593 1947 2632 vero
1976 2593 2087 2632 non

489 2679 708 2741 poterat
735 2671 990 2726 Christus
1024 2671 1131 2724 hoc
1172 2677 1229 2724 et
1258 2678 1418 2724 antea
1450 2669 1666 2724 facere?
1700 2669 1855 2740 153
1889 2668 2087 2724 Omnia

488 2766 635 2820 enim
690 2766 801 2820 Deo
846 2766 863 2785 ‘
902 2763 1187 2834 possibilia
1232 2770 1381 2817 sunt.
1436 2762 1545 2816 Sed
1593 2771 1720 2816 ante
1771 2762 2084 2832 passionem

489 2872 599 2913 non
651 2856 811 2920 fecit,
860 2872 930 2911 ne
974 2857 1244 2910 visionem
1291 2870 1412 2909 esse
1459 2855 1947 2924 dispensationem,
1997 2859 2083 2912 vel

489 2949 806 3018 opinionem
834 2947 1138 3010 existimes,
1173 2963 1310 3001 neve
1343 2946 1683 3016 spiritualem
1723 2960 1884 3019 putes
1918 2949 2083 3005 Chri-

489 3043 559 3098 sti
593 3057 846 3102 carnem,
878 3055 984 3094 nec
1029 3056 1059 3093 e
1093 3039 1249 3093 caalis
1288 3039 1673 3104 descendisse,
1718 3056 1822 3096 nec
1853 3042 2082 3097 alterius

2196 1857 2281 1893 σιν
2300 1841 2365 1893 ὲκ
2387 1839 2522 1893 Θεοῦ
2547 1840 2770 1909 γέγονεν
2789 1839 2887 1892 ἄνθ
2897 1856 3101 1909 ρωπος,
3117 1839 3238 1891 οὕτε
3259 1839 3400 1892 κατὰ
3421 1840 3706 1909 προκοπήν
3725 1839 3788 1905 ἐξ

2193 1931 2485 2004 ἀνθρώπου
2503 1932 2658 1996 Θεός.
2693 1962 2761 1974 ——
2801 1932 2913 1986 Τοῦ
2938 1931 3148 1994 αὐτοῦ,
3168 1933 3236 1984 ἐκ
3258 1933 3364 1986 τοῦ
3382 1935 3570 2002 λόγου
3591 1935 3676 1997 εἰς
3692 1933 3786 1996 τὸ,

2200 2043 2217 2075 ι
2237 2025 2320 2078 Οὐ
2347 2024 2643 2078 δύναταιό
2669 2024 2801 2091 Υἱὸς
2825 2024 3016 2079 ποιεῖν
3031 2025 3130 2093 ἀφ’
3162 2024 3378 2078 ἑαυτοῦ
3407 2025 3607 2078 οὐδέν.
3627 2026 3790 2079 Μετὰ

2193 2117 2300 2188 γὰρ
2324 2118 2423 2186 τὴν
2439 2119 2738 2171 ἀνάστασιν
2754 2120 2781 2170 6
2803 2117 3010 2188 Κύριος
3029 2117 3098 2170 τά
3119 2116 3503 2188 συναμφότερα
3514 2118 3786 2179 δείκνυσι,

2191 2209 2289 2263 καὶ
2318 2211 2400 2262 ὅτι
2445 2210 2505 2262 οὐ
2537 2209 2780 2262 τοιοῦτον
2808 2209 2869 2262 τὸ
2906 2210 3086 2280 σῶμα,
3114 2210 3208 2262 καὶ
3236 2211 3318 2263 ὅτι
3356 2210 3515 2262 τοῦτο
3559 2211 3790 2263 ἀνιστά-

2165 2319 2374 2374 κμενον.
2405 2302 2815 2373 Ἀναμνήσθητι
2846 2303 2942 2373 τῆς
2973 2297 3434 2373 ἱστορίαςΪΗσαν
3459 2303 3506 2354 οἱ
3541 2301 3792 2373 μαθηταὶ

2193 2395 2600 2463 συνειλεγμένοι
2624 2394 2764 2464 μετὰ
2794 2394 2856 2447 τὸ
2884 2394 3056 2458 πάθος
3083 2395 3180 2448 καὶ
3208 2393 3307 2465 τὴν
3331 2395 3649 2457 ἀνάστασιν,
3687 2394 3791 2446 καὶ

2187 2489 2299 2542 τῶν
2317 2487 2500 2557 θυρῶν
2529 2487 2935 2558 κεκλεισμένων
2959 2487 3087 2557 ἔστη
3121 2487 3286 2557 μέσος
3307 2487 3484 2540 αὐτῶν
3507 2488 3534 2539 6
3552 2489 3789 2554 Κύριος.

2190 2580 2461 2633 Οὐδέποτε
2491 2578 2650 2632 τοῦτο
2694 2579 2802 2648 πρὸ
2845 2577 2940 2631 τοῦ
2992 2579 3200 2641 πάθους
3243 2578 3490 2648 ἐποίησε.
3536 2579 3626 2647 Μὴ
3671 2579 3792 2646 γὰρ

2188 2672 2289 2725 οὐκ
2340 2671 2574 2741 ἠδύνατο
2609 2673 2638 2723 6
2679 2669 2917 2741 Χριστὸς
2969 2671 3065 2723 καὶ
3111 2671 3282 2724 πάλαι
3327 2671 3485 2723 τοῦτο
3521 2672 3789 2741 ποιήσαις

2189 2762 2367 2815 πάντα
2385 2760 2494 2831 γὰρ
2517 2761 2594 2830 τῷ
2610 2759 2731 2829 Θεῷ
2753 2761 2973 2813 δυνατά.
3012 2760 3152 2812 Ἀλλ’
3179 2761 3278 2813 οὐκ
3301 2762 3524 2830 ἐποίησε
3556 2763 3660 2833 πρὸ
3683 2763 3790 2816 τοῦ

2188 2851 2417 2916 πάθους,
2451 2851 2536 2903 ἵνα
2565 2848 2639 2921 μὴ
2671 2850 2900 2920 νομίσῃς
2922 2852 3222 2919 φαντασίαν
3259 2852 3356 2922 τὴν
3389 2854 3718 2924 οἰκονομίαν,
3757 2855 3788 2926 ἢ

2185 2943 2428 3013 δόκησιν,
2475 2943 2612 3013 μηδὲ
2656 2943 3035 3014 πνευματικὴν
3069 2943 3260 3014 οἰηθῇς
3289 2944 3380 2997 τοῦ
3415 2945 3652 3016 Χριστοῦ
3683 2946 3792 3017 τὴν

2190 3035 2533 3107 σάρκα,μηδὲ
2556 3033 2615 3100 ἐξ
2639 3035 2884 3105 οὐρανῶν
2906 3035 3295 3100 κατελθοῦσαν,
3316 3037 3450 3108 μηδὲ
3471 3039 3791 3110 ἑτερούσιον

489 3149 612 3189 esse
657 3131 1013 3194 substantiae,
1045 3139 1101 3184 et
1145 3147 1175 3184 a
1223 3140 1410 3185 nostra
1456 3147 1622 3186 carne
1661 3131 1910 3186 diversa.
1961 3133 2086 3188 llmc

2189 3129 2256 3197 τῇ
2290 3126 2539 3197 ἡμετέρᾳ
2579 3127 2764 3197 σαρκί.
2799 3126 2985 3181 Ταῦτα
3023 3126 3130 3199 γὰρ
3173 3128 3349 3181 πάντα
3395 3129 3541 3193 τινὲς
3576 3146 3792 3198 φαντα-

491 3226 639 3279 enim
669 3224 851 3276 omnia
883 3221 1104 3291 quidam
1139 3222 1242 3276 sibi
1274 3223 1457 3276 animo
1489 3221 1775 3292 ﬁngentes,
1811 3231 1865 3277 et
1899 3224 2088 3278 Domi-

493 3333 624 3372 num
657 3332 756 3386 per
796 3316 911 3369 haec
945 3330 1003 3370 se
1051 3315 1326 3369 honorare
1357 3315 1713 3380 arbitrantes,
1750 3332 1862 3369 non
1899 3332 2087 3370 recor-

492 3409 696 3463 dantur
727 3421 784 3460 se
817 3416 1081 3476 praetextu
1115 3407 1415 3476 gratiarum
1473 3407 1711 3462 actionis
1755 3408 2089 3463 contumelia

495 3500 673 3568 ipsum
710 3498 955 3562 allicere,
1005 3506 1063 3550 et
1107 3497 1399 3552 veritatem
1445 3496 1720 3551 mendacii
1774 3512 2036 3552 accusare
2072 3515 2086 3551 :

493 3599 555 3646 ut
587 3592 834 3647 omittam
873 3590 1020 3661 quod
1053 3591 1403 3645 mendacium
1433 3589 1505 3644 sit
1536 3604 1567 3643 a
1618 3588 1829 3644 ratione
1860 3603 2091 3659 prorsus

491 3687 754 3744 alienum.
807 3684 863 3738 Si
907 3683 1056 3738 enim
1092 3683 1242 3738 aliud
1276 3682 1577 3751 assumpsit
1604 3696 1826 3751 corpus,
1859 3681 1991 3751 quid
2021 3681 2089 3736 ad

492 3793 676 3832 meum
699 3774 913 3838 attinet,
947 3773 1095 3845 quod
1122 3774 1298 3828 salute
1324 3772 1573 3843 indiget?
1597 3771 1654 3826 Si
1676 3787 1899 3826 carnem
1926 3787 1956 3826 e
1981 3788 2091 3827 cm—

491 3868 561 3923 lis
593 3867 888 3932 transtulit,
923 3866 1058 3937 quid
1087 3865 1155 3919 ad
1185 3881 1413 3920 carnem
1451 3879 1648 3928 meam,
1682 3879 1806 3933 qua:
1834 3878 1898 3918 ex
1945 3871 2091 3919 terra

492 3967 710 4029 sumpta
721 3957 1213 4028 est?—-—Ejusdem,
1235 3972 1299 4009 ex
1328 3955 1514 4010 eadem
1545 3958 1805 4011 oratione.
1826 3957 2088 4028 Propter-

489 4070 556 4110 ea
582 4054 750 4124 igitur
777 4068 886 4107 non
934 4061 1061 4105 ante
1107 4048 1441 4118 passionem,
1473 4047 1568 4102 sed
1601 4056 1725 4118 post
1754 4048 2087 4118 passionem,

487 4147 670 4219 januis
703 4145 925 4208 clausis,
957 4144 1111 4198 stetit
1151 4141 1417 4194 Dominus
1461 4140 1516 4194 in
1559 4141 1742 4195 medio
1784 4141 2089 4211 discipulo-

490 4249 648 4298 rum,
685 4241 746 4286 ut
796 4232 940 4286 scias
971 4229 1088 4283 fore
1129 4237 1190 4283 ut
1222 4228 1388 4283 etiam
1431 4229 1665 4285 animale
1700 4245 1902 4301 corpus
1931 4238 2089 4284 tuum

491 4327 819 4381 seminatum
870 4331 1120 4393 resurgat
1169 4337 1372 4392 corpus
1418 4321 1728 4390 spirituale.
1775 4325 1855 4379 Ne
1905 4333 2089 4379 autem

490 4437 684 4477 rursus
708 4419 855 4474 aliud
876 4434 998 4472 esse
1019 4425 1182 4487 putes
1203 4415 1334 4470 illud
1355 4415 1502 4485 quod
1527 4416 1855 4483 resurrexit,
1877 4417 2088 4472 Thoma

489 4511 957 4568 resurrectionem
1004 4524 1114 4561 non
1164 4507 1446 4571 credente,
1489 4507 1734 4562 ostendit
1775 4508 1826 4561 ei
1861 4509 2092 4579 vestigia

489 4607 774 4660 clavorum
802 4609 858 4655 et
879 4601 1194 4654 vulnerum.
1220 4598 1306 4654 An
1334 4615 1466 4654 vero
1493 4599 1736 4670 seipsum
1765 4615 1961 4655 sanare
1981 4617 2093 4654 non

488 4704 727 4767 poterat,
754 4693 1052 4762 etquidem
1083 4701 1207 4761 post
1248 4691 1736 4753 resurrectionem,
1768 4691 1864 4760 qui
1900 4705 2094 4744 omnes

489 4787 654 4841 etiam
686 4795 812 4839 ante
847 4783 1312 4838 resurrectionem
1358 4781 1680 4835 sanaverat?
1716 4781 1823 4834 Sed
1855 4796 1954 4850 per
1985 4780 2092 4835 hoc

490 4875 736 4945 quidem,
766 4873 914 4944 quod
955 4875 1235 4928 clavorum
1267 4871 1498 4940 vestigia
1541 4870 1870 4936 ostenderit,
1908 4873 2090 4942 ipsum

491 4971 628 5025 illud
659 4967 903 5038 (corpus)
931 4983 1052 5022 esse
1085 4964 1284 5035 probat
1313 4981 1322 5015 :
1351 4979 1450 5032 per
1479 4964 1625 5017 istud
1652 4980 1806 5028 vero,
1841 4966 1988 5034 quod
2009 4967 2093 5037 ja-

492 5059 619 5114 nuis
649 5059 852 5112 clausis
892 5058 1173 5127 ingressus
1217 5054 1321 5117 sit,
1374 5054 1616 5108 ostendit
1653 5056 1756 5110 tale
1793 5074 1900 5111 non
1934 5075 2087 5126 esse;

563 5215 609 5247 '°
644 5213 802 5269 Joan.
839 5230 948 5278 xw,
976 5212 1065 5267 28.
1143 5213 1189 5244 ³⁷
1216 5212 1375 5268 Joan.
1413 5227 1466 5276 v,
1497 5213 1582 5268 19.
1661 5213 1704 5244 ’⁸
1727 5214 1882 5270 Joan.
1912 5232 2001 5280 xx,
2033 5217 2118 5272 19.

586 5358 676 5428 ‘26)
707 5374 757 5411 τ,
789 5358 853 5410 ὲκ
873 5356 988 5428 δεξ.
1011 5356 1149 5412 Ibid.
1174 5357 1260 5410 διὰ
1288 5357 1387 5428 τῆς
1409 5357 1613 5424 δεξιᾶς.

585 5427 674 5500 25)
715 5428 845 5500 γάρ.
872 5427 949 5500 Ib.
981 5429 1231 5500 sequitur
1258 5427 1370 5481 καί.

585 5497 676 5569 26)
717 5497 875 5569 μυστ.
909 5498 987 5553 lta
1040 5497 1129 5552 ed.
1162 5499 1320 5553 Rom.
1345 5508 1400 5553 et
1425 5498 1572 5568 Lips.
1597 5497 1858 5552 Eamdem
1891 5499 2082 5554 lectio-

493 5585 618 5624 nem
650 5570 770 5640 h.il.
803 5570 969 5624 habet
993 5569 1082 5640 ed.
1112 5570 1286 5623 Paris.
1340 5570 1701 5624 Discessimus
1734 5570 1918 5640 itaque
1940 5587 1970 5624 a
2004 5572 2081 5626 le—

495 5640 672 5694 ctione
698 5639 861 5693 Sirm.
905 5639 1063 5693 Θεοῦ.

566 5708 676 5781 (27)
715 5709 815 5781 Ed.
847 5711 1018 5764 Paris.
1053 5710 1271 5762 πάντων
1321 5709 1428 5767 τῶν
1465 5711 1657 5766 ³ὅντων.
1690 5710 1789 5765 Ed.
1824 5711 1986 5766 Rom.
2023 5720 2080 5766 et

494 5777 522 5832 l
540 5777 641 5852 ips.
659 5777 665 5781 ’
681 5778 787 5832 τῶν
811 5781 978 5834 ὅντων
1011 5781 1246 5834 πάντων.
1475 5798 1480 5803 ·

2193 3221 2432 3287 σθέντες,
2460 3219 2556 3272 καὶ
2583 3218 2868 3290 σεμνύνειν
2883 3218 3197 3289 νομίζοντες
3223 3221 3308 3274 διὰ
3326 3221 3533 3274 τούτων
3562 3222 3653 3275 τὸν
3673 3223 3792 3276 Κύ-

2193 3331 2342 3387 ριον,
2397 3313 2657 3386 λελήθασι
2714 3316 2855 3382 σφᾶς
2902 3314 3100 3378 αὐτοὺς
3149 3314 3237 3367 διὰ
3275 3319 3375 3384 τῆς
3432 3317 3793 3386 εὐχαριστίας

2193 3405 2666 3478 βλασφημοῦντες,
2703 3407 2798 3461 καὶ
2828 3407 3024 3475 ψεῦδος
3051 3407 3489 3478 κατηγοροῦντες
3518 3407 3617 3478 τῆς
3648 3408 3794 3478 ἀλη-

2193 3499 2361 3564 θείας,
2412 3499 2551 3571 πρὸς
2595 3499 2656 3552 τὸ
2709 3500 2804 3551 καὶ
2855 3497 3204 3551 παντάπασιν
3257 3499 3450 3567 ἄλογον
3483 3499 3544 3552 τὸ
3587 3499 3793 3569 ψεῦδος

2191 3591 2500 3662 τυγχάνειν.
2549 3591 2612 3643 Et
2653 3589 2760 3659 γὰρ
2816 3590 3003 3660 ἕτερον
3050 3589 3277 3644 ἀνέλαϐε
3315 3591 3495 3661 σῶμα,
3543 3592 3595 3645 τί
3646 3594 3794 3664 πρὸς

2191 3684 2252 3737 τὸ
2284 3683 2416 3754 ὲμδν
2441 3682 2503 3734 τὸ
2535 3682 2634 3751 τῆς
2671 3682 2945 3753 σωτηρίας
2976 3681 3266 3753 δεόμενον;
3317 3683 3378 3736 Εἰ
3436 3683 3494 3747 ἐξ
3536 3684 3792 3756 οὐρανῶν

2192 3777 2472 3845 κατήγαγε
2525 3775 2726 3847 σάρκα,
2778 3773 2829 3827 τί
2873 3773 3012 3844 πρὸς
3058 3774 3157 3846 τὴν
3185 3774 3326 3845 ἐμὴν
3368 3776 3547 3845 σάρκα
3577 3776 3679 3846 τὴν
3721 3780 3790 3830 ἐκ

2192 3867 2290 3937 τῆς
2321 3867 2424 3936 γῆς
2457 3865 2793 3936 είλημμένην
2819 3882 2834 3930 ;
2883 3894 2954 3904 -
2983 3865 3095 3920 Τοῦ
3125 3865 3334 3928 αὑτοῦ,
3361 3865 3430 3918 ἐκ
3465 3865 3568 3919 τοῦ
3593 3867 3791 3921 αὐτοῦ

2191 3961 2399 4030 λόγου.
2426 3959 2526 4012 Διά
2556 3957 2729 4012 ταῦτα
2761 3959 2858 4028 μὲν
2879 3954 3005 4022 οῦν,
3043 3959 3104 4010 οὐ
3135 3958 3240 4028 πρὸ
3273 3957 3366 4012 τοῦ
3394 3957 3620 4022 πάθους,
3647 3960 3792 4014 ἀλλὰ

2196 4051 2337 4123 μετὰ
2366 4051 2427 4103 τὸ
2453 4050 2658 4114 πάθος,
2697 4051 2806 4104 τῶν
2841 4049 3021 4120 θυρῶν
3051 4050 3453 4121 κεκλεισμένων
3501 4051 3633 4120 ἔστη
3672 4053 3791 4104 τῶν

2196 4142 2454 4213 μαθητῶν
2485 4143 2650 4214 μέσος
2687 4144 2715 4195 6
2759 4142 2985 4212 Κύριος,
3021 4143 3108 4195 ἵνα
3138 4141 3300 4212 γνῷς,
3337 4144 3420 4196 ὅτι
3450 4143 3546 4195 καὶ
3586 4141 3679 4196 σοῦ
3728 4145 3794 4198 τὸ

2191 4233 2420 4305 ψυχικὸν
2454 4234 2614 4305 σῶμα.
2658 4235 2867 4306 σπαρὲν
2898 4235 3168 4305 ἐγείρεται
3202 4234 3362 4305 σῶμα
3388 4237 3786 4305 πνευματικόν.

2195 4328 2316 4382 Ἵνα
2343 4328 2402 4382 δὲ
2449 4328 2523 4399 μὴ
2560 4327 2723 4382 πάλιν
2757 4327 2883 4382 ἄλλο
2919 4329 3146 4401 νομίσῃς
3189 4323 3327 4382 εἶναι
3386 4327 3448 4380 τὸ
3489 4330 3793 4399 ἀνιστάμε-

2121 4437 2167 4496 D
2194 4437 2303 4484 νον,
2338 4419 2432 4473 τοῦ
2483 4419 2656 4490 Θωμᾶ
2681 4419 2823 4493 πρὸς
2871 4419 2969 4491 τὴν
3017 4420 3313 4474 ἀνάστασιν
3351 4421 3788 4489 ἀπιστήσαντος,

2184 4512 2457 4566 δείκνυσιν
2512 4511 2664 4582 αὐτῷ
2706 4514 2834 4576 τούς
2868 4512 3076 4576 τύπους
3133 4512 3244 4566 τῶν
3289 4513 3455 4583 ἥλων,
3511 4513 3792 4568 δείκνυσιν

2185 4602 2337 4672 αὐτῷ
2368 4603 2478 4656 τῶν
2503 4605 2834 4674 τραυμάτων
2862 4604 2932 4657 τά
2967 4605 3110 4676 ἴχνη.
3141 4598 3271 4675 ’Ἆρ’
3311 4606 3413 4658 οὐκ
3443 4607 3629 4674 ἴσχυεν
3657 4605 3792 4657 ἑαυ-

2186 4694 2277 4749 τὸν
2330 4694 2603 4761 ἰάσασθαι,
2640 4695 2934 4750 καὶταῦτα
2974 4695 3111 4766 μετά
3153 4696 3478 4759 ἀνάστασιν,
3511 4699 3540 4749 6
3571 4697 3792 4761 πάντας

2188 4786 2282 4840 καὶ
2337 4787 2444 4855 πρὸ
2497 4787 2598 4856 τῆς
2637 4788 2990 4851 ἀναστάσεως
3018 4790 3346 4860 ίασάμενος;
3393 4788 3554 4842 Ἀλλά
3600 4789 3667 4841 δι’
3709 4785 3791 4844 ὧν

2189 4877 2289 4947 μὲν
2338 4877 2467 4941 τοὺς
2515 4879 2720 4942 τύπους
2753 4879 2862 4932 τῶν
2913 4881 3059 4949 ἥλων
3102 4881 3361 4944 δείκνυσι,
3418 4882 3792 4953 παραδίδωσιν

2185 4969 2266 5021 ὅτι
2297 4968 2479 5022 τοῦτο·
2516 4969 2581 5023 δι’
2627 4963 2701 5023 ὧν
2721 4970 2776 5022 δὲ
2800 4971 3205 5041 κεκλεισμένων
3226 4971 3334 5024 τῶν
3359 4972 3539 5042 θυρῶν
3567 4974 3790 5039 εἴσεισι,

2184 5060 2458 5115 δείκνυσιν
2510 5062 2593 5115 ὅτι
2631 5063 2692 5114 οὐ
2736 5063 2970 5117 τοιοῦτο.
3018 5062 3192 5118 Τοῦτο
3236 5065 3356 5135 μὲν,
3395 5065 3480 5118 ἵνα
3519 5063 3787 5136 πληρώσῃ

2281 5357 2371 5429 28)
2401 5377 2522 5429 γεγ.
2556 5361 2658 5416 Ed.
2691 5363 2871 5418 Paris.
2914 5363 3104 5417 ὄντων.

2281 5431 2371 5503 29)
2404 5432 2482 5486 lb.
2511 5434 2676 5503 αὐτή.

2405 5502 2551 5576 ibid.
2577 5501 2712 5571 ὕψος
2745 5505 3008 5576 ἀνήγαγε.

2407 5573 2594 5647 ἐνηῐὶ).
2622 5572 2995 5647 ἀνακράσεως.

2261 5641 2600 5712 (52)Διάκρ.
2651 5662 2704 5697 κ.
2761 5641 2811 5698 τ.
2865 5646 2918 5699 λ.
2973 5644 3242 5700 Eumdem
3299 5645 3503 5708 locum,
3529 5642 3633 5700 etsi
3655 5655 3781 5698 cum

2186 5712 2369 5782 aliqua
2397 5715 2660 5769 varietate
2686 5717 2958 5782 lectionis,
2991 5717 3115 5772 vide
3141 5731 3327 5786 supra,
3365 5731 3419 5788 p.
3458 5715 3546 5771 66.
