4090 6458
350 361 451 425 I97

1398 408 1401 411 η
1479 361 1862 425 DIALOGUS
1888 363 1969 422 ΙΙ.
2004 389 2073 397 -
2103 354 2604 428 INCONFUSUS.

3544 368 3649 435 598

346 477 438 530 τὸν
467 475 679 546 τρόπον
715 472 813 543 τῆς
846 473 1193 542 οἰκονομίας,
1235 473 1456 541 ἐγείρας
1485 472 1576 526 τὸν
1608 470 1957 542 νενεκρωμέ-

2061 472 2240 543 ipsum
2281 475 2528 545 quidem,
2562 484 2624 531 ut
2660 475 3090 546 dispensationis
3134 492 3336 532 munus
3371 478 3647 547 impleret.

344 583 458 621 νον·
511 568 576 621 οὐ
626 563 872 619 τοιοῦτον
920 563 1004 628 δὲ,
1041 563 1131 616 ἴνα
1168 562 1247 633 μὴ
1278 562 1439 617 πάλιν
1466 563 1714 632 ὑποπέσῃ
1757 560 1952 631 φθορᾷ,

348 656 492 728 μηδὲ
518 656 685 710 πάλιν
713 655 926 724 ὑποστῇ
963 651 1220 707 Θάνατον.

349 861 467 917 Τοῦ
482 860 787 932 μακαρίου
824 860 1124 980 Θεοφίλὲυ
1150 857 1268 981 ἓόὃ)
1295 857 1638 911 ἐπισκόπου
1673 853 1952 919 Ἀλεξαν-

1075 944 1147 981 os
1171 943 1266 981 ac.

1069 943 1266 997 petae.

401 1045 505 1097 Ἐκ
525 1042 648 1097 τῶν
662 1039 814 1096 κατὰ
828 1038 1192 1110 Ὠριτέγους.
1209 1037 1345 1093 Οΰτε
1358 1038 1458 1109 τῆς
1470 1041 1505 1110 ἡ
1514 1038 1639 1108 μετέ
1649 1054 1746 1108 ρας
1758 1037 1787 1088 6
1793 1035 1958 1108 μοιώ-

351 1151 513 1199 σεω;,
538 1132 682 1203 πρὸς
717 1132 788 1202 ἢν
826 1127 1252 1199 κεκοινώνηκεν,
1275 1127 1354 1190 είς
1382 1126 1638 1198 θεότητος
1668 1125 1834 1195 φύσιν
1860 1142 1958 1196 με·

345 1223 790 1294 ταὸαλλομένης,
823 1220 950 1274 οὗτε
974 1221 1075 1290 τῆς
1107 1217 1363 1287 θεότητος
1412 1215 1577 1269 αὑτοῦ
1608 1214 1956 1286 τρεπομένης

343 1320 426 1381 εἰς
440 1316 542 1386 τὴν
559 1312 848 1385 ἡμετέραν
871 1311 1156 1381 ὁμοίωσιν.
1182 1308 1353 1362 Μένει
1375 1308 1486 1377 γὰρ
1514 1306 1543 1359 6
1562 1302 1630 1378 ἦν
1654 1306 1751 1359 ἀπ’
1778 1306 1957 1377 ἀρχῆς

344 1407 501 1470 Θεός·
523 1406 678 1477 μένει
696 1404 792 1456 καὶ
812 1402 915 1471 τὴν
948 1401 982 1471 ὴ
990 1399 1109 1472 μῶν
1126 1401 1184 1454 ὲν
1205 1398 1382 1469 ἐαυτῷ
1403 1396 1840 1469 παρασκευάζων
1858 1396 1958 1450 ὕπ-

343 1494 720 1570 αρξιν.-Τοῦ
734 1493 948 1560 αὑτοῦ,
960 1493 1029 1545 ἐκ
1046 1490 1157 1560 τῆς
1175 1489 1368 1559 αὐτῆς
1383 1489 1954 1561 πραγματείας.Ἀλλ’

338 1591 406 1642 οὐ
432 1591 549 1660 γὰρ
574 1588 677 1658 οὑχ
703 1583 997 1656 ἡσυχάζων
1023 1582 1190 1635 πάλιν
1209 1580 1573 1652 βλασφημεῖς,
1602 1580 1956 1650 συκοφαντῶν

339 1681 440 1735 τὸν
468 1680 602 1733 Tibv
626 1677 722 1732 τοῦ
748 1675 911 1740 Θεοῦ,
935 1675 1034 1728 καὶ
1061 1675 1238 1743 λέγων
1268 1674 1452 1738 αὑτοῖς
1476 1674 1719 1746 ῥήμασιν
1758 1671 1953 1739 οὕτως·

348 1774 578 1843 Ὠσπερ
595 1774 625 1824 6
639 1771 768 1833 Υἱὸς
789 1767 888 1823 καὶ
901 1767 1057 1837 Πατὴ
1065 1784 1094 1837 ρ
1109 1766 1169 1819 ἓν
1191 1767 1352 1831 εἰσιν,
1371 1764 1515 1819 οὕτω
1535 1765 1631 1819 καὶ
1648 1766 1714 1835 ἣν
1731 1764 1954 1836 εἴληφεν

356 1869 391 1922 6
418 1834 767 1933 Υἱὸς-ψυχὴν,
802 1861 901 1914 καὶ
935 1834 1121 1922 αὐτος,
1151 1857 1210 1912 ’ἐν
1241 1859 1402 1910 εἰσιν·
1433 1855 1646 1925 ἀγνοῶν
1674 1834 1758 1911 ὅτι
1789 1834 1951 1927 ὁμὲν
1982 1834 2025 1890 Β

358 1960 495 2021 Υἱός
509 1958 600 2011 καὶ
618 1958 646 2009 6
670 1955 859 2026 Πατὴρ
878 1953 937 2006 ἓν
960 1953 1068 2006 εισι
1089 1951 1180 2005 διὰ
1199 1949 1298 2022 τὴν
1318 1949 1449 2020 μίαν
1476 1948 1688 2014 οὐσίαν,
1718 1949 1816 2003 καὶ
1849 1947 1949 2020 τὴν

346 2050 525 2120 αὐτὴν
537 2047 788 2119 θεότητα’
805 2047 839 2115 ἡ
857 2045 915 2098 δὲ
935 2044 1086 2114 ψυχὴ
1102 2043 1197 2097 καὶ
1213 2043 1242 2093 ὁ
1258 2040 1401 2106 Υἱὸς,
1421 2041 1583 2110 ἑτέρα
1604 2042 1741 2111 πρὸς
1756 2039 1950 2112 ἑτέραν

338 2141 499 2195 ἐστὶν
538 2139 698 2193 οὐσία
745 2154 808 2190 τε
854 2136 951 2190 καὶ
994 2135 1176 2206 φύσις.
1219 2135 1282 2187 Ei
1321 2132 1431 2204 γὰρ
1468 2132 1658 2204 ὥσπερ
1695 2133 1723 2184 6
1758 2132 1951 2204 Πατὴρ

334 2235 437 2288 καὶ
486 2233 521 2285 6
564 2231 699 2294 Υἱὸς
732 2230 794 2284 ἓν
832 2230 993 2294 εἰσιν,
1030 2227 1175 2282 οὕτω
1208 2226 1305 2280 καὶ
1331 2227 1365 2297 ἡ
1392 2224 1539 2297 ψυχὴ
1567 2224 1661 2278 τοῦ
1692 2223 1824 2278 Υἱοῦ
1855 2224 1950 2278 καὶ

326 2329 364 2381 ὁ
404 2326 541 2389 Υἱὸς
580 2326 645 2378 ἓν
690 2325 855 2388 εἰσιν,
888 2320 1044 2374 ἔσται
1101 2318 1199 2373 καὶ
1238 2321 1267 2371 6
1291 2317 1481 2388 Πατὴρ
1506 2316 1661 2387 καὶὴ
1690 2314 1836 2386 ψυχὴ
1867 2314 1947 2379 ἓν,

328 2420 432 2473 καὶ
469 2416 626 2482 λέξει
658 2414 795 2468 ποτὲ
849 2412 946 2465 καὶ
997 2413 1032 2482 ἡ
1088 2408 1236 2480 ψυχὴ
1286 2407 1380 2461 τοῦ
1425 2406 1576 2461 Υίοῢ·
1622 2424 1642 2457 i
1687 2406 1745 2459 '0
1772 2407 1951 2475 ἑωρα-

326 2510 451 2572 κὼς
520 2508 656 2579 ἐμὲ,
724 2506 942 2575 ἑώρακε
999 2503 1094 2556 τὸν
1153 2502 1394 2572 Πατέρα.
1442 2519 1461 2552 ι
1515 2498 1656 2552 Ἀλλ’
1688 2498 1788 2552 οὑκ
1834 2497 1951 2551 ἐστι

326 2600 522 2664 τοῦτο,
559 2598 643 2669 μὴ
673 2599 908 2664 γένοιτο.
938 2595 1000 2647 '0
1025 2596 1136 2665 γὰρ
1157 2592 1284 2656 Tib;
1314 2594 1410 2646 καὶ
1428 2591 1458 2643 6
1485 2592 1676 2663 Πατὴρ
1697 2590 1775 2656 ἓν,
1800 2591 1951 2644 ἐπει-

328 2693 400 2764 δὴ
437 2692 523 2762 μὴ
564 2690 824 2759 διάφοροι
867 2685 1187 2756 aratorii-cer
1223 2687 1256 2756 ἠ
1309 2684 1366 2738 δὲ
1418 2684 1568 2755 ψυχὴ
1603 2684 1700 2737 καὶ
1729 2683 1759 2736 6
1798 2683 1948 2747 Υἱὸς,

329 2784 432 2837 καὶ
457 2786 531 2855 τῇ
566 2782 759 2852 φύσει,
800 2780 894 2832 καὶ
924 2780 993 2849 τῇ
1028 2778 1188 2849 οὐσίᾳ.
1215 2778 1423 2849 ἕτερον,
1462 2774 1653 2848 ἐπειδὴ
1685 2776 1781 2829 καὶ
1811 2773 1950 2846 αὑτὴ

330 2878 404 2931 δι’
470 2873 651 2928 αὑτοῦ
689 2873 917 2941 γέγονεν
968 2869 1257 2942 όμοούσιος
1316 2872 1449 2941 ἡμῖν
1505 2869 1852 2941 ὑπάρχουσα.
1887 2867 1950 2920 Εἰ

332 2967 450 3038 γὰρ
480 2960 530 3035 ᾧ
578 2964 780 3035 τρόπῳ
813 2963 841 3014 6
879 2962 1074 3033 Πατὴρ
1108 2961 1204 3014 καὶ
1230 2963 1259 3014 6
1307 2959 1439 3023 Υἱός
1482 2960 1621 3013 είσιν
1658 2958 1737 3024 ἓν,
1777 2957 1952 3029 τούτῳ

334 3058 419 3129 τῷ
457 3056 658 3127 τρόπῳ
686 3054 786 3107 καὶ
830 3056 864 3123 ἡ
899 3053 1048 3124 ψυχὴ
1083 3053 1176 3106 καὶ
1209 3053 1238 3104 6
1281 3052 1410 3116 Tib;
1439 3051 1498 3104 ἓν
1526 3054 1654 3115 εἰσι,
1686 3052 1829 3107 κατὰ
1861 3053 1952 3106 τὸν

2059 580 2262 637 corpus
2295 577 2575 623 mortuum
2608 568 3008 635 resuscitando,
3052 583 3162 622 non
3202 570 3306 623 tale
3344 579 3548 633 autem,
3580 587 3648 623 ne

2058 674 2255 714 rursus
2273 661 2573 715 obnoxium
2588 670 2735 717 esset
2756 652 3121 732 corrupti'oni,
3140 676 3245 716 nec
3268 662 3467 715 iterum
3487 662 3648 714 morti

2058 751 2461 806 succumberet.

2204 862 2363 936 156
2399 864 2552 919 Beati
2579 865 2845 936 Theophili
2877 865 3104 935 episcopi
3142 864 3500 919 Alexandria.

2128 1038 2214 1093 Ea:
2238 1040 2303 1093 iis
2334 1056 2450 1110 qua:
2475 1042 2685 1113 scripsit
2714 1042 2966 1097 adversus
2994 1041 3295 1112 Origenem.
3323 1042 3434 1097 Nec
3454 1042 3647 1096 simili-

2057 1129 2250 1185 tudine
2287 1140 2496 1197 nostra,
2521 1148 2685 1202 quam
2719 1134 3039 1204 assumpsit,
3065 1135 3120 1188 in
3156 1132 3459 1188 divinitatis
3488 1145 3649 1187 natu-

2058 1238 2177 1277 ram
2216 1231 2446 1289 mutata,
2477 1239 2582 1279 nec
2617 1224 2905 1281 divinitate
2935 1225 3109 1295 ipsius
3139 1225 3194 1279 in
3226 1224 3644 1280 similitudinem

2056 1323 2302 1370 nostram
2327 1330 2611 1371 conversa.
2640 1316 2820 1372 Manet
2847 1317 3020 1383 enim,
3048 1317 3196 1386 quod
3227 1316 3296 1371 ab
3323 1315 3482 1369 initio
3504 1325 3645 1377 erat,

2055 1407 2204 1462 Deus
2234 1424 2247 1460 :
2273 1416 2459 1463 manet
2479 1407 2667 1472 etiam,
2693 1415 2937 1463 nostram
2960 1408 3016 1462 in
3043 1409 3225 1478 seipse
3250 1407 3497 1462 retinens
3519 1406 3650 1460 sub-

2057 1494 2335 1549 stantiam.
2358 1526 2429 1535 ——
2449 1496 2726 1566 Ejusdem,
2760 1512 2823 1550 ea:
2867 1496 3048 1550 eodem
3083 1512 3256 1568 opere.
3285 1495 3356 1550 At
3383 1509 3515 1549 vero
3536 1489 3653 1547 non

2058 1585 2317 1643 desinens
2336 1587 2535 1642 iterum
2554 1588 2921 1658 blasphemas,
2941 1588 3140 1643 Filium
3162 1587 3260 1642 Dei
3282 1585 3645 1651 calumnians,

2057 1683 2115 1731 et
2151 1676 2238 1731 his
2262 1677 2448 1732 verbis
2480 1686 2642 1733 utens
2681 1697 2695 1731 :
2742 1677 3220 1744 Quemadmodum
3266 1677 3442 1732 Filius
3470 1683 3526 1730 et
3547 1675 3649 1730 Pa—

2059 1776 2145 1823 ter
2161 1783 2331 1823 unum
2362 1778 2512 1835 sunt,
2538 1770 2619 1825 sic
2653 1779 2710 1826 et
2746 1772 2929 1825 anima
2961 1786 3126 1840 quam
3152 1768 3449 1839 assumpsit
3476 1767 3648 1823 Filius

2053 1868 2109 1915 et
2132 1859 2248 1930 ipse
2274 1876 2445 1915 unum
2472 1868 2602 1916 sunt
2633 1878 2647 1915 :
2684 1861 2938 1916 nesciens
2962 1860 3110 1931 quod
3135 1860 3308 1914 Filius
3333 1859 3555 1929 quidem
3589 1867 3646 1913 et

2052 1952 2215 2007 Pater
2247 1968 2418 2007 unum
2460 1953 2572 2007 sint
2613 1960 2844 2023 propter
2898 1967 3063 2006 unam
3096 1952 3112 1972 ‘
3151 1951 3537 2015 substantiam,
3587 1962 3645 2004 et

2051 2044 2301 2100 eamdem
2333 2044 2681 2099 divinitatem
2710 2062 2724 2099 :
2751 2043 2934 2100 anima
2962 2050 3146 2098 autem
3172 2050 3229 2098 et
3268 2043 3441 2098 Filius
3462 2043 3647 2097 diver-

2051 2140 2169 2191 Sam
2228 2136 2373 2191 inter
2423 2150 2482 2190 se
2537 2135 2902 2190 substantiam
2965 2134 3204 2189 habeant
3255 2143 3311 2189 ct
3361 2143 3641 2188 naturam.

2052 2228 2112 2285 Si
2154 2229 2304 2283 enim
2349 2228 2494 2283 sicut
2538 2227 2703 2282 Pater
2731 2234 2788 2282 et
2832 2227 3006 2282 Filius
3039 2242 3213 2281 unum
3261 2232 3422 2285 sunt,
3463 2224 3544 2279 sic
3586 2232 3644 2279 et

2051 2320 2233 2375 anima
2260 2319 2382 2374 Filii
2415 2327 2471 2375 et
2501 2319 2676 2374 Filius
2701 2335 2873 2374 unum
2916 2327 3065 2383 sunt,
3099 2327 3263 2373 erunt
3294 2326 3350 2372 et
3390 2319 3552 2374 Pater
3584 2327 3645 2373 et

2052 2413 2235 2468 anima
2258 2427 2450 2476 unum,
2476 2420 2531 2466 et
2556 2411 2703 2467 dicet
2726 2412 3023 2481 aliquando
3052 2411 3216 2465 etiam
3253 2409 3376 2465 Filii
3413 2410 3592 2465 anima
3626 2428 3641 2464 :

2060 2523 2079 2556 i
2112 2503 2217 2570 Qui
2239 2504 2380 2559 vidit
2404 2519 2514 2568 me,
2543 2502 2683 2558 vidit
2714 2505 2935 2559 Patrem
2971 2505 3038 2559 “.
3091 2522 3108 2554 ι
3140 2503 3247 2559 Sed
3288 2519 3399 2558 non
3433 2505 3506 2558 ita
3536 2512 3641 2566 est,

2052 2596 2233 2651 absit!
2273 2595 2410 2650 Nam
2452 2596 2623 2650 Filius
2653 2603 2709 2649 et
2755 2597 2919 2650 Pater
2958 2612 3129 2650 unum
3179 2603 3328 2661 sunt,
3374 2595 3503 2665 quia
3530 2611 3641 2650 non

2053 2696 2183 2743 sunt
2245 2687 2478 2743 diversa:
2520 2688 2816 2757 qualitates
2865 2707 2876 2742 :
2919 2689 3103 2743 anima
3150 2702 3283 2743 vero
3337 2695 3393 2742 et
3435 2687 3642 2751 Filius,

2052 2789 2108 2836 et
2150 2789 2348 2834 natura
2403 2789 2459 2835 et
2502 2780 2811 2835 substantia
2866 2779 3164 2845 diﬂerunt,
3225 2779 3354 2849 quia
3412 2785 3469 2832 et
3528 2777 3643 2847 ipsa

2053 2888 2274 2943 quoque
2330 2887 2430 2942 per
2486 2886 2613 2927 eum
2678 2871 2819 2926 facta
2884 2879 3001 2936 est,
3053 2870 3302 2925 eamdem
3354 2868 3644 2924 nobiscum

2054 2965 2265 3019 habens
2291 2963 2677 3019 substantiam.
2711 2963 2769 3018 Si
2795 2963 2967 3028 enim,
2996 2962 3457 3033 quemadmodum
3484 2962 3646 3016 Pater

2053 3064 2113 3112 et
2135 3056 2306 3112 Filius
2328 3071 2497 3110 unum
2519 3062 2668 3120 sunt,
2697 3055 2778 3110 sic
2802 3056 2985 3110 anima
3009 3063 3063 3110 et
3093 3055 3265 3109 Filius
3295 3069 3465 3109 unum
3495 3062 3643 3116 sunt,

348 3150 677 3222 Ὦριγένην,
733 3145 890 3198 ἔσται
934 3145 1033 3197 καὶ
1066 3146 1098 3214 ὴ
1134 3143 1302 3217 ψυχὴ,
1342 3145 1419 3209 ὡς
1449 3146 1477 3197 6
1507 3145 1654 3209 Tib;,
1695 3144 1951 3214 ἀπαύγα-

2058 3157 2117 3202 ut
2145 3148 2264 3201 vult
2290 3146 2575 3217 Origenes,
2603 3145 2711 3201 erit
2736 3155 2790 3201 et
2822 3148 3026 3210 anima,
3064 3146 3207 3201 sicut
3234 3145 3424 3209 Filius,
3466 3146 3649 3215 Splen-

342 3257 462 3312 σμα
492 3240 601 3310 τῆς
630 3237 797 3309 δόξης
819 3235 913 3291 τοῦ
946 3237 1104 3303 Θεοῦ,
1141 3237 1236 3290 καὶ
1265 3240 1557 3310 χαρακτὴρ
1584 3238 1684 3309 τῆς
1712 3238 1955 3291 ὑποστά-

340 3350 489 3396 σεως
528 3329 730 3386 αὐτοῦ.
776 3328 939 3383 Ἀλλὰ
997 3328 1105 3401 μὴν
1158 3328 1418 3382 ἀδύνατον
1470 3327 1649 3382 τοῦτο’
1692 3328 1957 3383 ἀδύνατον

340 3424 455 3495 ἄρα
486 3424 588 3477 καὶ
616 3421 714 3475 τὸν
736 3422 867 3475 Tibv
903 3422 998 3475 καὶ
1041 3420 1142 3491 τὴν
1169 3420 1348 3492 ψυχὴν
1389 3420 1554 3474 αὑτοῦ
1582 3419 1637 3475 ἓν
1665 3416 1826 3483 εἶναι,
1860 3438 1960 3474 κα-

342 3519 529 3589 θάπερ
562 3516 735 3579 αὑτὸς
786 3514 881 3569 καὶ
929 3516 959 3568 ὁ
997 3513 1187 3586 Πατὴρ
1230 3513 1290 3567 ἓν
1341 3515 1469 3567 εἰσι.
1508 3514 1616 3568 Καὶ
1654 3513 1707 3567 τί
1740 3513 1958 3583 ποιήσει

342 3615 515 3668 πάλιν
555 3609 745 3682 ἑαυτῷ
799 3608 1183 3682 περιπίπτων;
1239 3608 1446 3680 Γράφει
1497 3609 1605 3681 γὰρ
1639 3607 1833 3666 οὕτως.
1880 3608 1957 3661 Ob

342 3705 521 3775 δήπου
554 3703 673 3774 γὰρ
696 3702 731 3772 ἡ
758 3699 1148 3773 τεταραγμένη
1189 3703 1285 3753 καὶ
1307 3699 1607 3770 περίλυπος
1636 3694 1773 3752 οὖσα
1810 3696 1959 3768 ψυχὴ

342 3799 376 3850 6
408 3794 736 3864 Μονογενὴς
757 3794 855 3847 καὶ
883 3791 1231 3864 πρωτότοκος
1256 3792 1440 3863 πάσης
1465 3790 1698 3855 κτίσεως
1723 3789 1958 3860 ἐτύγχα-

342 3906 439 3942 νεν
478 3882 646 3941 οὖσα.
709 3885 769 3938 '0
794 3883 906 3956 γὰρ
932 3884 1067 3948 Θεὸς
1095 3884 1287 3953 Λόγος,
1314 3882 1391 3946 ὡς
1417 3882 1683 3955 κρείττων
1718 3882 1818 3952 τῆς
1856 3882 1960 3951 ψυ-

343 3981 451 4051 χῆς
483 3976 807 4047 τυγχάνων,
841 3975 1003 4039 αὐτὸς
1042 3973 1213 4039 όΥίός
1244 3991 1431 4047 φησιν,
1468 3993 1487 4027 i
1531 3973 1825 4039 Ἐξουσίαν
1849 3972 1960 4043 ἔχω

346 4067 525 4121 θεῖναι
584 4064 784 4135 αὐτὴν,
807 4064 903 4119 καὶ
949 4063 1204 4129 ἐξουσίαν
1237 4064 1344 4134 ἔχω
1373 4062 1557 4118 λαϐεῖν
1606 4064 1800 4132 αὑτήν.
1838 4082 1857 4116 ι
1895 4063 1959 4117 Et

346 4159 532 4213 τοίνυν
553 4158 824 4230 κρείττων
850 4156 998 4209 ἐστὶν
1020 4157 1048 4209 6
1072 4154 1198 4219 Tib;
1219 4157 1319 4227 τῆς
1340 4155 1535 4209 ἑαυτοῦ
1554 4155 1755 4226 ψυχῆς,
1769 4155 1919 4209 ὥσπε
1927 4171 1961 4226 ρ

347 4248 442 4305 οὖν
463 4251 567 4305 καὶ
587 4249 861 4320 κρείττων
887 4246 1257 4318 ὡμολόγηται,
1276 4246 1395 4310 πῶς
1426 4248 1460 4318 ἡ
1481 4247 1624 4318 ψυχὴ
1649 4248 1839 4300 τούτου
1872 4247 1961 4300 tu

350 4342 494 4413 Θεῷ,
521 4341 625 4396 καὶ
659 4343 720 4393 ὲν
771 4341 955 4410 μορφῇ
1000 4337 1197 4403 αὐτοῦς
1246 4336 1426 4408 Αὐτὴν
1450 4337 1560 4409 γὰρ
1602 4333 1743 4391 εῖναί
1778 4352 1961 4407 φαμεν

349 4438 450 4508 τὴν
476 4433 598 4505 (54)
625 4430 951 4486 κενώσασαν
972 4429 1192 4501 ἑαυτὴν,
1215 4430 1309 4483 καὶ
1326 4430 1540 4501 μορφὴν
1563 4429 1752 4483 δούλου
1767 4428 1960 4483 λαϐοῦ-

353 4506 477 4582 σαν.
496 4527 638 4591 Ταῖς
660 4527 764 4578 ὑπε
775 4524 988 4595 ρ6ο).αῖς
1006 4522 1115 4576 τῶν
1143 4522 1406 4575 ἀσεϐειῶν
1428 4523 1823 4592 ἐπισημότερος
1852 4520 1959 4574 τῶν
1991 4506 2039 4566 D

351 4618 537 4673 ἄλλων
558 4615 861 4688 αἱρετικῶν
889 4615 1125 4683 ἐγένετο,
1151 4614 1227 4678 ὡς
1257 4612 1743 4685 ὲπεσημηνάμεθα.
1774 4614 1834 4667 Ισῖί
1852 4613 1962 4685 γὰρ

354 4710 414 4760 ἐν
447 4708 641 4777 μορφῇ
686 4702 822 4757 Θεοῦ
856 4704 1093 4774 ὑπάρχει
1131 4704 1158 4755 ὁ
1185 4703 1375 4770 Λόγος,
1401 4702 1494 4756 καὶ
1522 4702 1613 4755 ῐσα
1644 4701 1763 4773 Θεῷ
1792 4703 1959 4766 ἐστιν,

356 4803 416 4853 ὲν
465 4799 661 4870 μορφῇ
715 4796 773 4850 δὲ
827 4795 963 4849 Θεοῦ
992 4795 1259 4866 ὑπάρχειν
1282 4796 1376 4848 καὶ
1392 4793 1481 4847 ῐσα
1506 4791 1627 4859 Θεῷ
1650 4795 1750 4865 τὴν
1783 4793 1978 4864 ψυχὴν,

355 4891 453 4944 τοῦ
481 4889 747 4960 Σωτῆρος
770 4889 961 4954 οἴεται,
992 4887 1271 4957 τολμήσας
1298 4884 1443 4939 οὕτω
1476 4884 1706 4955 γράψαι,
1745 4885 1863 4948 πῶς
1904 4885 1967 4938 τὸ

362 4986 478 5037 ἶσον
515 4982 772 5050 κρεῖττόν
801 4982 952 5043 toti;
987 4979 1070 5032 Τὰ
1091 4977 1199 5050 γὰρ
1221 4977 1601 5048 ὑποϐεϐηκότα
1650 4976 1749 5049 τὴν
1806 4977 1969 5046 φύσιν

355 5074 470 5128 τῶν
491 5074 640 5144 ὑπὲρ
665 5073 805 5127 αὑτᾶ
830 5075 1077 5145 κρεῖττον
1116 5073 1406 5143 μαρτυρεῖ.

364 5189 482 5244 Τοῦ
527 5187 710 5258 ἁγίου
771 5186 1047 5241 Ἰωάννου
1077 5185 1185 5239 τοῦ
1226 5182 1683 5258 Χρυσοστόμου,
1716 5184 1962 5238 ἐπισκό-

728 5272 851 5310 που
880 5256 1604 5319 Κωσταντινουπόλεως.

446 5352 600 5408 Ἀπὸ
642 5351 832 5420 λόγου
883 5349 956 5403 ἐν
1005 5347 1082 5416 τῇ
1131 5348 1362 5419 μεγάλῃ
1408 5345 1709 5414 ἐκκλησίᾳ
1748 5343 1966 5414 ρηθέν-

428 5492 480 5525 υ
508 5489 673 5545 Joan.
703 5502 817 5551 xxv,
854 5486 908 5541 9.
990 5485 1037 5517 ⁸⁸
1062 5483 1272 5543 Coloss.
1314 5485 1466 5550 ι,15.
1545 5482 1588 5514 ⁸¹
1616 5482 1774 5538 Joan.
1815 5483 1987 5550 x,18.

433 5607 760 5692 {35)_Ali_ud_
810 5606 985 5692 hujus
1024 5604 1313 5674 scriptoris
1364 5598 1729 5673 fragmentum
1787 5610 1967 5655 exstat

354 5678 543 5741 itura,
564 5680 625 5733 in
651 5679 783 5733 dial.
810 5678 866 5732 Ξῖ.

437 5752 554 5822 (54)
578 5751 715 5822 τήν.
745 5746 849 5822 Ed.
890 5745 1157 5822 lion]._et
1192 5743 1340 5813 Lips.
1379 5741 1719 5822 pr:emitt_unt
1749 5741 1830 5804 ὃς,
1868 5741 1964 5822 sed

366 5813 551 5881 minus
574 5813 741 5876 bene.
792 5816 1036 5887 Strigelii
1071 5814 1451 5885 interpretatio
1489 5831 1500 5865 :
1537 5832 1553 5863 i
1601 5813 1775 5883 Ipsam
1821 5813 1967 5865 enim

2059 3238 2162 3294 dor
2196 3238 2381 3309 gloria:
2414 3238 2532 3301 Dei,
2564 3245 2621 3292 et
2656 3238 2941 3292 character
2969 3237 3290 3292 substantiae
3325 3237 3517 3307 ipsius.
3555 3237 3648 3290 At-

2058 3330 2153 3401 qui
2179 3330 2284 3385 hoc
2310 3329 2428 3384 ﬁeri
2452 3330 2665 3400 nequit.
2696 3329 3040 3398 lmpossibile
3063 3339 3148 3383 est
3176 3328 3366 3399 igitur,
3392 3337 3452 3382 ut
3478 3326 3651 3382 Filius

2058 3431 2115 3477 et
2138 3423 2258 3493 ejus
2282 3421 2464 3476 anima
2491 3436 2663 3475 unum
2701 3421 2831 3484 sint,
2864 3420 3007 3474 sicut
3037 3420 3153 3489 ipse
3193 3428 3248 3474 et
3288 3420 3449 3474 Pater
3476 3435 3646 3473 unum

2060 3524 2206 3571 sunt.
2242 3513 2399 3585 155
2440 3514 2508 3568 Et
2549 3513 2683 3582 quid
2729 3512 2895 3567 faciet
2946 3526 3140 3567 rursus
3185 3511 3291 3566 sibi
3338 3510 3440 3581 ipsi
3484 3527 3649 3581 repu-

2059 3607 2269 3679 gnans?
2294 3606 2386 3662 Sic
2402 3606 2549 3661 enim
2575 3605 2769 3661 scribit
2796 3623 2808 3658 :
2838 3605 3194 3675 Nequaquam
3229 3604 3448 3658 turbata
3471 3610 3528 3657 et
3551 3607 3649 3657 tri—

2060 3698 2160 3754 stis
2192 3697 2373 3753 anima
2400 3697 2727 3768 Unigenitus
2768 3705 2906 3762 erat,
2946 3704 3002 3750 ct
3030 3696 3440 3766 Primogenitus
3468 3696 3649 3750 omnis

2060 3800 2330 3849 creaturae
2358 3791 2424 3844 ⁸⁰.
2453 3791 2589 3846 Nam
2619 3791 2764 3845 Deus
2791 3788 3055 3854 Verbum,
3085 3796 3145 3844 ut
3179 3790 3361 3844 anima
3387 3796 3651 3859 praestan-

2062 3885 2191 3951 tior,
2233 3885 2351 3955 ipse
2383 3883 2556 3938 Filius
2599 3884 2676 3938 ait
2722 3901 2734 3936 :
2769 3902 2786 3933 i
2827 3881 3155 3937 Potestatem
3187 3881 3364 3937 habeo
3408 3881 3645 3952 ponendi

2060 3992 2205 4042 eam,
2249 3985 2306 4031 et
2347 3982 2673 4045 potestatem
2721 3975 2898 4029 habeo
2925 3975 3240 4030 assumendi
3286 3989 3407 4029 eam
3445 3974 3508 4027 ".
3542 3992 3560 4024 ι
3591 3972 3647 4026 Si

2061 4069 2229 4140 igitur
2254 4068 2426 4123 Filius
2449 4071 2799 4138 praestantior
2827 4074 2910 4121 est
2957 4068 3139 4121 anima
3173 4083 3291 4123 sua.
3325 4067 3467 4121 sicut
3505 4082 3649 4135 prie-

2063 4161 2385 4217 stantiorem
2410 4175 2530 4214 esse
2555 4159 2610 4213 in
2632 4158 2882 4213 confesso
2903 4168 3008 4222 est,
3032 4159 3308 4228 quomodo
3329 4160 3449 4229 ejus
3471 4158 3649 4211 anima

2061 4253 2288 4325 aequalis
2309 4261 2392 4307 est
2416 4253 2550 4315 Deo,
2569 4258 2625 4305 et
2651 4250 2704 4303 in
2731 4250 2904 4304 forma
2931 4250 3140 4319 ipsius?
3160 4251 3333 4319 Ipsam
3359 4251 3504 4303 enim
3529 4265 3650 4303 esse

2063 4346 2322 4408 dicimus,
2355 4359 2477 4413 quae
2521 4343 2757 4412 seipsam
2791 4341 3113 4405 exinanivit,
3150 4350 3206 4395 et
3240 4342 3384 4395 servi
3417 4339 3649 4394 formam

2063 4439 2275 4509 accepit
2309 4438 2374 4490 “.
2410 4437 2591 4503 Quare
2624 4434 2929 4505 (Origenes)
2962 4449 3155 4489 omnes
3193 4434 3330 4488 alios
3366 4433 3654 4488 haereticos

2066 4531 2347 4602 impietate
2387 4537 2629 4599 superat,
2661 4535 2723 4581 ut
2760 4526 3280 4581 demonstravimus.
3316 4525 3372 4581 Si
3405 4526 3553 4580 enim
3598 4526 3650 4579 in

2067 4625 2241 4681 forma
2273 4623 2370 4678 Dei
2399 4631 2485 4676 est
2511 4621 2775 4685 Verbum,
2801 4628 2857 4675 et
2881 4620 2993 4675 Deo
3021 4626 3103 4673 est
3126 4619 3356 4688 aequale,
3389 4618 3443 4672 in
3479 4617 3652 4673 forma

2068 4730 2200 4771 vero
2229 4713 2323 4769 Dei
2352 4728 2493 4778 esse,
2530 4721 2585 4767 et
2613 4711 2879 4781 aequalem
2913 4725 3034 4764 esse
3058 4709 3171 4764 Deo
3202 4709 3441 4762 animam
3470 4707 3655 4763 Salva-

2070 4807 2205 4862 toris
2235 4813 2421 4876 putat,
2457 4802 2551 4874 qui
2604 4803 2685 4858 sic
2730 4801 2975 4856 scribere
3009 4816 3177 4855 ausus
3221 4809 3333 4865 est,
3379 4800 3655 4870 quomodo

2067 4898 2215 4968 quod
2246 4904 2331 4951 est
2355 4895 2563 4964 aequale
2589 4892 2944 4964 prmstantius
2970 4891 3088 4947 est?
3111 4890 3244 4957 Quae
3278 4889 3427 4945 enim
3461 4898 3656 4944 natura

2066 4989 2327 5043 inferiora
2359 4994 2509 5050 sunt,
2531 5000 2723 5040 eorum
2748 5000 2870 5055 quae
2899 4997 3064 5053 supra
3096 4982 3212 5052 ipsa
3239 4990 3366 5037 sunt
3395 4990 3659 5051 praestan-

2070 5079 2201 5134 tiam
2236 5085 2532 5133 testantur.

2140 5187 2325 5244 Sancti
2360 5185 2583 5241 Joannis
2623 5185 3002 5308 Chrysoslto‘mi.
3024 5184 3249 5255 episcopi
3289 5180 3590 5237 Constanti-

2705 5272 2840 5308 novo
2868 5274 2881 5308 i
2910 5271 3021 5308 ani.

2705 5271 3021 5326 uopomani.

2144 5348 2231 5404 Ea:
2274 5349 2514 5402 oratione
2555 5364 2716 5418 quam
2760 5350 2815 5403 in
2854 5364 3051 5419 magna
3083 5344 3298 5399 ecclesia
3343 5343 3543 5396 habuit.
3580 5341 3658 5397 Ac

2064 5483 2108 5516 ³³
2134 5484 2369 5555 Philipp.
2401 5501 2460 5548 ιι,
2503 5484 2555 5537 7.

2070 5618 2191 5657 esse
2226 5601 2460 5657 dicimus
2493 5602 2722 5656 formam
2781 5601 2925 5655 servi
2979 5616 3008 5655 a
3041 5598 3183 5653 Filio
3235 5604 3590 5665 assumptam,
3634 5615 3651 5647 ο

2074 5673 2234 5795 aliam
2275 5673 2459 5741 prodit
2506 5673 2819 5736 lectionem,
2858 5671 2961 5725 nisi
2994 5685 3060 5724 ex
3095 5666 3313 5737 ingenio
3343 5666 3415 5721 sit
3469 5679 3655 5719 emen-

2116 5756 2221 5799 aia.
