4090 6450
473 338 580 407 139

1480 326 1969 403 THEODORETI
2006 309 2346 402 EPISCOPI
2385 340 2750 402 cramsrs
2836 366 2843 373 ο

3630 344 3738 411 200

472 451 737 508 Dominus
770 449 993 520 quidem
1024 459 1150 505 tuus
1180 450 1234 504 in
1264 451 1464 507 caelum
1494 451 1693 505 extulit
1716 450 1995 505 hominem
2040 468 2053 503 :

2160 466 2279 514 τος.
2317 452 2428 505 Καὶ
2456 454 2484 504 ὀ
2524 450 2627 521 μὲν
2673 451 2954 520 Δεσπότης
2989 466 3083 503 σου
3103 450 3178 514 εἰς
3201 452 3428 521 οὐρανὸν
3459 455 3739 526 ἀνήγαγεν

472 555 534 599 tu
561 552 744 598 autem
779 557 883 596 nec
916 542 1097 595 forum
1120 541 1225 611 ipsi
1252 542 1530 596 concedis.
1558 542 1665 596 Sed
1688 542 1822 612 quid
1851 543 1973 597 dico
1996 543 2053 596 in

473 636 707 691 omium?
743 635 796 687 in
837 634 1000 703 regali
1038 634 1236 688 throno
1267 634 1595 688 collocavit:
1626 642 1684 687 tu
1717 649 1849 688 vero
1886 633 2057 688 etiam

472 742 542 781 ex
576 727 715 780 urbe
765 725 919 778 illum
960 725 1598 796 expellis—Ejusdem,
1640 728 1695 779 in
1740 726 2056 796 principium

472 818 667 887 psalmi
695 834 801 871 xu.
835 817 954 871 Non
992 828 1170 872 cessat
1195 819 1398 872 Paulus
1429 818 1485 872 in
1518 818 1847 872 hodiernum
1881 832 2055 885 usque

472 907 620 963 diem
656 908 672 927 ‘
702 907 888 961 dicere
924 925 937 960 :
971 926 987 957 ι
1029 909 1133 961 Pro
1168 907 1390 963 Christo
1435 909 1707 979 legatione
1739 908 2051 977 fungimur,

474 1009 732 1067 tanquam
766 999 879 1051 Deo
907 998 1235 1054 exhortante
1279 1016 1379 1069 per
1399 1016 1520 1062 nos.
1559 1001 1913 1055 obsecramus
1957 1013 2056 1068 pro

478 1090 642 1160 156
667 1090 925 1155 Christo,
949 1092 1380 1147 reconciliamini
1428 1094 1538 1149 Deo
1573 1094 1639 1149 ³³.
1660 1093 1771 1149 Nec
1803 1108 1934 1147 vero
1964 1091 2057 1145 hic

471 1181 717 1237 substitit
741 1200 755 1235 :
781 1182 878 1237 sed
904 1191 961 1235 et
987 1182 1055 1237 de
1083 1191 1174 1236 tua
1201 1191 1394 1237 natura
1417 1182 1651 1251 sumptis
1671 1181 1949 1251 primitiis,
1971 1196 2057 1237 se-

475 1274 602 1328 dem
634 1274 922 1343 occupavit
952 1289 1120 1342 supra
1145 1288 1361 1328 omnem
1396 1272 1786 1342 principatum,
1820 1279 1876 1325 et
1898 1281 2056 1341 pote-

428 1344 443 1359 i
473 1374 670 1421 statem
689 1406 703 1430 ,
733 1374 791 1420 et
835 1366 1093 1420 virtutem
1114 1404 1128 1427 ,
1161 1374 1216 1418 et
1264 1379 1428 1418 omne
1475 1379 1675 1418 nomen
1703 1363 1851 1432 quod
1882 1363 2060 1417 nomi—

473 1462 658 1517 natur,
684 1470 792 1508 non
825 1455 1001 1508 solum
1039 1453 1094 1506 in
1119 1454 1224 1507 hoc
1248 1453 1468 1516 saeculo,
1492 1467 1682 1505 verum
1711 1452 1875 1506 etiam
1898 1452 1955 1506 in
1974 1451 2060 1507 fu-

474 1552 602 1601 turo
633 1545 699 1598 ³⁸.
736 1544 876 1611 Quid
903 1544 1032 1598 huic
1058 1544 1254 1598 honori
1283 1544 1589 1611 comparari
1618 1543 1833 1611 potest?
1860 1544 2059 1598 Primi-

472 1635 564 1691 tia:
591 1637 808 1705 generis
850 1635 1045 1699 nostri,
1075 1633 1221 1703 quod
1254 1634 1307 1687 in
1353 1642 1461 1686 tam
1508 1633 1696 1688 multis
1722 1632 1976 1700 offendit,
2005 1642 2060 1691 et

473 1724 774 1795 ignominia
811 1725 1065 1779 aﬂ‘ectum
1090 1732 1192 1787 est,
1222 1724 1277 1777 in
1307 1731 1455 1776 tanta
1482 1722 1820 1779 sublimitate
1842 1722 2054 1787 sedent,

472 1824 734 1884 tantoque
763 1816 971 1869 honore
995 1814 1272 1876 fruuntur.
1298 1844 1367 1852 —
1389 1813 1668 1882 Ejusdem,
1711 1814 1774 1866 de
1803 1813 2056 1866 divisione

472 1904 796 1976 linguarum.
841 1904 1025 1975 Cogita
1070 1905 1217 1958 enim
1255 1904 1413 1973 quale
1459 1904 1531 1958 sit
1576 1904 1768 1958 videre
1799 1912 2056 1958 naturam

469 2004 716 2051 nostram
740 2012 904 2065 supra
933 1994 1233 2049 Cherubim
1254 1993 1403 2057 vehi,
1430 2002 1487 2049 et
1506 2009 1722 2047 omnem
1753 1995 2054 2064 angelicam

469 2095 796 2156 potestatem
852 2086 1031 2141 eidem
1102 2085 1494 2139 circumfusam
1558 2101 1698 2139 esse.
1758 2084 2057 2140 Considera

472 2178 633 2232 etiam
666 2178 819 2231 Pauli
858 2177 1202 2246 sapientiam,
1229 2185 1366 2246 quot
1404 2177 1626 2247 nomina
1656 2178 1965 2245 conquirat,
1996 2186 2057 2232 ut

467 2264 673 2322 Christi
698 2282 827 2337 erga
854 2282 953 2321 nos
972 2282 1214 2321 amorem
1238 2266 1495 2321 ostendat
1522 2267 1585 2319 ³⁸.
1615 2267 1733 2320 Νοη
1755 2267 1902 2321 enim
1925 2266 2056 2320 sim-

469 2356 688 2426 pliciter
729 2356 867 2410 dixit
908 2359 1162 2429 gratiam,
1191 2373 1295 2412 nec
1324 2357 1644 2427 simpliciter
1687 2358 1920 2425 divitias,
1957 2358 2054 2414 sed

471 2449 753 2501 eminentes
800 2449 1008 2502 divitias
1040 2450 1229 2519 gratia:
1259 2450 1313 2502 in
1351 2449 2054 2521 bonitate.—Ejnsdem,ex

471 2540 1063 2611 oratione.dogmatica,
1103 2543 1241 2612 quod
1275 2541 1546 2595 humiliter
1578 2543 1718 2597 dicta
1749 2553 1798 2596 et
1830 2543 1974 2613 {acta
2018 2560 2053 2597 a

470 2631 696 2694 Christo,
751 2642 1113 2702 non‘proptcr
1148 2632 1558 2688 imbecillitatem
1617 2637 1863 2704 potentia:
1912 2635 2051 2689 dicta

469 2729 517 2776 et
549 2722 691 2791 facta
715 2723 839 2787 sint,
889 2722 977 2776 sed
1021 2731 1236 2793 propter
1284 2725 1461 2778 varias
1519 2725 1924 2796 dispensationis
1962 2743 2053 2780 ra-

468 2814 650 2869 tiones.
680 2815 747 2869 Et
769 2822 893 2884 post
918 2816 1401 2877 resurrectionem,
1436 2816 1783 2871 incredulum
1805 2817 2050 2886 discipu-

466 2906 580 2961 lu‘m
607 2906 822 2969 videns,
855 2921 966 2960 non
1006 2906 1282 2960 recusavit
1321 2905 1420 2975 ipsi
1452 2915 1507 2961 et
1534 2907 1762 2962 vulnera
1791 2916 1845 2961 et
1871 2909 2053 2962 clavo-

468 3014 591 3053 rum
635 2997 864 3066 vestigia
907 2996 1218 3062 ostendere,
1250 3004 1307 3052 et
1349 3013 1546 3052 manus
1588 2997 1865 3052 contactui
1906 2999 2051 3054 cica—

2155 539 2439 610 ἆνθρωπον
2473 581 2489 605 ,
2566 543 2632 595 σὺ
2683 541 2741 594 δὲ
2825 540 2948 594 οὔτε
3006 541 3212 610 ἀγορᾶς
3278 542 3430 613 αὐτῷ
3518 549 3741 615 μεταδε-

2155 629 2282 693 δως.
2362 631 2472 683 Καὶ
2558 632 2609 683 τί
2678 630 2824 699 λέγω
2896 632 2976 694 εἰς
3041 630 3326 700 οὐρανόνς
3388 635 3471 696 ei;
3548 633 3744 706 θρόνον

2156 720 2376 773 ἐκάθισε
2444 721 2721 791 βασιλικὸν
2756 763 2770 786 ,
2862 721 2926 774 σὺ
3014 722 3072 773 δὲ
3164 723 3260 775 καὶ
3346 722 3448 791 τῆς
3528 726 3739 791 πόλεως

2156 809 2478 873 ἐξελαύνεις.
2505 841 2571 851 -
2616 810 2731 864 Τοῦ
2764 810 2972 874 αὐτοῦ,
3003 814 3091 877 εις
3126 811 3241 879 τὴν
3277 810 3476 880 ἀρχὴν·
3506 814 3614 868 τοῦ
3636 804 3737 882 μα’

2154 900 2422 980 ψαλμοῦ.
2494 901 2568 953 Ού
2640 900 2871 953 παύεται
2939 900 3153 964 Παῦλος
3224 901 3384 972 μέχρι
3462 906 3562 969 τῆς
3641 906 3741 975 σή-

2159 1006 2324 1060 μερον
2353 990 2548 1058 λέγων,
2584 1009 2603 1042 ι
2653 990 2826 1061 ’Υπὲρ
2854 992 3091 1061 Χριστοῦ
3108 992 3505 1064 πρεσϐεύομεν,
3536 995 3610 1058 ὡς
3641 994 3738 1048 τοῦ

2156 1080 2290 1134 Θεοῦ
2316 1082 2760 1153 παρακαλοῦντος
2780 1084 2848 1135 δι’
2865 1083 3021 1153 ήμῶν
3035 1085 3172 1153 (35),
3194 1085 3425 1154 δεόμεθα
3454 1087 3594 1156 ὑπὲρ
3612 1088 3744 1157 Χρι-

2159 1173 2308 1236 στοῦ,
2343 1174 2720 1244 καταλλάγητε
2733 1174 2810 1244 τῷ
2831 1175 2968 1245 Θεῷ.
2995 1195 3012 1228 ι
3038 1177 3145 1229 Καὶ
3175 1176 3295 1230 οὐδὲ
3318 1175 3550 1229 ἐνταῦθα
3582 1178 3738 1247 ἔστη,

2158 1264 2292 1316 ἀλλὰ
2323 1266 2415 1319 καὶ
2442 1266 2552 1321 ἀπὸ
2581 1266 2681 1334 τῆς
2722 1267 2937 1334 φύσεως
2973 1268 3073 1334 τῆς
3108 1271 3209 1337 σῆς
3252 1268 3432 1321 λαϐὼν
3461 1269 3738 1340 ἀπαρχὴν,

2159 1356 2411 1411 ἐκάθισεν
2440 1356 2555 1411 ἄνω
2583 1357 2765 1427 πάσης
2810 1358 3006 1428 ἀρχῆς.
3044 1359 3137 1412 καὶ
3197 1357 3468 1425 ἐξουσίας,
3504 1362 3599 1415 καὶ¹
3646 1362 3744 1416 δυ-

2159 1447 2397 1518 νάμεως,
2428 1449 2521 1501 καὶ
2549 1449 2750 1512 παντὸς
2781 1450 3045 1520 ὀνόματος
3074 1450 3476 1523 ὀνομαζομένου
3496 1490 3510 1514 ,
3542 1453 3605 1504 οὐ
3638 1452 3743 1521 μό-

2159 1556 2248 1592 νον
2275 1540 2333 1591 ὲν
2358 1539 2435 1610 τῷ
2467 1541 2621 1594 αἰῶνι
2676 1541 2870 1612 τούτῳ,
2920 1541 3056 1595 ἀλλὰ
3100 1542 3195 1595 καὶ
3241 1544 3299 1597 ὲν
3344 1542 3421 1612 τῷ
3463 1542 3740 1612 μέλλοντι.

2161 1631 2226 1683 Τί
2269 1630 2378 1701 (56)
2409 1633 2613 1702 ταύτης
2654 1633 2768 1687 ἴσον
2796 1634 2992 1701 γένοιτ’
3040 1634 3107 1689 ἂν
3141 1634 3242 1702 τῆς
3281 1635 3444 1704 τιμῆς
3480 1635 3634 1705 (57);
3670 1636 3743 1689 Ἠ

2161 1723 2385 1793 ἀπαρχὴ
2416 1724 2507 1779 τοῦ
2537 1726 2725 1793 γένους
2753 1725 2930 1796 ἡμῶν.
2962 1724 3056 1777 τοῦ
3094 1726 3329 1779 τοσαῦτα
3360 1742 3743 1795 προσκεκρου-

2160 1814 2336 1877 κότος.
2354 1814 2446 1868 τοῦ
2465 1816 2834 1886 ὴτιμωμένου,
2855 1817 2913 1867 ὲν
2931 1815 3055 1883 ὕψει
3075 1816 3312 1885 τοσούτῳ
3341 1816 3575 1885 κάθηται
3597 1814 3743 1884 {58),

2156 1906 2253 1959 καὶ
2284 1906 2552 1977 τοσαύτης
2580 1906 2867 1967 ,ἀπολαύει
2903 1907 3013 1976 (59)
3056 1910 3241 1977 τιμῆς.
3265 1937 3336 1948 -
3371 1906 3482 1960 Τοῦ
3524 1906 3742 1970 αὑτοῦ,

2156 1998 2288 2066 περὶ
2310 1997 2418 2065 τῆς
2440 1998 2738 2067 γλωσσῶν
2765 2000 3128 2068 διαιρέσεως.
3167 1999 3447 2068 Ἐννόησον
3477 1999 3605 2069 γὰρ,
3623 1993 3749 2052 οἷον

2155 2088 2301 2142 ἔστιν
2341 2090 2466 2147 ἰδεῖν
2494 2093 2592 2159 τὴν
2639 2091 2912 2161 ἡμετέραν
2958 2089 3119 2161 φύσιν
3162 2089 3256 2141 ἐπὶ
3313 2088 3406 2141 τοῦ
3453 2088 3751 2159 Χερουϐὶμ

2153 2181 2475 2251 ὀχουμένην,
2509 2180 2604 2234 καὶ
2643 2182 2822 2234 πᾶσαν
2853 2182 2991 2251 αὐτῇ
3039 2180 3139 2251 τὴν
3178 2179 3480 2250 ἀγγελικὴν
3509 2195 3745 2248 περικε-

2153 2273 2395 2342 χυμένην
2448 2271 2696 2342 δύναμιν.
2752 2272 2952 2325 Σκόπει
2997 2272 3052 2324 δὲ
3106 2272 3199 2325 καὶ
3247 2270 3459 2324 Παύλου
3500 2271 3744 2340 σοφίαν,

2154 2365 2296 2420 πόσα
2323 2364 2562 2433 ὀνόματα
2609 2364 2877 2434 ἐπιζητεῖ,
2907 2363 3052 2416 ὥστε
3082 2363 3433 2431 παραστῆσαι
3470 2361 3560 2414 τοῦ
3597 2363 3745 2430 Χρι-

2156 2456 2281 2513 στοῦ
2314 2455 2412 2526 τὴν
2452 2456 2885 2525 φιλανθρωπίαν.
2927 2456 3001 2507 Ού
3063 2453 3171 2524 γὰρ
3208 2450 3359 2506 εἶπεν
3391 2452 3578 2516 ἁπλῶς
3620 2452 3749 2519 τὴν

2153 2547 2352 2616 χάριν,
2382 2548 2502 2599 οὐδὲ
2538 2549 2643 2601 τὸν
2685 2546 2954 2600 πλοῦτον
2994 2544 3201 2607 ἁπλῶς,
3236 2542 3372 2595 ἀλλὰ
3416 2542 3523 2595 τὸν
3550 2545 3744 2609 ὑπερ-

2155 2639 2458 2693 ϐάλλοντα
2502 2638 2772 2693 πλοῦτον
2810 2637 2920 2704 τῆς
2962 2637 3201 2704 χάριτος
3238 2634 3308 2687 ἐν
3349 2634 3741 2703 χρηστότητι.

2151 2760 2223 2772 -—
2248 2731 2356 2784 Τοῦ
2387 2731 2597 2793 αὐτοῦ,
2629 2729 2747 2783 ἀπὸ
2776 2727 3263 2799 (ιωὸοπματικοῦ
3309 2728 3515 2794 λόγου,
3547 2725 3633 2777 ὅτι
3662 2724 3747 2778 τὰ

2152 2820 2444 2885 ταπεινῶς
2494 2820 2777 2890 εἰρημένα
2835 2820 2931 2873 καὶ
2988 2819 3352 2889 γεγενημένα
3396 2816 3555 2886 παρὰ
3599 2818 3747 2883 Χρι-

2150 2913 2339 2975 στοῦ,
2385 2915 2458 2966 οὺ
2491 2912 2566 2966 δι’
2617 2912 2939 2967 ἀσθένειαν
3000 2909 3307 2979 δυνάμεως
3338 2909 3568 2978 ἐγίνετο
3619 2908 3742 2978 (4i)

2150 3004 2249 3059 καὶ
2279 3004 2538 3073 ἐλέγετο,
2568 3004 2727 3058 ἀλλὰ
2753 3002 2828 3056 δι’
2861 3002 3203 3070 οἰκονομίας
3235 3000 3576 3069 διαφόρους.
3623 3000 3746 3052 Καὶ

470 3087 635 3143 trices
662 3087 959 3157 subjicere,
989 3095 1043 3142 et
1071 3087 1217 3141 dixit
1247 3105 1259 3141 :
1294 3106 1311 3137 ι
1343 3086 1623 3153 Scrutare,
1653 3096 1710 3143 et
1747 3088 1892 3154 vide,
1919 3089 2049 3158 quia

2159 3094 2302 3166 μετὰ
2329 3095 2426 3165 τὴν
2457 3094 2773 3161 ἀνάστασιν,
2806 3093 2898 3148 τὸν
2940 3091 3189 3163 μαθητὴν
3220 3090 3343 3144 ἰδὼν
3374 3088 3740 3153 ἀπιστοῦντα,

467 3179 694 3250 spiritus
723 3194 943 3233 carnem
976 3185 1032 3233 et
1054 3194 1177 3233 ossa
1199 3193 1310 3234 non
1341 3179 1508 3234 habet
1532 3179 1597 3232 ³⁸.
1630 3198 1647 3230 ι
1673 3178 1742 3232 Et
1777 3178 1900 3233 ideo
1941 3194 2053 3233 non

2155 3190 2217 3242 οὐ
2255 3189 2611 3260 παρῃτήσατο
2640 3187 2791 3257 αύτῴ
2825 3186 2921 3239 κω⁵
2950 3185 3241 3256 τραύματα
3274 3184 3368 3237 καὶ
3392 3182 3563 3235 τύπον
3588 3181 3743 3251 ἥλων

468 3271 724 3343 perfectae
741 3270 916 3326 aetatis
936 3270 1210 3326 hominem
1228 3270 1296 3325 ab
1319 3270 1477 3324 initio
1494 3270 1756 3340 suscepit.
1776 3270 1871 3324 sed
1893 3271 2055 3325 susti-

469 3365 657 3419 nuitct
674 3363 909 3433 concipi,
931 3361 1085 3432 157
1098 3371 1153 3416 ct
1168 3361 1340 3421 nasci,
1356 3370 1412 3415 et
1427 3363 1568 3416 lacte
1595 3360 1884 3425 nutriri,et
1901 3369 2053 3418 tanto

471 3464 716 3526 tempore
738 3456 793 3510 in
814 3465 958 3510 terra
973 3456 1202 3520 versari,
1224 3463 1357 3509 utet
1387 3454 1652 3523 temporis
1667 3453 2050 3521 diuturnitate,

471 3556 527 3602 et
553 3548 675 3602 aliis
694 3547 973 3609 omnibus,
999 3546 1103 3600 hoc
1126 3544 1303 3615 ipsum
1326 3542 2048 3617 conﬁrmaret.—Ejusdem,

469 3639 716 3693 adversus
753 3655 837 3691 eos
899 3639 987 3706 qui
1021 3636 1202 3691 dicunt
1245 3620 1511 3692 dmmones
1550 3654 1630 3691 res
1662 3640 1924 3695 humanas
1949 3658 2050 3712 gu-

2154 3277 2451 3344 ὲπιδείξαι,
2488 3279 2583 3333 καὶ
2641 3278 2821 3349 χειρὸς
2861 3278 2972 3346 ἁφῇ
3010 3277 3119 3340 τὰς,
3158 3273 3386 3334 ὠτειλὰς
3422 3270 3740 3336 ὑποϐαλεῖν,

2154 3372 2250 3426 καὶ
2284 3367 2437 3425 εἶπεν
2485 3370 2622 3442 (42),
2663 3389 2681 3421 ε
2734 3368 3079 3440 Ἐρεύνησον,
3119 3368 3212 3421 καὶ
3246 3367 3355 3433 ῐδε,
3387 3366 3469 3419 ὅτι
3514 3363 3740 3434 πνεῦμα

2156 3464 2334 3536 σάρκα
2366 3464 2460 3517 καὶ⁷
2488 3462 2651 3516 ὀστέα
2686 3462 2788 3514 οὐκ
2834 3460 2971 3531 ἔχει.
3002 3478 3021 3511 ι
3054 3460 3154 3512 Διὰ
3185 3457 3345 3511 τοῦτο
3387 3454 3514 3509 οὔτε
3539 3454 3599 3519 ὲξ
3630 3455 3736 3523 ἀρα

2153 3554 2252 3628 χῆς
2306 3553 2519 3616 τελείας
2566 3551 2782 3623 ἡλικίας
2833 3550 2924 3602 τὸν
2976 3548 3260 3620 ἄνθρωπον
3303 3544 3584 3607 ἀνέλαϐεν,
3616 3542 3737 3596 ἀλλ’

2152 3645 2413 3715 ἠνέσχετο
2458 3643 2552 3696 καὶ
2589 3640 2980 3712 συλληφθῆναι,
3038 3640 3450 3711 καὶετεχθῆναι,
3499 3641 3593 3694 καὶ
3633 3657 3742 3708 γα-

467 3731 706 3784 bernare.
732 3730 879 3784 Nihil
904 3739 1022 3784 erat
1049 3728 1271 3782 homine
1292 3728 1474 3792 vilius,
1501 3741 1557 3782 et
1586 3730 1724 3783 nihil
1755 3731 2050 3801 gloriosius

2155 3734 2680 3808 λακτοτροφηθῆναι,
2708 3732 2818 3788 ’καὶ
2862 3731 3113 3787 τοσοῦτον
3162 3731 3351 3802 χρόνον
3383 3730 3473 3784 ἐπὶ
3500 3731 3599 3802 τῆς
3628 3731 3738 3800 γῆς

466 3823 691 3879 homine
722 3824 927 3877 factum
958 3830 1059 3876 est.
1089 3821 1139 3875 Is
1173 3829 1293 3874 erat
1316 3829 1593 3889 postrema
1622 3837 1749 3891 pars
1780 3835 2049 3880 ercaturm

2155 3828 2449 3898 διατρίψαι,
2508 3828 2596 3881 ἵνα
2639 3827 2733 3880 καὶ
2761 3825 2839 3896 τῷ
2898 3826 3064 3896 μήκει
3099 3824 3193 3877 τοῦ
3236 3825 3454 3893 χρόνου,
3493 3824 3737 3886 καὶτοῖς

466 3915 751 3970 rationalis
774 3931 787 3967 :
824 3912 918 3965 sed
953 3911 1121 3980 pedes
1142 3920 1306 3979 caput
1324 3909 1451 3964 facti
1479 3919 1627 3975 sunt,
1654 3920 1709 3966 et
1731 3913 1785 3966 in
1810 3915 2045 3987 regalem

2155 3919 2327 3984 ἄλλοις
2344 3920 2515 3972 ἂπασι
2547 3916 2660 3987 (45)
2691 3914 2847 3969 τοῦτο
2878 3914 3009 3968 αὐτὸ
3044 3912 3478 3984 πιστώσηται.--
3496 3910 3603 3966 Τοῦ
3626 3914 3735 3965 αὺ-

465 4008 651 4063 sedem
703 4005 881 4061 evecti
938 4009 1068 4056 sunt
1091 4017 1191 4073 per
1231 4002 1522 4072 primitias.
1574 4004 2044 4071 Quemadmodum

2155 4010 2275 4073 τοῦ,
2299 4010 2448 4078 πρὸς
2479 4007 2946 4077 τοὺςλέγοντας,
2970 4005 3056 4059 ὅτι
3075 4006 3358 4073 δαίμονες
3375 4003 3447 4057 τὰ
3469 4002 3587 4056 τῶν
3616 4002 3733 4073 (44)

464 4100 613 4155 enim
636 4099 802 4153 homo
831 4097 1105 4166 quispiam
1144 4096 1389 4152 liberalis
1417 4108 1471 4152 et
1510 4098 1851 4171 magnificus,
1902 4119 2043 4157 nau-

2155 4104 2473 4171 ἀνθρὼπων
2512 4100 2873 4154 διοικοῦσιν.
2912 4099 3079 4152 Οὐδὲν
3124 4094 3192 4171 ἦν
3213 4097 3593 4166 εὐτελέστερον
3636 4096 3735 4149 ἁν-

464 4190 677 4262 fragum
709 4188 946 4258 aliquem
974 4203 1223 4253 cernens,
1253 4189 1347 4257 qui
1373 4189 1464 4244 vix
1508 4191 1717 4245 nudum
1765 4208 1967 4263 corpus
2011 4211 2043 4250 e

2155 4193 2394 4265 θρώπου,
2421 4194 2514 4245 καὶ
2550 4191 2702 4244 οὐδὲν
2743 4191 2934 4259 γέγονε
2961 4188 3284 4260 τιμιώτερον
3306 4185 3618 4258 ἀνθρώπου.
3656 4186 3733 4239 Τὸ

464 4281 726 4337 ﬂuctibus
751 4281 1001 4346 servarit,
1038 4279 1250 4349 supinis
1287 4295 1412 4333 eum
1448 4283 1705 4340 inanibus
1736 4285 1965 4355 excipit,
1987 4292 2044 4339 et

2155 4286 2374 4356 ἔσχατον
2406 4285 2569 4354 μέρος
2597 4282 2696 4351 τῆς
2725 4280 2953 4350 λογικῆς
2983 4280 3212 4340 κτίσεως
3244 4273 3398 4337 οὗτος
3441 4271 3530 4346 ἦν.
3592 4272 3731 4327 Ἀλλ’

464 4376 751 4447 splendida
780 4382 929 4431 veste
958 4384 1136 4441 ornat,
1170 4384 1226 4430 et
1262 4374 1317 4429 in
1360 4392 1575 4432 summo
1604 4378 1780 4448 gradu
1810 4379 2042 4435 honoris

2155 4379 2195 4432 οἱ
2230 4377 2386 4439 πόδες
2418 4375 2664 4443 ἐγένοντο
2693 4372 2924 4443 κεφαλὴ,
2955 4372 3046 4424 καὶ
3080 4371 3159 4433 εἰς
3188 4369 3277 4422 τὸν
3311 4367 3498 4437 θρόνον
3538 4364 3733 4432 ἀνηνέ-

464 4470 730 4551 collocat:
766 4468 839 4522 ita
870 4469 1011 4523 Deus
1043 4484 1166 4539 erga
1203 4478 1454 4523 naturam
1494 4480 1736 4526 nostram
1766 4487 1824 4526 se
1852 4473 2038 4541 gessit.

2155 4469 2359 4541 χθησαν
2411 4469 2501 4520 τὸν
2554 4465 2833 4537 βασιλικὸν
2876 4463 2964 4518 διὰ
3007 4464 3104 4533 τῆς
3148 4460 3424 4531 ἀπαρχῆς.
3462 4458 3738 4551 Καθάπερ

463 4544 641 4623 Ilomo
690 4584 812 4637 qua:
853 4568 1088 4623 habebat
1113 4569 1294 4625 omnia
1333 4567 1666 4638 perdiderat,
1701 4563 2039 4627 libertatem,

2155 4562 2258 4633 γὰρ
2287 4560 2572 4632 ἄνθρωπος
2602 4558 2882 4628 φιλότιμός
2928 4572 3011 4618 τις
3038 4552 3133 4607 καὶ
3166 4549 3560 4623 μεγαλόδωρος,
3607 4544 3737 4600 ἰδών

464 4660 920 4717 consuetudinem
953 4676 1078 4716 cum
1097 4662 1229 4727 Deo,
1257 4658 1747 4716 commorationem
1794 4654 1850 4706 in
1879 4668 2042 4722 para-

2155 4639 2266 4707 τινα
2288 4654 2353 4705 ὲκ
2373 4649 2632 4718 ναυαγίου
2665 4647 3016 4719 διαφυγόντα.
3050 4645 3145 4699 καὶ
3194 4642 3255 4696 τὸ
3311 4641 3473 4711 σῶμα
3522 4639 3736 4709 γυμνδν

464 4752 605 4815 disc,
627 4753 794 4807 vitam
822 4753 1148 4810 calamitatis
1168 4759 1474 4822 expertem,
1502 4750 1517 4766 ‘
1541 4753 1596 4800 et
1615 4743 1773 4814 quasi
1808 4758 1876 4797 ex
1909 4757 2046 4795 nau-

2155 4742 2251 4797 ὕπὸ
2292 4741 2404 4814 (45)
2447 4740 2554 4793 τῶν
2602 4739 2862 4811 κυμάτων
2917 4735 3181 4790 διασῶσαι
3215 4731 3512 4802 δυνηθέντα
3543 4732 3735 4801 μόνον,

462 4844 639 4915 fragio
658 4845 860 4910 nudus,
888 4845 970 4901 sic
998 4846 1152 4901 illinc
1173 4821 1512 4900 excesserat.
1549 4836 1656 4891 Sed
1690 4835 1836 4890 Deus
1888 4833 2042 4887 illum

2155 4832 2437 4903 Βεξάμενος
2489 4831 2708 4895 ὑπτίαις
2754 4832 2873 4893 ταῖς
2919 4827 3095 4900 χερσὶ,
3140 4824 3375 4897 λαμπρᾷ
3405 4821 3539 4891 κιο)
3572 4838 3736 4891 περι-

462 4938 742 5010 cxcipicns
769 4940 954 4997 statim
988 4940 1231 5003 vestivit,
1257 4936 1314 4992 et
1355 4931 1618 5005 paulatim
1660 4944 1825 4983 manu
1863 4927 2042 4983 dedu-

2155 4924 2332 4979 δάλλει
2360 4927 2427 4995 τῇ
2462 4924 2643 4995 στολῇ,
2675 4923 2770 4977 καὶ
2794 4922 2929 4993 πρὸς
2949 4919 3115 4989 τιμὴν
3143 4916 3267 4984 ἄγει
3296 4915 3409 4985 (47)
3439 4915 3730 4966 ἀνωτᾶτω·

534 5117 577 5150 ⁸³
600 5117 644 5175 II
667 5117 865 5173 Cor.v.
897 5116 987 5171 20.
1065 5115 1112 5148 ”
1144 5111 1382 5180 Philipp.
1410 5123 1471 5171 ιι,
1503 5106 1557 5160 9.
1626 5062 1677 5136 Ὶ³³
1703 5071 1906 5173 Ephes.
1939 5119 1977 5170 ι,
2005 5101 2054 5156 21

2170 5100 2215 5134 ³⁸
2240 5102 2398 5157 Joan.
2426 5117 2514 5165 xx,
2546 5101 2634 5154 27.

2967 5297 2979 5309 .
3007 5255 3101 5317 68,
3129 5252 3304 5307 schol.
3331 5251 3421 5307 ss.
3515 5230 3541 5249 ’

679 5277 830 5350 δεόμ.
895 5278 991 5331 ὑπ.
1038 5275 1141 5343 Χρ.
1203 5269 1331 5323 Des.
1395 5265 1452 5318 in
1484 5262 1574 5318 ed.
1641 5262 1851 5328 Savilii,
1893 5269 1934 5316 t.
1990 5260 2037 5327 Ι,

2219 5260 2330 5404 ξιοζ
2366 5260 2524 5330 δογμ.
2563 5260 2683 5313 Vid.
2724 5272 2979 5380 supr-ag).
3007 5260 3101 5317 68,
3129 5260 3301 5307 schol.

2242 5332 2302 5404 il
2356 5334 2437 5404 ἐγ.
2474 5329 2957 5404 κᾷξλᾎνιᾷ-..-ιιιιη
2998 5325 3173 5404 schol.
3210 5323 3301 5377 90.

2242 5329 2330 5397 41)
2356 5334 2437 5397 ὲγ.
2470 5329 2528 5383 κ.
2556 5331 2632 5383 ὲλ.
2675 5330 2794 5384 Vid.
2825 5329 2901 5382 ihi

2240 5402 2308 5454 42

2239 5470 2307 5525 43

2239 5542 2307 5596 44

2241 5613 2274 5666 4

501 5389 730 5491 ’(Ξθῖῖτί
766 5416 972 5484 ταύτης
1023 5429 1077 5464 κ.
1116 5426 1168 5461 τ.
1213 5406 1262 5458 λ.
1311 5406 1455 5460 Loco
1499 5403 1592 5460 cit.
1632 5402 2038 5473 praemittuntur

2219 5389 2328 5491 ea
2642 5400 2847 5491 δενιιίίς
2884 5400 3081 5491 sses-

460 5489 797 5635 ηῗὲἓῗξῗξι,
822 5551 961 5610 Ibid.
997 5547 1244 5635 sequitur
1277 5546 1423 5607 ὅταν.
1454 5543 1617 5635 ⁸ξξὶειιο
1652 5542 2035 5615 interrogatio-

459 5612 547 5683 nis
571 5612 639 5683 ad
674 5612 840 5694 τιμῆς
873 5628 998 5694 post
1033 5612 1317 5679 ἀπολαύει,
1350 5612 1548 5685 posito.
1870 5612 1886 5615 ’

2219 5612 2310 5694 (ri?

531 5681 640 5825 (’58;
798 5681 1120 5769 καθέζηται.
1350 5681 1369 5685 “
2219 5681 2309 5825 με

531 5766 616 5825 (59
670 5762 808 5817 Ibid.
843 5759 1114 5825 ἀπολαύῃ.
2242 5753 2309 5805 4⁸7

531 5698 640 5829 (ὗὸζ
684 5698 768 5773 Ib.
803 5698 1120 5769 καθέζηται.
2219 5698 2309 5825 pro

527 5766 616 5828 (59
670 5762 808 5817 Ibid.
843 5759 1114 5827 ἀπολαύῃ.
2242 5753 2310 5805 47

2352 5472 2432 5526 Ib.
2478 5470 2680 5524 ἅπασιν
2715 5470 2846 5522 αὐτὸ
2883 5466 3062 5520 τοῦτο.

2362 5559 2413 5625 τί
2432 5540 2606 5625 step.
2622 5541 2749 5625 ‘Ib;
2770 5539 2867 5593 ἀνθ
2879 5539 3111 5625 ρώπινα.

2368 5611 2506 5664 Ibid.
2540 5609 2648 5663 ἀπὸ
2680 5609 2790 5664 τῶν
2827 5609 3108 5675 κυμάτων.

2368 5612 2506 5664 Ibid.
2540 5612 2648 5663 ἀπὸ
2680 5612 2790 5664 τῶν
2827 5612 3108 5675 κυμάτων.

2311 5612 2331 5749 i
2365 5680 2447 5752 Ib.
2470 5680 2738 5752 λαμπρὰν
2780 5676 3050 5749 περιϐάλῃ
3083 5677 3299 5750 στολήν.

2312 5757 2332 5823 )
2364 5750 2506 5806 Ibid.
2537 5750 2741 5831 ἀγάγῃ,

2242 5261 2308 5316 40
2366 5260 2524 5330 δογμ.
2563 5260 2683 5313 Vid.
2724 5273 2888 5328 supra

2219 5259 2330 5461 ἓιιζ
2356 5334 2437 5397 ὲγ.
2474 5349 2528 5383 κ.
2556 5331 2632 5383 tt.
2675 5330 2802 5411 Vid.
2825 5329 2888 5382 ihi

2240 5402 2328 5461 42)
2367 5399 2478 5455 εἷπ.
2508 5400 2609 5455 Ed.
2642 5400 2847 5461 Sav1lli,
2887 5436 2888 5443 η

2217 5462 2328 5676 ἓξὲξ
