4090 6454
381 346 488 405 2ίῖξῖ

1376 337 1864 398 TIIEODORETI
1903 336 2241 397 EPISCOPI
2279 336 2643 397 CYRENSTS

3546 334 3650 402 ΞΜ

389 454 665 507 cordialn:
701 451 772 505 ita
812 458 868 504 et
901 448 1154 504 Christus
1182 447 1333 505 fecit.
1374 448 1549 503 lratus
1582 447 1745 501 nobis
1766 455 1972 502 eratut

2085 446 2171 509 τὰς
2205 448 2415 517 χεῖρας,
2450 445 2789 517 ἑκατέρωθεν
2822 442 3002 498 λαϐὼν
3047 444 3353 514 συνάψειεν*
3382 446 3526 501 οὕτω
3559 454 3651 507 καὶ

390 545 556 605 Deus,
581 552 635 596 et
668 559 767 595 nos
804 541 952 595 illius
989 541 1121 593 iram
1144 538 1653 603 eontemncbamus,
1672 538 1971 608 benignum

391 634 681 688 Dominum
731 639 1085 685 aversantes:
1120 641 1176 683 et
1227 627 1469 682 medium
1515 642 1574 681 sc
1614 626 1974 695 interponens

389 723 665 785 Christus,
693 730 982 789 utramque
1015 726 1270 773 naturam
1304 717 1359 771 in
1383 717 1615 787 gratiam
1647 714 1888 782 reduxit,
1918 722 1979 770 et

391 829 609 886 pmnam
642 829 671 867 a
702 813 862 866 Patre
910 810 1070 864 nobis
1121 808 1498 863 imminentem
1537 806 1653 877 ipse
1689 807 1970 861 sustinuit.

389 940 458 948 -—
494 907 762 977 Ejusdem,
798 920 858 957 ex.
886 904 1066 957 eadem
1107 903 1368 955 oratione.
1417 900 1630 955 Obtulit
1662 899 1827 969 igitur
1873 914 1974 953 na—

392 1010 527 1052 tura:
559 1006 757 1050 nostra)
804 995 1075 1065 primitias
1124 993 1290 1056 Patri,
1333 1000 1388 1045 et
1437 990 1641 1045 donum
1668 991 1830 1044 Pater
1859 989 1977 1059 ipse

390 1091 696 1144 admiratus
744 1100 849 1153 est,
899 1095 1015 1141 tum
1074 1093 1301 1155 propter
1355 1098 1625 1139 summam
1691 1082 1978 1137 oll‘erentis

390 1182 858 1252 dignitatem,tum
879 1160 1105 1248 propter
1117 1175 1285 1231 oblati
1302 1174 1548 1229 muneris
1564 1174 1819 1227 eximiam
1842 1188 1979 1242 pra:-

390 1272 669 1327 stantiam.
698 1271 814 1325 lloe
836 1270 982 1325 enim
1016 1269 1269 1323 manibus
1304 1267 1418 1322 suis
1444 1268 1679 1336 excepit,
1710 1275 1765 1321 ct
1791 1267 1976 1321 throni

394 1363 477 1416 sui
511 1362 785 1431 particeps
819 1359 979 1431 160
1024 1358 1175 1422 fecit,
1204 1357 1453 1425 adeoque
1496 1357 1551 1410 in
1589 1356 1830 1412 dexterae
1865 1371 1979 1411 suae

396 1463 547 1524 parte
581 1448 889 1507 collocavit.
916 1451 1291 1520 Agnoscamus
1326 1448 1490 1518 igitur
1515 1447 1641 1517 quis
1666 1448 1755 1501 ille
1784 1447 1855 1501 sit
1882 1449 1979 1517 qui

397 1546 604 1601 audiit:
638 1564 655 1593 ι
694 1543 833 1598 Sede
862 1558 889 1595 a
917 1541 1159 1595 dexteris
1190 1540 1407 1601 meis",
1458 1560 1473 1590 ι
1509 1548 1567 1593 et
1597 1555 1719 1608 qua:
1766 1540 1857 1593 illa
1884 1556 1980 1593 na-

400 1650 540 1701 tura,
607 1638 697 1691 cui
755 1636 926 1690 dixit:
986 1635 1197 1687 «Terra
1221 1650 1301 1697 es,
1350 1642 1405 1685 et
1453 1631 1507 1685 in
1538 1642 1743 1687 terram
1792 1648 1979 1686 rever-

399 1732 531 1786 teris
548 1729 610 1783 ".
649 1749 665 1779 ι
693 1726 1053 1798 ——Ejusdem,
1074 1734 1395 1796 post‘pattca.
1416 1724 1532 1790 Qua
1547 1733 1669 1778 utar
1703 1724 1976 1787 oratione,

2076 538 2236 601 αὐτὸς
2262 539 2505 609 ἐποίησε,
2539 542 2638 609 τὴν
2679 538 2916 590 παλαιὰν
2943 540 3009 607 τῇ
3044 540 3201 608 καινῇ
3228 540 3535 603 συνάπτων,
3558 541 3656 612 τὴν

2076 629 2226 684 θείαν
2253 629 2412 700 φύσιν
2444 633 2509 700 τῇ
2537 629 2875 700 ἀνθρωπίνῃ,
2899 629 2969 681 τὰ
2998 627 3166 682 αὑτοῦ
3195 631 3308 693 τοῖς
3339 631 3656 700 ἡμετέροις.

2075 751 2145 764 -—
2172 721 2280 775 Τοῦ
2295 720 2504 786 αὐτοῦ,
2518 722 2603 785 εἰς
2634 718 2750 788 τὴν
2764 717 3080 786 ἀνάληψιν
3093 718 3199 773 τοῦ
3209 720 3486 787 Χριστοῦ.
3509 722 3660 774 Καθ-

2077 812 2218 884 άπερ
2265 812 2379 880 (58)
2425 812 2534 883 γὰρ
2557 811 2649 864 δύο
2672 810 2830 864 τινῶν
2868 811 3143 881 ἁψιμαχίαι.
3162 811 3512 875 διαστάντων,
3541 812 3664 865 ἓτε-

2079 906 2171 976 ρός
2199 923 2280 967 τις
2313 907 2370 957 ὲν
2409 904 2559 975 μέσῳ
2585 902 2938 973 παρεντεθεὶς
2970 902 3088 955 λύει
3108 902 3208 973 τὴν
3237 903 3346 957 τῶν
3371 902 3667 974 ἐριζόντων

2082 997 2263 1068 μάχην
2300 1013 2359 1048 τε
2396 996 2490 1048 καὶ
2518 996 2808 1064 διχόνοιαν·
2844 992 2988 1046 οὓτω
3018 994 3116 1046 καὶ
3147 996 3176 1047 ὁ
3207 994 3440 1065 Χριστὸς
3476 994 3668 1061 ἐποίη-

2081 1107 2192 1143 σεν.
2239 1087 2518 1159 Ὠργίζετο
2546 1089 2679 1158 ἡμῖν
2715 1087 2791 1148 ὡς
2821 1086 2973 1149 Θεὸς.
3017 1086 3129 1154 (59)
3152 1087 3311 1156 ἡμεῖς
3344 1085 3401 1139 δὲ
3428 1086 3524 1155 τῆς
3561 1088 3663 1138 αὺ-

2078 1182 2172 1236 τοῦ
2210 1180 2653 1253 κατεφρονοῦμεν
2702 1179 2893 1251 ὀργῆς,
2924 1178 3015 1232 τὸν
3043 1179 3425 1248 φιλάνθρωπον
3460 1177 3667 1230 Δεσπό-

2084 1293 2187 1345 την
2226 1273 2721 1346 ἀποστρεφόμενον
2775 1271 2872 1325 καὶ
2909 1272 3073 1342 μέσον
3121 1270 3315 1324 ἑαυτὸν
3363 1269 3614 1342 ἐμϐαλὼν
3638 1272 3671 1322 ό

2081 1367 2337 1437 Χριστὸς,
2365 1365 2636 1435 ἑκατέραν
2686 1362 2847 1433 φύσιν
2881 1365 2958 1427 είς
2995 1363 3178 1431 φιλίαν
3227 1362 3526 1431 συνήγαγε,
3570 1362 3669 1414 καὶ

2081 1456 2180 1527 τὴν
2204 1456 2356 1527 παρὰ
2382 1455 2477 1508 τοῦ
2509 1454 2723 1525 Πατρὸς
2748 1453 3108 1523 ἐπικειμένην
3141 1454 3273 1523 ἡμῖν
3303 1453 3463 1515 αὐτὸς
3496 1469 3670 1521 τιμω-

2087 1549 2207 1620 ρίαν
2223 1547 2533 1616 ὑπέμεινεν.
2563 1576 2634 1587 —
2659 1546 2768 1600 Τοῦ
2796 1544 3087 1608 αὑτοῦ,ἑκ
3119 1544 3225 1598 τοῦ
3239 1544 3427 1598 αὑτοῦ
3456 1546 3668 1614 λόγου.

2084 1641 2435 1711 Προσήνεγκε
2471 1641 2585 1709 (00)
2626 1639 2806 1691 τοίνυν
2847 1637 2946 1701 τὰς
2972 1637 3227 1707 ἀπαρχὰς
3259 1637 3359 1706 τῆς
3389 1637 3672 1708 ἡμετέρας

2086 1735 2301 1804 φύσεως
2331 1732 2410 1804 τῷ
2446 1732 2655 1801 Πατρὶ,
2714 1731 2808 1784 καὶ
2860 1730 2921 1783 τὸ
2973 1729 3145 1801 δῶρον
3192 1728 3356 1790 αὐτὸς
3407 1730 3436 1781 ό
3478 1728 3673 1801 Πατὴρ

396 1819 597 1888 quibus
617 1815 804 1871 verbis
832 1815 1078 1885 eloquar,
1119 1813 1324 1867 nescio.
1377 1813 1582 1867 Natura
1618 1812 1847 1878 caduca,
1879 1829 1978 1867 na-

2085 1822 2384 1892 ὲθαύμασε,
2411 1820 2499 1874 διά
2522 1837 2593 1891 ’γε
2620 1819 2719 1890 τὴν
2751 1818 3020 1889 τοσαύτην
3051 1819 3205 1882 ἀξίαν
3236 1818 3331 1870 τοῦ
3374 1818 3675 1888 προσκομί-

397 1923 518 1965 tura
546 1910 670 1964 vilis
698 1916 755 1963 et
793 1908 1026 1978 abjecta,
1059 1922 1179 1976 quae
1204 1906 1451 1959 omnium
1480 1904 1668 1960 inﬁma
1701 1906 1977 1961 declarata

395 2008 531 2065 erat,
562 1999 746 2054 omnia
772 1998 923 2061 vicit,
958 1997 1142 2051 omnia
1176 1997 1476 2066 superavit.
1504 1997 1678 2051 llodie
1720 2013 1841 2066 quae
1883 2014 1978 2051 su-

402 2094 587 2164 perior
609 2091 868 2147 omnibus
890 2098 1037 2144 esset
1053 2089 1216 2160 digna
1235 2088 1423 2143 habita
1443 2097 1528 2142 est
1550 2107 1563 2141 :
1589 2088 1755 2143 hodie
1773 2089 1983 2158 accepit

395 2183 543 2255 quod
572 2182 667 2238 diu
684 2182 1071 2253 expetiverunt
1100 2180 1279 2250 angeli
1303 2196 1316 2232 :
1351 2180 1516 2234 hodie
1544 2180 1854 2250 archangeli
1891 2196 1978 2234 re-

397 2292 516 2330 rum
547 2274 643 2329 diu
673 2273 1110 2327 desideratarum
1137 2279 1475 2340 spectatores
1509 2286 1630 2327 esse
1656 2281 1976 2342 potuerunt,

397 2375 453 2420 et
484 2374 738 2420 naturam
764 2372 1010 2419 nostram
1042 2362 1098 2416 in
1135 2362 1336 2415 throno
1366 2363 1519 2433 regio
1549 2363 1979 2420 immortalitatis

392 2454 571 2525 gloria
613 2454 913 2524 fulgentem
946 2452 1301 2521 contemplati
1329 2460 1477 2505 sunt.

2085 1931 2298 1978 σαντος,
2329 1912 2424 1966 καὶ
2453 1913 2545 1966 τοῦ
2581 1911 3035 1983 προσενεχθέντος
3058 1909 3119 1963 τὸ
3148 1909 3398 1978 ἄμωμον.
3430 1910 3536 1961 Καὶ
3559 1910 3671 1982 γὰρ

2083 2006 2315 2068 οἰκείαις
2345 2004 2568 2070 ἐδέξατο
2597 2002 2755 2055 τοῦτο
2776 2002 2954 2073 χερσὶ,
2985 2000 3082 2053 καὶ
3109 1999 3204 2052 τοῦ
3229 1999 3420 2067 θρόνου
3445 1997 3674 2068 μέτοχον

2083 2092 2220 2150 εἶναι
2242 2093 2336 2147 τοῦ
2367 2092 2569 2146 οἰκείου
2602 2092 2887 2161 πεποίηκε.
2928 2092 3039 2144 Καὶ
3066 2090 3129 2143 τὸ
3159 2088 3342 2152 πλέον,
3380 2091 3438 2141 ὲν
3466 2086 3543 2158 τῷ
3571 2087 3674 2156 τῆς

2082 2184 2280 2239 ἑαυτοῦ
2308 2184 2489 2248 δεξιᾶς
2536 2182 2666 2237 αὐτὸ
2708 2183 2863 2255 μέρει
2907 2181 3253 2252 καθίδρυσεν,
3295 2177 3506 2231 Οὐκοῦν
3545 2179 3673 2230 ἐπι-

2083 2278 2324 2349 γνῶμεν,
2344 2278 2427 2341 τίς
2441 2280 2650 2341 ἐκεῖνος
2675 2280 2703 2331 ὁ
2724 2276 2965 2338 ἀκούσας
2981 2274 3101 2326 ἐστὶ
3139 2291 3159 2324 ι
3184 2272 3370 2325 Κάθου
3392 2272 3457 2323 ὲκ
3484 2268 3676 2333 δεξιῶν

2086 2387 2244 2441 μου-ι
2275 2369 2359 2433 τίς
2388 2364 2511 2440 ἦνὴ
2539 2367 2701 2438 φύσις
2728 2368 2933 2437 εκείνη,
2950 2366 3086 2436 πρὸς
3108 2366 3173 2436 ἣν
3185 2358 3327 2426 εἶπε,
3365 2381 3384 2414 ι
3405 2363 3481 2432 Γῆ
3505 2359 3555 2415 εἴ
3580 2363 3678 2415 καὶ

2084 2463 2166 2525 εἰς
2211 2461 2316 2529 γῆν
2390 2460 2689 2532 ἀπελεύσῃ.
2722 2479 2740 2513 ι
2785 2490 2856 2499 —-
2894 2460 3003 2513 Τοῦ
3050 2455 3262 2519 αὑτοῦ,
3309 2455 3436 2524 μετ’
3476 2454 3671 2522 ὀλίγα.

398 2545 544 2616 ΙΙοίῳ
568 2544 975 2615 (ϐηχρήσθμαι
1004 2542 1169 2612 λόγῳ,
1197 2542 1370 2605 ποίοις
1396 2541 1698 2613 φθέγξομαι
1729 2546 1991 2617 ῥήμασιν,
2023 2551 2223 2619 ἀγνοῶ.
2242 2554 2305 2606 Ἦ
2328 2554 2492 2623 φύσις
2518 2555 2552 2624 ὴ
2578 2552 2776 2621 σαθρὰ,
2806 2553 2839 2622 ὴ
2870 2551 3029 2621 φύσις
3055 2551 3089 2620 ή
3124 2548 3365 2619 εὐτελὴς,
3394 2550 3427 2619 ὴ
3458 2550 3678 2601 πάντων

397 2637 640 2692 ἐλάσσων
694 2634 1101 2705 ἀποδειχθεῖσα,
1160 2633 1338 2688 πάντα
1368 2634 1671 2703 νενίκηκεν,
1714 2640 2050 2709 ὑπερέϐαλεν
2094 2645 2331 2702 ἅπαντα.
2355 2648 2606 2719 Σήμερον
2632 2645 2882 2714 ἀνωτέρα
2902 2643 3154 2713 γενέσθαι
3185 2643 3403 2696 πάντων
3427 2640 3678 2711 ἠξίωται,

402 2731 638 2801 σήμερον
671 2726 943 2780 ἀπέλαϐεν
978 2726 1114 2797 ὅπερ
1154 2727 1246 2779 ἐπὶ
1287 2728 1477 2797 χρόνον
1511 2730 1678 2784 πολὺν
1704 2732 2064 2805 ἐπεθύμησαν
2096 2738 2337 2808 ἄγγελοι,
2369 2742 2612 2811 σήμερον
2649 2738 2979 2811 ἀρχάγγελοι
3007 2739 3116 2790 τῶν
3149 2736 3242 2787 ἐπὶ
3292 2734 3427 2789 πολὺ
3477 2734 3679 2788 ποθου-

401 2820 575 2887 μένων
607 2817 793 2871 θεαταὶ
830 2815 1087 2885 γενέσθαι
1125 2816 1457 2885 δεδύνηνται,
1497 2820 1589 2872 καὶ
1626 2822 1723 2892 τὴν
1748 2821 1909 2891 φύσιν
1937 2824 2036 2897 τὴν
2081 2827 2239 2899 ἡμῶν
2265 2830 2324 2883 ὲν
2351 2828 2429 2900 τῷ
2467 2829 2642 2901 θρόνῳ
2674 2828 2769 2882 τοῦ
2797 2826 3064 2897 βασιλέως
3099 2828 3167 2896 τῇ
3203 2824 3331 2895 δόξῃ
3353 2824 3454 2891 τῆς
3478 2821 3685 2876 ἀθανα⁶

403 2912 519 2975 σίας
554 2909 942 2979 ὲκλάμπουσαν
978 2908 1334 2974 κατενόησαν.

433 3026 617 3084 Sancti
656 3025 900 3080 Flaviani
938 3024 1163 3148 θρίω)ιέιί
1205 3025 1535 3089 Antiocheni,
1569 3042 1631 3080 ea:
1663 3024 1956 3096 Evangelia

923 3112 1079 3148 secun
1122 3112 1210 3148 um
1238 3096 1456 3148 Lucum.

2103 3026 2214 3081 Τοῦ
2247 3027 2421 3097 ἁγίου
2445 3010 2785 3082 Φλαϐιᾶνοῦ
2814 3027 3153 3081 ἐπισκόπου
3190 3026 3577 3095 Ἀντιοχείας,
3611 3025 3683 3079 ἐκ

2335 3098 2443 3148 τοῦ
2472 3098 2583 3148 (69.)
2614 3098 2766 3148 κατὰ
2794 3097 3034 3148 Λουκιὶν
3061 3099 3450 3148 Ebur-velim).

923 3096 1210 3149 secundum
1238 3096 1456 3157 Lucam.

2298 3096 2301 3097 ⁷
2335 3098 2443 3152 τοῦ
2472 3098 2583 3168 ((ἰὲ.)
2614 3098 2766 3153 κατὰ
2794 3097 3034 3152 Λουκίὶν
3061 3099 3450 3167 Εὑαγγελὶου.

468 3189 531 3247 ιη
576 3188 834 3243 omnibus
862 3188 1024 3241 nobis
1070 3188 1333 3243 Dominus
1362 3189 1584 3258 pietatis
1610 3189 1979 3244 characterem

2177 3189 2269 3241 Ἐν
2297 3190 2463 3243 πᾶσιν
2496 3191 2629 3260 ἡμῖν
2663 3190 2693 3242 ό
2741 3187 2949 3260 Κύριος
2982 3189 3294 3257 ὑπογράφει
3328 3188 3420 3241 τὸν
3455 3188 3559 3257 τῆς
3588 3188 3680 3240 εύ-

402 3285 687 3348 describit,
711 3292 766 3338 et
794 3282 974 3337 varias
1004 3292 1214 3337 natura:
1246 3291 1449 3338 nostra:
1481 3280 1550 3335 ad
1583 3281 1823 3335 salutem
1870 3280 1979 3334 vias

2100 3281 2317 3344 σεϐείας
2362 3280 2713 3351 χαρακτῆρα,
2768 3281 2863 3334 καὶ
2914 3280 3189 3351 διαφόρως
3240 3278 3582 3333 ὑποδείκνυσι
3611 3283 3682 3349 τῇ

403 3377 665 3440 ostendit,
702 3377 974 3430 etrnultas
1002 3391 1205 3445 easque
1242 3373 1528 3429 evidentes
1579 3373 1741 3427 nobis
1788 3371 1979 3441 praebel

2096 3369 2345 3443 ἡμετέρᾳ
2374 3370 2535 3440 φύσει
2570 3371 2668 3433 τὰς
2700 3370 2799 3441 τῆς
2827 3370 3103 3440 σωτηρίας
3131 3370 3283 3432 ὁδούς
3306 3387 3319 3401 ³
3352 3370 3446 3423 καὶ
3484 3370 3686 3433 πολλὰς

404 3467 906 3524 demonstrationes
919 3466 1224 3537 corporalis
1243 3465 1516 3519 adventus
1538 3464 1646 3529 sui,
1677 3472 1734 3519 et
1756 3477 1979 3532 operan-

2095 3463 2230 3533 ἡμῖν
2265 3462 2360 3516 καὶ
2394 3465 2646 3533 ἐναργεῖς
2669 3461 2979 3528 ἀποδείξεις
3011 3463 3243 3533 παρέχει
3271 3462 3373 3530 τῆς
3399 3479 3459 3514 τε
3493 3479 3683 3532 σωμαο

406 3561 474 3615 tis
498 3577 597 3630 per
628 3575 831 3630 corpus
852 3559 1182 3613 divinitatis.
1227 3562 1238 3577 ⁸
1263 3558 1339 3611 De
1364 3567 1598 3626 utraque
1625 3556 1772 3611 enim
1798 3562 1979 3612 natur:

2095 3553 2255 3623 τικῆς
2288 3552 2452 3607 αὑτοῦ
2505 3554 2928 3623 ὲπιφοιτήσεως,
2978 3554 3075 3607 καὶ
3125 3557 3223 3625 τῆς
3277 3552 3367 3606 διὰ
3432 3551 3686 3622 σώματος

404 3651 670 3707 certiores
716 3649 898 3705 facere
933 3665 1034 3702 nos
1063 3649 1260 3704 voluit.
1293 3677 1363 3686 ——
1414 3646 1694 3717 Ejusdem,
1720 3647 1775 3699 in
1826 3645 1979 3699 Theo-

2097 3645 2435 3716 ὲνεργούσης
2471 3644 2748 3714 θεότητος.
2794 3645 3138 3717 Ἀμφοτέρας
3185 3644 3295 3714 γὰρ
3326 3644 3495 3698 αὐτοῦ
3528 3642 3689 3697 ἐδού-

406 3744 626 3813 phania.
665 3761 683 3793 ι
716 3742 851 3809 Quis
903 3757 1031 3796 vere
1074 3743 1371 3810 eloquetur
1423 3741 1701 3809 potentias
1751 3739 1979 3793 Domini.

2091 3738 2218 3789 λετο
2250 3735 2630 3789 πιστώσασθαι
2644 3737 2742 3800 τὰς
2775 3736 3077 3805 φύσεις.-
3103 3736 3215 3792 Τοῦ
3239 3736 3447 3802 αὐτοῦ,
3486 3738 3573 3803 είς
3615 3736 3689 3791 τὰ

407 3835 625 3890 auditas
675 3833 841 3888 faciet
899 3847 1092 3887 omnes
1140 3831 1486 3886 laudationes
1549 3832 1668 3902 ejus
1691 3831 1828 3884 υἷ’»
1862 3830 1979 3898 Qui:

2097 3826 2393 3897 Θεοφάνια
2434 3828 2568 3897 (6'5).
2611 3847 2629 3878 ι
2673 3829 2768 3892 Τίς
2792 3829 2869 3892 ὡς
2903 3830 3119 3900 ἀληθῶς
3150 3829 3373 3902 λαλήσει
3399 3829 3498 3893 τὰς
3529 3831 3687 3885 δυνα-

408 3926 660 3981 oratione
695 3923 951 3979 beneﬁcii
983 3939 1113 3995 erga
1146 3939 1249 3977 nos
1294 3923 1726 3994 magnitudinem
1750 3925 1979 3995 explica-

2101 3918 2287 3982 στείας
2314 3918 2410 3971 τοῦ
2462 3920 2692 3990 Κυρίου,
2726 3921 3001 3985 ἁκουστὰς
3029 3923 3246 3993 ποιήσει
3271 3922 3453 3986 πάσας
3473 3922 3574 3985 τὰς
3601 3924 3690 3976 αἰ-

410 4014 527 4069 bit?
572 4014 823 4068 Humana
865 4020 1059 4067 natura
1097 4012 1375 4067 divinitati
1405 4014 1778 4085 conjungitur,
1836 4015 1979 4087 16]

2095 4010 2275 4075 νέσεις
2315 4008 2482 4063 αὑτοῦ
2511 4025 2524 4075 ;
2552 4031 2570 4062 ι
2625 4011 2720 4074 Τίς
2762 4010 2829 4065 ἂν
2871 4011 3016 4083 λόγῳ
3060 4014 3436 4085 παραστήσειε
3479 4013 3581 4084 τῆς
3607 4014 3688 4078 είς

402 4106 561 4161 salva
585 4113 842 4159 manente
868 4103 923 4157 in
946 4119 1004 4158 se
1026 4114 1260 4174 utraque
1292 4112 1512 4159 natura.

711 4394 901 4467 Cyrilli
933 4396 1157 4468 episcopi
1185 4396 1670 4467 Hierosolymitani.

447 4486 530 4542 Ea:
564 4488 876 4541 catechetica
923 4490 1162 4542 oratione
1197 4504 1269 4551 ιν,
1305 4488 1368 4542 de
1403 4488 1578 4542 decem
1612 4488 1963 4559 dogmatibus.

835 4682 914 4736 De
934 4685 1209 4739 nativitate
1245 4700 1309 4737 ea;
1347 4685 1576 4756 Virgine.

490 4772 666 4828 Crede
691 4775 1037 4844 autemquod
1066 4775 1382 4846 unigenitus
1410 4776 1501 4830 hic
1531 4775 1627 4831 Dei
1672 4775 1844 4831 Filius
1878 4793 2007 4848 pro-

418 4873 540 4934 pter
558 4873 780 4933 peccala
798 4876 988 4921 nostra
1005 4867 1074 4922 de
1094 4866 1251 4923 caelis
1263 4866 1317 4920 in
1333 4875 1533 4921 terram
1550 4866 1920 4935 descenderit,
1935 4870 2009 4923 si-

419 4955 536 5010 mili
566 4955 697 5009 huic
725 4965 927 5011 nostrze
946 4957 1158 5011 ratione
1182 4957 1500 5027 passionum
1520 4965 1775 5027 suscepta
1810 4959 2007 5014 huma-

489 5091 531 5122 δ’
570 5090 711 5145 Psal.
751 5106 857 5156 crx,
888 5093 937 5147 l.
977 5172 981 5176 ι
1014 5093 1056 5123 δ’
1083 5091 1219 5147 Gen.
1250 5108 1328 5156 ιιι,
1360 5092 1444 5146 l9.
1521 5091 1567 5124 “
1592 5092 1732 5147 Psal.
1762 5109 1847 5157 cv,
1874 5094 1928 5148 2.

2093 4104 2248 4173 ἡμᾶς
2300 4102 2623 4174 εὐεργεσίας
2659 4103 2722 4156 τὸ
2777 4103 3046 4173 μέγεθοςς
3117 4103 3463 4174 Ἀνθρωπεία
3522 4103 3689 4173 φύσις

2096 4194 2313 4265 θεότητι
2351 4193 2707 4258 συνάπτεται,
2742 4193 3014 4265 μενούσης
3047 4194 3133 4261 ἐφ’
3172 4193 3376 4264 ἑαυτῆς
3420 4193 3690 4266 ἑκατέρας

2094 4288 2193 4358 τῆς
2222 4284 2460 4356 φύσεως.

2308 4400 2611 4467 Κυρίλλου
2639 4399 2978 4456 ἐπισκόπου
3017 4400 3475 4469 Ἰεροσολύμων.

2179 4492 2274 4544 Ἐκ
2301 4492 2407 4546 τοῦ
2428 4492 2833 4559 κατηχητικοῦ
2853 4490 3138 4561 τετάρτου
3173 4491 3384 4561 λόγου,
3412 4490 3543 4559 περὶ
3573 4488 3688 4559 (ιιι)

2558 4580 2678 4634 τῶν
2707 4581 2852 4636 δέκα
2874 4581 3185 4652 δογμάτων

2348 4693 2485 4762 Περὶ
2516 4692 2622 4763 τῆς
2652 4693 2721 4750 ἐκ
2757 4697 3061 4765 Παρθένου
3091 4695 3457 4767 γεννήσεως.

2175 4781 2403 4836 Πίστευε
2440 4784 2514 4848 δὲ,
2547 4787 2630 4840 ὅτι
2680 4779 2839 4851 οὗτος
2865 4782 2894 4839 ό
2930 4787 3227 4859 μονογενὴς
3249 4786 3379 4850 Υἱὸς
3407 4786 3501 4840 τοῦ
3529 4784 3690 4848 Θεοῦ,

2105 4872 2193 4927 διὰ
2220 4873 2320 4939 τὰς
2353 4876 2629 4949 ἁμαρτίας
2681 4879 2861 4950 ἡμῶν,
2899 4879 2960 4944 ἐξ
2986 4879 3236 4950 οὐρανῶν
3284 4879 3558 4951 κατῆλθεν
3596 4880 3692 4932 ἐπὶ

2109 4966 2209 5037 τὴν
2239 4967 2344 5037 γῆν
2382 4968 2515 5040 (65),
2539 4970 2641 5040 τὴν
2671 4972 2979 5040 ὁμοιοπαθῆ
3004 4971 3213 5042 ταύτην
3244 4973 3378 5043 ἡμῖν
3404 4969 3694 5026 ἀναλαϐὼν

493 5208 902 5294 (58),Καθάπερ
938 5228 992 5264 κο
1026 5211 1168 5294 τ·,,λ·
1196 5210 1303 5294 mc
1340 5212 1516 5294 ἓρίξιιεν
1561 5220 1622 5294 (δι,
1649 5228 1771 5294 qui?
1799 5213 1998 5294 dell]le
2105 5223 2228 5277 tarii
2260 5221 2637 5294 fragmentum
2669 5241 2699 5279 a
2739 5225 3086 5283 Theodoreto
3120 5235 3420 5283 servatum.

419 5296 486 5334 ex
518 5281 711 5336 eadem
742 5281 989 5337 oratione
1016 5297 1047 5335 a
1079 5282 1279 5337 Nostro
1304 5282 1465 5336 allata
1501 5290 1650 5347 sunt,

424 5351 602 5422 verbis
630 5352 887 5422 leguntur
925 5351 981 5422 in
1018 5351 1149 5422 edit.
1179 5352 1385 5416 Savilii,
1422 5360 1463 5405 t.
1502 5351 1569 5415 V,
1606 5369 1659 5421 p.
1688 5351 1815 5409 597.

492 5420 603 5494 (59)
629 5420 707 5494 ᾡς
729 5421 881 5487 Θεός.
908 5420 1100 5494 ΑριιάἈ
1122 5421 1478 5494 Ch_rysost._l.
1515 5437 1564 5475 e.
1588 5420 1681 5494 est
1713 5424 1741 5476 ό
1767 5424 1918 5488 Θεός.

418 5558 458 5613 l.
495 5558 544 5631 ε.
583 5558 639 5631 p.
664 5558 787 5617 5‘93.

492 5629 609 5703 (ﬁt)
641 5632 785 5702 Ποίῳ
807 5648 860 5685 κ.
884 5649 933 5686 τ.
965 5632 1015 5686 λ.
1045 5632 1181 5689 Vide
1212 5632 1281 5687 ad
1316 5632 1372 5686 h.
1408 5631 1447 5686 l.
1484 5632 1615 5688 edit.
1660 5632 1846 5689 Savilii
1873 5634 1913 5688 l.
1943 5651 1994 5690 c.

420 5713 475 5769 β.
503 5701 633 5755 ⁷399.

494 5771 600 5844 (62)
649 5771 743 5825 Ἐκ
764 5771 856 5826 τοῦ
892 5790 945 5829 κ.
973 5790 1021 5829 τ.
1049 5760 1102 5830 λ.
1142 5772 1371 5833 Unicum
1414 5783 1497 5833 est
1531 5775 1696 5850 hujus
1720 5790 2000 5832 commen-

1724 5285 1847 5338 lane
1876 5286 1998 5339 aliis

2178 5292 2290 5369 ((ξό)
2328 5292 2419 5369 Et;
2446 5296 2515 5347 τὰ
2548 5296 2708 5361 Θεοςρ.
2737 5294 2912 5369 Hujus
2946 5313 3171 5368 quoque
3196 5297 3433 5353 homilize
3469 5298 3693 5354 unicum

2104 5362 2195 5418 est
2214 5362 2318 5434 hoc
2343 5362 2729 5434 fragmentum.

2171 5432 2284 5515 ωλι)
2316 5432 2697 5515 περῗ-δογμ,
2717 5434 2816 5515 Hic
2836 5445 2920 5491 est
2956 5438 3124 5492 totius
3155 5438 3510 5515 cateeheseos
3548 5453 3611 5515 ιν
3627 5437 3694 5491 ti—

492 5490 612 5581 (-601
644 5492 881 5581 Il'p‘aaﬁv.
914 5490 971 5546 κ.
1006 5510 1054 5546 τ.
1090 5492 1137 5547 λ.
1168 5490 1298 5555 nec
1331 5492 1520 5546 itidem
1553 5492 1712 5548 aliter
1734 5494 1979 5567 leguntul

2097 5490 2278 5581 tnlusj
2309 5490 2567 5581 qui_vero
2609 5490 3479 5581 ὲὲψιίιιιιῇί-γεννῆσειξις
3522 5490 3697 5565 refert

2097 5588 2156 5627 se
2178 5573 2271 5647 ‘ad
2300 5573 2621 5647 sectionem.
2656 5573 2723 5647 ex
2767 5592 2875 5646 qua
2912 5573 3010 5631 hic
3036 5573 3194 5633 locus
3221 5573 3700 5647 est'desumptus.

2100 5644 2399 5718 quigexstat
2436 5644 2489 5718 in
2524 5645 2657 5718 ed_it_.
2687 5644 2884 5718 Thom.
2911 5646 3119 5718 AMilles,
3165 5664 3220 5718 p.
3261 5649 3320 5704 δι
3364 5664 3483 5718 seq.

2177 5714 2287 5785 (65)
2325 5732 2374 5768 τ.
2413 5715 2535 5785 γῆν.
2570 5714 2670 5770 Ed.
2708 5716 2839 5770 Mill.
2872 5716 2971 5787 τῆς
2996 5719 3119 5790 γῆς.
