4090 6426
357 337 475 404 235

1442 341 1822 405 DIALOGUS
1863 337 1946 400 II.
1975 364 2045 374 —
2082 340 2576 403 INCONFUSUS.

3542 336 3648 400 206

362 447 797 520 ἀνθρωπότητα,
838 448 939 503 καὶ
965 447 1248 519 γεννηθεὶς
1286 447 1344 515 ἐξ
1375 448 1537 517 ἁγίας
1557 445 1835 518 Παρθένου
1869 444 1963 497 καὶ

2076 462 2138 500 na
2163 455 2381 512 natura,
2411 456 2681 517 natusque
2716 445 2790 503 sit
2812 461 2879 501 ex
2919 455 3108 501 sancta
3132 445 3355 517 Virgine
3380 454 3435 501 et
3461 458 3650 500 saneto

365 539 536 608 ἁγίου
592 539 943 608 Πνεύματος,
989 540 1055 593 οὐ
1107 539 1327 612 δοκήσει
1380 539 1476 591 καὶ
1541 536 1815 606 φαντασίᾳ
1869 535 1970 604 τῆς

367 632 849 702 ὲνανθρωπὴσεως
895 633 1202 703 γενομένης
1229 631 1364 703 (66),
1406 629 1542 684 ἀλλὰ
1592 631 1658 699 τῇ
1704 626 1966 699 ἀληθείᾳ⁸

366 726 484 778 οὐδ’
511 724 707 793 ὥσπερ
734 723 825 777 διὰ
850 724 1097 794 σωλῆνος
1124 723 1351 778 διελθὼν
1381 723 1483 793 τῆς
1512 721 1812 792 Παρθένου,
1831 718 1967 773 ἀλλὰ

369 813 686 886 σαρκωθεὶς
726 814 945 883 ἀληθῶς
992 815 1105 886 (67)
1133 814 1194 880 ἐξ
1222 815 1412 885 αὐτῆς,
1455 810 1646 884 φαγὼν
1683 810 1759 873 ὡς
1809 809 1970 879 ἡμεῖς

367 905 618 977 άληθῶς,
661 907 759 958 καὶ
782 908 897 978 (68)
940 905 1484 977 γαλακτοτροφηθεὶς
1531 901 1749 974 ἀληθῶς
1784 899 1843 964 ἐξ
1872 900 1985 973 αὖε

368 997 492 1068 τῆς.
530 998 594 1049 Εἰ
623 997 734 1069 γὰρ
766 999 1046 1065 φαντασία
1083 997 1196 1067 (69)
1226 992 1293 1068 ἦν
1312 1000 1344 1068 ή
1363 993 1797 1075 ὲνανθρὼπησις,
1835 990 1971 1061 φάν-

367 1106 565 1160 τασμα
596 1090 694 1142 καὶ
720 1091 755 1159 ἡ
792 1090 1060 1160 σωτηρία.
1089 1089 1323 1153 Διπλοῦς
1340 1086 1406 1161 ἧν
1435 1092 1463 1143 ὁ
1491 1086 1747 1159 Χριστὸς,
1766 1084 1975 1154 ἄνθρω-

370 1199 476 1245 πος
510 1181 636 1251 μὲν,
675 1181 737 1234 τὸ
769 1182 1118 1252 φαινόμενον,
1147 1183 1280 1246 Θεὸς
1313 1184 1391 1245 δὲ,
1418 1181 1480 1234 τὸ
1507 1182 1580 1253 μὴ
1611 1179 1969 1250 φαινόμενον

368 1271 573 1325 ἐσθίων
624 1272 748 1342 μὲν,
791 1273 869 1334 ὠς
913 1273 1223 1345 ἄνθρωπος,
1267 1274 1484 1345 άληθῶς
1517 1274 1592 1336 ὡς
1631 1274 1824 1343 ἡμεῖς·
1858 1264 1974 1338 εἶχε

371 1364 485 1435 γὰρ
511 1364 612 1435 τῆς
648 1364 853 1434 σαρκὸς
881 1348 951 1417 τὸ¹
967 1366 1297 1435 ὁμοιοπαθὲς
1326 1366 1402 1430 ὡς
1447 1368 1609 1438 ἡμεῖς
1631 1381 1642 1394 ·
1672 1363 1887 1433 τρέφων
1918 1360 1974 1412 δὲ

371 1459 439 1510 ὲκ
494 1458 664 1510 πέντε
717 1458 900 1525 ἄρτων
950 1459 1077 1521 τοὺς
1133 1458 1628 1529 πεντακισχιλίους,
1688 1455 1763 1518 ὡς
1816 1452 1972 1514 “ad:

372 1542 747 1613 ἀποθνήσκων
808 1545 907 1613 μὲν
966 1545 1042 1609 ὡς
1104 1546 1390 1617 ἄνθρωπος
1414 1546 1630 1615 άληθῶς
1650 1563 1665 1577 ’
1694 1542 1885 1613 νεκρὸν
1919 1538 1974 1592 δὲ

370 1636 755 1706 τετραὴμερον
772 1635 1003 1705 ἐγείρων
1022 1637 1097 1701 ὡς
1119 1638 1267 1701 Θεὸς·
1310 1637 1586 1692 καθεύδων
1612 1637 1691 1700 είς
1710 1635 1771 1687 τὸ
1794 1634 1975 1686 πλοῖον

379 1724 459 1789 ὡς
488 1725 773 1797 ἄνθρωπος
815 1726 959 1797 (70),
1006 1730 1102 1783 καὶ
1142 1730 1457 1801 περιπατῶν
1488 1730 1584 1782 ἐπὶ
1621 1728 1730 1781 τῶν
1766 1726 1973 1781 ὑδάτων

390 1818 469 1884 ὡς
495 1822 640 1885 Θεός.

623 1936 935 2005 Ἀντιόχου
968 1935 1307 1989 ἐπισκόπου
1343 1932 1766 2004 Πτολεμαΐδος.

450 2047 546 2118 Μὴ
578 2048 691 2119 (71)
726 2049 966 2120 συγχέῃς
1021 2047 1121 2112 τὰς
1189 2048 1399 2118 φύσεις,
1436 2048 1530 2101 καὶ
1568 2049 1629 2100 οὐ
1679 2047 1976 2117 ναρκήσεις

378 2142 515 2211 περὶ
540 2140 643 2210 τήν
672 2142 1018 2212 οἰκονομίαν.

379 2255 495 2310 Τοῦ
543 2256 723 2325 ἁγίου
769 2257 1051 2326 ’Ῑλαρίοικ
1086 2258 1421 2312 ἐπισκόπου
1453 2256 1548 2311 καὶ
1583 2253 1975 2325 ὀμολογητοῦ,

703 2328 774 2380 ἐν
802 2328 883 2393 τῷ
916 2329 1048 2396 περὶ
1082 2329 1340 2394 πίστεως
1370 2332 1415 2382 0'
1455 2330 1638 2396 λόγῳ.

448 2438 571 2491 Οὐκ
605 2435 751 2493 οἶδεν
790 2440 964 2504 ὅντως
1010 2442 1108 2513 τὴν
1133 2440 1326 2495 ἑαυτοῦ
1359 2441 1529 2511 ζωὴν,
1559 2440 1618 2503 ὃς
1652 2437 1858 2510 Ἰησοῦν
1886 2437 1978 2492 τὸν

366 2530 621 2601 Χριστὸν
645 2532 724 2596 ὼς
745 2532 921 2604 ἀληθῆ
949 2533 1109 2595 Θεὸν,
1147 2532 1319 2598 οὕτως
1356 2533 1449 2586 καὶ
1485 2531 1661 2604 ἀληθῆ
1689 2532 1978 2604 ἄνθρωπον

367 2622 479 2675 οὐκ
520 2622 840 2677 ἐπίσταται.
876 2624 984 2677 Τοῦ
1016 2625 1127 2696 γὰρ
1161 2624 1327 2679 αὐτοῦ
1376 2624 1626 2678 κινδύνου
1652 2624 1713 2676 τὸ
1740 2623 1975 2695 πρᾶγμα

367 2717 668 2786 τυγχάνει,
693 2717 790 2771 ἐὰν
821 2718 1056 2789 Χριστὸν
1079 2719 1307 2789 Ἰησοῦν,
1343 2718 1376 2790 ἢ
1407 2719 1521 2791 (75)
1561 2719 1790 2789 Πνεῦμα
1816 2717 1974 2782 Θεὸν,

368 2808 407 2879 ἢ
440 2810 632 2879 σάρκα
661 2810 758 2863 τοῦ
780 2811 1051 2882 ἡμετέρου
1079 2811 1451 2884 ἀρνησώμεθα
1472 2810 1979 2882 σώματο;.«’⁹Λπας

370 2899 706 2971 τοιγαροῦν,
740 2899 799 2964 ὃς
830 2900 895 2953 ἂν
923 2902 1235 2975 ὁμολογήσῃ
1279 2919 1347 2973 με
1387 2902 1699 2973 ἔμπροσθεν
1729 2901 1837 2955 τῶν
1883 2903 1978 2955 άν-

372 2992 648 3065 θρώπων,
706 2992 863 3061 κάγὼ
905 2994 1230 3066 ὁμολογήσω
1296 2995 1460 3048 αὐτὸν
1512 2993 1825 3065 ἔμπροσθεν
1882 2992 1975 3047 τοῦ

374 3086 606 3157 Πατρός
636 3103 739 3156 μου
778 3086 874 3139 τοῦ
920 3089 977 3138 ἐν
1006 3088 1121 3150 τοῖς
1166 3087 1444 3157 οὐρανοῖς·
1474 3086 1533 3150 ὃς
1557 3086 1601 3139 δ’
1626 3085 1691 3139 ἂν
1724 3086 1974 3155 ἀπαρνή-

2073 526 2304 609 Spiritu,
2338 540 2715 595 incarnatione
2739 556 2849 594 non
2887 555 2986 610 per
3020 540 3336 609 Opinionem
3386 549 3441 594 et
3474 542 3651 610 phan-

2072 630 2286 696 tasiam,
2336 631 2433 685 sed
2473 646 2662 686 revera
2695 631 2869 686 facta:
2896 648 3073 701 neque
3103 642 3362 701 tanquam
3417 648 3518 701 per
3566 649 3656 687 ea-

2072 722 2251 776 nalcm
2275 722 2546 778 transiens
2574 739 2673 792 per
2712 724 3010 795 Virgipem,
3047 723 3141 777 sed
3168 740 3235 778 ex
3261 724 3375 794 ipsa
3409 739 3536 777 vere
3565 724 3653 777 in-

2073 823 2367 881 carnatus;
2402 816 2497 884 qui
2540 830 2670 870 vere
2717 816 2860 871 sicut
2888 827 2944 870 et
2978 831 3079 871 nos
3119 815 3379 880 comedit,
3410 827 3465 871 et
3515 817 3655 871 laete

2074 904 2144 959 ab
2172 921 2236 959 ea
2270 921 2401 961 vere
2435 907 2681 960 nutritus
2718 915 2821 961 est.
2870 906 2926 960 Si
2982 906 3130 960 enim
3166 906 3452 975 phantasia
3506 915 3675 963 esset.

2077 997 2703 1069 incarnatio,spectrum
2740 1015 2956 1069 quoque
2995 1007 3142 1053 esset
3197 1001 3365 1053 salus.
3410 998 3655 1069 Duplieis

2076 1087 2261 1157 itaque
2283 1096 2493 1144 natura:
2523 1089 2929 1145 fuitChristus:
2964 1092 3128 1144 homo
3145 1092 3364 1161 quidem
3384 1100 3656 1161 quatenus

2075 1179 2430 1245 cernebatur,
2470 1182 2616 1236 Deus
2656 1192 2839 1237 autem
2873 1190 3146 1252 quatenus
3182 1200 3287 1236 non
3312 1183 3651 1252 apparebat;

2075 1270 2370 1325 comedens
2389 1272 2636 1340 quidem,
2667 1280 2728 1326 ut
2754 1272 2941 1336 homo,
2981 1289 3109 1325 vere
3135 1273 3278 1327 sicut
3308 1288 3409 1325 nos
3462 1272 3652 1344 (habe-

2075 1362 2170 1416 bat
2199 1363 2347 1417 enim
2372 1364 2557 1419 carnis
2602 1365 2921 1419 all‘eetiones
2960 1366 3167 1419 nostris
3199 1364 3449 1435 similes),
3490 1364 3624 1434 quin
3651 1395 3657 1402 -

2076 1467 2183 1521 que
2230 1461 2414 1508 autem
2472 1456 2710 1525 panibus
2749 1458 2993 1527 quinque
3043 1458 3211 1511 millia
3255 1456 3556 1527 pascens“
3598 1465 3659 1508 ut

2077 1542 2263 1610 Dens;
2317 1545 2557 1600 moriens
2590 1547 2812 1615 quidem
2852 1563 2982 1601 vere
3027 1558 3087 1602 ut
3138 1548 3324 1613 homo,
3378 1557 3658 1601 mortuum

2076 1648 2210 1687 vero
2234 1635 2662 1704 quatriduanum
2719 1638 2989 1693 suscitans
3013 1639 3056 1669 ’⁸⁵
3088 1648 3146 1693 nt
3170 1639 3349 1704 Deus;
3382 1638 3662 1694 dormiens

2081 1723 2136 1778 in
2161 1726 2285 1780 navi
2327 1734 2387 1779 ut
2414 1727 2600 1792 homo,
2632 1735 2686 1782 et
2714 1729 3000 1783 ambulans
3023 1746 3121 1798 per
3142 1745 3313 1798 aquas
3337 1730 3382 1761 ⁸⁸
3410 1739 3470 1785 nt
3495 1731 3657 1784 Deus.

2322 1928 2481 1999 162
2516 1930 2759 1985 Antiochi
2794 1932 3019 2001 episcopi
3052 1931 3415 1987 Ptolemaidis.

2143 2047 2265 2103 Noli
2309 2050 2649 2107 confundere
2695 2063 2940 2116 naturas,
2971 2063 3027 2111 et
3076 2072 3182 2112 non
3219 2057 3463 2127 torpebis
3512 2059 3662 2115 circa

2077 2138 2565 2211 dispensationem.

2078 2251 2262 2308 Sancti
2308 2255 2506 2309 Hilarii
2544 2257 2768 2328 episcopi
2808 2267 2855 2312 et
2892 2260 3207 2330 confessoris
3239 2264 3294 2315 in
3340 2259 3474 2316 lifrro
3526 2277 3663 2318 nono

2771 2330 2838 2382 de
2865 2329 2989 2398 ﬁde.

2148 2437 2334 2493 Nescit
2363 2441 2525 2528 plane
2568 2441 2681 2515 ('72)
2716 2443 2885 2498 vitam
2910 2459 3090 2509 suam,
3125 2444 3305 2500 nescit
3340 2446 3435 2516 qui
3477 2445 3665 2502 Jcsum

2077 2528 2356 2585 Christum
2402 2541 2463 2586 ut
2511 2549 2705 2588 verum
2738 2534 2931 2599 Deum,
2960 2537 3032 2589 ita
3073 2544 3131 2591 et
3166 2552 3357 2591 verum
3388 2537 3667 2593 hominem

2081 2619 2314 2689 ignorat.
2380 2620 2448 2674 Et
2505 2622 2751 2693 ejusdem
2799 2624 3032 2692 periculi
3070 2638 3160 2678 res
3195 2633 3301 2689 est,
3365 2624 3646 2680 Christum

2076 2710 2286 2776 Jesum,
2342 2713 2429 2767 vel
2493 2713 2758 2784 Spiritum
2809 2714 3004 2781 Deum,
3051 2716 3140 2770 vel
3195 2708 3418 2771 carnem
3488 2719 3665 2773 nostri

2078 2801 2326 2871 corporis
2390 2802 2682 2874 denegare.
2738 2823 2757 2856 ι
2817 2803 3045 2860 Omnem
3110 2822 3264 2877 ergo,
3324 2808 3525 2878 inquit,
3571 2811 3665 2879 qui

2077 2892 2433 2948 confitebitur
2513 2910 2601 2950 me
2677 2911 2859 2951 coram
2942 2896 3282 2963 hominibus,
3360 2902 3666 2955 conﬁtebor

2076 2982 2241 3038 etiam
2265 2998 2448 3038 coram
2475 2984 2636 3039 Patre
2681 3000 2825 3050 meo,
2855 2985 3057 3056 quiest
3085 2986 3141 3041 in
3192 2989 3370 3045 cmlis.
3428 2989 3529 3057 Qui
3566 3009 3667 3047 au-

2081 3081 2192 3128 tem
2225 3074 2583 3145 abnegaverit
2612 3076 2631 3096 ‘
2654 3091 2742 3131 me
2773 3093 2957 3131 coram
2982 3077 3322 3144 hominibus,
3346 3097 3473 3137 eum
3500 3085 3666 3139 etiam

378 3142 551 3250 σηταί
698 3177 1010 3248 ἔμπροσθεν
1041 3142 1151 3232 τιῖξν
1183 3142 1694 3250 ἀνθρώττων,-κάγὼ
1744 3142 1976 3247 ἀρνήσο-

2082 3163 2364 3236 abnegabo
2415 3178 2599 3221 coram
2642 3167 2801 3222 Patre
2852 3182 2995 3231 meo,
3022 3169 3115 3239 qui
3146 3180 3230 3225 est
3274 3170 3328 3225 in
3354 3173 3509 3229 etnlis
3541 3175 3605 3228 ⁸⁷.
3643 3195 3661 3227 ι

378 3286 486 3339 μαι
523 3268 692 3323 αὐτὸν
731 3268 1044 3339 ἔμπροσθεν
1079 3268 1172 3322 τοῦ
1214 3269 1429 3340 Πατρός
1470 3287 1572 3340 μου
1595 3267 1689 3322 τοῦ
1727 3269 1785 3321 ὲν
1813 3268 1979 3337 ούρα-

375 3361 514 3420 νοῖς.
533 3377 553 3409 ι
582 3356 769 3410 Ταῦτα
798 3358 826 3410 ὁ
856 3358 1032 3425 Λόγος
1063 3357 1200 3428 σὰρξ
1226 3358 1523 3430 γενόμενος
1552 3358 1727 3427 ἔλεγε,
1765 3358 1858 3412 καὶ
1887 3356 1980 3411 άν-

377 3449 611 3521 θρωπος
646 3448 855 3517 Ἰησοῦς
888 3448 1127 3519 Χριστὸς
1156 3449 1184 3501 ὁ
1214 3451 1421 3521 Κύριος
1464 3449 1564 3520 τῆς
1603 3448 1764 3520 δόξης
1802 3447 1979 3501 ἐδίδα-

378 3556 510 3605 σκε,
537 3540 678 3611 πρὸς
698 3541 795 3612 τὴν
812 3543 909 3613 τῆς
925 3542 1253 3614 Ἐκκλησίας
1278 3542 1552 3612 σωτηρίαν
1576 3541 1800 3612 μεσίτης
1819 3542 1980 3606 αὐτὸς

377 3632 654 3703 ὑπάρχων
683 3632 744 3685 ὲν
775 3633 925 3703 αὐτῷ
958 3632 1036 3704 τῷ
1069 3632 1378 3704 μυστηρίῳ,
1419 3633 1487 3686 δι’
1514 3626 1687 3704 οὗπερ
1720 3633 1838 3705 Θεῷ
1884 3634 1980 3688 καὶ

375 3723 705 3794 ἀνθρώποις
740 3724 1115 3793 ἐμεσίτευσεν.
1148 3717 1242 3789 Εἷς
1287 3723 1572 3794 τυγχάνων
1610 3723 1672 3776 τὸ
1703 3725 1981 3795 συναμφό-

375 3832 568 3886 τερον,
603 3818 667 3869 ὲκ
697 3814 807 3869 τῶν
846 3815 1156 3869 ἐνωθεισῶν
1182 3815 1261 3878 εἰς
1293 3815 1424 3870 αὐτὸ
1460 3814 1617 3869 τοῦτο
1661 3815 1718 3869 δὲ
1763 3815 1979 3884 φύσεων

375 3907 440 3960 ἓν
471 3906 569 3959 καὶ
607 3905 803 3958 ταύτὸν
828 3906 901 3959 δι’
931 3906 1199 3977 ἑκατέρας
1245 3904 1461 3975 φύσεως
1490 3904 1587 3960 ὧν.
1617 3906 1765 3979 Πλὴν
1801 3907 1979 3973 οὕτως

374 3995 462 4060 ὡς
496 3996 558 4047 ὲν
593 3992 842 4065 ἐκατέρῳ
891 3993 1194 4064 μηδετέρου
1251 3992 1529 4065 χηρεύειν,
1572 3993 1649 4065 μή
1681 4010 1797 4058 πως
1835 3992 1978 4047 παύ-

376 4102 549 4156 σηται
577 4085 714 4147 Θεὸς
742 4081 880 4138 εἶναι
925 4086 1244 4156 τικτόμενος
1276 4084 1582 4157 ἄνθρωπος,
1629 4084 1658 4155 ἡ
1698 4085 1858 4139 πάλιν
1888 4084 1982 4139 ἇν-

375 4182 608 4253 θρωπος
635 4180 758 4250 οὐχ).
790 4180 867 4251 τῷ
903 4179 1176 4251 διαμένειν
1200 4179 1355 4243 Θεός.
1401 4178 1631 4244 Οὐκοῦν,
1677 4178 1837 4233 τοῦτο
1880 4182 1980 4251 τῆς

373 4277 438 4330 ὲν
472 4273 790 4344 ἀνθρώποις
818 4272 1052 4343 ἀληθοῦς
1102 4271 1341 4335 πίστεως
1377 4270 1438 4324 τὸ
1473 4271 1766 4344 μακάριον,
1800 4270 1862 4324 τὸ
1886 4272 1979 4326 τὸν

375 4367 487 4438 μὲν
519 4365 657 4419 Θεὸν
695 4366 789 4418 καὶ
825 4364 1113 4435 ἄνθρωπον
1154 4363 1468 4434 κηρύττειν,
1527 4364 1627 4435 τὴν
1683 4363 1741 4417 δὲ
1798 4363 1980 4434 σάρκα

373 4458 480 4510 καὶ
508 4456 688 4524 Λόγον
717 4454 1022 4525 ὁμολογεῖν,
1070 4453 1166 4531 καὶ
1191 4454 1281 4506 τὸν
1319 4454 1417 4521 μὲν
1456 4453 1589 4507 Θεὸν
1618 4453 1839 4517 εἰδέναι,
1891 4453 1973 4507 ὅτι

372 4549 480 4602 καὶ
534 4546 825 4617 ἄνθρωπος
872 4547 983 4617 εἴη,
1018 4544 1114 4599 καὶ
1150 4544 1249 4616 τὴν
1289 4546 1470 4617 σάρκα
1503 4545 1579 4616 μὴ
1626 4547 1861 4614 ἀγνοεῖν,
1894 4546 1978 4599 ὅτι

375 4637 484 4691 καὶ
514 4638 691 4705 Λόγος
718 4637 887 4691 ἐστίν.
922 4667 996 4677 -
1015 4635 1127 4690 Τοῦ
1162 4636 1372 4701 αὐτοῦ,
1406 4636 1476 4689 ἐν
1506 4636 1586 4702 τῷ
1608 4637 1771 4703 αὐτῷ
1797 4639 1978 4707 λόγῳ.

389 4731 495 4785 Ἐκ
528 4730 813 4801 Παρθένου
859 4729 1039 4783 τοίνυν
1088 4726 1303 4798 τεχθεὶς
1354 4727 1644 4800 ἄνθρωπος
1682 4731 1711 4783 ὁ
1750 4746 1981 4800 μονογε-

375 4825 485 4892 νὴς
521 4821 683 4889 Θεὸς,
735 4823 829 4877 καὶ
881 4822 1026 4876 κατὰ
1056 4822 1153 4895 τὴν
1198 4821 1597 4894 συμπλήρωσιν
1637 4820 1733 4875 τοῦ
1779 4819 1979 4894 καιροῦ

376 4914 603 4986 μέλλων
640 4913 805 4977 αὐτὸς
849 4913 1029 4986 ἐαυτῷ
1064 4915 1161 4986 τὴν
1208 4914 1302 4970 τοῦ
1339 4914 1631 4986 ἀνθρώπου
1692 4916 1977 4986 προκοπὴν

374 5009 463 5071 είς
496 5006 637 5059 Θεὸν
683 5006 1119 5077 ἀπεργάζεσθαι,
1148 5007 1356 5077 ταύτην
1403 5006 1502 5079 τὴν
1533 5006 1689 5071 τάξιν
1737 5008 1797 5059 ἐν
1839 5010 1975 5061 πᾶσι

372 5102 495 5162 τοῖς
538 5098 923 5167 εὐαγγελικοῖς
972 5098 1150 5167 λόγοις
1201 5099 1484 5168 ἐφύλαξεν.
1531 5101 1618 5153 ἵνα
1662 5098 1854 5152 ἑαυτὸν
1880 5098 1976 5153 καὶ

2081 3256 2322 3311 Verbum
2359 3271 2488 3311 caro
2546 3255 2750 3311 factum
2814 3257 3166 3327 loquebatdr,
3193 3271 3248 3314 et
3298 3261 3464 3317 homo
3495 3258 3670 3319 'Jesus

2079 3346 2336 3402 Christus
2353 3348 2619 3403 Dominus
2635 3348 2937 3418 majestatis
2973 3348 3227 3415 docebat,
3252 3352 3524 3408 mediator
3551 3354 3670 3426 ipse

2081 3439 2137 3493 in
2167 3454 2225 3494 se
2253 3439 2321 3493 ad
2365 3440 2597 3495 salutem
2626 3441 2883 3497 Ecclesiae
2911 3442 3266 3508 constitutus,
3302 3452 3360 3499 et
3410 3444 3505 3501 illo
3547 3448 3669 3517 ipse

2082 3533 2227 3587 inter
2278 3532 2451 3587 Deum
2497 3540 2556 3588 et
2617 3520 2870 3588 homines
2925 3534 3248 3590 mediatoris
3322 3549 3668 3593 sacramento

2081 3633 2379 3696 utrumque
2398 3640 2543 3680 unus
2559 3625 2851 3689 exsistcns,
2876 3624 3007 3679 dum
3035 3626 3152 3695 ipse
3175 3644 3240 3682 ex
3256 3629 3429 3683 unitis
3477 3630 3531 3684 in
3579 3631 3668 3685 id-

2083 3717 2263 3788 ipsum
2290 3717 2506 3772 naturis
2542 3723 2754 3772 natura:
2779 3717 3069 3788 utriusque
3098 3733 3185 3773 res
3207 3720 3398 3775 eadem
3440 3732 3559 3777 est:
3592 3723 3666 3779 ita

2083 3817 2265 3864 tamen
2295 3816 2357 3863 ut
2379 3817 2579 3863 neutro
2608 3816 2824 3864 careret
2862 3808 2918 3863 in
2961 3818 3219 3886 utroque,
3249 3826 3318 3865 ne
3350 3811 3490 3867 forte
3521 3815 3666 3868 Deus

2080 3915 2203 3957 esse
2243 3901 2411 3956 homo
2450 3901 2729 3956 nascendo
2780 3901 3081 3968 desineret,
3130 3910 3186 3958 et
3235 3903 3401 3959 homo
3451 3923 3663 3971 rursus,

2081 3990 2228 4047 Deus
2255 3990 2529 4046 manendo
2568 4006 2678 4046 non
2701 4003 2864 4048 esset.
2893 3992 3019 4047 llrec
3049 3992 3233 4064 itaque
3263 3992 3518 4050 humana:
3533 3997 3665 4050 bea-

2084 4082 2338 4137 titudinis
2374 4081 2517 4136 ﬁdes
2538 4094 2671 4136 vera
2700 4091 2803 4147 est,
2852 4082 3026 4137 Deum
3058 4090 3117 4137 et
3161 4083 3441 4140 hominem
3463 4088 3666 4156 prrecli-

2081 4190 2227 4239 care,
2282 4172 2525 4229 Verbum
2577 4182 2633 4228 et
2685 4190 2910 4230 carnem
2964 4175 3237 4240 confiteri,
3267 4192 3448 4247 neque
3494 4179 3664 4232 Deum

2080 4266 2297 4321 nescire
2316 4266 2462 4335 quod
2486 4265 2652 4318 homo
2667 4265 2758 4327 sit,
2784 4265 2939 4336 163
2963 4283 3141 4337 neque
3162 4283 3386 4322 carnem
3414 4269 3667 4340 ignorare

2081 4358 2228 4430 quod
2254 4359 2494 4414 Verbum
2530 4359 2697 4413 sit.—
2712 4358 2989 4429 Ejusdem,
3016 4361 3071 4414 in’
3098 4360 3278 4414 eodem
3307 4359 3458 4416 libro.
3496 4363 3667 4417 Natus

2009 4490 2053 4545 υ
2083 4452 2250 4525 igitur
2278 4451 2597 4524 unigenitns
2630 4452 2775 4507 Deus
2805 4468 2873 4505 ex
2908 4451 3128 4522 Virgine
3165 4452 3353 4518 homo,
3378 4462 3435 4509 et
3465 4469 3665 4511 secun-

2081 4547 2212 4602 dum
2238 4544 2638 4616 plenitudinem
2672 4552 2980 4614 temporum
3033 4543 3087 4597 in
3140 4546 3438 4616 semetipso
3468 4564 3665 4617 prove-

2079 4646 2274 4693 cturus
2300 4637 2353 4693 in
2379 4637 2551 4693 Deum
2583 4636 2886 4697 hominem,
2915 4637 3063 4690 hunc
3087 4652 3185 4707 per
3210 4638 3394 4693 omnia
3434 4654 3667 4709 evange-

2077 4730 2169 4785 lici
2194 4730 2466 4785 sermonis
2495 4728 2720 4784 modum
2744 4729 2944 4794 tenuit,
2969 4740 3031 4783 ut
3061 4745 3120 4784 se
3146 4729 3345 4784 Filium
3393 4730 3490 4786 Dei
3517 4733 3675 4808 credi.

2079 4823 2327 4887 doceret,
2359 4829 2417 4877 et
2444 4821 2687 4876 hominis
2737 4821 2935 4876 Filium
2986 4822 3271 4892 praedicari
3322 4821 3666 4886 admoneret.

2082 4915 2303 4970 locutus
2330 4922 2387 4969 et
2419 4927 2619 4984 gerens
2658 4911 2825 4966 homo
2852 4911 3108 4967 universa
3139 4928 3262 4982 qua:
3288 4911 3384 4967 Dei
3416 4922 3568 4979 sunt,
3587 4915 3670 4968 lo-

2085 5021 2261 5077 quens
2285 5004 2484 5060 deinde
2512 5011 2569 5059 et
2597 5019 2795 5074 gerens
2840 5003 2986 5058 Deus
3036 5002 3296 5059 universa
3321 5019 3443 5075 quae
3486 5005 3670 5060 homi-

2084 5100 2172 5155 nis
2203 5106 2358 5155 sunt:
2390 5097 2465 5152 ita
2515 5105 2699 5152 tamen
2733 5102 2795 5151 ut
2824 5096 2881 5150 in
2908 5095 3027 5167 ipso
3063 5095 3157 5151 illo
3182 5097 3471 5168 utriusque
3504 5113 3668 5168 gene-

465 5252 510 5287 ⁸⁸
531 5254 672 5309 Luc.
696 5268 851 5319 xxxv;
884 5251 1043 5307 Joan.
1079 5269 1152 5319 vr,
1183 5253 1269 5307 ll.
1346 5253 1391 5286 “
1413 5253 1571 5310 Joan.
1602 5269 1675 5319 χι,
1704 5253 1792 5307 45.
1870 5253 1915 5286 ⁸⁸
1944 5254 1976 5307 Μ

2076 5253 2132 5307 h.
2156 5268 2251 5319 vn,
2283 5251 2382 5318 24,
2422 5250 2580 5307 Joan.
2609 5266 2683 5315 v1,
2714 5248 2799 5305 i9.
2860 5248 2900 5280 "'
2932 5247 3124 5304 Matth.
3158 5266 3212 5316 x,
3240 5250 3330 5314 32,
3362 5249 3450 5303 55.

456 5410 578 5482 (66)
604 5428 724 5482 γεν,
752 5411 856 5482 Ed.
890 5410 1026 5482 Mill.
1063 5410 1413 5482 γειναμένης.
1464 5456 1469 5461 .

471 5480 573 5553 67)
604 5481 748 5538 Ibid.
795 5480 1064 5553 tanta;
1087 5480 1327 5553 άληθῷς.

471 5486 573 5553 67)
604 5484 748 5538 Ibid.
795 5484 857 5546 ἐξ
889 5484 1064 5549 αὐτῆς
1087 5484 1327 5543 άλγθῶς.

447 5484 791 5687 καὶ-
827 5552 890 5617 ἐξ
920 5552 1113 5623 αὐτῆς.
1170 5510 1310 5606 Ibid.
1361 5550 1456 5605 καὶ
1502 5548 1639 5605 πιὼν
1676 5549 1754 5614 ὡς
1809 5550 1972 5621 ἡμεῖς

371 5625 446 5682 ἀλ
487 5625 621 5687 θῶς,

445 5642 566 5840 Ξρθ)
594 5693 738 5785 [οἱὸ.
768 5693 1088 5820 adtingam.

481 5767 564 5840 ιο)
596 5782 674 5831 ως
701 5766 769 5822 άν
810 5781 862 5836 ρ.
893 5763 976 5822 Ibi
1023 5778 1088 5835 ,ε

473 5758 564 5840 70)
596 5765 674 5831 ὡς
701 5758 862 5836 ᾶνθρ.
893 5758 1036 5822 Ibid.
1065 5761 1415 5835 praemittitur
1442 5758 1680 5834 άληθῶς.

2153 5407 2265 5478 (71)
2294 5406 2383 5478 Μή
2412 5421 2468 5478 κἴ
2497 5421 2566 5478 -τ.
2596 5404 2682 5478 ηλ,
2722 5403 2955 5478 Unicum
2998 5405 3164 5473 hujus
3193 5403 3478 5473 scriptoris
3521 5402 3665 5471 frag-

2079 5475 2327 5532 mentum
2366 5475 2419 5529 in
2457 5475 2807 5545 hisdialogis
2839 5483 3135 5545 servatum.

2150 5548 2263 5629 (72)
2300 5546 2474 5627 Nescit
2508 5542 3053 5629 plane,‘éte..§r:eca
3100 5559 3208 5629 non
3247 5543 3378 5629 satis
3407 5559 3540 5629 sum.
3566 5542 3666 5629 lfa-

2076 5613 2204 5672 tinis
2231 5613 2583 5672 consentiunt
2620 5615 2674 5668 in
2708 5615 2814 5669 hoc
2844 5614 3118 5669 Ililariano
3144 5614 3283 5667 loco.
3318 5613 3422 5667 Sed
3448 5613 3665 5669 dubita‘

2076 5688 2255 5743 vimus
2289 5686 2587 5755 quidquam
2617 5694 2848 5755 mutare.
3015 5752 3059 5755 μ
3301 5752 3310 5755 Α
3534 5691 3545 5700 “

2153 5703 2255 5741 nus
2327 5702 2587 5755 umquam
2617 5702 2848 5739 mutare.

2153 5757 2266 5831 (75)
2381 5756 2458 5812 Ita
2499 5754 2791 5828 legendum
2822 5760 2977 5825 puto,
3010 5752 3174 5808 Sirm.
3218 5752 3331 5808 καί.
