4090 6410
473 329 587 392 ’2οἿ

1481 332 1963 392 THEODORETI
2002 333 2341 394 EPISCOPI
2379 322 2746 400 CYRENSIS

3643 348 3750 416 208

485 445 564 498 ris
613 459 866 497 sermone
904 460 1182 513 nunquam
1242 445 1343 497 nisi
1390 461 1513 498 eum
1555 445 1956 514 Signiﬁcatione
2006 462 2035 499 c

2167 447 2291 500 Υίδν
2317 444 2453 502 εἶναι
2479 451 2613 503 Θεοῦ
2631 453 2813 524 διδάξῃ
2852 457 3218 522 πιστεύεσθαι,
3252 462 3343 514 xxi.
3377 463 3502 516 Υὶδν
3535 468 3743 536 ἀνθρώ-

481 535 720 589 hominis
760 536 978 590 locutus
1031 544 1086 588 et
1139 535 1230 589 Dei
1283 537 1372 590 sit.
1407 536 1546 589 Hinc
1600 537 1785 604 itaque
1838 536 2062 591 fallendi

475 628 758 696 simplices
781 637 944 696 atque
973 627 1284 697 ignorantes
1321 628 1596 683 haereticis
1623 629 1841 684 occasio
1875 639 1978 693 est,
2004 639 2064 684 ut

473 734 598 788 quae
636 719 704 772 ab
727 733 794 772 eo
847 718 1152 774 secundum
1213 719 1490 774 hominem
1538 719 1686 774 dicta
1735 727 1885 786 sunt,
1918 721 2061 776 dicta

470 826 597 866 esse
640 809 942 866 secundum
997 820 1210 865 natura:
1243 810 1443 866 divinae
1481 810 1852 868 inﬁrmitatem
1903 829 2060 867 men-

474 903 702 966 tiantur,
752 909 808 957 et
848 902 977 972 quia
1007 919 1152 959 unus
1174 911 1338 974 atque
1373 903 1519 959 idem
1550 913 1638 961 est
1682 905 1915 975 loquens
1945 921 2063 960 om-

471 998 560 1052 nia
575 1014 697 1069 qua:
727 998 991 1068 loquitur,
1024 997 1092 1052 de
1121 1000 1418 1068 semetipso
1446 999 1628 1053 omnia
1650 1014 1776 1054 eum
1814 999 2058 1054 locutum

467 1107 589 1146 esse
619 1091 979 1146 contendant.
1025 1090 1138 1144 Nec
1190 1105 1321 1144 sane
1353 1105 1638 1162 negamus,
1685 1098 1860 1146 totum
1903 1091 2057 1144 illum

468 1184 565 1254 qui
607 1181 730 1254 ejus
771 1191 978 1248 manet,
1007 1191 1221 1237 natura:
1253 1198 1366 1237 suae
1391 1196 1510 1237 esse
1561 1197 1894 1237 sermonem.
1949 1182 2054 1236 Sed

467 1277 513 1332 si
562 1278 722 1332 Jcsus
757 1275 1013 1330 Christus
1048 1285 1104 1330 et
1155 1275 1318 1328 homo
1349 1283 1403 1328 et
1462 1275 1606 1330 Deus
1635 1285 1738 1340 est,
1770 1283 1827 1330 et
1875 1291 2054 1344 neque

467 1386 592 1425 cum
624 1370 789 1423 homo
819 1376 930 1422 tum
954 1369 1192 1438 primum
1219 1369 1384 1432 Deus,
1411 1383 1588 1437 neque
1610 1383 1736 1422 cum
1753 1369 1919 1423 homo
1938 1378 2052 1423 tum

465 1479 576 1516 non
600 1463 767 1516 etiam
790 1472 846 1516 et
867 1463 1032 1526 Deus,
1056 1476 1235 1530 neque
1263 1467 1387 1530 post
1419 1461 1698 1514 hominem
1726 1461 1780 1514 in
1806 1461 1918 1515 Deo
1942 1477 2050 1516 non

466 1562 614 1608 totus
638 1553 801 1606 homo
830 1561 974 1607 totus
1011 1552 1178 1613 Deus,
1211 1566 1380 1604 unum
1412 1559 1576 1621 atque
1633 1549 1778 1606 idem
1826 1566 2052 1605 necesse

463 1655 545 1700 est
579 1644 855 1698 dictorum
902 1650 1308 1697 sacramentum
1337 1643 1460 1712 ejus
1511 1656 1654 1705 esse,
1686 1640 1832 1710 quod
1881 1656 2049 1710 gene-

465 1753 605 1790 rum.
638 1738 705 1790 Et
731 1752 855 1790 cum
880 1735 935 1788 in
969 1750 1036 1789 eo
1071 1733 1375 1788 secundum
1410 1741 1626 1803 tempus
1653 1733 1922 1787 discernis
1947 1734 2049 1787 ho-

463 1831 663 1884 minem
692 1845 720 1882 a
745 1829 876 1893 Deo,
913 1827 1010 1882 Dei
1053 1836 1232 1881 tamen
1289 1834 1452 1896 atque
1484 1827 1725 1880 hominis
1752 1825 1912 1897 164
1939 1826 2050 1880 dis—

459 1934 624 1975 cerne
669 1933 1002 1973 sermonem.
1029 1917 1096 1971 Et
1123 1932 1248 1972 cum
1279 1917 1451 1971 Deum
1489 1926 1654 1986 atque
1683 1916 1965 1972 hominem
1993 1916 2048 1970 in

459 2019 705 2077 tempore
736 2005 1112 2069 conﬁteberis,
1128 2003 1223 2059 Dei
1249 2015 1412 2074 atque
1435 2004 1675 2058 hominis
1715 2004 1768 2058 in
1803 2011 2048 2073 tempore

457 2102 606 2155 dicta
626 2098 894 2171 dijudica.
919 2096 1058 2152 Cum
1081 2113 1214 2150 vero
1248 2111 1316 2150 ex
1341 2101 1354 2113 '
1389 2097 1612 2149 homine
1641 2096 1825 2150 etDeo
1854 2111 2049 2149 rursus

458 2194 628 2248 totius
670 2191 933 2255 hominis,
967 2190 1137 2244 totius
1176 2189 1343 2243 etiam
1398 2188 1494 2242 Dei
1520 2199 1736 2258 tempus
1764 2187 2042 2255 intelligis,

453 2287 500 2341 si
524 2284 662 2354 quid
686 2283 838 2338 aliud
864 2282 932 2336 ad
957 2279 1483 2336 demonstrationem
1509 2281 1627 2350 ejus
1662 2280 1924 2348 temporis
1963 2279 2046 2333 di-

455 2385 607 2431 etum
633 2383 745 2442 est,
766 2371 1005 2443 tempori
1033 2379 1289 2441 coaptato
1315 2387 1436 2440 quae
1470 2370 1617 2425 dicta
1642 2380 1802 2425 sunt:
1831 2379 1892 2425 ut
1917 2387 2041 2425 cum

456 2469 605 2524 aliud
641 2467 711 2522 sit
769 2475 897 2520 ante
946 2465 1228 2519 hominem
1289 2464 1454 2524 Deus,
1488 2462 1660 2516 aliud-
1692 2463 1764 2516 sit
1788 2463 1954 2516 homo
1988 2473 2044 2518 et

455 2561 620 2623 Deus,
659 2557 810 2612 aliud
836 2557 908 2610 sit
937 2553 1358 2626 posthominem
1395 2562 1451 2606 et
1479 2553 1651 2607 Deum
1677 2560 1826 2607 totus
1852 2552 2037 2616 homo,

457 2659 603 2705 totus
626 2651 935 2713 Deuspnon
968 2646 1274 2701 confundas
1304 2645 1648 2716 temporibus
1671 2647 2042 2716 ctgenerihus

454 2737 882 2812 dispensationis
903 2744 1336 2798 sacramentum,
1361 2752 1485 2788 eum
1515 2752 1615 2805 pro
1642 2736 1905 2806 qualitate
1944 2753 2037 2806 ge-

454 2847 648 2886 nerum
683 2841 738 2884 et
782 2838 1110 2884 naturarum
1160 2828 1329 2882 alium
1361 2827 1413 2881 ei
1445 2828 1498 2881 in
1553 2837 1901 2882 sacramento
1938 2829 2038 2882 ho-

450 2923 617 2978 minis
645 2936 870 2976 neccsse
894 2929 978 2974 est
1010 2934 1319 2974 sermonem
1344 2919 1512 2974 fuisse
1548 2935 1658 2974 non
1681 2929 1832 2984 nato,
1869 2919 2036 2974 alium

450 3015 632 3069 adhuc
683 3012 973 3075 morituro,
1018 3011 1185 3065 alium
1229 3011 1340 3081 jam
1369 3021 1594 3066 aeterno.
1638 3011 1821 3066 Nostri
1873 3010 2039 3082 igitur

2169 557 2270 592 που
2311 543 2601 632 ὑᾲπομνήσῃ
2646 547 3038 617 κηρύττεσθαι.
3080 552 3168 622 Τῷ
3199 553 3311 624 (74)
3377 558 3476 627 μὲν
3531 561 3743 632 ἄνθρωο

2167 648 2266 693 πος
2298 627 2458 697 εἶναι,
2494 633 2670 687 λαλῶν
2702 635 2918 692 ἅπαντα
2961 642 3053 694 καὶ
3112 645 3370 714 πράττων
3419 649 3563 720 ειπερ
3598 627 3744 705 ἐστὶν

2163 722 2473 795 ἀνθρώπου·
2547 726 2691 780 οὕτω
2748 729 2952 798 μέντοι,
2985 731 3127 786 ὥστε
3147 735 3334 808 ,ταύτῃ
3361 740 3496 810 αὐτῇ
3525 744 3588 812 τῇ
3621 745 3745 795 καθ’

2162 814 2350 907 ἕτερον
2391 815 2547 907 γένος
2597 818 2776 872 αὐτῶν
2823 821 3012 893 ὁμιλίᾳ
3048 824 3318 896 μηδέποτε
3359 829 3560 892 λαλεῖν,
3591 833 3749 907 εἰμὴ

2165 904 2305 973 μετὰ
2338 905 2436 959 τοῦ
2474 909 2766 979 σημαίνειν
2799 911 2934 967 Θεόν
2964 931 3023 968 τε
3052 919 3149 970 καὶ
3179 918 3486 990 ἄνθρωπον.
3535 904 3745 978 Ἐντεῦέ

2161 998 2252 1051 θεν
2280 1001 2574 1073 τοιγαροῦν
2599 1004 2692 1058 τοῦ
2717 1005 2993 1073 δελεάζειν
3033 1013 3160 1076 τοὺς
3202 1015 3607 1087 ἁπλουστέρους
3647 1017 3748 1074 καὶ

2158 1089 2284 1180 τοὺς
2315 1090 2668 1158 ἀγνοοῦντας,
2713 1099 2825 1161 τοῖς
2877 1100 3176 1171 αἱρετικοῖς
3207 1104 3414 1173 γίνεται
3446 1110 3746 1180 πρόφασις,

2159 1175 2305 1231 ὥστε
2346 1180 2412 1234 τά
2455 1184 2586 1254 παρ’
2625 1185 2834 1241 ἐκείνου
2883 1191 3024 1245 κατὰ
3066 1192 3162 1264 τὴν
3205 1175 3608 1270 ἀνθρωπότητνα
3641 1175 3742 1256 λαξ

2157 1271 2390 1363 ληθὲντα
2426 1275 2789 1346 ψευδομένους
2825 1280 3006 1350 λέγειν
3051 1285 3126 1348 ὼς
3170 1288 3292 1339 κατ’
3322 1289 3610 1344 ἀσθένειαν
3640 1294 3742 1363 τῆς

2157 1362 2306 1426 θείας
2335 1366 2548 1437 εἴρηται
2587 1367 2834 1437 φύσεως,
2871 1374 2959 1426 καὶ
3006 1377 3308 1450 ἐπειδήπερ
3341 1381 3368 1432 6
3399 1375 3479 1444 εἷς
3513 1385 3606 1436 καὶ
3638 1362 3740 1438 αῦ-

2153 1455 2242 1518 τός
2279 1457 2426 1510 ἐστιν
2465 1459 2493 1510 ὁ
2532 1460 2710 1515 πάντα
2763 1462 2940 1519 λαλῶν
2975 1467 3184 1538 ὅσαπερ
3223 1471 3314 1522 καὶ
3345 1471 3546 1535 ἐλάλει,
3590 1476 3744 1544 φιλο-

2153 1550 2357 1603 νεικεῖν
2400 1551 2600 1616 αὑτοὺς
2631 1555 2757 1626 περὶ
2790 1557 2985 1610 ἑαυτοῦ
3018 1561 3196 1614 πάντα
3235 1564 3397 1617 αὐτὸν
3432 1567 3738 1638 εἰρηκέναι.

2153 1643 2263 1697 Καὶ
2292 1645 2411 1700 οὐδὲ
2445 1650 2610 1719 ἡμεῖς
2634 1651 2949 1722 ἀρνούμεθα
2984 1658 3194 1719 πάντας
3221 1661 3349 1724 τοὺς
3378 1661 3540 1725 ὄντας
3565 1665 3741 1718 αὐτοῦ

2153 1734 2344 1825 λόγους
2505 1739 2642 1803 ἰδίας
2673 1741 2836 1794 αὐτοῦ
2867 1743 3081 1812 φύσεως
3112 1743 3271 1802 εἶναι.
3318 1751 3632 1825 Ἀλλ⁹εί⁷περ
3656 1751 3742 1818 εἷς

2087 1803 2124 1857 Β
2152 1823 2180 1873 6
2209 1803 2443 1892 Χριστὸς
2468 1826 2756 1897 ἄνθρωπος
2788 1803 2890 1883 καί
2914 1803 3076 1897 Θεὸς,
3097 1837 3191 1889 καὶ
3233 1837 3358 1892 οὔτε

2150 1914 2272 1967 ’τότε
2305 1916 2522 1986 πρῶτον
2555 1919 2708 1983 Θεὸς,
2742 1921 2866 1975 οὔτε
2917 1925 3023 1994 μὴν
3050 1929 3136 1980 ὅτε
3164 1931 3450 2002 ἄνθρωπος
3483 1935 3604 1988 τότε
3634 1939 3746 1990 οὐκ

2149 2000 2216 2075 ἦν
2243 2009 2332 2059 καὶ
2362 2007 2514 2070 Θεὸς,
2544 2011 2665 2063 οὐδὲ
2688 2013 2800 2081 (75)
2835 2019 2972 2084 μετά
3001 2018 3091 2069 τὸν
3118 2000 3408 2091 ἄνθρωπον
3441 2027 3498 2079 ὲν
3522 2027 3598 2098 τῷ
3623 2029 3744 2081 Κυ-

2151 2095 2251 2164 ρίῳ
2303 2097 2425 2166 οὐχὶ
2481 2099 2510 2149 ό
2552 2100 2724 2167 Λόγος
2778 2103 3084 2174 ἄνθρωπος,
3139 2112 3233 2164 καὶ
3283 2116 3310 2166 ὁ
3361 2116 3532 2183 Λόγος
3572 2095 3742 2184 Θεὸς,

2147 2184 2458 2252 ἐπάναγκές
2510 2191 2658 2242 ἐστιν
2718 2191 2777 2243 ἒν
2821 2198 2914 2248 καὶ
2948 2197 3008 2248 τὸ
3057 2200 3189 2253 αὐτὸ
3229 2198 3369 2255 εἶναι
3429 2210 3742 2280 μυστήριον

2145 2275 2254 2329 τῶν
2287 2277 2454 2331 αὐτοῦ
2489 2278 2681 2347 λόγων,
2713 2282 2739 2335 ὃ
2785 2285 2878 2336 καὶ
2917 2288 3008 2340 τοῦ
3059 2293 3220 2344 τόκου
3267 2275 3744 2367 καθέστηκέ-Καὶ

2145 2368 2274 2420 ὅταν
2302 2372 2358 2422 ἐν
2399 2372 2547 2440 αὐτῷ
2597 2377 2734 2427 κατὰ
2782 2380 2976 2448 καιρὸν
3029 2382 3118 2434 τὸν
3163 2386 3450 2457 ἄνθρωπον
3503 2392 3608 2444 ἀπὸ
3637 2394 3745 2446 τοῦ

2143 2457 2279 2510 Θεοῦ
2327 2462 2575 2531 διαιρεῖς,
2609 2465 2728 2518 τότε
2769 2469 2837 2520 τά
2871 2488 2928 2522 τε
2963 2473 3056 2524 τοῦ
3101 2474 3234 2528 Θεοῦ
3273 2480 3365 2531 καὶ
3397 2479 3490 2532 τοῦ
3522 2483 3744 2552 ἀνθρὼ-

2147 2569 2245 2604 που
2285 2553 2576 2624 διαχώριζε
2618 2559 2860 2629 ῥήματα.
2905 2565 3011 2618 Καὶ
3043 2567 3280 2636 ὁπηνίκα
3326 2573 3458 2626 Θεὸν
3506 2577 3600 2628 καὶ
3635 2577 3740 2630 ἄν-

2143 2642 2360 2711 θρωπον
2393 2646 2696 2714 ὁμολογεῖς,
2741 2652 2800 2704 ἐν
2845 2656 3021 2726 καιρῷ
3068 2658 3135 2710 τὰ
3175 2662 3266 2715 τοῦ
3309 2663 3440 2716 Θεοῦ
3491 2668 3582 2718 καὶ
3633 2669 3737 2720 ἀν·-

2142 2735 2359 2805 θρώπου
2397 2738 2670 2808 διάκριναι
2711 2745 2952 2814 ῥήματα.
2987 2751 3110 2804 Ὅτε
3156 2753 3212 2806 δὲ
3248 2756 3312 2808 ἐκ
3343 2757 3478 2809 Θεοῦ
3517 2759 3607 2812 καὶ
3639 2763 3742 2813 άν-

2142 2825 2382 2894 Ορώπου,
2437 2834 2531 2887 καὶ
2569 2838 2733 2892 πάλιν
2765 2841 3056 2910 ἀνθρώπου
3090 2845 3342 2912 καθόλου,
3375 2852 3465 2902 καὶ
3494 2852 3750 2907 καθόλου

2140 2921 2273 2973 Θεοῦ
2309 2923 2397 2976 τὸν
2427 2929 2616 2998 καιρὸν
2639 2933 2828 2986 ἐννόει.
2867 2934 2937 2988 Εἴ
2952 2953 3002 2988 τι
3038 2938 3247 2992 τοιοῦτο
3279 2940 3568 3014 λελάληται
3592 2948 3739 3018 πρὸς

3705 2986 3736 3012 5

2139 3010 2199 3062 τὸ
2237 3015 2538 3081 μηνύεσθαι
2559 3021 2620 3073 τὸ
2651 3023 2774 3076 κατ’
2802 3029 2975 3079 ἐκεῖνο
2999 3030 3214 3100 καιροῦ,
3240 3034 3296 3084 ὲν
3323 3033 3401 3104 τῷ
3443 3038 3620 3108 καιρῷ
3659 3043 3746 3096 τὰ.

451 3121 617 3160 causa
671 3103 788 3158 haec
829 3101 1016 3156 omnia
1065 3101 1224 3157 Jesus
1247 3100 1502 3158 Christus
1545 3117 1795 3166 manens,
1827 3109 1883 3156 et
1911 3116 2036 3155 cor-

2146 3099 2404 3170 λεχθέντα
2459 3111 2865 3184 προσάρμοσον.
2927 3119 3036 3170 Καὶ
3088 3121 3386 3195 ἐπειδήπερ
3427 3126 3556 3180 ἄλλο
3608 3131 3742 3183 ἐστὶ

451 3195 604 3266 poris
634 3195 806 3249 nostri
843 3194 1006 3248 homo
1035 3201 1217 3258 natus,
1238 3194 1546 3249 secundum
1579 3194 2038 3249 consuetudinem

452 3298 660 3342 natura:
714 3294 915 3341 nostr:c
959 3286 1179 3340 locutus
1225 3293 1330 3350 est,
1387 3302 1498 3339 non
1549 3294 1730 3340 tamen
1780 3286 2042 3342 amittens

450 3390 661 3434 natum:
705 3392 982 3432 suae-esse
1025 3377 1172 3446 quod
1205 3377 1350 3432 Deus
1389 3386 1492 3431 est.
1530 3377 1663 3430 Nam
1716 3377 1930 3432 tametsi
1982 3377 2037 3433 in

450 3478 608 3540 partu
644 3483 707 3523 ac
736 3466 988 3537 passione
1023 3482 1087 3523 ac
1109 3477 1282 3522 morte
1308 3477 1518 3522 naturae
1543 3478 1742 3523 nostra:
1766 3485 1881 3522 rem
1910 3485 2036 3538 per-

450 3561 581 3631 egit,
635 3575 724 3615 res
758 3569 938 3614 tamen
981 3557 1127 3629 ipsas
1191 3575 1383 3615 omnes
1432 3560 1639 3614 virtute
1685 3568 1894 3616 natura:
1928 3577 2042 3616 sure

448 3653 635 3722 gessit.
691 3682 760 3691 --
807 3652 1087 3721 Ejusdem,
1146 3652 1201 3704 in
1249 3652 1428 3705 eodem
1468 3652 1618 3705 libro.
1675 3652 1910 3707 Videsne
1964 3653 2038 3708 ita

449 3745 622 3798 Deum
654 3753 711 3796 et
734 3743 1012 3796 hominem
1059 3741 1369 3809 praedicari,
1409 3751 1467 3795 ut
1495 3759 1644 3797 mors
1669 3742 1901 3808 homini,
1928 3744 2037 3799 Deo

449 3851 579 3890 vero
610 3835 798 3888 carnis
822 3833 1083 3888 excitd‘tio
1109 3832 1443 3903 deputetur?
1474 3835 1737 3889 Naturam
1770 3837 1917 3890 enim
1939 3838 2034 3892 Dei

447 3929 502 3981 in
523 3928 726 3981 virtute
743 3925 1166 3979 resurrectionis
1184 3924 1446 3996 intellige,
1462 3927 1929 3997 dispensationem
1944 3930 2037 3985 ho-

446 4020 614 4072 minis
647 4019 700 4070 in
736 4026 913 4071 morte
945 4031 1237 4086 cognosce.
1274 4017 1487 4073 Etcum
1516 4020 1626 4074 sint
1657 4030 1888 4091 utraque
1919 4023 2036 4078 suis

446 4120 596 4178 gesta
613 4109 845 4173 naturis,
867 4124 1036 4163 unum
1057 4116 1236 4162 tamen
1257 4109 1536 4164 Christum
1554 4111 1737 4166 Jcsum
1758 4123 2034 4168 memento

443 4218 564 4256 esse
583 4201 675 4271 qui
698 4212 994 4271 utrumque
1009 4210 1110 4255 est.
1133 4199 1256 4256 "(EC
1275 4202 1439 4273 igitur
1452 4203 1878 4259 demonstranda
1898 4221 1927 4259 a
1948 4221 2033 4259 me

444 4296 634 4364 paucis
659 4293 902 4358 fuerunt,
923 4302 981 4347 ut
1009 4293 1163 4364 165
1185 4294 1472 4365 utriusque
1505 4304 1716 4350 natura:
1743 4311 2031 4366 personam

445 4388 665 4440 tractari
695 4387 746 4440 in
768 4386 1000 4440 Domino
1018 4386 1144 4440 Jcsu
1169 4385 1388 4441 Christo
1413 4388 1876 4453 meminissemus,
1904 4391 2032 4459 quia

2145 3195 2252 3264 πρδ
2287 3197 2378 3249 τοῦ
2414 3200 2702 3272 ἀνθρώπου
2743 3208 2894 3272 Θεὸς,
2930 3210 3058 3265 ἄλλο
3095 3214 3150 3266 δὲ
3193 3218 3285 3269 καὶ
3316 3219 3477 3272 πάλιν
3514 3221 3739 3293 ἄνθρω-

2145 3302 2245 3378 πος
2265 3291 2356 3342 καὶ
2388 3290 2538 3359 Θεὸς,
2575 3295 2668 3349 καὶ
2694 3299 2819 3352 ἄλλο
2855 3302 2994 3371 μετά
3019 3303 3108 3356 τὸν
3141 3307 3424 3378 ἄνθρωπον
3447 3315 3538 3366 καὶ
3569 3290 3734 3376 Θεὸν,

2142 3377 2260 3475 ῦλος
2289 3380 2594 3475 ἄνθρωπος,
2635 3394 2730 3441 καὶ
2762 3390 2882 3455 ὅλος
2912 3393 3064 3458 Θεὸς,
3101 3399 3174 3467 μὴ
3213 3377 3324 3468 (76)
3355 3404 3589 3475 συγχέῃς
3612 3408 3740 3470 τοῖς

2144 3466 2457 3542 λεγομένοις
2493 3481 2582 3530 καὶ
2613 3483 2727 3544 τοῖς
2764 3485 3014 3552 γεγονόσι
3049 3487 3109 3540 τὸ
3138 3490 3236 3561 τῆς
3267 3495 3578 3564 οἰκονομίας
3620 3516 3736 3568 μυ-

2143 3563 2383 3632 στήριον.
2425 3565 2660 3639 Ἀνάγκη
2693 3569 2801 3642 γάρ
2833 3574 2971 3626 κατὰ
2993 3574 3089 3647 τὴν
3124 3579 3386 3648 ποιότητα
3417 3563 3523 3633 τῶν
3553 3563 3736 3651 γενῶν

2142 3654 2234 3706 καὶ
2263 3654 2370 3708 τῶν
2404 3659 2639 3726 φύσεων,
2673 3663 2838 3735 ἄλλην
2885 3667 2984 3735 μὲν
3035 3670 3213 3721 αὐτῶν
3253 3675 3574 3744 γεγενῆσθαι
3626 3678 3738 3748 τὴν

2139 3747 2376 3817 ὁμιλίαν,
2417 3751 2643 3820 μηδέπω
2681 3757 2821 3810 κατὰ
2860 3758 2920 3810 τὸ
2965 3760 3060 3813 τοῦ
3100 3761 3393 3833 ανθρώπου
3437 3747 3733 3838 τεχθέντος

2144 3841 2462 3913 μυστήριον,
2499 3845 2665 3917 ἄλλην
2687 3848 2740 3900 δὲ
2779 3848 2857 3902 ἔτι
2889 3853 3348 3922 προσελαύνοντος
3379 3857 3457 3927 τῷ
3484 3858 3734 3931 θανάτῳ,

2140 3934 2233 3983 καὶ
2271 3934 2436 4005 ἄλλην
2485 3938 2585 4008 ἤδη
2634 3943 2998 4010 τυγχάνοντος
3045 3949 3284 4002 αἰωνίου.
3319 3952 3510 4015 Δείξας
3542 3955 3732 4009 τοίνυν

2142 4025 2380 4090 ἃπαντα,
2422 4029 2596 4082 ταῦτα
2637 4033 2758 4100 μὲν,
2795 4034 2869 4096 ὡς
2923 4037 3156 4108 Χριστδις
3227 4043 3458 4109 Ἰησοῦς,
3503 4044 3596 4098 καὶ
3622 4064 3722 4098 τε·

2140 4117 2289 4186 χθεῖς
2324 4119 2614 4190 ἄνθρωπος
2653 4124 2906 4194 σώματος
2946 4131 3236 4200 ἡμετέρου,
3291 4136 3430 4186 κατὰ
3471 4136 3566 4205 τὴν
3600 4154 3732 4190 συν-

2140 4207 2328 4276 ήθειαν
2350 4210 2448 4278 τῆς
2484 4213 2757 4283 ἡμετέρας
2779 4215 3006 4288 ὲλάληοέ
3042 4221 3276 4288 φύσεως,
3303 4225 3376 4292 τῷ
3406 4221 3541 4278 εἶναι
3567 4226 3724 4290 Θεός.

2141 4301 2201 4352 ΕΞ
2231 4301 2338 4372 γὰρ
2368 4305 2461 4357 καὶ
2487 4308 2543 4359 ἐν
2575 4306 2652 4375 τῷ
2690 4309 2852 4379 τόκῳ,
2887 4313 2975 4364 καὶ
3007 4315 3064 4365 ἐν
3087 4315 3164 4382 τῷ
3193 4317 3373 4376 πάθει,
3412 4321 3500 4370 καὶ
3523 4321 3599 4388 τῷ
3623 4321 3728 4372 θα-

2138 4392 2302 4462 νάτῳ,
2340 4395 2436 4458 τὰς
2489 4399 2586 4467 τῆς
2625 4400 2898 4472 ἡμετέρας
2943 4404 3156 4471 φύσεως
3194 4408 3419 4477 πράξεις
3448 4409 3720 4476 διήνυσεν,

443 4476 536 4544 qui
588 4476 640 4529 in
671 4477 843 4530 forma
868 4476 964 4531 Dei
1006 4476 1284 4540 manebat,
1317 4477 1546 4530 formam
1564 4478 1704 4531 servi
1734 4479 1945 4549 accepit
1963 4479 2028 4532 ‘3.

2146 4484 2286 4552 ὅμως
2316 4483 2527 4537 ἅπαντα
2566 4487 2737 4541 ταῦτα
2774 4495 2838 4561 τῇ
2873 4492 3099 4563 δυνάμει
3133 4495 3230 4564 τῆς
3265 4499 3458 4550 ἑαυτοῦ
3495 4499 3725 4570 διεπρά-

443 4571 572 4655 ξατο
596 4573 829 4643 φύσεως.
859 4573 1058 4628 -Τοῡ
1089 4572 1299 4633 αὐτοῦ,
1331 4575 1400 4625 ἐν
1423 4573 1502 4638 τῷ
1529 4572 1691 4637 αὐτῷ
1729 4577 1909 4644 λόγῳ.
1954 4578 2120 4650 Ὀρᾷς
2159 4581 2266 4649 ἄρα
2321 4580 2464 4634 οὕτω
2515 4583 2645 4637 Θεὸν
2691 4590 2781 4640 καὶ
2827 4589 3112 4661 ἄνθρωπον
3135 4593 3537 4664 ὡμολογῆσθαι,
3579 4597 3724 4651 ὥστε

438 4669 531 4722 τὸν
560 4669 657 4738 μὲν
699 4669 927 4724 θάνατον
996 4669 1075 4740 τῷ
1123 4669 1417 4738 ἀνθρώπῳ,
1463 4671 1541 4740 τῷ
1583 4671 1639 4725 δὲ
1705 4672 1825 4741 Θεῴ
1877 4673 1978 4742 τῆς
2038 4676 2238 4746 σαρκὸς
2283 4677 2591 4746 λογίζεσθαι
2637 4683 2734 4754 τὴν
2785 4687 3112 4757 ἀνάστασιν;
3170 4691 3280 4760 Τὴν
3324 4693 3425 4761 μὲν
3473 4693 3581 4764 γάρ
3626 4697 3722 4748 τοῦ

439 4761 574 4816 Θεοῦ
605 4762 787 4831 φύσιν,
826 4765 882 4816 ἐν
911 4767 974 4834 τῇ
997 4763 1223 4831 δυνάμει
1252 4763 1347 4831 τῆς
1383 4763 1732 4827 ἀναστάσεως
1774 4765 1906 4829 νόει,
1977 4764 2073 4837 τὴν
2112 4768 2166 4820 δὲ
2198 4771 2339 4824 κατά
2392 4772 2677 4845 ἄνθρωπον
2727 4779 3043 4850 οἰκονομίαν
3115 4785 3172 4834 ὲν
3211 4783 3288 4851 τῷ
3325 4761 3559 4854 θανάτῳή
3599 4787 3725 4839 ἐπι-

440 4851 642 4926 γνὼσῃ.
678 4855 788 4908 Καὶ
820 4856 1120 4924 ἐπειδήπερ
1170 4853 1409 4925 ἑκάτερα
1448 4856 1566 4919 ταῖς
1629 4856 1860 4920 οἰκείαις
1897 4859 2188 4928 γεγένηται
2253 4863 2504 4931 φύσεσιν,
2542 4867 2637 4920 ἕνα
2681 4887 2771 4939 μοι
2824 4873 3059 4942 Χριστὸν
3102 4875 3307 4945 Ἰησοῦν
3339 4851 3545 4929 ἐκεῖνον
3583 4895 3723 4947 μνη-

443 4946 658 5016 μόνευε,
687 4947 778 4999 τὸν
820 4947 949 4999 ὄντα
983 4947 1292 5016 ἀμφότερα.
1323 4945 1510 4999 Ταῦτα
1538 4947 1593 5002 δὲ
1637 4947 1832 5002 τούτου
1869 4949 2028 5022 χάριν
2067 4951 2155 5005 διὰ
2207 4953 2458 5027 βραχέων
2517 4961 2794 5026 ὑπέδειξα,
2853 4965 2938 5017 ἵνα
2985 4966 3251 5039 ἑκατέραν
3294 4969 3458 5038 φύσιν
3519 4945 3594 5022 ὲν-
3644 4945 3722 5024 τῶ

439 5036 629 5106 Κυρίῳ
657 5036 817 5106 ἡμῶν
845 5036 1022 5106 Ἰησοῦ
1055 5036 1274 5108 Χριστῷ
1309 5038 1549 5092 νοεῖσθαι
1575 5041 2027 5112 μνημονεύωμεν·
2068 5045 2095 5096 6
2120 5045 2225 5118 γὰρ
2259 5046 2333 5099 ὢν
2366 5051 2423 5102 ἐν
2451 5055 2632 5124 μορφῇ
2669 5054 2804 5108 Θεοῦ
2844 5057 3002 5111 ἔλαϐε
3038 5036 3228 5112 δούλου
3267 5036 3506 5132 μορφήν,

511 5213 555 5246 ⁸³
579 5214 812 5285 Philipp.
842 5231 898 5280 ιι,
927 5217 977 5269 7.

2127 5379 2272 5433 inter
2304 5389 2509 5438 textum
2548 5385 2664 5440 Lat.
2707 5404 2768 5444 ac
2809 5391 3058 5446 Gnecum
3091 5394 3394 5449 diversitas.

2126 5450 2312 5575 {ing-7.6)
2351 5455 2425 5524 μὴ
2467 5487 2521 5494 -
2566 5461 2885 5531 μυστήριον.
2933 5463 3112 5518 Alium
3149 5482 3368 5522 sensum
3428 5466 3564 5522 dant
3611 5464 3703 5521 La-

513 5366 616 5442 (74)
638 5369 716 5439 τῷ
761 5398 818 5408 -
850 5369 1162 5442 ἀνθρώπου.
1213 5373 1372 5426 Plura
1418 5384 1544 5428 sunt
1569 5373 1625 5426 h.
1682 5369 1726 5426 Ι.
1774 5375 1827 5427 in
1866 5383 2015 5432 textu

437 5439 630 5495 Latino
669 5457 831 5510 quam
863 5443 916 5495 in
949 5439 1156 5497 Graeco.

509 5511 622 5582 (75)
654 5511 772 5565 οὐδὲ
805 5542 868 5552 —-
898 5513 1221 5581 καθέστηκε.
1280 5513 1468 5585 Magna
1517 5516 1678 5572 etiam
1739 5519 1794 5574 h.
1848 5520 1884 5576 l.
1932 5529 2016 5575 cst
