4090 6420
433 401 551 460 209

444 536 564 590 Τοῦ
592 534 709 604 (77)
752 536 1082 605 ἁτεωτὰτου
1116 538 1455 593 ἐπισκόπου
1498 542 1570 595 Ai

616 606 727 673 τῆς
756 606 1093 676 ἐπιστολῆς
1120 608 1230 676 τῆς
1251 609 1400 675 πρὸς
1426 606 1858 669 Βολοὺσιανόν.

515 735 634 789 Νῦν
691 736 749 789 δὲ
799 731 1094 806 061:0;(78)
1133 737 1336 807 μεταξὺ
1386 739 1521 792 Θεοῦ
1579 743 1673 796 καὶ
1728 744 2031 815 ἀνθρώπων

436 826 624 894 ἐφάνη
684 824 937 894 μεσίτης,
978 825 1120 878 ὥστε
1158 827 1321 879 αὐτὸν
1372 828 1431 879 ὲν
1478 832 1544 899 τῇ
1592 829 1688 883 τοῦ
1739 833 2030 904 προσώπου

435 914 664 980 ὲνὸτητι
723 913 1019 965 συνάπτειν
1065 915 1333 984 ἑκατέραν
1362 914 1459 986 τὴν
1485 917 1668 986 φύσιν,
1712 921 1805 973 καὶ
1859 922 1928 975 τὰ
1974 923 2033 976 ὲν

438 1006 555 1056 'e-‘Eat
588 1004 823 1068 αΰξοντα
860 1007 977 1067 τοῖς
1018 1004 1214 1074 ἀήθεσι
1243 1006 1377 1074 (79),
1403 1009 1499 1061 καὶ
1533 1009 1603 1063 τὰ
1641 1010 1783 1081 ἀήθη
1836 1029 2033 1081 συγκε-

439 1096 695 1167 ράσαντα
718 1097 832 1156 τοῖς
852 1095 913 1158 ἐξ
941 1094 1115 1159 ἔθους.
1133 1127 1204 1137 -
1220 1096 1329 1151 Τοῦ
1353 1101 1565 1163 αὐτοῦ,
1598 1101 1670 1155 ἐν
1692 1102 1769 1172 τῇ
1798 1104 2032 1159 ἐκθέσει

438 1186 551 1240 τοῦ
587 1187 968 1255 Εὐαῖηιελίου
1019 1188 1128 1241 τοῦ
1162 1189 1310 1244 κατὰ
1348 1191 1457 1245 τὸν
1491 1192 1795 1261 Ἰωάννην.
1827 1196 1893 1249 Τί
1919 1196 2032 1249 τοί-

437 1296 559 1342 νυν,
606 1278 891 1349 αἰρετικές
930 1281 1118 1349 ἐπειδὴ
1169 1282 1403 1352 Χριστός
1456 1286 1574 1338 ἐστι
1605 1287 2029 1357 καὶᾶνθρωπος.

437 1368 615 1421 Δαλεί
647 1368 765 1440 (80)
798 1370 896 1437 μὲν
923 1370 999 1433 ὡς
1025 1371 1330 1442 ἄνθρωπος,
1385 1379 1749 1444 συκοφαντεῖς
1780 1379 1836 1432 δὲ
1858 1378 2031 1445 Θεόν;

454 1461 702 1522 Ἐκεῖνος
714 1461 773 1512 ἐν
794 1460 975 1530 ἑαυτῷ
989 1462 1091 1531 τὴν
1110 1462 1462 1536 ἀνθρωπίνην
1496 1466 1659 1536 φύσιν
1704 1469 1850 1537 ὑψοῖ,
1883 1473 1948 1525 σὺ
1976 1472 2033 1525 δὲ

439 1552 658 1603 ἐκείνω
675 1553 884 1623 τολμᾷς
911 1551 1251 1617 ὲξευτελίσαι
1275 1555 1374 1626 τὴν
1411 1556 1667 1612 θείαν.-
1699 1562 1808 1615 Τοῦ
1823 1563 2030 1628 (αὑτοῦ,

437 1647 514 1697 ἐν
545 1642 631 1708 τῷ
660 1643 826 1713 λόγῳ
851 1643 933 1709 τῷ
958 1645 1098 1714 περὶ
1132 1645 1243 1715 τῆς·
1267 1648 1564 1716 ἐκθέσεως
1602 1650 1713 1719 τῆς
1751 1655 2033 1722 πίστεως.

447 1738 569 1790 Καὶ
604 1735 712 1806 γὰρ
762 1736 1035 1807 ἡμέτερόν
1075 1739 1192 1790 ἐστι
1215 1740 1277 1793 τὸ
1308 1741 1608 1808 πιστεύειν,
1644 1745 1853 1798 ἐκείνου
1888 1746 1945 1800 δὲ
1974 1748 2036 1801 τὸ

465 1828 675 1891 εἰδέναι,
702 1828 800 1880 καὶ
828 1829 1003 1894 οὕτως
1037 1830 1203 1894 αὐτὸς
1240 1834 1268 1884 ὁ
1294 1833 1426 1897 Θεὸς
1452 1834 1643 1904 Λόγος,
1673 1836 1736 1890 τὸ
1763 1839 1870 1891 πᾶν
1902 1839 2035 1894 ὕπο·-

462 1920 742 1990 δεξάμενος
765 1921 902 1990 ὅπερ
934 1924 1081 1974 ἐστὶν
1119 1922 1428 1993 ἀνθρώπου,
1447 1926 1732 1998 ἄνθρωπος
1756 1928 1914 1995 ἔστω,
1941 1932 2037 1984 καὶ

454 2012 488 2062 ὁ
531 2011 897 2082 προσληφθεὶς
927 2011 1235 2083 ἄνθρωπος,
1272 2015 1670 2085 ὑποδεξάμενος
1714 2019 1862 2073 ἅπαν
1900 2020 2037 2088 ὅπερ

451 2103 571 2156 ἐστὶ
600 2103 754 2168 Θεὸς,
783 2104 914 2158 ἄλλο
965 2122 1019 2157 τι
1073 2104 1148 2175 μὴ
1196 2106 1337 2159 ἔστω
1385 2108 1525 2174 πλὴν
1571 2111 1707 2179 ὅπερ
1745 2111 1896 2174 Θεός.
1924 2112 2038 2165 Οὐκ

446 2190 565 2260 (81)
592 2193 784 2264 ἐπειδὴ
818 2195 1243 2266 σεσαρκωμένος
1271 2193 1411 2251 εἶναι
1445 2199 1669 2268 λέγεται
1694 2201 1787 2255 καὶ
1823 2203 2036 2273 μικτὸς,

445 2285 801 2355 μεμειῶσϐαι
827 2288 928 2359 τὴν
954 2289 1120 2342 αὐτοῦ
1144 2290 1329 2344 οὐσίαν
1358 2294 1663 2363 νομιστέον.
1698 2293 1823 2349 Οἷδε
1846 2296 2039 2366 μιγνύ-

437 2392 539 2427 ναι
573 2375 712 2439 Θεὸς
736 2378 931 2431 ἑαυτὸν
960 2379 1086 2449 δίχα
1117 2380 1217 2450 τῆς
1237 2382 1441 2446 οἰκείας
1470 2384 1699 2454 φθορᾶς,
1721 2386 1813 2440 καὶ
1848 2387 2039 2456 μίγνυ.

438 2482 542 2519 ται
588 2465 692 2535 μέν
742 2483 806 2535 γε
851 2468 992 2521 κατὰ
1039 2470 1321 2540 ἀλήθειαν.
1364 2471 1517 2527 Οἶδεν
1544 2475 1719 2539 οὕτως
1763 2478 1822 2530 ὲν
1861 2478 2040 2550 ἑαυτῷ

441 2556 839 2623 ὑποδέξασθαι,
872 2559 1016 2613 ὥστε
1048 2562 1217 2633 μηδὲν
1253 2564 1402 2635 αὐτῷ
1453 2567 1767 2637 προσθήκης
1812 2570 2042 2635 αὐξάνε-

442 2648 580 2701 σθαι
604 2664 618 2677 ·
648 2647 836 2712 καθὼς
865 2645 1030 2715 οἶδεν,
1069 2653 1261 2707 ἑαυτὸν
1297 2655 1418 2708 ὅλον
1440 2656 1672 2725 ἐνέχεεν.
1701 2656 1840 2713 ὥστε
1873 2660 2039 2729 μηδὲν

437 2739 607 2809 αὐτῷ
642 2741 919 2810 συμϐῆναι
958 2743 1259 2813 μειώσεως.
1286 2746 1377 2817 Μὴ
1402 2747 1579 2800 τοίνυν
1597 2748 1739 2802 κατὰ
1772 2750 1871 2815 τῆς
1901 2752 2040 2819 ήμεο

439 2827 621 2896 τέρας
678 2830 961 2895 ἀσθενείας
1005 2832 1105 2904 τὴν
1151 2832 1380 2897 ἔννοιαν,
1427 2837 1522 2889 καὶ
1562 2839 1629 2890 τὰ
1679 2838 1911 2908 αἰσθητὰ
1940 2839 2039 2907 τῆς

445 2918 659 2989 πείρας
706 2920 1012 2992 διδάγματα
1047 2925 1456 2995 στοχαζόμενοι,
1498 2929 1561 2981 ἐκ
1611 2928 1718 2981 τῶν
1766 2930 1898 2984 ἰσων
1931 2929 2039 2983 τῶν

443 3012 671 3076 ἑαυτοῖς
720 3015 1069 3084 μιγνυμένων
1122 3017 1442 3087 κτισμάτων
1498 3021 1761 3090 μεμίχθαι
1809 3023 2041 3092 νομίσω-

448 3122 557 3174 μεν
584 3105 725 3158 Θεὸν
772 3108 872 3176 μὲν
914 3107 1011 3162 καὶ
1058 3106 1365 3180 ἄνθρωπον,
1396 3111 1492 3162 καὶ
1532 3114 1598 3182 τῇ
1638 3112 1866 3186 τοιαύτῃ
1906 3131 2038 3183 συγ-

1516 409 1892 472 DIALOGUS
1928 413 2010 473 II.
2050 438 2121 449 --
2156 415 2651 479 INCONFUSUS.

3599 417 3739 481 210.

1544 544 1930 634 ὑγςιιστίνου,
1958 546 2029 601 ἐκ

2138 547 2458 606 Sanctissimi
2496 553 2721 624 episcopi
2744 550 3048 634 Augustini,
3085 568 3147 606 ea:
3197 551 3419 623 epistola
3454 557 3523 606 ad
3554 554 3708 610 Volu—

2756 622 2967 676 sia’num
3003 622 3070 678 δ’.

2201 752 2360 808 Nunc
2387 766 2522 808 vero
2546 761 2691 809 mter
2712 755 2885 810 Deum
2913 763 2969 811 et
3006 757 3261 814 homines
3295 758 3566 815 mediator
3611 775 3704 830 ap—
3742 816 3748 823 ,

2130 845 2333 916 paruit,
2372 851 2455 909 ut,
2500 843 2559 898 in
2591 845 2801 902 unitate
2826 862 3073 916 persona;
3113 849 3376 920 copulans
3413 860 3706 921 utramque

2132 944 2406 1002 naturam,
2443 942 2500 990 et
2544 936 2704 993 solita
2744 938 3071 997 subl'ﬂnaret
3110 940 3368 1008 insolitis,
3395 951 3453 998 et
3482 942 3704 997 insolita

2133 1027 2313 1083 solitis
2359 1037 2711 1101 temperaret.
2779 1062 2850 1072 -—
2913 1032 3202 1103 Ejusdem,
3274 1035 3331 1088 in
3383 1035 3704 1104 expositione

2133 1121 2415 1193 Evangelii
2462 1122 2687 1178 Joannis
2724 1124 2793 1179 ⁸ο.
2816 1124 2959 1192 Quid
3007 1125 3195 1196 igitur,
3226 1125 3523 1182 haeretice?
3574 1141 3701 1182 cum

2132 1212 2386 1270 Christus
2419 1214 2605 1288 (Deus)
2632 1217 2703 1272 sit
2721 1226 2776 1272 et
2795 1216 2961 1272 homo
2982 1258 2996 1280 ,
3025 1217 3274 1288 loquitur
3300 1225 3363 1272 ut
3395 1217 3582 1282 homo,
3646 1224 3706 1272 et

2134 1306 2487 1362 calumniaris
2526 1307 2672 1362 Deo?
2711 1308 2813 1363 Ille
2865 1308 2920 1362 in
2956 1323 3014 1364 se
3043 1316 3295 1364 naturam
3351 1308 3705 1365 commendat

2137 1394 2454 1462 humanam,
2490 1404 2546 1452 tu
2577 1397 2632 1451 in
2663 1398 2756 1453 illo
2780 1399 2952 1455 audes
2979 1399 3289 1455 deformare
3327 1399 3588 1454 divinam.
3637 1429 3706 1438 —

2135 1489 2411 1561 Ejusdem,
2474 1506 2537 1545 ea:
2586 1491 2722 1547 libro
2768 1491 2833 1547 de
2892 1495 3216 1565 expositione
3246 1492 3390 1561 ﬁdei.
3444 1492 3706 1547 Nostrum

2134 1581 2282 1638 enim
2306 1582 2428 1637 cst‘
2459 1583 2710 1651 credere,
2756 1584 2906 1640 illius
2932 1593 3115 1641 autem
3148 1586 3291 1641 scire
3320 1603 3333 1639 :
3374 1595 3431 1639 et
3476 1585 3550 1640 ita
3591 1586 3708 1655 ipse

2135 1673 2278 1727 Deus
2308 1671 2567 1739 Verbum,
2593 1689 2718 1730 cum
2743 1674 3012 1745 quidquid
3052 1683 3137 1731 est
3184 1676 3426 1731 hominis
3451 1690 3710 1744 suscepe-

2135 1763 2229 1828 rit,
2289 1765 2453 1818 homo
2490 1766 2582 1830 sit,
2630 1773 2687 1822 et
2717 1765 2811 1836 qui
2839 1774 3154 1836 assumptus
3179 1768 3345 1821 homo
3369 1773 3474 1831 est,
3505 1781 3629 1820 cum
3653 1766 3707 1820 id

2068 1884 2106 1939 Β
2142 1862 2315 1911 ιοιιιιη
2369 1858 2677 1926 susceperit
2721 1857 2868 1928 quod
2914 1858 3058 1913 Deus
3103 1866 3209 1923 cst,
3282 1875 3394 1913 non
3431 1858 3582 1914 aliud
3635 1858 3708 1913 sit

2136 1965 2300 2019 quam
2329 1949 2475 2018 quod
2490 1948 2778 2004 Deus.Nec.
2810 1956 2988 2004 tamen
3010 1949 3269 2019 quoniam
3304 1950 3620 2003 incarnatus
3653 1956 3710 2003 et

2138 2041 2335 2096 mistus
2355 2055 2474 2095 esse
2496 2040 2722 2105 dicitur,
2753 2041 3083 2096 diminutam
3117 2041 3236 2110 ejus
3268 2041 3426 2111 166
3448 2041 3707 2096 substan-

2140 2132 2270 2187 tiam
2299 2146 2421 2186 esse
2471 2130 2895 2186 existimandum
2944 2139 3047 2187 est.
3098 2131 3215 2186 Scit
3257 2131 3403 2186 Deus
3465 2131 3705 2200 seipsum

2138 2223 2373 2279 miscere
2435 2221 2643 2292 absque
2698 2222 2921 2292 propria
2983 2222 3337 2291 corruptione
3368 2230 3425 2276 et
3457 2221 3703 2283 interitu,

2137 2325 2195 2372 et
2224 2331 2356 2371 vere
2387 2314 2611 2385 quidem
2646 2313 2908 2368 miscetur
2942 2331 2956 2366 :
3004 2311 3081 2368 ita
3113 2319 3298 2367 autem
3331 2311 3483 2365 novit
3530 2311 3583 2364 in
3650 2325 3709 2365 se

2138 2408 2438 2478 suscipere,
2474 2415 2539 2464 ut
2566 2405 2706 2461 nihil
2759 2406 2811 2461 ei
2876 2404 3233 2460 additamenti
3282 2412 3581 2459 accrescat.
3640 2403 3710 2458 Ut

2139 2498 2257 2568 ipse
2291 2496 2465 2562 novit,
2500 2495 2742 2566 seipsum
2769 2501 2947 2549 totum
2983 2491 3211 2555 infudit,
3262 2493 3336 2547 ita
3370 2499 3430 2547 ut
3460 2492 3612 2547 nulla
3654 2491 3707 2546 ei

2139 2588 2435 2645 diminutio
2467 2587 2732 2643 eveniret.
2758 2584 2838 2641 Ne
2860 2600 2994 2655 ergo
3021 2599 3089 2639 ex
3112 2594 3298 2639 nostra
3333 2584 3710 2639 imbecillitate

2133 2681 2466 2752 iudicantes,
2501 2687 2558 2734 et
2611 2693 2679 2733 ex
2712 2675 3071 2732 sensibilibus
3102 2674 3458 2744 experientia:
3503 2672 3710 2729 doctri-

2139 2774 2228 2827 nis
2291 2772 2671 2841 conjectantes
2695 2807 2710 2833 ,
2778 2764 3240 2836 quemadmodum
3305 2770 3571 2819 creaturae
3641 2778 3709 2818 ex

2139 2877 2298 2931 aequo
2323 2860 2468 2915 inter
2501 2873 2561 2913 se
2593 2857 2921 2922 miscentur,
2945 2856 3119 2911 Deum
3152 2862 3209 2909 et
3241 2853 3521 2909 hominem
3554 2868 3707 2909 com-

2139 2953 2363 3007 mistum
2395 2965 2517 3007 esse
2569 2957 2866 3020 putemus,
2899 2961 3004 3002 nec
3052 2946 3289 3002 Verbum
3343 2945 3496 3001 carni
3540 2943 3712 3001 fuisse

2140 3044 2454 3109 confusum,
2517 3049 2575 3096 et
2636 3048 2896 3111 tanquam
2935 3036 3160 3108 aliquod
3211 3053 3277 3092 ex
3345 3036 3430 3091 eis
3508 3050 3713 3106 corpus

2142 3137 2344 3192 factum
2397 3149 2537 3190 esse.
2601 3132 2756 3188 Absit
2804 3139 2866 3186 ut
2918 3130 2996 3185 ita
3061 3129 3376 3194 credamus,
3447 3142 3519 3184 ne
3567 3126 3712 3182 forte

444 3193 609 3260 χὺσει
637 3193 732 3246 τοῦ
761 3212 818 3247 τε
847 3197 1022 3265 Λόγου
1068 3200 1159 3252 καὶ
1197 3199 1297 3269 τῆς
1332 3199 1533 3270 σαρκὸς
1564 3201 1763 3254 ὡσανεί
1798 3220 1850 3255 τι
1882 3204 2037 3273 σῶμα

2142 3223 2313 3277 instar
2373 3236 2566 3277 eorum
2645 3235 2768 3290 quae
2837 3217 3275 3282 confunduntur,
3343 3217 3481 3273 duas
3550 3226 3712 3272 natu-

444 3285 770 3355 γενόμενον.
808 3286 964 3341 Οὕτω
1003 3290 1285 3343 πιστεύειν
1315 3291 1390 3362 μὴ
1418 3292 1626 3359 γένοιτο
1666 3293 1805 3368 (82),
1840 3296 2037 3366 μήπως

444 3376 530 3445 τῷ
574 3378 770 3447 τρόπῳ
812 3378 923 3432 τῶν
975 3383 1390 3451 συγχυνομένων
1419 3383 1513 3438 δύο
1566 3385 1755 3450 φύσεις
1796 3389 1875 3449 είς
1909 3388 2038 3456 μίαν

446 3468 757 3521 ὐςώστασιν
815 3471 1102 3541 ὲνηνέχοαι
1156 3473 1490 3542 νομίσωμεν.
1539 3476 1605 3528 Ἠ
1655 3477 1764 3546 γὰρ
1813 3477 2038 3547 τοιαύτη

450 3559 607 3629 μίξις
651 3561 803 3613 ἐστὶν
861 3562 1128 3633 ἐκατέρου
1176 3564 1353 3634 φθορὰ
1393 3566 1612 3635 μέρους,
1644 3568 1672 3620 ὁ
1702 3568 1758 3620 δὲ
1783 3569 2037 3636 Χριστὸς,

448 3650 620 3713 αὐτὸς
655 3651 769 3721 (83)
812 3652 1029 3722 χωρῶν,
1078 3654 1214 3707 ἀλλὰ
1251 3658 1313 3709 οὐ
1363 3657 1731 3727 χωρούμενος,
1783 3659 2041 3728 ἐρευνῶν,

445 3743 556 3795 οὐκ
600 3743 1001 3814 ἐρευνώμενος,
1051 3747 1298 3816 πληρῶν,
1364 3750 1478 3817 ἀλλ’
1525 3750 1584 3802 οὐ
1650 3750 2046 3821 πληρούμενος,

450 3834 781 3903 ἁπανταχοῦ
831 3837 966 3906 ὁμοῦ
1013 3837 1087 3890 ὣν
1135 3838 1274 3903 ὅλος,
1327 3842 1423 3893 καὶ
1475 3842 1543 3893 δι’
1567 3842 1688 3894 ὅλου
1718 3842 1931 3912 χωρῶν,
1961 3842 2064 3896 διὰ.

449 3926 549 3979 τοῦ
583 3927 779 3995 ἐγχέαι
801 3927 899 3997 τὴν
928 3928 1121 3982 ἑαυτοῦ
1147 3929 1398 4000 δύναμιν,
1427 3931 1502 3995 ὡς
1526 3919 1843 4004 οἷ’κτίρμων,
1878 3933 2046 4004 ἐμίγη

445 4021 517 4087 τῇ
562 4017 728 4086 φύσει
760 4022 826 4089 τῇ
892 4020 1229 4092 ἀνθρωπεία,
1259 4023 1321 4075 οὐ
1356 4023 1462 4094 μὴν
1498 4026 1530 4094 ἡ
1561 4023 1849 4094 ἀνθρώπου
1888 4024 2048 4094 φύσις

448 4110 628 4181 ἐμίγη
668 4112 736 4181 τῇ
772 4110 913 4183 θείᾳ.

448 4202 824 4270 Σεϐηριανοῦ
879 4203 1218 4275 ἐπίσκοπον
1244 4274 1251 4275 ί
1275 4205 1582 4275 Γαϐἁλων,
1638 4207 1724 4271 εἰς
1788 4205 1901 4274 τὴν
1930 4204 2043 4275 (84)

910 4272 1137 4342 γένναν
1160 4274 1266 4329 τοῦ
1296 4274 1574 4343 Χριστοῦ.

526 4406 595 4457 Ὢ
624 4406 929 4477 μυστηρίου
954 4405 1172 4475 ἀληθῶς
1193 4406 1447 4476 οὐρανίου
1483 4407 1578 4461 καὶ
1603 4407 1870 4474 ἐπιγείου,
1901 4407 2040 4477 ὁρω-

449 4497 622 4566 μένου
658 4496 754 4549 καὶ
807 4496 882 4566 μὴ
923 4497 1277 4567 φαινομένουί
1309 4497 1561 4561 Τοιοῦτος
1599 4500 1707 4569 γὰρ
1749 4494 1818 4571 ἦν
1865 4500 1956 4553 καὶ
2008 4500 2040 4552 ὁ

446 4587 747 4655 γεννηθεὶς
790 4588 1047 4657 Χριστὸς,
1089 4588 1340 4665 οὐράνιος
1380 4589 1476 4644 καὶ
1525 4590 1789 4658 ἐπίγειος,
1820 4590 2049 4660 κρατού-

453 4694 624 4746 μενος
666 4677 764 4731 καὶ
803 4678 877 4748 μὴ
918 4677 1311 4749 κρατούμενος,
1343 4679 1623 4751 ὁρώμενος
1646 4681 1741 4734 καὶ
1773 4681 2005 4751 ἀόρατος
2026 4694 2041 4712 ⁸

446 4770 715 4839 οὐράνιος
767 4771 908 4823 κατὰ
942 4771 1042 4841 τὴν
1091 4772 1192 4840 τῆς
1217 4771 1472 4843 Θεότητος
1497 4773 1681 4843 φύσιν,
1723 4772 1966 4840 ἐπίγειος
1987 4772 2047 4825 δὲ

2139 3329 2229 3368 ras
2262 3313 2317 3367 in
2350 3327 2517 3367 unam
2551 3311 2913 3365 substantiam
2973 3308 3241 3365 deductas
3261 3322 3384 3364 esse
3429 3308 3713 3365 existime-

2139 3417 2282 3459 mus.
2340 3399 2621 3473 Ejusmodi
2677 3398 2826 3455 cnim
2892 3397 3080 3453 mistio
3101 3404 3187 3451 est
3220 3396 3509 3465 utriusque
3539 3394 3714 3465 partis

2140 3495 2423 3564 corruptio
2457 3501 2515 3548 et
2547 3491 2825 3547 interitus.
2859 3490 3004 3545 Deus
3026 3496 3213 3543 autem
3235 3487 3546 3549 continens,
3614 3487 3711 3541 sed

2141 3603 2252 3642 non
2308 3591 2634 3647 contentus;
2690 3590 2964 3645 scrutans,
3031 3595 3143 3636 non
3211 3578 3564 3647 exploratus;
3615 3577 3717 3631 im-

2141 3679 2316 3748 pleas,
2353 3692 2462 3731 non
2487 3675 2767 3743 impletus,
2803 3671 3007 3740 ubique
3032 3677 3180 3726 totus
3201 3668 3364 3724 simul
3420 3667 3712 3733 exsistens,

2143 3778 2202 3826 et
2228 3785 2323 3840 per
2358 3767 2678 3823 universum
2702 3763 2864 3820 simul
2899 3762 3229 3832 procedens,
3257 3768 3317 3815 ut
3344 3775 3500 3814 suam
3529 3758 3715 3813 infun-

2148 3864 2306 3920 deret
2331 3862 2654 3933 potentiam,
2695 3867 2885 3931 utpote
2917 3858 3253 3921 misericors,
3316 3855 3572 3910 humana:
3617 3871 3715 3909 na-

2148 3960 2283 4009 turae
2313 3953 2511 4008 mistus
2542 3959 2648 4017 est,
2667 3965 2778 4005 non
2802 3956 2984 4004 tamen
3018 3948 3258 4003 humana
3305 3954 3499 4001 natura
3521 3944 3719 4000 divinae

2143 4045 2432 4103 commista
2465 4052 2568 4098 est.

2233 4201 2501 4259 Seueriani
2557 4199 2782 4269 episcopi
2819 4194 3197 4321 (specttorum,
3252 4191 3315 4245 de
3367 4190 3641 4245 nativitate

2899 4274 3031 4318 mtt.

2899 4274 3031 4318 risti.

2215 4399 2260 4456 Ο
2292 4398 2613 4471 mysterium
2652 4411 2782 4452 vere
2841 4396 3063 4451 caeleste
3108 4409 3173 4449 ac
3229 4400 3533 4456 terrenum,
3573 4388 3719 4460 quod

2144 4491 2416 4556 cernitur,
2457 4496 2515 4545 et
2569 4505 2682 4543 non
2721 4488 2974 4558 apparet!
3015 4486 3167 4541 Talis
3211 4484 3359 4540 enim
3409 4492 3529 4538 erat
3553 4490 3721 4537 natus

2143 4585 2417 4648 Christus,
2450 4581 2694 4639 cmlestis
2714 4589 2770 4637 et
2807 4589 3086 4643 terrenus,
3111 4578 3205 4649 qui
3248 4576 3637 4633 continebatur
3663 4582 3722 4629 et

2146 4692 2257 4733 non
2294 4676 2451 4747 167
2480 4656 2891 4735 continebatur,
2928 4670 3022 4741 qui
3041 4669 3374 4726 cernebatur
3408 4675 3465 4722 et
3497 4665 3591 4736 qui
3615 4665 3721 4720 sub

2144 4769 2324 4823 visum
2361 4784 2472 4821 non
2504 4764 2767 4830 cadebat;
2832 4762 3075 4819 cmlestis
3141 4759 3365 4830 quidem
3419 4756 3721 4813 secundum

450 4860 603 4914 κατὰ
637 4859 738 4931 τὴν
768 4862 868 4926 τῆς
895 4862 1316 4933 ἀνθρωπότητος
1368 4863 1533 4933 φύσιν
1552 4881 1567 4896 σ
1597 4862 1874 4935 ὁρώμενος
1907 4861 2038 4917 κατᾶ

2150 4859 2456 4916 divinitatis
2488 4864 2764 4911 naturam.
2787 4860 3040 4910 terrenus
3067 4865 3199 4906 vero
3231 4847 3536 4905 secundum
3567 4855 3720 4901 natu-

525 4998 573 5031 "
597 4995 779 5067 Epist.
804 4996 856 5050 '5.
933 4997 980 5028 ⁵ο
1005 4995 1187 5050 Tract.
1216 4995 1305 5052 78.

525 5130 646 5201 (77)
669 5129 1100 5201 Tati—Boletos.
1127 5130 1408 5201 Ed..Rom.
1442 5136 1498 5201 et
1525 5124 1676 5201 Lips.
1694 5125 1830 5201 διὀὖ-
1853 5124 2039 5201 αυτοῦ,

444 5204 516 5253 ἐκ
535 5193 647 5273 ’τῆς
666 5198 965 5273 ἐπιστολῆς
1004 5199 1106 5273 τῇς
1135 5199 1269 5273 πρὸς
1306 5197 1567 5273 Βλουσίαν
1593 5193 1714 5266 (ita)
1740 5195 1835 5250 τοῦ
1874 5196 2040 5265 ἁγιω-

443 5268 621 5324 τάιοῦ
660 5271 961 5334 ἐπισκόπου
991 5268 1380 5334 Αὔγουστίνου.
1409 5268 1587 5323 Minus
1614 5276 1785 5334 recte.

520 5340 641 5409 (78)
677 5333 854 5405 οὗτος.
885 5333 1223 5410 ιθςειιᾶιιιιιί
1247 5353 1371 5394 esse
1412 5338 1633 5410 videtur
1657 5333 1850 5401 οὕτως.
1872 5334 2033 5408 Apud

444 5410 824 5476 Augustinum
859 5409 1008 5464 enim
1033 5409 1142 5464 loc.
1180 5409 1274 5464 cit.
1298 5409 1511 5463 estita.

525 5474 649 5550 (79)
682 5479 812 5550 MO.
859 5478 977 5535 Hoc
1019 5479 1167 5550 loco,
1192 5493 1303 5534 non
1320 5478 1719 5550 _dubitavimus
1744 5474 2039 5550 emendare

444 5544 754 5605 lectionem
776 5549 941 5604 Sirm.
986 5548 1279 5619 Αάληθέσι.
1314 5547 1407 5619 Sic
1442 5564 1679 5619 quoque
1725 5546 1926 5604 deinde
1958 5544 2030 5599 τὰ

444 5619 598 5688 ἀί,οη
621 5620 951 5689 ponendum
975 5617 1079 5674 fuit
1100 5635 1201 5688 pro
1229 5618 1298 5672 τὰ
1327 5617 1520 5689 ἀληθῆ.

521 5686 788 5756 (scim.
821 5690 899 5744 [ta
927 5686 1328 5744 restituendum
1361 5686 1497 5743 esse
1520 5688 1851 5758 putavimus.
1880 5686 2044 5758 Sirm.

447 5759 570 5813 ἀλλ’
608 5760 680 5813 εἰ.
704 5759 883 5826 Quam
911 5760 1104 5817 falsam
1150 5759 1441 5814 lectionem
1489 5757 1800 5830 Strigelius,
1829 5757 1956 5828 quia
1983 5772 2048 5812 ex

2150 5121 2337 5179 Graeco
2382 5123 2693 5178 versionem
2722 5137 2899 5185 suam,
2938 5138 3049 5177 non
3100 5122 3154 5177 in
3186 5120 3489 5178 subsidium
3520 5116 3722 5173 vocatis

2146 5192 2439 5265 Augustini
2484 5192 2689 5265 verbis,
2729 5192 3131 5265 concinnavit,‘
3162 5192 3245 5265 ita
3291 5189 3593 5261 exprimit:
3638 5185 3722 5240 Tu

2143 5261 2297 5325 verb,
2326 5276 2452 5318 cum
2479 5262 2555 5317 sis
2588 5262 2774 5328 homo,
2815 5262 3165 5317 ealumniaris
3212 5261 3405 5316 Deum.

2211 5319 2323 5405 (si)
2352 5333 2473 5386 οὐκ.
2523 5319 2886 5405 Βεεᾼιιέἀ.
2952 5332 3111 5387 Rom.
3160 5340 3218 5386 et
3267 5329 3416 5398 Lips.
3474 5324 3555 5380 Ad
3589 5319 3725 5388 Θεὸς

2135 5400 2271 5472 ibid.
2297 5400 2521 5472 comma
2537 5401 2776 5472 ponitur.

2308 5472 2430 5597 uti]
2463 5463 2579 5540 γέν.
2607 5471 2732 5555 Des.
2758 5471 2917 5537 ibid.,
2937 5479 3144 5541 puncto
3176 5466 3245 5521 ad
3276 5463 3571 5525 πιστεύειν,
3611 5476 3723 5519 non

2373 5557 2550 5597 μενον.
2580 5550 2778 5597 posito.

2216 5470 2328 5543 (δε)
2395 5472 2430 5544 ὴ
2463 5470 2579 5540 γέν.
2607 5471 2732 5526 Des.
2758 5471 2776 5526 i

2148 5541 2216 5596 ad
2240 5490 2550 5614 «vim»

2227 5607 2340 5683 (85)
2372 5607 2717 5675 ἀύτός.Ἐά.
2754 5613 2913 5683 Horn.
2947 5618 3006 5665 et
3030 5607 3290 5683 Lips._ot‘i.

2231 5678 2342 5753 (84)
2374 5683 2454 5744 εἰς
2482 5683 2584 5753 τὴν
2611 5699 2664 5734 κ.
2698 5699 2746 5735 τ.
2780 5681 2827 5733 λ.
2852 5681 3011 5735 Ἡίιηο
3037 5678 3311 5735 humiliam
3335 5678 3727 5751 Chrysostomo

2157 5753 2402 5810 nonnulli
2435 5752 2683 5807 tribuunt
2704 5793 2717 5807 .
