4090 6416
397 381 496 447 2’11

1390 391 1878 454 THEODORETI
1917 396 2257 459 EPISCOPI
2297 399 2664 462 CYRENSIS

3575 397 3683 463 212

395 509 512 548 ram
540 493 932 557 immanitatis,
983 495 1319 552 cernebatur
1371 501 1676 556 secundum
1733 521 1979 571 carnem,

2087 507 2188 576 τὴν
2222 507 2423 578 σάρκα,
2458 508 2693 580 ἀόρατος
2727 509 2871 563 κατά
2921 509 2982 564 τδ
3017 511 3268 581 πνεῦμα·
3305 515 3676 587 κρατούμενος

393 602 505 640 non
528 585 860 640 cernebatur
886 588 1191 643 secundum
1225 591 1486 660 spiritum
1521 611 1535 660 ;
1589 597 1983 652 continebatur

395 677 703 731 secundum
744 692 966 746 corpus,
993 679 1267 733 contineri
1292 696 1399 734 non
1434 692 1649 752 poterat
1675 687 1981 742 secundum

392 766 574 820 Verba
584 782 634 819 m
647 808 657 819 .

391 880 553 934 Attici
599 881 827 936 eviscovi
880 879 1484 956 Cons_tantinopolitani,
1529 901 1591 940 ea:
1635 885 1859 956 epistola
1912 886 1985 940 ad

329 968 332 970 ·
999 952 1375 1024 Eupsychium.

469 1063 609 1131 Quid
638 1082 768 1138 ergo
796 1066 976 1122 facere
998 1065 1017 1084 ⁶
1036 1068 1285 1138 oportuit
1327 1068 1845 1139 sapientissimum?
1873 1071 1979 1126 As-

393 1168 626 1228 sumptae
672 1160 858 1214 carnis
915 1159 1258 1223 interventu,
1309 1169 1366 1214 et
1420 1161 1519 1214 Dei
1551 1161 1718 1216 Verbi
1774 1163 1979 1217 unione

391 1266 518 1304 cum
552 1251 773 1306 homine
807 1269 874 1305 ex
909 1251 1078 1306 Maria
1127 1260 1278 1317 nato,
1313 1251 1377 1306 fit
1430 1261 1751 1322 utrumque,
1790 1262 1850 1306 ut
1884 1253 1980 1322 qui

389 1357 463 1398 ex
496 1353 733 1413 utroque
769 1344 957 1398 unitus
988 1353 1107 1399 erat
1139 1344 1414 1408 Christus,
1443 1343 1736 1399 divinitate
1786 1343 1978 1414 dispo-

390 1450 552 1499 nens,
591 1435 646 1489 in
669 1451 767 1490 sua
789 1435 1144 1506 impassibilis
1165 1444 1377 1490 natum
1408 1443 1658 1491 maneret
1684 1435 1978 1507 dignitate,

389 1527 446 1581 e't
481 1544 644 1583 carne
680 1529 1047 1598 congrediens
1071 1544 1197 1583 cum
1230 1537 1433 1594 morte,
1473 1529 1638 1583 simul
1689 1535 1979 1600 cognatam

391 1619 576 1674 carnis
605 1629 856 1674 naturam
883 1621 1110 1675 doceret
1133 1632 1371 1677 mortem
1409 1638 1507 1692 per
1567 1630 1807 1676 mortem
1842 1637 1979 1676 con-

395 1723 661 1778 temnere,
700 1714 866 1769 simul
899 1716 1069 1771 etiam
1092 1717 1220 1771 novi
1257 1717 1596 1773 Testamenti
1615 1718 1742 1788 jura
1800 1726 1979 1773 morte

394 1818 493 1857 sua
514 1802 889 1858 confirmanet.

389 2001 822 2076 Cyrilliepiscopi
855 2006 1243 2090 Alexandrini,
1281 2024 1344 2062 ea:
1385 2008 1612 2080 epistola
1676 2007 1746 2063 ad
1789 2007 1982 2064 Nesto-

1099 2095 1263 2133 ιἰιιηι.

459 2189 527 2244 Ει
567 2191 717 2260 quod
762 2190 996 2245 diversa:
1040 2191 1268 2261 quidem
1320 2193 1431 2247 sint
1479 2202 1712 2258 natura},
1748 2210 1868 2264 qum
1920 2193 1974 2248 in

385 2297 576 2336 veram
606 2282 874 2337 unitatem
897 2284 1246 2348 coaluerunt,
1274 2301 1418 2339 unus
1443 2293 1623 2340 tamen
1651 2302 1718 2339 ex
1745 2294 1976 2355 utraque

387 2372 535 2427 Deus
573 2389 638 2428 ac
667 2374 864 2440 Filius,
900 2390 1012 2427 non
1047 2375 1264 2429 sublata
1304 2386 1624 2430 naturarum
1662 2376 1976 2431 diﬂerentia

387 2473 616 2534 propter
640 2467 1291 2539 unionem—Ejusdem,
1332 2487 1395 2523 ea:
1427 2470 1649 2540 epistola
1682 2472 1844 2541 168
1881 2471 1979 2525 ad-

388 2574 565 2612 versus
581 2559 898 2614 Orientales.
918 2562 1160 2616 Duarum
1179 2563 1328 2616 enim
1346 2570 1667 2617 naturarum
1689 2564 1821 2618 unio
1835 2563 1977 2618 facta

386 2657 509 2703 est:
572 2650 698 2706 ideo
751 2669 920 2707 unum
976 2653 1280 2718 Christum,
1325 2669 1498 2708 unum
1536 2654 1758 2720 Filium,
1801 2670 1975 2709 unum

387 2742 681 2799 Dominum
730 2745 1081 2802 confitemur.
1133 2745 1449 2801 Secundum
1486 2747 1630 2801 hanc
1674 2746 1978 2801 inconfusa:

387 2832 609 2887 unionis
652 2833 1094 2905 intelligentiam,
1131 2835 1460 2890 confitemur
1503 2844 1750 2891 sanctam
1789 2836 1974 2905 Virgi-

387 2941 514 2980 nem
541 2940 663 2981 esse
690 2927 1000 2996 Deiparam,
1037 2927 1185 2996 quod
1219 2928 1315 2983 Dei
1357 2929 1598 2983 Verbum
1628 2927 1974 2982 inearnatum

387 3027 446 3073 et
467 3019 632 3074 homo
669 3018 894 3084 factum,
925 3029 981 3075 et
1010 3035 1074 3074 ex
1112 3021 1228 3090 ipsa
1275 3022 1643 3091 conceptione
1685 3021 1793 3075 sibi
1839 3030 1976 3075 tem-

390 3113 540 3181 plum
555 3127 623 3166 ex
642 3128 706 3167 ea
729 3123 1006 3184 sumptum
1030 3116 1255 3170 unierit.
1279 3147 1342 3155 —
1361 3115 1635 3186 Ejusdem.
1654 3114 1809 3168 Unus
1825 3114 1972 3168 enim

389 3204 654 3258 Dominus
686 3204 847 3260 Jesus
869 3205 1143 3270 Christus,
1163 3207 1380 3261 etiamsi
1409 3222 1518 3259 non
1551 3205 1826 3276 ignoretur
1866 3203 1974 3256 dif—
2005 3235 2045 3290 Ο

391 3295 620 3350 ferentia
647 3307 994 3363 naturarum,
1025 3314 1094 3352 ex
1126 3298 1331 3368 quibus
1353 3297 1550 3352 factam
1575 3297 1810 3352 dicimus
1833 3295 1976 3349 inef-

390 3387 609 3443 fabilem
647 3389 1298 3460 unionem.——Ejusdem.
1341 3381 1656 3444 Laudantes
1689 3388 1875 3459 igitur,
1918 3396 1978 3440 ut

390 3476 527 3541 dixi,
559 3478 782 3532 modum
819 3480 1239 3543 incarnationis,
1275 3479 1529 3534 videmus
1567 3478 1704 3533 duas
1752 3487 1978 3532 naturas

391 3568 536 3622 inter
562 3583 621 3622 se
658 3570 985 3626 convenisse
1022 3571 1227 3626 unione
1276 3569 1654 3640 inseparabili,
1693 3568 1812 3623 sine
1847 3584 1979 3624 eon-

391 3659 627 3723 fusione,
667 3669 722 3715 et
762 3661 881 3716 sine
914 3662 1209 3717 divisione.
1250 3661 1392 3717 Caro
1425 3661 1573 3715 enim
1617 3675 1746 3715 caro
1780 3669 1884 3724 est,
1922 3670 1978 3714 et

394 3767 501 3805 non
541 3751 821 3818 divinitas,
864 3753 1082 3808 etiamsi
1118 3754 1214 3808 Dci
1248 3767 1378 3806 caro
1404 3752 1547 3806 facta
1586 3752 1659 3807 sit
1710 3751 1977 3807 Similiter

390 3844 554 3896 etiam
589 3842 828 3896 Verbum
863 3853 969 3908 est,
1007 3850 1063 3897 et
1092 3857 1202 3896 non
1231 3859 1382 3906 caro,
1425 3843 1644 3898 etiamsi
1695 3842 1975 3913 propriam

387 3933 497 3989 sibi
526 3950 752 3989 carnem
773 3934 967 3990 fecerit
987 3950 1086 4004 per
1111 3935 1596 4005 dispensationem.
1617 3935 1974 4006 —-—Ejusdem,

391 4043 445 4080 ιη
483 4029 804 4097 expositione
837 4027 1090 4098 Epistola:
1121 4030 1191 4082 ad
1211 4028 1474 4085 Hebraeos.
1528 4029 1642 4085 Etsi
1685 4029 1834 4084 enim
1890 4029 1977 4083 di-

392 4134 568 4173 versae
606 4134 672 4173 ac
705 4119 851 4174 inter
884 4136 944 4175 se
981 4121 1276 4190 inaequales
1323 4123 1703 4193 intelligantur
1734 4122 1801 4176 ad
1853 4121 1977 4176 uni-

395 4219 560 4265 tatem
589 4219 798 4266 natura:
839 4214 1208 4278 concurrisse,
1243 4215 1448 4281 carnis,
1485 4215 1730 4286 inquam,
1769 4224 1825 4269 ct
1855 4214 1976 4279 Dei,

395 4320 536 4357 unus
555 4313 735 4358 tamen
755 4305 936 4360 factus
957 4315 1041 4362 est
1066 4307 1160 4377 qui
1185 4324 1252 4362 ex
1275 4309 1524 4379 utrisque
1546 4316 1766 4363 constat
1783 4308 1974 4361 Filius.

391 4395 748 4466 “Ejusdem,
799 4398 856 4451 in
893 4401 1215 4470 expositione
1274 4402 1509 4473 ejusdem
1543 4399 1820 4470 Epistolis.
1861 4400 1979 4454 Etsi

393 4488 609 4543 dicatur
643 4489 984 4560 unigenitum
1019 4494 1116 4548 Dei
1159 4495 1401 4549 Verbum
1432 4495 1582 4549 carni
1615 4493 1980 4562 personaliter

2051 602 2059 612 '
2088 601 2228 654 κατά
2251 601 2310 654 τὸ
2343 602 2524 672 σῶμα,
2555 602 2866 674 ἀκράτητος
2889 603 3033 658 κατὰ
3067 604 3161 658 τὸν
3189 607 3385 674 Λόγον.

2096 885 2422 958 Ἀττωροῦ,Δ
2481 886 2824 958 ἐπισκόπου
2919 886 3623 958 Κωνσταντινουπόλέως
3655 931 3672 956 ,

2245 955 2315 1009 ἐκ
2349 954 2461 1024 τῆς
2495 956 2608 1028 (85)
2643 959 2795 1026 πρὸς
2822 961 3139 1029 Εὐψύχιον
3161 962 3514 1030 ἐπιστολῆς.

2155 1068 2221 1120 Τί
2245 1069 2425 1121 τοίνυν
2457 1071 2624 1142 ὲχρῆν
2651 1072 2743 1125 τὸν
2771 1074 3046 1143 πάνσοφον
3094 1075 3625 1146 πραγματεύσασθαι
3655 1092 3672 1141 ;

2082 1161 2352 1233 Μεσιτεῐᾳ
2382 1163 2483 1232 τῆς
2511 1164 2954 1235 προσληφθείσης
2989 1148 3213 1239 σαρκὸς,
3242 1169 3337 1222 καὶ
3365 1168 3558 1222 ὲνὼσει
3577 1170 3671 1223 τοῦ

2082 1250 2220 1304 Θεοῦ
2254 1251 2428 1320 Λόγου
2456 1253 2590 1324 πρὸς
2620 1252 2711 1306 τὸν
2746 1256 2811 1306 ὲκ
2838 1254 3057 1326 Μαρίας
3085 1255 3393 1326 ἄνθρωπον,
3434 1255 3672 1327 ἑκάτερα

2082 1342 2330 1410 γίνεται,
2375 1342 2517 1396 ὥστε
2572 1343 2664 1396 τὸν
2721 1343 2781 1409 ἐξ
2831 1346 3036 1414 ἀμφοῖν
3084 1346 3363 1417 ἡνωμένον
3412 1346 3670 1417 Χριστὸν,

2083 1434 2300 1505 θεότητι
2326 1434 2428 1506 μὲν
2457 1435 2853 1506 διατιθέμενον,
2887 1438 2982 1491 ἐπὶ
3006 1437 3100 1492 τοῦ
3133 1438 3338 1491 οίκείου
3369 1441 3547 1508 μεῖναι
3569 1437 3670 1508 τῆς

2082 1526 2330 1590 ἀπαθοῦς
2363 1525 2578 1595 φύσεως
2613 1527 2947 1600 ἀξιώματος,
2981 1531 3148 1600 σαρκὶ
3167 1530 3224 1582 δὲ
3250 1529 3466 1597 θανάτῳ
3498 1546 3671 1600 προσ-

2081 1611 2443 1682 ομιλήσαντα,
2485 1613 2621 1684 ὁμοῦ
2677 1596 2776 1685 μὲν
2827 1596 3106 1684 ἀποδεῖξαι
3161 1621 3230 1688 τῇ
3280 1596 3672 1689 ὁμοφύλῳντῆς

2084 1706 2289 1777 σαρκὸς
2314 1705 2473 1775 φύσει
2502 1706 2600 1778 τὴν
2625 1707 2766 1762 κατά
2789 1708 2882 1761 τοῦ
2915 1709 3149 1763 θανάτου
3183 1709 3273 1764 διὰ
3311 1709 3406 1763 τοῦ
3433 1710 3668 1766 θανάτου

2082 1798 2408 1870 ὑπεροψίαν,
2455 1799 2591 1870 ὁμοῦ
2635 1800 2692 1853 δὲ
2745 1801 3110 1873 κρατύνεσθαι
3168 1805 3233 1875 τῇ
3290 1803 3515 1873 τελευτῇ
3571 1802 3672 1874 τῆς

2011 1864 2052 1922 Β
2084 1864 2282 1961 καινῆς
2313 1864 2591 1964 Διαθήέιης
2620 1890 2690 1946 τά
2717 1864 2924 1947 aii-casa.

2085 2006 2411 2076 Κυρίλλου,
2440 2005 2780 2078 ἐπισκόπου
2816 2005 3293 2078 Ἀλεξανδρείας.
3322 2007 3392 2060 ἐκ
3419 2005 3532 2078 (86)
3559 2004 3672 2074 τῆς
3695 1991 3698 1993 ’

2419 2075 2572 2142 πρὸς
2608 2074 2940 2144 Νεστόριον
2970 2076 3324 2146 ἐπιστολῆς.

2153 2190 2265 2245 Καὶ
2289 2189 2370 2242 ὅτι
2399 2189 2650 2258 διάφοροι
2678 2189 2778 2259 μὲν
2822 2189 2879 2241 αἱ
2909 2188 3045 2260 πρὸς
3099 2187 3330 2259 ἑνότητα
3384 2189 3485 2258 τὴν
3537 2187 3670 2256 ἁλη-

2081 2283 2237 2353 θινὴν
2283 2283 2688 2352 συνενεχθεῖσαι
2723 2283 2836 2354 (87)
2873 2282 3086 2352 φύσεις,
3136 2277 3217 2346 εἷς
3259 2283 3303 2334 δ’
3353 2281 3412 2348 ἐξ
3466 2282 3670 2351 ἀμφοῖν

2079 2377 2213 2441 Θεὸς
2252 2377 2348 2430 καὶ
2378 2377 2508 2439 Υἱὸς
2544 2375 2678 2444 (88).
2709 2376 2808 2445 οὐχ
2839 2375 2915 2438 ὡς
2945 2376 3044 2444 τῆς
3075 2375 3184 2427 τῶν
3219 2374 3436 2442 φύσεων
3481 2373 3670 2442 διαφο-

2082 2472 2181 2542 ρᾶς
2209 2470 2565 2542 ἀνῃρημένης
2587 2468 2675 2521 διὰ
2689 2467 2789 2538 τὴν
2808 2468 3023 2521 ἕνωσιν.
3037 2498 3109 2506 —-
3129 2465 3239 2520 Τοῦ
3251 2465 3459 2530 αὐτοῦ,
3474 2465 3542 2518 ἐκ
3556 2464 3666 2536 (89)

2079 2562 2191 2631 τῆς
2229 2563 2381 2631 πρὸς
2414 2561 2557 2626 τοὺς
2589 2560 2988 2626 dicaram):on
3018 2558 3374 2627 ἐπιστολῆς.
3422 2559 3526 2612 Δύο
3556 2557 3668 2628 γὰρ

2078 2654 2296 2724 φύσεων
2325 2653 2520 2714 ἓνωσις
2546 2651 2759 2720 γέγονε·
2787 2651 2868 2705 διὸ
2914 2652 3010 2705 ἕνα
3060 2651 3316 2723 Χριστὸν,
3364 2650 3462 2703 ἕνα
3512 2649 3664 2713 Υίὺν,

2077 2744 2174 2799 Eva
2231 2744 2437 2816 Κύριον
2493 2741 2884 2812 ὁμολογοῦμεν.
2929 2740 3087 2794 Κατὰ
3142 2740 3346 2811 ταύτην
3405 2739 3506 2811 τὴν
3566 2738 3666 2809 τῆς

2077 2835 2388 2906 ἀσυγχύτου
2424 2833 2671 2897 ὲνώσεως
2701 2833 2932 2895 ἔννοιαν,
2970 2831 3343 2902 ὁμολογοῦμεν
3375 2831 3472 2901 τὴν
3502 2827 3667 2898 ἁγίαν

2079 2926 2358 2997 Παρθένον
2392 2924 2678 2988 Θεοτόκον,
2709 2923 2800 2976 διὰ
2831 2924 2923 2976 τὸν
2945 2923 3038 2975 τοῦ
3067 2922 3202 2976 Θεοῦ
3242 2923 3413 2991 Λόγον
3445 2939 3665 2994 σαρκω-

2079 3019 2238 3090 θῆναι
2268 3018 2363 3071 καὶ
2388 3016 2828 3088 ὲνανθρωπῆσαι,
2873 3017 2968 3069 καὶ
3017 3015 3075 3080 ἐξ
3122 3015 3296 3084 αὐτῆς
3331 3016 3434 3086 τῆς
3468 3014 3667 3085 συλλή-

2077 3111 2223 3182 ψεως
2261 3110 2461 3164 ὲνῶσαι
2497 3107 2676 3178 ἑαυτῷ
2728 3109 2821 3161 τὸν
2856 3107 2914 3173 ἐξ
2966 3107 3138 3175 αὐτῆς
3195 3105 3471 3174 ληφθέντα
3515 3105 3664 3160 ναόν.

2079 3234 2153 3245 —-—
2186 3203 2294 3257 Τοῦ
2323 3201 2530 3255 αὑτοῦ.
2551 3193 2646 3262 Εἷς
2667 3199 2776 3271 γὰρ
2798 3199 3003 3270 Κύριος
3040 3197 3245 3268 Ἰησοῦς
3269 3197 3524 3266 Χριστὸς,
3563 3197 3668 3250 κᾶν

2079 3298 2112 3366 ἡ
2156 3295 2265 3348 τῶν
2291 3292 2506 3362 φύσεων
2563 3291 2638 3362 μὴ
2695 3293 2956 3362 ἀγνοῆται
3016 3290 3272 3361 διαφορά,
3333 3290 3392 3354 ἐξ
3440 3283 3516 3343 ὧν
3567 3289 3667 3360 τὴν

2081 3386 2398 3458 ἀπόρρητον
2427 3384 2622 3437 ἕνωσιν
2647 3384 2965 3454 πεπρᾶχθαι
2990 3383 3196 3454 φαμέν.
3225 3413 3294 3422 --
3321 3382 3432 3436 Τοῦ
3454 3381 3664 3435 αὑτοῦ.

2079 3479 2368 3541 Αἰνοῦντες
2393 3479 2594 3542 τοίνυν,
2639 3477 2713 3540 ὠς
2745 3475 2902 3545 ἔφην,
2933 3478 3031 3546 τῆς
3077 3476 3546 3546 ὲνανθρωπήσεως
3575 3474 3667 3526 τὸν
3729 3471 3734 3475 ’

2079 3570 2300 3642 τρόπον,
2325 3569 2540 3638 ὁρῶμεν
2589 3569 2669 3620 ὅτι
2722 3568 2815 3620 δύο
2863 3567 3053 3635 φύσεις
3099 3565 3359 3636 συνῆλθον
3409 3564 3668 3636 ἀλλήλαις

2081 3663 2202 3717 καθ’
2227 3662 2422 3716 ἕνωσιν
2454 3662 2822 3715 ἀδιάσπαστον
2851 3659 3175 3730 ἀσυγχύτως
3197 3661 3290 3712 καὶ
3316 3658 3664 3730 ἀδιαιρέτως.

2089 3755 2156 3807 Ἦ
2186 3753 2294 3824 γὰρ
2329 3753 2467 3822 σὰρξ
2501 3751 2638 3823 σάρξ
2673 3754 2811 3815 ἐστι,
2861 3750 2957 3804 καὶ
2986 3750 3044 3802 ού
3096 3748 3287 3820 θεότης
3334 3765 3440 3812 τις,
3484 3749 3533 3800 εί
3572 3752 3667 3801 καὶ

2081 3845 2271 3914 γέγονε
2303 3842 2439 3896 Θεοῦ
2497 3841 2656 3913 σάρξ.
2699 3843 2932 3912 Ὁμοίως
2986 3842 3043 3896 δὲ
3091 3842 3185 3895 καὶ
3234 3844 3261 3895 ὀ
3311 3841 3486 3909 Λόγος
3536 3840 3668 3904 Θεός

2082 3939 2222 3999 ἐστι,
2256 3938 2352 3990 καὶ
2383 3937 2445 3988 ού
2479 3934 2638 4008 σὰρξ,
2666 3935 2715 3987 εί
2742 3935 2837 3988 καὶ
2864 3935 3000 3987 ἰδίαν
3029 3936 3324 4003 ἐποιήσατο
3355 3933 3454 4003 τὴν
3488 3931 3668 4004 σάρκα

2081 4029 2459 4101 οἰκονομικῶς.
2491 4059 2562 4070 ——
2597 4030 2710 4083 Τοῦ
2748 4029 2936 4083 αὑτοῦ
2963 4031 3051 4094 εἰς
3075 4027 3186 4097 (90)
3209 4026 3531 4095 ἑρμηνείαν
3554 4023 3679 4091 τῆς.-

2081 4123 2230 4192 πρὸς
2284 4122 2592 4190 Ἐϐραίους
2643 4120 2996 4184 ἐπιστολῆς.
3059 4120 3122 4170 Εἰ
3175 4117 3285 4187 γὰρ
3320 4117 3414 4170 καὶ
3466 4118 3668 4168 νοοῖντο

2081 4215 2348 4285 διάφοροι,
2386 4214 2478 4265 καὶ
2502 4211 2760 4282 ἀλλήλαις
2782 4211 2979 4272 ἄνισοι,
3019 4211 3128 4262 τῶν
3159 4211 3239 4271 εἰς
3271 4209 3498 4278 ἑνότητα
3542 4224 3668 4260 συν-

2081 4308 2500 4380 δεδραμηκότων
2528 4307 2582 4358 αἱ
2633 4304 2843 4374 φύσεις,
2878 4305 3077 4373 σαρκὸς
3110 4303 3166 4356 δὲ
3191 4303 3337 4370 λέγω
3365 4303 3462 4354 καὶ
3507 4299 3664 4365 Θεοῦ,

2082 4401 2199 4453 ἀλλ’
2216 4397 2307 4453 οὖν
2327 4394 2407 4462 εἷς
2422 4398 2717 4468 γενόμενος
2731 4399 2758 4450 ό
2775 4397 2835 4460 ἐξ
2853 4397 3055 4466 ἀμφοῖν
3074 4396 3220 4459 Υἱός.
3240 4425 3310 4435 -
3329 4395 3436 4448 Τοῦ
3454 4393 3664 4458 αὑτοῦ,

2081 4491 2171 4555 είς
2205 4490 2321 4556 τὴν
2351 4489 2675 4558 ἑρμηνείαν
2703 4486 2812 4555 τῆς
2846 4487 3037 4554 αὐτῆς
3069 4485 3424 4551 ἐπιστολῆς.
3471 4483 3588 4537 Κᾶν
3619 4486 3672 4536 εἰ

395 4581 409 4596 '
446 4578 679 4644 unitum,
720 4595 830 4634 non
877 4581 1110 4638 dicimus
1161 4593 1345 4640 tamen
1396 4593 1720 4637 naturarum
1747 4584 1892 4637 inter
1917 4597 1976 4636 se

2081 4581 2291 4649 λέγοιτο
2321 4579 2484 4650 τυχὸν
2513 4579 2755 4650 ἡνῶσθαι
2787 4579 2952 4650 σαρκὶ
2979 4577 3099 4630 καθ’
3124 4578 3420 4630 ὑπόστασιν
3445 4578 3473 4629 ὁ
3512 4593 3664 4644 μονο-

394 4669 590 4723 t'actam
617 4686 736 4726 esse
755 4673 918 4726 ullam
941 4675 1341 4740 confusionem,
1361 4673 1456 4728 sed
1477 4682 1770 4742 utramque
1792 4673 1979 4742 potius

394 4761 449 4815 id
492 4778 613 4816 esse
665 4764 811 4833 quod
860 4767 1343 4837 est.——Ejusdem,
1403 4782 1468 4819 ea:
1501 4764 1746 4820 Scholiis.
1805 4765 1980 4820 Homo

393 4851 709 4908 nominatus
749 4864 852 4918 est,
895 4871 1020 4910 cum
1052 4857 1124 4910 sit
1151 4865 1348 4909 natura
1376 4857 1541 4921 Deus,
1580 4856 1727 4925 quod
1757 4872 1824 4911 ex
1849 4857 1980 4911 Vir-

393 4942 518 5011 gine
563 4953 754 4999 natum
778 4954 864 5000 est
894 4947 988 5000 Dei
1023 4947 1200 5002 Patris
1231 4947 1496 5012 Verbum,
1529 4949 1789 5018 quoniam
1822 4949 1979 5004 simi—

394 5035 519 5089 liter
541 5051 605 5090 ac
636 5052 736 5091 nos
770 5038 1023 5106 sanguini
1061 5039 1490 5092 communicavit
1523 5049 1580 5094 et
1609 5041 1848 5095 carni“.
1890 5040 1981 5096 Sic

395 5127 540 5179 enim
573 5127 627 5180 in
659 5127 822 5180 terris
844 5129 1116 5197 apparuit,
1151 5130 1312 5199 169
1335 5147 1446 5184 non
1470 5131 1728 5188 amittens
1749 5132 1805 5188 id
1833 5134 1979 5204 quod

395 5227 532 5280 erat,
567 5216 664 5271 sed
722 5232 1009 5273 assumens
1052 5220 1412 5276 humanitatis
1460 5231 1714 5279 naturam
1772 5225 1828 5282 in
1883 5243 1983 5282 sua

467 5379 510 5410 ⁶¹
546 5377 710 5434 llebr.
745 5395 779 5432 ιι
838 5379 924 5431 Μ.

471 5512 581 5586 (.85)
623 5515 688 5586 εκ
720 5514 818 5586 τῇς
852 5529 906 5567 κ.
930 5531 986 5586 τ.
1022 5524 1070 5566 Α.
1116 5513 1347 5568 Unicum
1395 5510 1760 5584 fragmentum
1805 5513 1972 5586 hujus

400 5584 682 5650 scriptoris
703 5598 733 5637 a
758 5583 1106 5638 'l‘heodoreto
1135 5591 1431 5636 servatum.

472 5651 581 5723 (86)
616 5653 1024 5707 ὲκ-ὲπιστολ,
1061 5653 1187 5707 1ῘὶΕο
1244 5663 1328 5707 est
1381 5661 1574 5721 quarta
1625 5654 1880 5723 epistola,
1918 5655 1970 5710 in

398 5724 528 5778 edit.
561 5723 646 5777 Jo.
679 5723 926 5787 Auberli,
956 5733 995 5778 t.
1024 5723 1089 5787 ν,
1130 5739 1182 5792 p.
1220 5739 1275 5785 ιι,
1308 5739 1361 5793 p.
1399 5723 1488 5777 25.

493 5794 582 5858 87)
623 5810 798 5864 συνεν.
833 5794 978 5849 Loco
1003 5794 1096 5847 cit.
1125 5802 1208 5847 est
1238 5794 1606 5864 συναχθεῖσαι.

493 5796 582 5858 87)
623 5810 798 5846 συνεν.
833 5796 978 5849 Loco
1003 5796 1096 5847 cit.
1125 5802 1208 5847 est
1238 5796 1606 5864 συναχθεῖσαι.

471 5796 584 5938 (88)
619 5863 693 5919 Ib.
727 5863 802 5929 ἐξ.
833 5864 1154 5936 ἀμφοτέρων
1181 5865 1417 5935 Χριστὸς
1445 5865 1536 5918 καὶ
1567 5867 1709 5930 Υἱός.

2081 4672 2246 4743 γενὴς
2277 4672 2372 4724 τοῦ
2409 4671 2546 4724 Θεοῦ
2596 4671 2789 4739 Λόγος,
2835 4672 2934 4722 οὐκ
2981 4669 3246 4739 ἀνάχυσίν
3286 4685 3409 4721 τινα
3442 4668 3542 4736 τὴν
3588 4669 3670 4730 εἰς

2080 4767 2317 4838 ἀλλήλας
2347 4765 2456 4819 τῶν
2505 4765 2721 4833 φύσεων
2777 4762 3093 4834 πεπράχθαι
3149 4762 3348 4830 φαμὲν,
3402 4759 3568 4830 οὔσης
3610 4759 3669 4812 δὲ

2085 4861 2286 4931 μᾶλλον
2322 4861 2589 4931 ἑκατέρας
2615 4859 2762 4913 τοῦθ’
2786 4861 2923 4929 ὅπερ
2955 4857 3198 4910 ὲστίν.-
3225 4854 3340 4909 Τοῦ
3364 4854 3575 4918 αὑτοῦ,
3600 4853 3669 4906 ἐκ

2083 4953 2187 5007 τοῦ
2221 4952 2339 5007 ἀπὸ
2372 4950 2490 5005 τῶν
2519 4952 2810 5021 Σχολίων.
2844 4948 3164 5019 Ἀνθρωπος
3193 4946 3304 5014 (91)
3329 4945 3669 5015 ὠνόμασται,

2083 5045 2262 5100 καίτοι
2285 5044 2427 5097 κατὰ
2452 5043 2612 5112 φύσιν
2639 5043 2903 5112 ὑπάρχων
2925 5040 3075 5104 Θεὸς,
3104 5042 3132 5092 ὁ
3159 5041 3221 5093 ἐκ
3243 5037 3522 5108 Παρθένου
3557 5036 3668 5107 (9'2)

2083 5136 2297 5210 Πατρὸς
2329 5137 2524 5205 Λόγος,
2551 5135 2627 5199 ὡς
2661 5133 3016 5206 μετεσχηκὼς
3038 5132 3270 5201 αἵματος
3319 5129 3415 5183 καὶ
3467 5129 3670 5199 σαρκὸς

2085 5229 2487 5301 παραπλησίως
2516 5228 2668 5298 ἡμῖν.
2709 5223 2886 5296 Ὠφθη
2917 5223 3028 5296 γὰρ
3072 5220 3216 5275 οὕτω
3242 5222 3356 5284 τοῖς
3402 5221 3496 5274 ἐπὶ
3539 5219 3666 5289 γῆς,

2153 5513 2263 5583 (89)
2296 5517 2646 5570 ὲκ-ὲπιστ,
2702 5515 2892 5570 Exstat
2925 5513 2978 5568 in
3039 5512 3172 5567 edit.
3210 5512 3460 5577 Aubcrti,
3499 5521 3536 5566 t.
3580 5511 3667 5577 Vl,

2079 5601 2134 5655 p.
2172 5586 2274 5639 157
2296 5601 2411 5654 seq.

2155 5655 2264 5723 (90)
2299 5653 2389 5715 ειξ
2418 5674 2472 5708 κ.
2500 5674 2548 5710 τ.
2583 5656 2633 5710 λ.
2667 5654 2950 5709 lntcrcidit
2981 5653 3080 5708 istc
3109 5653 3266 5708 liber.

2156 5659 2243 5723 (9t)
2299 5659 2378 5715 είς
2418 5674 2472 5708 κ.
2500 5674 2548 5710 τ.
2583 5659 2633 5710 λ.
2667 5659 2950 5709 lntcrcidit
2981 5659 3080 5708 istc
3109 5659 3266 5708 liber.

2156 5659 2266 5794 (9|;
2308 5725 2626 5795 Ἀνθρωπος
2653 5743 2706 5779 κ.
2743 5743 2792 5776 τ.
2821 5726 2868 5778 λ.
2917 5723 3016 5777 llic
3058 5725 3213 5779 locus
3244 5731 3419 5779 exstat
3450 5723 3503 5777 in
3535 5721 3667 5778 edit.

2086 5795 2334 5859 Auhcrti,
2366 5804 2402 5849 t.
2434 5796 2496 5860 V,
2526 5813 2578 5864 p.
2613 5813 2649 5859 ι,
2683 5812 2734 5865 p.
2771 5795 2891 5850 780.

2162 5867 2272 5937 (92)
2303 5867 2466 5940 παρθ.
2504 5863 2651 5923 Loco
2683 5863 2776 5921 cit.
2802 5876 2884 5922 est
2909 5863 3068 5922 Θεοῦ.
