4090 6420
418 375 525 443 215

1407 384 1891 445 TIIEODORETI
1933 383 2270 444 EPISCOPI
2309 384 2674 445 CYRENSIS

3575 371 3682 437 2Ῑῦ

420 489 489 545 sit
525 490 828 544 secundum
868 507 1112 559 carnem,
1146 493 1377 549 alterius
1405 504 1490 549 est
1519 497 1842 551 substantiae
1863 513 2000 566 qua-

2107 497 2224 548 ἐστι
2252 496 2385 549 καθὸ
2416 497 2590 564 Λόγος
2634 494 2728 547 καὶ
2772 492 3079 561 ἄνθρωπος.
3102 521 3170 530 --
3205 487 3312 544 Kal
3343 487 3576 556 ἑτέρωθι
3614 487 3682 538 δὲ

422 591 584 636 tenus
631 581 870 636 Verbum
925 593 981 638 et
1010 584 1176 640 homo
1220 586 1491 641 est.——Et
1550 587 1680 642 alibi
1727 591 1802 643 sic
1853 590 1997 643 dicit.

424 672 704 727 llistarum
721 690 902 729 verum
919 675 1212 745 qualitates
1224 679 1670 744 commiscentur,
1687 695 1794 733 non
1827 681 2000 734 inter-

422 775 576 818 eunt.
625 764 745 830 Quo
783 766 844 818 fit
877 776 938 821 ut
981 770 1244 824 nonnulla
1281 785 1313 824 a
1340 771 1519 825 mistis
1551 781 1895 840 separentur,
1941 781 2002 826 ut

421 855 611 908 vinum
651 856 721 909 ab
764 872 926 926 aqua.
973 860 1085 914 Nec
1123 861 1430 916 commistio
1459 877 1584 916 cum
1610 877 1856 932 corpore,
1901 879 2003 917 nec

423 948 1007 1018 qualisestcorpornm
1033 966 1156 1006 cum
1200 954 1544 1021 corporibus,
1579 953 1676 1008 sed
1721 965 2002 1024 segregata

2107 587 2261 640 οὕτω
2335 588 2508 656 φησί.
2579 585 2700 638 Τῶν
2767 571 3225 652 συγκιρναμένων
3282 581 3338 634 ai
3400 581 3683 646 ποιότητες

2107 679 2463 750 κεράννυνται
2507 719 2522 741 ,
2594 679 2693 730 οὐκ
2756 676 3105 730 ἀπόλλυνται.
3173 675 3335 725 ’Ὥστε
3403 671 3526 724 τινὰ
3591 671 3683 723 καὶ

2107 771 2408 824 διίστανται
2437 770 2544 822 ἀπὸ
2577 769 2686 821 τῶν
2713 766 3210 838 συγκερασθέντων,
3249 763 3502 833 καθάπερ
3542 758 3680 823 οἶνος

2109 862 2217 916 ἀπὸ
2248 860 2458 924 ὓδατος.
2514 861 2647 914 Οὐδὲ
2684 859 2818 928 πρὸς
2855 859 3015 927 σῶμα
3049 857 3372 925 σύγκρασις,
3419 854 3541 906 οὐδὲ
3596 854 3683 906 οἵα

2109 952 2381 1023 σωμάτων
2414 952 2552 1024 πρὸς
2580 950 2828 1022 σώματαο
2863 949 2978 1004 ἀλλ’
3007 948 3208 1018 ἔχουσα
3237 947 3331 1000 καὶ
3362 945 3422 998 τὸ
3460 945 3682 1014 ἀμιγὲς,

422 1037 490 1091 ab
513 1038 664 1106 1'71
695 1040 845 1093 omni
869 1041 1146 1108 mistione,
1182 1043 1252 1097 ita
1301 1054 1388 1108 ut,
1420 1044 1562 1099 sicut
1609 1060 1698 1100 res
1739 1047 1999 1114 postulat,

2109 1043 2246 1097 ὥστε
2281 1045 2374 1098 καὶ
2419 1044 2558 1114 πρὸς
2595 1044 2656 1096 τὸ
2689 1043 2806 1096 δέον
2839 1042 3096 1095 ἑκάστοτε
3142 1039 3242 1110 τὴν
3289 1039 3385 1108 τῆς
3429 1038 3685 1106 θεότητος

423 1143 644 1197 semper
685 1129 994 1186 divinitatis
1031 1135 1280 1202 operatio
1321 1135 1406 1188 vel
1447 1135 1560 1188 sola
1601 1136 1691 1199 sit,
1727 1137 1812 1190 vel
1848 1135 2002 1189 carni

422 1217 700 1287 adjuncta,
727 1223 1190 1290 quemadmodum
1227 1225 1426 1279 factum
1459 1237 1544 1280 est
1577 1225 1630 1280 in
1657 1227 1866 1297 jejunio
1892 1228 2002 1281 Do-

425 1306 583 1364 mini.
642 1307 888 1366 Admista
941 1313 1088 1366 enim
1143 1313 1449 1380 divinitate,
1489 1316 1637 1384 quod
1686 1332 1749 1370 ea
1796 1317 2004 1373 nullius

423 1407 600 1465 egeat,
643 1385 1149 1460 arcebatur-fames
1178 1423 1192 1458 :
1219 1421 1344 1460 cum
1381 1417 1564 1462 autem
1605 1423 1714 1463 non
1753 1424 2000 1479 oppone-

425 1501 506 1544 ret
537 1489 853 1561 indigentia:
881 1511 1032 1549 suam
1063 1497 1268 1551 nullius
1291 1499 1368 1552 rei
1400 1499 1777 1568 indigentiam,
1811 1511 2001 1556 exorta

420 1590 506 1634 est
545 1581 718 1638 fames
761 1585 828 1639 ad
876 1585 1082 1640 diaboli
1123 1587 1576 1645 destructionem.
1635 1590 1842 1657 Quodsi
1875 1608 2000 1647 cor-

421 1687 616 1740 porum
657 1674 844 1729 mistio
876 1692 1223 1746 nequaquam
1266 1688 1475 1735 mutata
1513 1689 1617 1744 est,
1647 1690 1854 1751 quanto
1888 1697 2004 1736 ma-

419 1762 502 1834 gis
527 1764 867 1821 divinitatis?
885 1799 954 1806 —
976 1767 1046 1821 Et
1068 1771 1124 1822 in
1148 1770 1252 1823 alio
1276 1772 1387 1824 loco
1414 1773 1522 1826 [uec
1546 1773 1689 1826 dicit.
1727 1772 1784 1827 Si
1815 1772 2000 1845 (ignis)

2057 1128 2407 1205 ”ὲνέργειαν,
2439 1137 2471 1206 ἦ
2511 1137 2756 1201 ίδιάζειν,
2785 1135 2816 1204 ἢ
2851 1133 3266 1203 ἐπιμίγνυσθαι,
3291 1130 3433 1183 καθὰ
3461 1128 3684 1198 γέγονεν

2109 1228 2202 1280 ἐπὶ
2232 1227 2334 1293 τῆς
2362 1225 2613 1296 νηστείας
2661 1225 2756 1278 τοῦ
2806 1225 3033 1295 Κυρίου.
3072 1221 3535 1291 Ἐπιμιγνυμὲνης
3583 1218 3688 1286 μὲν

2107 1318 2205 1386 τῆς
2235 1316 2487 1385 θεότητος
2524 1315 2664 1368 κατὰ
2689 1314 2752 1366 τὸ
2789 1311 3108 1383 ἀπροσδεὲς,
3138 1312 3171 1380 ἡ
3207 1312 3364 1362 πεῖνα
3391 1308 3680 1362 ὲκιυλύετοο

2107 1413 2207 1466 οὐκ
2239 1411 2549 1480 ἀντιθείσης
2591 1410 2648 1462 δὲ
2701 1412 2766 1479 τῇ
2820 1408 2997 1478 ἐνδείᾳ
3023 1407 3082 1459 τὸ
3112 1403 3486 1474 ἀπροσδεὲς,ἡ
3523 1404 3684 1454 πεῖνα

2107 1504 2342 1572 ἐγένετο,
2374 1503 2508 1572 πρὸς
2531 1501 2629 1569 τὴν
2653 1499 2747 1552 τοῦ
2775 1498 3024 1551 διαϐόλου
3050 1496 3365 1550 κατάλυσιν.
3399 1495 3459 1547 Et
3492 1493 3548 1545 δὲ
3574 1491 3684 1544 τῶν

2111 1593 2378 1664 σωμάτων
2409 1593 2444 1662 ἡ
2496 1589 2640 1660 μίξις
2691 1591 2792 1642 οὐκ
2839 1587 3074 1657 ἠλλάγη,
3109 1587 3260 1656 πόσῳ
3297 1583 3496 1655 μᾶλλον
3523 1583 3557 1652 ἡ
3581 1581 3684 1650 τῆς

2108 1683 2389 1751 θεότητος;
2424 1709 2494 1720 —-
2518 1679 2623 1733 Kal
2651 1679 2721 1730 ὲν
2749 1677 2926 1744 ἑτέρῳ
2953 1677 3019 1728 δὲ
3051 1675 3242 1744 χωρίῳ
3255 1672 3441 1726 ταῦτὰ
3470 1686 3681 1740 φησιν.

2111 1776 2171 1828 Εἰ
2203 1777 2236 1843 ἡ
2278 1774 2412 1842 πρὸς
2446 1773 2661 1840 σίδηρον
2685 1771 3006 1838 ἀνάκρασις,
3051 1765 3159 1836 πῦρ
3188 1763 3552 1818 ἀποδεικνῦσα
3583 1761 3682 1814 αὑ-

420 1868 544 1908 cum
589 1855 738 1910 ferro
783 1859 1117 1924 commistio,
1153 1875 1275 1928 quae
1323 1861 1532 1916 ferrum
1591 1862 1770 1932 ipsum
1819 1864 2000 1934 ignem

2103 1867 2194 1920 τὸν
2222 1866 2298 1933 t7)
2335 1865 2571 1936 σίδηρον.
2611 1863 2686 1925 ὡς
2735 1861 2832 1913 καὶ
2887 1859 2956 1912 τὰ
2998 1857 3166 1927 πυρὸς
3216 1853 3566 1924 ἐργάζεσθαι,
3620 1851 3684 1904 οὐ

419 1943 572 2012 facit,
609 1946 684 2000 ita
723 1957 782 2001 ut
807 1964 872 2004 ea
900 1949 1066 2005 faciat
1095 1966 1218 2021 quae
1251 1952 1393 2023 ignis
1418 1963 1568 2019 sunt,
1595 1956 1716 2025 ejus
1750 1965 2001 2010 naturam

416 2050 529 2089 non
578 2047 786 2104 mutat;
842 2055 947 2094 nec
988 2041 1085 2094 Dei
1131 2057 1257 2096 cum
1295 2057 1528 2112 corpore
1577 2046 1733 2111 unio,
1771 2047 2004 2101 mutatio

415 2129 669 2198 corporis
695 2140 798 2196 est,
823 2133 1036 2187 etiamsi
1071 2148 1274 2204 corpus
1305 2135 1521 2191 divinas
1546 2138 1786 2206 praebeat
1814 2154 2005 2208 opera-

416 2219 600 2276 tiones
640 2221 709 2276 iis
742 2223 837 2292 qui
877 2224 1144 2294 attingere
1179 2238 1429 2296 possunt.
1463 2260 1532 2267 —
1562 2229 1656 2284 His
1693 2233 1876 2285 statim
1909 2234 2005 2286 ad—

415 2313 613 2384 iungit.
657 2314 714 2369 Si
742 2315 907 2370 homo
932 2317 1099 2372 habet
1128 2319 1368 2374 animam
1411 2328 1466 2374 et
1507 2336 1730 2392 corpus,
1755 2331 2005 2377 manent-

417 2419 527 2473 que
555 2404 645 2459 illa
675 2405 729 2460 in
765 2407 992 2473 unione,
1027 2410 1203 2463 multo
1230 2411 1404 2481 magis
1427 2411 1702 2478 Christus,
1742 2413 2001 2469 divinita-

419 2505 531 2551 tem
581 2497 792 2553 habens
832 2515 959 2555 eum
1006 2516 1263 2572 corpore,
1301 2511 1534 2574 utraque
1577 2505 1741 2560 habet
1783 2523 2002 2576 perma-

418 2588 606 2642 nentia
662 2596 718 2643 et
777 2591 1084 2647 inconfusa.
1137 2623 1208 2636 -—
1259 2595 1330 2649 Et
1386 2613 1592 2663 rursus,
1645 2610 1760 2668 post
1808 2617 1999 2670 pauca.

419 2681 700 2751 I’articcps
740 2683 888 2736 enim
931 2693 1035 2750 est,
1066 2687 1245 2756 quoad
1288 2704 1485 2758 capere
1520 2700 1722 2759 potest,
1764 2692 2003 2748 humana

415 2781 616 2827 natura
664 2777 680 2795 ‘
729 2774 930 2831 divinae
983 2779 1358 2847 operationis;
1406 2781 1512 2834 alia
1566 2791 1749 2836 autem
1803 2792 1908 2848 est,
1943 2794 2005 2839 ut

418 2863 647 2919 minima
694 2867 910 2922 ratione
965 2869 1217 2926 maximae
1250 2889 1262 2925 :
1299 2879 1356 2926 et
1405 2887 1598 2926 servus
1650 2883 1734 2928 est
1779 2875 2002 2944 quidem

419 2956 588 3011 homo
636 2959 753 3019 Dei,
789 2960 936 3014 Deus
982 2970 1168 3014 autem
1215 2977 1408 3016 servus
1454 2980 1562 3018 non
1608 2975 1692 3020 est
1738 2967 2001 3035 hominis,

419 3067 523 3106 nec
546 3068 700 3106 suus.
743 3053 809 3106 Et
846 3054 934 3107 ille
965 3054 1186 3123 quidem
1215 3066 1465 3110 creatura
1495 3066 1578 3111 est
1609 3057 1726 3123 Dei,
1757 3059 1847 3113 hic
1870 3076 2003 3115 vero

417 3156 522 3196 nec
568 3141 830 3204 hominis,
867 3157 969 3196 nec
1021 3141 1104 3196 sui
1157 3142 1332 3212 ipsius
1371 3154 1456 3198 est
1502 3154 1776 3199 creatura.
1814 3178 1886 3186 —-
1930 3146 1998 3200 Et

419 3233 583 3303 paulo
615 3243 751 3304 post.
793 3234 847 3288 Si
879 3235 1003 3304 quis
1037 3235 1338 3290 secundum
1375 3236 1719 3290 divinitatem
1744 3237 1811 3292 de
1844 3239 2001 3292 Chri-

381 3361 387 3367 .
419 3333 506 3379 sto
539 3325 740 3394 accipit
774 3325 908 3380 illud
953 3343 965 3379 :
1007 3345 1026 3377 ι
1060 3325 1191 3392 Qua:
1228 3326 1377 3382 videt
1408 3329 1623 3383 Patrem
1668 3327 1914 3400 (facere),
1945 3339 2002 3384 et

419 3419 535 3486 ipse
563 3416 694 3470 facit
721 3417 788 3482 “,
819 3437 836 3468 ι
875 3425 930 3472 et
955 3434 1064 3472 non
1092 3419 1392 3474 secundum
1425 3435 1666 3484 carnem,
1694 3421 1999 3474 secundmn

419 3524 583 3578 quam
635 3509 819 3564 differt
871 3511 1188 3565 incarnatus
1226 3527 1256 3565 a
1305 3512 1465 3566 Patre
1524 3527 1635 3566 non
1693 3512 1998 3578 incarnato,

419 3599 618 3654 dividit
658 3602 794 3658 duas
837 3603 1188 3672 operationes
1220 3602 1434 3658 divinas
1466 3622 1477 3655 :
1510 3611 1565 3657 at
1594 3619 1703 3658 non
1739 3604 1999 3659 dividun-

419 3703 555 3746 tur:
589 3708 698 3746 non
739 3693 876 3747 dicit
919 3708 1052 3763 ergo
1094 3693 1461 3747 divinitatem.
1492 3722 1562 3733 ——
1601 3694 1758 3762 172
1802 3693 2002 3748 Deinde

419 3799 602 3838 rursus
624 3787 732 3838 haec
755 3801 960 3855 quoque
984 3787 1172 3854 posuit.
1199 3783 1672 3852 Quemadmodum
1699 3785 1864 3840 homo
1889 3803 2000 3842 non

417 3881 504 3927 est
548 3873 774 3926 rationis
819 3888 1035 3942 expers,
1076 3884 1301 3944 propter
1338 3875 1779 3945 conjunctionem
1828 3876 2002 3946 partis

419 3963 634 4018 ratione
687 3965 930 4033 prsiditze
984 3980 1110 4020 cum
1155 3980 1220 4020 ea
1265 3981 1386 4034 qua:
1437 3965 1646 4020 ratione
1685 3975 1834 4021 caret
1870 3984 1882 4020 :
1925 3968 2000 4021 ita

322 4117 328 4121 _
417 4071 524 4112 nec
549 4056 798 4111 Salvator
828 4064 914 4110 est
941 4067 1216 4122 creatura,
1259 4058 1388 4113 licet
1424 4059 1664 4113 increato
1698 4060 1811 4114 Deo
1849 4075 2002 4115 crea-

419 4157 541 4203 tura
566 4148 636 4202 sit
662 4149 939 4220 adjuncta.
965 4150 1143 4206 --His
1173 4168 1376 4222 quoque
1409 4160 1456 4204 et
1487 4151 1584 4206 illa
1612 4153 1813 4223 adjicit.
1842 4151 1999 4220 Quod

417 4241 522 4298 sub
548 4252 828 4312 aspectum
854 4258 962 4298 non
988 4245 1152 4309 cadit,
1183 4254 1238 4299 et
1267 4246 1581 4315 copulatum
1607 4255 1693 4301 est
1719 4262 1844 4300 cum
1876 4262 2000 4300 cor-

416 4351 551 4406 pore
579 4336 723 4406 quod
763 4346 847 4392 est
876 4339 1228 4408 aspectabile,
1265 4355 1327 4393 ac.
1359 4356 1457 4408 per
1499 4340 1601 4393 hoc
1638 4340 1997 4409 conspicitur,

417 4437 602 4483 manet
647 4429 1007 4485 nihilominus
1057 4431 1364 4492 invisibile;
1420 4440 1604 4485 manet
1648 4447 1780 4485 vero
1832 4432 1998 4486 etiam

2107 1956 2370 2028 μετέϐαλε
2401 1955 2499 2026 τὴν
2537 1953 2700 2023 φύσιν
2734 1951 2921 2014 αὑτοῦ,
2955 1950 3075 2003 οὐδὲ
3105 1951 3136 2020 ἡ
3170 1947 3262 2000 τοῦ
3294 1945 3429 1999 Θεοῦ
3456 1945 3593 2015 πρὸς
3623 1943 3687 1996 τὸ

2105 2050 2263 2119 σῶμα
2288 2049 2480 2111 ἓνωσις
2516 2043 2784 2116 μεταϐολὴ
2843 2042 3096 2114 σώματος
3140 2043 3309 2119 ἐστιν,
3359 2037 3539 2092 καίτοι
3585 2033 3685 2088 τοῦ

2106 2139 2356 2210 σώματος
2411 2138 2510 2202 τὰς
2575 2138 2728 2200 θείας
2790 2133 3072 2206 ἐνεργείας
3141 2129 3513 2204 παρεχομένου
3569 2129 3686 2189 τοῖς

2104 2232 2417 2302 ἐφάψασθαι
2459 2229 2897 2298 δυναμένοις.--
2939 2228 3173 2291 Τούτοις
3197 2223 3376 2290 εὐθὺς
3435 2234 3684 2276 συνεπι-

2104 2325 2418 2380 συνάπτει.
2455 2324 2516 2374 Εἰ
2543 2321 2825 2391 ἅνθρωπος
2854 2321 2947 2372 καὶ
2973 2319 3149 2388 ψυχὴν
3197 2317 3307 2387 ἔχει
3352 2315 3447 2366 καὶ
3499 2312 3682 2382 σῶμα,

2104 2416 2198 2468 καὶ
2230 2415 2380 2484 μένει
2404 2413 2574 2466 ταῦτα
2609 2414 2666 2464 ἐν
2689 2411 2901 2480 ἐνότητι
2951 2409 3101 2461 ὄντα·
3159 2406 3339 2476 πολλῷ
3400 2403 3600 2474 μᾶλλον
3654 2405 3687 2455 6

2103 2505 2338 2577 Χριστὸς
2368 2504 2596 2572 θεότητα
2618 2501 2756 2572 ἔχων
2794 2499 2932 2570 μετὰ
2963 2498 3234 2569 σώματος,
3285 2497 3398 2567 ἔχει
3442 2496 3685 2564 ἑκάτερα

2103 2595 2427 2666 διαμένοντα
2458 2595 2550 2646 καὶ
2606 2593 2680 2664 μὴ
2728 2591 3088 2662 συγχεόμενα.
3113 2620 3184 2629 -—
3208 2589 3319 2644 Καὶ
3347 2587 3473 2657 μετ’
3507 2589 3686 2656 ὀλίγα

2105 2688 2309 2741 πάλιν.
2325 2686 2556 2756 Μετέχει
2587 2685 2684 2755 μὲν
2707 2684 2864 2754 γὰρή
2889 2683 3203 2754 ἀνθρωπίνη
3225 2681 3324 2750 τῆς
3349 2679 3496 2742 θείας
3525 2681 3685 2747 ἐνερ-

2103 2779 2278 2848 γείας,
2308 2778 2538 2832 καθόσον
2576 2779 2896 2844 ἐφικνεῖται·
2929 2773 3090 2844 ἑτέρα
3115 2773 3171 2826 δέ
3202 2775 3348 2826 ἐστιν
3392 2771 3468 2834 ὡς
3501 2769 3682 2839 ἐλαχί-

2106 2889 2205 2942 στη
2265 2873 2546 2941 μεγίστης.
2591 2869 2698 2920 Καὶ
2730 2867 2914 2930 δοῦλος
2949 2866 3048 2936 μὲν
3074 2864 3360 2933 ἄνθρωπος
3395 2861 3488 2915 τοῦ
3522 2860 3680 2924 Θεοῦ,

2103 2969 2130 3020 6
2157 2966 2212 3018 δὲ
2239 2964 2372 3026 Θεὸς
2393 2965 2454 3016 οὐ
2489 2962 2674 3023 δοῦλος
2703 2959 2798 3014 τοῦ
2831 2958 3141 3025 ἀνθρώπου,
3168 2958 3286 3010 οὐδὲ
3311 2954 3525 3010 ἑαυτοῦ.
3573 2956 3685 3007 Καὶ

2103 3061 2131 3111 6
2163 3058 2260 3126 μὲν
2297 3057 2508 3126 ποίημα
2533 3055 2626 3107 τοῦ
2654 3054 2812 3116 Θεοῦ,
2837 3054 2866 3105 6
2888 3053 2945 3106 δὲ
2976 3051 3099 3105 οὒτε
3128 3050 3414 3121 ἀνθρώπου
3447 3049 3681 3118 ποίημα,

2103 3150 2223 3202 οὐδὲ
2241 3147 2659 3202 Eueni—Kal
2679 3147 2805 3214 μετ’
2829 3145 3023 3213 ὀλίγα.
3060 3144 3120 3195 Et
3150 3142 3290 3196 κατὰ
3323 3141 3554 3207 θεότητα
3591 3141 3685 3193 ἐπὶ

2104 3239 2341 3311 Χριστοῦ
2370 3239 2636 3308 λαμϐάνει
2667 3255 2752 3300 τις
2773 3237 2855 3302 τὸ,
2891 3239 2991 3290 ι”Α
3023 3236 3210 3306 βλέπει
3239 3233 3328 3287 τὸν
3357 3233 3575 3302 Πατέρα
3603 3234 3681 3300 (8)

2102 3335 2196 3386 κα).
2249 3332 2411 3394 αὐτὸς
2472 3334 2637 3394 ποιεῖ,
2669 3350 2688 3382 ι
2757 3330 2852 3384 καὶ
2904 3331 2978 3400 μὴ
3027 3329 3167 3382 κατὰ
3224 3329 3402 3400 σάρκα
3454 3326 3572 3380 καθ’
3615 3328 3683 3397 ἣν

2106 3426 2347 3489 ἰδιάζειὸ
2378 3424 2683 3496 σαρκωθεὶς
2733 3423 2883 3494 παρὰ
2912 3424 3004 3476 τὸν
3033 3424 3106 3492 μὴ
3159 3420 3513 3492 σαρκωθέντα
3563 3421 3680 3472 Πασ·

2101 3521 2258 3591 τέρα,
2286 3519 2487 3586 διαιρεῖ
2519 3517 2614 3569 δύο
2646 3515 2798 3579 θείας
2841 3516 3141 3586 ἐνεργείαις⁶
3169 3514 3228 3566 οὐ
3277 3514 3564 3584 διαιρεῖται
3601 3511 3680 3563 δέ·

2101 3613 2203 3664 οὐκ
2261 3611 2366 3678 ἄρα
2407 3608 2636 3676 θεότητα
2670 3607 2923 3674 λέγει.-
2957 3603 3079 3660 Εἶτ’
3127 3602 3301 3671 αὖθις
3360 3605 3455 3659 καὶ
3495 3605 3684 3658 ταῦτα

2102 3702 2384 3756 τέθεικεν.
2424 3701 2637 3767 ’Ὠσπερ
2667 3701 2694 3752 6
2726 3698 3013 3769 ἄνθρωπος
3048 3699 3148 3750 οὐκ
3193 3698 3383 3765 ἄλογος
3419 3713 3683 3769 προσκει-

2107 3793 2267 3863 μένου
2299 3789 2392 3842 τοῦ
2428 3787 2648 3857 λογικοῦ
2680 3787 2756 3858 τῷ
2795 3789 2995 3857 ἀλόγῳ,
3044 3787 3218 3850 οὕτως
3262 3787 3381 3839 οὐδὲ
3423 3789 3451 3838 6
3493 3784 3683 3855 Σωτὴρ

2105 3883 2308 3950 κτίσμα
2341 3877 2743 3949 προσκειμένου
2777 3877 2853 3946 τῷ
2882 3878 3124 3945 ἁκτίστῳ
3165 3875 3284 3946 Θεῷ
3320 3875 3412 3928 τοῦ
3446 3875 3682 3944 κτίσμα-

2102 3991 2212 4036 τος.
2250 4001 2318 4012 -—
2337 3971 2574 4032 Τούτοις
2588 3968 2680 4020 καὶ
2713 3968 2900 4021 ταῦτα
2917 3967 3219 4020 ἐπισυνάπ
3233 3985 3331 4020 rat.
3357 3967 3430 4020 Τὸ
3452 3966 3685 4036 ἀόρατον

2103 4068 2197 4120 καὶ
2245 4061 2498 4116 συντεθὲν
2557 4061 2692 4128 πρὸς
2744 4059 2905 4130 σῶμα
2956 4059 3170 4128 ὁρατὸν,
3211 4059 3302 4111 καὶ
3354 4057 3442 4111 διὰ
3491 4059 3683 4111 τούτου

2104 4153 2400 4225 θεωρηθὲν,
2430 4150 2583 4220 μένει
2611 4149 2708 4203 καὶ
2737 4148 2989 4220 ἀόρατον·
3029 4147 3179 4217 μένει
3221 4147 3276 4204 δὲ
3323 4148 3416 4199 καὶ
3451 4147 3682 4200 ἀσύνθε-

2101 4264 2215 4310 τον,
2247 4243 2382 4298 καθὸ
2430 4243 2490 4295 οὺ
2531 4239 3013 4310 συμπεριορίζεται
3042 4239 3118 4309 τῷ
3172 4237 3406 4308 σώματι.
3464 4241 3574 4292 Καὶ
3623 4241 3684 4292 τὸ

2105 4337 2283 4406 σῶμα,
2315 4336 2473 4404 μένον
2500 4332 2592 4385 ἐπὶ
2615 4329 2710 4383 τοῦ
2736 4330 2866 4383 ἰδίου
2898 4328 3118 4399 μέτρου,
3152 4329 3561 4399 προσλαμϐάνει
3585 4327 3688 4396 τὴν

2106 4431 2238 4500 πρὸς
2298 4427 2430 4479 Θεὸν
2488 4425 2682 4477 ἕνωσιν
2740 4422 2880 4476 κατὰ
2925 4421 2984 4474 τὸ
3034 4421 3434 4484 ζωοποιεῖσθαι,
3472 4417 3595 4472 οὕτε
3622 4420 3687 4473 τὸ

417 4520 863 4590 incompositum,
889 4532 1163 4592 quatenus
1191 4537 1300 4574 non
1331 4538 1439 4576 una
1466 4537 1592 4576 cum
1619 4536 1851 4590 corpore
1886 4522 1997 4575 cir-

2105 4521 2534 4590 ζωοποιούμενον
2584 4519 2854 4582 ζωοποιεῖ.
2887 4546 2956 4555 —-
2986 4515 3094 4567 Καὶ
3121 4514 3250 4583 μετ’
3295 4513 3470 4579 ὀλίγα
3498 4511 3686 4564 πάλιν

415 4612 828 4667 cumserihitur.
865 4613 931 4666 Et
975 4627 1178 4681 corpus
1223 4612 1277 4665 in
1312 4626 1411 4665 sua
1450 4627 1679 4665 manens
1717 4626 1999 4676 mensura,

417 4699 676 4754 unionem
725 4716 850 4755 cum
897 4701 1010 4753 Deo
1051 4699 1306 4768 suscipit,
1351 4708 1407 4753 et
1455 4698 1788 4763 viviﬁcatur,
1823 4714 2004 4768 neque

415 4791 750 4844 vivilieatum
775 4790 1034 4845 vivificat.
1053 4821 1122 4829 ——
1142 4790 1211 4844 Et
1233 4790 1394 4859 prmio
1417 4800 1529 4861 post
1549 4791 1622 4843 sic
1646 4791 1834 4844 iterum
1857 4791 2000 4846 dicit.

417 4881 474 4940 Si
507 4898 608 4937 nec
637 4884 834 4937 anima:
867 4899 991 4938 cum
1020 4897 1251 4951 corpore
1290 4882 1628 4953 conjunctio,
1657 4883 1910 4952 quamvis
1935 4882 2004 4938 ab

415 4974 575 5028 initio
617 4990 726 5029 una
757 4975 1083 5036 coaluerint,
1119 4975 1249 5030 facit
1294 4985 1353 5030 ut
1397 4975 1489 5029 illa
1528 4983 1757 5045 propter
1795 4991 1997 5046 corpus

417 5066 488 5122 sit
535 5065 788 5129 visibilis,
830 5081 1011 5134 neque
1054 5076 1113 5120 ut
1153 5066 1288 5120 alias
1337 5065 1584 5134 corporis
1630 5067 1999 5135 proprietates

417 5158 630 5222 induat,
659 5156 735 5212 ita
773 5166 833 5212 ut
863 5159 1036 5212 secari
1065 5173 1129 5213 ac
1169 5157 1345 5211 minui
1380 5157 1556 5227 possit
1597 5173 1610 5210 :
1647 5168 1854 5228 quanto
1885 5174 2000 5212 ma-

413 5252 496 5320 gis
531 5248 696 5314 Deus,
729 5250 823 5318 qui
861 5250 1110 5304 eamdem
1153 5265 1278 5304 cum
1325 5264 1557 5318 corpore
1600 5259 1854 5304 naturam
1887 5267 1997 5306 non

415 5339 599 5401 habet,
641 5337 862 5409 corpori
911 5339 1100 5393 unitur
1141 5339 1585 5394 immutabiliter'.
1623 5337 1777 5407 Quod
1813 5341 1858 5395 si
1894 5341 1998 5394 ho-

415 5432 580 5486 minis
612 5447 814 5504 corpus
853 5443 1036 5486 manet
1079 5432 1132 5486 in
1171 5433 1392 5502 prepria
1433 5443 1650 5497 natura,
1681 5433 1844 5506 idque
1883 5435 1999 5490 ani-

485 5586 532 5619 “
561 5587 716 5641 Joan.
744 5604 798 5650 γ,
836 5587 918 5641 19.

488 5742 562 5814 (7)
591 5743 780 5818 αὐτόν..
809 5744 883 5796 [id
911 5743 1116 5818 ._liom._
1140 5749 1194 5818 et
1222 5738 1364 5808 Lips.
1389 5732 1465 5818 a5~
1486 5738 1593 5794 τόν.

487 5810 561 5882 {3)
599 5814 728 5867 Πατ.
764 5813 1043 5868 lixeidissc
1070 5810 1288 5864 videtur
1312 5810 1588 5864 ποιοῦντα.

2101 4615 2291 4678 οὕτως
2323 4613 2584 4679 εἴρηκεν.
2623 4611 2684 4662 Εἰ
2719 4609 2853 4679 μηδὲ
2890 4607 2964 4677 (9)
3013 4608 3046 4677 ἡ
3100 4606 3278 4676 ψυχῆς
3332 4605 3469 4673 πρὸς
3524 4603 3686 4672 σῶμα

2103 4706 2322 4776 κρᾶσις,
2355 4702 2533 4756 καίτοι
2563 4701 2620 4767 ἐξ
2658 4701 2832 4770 ἀρχῆς
2875 4699 3014 4753 κατὰ
3057 4699 3334 4768 συμφυΐαν
3365 4694 3519 4760 οὖσα,
3553 4698 3684 4767 ὀρα-

2101 4796 2200 4868 τὴν
2226 4795 2393 4865 αὐτὴν
2421 4793 2509 4848 διὰ
2535 4793 2596 4846 τὸ
2629 4792 2788 4860 σῶμα
2818 4793 2977 4853 ποιεῖ,
3025 4789 3156 4860 μηδὲ
3189 4791 3267 4852 εἰς
3300 4789 3367 4842 τὰ
3413 4787 3548 4842 ἄλλα
3590 4786 3686 4840 τοῦ

2107 4889 2356 4958 σώματος
2381 4883 2649 4956 ἰδιώματα
2679 4881 3027 4953 μεταϐάλλει,
3059 4879 3200 4932 ὥστε
3243 4879 3336 4930 κα).
3365 4877 3680 4945 τέμνεσθαι.

2105 4980 2200 5032 καὶ
2223 4975 2599 5030 ἐλαττοῦσθαι·
2625 4975 2776 5042 πόσῳ
2808 4972 3010 5044 μᾶλλον
3033 4973 3060 5023 6
3094 4972 3167 5041 μὴ
3196 4969 3408 5038 σώματι
3434 4967 3690 5036 συμφυὴς

2105 5071 2132 5122 6
2165 5069 2295 5131 Θεὸς
2325 5067 2672 5141 ἀμελετήτως
2707 5065 2918 5117 ἑνοῦται
2980 5062 3118 5132 πρὸς
3169 5059 3357 5129 cubita;
3397 5061 3506 5112 Καὶ
3549 5061 3596 5111 εἰ
3627 5059 3690 5111 τὸ

2103 5159 2262 5231 σῶμα
2291 5159 2386 5211 τοῦ
2421 5156 2707 5228 ἀνθρώπου
2752 5154 2846 5207 ἐπὶ
2890 5152 2990 5223 τῆς
3049 5152 3184 5214 ἰδίας
3237 5152 3454 5219 φύσεως
3510 5148 3686 5219 μένει,

2100 5249 2194 5302 καὶ
2229 5248 2388 5301 τοῦτὸ
2417 5265 2480 5316 γε
2519 5244 2891 5317 ὲψυχωμένον,
2927 5243 3049 5296 οὐδὲ
3089 5242 3182 5294 ἐπὶ
3215 5243 3310 5294 τοῦ
3354 5239 3592 5309 Χριστοῦ
3628 5239 3691 5292 τὸ

2103 5343 2260 5412 σῶμα
2303 5343 2336 5411 ή
2375 5340 2676 5409 σύγκρασις
2733 5340 2870 5408 μήτε
2927 5335 3226 5408 μετέϐαλεν
3283 5334 3358 5396 ὼς
3417 5333 3490 5402 μὴ
3546 5326 3688 5385 εἶναι

2104 5434 2283 5506 σῶμα.
2311 5433 2489 5486 -Καὶ
2504 5433 2652 5502 μετὰ
2673 5430 2938 5484 πλεῖστα
2967 5428 3154 5482 πάλιν
3182 5427 3368 5482 ταῦτα
3400 5426 3686 5483 τέθεικεν.

2183 5741 2255 5811 (9)
2291 5743 2442 5817 μηδὲ.
2468 5745 2608 5798 Edit.
2646 5745 2800 5798 Rom.
2829 5752 2880 5798 cl
2909 5743 3054 5811 Lips.
3083 5740 3159 5814 μὴ
3184 5740 3311 5793 δεῖν.
