4090 6418
270 366 379 431 217

1351 381 1731 446 DIALOGUS
1771 384 1853 443 II.
1896 407 1964 417 -·-
2004 385 2499 452 INCONFUSUS.

3453 391 3561 458 218

282 477 345 531 ου
371 476 673 573 svium-nt.
705 477 873 573 ςῶμα
898 482 1180 553 ὁμολογῶν
1211 485 1287 551 ὡς
1314 487 1372 542 ἓν
1402 489 1509 542 ὖπδ
1528 489 1630 558 τῆς
1655 489 1877 561 Γραφῆς

1980 501 2209 560 matum,
2229 511 2407 566 neque
2427 498 2484 551 in
2504 497 2724 553 Christo
2744 498 3056 555 commistio
3081 500 3314 555 mutavit
3333 518 3557 573 corpus,

275 568 672 638 παρεστασθαι,
698 570 884 642 ἑαυτῷ
917 574 1171 644 μάχεται,
1222 578 1322 650 τὴν
1368 580 1626 652 τοιαύτην
1679 580 1876 634 ἕνωσιν

273 658 370 711 τοῦ
400 660 581 727 Λόγου
606 661 745 732 πρὸς
772 662 938 734 σῶμα
968 667 1272 742 μεταϐολὴν
1302 665 1443 724 εῖναι
1469 671 1715 739 φάσκων,
1742 672 1877 725 ταύ-

272 768 374 820 την
385 751 616 804 οὐδὲὲπὶ
646 751 830 825 ψυχῆς
851 755 1261 830 θεωρουμένην.
1282 757 1668 818 -ὲ-Ἃκουσον
1688 763 1879 819 αὐτοῦ

274 841 468 894 πόλιν
492 840 834 911 δωρῤήδην
857 844 1157 915 βοῶντος.
1192 850 1256 904 Et
1283 854 1331 905 οἱ
1370 853 1447 923 μὴ
1471 853 1728 923 λέγοντες
1762 872 1874 908 πα-

275 931 547 1000 ραμένειν
575 931 678 1003 τὴν
718 934 902 1004 σάρκα
931 937 1031 990 τοῦ
1072 940 1281 1010 Κυρίου
1308 941 1652 1005 δυσσεϐοὖσι,
1696 943 1877 1015 πο).λῷ

277 1024 483 1091 μᾶλλον
545 1025 596 1076 οἱ
640 1025 780 1096 μηδὲ
838 1029 943 1099 τὴν
1003 1031 1178 1101 ἀρχὴν
1230 1034 1618 1106 σεσαρκῶσθαι
1681 1036 1876 1107 ὁμολο-

274 1115 529 1184 γοῦντες.
549 1146 623 1156 -
640 1119 755 1172 ’Καὶ
787 1120 857 1174 ὲν
871 1120 952 1187 τῷ
967 1125 1101 1191 περὶ
1117 1124 1731 1196 σαρκώσεωςλοτιδίῳ
1763 1128 1872 1183 πά-

272 1212 584 1266 λτνταῦτα
614 1213 896 1283 γέγραφε.
931 1215 1005 1268 Τὸ
1042 1217 1141 1287 μὲν
1161 1213 1276 1284 οὖν,
1311 1238 1330 1270 ι
1360 1219 1544 1272 Κάθου
1573 1219 1639 1272 ὲκ
1687 1218 1876 1285 δεξιῶν

276 1318 407 1371 μου,
441 1321 461 1350 ι
495 1304 576 1366 ὡς
603 1306 743 1375 πρὸς
768 1305 1061 1376 ἄνθρωπον
1088 1307 1259 1377 λέγει·
1290 1310 1352 1363 οὺ
1383 1309 1493 1379 γὰρ
1515 1309 1595 1379 τῷ
1620 1309 1708 1362 ἀεὶ
1737 1309 1872 1363 καθ-

274 1393 467 1465 ημένῳ
496 1397 596 1449 ἐπὶ
617 1396 811 1466 θρόνου
845 1398 1029 1468 δόξης,
1060 1399 1196 1454 καθὸ
1241 1399 1375 1464 Θεὸς
1424 1400 1616 1468 Λόγος,
1657 1400 1874 1472 εἴρηται

275 1488 420 1556 μετὰ
444 1489 551 1560 τὴν
601 1488 791 1543 ἄνοδον
832 1491 933 1562 τὴν
983 1492 1049 1544 ὲκ
1098 1491 1225 1563 γῆς·
1250 1492 1389 1546 ἀλλὰ
1435 1491 1512 1561 τῷ
1540 1492 1637 1547 νῦν
1669 1493 1749 1556 εἰς
1775 1492 1874 1565 τὴν

270 1583 607 1652 ἐπουράνιον
646 1581 920 1651 ὑψωθέντι
954 1583 1115 1648 δόξαν
1168 1584 1305 1639 καθὸ
1356 1586 1661 1658 ἄνθρωπος,
1718 1587 1795 1651 ὡς
1823 1588 1875 1641 οἱ

271 1673 573 1727 ἀπόστολοι
617 1673 891 1742 λέγουσιν·
930 1693 950 1726 ι
986 1675 1061 1729 Οὐ
1086 1676 1196 1747 γὰρ
1225 1678 1393 1732 Δαὸὶδ
1429 1680 1598 1750 ἀνέϐη
1631 1681 1714 1744 εἰς
1746 1680 1873 1741 τοὺς

279 1764 574 1841 οὐρανοὺς·
594 1764 743 1832 λέγει
783 1764 842 1817 δὲ
867 1765 1055 1830 αὐτὸς,
1087 1763 1256 1820 Εἶπεν
1280 1769 1308 1820 ό
1339 1768 1543 1841 Κύριος
1569 1770 1646 1840 τῷ
1680 1770 1871 1840 Κυρίῳ

294 1829 431 1923 μου,
458 1853 632 1908 Κάθου
667 1829 734 1908 εκ
781 1854 975 1922 δεξιῶν
1030 1874 1152 1927 μου.
1185 1876 1203 1908 ι
1255 1829 1630 1929 Ἀνθρῶπιννονι
1661 1829 1784 1930 μὲν.
1810 1829 1871 1913 rb
1907 1829 1946 1882 Β

291 1944 636 2016 πρόσταγμα,
698 1947 878 2017 ἀρχὴν
928 1949 996 2017 τῇ
1048 1947 1286 2020 καθέδρᾳ
1331 1948 1528 2003 διδοῦν·
1555 1950 1697 2003 θεῖον
1725 1950 1873 2004 δὲτὸ

279 2035 502 2104 ἀξίωμα
555 2037 616 2089 τὸ
676 2036 1059 2107 συγκαθῆσθαι
1115 2037 1253 2109 θεῷ,
1303 2032 1349 2108 ᾧ
1380 2039 1788 2112 λειτουργοῦσιν
1817 2044 1872 2096 αἱ

274 2126 453 2196 χίλιαι
484 2127 751 2198 χιλιάδες,
785 2128 884 2181 χαὶ
918 2129 1371 2199 παραστήκουσιν
1423 2132 1480 2185 αἱ
1536 2131 1728 2202 μύριαι
1771 2150 1874 2202 μυ-

273 2216 701 2287 ριάδες-Καὶ
726 2217 855 2289 μετ’
884 2218 1079 2288 ὀλίγα.
1112 2221 1187 2272 υὺ
1210 2220 1318 2291 γὰρ
1342 2219 1548 2291 ὡςΘεῷ
1578 2222 1875 2277 ὑποτάσσει

264 2308 401 2370 τοὺς
460 2306 721 2379 ἐχθροὺς,
773 2306 992 2372 ἀλλ’ὡς
1049 2308 1342 2381 ἀνθρώπῳ·
1372 2310 1514 2365 ὥστε
1566 2312 1661 2366 τὸν
1711 2315 1874 2368 αὐτὸν

262 2393 416 2452 εἶναι
458 2399 560 2451 καὶ
590 2397 725 2451 Θεδν
763 2396 1063 2469 ὁρώμενον,
1096 2401 1191 2453 καὶ
1221 2401 1528 2473 ἄνθρωπον.
1557 2404 1680 2457 Ὀτι
1710 2404 1766 2457 δὲ
1798 2404 1875 2467 ὡς

263 2490 559 2563 ἀνθρώπῳ
585 2491 810 2559 λέγεται
837 2492 919 2557 τὺ,
958 2510 977 2543 ι
1015 2493 1161 2558 Ἕως
1187 2493 1266 2546 θῶ
1311 2496 1441 2559 τοὺς
1493 2494 1724 2567 ἐχθρούς
1779 2514 1873 2551 σου

264 2584 578 2638 ὑποπόδιον
603 2584 715 2637 τῶν
754 2583 932 2638 ποδῶν
962 2602 1081 2652 σου,
1118 2605 1138 2637 ι
1175 2585 1415 2641 διδάσκει
1460 2587 1695 2653 Παῦλος,
1733 2590 1867 2646 ἴδιον

264 2680 441 2735 αὐτοῦ
478 2681 544 2734 τὸ
578 2679 917 2751 κατόρθωμα
944 2680 1142 2747 λέγων,
1180 2681 1324 2736 κατὰ
1347 2682 1409 2735 τὸ
1440 2682 1620 2737 θεῖκδν
1650 2683 1870 2757 δηλαδΐγ

274 2793 294 2824 ι
332 2772 504 2827 Κατὰ
529 2773 636 2841 τὴν
664 2772 948 2842 ἐνεργείας
969 2772 1155 2840 φύσιν,
1178 2773 1319 2827 κατὰ
1339 2775 1400 2827 τὸ
1423 2774 1683 2829 δύνασθαι
1711 2777 1874 2831 αὐτὸν

266 2866 369 2917 καὶ
401 2864 682 2929 ὑποτάξαι
717 2862 900 2934 ἑαυτῷ
948 2865 1149 2919 πάντα.
1185 2883 1205 2917 ι
1248 2866 1393 2937 Ὅρα
1445 2866 1765 2939 ἀχωρίστως
1815 2870 1874 2922 ὲν

268 2956 353 3028 τῷ
387 2957 475 3011 ἑνὶ
514 2955 802 3029 προσώπῳ
828 2957 1062 3021 θεότητα
1089 2960 1186 3012 καὶ
1209 2960 1631 3030 ἁνθρωπότητα.
1668 2992 1739 3003 --
1763 2962 1875 3017 Καὶ

265 3049 423 3118 μετὰ
451 3047 719 3117 βραχέα.
762 3065 782 3100 ι
810 3048 1045 3115 Δόξασόν
1077 3067 1145 3119 με
1185 3051 1250 3105 σὺ
1276 3052 1412 3121 (l0),
1467 3052 1618 3125 παρὰ
1665 3053 1876 3125 σεαυτῷ

268 3143 343 3209 τῇ
382 3139 517 3210 δόξῃ
610 3136 757 3209 εἶχον
783 3139 891 3209 πρὸ
910 3138 1005 3192 τοῦ
1032 3140 1124 3193 τὸν
1146 3141 1352 3212 κόσμον
1377 3139 1518 3197 εῖναι
1548 3144 1699 3216 παρὰ
1731 3145 1868 3198 σοι.»

271 3198 352 3282 Tit
722 3198 1013 3297 δόξασον,
1073 3230 1149 3293 ὡς
1197 3198 1485 3303 ἄνθρωπος
1517 3198 1687 3302 λέγειν
1724 3233 1786 3286 τὸ
1816 3233 1874 3285 δὲ
1901 3198 1943 3255 c

270 3320 424 3389 ἔχειν
467 3320 580 3392 πρὸ
616 3318 815 3384 αἰῶνος
858 3321 960 3392 τὴν
993 3320 1151 3386 δόξαν
1182 3322 1260 3385 ὡς
1304 3323 1435 3385 Θεὸς
1475 3324 1870 3381 ἀποκαλύπτει.

267 3413 461 3467 -Και
498 3408 680 3478 αὖθις
709 3412 838 3481 μετ’
872 3413 1068 3482 ὀλίγα.
1087 3414 1228 3473 Ἀλλ’
1249 3416 1408 3484 ἡμεῖς
1437 3415 1510 3485 μὴ
1530 3415 1875 3468 ταπεινωθῶ-

270 3522 378 3576 μεν
410 3504 691 3570 ταπεινὴν
735 3504 1079 3575 ἡγησάμενοι
1112 3506 1214 3576 τὴν
1248 3504 1342 3558 τοῦ
1405 3505 1530 3559 Υἱοῦ
1594 3506 1688 3559 τοῦ
1741 3506 1875 3560 Θεοῦ

267 3594 687 3664 προσκύνησιν,
720 3596 816 3648 καὶ
844 3596 984 3665 μετὰ
1010 3596 1110 3666 τῆς
1147 3595 1498 3669 ἀνθρωπίνης
1535 3596 1874 3667 ὁμοιώσεως,

264 3687 392 3742 ἀλλ’
412 3685 496 3749 ὥς
540 3702 671 3739 τινα
704 3686 928 3757 βασιλέα
987 3688 1082 3741 καὶ
1110 3690 1166 3741 ὲν
1196 3689 1406 3742 εὐτελεῖ
1432 3689 1668 3757 φανέντα
1714 3689 1874 3761 στολῇ

272 3782 345 3847 τῇ
383 3776 651 3847 βασιλικῇ
675 3777 803 3849 δόξῃ
837 3777 1171 3844 δοξάζοντες,
1220 3781 1313 3833 καὶ
1355 3780 1592 3850 μάλιστα
1643 3780 1879 3850 ὁρῶντες

264 3871 369 3923 καὶ
387 3869 531 3921 αὐτὸ
554 3868 621 3921 τὸ
648 3868 852 3939 ἔνδυμα
901 3869 1180 3936 δοξασθέν,
1237 3871 1313 3934 ὡς
1363 3873 1606 3944 ἥρμοττε
1664 3872 1878 3943 σώματι

264 3960 411 4014 Θεοῦ
437 3961 541 4013 καὶ
572 3960 793 4030 Σωτῆρι
825 3960 1056 4031 κόσμου,
1092 3964 1186 4014 καὶ
1230 3962 1506 4035 σπέρματι
1552 3962 1698 4033 ζωῆς
1747 3966 1881 4018 αἰω-

265 4053 411 4115 νίου,
448 4052 552 4104 καὶ
589 4051 810 4123 ὀργάνῳ
842 4051 1004 4106 θείων
1029 4054 1340 4124 ἐνεργειῶν,
1376 4055 1473 4108 καὶ
1522 4055 1728 4126 λυτικῷ
1780 4073 1880 4111 καφ

268 4145 397 4207 κίας
431 4143 690 4211 ἁπάσης,
723 4143 818 4195 καὶ
839 4142 1070 4200 θανάτου
1105 4144 1496 4217 καθαιρετικῷ,
1520 4146 1616 4199 καὶ
1642 4147 1881 4201 ἀναστά-

272 4251 413 4296 σεως
445 4234 714 4304 ἁρχηγῷ.
746 4235 809 4287 El
835 4234 946 4304 γὰρ
992 4235 1089 4288 καὶ
1127 4235 1226 4305 τὴν
1275 4236 1437 4306 φύσιν
1468 4235 1529 4303 ἐξ
1577 4235 1881 4306 ἀνθρώπων

274 4326 458 4395 ἔσχεν,
489 4325 638 4378 ἀλλὰ
659 4325 761 4395 τὴν
791 4324 937 4394 ζωὴν
968 4327 1033 4379 ὲκ
1081 4326 1238 4392 Θεοῦ,
1260 4327 1354 4381 καὶ
1398 4328 1498 4398 τὴν
1547 4326 1776 4399 δύναμιν
1820 4328 1881 4395 ἐξ

269 4417 535 4488 οὐρανοῦ,
601 4417 698 4470 καὶ
731 4417 831 4487 τὴν
878 4415 1079 4489 ἀρετὴν
1116 4416 1369 4471 θείαν.--
1394 4417 1502 4471 Kal
1518 4417 1646 4486 μετ’
1682 4417 1876 4487 ὀλίγα.

1980 589 2042 636 ut
2085 598 2196 637 non
2236 585 2308 640 sit
2346 601 2565 656 corpus.
2596 615 2663 627 --
2698 588 2768 643 Et
2797 598 2913 660 post
2953 589 3188 661 plurima
3224 592 3334 645 haec
3375 606 3557 649 rursus

1977 677 2167 744 posuit.
2201 676 2304 743 Qui
2348 679 2584 734 animam
2631 691 2689 737 et
2729 697 2932 753 corpus
2972 684 3269 740 conﬁtetur
3298 694 3557 756 tanquam

1978 782 2150 821 unum
2180 784 2211 823 a
2238 769 2523 840 Scriptura
2551 774 2740 839 statui,
2767 788 2952 829 secum
2986 775 3103 845 ipse
3132 786 3359 847 pugnat,
3391 778 3558 833 talem

1976 859 2145 914 Verbi
2183 875 2308 915 cum
2354 877 2584 933 corpore
2621 866 2879 922 unionem
2920 870 3281 923 mutationem
3320 886 3440 925 esse
3471 870 3558 925 di-

1977 966 2126 1017 cens,
2163 968 2285 1023 qua:
2328 970 2434 1010 nec
2480 955 2538 1011 in
2581 958 2763 1012 anima
2805 960 3332 1016 cernitur.—Audi
3373 979 3558 1017 rmsus

1975 1042 2149 1113 ipsum
2183 1045 2376 1100 diserte
2416 1046 2758 1104 clamantem.
2786 1049 2843 1105 Si
2875 1051 3029 1121 impii
3063 1062 3211 1119 sunt,
3240 1055 3335 1124 qui
3363 1054 3561 1110 dicunt

1976 1150 2199 1191 carnem
2231 1139 2449 1194 Domini
2478 1156 2587 1196 non
2615 1157 2857 1206 manere,
2896 1144 3068 1199 multo
3101 1147 3274 1215 magis
3308 1146 3402 1215 qui
3441 1162 3559 1201 om-

1978 1226 2112 1280 nino
2150 1226 2495 1284 incarnatum
2526 1229 2694 1285 fuisse
2727 1240 2950 1303 negant.
2990 1262 3061 1272 —
3091 1231 3160 1286 Et
3195 1233 3250 1285 in
3290 1232 3461 1288 libello
3494 1233 3559 1287 de

1974 1317 2340 1373 incarnatione
2375 1321 2569 1375 iterum
2608 1324 2716 1377 haec
2747 1324 2974 1393 scripsit.
3015 1322 3155 1377 Illud
3186 1336 3336 1393 ergo,
3398 1324 3557 1395 173

1982 1433 2001 1464 ι
2030 1410 2173 1469 Sede
2204 1426 2235 1466 a
2264 1410 2509 1468 dexteris
2536 1413 2675 1468 meis
2696 1413 2764 1479 ⁸⁸,
2801 1428 2820 1464 ι
2853 1421 3110 1483 tanquam
3143 1413 3354 1467 homini
3379 1414 3515 1468 dicit
3540 1432 3554 1468 :

1976 1518 2155 1573 neque
2198 1503 2347 1557 enim
2387 1502 2438 1557 ei
2484 1503 2576 1572 qui
2627 1491 2845 1572 semper
2872 1505 2889 1523 ‘
2920 1502 3076 1557 sedet
3116 1502 3174 1556 in
3204 1502 3400 1557 throno
3437 1504 3556 1574 glo-

1974 1595 2090 1658 riaa,
2116 1601 2390 1664 quatenus
2415 1594 2560 1649 Deus
2589 1592 2851 1658 Verbum,
2878 1592 3086 1648 dictum
3115 1603 3200 1649 est
3222 1602 3345 1663 post
3369 1609 3560 1649 ascen-

1973 1683 2186 1737 sionem
2225 1697 2257 1737 e
2293 1692 2478 1737 terra:
2507 1683 2602 1738 sed
2634 1683 2686 1737 ei
2716 1683 2812 1752 qui
2851 1698 3001 1737 nunc
3035 1681 3091 1736 in
3130 1683 3409 1738 caelestem
3444 1684 3559 1753 glo-

1975 1776 2114 1837 riam
2170 1774 2277 1829 fuit
2332 1776 2604 1830 exaltatus
2660 1784 2935 1845 quatenus
2992 1775 3191 1841 homo,
3241 1783 3302 1829 ut
3363 1775 3559 1830 dicunt

1975 1865 2206 1934 apostoli
2240 1882 2253 1918 :
2292 1884 2311 1916 ι
2340 1864 2463 1919 Non
2505 1866 2654 1919 enim
2698 1865 2867 1920 David
2909 1865 3160 1921 ascendit
3206 1864 3262 1919 in
3304 1866 3553 1931 caelum;

1974 1957 2109 2011 dicit
2124 1963 2307 2011 autem
2331 1955 2481 2026 ipse:
2502 1956 2648 2011 Dixit
2667 1957 2934 2011 Dominus
2956 1955 3193 2010 Domino
3215 1970 3341 2010 meo
3366 1974 3378 2009 :
3413 1955 3558 2010 Sede

1974 2064 2005 2103 a
2044 2048 2288 2104 dexteris
2336 2048 2478 2102 meis
2505 2048 2572 2103 ".
2615 2067 2634 2100 ι
2690 2047 2773 2104 Ad
2825 2047 3108 2102 hominem
3161 2045 3400 2117 pertinet
3451 2046 3559 2101 hoc

1974 2141 2317 2202 mandatum,
2356 2139 2589 2194 sessioni
2622 2138 2761 2193 dans
2791 2136 3128 2207 principium
3160 2152 3175 2189 :
3204 2134 3389 2189 divina
3424 2148 3558 2189 vero

1973 2242 2061 2288 est
2111 2233 2351 2303 dignitas
2396 2246 2521 2285 cum
2571 2231 2684 2284 Deo
2734 2228 3052 2292 considere,
3103 2226 3191 2282 cui
3243 2225 3559 2280 ministrant

1975 2325 2146 2379 millia
2174 2324 2431 2388 millium,
2455 2334 2511 2378 et
2529 2321 2796 2376 assistunt
2819 2320 3006 2375 decies
3033 2328 3265 2374 centena
3294 2317 3462 2371 millia
3486 2316 3558 2371 ".

1973 2446 2043 2456 —
2068 2415 2141 2469 Et
2170 2412 2333 2485 paulo
2368 2421 2503 2484 post.
2531 2413 2652 2467 Non
2693 2412 2843 2468 enim
2872 2419 2934 2465 ut
2962 2412 3075 2466 Deo
3108 2409 3334 2481 subjicit
3369 2407 3559 2463 inimi-

1973 2521 2088 2570 cos,
2113 2506 2210 2561 sed
2241 2514 2302 2560 ut
2329 2505 2562 2568 homini,
2592 2505 2673 2558 sic
2697 2510 2877 2558 tamen
2911 2511 2973 2557 ut
3012 2502 3157 2557 idem
3190 2501 3262 2557 sit
3288 2501 3435 2555 Deus
3460 2498 3558 2568 qui

1974 2597 2337 2666 conspicitur,
2368 2604 2422 2651 et
2459 2596 2645 2650 homo.
2677 2595 2834 2661 Quod
2869 2602 3052 2647 autem
3082 2601 3144 2647 ut
3168 2590 3377 2646 homini
3408 2591 3560 2645 dica-

1976 2700 2088 2755 tur,
2117 2709 2135 2742 (
2166 2689 2346 2744 donec
2370 2703 2568 2759 ponam
2597 2686 2851 2741 inimicos
2878 2694 3000 2740 tuos
3030 2685 3331 2740 seabellum
3354 2682 3558 2753 pedum

1975 2789 2195 2835 tuorum
2227 2778 2296 2845 ⁵⁸,
2327 2800 2345 2831 ι
2380 2779 2542 2834 docet
2580 2778 2805 2843 Paulus,
2845 2777 3130 2847 proprium
3172 2777 3292 2847 ejus
3326 2774 3556 2838 factum,

1969 2873 2126 2943 juxta
2171 2871 2518 2926 divinitatem
2569 2869 2808 2934 scilicet,
2862 2882 3352 2923 commemorans:
3404 2885 3422 2917 ι
3463 2864 3561 2922 Se-

1975 2964 2221 3020 cundum
2280 2971 2533 3018 naturam
2591 2960 2963 3032 operationis,
3015 2976 3123 3030 qua
3169 2959 3335 3014 etiam
3385 2957 3563 3028 possit

1976 3054 2248 3124 subjicere
2273 3052 2381 3107 sibi
2406 3051 2590 3106 omnia
2611 3053 2679 3106 ⁸⁹.
2714 3070 2734 3103 ι
2773 3051 2913 3107 Vide
2941 3049 3334 3120 inseparabiles
3366 3048 3422 3102 in
3453 3063 3562 3103 una

1975 3160 2211 3216 persona
2253 3143 2598 3199 divinitatem
2643 3150 2700 3197 et
2746 3142 3168 3196 humanitatem.
3220 3170 3291 3179 —
3330 3139 3399 3193 Et
3446 3146 3564 3209 post

1977 3251 2169 3306 pauca.
2204 3253 2222 3286 ι
2244 3231 2501 3289 Gloriﬁca
2531 3247 2640 3297 me,
2676 3240 2735 3286 tu
2768 3228 2996 3301 (Pater),
3028 3230 3174 3300 apud
3210 3229 3560 3298 temetipsum

1977 3328 2227 3382 claritate
2276 3342 2441 3397 quam
2494 3325 2686 3388 habui,
2735 3324 3057 3394 priusquam
3107 3321 3349 3375 mundus
3392 3329 3561 3382 esset,

1977 3418 2121 3489 apud
2166 3427 2217 3473 te
2253 3418 2319 3471 ³ο.
2354 3436 2373 3468 ι
2425 3416 2671 3471 Verbum
2729 3413 2878 3469 enim
2932 3410 3196 3483 gloriﬁca,
3234 3418 3464 3478 usurpat
3502 3417 3566 3463 ut

1967 3508 2144 3576 ,homo
2183 3526 2196 3560 :
2236 3506 2464 3578 gloriam
2507 3511 2691 3558 autem
2738 3510 2864 3556 ante
2906 3501 3106 3555 saecula
3149 3513 3208 3553 se
3252 3496 3459 3551 habere
3502 3504 3564 3550 ut

1976 3599 2150 3654 Deum
2192 3597 2455 3652 declarat.
2495 3626 2567 3635 —
2592 3594 2662 3648 Et
2695 3595 2891 3647 iterum
2924 3598 3038 3662 post
3073 3606 3264 3662 pauca.
3292 3588 3404 3643 Nos
3428 3603 3564 3643 vero

1976 3704 2088 3744 non
2117 3688 2442 3759 abjiciamus
2472 3685 2688 3740 animos
2720 3682 2989 3754 abjectam
3020 3688 3278 3751 putantes
3307 3677 3431 3734 Filii
3464 3678 3563 3732 Dei

1978 3783 2380 3845 adorationem,
2416 3779 2583 3836 etiam
2625 3779 2684 3833 in
2727 3777 2968 3831 humana
3014 3771 3423 3828 similitudine:
3467 3768 3564 3825 sed

1979 3884 2241 3946 tanquam
2282 3888 2468 3942 regem
2513 3871 2750 3940 aliquem
2794 3869 2960 3924 etiam
3001 3868 3057 3922 in
3095 3865 3191 3920 vili
3222 3872 3377 3920 veste
3413 3862 3567 3932 regio

1978 3968 2190 4024 honore
2235 3965 2554 4029 allicientes,
2602 3962 2837 4017 maxime
2880 3974 3006 4014 cum
3054 3957 3343 4012 videamus
3384 3953 3565 4024 ipsum

1979 4075 2200 4130 quoque
2240 4058 2625 4112 indumentum
2664 4051 3052 4124 gloriﬁcatum,
3091 4049 3238 4105 sicut
3267 4044 3566 4103 convenie-

1980 4151 2074 4205 bat
2106 4148 2326 4218 corpori
2368 4145 2486 4210 Dei,
2517 4152 2574 4199 et
2601 4141 2871 4198 Salvatori
2910 4139 3125 4204 mundi,
3175 4135 3336 4207 174
3374 4145 3430 4190 et
3475 4150 3565 4190 se—

1981 4240 2119 4294 mini
2150 4238 2278 4292 vitaa
2305 4243 2546 4297 :eternse,
2571 4240 2629 4287 et
2674 4231 2988 4286 divinarum
3034 4226 3314 4281 actionum
3353 4224 3566 4278 instru-

1981 4336 2190 4390 mento,
2221 4336 2279 4381 et
2304 4325 2569 4380 vitiorum
2605 4320 2855 4376 omnium
2895 4317 3251 4381 destructori,
3279 4324 3333 4369 et
3370 4312 3570 4371 mortis

1981 4417 2350 4493 peremptori,
2392 4423 2450 4471 et
2495 4411 2923 4469 resurrectionis
2961 4407 3220 4480 principi.
3261 4406 3378 4461 Etsi
3415 4404 3566 4458 enim

271 4509 443 4563 Ὅθεν
476 4510 650 4579 ἡμεῖς
679 4507 743 4560 τὸ
770 4507 930 4578 σῶμα
958 4507 1393 4580 προσκυνοῦμεν.
1422 4508 1499 4570 ὡς
1545 4508 1637 4563 τὸν
1683 4508 1875 4579 Λόγον,

1981 4522 2236 4573 naturam
2273 4508 2468 4564 habuit
2497 4522 2562 4563 ex
2596 4504 2937 4568 hominibus,
2967 4510 3150 4556 tamen
3174 4499 3341 4554 vitam
3373 4494 3570 4553 habuit

264 4602 369 4656 τοῦ
399 4604 665 4671 σώματος
691 4600 1016 4671 μετέχομεν,
1046 4600 1122 4663 ῶς
1150 4598 1248 4653 τοῦ
1279 4599 1614 4669 πνεύματος.

1983 4621 2052 4660 ex
2088 4604 2223 4667 Deo,
2246 4608 2303 4656 et
2324 4599 2624 4669 potentiam
2652 4611 2684 4650 e
2713 4595 2875 4658 coelo,
2904 4592 3257 4662 divinamque
3281 4589 3566 4643 virtutem.

270 4722 349 4734 --
371 4690 444 4747 Et
484 4699 605 4763 post
645 4706 839 4761 pauca.
872 4691 1001 4746 Ideo
1035 4705 1138 4745 nos
1173 4705 1376 4762 corpus
1410 4689 1731 4756 adoramus,
1757 4698 2016 4764 tanquam
2047 4692 2326 4751 Verbum:
2386 4687 2635 4758 corporis
2687 4699 2881 4741 sumus
2930 4681 3249 4753 participes,
3308 4686 3568 4747 tanquam

342 4785 531 4839 iritus.

343 4802 531 4839 imus.

272 4802 499 4929 sp‘IGozi
531 4891 618 4928 σοι
647 4873 745 4927 καὶ
778 4875 809 4927 ό
842 4873 1061 4943 πρῶτος
1109 4871 1220 4926 τῶν
1269 4872 1486 4942 φύσεων
1529 4871 1629 4943 τὴν
1678 4873 1879 4944 κρᾶσιν

271 4966 520 5032 εἰσάγων
542 5004 559 5028 ,
619 4963 928 5031 ἀναφανδὸν
988 4964 1056 5034 τῇ
1122 4961 1384 5035 διαιρέσει
1439 4960 1720 5033 χρώμενος
1775 4962 1880 5015 ἁπ-

2056 4870 2200 4927 Ecce
2245 4866 2346 4922 tibi
2396 4865 2832 4921 demonstratum
2883 4867 2987 4923 est,
3029 4872 3157 4913 eum
3209 4856 3305 4928 qui
3354 4857 3570 4927 primus

1984 4970 2309 5017 naturarum
2336 4954 2677 5013 confusionis
2700 4959 2894 5007 auctor
2905 4950 3030 5016 fuit,
3051 4949 3230 5018 ipsum
3243 4957 3569 5004 naturarum

274 5054 521 5126 εὸεἰχθη.
546 5046 721 5117 Οὗτος
755 5054 850 5108 καὶ
881 5052 1076 5122 στολὴν
1100 5053 1161 5106 τὸ
1186 5052 1368 5124 σῶμα,
1403 5056 1499 5107 καὶ
1531 5053 1757 5122 κτίσμα,
1784 5050 1880 5106 καὶ

1976 5060 2166 5125 aperte
2207 5065 2368 5105 usum
2407 5063 2530 5103 esse
2567 5044 2944 5100 distinctione.
2991 5041 3092 5097 llic
3125 5047 3184 5096 et
3209 5040 3408 5095 stolam
3441 5055 3568 5095 cor—

274 5147 515 5221 δργανον
537 5144 985 5219 προσηγόρευσε.
1021 5145 1130 5199 Καὶ
1161 5144 1344 5216 μέντοι
1368 5138 1479 5201 ¹καὶ
1518 5143 1702 5203 δοῦλον
1744 5142 1881 5197 ὠνό-

281 5254 478 5306 μασεν,
511 5238 657 5308 ὅπερ
686 5235 869 5300 οὐδεὶς
902 5237 1061 5306 ὴμῶν
1111 5238 1289 5290 εἰπεῖν
1332 5235 1603 5307 ἐτόλμησε
1636 5235 1882 5288 πώποτε.

279 5330 450 5384 Τοῦτο
473 5331 573 5385 καὶ
589 5331 691 5401 τῆς
712 5332 780 5384 ἐκ
798 5329 995 5397 δεξιῶν
1011 5329 1235 5403 εἴρηκεν
1260 5329 1567 5400 ἀξιωθῆναι
1588 5328 1883 5401 καθέδρας,

347 5508 394 5539 ⁸⁸
428 5507 572 5563 Psal.
615 5525 729 5567 cxx.
765 5512 817 5564 ί.
925 5507 971 5538 ⁵⁸
1006 5507 1124 5560 Act.
1165 5522 1223 5569 ιι,
1260 5503 1348 5558 35.

281 5588 408 5643 xvn,
449 5578 504 5633 5.

1457 5504 1502 5534 ⁸⁷
1541 5505 1676 5560 Dan.
1738 5522 1835 5574 vn,
1872 5504 1955 5561 10.

1978 5159 2116 5215 pus,
2164 5151 2221 5198 et
2262 5148 2611 5203 creaturam,
2662 5147 2719 5192 et
2765 5136 3199 5190 instrumentum
3251 5130 3565 5205 appellavit.

1979 5235 2122 5304 Quin
2151 5234 2317 5290 etiam
2345 5245 2564 5286 servum
2592 5242 2812 5299 quoque
2836 5225 3196 5295 nuncupavit,
3226 5223 3373 5293 quod
3402 5235 3568 5275 nemo

1981 5334 2232 5381 nostrum
2271 5321 2460 5377 dicere
2500 5333 2740 5389 unquam
2777 5325 2864 5374 est
2903 5331 3092 5372 ausus.
3127 5312 3273 5370 Dixit
3298 5317 3566 5381 praeterea

3326 5483 3369 5516 ⁸ο
3402 5483 3559 5545 Joau.

2065 5497 2109 5532 ⁸⁸
2144 5495 2262 5553 Act.
2316 5512 2375 5560 ιι,
2422 5494 2509 5551 35.
2625 5494 2669 5525 °9
2708 5490 2941 5562 Philipp.
2996 5503 3074 5554 ιιι,
3126 5487 3213 5541 2|.

351 5760 460 5831 (ΞΟ)
513 5759 601 5813 σύ.
656 5755 943 5812 Onnssum
1005 5761 1086 5807 est
1127 5750 1328 5821 Πάτερ,
1375 5750 1520 5820 quod
1555 5751 1593 5804 ι.
1637 5767 1685 5804 ι’.
1718 5750 1983 5819 sequitur.
