4090 6484
491 414 600 482 219

1487 410 1975 471 THEODORETI
2015 408 2352 468 EPISCOPI
2389 403 2753 466 CYRENSIS

3664 395 3800 458 29.0

498 533 513 550 ⁶
546 527 601 580 in
641 525 771 581 sede
811 541 840 579 a
871 523 1115 579 dexteris
1147 522 1474 578 collocatum
1507 539 1653 588 esse,
1691 531 1747 578 et
1776 521 1885 576 alia
1915 521 2087 578 multa

2224 519 2287 572 ,αὶ
2314 519 2448 573 ἄλλα
2477 517 2536 571 δὲ
2563 515 2792 568 πλεῖστα
2825 509 2985 583 παρὰ,
3007 509 3107 582 τῆς
3136 509 3296 582 κενῆς
3325 507 3479 580 ὑμῶν
3507 509 3801 582 αἱρέσεως

497 633 620 686 qua:
648 633 676 670 a
703 633 838 670 vana
865 615 1059 670 hzeresi
1081 622 1266 669 vestra
1292 614 1640 685 rejiciuntur.

572 709 778 763 ERAN.
821 709 932 762 Cur
972 707 1190 762 tandem
1227 706 1394 776 igitur
1421 706 1516 776 qui
1548 704 1928 761 confusionem
1970 701 2085 772 pri-

2188 607 2576 677 ἐκϐαλλόμενα.

2260 699 2462 752 ΕΡΑΝ.
2505 698 2616 750 Καὶ
2639 695 2701 774 τί.
2719 695 2920 766 δήποτε
2947 691 3045 762 τὴν
3079 692 3280 763 κρᾶσιν
3300 690 3518 762 πρῶτος
3539 691 3800 762 εἰσάγων

500 819 624 857 mus
673 802 907 866 induxit,
947 809 1157 854 tantam
1197 799 1251 854 in
1289 801 1475 856 verbis
1522 801 1638 856 suis
1677 800 2087 856 distinctionem

2224 790 2462 860 οσαύτην
2494 787 2767 842 ὲντέῦεικε
2805 788 2917 850 τοῖς
2947 785 3128 853 λόγοις
3153 783 3452 856 διαίρεσινς

500 895 831 950 constituit?

570 984 781 1038 ORTH.
824 984 982 1055 Cogit
1027 985 1112 1039 vis
1157 985 1409 1039 veritatis
1453 984 1708 1040 assentiri
1756 985 1922 1040 etiam
1971 1003 2087 1052 eos,

499 1073 596 1143 qui
636 1074 994 1130 vehementer
1029 1075 1110 1129 illi
1139 1086 1465 1145 repugnant.
1492 1075 1622 1140 Sed,
1655 1076 1698 1131 si
1729 1078 1828 1131 tibi
1850 1078 2088 1144 videtur,

501 1165 668 1219 etiam
722 1166 792 1221 de
838 1167 1249 1238 impatibilitate
1293 1165 1509 1220 Domini
1569 1183 1882 1222 sermonem
1931 1168 2089 1222 iusti-

504 1263 748 1310 tuemus.

577 1346 786 1400 ERAN.
829 1345 949 1402 Scis
991 1347 1154 1404 etiam
1197 1348 1437 1404 musicos
1463 1349 1642 1404 solere
1673 1348 1897 1403 chordis
1931 1348 2092 1419 quie-

505 1443 618 1490 tem
652 1438 979 1503 concedere,
1006 1448 1064 1493 et
1108 1441 1201 1493 has
1239 1441 1566 1509 paxillorum
1607 1439 1967 1495 conversione
2001 1457 2093 1496 re-

506 1529 749 1582 mittere.
779 1529 933 1595 Quod
961 1529 1005 1584 si
1027 1531 1192 1584 etiam
1217 1545 1280 1584 ea
1309 1547 1431 1599 qua:
1460 1531 1672 1586 ratione
1705 1540 1759 1586 et
1791 1533 1972 1586 anima
1999 1548 2093 1585 ea-

506 1626 650 1682 rent,
689 1619 930 1688 quietem
975 1620 1210 1688 aliquam
1243 1620 1580 1685 desiderant,
1609 1621 1912 1676 absurdum
1954 1622 2093 1676 nihil

2262 985 2415 1038 ΟΡΘ.
2456 984 2712 1047 Βιάζεται
2738 980 2838 1048 τῆς
2867 976 3123 1048 ἀληθείας
3156 977 3189 1047 ἡ
3230 975 3460 1045 δύναμις
3507 974 3602 1026 καὶ
3647 973 3800 1035 τοὺς

2192 1079 2331 1145 ἄγαν
2358 1077 2494 1145 αὐτῇ
2530 1072 2869 1144 μαχομένους
2916 1071 3028 1131 τοῖς
3081 1070 3212 1136 παρ’
3244 1067 3415 1136 αὐτῆς
3462 1063 3800 1134 λεγομένοις

2195 1168 2507 1221 συνθέσθαι.
2550 1165 2690 1218 Ἀλλ’
2715 1163 2768 1216 εἴ
2789 1179 2870 1215 σοι
2895 1160 3063 1224 δοκεῖ,
3092 1159 3186 1212 καὶ
3213 1158 3304 1212 τὸν
3339 1158 3469 1230 περὶ
3497 1157 3595 1227 τῆς
3635 1157 3801 1210 dura-

2194 1261 2345 1322 Οείας
2368 1258 2465 1312 τοῦ
2495 1257 2701 1328 Κυρίου
2726 1256 3038 1324 κινήσωμεν
3063 1253 3239 1320 λόγον.

2265 1352 2470 1406 ΕΡΔΝ.
2511 1345 2661 1403 Οϊσίν
2689 1349 2770 1402 ὅτι
2800 1348 2896 1400 καὶ
2923 1348 3021 1410 τὰς
3044 1344 3246 1416 χορδὰς
3278 1344 3327 1397 oi
3376 1339 3627 1412 μουσικοὶ
3658 1339 3800 1392 διαι-

2196 1445 2392 1498 παύειν
2437 1441 2682 1507 εἰώθασι,
2733 1441 2827 1493 καὶ
2863 1437 3070 1510 χαλῶσι
3099 1437 3322 1499 ταύτας,
3357 1435 3483 1497 τοὺς
3510 1431 3799 1493 σκόλοπας

2197 1537 2677 1609 περιστρέφοντες.
2711 1533 2774 1584 Et
2823 1532 2880 1584 δὲ
2945 1530 3040 1582 καὶ
3091 1528 3161 1581 τὰ
3220 1527 3380 1596 λόγου
3444 1523 3537 1578 καὶ
3597 1519 3801 1592 ψυχῆς

2197 1628 2430 1697 πάμπαν
2467 1625 2780 1696 στερημένα
2828 1621 3000 1676 δεῖταί
3054 1637 3200 1683 τινος
3255 1616 3594 1685 ἀναπαύλης,
3628 1613 3803 1666 οὐδὲν

506 1709 802 1764 fecerimus
835 1727 954 1776 nos,
983 1713 1076 1780 qui
1112 1712 1308 1765 animae
1337 1722 1393 1766 et
1426 1713 1656 1766 rationis
1679 1712 1976 1782 participes
2005 1729 2095 1768 su-

2224 1722 2307 1793 ἱρα
2341 1721 2612 1792 δράσομεν
2644 1716 2873 1778 ἀπεικὸς
2906 1716 2952 1768 oi
2980 1714 3157 1784 ψυχῆς
3200 1712 3293 1764 καὶ
3339 1709 3500 1777 λόγου
3533 1704 3802 1793 μετείλη-

505 1816 653 1865 mus,
686 1802 731 1855 si
763 1802 1004 1856 laborem
1032 1802 1241 1857 viribus
1272 1802 1582 1856 metiamur.
1609 1803 1940 1858 Ditl'eramus
1964 1820 2095 1876 ergo

2224 1791 2381 1882 ίότες,
2413 1807 2741 1879 μετροῦντες
2777 1807 2843 1876 τῇ
2875 1804 3104 1874 δυνάμει
3132 1802 3223 1854 τὸν
3248 1799 3432 1852 πόνον.
3474 1791 3803 1848 ’Λναὸαλώ-

508 1891 564 1946 in
595 1893 916 1947 crastinum.
1326 1893 1329 1897 ’

2224 1903 2340 1955 ιεοα
2368 1901 2549 1954 τοίνυν
2581 1901 2660 1962 εἰς
2684 1897 2893 1969 αὔριον.

575 1979 786 2035 ORTH.
831 1984 1095 2039 Hortatur
1139 1985 1366 2055 quidem
1412 1985 1637 2039 divinus
1684 1985 1855 2040 David
1906 1986 1996 2041 die
2033 2003 2098 2042 ac

2271 1992 2424 2045 ΟΡΘ.
2481 1990 2539 2042 ὐ
2569 1988 2666 2059 μὲν
2697 1987 2840 2049 θεῖος
2868 1983 3035 2037 Δαϐὶδ
3062 1981 3278 2051 νύκτωρ
3301 1978 3393 2032 καὶ
3424 1973 3543 2046 μεθ’
3568 1970 3803 2042 ἡμέραν

504 2082 668 2127 nocte
721 2073 908 2129 divina
955 2077 1176 2146 eloquia
1229 2078 1483 2133 meditari
1526 2095 1540 2132 :
1579 2078 1674 2132 ﬁat
1719 2087 1902 2133 tamen
1948 2079 2094 2148 quod

2224 2084 2308 2137 ’ὦν
2349 2082 2509 2136 Θείων
2537 2079 2806 2133 ποιεῖσθαι
2835 2076 3033 2145 λογίων
3057 2075 3157 2146 τὴν
3195 2070 3425 2142 μελέτην
3470 2061 3800 2135 παρεγγυᾷ·

505 2163 727 2230 dixisti,
777 2174 833 2220 et
876 2167 934 2222 in
976 2168 1278 2224 crastinum
1329 2169 1601 2240 reliquam
1650 2169 2095 2240 disquisitionem

2224 2171 2441 2226 ἐνέσθω
2473 2170 2530 2222 δὲ
2561 2169 2709 2239 ὅμως
2735 2167 2871 2238 ὅπερ
2910 2167 3158 2234 εἴρηκας,
3196 2162 3290 2214 καὶ
3330 2155 3659 2229 φυλάξωμεν
3711 2153 3804 2214 εἰς

507 2269 879 2312 reservemus.

2224 2261 2298 2330 τὴν
2329 2257 2619 2329 ὑστεραίαν
2647 2255 2741 2308 τοῦ
2776 2253 3099 2324 λειπομένου
3137 2251 3236 2324 τὴν
3269 2249 3515 2320 ἔρευναν.

523 2467 3778 2494 mw.—

1681 2635 2634 2772 ΑΠΑΘΗΣ.

1831 2873 2381 2960 ΔΙΑΛΟΓΟΣ
2429 2875 2540 2960 Γ.

1493 3054 1992 3108 υΡΘυΔΟΞΟΣ
2050 3056 2198 3109 ΚΑΙ
2261 3055 2808 3110 ΕΡΑΝΙΣΤΙΙΣ.

1539 3393 2755 3526 IMPATIBILIS.

1738 3649 2336 3742 DIALOGUS
2413 3655 2557 3741 III

1477 3847 2085 3908 ORTIIODOXUS
2127 3848 2235 3908 ET
2277 3847 2846 3908 ERANISTES.

1071 4162 1556 4224 ORTHODOXUS.

601 4271 759 4344 175
807 4274 962 4342 Quod
1014 4275 1371 4335 immutabilis
1414 4282 1484 4336 sit
1530 4283 1676 4338 Deus
1735 4281 1995 4343 Verbum,
2056 4293 2113 4338 et

526 4362 694 4420 homo
761 4364 938 4421 factus
1002 4367 1092 4431 sit,
1171 4386 1278 4424 non
1356 4371 1410 4425 in
1482 4388 1706 4427 carnem
1786 4389 2111 4438 conversus,

529 4457 626 4512 sed
689 4462 929 4515 humana
976 4462 1217 4530 perfecta
1258 4473 1540 4534 assumpta
1580 4475 1802 4521 natura.
1867 4465 1918 4519 in
1963 4467 2114 4535 prio-

530 4550 686 4604 ribus
723 4551 1194 4622 disputationibus
1225 4557 1746 4610 demonstran'inms.
1789 4556 1946 4621 Quod
1987 4573 2117 4611 vero

530 4644 697 4698 etiam
767 4657 888 4715 post
955 4648 1216 4701 unionem
1274 4667 1304 4700 ιι
1330 4650 1538 4702 auserit
1576 4650 1756 4718 qualis
1811 4660 1950 4714 erat,
2007 4667 2118 4703 non

534 4736 748 4802 mistus,
786 4739 1128 4808 impatibilis,
1165 4741 1546 4804 immutabilis,
1586 4742 2118 4812 incircumscriptus,

533 4837 588 4882 et
621 4830 767 4898 quod
803 4839 1053 4885 naturam
1090 4841 1424 4901 assumptam
1465 4833 1729 4902 integram
1757 4837 2119 4900 conservarit,

534 4923 827 4990 perspicue
876 4940 976 4978 nos
1030 4923 1215 4978 divina
1272 4925 1588 4993 Scriptura,
1640 4933 1696 4979 et
1751 4925 2120 4981 Eeclesiarum

537 5013 813 5079 doctores,
882 5026 937 5070 et
990 5016 1144 5070 orbis
1196 5027 1467 5071 terrarum
1527 5018 1734 5072 lumina
1789 5019 2118 5076 «iacuerunt.

540 5104 734 5156 Restat
768 5119 898 5174 ergo
931 5105 1093 5157 nobis
1143 5115 1202 5157 ut
1232 5105 1299 5159 de
1335 5105 1589 5174 passione
1615 5107 1780 5159 verba
1819 5107 2119 5161 faciamus:

539 5195 690 5264 quod
725 5196 885 5266 longe
920 5195 1274 5250 utilissimum
1311 5197 1438 5261 erit,
1463 5196 1591 5265 quia
1627 5196 1753 5252 inde
1789 5198 1950 5252 nobis
1975 5200 2123 5253 salu-

545 5288 681 5341 taria
717 5286 917 5340 [intenta
953 5288 1196 5341 exhibita
1232 5295 1379 5342 sunt.

615 5379 1018 5434 ERANISTES.
1057 5379 1170 5449 Ego
1203 5395 1424 5449 quoque
1471 5381 1763 5450 perutilem
1816 5382 1964 5436 hunc
2013 5397 2125 5437 scr»

2799 4165 3210 4223 ΟΡΘΟΔΟΞΟΣ.

2290 4280 2412 4332 ’Ότι
2455 4277 2554 4349 μὲν
2590 4275 2860 4347 ἄτρεπτος
2895 4277 2924 4328 ὀ
2963 4277 3094 4336 Θεὸς
3126 4275 3296 4342 Λόγος
3321 4316 3336 4339 ,
3378 4276 3472 4328 καὶ
3529 4274 3811 4345 ὲνηνθρώ-

2219 4388 2392 4440 πησεν
2437 4370 2538 4422 οὐκ
2587 4371 2666 4432 είς
2721 4369 2899 4438 σάρκα
2949 4370 3182 4439 τραπεὶς
3211 4408 3224 4433 ,
3279 4367 3395 4420 ἀλλ’
3455 4367 3809 4437 ἀνθρωπείαν

2219 4461 2381 4532 φύσιν
2416 4460 2627 4513 τελείαν
2670 4460 2871 4525 λαϐὼν,
2912 4461 2968 4512 ἐν
2997 4462 3109 4522 τοῖς
3153 4460 3388 4530 πρόσθεν
3412 4459 3808 4530 ὲξητασμένοις

2220 4554 2582 4624 ἀπεδείξαμεν
2630 4554 2828 4623 λόγοις.
2880 4555 3004 4608 Ὀτι
3055 4553 3111 4607 δὲ
3157 4553 3250 4607 καὶ
3303 4553 3441 4622 μετὰ
3470 4553 3569 4622 τὴν
3611 4552 3809 4606 ἕνωσιν

2226 4647 2536 4716 μεμένηκεν
2565 4641 2675 4710 οἷος
2698 4643 2785 4717 ἦν,
2820 4647 3117 4716 ἀκήρατος,
3156 4645 3395 4717 ἀπαθὴς,
3424 4645 3806 4708 ἀναλλοίωτος,

2224 4738 2635 4808 ἀπερίγραφός,
2681 4739 2776 4793 καὶ
2815 4740 2888 4802 ὡς
2930 4741 2997 4809 ἣν
3044 4738 3274 4792 ἀνέλαϐε
3321 4738 3480 4806 φύσιν
3527 4738 3808 4807 ἀκραιφνῆ

2223 4831 2546 4901 διετήρησε,
2574 4831 2762 4902 σαφῶς
2795 4833 2940 4902 ἡμᾶς
2979 4833 3010 4902 ή
3061 4830 3177 4884 Οεία
3212 4830 3404 4902 Γραφὴ
3433 4870 3448 4893 ,
3491 4831 3587 4882 καὶ
3623 4830 3807 4898 μέντοι

2226 4926 2318 4978 καὶ
2348 4926 2455 4978 τῶν
2497 4925 2836 4997 Ἑκκλησιῶν
2875 4926 2923 4977 οἱ
2959 4925 3316 4988 διδάσκαλοι,
3368 4924 3461 4978 καὶ
3500 4924 3600 4992 τῆς
3631 4924 3809 4974 οἰκου-

2229 5018 2396 5087 μένης
2432 5019 2479 5071 οἱ
2516 5019 2800 5088 φωστῆρες
2833 5016 3100 5083 ἐδίδαξαν.
3141 5015 3342 5069 Λοιπὸν
3377 5013 3554 5068 τοίνυν
3597 5016 3734 5082 ἡμῖν
3782 5013 3808 5064 ὁ

2227 5111 2354 5182 περὶ
2384 5111 2477 5163 τοῦ
2508 5110 2713 5174 πάθους
2741 5111 3029 5181 πρόκειται
3057 5109 3234 5177 λόγος,
3255 5109 3328 5170 ὼς
3355 5108 3588 5177 μάλιστα
3609 5107 3810 5177 προύρ-

2227 5206 2502 5268 γιαίτατος
2533 5199 2628 5254 ὢν.
2665 5200 2838 5264 Αὐτὸς
2866 5200 2976 5272 γὰρ
3005 5201 3138 5271 ἡμῖν
3177 5199 3246 5252 τὰ
3275 5199 3517 5270 σωτήρια
3545 5198 3808 5269 προσενή-

2228 5308 2350 5360 νοχε
2380 5293 2617 5361 νάματα.

2301 5383 2710 5439 ΕΡΑΝΙΣΤΗΣ.
2773 5380 3123 5451 Ὀνησιφόρον
3189 5378 3287 5450 μὲν
3329 5375 3485 5446 κάγὼ
3525 5377 3672 5429 τόνδε
3724 5376 3809 5429 τὸν

544 5487 762 5542 monent
804 5473 919 5528 fore
948 5472 1156 5543 judico.
1190 5473 1460 5527 Caeterum
1492 5474 1744 5528 ordinem
1790 5490 1901 5544 quo
1937 5474 2111 5529 hacte-

2229 5475 2387 5542 λόγον
2431 5474 2728 5543 ὑπείληφα.
2762 5472 2876 5542 Τῆς
2914 5473 3098 5542 μέντοι
3125 5470 3400 5542 προτέρας
3425 5470 3527 5524 οὐκ
3553 5468 3807 5534 ἀνέξομαι

546 5575 654 5616 nus
696 5562 780 5616 usi
813 5580 1005 5618 sumus
1039 5579 1147 5617 non
1182 5579 1402 5632 sequar,
1440 5563 1536 5617 sed
1583 5563 1699 5633 ipse
1751 5564 2120 5635 interrogabo.

617 5654 827 5708 OR'l‘ll.
862 5657 975 5726 Ego
1020 5672 1154 5710 vero
1198 5655 1563 5723 respondebo,
1600 5671 1702 5710 nec
1749 5656 1960 5710 ordinis
2004 5673 2124 5711 um-

553 5747 812 5802 tationem
851 5765 993 5818 aegre
1030 5749 1221 5803 feram.
1260 5749 1394 5802 Nam
1432 5749 1525 5819 qui
1557 5749 1845 5804 veritatem
1888 5751 2126 5820 patroci-

554 5837 641 5893 nio
667 5854 765 5894 suo
793 5839 1056 5897 defendit.
1096 5856 1202 5894 non
1233 5841 1574 5913 interrogans
1611 5841 1808 5903 solum,
1837 5841 1929 5896 sed
1966 5843 2126 5896 etiam

2230 5565 2457 5629 τάξεως,
2494 5563 2630 5616 ἀλλὰ
2660 5561 2772 5630 ἐγὼ
2804 5563 2901 5626 τὰς
2933 5561 3233 5633 ἐρωτήσεις
3263 5560 3584 5629 ποιήσομαι.

2233 5693 2236 5698 -
2305 5659 2457 5710 υΡΘ.
2506 5657 2647 5725 Ἐγὼ
2679 5657 2734 5710 δὲ
2777 5654 3220 5726 ἀποκρινοῦμαι,
3257 5653 3352 5706 καὶ
3391 5651 3490 5704 οὐκ
3519 5649 3797 5722 ὀρῤωδήσιι

2237 5752 2331 5821 τῆς
2378 5751 2586 5816 τάξεως
2626 5751 2726 5820 τὴν
2768 5749 3094 5817 ἐναλλαγήν.
3147 5748 3204 5800 '0
3244 5745 3354 5815 γὰρ
3399 5745 3497 5812 τῆς
3557 5741 3808 5811 ἀληθείας,

2241 5841 2554 5911 συνήγορος,
2581 5838 2677 5892 οὐκ
2707 5838 2924 5908 ἐρωτῶν
2947 5836 3130 5906 μόνον,
3157 5833 3289 5889 ἀλλὰ
3319 5832 3408 5887 καὶ
3443 5828 3806 5902 ἐρωτώμενος,
