4090 6426
362 401 471 467 221

1425 398 1806 462 DIALOGUS
1845 401 1961 462 ΙΙΙ.
1989 426 2060 436 ·-
2097 400 2589 462 IMPATIBILIS.

3551 392 3658 457 222

361 523 487 594 ἔχει
518 519 618 590 τῆς
648 517 917 590 ἀληθείας
944 518 1011 573 τὸ
1041 517 1264 592 κράτος.
1295 515 1463 589 Ἔρου
1490 515 1669 570 τοίνυν
1699 515 1776 580 ὡς
1804 515 1945 569 ἐϐου-

2064 516 2456 587 interrogatus,
2505 513 2756 571 veritatis
2809 513 3039 570 victoria
3096 514 3327 583 potitur.
3374 512 3656 584 interroga

359 613 560 668 λήθης.

437 615 468 666 θ
544 651 560 665 .

397 615 646 760 ilEilfAN.
685 703 823 757 Τίνα
851 703 916 757 τὺ
938 702 1116 767 πάθος
1135 700 1618 773 ὑπομεμενηκέναι
1645 700 1827 770 λέγεις
1855 718 1872 768 ;

387 859 393 864 ’
433 881 591 936 ΟΡΘ.
639 880 747 937 Τὸν
782 878 994 948 Κύριον
1018 877 1181 948 ἡμῶν
1224 875 1433 944 Ἰησοῦν
1460 876 1718 946 Χριστόν.

432 971 652 1028 ΕΡΑΝ.
687 969 1016 1042 Ἄνθρωπος
1052 964 1149 1022 οὖν
1196 969 1329 1039 ἡμῖν
1375 967 1621 1040 παρέσχε
1649 968 1751 1037 τὴν
1783 984 1963 1043 σωτη-

364 1064 491 1136 ρίαν
512 1080 526 1092 ·

424 1153 589 1211 ΟΡΘ.
621 1152 951 1222 Ἄνθρωπον
976 1149 1088 1221 γάρ
1109 1143 1250 1202 εἶναι
1278 1148 1371 1202 τὸν
1397 1147 1607 1220 Κύριον
1644 1149 1678 1218 ἡ
1688 1148 1806 1219 μῶν
1847 1148 1957 1218 Ἰη-

357 1243 494 1299 σοῦν
525 1243 768 1314 Χριστὸν
804 1241 1342 1312 συνωμολογήσαμεν
1375 1238 1573 1308 μόνον;

428 1335 639 1389 εΡΑΝ.
665 1333 786 1387 Νῦν
810 1335 999 1405 ὃρισαι
1023 1332 1077 1386 τί
1099 1333 1191 1385 τὸν
1219 1330 1456 1402 Χριστὸν
1483 1325 1624 1383 εῖναι
1654 1330 1944 1395 πιστεύεις.

426 1422 583 1476 ΟΡΘ.
629 1421 763 1475 Υίὺν
818 1420 916 1475 τοῦ
986 1420 1126 1475 Θεοῦ
1177 1420 1275 1475 τοῦ
1329 1418 1535 1485 ζῶντος
1593 1421 1951 1494 ἑνανθρωπή-

354 1531 529 1567 σαντα
535 1555 551 1568 .

422 1607 639 1660 ΕΡᾹΝ.
691 1607 753 1660 ’0
784 1606 844 1660 δὲ
873 1604 970 1659 τοῦ
1005 1604 1143 1660 Θεοῦ
1167 1604 1283 1669 υἱὸς
1318 1603 1485 1670 Θεός;

422 1699 585 1752 ΟΡΘ.
617 1698 752 1764 Θεὸς
795 1698 900 1770 τὴν
932 1697 1105 1770 αὐτὴν
1163 1697 1356 1752 οὐσίαν
1385 1697 1529 1768 ἔχων
1572 1696 1655 1770 τῷ
1685 1713 1946 1769 γεγεννη-

359 1790 489 1845 κότε.
520 1790 661 1861 Θεῷ.

442 1883 648 1937 EPAN.
679 1882 809 1946 Θεὸς
842 1877 944 1948 οῦν
976 1882 1040 1936 τὸ
1068 1882 1241 1946 πάθος
1270 1882 1588 1953 ὑπέμεινεν.

434 1975 589 2029 οΡΘ.
638 1975 699 2028 Et
746 1973 1048 2045 ἀσώματος
1091 1973 1174 2044 τῷ
1208 1972 1428 2044 σταυρῷ
1456 1970 1788 2045 προσηλώθη
1816 2010 1833 2036 ,
1877 1971 1945 2041 τῇ

353 2066 578 2137 θεότητι
602 2065 665 2118 τὸ
696 2066 873 2131 πάθος
898 2065 1176 2138 ἀρμοσον·
1204 2066 1253 2118 εί
1279 2065 1335 2117 δὲ
1366 2065 1548 2134 σάρκα
1581 2062 1764 2116 λασὼν
1793 2063 1949 2132 ὲνην-

347 2154 655 2223 θρὼπησε,
698 2155 756 2209 τί
788 2155 995 2225 δήποτε
1036 2155 1102 2208 τὸ
1142 2154 1243 2225 μὲν
1272 2154 1517 2226 παθητὸν
1563 2153 1661 2225 ἐᾷς
1698 2150 1945 2214 ἀπαθὲς,

338 2245 405 2299 τὸ
430 2245 490 2299 δὲ
519 2246 740 2311 ἀπαθὲς
771 2247 1101 2312 ὑποϐάλλεις
1121 2248 1198 2319 τῷ
1228 2248 1422 2312 πάθεις

412 2337 630 2390 ΕΡΑΝ.
674 2337 839 2392 ’Λλλά
888 2338 1073 2410 σάρκα
1110 2338 1302 2391 τούτου
1347 2337 1510 2410 χάριν
1553 2331 1944 2405 προσείληφεν,

335 2428 429 2481 ἵνα
460 2429 555 2483 διὰ
580 2429 684 2483 τοῦ
718 2408 973 2501 παθητοῦν
1004 2430 1068 2484 τὸ
1094 2430 1304 2494 ἀπαθὲς
1338 2408 1607 2499 ὑπομείνῃ
1632 2426 1695 2480 τὺ
1716 2423 1911 2486 πάθος.

409 2519 576 2574 ΟΡΘ.
636 2521 859 2592 ’Δπαθῆ
914 2521 1137 2587 καλεῖς,
1174 2520 1270 2574 καὶ
1312 2519 1484 2583 πάθος
1516 2516 1668 2588 αύτῷ
1698 2532 1949 2588 προσαρ-

337 2611 591 2681 μάττεις.

410 2703 631 2760 ΕΡΔΝ.
663 2702 837 2760 Εἶπον
872 2706 955 2761 ὅτι
981 2706 1166 2779 σάρκα
1193 2704 1387 2760 ἔλαὸεν
1411 2704 1500 2758 ἴνα
1533 2701 1706 2776 πάθῃ.

414 2884 574 2942 οΡΘ.
608 2885 678 2940 Et
704 2885 870 2956 φύσιν
907 2886 1168 2960 δεκτικὴν
1195 2885 1306 2958 εἶχε
1325 2885 1420 2940 τοῦ
1445 2883 1675 2949 πάθους,
1706 2884 1799 2938 καὶ
1826 2882 1955 2955 δίχα

346 2978 555 3052 σαρκὸς
579 2978 794 3034 ἔπαθεν
822 2980 888 3034 ἄν
908 2998 922 3012 ·
954 2978 1188 3051 περιττὴ
1218 2978 1398 3032 τοίνυν
1426 2979 1461 3049 ἡ
1493 2976 1651 3049 σάρξ.

415 3157 627 3215 EPAN.
674 3157 745 3210 'H
777 3154 898 3210 θεία
937 3155 1100 3225 φύσις
1146 3155 1447 3220 ἀθάνατος,
1483 3154 1653 3227 θνητὴ
1685 3155 1743 3209 δὲ
1784 3156 1818 3226 ἡ
1847 3154 1951 3224 τῆς

2065 609 2234 680 igitur
2270 620 2329 663 ut
2360 608 2585 663 voluisti

2138 700 2299 770 176
2343 699 2551 754 ERAN.
2595 698 2899 766 Quemnam
2941 700 3082 757 dicis
3129 698 3440 772 passionem
3482 696 3653 752 susti-

2060 789 2250 844 nuisse
2266 790 2291 842 ?

2131 880 2343 937 ORTH.
2380 882 2672 936 Dominum
2711 893 2962 938 nostrum
2995 882 3182 937 Jesum
3216 879 3522 935 Christum.

2130 973 2337 1028 ERAN.
2375 973 2551 1029 Homo
2583 974 2751 1045 igitur
2778 976 2940 1030 nobis
2973 974 3160 1029 attulit
3193 972 3470 1028 salutem?

2178 1147 2390 1204 ORTH.
2427 1148 2793 1203 Hominemne
2840 1149 3015 1204 solum
3052 1161 3176 1203 esse
3213 1147 3508 1200 Dominum
3545 1157 3648 1198 no-

2057 1249 2232 1295 strum
2265 1242 2452 1296 Jesum
2483 1240 2766 1296 Christum
2802 1239 3040 1296 confessi
3072 1238 3300 1294 sumus?

2129 1332 2337 1387 ERAN.
2376 1333 2536 1387 Nunc
2591 1332 2728 1388 doce
2763 1332 2895 1402 quid
2939 1331 3223 1387 Christum
3257 1344 3380 1385 esse
3430 1326 3645 1383 credas.

2126 1424 2338 1483 ORTII.
2376 1423 2577 1479 Filium
2609 1424 2704 1479 Dei
2739 1424 2849 1502 vivi
2884 1423 3168 1479 hominem
3203 1422 3434 1477 factum.

2123 1611 2332 1667 ERAN.
2368 1611 2465 1665 Dei
2500 1620 2684 1666 autem
2719 1610 2891 1665 Filius
2916 1626 2986 1664 an
3019 1609 3202 1665 Deus?

2121 1703 2333 1760 ORTH.
2371 1705 2519 1761 Deus
2560 1704 2812 1759 eamdem
2860 1703 3071 1759 habens
3113 1684 3643 1758 substantiammum

2051 1798 2164 1852 Deo
2189 1798 2281 1867 qui
2309 1797 2518 1868 genuit.

2125 1891 2332 1946 ERAN.
2370 1892 2516 1946 Deus
2549 1889 2718 1960 igitur
2747 1901 3060 1958 passronem
3095 1884 3382 1941 sustinuit.

2124 1982 2335 2038 ORTll.
2371 1980 2426 2037 Si
2474 1981 2593 2037 sine
2624 1994 2857 2050 corpore
2896 1979 3048 2035 cruci
3083 1977 3276 2033 allixus
3308 1986 3413 2042 est,
3444 1975 3646 2031 divini-

2057 2075 2153 2131 tati
2186 2073 2498 2144 passionem
2529 2072 2732 2126 tribue.
2767 2070 2905 2126 Cum
2946 2076 3130 2124 autem
3167 2084 3329 2124 carne
3366 2075 3644 2138 assumpta

2055 2167 2223 2221 homo
2267 2164 2445 2219 factus
2476 2164 2568 2228 sit,
2603 2179 2704 2217 cur
2739 2161 2794 2216 id
2829 2161 2977 2232 quod
3009 2160 3237 2230 patibile
3269 2170 3352 2215 est
3388 2159 3498 2229 pati
3532 2174 3644 2213 non

2054 2255 2212 2319 sinis,
2247 2264 2303 2308 et
2332 2252 2637 2322 impatibile
2668 2251 2897 2323 subjicis
2927 2247 3208 2321 passioni?

2125 2344 2337 2400 ERAN.‘
2372 2342 2478 2398 Sed
2515 2341 2640 2396 ideo
2675 2356 2900 2396 carnem
2935 2337 3253 2407 assumpsit,
3281 2344 3342 2391 ut
3372 2351 3472 2406 per
3502 2330 3646 2404 pati-

2054 2438 2168 2493 bile
2203 2436 2256 2491 id
2291 2435 2438 2505 quod
2474 2442 2596 2488 erat
2631 2431 2935 2503 impatibile
2968 2429 3286 2501 passionem
3323 2426 3643 2482 sustineret.

2125 2527 2337 2586 ORTH.
2388 2524 2757 2596 Impatibilem
2793 2537 2981 2588 vocas,
3015 2530 3074 2577 et
3114 2519 3426 2591 passionem
3473 2514 3647 2573 ascri-

2097 2622 2161 2676 is.

2097 2622 2161 2676 's.

2057 2621 2334 2767 InERAN.
2366 2707 2490 2765 Dixi
2521 2704 2670 2777 quod
2703 2717 2924 2760 carnem
2961 2700 3349 2772 assumpserit,
3384 2706 3446 2754 ut
3489 2705 3646 2767 pate-

2056 2813 2236 2860 retur.

2125 2895 2335 2952 OR'I‘H.
2374 2892 2430 2949 Si
2483 2898 2737 2947 naturam
2791 2887 2985 2943 habuit
3040 2899 3295 2955 capacem
3353 2881 3645 2953 passionis,

2057 2990 2221 3045 etiam
2257 2986 2378 3042 sine
2413 3000 2579 3042 carne
2610 2981 2724 3054 pati
2757 2987 2992 3052 poterat.
3027 2978 3446 3048 Supervacanea
3480 2971 3648 3043 igitur

2057 3090 2145 3137 εει
2179 3095 2328 3135 caro.

2128 3169 2337 3226 ERAN.
2391 3166 2586 3223 Divina
2637 3172 2837 3219 natura
2893 3159 3220 3216 immortalis
3281 3164 3402 3220 est;
3462 3154 3649 3210 carnis

344 3249 579 3320 σαρκός.
638 3246 858 3319 Ἦνώθη
888 3247 1072 3300 τοίνυν
1096 3249 1162 3318 τῇ
1209 3246 1379 3319 θνητῇ
1423 3248 1457 3318 ἡ
1497 3245 1767 3310 ἀθάνατος
1791 3286 1807 3314 ,
1859 3245 1945 3299 ἵνα

2055 3279 2207 3328 vero,
2241 3260 2512 3316 mortalis.
2548 3257 2715 3314 Unita
2749 3263 2835 3310 est
2865 3253 3054 3323 itaque
3100 3247 3322 3305 mortali
3360 3248 3647 3303 immorta-

341 3338 618 3409 γεύσηται
657 3338 728 3392 δι’
758 3339 975 3409 ἐκείνης
997 3336 1253 3391 θανάτου.

412 3430 578 3486 ΟΡΘ.
633 3430 714 3483 Τδ
755 3429 918 3499 φύσει
972 3428 1245 3485 ἀθάνατον
1298 3427 1422 3481 οὐδὲ
1471 3425 1553 3498 τῷ
1586 3425 1767 3497 θνητῷ
1815 3441 1946 3479 συν-

342 3523 663 3593 ἀπτόμενον
691 3522 956 3593 ὑπομένει
991 3520 1222 3574 θάνατον
1243 3535 1255 3548 ·
1287 3519 1381 3572 καὶ
1420 3517 1580 3572 τοῦτο
1623 3517 1806 3588 ῥᾴδιον
1830 3516 1947 3570 δια-

344 3629 584 3682 γνωναι.

414 3704 628 3759 ΕΡΑΝ.
680 3701 994 3770 Ἀπόδειξον
1040 3699 1231 3763 τοῦτο,
1269 3700 1367 3754 καὶ
1418 3697 1583 3751 λύσον
1623 3695 1725 3767 τὴν
1769 3695 1945 3765 ἀμφι-

346 3798 647 3852 σσήτησιν.

532 3814 647 3850 σιν.

414 3799 577 3945 3:6.
605 3886 724 3958 Τὴν
746 3886 1098 3959 ἀνθρωπείαν
1129 3880 1309 3957 ψυχὴν
1336 3883 1608 3938 ἀθάνατον
1644 3875 1784 3935 εἶναι
1815 3878 1944 3951 φὴς,

342 3986 376 4056 ll
410 3984 663 4056 θνητήν;

410 4075 627 4131 ΕΡΑΝ.
684 4073 777 4128 Ἀθ
785 4073 1004 4128 άνατον.

409 4167 578 4221 ΟΡΘ.
604 4166 685 4219 Τὸ
718 4165 777 4218 δὲ
806 4164 969 4236 σῶμα
997 4162 1215 4234 θνητὸν,
1240 4162 1274 4233 ἢ
1308 4160 1578 4216 ἀθάνατον
1606 4179 1621 4228 ;

412 4256 627 4312 ΕΡΑΝ.
666 4255 928 4326 Δηλονότι
957 4252 1178 4323 θνητόν.

408 4345 575 4399 ΟΡΘ.
622 4344 725 4396 Ἐκ
756 4343 814 4396 δὲ
839 4342 1047 4396 τούτων
1076 4341 1187 4395 τῶν
1218 4339 1436 4412 φύσεων
1470 4358 1654 4412 φαμεν
1682 4340 1945 4397 συνεστά-

345 4453 429 4492 ναι
458 4437 559 4490 τὸν
593 4434 889 4505 ἄνθρωπον
919 4451 936 4500 ;

412 4524 632 4583 EPAN.
667 4527 829 4580 Οὕτω
850 4525 1054 4595 φαμέν.

397 4622 565 4676 οΡΘ.
593 4619 858 4690 Συνὴφθη
889 4620 1073 4673 τοίνυν
1091 4616 1446 4685 τδδιθάνατον
1469 4618 1548 4690 τῷ
1573 4618 1773 4692 θνητῷ.

411 4713 629 4767 EPAN.
666 4710 916 4781 Ἀληθές.

409 4806 574 4861 ΟΡΘ.
621 4803 788 4858 Ἀλλὰ
824 4805 926 4875 τῆς
951 4803 1248 4873 συναφείας
1274 4804 1444 4876 ἤγουν
1472 4804 1720 4869 ἑνώσεως
1747 4804 1941 4877 λυομέ-

338 4914 460 4969 νης,
513 4896 585 4951 τὸ
617 4897 723 4967 μὲν
747 4895 944 4967 θνητὸν
975 4896 1194 4980 δέχεται
1237 4913 1335 4951 του
1384 4896 1618 4952 θανάτου
1648 4897 1741 4952 τὸν
1785 4897 1910 4969 ὅρον
1931 4936 1946 4964 ,

341 4990 499 5059 μένει
544 4989 606 5043 δὲ
652 4987 932 5054 ἀθάνατος
968 4991 1003 5061 ή
1054 4989 1241 5061 ψυχὴ,
1288 4988 1472 5044 καίτοι
1515 4990 1617 5061 τῆς
1669 4990 1948 5062 ἁμαρτίας

338 5081 763 5151 ὲπενεγκούσης
799 5081 895 5135 τὸν
939 5080 1196 5136 θάνατον.
1233 5083 1305 5135 Ἦ
1364 5082 1458 5153 οὐχ
1517 5083 1624 5154 ἡγῇ
1673 5083 1947 5155 τιμωρίαν

337 5170 482 5228 εἶναι
513 5173 614 5227 τὸν
646 5171 886 5226 θάνατον
905 5190 921 5239 ;

406 5266 626 5320 EPAN.
666 5265 735 5320 Ἥ
756 5263 881 5321 θεία
908 5263 1071 5319 τοῦτο
1089 5265 1333 5320 διδάσκει
1359 5265 1569 5336 Γραφή.
1602 5265 1741 5336 Παρ’
1770 5264 1946 5336 αὐτῆς

338 5360 446 5429 γάρ
482 5357 871 5430 μανθάνομεν,
903 5358 982 5422 ὡς
1012 5356 1408 5428 ἀπαγορεύσας
1430 5356 1511 5427 τῷ
1565 5356 1739 5428 ’Λδὰμ
1764 5359 1792 5411 ὁ
1814 5352 1948 5421 Θεὸς

339 5448 432 5504 τοῦ
467 5449 650 5520 φυτοῦ
676 5451 782 5522 τῆς
818 5450 1083 5521 γνώσεως
1123 5448 1224 5521 τὴν
1257 5447 1584 5520 μετάληψιν,
1624 5448 1906 5520 ἐπήγαγεν
1928 5466 1944 5482 ο

346 5560 363 5593 ι
384 5535 463 5614 ’ῌ
495 5542 544 5596 δ’
570 5542 641 5598 ἄν
671 5544 866 5616 ἡμέρᾳ
904 5542 1119 5614 φάγητε
1149 5540 1246 5596 ἀπ’
1268 5538 1456 5608 αὐτοῦ,
1499 5539 1714 5613 θανάτῳ
1744 5541 1952 5597 ἀποθα-

340 5633 544 5689 νεῖσθε.
579 5654 599 5688 ι

422 5805 463 5840 ⁶¹
492 5809 635 5866 Gen.
675 5827 745 5875 η,
796 5810 884 5865 i7.

2054 3355 2144 3420 lis,
2180 3362 2242 3409 ut
2275 3368 2374 3423 per
2405 3351 2553 3406 illam
2585 3354 2830 3421 gustaret
2863 3353 3119 3399 mortem.

2125 3444 2336 3502 ORTH.
2371 3441 2530 3510 Quod
2564 3448 2761 3495 natura
2794 3435 3102 3492 immortale
3149 3442 3253 3497 est,
3290 3431 3343 3486 id
3377 3444 3559 3499 neque
3599 3429 3646 3483 si

2056 3536 2273 3592 mortali
2317 3536 2705 3606 eonjungatur,
2748 3537 2984 3585 mortem
3021 3526 3205 3582 subit:
3249 3530 3308 3580 et
3342 3523 3450 3577 hoc
3490 3518 3648 3575 facile

2052 3637 2138 3685 est
2173 3642 2528 3699 cognoscere.

2131 3722 2289 3793 177
2322 3719 2532 3775 ERAN.
2570 3718 2687 3773 Hoc
2719 3715 3061 3780 demonstra,
3090 3719 3149 3767 et
3177 3708 3391 3780 explica
3418 3705 3472 3761 id
3497 3703 3647 3775 quod

2057 3812 2390 3870 dubitationi
2422 3825 2613 3865 ansam
2639 3808 2872 3880 praebet.
3592 3869 3600 3875 _

2089 3944 2099 3952 -
2125 3903 2338 3960 ORTll.
2369 3900 2676 3956 [lumanam
2700 3899 2939 3954 animam
2958 3894 3328 3951 immortalem
3344 3906 3465 3948 esse
3483 3889 3648 3956 dicis,

2055 4013 2125 4053 an
2148 3994 2475 4051 mortalem?

2130 4086 2333 4141 ERAN.
2365 4081 2761 4139 Immortalem.

2124 4176 2336 4232 ORTH.
2371 4174 2584 4244 Corpus
2612 4182 2820 4239 autem,
2858 4171 3115 4235 mortale,
3141 4186 3213 4225 an
3233 4167 3580 4223 immortale?

2125 4266 2334 4323 ERAN.
2366 4266 2594 4320 Mortale
2622 4263 2772 4318 haud
2798 4261 2988 4318 dubie.

2124 4358 2335 4415 ORTH'.
2393 4356 2474 4411 Ex
2518 4354 2608 4411 his
2643 4370 2779 4410 vero
2821 4351 3039 4409 naturis
3075 4356 3331 4407 constare
3357 4346 3641 4402 hominem

2056 4449 2324 4508 dicimus?

1979 4567 2023 4622 ι)
2124 4542 2332 4598 ERAN.
2368 4539 2459 4597 Sic
2487 4538 2744 4594 dicimus.

2119 4632 2330 4690 ORTH.
2389 4630 2707 4686 lmmortale
2738 4627 2909 4700 igitur
2956 4623 3176 4680 mortali
3198 4622 3513 4693 copulatum
3537 4628 3642 4677 est.

2120 4723 2330 4780 ERAN.
2366 4723 2571 4780 Verum
2600 4729 2706 4776 est.

2117 4813 2329 4872 ORTH.
2359 4812 2467 4869 Sed
2496 4809 2872 4882 copulatione,
2901 4807 3017 4863 sive
3039 4806 3246 4863 unione
3270 4804 3472 4870 soluta,
3491 4819 3646 4858 mor-

2047 4908 2157 4963 tale
2195 4905 2422 4976 quidem
2471 4903 2670 4958 mortis
2694 4900 2802 4972 legi
2830 4900 3201 4970 obtemperat;
3249 4906 3440 4951 manet
3458 4904 3644 4950 autem

2050 4997 2235 5054 anima
2276 4994 2636 5060 immortalis,
2691 4991 2945 5064 quamvis
2969 4998 3258 5061 peccatum
3289 4996 3523 5043 mortem
3556 4986 3642 5040 in-

2050 5089 2384 5149 troduxerit.
2413 5087 2497 5144 An
2516 5101 2650 5142 vero
2670 5101 2890 5157 pmuam
2916 5098 3038 5140 esse
3060 5091 3294 5139 mortem
3316 5097 3425 5136 non
3445 5080 3645 5151 putas?

2119 5266 2326 5323 ERAN.
2370 5264 2565 5321 Divina
2596 5265 2704 5319 hoc
2725 5263 2886 5319 docet
2913 5261 3222 5332 Scriptura.
3257 5261 3275 5280 ‘
3298 5259 3379 5314 Ex
3400 5273 3464 5314 ea
3488 5255 3637 5310 enim

2046 5359 2312 5416 discimus
2339 5359 2532 5424 Deum,
2564 5372 2692 5413 cum
2714 5354 2923 5411 Adamo
2948 5368 3105 5409 esum
3132 5350 3348 5407 arboris
3387 5345 3637 5403 scientiae

2048 5450 2445 5514 interdixisset,
2485 5449 2755 5522 adjecisse
2802 5465 2817 5503 :
2862 5465 2882 5499 ι
2907 5445 3029 5515 Quo
3060 5445 3151 5502 die
3189 5437 3545 5500 comederitis
3568 5452 3652 5512 ex.

2049 5560 2136 5612 ea,
2169 5551 2349 5600 morte
2378 5541 2693 5599 moriemini
2711 5540 2810 5597 ⁸⁸.»
