4090 6428
553 359 664 424 223

629 471 840 528 URTII.
873 473 1038 527 Pinna
1067 483 1152 527 est
1178 469 1345 542 igitur
1369 471 1812 543 delinquentium
1842 487 2010 527 mors.

628 651 834 706 ERAN.
872 651 930 704 In
962 649 1214 704 confesso
1236 658 1338 703 est.

624 745 832 799 ORTH.
889 746 1069 810 Quare
1099 759 1248 813 ergo,
1302 759 1428 798 cum
1461 744 1643 798 anima
1666 745 1829 798 simul
1860 754 1915 799 et
1937 759 2138 813 corpus

558 836 924 908 peccaverint,
969 837 1148 890 solum
1176 852 1376 906 corpus
1403 837 1598 892 mortis
1618 851 1836 906 ptenam
1867 837 2140 892 sustinet?

622 1022 826 1076 ERAN.
864 1023 1047 1092 Ipsum
1081 1023 1230 1077 enim
1263 1025 1499 1092 maligne
1523 1023 1777 1078 arborem
1809 1025 2043 1093 aspexit,
2081 1035 2138 1080 et

553 1129 748 1167 manus
769 1113 1040 1179 extendit,
1071 1124 1128 1169 et
1150 1115 1387 1169 fructum
1414 1117 1646 1170 vetitum
1670 1117 1944 1185 decerpsit
1967 1135 1978 1170 :
2003 1127 2135 1172 etos

553 1219 750 1257 rursus
793 1204 1055 1258 dentibus
1081 1205 1336 1260 eumdem
1367 1207 1722 1268 comminuit,
1755 1215 1811 1259 et
1837 1207 2136 1261 nudaribus

548 1294 811 1348 confecit.
867 1293 1024 1349 Hune
1073 1294 1273 1350 deinde
1318 1296 1443 1366 gula
1486 1305 1774 1365 exceptum
1827 1298 2040 1366 trajecit
2079 1297 2132 1350 in

549 1387 918 1440 ventriculum
957 1405 970 1440 :
1009 1387 1169 1457 178
1213 1387 1304 1442 hic
1342 1403 1473 1441 vero
1509 1389 1854 1442 immutatum
1888 1389 1956 1442 ad
1975 1390 2135 1459 jecur

550 1478 873 1531 transmisit.
920 1477 1086 1533 Jecur
1127 1480 1183 1532 in
1211 1479 1493 1549 sanguinis
1524 1488 1774 1534 naturam
1805 1495 2130 1534 conversum

547 1581 702 1620 vente
749 1583 895 1622 cavae
943 1569 1171 1623 tradidit
1220 1587 1232 1624 :
1289 1571 1379 1624 illa
1406 1587 1537 1624 vero
1575 1572 1821 1640 proxime
1846 1572 2131 1626 cohaeren-

546 1658 716 1721 tibus,
760 1666 816 1712 et
857 1658 939 1713 ha:
974 1675 1072 1728 per
1100 1661 1235 1716 alias
1261 1662 1477 1731 corpori
1511 1679 1524 1714 :
1559 1670 1724 1730 atque
1756 1663 1832 1715 ita
1871 1663 1926 1716 in
1956 1671 2130 1716 totum

545 1764 748 1818 corpus
780 1751 936 1804 vetiti
964 1751 1073 1806 cibi
1100 1753 1290 1822 rapina
1318 1753 1582 1824 pervasit.
1613 1753 1744 1808 Jure
1766 1754 1931 1823 igitur
1952 1755 2128 1810 solum

543 1855 744 1909 corpus
775 1845 982 1913 peccati
1010 1860 1226 1915 poenam
1253 1846 1536 1901 sustinuit.

613 2114 822 2170 Οιιτιι.
878 2119 1236 2189 Physieorum
1266 2136 1421 2176 more
1466 2120 1534 2176 de
1573 2121 1913 2177 nutrimento
1947 2125 2122 2179 disse—

544 2208 728 2271 ruisli,
761 2225 860 2278 per
902 2220 1038 2279 quot
1078 2207 1261 2280 partes
1301 2213 1625 2282 procedens,
1657 2225 1712 2268 et
1735 2231 1897 2284 quam
1926 2218 2126 2271 multas

543 2299 880 2354 mutationes
909 2303 1210 2368 sustinens,
1265 2304 1485 2358 tandem
1514 2305 1570 2357 in
1592 2307 1837 2374 corporis
1870 2317 2119 2363 naturam

540 2399 935 2447 convertatur;
953 2394 1090 2448 illud
1118 2404 1299 2450 autem
1329 2397 1682 2453 considerare
1707 2400 1952 2462 noluisti,
1975 2403 2119 2470 quod

542 2481 662 2536 sine
702 2483 883 2538 anima
935 2485 1071 2537 nihil
1121 2501 1313 2539 eorum
1364 2504 1484 2556 quae
1527 2500 1951 2543 commemorata
1993 2500 2121 2545 sunt

538 2585 741 2640 corpus
781 2573 999 2628 efﬁciat.
1060 2576 1394 2630 Derelictum
1421 2578 1568 2631 enim
1621 2593 1650 2630 a
1688 2579 1977 2647 conjuncta
2013 2581 2114 2635 sibi

539 2663 741 2728 anima,
765 2665 907 2735 jacet
929 2667 1047 2721 sine
1070 2667 1290 2737 spiritu,
1319 2678 1374 2723 et
1396 2669 1514 2722 sine
1536 2685 1689 2734 voce,
1715 2680 1771 2724 et
1791 2671 1910 2724 sine
1934 2681 2114 2726 motu:

537 2764 595 2806 et
623 2769 800 2823 neque
825 2756 1018 2811 oculus
1057 2757 1207 2812 videt
1237 2759 1378 2813 bene
1404 2769 1499 2813 aut
1526 2759 1700 2822 male,
1751 2777 1929 2830 neque
1955 2780 2119 2819 aures

534 2858 732 2898 sonum
783 2862 978 2900 vocum
1023 2850 1375 2918 percipiunt,
1426 2866 1531 2904 nec
1577 2867 1771 2904 manus
1801 2863 2114 2918 moventur,

537 2944 640 2983 nec
667 2931 1050 3000 ingrediuntur
1076 2936 1245 3004 pedes
1272 2955 1284 2990 :
1317 2939 1411 2992 scd
1439 2938 1615 2992 simile
1637 2948 1721 2994 est
1746 2957 1950 3011 organo
1969 2945 2116 3012 quod

539 3019 751 3073 musico
779 3021 1122 3078 destituitur.
1184 3025 1471 3092 Quomodo
1504 3030 1668 3100 igitur
1709 3031 1894 3086 dixisti
1937 3035 2114 3089 solum

530 3118 738 3174 enrpus
767 3122 1036 3177 peccasse,
1062 3113 1206 3181 quod
1231 3115 1350 3171 sine
1371 3118 1551 3172 anima
1575 3135 1645 3174 ne
1667 3120 1875 3191 spirare
1890 3123 2112 3193 quidem
2144 3151 2187 3209 ο

536 3198 755 3265 potest?

609 3286 814 3341 ERAN.
852 3290 1064 3362 Accipit
1101 3295 1322 3364 quidem
1364 3314 1565 3368 corpus
1611 3310 1779 3356 vitam
1814 3303 1883 3357 ab
1911 3305 2113 3369 anima,

535 3379 630 3432 sed
681 3380 998 3440 damnosam
1035 3390 1245 3455 peccati
1287 3393 1695 3457 possessionem
1743 3397 1938 3451 animae
1985 3415 2114 3467 pro-

533 3480 704 3526 curat.

594 3561 803 3620 ORTII.
841 3565 1128 3632 Quomodo
1162 3580 1218 3625 et
1252 3589 1358 3642 qua
1381 3576 1631 3631 ratione?

603 3655 809 3711 ERAN.
860 3660 964 3712 Per
995 3663 1184 3716 oculos
1205 3665 1427 3733 quidem
1457 3667 1623 3722 eﬂicit
1659 3678 1718 3723 ut
1747 3671 1887 3725 male
1910 3673 2109 3737 videat,

533 3757 632 3811 per
673 3762 838 3802 aures
867 3759 1049 3804 autem
1086 3760 1144 3806 ut
1172 3769 1234 3807 ea
1266 3756 1454 3810 audiat
1479 3773 1602 3826 qua:
1628 3775 1736 3812 non
1772 3773 2024 3830 prosunt,
2058 3773 2114 3818 et

532 3837 893 3910 perlinguam
927 3852 985 3897 ut
1016 3847 1269 3900 nocentia
1292 3847 1569 3918 loquatur,
1604 3860 1660 3905 et
1691 3867 1790 3921 per
1806 3855 1912 3909 alia
1940 3871 2113 3911 mem-

530 3921 650 3990 bra,
680 3942 801 3996 qua:
827 3928 1007 3985 facere
1028 3943 1111 3988 est
1133 3935 1306 3990 nefas.

599 4096 807 4153 ORTH.
866 4102 1016 4158 Beati
1068 4104 1255 4177 igitur,
1311 4117 1371 4164 ut
1416 4125 1662 4182 apparet,
1712 4116 1950 4174 habendi
1980 4131 2110 4176 sunt

527 4188 702 4254 surdi,
738 4198 794 4244 et
819 4195 994 4250 oculis
1019 4200 1183 4266 capti,
1222 4200 1380 4270 179
1401 4211 1456 4256 ct
1475 4205 1598 4260 aliis
1620 4209 1883 4265 membris
1904 4213 2102 4268 orbati.

527 4278 733 4334 ﬂorum
783 4286 1019 4342 'animze
1061 4291 1209 4346 enim
1258 4296 1480 4352 malitiIe
1521 4301 1766 4368 corporis
1812 4304 2107 4373 participes

526 4387 636 4428 non
679 4374 832 4429 fiunt.
897 4377 1006 4433 Cur
1047 4382 1215 4445 enim,
1269 4400 1302 4439 ο
1341 4389 1767 4456 sapientissime,
1803 4410 1924 4462 quae
1956 4396 2104 4450 vitu-

1547 362 2032 425 THEODORETI
2072 357 2415 418 EPISCOPI
2454 360 2820 420 CYRENSIS

2164 471 2208 525 Α
2307 469 2460 523 ΟΡΘ.
2510 469 2767 540 Τιμωρία
2819 468 3000 522 τοίνυν
3046 467 3156 522 τῶν
3214 470 3616 542 ἡμαρτηκότων
3658 476 3686 528 ὁ
3732 475 3837 532 θά-

3719 366 3836 431 224

2239 573 2419 621 νατος.

2311 650 2515 701 EPAN.
2546 649 2924 721 Ὠμολόγηται.

2311 740 2461 793 ΟΡΘ.
2493 741 2558 793 Τί
2597 741 2797 807 δήποτε
2832 742 3033 806 τοίνυν,
3055 743 3230 814 ψυχῆς
3269 746 3406 814 ὁμοῦ
3439 747 3532 797 καὶ
3572 747 3830 816 σώματος

2238 834 2664 905 ἡμαρτηκότων,
2690 836 2753 888 τὸ
2773 836 2934 908 σῶμα
2961 837 3125 906 μόνον
3153 839 3415 910 ὑπομένει
3441 839 3540 892 τοῦ
3575 841 3814 895 θανάτου

2237 924 2335 994 τὴν
2367 925 2641 996 τιμωρίαν

2311 1017 2515 1068 ΕΡΑΝ.
2554 1017 2695 1069 Αὐτὸ
2727 1016 2836 1086 γὰρ
2870 1013 2976 1070 εἶδε
3012 1020 3072 1072 τὸ
3118 1019 3274 1085 ξύλον
3321 1022 3544 1086 κακῶς,
3586 1023 3680 1076 καὶ
3721 1025 3830 1086 τὰς

2237 1111 2422 1177 χεῖρας
2451 1109 2682 1174 ἐξέτεινε
2702 1149 2715 1173 ,
2744 1111 2838 1162 καὶ
2870 1111 2958 1164 τὸν
3001 1113 3372 1182 ἀπειρημένον
3451 1116 3664 1186 καρπὸν
3712 1115 3825 1168 ἀπ-

2239 1199 2403 1270 εσὺλη
2417 1217 2497 1254 σε.
2533 1202 2642 1255 Καὶ
2677 1203 2810 1255 αὐτὸ
2844 1202 3005 1255 πάλιν
3044 1204 3104 1256 τὸ
3143 1205 3317 1274 στόμα
3349 1203 3507 1258 τοῦτο
3524 1207 3637 1270 τοῖς
3668 1206 3823 1259 ὀδοῦ-

2239 1309 2322 1344 σιν
2350 1293 2664 1356 ἐλέπτυνεν,
2695 1298 2790 1348 καὶ
2822 1300 2943 1361 ταῖς
2977 1296 3174 1366 μύλαις
3204 1296 3442 1351 ὲλέανεν.
3473 1293 3584 1350 Εἶτ’
3608 1295 3767 1361 αὖθις
3793 1299 3826 1350 ό

2234 1383 2524 1450 οἱσοφάγος
2544 1383 2730 1437 τοῦτον
2755 1386 3148 1455 ὑποδεξάμενος
3165 1386 3491 1456 παρέπεμψε
3506 1389 3572 1457 τῇ
3585 1387 3785 1458 γαστρί
3805 1404 3820 1418 ο

2235 1473 2463 1542 κάκείνη
2484 1474 2538 1526 δὲ
2577 1475 2918 1529 ἀλλοιώσασα
2955 1477 3050 1530 καὶ
3078 1476 3190 1544 (Η)
3221 1477 3297 1546 τῷ
3323 1477 3493 1547 ἥπατι
3519 1479 3819 1546 μετέδωκε.

2236 1565 2308 1616 Τὸ
2339 1565 2395 1616 δέ
2434 1581 2498 1632 γε
2539 1558 2692 1636 ἧπαρ
2738 1568 2818 1629 είς
2858 1566 3089 1636 αἵματος
3130 1567 3293 1635 φύσιν
3351 1566 3650 1634 μετέϐαλεν
3678 1568 3825 1637 ὅπερ

2234 1655 2417 1718 ἔλαϐε,
2451 1657 2546 1708 καὶ
2582 1659 2647 1726 τῇ
2691 1657 2845 1728 κοίλῃ
2875 1658 3036 1725 φλεϐὶ
3082 1658 3466 1728 παραδέδωκεν
3490 1677 3504 1690 ο
3535 1660 3720 1728 ἐκείνη
3760 1659 3822 1710 δὲ

2233 1753 2356 1812 ταῖς
2387 1750 2682 1819 συμφυέσι,
2717 1751 2967 1803 κάκεῖναι
2991 1751 3077 1804 διὰ
3101 1752 3210 1806 τῶν
3242 1751 3418 1804 ἄλλων
3456 1751 3534 1820 τῷ
3565 1751 3819 1821 σώματι·

2235 1842 2329 1894 καὶ
2356 1841 2527 1904 οὕτως
2548 1843 2625 1904 εἰς
2659 1842 2805 1894 ἅπαν
2844 1841 2992 1911 διέϐη
3022 1843 3082 1894 τὸ
3110 1842 3269 1910 σῶμα
3303 1843 3401 1912 τῆς
3429 1843 3821 1914 ἀπειρημένης

2237 1930 2492 2001 βρώσεως
2530 1933 2561 2002 ἠ
2596 1932 2841 2002 λῃστεία.
2888 1932 3130 1996 Εἰκότως
3156 1933 3336 1985 τοίνυν
3366 1933 3427 1985 τὸ
3457 1934 3618 2003 σῶμα
3654 1935 3821 2004 μόνον

2234 2024 2329 2091 τὴν
2360 2023 2500 2092 ὑπὲρ
2532 2024 2630 2094 τῆς
2659 2023 2935 2094 ἁμαρτίας
2963 2024 3221 2093 ὑπέμεινε
3251 2026 3542 2095 τιμωρίαν.

2306 2116 2457 2168 ΟΡΘ.
2485 2115 2886 2184 Φυσιολογικῶς
2913 2115 3023 2185 (1-2)
3061 2117 3190 2186 ἡμῖν
3219 2115 3286 2168 τὰ
3322 2118 3450 2187 περὶ
3481 2118 3580 2185 τῆς
3603 2117 3821 2188 τροφῆς

2231 2205 2635 2276 διεξελήλυθας,
2671 2207 2766 2260 καὶ
2809 2205 2877 2258 δι’
2927 2207 3067 2258 ὅσων
3102 2205 3240 2276 αὕτη
3274 2207 3478 2276 μορίων
3507 2206 3778 2259 ὁδεύουσα
3802 2249 3818 2274 ,

2232 2299 2324 2351 καὶ
2367 2299 2536 2360 πόσας
2565 2298 2879 2361 ἀλλοιώσεις
2907 2298 3254 2368 ὑφισταμένη
3282 2339 3296 2361 ,
3340 2300 3564 2369 ὓστερον
3597 2303 3675 2364 εἰς
3711 2303 3820 2372 τὴν

2228 2391 2323 2442 τοῦ
2374 2391 2628 2461 σώματος
2667 2387 3066 2459 μεταϐάλλεται
3120 2391 3305 2456 φύσιν.
3368 2392 3575 2443 Ἐκεῖνο
3621 2393 3818 2461 μέντοι

2231 2477 2461 2530 συνιδεῖν
2498 2479 2597 2529 οὑκ
2632 2479 2926 2550 ἠθέλησας,
2953 2480 3028 2541 ῶς
3064 2478 3184 2547 δίχα.
3218 2481 3394 2549 ψυχῆς
3424 2480 3627 2532 τούτων
3653 2482 3819 2534 οὐδὲν

2228 2567 2289 2618 τὸ
2325 2569 2480 2638 σῶμα
2529 2569 2638 2621 τῶν
2690 2571 3001 2640 εἰρημένων
3054 2569 3372 2640 ἐργάζεται.
3432 2571 3819 2639 Καταλειφθὲν

2227 2663 2335 2730 γὰρ
2364 2661 2468 2713 ὑπὸ
2497 2661 2594 2730 τῆς
2631 2661 3065 2731 συνεζευγμένης
3101 2661 3278 2731 ψυχῆς
3308 2703 3320 2721 ,
3355 2664 3530 2714 κεῖται
3560 2661 3776 2718 ἄπνουν
3801 2706 3814 2727 ,

2228 2755 2321 2808 καὶ
2358 2755 2592 2822 ἄφωνον,
2645 2755 2738 2806 καὶ
2771 2753 3030 2822 ἀκίνητον
3056 2771 3067 2782 ·
3117 2755 3210 2805 καὶ
3237 2753 3359 2806 οὔτε
3401 2755 3680 2825 ὀφθαλμὸς
3704 2760 3816 2828 ὁρᾷ

2225 2845 2414 2909 κακῶς
2439 2884 2455 2908 ,
2489 2844 2601 2898 οὔτ’
2641 2841 2707 2897 αὖ
2737 2844 2938 2907 καλῶς,
2979 2843 3103 2896 οὔτε
3129 2845 3196 2897 τὰ
3219 2839 3332 2897 ὦτα
3366 2845 3668 2916 εἰσδέχεται
3692 2849 3816 2900 τῶν

2226 2936 2420 3007 φωνῶν
2453 2937 2552 3007 τὴν
2579 2937 2718 3007 ἠχὴν
2741 2952 2754 2965 ·
2787 2936 2848 2988 οὑ
2889 2935 3164 2989 κινοῦνται
3194 2939 3394 3006 χεῖρες,
3426 2938 3486 2990 οὑ
3515 2938 3805 3008 βαδίζουσι

2224 3027 2386 3089 πόδες
2409 3043 2421 3056 ·
2446 3025 2562 3078 ἀλλ’
2589 3025 2765 3078 ἔοικεν
2789 3025 3006 3096 ὀργάνῳ
3029 3026 3378 3098 ἐστερημένῳ
3403 3027 3495 3080 τοῦ
3517 3032 3810 3098 μουσικοῦ.

2224 3117 2347 3180 Πῶς
2362 3112 2454 3171 οὖν
2482 3116 2694 3187 ἔφησθα
2717 3117 2876 3188 μόνον
2902 3119 3288 3189 ἡμαρτηκέναι
3315 3120 3377 3172 τὸ
3399 3121 3578 3190 σῶμα,
3597 3124 3658 3176 τὸ
3680 3124 3814 3194 δίχα

2223 3209 2399 3279 ψυχῆς
2425 3209 2558 3280 μηδὲ
2588 3210 2847 3262 ἀναπνεῖν
2877 3209 2937 3262 τὸ
2960 3210 3225 3278 παράπαν
3253 3210 3554 3281 δυνάμενον
3582 3231 3596 3279 ;

2296 3301 2499 3354 ΕΡΑΝ.
2545 3300 2972 3372 Μεταλαμϐάνει
3007 3301 3108 3370 μὲν
3153 3302 3214 3354 τὸ
3257 3302 3416 3372 σῶμα
3463 3303 3608 3374 ζωῆς
3647 3307 3810 3378 παρά

2222 3389 2319 3460 τῆς
2350 3389 2528 3459 ψυχῆς
2550 3429 2565 3448 ,
2608 3386 2860 3458 προξενεῖ
2889 3389 2947 3442 δὲ
2993 3391 3060 3460 τῇ
3087 3389 3233 3460 ψυχῇ
3263 3391 3361 3460 τῆς
3391 3390 3663 3461 ἁμαρτίας
3704 3394 3807 3464 τὴν

2222 3483 2512 3552 ἐπιζήμιον
2542 3485 2754 3552 κτῆσιν.

2292 3574 2441 3626 ΟΡΘ.
2477 3575 2601 3635 Πῶς
2635 3575 2730 3625 καὶ
2761 3575 2882 3626 τίνα
2919 3575 3150 3646 τρόπον;

2293 3666 2494 3718 EPAN.
2525 3665 2625 3718 Διά
2669 3667 2768 3734 μὲν
2799 3666 3095 3736 ὀφθαλμῶν
3127 3668 3239 3736 (15)
3265 3709 3279 3733 ,
3307 3671 3444 3740 ὁρᾷν
3475 3669 3644 3740 αὑτὴν
3691 3688 3804 3724 πα-

2223 3757 2545 3826 ρασκευάζει
2579 3758 2764 3820 κακῶς
2788 3773 2799 3785 ’
2825 3758 2911 3810 διὰ
2941 3759 2996 3810 δὲ
3023 3758 3130 3810 τῶν
3158 3760 3359 3819 ἀκοῶν,
3394 3761 3615 3814 ἀκούειν
3651 3761 3691 3815 ἃ
3726 3764 3803 3833 μὴ

2221 3847 2534 3918 συμφέρει,
2589 3846 2684 3900 καὶ
2733 3846 2820 3899 διὰ
2870 3849 2970 3916 τῆς
3013 3846 3281 3918 γλώττης,
3317 3849 3382 3901 τὰ
3417 3850 3804 3919 λυμαινόμενα

2218 3937 2553 4005 φθέγγεσθαι
2616 3937 2712 3990 καὶ
2753 3937 2841 3990 διὰ
2872 3938 2980 3990 τῶν
3018 3938 3197 3992 ἀλλων
3223 3940 3430 4008 μορίων
3453 3943 3488 3994 ἀ
3529 3941 3602 4012 μὴ
3634 3941 3803 4013 θέμις

2216 4032 2410 4081 ποιεῖν.

2286 4121 2436 4176 ΟΡΘ.
2455 4120 2594 4184 Τοὺς
2612 4123 2830 4190 κωφοὺς
2853 4123 2985 4191 ἡμῖν
3006 4121 3081 4184 ὡς
3112 4121 3252 4174 ἔοικε
3284 4127 3673 4193 μακαριστέον,
3701 4128 3799 4178 καὶ

2213 4213 2340 4275 τοὺς
2358 4211 2419 4265 τὺ
2445 4211 2661 4281 βλέπειν
2687 4213 3099 4286 ἀφῃρημένους,
3124 4215 3220 4266 καὶ
3250 4214 3357 4266 τῶν
3375 4214 3550 4267 ἄλλων
3584 4217 3798 4286 μορίων

2215 4305 2634 4376 ἐστερημένους.
2671 4305 2746 4356 Οὑ
2791 4303 2899 4374 γὰρ
2953 4305 3422 4375 μεταλαγχάνουσι
3465 4305 3671 4359 τούτων
3725 4309 3785 4361 al

2210 4395 2382 4464 ψυχαὶ
2417 4395 2518 4465 τῆς
2558 4394 2821 4465 πονηρίας
2851 4392 2946 4446 τοῦ
2987 4394 3259 4465 σώματος.
3305 4397 3371 4449 Τί
3393 4396 3592 4466 δήποτε
3627 4397 3684 4450 δὲ
3710 4437 3725 4459 ,
3750 4393 3795 4451 ὦ

525 4469 768 4536 peranda
808 4480 938 4526 sunt
987 4476 1234 4543 corporis
1280 4480 1586 4536 ministeria
1627 4489 2104 4552 commemorasti,

2221 4485 2514 4553 σοφώτατε,
2541 4485 2650 4536 τῶν
2698 4485 2796 4555 μὲν
2828 4485 3044 4556 ψεκτῶν
3083 4486 3178 4539 τοῦ
3213 4487 3468 4556 σώματος
3503 4488 3788 4558 ἐμνήσθης

520 4570 647 4624 quae
693 4573 824 4612 vero
885 4559 1045 4615 laude
1092 4563 1256 4632 digna
1299 4577 1427 4621 sunt
1479 4573 1910 4639 prmtermisisti?
1954 4575 2110 4631 Licet

521 4646 671 4700 enim
719 4658 775 4703 et
803 4659 1051 4705 amanter
1079 4662 1136 4706 et
1167 4654 1478 4713 humaniter
1507 4660 1729 4726 intueri,
1761 4672 1815 4716 et
1837 4680 2108 4734 compun-

519 4735 721 4792 ctionis
749 4739 1013 4810 lacrymas
1042 4741 1296 4810 fundere,
1333 4754 1388 4800 et
1416 4747 1602 4802 divina
1636 4753 1856 4806 oracula
1887 4755 2103 4822 audire,

513 4833 579 4877 et
598 4827 778 4896 egenti
805 4844 967 4884 aures
995 4833 1272 4900 prrebere,
1321 4845 1377 4889 et
1401 4838 1585 4908 lingua
1608 4839 1925 4898 Creatorem
1957 4848 2105 4902 αριθ-

522 4914 706 4982 hrare,
754 4927 810 4974 et
855 4923 1164 4989 proximum
1213 4925 1414 4981 docere
1459 4932 1786 4997 necessaria,
1821 4945 1874 4989 et
1908 4953 2104 4994 manus

521 5007 799 5077 porrigere
819 5011 885 5064 ad
908 5012 1362 5081 misericordiam,
1386 5025 1461 5082 et,
1486 5027 1547 5072 ut
1567 5024 1880 5080 summatim
1899 5026 2100 5094 dicam,

518 5097 587 5149 ad
637 5113 856 5153 omnem
905 5101 1167 5159 virtutem
1221 5111 1647 5178 comparandam
1707 5113 1789 5168 uti
1837 5117 2103 5174 membris

517 5189 788 5256 corporis.

589 5277 797 5334 ERAN.
838 5278 978 5338 Vera
1011 5295 1140 5341 sunt
1169 5286 1285 5343 haec

588 5369 796 5426 ORTII.
851 5373 948 5429 Est
976 5373 1144 5445 igitur
1185 5394 1476 5438 commune
1515 5385 1710 5441 animm
1737 5396 1794 5444 et
1821 5393 2088 5462 corporis,

518 5466 634 5513 tum
666 5477 887 5521 servare
909 5466 1076 5538 leges,
1104 5477 1220 5525 tum
1244 5487 1337 5527 eas
1369 5477 1696 5546 transgredi.

586 5552 791 5610 ERAN.
824 5557 1145 5615 Commune.

731 5712 839 5763 καί.
874 5713 994 5790 ρος.
1030 5715 1082 5768 in
1106 5717 1232 5790 edit.
1265 5718 1498 5790 ltnm.et
1525 5720 1666 5790 Lips.

583 5777 700 5849 (l2)
730 5796 852 5846 φυπ.
893 5783 1127 5856 Utraque
1158 5789 1341 5849 editio,
1368 5789 1525 5856 φύσει
1549 5777 1799 5859 λογικῶςι

2207 4579 2544 4648 ὑπουργιῶν,
2572 4576 2673 4640 τὰς
2701 4578 3055 4665 ἀξιεπαίνομς
3078 4578 3133 4630 δὲ
3159 4579 3600 4648 παραλέλοιπας;
3633 4581 3794 4634 Ἔστι

2207 4669 2312 4738 γὰρ
2347 4670 2441 4722 καὶ¹
2471 4669 2735 4738 φιλικῶς,
2769 4670 2863 4722 καὶ
2887 4668 3287 4740 φιλανθρώπως
3317 4670 3464 4731 ἰδεῖν,
3488 4671 3580 4723 καὶ
3613 4689 3791 4724 κατα-

2203 4761 2406 4826 νύξεως
2455 4761 2881 4831 ἀπομόρξασθαι
2917 4762 3176 4832 δάκρυον,
3217 4763 3312 4814 καὶ
3349 4761 3510 4814 θείων
3546 4762 3784 4816 ἀκοῦσαι

2201 4851 2420 4922 λογίων,
2448 4854 2545 4906 καὶ
2574 4853 2754 4907 κλῖναι
2786 4853 3025 4922 δεομένῳ
3057 4853 3116 4905 τὺ
3143 4848 3264 4914 οὖς,
3317 4853 3408 4906 καὶ
3437 4854 3677 4922 ὑμνῆσαι
3717 4857 3786 4925 τῇ

2201 4942 2415 5014 γλώττῃ
2449 4942 2540 4996 τὸν
2577 4943 2829 5012 ποιητὴν.
2876 4943 2970 4994 καὶ
2999 4941 3210 5008 διδάξαι
3250 4941 3341 4994 τὸν
3378 4942 3548 5004 πέλας
3593 4941 3628 4994 ἆ
3659 4942 3784 5005 δεῖ,

2200 5034 2294 5087 καὶ
2334 5033 2602 5087 κινεῖσθαι
2636 5035 2734 5097 τὰς
2777 5036 2967 5104 χεῖρας
3007 5035 3084 5097 είς
3131 5033 3304 5096 ἔλεον,
3339 5035 3434 5086 καὶ
3479 5034 3786 5104 συλλήϐδην

2197 5127 2394 5189 εἰπεῖν,
2443 5127 2522 5188 εἰς
2555 5126 2776 5178 ἃπασαν
2833 5126 3029 5194 κτῆσιν
3061 5125 3267 5196 ἀρετῆς
3311 5126 3614 5198 χρήσασθαι
3669 5128 3786 5190 τοῖς

2199 5216 2410 5288 μορίοις
2430 5215 2526 5268 τοῦ
2563 5215 2840 5286 σώματος.

2267 5307 2471 5361 EPAN.
2513 5308 2714 5378 Ἀληθῆ
2753 5307 2945 5364 ταῦτα.

2268 5398 2420 5452 ΟΡΘ.
2453 5398 2662 5452 Οὐκοῦν
2689 5400 2868 5454 κοινὸν
2899 5400 3082 5471 ψυχῆς
3125 5400 3219 5454 καὶ
3260 5399 3515 5473 σώματος
3537 5443 3551 5467 ,
3585 5401 3679 5456 καὶ
3718 5402 3781 5453 τὸ

2200 5489 2508 5557 φυλάττειν,
2540 5492 2633 5544 καὶ
2663 5493 2721 5544 τὸ
2742 5491 3102 5562 παραϐαίνειν
3129 5493 3256 5556 τοὺς
3277 5493 3493 5564 νόμους.

2270 5582 2472 5634 ΙΞΡΛΝ.
2507 5582 2719 5637 Κοινὸν.

2271 5732 2381 5800 (l3)
2410 5733 2527 5801 ὁφθ.
2556 5734 2689 5788 Ibid.
2720 5751 2902 5804 [πίτυι.
2945 5736 3071 5792 τῶν.
