4090 6422
316 339 424 405 225

1374 336 1755 399 DIALOGUS
1797 338 1911 397 Ῐῐῐ.
1952 363 2020 370 -
2063 338 2551 398 lMPATIBILIS.

3509 328 3618 390 225

391 450 555 505 0P9.
606 451 762 521 Ἐμοὶ
812 449 965 502 δοκεῖ
993 449 1090 503 καὶ
1128 450 1324 521 ἄρχειν
1371 451 1636 522 ἑκατέρου
1673 451 1771 521 τὴν
1815 450 1919 518 ψυ-

2097 451 2305 506 ORTll.
2367 451 2496 505 Mihi
2541 450 2597 503 in
2645 456 2879 517 utroque
2929 447 3126 516 przeire
3161 445 3343 498 anima
3370 443 3611 509 videtur,

320 543 444 613 χὴν,
482 541 564 612 τῷ
590 541 839 612 λογισμῷ
874 540 986 611 πρὸ
1009 541 1106 595 τοῦ
1137 541 1391 612 σώματος
1429 543 1798 614 κεχρημένην.

390 635 607 688 EPAN.
650 634 778 697 Πῶς
813 632 976 686 τοῦτο
1003 633 1191 702 λέγεις
1217 652 1233 699 ς

393 726 554 780 ΟΡΘ.
596 726 722 778 Ὅτι
759 724 822 776 τὸ
865 724 1091 795 πρῶτον
1122 727 1150 778 ὁ
1197 724 1323 789 νοῦς
1367 725 1468 795 τὴν
1512 727 1715 799 ἀρετὴν
1753 727 1784 798 ἦ
1827 726 1926 796 τὴν

326 818 529 874 κακίαν
582 818 946 887 σκιαγραφεῖ,
995 811 1097 868 εἷθ’
1149 815 1321 878 οὕτως
1367 815 1538 888 αὐτὴν
1590 818 1925 888 διαμορφοῖ,

325 911 594 981 ὀργάνοις
633 908 736 978 μὲν
766 912 1115 978 κεχρημένος
1140 909 1250 971 τοῖς
1271 907 1483 979 μορίοις
1507 907 1604 961 τοῦ
1649 907 1925 978 σώματος,

325 1002 590 1074 χρώμασι
635 999 699 1053 δὲ
742 999 841 1055 καὶ
878 998 1078 1065 ὕλαις,
1108 1001 1230 1064 ταῖς
1259 1000 1340 1064 είς
1382 1000 1628 1072 ἑκάτερα
1680 1000 1928 1071 προσφό-

327 1111 464 1167 ραις.

393 1185 607 1240 ΕΡΑΝ.
649 1185 894 1238 Ἔοικεν.

393 1271 553 1325 ΟΡΘ.
583 1270 651 1322 Et
682 1269 872 1324 τοίνυν
899 1267 1308 1338 συναμαρτάνει
1340 1267 1420 1338 τῷ
1457 1266 1694 1335 σώματι,
1725 1267 1825 1336 μᾶ)
1839 1266 1928 1320 λον

321 1365 382 1417 δὲ
419 1363 585 1432 ἄρχει
624 1361 728 1431 τῆς
769 1359 1081 1431 ἁμαρτίας’
1112 1362 1352 1430 ἠνιοχεῖν
1413 1358 1523 1429 γὰρ
1556 1359 1618 1411 τὸ
1651 1357 1790 1422 ζῶον
1836 1359 1930 1411 καὶ

325 1456 601 1526 κυϐερνᾷν
632 1453 953 1524 ὲπιστεὺΘησ
974 1453 1029 1506 τί
1058 1452 1259 1522 δήποτε
1283 1451 1617 1506 κοινωνοῦσα
1638 1453 1736 1522 τῆς
1758 1453 1931 1524 ἁμαρ-

319 1547 445 1608 τίας
468 1546 532 1598 οὐ
565 1546 827 1597 κοινωνεί
850 1545 951 1614 τῆς
978 1543 1281 1614 τιμωρίαςς

395 1638 610 1692 EPAN.
650 1637 766 1691 Καὶ
798 1635 920 1700 πῶς
945 1629 1062 1688 οἷον
1088 1636 1136 1688 τ’
1165 1630 1235 1705 ἦν
1263 1635 1361 1704 τὴν
1387 1633 1658 1688 ἀθάνατον
1695 1633 1929 1688 Θανάτου

329 1731 675 1802 paulula“
694 1746 710 1795 ;
1275 1740 1278 1744 ί

2038 549 2098 594 ιιι
2125 556 2246 609 qum
2275 545 2399 595 ante
2424 554 2624 608 corpus
2657 546 2844 592 utatur
2865 535 3304 589 ratiocinatione.

2107 632 2317 687 ERAN.
2333 639 2335 642 ‘
2353 631 2472 698 Quo
2491 645 2657 686 sensu
2684 629 2790 683 hoc
2810 627 2984 682 dicis?

2105 723 2316 779 ORTH.
2370 722 2524 789 Quod
2553 737 2709 776 mens
2738 721 2978 790 primum
3015 717 3274 772 virtutem
3306 716 3619 771 autvitium

2035 815 2348 877 adumbrat,
2396 813 2596 868 deinde
2641 827 2706 866 ea
2747 810 2966 881 e'llingat
2994 819 3049 864 et
3072 809 3364 878 exprimat,
3409 809 3617 863 instru-

2036 904 2238 958 mentis
2282 911 2444 957 utens
2483 903 2736 973 partibus
2778 901 3048 970 corporis,
3101 899 3382 954 coloribus
3407 915 3536 954 vero
3561 897 3620 952 et

2035 997 2263 1052 materia
2291 995 2510 1066 utrique
2537 993 2981 1050 accommodatis.

2107 1173 2315 1228 ERAN.
2350 1172 2441 1228 Sic
2463 1173 2700 1227 videtur.

2106 1264 2318 1321 ORTH.
2380 1264 2436 1319 Si
2484 1264 2652 1334 igitur
2710 1277 2817 1316 una
2867 1277 2991 1316 cum
3023 1275 3254 1330 corpore
3284 1266 3495 1329 peccat,
3537 1258 3618 1313 vel

2036 1361 2224 1428 potius
2272 1364 2561 1427 peccatum
2611 1355 2835 1409 inchoat
2888 1353 3235 1422 (moderatio
3261 1351 3406 1405 enim
3438 1358 3494 1405 et
3520 1367 3621 1420 gu-

2037 1449 2291 1504 bernatio
2323 1447 2578 1502 animalis
2611 1447 2661 1501 ei
2695 1445 2891 1502 tradita
2916 1444 3050 1513 est),
3086 1459 3208 1508 cur,
3234 1458 3357 1496 cum
3381 1441 3528 1497 socia
3552 1440 3626 1494 sit

2038 1544 2232 1612 culpae,
2268 1556 2380 1595 non
2411 1539 2685 1610 particeps
2708 1537 2874 1592 etiam
2895 1545 2978 1590 est
3003 1533 3211 1604 poenae?

2108 1633 2318 1689 EBAN.
2378 1633 2446 1687 Et
2495 1631 2772 1700 quomodo
2816 1629 2936 1684 fieri
2977 1637 3177 1698 potest,
3215 1621 3626 1678 utimmortalis

2039 1737 2215 1779 morte
2245 1724 2542 1778 multetur?

413 1823 576 1878 0P8.
607 1824 813 1876 Δίκαιον
841 1821 901 1874 δὲ
923 1817 994 1893 ἧν
1019 1821 1172 1890 ὅμως
1199 1817 1580 1889 μετασχοῦσαν
1621 1817 1722 1886 τῆς
1751 1833 1929 1886 παρα-

2107 1816 2316 1872 ORTH.
2355 1817 2574 1870 Justum
2604 1823 2786 1868 tamen
2827 1823 2971 1874 erat,
3001 1819 3064 1865 ut
3090 1825 3212 1880 quae
3244 1808 3450 1879 peccati
3473 1807 3625 1862 socia

342 1917 562 1979 ϐάσεως
592 1917 881 1985 μετασχεῖν
905 1913 1008 1983 τῆς
1040 1912 1340 1974 κολάσεως.

409 2007 617 2060 ΕΡΑΝ.
651 2007 892 2061 Δίκαιον.
1119 2071 1123 2076 _

401 2099 556 2153 0P9.
587 2099 665 2152 Οὐ
696 2099 964 2170 μετέλαχε
993 2098 1074 2152 δέ.

399 2191 614 2244 EPAN.
660 2191 738 2244 oe
769 2191 933 2260 δῆτα.

397 2284 558 2336 ΟΡΘ.
608 2283 701 2334 Ἐν
741 2282 801 2335 δέ
830 2299 895 2350 γε
935 2280 1016 2352 τῷ
1059 2280 1305 2351 μέλλοντι
1344 2279 1474 2351 βίῳ,
1513 2279 1656 2348 μετὰ
1693 2277 1790 2330 τοῦ
1833 2277 1934 2330 σώ-

319 2392 502 2446 ματος
524 2377 595 2445 τῇ
637 2375 834 2443 γεέννῃ
871 2372 1333 2445 παραδοθήσεται.

394 2467 609 2519 EPAN.
646 2465 838 2528 Οὕτως
889 2465 1114 2535 εἴρηκε’
1158 2483 1175 2515 ι
1236 2463 1328 2533 Μὴ
1362 2462 1602 2531 φοϐῆσθε
1668 2460 1774 2513 ἀπὸ
1829 2460 1935 2511 τῶν

314 2559 753 2615 ἁποκτενὸντων
781 2559 841 2612 τὸ
870 2557 1052 2628 σῶμα,
1089 2557 1190 2626 τὴν
1215 2556 1271 2608 δὲ
1310 2555 1488 2626 ψυχὴν
1525 2552 1604 2624 μὴ
1625 2552 1937 2622 δυναμένων

320 2654 663 2706 ἀποκτεῖναι
687 2667 701 2681 ·
738 2648 1022 2720 φοϐηθῆτε
1048 2649 1104 2701 δὲ
1139 2647 1338 2719 μᾶλλον
1372 2646 1462 2698 τὸν
1497 2645 1591 2697 καὶ
1632 2644 1810 2714 ψυχὴν
1843 2644 1937 2695 καὶ

329 2745 488 2816 σῶμα
521 2745 832 2814 δυνάμενον
865 2741 1133 2795 ἀπολέσαι
1162 2741 1219 2792 ὲν
1252 2738 1470 2808 γεέννῃ.
1525 2756 1542 2788 ι

396 2837 557 2891 υΡΘ.
603 2835 822 2889 Οὐκοῦν
853 2835 911 2888 ὲν
950 2835 1049 2905 μὲν
1078 2832 1213 2904 τῷδε
1237 2831 1314 2903 τῷ
1346 2831 1445 2901 βίῳ
1475 2830 1696 2897 διέφυγε
1721 2846 1812 2880 τον
1845 2828 1941 2880 Θά-

327 2947 512 2992 νατον,
571 2928 653 2992 ὡς
705 2927 1019 2990 ἀθάνατοςο
1071 2927 1130 2978 ὲν
1174 2925 1368 2996 ἐκείνῳ
1405 2924 1462 2976 δὲ
1509 2923 1588 2992 τῷ
1624 2922 1724 2992 βίῳ
1774 2921 1938 2975 δώσει

327 3021 507 3082 δίκας,
542 3019 607 3072 οὒ
635 3018 872 3074 Θάνατον
905 3015 1276 3088 ὑπομένουσα,
1316 3014 1432 3068 ἀλλ’
1467 3013 1524 3065 ἐν
1558 3012 1672 3084 ζωῇ
1706 3013 1937 3078 κολαζο-

332 3127 498 3178 μενη.

405 3201 620 3256 EPAN.
657 3199 724 3252 Ἦ
754 3198 875 3251 Θεία
910 3199 1005 3251 καὶ
1042 3196 1202 3250 τοῦτο
1238 3195 1480 3250 διδάσκει
1508 3196 1728 3268 Γραφὴ.

403 3293 564 3348 ΟΡΘ.
612 3292 907 3346 Ἀδύνατον
947 3292 1055 3361 ἄρα
1088 3291 1317 3344 Θάνατον
1349 3290 1643 3358 ὑπομεῖναι
1670 3287 1770 3358 τὴν
1800 3285 1938 3339 ἀθά-

333 3405 494 3442 νατον
532 3386 725 3456 φύσιν.

406 3477 620 3531 ΕΡᾹΝ.
665 3475 825 3529 Οὕτω
863 3473 1158 3542 πέφανται.

401 3570 563 3625 ΟΡΘ.
602 3569 729 3631 Πῶς
768 3567 950 3619 τοίνυν
987 3565 1081 3618 τὸν
1117 3563 1253 3616 θεὸν
1294 3563 1468 3630 Λόγον
1507 3559 1809 3630 γεύσασθαι
1842 3560 1940 3613 0a-

333 3667 499 3719 νάτου
532 3662 715 3732 φατέ;
749 3662 810 3713 Εἰ
844 3661 957 3730 γάρ
986 3657 1117 3710 ἔνθα
1157 3655 1374 3709 κτιστὸν
1406 3655 1466 3708 τὸ
1493 3654 1784 3718 ἀθάνατον,
1816 3651 1945 3704 d63-

335 3773 494 3809 νατον
533 3752 702 3821 ὢιξΘη
735 3749 897 3802 τοῦτο
939 3747 1196 3816 γενέσθαι
1231 3744 1447 3814 Θνητὸν,
1480 3744 1597 3807 πῶς
1626 3738 1736 3796 οἶόν
1756 3761 1815 3795 τε
1853 3743 1943 3794 τὸν

330 3847 618 3906 ἀκτὶστως
663 3842 758 3894 καὶ
792 3841 981 3903 ἀῖδεως
1019 3839 1314 3899 ἀθάνατον,
1345 3837 1437 3890 τὸν
1467 3836 1574 3888 τῶν
1605 3836 1816 3906 Θνητῶν
1853 3833 1946 3886 καὶ

334 3937 630 3989 ἁΘανάτων
660 3931 880 4002 φύσεων
913 3931 1168 4001 ποιητὴν,
1207 3928 1440 3983 Θανάτου
1475 3928 1836 3998 μεταὶιαχεῖη

404 4109 619 4163 EPAN.
669 4105 857 4176 Ἰσμεν
893 4106 1066 4159 αὐτοῦ
1094 4105 1187 4156 καὶ
1217 4105 1381 4174 ἡμεῖς
1415 4100 1515 4173 τὴν
1546 4103 1704 4168 φύσιν
1739 4102 1946 4155 ἀθάνα-

338 4219 441 4265 τον,
473 4202 654 4272 σαρκὶ
679 4198 738 4251 δὲ
773 4198 938 4252 αὐτόν
965 4213 1152 4267 φαμεν
1185 4194 1586 4267 μετεσχηκέναι
1615 4192 1872 4246 Θανάτου.

404 4427 567 4479 ΟΡΘ.
642 4421 810 4474 Ἀλλά
863 4418 1164 4491 διαρρήδην
1208 4418 1368 4486 ἡμεῖς
1417 4413 1811 4482 ἀπεδείξαμεν,
1867 4411 1944 4473 ὡς

2039 1909 2160 1973 fuit,
2192 1909 2356 1963 etiam
2390 1923 2563 1976 prima:
2590 1905 2864 1975 partieeus
2885 1912 3053 1958 esset.

2112 2001 2273 2070 180
2299 1998 2506 2052 ERAN.
2538 1999 2778 2052 Justum.

2106 2091 2314 2148 ORTlI.
2354 2091 2424 2146 At
2448 2091 2727 2160 particeps
2763 2105 2871 2142 non
2902 2087 3022 2142 fuit.

2109 2184 2316 2239 ERAN.
2347 2184 2726 2252 Nequaquam.

2111 2275 2319 2332 ORTll.
2379 2275 2438 2328 ln
2483 2274 2667 2328 futura
2699 2279 2846 2327 certe
2873 2270 2984 2325 vita
3020 2283 3128 2323 una
3157 2282 3280 2322 cum
3306 2280 3536 2335 corpore
3567 2266 3627 2319 in-

2039 2370 2346 2441 gchennam
2377 2365 2690 2436 abjicietnr.

2111 2459 2320 2515 ERAN.
2353 2457 2444 2514 Sic
2467 2455 2605 2511 dixit
2635 2473 2648 2509 :
2680 2473 2697 2504 ι
2719 2453 2900 2509 Nolite
2919 2452 3111 2506 timere
3133 2467 3230 2506 eos
3251 2451 3344 2520 qui
3366 2449 3630 2504 occidunt

2040 2568 2262 2622 corpus,
2299 2549 2536 2604 animam
2579 2554 2760 2601 autem
2799 2561 2906 2598 non
2946 2541 3447 2612 possuntoccidere
3482 2559 3495 2593 :
3529 2539 3628 2594 sed

2040 2645 2225 2717 potius
2271 2643 2463 2697 timete
2488 2654 2614 2694 eum
2648 2636 2740 2707 qui
2781 2643 2962 2706 potest
3001 2642 3054 2688 et
3080 2634 3319 2687 animam
3345 2642 3398 2686 ct
3425 2646 3629 2701 corpus

2040 2736 2271 2808 perdere
2304 2734 2358 2788 in
2389 2731 2755 2804 gelicnnaB'.»

2111 2827 2324 2883 Oll'l‘l-l.
2356 2827 2500 2895 Ergo
2539 2824 2592 2877 in
2620 2823 2722 2875 hac
2754 2819 2976 2889 quidem
3003 2817 3116 2871 vita
3148 2825 3382 2870 mortem
3411 2811 3626 2882 eﬂugit,

2043 2939 2165 2978 cum
2189 2922 2260 2976 sit
2284 2917 2611 2974 immortalis
2645 2933 2657 2968 :
2694 2915 2747 2967 in
2770 2913 2863 2966 illa
2893 2919 3076 2964 autem
3101 2909 3211 2962 vita
3239 2921 3428 2977 poenas
3452 2905 3629 2966 dabit,

2041 3030 2152 3069 non
2182 3019 2359 3067 morte
2387 3010 2642 3071 multata,
2681 3006 2773 3061 sed
2801 3005 2855 3058 in
2873 3003 2991 3056 'vita
3024 3016 3216 3071 pmnas
3243 2998 3542 3053 sustinens.

2114 3227 2324 3284 ERAN.
2375 3225 2491 3279 Hoc
2516 3223 2680 3278 etiam
2712 3221 2898 3274 divina
2925 3217 3086 3271 docet
3110 3213 3414 3283 Scriptura.

2113 3325 2128 3341 '
2159 3318 2369 3376 ORTII.
2412 3315 2556 3370 Fieri
2583 3329 2715 3383 ergo
2749 3328 2858 3366 non
2883 3317 3087 3380 potest,
3125 3315 3186 3361 ut
3209 3313 3441 3358 mortem
3469 3303 3634 3358 obeat

2042 3421 2238 3467 natura
2262 3407 2604 3464 immortalis.

2089 3503 2326 3587 IERAN.
2359 3502 2450 3555 Sic
2478 3500 2716 3553 videtur.

2115 3595 2324 3652 ORTll.
2377 3591 2666 3660 Quomodo
2713 3589 2880 3659 igitur
2930 3587 3102 3640 Deum
3156 3581 3394 3636 Verbum
3446 3577 3636 3634 dicitis

2044 3699 2279 3744 mortem
2310 3684 2589 3757 gustasse?
2619 3682 2674 3736 Si
2702 3681 2849 3735 enim
2875 3678 3022 3749 quod
3049 3674 3357 3730 immortale
3381 3682 3632 3726 creatum

2045 3795 2150 3846 est,
2188 3781 2239 3834 id
2271 3780 2448 3832 visum
2481 3785 2566 3831 cst
2591 3775 2822 3829 mortale
2849 3771 2964 3825 ﬁeri
3000 3786 3110 3825 non
3135 3784 3317 3839 posse,
3355 3764 3634 3835 quom'sdo

2049 3873 2165 3928 ﬁeri
2193 3876 2394 3942 potest,
2435 3877 2492 3922 ut
2517 3869 2610 3937 qui
2642 3883 2751 3921 non
2777 3875 3001 3920 creatus
3021 3873 3076 3917 et
3102 3862 3170 3915 ab
3195 3869 3402 3914 zeterno
3425 3866 3508 3911 est
3535 3857 3635 3908 im-

2049 3963 2315 4025 mortalis,
2342 3960 2653 4014 mortalium
2678 3968 2732 4012 et
2753 3954 3146 4011 immortalium
3166 3960 3486 4004 naturarum
3505 3961 3636 4000 con-

2049 4057 2213 4117 ditor,
2251 4054 2412 4107 morti
2439 4054 2510 4107 sil.
2533 4050 2841 4105 obnoxius?

2115 4143 2324 4199 ERAN.
2356 4143 2572 4197 Scimus
2597 4156 2695 4194 nos
2727 4153 2947 4208 quoque
2989 4134 3351 4190 immortalem
3376 4132 3495 4200 ejus
3512 4145 3637 4183 esse

2048 4247 2302 4293 naturam
2331 4255 2343 4289 :
2366 4251 2529 4290 carne
2551 4241 2733 4287 autem
2757 4231 2994 4284 dicimus
3018 4229 3192 4295 ipsum
3215 4230 3446 4276 mortem
3469 4220 3634 4273 susti-

2051 4341 2256 4380 IIUISSQ.

2118 4414 2326 4471 ORTH.
2370 4413 2476 4467 Sed
2525 4427 2626 4465 nos
2673 4416 2859 4478 aperte
2897 4405 3240 4461 ostendimus
3289 4402 3439 4456 nullo
3470 4399 3639 4453 modo

338 4517 456 4570 κατ’
499 4514 709 4569 οὐδένα
757 4511 960 4582 τρόπον
1009 4509 1236 4563 δυνατὸν
1279 4508 1514 4560 Θανάτου
1555 4507 1849 4576 μετασχεῖν
1884 4503 1936 4555 τὲ

2051 4523 2208 4580 posse
2245 4515 2473 4559 mortem
2505 4502 2616 4572 pati
2649 4499 2796 4569 quod
2822 4506 3017 4550 natura
3047 4504 3131 4548 est
3154 4491 3482 4546 immortale.
3525 4490 3631 4543 Ne-

338 4609 504 4676 φὺσει
548 4605 844 4658 ἀθάνατον.
895 4601 1030 4656 Οὐδὲ
1068 4601 1180 4672 γὰρ
1225 4603 1258 4670 ὴ
1303 4599 1451 4669 ψυχὴ
1504 4597 1942 4666 συνδημιουργη-

341 4701 499 4752 Θεῖσα
545 4698 648 4752 καὶ
699 4694 1034 4762 συναφθεῖσα.
1068 4693 1146 4764 τῷ
1194 4691 1411 4762 σώματι
1439 4731 1452 4755 ,
1501 4690 1595 4743 καὶ
1655 4704 1942 4757 συμμετα-

345 4789 556 4860 σχοῦσά
589 4804 656 4856 γε
701 4786 805 4857 τῆς
862 4784 1136 4855 ἁμαρτίας
1163 4822 1180 4848 ,
1228 4783 1425 4853 ἐκείνῳ
1465 4778 1794 4849 ἐκοινώνησε
1849 4775 1943 4831 τοῦ

342 4883 588 4938 Θανάτου
614 4879 707 4933 διὰ
739 4879 909 4949 μόνην
937 4877 1038 4948 τὴν
1063 4875 1363 4931 ἀθανασίαν
1389 4875 1487 4943 τῆς
1509 4872 1745 4941 φύσεως.
1769 4869 1966 4923 Ταὺτὺ.

339 4975 397 5027 δὲ
428 4971 600 5026 τοῦτο
629 4971 729 5023 καὶ
757 4969 962 5039 ἑτέρως
1003 4969 1390 5038 σκοπὴσωμεν.

413 5064 629 5120 EPAN.
669 5062 838 5117 Οὐδὲν
869 5060 1073 5116 κωλύει
1106 5061 1288 5115 πάντα
1312 5058 1535 5128 κινῆσαι
1586 5056 1772 5127 πόρον,
1807 5053 1950 5106 ὥστε

342 5162 389 5210 τ’
422 5157 636 5228 ἀληθὲς
665 5155 935 5225 ἐξευρεῖν.

416 5249 578 5303 ΟΡΘ.
609 5249 954 5318 Ζητήσωμεν
979 5242 1165 5297 τοίνυν
1194 5241 1310 5295 ὡδί.
1351 5241 1466 5311 Τῆς
1495 5239 1697 5311 ἀρετῆς
1721 5239 1816 5292 καὶ
1849 5239 1947 5307 τῆς

347 5343 553 5402 κακίας
587 5337 774 5408 φαμέν
803 5353 959 5400 τινας
1001 5333 1100 5405 μὲν
1123 5329 1263 5387 εἶναι
1300 5331 1675 5394 διδασκάλους,
1705 5329 1856 5391 τινὰς
1891 5327 1947 5380 δὲ

344 5434 558 5487 τούτων
586 5430 773 5484 αὐτῶν
804 5429 1069 5500 φοιτητὰς
1097 5445 1112 5493 ;

420 5522 629 5578 EPAN.
663 5523 744 5574 Φα
751 5521 875 5592 μέν.

418 5617 573 5670 ΟΡΘ.
609 5615 714 5668 Τὸν
757 5611 814 5666 δέ
847 5629 910 5680 γε
941 5611 1041 5680 τῆς
1094 5611 1291 5682 ἀρετῆς
1337 5605 1652 5664 διδάσκαλον
1688 5605 1948 5677 μειζόνων

349 5704 487 5761 εἶναι
521 5709 757 5775 λέγομεν
791 5704 944 5768 ἄξιον
975 5702 1297 5756 ἀντιδόσεων
1323 5720 1335 5768 ;

422 5823 464 5854 ⁶²
502 5821 697 5878 Matth.
737 5836 800 5888 ι,
837 5817 936 5873 9.8.

2053 4616 2160 4672 que
2185 4598 2333 4653 enim
2361 4595 2565 4652 anima,
2603 4607 2709 4646 una
2745 4606 2870 4645 cum
2897 4602 3125 4656 corpore
3150 4592 3330 4638 creata
3355 4581 3516 4650 eique
3545 4599 3637 4633 en-

2053 4694 2259 4765 pulata,
2297 4697 2502 4744 etcum
2529 4700 2596 4740 eo
2628 4681 2838 4754 peccati
2865 4682 3163 4751 particeps,
3198 4674 3392 4729 mortis
3412 4687 3644 4741 quoque

2053 4785 2328 4858 particeps
2372 4796 2496 4836 cum
2539 4793 2606 4832 eo
2652 4775 2790 4840 fuit,
2849 4783 3074 4845 preptcr
3097 4772 3267 4825 solam
3291 4775 3500 4822 natura:
3529 4765 3637 4817 ini-

2053 4853 2462 4932 inortalitatem.
2497 4867 2611 4922 Hoc
2645 4865 2822 4935 ipsum
2855 4872 3038 4918 autem
3063 4859 3230 4914 etiam
3261 4857 3423 4911 aliter
3445 4853 3633 4908 consi—

2046 4972 2332 5026 dercmus.

2121 5061 2277 5131 181
2327 5055 2534 5112 ERAN.
2569 5052 2718 5108 Nihil
2750 5056 2900 5105 vetat
2943 5045 3242 5117 quominus
3271 5055 3489 5095 omnem
3520 5055 3636 5092 mo—

2048 5167 2273 5210 veamus
2295 5147 2556 5219 lapidem,
2592 5153 2652 5199 ut
2683 5158 2872 5197 verum
2907 5139 3270 5193 inveniamus.

2120 5240 2330 5300 ORTH.
2389 5238 2480 5293 Sic
2509 5251 2643 5307 ergo
2685 5248 3018 5305 quaeramus.
3076 5230 3376 5284 Virtutisne
3425 5242 3486 5280 ar.
3517 5221 3640 5275 vitii

2053 5336 2270 5405 aliquos
2311 5345 2433 5386 esse
2474 5328 2765 5398 magistros
2811 5323 3066 5386 dicimus,
3117 5330 3170 5375 et
3213 5322 3428 5388 aliquos
3466 5313 3632 5368 disci—

2055 5424 2245 5499 pulos?

2131 5516 2336 5572 ERAN.
2374 5511 2636 5568 Dicimus.

2131 5603 2342 5662 ORTlI.
2379 5599 2615 5656 Virtutis
2651 5613 2783 5652 vero
2811 5595 3129 5680 inagistrum
3167 5587 3467 5660 majoribus
3494 5600 3634 5657 pur

2061 5696 2185 5752 miis
2220 5693 2445 5761 dignum
2476 5705 2596 5743 esse
2621 5684 2893 5741 dicimus?
2928 5760 2934 5764 .
