4090 6436
565 306 672 369 227

642 419 849 475 ERAN.
886 419 1150 486 Omnino.

637 511 848 565 ()RTH.
907 511 999 566 Sic
1024 512 1189 566 etiam
1220 508 1482 564 vitiorum
1518 507 1802 564 doctorem
1843 509 2053 580 duplici
2084 525 2149 564 ac

565 603 769 672 triplici
805 617 965 672 paena
988 602 1248 672 dignum?

638 692 847 747 ERAN.
881 693 1081 748 Verum
1110 700 1214 746 est.

637 782 847 838 ORTH.
909 783 1173 837 Diabolus
1201 800 1334 839 vero
1383 803 1489 857 qua
1524 787 1581 841 in
1614 796 1772 858 parte
1808 784 2151 841 censendus?

572 875 938 931 Dnctoremne
968 891 1090 930 esse
1118 875 1375 942 dicimus,
1404 895 1473 932 an
1501 879 1870 949 discipulum?

636 964 840 1019 ERAN.
899 964 1195 1019 Doctorum
1240 967 1546 1023 doctorem.
1616 971 1735 1039 lpsc
1776 970 1922 1023 enim
1969 967 2150 1023 omnis

565 1053 684 1107 vitii
719 1063 775 1107 et
804 1063 960 1123 pater
989 1063 1045 1109 et
1074 1055 1333 1126 magister
1363 1069 1467 1114 est.

633 1143 843 1198 ORTH.
905 1144 1009 1210 Qui
1039 1146 1208 1217 igitur
1251 1148 1503 1203 homines
1554 1150 1714 1219 primi
1744 1150 1862 1219 ejus
1888 1148 2147 1218 discipuli

562 1234 819 1290 fuerunt?

634 1330 845 1383 ERAN.
883 1328 1056 1383 Adam
1088 1338 1145 1383 et
1164 1330 1296 1383 Eva.

635 1420 845 1474 ORTH.
904 1420 962 1473 In
1005 1436 1143 1489 quos
1167 1430 1349 1474 autem
1383 1422 1491 1474 lata
1515 1429 1599 1475 est
1629 1421 1821 1475 mortis
1843 1425 2151 1483 sententia?

632 1511 839 1564 ERAN.
879 1510 935 1564 In
962 1511 1230 1564 Adamum
1257 1519 1313 1564 et
1341 1527 1533 1565 omnes
1555 1513 1675 1580 ejus
1696 1521 1965 1581 posteros.

628 1600 838 1656 ORTII.
877 1601 1144 1671 Discipuli
1177 1617 1308 1672 ergo
1346 1618 1537 1671 poenas
1565 1602 1787 1655 luerunt
1809 1618 1999 1656 eorum
2028 1619 2149 1672 quae

563 1693 705 1746 male
737 1691 921 1747 edocti
956 1693 1173 1746 fuerant
1205 1710 1217 1744 :
1247 1693 1569 1761 magistrum
1601 1702 1808 1757 autem,
1847 1710 2009 1763 quem
2041 1696 2146 1749 du-

1552 307 2039 368 THEODORETI
2081 307 2417 368 EPISCOPI
2457 308 2822 370 CYRENSIS

1584 439 1589 443 ο
2182 424 2226 479 Α
2325 417 2526 471 ΕΡΑΝ.
2560 419 2794 487 Πάνυγε.

3722 310 3830 375 228

2328 509 2482 562 ΟΡΘ.
2536 509 2812 573 Ὡσαύτως
2837 508 2893 563 δὲ
2923 510 3017 563 καὶ
3041 510 3132 562 τὸν
3162 510 3260 580 τῆς
3294 512 3515 578 κακίας,
3539 513 3825 583 διπλασίας

2256 601 2352 652 καὶ¹
2383 601 2710 669 τριπλασίας
2743 600 2892 667 ἄξιον
2924 601 3195 672 τιμωρίας
3222 616 3239 667 ;

2327 684 2529 737 ΕΡΛΝ.
2558 684 2824 753 -Ἀληθές.

2328 775 2483 828 ΟΡΘ.
2521 775 2624 828 Τὸν
2653 775 2711 828 δὲ
2747 774 2993 829 διάϐολον
3036 778 3193 843 ποίας
3227 778 3409 831 θετέον
3454 776 3715 849 μερίδοςς
3746 778 3821 832 διο

2255 863 2522 918 δάσκαλον
2552 861 2691 918 εἷναί
2719 882 2918 936 φαμεν,
2950 866 2982 937 ἢ
3020 868 3298 940 μαθητήνς

2330 955 2526 1009 ΕΡΑΝ.
2554 955 2900 1009 Διδαοκάλων
2929 957 3027 1025 μὲν
3046 955 3139 1011 οὖν
3157 957 3496 1027 διδάσκαλον,
3523 958 3694 1023 Δῦτθες
3718 958 3822 1031 γὰρ

2257 1043 2438 1111 πάσης
2471 1045 2669 1106 κακίας
2698 1046 2814 1098 ἐστὶ
2843 1048 2936 1099 καὶ
2964 1048 3144 1118 πατὴρ
3175 1050 3270 1102 καὶ
3296 1048 3644 1112 διδάσκαλος.

2326 1135 2477 1188 ΟΡΘ.
2510 1135 2668 1198 Τίνες
2692 1136 2748 1188 δὲ
2778 1137 2887 1207 ἄρα
2930 1138 3117 1191 τούτου
3147 1138 3450 1209 ἀνθρώπων
3470 1140 3692 1211 ’πρῶτοι
3723 1158 3813 1210 γε·

2268 1224 2513 1293 ίένηνται
2548 1227 2786 1295 μαθηταί
2815 1244 2831 1293 ;

2330 1317 2532 1369 ΕΡΑΝ.
2570 1317 2627 1369 '0
2678 1319 2868 1388 Ἀδὰμ,
2906 1320 3056 1392 καὶὴ
3090 1319 3222 1375 Εὔα.

2331 1408 2478 1461 ΟΡΘ.
2514 1408 2671 1471 Τίνες
2695 1410 2750 1463 δὲ
2778 1411 2877 1481 τὴν
2910 1411 3091 1480 ψῆφον
3124 1413 3218 1465 τοῦ
3249 1413 3482 1468 Θανάτου
3510 1415 3789 1481 ἐδέξαντος

2327 1498 2528 1553 ΕΡΛΝ.
2575 1501 2631 1552 Ὀ
2671 1500 2858 1569 Ἀδὰμ.
2885 1503 2979 1554 καὶ
3004 1505 3110 1556 πᾶν
3139 1505 3294 1558 τοῦδε
3322 1506 3382 1559 τὸ
3402 1507 3581 1575 γένος.
3806 1552 3807 1555 η

2327 1591 2479 1644 ΟΡΘ.
2525 1592 2588 1643 Οἱ
2632 1591 2874 1663 μαθηταὶ
2902 1592 3011 1663 ἄρα
3044 1594 3196 1657 δίκας
3222 1596 3412 1650 ἔδοσαν
3446 1600 3586 1669 ὑπὲρ
3631 1595 3704 1654 ὧν
3732 1618 3821 1655 κα-

2256 1680 2365 1744 κῶς
2398 1681 2752 1752 ἐδιδάχθησαν
2775 1699 2789 1714 ·
2824 1683 2916 1736 τὸν
2946 1684 3004 1736 δέ
3033 1702 3096 1753 γε
3137 1686 3495 1759 διδάσκαλονν
3519 1690 3582 1743 ὃν
3626 1693 3822 1763 ἀρτίως

561 1783 691 1853 plici
742 1798 805 1837 ac
839 1783 1041 1852 triplici
1078 1798 1238 1853 pmna
1275 1783 1503 1853 dignum
1531 1784 1882 1850 dicebamus,
1927 1803 2145 1857 pmnam

2250 1772 2549 1844 εἰρήκαμεν
2585 1774 2870 1835 διπλασίας
2901 1772 3041 1828 εἶναι
3073 1778 3165 1829 καὶ
3196 1778 3525 1848 τριπλασίας
3564 1799 3626 1849 γε
3664 1783 3818 1837 κολα-

559 1873 805 1926 evasisse
834 1872 1164 1942 (dicemus)?

634 1965 651 1983 ‘
682 1962 890 2017 ERAN.
930 1963 1177 2017 Videtur.

628 2050 841 2105 ORTH.
899 2053 963 2106 Et
1017 2059 1222 2117 tamen,
1279 2052 1533 2121 quamvis
1563 2052 1682 2108 haec
1723 2053 1799 2108 ita
1844 2053 1984 2109 facta
2015 2055 2145 2121 sint,

563 2141 776 2212 justum
798 2142 1043 2212 judicem
1068 2149 1125 2195 ct
1153 2141 1358 2197 scimus
1380 2152 1437 2196 et
1461 2144 1832 2199 nominamus.

632 2232 840 2287 ERAN.
878 2232 1138 2287 Maxime.

633 2322 843 2378 ORTH.
859 2323 972 2379 Cur
996 2340 1148 2395 ergo,
1172 2340 1298 2380 cum
1321 2327 1395 2381 sit
1416 2328 1621 2398 justus,
1652 2329 1811 2398 182
1848 2331 2005 2386 mala:
2022 2331 2152 2387 doo-

563 2416 729 2472 trinze
753 2416 1027 2471 rationem
1053 2418 1123 2472 ab
1147 2434 1212 2473 eo
1238 2435 1350 2473 non
1379 2419 1595 2490 exegit?

633 2505 837 2560 ERAN.
893 2505 1402 2578 lnexstinguibilem
1432 2508 1534 2578 ipsi
1593 2509 1854 2580 gehennae
1877 2510 2151 2567 ﬂammam

559 2598 903 2668 praeparavit.
964 2599 1282 2654 «Discedite
1340 2601 1529 2667 enim,
1587 2602 1801 2672 inquit,
1850 2606 2149 2672 maledicti,

565 2689 626 2744 iu
668 2689 847 2761 ignem
884 2699 1178 2757 aeternum,
1214 2693 1309 2761 qui
1341 2704 1567 2762 paratus
1590 2705 1675 2749 est
1709 2696 1928 2751 diabolo
1960 2706 2017 2752 et
2049 2714 2150 2752 an-

559 2780 698 2849 gelis
724 2781 844 2851 ejus
863 2782 928 2835 “.
954 2800 972 2831 ι
1013 2780 1114 2836 Hic
1143 2792 1329 2836 autem
1360 2792 1654 2854 propterea
1690 2786 1747 2840 in
1774 2799 1948 2842 morte
1979 2789 2151 2844 disci-

562 2866 708 2935 pulis
761 2882 873 2922 non
912 2868 1196 2940 jungitur,
1237 2870 1368 2940 quia
1402 2880 1657 2926 naturam
1708 2873 1876 2930 habet
1922 2878 2151 2932 immor«

566 2957 732 3013 talem
743 2997 756 3011 .
1328 3018 1331 3021 .

630 3048 844 3105 ORTH.
880 3051 995 3106 Nec
1024 3050 1193 3122 igitur
1221 3051 1319 3122 qui
1347 3052 1584 3107 maxima
1607 3053 1838 3110 crimina
1863 3066 2145 3127 perpetra-

560 3148 693 3194 runt
745 3150 922 3197 morte
971 3143 1138 3213 plecti
1188 3151 1452 3213 possunt,
1512 3145 1559 3199 si
1616 3156 1868 3201 naturam
1902 3149 2143 3205 habeant

559 3228 924 3286 immortalem
941 3232 964 3286 7

628 3323 834 3377 EBAN.
873 3323 933 3377 In
965 3323 1219 3380 confesso
1251 3332 1355 3380 est.

627 3412 837 3467 υιιτιι.
902 3414 962 3468 Si
1013 3430 1145 3486 ergo
1203 3431 1309 3472 nec
1348 3417 1468 3488 ipse
1500 3417 1771 3474 scelerum
1797 3418 2055 3476 inventor
2088 3431 2145 3479 et

560 3505 821 3576 magister
849 3516 1025 3562 morte
1051 3507 1283 3564 aﬂ‘ectus
1308 3519 1395 3565 est
1416 3519 1645 3581 propter
1678 3511 2146 3571 immortalitatem

558 3606 791 3661 naturae,
844 3600 1126 3669 quomodo
1171 3615 1285 3655 non
1331 3602 1724 3658 cohorrescitis
1758 3604 2005 3661 dicentes
2040 3608 2146 3662 im-

561 3688 918 3743 mortalitatis
958 3696 1016 3743 ct
1055 3691 1285 3760 iustitiae
1315 3690 1524 3747 fontem
1550 3704 1781 3750 mortem
1805 3696 2043 3753 obiisse?

632 3864 840 3920 ERAN.
902 3866 958 3922 Si
991 3882 1120 3922 eum
1172 3877 1368 3924 contra
1396 3871 1735 3927 voluntatem
1784 3889 2003 3943 passum
2026 3890 2149 3931 esse

559 3954 895 4020 diceremus,
928 3957 1141 4027 justum
1181 3959 1411 4014 haberet
1444 3971 1766 4030 praetextum
1802 3964 2003 4029 oratio,
2039 3981 2148 4036 qua

558 4062 591 4102 a
619 4048 774 4103 vobis
791 4064 1139 4105 accusamur.
1162 4050 1298 4105 Cum
1325 4062 1509 4108 autem
1538 4064 1838 4125 spontanea
1866 4059 2048 4128 passio
2094 4069 2153 4115 et

558 4153 711 4193 mors
758 4140 1071 4194 voluntaria
1117 4156 1148 4195 a
1196 4140 1358 4197 nobis
1383 4144 1734 4213 praedicetur,
1793 4163 1903 4201 non
1936 4164 2037 4204 nos
2062 4165 2153 4206 ac-

557 4229 787 4284 cusandi
810 4270 825 4294 ,
882 4229 980 4285 sed
1018 4231 1290 4287 laudanda
1323 4235 1444 4305 ejus
1482 4234 1751 4292 immensa
1800 4238 1855 4292 in
1892 4238 2154 4294 homines

556 4318 891 4390 benignitas.
953 4321 1154 4378 Volens
1179 4324 1326 4379 enim
1361 4340 1556 4395 passus
1585 4335 1693 4394 est,
1746 4337 1805 4383 et
1832 4344 1930 4383 sua
1956 4338 2154 4400 sponte

557 4419 791 4466 mortem
819 4411 979 4469 obiit.

628 4584 841 4641 ORTH.
905 4586 1158 4642 Divinam
1183 4627 1199 4653 ,
1255 4596 1318 4642 ut
1365 4596 1613 4658 apparet,
1649 4598 1902 4645 naturam
1927 4592 2150 4662 penitus

559 4674 844 4746 ignoratis.
898 4678 1165 4733 Dominus
1207 4677 1353 4732 enim
1426 4678 1586 4733 Deus
1626 4680 1766 4734 nihil
1796 4682 1915 4735 vult
1953 4698 2149 4738 eorum

560 4783 683 4837 qua:
706 4768 776 4822 ab
803 4768 978 4839 ipsius
1004 4777 1203 4824 natura
1231 4768 1556 4823 abhorrent.
1588 4771 1776 4827 Potest
1793 4782 1977 4829 autem
2003 4791 2151 4847 quaa-

568 4872 789 4928 cunque
819 4860 939 4915 vult
971 4877 984 4913 :
1016 4860 1137 4915 vult
1163 4869 1348 4915 autem
1384 4868 1599 4915 tantum
1641 4875 1853 4922 natura!
1877 4882 1990 4924 suae
2027 4876 2154 4941 apta

563 4957 616 5004 et
652 4951 1037 5019 congruentia.

632 5040 840 5095 ERAN.
876 5041 991 5098 Nos
1019 5041 1321 5103 didicimus
1353 5047 1539 5103 omnia
1559 5047 1674 5104 Deo
1696 5049 1983 5119 possibilia
2004 5066 2148 5109 esse.

631 5202 864 5259 ORTHV
899 5204 1035 5262 Cum
1072 5206 1363 5268 indeﬁnite
1402 5213 1668 5285 loqueris,
1716 5220 2142 5291 comprehendis

560 5295 728 5351 etiam
763 5312 827 5351 ea
865 5297 1024 5370 183
1060 5315 1183 5370 qua:
1213 5301 1435 5360 diabolo
1468 5308 1829 5365 conveniunt.
1862 5309 1963 5378 Qui
1989 5312 2138 5368 enim

639 5451 684 5481 ⁸³
717 5450 909 5509 Matth.
947 5467 1088 5518 xxv,
1125 5453 1189 5508 41

564 5603 924 5729 ὧὲῃιαερ.
967 5605 1251 5664 Excidiue
1292 5606 1510 5665 videtur
1562 5605 1796 5680 ἐροῦμεν
1846 5618 1941 5666 aut
1971 5611 2147 5668 simile

2250 1880 2386 1926 σεως
2420 1864 2592 1928 ἄξιον,
2618 1865 2713 1919 καὶ
2745 1866 2841 1937 τὴν
2870 1868 3137 1939 τιμωρίαν
3162 1869 3446 1939 διαφυγεῖν
3478 1871 3592 1941 (14)
3618 1890 3632 1938 ς

2329 1955 2529 2009 ΕΡΑΝ.
2563 1957 2781 2010 Ἔοικεν

2324 2045 2477 2099 ΟΡΘ.
2526 2046 2667 2097 Ἀλλ’
2697 2032 2848 2116 ὅμως
2871 2048 2968 2101 καὶ
3000 2048 3205 2103 τούτων
3247 2047 3392 2102 οὕτω
3420 2053 3814 2122 γεγενημένων.

2248 2133 2456 2188 δίκαιον
2485 2136 2580 2190 τὸν
2614 2138 2827 2209 κριτὴν,
2854 2141 2951 2194 καὶ
2976 2141 3135 2210 ἴσμεν
3167 2142 3262 2195 καὶ
3290 2142 3650 2213 ὀνομάζομεν.

2321 2228 2526 2282 ΕΡΑΝ.
2552 2230 2827 2287 Μάλιστα.

2322 2321 2473 2377 ΟΡΘ.
2503 2323 2568 2375 Τί
2599 2323 2795 2395 δήποτε
2821 2324 2999 2378 τοίνυν
3022 2324 3230 2391 δίκαιος
3253 2326 3349 2391 ὢν,
3379 2329 3483 2382 οὐκ
3509 2327 3813 2400 εἰσέπραξεν

2253 2410 2464 2465 ἐκεῖνον
2500 2414 2598 2482 τῆς
2623 2415 2802 2484 κακῆς
2826 2415 3178 2482 διδασκαλίας
3199 2418 3434 2483 εὐθύνας
3456 2436 3473 2483 ς

2322 2502 2525 2556 ΕΡΑΝ.
2544 2503 2701 2573 Αὐτῷ
2711 2504 2808 2574 τὴν
2822 2506 2952 2559 ἀσϐε
2961 2522 3083 2559 στον
3099 2506 3196 2577 τῆς
3213 2507 3440 2581 γεέννης
3460 2507 3810 2563 κατεσκεύασε

2253 2591 2453 2661 φλόγα.
2502 2612 2521 2645 ι
2562 2595 2870 2664 Πορεύεσθε
2901 2596 3029 2667 γὰρ,
3064 2600 3249 2669 φησὶν,
3275 2601 3323 2653 οἱ
3357 2600 3718 2671 κατηραμένοι
3740 2601 3812 2663 είς

2252 2682 2312 2734 τὸ
2346 2683 2455 2754 πῦρ
2488 2684 2547 2736 τὸ
2573 2684 2813 2746 αἰώνιον,
2844 2686 2906 2739 τὸ
2937 2688 3336 2759 ἡτοιμασμένον
3367 2689 3443 2760 τῷ
3479 2690 3704 2761 διαϐόλῳ
3730 2693 3811 2744 καὶ

2252 2775 2365 2836 τοῖς
2408 2774 2661 2842 ἀγγέλοις
2700 2776 2885 2830 αὐτοῦ.
2933 2796 2952 2830 ι
2999 2766 3265 2833 Ἐνταῦθα
3310 2780 3405 2844 δὲ,
3452 2783 3637 2833 τούτου
3669 2780 3809 2850 χάριν

2254 2866 2355 2919 οὐκ
2407 2867 2768 2938 ἐκοινώνησεν
2817 2869 2911 2923 τοῦ
2959 2870 3190 2925 θανάτου
3233 2874 3345 2937 τοῖς
3394 2873 3692 2943 μαθηταῖς,
3743 2870 3810 2931 ὡς

2258 2955 2423 3026 φύσιν
2453 2957 2590 3028 ἔχων
2624 2958 2911 3014 ἀθάνατον.

2328 3047 2477 3100 ΟΡΘ.
2509 3047 2647 3103 Οὐδὲ
2666 3050 2714 3101 oi
2743 3048 2810 3102 τά
2836 3050 3068 3120 μέγιστα
3092 3052 3201 3123 ἄρα
3219 3052 3702 3125 πλημμελήσαντες
3723 3051 3808 3105 θα-

2250 3139 2413 3193 νάτου
2442 3141 2644 3195 οἴονται
2678 3146 2992 3215 μετασχεῖν,
3040 3147 3090 3199 εἰ
3122 3146 3284 3216 φύσιν
3326 3147 3597 3202 ἀθάνατον
3631 3147 3806 3217 ἔχοιεν.

2315 3315 2523 3371 ΕΡΑΝ.
2572 3315 2838 3389 Ὠμολόγη
2846 3336 2954 3372 ται.

2318 3408 2472 3461 ΟΡΘ.
2512 3410 2574 3463 Εἰ
2606 3410 2789 3463 τοίνυν
2819 3411 2940 3464 οὐδὲ
2973 3409 3140 3477 αὐτὸς
3167 3412 3196 3464 ὁ
3228 3412 3326 3484 τῆς
3355 3414 3563 3478 κακίας
3602 3411 3810 3485 εὑρετὴς

2251 3497 2349 3550 καὶ
2368 3497 2691 3562 διδάσκαλος
2719 3500 2982 3571 μετέλαχε
3009 3501 3245 3556 θανάτου
3282 3503 3377 3557 διὰ
3408 3503 3506 3577 τὴν
3533 3504 3811 3558 ἀθανασίαν

2252 3588 2356 3658 τῆς
2386 3590 2608 3656 φύσεως
2636 3633 2650 3654 ,
2679 3592 2798 3655 πῶς
2834 3592 2897 3646 οὐ
2948 3596 3253 3665 πεφρίκατε
3298 3594 3552 3667 λέγοντες
3595 3597 3689 3666 τὴν
3724 3594 3810 3663 τῆς

2250 3679 2555 3745 ἀθανασίας
2613 3682 2711 3736 καὶ
2776 3682 3125 3757 δικαιοσύνης
3184 3687 3373 3760 πηγὴν
3431 3685 3807 3759 μετεσχηκέναι

2251 3769 2483 3825 θανάτου
2500 3788 2516 3839 ;

2328 3866 2531 3919 ΕΡΑΝ.
2571 3867 2634 3919 El
2688 3866 2788 3937 μὲν
2830 3866 3102 3932 ἀκουσίως
3141 3868 3306 3924 αὐτὸν
3348 3867 3802 3942 ὑπομεμενηκέναι

2252 3956 2313 4010 τὸ
2342 3957 2515 4021 πάθος
2547 3958 2811 4028 ἐλέγομεν
2841 3960 2974 4030 (15),
3021 3959 3181 4031 ἔσχεν
3218 3960 3284 4014 ἂν
3316 3963 3586 4033 πρόφασιν
3626 3962 3658 4031 ἡ
3697 3949 3815 4010 καθ’

2256 4049 2413 4120 ἡμῶν
2452 4048 2581 4119 παρ’
2612 4049 2766 4119 ὑμῶν
2790 4048 3047 4120 γινομένη
3092 4050 3400 4123 κατηγορία
3422 4051 3652 4104 δικαίαν.
3676 4047 3734 4099 ΕΞ
3760 4045 3800 4097 δ’

2253 4138 2576 4210 αὐθαίρετον
2596 4140 2660 4193 τὸ
2683 4139 2851 4205 πάθος
2875 4141 2970 4195 καὶ
2987 4145 3016 4195 ό
3038 4141 3268 4206 θάνατος
3294 4142 3595 4204 ἐθελούσιος
3619 4135 3803 4209 κηρύσ-

2259 4248 2412 4284 σεται
2446 4234 2579 4305 παρ’
2607 4233 2786 4303 ἡμῶν,
2830 4234 2891 4286 ού
2933 4235 3258 4305 κατηγορεῖν
3283 4234 3461 4304 ἡμῶν,
3486 4233 3596 4286 ἀλλ’
3633 4226 3803 4299 ὑμνεῖν

2263 4322 2537 4392 προσήκει
2564 4321 2664 4392 τὴν
2691 4323 2789 4392 τῆς
2808 4321 3218 4393 φιλανθρωπίας
3248 4323 3573 4396 ὑπερϐολήν.
3609 4315 3805 4384 Ἐθελή-

2186 4443 2233 4500 Ι)
2263 4427 2362 4475 σας
2389 4412 2498 4483 γὰρ
2544 4411 2808 4480 πέπονθεν
2858 4413 2952 4466 καὶ
2994 4411 3272 4483 βουληθεὶς
3299 4413 3394 4466 τοῦ
3425 4412 3648 4518 θανάτου
3685 4418 3799 4477 μετ⁴

2259 4501 2753 4663 ίῙάμπαν,
2767 4592 2842 4655 ὡς
2861 4590 3025 4659 ἔοικε,
3039 4591 3137 4662 τὴν
3152 4591 3304 4646 θείαν
3324 4594 3621 4665 ἠγνοήκατε
3637 4589 3800 4657 φύσιν.

2265 4682 2325 4735 Ὀ
2349 4685 2460 4755 γὰρ
2490 4685 2769 4753 Δεσπότης
2785 4684 2918 4747 Θεὸς
2936 4684 3089 4738 οὐδὲν
3117 4679 3192 4738 ὧν
3219 4687 3294 4755 μὴ
3318 4685 3528 4753 πέφυκε
3550 4680 3799 4752 βούλεται,

2254 4774 2436 4829 πάντα
2481 4774 2540 4828 δὲ
2571 4775 2673 4829 ὅσα
2709 4774 2958 4846 βούλεται
2982 4773 3229 4829 δύναται.
3274 4776 3527 4828 Βούλεται
3555 4772 3609 4825 δὲ
3648 4769 3712 4822 τὰ
3741 4764 3798 4834 τῇ

2252 4865 2432 4936 οἰκείᾳ
2460 4865 2623 4936 φύσει
2655 4867 2944 4940 πρόσφορά
2965 4883 3026 4921 τε
3059 4866 3155 4922 καὶ
3186 4867 3486 4938 πρέποντα.

2318 5039 2528 5096 ΕΡΑΝ.
2569 5040 2763 5112 Ἡμεῖς
2800 5041 3207 5114 μεμαθήκαμεν
3244 5041 3460 5097 ἅπαντα
3501 5031 3696 5090 δυνατά
3729 5025 3803 5099 τῷ

2247 5131 2471 5280 Θςέῥθ.
2513 5224 2805 5297 Ἀορίστως
2827 5225 3263 5299 ἀποφαινόμενος
3285 5212 3797 5297 συμπεριλαμϐάνεις

2247 5313 2322 5387 τῷ
2359 5315 2498 5388 λόγῳ
2530 5316 2627 5371 καὶ
2652 5316 2755 5372 ὅσα
2804 5318 3077 5391 προσήκει
3114 5321 3183 5391 τῇ
3220 5317 3315 5374 τοῦ
3340 5311 3581 5370 διαϐόλου
3610 5301 3793 5379 μερίδι-

2260 5614 2372 5690 (15)
2408 5618 2485 5674 ιλ.
2525 5619 2672 5678 Ean.
2701 5623 2855 5681 nom.
2890 5634 2946 5683 et
2984 5623 3132 5701 Lips.
3165 5627 3413 5701 λέγομεν.
