4090 6452
548 322 644 388 231

611 437 628 453 ‘
659 429 867 487 ERAN.
892 428 1181 496 Quomodo
1202 428 1307 482 hoc
1332 426 1445 482 ﬁeri
1466 425 1683 496 posset?

606 522 814 581 Oll'l‘ll.
847 522 951 577 Sed
978 537 1156 591 neque
1194 520 1367 575 Filius
1387 519 1495 574 erit
1522 534 1763 587 unquam
1786 518 1965 573 Pater.

615 617 823 673 ERAN.
851 616 1224 685 Nequaquam.

612 706 749 764 OR'I
760 707 824 760 Η.
873 706 1060 774 Neque
1100 703 1340 773 Spiritus
1385 708 1607 756 sanctus
1640 714 1883 770 unquam
1915 698 2021 754 erit
2045 697 2133 752 Fi-

547 800 655 854 lius
691 806 786 850 aut
812 796 992 850 Pater.

608 888 817 944 ERAN.
844 887 972 941 Haae
1001 884 1187 940 omnia
1223 882 1584 954 impossibilia
1616 890 1764 937 sunt.

576 1000 589 1013 ο
616 980 828 1036 ΟΒΊῊ.
858 978 1027 1033 Multa
1066 975 1233 1031 etiam
1266 975 1371 1029 alia
1398 972 1671 1045 ejusmodi
1698 973 1942 1044 reperire
1978 973 2130 1037 licet,

544 1088 669 1144 qua:
724 1071 980 1126 similiter
1029 1075 1162 1123 sunt
1209 1066 1593 1137 impossibilia.
1645 1065 1759 1120 Nec
1811 1064 1958 1119 enim
1985 1064 2134 1134 quod

544 1169 816 1216 aeternum
844 1165 931 1213 est
948 1156 1120 1211 fuerit
1154 1154 1210 1209 in
1244 1163 1517 1224 tempore,
1554 1152 1714 1223 185
1734 1169 1839 1208 nec
1866 1152 2015 1222 quod
2046 1153 2133 1207 in-

547 1260 793 1309 creatum
817 1259 1067 1305 creatum
1093 1258 1261 1317 atque
1284 1245 1512 1309 factum,
1553 1259 1658 1299 nec
1674 1244 1824 1313 quod
1856 1242 2135 1299 inﬁnitum

551 1346 789 1408 finitum,
826 1350 885 1398 et
909 1357 1034 1412 quae
1063 1342 1151 1395 bis
1175 1346 1305 1394 sunt
1330 1337 1551 1393 similia.

621 1434 807 1491 ERAN
824 1477 830 1483 .
861 1432 1010 1487 Nihil
1032 1432 1229 1485 horum
1255 1438 1336 1484 est
1364 1427 1646 1499 possibile.

615 1525 828 1583 ORTH.
861 1525 1028 1579 Multa
1055 1522 1223 1592 igitur
1254 1520 1588 1585 invenimus,
1625 1534 1749 1589 quae
1767 1518 2135 1589 omnipotenti

554 1620 664 1675 Deo
686 1624 815 1674 sunt
844 1613 1227 1686 impossibilia.

616 1706 825 1763 ERAN.
853 1705 1017 1760 Vere.

623 1818 832 1877 OBTll.
869 1818 975 1873 Sed
1018 1817 1219 1871 horum
1263 1813 1401 1869 nihil
1434 1828 1596 1884 posse
1625 1828 1737 1867 non
1774 1813 2135 1879 inﬁrmitatis,
2170 1770 2212 1826 Β

553 1911 649 1966 sed
684 1910 966 1965 immensae
1004 1903 1266 1976 potentiae
1299 1906 1518 1974 signum
1555 1911 1678 1958 est:
1717 1917 1880 1973 posse
1910 1910 2095 1957 autem
2121 1942 2138 1970 ,

555 2020 664 2059 non
694 2000 955 2073 potentia:
979 1999 1194 2068 utique,
1224 1996 1324 2052 sed
1354 1995 1713 2066 impotentiae.

617 2093 826 2151 ERAN.
865 2091 987 2159 Quo
1017 2104 1183 2146 sensu
1205 2089 1312 2144 hoc
1342 2087 1528 2142 dicis?

631 2182 840 2240 ORTH.
874 2182 1011 2249 Quia
1037 2182 1237 2234 horum
1265 2177 1699 2249 unumquodque
1737 2178 1909 2232 Deum
1937 2177 2141 2231 immu-

556 2276 780 2331 tabilem
809 2282 865 2329 et
893 2270 1237 2327 alterationis
1282 2276 1568 2340 expertem
1601 2284 1724 2323 esse
1760 2268 1942 2323 docet.
1983 2268 2140 2335 Quod

555 2367 706 2421 enim
739 2365 786 2420 is
811 2364 905 2434 qui
940 2362 1122 2417 bonus
1144 2370 1230 2415 est
1257 2359 1437 2414 malus
1456 2358 1576 2414 ﬁeri
1600 2375 1708 2414 non
1728 2360 1924 2428 possit,
1956 2359 2140 2413 excel-

558 2457 784 2512 lentiam
816 2453 1086 2510 bonitatis
1138 2450 1431 2523 signiﬁcat,
1469 2457 1526 2506 et
1553 2450 1699 2520 quod
1728 2450 1822 2521 qui
1846 2453 2030 2521 justus
2058 2458 2144 2506 est

560 2548 797 2620 iniustus
823 2545 941 2601 ﬁeri
970 2557 1252 2613 nunquam
1290 2543 1483 2612 possit,
1514 2557 1617 2596 nec
1644 2541 1881 2596 mendax
1918 2543 2011 2611 qui
2044 2558 2142 2597 ve—

559 2655 657 2694 rax
677 2646 783 2705 est,
817 2638 1030 2693 ﬁrmam
1067 2651 1133 2690 ac
1154 2634 1409 2691 stabilem
1439 2634 1728 2689 veritatem
1760 2633 2143 2704 iustitiamque

556 2732 819 2788 declarat.
848 2729 939 2785 Sic
966 2743 1095 2783 vera
1125 2728 1219 2780 lux
1241 2732 1303 2779 ut
1326 2724 1502 2794 caligo
1534 2723 1627 2778 ﬁat
1653 2723 1774 2779 ﬁeri
1798 2740 1908 2779 non
1938 2733 2139 2794 potest,

556 2840 737 2894 neque
759 2822 930 2893 utqui
946 2829 1156 2875 estnon
1178 2820 1270 2874 sit.
1289 2820 1623 2888 Perpetuum
1642 2817 1790 2871 enim
1812 2817 1976 2871 habet
1998 2832 2140 2883 esse,

556 2923 616 2970 et
637 2915 731 2967 lux
759 2921 845 2966 est
880 2909 1021 2964 nulli
1048 2908 1286 2963 obnoxia
1335 2905 1646 2960 mutationi.
1698 2905 1791 2961 Sic
1829 2906 1935 2960 alia
1957 2910 2143 2962 omnia

558 3003 941 3065 considerans,
964 2998 1212 3055 invenies
1241 2998 1303 3053 τὸ
1324 3014 1435 3053 non
1458 3013 1618 3067 posse
1642 3012 1911 3053 summam
1944 3008 2141 3068 poten-

1538 318 2025 380 THEODORETI
2058 317 2396 378 EPISCOPI
2435 320 2799 381 CYRENSIS

2157 434 2200 486 Α
2303 425 2507 479 ΕΡΑΝ.
2544 427 2668 490 Πῶς
2705 427 2850 497 γάρ;

3730 317 3846 381 232

2304 518 2465 571 ΟΡΘ.
2502 518 2639 572 Οὔτε
2675 519 2782 590 μὴν
2816 519 2945 583 Υἱὸς
2977 519 3173 586 γένοιτ’
3213 519 3278 574 ἄν
3304 538 3438 574 ποτε
3471 522 3502 575 6
3532 522 3750 595 Πατήρ.

2302 611 2510 665 ΕΡΛΝ.
2560 611 2828 680 Οὐδαμῶς

2304 703 2439 755 ΟΡΘ
2493 702 2630 756 υύδέ
2650 719 2713 772 γε
2736 703 2796 756 τὸ
2826 703 3050 775 Πνεῦμα
3075 703 3137 758 τὸ
3167 703 3326 773 ἀγιον
3349 706 3558 775 γένοιτ’
3590 706 3657 760 ἂν
3681 708 3829 775 Υίδς,

2233 795 2268 866 ἢ
2298 795 2513 865 Πατήρ.

2302 883 2510 939 EPAN.
2542 883 2728 937 Πάντα
2754 883 2927 938 ταῦτα
2957 883 3216 939 ἀδύνατα.

2306 975 2465 1030 ΟΡΘ.
2489 976 2669 1029 Πολλά
2683 974 2741 1028 δὲ
2760 976 2855 1029 καί⁵
2877 975 3013 1031 ἀλλα
3031 976 3255 1031 τοιαῦτα
3274 976 3612 1047 εὑρίσκομεν
3632 976 3833 1048 ὁμοίως

2241 1065 2500 1121 ἀδύνατα.
2546 1066 2687 1120 Οὔτε
2733 1067 2844 1138 γὰρ
2885 1068 2947 1121 τὸ
2987 1068 3206 1122 αἰώνιον
3250 1070 3358 1121 ὑπὸ
3391 1068 3591 1139 χρόνον
3640 1069 3827 1135 ἔσται,

2234 1159 2358 1212 οὔτε
2392 1158 2453 1211 τὸ
2494 1158 2750 1213 ἄκτιστον
2786 1158 3006 1212 κτιστύν
3040 1175 3102 1227 γε
3148 1160 3242 1213 καὶ
3279 1161 3531 1230 ποιητὸν,
3567 1161 3696 1215 οὔτε
3729 1176 3829 1216 πε-

2236 1251 2583 1323 περασμένον
2616 1251 2678 1305 τὸ
2704 1251 2952 1322 ἄπειρον,
2987 1251 3080 1304 καὶ
3109 1252 3205 1305 ὅσα
3236 1252 3455 1316 τούτοις
3490 1255 3614 1307 ἐστὶ
3641 1271 3826 1327 παρα-

2238 1345 2461 1414 πλήσια.

2307 1436 2511 1489 EPAN.
2549 1433 2716 1488 Οὐδὲν
2741 1434 2947 1488 τούτων
2981 1435 3099 1487 ἐστὶ
3124 1434 3372 1492 δυνατόν.

2306 1528 2460 1582 ΟΡΘ.
2505 1528 2683 1582 Πολλὰ
2724 1529 2905 1582 τοίνυν
2945 1529 3263 1599 εὑρήκαμεν
3297 1526 3545 1583 ἀδύνατα
3576 1529 3708 1583 ὄντα
3751 1530 3828 1604 τῷ

2237 1620 2634 1692 παντοδυνάμῳ
2665 1620 2804 1691 Θεῷ.

2307 1713 2511 1768 EPAN.
2557 1712 2798 1785 Ἀληθῶς

2313 1802 2467 1856 ΟΡΘ.
2518 1802 2686 1854 Ἀλλά
2713 1802 2777 1855 τὸ
2808 1802 2883 1873 μὴ
2923 1801 3220 1874 δυνηθηναι
3249 1819 3301 1857 τι
3334 1803 3570 1869 τούτων,
3604 1806 3826 1878 ἀπείρου

2239 1892 2545 1963 δυνάμεως,
2578 1895 2680 1946 οὐκ
2721 1893 3009 1957 ἀσθενείας
3036 1895 3359 1966 τεκμήριον·
3395 1896 3460 1948 τὸ
3489 1897 3549 1949 δέ
3582 1914 3646 1965 γε
3671 1899 3827 1971 δυνη-

2242 1984 2424 2057 θῆναι,
2455 1986 2759 2056 ἀδυναμίας
2781 1986 3074 2056 δήπουθεν,
3104 1988 3165 2040 ού
3199 1988 3512 2058 δυνάμεως.

2313 2076 2518 2130 ΕΡᾹΝ.
2560 2076 2685 2140 Πῶς
2717 2077 2877 2130 τοῦτο
2906 2077 3044 2148 ἔφης
3063 2097 3077 2145 ς

2315 2167 2467 2222 ΟΡΘ.
2505 2168 2629 2220 ’Ότι
2657 2168 2867 2222 τούτων
2896 2170 3131 2223 ἕκαστον
3158 2170 3222 2223 τὸ
3257 2170 3539 2242 ἄτρεπτον
3568 2173 3662 2226 τοῦ
3700 2174 3830 2227 Θεοῦ

2242 2259 2505 2330 κηρύττει
2560 2263 2655 2314 καὶ
2708 2261 3086 2315 ἀναλλοίωτον.
3135 2263 3209 2316 Τὸ
3251 2263 3362 2334 γὰρ
3412 2266 3488 2334 μὴ
3541 2265 3826 2335 δυνηθῆναι

2240 2351 2333 2403 τὸν
2364 2351 2572 2419 ἀγαθὸν
2598 2352 2856 2420 γενέσθαι
2883 2356 3075 2421 κακὸν,
3106 2356 3207 2424 τὴν
3236 2356 3551 2428 ὑπερϐολὴν
3580 2359 3826 2428 σημαίνει

2243 2442 2343 2512 τῆς
2367 2442 2724 2514 ἀγαθὸτητος,
2753 2447 2848 2498 καὶ
2875 2446 2938 2499 τὸ
2965 2447 3057 2500 τὸν
3082 2448 3292 2501 δίκαιον
3320 2449 3592 2519 μηδέποτ’
3624 2450 3689 2501 ἂν
3737 2467 3824 2517 γε-

2244 2536 2432 2589 νέσθαι
2471 2535 2678 2602 ἄδικον,
2713 2539 2848 2609 μηδὲ
2879 2539 2970 2592 τὸν
3010 2540 3189 2611 ἀληθῆ
3224 2541 3492 2612 ψεύστην,
3539 2543 3677 2595 τὸέν
3709 2543 3827 2612 ἁλη-

2245 2626 2364 2698 θείᾳ
2390 2628 2484 2680 καὶ
2513 2628 2829 2701 δικαιοσύνῃ
2855 2631 3125 2701 σταθηρόν
3154 2649 3212 2684 τε
3249 2633 3343 2685 καὶ
3373 2631 3600 2701 βέϐαιον
3626 2631 3824 2685 δείκνυ-

2246 2737 2350 2772 σιν.
2398 2720 2556 2772 Οὖτω
2593 2719 2654 2772 τὸ
2683 2720 2936 2790 ἀληθινὸν
2971 2723 3088 2791 φῶς
3131 2725 3232 2776 οὐκ
3269 2723 3334 2777 ἃν
3363 2725 3581 2792 γένοιτο
3609 2725 3820 2787 σκότος,

2243 2811 2365 2863 οὐδὲ
2396 2814 2425 2864 6
2469 2810 2545 2864 ὢν
2570 2812 2671 2863 οὐκ
2714 2811 2812 2866 ὢν.
2858 2815 3092 2881 Διαρκὲς
3127 2814 3238 2883 γὰρ
3281 2814 3398 2884 ἔχει
3431 2817 3495 2868 τὸ
3536 2813 3707 2879 εἶναι,
3741 2818 3823 2869 καὶ

2244 2902 2601 2956 ἀναλλοίωτον
2641 2905 2876 2974 ὑπάρχει
2909 2905 2970 2958 τὸ
3011 2905 3127 2974 φῶς
3191 2906 3351 2960 Οὕτω
3404 2910 3454 2959 τ’
3497 2907 3633 2961 ἄλλα
3660 2909 3821 2961 πάντα

2247 2992 2608 3062 σκεψάμενος,
2638 2995 2897 3065 εὑρήσεις
2919 2995 2982 3048 τὸ
3017 2998 3093 3068 μὴ
3120 2996 3385 3051 δύνασθαι
3415 2999 3515 3068 τῆς
3546 2998 3717 3070 ἄκρας
3742 2999 3822 3051 δυ-

563 3095 693 3149 tiam
728 3093 1039 3163 designare.
1077 3089 1169 3144 Sic
1204 3090 1375 3173 Deum
1401 3088 1528 3142 talia
1566 3102 1675 3141 non
1697 3103 1888 3157 posse,
1921 3089 2143 3144 divinus

2246 3084 2464 3152 νὰμεως
2511 3086 2866 3152 ἐμφαντεκόν.
2903 3086 3091 3149 Οὕτως
3125 3087 3218 3140 ἐπὶ
3241 3088 3335 3141 τοῦ
3361 3089 3498 3142 Θεοῦ
3530 3089 3598 3142 τά
3624 3088 3820 3141 τοιαῦτα

560 3199 783 3255 quoque
806 3181 1104 3252 Apostolus
1146 3180 1417 3235 intellexit
1442 3186 1497 3235 et
1536 3178 1847 3233 aﬂirmavit.
1895 3181 2030 3235 Nam
2071 3182 2141 3235 ad

2246 3175 2611 3245 μὴδύνασθαι
2649 3178 2743 3230 καὶ
2774 3180 2802 3230 6
2837 3178 2980 3241 θεῖος
3024 3179 3348 3243 Ἀπόστολος
3394 3181 3625 3249 νενόηκέ
3657 3199 3712 3233 τε
3738 3180 3817 3232 καὶ

561 3273 821 3329 Hebraeos
859 3273 1130 3336 scribens,
1166 3290 1185 3322 ι
1244 3270 1315 3325 Ut
1341 3286 1440 3340 per
1468 3268 1626 3334 duas,
1676 3269 1875 3340 inquit,
1919 3288 2006 3326 res
2037 3288 2144 3326 un-

2246 3266 2510 3322 τέθεικεν.
2556 3268 2827 3340 Ἑϐραίοις
2872 3270 2971 3338 μὲν
2998 3272 3105 3342 γὰρ
3139 3271 3480 3326 ἐπιστέλλων
3512 3267 3613 3325 ὧδὲ
3645 3289 3813 3341 φησιν.

562 3367 816 3430 mobiles,
844 3364 1047 3435 quibus
1078 3363 1416 3433 impossibile
1440 3370 1526 3417 est
1554 3362 1779 3417 mentiri
1808 3364 2002 3429 Deum,
2028 3365 2143 3419 for-

564 3458 838 3514 tissimum
871 3457 1126 3512 solatium
1165 3456 1469 3511 habeamus
1492 3456 1559 3522 ⁶⁷,
1590 3474 1609 3507 ι
1648 3471 1760 3510 non
1794 3456 2144 3512 imbecillita—

564 3559 673 3605 tem
702 3549 848 3602 hanc
870 3545 1391 3616 impossibilitatem,
1416 3543 1513 3599 sed
1542 3559 1812 3598 summam
1841 3545 2147 3613 potentiam

562 3641 926 3695 demonstrat.
963 3638 1115 3691 Adeo
1135 3636 1283 3691 enim
1307 3652 1472 3691 verax
1494 3644 1599 3700 est,
1632 3635 1829 3705 inquit,
1858 3644 1920 3689 ut
1942 3636 2147 3705 impos-

564 3734 724 3789 sibile
750 3732 824 3786 sit
852 3728 1201 3785 mendacium
1239 3728 1295 3781 in
1339 3742 1407 3782 eo
1441 3743 1683 3796 unquam
1719 3742 1861 3782 esse.
1890 3728 2149 3781 Veritatis

567 3827 752 3894 itaque
781 3822 1026 3893 potentia
1065 3821 1228 3891 186
1258 3819 1617 3889 impossibilis
1639 3818 1917 3873 mentione
1945 3818 2152 3889 signiﬁ-

565 3925 742 3972 catur.
776 3914 858 3969 Ad
902 3914 1123 3967 beatum
1170 3927 1304 3965 vero
1347 3910 1700 3964 Timotheum
1749 3910 1999 3964 scribens
2036 3911 2152 3965 hzec

569 4006 767 4077 adjecit
804 4024 817 4059 :
855 4025 872 4056 ι
900 4004 1106 4060 Fidelis
1132 4019 1334 4058 sermo.
1385 4002 1522 4057 Nam
1557 4001 1604 4055 si
1646 4018 1754 4054 una
1796 4002 2002 4056 mortui
2060 4018 2153 4056 su-

569 4113 711 4164 mus,
744 4114 852 4151 una
901 4096 1069 4150 etiam
1133 4094 1503 4148 vivemuszsi
1551 4093 1989 4160 sustinebimus,
2044 4110 2152 4149 una

567 4205 786 4261 quoque
820 4186 1174 4260 regnabimus
1212 4203 1225 4239 :
1262 4186 1306 4239 si
1335 4185 1738 4256 negaverimus,
1779 4194 1836 4242 et
1866 4187 1957 4242 ille
1983 4202 2150 4257 nega-

569 4281 651 4336 bit
677 4296 812 4345 nos;
850 4279 895 4335 si
918 4294 1029 4333 non
1060 4277 1358 4343 credimus,
1386 4278 1478 4332 ille
1505 4278 1682 4333 ﬁdelis
1713 4286 2018 4349 permanet,
2054 4294 2154 4333 ne-

568 4380 734 4446 gare‘
778 4373 1018 4441 seipsum
1066 4386 1177 4424 non
1217 4379 1401 4440 potest
1434 4370 1501 4423 ⁸⁸.
1544 4388 1562 4421 ι
1596 4369 1815 4424 Rursus
1865 4386 1996 4440 ergo
2042 4371 2149 4426 hoc

2253 3378 2272 3411 ι
2313 3359 2431 3411 Ἵνα
2464 3359 2553 3412 διὰ
2586 3358 2679 3412 δύο
2713 3361 3055 3432 πραγμάτων
3097 3361 3481 3432 ἀμεταθέτων,
3516 3365 3575 3417 ὲν
3602 3358 3679 3426 οἷς
3705 3362 3819 3415 ἀδύ-

2245 3466 2404 3505 νατον
2424 3450 2730 3517 ψεύσασθαι
2752 3452 2904 3517 Θεὸν,
2932 3453 3160 3524 ίσχυράν
3185 3455 3545 3525 παράκλησιν
3565 3455 3814 3525 ἔχωμεν»

2246 3546 2346 3599 οὐκ
2369 3545 2594 3608 ἀσθενὲς
2644 3546 2706 3598 τὸ
2746 3546 3005 3599 ἀδύνατον
3029 3585 3042 3606 .
3089 3546 3225 3599 ἀλλά
3275 3546 3421 3612 ἄγαν
3452 3546 3585 3600 αὐτὸ
3628 3545 3818 3605 δεικνὺς

2247 3637 2489 3693 δυνατόν.
2533 3635 2688 3689 Οὕτω
2746 3638 2876 3708 γὰρ,
2922 3638 3107 3707 φησὶν,
3165 3639 3310 3691 ἐστὶν
3345 3639 3552 3709 ἀληθὴς
3581 3637 3718 3709 (19),
3753 3634 3818 3696 ὡς

2248 3729 2510 3782 ἀδύνατον
2548 3725 2689 3781 εἶναι
2730 3729 2930 3798 ψεῦδος.
2969 3732 3027 3782 ὲν
3072 3729 3221 3798 αὐτῷ
3258 3732 3518 3797 γενέσθαι
3563 3729 3706 3782 ποτέ.
3748 3725 3815 3777 Τδ

2248 3820 2472 3873 δυνατὸν
2498 3820 2607 3891 (20)
2638 3817 2731 3874 οὖν
2760 3822 2866 3892 ἄρα
2896 3822 2994 3890 τῆς
3024 3820 3282 3891 ἀληθείας
3323 3822 3415 3875 διὰ
3451 3822 3545 3875 τοῦ
3571 3820 3816 3874 ἀδυνάτου

2253 3912 2596 3981 σημαίνεται.
2623 3913 2711 3982 Τῷ
2737 3913 2792 3966 δέ
2815 3930 2877 3981 γε
2901 3914 3157 3984 μακαρίῳ
3183 3914 3438 3985 Τιμοθέῳ
3460 3914 3701 3985 γράφων,
3733 3907 3816 3961 καὶ

2248 4005 2425 4057 ταῦτα
2453 4005 2836 4076 προστέθεικεν
2857 4024 2869 4035 ·
2908 4024 2927 4057 ‹
2964 4007 3162 4069 Πιστὸς
3194 4008 3222 4058 6
3247 4008 3408 4075 λόγος
3431 4023 3447 4039 ·
3480 4009 3527 4058 εί
3558 4005 3664 4076 γάρ
3702 4017 3816 4053 συν-

2254 4097 2622 4168 απεθάνομεν,
2649 4100 2742 4150 καὶ
2769 4098 3098 4167 συζήσομεν,
3122 4101 3171 4151 εἰ
3191 4100 3560 4169 ὑπομένομεν,
3588 4096 3677 4149 καὶ
3703 4109 3818 4161 συμ-

2254 4189 2672 4258 ϐασιλεύσομεν,
2722 4190 2770 4241 εί
2823 4189 3166 4260 ἀρνούμεθα,
3226 4192 3481 4252 κάκεῖνος
3544 4188 3817 4258 ἀρνήσεται

2222 4302 2233 4311 ·
2256 4283 2424 4354 ἡμᾶς,
2450 4282 2498 4333 εἰ
2529 4281 2889 4350 ἀπιστοῦμεν,
2937 4281 3143 4344 ἐκεῖνος
3170 4282 3361 4343 πιστὸς
3399 4282 3568 4350 μένει,
3599 4276 3817 4348 ἀρνήσαο

2259 4376 2381 4428 σθαι
2409 4374 2516 4444 γὰρ
2543 4372 2731 4426 ἑαυτὸν
2767 4374 2828 4424 οὐ
2856 4373 3097 4426 δύναται.
3142 4393 3157 4423 ι
3195 4373 3366 4425 Πάλιν
3399 4368 3492 4427 οὖν
3524 4371 3582 4424 τὸ
3619 4370 3696 4421 Οὐ
3725 4365 3811 4416 δύ·

569 4464 688 4520 Nou
714 4471 875 4533 potest
905 4460 1426 4531 infiniteepotentia:
1458 4471 1539 4517 est
1577 4470 1985 4533 argumentum.
2030 4462 2147 4517 Etsi

2255 4484 2430 4521 ναται
2466 4465 2567 4535 τῆς
2616 4465 2845 4535 ἀπείρου
2888 4464 3172 4535 δυνάμεως
3226 4467 3465 4538 ὑπάρχει
3517 4456 3812 4532 δηλωτικόν.

570 4555 718 4609 enim
749 4570 940 4609 omnes
986 4554 1240 4610 homines
1272 4553 1451 4623 ipsum
1495 4561 1732 4623 negent,
1782 4554 1982 4621 inquit,
2037 4554 2154 4622 ipse

573 4656 755 4699 tamen
789 4645 934 4699 Deus
954 4654 1058 4709 est,
1090 4653 1147 4698 et
1180 4660 1210 4698 a
1238 4659 1335 4697 sua
1370 4650 1563 4696 natura
1586 4658 1697 4696 non
1728 4643 1956 4697 recedit.
1979 4642 2157 4697 Habet

572 4738 721 4792 enim
748 4737 1127 4791 exsistentiam
1164 4735 1233 4789 ab
1284 4733 1513 4789 interitu
1559 4733 1818 4787 alienam.
1857 4732 1973 4788 lloc
2005 4734 2153 4790 enim

572 4836 657 4884 est
683 4829 829 4897 quod
850 4828 946 4893 ait,
988 4846 1006 4879 ι
1035 4827 1245 4897 Negare
1279 4826 1521 4896 seipsum
1564 4841 1673 4879 non
1700 4834 1898 4895 potest.
1941 4846 1956 4879 ι
2002 4830 2150 4883 Exu-

2258 4559 2369 4613 Καὶ
2389 4559 2496 4629 γὰρ
2520 4561 2585 4612 ἂν
2609 4558 2811 4620 πάντες
2833 4557 3107 4629 ἄνθρωποι
3131 4559 3293 4611 αὐτὸν
3321 4556 3619 4629 ἀρνηθῶσι.
3648 4550 3816 4619 φησὶν,

2258 4648 2421 4712 αὐτὸς
2456 4647 2587 4710 Θεός
2622 4649 2769 4705 ἐστι.
2798 4646 2894 4698 καὶ
2922 4647 3019 4715 τῆς
3056 4648 3261 4710 οἰκείας
3305 4649 3406 4700 οὐκ
3436 4645 3703 4709 ἐξίσταται
3733 4633 3812 4702 φά·

2263 4760 2422 4805 σεως.
2455 4740 2782 4810 Ἀνώλεθρον
2807 4740 2914 4811 γὰρ
2942 4739 3057 4810 ἔχει
3084 4742 3145 4794 τὸ
3176 4735 3335 4797 εἶναι.
3371 4740 3537 4792 Τοῦτο
3562 4735 3667 4804 γὰρ
3684 4728 3814 4797 δηλοῖ

2257 4836 2335 4899 τὸ,
2369 4856 2386 4886 ί
2429 4834 2795 4906 Ἀρνήσασθαι
2825 4834 3020 4886 ἑαυτὸν
3038 4833 3092 4889 οὐ
3113 4832 3350 4886 δύναται.
3388 4853 3405 4883 ι
3440 4828 3645 4885 Οὐκοῦν
3675 4835 3815 4889 περι-

574 4919 860 4974 herantem
892 4920 1060 4990 igitur
1088 4917 1391 4987 potentiam
1410 4917 1770 4982 demonstrat,
1794 4920 1941 4989 quod
1972 4921 2147 4992 ipsum

2254 4927 2441 4979 ουσίαν
2472 4925 2724 4995 ἐμφαίνει
2753 4924 3036 4994 δυνάμεως
3079 4924 3179 4994 τῆς
3208 4924 3303 4977 ἐπὶ
3338 4924 3398 4976 τὸ
3425 4920 3602 4993 χεῖρον
3629 4909 3815 4983 τροπῆὲ

573 5013 628 5066 in
655 5010 904 5067 deterius
939 5010 1140 5066 mutari
1163 5009 1235 5064 sit
1261 5007 1626 5085 impossibile.

647 5104 851 5158 ERAN.
887 5101 1013 5158 Haec
1036 5117 1167 5156 vera
1202 5108 1332 5156 sunt
1375 5099 1688 5170 divinisque
1708 5101 2008 5159 Scrinturis
2030 5119 2161 5160 con-

567 5202 859 5248 sentanea.

642 5285 856 5341 ORTll.
907 5284 963 5340 Si
1008 5300 1141 5357 ergo
1182 5284 1355 5341 multa
1404 5295 1533 5341 sunt
1586 5286 1701 5342 Deo
1751 5288 2109 5358 impossibilia
2139 5330 2155 5358 ,

645 5468 691 5501 οτ
724 5466 892 5523 Ilehr.
930 5483 1003 5533 Vl,
1041 5467 1126 5522 is.
1202 5467 1248 5497 οε
1284 5466 1329 5521 11
1362 5467 1504 5522 Tim.
1534 5480 1592 5532 η,
1624 5467 1803 5523 ιι-ιδ.
1850 5438 1857 5443 ’

652 5629 765 5699 (l9)
787 5627 954 5699 ἀληθ.
984 5624 1130 5682 Edit.
1170 5625 1320 5699 prior
1360 5626 1599 5681 habebat
1637 5626 1857 5699 ἀληθές.
1892 5626 1978 5699 iga
2021 5643 2158 5697 quo-

492 5758 507 5769 ,
583 5695 693 5768 que
735 5695 1075 5769 ed‘itallom.
1107 5695 1355 5769 etLips,
1381 5713 1502 5767 quze
1536 5697 1809 5769 posterior
1840 5696 1987 5750 addit
2022 5695 2162 5766 pun—

585 5766 758 5825 ctum.
788 5766 893 5823 Sed
925 5767 1141 5823 videtur
1167 5766 1457 5840 legendum
1503 5783 1623 5822 esse
1659 5766 1875 5837 ἀληθές.

2254 5019 2317 5071 τὸ
2351 5017 2631 5071 ἀδύνατον.

2326 5109 2528 5162 EPAN.
2571 5107 2771 5178 Ἀληθῆ
2808 5105 3004 5171 ταῦτα,
3038 5107 3131 5159 καλ⁸
3156 5109 3268 5171 τοῖς
3300 5107 3465 5167 θείοις
3495 5101 3665 5168 λόγοις
3698 5106 3811 5155 συμο

2256 5198 2349 5252 6αί
2358 5217 2441 5251 νον
2453 5212 2538 5253 τα.

2330 5293 2483 5347 ΟΡΘ.
2525 5294 2588 5347 Εἰ
2633 5293 2812 5348 τοίνυν
2854 5292 3027 5347 πολλά
3062 5292 3142 5364 τῷ
3172 5290 3293 5364 Θεῷ
3316 5289 3570 5349 ἀδύνατα,
3599 5279 3688 5333 καὶ
3710 5281 3810 5325 τοσ-

2281 5628 2445 5752 .δ(9·θ)
2480 5629 2593 5683 δυνο
2655 5628 2779 5685 Edit
2838 5630 2987 5702 prior
3030 5632 3266 5689 habebat
3314 5631 3503 5688 falsam
3554 5619 3813 5680 lectionum

2281 5715 2296 5749 λ
2338 5715 2549 5752 υνλτον.

2268 5715 2549 5754 οοννλτον.
