  <div class='ocr_page' id='page_1' title='image "/cluster/home/n/w/nwhite01/storage/ocr_20150623/83:no.4/coo.31924054869841/124.png"; bbox 0 0 4090 6416; ppageno 0'>
   <div class='ocr_carea' id='block_1_1' title="bbox 337 333 3654 415">
    <p class='ocr_par' dir='ltr' id='par_1_1' title="bbox 337 333 3654 415">
     <span class='ocr_line' id='line_1_1' title="bbox 337 333 3654 415; baseline 0.005 -18"><span class='ocrx_word' id='word_1_1' title='bbox 337 333 452 400; x_wconf 75' lang='grc'><strong>233</strong></span> <span class='ocrx_word' id='word_1_2' title='bbox 1428 344 1810 406; x_wconf 77' lang='lat' dir='ltr'><strong>DIALOGUS</strong></span> <span class='ocrx_word' id='word_1_3' title='bbox 1844 347 1958 408; x_wconf 90' lang='lat' dir='ltr'><strong>III.</strong></span> <span class='ocrx_word' id='word_1_4' title='bbox 2001 375 2068 382; x_wconf 87' lang='lat'><strong>—</strong></span> <span class='ocrx_word' id='word_1_5' title='bbox 2111 351 2600 412; x_wconf 83' lang='lat' dir='ltr'><strong>IMPATIBILIS.</strong></span> <span class='ocrx_word' id='word_1_6' title='bbox 3545 347 3654 415; x_wconf 62' lang='lat'><strong>234</strong></span> 
     </span>
    </p>
   </div>
   <div class='ocr_carea' id='block_1_2' title="bbox 343 445 1947 534">
    <p class='ocr_par' dir='ltr' id='par_1_2' title="bbox 343 445 1947 528">
     <span class='ocr_line' id='line_1_2' title="bbox 343 445 1947 528; baseline 0.006 -27"><span class='ocrx_word' id='word_1_7' title='bbox 343 445 488 501; x_wconf 74' lang='grc' dir='ltr'>αῦτα</span> <span class='ocrx_word' id='word_1_8' title='bbox 516 447 696 500; x_wconf 76' lang='grc' dir='ltr'>όπόσα</span> <span class='ocrx_word' id='word_1_9' title='bbox 720 447 820 518; x_wconf 78' lang='grc' dir='ltr'>τῆς</span> <span class='ocrx_word' id='word_1_10' title='bbox 853 448 1074 517; x_wconf 81' lang='grc' dir='ltr'>φύσεως</span> <span class='ocrx_word' id='word_1_11' title='bbox 1103 449 1322 504; x_wconf 80' lang='grc' dir='ltr'><strong>ἐναντία</strong></span> <span class='ocrx_word' id='word_1_12' title='bbox 1346 452 1446 524; x_wconf 76' lang='grc' dir='ltr'>τῆς</span> <span class='ocrx_word' id='word_1_13' title='bbox 1479 453 1653 520; x_wconf 85' lang='grc' dir='ltr'>θείας,</span> <span class='ocrx_word' id='word_1_14' title='bbox 1680 457 1734 509; x_wconf 84' lang='grc' dir='ltr'><strong>τί</strong></span> <span class='ocrx_word' id='word_1_15' title='bbox 1759 457 1947 528; x_wconf 84' lang='grc' dir='ltr'>δήποτε</span> 
     </span>
    </p>
   </div>
   <div class='ocr_carea' id='block_1_3' title="bbox 2056 445 3652 534">
    <p class='ocr_par' dir='ltr' id='par_1_3' title="bbox 2058 461 3652 534">
     <span class='ocr_line' id='line_1_3' title="bbox 2058 461 3652 534; baseline 0.004 -20"><span class='ocrx_word' id='word_1_16' title='bbox 2058 472 2334 533; x_wconf 87' lang='lat' dir='ltr'><strong>quotquot</strong></span> <span class='ocrx_word' id='word_1_17' title='bbox 2360 463 2616 517; x_wconf 83' lang='lat' dir='ltr'><strong>videlicet</strong></span> <span class='ocrx_word' id='word_1_18' title='bbox 2668 461 2842 532; x_wconf 86' lang='lat' dir='ltr'><strong>ipsius</strong></span> <span class='ocrx_word' id='word_1_19' title='bbox 2887 467 3101 519; x_wconf 66' lang='lat' dir='ltr'><strong>natura:</strong></span> <span class='ocrx_word' id='word_1_20' title='bbox 3147 469 3492 534; x_wconf 73' lang='lat' dir='ltr'><strong>repugnant,</strong></span> <span class='ocrx_word' id='word_1_21' title='bbox 3519 465 3652 534; x_wconf 79' lang='lat' dir='ltr'><strong>quid</strong></span> 
     </span>
    </p>
   </div>
   <div class='ocr_carea' id='block_1_4' title="bbox 340 537 1947 625">
    <p class='ocr_par' dir='ltr' id='par_1_4' title="bbox 340 537 1947 615">
     <span class='ocr_line' id='line_1_4' title="bbox 340 537 1947 615; baseline 0.007 -24"><span class='ocrx_word' id='word_1_22' title='bbox 340 539 412 591; x_wconf 70' lang='grc' dir='ltr'><strong>τὰ</strong></span> <span class='ocrx_word' id='word_1_23' title='bbox 466 537 608 592; x_wconf 75' lang='grc' dir='ltr'>ἄλλα</span> <span class='ocrx_word' id='word_1_24' title='bbox 642 537 824 592; x_wconf 77' lang='grc' dir='ltr'>πάντα</span> <span class='ocrx_word' id='word_1_25' title='bbox 862 539 1007 593; x_wconf 72' lang='grc' dir='ltr'>κατὰ</span> <span class='ocrx_word' id='word_1_26' title='bbox 1047 540 1212 610; x_wconf 79' lang='grc' dir='ltr'>φύσιν</span> <span class='ocrx_word' id='word_1_27' title='bbox 1247 542 1464 610; x_wconf 79' lang='grc' dir='ltr'><strong>ἐῶντες,</strong></span> <span class='ocrx_word' id='word_1_28' title='bbox 1513 544 1574 598; x_wconf 72' lang='grc' dir='ltr'><strong>τὸ</strong></span> <span class='ocrx_word' id='word_1_29' title='bbox 1620 547 1845 615; x_wconf 81' lang='grc' dir='ltr'>ἀγαθὸν,</span> <span class='ocrx_word' id='word_1_30' title='bbox 1898 550 1947 602; x_wconf 70' lang='grc' dir='ltr'><strong>τί</strong></span> 
     </span>
    </p>
   </div>
   <div class='ocr_carea' id='block_1_5' title="bbox 2056 537 3653 625">
    <p class='ocr_par' dir='ltr' id='par_1_5' title="bbox 2067 555 3653 625">
     <span class='ocr_line' id='line_1_5' title="bbox 2067 555 3653 625; baseline -0.001 -14"><span class='ocrx_word' id='word_1_31' title='bbox 2067 573 2247 611; x_wconf 75' lang='lat' dir='ltr'><strong>causa:</strong></span> <span class='ocrx_word' id='word_1_32' title='bbox 2275 565 2380 619; x_wconf 88' lang='lat' dir='ltr'><strong>est,</strong></span> <span class='ocrx_word' id='word_1_33' title='bbox 2412 571 2512 609; x_wconf 91' lang='lat' dir='ltr'><strong>cur</strong></span> <span class='ocrx_word' id='word_1_34' title='bbox 2533 555 2638 609; x_wconf 86' lang='lat' dir='ltr'><strong>alia</strong></span> <span class='ocrx_word' id='word_1_35' title='bbox 2665 556 2852 609; x_wconf 84' lang='lat' dir='ltr'><strong>omnia</strong></span> <span class='ocrx_word' id='word_1_36' title='bbox 2905 569 3027 625; x_wconf 75' lang='lat' dir='ltr'><strong>quae</strong></span> <span class='ocrx_word' id='word_1_37' title='bbox 3073 562 3285 608; x_wconf 83' lang='lat' dir='ltr'><strong>naturae</strong></span> <span class='ocrx_word' id='word_1_38' title='bbox 3327 561 3457 608; x_wconf 89' lang='lat' dir='ltr'><strong>sunt</strong></span> <span class='ocrx_word' id='word_1_39' title='bbox 3488 556 3653 611; x_wconf 88' lang='lat' dir='ltr'><strong>omit-</strong></span> 
     </span>
    </p>
   </div>
   <div class='ocr_carea' id='block_1_6' title="bbox 339 630 1947 718">
    <p class='ocr_par' dir='ltr' id='par_1_6' title="bbox 339 630 1947 708">
     <span class='ocr_line' id='line_1_6' title="bbox 339 630 1947 708; baseline 0.006 -24"><span class='ocrx_word' id='word_1_40' title='bbox 339 631 581 696; x_wconf 81' lang='grc' dir='ltr'>δίκαιον,</span> <span class='ocrx_word' id='word_1_41' title='bbox 615 630 680 684; x_wconf 84' lang='grc' dir='ltr'><strong>τὸ</strong></span> <span class='ocrx_word' id='word_1_42' title='bbox 728 630 973 702; x_wconf 83' lang='grc' dir='ltr'>ἀληθὲς,</span> <span class='ocrx_word' id='word_1_43' title='bbox 1016 634 1078 686; x_wconf 87' lang='grc' dir='ltr'><strong>τὸ</strong></span> <span class='ocrx_word' id='word_1_44' title='bbox 1127 634 1386 705; x_wconf 76' lang='grc' dir='ltr'>ἀόρατον,</span> <span class='ocrx_word' id='word_1_45' title='bbox 1437 636 1499 690; x_wconf 81' lang='grc' dir='ltr'><strong>τὸ</strong></span> <span class='ocrx_word' id='word_1_46' title='bbox 1535 639 1848 708; x_wconf 76' lang='grc' dir='ltr'><strong>ἀνέφικτον,</strong></span> <span class='ocrx_word' id='word_1_47' title='bbox 1896 643 1947 694; x_wconf 72' lang='grc' dir='ltr'>τὲ</span> 
     </span>
    </p>
   </div>
   <div class='ocr_carea' id='block_1_7' title="bbox 2056 630 3650 718">
    <p class='ocr_par' dir='ltr' id='par_1_7' title="bbox 2067 645 3650 718">
     <span class='ocr_line' id='line_1_7' title="bbox 2067 645 3650 718; baseline 0 -18"><span class='ocrx_word' id='word_1_48' title='bbox 2067 655 2270 712; x_wconf 90' lang='lat' dir='ltr'><strong>tentes,</strong></span> <span class='ocrx_word' id='word_1_49' title='bbox 2302 654 2365 700; x_wconf 92' lang='lat' dir='ltr'><strong>ut</strong></span> <span class='ocrx_word' id='word_1_50' title='bbox 2394 647 2600 701; x_wconf 89' lang='lat' dir='ltr'><strong>bonum</strong></span> <span class='ocrx_word' id='word_1_51' title='bbox 2633 661 2776 712; x_wconf 89' lang='lat' dir='ltr'><strong>esse,</strong></span> <span class='ocrx_word' id='word_1_52' title='bbox 2788 648 3020 718; x_wconf 85' lang='lat' dir='ltr'><strong>justum,</strong></span> <span class='ocrx_word' id='word_1_53' title='bbox 3050 661 3263 711; x_wconf 76' lang='lat' dir='ltr'><strong>verum,</strong></span> <span class='ocrx_word' id='word_1_54' title='bbox 3293 645 3650 711; x_wconf 81' lang='lat' dir='ltr'><strong>invisibilem,</strong></span> 
     </span>
    </p>
   </div>
   <div class='ocr_carea' id='block_1_8' title="bbox 338 722 1947 810">
    <p class='ocr_par' dir='ltr' id='par_1_8' title="bbox 338 722 1947 804">
     <span class='ocr_line' id='line_1_8' title="bbox 338 722 1947 804; baseline 0.005 -28"><span class='ocrx_word' id='word_1_55' title='bbox 338 722 762 794; x_wconf 74' lang='grc' dir='ltr'>ἀπερίγραφον,</span> <span class='ocrx_word' id='word_1_56' title='bbox 810 724 876 777; x_wconf 84' lang='grc' dir='ltr'><strong>τὸ</strong></span> <span class='ocrx_word' id='word_1_57' title='bbox 918 725 1113 790; x_wconf 73' lang='grc' dir='ltr'>ἀΐδιον,</span> <span class='ocrx_word' id='word_1_58' title='bbox 1151 727 1340 782; x_wconf 75' lang='grc' dir='ltr'>καὶτὰ</span> <span class='ocrx_word' id='word_1_59' title='bbox 1389 727 1526 782; x_wconf 86' lang='grc' dir='ltr'>ἄλλα</span> <span class='ocrx_word' id='word_1_60' title='bbox 1569 732 1670 784; x_wconf 80' lang='grc' dir='ltr'><strong>ὅσα</strong></span> <span class='ocrx_word' id='word_1_61' title='bbox 1716 731 1791 802; x_wconf 83' lang='grc' dir='ltr'><strong>τῷ</strong></span> <span class='ocrx_word' id='word_1_62' title='bbox 1836 733 1947 804; x_wconf 71' lang='grc' dir='ltr'><strong>Θεῷ</strong></span> 
     </span>
    </p>
   </div>
   <div class='ocr_carea' id='block_1_9' title="bbox 2056 722 3650 810">
    <p class='ocr_par' dir='ltr' id='par_1_9' title="bbox 2064 739 3650 810">
     <span class='ocr_line' id='line_1_9' title="bbox 2064 739 3650 810; baseline 0.001 -18"><span class='ocrx_word' id='word_1_63' title='bbox 2064 739 2706 809; x_wconf 85' lang='lat' dir='ltr'><strong>incomprehensibilcm,</strong></span> <span class='ocrx_word' id='word_1_64' title='bbox 2757 739 3321 810; x_wconf 86' lang='lat' dir='ltr'><strong>incircumscriptum,</strong></span> <span class='ocrx_word' id='word_1_65' title='bbox 3361 749 3650 806; x_wconf 67' lang='lat' dir='ltr'><strong>aeternum,</strong></span> 
     </span>
    </p>
   </div>
   <div class='ocr_carea' id='block_1_10' title="bbox 341 815 1947 898">
    <p class='ocr_par' dir='ltr' id='par_1_10' title="bbox 341 815 1947 895">
     <span class='ocr_line' id='line_1_10' title="bbox 341 815 1947 895; baseline 0.009 -30"><span class='ocrx_word' id='word_1_66' title='bbox 341 815 635 885; x_wconf 77' lang='grc' dir='ltr'>προσεῖναί</span> <span class='ocrx_word' id='word_1_67' title='bbox 660 831 869 885; x_wconf 76' lang='grc' dir='ltr'>φαμεν,</span> <span class='ocrx_word' id='word_1_68' title='bbox 903 816 1075 886; x_wconf 83' lang='grc' dir='ltr'>μόνας</span> <span class='ocrx_word' id='word_1_69' title='bbox 1105 817 1202 889; x_wconf 82' lang='grc' dir='ltr'>τὴν</span> <span class='ocrx_word' id='word_1_70' title='bbox 1227 819 1530 877; x_wconf 73' lang='grc' dir='ltr'>ἀθανασίαν</span> <span class='ocrx_word' id='word_1_71' title='bbox 1558 825 1653 877; x_wconf 77' lang='grc' dir='ltr'>καὶ</span> <span class='ocrx_word' id='word_1_72' title='bbox 1677 825 1774 895; x_wconf 84' lang='grc' dir='ltr'><strong>τὴν</strong></span> <span class='ocrx_word' id='word_1_73' title='bbox 1809 827 1947 880; x_wconf 74' lang='grc' dir='ltr'><strong>ἀπα-</strong></span> 
     </span>
    </p>
   </div>
   <div class='ocr_carea' id='block_1_11' title="bbox 2056 815 3650 898">
    <p class='ocr_par' dir='ltr' id='par_1_11' title="bbox 2062 830 3650 898">
     <span class='ocr_line' id='line_1_11' title="bbox 2062 830 3650 898; baseline 0.004 -15"><span class='ocrx_word' id='word_1_74' title='bbox 2062 836 2118 883; x_wconf 93' lang='lat' dir='ltr'><strong>et</strong></span> <span class='ocrx_word' id='word_1_75' title='bbox 2144 839 2343 884; x_wconf 81' lang='lat' dir='ltr'><strong>caetera</strong></span> <span class='ocrx_word' id='word_1_76' title='bbox 2359 844 2480 898; x_wconf 71' lang='lat' dir='ltr'><strong>quae</strong></span> <span class='ocrx_word' id='word_1_77' title='bbox 2503 830 2614 883; x_wconf 88' lang='lat' dir='ltr'><strong>Deo</strong></span> <span class='ocrx_word' id='word_1_78' title='bbox 2639 831 2819 886; x_wconf 90' lang='lat' dir='ltr'><strong>inesse</strong></span> <span class='ocrx_word' id='word_1_79' title='bbox 2853 831 3111 897; x_wconf 86' lang='lat' dir='ltr'><strong>dicimus,</strong></span> <span class='ocrx_word' id='word_1_80' title='bbox 3151 831 3296 886; x_wconf 90' lang='lat' dir='ltr'><strong>solas</strong></span> <span class='ocrx_word' id='word_1_81' title='bbox 3322 831 3650 889; x_wconf 83' lang='lat' dir='ltr'><strong>immortali-</strong></span> 
     </span>
    </p>
   </div>
   <div class='ocr_carea' id='block_1_12' title="bbox 341 904 1947 992">
    <p class='ocr_par' dir='ltr' id='par_1_12' title="bbox 341 904 1947 987">
     <span class='ocr_line' id='line_1_12' title="bbox 341 904 1947 987; baseline 0.007 -29"><span class='ocrx_word' id='word_1_82' title='bbox 341 907 497 959; x_wconf 75' lang='grc' dir='ltr'>θειαν</span> <span class='ocrx_word' id='word_1_83' title='bbox 522 909 775 978; x_wconf 68' lang='grc' dir='ltr'>τρεπτᾶς</span> <span class='ocrx_word' id='word_1_84' title='bbox 801 904 945 962; x_wconf 82' lang='grc' dir='ltr'>εἶναί</span> <span class='ocrx_word' id='word_1_85' title='bbox 973 927 1133 979; x_wconf 65' lang='grc' dir='ltr'>φατε,</span> <span class='ocrx_word' id='word_1_86' title='bbox 1164 913 1340 966; x_wconf 78' lang='grc' dir='ltr'>καὶτὸ</span> <span class='ocrx_word' id='word_1_87' title='bbox 1365 914 1590 969; x_wconf 74' lang='grc' dir='ltr'>δυνατὸν</span> <span class='ocrx_word' id='word_1_88' title='bbox 1613 918 1709 987; x_wconf 77' lang='grc' dir='ltr'>τῆς</span> <span class='ocrx_word' id='word_1_89' title='bbox 1732 917 1947 970; x_wconf 79' lang='grc' dir='ltr'>ἁλλοιώ-</span> 
     </span>
    </p>
   </div>
   <div class='ocr_carea' id='block_1_13' title="bbox 2056 904 3653 992">
    <p class='ocr_par' dir='ltr' id='par_1_13' title="bbox 2064 921 3653 992">
     <span class='ocr_line' id='line_1_13' title="bbox 2064 921 3653 992; baseline 0.005 -18"><span class='ocrx_word' id='word_1_90' title='bbox 2064 929 2231 975; x_wconf 91' lang='lat' dir='ltr'><strong>tatem</strong></span> <span class='ocrx_word' id='word_1_91' title='bbox 2253 929 2310 975; x_wconf 91' lang='lat' dir='ltr'><strong>et</strong></span> <span class='ocrx_word' id='word_1_92' title='bbox 2337 921 2802 992; x_wconf 87' lang='lat' dir='ltr'><strong>impatibilitatem</strong></span> <span class='ocrx_word' id='word_1_93' title='bbox 2837 925 3130 980; x_wconf 89' lang='lat' dir='ltr'><strong>mutabiles</strong></span> <span class='ocrx_word' id='word_1_94' title='bbox 3163 940 3284 980; x_wconf 89' lang='lat' dir='ltr'><strong>esse</strong></span> <span class='ocrx_word' id='word_1_95' title='bbox 3328 925 3545 991; x_wconf 79' lang='lat' dir='ltr'><strong>dicitis,</strong></span> <span class='ocrx_word' id='word_1_96' title='bbox 3595 935 3653 982; x_wconf 85' lang='lat' dir='ltr'><strong>et</strong></span> 
     </span>
    </p>
   </div>
   <div class='ocr_carea' id='block_1_14' title="bbox 342 999 1949 1081">
    <p class='ocr_par' dir='ltr' id='par_1_14' title="bbox 342 999 1949 1081">
     <span class='ocr_line' id='line_1_14' title="bbox 342 999 1949 1081; baseline 0.009 -31"><span class='ocrx_word' id='word_1_97' title='bbox 342 1015 484 1061; x_wconf 88' lang='grc' dir='ltr'>σεως</span> <span class='ocrx_word' id='word_1_98' title='bbox 519 999 611 1052; x_wconf 79' lang='grc' dir='ltr'><strong>ἐπ’</strong></span> <span class='ocrx_word' id='word_1_99' title='bbox 648 1001 833 1052; x_wconf 75' lang='grc' dir='ltr'>αὐτῶν</span> <span class='ocrx_word' id='word_1_100' title='bbox 872 1005 1211 1073; x_wconf 81' lang='grc' dir='ltr'>συγχωρεῖτε</span> <span class='ocrx_word' id='word_1_101' title='bbox 1235 1046 1248 1069; x_wconf 88' lang='grc'><strong>,</strong></span> <span class='ocrx_word' id='word_1_102' title='bbox 1285 1012 1380 1058; x_wconf 79' lang='grc' dir='ltr'>καὶ</span> <span class='ocrx_word' id='word_1_103' title='bbox 1405 1007 1578 1061; x_wconf 79' lang='grc' dir='ltr'><strong>δίδοτε</strong></span> <span class='ocrx_word' id='word_1_104' title='bbox 1605 1008 1683 1080; x_wconf 78' lang='grc' dir='ltr'>τῷ</span> <span class='ocrx_word' id='word_1_105' title='bbox 1715 1009 1833 1081; x_wconf 86' lang='grc' dir='ltr'><strong>Θεῷ</strong></span> <span class='ocrx_word' id='word_1_106' title='bbox 1857 1011 1949 1064; x_wconf 76' lang='grc' dir='ltr'><strong>δύο</strong></span> 
     </span>
    </p>
   </div>
   <div class='ocr_carea' id='block_1_15' title="bbox 338 1092 1207 1167">
    <p class='ocr_par' dir='ltr' id='par_1_15' title="bbox 338 1092 1207 1167">
     <span class='ocr_line' id='line_1_15' title="bbox 338 1092 1207 1167; baseline 0.005 -23"><span class='ocrx_word' id='word_1_107' title='bbox 338 1108 508 1162; x_wconf 78' lang='grc' dir='ltr'>ναμιν</span> <span class='ocrx_word' id='word_1_108' title='bbox 535 1092 831 1157; x_wconf 75' lang='grc' dir='ltr'>ἀσθενείας</span> <span class='ocrx_word' id='word_1_109' title='bbox 862 1094 1207 1167; x_wconf 70' lang='grc' dir='ltr'>δηλωτικήν;</span> 
     </span>
    </p>
   </div>
   <div class='ocr_carea' id='block_1_16' title="bbox 412 1266 1946 1350">
    <p class='ocr_par' dir='ltr' id='par_1_16' title="bbox 412 1266 1946 1350">
     <span class='ocr_line' id='line_1_16' title="bbox 412 1266 1946 1350; baseline 0.01 -31"><span class='ocrx_word' id='word_1_110' title='bbox 412 1266 624 1319; x_wconf 79' lang='lat' dir='ltr'><strong>EPAN.</strong></span> <span class='ocrx_word' id='word_1_111' title='bbox 659 1268 833 1324; x_wconf 78' lang='grc' dir='ltr'>Τοῦτο</span> <span class='ocrx_word' id='word_1_112' title='bbox 855 1270 1006 1339; x_wconf 66' lang='grc' dir='ltr'>παρὰ</span> <span class='ocrx_word' id='word_1_113' title='bbox 1026 1271 1128 1342; x_wconf 79' lang='grc' dir='ltr'>τῆς</span> <span class='ocrx_word' id='word_1_114' title='bbox 1148 1271 1297 1336; x_wconf 82' lang='grc' dir='ltr'>θείας</span> <span class='ocrx_word' id='word_1_115' title='bbox 1321 1270 1544 1348; x_wconf 79' lang='grc' dir='ltr'>Γραφῆς</span> <span class='ocrx_word' id='word_1_116' title='bbox 1569 1275 1946 1350; x_wconf 78' lang='grc' dir='ltr'>ἐδιδάχθημεν.</span> 
     </span>
    </p>
   </div>
   <div class='ocr_carea' id='block_1_17' title="bbox 343 1359 1951 1442">
    <p class='ocr_par' dir='ltr' id='par_1_17' title="bbox 343 1359 1951 1442">
     <span class='ocr_line' id='line_1_17' title="bbox 343 1359 1951 1442; baseline 0.01 -33"><span class='ocrx_word' id='word_1_117' title='bbox 343 1359 454 1409; x_wconf 75' lang='grc' dir='ltr'>Καὶ</span> <span class='ocrx_word' id='word_1_118' title='bbox 500 1359 618 1428; x_wconf 74' lang='grc' dir='ltr'>γὰρ</span> <span class='ocrx_word' id='word_1_119' title='bbox 651 1362 681 1412; x_wconf 85' lang='grc' dir='ltr'><strong>ό</strong></span> <span class='ocrx_word' id='word_1_120' title='bbox 716 1359 864 1424; x_wconf 75' lang='grc' dir='ltr'>θεῖος</span> <span class='ocrx_word' id='word_1_121' title='bbox 911 1363 1324 1437; x_wconf 73' lang='grc' dir='ltr'>Ἰωάννηςβοᾷο</span> <span class='ocrx_word' id='word_1_122' title='bbox 1364 1386 1382 1420; x_wconf 80' lang='lat' dir='ltr'><strong>t</strong></span> <span class='ocrx_word' id='word_1_123' title='bbox 1433 1369 1621 1442; x_wconf 67' lang='grc' dir='ltr'>Οῦτως</span> <span class='ocrx_word' id='word_1_124' title='bbox 1661 1371 1951 1442; x_wconf 77' lang='grc' dir='ltr'>ἠγάπησεν</span> 
     </span>
    </p>
   </div>
   <div class='ocr_carea' id='block_1_18' title="bbox 343 1440 1948 1535">
    <p class='ocr_par' dir='ltr' id='par_1_18' title="bbox 343 1440 1948 1535">
     <span class='ocr_line' id='line_1_18' title="bbox 343 1440 1948 1535; baseline 0.01 -35"><span class='ocrx_word' id='word_1_125' title='bbox 343 1451 370 1501; x_wconf 79' lang='grc' dir='ltr'>ὁ</span> <span class='ocrx_word' id='word_1_126' title='bbox 392 1449 526 1512; x_wconf 76' lang='grc' dir='ltr'>θεὸς</span> <span class='ocrx_word' id='word_1_127' title='bbox 555 1452 653 1504; x_wconf 81' lang='grc' dir='ltr'><strong>τὸν</strong></span> <span class='ocrx_word' id='word_1_128' title='bbox 681 1451 912 1522; x_wconf 78' lang='grc' dir='ltr'>κόσμον,</span> <span class='ocrx_word' id='word_1_129' title='bbox 952 1455 1034 1506; x_wconf 82' lang='grc' dir='ltr'>ὅτι</span> <span class='ocrx_word' id='word_1_130' title='bbox 1074 1457 1167 1510; x_wconf 85' lang='grc' dir='ltr'><strong>τὸν</strong></span> <span class='ocrx_word' id='word_1_131' title='bbox 1199 1458 1328 1512; x_wconf 84' lang='grc' dir='ltr'>Υἰδν</span> <span class='ocrx_word' id='word_1_132' title='bbox 1363 1440 1532 1513; x_wconf 66' lang='grc' dir='ltr'>αὑτοῦ</span> <span class='ocrx_word' id='word_1_133' title='bbox 1564 1462 1654 1515; x_wconf 83' lang='grc' dir='ltr'><strong>τὸν</strong></span> <span class='ocrx_word' id='word_1_134' title='bbox 1684 1440 1948 1535; x_wconf 77' lang='grc' dir='ltr'>μονογενῆ</span> 
     </span>
    </p>
   </div>
   <div class='ocr_carea' id='block_1_19' title="bbox 340 1541 1950 1627">
    <p class='ocr_par' dir='ltr' id='par_1_19' title="bbox 340 1541 1950 1627">
     <span class='ocr_line' id='line_1_19' title="bbox 340 1541 1950 1627; baseline 0.01 -34"><span class='ocrx_word' id='word_1_135' title='bbox 340 1541 567 1595; x_wconf 77' lang='grc' dir='ltr'>δέδωκε.</span> <span class='ocrx_word' id='word_1_136' title='bbox 598 1562 618 1595; x_wconf 79' lang='grc' dir='ltr'><strong>ι</strong></span> <span class='ocrx_word' id='word_1_137' title='bbox 653 1545 769 1598; x_wconf 76' lang='grc' dir='ltr'><strong>Καὶ</strong></span> <span class='ocrx_word' id='word_1_138' title='bbox 801 1546 830 1596; x_wconf 83' lang='grc' dir='ltr'><em>ὁ</em></span> <span class='ocrx_word' id='word_1_139' title='bbox 861 1544 1150 1612; x_wconf 82' lang='grc' dir='ltr'>θεσπέσιος</span> <span class='ocrx_word' id='word_1_140' title='bbox 1190 1550 1423 1616; x_wconf 86' lang='grc' dir='ltr'>Παῦλος·</span> <span class='ocrx_word' id='word_1_141' title='bbox 1462 1570 1482 1604; x_wconf 78' lang='lat' dir='ltr'><strong>t</strong></span> <span class='ocrx_word' id='word_1_142' title='bbox 1522 1553 1585 1605; x_wconf 87' lang='grc' dir='ltr'><strong>Εί</strong></span> <span class='ocrx_word' id='word_1_143' title='bbox 1616 1554 1725 1626; x_wconf 77' lang='grc' dir='ltr'>γὰρ</span> <span class='ocrx_word' id='word_1_144' title='bbox 1763 1556 1950 1627; x_wconf 78' lang='grc' dir='ltr'>ἐχθροὶ</span> 
     </span>
    </p>
   </div>
   <div class='ocr_carea' id='block_1_20' title="bbox 341 1633 1945 1712">
    <p class='ocr_par' dir='ltr' id='par_1_20' title="bbox 341 1633 1945 1712">
     <span class='ocr_line' id='line_1_20' title="bbox 341 1633 1945 1712; baseline 0.009 -27"><span class='ocrx_word' id='word_1_145' title='bbox 341 1633 500 1696; x_wconf 69' lang='lat' dir='ltr'><strong>Eme;</strong></span> <span class='ocrx_word' id='word_1_146' title='bbox 548 1635 990 1709; x_wconf 65' lang='grc' dir='ltr'><strong>κατηλλάγημεν</strong></span> <span class='ocrx_word' id='word_1_147' title='bbox 1036 1640 1116 1710; x_wconf 84' lang='grc' dir='ltr'>τῷ</span> <span class='ocrx_word' id='word_1_148' title='bbox 1158 1641 1276 1712; x_wconf 75' lang='grc' dir='ltr'>Θεῷ</span> <span class='ocrx_word' id='word_1_149' title='bbox 1309 1642 1399 1696; x_wconf 71' lang='grc' dir='ltr'><strong>διὰ</strong></span> <span class='ocrx_word' id='word_1_150' title='bbox 1448 1643 1542 1697; x_wconf 90' lang='grc' dir='ltr'><strong>τοῦ</strong></span> <span class='ocrx_word' id='word_1_151' title='bbox 1587 1644 1822 1699; x_wconf 86' lang='grc' dir='ltr'>θανάτου</span> <span class='ocrx_word' id='word_1_152' title='bbox 1854 1647 1945 1699; x_wconf 83' lang='grc' dir='ltr'><strong>τοῦ</strong></span> 
     </span>
    </p>
   </div>
   <div class='ocr_carea' id='block_1_21' title="bbox 350 1725 1948 1809">
    <p class='ocr_par' dir='ltr' id='par_1_21' title="bbox 350 1725 1948 1809">
     <span class='ocr_line' id='line_1_21' title="bbox 350 1725 1948 1809; baseline 0.008 -31"><span class='ocrx_word' id='word_1_153' title='bbox 350 1725 488 1778; x_wconf 76' lang='grc' dir='ltr'>Υὶοῦ</span> <span class='ocrx_word' id='word_1_154' title='bbox 516 1727 679 1780; x_wconf 72' lang='grc' dir='ltr'>αὑτοῦ</span> <span class='ocrx_word' id='word_1_155' title='bbox 707 1767 723 1790; x_wconf 89' lang='grc'><strong>,</strong></span> <span class='ocrx_word' id='word_1_156' title='bbox 760 1729 947 1800; x_wconf 81' lang='grc' dir='ltr'>πολλῷ</span> <span class='ocrx_word' id='word_1_157' title='bbox 991 1733 1195 1801; x_wconf 71' lang='grc' dir='ltr'>μᾶλλον</span> <span class='ocrx_word' id='word_1_158' title='bbox 1237 1733 1672 1804; x_wconf 76' lang='grc' dir='ltr'>καταλλαγέντες</span> <span class='ocrx_word' id='word_1_159' title='bbox 1706 1737 1948 1809; x_wconf 86' lang='grc' dir='ltr'>σωθησό-</span> 
     </span>
    </p>
   </div>
   <div class='ocr_carea' id='block_1_22' title="bbox 363 1818 1114 1893">
    <p class='ocr_par' dir='ltr' id='par_1_22' title="bbox 363 1818 1114 1893">
     <span class='ocr_line' id='line_1_22' title="bbox 363 1818 1114 1893; baseline 0.009 -24"><span class='ocrx_word' id='word_1_160' title='bbox 363 1818 511 1887; x_wconf 79' lang='grc' dir='ltr'>μεθα</span> <span class='ocrx_word' id='word_1_161' title='bbox 545 1820 602 1870; x_wconf 81' lang='grc' dir='ltr'>ὲν</span> <span class='ocrx_word' id='word_1_162' title='bbox 630 1823 689 1891; x_wconf 75' lang='grc' dir='ltr'>τῇ</span> <span class='ocrx_word' id='word_1_163' title='bbox 718 1819 833 1893; x_wconf 74' lang='grc' dir='ltr'><strong>ζωῇ</strong></span> <span class='ocrx_word' id='word_1_164' title='bbox 868 1823 1058 1876; x_wconf 77' lang='grc' dir='ltr'>αὑτοῦ.</span> <span class='ocrx_word' id='word_1_165' title='bbox 1096 1843 1114 1875; x_wconf 73' lang='grc' dir='ltr'><strong>ι</strong></span> 
     </span>
    </p>
   </div>
   <div class='ocr_carea' id='block_1_23' title="bbox 436 1909 1944 1991">
    <p class='ocr_par' dir='ltr' id='par_1_23' title="bbox 436 1909 1944 1991">
     <span class='ocr_line' id='line_1_23' title="bbox 436 1909 1944 1991; baseline 0.01 -31"><span class='ocrx_word' id='word_1_166' title='bbox 436 1909 585 1962; x_wconf 78' lang='grc' dir='ltr'>υΡθ.</span> <span class='ocrx_word' id='word_1_167' title='bbox 630 1913 821 1984; x_wconf 77' lang='grc' dir='ltr'>Ἀληθῆ</span> <span class='ocrx_word' id='word_1_168' title='bbox 851 1915 916 1984; x_wconf 84' lang='grc' dir='ltr'>δὴ</span> <span class='ocrx_word' id='word_1_169' title='bbox 943 1915 1138 1982; x_wconf 84' lang='grc' dir='ltr'>ταῦτα,</span> <span class='ocrx_word' id='word_1_170' title='bbox 1164 1917 1282 1970; x_wconf 85' lang='grc' dir='ltr'>θεῖα</span> <span class='ocrx_word' id='word_1_171' title='bbox 1305 1917 1418 1991; x_wconf 86' lang='grc' dir='ltr'>γάρ</span> <span class='ocrx_word' id='word_1_172' title='bbox 1441 1922 1558 1974; x_wconf 84' lang='grc' dir='ltr'>ὲστι</span> <span class='ocrx_word' id='word_1_173' title='bbox 1582 1921 1758 1990; x_wconf 88' lang='grc' dir='ltr'>λόγια.</span> <span class='ocrx_word' id='word_1_174' title='bbox 1800 1923 1944 1975; x_wconf 84' lang='grc' dir='ltr'>Ἀνα-</span> 
     </span>
    </p>
   </div>
   <div class='ocr_carea' id='block_1_24' title="bbox 353 2000 1612 2082">
    <p class='ocr_par' dir='ltr' id='par_1_24' title="bbox 353 2000 1612 2082">
     <span class='ocr_line' id='line_1_24' title="bbox 353 2000 1612 2082; baseline 0.013 -32"><span class='ocrx_word' id='word_1_175' title='bbox 353 2001 627 2070; x_wconf 79' lang='grc' dir='ltr'>μνὴσθητι</span> <span class='ocrx_word' id='word_1_176' title='bbox 654 2002 711 2054; x_wconf 81' lang='grc' dir='ltr'><strong>δὲ</strong></span> <span class='ocrx_word' id='word_1_177' title='bbox 743 2000 818 2058; x_wconf 82' lang='grc' dir='ltr'>ὧν</span> <span class='ocrx_word' id='word_1_178' title='bbox 847 2007 1114 2071; x_wconf 81' lang='grc' dir='ltr'>πολλάκις</span> <span class='ocrx_word' id='word_1_179' title='bbox 1151 2009 1612 2082; x_wconf 80' lang='grc' dir='ltr'>ὡμολογήσαμεν.</span> 
     </span>
    </p>
   </div>
   <div class='ocr_carea' id='block_1_25' title="bbox 411 2182 1098 2256">
    <p class='ocr_par' dir='ltr' id='par_1_25' title="bbox 411 2182 1098 2256">
     <span class='ocr_line' id='line_1_25' title="bbox 411 2182 1098 2256; baseline 0.017 -25"><span class='ocrx_word' id='word_1_180' title='bbox 411 2182 626 2235; x_wconf 67' lang='grc' dir='ltr'><strong>ΕΡΑΝ.</strong></span> <span class='ocrx_word' id='word_1_181' title='bbox 673 2184 855 2238; x_wconf 86' lang='grc' dir='ltr'>Ποίων</span> <span class='ocrx_word' id='word_1_182' title='bbox 883 2186 1066 2256; x_wconf 81' lang='grc' dir='ltr'>λέγεις</span> <span class='ocrx_word' id='word_1_183' title='bbox 1084 2205 1098 2255; x_wconf 85' lang='grc'>;</span> 
     </span>
    </p>
   </div>
   <div class='ocr_carea' id='block_1_26' title="bbox 407 2274 1954 2356">
    <p class='ocr_par' dir='ltr' id='par_1_26' title="bbox 407 2274 1954 2356">
     <span class='ocr_line' id='line_1_26' title="bbox 407 2274 1954 2356; baseline 0.01 -28"><span class='ocrx_word' id='word_1_184' title='bbox 407 2274 567 2328; x_wconf 90' lang='grc' dir='ltr'><strong>ΟΡΘ.</strong></span> <span class='ocrx_word' id='word_1_185' title='bbox 615 2276 741 2329; x_wconf 82' lang='grc' dir='ltr'><strong>Ὅτι</strong></span> <span class='ocrx_word' id='word_1_186' title='bbox 767 2279 862 2330; x_wconf 85' lang='grc' dir='ltr'><strong>τὸν</strong></span> <span class='ocrx_word' id='word_1_187' title='bbox 890 2279 1021 2332; x_wconf 76' lang='grc' dir='ltr'>Υίὸν</span> <span class='ocrx_word' id='word_1_188' title='bbox 1046 2281 1139 2334; x_wconf 88' lang='grc' dir='ltr'><strong>τοῦ</strong></span> <span class='ocrx_word' id='word_1_189' title='bbox 1171 2281 1306 2337; x_wconf 75' lang='grc' dir='ltr'>θεοῦ</span> <span class='ocrx_word' id='word_1_190' title='bbox 1340 2285 1432 2338; x_wconf 84' lang='grc' dir='ltr'><strong>τὸν</strong></span> <span class='ocrx_word' id='word_1_191' title='bbox 1458 2286 1590 2338; x_wconf 79' lang='grc' dir='ltr'>Θεὸν</span> <span class='ocrx_word' id='word_1_192' title='bbox 1617 2287 1793 2356; x_wconf 84' lang='grc' dir='ltr'>Λόγον</span> <span class='ocrx_word' id='word_1_193' title='bbox 1813 2330 1826 2353; x_wconf 91' lang='grc'><strong>,</strong></span> <span class='ocrx_word' id='word_1_194' title='bbox 1853 2290 1954 2343; x_wconf 83' lang='grc' dir='ltr'><strong>οὐκ</strong></span> 
     </span>
    </p>
   </div>
   <div class='ocr_carea' id='block_1_27' title="bbox 336 2364 1952 2450">
    <p class='ocr_par' dir='ltr' id='par_1_27' title="bbox 336 2364 1952 2450">
     <span class='ocr_line' id='line_1_27' title="bbox 336 2364 1952 2450; baseline 0.011 -32"><span class='ocrx_word' id='word_1_195' title='bbox 336 2364 640 2435; x_wconf 70' lang='grc' dir='ltr'>ἁσὼματον</span> <span class='ocrx_word' id='word_1_196' title='bbox 672 2369 1012 2441; x_wconf 72' lang='grc' dir='ltr'>ἐπιφανῆναι</span> <span class='ocrx_word' id='word_1_197' title='bbox 1045 2375 1604 2448; x_wconf 71' lang='grc' dir='ltr'>συνωμολογήσαμεν,</span> <span class='ocrx_word' id='word_1_198' title='bbox 1634 2379 1769 2435; x_wconf 78' lang='grc' dir='ltr'>ἀλλὰ</span> <span class='ocrx_word' id='word_1_199' title='bbox 1792 2381 1952 2450; x_wconf 79' lang='grc' dir='ltr'>φύσιν</span> 
     </span>
    </p>
   </div>
   <div class='ocr_carea' id='block_1_28' title="bbox 335 2456 1324 2536">
    <p class='ocr_par' dir='ltr' id='par_1_28' title="bbox 335 2456 1324 2536">
     <span class='ocr_line' id='line_1_28' title="bbox 335 2456 1324 2536; baseline 0.012 -29"><span class='ocrx_word' id='word_1_200' title='bbox 335 2456 698 2527; x_wconf 64' lang='grc' dir='ltr'>ἀνθρωπείαν</span> <span class='ocrx_word' id='word_1_201' title='bbox 728 2459 946 2515; x_wconf 84' lang='grc' dir='ltr'>τελείαν</span> <span class='ocrx_word' id='word_1_202' title='bbox 973 2463 1324 2536; x_wconf 68' lang='grc' dir='ltr'>ἀνειληφότα,</span> 
     </span>
    </p>
   </div>
   <div class='ocr_carea' id='block_1_29' title="bbox 405 2548 1450 2626">
    <p class='ocr_par' dir='ltr' id='par_1_29' title="bbox 405 2548 1450 2626">
     <span class='ocr_line' id='line_1_29' title="bbox 405 2548 1450 2626; baseline 0.011 -26"><span class='ocrx_word' id='word_1_203' title='bbox 405 2548 627 2601; x_wconf 79' lang='grc' dir='ltr'><strong>ΕΡΑΝ.</strong></span> <span class='ocrx_word' id='word_1_204' title='bbox 670 2550 1222 2626; x_wconf 79' lang='grc' dir='ltr'>Συνωμολογήσαμεν</span> <span class='ocrx_word' id='word_1_205' title='bbox 1252 2556 1450 2612; x_wconf 82' lang='grc' dir='ltr'>ταῦτα.</span> 
     </span>
    </p>
   </div>
   <div class='ocr_carea' id='block_1_30' title="bbox 404 2641 1952 2727">
    <p class='ocr_par' dir='ltr' id='par_1_30' title="bbox 404 2641 1952 2727">
     <span class='ocr_line' id='line_1_30' title="bbox 404 2641 1952 2727; baseline 0.01 -33"><span class='ocrx_word' id='word_1_206' title='bbox 404 2641 567 2694; x_wconf 87' lang='grc' dir='ltr'><strong>ΟΡΘ.</strong></span> <span class='ocrx_word' id='word_1_207' title='bbox 621 2643 688 2695; x_wconf 79' lang='grc' dir='ltr'><strong>Εἰ</strong></span> <span class='ocrx_word' id='word_1_208' title='bbox 721 2643 902 2697; x_wconf 81' lang='grc' dir='ltr'>τοίνυν</span> <span class='ocrx_word' id='word_1_209' title='bbox 946 2647 1107 2716; x_wconf 82' lang='grc' dir='ltr'>σῶμα</span> <span class='ocrx_word' id='word_1_210' title='bbox 1148 2650 1242 2703; x_wconf 75' lang='grc' dir='ltr'>καὶ</span> <span class='ocrx_word' id='word_1_211' title='bbox 1281 2649 1460 2723; x_wconf 75' lang='grc' dir='ltr'>ψυχὴν</span> <span class='ocrx_word' id='word_1_212' title='bbox 1499 2653 1692 2707; x_wconf 78' lang='grc' dir='ltr'>ἔλαϐεν</span> <span class='ocrx_word' id='word_1_213' title='bbox 1740 2654 1952 2727; x_wconf 72' lang='grc' dir='ltr'>ἀνθρωο</span> 
     </span>
    </p>
   </div>
   <div class='ocr_carea' id='block_1_31' title="bbox 336 2732 1920 2817">
    <p class='ocr_par' dir='ltr' id='par_1_31' title="bbox 336 2732 1920 2817">
     <span class='ocr_line' id='line_1_31' title="bbox 336 2732 1920 2817; baseline 0.011 -35"><span class='ocrx_word' id='word_1_214' title='bbox 336 2732 726 2806; x_wconf 73' lang='grc' dir='ltr'>πείαν,ταύτῃ</span> <span class='ocrx_word' id='word_1_215' title='bbox 747 2752 830 2788; x_wconf 87' lang='grc' dir='ltr'><strong>τοι</strong></span> <span class='ocrx_word' id='word_1_216' title='bbox 864 2739 958 2790; x_wconf 80' lang='grc' dir='ltr'><strong>καὶ</strong></span> <span class='ocrx_word' id='word_1_217' title='bbox 994 2738 1115 2802; x_wconf 83' lang='grc' dir='ltr'>Υἱὸς</span> <span class='ocrx_word' id='word_1_218' title='bbox 1155 2741 1443 2812; x_wconf 81' lang='grc' dir='ltr'>ἀνθρώπου</span> <span class='ocrx_word' id='word_1_219' title='bbox 1479 2746 1920 2817; x_wconf 78' lang='grc' dir='ltr'>προσηγορεύθη.</span> 
     </span>
    </p>
   </div>
   <div class='ocr_carea' id='block_1_32' title="bbox 409 2917 932 2988">
    <p class='ocr_par' dir='ltr' id='par_1_32' title="bbox 409 2917 932 2988">
     <span class='ocr_line' id='line_1_32' title="bbox 409 2917 932 2988; baseline 0.002 -19"><span class='ocrx_word' id='word_1_220' title='bbox 409 2917 626 2970; x_wconf 69' lang='grc' dir='ltr'><strong>[ΡΑΝ.</strong></span> <span class='ocrx_word' id='word_1_221' title='bbox 683 2917 932 2988; x_wconf 81' lang='grc' dir='ltr'>Ἀληθές.</span> 
     </span>
    </p>
   </div>
   <div class='ocr_carea' id='block_1_33' title="bbox 409 3007 1948 3083">
    <p class='ocr_par' dir='ltr' id='par_1_33' title="bbox 409 3007 1948 3083">
     <span class='ocr_line' id='line_1_33' title="bbox 409 3007 1948 3083; baseline 0.003 -21"><span class='ocrx_word' id='word_1_222' title='bbox 409 3008 573 3062; x_wconf 87' lang='grc' dir='ltr'><strong>ΟΡΘ.</strong></span> <span class='ocrx_word' id='word_1_223' title='bbox 616 3007 836 3063; x_wconf 71' lang='grc' dir='ltr'>Οὐκοῦν</span> <span class='ocrx_word' id='word_1_224' title='bbox 875 3011 902 3062; x_wconf 84' lang='grc' dir='ltr'><strong>ὁ</strong></span> <span class='ocrx_word' id='word_1_225' title='bbox 931 3009 1138 3080; x_wconf 78' lang='grc' dir='ltr'>Κύριος</span> <span class='ocrx_word' id='word_1_226' title='bbox 1182 3011 1389 3080; x_wconf 74' lang='grc' dir='ltr'>Ἰησοῖς</span> <span class='ocrx_word' id='word_1_227' title='bbox 1426 3012 1664 3083; x_wconf 76' lang='grc' dir='ltr'>Χριστὸς</span> <span class='ocrx_word' id='word_1_228' title='bbox 1695 3016 1788 3067; x_wconf 81' lang='grc' dir='ltr'><strong>καὶ</strong></span> <span class='ocrx_word' id='word_1_229' title='bbox 1817 3013 1948 3079; x_wconf 83' lang='grc' dir='ltr'>Θεὸς</span> 
     </span>
    </p>
   </div>
   <div class='ocr_carea' id='block_1_34' title="bbox 335 3101 1948 3178">
    <p class='ocr_par' dir='ltr' id='par_1_34' title="bbox 335 3101 1948 3178">
     <span class='ocr_line' id='line_1_34' title="bbox 335 3101 1948 3178; baseline 0.002 -23"><span class='ocrx_word' id='word_1_230' title='bbox 335 3102 496 3176; x_wconf 63' lang='grc' dir='ltr'>ἡμῶν</span> <span class='ocrx_word' id='word_1_231' title='bbox 529 3101 755 3172; x_wconf 77' lang='grc' dir='ltr'>ἀληθῶς</span> <span class='ocrx_word' id='word_1_232' title='bbox 782 3117 794 3130; x_wconf 89' lang='grc'><strong>·</strong></span> <span class='ocrx_word' id='word_1_233' title='bbox 835 3102 1005 3155; x_wconf 83' lang='grc' dir='ltr'>τῶνδε</span> <span class='ocrx_word' id='word_1_234' title='bbox 1037 3104 1148 3175; x_wconf 81' lang='grc' dir='ltr'>γὰρ</span> <span class='ocrx_word' id='word_1_235' title='bbox 1176 3104 1286 3156; x_wconf 84' lang='grc' dir='ltr'><strong>τῶν</strong></span> <span class='ocrx_word' id='word_1_236' title='bbox 1321 3103 1560 3176; x_wconf 74' lang='grc' dir='ltr'>φύσεων,</span> <span class='ocrx_word' id='word_1_237' title='bbox 1595 3106 1694 3178; x_wconf 81' lang='grc' dir='ltr'>τὴν</span> <span class='ocrx_word' id='word_1_238' title='bbox 1742 3107 1840 3178; x_wconf 84' lang='grc' dir='ltr'><strong>μὲν</strong></span> <span class='ocrx_word' id='word_1_239' title='bbox 1868 3104 1948 3159; x_wconf 71' lang='grc' dir='ltr'><strong>εῖ-</strong></span> 
     </span>
    </p>
   </div>
   <div class='ocr_carea' id='block_1_35' title="bbox 335 3193 1300 3268">
    <p class='ocr_par' dir='ltr' id='par_1_35' title="bbox 335 3193 1300 3268">
     <span class='ocr_line' id='line_1_35' title="bbox 335 3193 1300 3268; baseline 0 -18"><span class='ocrx_word' id='word_1_240' title='bbox 335 3214 429 3268; x_wconf 75' lang='grc' dir='ltr'>χεν</span> <span class='ocrx_word' id='word_1_241' title='bbox 459 3197 574 3260; x_wconf 75' lang='grc' dir='ltr'>ἀεὶ,</span> <span class='ocrx_word' id='word_1_242' title='bbox 608 3195 712 3266; x_wconf 79' lang='grc' dir='ltr'><strong>τὴν</strong></span> <span class='ocrx_word' id='word_1_243' title='bbox 734 3193 794 3247; x_wconf 81' lang='grc' dir='ltr'>δὲ</span> <span class='ocrx_word' id='word_1_244' title='bbox 828 3194 1023 3248; x_wconf 76' lang='grc' dir='ltr'>ἐλαϐεν</span> <span class='ocrx_word' id='word_1_245' title='bbox 1065 3196 1300 3268; x_wconf 81' lang='grc' dir='ltr'>ἀληθῶς.</span> 
     </span>
    </p>
   </div>
   <div class='ocr_carea' id='block_1_36' title="bbox 408 3287 1308 3356">
    <p class='ocr_par' dir='ltr' id='par_1_36' title="bbox 408 3287 1308 3356">
     <span class='ocr_line' id='line_1_36' title="bbox 408 3287 1308 3356; baseline 0.004 -16"><span class='ocrx_word' id='word_1_246' title='bbox 408 3288 624 3340; x_wconf 80' lang='grc' dir='ltr'><strong>ΕΡΑΝ.</strong></span> <span class='ocrx_word' id='word_1_247' title='bbox 679 3287 1094 3356; x_wconf 77' lang='grc' dir='ltr'>Ἀναμφίλεκτα</span> <span class='ocrx_word' id='word_1_248' title='bbox 1115 3287 1308 3344; x_wconf 88' lang='grc' dir='ltr'>ταῦτα.</span> 
     </span>
    </p>
   </div>
   <div class='ocr_carea' id='block_1_37' title="bbox 406 3378 1944 3454">
    <p class='ocr_par' dir='ltr' id='par_1_37' title="bbox 406 3378 1944 3454">
     <span class='ocr_line' id='line_1_37' title="bbox 406 3378 1944 3454; baseline 0.003 -22"><span class='ocrx_word' id='word_1_249' title='bbox 406 3379 570 3433; x_wconf 85' lang='grc' dir='ltr'><strong>ΟΡΘ.</strong></span> <span class='ocrx_word' id='word_1_250' title='bbox 605 3379 900 3450; x_wconf 77' lang='grc' dir='ltr'>Τοιγάρτοι</span> <span class='ocrx_word' id='word_1_251' title='bbox 926 3378 998 3442; x_wconf 83' lang='grc' dir='ltr'>ὡς</span> <span class='ocrx_word' id='word_1_252' title='bbox 1023 3379 1312 3451; x_wconf 86' lang='grc' dir='ltr'>ἄνθρωπος</span> <span class='ocrx_word' id='word_1_253' title='bbox 1341 3381 1400 3434; x_wconf 82' lang='grc' dir='ltr'><strong>τὸ</strong></span> <span class='ocrx_word' id='word_1_254' title='bbox 1431 3381 1605 3445; x_wconf 80' lang='grc' dir='ltr'>πάθος</span> <span class='ocrx_word' id='word_1_255' title='bbox 1634 3383 1944 3454; x_wconf 73' lang='grc' dir='ltr'>ὑπέμεινεν·</span> 
     </span>
    </p>
   </div>
   <div class='ocr_carea' id='block_1_38' title="bbox 331 3462 1495 3545">
    <p class='ocr_par' dir='ltr' id='par_1_38' title="bbox 331 3462 1495 3545">
     <span class='ocr_line' id='line_1_38' title="bbox 331 3462 1495 3545; baseline 0.003 -20"><span class='ocrx_word' id='word_1_256' title='bbox 331 3474 407 3536; x_wconf 77' lang='grc' dir='ltr'>ὡς</span> <span class='ocrx_word' id='word_1_257' title='bbox 437 3462 598 3536; x_wconf 70' lang='grc' dir='ltr'>Θεὸς,</span> <span class='ocrx_word' id='word_1_258' title='bbox 633 3474 908 3539; x_wconf 81' lang='grc' dir='ltr'>κρείττων</span> <span class='ocrx_word' id='word_1_259' title='bbox 942 3473 1154 3538; x_wconf 77' lang='grc' dir='ltr'>πάθους</span> <span class='ocrx_word' id='word_1_260' title='bbox 1194 3476 1495 3545; x_wconf 77' lang='grc' dir='ltr'>μεμένηκε.</span> 
     </span>
    </p>
   </div>
   <div class='ocr_carea' id='block_1_39' title="bbox 405 3563 1948 3639">
    <p class='ocr_par' dir='ltr' id='par_1_39' title="bbox 405 3563 1948 3639">
     <span class='ocr_line' id='line_1_39' title="bbox 405 3563 1948 3639; baseline 0.001 -18"><span class='ocrx_word' id='word_1_261' title='bbox 405 3567 623 3621; x_wconf 73' lang='grc' dir='ltr'><strong>ΕΡΑΝ.</strong></span> <span class='ocrx_word' id='word_1_262' title='bbox 666 3567 792 3630; x_wconf 83' lang='grc' dir='ltr'><strong>Πῶς</strong></span> <span class='ocrx_word' id='word_1_263' title='bbox 826 3563 921 3620; x_wconf 81' lang='grc' dir='ltr'>οὗν</span> <span class='ocrx_word' id='word_1_264' title='bbox 951 3569 986 3639; x_wconf 83' lang='grc' dir='ltr'>ὴ</span> <span class='ocrx_word' id='word_1_265' title='bbox 1017 3566 1137 3620; x_wconf 84' lang='grc' dir='ltr'>θεία</span> <span class='ocrx_word' id='word_1_266' title='bbox 1175 3567 1369 3639; x_wconf 74' lang='grc' dir='ltr'>Γραφὴ</span> <span class='ocrx_word' id='word_1_267' title='bbox 1399 3568 1492 3620; x_wconf 84' lang='grc' dir='ltr'><strong>τὸν</strong></span> <span class='ocrx_word' id='word_1_268' title='bbox 1523 3568 1653 3622; x_wconf 76' lang='grc' dir='ltr'>Υίδν</span> <span class='ocrx_word' id='word_1_269' title='bbox 1686 3570 1779 3623; x_wconf 87' lang='grc' dir='ltr'><strong>τοῦ</strong></span> <span class='ocrx_word' id='word_1_270' title='bbox 1813 3570 1948 3623; x_wconf 84' lang='grc' dir='ltr'>Θεοῦ</span> 
     </span>
    </p>
   </div>
   <div class='ocr_carea' id='block_1_40' title="bbox 333 3659 909 3730">
    <p class='ocr_par' dir='ltr' id='par_1_40' title="bbox 333 3659 909 3730">
     <span class='ocr_line' id='line_1_40' title="bbox 333 3659 909 3730; baseline 0 -17"><span class='ocrx_word' id='word_1_271' title='bbox 333 3660 680 3713; x_wconf 79' lang='grc' dir='ltr'>πεπονθέναι</span> <span class='ocrx_word' id='word_1_272' title='bbox 711 3659 875 3730; x_wconf 78' lang='grc' dir='ltr'>φησίν</span> <span class='ocrx_word' id='word_1_273' title='bbox 895 3676 909 3725; x_wconf 90' lang='grc'>;</span> 
     </span>
    </p>
   </div>
   <div class='ocr_carea' id='block_1_41' title="bbox 406 3749 1945 3824">
    <p class='ocr_par' dir='ltr' id='par_1_41' title="bbox 406 3749 1945 3824">
     <span class='ocr_line' id='line_1_41' title="bbox 406 3749 1945 3824; baseline 0.002 -20"><span class='ocrx_word' id='word_1_274' title='bbox 406 3751 571 3804; x_wconf 87' lang='grc' dir='ltr'><strong>ΟΡΘ.</strong></span> <span class='ocrx_word' id='word_1_275' title='bbox 610 3751 738 3804; x_wconf 74' lang='grc' dir='ltr'>Ὀτι</span> <span class='ocrx_word' id='word_1_276' title='bbox 771 3750 831 3802; x_wconf 82' lang='grc' dir='ltr'><strong>τὸ</strong></span> <span class='ocrx_word' id='word_1_277' title='bbox 865 3749 1027 3820; x_wconf 85' lang='grc' dir='ltr'>σῶμα</span> <span class='ocrx_word' id='word_1_278' title='bbox 1056 3751 1326 3815; x_wconf 84' lang='grc' dir='ltr'>πεπονθὸς</span> <span class='ocrx_word' id='word_1_279' title='bbox 1346 3794 1360 3819; x_wconf 95' lang='grc'><strong>,</strong></span> <span class='ocrx_word' id='word_1_280' title='bbox 1389 3751 1557 3807; x_wconf 76' lang='grc' dir='ltr'>αὐτοῦ</span> <span class='ocrx_word' id='word_1_281' title='bbox 1588 3752 1647 3805; x_wconf 76' lang='grc' dir='ltr'>ὃν</span> <span class='ocrx_word' id='word_1_282' title='bbox 1683 3753 1945 3824; x_wconf 71' lang='grc' dir='ltr'>ἐτύγχανε</span> 
     </span>
    </p>
   </div>
   <div class='ocr_carea' id='block_1_42' title="bbox 333 3839 1952 3916">
    <p class='ocr_par' dir='ltr' id='par_1_42' title="bbox 333 3839 1952 3916">
     <span class='ocr_line' id='line_1_42' title="bbox 333 3839 1952 3916; baseline 0.001 -20"><span class='ocrx_word' id='word_1_283' title='bbox 333 3843 526 3913; x_wconf 83' lang='grc' dir='ltr'>σῶμα.</span> <span class='ocrx_word' id='word_1_284' title='bbox 563 3839 914 3912; x_wconf 54' lang='grc' dir='ltr'>Σκεῷὠμεθα</span> <span class='ocrx_word' id='word_1_285' title='bbox 944 3841 1001 3895; x_wconf 77' lang='grc' dir='ltr'>δὲ</span> <span class='ocrx_word' id='word_1_286' title='bbox 1033 3843 1152 3898; x_wconf 85' lang='grc' dir='ltr'>ὡδί.</span> <span class='ocrx_word' id='word_1_287' title='bbox 1204 3843 1377 3897; x_wconf 84' lang='grc' dir='ltr'>Ὅταν</span> <span class='ocrx_word' id='word_1_288' title='bbox 1406 3845 1732 3916; x_wconf 83' lang='grc' dir='ltr'>ἀκούσωμεν</span> <span class='ocrx_word' id='word_1_289' title='bbox 1770 3845 1952 3914; x_wconf 75' lang='grc' dir='ltr'>λεγού-</span> 
     </span>
    </p>
   </div>
   <div class='ocr_carea' id='block_1_43' title="bbox 335 3933 1948 4008">
    <p class='ocr_par' dir='ltr' id='par_1_43' title="bbox 335 3933 1948 4008">
     <span class='ocr_line' id='line_1_43' title="bbox 335 3933 1948 4008; baseline 0.001 -19"><span class='ocrx_word' id='word_1_290' title='bbox 335 3953 434 4006; x_wconf 79' lang='grc' dir='ltr'>σης</span> <span class='ocrx_word' id='word_1_291' title='bbox 464 3935 575 4004; x_wconf 72' lang='grc' dir='ltr'>τῆς</span> <span class='ocrx_word' id='word_1_292' title='bbox 602 3933 758 3997; x_wconf 82' lang='grc' dir='ltr'>θείας</span> <span class='ocrx_word' id='word_1_293' title='bbox 790 3935 1016 4006; x_wconf 77' lang='grc' dir='ltr'>Γραφῆς</span> <span class='ocrx_word' id='word_1_294' title='bbox 1042 3949 1056 3964; x_wconf 75' lang='grc'><strong><em>⁸</em></strong></span> <span class='ocrx_word' id='word_1_295' title='bbox 1083 3953 1101 3986; x_wconf 72' lang='grc' dir='ltr'><strong>ί</strong></span> <span class='ocrx_word' id='word_1_296' title='bbox 1143 3935 1393 4005; x_wconf 78' lang='grc' dir='ltr'>Ἐγένετο</span> <span class='ocrx_word' id='word_1_297' title='bbox 1424 3936 1564 4007; x_wconf 77' lang='grc' dir='ltr'>μετὰ</span> <span class='ocrx_word' id='word_1_298' title='bbox 1607 3936 1668 3989; x_wconf 86' lang='grc' dir='ltr'><strong>τὸ</strong></span> <span class='ocrx_word' id='word_1_299' title='bbox 1709 3939 1948 4008; x_wconf 81' lang='grc' dir='ltr'>γηρᾶσαι</span> 
     </span>
    </p>
   </div>
   <div class='ocr_carea' id='block_1_44' title="bbox 331 4026 1948 4099">
    <p class='ocr_par' dir='ltr' id='par_1_44' title="bbox 331 4026 1948 4099">
     <span class='ocr_line' id='line_1_44' title="bbox 331 4026 1948 4099; baseline 0.001 -18"><span class='ocrx_word' id='word_1_300' title='bbox 331 4029 425 4081; x_wconf 80' lang='grc' dir='ltr'><strong>τὸν</strong></span> <span class='ocrx_word' id='word_1_301' title='bbox 491 4028 722 4086; x_wconf 72' lang='grc' dir='ltr'>Ἰσαὰκ.</span> <span class='ocrx_word' id='word_1_302' title='bbox 778 4026 1169 4099; x_wconf 75' lang='grc' dir='ltr'>ἠμϐλύνθησαν</span> <span class='ocrx_word' id='word_1_303' title='bbox 1215 4030 1262 4081; x_wconf 76' lang='grc' dir='ltr'><strong>οἱ</strong></span> <span class='ocrx_word' id='word_1_304' title='bbox 1313 4028 1587 4098; x_wconf 73' lang='grc' dir='ltr'>ὀφθαλμοὶ</span> <span class='ocrx_word' id='word_1_305' title='bbox 1631 4028 1798 4082; x_wconf 81' lang='grc' dir='ltr'>αὐτοῦ</span> <span class='ocrx_word' id='word_1_306' title='bbox 1853 4028 1948 4082; x_wconf 77' lang='grc' dir='ltr'><strong>τοῦ</strong></span> 
     </span>
    </p>
   </div>
   <div class='ocr_carea' id='block_1_45' title="bbox 333 4118 1951 4191">
    <p class='ocr_par' dir='ltr' id='par_1_45' title="bbox 333 4118 1951 4191">
     <span class='ocr_line' id='line_1_45' title="bbox 333 4118 1951 4191; baseline -0.001 -19"><span class='ocrx_word' id='word_1_307' title='bbox 333 4120 492 4190; x_wconf 70' lang='grc' dir='ltr'>ὁρᾲν,</span> <span class='ocrx_word' id='word_1_308' title='bbox 533 4139 552 4170; x_wconf 79' lang='grc'>›</span> <span class='ocrx_word' id='word_1_309' title='bbox 583 4123 613 4172; x_wconf 87' lang='grc' dir='ltr'>ὁ</span> <span class='ocrx_word' id='word_1_310' title='bbox 643 4118 771 4179; x_wconf 85' lang='grc' dir='ltr'>νοῦς</span> <span class='ocrx_word' id='word_1_311' title='bbox 795 4119 954 4190; x_wconf 81' lang='grc' dir='ltr'>ἡμῶν</span> <span class='ocrx_word' id='word_1_312' title='bbox 981 4120 1085 4173; x_wconf 85' lang='grc' dir='ltr'><strong>ποῦ</strong></span> <span class='ocrx_word' id='word_1_313' title='bbox 1117 4119 1366 4191; x_wconf 70' lang='grc' dir='ltr'>φέρεται,</span> <span class='ocrx_word' id='word_1_314' title='bbox 1396 4122 1486 4175; x_wconf 77' lang='grc' dir='ltr'><strong>καὶ</strong></span> <span class='ocrx_word' id='word_1_315' title='bbox 1520 4121 1626 4174; x_wconf 83' lang='grc' dir='ltr'>τίνι</span> <span class='ocrx_word' id='word_1_316' title='bbox 1665 4119 1951 4186; x_wconf 80' lang='grc' dir='ltr'>ἐναπερεί-</span> 
     </span>
    </p>
   </div>
   <div class='ocr_carea' id='block_1_46' title="bbox 335 4209 1631 4283">
    <p class='ocr_par' dir='ltr' id='par_1_46' title="bbox 335 4209 1631 4283">
     <span class='ocr_line' id='line_1_46' title="bbox 335 4209 1631 4283; baseline -0.002 -17"><span class='ocrx_word' id='word_1_317' title='bbox 335 4213 491 4266; x_wconf 79' lang='grc' dir='ltr'>δεται</span> <span class='ocrx_word' id='word_1_318' title='bbox 515 4228 533 4265; x_wconf 88' lang='lat'>:</span> <span class='ocrx_word' id='word_1_319' title='bbox 563 4213 632 4281; x_wconf 84' lang='grc' dir='ltr'>τῇ</span> <span class='ocrx_word' id='word_1_320' title='bbox 668 4209 814 4280; x_wconf 80' lang='grc' dir='ltr'>ψυχῇ</span> <span class='ocrx_word' id='word_1_321' title='bbox 841 4210 936 4264; x_wconf 86' lang='grc' dir='ltr'><strong>τοῦ</strong></span> <span class='ocrx_word' id='word_1_322' title='bbox 976 4211 1184 4271; x_wconf 71' lang='grc' dir='ltr'>Ἰσαὰκ.</span> <span class='ocrx_word' id='word_1_323' title='bbox 1219 4211 1253 4281; x_wconf 80' lang='grc' dir='ltr'><strong>ἦ</strong></span> <span class='ocrx_word' id='word_1_324' title='bbox 1275 4211 1354 4283; x_wconf 78' lang='grc' dir='ltr'><strong>τῷ</strong></span> <span class='ocrx_word' id='word_1_325' title='bbox 1382 4212 1631 4282; x_wconf 83' lang='grc' dir='ltr'>σώματι;</span> 
     </span>
    </p>
   </div>
   <div class='ocr_carea' id='block_1_47' title="bbox 405 4304 1328 4376">
    <p class='ocr_par' dir='ltr' id='par_1_47' title="bbox 405 4304 1328 4376">
     <span class='ocr_line' id='line_1_47' title="bbox 405 4304 1328 4376; baseline 0 -17"><span class='ocrx_word' id='word_1_326' title='bbox 405 4305 626 4359; x_wconf 76' lang='grc' dir='ltr'><strong>ΕΡΑΝ.</strong></span> <span class='ocrx_word' id='word_1_327' title='bbox 660 4304 952 4374; x_wconf 78' lang='grc' dir='ltr'>Δηλονότι,</span> <span class='ocrx_word' id='word_1_328' title='bbox 981 4305 1061 4374; x_wconf 83' lang='grc' dir='ltr'><strong>τῷ</strong></span> <span class='ocrx_word' id='word_1_329' title='bbox 1094 4304 1328 4376; x_wconf 82' lang='grc' dir='ltr'>σώματι.</span> 
     </span>
    </p>
   </div>
   <div class='ocr_carea' id='block_1_48' title="bbox 404 4392 1950 4469">
    <p class='ocr_par' dir='ltr' id='par_1_48' title="bbox 404 4392 1950 4469">
     <span class='ocr_line' id='line_1_48' title="bbox 404 4392 1950 4469; baseline -0.003 -17"><span class='ocrx_word' id='word_1_330' title='bbox 404 4399 569 4452; x_wconf 77' lang='grc' dir='ltr'><strong>ΟΡΘ.</strong></span> <span class='ocrx_word' id='word_1_331' title='bbox 619 4396 738 4450; x_wconf 85' lang='grc' dir='ltr'>Οὐκ</span> <span class='ocrx_word' id='word_1_332' title='bbox 765 4392 858 4449; x_wconf 83' lang='grc' dir='ltr'><strong>οῦν</strong></span> <span class='ocrx_word' id='word_1_333' title='bbox 878 4396 1190 4467; x_wconf 77' lang='grc' dir='ltr'>τοπάζομεν</span> <span class='ocrx_word' id='word_1_334' title='bbox 1215 4398 1310 4450; x_wconf 75' lang='grc' dir='ltr'><strong>καὶ</strong></span> <span class='ocrx_word' id='word_1_335' title='bbox 1337 4398 1436 4468; x_wconf 62' lang='grc' dir='ltr'>τῖ’,ν</span> <span class='ocrx_word' id='word_1_336' title='bbox 1467 4396 1644 4469; x_wconf 70' lang='grc' dir='ltr'>ψυχὴν</span> <span class='ocrx_word' id='word_1_337' title='bbox 1691 4412 1950 4450; x_wconf 82' lang='grc' dir='ltr'>κεκοινω-</span> 
     </span>
    </p>
   </div>
   <div class='ocr_carea' id='block_1_49' title="bbox 338 4487 1481 4562">
    <p class='ocr_par' dir='ltr' id='par_1_49' title="bbox 338 4487 1481 4562">
     <span class='ocr_line' id='line_1_49' title="bbox 338 4487 1481 4562; baseline -0.001 -20"><span class='ocrx_word' id='word_1_338' title='bbox 338 4493 573 4562; x_wconf 79' lang='grc' dir='ltr'>νηκέναι</span> <span class='ocrx_word' id='word_1_339' title='bbox 603 4487 701 4542; x_wconf 84' lang='grc' dir='ltr'><strong>τοῦ</strong></span> <span class='ocrx_word' id='word_1_340' title='bbox 740 4488 842 4558; x_wconf 83' lang='grc' dir='ltr'>τῆς</span> <span class='ocrx_word' id='word_1_341' title='bbox 871 4488 1206 4558; x_wconf 83' lang='grc' dir='ltr'>τυφλότητος</span> <span class='ocrx_word' id='word_1_342' title='bbox 1239 4488 1481 4555; x_wconf 83' lang='grc' dir='ltr'>πάθους;</span> 
     </span>
    </p>
   </div>
   <div class='ocr_carea' id='block_1_50' title="bbox 409 4584 952 4656">
    <p class='ocr_par' dir='ltr' id='par_1_50' title="bbox 409 4584 952 4656">
     <span class='ocr_line' id='line_1_50' title="bbox 409 4584 952 4656; baseline -0.006 -14"><span class='ocrx_word' id='word_1_343' title='bbox 409 4586 626 4642; x_wconf 73' lang='lat' dir='ltr'><strong>EPAN.</strong></span> <span class='ocrx_word' id='word_1_344' title='bbox 660 4584 952 4656; x_wconf 75' lang='grc' dir='ltr'>Οὐδαμῶς.</span> 
     </span>
    </p>
   </div>
   <div class='ocr_carea' id='block_1_51' title="bbox 412 4675 1953 4748">
    <p class='ocr_par' dir='ltr' id='par_1_51' title="bbox 412 4675 1953 4748">
     <span class='ocr_line' id='line_1_51' title="bbox 412 4675 1953 4748; baseline -0.001 -17"><span class='ocrx_word' id='word_1_345' title='bbox 412 4678 556 4731; x_wconf 87' lang='grc' dir='ltr'><strong>ΟΡΘ</strong></span> <span class='ocrx_word' id='word_1_346' title='bbox 627 4677 794 4729; x_wconf 71' lang='grc' dir='ltr'>’Δλλὰ</span> <span class='ocrx_word' id='word_1_347' title='bbox 822 4676 984 4747; x_wconf 86' lang='grc' dir='ltr'>μόνον</span> <span class='ocrx_word' id='word_1_348' title='bbox 1005 4676 1065 4730; x_wconf 78' lang='grc' dir='ltr'>τὸ</span> <span class='ocrx_word' id='word_1_349' title='bbox 1090 4677 1250 4748; x_wconf 83' lang='grc' dir='ltr'>σῶμα</span> <span class='ocrx_word' id='word_1_350' title='bbox 1271 4679 1368 4748; x_wconf 78' lang='grc' dir='ltr'>τῆς</span> <span class='ocrx_word' id='word_1_351' title='bbox 1392 4677 1626 4748; x_wconf 84' lang='grc' dir='ltr'>ὀπτικῆς</span> <span class='ocrx_word' id='word_1_352' title='bbox 1649 4675 1953 4747; x_wconf 86' lang='grc' dir='ltr'>αἰσθήσεως</span> 
     </span>
    </p>
   </div>
   <div class='ocr_carea' id='block_1_52' title="bbox 345 4769 931 4842">
    <p class='ocr_par' dir='ltr' id='par_1_52' title="bbox 345 4769 931 4842">
     <span class='ocr_line' id='line_1_52' title="bbox 345 4769 931 4842; baseline 0.002 -20"><span class='ocrx_word' id='word_1_353' title='bbox 345 4769 693 4842; x_wconf 68' lang='grc' dir='ltr'>στερηθῆναί</span> <span class='ocrx_word' id='word_1_354' title='bbox 728 4785 931 4840; x_wconf 73' lang='grc' dir='ltr'>φαμεν.</span> 
     </span>
    </p>
   </div>
   <div class='ocr_carea' id='block_1_53' title="bbox 415 4860 1066 4933">
    <p class='ocr_par' dir='ltr' id='par_1_53' title="bbox 415 4860 1066 4933">
     <span class='ocr_line' id='line_1_53' title="bbox 415 4860 1066 4933; baseline -0.002 -16"><span class='ocrx_word' id='word_1_355' title='bbox 415 4862 635 4917; x_wconf 74' lang='grc' dir='ltr'><strong>ΕΡΑΝ.</strong></span> <span class='ocrx_word' id='word_1_356' title='bbox 671 4860 831 4915; x_wconf 77' lang='grc' dir='ltr'>υῦτω</span> <span class='ocrx_word' id='word_1_357' title='bbox 863 4862 1066 4933; x_wconf 77' lang='grc' dir='ltr'>φαμέν.</span> 
     </span>
    </p>
   </div>
   <div class='ocr_carea' id='block_1_54' title="bbox 416 4951 1952 5025">
    <p class='ocr_par' dir='ltr' id='par_1_54' title="bbox 416 4951 1952 5025">
     <span class='ocr_line' id='line_1_54' title="bbox 416 4951 1952 5025; baseline -0.003 -16"><span class='ocrx_word' id='word_1_358' title='bbox 416 4955 579 5010; x_wconf 81' lang='grc' dir='ltr'><strong>οΡΘ.</strong></span> <span class='ocrx_word' id='word_1_359' title='bbox 613 4957 726 5008; x_wconf 78' lang='grc' dir='ltr'>Καὶ</span> <span class='ocrx_word' id='word_1_360' title='bbox 749 4951 815 5009; x_wconf 82' lang='grc' dir='ltr'>αὖ</span> <span class='ocrx_word' id='word_1_361' title='bbox 847 4954 1013 5008; x_wconf 79' lang='grc' dir='ltr'>πάλιν</span> <span class='ocrx_word' id='word_1_362' title='bbox 1039 4955 1169 5009; x_wconf 84' lang='grc' dir='ltr'>ὅταν</span> <span class='ocrx_word' id='word_1_363' title='bbox 1198 4954 1526 5025; x_wconf 78' lang='grc' dir='ltr'>ἀκούσωμεν</span> <span class='ocrx_word' id='word_1_364' title='bbox 1550 4953 1646 5007; x_wconf 87' lang='grc' dir='ltr'><strong>τοῦ</strong></span> <span class='ocrx_word' id='word_1_365' title='bbox 1691 4953 1952 5022; x_wconf 82' lang='grc' dir='ltr'>Ἀμασίου</span> 
     </span>
    </p>
   </div>
   <div class='ocr_carea' id='block_1_55' title="bbox 343 5044 1949 5118">
    <p class='ocr_par' dir='ltr' id='par_1_55' title="bbox 343 5044 1949 5118">
     <span class='ocr_line' id='line_1_55' title="bbox 343 5044 1949 5118; baseline -0.002 -17"><span class='ocrx_word' id='word_1_366' title='bbox 343 5047 604 5114; x_wconf 68' lang='grc' dir='ltr'>λέγοντος</span> <span class='ocrx_word' id='word_1_367' title='bbox 629 5047 769 5117; x_wconf 83' lang='grc' dir='ltr'>πρὸς</span> <span class='ocrx_word' id='word_1_368' title='bbox 797 5046 889 5100; x_wconf 81' lang='grc' dir='ltr'><strong>τὸν</strong></span> <span class='ocrx_word' id='word_1_369' title='bbox 915 5047 1204 5118; x_wconf 70' lang='grc' dir='ltr'>προφήτην</span> <span class='ocrx_word' id='word_1_370' title='bbox 1257 5044 1436 5118; x_wconf 80' lang='grc' dir='ltr'>Ἀμώς</span> <span class='ocrx_word' id='word_1_371' title='bbox 1457 5063 1469 5076; x_wconf 65' lang='grc'><strong>⁸</strong></span> <span class='ocrx_word' id='word_1_372' title='bbox 1504 5063 1524 5097; x_wconf 69' lang='grc' dir='ltr'><strong>ι</strong></span> <span class='ocrx_word' id='word_1_373' title='bbox 1564 5047 1624 5100; x_wconf 90' lang='lat'><strong>&#39;0</strong></span> <span class='ocrx_word' id='word_1_374' title='bbox 1656 5047 1820 5116; x_wconf 83' lang='grc' dir='ltr'>ὁρῶν,</span> <span class='ocrx_word' id='word_1_375' title='bbox 1849 5045 1949 5116; x_wconf 83' lang='grc' dir='ltr'><strong>βά-</strong></span> 
     </span>
    </p>
   </div>
   <div class='ocr_carea' id='block_1_56' title="bbox 343 5138 1950 5210">
    <p class='ocr_par' dir='ltr' id='par_1_56' title="bbox 343 5138 1950 5210">
     <span class='ocr_line' id='line_1_56' title="bbox 343 5138 1950 5210; baseline -0.002 -16"><span class='ocrx_word' id='word_1_376' title='bbox 343 5143 460 5206; x_wconf 77' lang='grc' dir='ltr'>διζε</span> <span class='ocrx_word' id='word_1_377' title='bbox 507 5142 593 5203; x_wconf 86' lang='grc' dir='ltr'><strong>είς</strong></span> <span class='ocrx_word' id='word_1_378' title='bbox 642 5139 754 5210; x_wconf 79' lang='grc' dir='ltr'>γῆν</span> <span class='ocrx_word' id='word_1_379' title='bbox 819 5139 1014 5204; x_wconf 82' lang='grc' dir='ltr'>Ἰούδα,</span> <span class='ocrx_word' id='word_1_380' title='bbox 1061 5158 1078 5191; x_wconf 74' lang='grc' dir='ltr'><strong>ι</strong></span> <span class='ocrx_word' id='word_1_381' title='bbox 1130 5139 1228 5192; x_wconf 73' lang='grc' dir='ltr'><strong>καὶ</strong></span> <span class='ocrx_word' id='word_1_382' title='bbox 1268 5139 1454 5210; x_wconf 82' lang='grc' dir='ltr'>μέντοι</span> <span class='ocrx_word' id='word_1_383' title='bbox 1495 5139 1591 5193; x_wconf 69' lang='grc' dir='ltr'>καὶ</span> <span class='ocrx_word' id='word_1_384' title='bbox 1634 5138 1731 5193; x_wconf 79' lang='grc' dir='ltr'><strong>τοῦ</strong></span> <span class='ocrx_word' id='word_1_385' title='bbox 1777 5138 1950 5192; x_wconf 75' lang='grc' dir='ltr'>Σαοὺλ</span> 
     </span>
    </p>
   </div>
   <div class='ocr_carea' id='block_1_57' title="bbox 346 5226 1945 5302">
    <p class='ocr_par' dir='ltr' id='par_1_57' title="bbox 346 5226 1945 5302">
     <span class='ocr_line' id='line_1_57' title="bbox 346 5226 1945 5302; baseline -0.004 -16"><span class='ocrx_word' id='word_1_386' title='bbox 346 5231 766 5302; x_wconf 75' lang='grc' dir='ltr'>πυνθανομένου</span> <span class='ocrx_word' id='word_1_387' title='bbox 786 5248 798 5262; x_wconf 92' lang='grc'><strong>·</strong></span> <span class='ocrx_word' id='word_1_388' title='bbox 826 5248 844 5281; x_wconf 85' lang='grc'>‹</span> <span class='ocrx_word' id='word_1_389' title='bbox 887 5229 998 5284; x_wconf 88' lang='grc' dir='ltr'>Ποῦ</span> <span class='ocrx_word' id='word_1_390' title='bbox 1029 5231 1141 5302; x_wconf 73' lang='grc'><strong>(21)</strong></span> <span class='ocrx_word' id='word_1_391' title='bbox 1178 5232 1207 5283; x_wconf 85' lang='grc' dir='ltr'>ὁ</span> <span class='ocrx_word' id='word_1_392' title='bbox 1232 5226 1380 5294; x_wconf 73' lang='grc' dir='ltr'>οἶκος</span> <span class='ocrx_word' id='word_1_393' title='bbox 1417 5229 1512 5283; x_wconf 85' lang='grc' dir='ltr'><strong>τοῦ</strong></span> <span class='ocrx_word' id='word_1_394' title='bbox 1551 5228 1886 5294; x_wconf 77' lang='grc' dir='ltr'>Βλέποντος;</span> <span class='ocrx_word' id='word_1_395' title='bbox 1924 5246 1945 5279; x_wconf 86' lang='grc'>›</span> 
     </span>
    </p>
   </div>
   <div class='ocr_carea' id='block_1_58' title="bbox 345 5322 1302 5396">
    <p class='ocr_par' dir='ltr' id='par_1_58' title="bbox 345 5322 1302 5396">
     <span class='ocr_line' id='line_1_58' title="bbox 345 5322 1302 5396; baseline -0.005 -15"><span class='ocrx_word' id='word_1_396' title='bbox 345 5327 504 5381; x_wconf 71' lang='grc' dir='ltr'>οὐδὲν</span> <span class='ocrx_word' id='word_1_397' title='bbox 533 5323 857 5396; x_wconf 81' lang='grc' dir='ltr'>σωματικὸν</span> <span class='ocrx_word' id='word_1_398' title='bbox 893 5322 1302 5395; x_wconf 82' lang='grc' dir='ltr'>ὑποπτεύομεν.</span> 
     </span>
    </p>
   </div>
   <div class='ocr_carea' id='block_1_59' title="bbox 418 5412 972 5482">
    <p class='ocr_par' dir='ltr' id='par_1_59' title="bbox 418 5412 972 5482">
     <span class='ocr_line' id='line_1_59' title="bbox 418 5412 972 5482; baseline 0 -16"><span class='ocrx_word' id='word_1_399' title='bbox 418 5413 634 5467; x_wconf 80' lang='lat' dir='ltr'><strong>EPAN.</strong></span> <span class='ocrx_word' id='word_1_400' title='bbox 674 5412 972 5482; x_wconf 74' lang='grc' dir='ltr'>Οὗμενοῦν.</span> 
     </span>
    </p>
   </div>
   <div class='ocr_carea' id='block_1_60' title="bbox 421 5569 918 5634">
    <p class='ocr_par' dir='ltr' id='par_1_60' title="bbox 421 5569 918 5634">
     <span class='ocr_line' id='line_1_60' title="bbox 421 5569 918 5634; baseline -0.006 -9"><span class='ocrx_word' id='word_1_401' title='bbox 421 5571 467 5602; x_wconf 77' lang='grc'><strong>⁸⁸</strong></span> <span class='ocrx_word' id='word_1_402' title='bbox 505 5569 673 5627; x_wconf 82' lang='lat' dir='ltr'><strong>Joan.</strong></span> <span class='ocrx_word' id='word_1_403' title='bbox 712 5585 792 5634; x_wconf 83' lang='grc' dir='ltr'>ιη,</span> <span class='ocrx_word' id='word_1_404' title='bbox 831 5570 918 5624; x_wconf 86' lang='grc'><strong>16.</strong></span> 
     </span>
    </p>
   </div>
   <div class='ocr_carea' id='block_1_61' title="bbox 351 5639 517 5697">
    <p class='ocr_par' dir='ltr' id='par_1_61' title="bbox 351 5639 517 5697">
     <span class='ocr_line' id='line_1_61' title="bbox 351 5639 517 5697; baseline -0.018 -1"><span class='ocrx_word' id='word_1_405' title='bbox 351 5639 492 5697; x_wconf 76' lang='lat' dir='ltr'><strong>LXX</strong></span> <span class='ocrx_word' id='word_1_406' title='bbox 504 5683 517 5693; x_wconf 90' lang='lat'><strong>.</strong></span> 
     </span>
    </p>
   </div>
   <div class='ocr_carea' id='block_1_62' title="bbox 424 5796 1430 5873">
    <p class='ocr_par' dir='ltr' id='par_1_62' title="bbox 424 5796 1430 5873">
     <span class='ocr_line' id='line_1_62' title="bbox 424 5796 1430 5873; baseline -0.005 -17"><span class='ocrx_word' id='word_1_407' title='bbox 424 5800 542 5873; x_wconf 73' lang='grc'><strong>(21)</strong></span> <span class='ocrx_word' id='word_1_408' title='bbox 581 5798 709 5854; x_wconf 87' lang='grc' dir='ltr'>ποῦ.</span> <span class='ocrx_word' id='word_1_409' title='bbox 739 5798 845 5854; x_wconf 78' lang='lat' dir='ltr'><strong>Alli</strong></span> <span class='ocrx_word' id='word_1_410' title='bbox 879 5799 916 5854; x_wconf 91' lang='lat' dir='ltr'><strong>l.</strong></span> <span class='ocrx_word' id='word_1_411' title='bbox 945 5813 995 5853; x_wconf 88' lang='lat' dir='ltr'><strong>c.</strong></span> <span class='ocrx_word' id='word_1_412' title='bbox 1022 5796 1228 5851; x_wconf 84' lang='lat' dir='ltr'><strong>habent</strong></span> <span class='ocrx_word' id='word_1_413' title='bbox 1258 5797 1430 5858; x_wconf 81' lang='grc' dir='ltr'>ποῖος.</span> 
     </span>
    </p>
   </div>
   <div class='ocr_carea' id='block_1_63' title="bbox 678 5887 1508 5954">
    <p class='ocr_par' dir='ltr' id='par_1_63' title="bbox 678 5887 1508 5954">
     <span class='ocr_line' id='line_1_63' title="bbox 678 5887 1508 5954; baseline -0.007 -3"><span class='ocrx_word' id='word_1_414' title='bbox 678 5890 958 5954; x_wconf 64' lang='lat' dir='ltr'><strong>Pareat.</strong></span> <span class='ocrx_word' id='word_1_415' title='bbox 1004 5888 1122 5950; x_wconf 78' lang='lat' dir='ltr'><strong>GR.</strong></span> <span class='ocrx_word' id='word_1_416' title='bbox 1169 5888 1274 5949; x_wconf 76' lang='lat' dir='ltr'><strong>LX</strong></span> <span class='ocrx_word' id='word_1_417' title='bbox 1288 5887 1508 5953; x_wconf 75' lang='lat' dir='ltr'><strong>XXIII.</strong></span> 
     </span>
    </p>
   </div>
   <div class='ocr_carea' id='block_1_64' title="bbox 1032 5567 2142 5636">
    <p class='ocr_par' dir='ltr' id='par_1_64' title="bbox 1032 5567 2142 5636">
     <span class='ocr_line' id='line_1_64' title="bbox 1032 5567 2142 5636; baseline -0.004 -12"><span class='ocrx_word' id='word_1_418' title='bbox 1032 5569 1079 5600; x_wconf 83' lang='grc'><strong>⁷⁸</strong></span> <span class='ocrx_word' id='word_1_419' title='bbox 1117 5571 1278 5624; x_wconf 83' lang='lat' dir='ltr'><strong>Rom.</strong></span> <span class='ocrx_word' id='word_1_420' title='bbox 1341 5585 1406 5636; x_wconf 77' lang='grc' dir='ltr'><strong>ν,</strong></span> <span class='ocrx_word' id='word_1_421' title='bbox 1467 5567 1552 5623; x_wconf 87' lang='grc'><strong>10.</strong></span> <span class='ocrx_word' id='word_1_422' title='bbox 1632 5569 1676 5600; x_wconf 84' lang='grc'><strong>⁷¹</strong></span> <span class='ocrx_word' id='word_1_423' title='bbox 1741 5568 1878 5624; x_wconf 87' lang='lat' dir='ltr'><strong>Gen.</strong></span> <span class='ocrx_word' id='word_1_424' title='bbox 1933 5583 2028 5636; x_wconf 72' lang='lat' dir='ltr'><strong>ru,</strong></span> <span class='ocrx_word' id='word_1_425' title='bbox 2088 5569 2142 5621; x_wconf 79' lang='grc'><strong>1.</strong></span> 
     </span>
    </p>
   </div>
   <div class='ocr_carea' id='block_1_65' title="bbox 2062 1015 3649 1085">
    <p class='ocr_par' dir='ltr' id='par_1_65' title="bbox 2062 1015 3649 1085">
     <span class='ocr_line' id='line_1_65' title="bbox 2062 1015 3649 1085; baseline 0.003 -15"><span class='ocrx_word' id='word_1_426' title='bbox 2062 1016 2387 1071; x_wconf 74' lang='lat' dir='ltr'><strong>mutationis</strong></span> <span class='ocrx_word' id='word_1_427' title='bbox 2439 1015 2864 1085; x_wconf 76' lang='lat' dir='ltr'><strong>possibilitatem</strong></span> <span class='ocrx_word' id='word_1_428' title='bbox 2902 1016 2959 1070; x_wconf 91' lang='lat' dir='ltr'><strong>in</strong></span> <span class='ocrx_word' id='word_1_429' title='bbox 2990 1017 3100 1070; x_wconf 85' lang='lat' dir='ltr'><strong>illis</strong></span> <span class='ocrx_word' id='word_1_430' title='bbox 3148 1018 3475 1085; x_wconf 85' lang='lat' dir='ltr'><strong>conceditis,</strong></span> <span class='ocrx_word' id='word_1_431' title='bbox 3505 1020 3649 1074; x_wconf 92' lang='lat' dir='ltr'><strong>Deo-</strong></span> 
     </span>
    </p>
   </div>
   <div class='ocr_carea' id='block_1_66' title="bbox 2061 1107 3648 1178">
    <p class='ocr_par' dir='ltr' id='par_1_66' title="bbox 2061 1107 3648 1178">
     <span class='ocr_line' id='line_1_66' title="bbox 2061 1107 3648 1178; baseline 0.003 -16"><span class='ocrx_word' id='word_1_432' title='bbox 2061 1119 2169 1178; x_wconf 86' lang='lat' dir='ltr'><strong>que</strong></span> <span class='ocrx_word' id='word_1_433' title='bbox 2220 1110 2566 1178; x_wconf 84' lang='lat' dir='ltr'><strong>potentiam,</strong></span> <span class='ocrx_word' id='word_1_434' title='bbox 2617 1123 2740 1178; x_wconf 64' lang='lat' dir='ltr'><strong>quae</strong></span> <span class='ocrx_word' id='word_1_435' title='bbox 2797 1107 3175 1162; x_wconf 74' lang='lat' dir='ltr'><strong>infirmitatem</strong></span> <span class='ocrx_word' id='word_1_436' title='bbox 3232 1115 3486 1176; x_wconf 87' lang='lat' dir='ltr'><strong>testatur,</strong></span> <span class='ocrx_word' id='word_1_437' title='bbox 3509 1111 3648 1166; x_wconf 80' lang='lat' dir='ltr'><strong>assi-</strong></span> 
     </span>
    </p>
   </div>
   <div class='ocr_carea' id='block_1_67' title="bbox 2060 1201 2280 1271">
    <p class='ocr_par' dir='ltr' id='par_1_67' title="bbox 2060 1201 2280 1271">
     <span class='ocr_line' id='line_1_67' title="bbox 2060 1201 2280 1271; baseline -0.005 -16"><span class='ocrx_word' id='word_1_438' title='bbox 2060 1201 2280 1271; x_wconf 74' lang='lat' dir='ltr'><strong>gnaﬁs?</strong></span> 
     </span>
    </p>
   </div>
   <div class='ocr_carea' id='block_1_68' title="bbox 2130 1291 3650 1362">
    <p class='ocr_par' dir='ltr' id='par_1_68' title="bbox 2130 1291 3650 1362">
     <span class='ocr_line' id='line_1_68' title="bbox 2130 1291 3650 1362; baseline 0 -14"><span class='ocrx_word' id='word_1_439' title='bbox 2130 1294 2336 1348; x_wconf 82' lang='lat' dir='ltr'><strong>ERAN.</strong></span> <span class='ocrx_word' id='word_1_440' title='bbox 2367 1293 2480 1348; x_wconf 87' lang='lat' dir='ltr'><strong>Hoc</strong></span> <span class='ocrx_word' id='word_1_441' title='bbox 2503 1309 2533 1348; x_wconf 94' lang='lat' dir='ltr'><strong>e</strong></span> <span class='ocrx_word' id='word_1_442' title='bbox 2566 1293 2754 1348; x_wconf 84' lang='lat' dir='ltr'><strong>divina</strong></span> <span class='ocrx_word' id='word_1_443' title='bbox 2781 1291 3068 1362; x_wconf 86' lang='lat' dir='ltr'><strong>Scriptura</strong></span> <span class='ocrx_word' id='word_1_444' title='bbox 3096 1292 3413 1347; x_wconf 87' lang='lat' dir='ltr'><strong>didicimus.</strong></span> <span class='ocrx_word' id='word_1_445' title='bbox 3437 1291 3650 1349; x_wconf 82' lang='lat' dir='ltr'><strong>Clamat</strong></span> 
     </span>
    </p>
   </div>
   <div class='ocr_carea' id='block_1_69' title="bbox 2057 1384 3645 1452">
    <p class='ocr_par' dir='ltr' id='par_1_69' title="bbox 2057 1384 3645 1452">
     <span class='ocr_line' id='line_1_69' title="bbox 2057 1384 3645 1452; baseline -0.001 -11"><span class='ocrx_word' id='word_1_446' title='bbox 2057 1386 2206 1441; x_wconf 90' lang='lat' dir='ltr'><strong>enim</strong></span> <span class='ocrx_word' id='word_1_447' title='bbox 2235 1385 2459 1440; x_wconf 85' lang='lat' dir='ltr'><strong>divinus</strong></span> <span class='ocrx_word' id='word_1_448' title='bbox 2491 1385 2729 1441; x_wconf 83' lang='lat' dir='ltr'><strong>Joannes</strong></span> <span class='ocrx_word' id='word_1_449' title='bbox 2755 1403 2767 1438; x_wconf 93' lang='lat'><strong>:</strong></span> <span class='ocrx_word' id='word_1_450' title='bbox 2802 1405 2820 1435; x_wconf 75' lang='grc' dir='ltr'><strong>ί</strong></span> <span class='ocrx_word' id='word_1_451' title='bbox 2853 1385 2945 1440; x_wconf 91' lang='lat' dir='ltr'><strong>Sic</strong></span> <span class='ocrx_word' id='word_1_452' title='bbox 2972 1386 3117 1440; x_wconf 90' lang='lat' dir='ltr'><strong>Deus</strong></span> <span class='ocrx_word' id='word_1_453' title='bbox 3141 1384 3332 1439; x_wconf 84' lang='lat' dir='ltr'><strong>dilexit</strong></span> <span class='ocrx_word' id='word_1_454' title='bbox 3359 1385 3645 1452; x_wconf 91' lang='lat' dir='ltr'><strong>mundum,</strong></span> 
     </span>
    </p>
   </div>
   <div class='ocr_carea' id='block_1_70' title="bbox 2058 1477 3651 1550">
    <p class='ocr_par' dir='ltr' id='par_1_70' title="bbox 2058 1477 3651 1550">
     <span class='ocr_line' id='line_1_70' title="bbox 2058 1477 3651 1550; baseline -0.001 -15"><span class='ocrx_word' id='word_1_455' title='bbox 2058 1488 2120 1536; x_wconf 84' lang='lat' dir='ltr'><strong>ut</strong></span> <span class='ocrx_word' id='word_1_456' title='bbox 2153 1480 2352 1534; x_wconf 88' lang='lat' dir='ltr'><strong>Filium</strong></span> <span class='ocrx_word' id='word_1_457' title='bbox 2401 1493 2561 1534; x_wconf 88' lang='lat' dir='ltr'><strong>suum</strong></span> <span class='ocrx_word' id='word_1_458' title='bbox 2593 1478 2942 1550; x_wconf 77' lang='lat' dir='ltr'><strong>unigenitum</strong></span> <span class='ocrx_word' id='word_1_459' title='bbox 2978 1478 3136 1533; x_wconf 88' lang='lat' dir='ltr'><strong>daret</strong></span> <span class='ocrx_word' id='word_1_460' title='bbox 3156 1477 3225 1532; x_wconf 70' lang='grc' dir='ltr'><strong>θ’.</strong></span> <span class='ocrx_word' id='word_1_461' title='bbox 3260 1498 3278 1529; x_wconf 73' lang='grc' dir='ltr'><strong>ι</strong></span> <span class='ocrx_word' id='word_1_462' title='bbox 3316 1478 3383 1532; x_wconf 85' lang='grc' dir='ltr'>Ει</span> <span class='ocrx_word' id='word_1_463' title='bbox 3426 1477 3651 1534; x_wconf 81' lang='lat' dir='ltr'><strong>divinus</strong></span> 
     </span>
    </p>
   </div>
   <div class='ocr_carea' id='block_1_71' title="bbox 2057 1561 3648 1636">
    <p class='ocr_par' dir='ltr' id='par_1_71' title="bbox 2057 1561 3648 1636">
     <span class='ocr_line' id='line_1_71' title="bbox 2057 1561 3648 1636; baseline 0.001 -12"><span class='ocrx_word' id='word_1_464' title='bbox 2057 1570 2261 1626; x_wconf 86' lang='lat' dir='ltr'><strong>Paulus</strong></span> <span class='ocrx_word' id='word_1_465' title='bbox 2294 1589 2306 1624; x_wconf 91' lang='lat'>:</span> <span class='ocrx_word' id='word_1_466' title='bbox 2339 1590 2356 1619; x_wconf 73' lang='grc' dir='ltr'><strong>ι</strong></span> <span class='ocrx_word' id='word_1_467' title='bbox 2403 1569 2460 1626; x_wconf 90' lang='lat' dir='ltr'><strong>Si</strong></span> <span class='ocrx_word' id='word_1_468' title='bbox 2487 1570 2798 1636; x_wconf 90' lang='lat' dir='ltr'><strong>enim,cum</strong></span> <span class='ocrx_word' id='word_1_469' title='bbox 2838 1561 3046 1624; x_wconf 88' lang='lat' dir='ltr'><strong>inimici</strong></span> <span class='ocrx_word' id='word_1_470' title='bbox 3082 1583 3358 1634; x_wconf 87' lang='lat' dir='ltr'><strong>essemus,</strong></span> <span class='ocrx_word' id='word_1_471' title='bbox 3404 1573 3648 1626; x_wconf 65' lang='lat' dir='ltr'><strong>reconcL</strong></span> 
     </span>
    </p>
   </div>
   <div class='ocr_carea' id='block_1_72' title="bbox 2058 1659 3650 1731">
    <p class='ocr_par' dir='ltr' id='par_1_72' title="bbox 2058 1659 3650 1731">
     <span class='ocr_line' id='line_1_72' title="bbox 2058 1659 3650 1731; baseline -0.002 -15"><span class='ocrx_word' id='word_1_472' title='bbox 2058 1661 2174 1716; x_wconf 84' lang='lat' dir='ltr'><strong>liati</strong></span> <span class='ocrx_word' id='word_1_473' title='bbox 2209 1677 2398 1716; x_wconf 86' lang='lat' dir='ltr'><strong>sumus</strong></span> <span class='ocrx_word' id='word_1_474' title='bbox 2421 1662 2533 1715; x_wconf 91' lang='lat' dir='ltr'><strong>Deo</strong></span> <span class='ocrx_word' id='word_1_475' title='bbox 2562 1673 2662 1730; x_wconf 87' lang='lat' dir='ltr'><strong>per</strong></span> <span class='ocrx_word' id='word_1_476' title='bbox 2687 1667 2924 1714; x_wconf 87' lang='lat' dir='ltr'><strong>mortem</strong></span> <span class='ocrx_word' id='word_1_477' title='bbox 2951 1659 3074 1714; x_wconf 87' lang='lat' dir='ltr'><strong>Filii</strong></span> <span class='ocrx_word' id='word_1_478' title='bbox 3111 1661 3254 1730; x_wconf 85' lang='lat' dir='ltr'><strong>ejus,</strong></span> <span class='ocrx_word' id='word_1_479' title='bbox 3275 1659 3450 1714; x_wconf 85' lang='lat' dir='ltr'><strong>multo</strong></span> <span class='ocrx_word' id='word_1_480' title='bbox 3476 1663 3650 1731; x_wconf 78' lang='lat' dir='ltr'><strong>magis</strong></span> 
     </span>
    </p>
   </div>
   <div class='ocr_carea' id='block_1_73' title="bbox 2058 1751 3392 1821">
    <p class='ocr_par' dir='ltr' id='par_1_73' title="bbox 2058 1751 3392 1821">
     <span class='ocr_line' id='line_1_73' title="bbox 2058 1751 3392 1821; baseline -0.004 -14"><span class='ocrx_word' id='word_1_481' title='bbox 2058 1753 2404 1809; x_wconf 86' lang='lat' dir='ltr'><strong>reconciliati</strong></span> <span class='ocrx_word' id='word_1_482' title='bbox 2435 1753 2571 1808; x_wconf 86' lang='lat' dir='ltr'><strong>salvi</strong></span> <span class='ocrx_word' id='word_1_483' title='bbox 2600 1753 2812 1807; x_wconf 89' lang='lat' dir='ltr'><strong>erimus</strong></span> <span class='ocrx_word' id='word_1_484' title='bbox 2842 1752 2898 1806; x_wconf 90' lang='lat' dir='ltr'><strong>in</strong></span> <span class='ocrx_word' id='word_1_485' title='bbox 2926 1752 3040 1806; x_wconf 85' lang='lat' dir='ltr'><strong>vita</strong></span> <span class='ocrx_word' id='word_1_486' title='bbox 3066 1751 3242 1821; x_wconf 89' lang='lat' dir='ltr'><strong>ipsius</strong></span> <span class='ocrx_word' id='word_1_487' title='bbox 3261 1752 3328 1804; x_wconf 84' lang='grc' dir='ltr'><strong>⁷ο.</strong></span> <span class='ocrx_word' id='word_1_488' title='bbox 3373 1771 3392 1802; x_wconf 81' lang='grc'><strong><em>›</em></strong></span> 
     </span>
    </p>
   </div>
   <div class='ocr_carea' id='block_1_74' title="bbox 2124 1925 3648 2004">
    <p class='ocr_par' dir='ltr' id='par_1_74' title="bbox 2124 1925 3648 2004">
     <span class='ocr_line' id='line_1_74' title="bbox 2124 1925 3648 2004; baseline -0.005 -14"><span class='ocrx_word' id='word_1_489' title='bbox 2124 1933 2285 2004; x_wconf 77' lang='grc'><strong>187</strong></span> <span class='ocrx_word' id='word_1_490' title='bbox 2336 1925 2546 1986; x_wconf 82' lang='lat' dir='ltr'><strong>ORTH.</strong></span> <span class='ocrx_word' id='word_1_491' title='bbox 2577 1931 2715 1986; x_wconf 80' lang='lat' dir='ltr'><strong>Vera</strong></span> <span class='ocrx_word' id='word_1_492' title='bbox 2738 1945 2870 1985; x_wconf 88' lang='lat' dir='ltr'><strong>sane</strong></span> <span class='ocrx_word' id='word_1_493' title='bbox 2915 1938 3046 1984; x_wconf 82' lang='lat' dir='ltr'><strong>Sunt</strong></span> <span class='ocrx_word' id='word_1_494' title='bbox 3088 1929 3196 1984; x_wconf 88' lang='lat' dir='ltr'><strong>ista</strong></span> <span class='ocrx_word' id='word_1_495' title='bbox 3229 1946 3241 1981; x_wconf 93' lang='lat'>:</span> <span class='ocrx_word' id='word_1_496' title='bbox 3273 1927 3460 1983; x_wconf 88' lang='lat' dir='ltr'><strong>divina</strong></span> <span class='ocrx_word' id='word_1_497' title='bbox 3497 1927 3648 1983; x_wconf 88' lang='lat' dir='ltr'><strong>enim</strong></span> 
     </span>
    </p>
   </div>
   <div class='ocr_carea' id='block_1_75' title="bbox 2055 2022 3647 2092">
    <p class='ocr_par' dir='ltr' id='par_1_75' title="bbox 2055 2022 3647 2092">
     <span class='ocr_line' id='line_1_75' title="bbox 2055 2022 3647 2092; baseline -0.006 -8"><span class='ocrx_word' id='word_1_498' title='bbox 2055 2037 2186 2084; x_wconf 87' lang='lat' dir='ltr'><strong>sunt</strong></span> <span class='ocrx_word' id='word_1_499' title='bbox 2215 2025 2459 2081; x_wconf 90' lang='lat' dir='ltr'><strong>oracula.</strong></span> <span class='ocrx_word' id='word_1_500' title='bbox 2498 2023 2605 2077; x_wconf 88' lang='lat' dir='ltr'><strong>Sed</strong></span> <span class='ocrx_word' id='word_1_501' title='bbox 2643 2022 2936 2077; x_wconf 85' lang='lat' dir='ltr'><strong>recordare</strong></span> <span class='ocrx_word' id='word_1_502' title='bbox 2967 2037 3161 2076; x_wconf 91' lang='lat' dir='ltr'><strong>eorum</strong></span> <span class='ocrx_word' id='word_1_503' title='bbox 3191 2036 3316 2092; x_wconf 83' lang='lat' dir='ltr'><strong>quae</strong></span> <span class='ocrx_word' id='word_1_504' title='bbox 3345 2035 3489 2091; x_wconf 64' lang='lat' dir='ltr'><strong>saepe</strong></span> <span class='ocrx_word' id='word_1_505' title='bbox 3512 2035 3647 2076; x_wconf 89' lang='lat' dir='ltr'><strong>con-</strong></span> 
     </span>
    </p>
   </div>
   <div class='ocr_carea' id='block_1_76' title="bbox 2058 2119 2428 2175">
    <p class='ocr_par' dir='ltr' id='par_1_76' title="bbox 2058 2119 2428 2175">
     <span class='ocr_line' id='line_1_76' title="bbox 2058 2119 2428 2175; baseline -0.011 -1"><span class='ocrx_word' id='word_1_506' title='bbox 2058 2119 2184 2175; x_wconf 81' lang='lat' dir='ltr'><strong>fessi</strong></span> <span class='ocrx_word' id='word_1_507' title='bbox 2215 2132 2428 2173; x_wconf 91' lang='lat' dir='ltr'><strong>sumus.</strong></span> 
     </span>
    </p>
   </div>
   <div class='ocr_carea' id='block_1_77' title="bbox 2130 2204 2846 2282">
    <p class='ocr_par' dir='ltr' id='par_1_77' title="bbox 2130 2204 2846 2282">
     <span class='ocr_line' id='line_1_77' title="bbox 2130 2204 2846 2282; baseline -0.008 -18"><span class='ocrx_word' id='word_1_508' title='bbox 2130 2207 2338 2264; x_wconf 82' lang='lat' dir='ltr'><strong>ERAN.</strong></span> <span class='ocrx_word' id='word_1_509' title='bbox 2373 2206 2633 2273; x_wconf 56' lang='lat' dir='ltr'><strong>Quanam</strong></span> <span class='ocrx_word' id='word_1_510' title='bbox 2656 2204 2846 2282; x_wconf 84' lang='lat' dir='ltr'><strong>dicis?</strong></span> 
     </span>
    </p>
   </div>
   <div class='ocr_carea' id='block_1_78' title="bbox 2121 2286 3648 2364">
    <p class='ocr_par' dir='ltr' id='par_1_78' title="bbox 2121 2286 3648 2364">
     <span class='ocr_line' id='line_1_78' title="bbox 2121 2286 3648 2364; baseline -0.005 -7"><span class='ocrx_word' id='word_1_511' title='bbox 2121 2300 2332 2357; x_wconf 82' lang='lat' dir='ltr'><strong>ORTH.</strong></span> <span class='ocrx_word' id='word_1_512' title='bbox 2366 2298 2523 2364; x_wconf 85' lang='lat' dir='ltr'><strong>Quod</strong></span> <span class='ocrx_word' id='word_1_513' title='bbox 2549 2297 2749 2352; x_wconf 86' lang='lat' dir='ltr'><strong>Filium</strong></span> <span class='ocrx_word' id='word_1_514' title='bbox 2785 2295 2904 2362; x_wconf 88' lang='lat' dir='ltr'><strong>Dei,</strong></span> <span class='ocrx_word' id='word_1_515' title='bbox 2936 2295 3111 2351; x_wconf 87' lang='lat' dir='ltr'><strong>Deum</strong></span> <span class='ocrx_word' id='word_1_516' title='bbox 3133 2286 3402 2359; x_wconf 74' lang='lat' dir='ltr'><strong>Verbum,</strong></span> <span class='ocrx_word' id='word_1_517' title='bbox 3423 2309 3535 2349; x_wconf 89' lang='lat' dir='ltr'><strong>non</strong></span> <span class='ocrx_word' id='word_1_518' title='bbox 3560 2293 3648 2350; x_wconf 89' lang='lat' dir='ltr'><strong>in-</strong></span> 
     </span>
    </p>
   </div>
   <div class='ocr_carea' id='block_1_79' title="bbox 2055 2384 3648 2464">
    <p class='ocr_par' dir='ltr' id='par_1_79' title="bbox 2055 2384 3648 2464">
     <span class='ocr_line' id='line_1_79' title="bbox 2055 2384 3648 2464; baseline -0.006 -14"><span class='ocrx_word' id='word_1_519' title='bbox 2055 2407 2384 2464; x_wconf 89' lang='lat' dir='ltr'><strong>corporeum</strong></span> <span class='ocrx_word' id='word_1_520' title='bbox 2412 2390 2736 2460; x_wconf 88' lang='lat' dir='ltr'><strong>apparuisse</strong></span> <span class='ocrx_word' id='word_1_521' title='bbox 2767 2387 3007 2443; x_wconf 81' lang='lat' dir='ltr'><strong>confessi</strong></span> <span class='ocrx_word' id='word_1_522' title='bbox 3033 2401 3246 2451; x_wconf 79' lang='lat' dir='ltr'><strong>sumus,</strong></span> <span class='ocrx_word' id='word_1_523' title='bbox 3278 2384 3376 2441; x_wconf 83' lang='lat' dir='ltr'><strong>sed</strong></span> <span class='ocrx_word' id='word_1_524' title='bbox 3396 2397 3648 2440; x_wconf 86' lang='lat' dir='ltr'><strong>naturam</strong></span> 
     </span>
    </p>
   </div>
   <div class='ocr_carea' id='block_1_80' title="bbox 2057 2479 3087 2551">
    <p class='ocr_par' dir='ltr' id='par_1_80' title="bbox 2057 2479 3087 2551">
     <span class='ocr_line' id='line_1_80' title="bbox 2057 2479 3087 2551; baseline -0.007 -12"><span class='ocrx_word' id='word_1_525' title='bbox 2057 2486 2351 2539; x_wconf 89' lang='lat' dir='ltr'><strong>humanam</strong></span> <span class='ocrx_word' id='word_1_526' title='bbox 2379 2481 2676 2551; x_wconf 86' lang='lat' dir='ltr'><strong>perfectam</strong></span> <span class='ocrx_word' id='word_1_527' title='bbox 2699 2479 3087 2548; x_wconf 89' lang='lat' dir='ltr'><strong>assumpsisse.</strong></span> 
     </span>
    </p>
   </div>
   <div class='ocr_carea' id='block_1_81' title="bbox 2121 2571 2977 2631">
    <p class='ocr_par' dir='ltr' id='par_1_81' title="bbox 2121 2571 2977 2631">
     <span class='ocr_line' id='line_1_81' title="bbox 2121 2571 2977 2631; baseline -0.011 0"><span class='ocrx_word' id='word_1_528' title='bbox 2121 2575 2328 2631; x_wconf 76' lang='lat' dir='ltr'><strong>ERAN.</strong></span> <span class='ocrx_word' id='word_1_529' title='bbox 2354 2571 2480 2626; x_wconf 65' lang='lat' dir='ltr'><strong>llaec</strong></span> <span class='ocrx_word' id='word_1_530' title='bbox 2500 2571 2738 2626; x_wconf 85' lang='lat' dir='ltr'><strong>confessi</strong></span> <span class='ocrx_word' id='word_1_531' title='bbox 2764 2585 2977 2624; x_wconf 90' lang='lat' dir='ltr'><strong>sumus.</strong></span> 
     </span>
    </p>
   </div>
   <div class='ocr_carea' id='block_1_82' title="bbox 2119 2658 3649 2735">
    <p class='ocr_par' dir='ltr' id='par_1_82' title="bbox 2119 2658 3649 2735">
     <span class='ocr_line' id='line_1_82' title="bbox 2119 2658 3649 2735; baseline -0.008 -11"><span class='ocrx_word' id='word_1_532' title='bbox 2119 2664 2328 2724; x_wconf 81' lang='lat' dir='ltr'><strong>ORTH.</strong></span> <span class='ocrx_word' id='word_1_533' title='bbox 2359 2664 2416 2720; x_wconf 90' lang='lat' dir='ltr'><strong>Si</strong></span> <span class='ocrx_word' id='word_1_534' title='bbox 2441 2663 2608 2735; x_wconf 75' lang='lat' dir='ltr'><strong>igitur</strong></span> <span class='ocrx_word' id='word_1_535' title='bbox 2638 2678 2840 2733; x_wconf 91' lang='lat' dir='ltr'><strong>corpus</strong></span> <span class='ocrx_word' id='word_1_536' title='bbox 2862 2670 2917 2716; x_wconf 86' lang='lat' dir='ltr'><strong>et</strong></span> <span class='ocrx_word' id='word_1_537' title='bbox 2942 2663 3182 2716; x_wconf 87' lang='lat' dir='ltr'><strong>animam</strong></span> <span class='ocrx_word' id='word_1_538' title='bbox 3220 2659 3518 2729; x_wconf 86' lang='lat' dir='ltr'><strong>assumpsit</strong></span> <span class='ocrx_word' id='word_1_539' title='bbox 3547 2658 3649 2713; x_wconf 89' lang='lat' dir='ltr'><strong>hu-</strong></span> 
     </span>
    </p>
   </div>
   <div class='ocr_carea' id='block_1_83' title="bbox 2055 2751 3648 2825">
    <p class='ocr_par' dir='ltr' id='par_1_83' title="bbox 2055 2751 3648 2825">
     <span class='ocr_line' id='line_1_83' title="bbox 2055 2751 3648 2825; baseline -0.008 -7"><span class='ocrx_word' id='word_1_540' title='bbox 2055 2758 2415 2825; x_wconf 88' lang='lat' dir='ltr'><strong>manam,hac</strong></span> <span class='ocrx_word' id='word_1_541' title='bbox 2449 2756 2518 2811; x_wconf 82' lang='lat' dir='ltr'><strong>de</strong></span> <span class='ocrx_word' id='word_1_542' title='bbox 2541 2771 2706 2811; x_wconf 87' lang='lat' dir='ltr'><strong>causa</strong></span> <span class='ocrx_word' id='word_1_543' title='bbox 2747 2755 2912 2810; x_wconf 87' lang='lat' dir='ltr'><strong>etiam</strong></span> <span class='ocrx_word' id='word_1_544' title='bbox 2941 2753 3115 2808; x_wconf 87' lang='lat' dir='ltr'><strong>Filius</strong></span> <span class='ocrx_word' id='word_1_545' title='bbox 3144 2752 3384 2807; x_wconf 89' lang='lat' dir='ltr'><strong>hominis</strong></span> <span class='ocrx_word' id='word_1_546' title='bbox 3408 2751 3648 2822; x_wconf 75' lang='lat' dir='ltr'><strong>appella-</strong></span> 
     </span>
    </p>
   </div>
   <div class='ocr_carea' id='block_1_84' title="bbox 2056 2858 2276 2910">
    <p class='ocr_par' dir='ltr' id='par_1_84' title="bbox 2056 2858 2276 2910">
     <span class='ocr_line' id='line_1_84' title="bbox 2056 2858 2276 2910; baseline -0.032 0"><span class='ocrx_word' id='word_1_547' title='bbox 2056 2865 2144 2910; x_wconf 91' lang='lat' dir='ltr'><strong>tus</strong></span> <span class='ocrx_word' id='word_1_548' title='bbox 2174 2858 2276 2908; x_wconf 86' lang='lat' dir='ltr'><strong>est.</strong></span> 
     </span>
    </p>
   </div>
   <div class='ocr_carea' id='block_1_85' title="bbox 2121 2943 2710 3000">
    <p class='ocr_par' dir='ltr' id='par_1_85' title="bbox 2121 2943 2710 3000">
     <span class='ocr_line' id='line_1_85' title="bbox 2121 2943 2710 3000; baseline -0.017 0"><span class='ocrx_word' id='word_1_549' title='bbox 2121 2944 2330 3000; x_wconf 79' lang='lat' dir='ltr'><strong>ERAN.</strong></span> <span class='ocrx_word' id='word_1_550' title='bbox 2366 2943 2572 2998; x_wconf 79' lang='lat' dir='ltr'><strong>Verum</strong></span> <span class='ocrx_word' id='word_1_551' title='bbox 2607 2947 2710 2994; x_wconf 83' lang='lat' dir='ltr'><strong>est.</strong></span> 
     </span>
    </p>
   </div>
   <div class='ocr_carea' id='block_1_86' title="bbox 2117 3025 3648 3101">
    <p class='ocr_par' dir='ltr' id='par_1_86' title="bbox 2117 3025 3648 3101">
     <span class='ocr_line' id='line_1_86' title="bbox 2117 3025 3648 3101; baseline -0.007 -8"><span class='ocrx_word' id='word_1_552' title='bbox 2117 3037 2327 3093; x_wconf 82' lang='lat' dir='ltr'><strong>ORTH.</strong></span> <span class='ocrx_word' id='word_1_553' title='bbox 2369 3035 2639 3091; x_wconf 92' lang='lat' dir='ltr'><strong>Dominus</strong></span> <span class='ocrx_word' id='word_1_554' title='bbox 2668 3045 2800 3101; x_wconf 79' lang='lat' dir='ltr'><strong>ergo</strong></span> <span class='ocrx_word' id='word_1_555' title='bbox 2838 3029 2998 3085; x_wconf 70' lang='lat' dir='ltr'><strong>Iesus</strong></span> <span class='ocrx_word' id='word_1_556' title='bbox 3032 3028 3287 3084; x_wconf 85' lang='lat' dir='ltr'><strong>Christus</strong></span> <span class='ocrx_word' id='word_1_557' title='bbox 3328 3025 3498 3081; x_wconf 88' lang='lat' dir='ltr'><strong>etiam</strong></span> <span class='ocrx_word' id='word_1_558' title='bbox 3518 3041 3648 3083; x_wconf 80' lang='lat' dir='ltr'><strong>vere</strong></span> 
     </span>
    </p>
   </div>
   <div class='ocr_carea' id='block_1_87' title="bbox 2055 3119 3648 3185">
    <p class='ocr_par' dir='ltr' id='par_1_87' title="bbox 2055 3119 3648 3185">
     <span class='ocr_line' id='line_1_87' title="bbox 2055 3119 3648 3185; baseline -0.009 1"><span class='ocrx_word' id='word_1_559' title='bbox 2055 3132 2201 3185; x_wconf 91' lang='lat' dir='ltr'><strong>Deus</strong></span> <span class='ocrx_word' id='word_1_560' title='bbox 2244 3136 2433 3183; x_wconf 86' lang='lat' dir='ltr'><strong>noster</strong></span> <span class='ocrx_word' id='word_1_561' title='bbox 2463 3131 2567 3179; x_wconf 83' lang='lat' dir='ltr'><strong>est.</strong></span> <span class='ocrx_word' id='word_1_562' title='bbox 2607 3120 2814 3176; x_wconf 88' lang='lat' dir='ltr'><strong>Harum</strong></span> <span class='ocrx_word' id='word_1_563' title='bbox 2843 3120 2992 3174; x_wconf 89' lang='lat' dir='ltr'><strong>enim</strong></span> <span class='ocrx_word' id='word_1_564' title='bbox 3025 3128 3346 3174; x_wconf 86' lang='lat' dir='ltr'><strong>naturarum</strong></span> <span class='ocrx_word' id='word_1_565' title='bbox 3368 3159 3382 3183; x_wconf 96' lang='lat'><strong>,</strong></span> <span class='ocrx_word' id='word_1_566' title='bbox 3418 3119 3648 3174; x_wconf 83' lang='lat' dir='ltr'><strong>alteram</strong></span> 
     </span>
    </p>
   </div>
   <div class='ocr_carea' id='block_1_88' title="bbox 1976 3191 3291 3292">
    <p class='ocr_par' dir='ltr' id='par_1_88' title="bbox 1976 3191 3291 3292">
     <span class='ocr_line' id='line_1_88' title="bbox 1976 3191 3291 3292; baseline -0.013 -13"><span class='ocrx_word' id='word_1_567' title='bbox 1976 3191 2018 3246; x_wconf 64' lang='grc' dir='ltr'>Ο</span> <span class='ocrx_word' id='word_1_568' title='bbox 2055 3235 2272 3292; x_wconf 88' lang='lat' dir='ltr'><strong>semper</strong></span> <span class='ocrx_word' id='word_1_569' title='bbox 2301 3217 2517 3282; x_wconf 88' lang='lat' dir='ltr'><strong>habuit,</strong></span> <span class='ocrx_word' id='word_1_570' title='bbox 2554 3215 2786 3270; x_wconf 89' lang='lat' dir='ltr'><strong>alteram</strong></span> <span class='ocrx_word' id='word_1_571' title='bbox 2811 3227 2943 3268; x_wconf 83' lang='lat' dir='ltr'><strong>vere</strong></span> <span class='ocrx_word' id='word_1_572' title='bbox 2972 3209 3291 3281; x_wconf 86' lang='lat' dir='ltr'><strong>assumpsit.</strong></span> 
     </span>
    </p>
   </div>
   <div class='ocr_carea' id='block_1_89' title="bbox 2124 3303 3322 3370">
    <p class='ocr_par' dir='ltr' id='par_1_89' title="bbox 2124 3303 3322 3370">
     <span class='ocr_line' id='line_1_89' title="bbox 2124 3303 3322 3370; baseline -0.013 0"><span class='ocrx_word' id='word_1_573' title='bbox 2124 3313 2332 3370; x_wconf 79' lang='lat' dir='ltr'><strong>ERAN.</strong></span> <span class='ocrx_word' id='word_1_574' title='bbox 2357 3310 2484 3366; x_wconf 82' lang='lat' dir='ltr'><strong>Ilaec</strong></span> <span class='ocrx_word' id='word_1_575' title='bbox 2513 3317 2643 3364; x_wconf 88' lang='lat' dir='ltr'><strong>sunt</strong></span> <span class='ocrx_word' id='word_1_576' title='bbox 2670 3315 2826 3362; x_wconf 82' lang='lat' dir='ltr'><strong>extra</strong></span> <span class='ocrx_word' id='word_1_577' title='bbox 2848 3303 3322 3370; x_wconf 32' lang='lat' dir='ltr'><strong>controversiam“</strong></span> 
     </span>
    </p>
   </div>
   <div class='ocr_carea' id='block_1_90' title="bbox 2120 3395 3649 3475">
    <p class='ocr_par' dir='ltr' id='par_1_90' title="bbox 2120 3395 3649 3475">
     <span class='ocr_line' id='line_1_90' title="bbox 2120 3395 3649 3475; baseline -0.01 -11"><span class='ocrx_word' id='word_1_578' title='bbox 2120 3405 2330 3464; x_wconf 81' lang='lat' dir='ltr'><strong>ORTII.</strong></span> <span class='ocrx_word' id='word_1_579' title='bbox 2378 3404 2523 3475; x_wconf 81' lang='lat' dir='ltr'><strong>Ergo</strong></span> <span class='ocrx_word' id='word_1_580' title='bbox 2571 3411 2635 3457; x_wconf 84' lang='lat' dir='ltr'><strong>ut</strong></span> <span class='ocrx_word' id='word_1_581' title='bbox 2688 3401 2854 3454; x_wconf 89' lang='lat' dir='ltr'><strong>homo</strong></span> <span class='ocrx_word' id='word_1_582' title='bbox 2895 3396 3208 3468; x_wconf 87' lang='lat' dir='ltr'><strong>passionem</strong></span> <span class='ocrx_word' id='word_1_583' title='bbox 3255 3395 3541 3458; x_wconf 88' lang='lat' dir='ltr'><strong>sustinuit,</strong></span> <span class='ocrx_word' id='word_1_584' title='bbox 3588 3401 3649 3449; x_wconf 88' lang='lat' dir='ltr'><strong>ut</strong></span> 
     </span>
    </p>
   </div>
   <div class='ocr_carea' id='block_1_91' title="bbox 2054 3493 2701 3568">
    <p class='ocr_par' dir='ltr' id='par_1_91' title="bbox 2054 3493 2701 3568">
     <span class='ocr_line' id='line_1_91' title="bbox 2054 3493 2701 3568; baseline -0.014 -14"><span class='ocrx_word' id='word_1_585' title='bbox 2054 3499 2200 3556; x_wconf 88' lang='lat' dir='ltr'><strong>Deus</strong></span> <span class='ocrx_word' id='word_1_586' title='bbox 2226 3497 2339 3568; x_wconf 91' lang='lat' dir='ltr'><strong>pati</strong></span> <span class='ocrx_word' id='word_1_587' title='bbox 2362 3511 2473 3550; x_wconf 91' lang='lat' dir='ltr'><strong>non</strong></span> <span class='ocrx_word' id='word_1_588' title='bbox 2499 3493 2701 3564; x_wconf 90' lang='lat' dir='ltr'><strong>potuit.</strong></span> 
     </span>
    </p>
   </div>
   <div class='ocr_carea' id='block_1_92' title="bbox 2122 3575 3644 3651">
    <p class='ocr_par' dir='ltr' id='par_1_92' title="bbox 2122 3575 3644 3651">
     <span class='ocr_line' id='line_1_92' title="bbox 2122 3575 3644 3651; baseline -0.009 -9"><span class='ocrx_word' id='word_1_589' title='bbox 2122 3585 2330 3642; x_wconf 84' lang='lat' dir='ltr'><strong>ERAN.</strong></span> <span class='ocrx_word' id='word_1_590' title='bbox 2360 3582 2650 3650; x_wconf 84' lang='lat' dir='ltr'><strong>Quomodo</strong></span> <span class='ocrx_word' id='word_1_591' title='bbox 2682 3581 2851 3651; x_wconf 82' lang='lat' dir='ltr'><strong>igitur</strong></span> <span class='ocrx_word' id='word_1_592' title='bbox 2897 3593 3053 3634; x_wconf 88' lang='lat' dir='ltr'><strong>sacra</strong></span> <span class='ocrx_word' id='word_1_593' title='bbox 3093 3576 3415 3647; x_wconf 82' lang='lat' dir='ltr'><strong>Scriptura‘</strong></span> <span class='ocrx_word' id='word_1_594' title='bbox 3446 3575 3644 3630; x_wconf 87' lang='lat' dir='ltr'><strong>Filium</strong></span> 
     </span>
    </p>
   </div>
   <div class='ocr_carea' id='block_1_93' title="bbox 2053 3674 2758 3750">
    <p class='ocr_par' dir='ltr' id='par_1_93' title="bbox 2053 3674 2758 3750">
     <span class='ocr_line' id='line_1_93' title="bbox 2053 3674 2758 3750; baseline -0.014 -14"><span class='ocrx_word' id='word_1_595' title='bbox 2053 3674 2151 3736; x_wconf 86' lang='lat' dir='ltr'><strong>Dei</strong></span> <span class='ocrx_word' id='word_1_596' title='bbox 2186 3693 2410 3750; x_wconf 88' lang='lat' dir='ltr'><strong>passum</strong></span> <span class='ocrx_word' id='word_1_597' title='bbox 2442 3691 2565 3732; x_wconf 87' lang='lat' dir='ltr'><strong>esse</strong></span> <span class='ocrx_word' id='word_1_598' title='bbox 2589 3674 2758 3729; x_wconf 86' lang='lat' dir='ltr'><strong>dicit?</strong></span> 
     </span>
    </p>
   </div>
   <div class='ocr_carea' id='block_1_94' title="bbox 2117 3758 3646 3835">
    <p class='ocr_par' dir='ltr' id='par_1_94' title="bbox 2117 3758 3646 3835">
     <span class='ocr_line' id='line_1_94' title="bbox 2117 3758 3646 3835; baseline -0.012 -8"><span class='ocrx_word' id='word_1_599' title='bbox 2117 3769 2327 3828; x_wconf 82' lang='lat' dir='ltr'><strong>ORTH.</strong></span> <span class='ocrx_word' id='word_1_600' title='bbox 2365 3768 2504 3835; x_wconf 85' lang='lat' dir='ltr'><strong>Quia</strong></span> <span class='ocrx_word' id='word_1_601' title='bbox 2529 3781 2731 3835; x_wconf 90' lang='lat' dir='ltr'><strong>corpus</strong></span> <span class='ocrx_word' id='word_1_602' title='bbox 2763 3764 2909 3835; x_wconf 89' lang='lat' dir='ltr'><strong>quod</strong></span> <span class='ocrx_word' id='word_1_603' title='bbox 2942 3777 3163 3834; x_wconf 89' lang='lat' dir='ltr'><strong>passum</strong></span> <span class='ocrx_word' id='word_1_604' title='bbox 3189 3767 3293 3824; x_wconf 90' lang='lat' dir='ltr'><strong>est,</strong></span> <span class='ocrx_word' id='word_1_605' title='bbox 3324 3758 3500 3829; x_wconf 90' lang='lat' dir='ltr'><strong>ipsius</strong></span> <span class='ocrx_word' id='word_1_606' title='bbox 3527 3772 3646 3811; x_wconf 84' lang='lat' dir='ltr'><strong>cor-</strong></span> 
     </span>
    </p>
   </div>
   <div class='ocr_carea' id='block_1_95' title="bbox 2053 3847 3644 3935">
    <p class='ocr_par' dir='ltr' id='par_1_95' title="bbox 2053 3847 3644 3935">
     <span class='ocr_line' id='line_1_95' title="bbox 2053 3847 3644 3935; baseline -0.011 -16"><span class='ocrx_word' id='word_1_607' title='bbox 2053 3880 2157 3935; x_wconf 93' lang='lat' dir='ltr'><strong>pus</strong></span> <span class='ocrx_word' id='word_1_608' title='bbox 2182 3870 2319 3917; x_wconf 89' lang='lat' dir='ltr'><strong>erat.</strong></span> <span class='ocrx_word' id='word_1_609' title='bbox 2356 3860 2448 3916; x_wconf 85' lang='lat' dir='ltr'><strong>Sic</strong></span> <span class='ocrx_word' id='word_1_610' title='bbox 2475 3867 2661 3915; x_wconf 88' lang='lat' dir='ltr'><strong>autem</strong></span> <span class='ocrx_word' id='word_1_611' title='bbox 2685 3871 2800 3912; x_wconf 88' lang='lat' dir='ltr'><strong>rem</strong></span> <span class='ocrx_word' id='word_1_612' title='bbox 2832 3853 3270 3910; x_wconf 87' lang='lat' dir='ltr'><strong>consideremus.</strong></span> <span class='ocrx_word' id='word_1_613' title='bbox 3315 3849 3454 3905; x_wconf 88' lang='lat' dir='ltr'><strong>Cum</strong></span> <span class='ocrx_word' id='word_1_614' title='bbox 3485 3847 3644 3903; x_wconf 86' lang='lat' dir='ltr'><strong>audi-</strong></span> 
     </span>
    </p>
   </div>
   <div class='ocr_carea' id='block_1_96' title="bbox 2052 3945 3644 4021">
    <p class='ocr_par' dir='ltr' id='par_1_96' title="bbox 2052 3945 3644 4021">
     <span class='ocr_line' id='line_1_96' title="bbox 2052 3945 3644 4021; baseline -0.01 -10"><span class='ocrx_word' id='word_1_615' title='bbox 2052 3971 2177 4011; x_wconf 93' lang='lat' dir='ltr'><strong>mus</strong></span> <span class='ocrx_word' id='word_1_616' title='bbox 2193 3969 2404 4010; x_wconf 89' lang='lat' dir='ltr'><strong>sacram</strong></span> <span class='ocrx_word' id='word_1_617' title='bbox 2434 3951 2778 4021; x_wconf 88' lang='lat' dir='ltr'><strong>Scripturam</strong></span> <span class='ocrx_word' id='word_1_618' title='bbox 2799 3947 3076 4002; x_wconf 87' lang='lat' dir='ltr'><strong>dicentem</strong></span> <span class='ocrx_word' id='word_1_619' title='bbox 3094 3963 3137 3999; x_wconf 76' lang='grc' dir='ltr'><strong>ε(</strong></span> <span class='ocrx_word' id='word_1_620' title='bbox 3152 3945 3380 4000; x_wconf 87' lang='lat' dir='ltr'><strong>Factum</strong></span> <span class='ocrx_word' id='word_1_621' title='bbox 3403 3950 3644 4006; x_wconf 89' lang='lat' dir='ltr'><strong>est,cum</strong></span> 
     </span>
    </p>
   </div>
   <div class='ocr_carea' id='block_1_97' title="bbox 2051 4033 3642 4112">
    <p class='ocr_par' dir='ltr' id='par_1_97' title="bbox 2051 4033 3642 4112">
     <span class='ocr_line' id='line_1_97' title="bbox 2051 4033 3642 4112; baseline -0.012 -8"><span class='ocrx_word' id='word_1_622' title='bbox 2051 4047 2435 4104; x_wconf 87' lang='lat' dir='ltr'><strong>consenuisset</strong></span> <span class='ocrx_word' id='word_1_623' title='bbox 2476 4044 2628 4099; x_wconf 91' lang='lat' dir='ltr'><strong>Isaac</strong></span> <span class='ocrx_word' id='word_1_624' title='bbox 2649 4082 2663 4105; x_wconf 95' lang='lat'><strong>,</strong></span> <span class='ocrx_word' id='word_1_625' title='bbox 2698 4041 3081 4112; x_wconf 82' lang='lat' dir='ltr'><strong>caligaverunt</strong></span> <span class='ocrx_word' id='word_1_626' title='bbox 3109 4036 3256 4093; x_wconf 90' lang='lat' dir='ltr'><strong>oculi</strong></span> <span class='ocrx_word' id='word_1_627' title='bbox 3283 4035 3425 4106; x_wconf 81' lang='lat' dir='ltr'><strong>ejus,</strong></span> <span class='ocrx_word' id='word_1_628' title='bbox 3473 4043 3530 4089; x_wconf 93' lang='lat' dir='ltr'><strong>et</strong></span> <span class='ocrx_word' id='word_1_629' title='bbox 3554 4033 3642 4086; x_wconf 82' lang='lat' dir='ltr'><strong>vi-</strong></span> 
     </span>
    </p>
   </div>
   <div class='ocr_carea' id='block_1_98' title="bbox 2053 4123 3643 4207">
    <p class='ocr_par' dir='ltr' id='par_1_98' title="bbox 2053 4123 3643 4207">
     <span class='ocr_line' id='line_1_98' title="bbox 2053 4123 3643 4207; baseline -0.012 -11"><span class='ocrx_word' id='word_1_630' title='bbox 2053 4141 2184 4196; x_wconf 89' lang='lat' dir='ltr'><strong>dere</strong></span> <span class='ocrx_word' id='word_1_631' title='bbox 2210 4155 2320 4193; x_wconf 90' lang='lat' dir='ltr'><strong>non</strong></span> <span class='ocrx_word' id='word_1_632' title='bbox 2348 4143 2564 4207; x_wconf 87' lang='lat' dir='ltr'><strong>poterat</strong></span> <span class='ocrx_word' id='word_1_633' title='bbox 2585 4133 2653 4198; x_wconf 80' lang='lat'><strong>&quot;,</strong></span> <span class='ocrx_word' id='word_1_634' title='bbox 2697 4152 2715 4184; x_wconf 70' lang='grc' dir='ltr'><strong><em>ι</em></strong></span> <span class='ocrx_word' id='word_1_635' title='bbox 2750 4147 2908 4186; x_wconf 90' lang='lat' dir='ltr'><strong>mens</strong></span> <span class='ocrx_word' id='word_1_636' title='bbox 2933 4138 3123 4185; x_wconf 89' lang='lat' dir='ltr'><strong>nostra</strong></span> <span class='ocrx_word' id='word_1_637' title='bbox 3145 4143 3255 4199; x_wconf 87' lang='lat' dir='ltr'><strong>quo</strong></span> <span class='ocrx_word' id='word_1_638' title='bbox 3279 4127 3475 4189; x_wconf 82' lang='lat' dir='ltr'><strong>fertur,</strong></span> <span class='ocrx_word' id='word_1_639' title='bbox 3506 4131 3562 4179; x_wconf 86' lang='lat' dir='ltr'><strong>et</strong></span> <span class='ocrx_word' id='word_1_640' title='bbox 3588 4123 3643 4178; x_wconf 90' lang='lat' dir='ltr'><strong>in</strong></span> 
     </span>
    </p>
   </div>
   <div class='ocr_carea' id='block_1_99' title="bbox 2052 4213 3492 4305">
    <p class='ocr_par' dir='ltr' id='par_1_99' title="bbox 2052 4213 3492 4305">
     <span class='ocr_line' id='line_1_99' title="bbox 2052 4213 3492 4305; baseline -0.017 -15"><span class='ocrx_word' id='word_1_641' title='bbox 2052 4250 2162 4305; x_wconf 89' lang='lat' dir='ltr'><strong>quo</strong></span> <span class='ocrx_word' id='word_1_642' title='bbox 2191 4228 2488 4302; x_wconf 82' lang='lat' dir='ltr'><strong>deligitur?</strong></span> <span class='ocrx_word' id='word_1_643' title='bbox 2521 4227 2574 4280; x_wconf 88' lang='lat' dir='ltr'><strong>in</strong></span> <span class='ocrx_word' id='word_1_644' title='bbox 2609 4225 2792 4278; x_wconf 88' lang='lat' dir='ltr'><strong>anima</strong></span> <span class='ocrx_word' id='word_1_645' title='bbox 2819 4223 3011 4284; x_wconf 88' lang='lat' dir='ltr'><strong>lsaaci,</strong></span> <span class='ocrx_word' id='word_1_646' title='bbox 3039 4237 3109 4274; x_wconf 91' lang='lat' dir='ltr'><strong>an</strong></span> <span class='ocrx_word' id='word_1_647' title='bbox 3139 4220 3194 4272; x_wconf 92' lang='lat' dir='ltr'><strong>in</strong></span> <span class='ocrx_word' id='word_1_648' title='bbox 3220 4213 3492 4285; x_wconf 82' lang='lat' dir='ltr'><strong>corpore?</strong></span> 
     </span>
    </p>
   </div>
   <div class='ocr_carea' id='block_1_100' title="bbox 2122 4312 3261 4384">
    <p class='ocr_par' dir='ltr' id='par_1_100' title="bbox 2122 4312 3261 4384">
     <span class='ocr_line' id='line_1_100' title="bbox 2122 4312 3261 4384; baseline -0.015 -4"><span class='ocrx_word' id='word_1_649' title='bbox 2122 4322 2332 4380; x_wconf 73' lang='lat' dir='ltr'><strong>ERAN.</strong></span> <span class='ocrx_word' id='word_1_650' title='bbox 2355 4320 2579 4376; x_wconf 88' lang='lat' dir='ltr'><strong>Clarum</strong></span> <span class='ocrx_word' id='word_1_651' title='bbox 2608 4324 2713 4379; x_wconf 90' lang='lat' dir='ltr'><strong>est,</strong></span> <span class='ocrx_word' id='word_1_652' title='bbox 2739 4313 2887 4384; x_wconf 88' lang='lat' dir='ltr'><strong>quod</strong></span> <span class='ocrx_word' id='word_1_653' title='bbox 2917 4312 2973 4366; x_wconf 90' lang='lat' dir='ltr'><strong>in</strong></span> <span class='ocrx_word' id='word_1_654' title='bbox 3009 4324 3261 4380; x_wconf 89' lang='lat' dir='ltr'><strong>corpore.</strong></span> 
     </span>
    </p>
   </div>
   <div class='ocr_carea' id='block_1_101' title="bbox 2114 4395 3646 4478">
    <p class='ocr_par' dir='ltr' id='par_1_101' title="bbox 2114 4395 3646 4478">
     <span class='ocr_line' id='line_1_101' title="bbox 2114 4395 3646 4478; baseline -0.014 -8"><span class='ocrx_word' id='word_1_655' title='bbox 2114 4411 2324 4470; x_wconf 81' lang='lat' dir='ltr'><strong>ORTH.</strong></span> <span class='ocrx_word' id='word_1_656' title='bbox 2367 4411 2522 4466; x_wconf 86' lang='lat' dir='ltr'><strong>Anne</strong></span> <span class='ocrx_word' id='word_1_657' title='bbox 2553 4407 2722 4478; x_wconf 81' lang='lat' dir='ltr'><strong>igitur</strong></span> <span class='ocrx_word' id='word_1_658' title='bbox 2760 4405 3000 4460; x_wconf 86' lang='lat' dir='ltr'><strong>animam</strong></span> <span class='ocrx_word' id='word_1_659' title='bbox 3032 4415 3251 4472; x_wconf 89' lang='lat' dir='ltr'><strong>quoque</strong></span> <span class='ocrx_word' id='word_1_660' title='bbox 3275 4395 3539 4454; x_wconf 65' lang='lat' dir='ltr'><strong>caecitatis</strong></span> <span class='ocrx_word' id='word_1_661' title='bbox 3573 4395 3646 4450; x_wconf 74' lang='lat' dir='ltr'><strong>il-</strong></span> 
     </span>
    </p>
   </div>
   <div class='ocr_carea' id='block_1_102' title="bbox 1984 4493 3118 4591">
    <p class='ocr_par' dir='ltr' id='par_1_102' title="bbox 1984 4493 3118 4591">
     <span class='ocr_line' id='line_1_102' title="bbox 1984 4493 3118 4591; baseline -0.016 -26"><span class='ocrx_word' id='word_1_662' title='bbox 1984 4537 2027 4591; x_wconf 78' lang='lat' dir='ltr'><strong>D</strong></span> <span class='ocrx_word' id='word_1_663' title='bbox 2058 4508 2169 4563; x_wconf 89' lang='lat' dir='ltr'><strong>lius</strong></span> <span class='ocrx_word' id='word_1_664' title='bbox 2192 4503 2520 4576; x_wconf 87' lang='lat' dir='ltr'><strong>participem</strong></span> <span class='ocrx_word' id='word_1_665' title='bbox 2547 4497 2716 4553; x_wconf 83' lang='lat' dir='ltr'><strong>fuisse</strong></span> <span class='ocrx_word' id='word_1_666' title='bbox 2747 4493 3118 4567; x_wconf 80' lang='lat' dir='ltr'><strong>conjicimus?</strong></span> 
     </span>
    </p>
   </div>
   <div class='ocr_carea' id='block_1_103' title="bbox 2120 4590 2734 4655">
    <p class='ocr_par' dir='ltr' id='par_1_103' title="bbox 2120 4590 2734 4655">
     <span class='ocr_line' id='line_1_103' title="bbox 2120 4590 2734 4655; baseline -0.02 0"><span class='ocrx_word' id='word_1_667' title='bbox 2120 4597 2330 4655; x_wconf 81' lang='lat' dir='ltr'><strong>ERAN.</strong></span> <span class='ocrx_word' id='word_1_668' title='bbox 2359 4594 2521 4650; x_wconf 85' lang='lat' dir='ltr'><strong>Nullo</strong></span> <span class='ocrx_word' id='word_1_669' title='bbox 2549 4590 2734 4646; x_wconf 85' lang='lat' dir='ltr'><strong>modo.</strong></span> 
     </span>
    </p>
   </div>
   <div class='ocr_carea' id='block_1_104' title="bbox 2121 4671 3646 4751">
    <p class='ocr_par' dir='ltr' id='par_1_104' title="bbox 2121 4671 3646 4751">
     <span class='ocr_line' id='line_1_104' title="bbox 2121 4671 3646 4751; baseline -0.014 -5"><span class='ocrx_word' id='word_1_670' title='bbox 2121 4687 2332 4747; x_wconf 80' lang='lat' dir='ltr'><strong>ORTH.</strong></span> <span class='ocrx_word' id='word_1_671' title='bbox 2373 4685 2481 4742; x_wconf 88' lang='lat' dir='ltr'><strong>Sed</strong></span> <span class='ocrx_word' id='word_1_672' title='bbox 2509 4684 2688 4739; x_wconf 92' lang='lat' dir='ltr'><strong>solum</strong></span> <span class='ocrx_word' id='word_1_673' title='bbox 2713 4695 2915 4751; x_wconf 88' lang='lat' dir='ltr'><strong>corpus</strong></span> <span class='ocrx_word' id='word_1_674' title='bbox 2957 4675 3184 4733; x_wconf 80' lang='lat' dir='ltr'><strong>videndi</strong></span> <span class='ocrx_word' id='word_1_675' title='bbox 3222 4674 3491 4732; x_wconf 80' lang='lat' dir='ltr'><strong>facultate</strong></span> <span class='ocrx_word' id='word_1_676' title='bbox 3526 4671 3646 4744; x_wconf 84' lang='lat' dir='ltr'><strong>pri-</strong></span> 
     </span>
    </p>
   </div>
   <div class='ocr_carea' id='block_1_105' title="bbox 2051 4773 2827 4836">
    <p class='ocr_par' dir='ltr' id='par_1_105' title="bbox 2051 4773 2827 4836">
     <span class='ocr_line' id='line_1_105' title="bbox 2051 4773 2827 4836; baseline -0.013 -2"><span class='ocrx_word' id='word_1_677' title='bbox 2051 4789 2239 4836; x_wconf 81' lang='lat' dir='ltr'><strong>vatum</strong></span> <span class='ocrx_word' id='word_1_678' title='bbox 2274 4778 2444 4834; x_wconf 84' lang='lat' dir='ltr'><strong>fuisse</strong></span> <span class='ocrx_word' id='word_1_679' title='bbox 2470 4773 2827 4829; x_wconf 75' lang='lat' dir='ltr'><strong>aﬂirmamus.</strong></span> 
     </span>
    </p>
   </div>
   <div class='ocr_carea' id='block_1_106' title="bbox 2130 4863 3042 4942">
    <p class='ocr_par' dir='ltr' id='par_1_106' title="bbox 2130 4863 3042 4942">
     <span class='ocr_line' id='line_1_106' title="bbox 2130 4863 3042 4942; baseline -0.013 -15"><span class='ocrx_word' id='word_1_680' title='bbox 2130 4871 2298 4942; x_wconf 73' lang='lat'><strong>188</strong></span> <span class='ocrx_word' id='word_1_681' title='bbox 2328 4869 2538 4925; x_wconf 77' lang='lat' dir='ltr'><strong>ERAN.</strong></span> <span class='ocrx_word' id='word_1_682' title='bbox 2569 4867 2663 4923; x_wconf 92' lang='lat' dir='ltr'><strong>Sic</strong></span> <span class='ocrx_word' id='word_1_683' title='bbox 2685 4863 3042 4920; x_wconf 77' lang='lat' dir='ltr'><strong>allirmamus.</strong></span> 
     </span>
    </p>
   </div>
   <div class='ocr_carea' id='block_1_107' title="bbox 2127 4945 3654 5022">
    <p class='ocr_par' dir='ltr' id='par_1_107' title="bbox 2127 4945 3654 5022">
     <span class='ocr_line' id='line_1_107' title="bbox 2127 4945 3654 5022; baseline -0.012 -5"><span class='ocrx_word' id='word_1_684' title='bbox 2127 4959 2336 5019; x_wconf 80' lang='lat' dir='ltr'><strong>ORTII.</strong></span> <span class='ocrx_word' id='word_1_685' title='bbox 2386 4960 2622 5022; x_wconf 80' lang='lat' dir='ltr'><strong>Rursus,</strong></span> <span class='ocrx_word' id='word_1_686' title='bbox 2663 4971 2791 5014; x_wconf 91' lang='lat' dir='ltr'><strong>cum</strong></span> <span class='ocrx_word' id='word_1_687' title='bbox 2818 4953 3100 5010; x_wconf 82' lang='lat' dir='ltr'><strong>Amasiam</strong></span> <span class='ocrx_word' id='word_1_688' title='bbox 3130 4949 3417 5021; x_wconf 64' lang='lat' dir='ltr'><strong>prophetae</strong></span> <span class='ocrx_word' id='word_1_689' title='bbox 3443 4945 3654 5000; x_wconf 80' lang='lat' dir='ltr'><strong>Amoso</strong></span> 
     </span>
    </p>
   </div>
   <div class='ocr_carea' id='block_1_108' title="bbox 2058 5041 3644 5110">
    <p class='ocr_par' dir='ltr' id='par_1_108' title="bbox 2058 5041 3644 5110">
     <span class='ocr_line' id='line_1_108' title="bbox 2058 5041 3644 5110; baseline -0.011 -2"><span class='ocrx_word' id='word_1_690' title='bbox 2058 5053 2336 5110; x_wconf 81' lang='lat' dir='ltr'><strong>dicentem</strong></span> <span class='ocrx_word' id='word_1_691' title='bbox 2396 5049 2654 5106; x_wconf 88' lang='lat' dir='ltr'><strong>audimus</strong></span> <span class='ocrx_word' id='word_1_692' title='bbox 2696 5065 2710 5102; x_wconf 87' lang='lat'><strong>:</strong></span> <span class='ocrx_word' id='word_1_693' title='bbox 2755 5065 2776 5098; x_wconf 89' lang='grc'><em>‹</em></span> <span class='ocrx_word' id='word_1_694' title='bbox 2837 5044 3048 5101; x_wconf 82' lang='lat' dir='ltr'><strong>Videns</strong></span> <span class='ocrx_word' id='word_1_695' title='bbox 3075 5084 3094 5109; x_wconf 87' lang='lat'><strong>,</strong></span> <span class='ocrx_word' id='word_1_696' title='bbox 3139 5041 3281 5096; x_wconf 81' lang='lat' dir='ltr'><strong>vade</strong></span> <span class='ocrx_word' id='word_1_697' title='bbox 3326 5041 3382 5096; x_wconf 91' lang='lat' dir='ltr'><strong>in</strong></span> <span class='ocrx_word' id='word_1_698' title='bbox 3437 5045 3644 5092; x_wconf 85' lang='lat' dir='ltr'><strong>terram</strong></span> 
     </span>
    </p>
   </div>
   <div class='ocr_carea' id='block_1_109' title="bbox 2056 5128 3647 5209">
    <p class='ocr_par' dir='ltr' id='par_1_109' title="bbox 2056 5128 3647 5209">
     <span class='ocr_line' id='line_1_109' title="bbox 2056 5128 3647 5209; baseline -0.011 -9"><span class='ocrx_word' id='word_1_699' title='bbox 2056 5145 2266 5209; x_wconf 74' lang='lat' dir='ltr'><strong>Iuda&quot;,</strong></span> <span class='ocrx_word' id='word_1_700' title='bbox 2314 5163 2333 5196; x_wconf 74' lang='grc' dir='ltr'><strong>ι</strong></span> <span class='ocrx_word' id='word_1_701' title='bbox 2361 5153 2418 5200; x_wconf 88' lang='lat' dir='ltr'><strong>et</strong></span> <span class='ocrx_word' id='word_1_702' title='bbox 2445 5142 2664 5198; x_wconf 88' lang='lat' dir='ltr'><strong>Saulem</strong></span> <span class='ocrx_word' id='word_1_703' title='bbox 2710 5138 3080 5195; x_wconf 85' lang='lat' dir='ltr'><strong>sciscitantem</strong></span> <span class='ocrx_word' id='word_1_704' title='bbox 3110 5153 3123 5190; x_wconf 92' lang='lat'><strong>:</strong></span> <span class='ocrx_word' id='word_1_705' title='bbox 3159 5155 3178 5186; x_wconf 72' lang='grc' dir='ltr'><strong>ι</strong></span> <span class='ocrx_word' id='word_1_706' title='bbox 3199 5134 3305 5191; x_wconf 86' lang='lat' dir='ltr'><strong>Ubi</strong></span> <span class='ocrx_word' id='word_1_707' title='bbox 3331 5140 3416 5188; x_wconf 89' lang='lat' dir='ltr'><strong>est</strong></span> <span class='ocrx_word' id='word_1_708' title='bbox 3447 5128 3647 5186; x_wconf 82' lang='lat' dir='ltr'><strong>domus</strong></span> 
     </span>
    </p>
   </div>
   <div class='ocr_carea' id='block_1_110' title="bbox 2057 5228 3685 5304">
    <p class='ocr_par' dir='ltr' id='par_1_110' title="bbox 2057 5228 3685 5304">
     <span class='ocr_line' id='line_1_110' title="bbox 2057 5228 3685 5304; baseline -0.01 -11"><span class='ocrx_word' id='word_1_709' title='bbox 2057 5235 2402 5293; x_wconf 74' lang='lat' dir='ltr'><strong>Videntis&quot;?</strong></span> <span class='ocrx_word' id='word_1_710' title='bbox 2428 5255 2445 5288; x_wconf 77' lang='grc' dir='ltr'><strong>ι</strong></span> <span class='ocrx_word' id='word_1_711' title='bbox 2477 5234 2616 5290; x_wconf 89' lang='lat' dir='ltr'><strong>nihil</strong></span> <span class='ocrx_word' id='word_1_712' title='bbox 2639 5231 2928 5304; x_wconf 88' lang='lat' dir='ltr'><strong>corporale</strong></span> <span class='ocrx_word' id='word_1_713' title='bbox 2960 5228 3287 5298; x_wconf 77' lang='lat' dir='ltr'><strong>cogitamus.</strong></span> <span class='ocrx_word' id='word_1_714' title='bbox 3684 5233 3685 5236; x_wconf 79' lang='lat'>‘</span> 
     </span>
    </p>
   </div>
   <div class='ocr_carea' id='block_1_111' title="bbox 2131 5396 2702 5467">
    <p class='ocr_par' dir='ltr' id='par_1_111' title="bbox 2131 5396 2702 5467">
     <span class='ocr_line' id='line_1_111' title="bbox 2131 5396 2702 5467; baseline -0.007 0"><span class='ocrx_word' id='word_1_715' title='bbox 2131 5411 2338 5467; x_wconf 81' lang='lat' dir='ltr'><strong>ERAN.</strong></span> <span class='ocrx_word' id='word_1_716' title='bbox 2371 5409 2537 5466; x_wconf 88' lang='lat' dir='ltr'><strong>Plane</strong></span> <span class='ocrx_word' id='word_1_717' title='bbox 2569 5396 2702 5465; x_wconf 83' lang='lat' dir='ltr'><strong>non.</strong></span> 
     </span>
    </p>
   </div>
   <div class='ocr_carea' id='block_1_112' title="bbox 2253 5555 3637 5634">
    <p class='ocr_par' dir='ltr' id='par_1_112' title="bbox 2253 5555 3637 5634">
     <span class='ocr_line' id='line_1_112' title="bbox 2253 5555 3637 5634; baseline -0.011 -11"><span class='ocrx_word' id='word_1_718' title='bbox 2253 5569 2298 5599; x_wconf 68' lang='lat'><strong>7’</strong></span> <span class='ocrx_word' id='word_1_719' title='bbox 2323 5567 2490 5622; x_wconf 82' lang='lat' dir='ltr'><strong>Amos</strong></span> <span class='ocrx_word' id='word_1_720' title='bbox 2538 5582 2609 5621; x_wconf 86' lang='lat' dir='ltr'><strong>vn</strong></span> <span class='ocrx_word' id='word_1_721' title='bbox 2643 5607 2657 5634; x_wconf 93' lang='lat'><strong>,</strong></span> <span class='ocrx_word' id='word_1_722' title='bbox 2687 5565 2772 5619; x_wconf 74' lang='grc'><strong>12.</strong></span> <span class='ocrx_word' id='word_1_723' title='bbox 2879 5562 2926 5597; x_wconf 81' lang='grc'><strong>⁷⁸</strong></span> <span class='ocrx_word' id='word_1_724' title='bbox 2959 5562 2982 5618; x_wconf 87' lang='grc' dir='ltr'><strong>ι</strong></span> <span class='ocrx_word' id='word_1_725' title='bbox 3017 5561 3153 5632; x_wconf 75' lang='lat' dir='ltr'><strong>Reg.</strong></span> <span class='ocrx_word' id='word_1_726' title='bbox 3216 5575 3291 5623; x_wconf 79' lang='lat' dir='ltr'><strong>Ix,</strong></span> <span class='ocrx_word' id='word_1_727' title='bbox 3329 5555 3429 5620; x_wconf 80' lang='grc'><strong>1-8.</strong></span> <span class='ocrx_word' id='word_1_728' title='bbox 3469 5555 3637 5627; x_wconf 74' lang='lat' dir='ltr'><strong>juxta-</strong></span> 
     </span>
    </p>
   </div>
  </div>
