4090 6420
706 234 738 242 σν-
748 238 749 241 η

438 352 439 355 η
484 290 586 355 235

1480 281 1969 346 TIIEODORETI
2007 280 2349 345 EPISCOPI
2389 288 2757 351 CYRENSIS

3649 298 3754 365 236

548 400 756 459 ORTH.
786 401 854 456 Et
880 408 1063 455 tamen
1089 398 1313 453 nomina
1341 398 1461 468 ejus
1486 395 1679 467 partis,
1705 409 1826 464 quae
1859 390 2049 446 visioni

2236 398 2387 450 ΟΡΘ.
2439 400 2634 453 Καίτοι
2688 404 2752 453 τὰ
2793 403 3038 473 ὀνόματα
3088 407 3187 477 τῆς
3234 411 3362 480 περὶ
3422 410 3482 464 τὸ
3531 412 3756 468 ὀπτικόν

481 496 668 557 servit,
698 492 1131 548 incolumitatem
1160 489 1490 561 signiﬁcant.

545 587 753 641 ERAN.
780 586 981 641 Verum
1004 594 1107 639 est.

460 724 464 733 ,
546 674 755 730 ORTH.
803 674 1021 728 Scimus
1064 681 1285 737 tamen,
1317 667 1464 740 quod
1502 667 1821 738 purioribus
1864 665 2062 720 animis

480 766 677 819 donata
699 764 936 833 Spiritus
953 762 1205 831 Operatio
1230 761 1609 831 propheticam
1638 761 1870 829 gratiam
1914 758 2061 812 infc-

479 865 581 921 rat,
615 865 671 910 et
718 854 918 909 eﬂiciat
962 861 1022 908 ut
1063 868 1262 907 arcana
1299 852 1545 913 videant,
1590 863 1646 906 et
1680 850 1809 921 quia
1832 852 1949 906 hzec
1981 852 2062 906 vi-

478 950 607 1003 dent
648 946 773 1001 ideo
796 946 1027 1000 videntes
1062 952 1119 999 et
1147 952 1418 997 cernentes
1446 943 1814 1013 appellentur.

543 1120 751 1176 ERAN.
792 1118 930 1175 Vera
947 1117 1106 1173 dicis.

544 1209 754 1267 ORTlI.
791 1212 981 1280 itaque
1011 1211 1118 1265 hoc
1143 1210 1309 1265 etiam
1337 1211 1772 1266 consideremus.

543 1302 752 1356 ERAN.
775 1300 1051 1367 Quidnam
1075 1302 1099 1356 ?

543 1393 752 1450 ORTH.
791 1394 929 1449 Cum
967 1410 1249 1449 sacrorum
1305 1393 1730 1464 Evangeliorum
1766 1393 2055 1449 historiam

475 1487 749 1550 audimus,
786 1501 908 1555 quae
931 1495 1122 1540 narrat
1144 1488 1192 1518 ⁷⁵
1218 1486 1465 1541 oblatum
1499 1486 1613 1539 Deo
1647 1485 1817 1539 fuisse
1844 1488 2058 1557 paraly-

475 1579 641 1633 ticum
667 1577 721 1631 in
745 1579 887 1631 lecto
914 1579 1208 1648 jacentem,
1231 1578 1427 1632 animae
1461 1577 1698 1646 partium
1724 1576 2054 1633 solutionem

473 1670 619 1723 illam
649 1669 905 1732 dicimus,
944 1684 1012 1722 an
1040 1668 1330 1737 corporis?

543 1759 749 1815 ERAN.
775 1759 1058 1828 Corporis,
1097 1760 1216 1814 sine
1252 1760 1442 1813 dubio.

539 1850 748 1906 ORTH.
770 1851 907 1906 Cum
935 1866 1069 1906 vero
1093 1852 1393 1921 Epistolam
1428 1853 1496 1907 ad
1523 1852 1783 1909 Ilebrzeos
1805 1856 2053 1926 legentes

470 1942 524 1997 in
558 1942 740 1996 locum
781 1941 935 1995 illum
971 1940 1332 1997 inciderimus
1356 1983 1370 2007 ,
1408 1943 1504 1997 ubi
1541 1943 1677 1998 dicit
1713 1943 2047 2014 Apostolus:

474 2054 494 2086 ι
519 2034 817 2105 Propterea
840 2034 1100 2089 remissas
1134 2051 1331 2090 manus
1346 2045 1401 2091 et
1418 2038 1597 2091 soluta
1621 2053 1797 2107 genua
1831 2038 2047 2109 erigite,

468 2135 522 2180 et
560 2141 781 2197 gressus
817 2133 1000 2180 rectos
1035 2124 1196 2180 facite
1249 2126 1486 2195 pedibus
1534 2128 1755 2205 vestris,
1793 2137 1854 2181 ut
1902 2129 2050 2198 quod

468 2218 740 2274 claudicat
771 2233 883 2271 non
918 2224 1222 2282 avertatur,
1262 2220 1437 2289 magis
1464 2229 1647 2274 autem
1679 2223 1980 2285 sanetur",
2025 2241 2043 2273 ι

469 2308 633 2377 189
664 2307 732 2361 dc
755 2307 1077 2376 partibusne
1098 2308 1349 2377 corporis
1380 2309 1615 2365 dicimus
1649 2311 1765 2366 lnec
1799 2320 2050 2367 sanctum

467 2398 787 2469 Apostolum
814 2398 1062 2454 dixisse?

535 2588 743 2644 ERAN.
784 2588 946 2642 Nullo
982 2588 1164 2642 modo.

531 2679 743 2735 ORTlI'.
774 2678 882 2733 Sed
909 2678 1106 2733 anima:
1137 2680 1454 2751 languorem
1488 2691 1543 2737 et
1566 2685 1581 2701 ‘
1616 2684 1885 2754 ignaviam
1920 2703 2049 2740 eum

463 2771 705 2827 eximere
740 2770 980 2824 voluisse
1010 2769 1282 2835 dicemus,
1308 2781 1363 2826 et
1387 2773 1453 2827 ad
1483 2773 1863 2830 fortitudinem
1886 2777 2050 2831 disci-
2086 2790 2091 2795 ’

462 2866 622 2936 pulos
640 2863 882 2919 excitare
901 2863 925 2915 ?

531 2955 739 3012 ERAN.
775 2954 1036 3013 Omnino.

529 3045 742 3101 ORTlI.
773 3045 843 3100 At
876 3061 986 3099 non
1013 3045 1326 3101 invenimus
1355 3047 1469 3104 haec
1505 3050 1557 3103 in
1585 3065 1736 3105 sacra
1759 3051 2043 3122 Scriptura

2172 489 2288 541 ἐστι
2323 488 2435 559 (22)
2472 491 2658 561 μόριον
2692 493 2880 561 ὑγείας
2914 496 3207 567 δηλωτικά.

2242 578 2445 634 EPAN.
2492 580 2717 652 Ἀληθές

2242 671 2395 729 ΟΡΘ.
2447 675 2589 727 Ἀλλ’
2621 677 2779 745 ἴσμεν
2812 677 2994 748 ὅμως,
3045 680 3128 734 ὅτι
3169 685 3290 747 ταῖς
3342 685 3756 759 καθαρωτέραις

2169 763 2368 835 ψυχαῖς
2397 767 2782 840 χορηγουμένη
2825 769 2921 823 τοῦ
2958 771 3268 843 πνεύματος
3301 777 3334 846 ἡ
3382 775 3631 847 ἐνέργεια
3658 779 3757 851 τὴν

2169 860 2515 927 προφητικὴν
2556 859 2733 930 ἐνίησι
2772 864 2954 932 χάριν,
2995 863 3131 934 αὕτη
3166 864 3224 918 δέ
3262 883 3326 935 γε
3371 870 3501 940 ὀρᾷν
3544 870 3638 922 καὶ
3688 871 3759 923 τὰ

2170 949 2526 1019 κεκρυμμένα
2560 956 2722 1016 ποιεῖ,
2752 956 2811 1006 τὸ
2832 954 2887 1007 δὲ
2914 954 3083 1008 ταῦτα
3108 958 3240 1028 όρᾷν
3263 957 3527 1027 ὁρῶντας
3558 962 3755 1028 αὐτοὺς

2168 1040 2455 1096 καλεῖσθαι
2496 1045 2590 1097 καὶ
2623 1045 2974 1112 βλέποντας
3008 1050 3442 1119 παρεσκεύασεν.

2238 1135 2443 1187 ΕΡΑΝ.
2491 1136 2691 1206 Ἀληθῆ
2721 1137 2921 1205 λέγεις.

2238 1226 2393 1280 ΟΡΘ.
2428 1227 2639 1281 Οὐκοῦν
2667 1230 2888 1282 κάκεῖνο
2922 1230 3365 1303 ἐπισκεψώμεθα.

2236 1316 2439 1369 ΕΡΑΝ.
2487 1317 2560 1369 Τὸ
2583 1320 2734 1371 ποῖον
2754 1336 2767 1385 ;

2237 1408 2389 1462 ΟΡΘ.
2432 1408 2605 1461 ’Όταν
2642 1374 2965 1479 ἀκούσωμεν
3006 1411 3109 1482 τῆς
3156 1413 3263 1466 τῶν
3303 1413 3463 1467 θείων
3505 1374 3776 1484 Eamne-1

2164 1500 2291 1553 λῐων
2346 1501 2617 1571 ἱστορίας,
2664 1501 3065 1575 διηγουμένης,
3113 1507 3196 1560 ὅτι
3245 1507 3627 1576 προσήνεγκαν
3672 1508 3756 1579 τῷ

2165 1587 2286 1658 Θεῷ
2320 1589 2690 1660 παραλυτικὸν
2718 1591 2811 1643 ἐπὶ
2841 1592 3028 1662 κλίνης
3059 1594 3411 1665 βεϐλημένον,
3441 1597 3539 1664 τῆς
3570 1597 3756 1668 ψυχῆς

2163 1681 2261 1752 τὴν
2284 1681 2438 1734 λύσιν
2465 1682 2574 1737 τῶν
2606 1686 2812 1754 μορέων
2833 1680 2972 1740 εἶναι
2997 1687 3249 1757 λέγομεν,
3280 1688 3312 1759 ἢ
3347 1687 3440 1741 τοῦ
3464 1691 3753 1759 σώματος;

2228 1774 2434 1827 ΕΡΑΝ.
2469 1776 2637 1845 Δῆλον
2671 1778 2753 1831 ὅτι
2783 1777 2877 1831 τοῦ
2905 1778 3180 1849 σώματος.

2225 1865 2381 1920 ΟΡΘ.
2405 1866 2577 1920 ’Ὅταν
2609 1868 2666 1921 δέ
2700 1886 2764 1938 γε
2797 1871 2898 1941 τὴν
2922 1871 3058 1941 πρὸς
3093 1871 3379 1942 Ἐϐραίους
3425 1872 3753 1942 Ἐπιστολὴν

2153 1959 2660 2028 ἀναγινώσκοντες,
2707 1962 2957 2034 εὕρωμεν
3005 1966 3183 2018 ἐκεῖνο
3234 1964 3294 2019 τὸ
3347 1968 3565 2038 χωρίον,
3612 1967 3753 2022 ἔνθα

2154 2053 2318 2123 φησὶν
2346 2055 2375 2106 ό
2401 2052 2773 2116 Ἀπόστολος·‹
2801 2056 2963 2108 Ὥστε
2996 2056 3105 2126 (25)
3138 2058 3237 2121 τὰς
3257 2059 3597 2130 παρειμένας
3630 2063 3753 2131 χεῖ-

2158 2162 2275 2215 ρας,
2313 2146 2409 2199 καὶ
2434 2145 2503 2198 τὰ
2538 2146 2961 2217 παραλελυμένοι
2998 2149 3199 2217 γόνατα
3226 2150 3611 2222 ἀνορθώσατε,
3648 2154 3754 2207 καὶ

2150 2239 2373 2308 τροχιὰς
2398 2238 2508 2309 (24)
2540 2240 2706 2309 ὁρθὰς
2733 2242 2997 2311 ποιήσατε
3022 2243 3132 2306 τοῖς
3150 2243 3315 2297 ποσὶν
3346 2244 3521 2313 ὑμῶν·
3552 2246 3638 2299 ἵνα
3666 2247 3749 2316 μὴ

2152 2329 2212 2382 τὸ
2260 2330 2429 2400 χωλὸν
2471 2332 2740 2403 ἐκτραπῇ.
2776 2332 2897 2403 ἰαθῇ
2926 2332 2981 2385 δὲ
3023 2333 3244 2404 μᾶλλον,
3278 2335 3450 2406 »περὶ
3492 2336 3598 2390 τῶν
3647 2338 3749 2392 τοῦ

2155 2420 2407 2492 σώματος
2464 2424 2670 2494 μορίων
2724 2424 2957 2495 ἐροῦμεν
3000 2426 3167 2494 φάναι
3221 2426 3396 2481 ταῦτα
3452 2427 3541 2481 τὸν
3599 2428 3752 2486 θεῖον

2165 2514 2491 2568 Ἀπόστολον
2516 2532 2531 2579 ;

2224 2608 2428 2661 EPAN.
2464 2609 2750 2680 Οὐδαμῶς.

2222 2698 2375 2755 ΟΡΘ.
2414 2700 2525 2763 Τὴν
2573 2701 2629 2754 δὲ
2674 2702 2774 2772 τῆς
2823 2703 3001 2774 ψυχῆς
3053 2705 3360 2775 χαυνότητα
3400 2706 3495 2760 καὶ
3537 2706 3751 2760 δειλίαν

2152 2790 2390 2862 ἐξαίρειν
2415 2792 2578 2845 αὐτὸν
2601 2794 2869 2864 φήσομεν,
2895 2795 2989 2847 καὶ
3016 2796 3094 2858 εἰς
3119 2796 3370 2867 ἀνδρείαν
3393 2797 3749 2868 παραθήγειν

2154 2884 2280 2946 τοὺς
2312 2883 2560 2954 μαθητάς
2582 2902 2596 2949 ;

2222 2976 2425 3030 EPAN.
2460 2977 2697 3046 Πάνυγε.

2076 3090 2125 3155 c
2226 3070 2377 3125 ΟΡΘ.
2443 3070 2580 3123 Ἀλλ’
2630 3071 2726 3141 οὐχ
2770 3071 3096 3142 εὑρίσκομεν
3124 3073 3297 3126 ταῦτα
3329 3073 3478 3144 παρὰ
3516 3078 3581 3146 τῇ
3621 3075 3745 3149 θςὲᾳ

460 3137 743 3207 distingui.
786 3136 976 3206 Neque
1012 3137 1159 3191 enim
1190 3138 1357 3193 Isaaci
1397 3143 1697 3196 cmcitatem
1727 3143 2048 3201 describens

2154 3165 2462 3237 διῃρημένα
2494 3136 2725 3235 Γραφῇίῄ
2747 3136 2887 3217 Οὔτε
2921 3136 3030 3237 γὰρ
3059 3164 3158 3237 τὴν
3186 3164 3281 3219 τοῦ
3325 3136 3513 3221 Ἰσαὰκ
3549 3136 3745 3240 διτιγηἰ

459 3230 709 3300 corporis
766 3230 1103 3284 mentionem
1157 3230 1307 3295 facit,
1363 3232 1459 3286 sed
1506 3234 1755 3288 lsaacum
1796 3237 2048 3292 absolute

459 3322 595 3378 dicit
645 3336 852 3377 caecum
908 3320 1095 3376 fuisse.
1141 3322 1331 3392 Neque
1374 3335 1667 3381 cernentes
1710 3337 1767 3382 et
1794 3329 2049 3386 videntes

458 3414 752 3470 nominans
794 3414 1108 3483 prophetas,
1151 3414 1349 3470 horum
1379 3417 1592 3473 animas
1619 3418 1807 3474 videre
1831 3421 1967 3475 dixit
1993 3430 2049 3477 et

458 3506 663 3562 intueri
704 3522 827 3577 quae
870 3521 1069 3560 arcana
1115 3516 1265 3573 sunt,
1302 3508 1399 3563 sed
1422 3524 1687 3578 personas
1722 3510 1867 3580 ipsas
1892 3529 2045 3568 com-

457 3599 800 3654 memoravit.

530 3690 738 3746 EItAN.
762 3690 844 3745 Ad
874 3690 1021 3746 hunc
1047 3691 1267 3746 modum
1293 3708 1351 3747 se
1386 3709 1475 3749 res
1505 3694 1692 3749 habet.

531 3782 742 3838 OR'l‘ll.
781 3782 893 3837 Nec
926 3782 1209 3854 paralytici
1240 3798 1442 3853 corpus
1469 3786 1713 3841 ostendit
1740 3802 1861 3842 esse
1890 3790 2044 3844 solu-

457 3881 596 3937 tum,
622 3871 717 3926 sed
745 3872 1023 3926 hominem
1053 3872 1351 3942 appellavit
1374 3874 1758 3945 paralyticum.

525 3983 731 4038 ERAN.
772 3984 972 4039 Verum
996 3994 1100 4039 est.

521 4073 733 4131 ORTH.
776 4076 889 4131 Nec
916 4076 1140 4131 divinus
1164 4075 1461 4146 Apostolus
1482 4081 1695 4138 animas
1715 4087 2042 4146 nominatim

451 4169 741 4240 expressit,
773 4185 899 4224 cum
933 4169 1101 4224 vellet
1129 4185 1222 4224 eas
1251 4171 1611 4230 conroborare
1637 4185 1694 4232 et
1722 4180 1987 4237 excitare.

523 4367 732 4423 ERAN.
756 4367 900 4422 Sane
921 4382 1053 4422 non.

518 4456 728 4512 ORTH.
748 4457 859 4511 Nos
878 4472 1007 4510 vcro
1028 4473 1253 4511 sensum
1275 4460 1575 4514 verborum
1597 4474 2034 4533 perscrutantes,
2066 4427 2116 4488 ο

448 4549 805 4620 intelligimus
826 4563 1077 4618 quamam
1103 4548 1215 4602 sint
1236 4549 1455 4615 animae,
1480 4566 1603 4621 quae
1624 4558 1873 4624 corporis
1903 4574 2037 4627 pro-

447 4642 589 4711 pria.
686 4682 691 4689 ι

516 4734 724 4790 ERAN.
769 4734 836 4788 Et
879 4740 1251 4789 consentanea
1289 4732 1513 4805 quidem
1561 4733 1832 4794 facimus:
1863 4743 2034 4798 ratio-

447 4826 598 4880 nales
622 4826 771 4880 enim
800 4841 903 4880 nos
938 4824 1070 4879 fecit
1093 4826 1260 4904 Deus.

514 4917 726 4983 ORTH.
767 4918 881 4973 Hac
918 4917 1088 4987 igitur
1113 4918 1167 4972 vi
1200 4918 1605 4977 rationis-circa
1636 4920 1953 4981 Creatorem
1980 4937 2036 4984 et

447 5008 787 5075 Salvatorem
824 5016 1077 5063 nostrum
1125 5017 1367 5073 utamur,
1406 5021 1461 5066 et
1489 5028 1850 5084 agnoscamus
1880 5034 2032 5090 quae-

442 5116 571 5158 nam
626 5100 803 5172 ipsius
855 5099 1152 5166 divinitati,
1188 5117 1440 5173 quaenam
1493 5104 1825 5164 humanitati
1875 5126 2030 5167 com.

440 5201 652 5264 petant.

511 5286 720 5343 ERAN.
781 5285 889 5342 Sed
936 5286 1041 5342 hoc
1088 5288 1135 5341 si
1184 5286 1499 5355 fecerimus,
1553 5306 1823 5349 summam
1874 5297 2022 5354 illam

445 5379 707 5436 unionem
743 5378 1043 5435 solvemus.

513 5540 557 5572 "
590 5536 780 5594 Matth.
818 5555 891 5604 Ix,
929 5538 983 5593 2.
1062 5539 1108 5569 ⁷⁸
1133 5537 1298 5595 Hebr.
1335 5544 1543 5610 xu,12,
1586 5545 1670 5599 l5.

452 5649 795 5782 ήὲἓῇζτὲστι.
817 5653 958 5712 Ante
990 5653 1075 5709 vel
1100 5670 1222 5726 pos:
1245 5656 1517 5729 δηλωτικὰ
1545 5661 1861 5729 ponendum
1891 5677 2013 5719 esse

1842 5821 1887 5852 ,λ

2153 3274 2221 3309 σα
2229 3256 2365 3327 μένη
2382 3255 2690 3327 τυφλότητα
2710 3256 2961 3327 σώματος
2978 3258 3402 3329 ἐμνημόνευσεν,
3424 3259 3523 3313 ἀλλ
3541 3258 3744 3327 ’ἁπλῶς

2149 3346 2242 3401 τὸν
2290 3345 2476 3401 Ἰσαὰκ
2501 3348 2607 3417 ἔφη
2651 3347 2849 3417 τυφλόν
2878 3365 2892 3379 ·
2930 3347 3053 3402 οὔτε
3087 3348 3383 3419 βλέποντας
3417 3352 3511 3404 καὶ
3563 3351 3742 3422 ὀρῶν-

2149 3457 2247 3503 τας
2276 3440 2594 3509 ὀνομάσασα
2637 3439 2761 3502 τοὺς
2808 3441 3128 3510 προφήτας,
3165 3439 3265 3504 τὰς
3304 3440 3508 3496 τούτων
3558 3442 3741 3513 ψυχὰς

2150 3531 2253 3603 ἔφη
2287 3533 2420 3601 όρᾷν
2453 3531 2545 3584 καὶ
2592 3530 2811 3601 βλέπειν
2853 3530 2922 3584 τὰ
2979 3531 3340 3602 κεκρυμμένα
3361 3571 3376 3597 ,
3408 3533 3525 3587 ἀλλ’
3556 3535 3740 3590 αὐτῶν

2150 3622 2526 3693 ἐμνημόνευσε
2558 3623 2667 3676 τῶν
2695 3623 3026 3695 προσώπων.

2220 3716 2425 3769 ΕΡΑΝ.
2472 3714 2628 3769 Οὕτω
2649 3717 2793 3770 τοῦτ’
2825 3716 2960 3786 ἔχει.

2221 3807 2373 3861 ΟΡΘ.
2418 3806 2556 3861 Οῠτε
2597 3806 2704 3877 μὴν
2736 3807 2831 3861 τοῦ
2867 3808 3242 3880 παραλυτικοῦ
3279 3811 3338 3864 τὸ
3376 3813 3534 3883 σῶμα
3567 3811 3737 3879 ἔδειξε

2149 3898 2467 3969 λελυμένον·
2492 3899 2628 3953 ἀλλὰ
2650 3900 2739 3954 τὸν
2761 3899 3048 3970 ἄνθρωπον
3069 3900 3320 3972 ὠνόμασε
3339 3905 3733 3974 παραλυτικόν,

2220 4014 2425 4068 EPAN.
2470 4013 2713 4084 Ἀληθές.

2206 4108 2372 4161 «ΟΡΘ.
2415 4107 2548 4160 Οὑδέ
2587 4124 2651 4177 γε
2696 4108 2724 4160 ὁ
2758 4106 2902 4170 θεῖος
2960 4106 3282 4173 Ἀπόστολος
3325 4109 3586 4182 ὀνομαστὶ
3626 4112 3737 4167 τῶν

2143 4200 2332 4272 ψυχῶν
2361 4201 2790 4272 ἐμνημόνευσεν,
2830 4201 3137 4273 ἐπιρρῶσαι
3179 4202 3383 4267 ταύτας
3410 4203 3505 4258 καὶ
3535 4203 3733 4272 διεγεῐα

2149 4310 2241 4365 ραι
2274 4293 2532 4364 θελήσας.

2216 4385 2421 4438 ΕΡΛΝ.
2459 4385 2534 4439 Οὐ
2573 4385 2701 4458 γάρ.

2218 4478 2368 4532 ΟΡΘ.
2418 4478 2609 4549 Ἡμεῖς
2635 4478 2693 4532 δὲ
2721 4477 2812 4531 τὸν
2846 4477 2970 4532 νοῦν
3003 4477 3112 4532 τῶν
3156 4478 3330 4548 λόγων
3361 4478 3729 4551 διερευνώμε-

2145 4584 2247 4630 νοι,
2283 4569 2742 4641 ἐπιγινώσκομεν,
2778 4571 2901 4624 τίνα
2934 4570 3032 4641 μὲν
3059 4571 3272 4643 ψυχῆς,
3302 4572 3421 4627 τινα
3455 4573 3513 4627 δὲ
3538 4573 3730 4645 σώμα-

2138 4678 2232 4723 τος
2265 4660 2389 4716 ἴδια.

2211 4756 2415 4811 ΕΡΑΝ.
2453 4756 2653 4811 Εἰκότα
2682 4774 2747 4827 γε
2790 4758 3067 4822 ποιοῦντες
3087 4773 3100 4785 ·
3149 4758 3403 4828 λογικοὺς
3435 4760 3544 4833 γὰρ
3577 4763 3729 4834 ἡμᾶς

2142 4847 2399 4917 ἐποίησεν
2428 4848 2456 4900 ὁ
2489 4847 2641 4911 Θεός.
3070 4893 3074 4898 .

2209 4935 2363 4990 ΟΡΘ.
2404 4935 2554 5007 Τῷδε
2582 4937 2764 4990 τοίνυν
2790 4936 2869 5009 τῷ
2895 4937 3097 5010 λογικῷ
3126 4938 3219 4992 καὶ
3245 4939 3338 4993 ἐπὶ
3368 4938 3464 4993 τοῦ
3495 4955 3726 5011 πεποιηο

2139 5024 2298 5090 κότος
2328 5027 2477 5097 ἡμᾶς
2502 5028 2596 5081 καὶ
2630 5028 2933 5092 σεσωκότος
2966 5029 3325 5102 χρησώμεθα,
3360 5031 3456 5085 καὶ
3485 5030 3727 5100 ἐπιγνῶ-

2140 5133 2261 5188 μεν,
2285 5117 2408 5172 τίνα
2441 5117 2540 5189 μὲν
2559 5118 2726 5173 αὐτοῦ
2751 5122 2818 5193 τῇ
2853 5120 3091 5192 θεότητι,
3121 5122 3246 5177 τινα
3273 5121 3331 5174 δὲ
3361 5124 3628 5195 προσήκει
3657 5125 3725 5195 τῇ

2135 5207 2538 5282 ἁνθρωπότητι.

2203 5302 2407 5357 ΕΡΔΝ.
2473 5303 2614 5357 Ἀλλ’
2636 5306 2770 5358 αὐτὸ
2790 5303 2948 5360 τοῦτο
2966 5305 3223 5378 δρῶντες,
3250 5307 3351 5378 τὴν
3379 5307 3558 5380 ἄκραν
3587 5303 3723 5361 ὲκεί-

2111 5412 2209 5467 νην
2238 5395 2563 5467 διαλύσομεν
2591 5397 2787 5452 ’ἐνωσιν

2197 5663 2307 5735 (25)
2341 5664 2501 5719 ὥστε.
2541 5665 2687 5721 Loco
2716 5669 2810 5725 cit.
2839 5676 2925 5724 est
2954 5669 3054 5726 διό.

2197 5677 2287 5735 (2:)
2341 5677 2501 5719 ὥστε.
2541 5677 2687 5721 Loco
2716 5677 2810 5725 cit.
2839 5677 2925 5724 est
2954 5677 3054 5726 διό.

2193 5677 2307 5810 (24;
2334 5753 2401 5809 τρ
2456 5737 2558 5792 Ed.
2596 5738 2757 5794 Rom.
2791 5747 2847 5797 et
2878 5737 3027 5812 Lips.
3078 5748 3321 5819 τροχεας.
