4090 6418
411 278 519 340 239

485 389 693 446 ERAN.
733 389 823 444 Sic
845 386 982 440 mihi
1004 386 1222 441 videtnr

485 483 698 540 ORTH.
740 481 846 536 Sed
887 479 1175 534 manifeste
1219 479 1501 548 prophetae
1527 478 1862 533 contradieis
1884 477 1993 532 ela-

413 578 628 633 manti:
683 596 700 625 ι
738 575 857 628 Non
909 573 1136 636 esuriet,
1188 588 1365 642 neque
1423 572 1715 637 laborabit,
1768 588 1870 627 uec
1914 581 1999 626 est

413 669 761 740 investigatio
822 665 1106 736 sapientia:
1152 666 1292 735 ejus,
1352 667 1445 734 qui
1499 666 1591 720 dat
1623 665 1998 719 esurientibus

411 765 696 827 virtutem,
729 771 783 816 et
811 761 879 815 iis
901 760 996 830 qui
1047 759 1238 814 dolore
1284 774 1396 812 non
1436 757 1772 821 aﬂiciuntur,
1821 758 1996 812 tristi-

412 857 543 910 tiam
574 857 640 906 ὀ.
679 874 696 904 ι
732 861 746 875 ·
777 854 844 907 Et
875 861 996 922 post
1028 867 1200 922 pauca
1233 869 1245 903 :
1289 850 1446 920 192
1489 871 1507 901 ι
1533 849 1636 916 Qui
1673 849 1997 919 praestolan-

411 955 502 999 tur
531 960 638 1009 me,
669 943 961 998 mutabunt
991 941 1272 1004 virtutem,
1304 948 1586 995 assument
1617 956 1824 1010 pennas
1854 941 1999 996 sicut

411 1036 614 1106 aquila,
651 1041 896 1097 current,
931 1041 986 1086 et
1023 1047 1134 1085 non
1174 1031 1569 1102 fatigabuntur,
1613 1031 1995 1094 ambulabunt,

409 1135 466 1180 et
509 1141 618 1180 non
665 1123 927 1178 deﬁcient
977 1122 1042 1175 '°.
1075 1141 1093 1172 ι
1152 1120 1437 1187 Quomodo
1471 1121 1638 1191 igitur
1669 1121 1714 1174 is
1744 1121 1839 1190 qui
1874 1121 2020 1175 aliis“

411 1217 580 1271 donat
606 1225 668 1268 ut
697 1230 799 1268 nec
828 1221 1045 1283 egeant,
1069 1228 1172 1266 nec
1197 1212 1588 1282 defatigentur,
1620 1212 1736 1281 ipse
1770 1212 1995 1267 lassitu-

411 1309 619 1371 dinem,
648 1315 703 1361 et
735 1307 881 1360 sitim
911 1305 1219 1373 famemque
1253 1305 1528 1374 patiatur?

480 1399 688 1456 ERAN.
726 1399 880 1467 Saepe
920 1397 1053 1460 dixi,
1095 1394 1242 1466 quod
1291 1404 1348 1448 ut
1385 1395 1530 1449 Deus
1557 1394 1877 1463 impatibilis
1905 1395 1994 1460 sit,

411 1503 468 1550 et
502 1491 709 1546 nullius
731 1490 808 1544 rei
835 1504 1005 1559 egens
1033 1505 1048 1541 :
1073 1496 1196 1557 post
1229 1486 1666 1541 incarnationem
1704 1503 1834 1542 vero
1868 1504 1996 1557 pas-

411 1586 598 1640 siones
625 1581 875 1652 pertulit.

484 1674 694 1730 ORTH.
717 1673 1016 1727 Divinitate
1041 1670 1326 1741 passiones
1354 1670 1656 1740 excipiens,
1684 1687 1754 1725 an
1781 1672 1995 1742 patibili

1422 276 1908 336 THEODORETI
1947 276 2288 337 EPISCOPI
2325 282 2692 344 CYRENSIS

2026 392 2072 445 Α
2174 387 2372 442 ΕΡΑΝ.
2429 392 2582 460 Ἐμοὶ
2613 392 2782 455 οὕτως
2812 393 2977 445 δοκεῖ.

3577 277 3686 342 910

2174 478 2325 532 ΟΡΘ.
2402 481 2543 534 Ἀλλ’
2593 483 2854 554 ἄντικρυς
2905 482 3242 554 ἀντιφθέγγῃ
3296 483 3374 554 τῷ
3428 487 3684 558 προφήτῃ

2104 569 2333 638 βοῶντιο
2367 591 2384 623 ι
2425 573 2497 625 Οὐ
2555 574 2834 638 πεινάσει,
2887 575 3005 626 οὐδὲ
3047 575 3334 640 κοπιάσει,
3381 576 3504 628 οὐδὲ
3538 577 3686 632 ἔστιν

2101 661 2381 734 ὲξεύρεσις
2424 665 2526 734 τῆς
2556 667 2870 736 φρονήσεως
2902 665 3102 728 αὑτοῦ,
3148 665 3323 728 διδοὺς
3357 671 3470 730 τοῖς
3499 669 3688 722 πεινῶ-

2103 772 2188 808 σιν
2229 757 2418 826 ἰσχὺν,
2455 759 2548 810 καὶ
2599 760 2712 821 τοῖς
2764 760 2840 828 μὴ
2869 759 3229 829 ὀδυνωμένοις
3284 760 3483 830 λύπην.
3518 781 3537 812 ι
3579 764 3688 816 Καὶ

2105 849 2222 918 μετ’
2278 849 2452 917 ὀλίγα.
2514 869 2532 901 t
2578 851 2642 902 Οί
2699 851 2755 903 δὲ
2827 852 3190 920 ὑπομένοντες
3251 869 3317 922 με
3366 853 3689 919 ἀλλάξουσιν

2103 943 2280 1011 ἰσχὺν,
2311 943 2781 1013 πτεροφυήσουσιν
2820 943 2894 1006 ὡς
2937 942 3093 1003 ἀετός
3119 959 3133 972 ·
3185 941 3544 1012 δραμοῦνται,
3595 945 3691 998 καὶ

2102 1035 2162 1086 ού
2199 1034 2560 1087 κοπιάσουσι·
2620 1033 2968 1105 βαδιοῦνται,
3027 1034 3122 1085 καὶ
3171 1034 3232 1086 οὐ
3286 1035 3624 1087 πεινάσουσι.
3667 1055 3684 1085 ι

2102 1125 2228 1186 Πῶς
2257 1124 2439 1178 τοίνυν
2477 1125 2505 1176 ὁ
2544 1123 2606 1176 τὸ
2643 1122 2892 1186 ἀνενδεές
2926 1141 2984 1176 τε
3018 1123 3113 1176 καὶ
3144 1123 3342 1177 ἄπονον
3368 1126 3480 1184 τοῖς
3510 1123 3686 1186 ἄλλοις

2100 1214 2478 1284 δωρούμενος,
2518 1214 2682 1278 αὐτὸς
2731 1214 2825 1266 τοῦ
2869 1214 3039 1266 κόπου
3091 1214 3152 1266 τὸ
3198 1213 3404 1279 πάθος,
3462 1215 3559 1268 καὶ
3590 1216 3686 1284 τῆς

2100 1304 2278 1374 δίψης,
2311 1308 2405 1358 καὶ
2435 1306 2533 1374 τῆς
2564 1305 2754 1375 πείνης
2783 1305 3118 1374 ὑπέμεινενς
3705 1374 3708 1378 ,

2172 1398 2376 1451 ΕΡΛΝ.
2414 1398 2680 1462 Πολλάκις
2714 1394 2888 1462 εἷπον,
2919 1399 3000 1450 ὅτι
3033 1397 3108 1460 ὼς
3138 1397 3272 1460 Θεὸς
3310 1397 3530 1468 ἀπαθής
3573 1395 3710 1451 ἐστι’

2101 1485 2195 1537 καὶ
2221 1485 2506 1556 ἀνενδεὴς·
2539 1485 2678 1556 μετὰ
2725 1485 2783 1538 δὲ
2820 1486 2919 1557 τὴν
2956 1486 3257 1557 σάρκωσιν,
3289 1487 3548 1557 ἠνέσχετο
3579 1487 3688 1538 τῶν

2103 1576 2313 1630 παθῶν.

2172 1669 2325 1724 ΟΡΘ.
2369 1671 2446 1742 Τῇ
2490 1670 2705 1744 θεότητι
2740 1672 2806 1726 τὰ
2853 1673 3000 1743 πάθη
3046 1673 3340 1742 δεχόμενος
3367 1711 3382 1735 ,
3416 1671 3448 1741 ἢ
3483 1673 3550 1741 τῇ
3589 1687 3692 1723 πα-

411 1779 622 1824 naturte
671 1767 1019 1836 permittens,
1069 1771 1129 1816 ut
1161 1762 1464 1817 secundum
1498 1772 1750 1817 naturam
1785 1765 1997 1834 passio-

2104 1761 2240 1833 Οητῇ
2281 1761 2442 1830 φύσει
2493 1763 2841 1835 παραχωρῶν
2891 1763 3033 1816 κατὰ
3082 1762 3247 1831 φύσιν
3297 1760 3592 1830 ὑπομένειν
3620 1758 3691 1811 τὰ

408 1878 510 1917 nes
530 1860 848 1924 sustineret,
873 1866 929 1912 et
955 1856 1213 1928 patiendo
1243 1858 1592 1927 praedicaret,
1621 1875 1730 1912 non
1762 1861 1995 1930 phanta-

410 1952 547 2008 siam
601 1950 657 2004 id
714 1965 836 2004 esse
877 1947 1025 2018 quod
1055 1947 1374 2016 apparebat,
1405 1947 1500 2002 sed
1530 1965 1596 2002 ex
1629 1949 1867 2004 humana
1903 1967 1998 2005 na-

410 2052 533 2096 tura
583 2055 716 2095 vere
764 2036 1160 2107 desumptum?
1209 2036 1302 2091 Sic
1345 2046 1528 2091 autem
1557 2039 1992 2095 consideremus.

407 2131 941 2201 lncircumscriptam
969 2129 1209 2183 divinam
1235 2137 1485 2183 naturam
1517 2129 1787 2184 dicimus?

481 2225 690 2280 ERAN.
715 2223 896 2278 Certe.

480 2313 695 2369 OltTH.
730 2313 935 2366 Natura
993 2321 1178 2368 autem
1235 2314 1709 2383 incircumscripta
1758 2330 1789 2367 a
1844 2313 1996 2366 nullo

409 2405 906 2463 circumscribitur.

479 2497 687 2553 ERAN.
725 2497 927 2567 Utique
960 2513 1093 2553 non.

481 2588 689 2646 ORTH.
725 2589 844 2644 Non
864 2604 996 2661 ergo
1031 2589 1238 2661 indiget
1265 2589 1612 2653 transitione,
1639 2605 1766 2643 cum
1793 2590 1996 2658 ulique

410 2684 502 2740 sit.

481 2777 687 2832 ERAN.
719 2778 924 2834 Verum
946 2783 1048 2830 est.

480 2866 691 2923 ORTH.
723 2865 882 2933 Quod
909 2879 1046 2919 vero
1070 2863 1393 2919 transitione
1421 2879 1532 2918 non
1557 2863 1785 2934 indiget,
1818 2878 1997 2934 neque

409 2959 784 3016 ambulatione
811 2957 1085 3030 (indiget).

480 3052 690 3108 ERAN.
727 3051 976 3107 Videtur.

479 3143 692 3200 ORTH.
726 3135 884 3210 Quod
931 3152 1117 3199 autem
1155 3144 1262 3198 iter
1305 3158 1418 3196 non
1458 3140 1609 3203 facit,
1647 3154 1760 3194 non
1796 3139 1996 3194 defati-
2027 3139 2066 3162 “

409 3249 588 3310 gatur.

478 3331 687 3388 ERAN.
715 3331 1095 3401 Nequaquam.

478 3421 688 3478 ORTH.
718 3421 839 3476 Non
870 3421 1037 3490 igitur
1078 3417 1372 3489 defatigata
1417 3425 1502 3472 est
1547 3417 1733 3470 divina
1774 3424 1992 3483 natura,

407 3528 534 3570 cum
566 3513 640 3568 sit
664 3510 1164 3580 incircumscripta,
1194 3518 1252 3565 et
1271 3507 1644 3564 ambulatione
1679 3524 1787 3562 non
1816 3520 1991 3578 egeat.

477 3605 687 3661 ERAN.
725 3604 835 3659 Sed
867 3603 1054 3658 divina
1081 3601 1370 3671 Scriptura
1401 3600 1590 3656 Jesum
1635 3599 1992 3669 defatigatum

405 3695 578 3750 fuisse
610 3700 816 3749 narrat.
849 3693 1009 3748 Jesus
1043 3699 1226 3746 autem
1265 3691 1412 3746 Deus
1439 3700 1524 3745 est
1552 3707 1565 3744 :
1603 3709 1621 3742 ι
1657 3690 1812 3746 Unus
1843 3691 1993 3746 enim

405 3787 672 3842 Dominus
698 3785 858 3840 Jesus
885 3783 1160 3848 Christus,
1195 3797 1294 3852 per
1315 3797 1480 3852 quem
1511 3783 1695 3838 omnia
1725 3785 1789 3840 ει.
1824 3804 1843 3836 ι

482 3878 640 3947 193
676 3874 886 3933 ORTH.
912 3874 1183 3942 Quoniam
1215 3874 1384 3945 igitur
1407 3889 1560 3930 sacra
1582 3875 1866 3946 Scriptura
1891 3877 1990 3933 de-

405 3970 696 4039 fatigatum
744 3967 922 4036 ipsum
967 3966 1120 4029 dicit,
1156 3973 1212 4020 et
1246 3980 1358 4020 non
1397 3965 1705 4037 defatigari,
1733 3969 1989 4023 conside-

405 4061 641 4116 randum
686 4067 771 4114 est
815 4057 1092 4128 quomodo
1138 4057 1243 4113 hoc
1288 4066 1344 4112 et
1395 4057 1672 4127 quomodo
1727 4057 1863 4112 illud
1895 4059 1990 4113 uni

402 4167 652 4226 personae
670 4150 1072 4207 accommodari
1096 4149 1285 4219 possit.

473 4244 682 4300 ERAN.
723 4243 812 4304 Tu
847 4242 955 4296 hoc
982 4243 1210 4296 ostende
1239 4261 1252 4296 :
1280 4251 1339 4296 tu
1366 4241 1514 4297 enim
1540 4242 1588 4296 is
1607 4257 1688 4307 es,
1725 4241 1820 4312 qui
1842 4241 1986 4296 divi-

401 4335 574 4391 sionis
597 4350 881 4390 sermones
918 4334 1078 4388 nobis
1110 4334 1332 4405 ingeris.

2101 1856 2271 1925 πάθη,
2306 1855 2399 1908 καὶ
2434 1855 2730 1926 κηρύττειν
2769 1855 2847 1926 τῷ
2901 1857 3152 1926 πάσχειν,
3201 1853 3276 1916 ὡς
3311 1851 3370 1905 οὐ
3417 1850 3692 1920 φαντασία

2099 1948 2160 1999 τδ
2193 1947 2540 2018 φαινόμενον,
2584 1947 2698 2001 ἀλλ’
2724 1947 2940 2018 ἁληῦῶς
2971 1949 3036 2000 ὲκ
3069 1947 3166 2015 τῆς
3197 1943 3543 2014 ἀνθρωπείας
3587 1941 3690 2009 r6-

2102 2058 2240 2103 σεως
2282 2039 2642 2111 είλημμένον;
2693 2041 3066 2110 Σκοπήσωμεν
3101 2039 3158 2092 δὲ
3200 2037 3373 2100 οὕτως
3405 2078 3417 2090 .
3467 2033 3694 2106 Ἀπερί-

2098 2151 2310 2204 γρῖφον
2339 2133 2438 2204 τὴν
2471 2133 2619 2186 Θείαν
2650 2132 2810 2202 φύσιν
2850 2133 3064 2203 φαμέν;

2175 2226 2378 2280 EPAN.
2421 2224 2608 2294 Ναιχί.

2171 2319 2324 2394 ῼΡΘ.
2379 2318 2444 2372 Ἦ
2472 2317 2529 2369 δὲ
2568 2318 2948 2388 ἀπερίγραφος
2981 2317 3141 2385 φύσις
3171 2315 3259 2368 ὑπ’
3294 2311 3507 2374 οὐδενὸς
3537 2327 3694 2381 περι-

2100 2411 2399 2482 γράφεται.

2172 2502 2375 2555 EPAN.
2418 2502 2492 2554 Οὐ
2521 2500 2629 2571 γὰρ
2650 2495 2764 2554 οὖν.

2171 2595 2324 2648 ΟΡΘ.
2376 2595 2450 2647 Οὐ
2498 2593 2681 2647 τοίνυν
2741 2592 2914 2647 δεῖται
2972 2591 3359 2662 μεταϐάσεωςο
3411 2592 3691 2662 πανταχοῦ

2099 2687 2208 2756 γὰρ
2243 2687 2412 2740 ἐστιν.

2172 2775 2374 2828 EPAN.
2433 2774 2684 2845 Ἀληθές.

2169 2867 2324 2921 ΟΡΘ.
2371 2868 2442 2920 Τὸ
2486 2867 2540 2920 δὲ
2581 2867 2693 2938 (27)
2738 2865 3095 2937 μεταϐάσεως
3135 2865 3198 2918 οὐ
3240 2865 3524 2936 δεόμενον,
3566 2868 3691 2921 οὐδὲ

2103 2958 2366 3028 βαδίσεως

2172 3052 2379 3104 EPAN.
2415 3053 2694 3106 Φαίνεται.

2174 3143 2326 3196 ΟΡΘ.
2360 3144 2432 3197 Τὸ
2463 3144 2520 3196 δὲ
2555 3142 2630 3214 μὴ
2661 3142 2875 3212 βαδίζον
2906 3143 2966 3196 οὐ
3003 3144 3192 3211 κοπιᾷ.

2169 3320 2372 3372 ΕΡΛΝ.
2410 3319 2696 3390 Οὐδαμῶς.

2170 3411 2322 3464 ΟΡΘ.
2361 3411 2476 3464 Οὐκ
2508 3411 2617 3482 ἄρα
2650 3409 2983 3464 κεκοπίακεν
3023 3411 3056 3480 ἠ
3084 3408 3202 3462 θεία
3231 3408 3394 3478 φύσις
3417 3451 3434 3475 ,
3487 3409 3690 3482 ἀπερί-

2097 3521 2310 3576 γραφος
2347 3499 2481 3556 οὖσα
2501 3543 2516 3565 ,
2543 3503 2637 3556 καὶ
2676 3502 2751 3573 μὴ
2780 3501 3011 3572 δεομένη
3049 3500 3330 3569 βαδίσεως.

2169 3594 2373 3648 ΕΡΑΝ.
2451 3593 2592 3646 Ἀλλ’
2647 3595 2680 3664 ἡ
2740 3591 2860 3645 θεία
2897 3591 3090 3662 Γραφὴ
3143 3591 3535 3645 κεκοπιακέναι
3595 3596 3688 3646 τὸν

2109 3687 2317 3758 Ἰησοῦν
2351 3686 2574 3757 ἱστορεῖ,
2603 3685 2736 3748 Θεὸς
2773 3685 2832 3738 δὲ
2859 3686 2904 3744 ὁ,
2919 3681 3128 3754 Ἰησοῦς
3156 3699 3200 3735 ἰ
3230 3677 3310 3746 εἷς
3339 3683 3447 3754 γὰρ
3481 3683 3689 3755 Κύριος

2108 3778 2312 3849 Ἰησοῦς
2339 3777 2572 3850 Χριστὸς
2593 3818 2607 3843 ,
2638 3777 2706 3831 δι’
2737 3770 2799 3830 οὗ
2834 3777 2900 3830 τὰ
2933 3776 3129 3830 πάντα.
3171 3795 3189 3828 ι

2166 3870 2318 3924 ΟΡΘ.
2372 3869 2594 3940 Ἐπειδὴ
2624 3868 2804 3922 τοίνυν
2841 3867 3234 3922 κεκοπιακέναι
3275 3866 3438 3921 αὐτὸν
3479 3867 3574 3920 καὶ
3609 3866 3688 3939 μὴ

2095 3963 2294 4035 κοπιᾷν
2338 3963 2371 4032 ή
2419 3961 2539 4016 θεία
2589 3961 2738 4030 λέγει
2778 3960 3006 4031 Γραφὴ,
3059 3961 3368 4030 σκοπητέον
3410 3960 3528 4024 πῶς
3586 3961 3688 4030 μὲν

2093 4051 2274 4118 τοῦτο,
2308 4053 2427 4116 πῶς
2457 4052 2516 4106 δὲ
2545 4053 2721 4105 ὲκεῖνο
2741 4050 2820 4122 τῷ
2841 4051 2921 4104 ἑνὶ
2953 4051 3231 4123 προσώπῳ
3262 4051 3486 4105 δυνατὸν
3514 4068 3688 4122 προσ-

2093 4147 2372 4218 αρμῶσαι.

2169 4239 2372 4291 ΕΡΑΝ.
2415 4239 2487 4291 Σὺ
2547 4239 2703 4292 τοῦτο
2755 4237 2964 4301 δεῖξον·
3008 4237 3070 4290 σὺ
3115 4237 3226 4307 γὰρ
3264 4237 3390 4298 τοὺς
3415 4235 3510 4304 τῆς
3544 4234 3682 4287 διαι-

2095 4332 2300 4401 ρέσεως
2329 4333 2461 4401 ἡμῖν
2489 4329 2828 4400 εἰσκομίζεις
2852 4330 3068 4398 λόγους.

469 4422 681 4479 ORTH.
715 4423 982 4478 Existimo
1008 4424 1093 4477 vel
1129 4423 1371 4477 Barbaro
1393 4422 1551 4477 facile
1575 4438 1698 4478 esse
1733 4423 1838 4477 hoc
1869 4424 1986 4478 dis-

2165 4422 2317 4476 ΟΡΘ.
2358 4417 2526 4492 Οἶμαι
2579 4421 2740 4474 τοῦτο
2784 4422 2879 4474 καὶ
2919 4418 3188 4489 Βιρὸἁρῳ
3228 4418 3408 4488 ῥᾴδιον
3454 4415 3682 4483 διαγνῶ-

401 4529 653 4579 cernere,
681 4513 828 4583 quod
849 4551 862 4576 ,
885 4512 1238 4566 dissimilium
1269 4521 1592 4568 naturarum
1621 4514 1822 4569 unione
1852 4530 1989 4569 con-

400 4621 576 4672 cessa,
621 4603 828 4660 Christi
869 4601 1093 4672 quidem
1125 4617 1360 4671 persona
1389 4614 1615 4674 propter
1643 4605 1903 4659 unionem
1935 4615 1992 4660 et

401 4700 522 4754 haec
563 4707 620 4752 et
663 4697 756 4751 illa
790 4695 1044 4766 recipiat,
1083 4695 1305 4764 utrique
1342 4703 1526 4752 autem
1557 4706 1768 4755 natura:
1791 4715 1992 4756 conve-

399 4790 615 4846 nientia
645 4778 958 4844 tribuantur
987 4807 1001 4840 :
1029 4789 1523 4858 incircumscripta‘.
1551 4789 1812 4845 videlicet
1830 4792 1988 4846 inde-

401 4880 741 4952 fatigabilem
779 4896 921 4946 esse,
967 4879 1275 4938 transeunti
1318 4895 1449 4936 vero
1473 4890 1530 4936 et
1555 4881 1858 4939 ambulanti
1891 4886 1988 4940 de-

404 4973 672 5045 fatigatio.
727 4973 862 5028 Nam
913 4973 1118 5044 pedum
1155 4979 1169 4990 ‘
1215 4972 1500 5042 proprium
1542 4980 1628 5030 est
1664 4973 1899 5044 ingredi,
1934 4984 1993 5030 et

403 5079 700 5129 nervorum
724 5065 897 5120 nimio
925 5065 1116 5118 labore
1140 5059 1401 5120 distendi.

473 5156 682 5212 ERAN.
727 5156 835 5211 Has
890 5171 1011 5210 esse
1059 5156 1375 5224 corporales
1414 5157 1734 5213 aﬂ‘eetiones
1769 5159 1822 5213 in
1852 5176 1987 5215 con—

400 5249 548 5303 fesso
564 5255 668 5305 est.

475 5411 520 5439 τ’
548 5413 650 5462 13a.
683 5423 771 5471 IL,
807 5406 895 5472 28,
931 5407 1020 5464 29.
1099 5408 1142 5438 ⁸ο
1168 5407 1306 5462 Ibid.
1334 5409 1420 5463 5i.

475 5565 586 5635 (27)
617 5565 696 5618 δέ.
723 5565 804 5635 Ex
841 5565 986 5635 edit.
1009 5564 1164 5618 Rom.
1201 5570 1256 5616 et
1293 5563 1440 5635 Lips.
1480 5563 1764 5635 insertum.

471 5629 580 5707 (28)
617 5634 830 5707 ἄκιιιιι
867 5634 1108 5707 scribere
1139 5648 1248 5707 non
1279 5629 1675 5707 dubitavimus,
1709 5631 1810 5684 etsi
1845 5629 1980 5684 edit.

399 5704 645 5762 Retinet
680 5705 825 5773 Lips.
868 5721 993 5759 cum
1031 5704 1264 5760 lectione
1311 5705 1475 5759 Sirm.
1519 5704 1718 5756 ἄτοπον
1751 5715 1987 5755 consen-

1499 5409 1540 5440 ⁸¹
1574 5409 1747 5462 lCor.
1797 5425 1908 5473 vni,
1947 5407 2000 5462 6.

2097 4531 2226 4577 ναι,
2264 4514 2338 4577 ὡς
2367 4514 2468 4583 τῆς
2511 4514 2621 4566 τῶν
2679 4515 2950 4584 ἀνομοίων
2994 4513 3213 4582 φύσεων
3257 4509 3683 4581 ὁμολογηθείσης

2099 4603 2374 4671 ὲνὼσεως,
2415 4606 2629 4678 δέχεται
2685 4607 2784 4676 μὲν
2829 4606 2891 4659 τὸ
2935 4605 3228 4677 πρόσωπον
3274 4601 3369 4656 τοῦ
3419 4599 3680 4672 Χριστοῦ,

2098 4697 2191 4750 καὶ
2229 4697 2404 4751 ταῦτα
2452 4701 2684 4750 κάκεῖνα
2724 4697 2814 4751 διὰ
2861 4698 2961 4768 τὴν
2987 4697 3216 4760 ἕνωσιν,
3252 4694 3489 4765 ἑκατέρᾳ
3522 4693 3578 4746 δέ
3618 4708 3682 4760 γε

2099 4788 2260 4856 φύσει
2287 4789 2355 4841 τὰ
2389 4789 2674 4858 πρόσφορα
2719 4788 3219 4859 προσαρμοττεται,
3251 4789 3317 4856 τῇ
3355 4783 3452 4855 μὲν
3484 4785 3684 4853 ἀπερι-

2097 4883 2294 4954 γράφῳ
2341 4881 2403 4934 τὸ
2439 4881 2646 4935 ἆκοπον
2686 4881 2798 4953 (‘28)
2826 4923 2840 4947 ,
2903 4883 2969 4951 τῇ
3025 4879 3081 4932 δὲ
3131 4875 3536 4950 μεταϐαινούσῃ
3588 4876 3683 4928 καὶ

2091 4971 2383 5044 βαδιζούσῃ
2413 4975 2440 5026 ὁ
2465 4973 2654 5036 κόπος.
2690 4973 2877 5026 Ποδῶν
2909 4973 3020 5044 γὰρ
3045 4971 3176 5025 ἴδιον
3200 4971 3260 5024 τὸ
3297 4968 3553 5041 βαδίζειν,
3586 4969 3683 5022 καὶ

2088 5065 2302 5138 νεύρων
2335 5065 2398 5119 τὸ
2417 5064 2494 5135 τῷ
2531 5064 2738 5118 πλείονι
2764 5063 3128 5125 διατείνεσθαι
3153 5063 3322 5131 πόνῳ.

2162 5155 2366 5212 ΕΡΑΝ.
2413 5157 2771 5228 Ὠμολόγηται
2797 5156 2972 5210 ταῦτα
3003 5155 3291 5226 σωματικὰ
3318 5149 3456 5207 εἶναι
3499 5149 3678 5215 παθή-

2093 5269 2235 5322 ματα
2244 5292 2256 5304 .

2091 5559 2249 5613 tiant.
2269 5558 2405 5624 Qme
2425 5559 2674 5642 proxime
2694 5569 3021 5629 sequuntur,
3051 5562 3183 5616 satis
3213 5555 3677 5614 commendabunt

2093 5640 2333 5683 nostram
2369 5640 2786 5684 COI'I‘CCHOIIEHI.
