4066 6452
425 451 528 518 959

1435 457 1923 522 THEODORETI
1963 455 2302 522 EPISCOPI
2339 458 2705 521 CYRENSIS

3579 461 3699 528 960

427 576 537 621 tem
562 565 902 637 Chrysippus
921 565 1148 635 (Euseb.
1179 581 1233 637 p.
1261 566 1367 622 263
1389 568 1452 639 C)
1475 571 1629 641 quasi
1657 573 2012 644 πεπερασμέ-

2124 571 2307 639 μένην
2328 573 2357 626 6
2385 572 2713 643 Χρύσιππος
2745 570 3172 644 πεπερασμένην
3197 571 3401 645 ἔφησεν
3419 571 3564 629 εἶναι

427 674 543 726 νην,
578 656 684 710 hoc
705 665 816 721 est,
850 656 1147 726 perfectam
1187 665 1630 730 transactamqne
1654 662 2007 732 gubernatio-

426 762 551 800 nem
573 762 693 801 esse
723 747 861 801 dixit
898 766 912 801 :
936 747 1333 804 Himarmenem
1355 766 1488 805 vero
1511 752 1667 821 quasi
1699 752 2006 824 εἰρομένην,

427 837 532 891 hoc
558 846 662 900 est,
693 839 1086 908 eomplicitam,
1113 840 1229 895 sive
1251 856 1319 895 ex
1351 841 1538 896 divina
1560 844 1861 911 voluntate,
1893 846 2008 901 sive

426 944 753 999 quacunque
777 930 884 984 alia
906 946 974 985 ex
1009 946 1196 986 causa.
1235 932 1435 989 Parcas
1463 933 1629 989 etiam
1667 935 1857 990 eras
1888 952 2011 992 esse

427 1020 744 1088 appellatas,
785 1036 853 1076 eo
887 1023 1035 1092 quod
1068 1023 1244 1079 divisa
1268 1039 1333 1080 ac
1354 1024 1651 1081 distributa
1686 1027 1800 1082 sint
1825 1028 2009 1097 aliqua

426 1110 727 1181 unicuique
750 1120 1024 1168 nostrum.
1057 1114 1137 1169 lla
1163 1124 1220 1170 et
1241 1115 1465 1182 Chreon,
1496 1118 1652 1188 quasi
1686 1119 1916 1174 debitum
1954 1120 2009 1175 id

427 1201 557 1267 dici,
583 1202 733 1272 quod
754 1205 943 1260 evenit
966 1213 1022 1261 ct
1044 1208 1301 1262 convenit
1341 1209 1645 1264 secundum
1668 1210 1767 1265 fati
1808 1211 2007 1282 legem.

428 1293 735 1349 Parcarum
774 1306 958 1353 autem
994 1315 1225 1355 numero
1282 1302 1388 1356 tria
1436 1309 1680 1372 tempora
1739 1303 2013 1374 signiﬁca-

429 1387 514 1449 ri,
579 1389 783 1457 quibus
839 1392 1022 1446 omnia
1062 1394 1422 1448 revolvuntur
1473 1403 1530 1449 et
1588 1404 2011 1451 consumuntur.

427 1478 587 1548 851
617 1480 693 1535 Ac
716 1481 1200 1553 Lachesinquidem
1231 1485 1432 1540 dictam
1457 1502 1598 1552 esse,
1632 1503 1700 1542 eo
1732 1487 1878 1557 quod
1899 1504 2017 1542 sor-

430 1570 597 1625 tiatur
636 1574 1015 1644 unusquisque
1053 1576 1202 1645 quod
1241 1577 1352 1632 fato
1403 1578 1687 1635 decretum
1719 1588 1825 1635 est.
1858 1580 2018 1635 Atro-

430 1680 533 1733 pon
559 1680 709 1725 vero.
737 1665 809 1719 ob
843 1667 1008 1721 sortis
1030 1666 1169 1723 datae
1194 1670 1546 1725 stabilitatem
1580 1680 1637 1727 et
1660 1672 2018 1728 immutabili-

431 1762 618 1810 tatem.
654 1754 838 1811 Clotho
867 1765 1072 1823 autem,
1106 1760 1252 1829 quod
1274 1760 1673 1818 circumvoluta
1702 1773 1760 1820 et
1784 1765 2018 1836 compli-

429 1852 547 1899 cata
583 1847 695 1899 sint
721 1848 926 1912 omnia,
964 1858 1022 1905 et
1050 1851 1198 1920 quod
1244 1868 1353 1907 una
1385 1853 1457 1907 sit
1488 1853 1708 1909 illarum
1750 1856 2015 1926 disposita

2110 659 2598 733 συντετελεσμένην
2622 660 2889 731 διοίκησιν
2918 676 2927 689 ·
2956 660 3057 732 τὴν
3090 661 3149 715 δὲ
3184 663 3576 733 εἱμαρμένην,
3609 665 3686 718 et-

2113 752 2345 823 ρομένην
2374 753 2395 784 ⁷
2425 752 2580 815 τινὰ,
2614 752 2713 806 εἶτ’
2746 753 2811 805 ὲκ
2859 751 2981 825 [87]
3007 753 3143 807 Θεοῦ
3179 753 3490 825 βουλήσεως
3512 798 3527 821 ,
3572 755 3689 809 εἴτε

2112 839 2254 913 [καὶ]
2287 839 2309 870 ⁸
2340 840 2400 908 ἐξ
2423 841 2749 912 οἱασδήποτε
2780 842 2982 905 αἰτίας·
3013 841 3111 906 τὰς
3133 842 3187 895 δὲ
3217 844 3448 911 Μοίρας
3471 845 3691 925 ὠνομιξ-
3756 848 3767 853 ’

2112 932 2233 986 σθαι
2263 932 2371 985 ἀπὸ
2386 932 2486 985 τοῦ
2513 931 2842 1004 μεμερίσθαι
2872 933 2964 986 καὶ
2992 934 3468 1004 κατανενεμῆσθαι
3504 937 3526 968 ⁹
3561 954 3694 993 τινα

2109 1025 2144 1094 ή
2152 1024 2265 1095 μῶν
2293 1025 2528 1095 ἑκάστῳο
2551 1023 2693 1079 οὕτω
2716 1025 2770 1078 δὲ
2789 1025 2883 1078 καὶ
2904 1025 2963 1078 τὸ
2980 1024 3181 1093 Χρεὼν
3201 1026 3353 1097 παρὰ
3372 1026 3431 1081 τὸ
3446 1027 3627 1097 χρέος
3643 1030 3690 1062 ’⁸
3718 1086 3727 1087 ,

2112 1116 2402 1187 εἰρῆσθαι,
2452 1116 2514 1171 τὸ
2550 1116 2842 1171 ὲπιὸἀλλον
2898 1116 2995 1170 καὶ
3039 1116 3285 1187 καθῆκον
3317 1119 3460 1172 κατὰ
3510 1120 3553 1150 ¹¹
3589 1119 3692 1188 τὴν

2113 1207 2474 1280 εἱμαρμένην.
2523 1207 2626 1262 Τὸν
2649 1208 2706 1262 δὲ
2733 1208 2963 1279 ἀριθμὸν
2989 1207 3099 1261 τῶν
3125 1208 3361 1277 Μοιρῶν
3386 1210 3515 1273 τοὺς
3539 1213 3694 1282 τρεῖς

2112 1300 2339 1370 χρόνους
2366 1299 2716 1372 παραδηλοῦν
2748 1301 2806 1355 ἐν
2838 1295 2923 1364 οἷς
2960 1300 3239 1354 κυκλεῖται
3262 1300 3331 1354 τὰ
3363 1301 3566 1368 πάντα,
3597 1304 3695 1359 καὶ

2111 1392 2178 1444 δι’
2237 1383 2313 1444 ὧν
2374 1391 2736 1445 ἐπιτελεῖταιο
2788 1392 2883 1445 καὶ
2906 1390 3176 1460 Λάχεσιν
3225 1392 3325 1462 μὲν
3390 1393 3695 1464 κεκλῆσθαι

2115 1482 2270 1555 παρὰ
2295 1482 2357 1536 τὸ
2390 1482 2683 1553 λαγχάνειν
2713 1482 2930 1553 ἑκάστῳ
2960 1482 3021 1536 τὸ
3052 1482 3448 1554 πεπρωμένον
3491 1484 3696 1552 Ἀτρο-

2114 1591 2234 1628 πον
2260 1573 2319 1627 δὲ
2336 1572 2478 1627 κατὰ
2509 1573 2575 1625 τὸ
2599 1573 2869 1645 ἄτρεπτον
2899 1573 2994 1627 καὶ
3022 1571 3361 1643 ἀμετάθετον
3401 1572 3495 1627 τοῦ
3530 1591 3595 1641 με
3604 1591 3691 1644 ρι-

2119 1664 2258 1737 σμοῦ
2283 1683 2297 1695 ο
2324 1664 2542 1721 Κλωθὼ
2569 1665 2627 1719 δὲ
2654 1664 2804 1737 παρὰ
2835 1665 2897 1719 τὸ
2923 1664 3333 1733 συγκλώθεσθαι
3358 1665 3401 1696 ¹¹
3436 1665 3531 1718 καὶ
3572 1681 3699 1718 συνο

2115 1759 2358 1830 εἱρεσθαι
2431 1757 2505 1811 τὰ
2555 1757 2737 1812 πάντα
2765 1801 2780 1825 ,
2816 1759 2911 1812 καὶ
2957 1759 3089 1830 μίαν
3132 1757 3312 1813 αὐτῶν
3357 1759 3700 1829 τεταγμένην

2119 1845 2261 1904 εἶναι
2301 1849 2460 1916 δόξαν
2502 1849 2569 1904 ¹³.
2615 1849 2728 1919 Τὴν
2753 1849 2810 1903 δὲ
2838 1852 3134 1918 Πρόνοιαν
3152 1849 3312 1904 τοῦτο
3353 1848 3697 1917 κεκλήκασι,

429 1938 723 1993 sententia.
753 1939 1059 2011 Totamque
1093 1943 1237 1998 hanc
1259 1944 1461 1999 seriem
1481 1944 1879 2002 Providentiam
1910 1964 2014 2002 no-

2124 1943 2253 1997 διότι
2291 1942 2427 2013 πρὸς
2465 1942 2527 1995 τὸ
2578 1943 2848 2013 χρήσιμον
2892 1944 3167 2012 οἰκονομεῖ
3196 1942 3443 1996 ἕκασταο
3490 1940 3697 2009 Ἀδρὰ-

431 2029 731 2095 minarunt,
766 2046 834 2085 co
855 2031 1003 2101 quod
1038 2033 1249 2104 singula
1279 2035 1349 2089 ad
1385 2036 1679 2092 utilitatem
1711 2037 2016 2107 dispenset.

428 2118 752 2175 Adrasteam
780 2138 914 2177 vero
942 2124 1193 2179 eamdem
1226 2125 1359 2191 dici,
1397 2128 1528 2196 quia
1543 2128 1706 2197 plane
1733 2129 1873 2183 nihil
1895 2145 2016 2184 eam

430 2209 677 2281 effugiat.
713 2212 834 2267 Non
856 2213 1034 2268 solum
1068 2222 1251 2270 autem
1278 2216 1644 2283 Democritus,
1669 2228 1726 2274 et
1752 2218 2020 2290 Chrysip-

431 2321 557 2374 pus,
582 2314 639 2360 et
672 2307 966 2377 Epicurus.
994 2310 1180 2365 omnia
1214 2310 1335 2366 ﬁeri
1373 2312 1702 2369 necessitate
1735 2315 2020 2381 dixerunt,

431 2396 831 2453 Necessitatem
874 2401 1274 2456 Himarmenem
1304 2405 1646 2473 appellantes
1695 2424 1707 2459 :
1743 2408 1840 2462 sed
1871 2411 2019 2464 cele-

432 2486 712 2541 berrimus
758 2505 976 2559 quoque
1006 2491 1340 2563 Pythagoras
1376 2494 1761 2549 necessitatem
1812 2498 2020 2553 mundo

434 2577 697 2634 incubare
724 2581 878 2635 dixit.
919 2582 1274 2639 Parmenides
1296 2601 1458 2651 vero,
1503 2587 1675 2656 ipsam
1706 2586 2018 2644 Necessita-

436 2677 541 2724 tem
569 2671 736 2725 etiam
766 2672 1089 2738 Damonem,
1122 2682 1178 2730 et
1215 2676 1511 2740 Justitiam,
1545 2687 1602 2733 et
1626 2679 2020 2736 Providentiam

432 2764 751 2834 appellavit.
789 2768 927 2822 Tum
958 2767 1344 2826 etllcraclitus
1382 2788 1603 2842 quoque
1647 2772 1764 2828 ﬁeri
1792 2775 1975 2829 omnia
2005 2776 2020 2796 ‘

432 2858 543 2913 fato
562 2860 818 2923 asseruit,
851 2868 908 2914 et
960 2860 1355 2917 Necessitatem
1395 2863 1586 2919 itidem
1626 2865 2023 2921 Himarmenem

432 2947 671 3000 vocavit.
728 2946 948 3003 Stoicus
1002 2949 1134 3003 item
1171 2950 1533 3021 Chrysippus,
1580 2953 1719 3007 nihil
1756 2954 2027 3009 interesse

436 3039 659 3092 censuit
711 3040 856 3093 inter
904 3040 1067 3096 fatale
1118 3057 1183 3096 ac
1230 3044 1640 3106 necessarium,
1685 3061 1806 3100 esse
1838 3052 2023 3100 autem

2121 2049 2332 2089 στειαν
2364 2034 2420 2087 δὲ
2451 2033 2550 2105 τὴν
2580 2032 2773 2104 αὐτὴν,
2791 2034 2874 2087 ὅτι
2900 2033 3055 2088 οὐδὲν
3088 2033 3255 2104 αὐτὴν
3280 2032 3697 2103 ἀποδιδράσκει.

2122 2128 2197 2181 (ἱύ
2233 2128 2393 2198 μόνον
2416 2125 2472 2179 δὲ
2504 2127 2554 2179 οἱ
2577 2126 2721 2193 ἀμφὶ⁴
2737 2125 2829 2178 τὸν
2851 2122 3208 2197 Δημόκριτον,
3234 2126 3329 2179 καὶ⁵
3351 2123 3701 2196 Χρύσιππον,

2123 2220 2217 2274 καὶ
2261 2219 2581 2288 Ἐπίκουρον
2619 2217 2795 2270 πάντα
2830 2216 2970 2271 κατὰ
3001 2217 3247 2288 ἀνάγκην
3276 2216 3483 2284 ἔφασαν
3511 2215 3703 2283 γίγνει-

2125 2306 2270 2373 σθαι,
2297 2307 2540 2375 ἀνάγκην
2572 2305 2862 2369 καλοῦντες
2899 2305 2997 2376 τὴν
3024 2304 3407 2374 εἱμαρμένην,
3429 2303 3566 2358 ἀλλὰ
3605 2303 3705 2356 καὶ

2124 2398 2446 2470 Πυθαγόρας
2463 2400 2490 2450 6
2508 2397 2672 2451 πολυο
2683 2396 2937 2466 ρύλλητος
2958 2396 3204 2467 ἀνάγκην
3225 2392 3345 2449 εἷπε
3356 2393 3703 2466 περικεῖσθαι

2125 2491 2202 2560 τῷ
2253 2492 2466 2560 κόσμῳ.
2518 2492 2577 2543 '0
2620 2490 2676 2543 δὲ
2729 2489 3075 2561 Παρμενίδης
3122 2488 3221 2559 τὴν
3265 2487 3513 2558 ἀνάγκην
3559 2482 3702 2558 [καὶ]

2123 2582 2381 2650 Δαίμονα
2402 2582 2656 2650 κέκληκε,
2693 2580 2788 2634 καὶ
2815 2581 3022 2647 Δίκην,
3054 2580 3150 2633 καὶ
3188 2581 3515 2648 Πρόνοιαν
3545 2578 3641 2632 καὶ
3675 2579 3708 2631 6

2137 2674 2490 2746 Ἡράκλειτος
2527 2673 2584 2726 δὲ
2612 2672 2790 2727 πάντα
2845 2670 2965 2725 καθ’
3017 2671 3363 2743 εἱμαρμένην
3395 2670 3584 2741 εἴρηκε
3613 2670 3701 2737 γί-

2125 2767 2351 2836 γνεσθαι
2367 2782 2381 2797 ο
2410 2766 2657 2836 ἀνάγκην
2681 2764 2736 2818 δὲ
2758 2765 2858 2835 τὴν
2885 2762 3253 2834 εἱμαρμένην
3282 2764 3375 2817 καὶ
3390 2754 3543 2824 οὗτος
3567 2761 3705 2815 ὠνό-

2130 2873 2289 2926 μασε.
2324 2857 2434 2910 Καὶ
2459 2854 2787 2926 Χρύσιππος
2812 2854 2869 2907 δὲ
2890 2855 2922 2907 6
2949 2854 3187 2917 Στωϊκὸς
3228 2852 3392 2923 μηδὲν
3421 2852 3708 2923 διαφέρειν

2125 2942 2245 2998 εἷπε
2286 2944 2380 2999 τοῦ
2411 2944 2751 3016 εἱμαρμένου
2784 2943 2846 2997 τὸ
2884 2943 3433 3014 κατηναγκασμένον,
3481 2938 3622 2995 εἶναι
3648 2940 3709 2995 δὲ

2125 3035 2223 3107 τὴν
2255 3035 2616 3104 εἱμαρμένην
2646 3033 2862 3103 κίνησιν
2914 3033 3104 3094 ἀΐδιον,
3135 3030 3331 3100 συνεχῆ
3365 3030 3458 3083 καὶ
3505 3046 3709 3095 τεταγ-

437 3128 833 3185 llimarmenem
856 3172 870 3194 ,
912 3133 1326 3203 sempiternam,
1370 3136 1710 3201 continuam,
1741 3153 1806 3191 ac
1841 3137 2022 3206 dispa-

2131 3127 2319 3198 μένην.
2354 3128 2538 3195 Ζήνων
2579 3124 2635 3178 δὲ
2659 3127 2687 3178 6
2718 3123 3037 3187 Κιττιεὺς¹⁸
3062 3121 3295 3191 δύναμιν
3325 3120 3561 3190 κέκληκε
3607 3119 3710 3189 τήν

435 3218 597 3274 sitam
629 3220 949 3276 motionem.
982 3223 1130 3278 Zeno
1159 3232 1340 3280 autem
1377 3225 1680 3292 Citticnsis,
1714 3228 2022 3284 Ilimarme-

2128 3219 2492 3289 εἱμαρμένην,
2520 3217 2809 3288 κινητικὴν
2840 3217 2939 3286 τῆς
2971 3215 3105 3284 ὕλης
3125 3254 3138 3279 ,
3183 3214 3282 3280 τὴν
3311 3213 3369 3266 δὲ
3409 3211 3579 3319 αὐτὴῖ
3612 3211 3714 3319 καὶ

438 3325 565 3364 nem
594 3313 704 3365 vim
735 3328 856 3368 esse
885 3314 1023 3369 dixit
1053 3318 1294 3373 materiae
1322 3319 1631 3383 molricem,
1663 3321 2022 3391 eamdemque

2128 3311 2424 3378 Πρόνοιαν
2454 3309 2549 3362 καὶ
2596 3309 2792 3362 Φύσιν
2817 3307 3120 3377 ὠνόμασεν.
3152 3306 3216 3359 Οἱ
3238 3304 3294 3357 δὲ
3323 3304 3508 3357 τοῦτον
3536 3302 3710 3356 διαδε-

438 3400 925 3470 etProvidentiam,
947 3404 1283 3461 etNaturam
1312 3410 1813 3480 appellavit.llujus
1841 3420 2022 3465 autem

2127 3401 2349 3471 ξάμενοι
2381 3398 2478 3470 τὴν
2506 3398 2850 3468 εἱμαρμένην
2880 3397 3036 3466 λόγον
3069 3396 3279 3467 ἔφασαν
3314 3392 3453 3448 εἶναι
3503 3394 3613 3448 τῶν
3652 3397 3713 3448 ἐν

440 3506 807 3556 successores,
848 3494 1255 3551 Himarmenem
1293 3496 1554 3553 dixerunt
1602 3515 1723 3554 esse
1755 3500 2022 3555 rationem

2126 3491 2204 3563 τῷ
2233 3491 2423 3562 κόσμῳ
2472 3490 2698 3561 προνοίᾳ
2724 3489 3131 3559 διοικουμένων,
3180 3488 3275 3542 καὶ
3308 3487 3472 3542 πάλιν
3502 3489 3560 3539 ὲν
3590 3486 3712 3539 ἐτέ-

442 3598 630 3636 rerum
676 3598 798 3653 quae
853 3583 910 3638 in
954 3586 1163 3642 mundo
1216 3588 1571 3645 Providentia
1626 3590 2027 3660 gubernantur.

442 3673 766 3744 Rursusque
800 3675 856 3730 in
889 3677 1013 3732 aliis
1040 3678 1158 3732 suis
1185 3678 1342 3735 libris
1366 3720 1378 3741 .
1410 3682 1806 3737 connexionem
1837 3698 2030 3738 causa-

445 3778 569 3817 rum
602 3763 1010 3820 Himarmenem
1040 3776 1327 3822 vocarunt.
1379 3769 1502 3823 Pari
1535 3771 1698 3824 modo
1741 3780 1797 3825 et
1832 3771 2029 3827 Fortu-

444 3869 573 3908 nam
603 3855 693 3907 alii
725 3855 945 3924 quidem
978 3856 1148 3912 deum
1175 3859 1383 3927 opinati
1413 3869 1562 3933 sunt,
1591 3860 1920 3931 divinosque
1950 3861 2032 3915 illi

447 3944 691 4000 honores
722 3946 1036 4001 tribuerunt
1056 3949 1238 4004 :Plato
1268 3959 1450 4005 autem
1481 3966 1700 4006 causam
1723 3968 1843 4007 esse
1873 3952 2030 4017 dixit,

448 4053 571 4107 qua:
599 4037 669 4092 ab
698 4038 968 4094 accidenti
994 4040 1177 4109 aliquo
1210 4041 1330 4105 ﬁat,
1363 4058 1662 4113 rursusque
1690 4044 1854 4114 852
1880 4060 2034 4100 eam-

450 4130 573 4184 dem
607 4138 818 4184 natura:
857 4144 1045 4186 casum
1080 4139 1175 4186 aut
1202 4132 1492 4188 electionis
1536 4134 1771 4189 vocavit.
1823 4134 2038 4191 Aristo-

448 4220 585 4275 teles
618 4236 840 4275 causam
869 4221 1007 4275 dixit
1034 4238 1157 4278 esse
1187 4239 1280 4293 per
1314 4224 1568 4280 accidens
1597 4226 1651 4280 in
1696 4226 1763 4281 iis
1793 4243 1915 4296 qua:
1942 4243 2039 4283 vo-

452 4309 690 4365 luntario
720 4318 872 4366 motu
906 4310 1046 4365 ﬁunt
1073 4312 1307 4383 alicujus
1339 4313 1416 4368 rei
1446 4315 1643 4385 gratia,
1674 4317 1944 4371 occultam
1981 4325 2039 4373 et

451 4408 874 4458 inconstantem.
900 4403 1251 4476 Anaxagoras
1278 4421 1411 4462 vero
1426 4415 1485 4462 et
1513 4408 1879 4475 Democritus,
1911 4411 2038 4480 qui-

451 4511 557 4564 que
608 4512 639 4550 a
710 4497 912 4552 Pmcile
964 4512 1167 4552 nomen
1234 4506 1544 4563 traxerunt,
1603 4500 1879 4554 occultam
1937 4500 2041 4555 hu-

2134 3599 2246 3654 ροις
2292 3582 2726 3652 συγγράμμασιν
2766 3579 2959 3652 εἱρμὸν
3003 3579 3194 3633 αἰτίων
3227 3576 3325 3648 τὴν
3366 3574 3710 3647 εἱμαρμένην

2130 3673 2602 3743 κεκλήκασι.·Καὶ
2628 3671 2726 3741 τὴν
2752 3671 2933 3742 Τύχην
2961 3671 3016 3724 δὲ
3053 3668 3316 3731 ὡσαύτως
3352 3669 3403 3722 οἱ
3434 3668 3536 3738 μὲν
3586 3665 3717 3720 Θεὸν

2133 3766 2431 3829 ὑπέλαϐον,
2479 3765 2575 3818 καὶ
2609 3764 2685 3827 ὼς
2726 3763 2846 3816 Θεὸν
2904 3760 3315 3830 ἐσεϐάσθησαν·
3364 3761 3394 3812 ὁ
3457 3757 3515 3811 δὲ
3565 3757 3715 3811 Πλά-

2133 3875 2242 3911 των
2298 3856 2477 3910 αἰτίαν
2526 3850 2682 3908 εἶπεν
2739 3850 2878 3907 εἶναι
2942 3852 3088 3907 κατά
3142 3870 3196 3905 τι
3241 3849 3586 3921 ξυμϐεϐηκδς
3638 3865 3721 3917 γι-

2134 3931 2556 4017 γνομένην,’καὶ
2609 3945 2768 3999 πάλιν
2814 3943 3128 4013 ξύμπτωμα
3169 3940 3389 4012 φύσεως
3424 3941 3456 4008 ἢ
3512 3956 3716 4009 προαι-

2136 4038 2340 4109 ρέσεως
2376 4037 2632 4105 κέκληκε.
2692 4036 2803 4088 Καὶ
2861 4035 2890 4088 6
2958 4033 3333 4103 Ἀριστοτέλης
3363 4031 3422 4084 δὲ
3452 4030 3719 4092 ὡσαύτως

2135 4126 2314 4179 αἰτίαν
2362 4125 2467 4196 ἔφη
2520 4124 2661 4178 κατὰ
2713 4121 3061 4192 ξυμϐεϐηκὸς
3116 4123 3174 4173 ὲν
3214 4123 3328 4182 τοῖς
3367 4117 3472 4171 καο
3539 4116 3721 4188 ὁρμὴν

2137 4218 2300 4273 ἓνεκά
2349 4234 2491 4281 τινος
2547 4215 2890 4286 γιγνομένοις
2936 4212 3133 4282 ἄδηλόν
3178 4227 3239 4264 τε
3309 4211 3403 4264 καὶ
3461 4209 3716 4263 ἄστατον.

2149 4306 2520 4377 ’Δναξαγόρας
2553 4306 2611 4360 δὲ
2641 4345 2656 4370 ,
2710 4304 2805 4358 καὶ¹
2835 4302 3175 4374 Δημόκριτος
3207 4341 3222 4363 ,
3276 4301 3371 4353 καὶ
3418 4302 3467 4353 οἱ
3506 4300 3571 4351 ἐκ
3618 4298 3722 4365 τῆς

2140 4398 2399 4468 Ποικίλης
2455 4395 2841 4466 ὠνομασμένοι
2869 4433 2884 4458 ,
2927 4391 3124 4463 ἄδηλον
3171 4390 3349 4444 αἱτὶαν
3392 4390 3723 4460 ἀνθρωπίνου

2140 4490 2303 4561 λόγῳ.
2336 4492 2590 4561 Φιλήμων
2615 4486 2673 4540 δὲ
2722 4486 2766 4519 ’⁸
2802 4488 2831 4540 6
2858 4483 3121 4555 κωμικὸς.
3157 4485 3250 4536 καὶ
3282 4481 3455 4536 ταῦτα
3485 4481 3723 4548 γέλωτος

453 4601 627 4641 manae
658 4586 859 4641 rationi
890 4602 1110 4643 causam
1134 4603 1276 4642 esse.
1303 4588 1590 4643 Philemon
1611 4604 1744 4643 vero
1772 4590 2020 4644 comicus

2143 4583 2219 4637 ὣν
2251 4583 2499 4653 ποιητής,
2517 4582 2777 4650 ἄντικρυς
2795 4578 3093 4647 κατηγορεί
3119 4576 3230 4630 τῶν
3257 4575 3383 4629 θεὸν
3416 4573 3515 4644 τὴν
3539 4571 3725 4643 Τύχην

453 4678 671 4731 tametsi
700 4687 859 4747 poeta
885 4678 951 4731 ad
981 4678 1235 4735 ciendum
1267 4679 1439 4733 risum
1471 4678 1667 4742 factus,
1701 4688 1889 4749 aperte
1920 4680 2043 4735 illos

455 4776 695 4831 accusat,
725 4768 819 4837 qui
858 4768 1155 4824 Fortunam
1190 4769 1355 4824 deum
1390 4783 1513 4825 esse
1542 4769 1752 4837 opinati
1780 4777 1931 4835 sunt,
1962 4768 2047 4823 di—

456 4864 714 4927 scrtequc
743 4859 1011 4915 exclamat
1035 4859 1227 4931 (Clem.
1259 4859 1411 4913 Alex.
1442 4875 1497 4923 v,
1528 4874 1583 4927 p.
1618 4857 1741 4927 7‘26)
1777 4876 1791 4911 :

525 4977 642 5034 Non
668 4988 745 5033 est
770 4981 895 5034 deus
926 4979 1184 5037 Fortuna.
1218 4994 1343 5039 non,
1365 4979 1609 5046 inquam,
1643 4977 1802 5040 deus;

526 5047 631 5104 Sed
659 5067 811 5105 casus
841 5050 951 5102 ille.
984 5066 1087 5118 quo
1117 5047 1178 5114 ﬁt
1207 5062 1380 5110 omne,
1415 5053 1474 5098 ut
1502 5046 1719 5118 contigit

526 5119 851 5190 Cuicunque,
886 5116 1135 5171 Fuituna:
1164 5124 1380 5170 vocatur
1409 5116 1639 5169 nomine.

459 5210 607 5265 Idem
653 5218 848 5278 poeta,
903 5223 999 5264 eos
1026 5207 1119 5277 qui
1150 5206 1398 5278 auguriis
1426 5204 1777 5275 sortibusquc
1811 5212 2041 5260 utuntur

458 5299 836 5367 perstringens
852 5337 865 5360 ,

531 5389 667 5446 Cum
693 5389 889 5450 videro,
926 5388 1126 5458 inquit,
1157 5389 1247 5459 qui
1275 5388 2018 5459 observet,Aecquis‘sternuat,

534 5462 639 5516 Aut
669 5461 783 5524 rutis
812 5455 1082 5530 loquatur,
1119 5455 1211 5512 aut
1242 5457 1470 5528 gradum
1499 5455 1700 5511 obviam
1725 5456 1895 5526 ferat,

2142 4673 2538 4744 ὑπειληφότων,
2568 4672 2664 4725 καὶ
2691 4670 2985 4743 διαρρήδην
3018 4668 3117 4739 βοᾷ
3140 4680 3155 4699 ⁵

2291 4964 2412 5015 Οὐκ
2437 4961 2606 5016 ἐστιν
2635 4960 2780 5027 ἡμῖν
2813 4958 3059 5026 οὐδεμία
3091 4956 3260 5027 Τύχη,
3282 4955 3436 5027 θεὸς.

2291 5036 2411 5084 Οὐκ
2437 5033 2625 5085 ἐστιν’
2653 5025 2813 5085 ἀλλὰ
2839 5025 3212 5095 ταιιτόματον
3235 5025 3267 5078 ὃ
3292 5026 3574 5093 γίγνεται,

2293 5105 2389 5166 Ὠς
2409 5100 2837 5170 ἕτυχ’ἑκιὶο’τῳ,
2862 5097 3364 5166 προσαγορεύεται
3400 5096 3556 5163 Τύχη

2147 5191 2312 5258 Οὗτος
2342 5193 2593 5258 καὶτοὺς
2638 5193 2846 5253 οἰωνοῖς
2893 5190 2935 5221 ¹⁶
2980 5189 3012 5260 ἢ
3061 5186 3283 5257 κληδόσι
3319 5186 3638 5256 χρωμένους
3682 5185 3724 5216 ¹⁷

2146 5286 2445 5357 κωμῳδῶν,
2465 5285 2566 5357 ἔφη
2576 5300 2588 5313 ⁸

2218 5374 2555 5449 Ὅτανὶδω,
2588 5374 2743 5449 φησὶ,
2785 5369 3259 5449 ςιξαρατηρορντα,
3294 5365 3385 5449 τίς
3410 5364 3691 5449 ἔπταρεν,

2219 5449 2294 5503 Ἦ
2321 5446 2411 5512 τίς
2446 5439 2757 5511 ἐλάλησεν
2786 5443 2854 5507 ¹⁸,
2883 5441 2919 5510 ἢ
2954 5441 3048 5507 τίς
3071 5439 3250 5494 ἐστιν
3282 5439 3315 5491 ό
3348 5439 3645 5503 προσιὼν,

1750 5584 1982 5642 VARI/[‘1
2022 5579 2314 5639 LECTION
2321 5579 2424 5634 ES.

565 5731 585 5761 ⁷
618 5729 911 5799 εἰρομένηνΔ
926 5743 988 5783 su

1062 5740 1173 5779 asc.
1206 5725 1264 5778 Β.
1298 5740 1352 5793 p.
1382 5739 1456 5777 m.
1533 5722 1554 5755 ⁸
1585 5720 1724 5793 [καί]
1754 5736 1862 5793 om.
1889 5717 1950 5775 C.
2027 5720 2049 5793 ξ’
2079 5711 2660 5793 κατανενρεμεῖσθαιρ.
2704 5713 2754 5793 Δί
2808 5708 2966 5781 χρέος
3004 5707 3228 5793 «χρέωῇ
3244 5702 3504 5793 β.ῃοῦτοὶ

565 5741 583 5761 ⁷
618 5741 901 5799 εἰρομένην
926 5743 988 5783 St)
1032 5741 1173 5779 τοδε.
1206 5741 1264 5778 υ.
1298 5741 1352 5793 ι).
1382 5741 1456 5777 m.
1533 5741 1554 5755 °
1586 5741 1724 5793 [και]
1754 5741 1862 5774 om.
1889 5741 1950 5775 υ.
2029 5741 2047 5803 ς
2079 5741 2660 5817 κατανεμέμειυυοιινυ.
2742 5741 2753 5743 -
2810 5741 2963 5781 χρειω,
3004 5741 3229 5827 «ι’μόωνθ
3251 5741 3416 5828 mc...
3432 5741 3504 5803 .ἴὶ

473 5798 535 5866 εδ
566 5798 746 5866 χρεὼν
779 5797 930 5866 παρὰ
957 5741 1028 5849 τε
1043 5795 1230 5866 χρόνον
1282 5797 1386 5866 εξρ-
1423 5793 1519 5866 Vb;
1566 5794 1639 5866 _“
1680 5791 1839 5866 7:97.4-
1878 5805 2074 5866 ,παροε
2101 5788 2218 5866 νας,
2276 5856 2288 5866 .
2383 5779 2829 5866 εἱυτκῆίυοείδθαιι.
2863 5793 3079 5866 συίκέίθ
3116 5791 3314 5866 έῗῗέῗ-

478 5841 713 5927 ἑζέξοῖᾈῖ
969 5841 1019 5897 ἶῖ
1565 5862 1624 5915 Β.
1683 5841 1746 5891 ’ἡ
1874 5859 1929 5911 δέ
1952 5841 2011 5925 γέ
2038 5859 2096 5912 Β.
2176 5858 2220 5888 ¹⁶
2242 5841 2771 5927 οἱωνοίςξ-οἰωνρῖσιν
2788 5848 2885 5927 “CL
2933 5841 2973 5879 "7
3000 5845 3332 5917 χρωμένους·
3353 5841 3726 5915 κεχρημένους

494 5937 624 6002 (χρω
645 5935 845 6003 scripto
874 5950 1036 6004 supra
1070 5935 1200 6003 χρη)
1230 5933 1286 5988 Β.

1384 5920 1425 5965 ίκ
1456 5933 1488 6003 ἢ
1520 5920 1599 5995 τίς
1627 5929 1885 5999 ἐλάλησεν
1914 5920 2022 5983 om.
2056 5928 2114 5983 B.
2150 5944 2201 5981 v.
2232 5926 2404 5980 Clem.
2436 5924 2518 5977 Al.
2558 5921 2668 5986 Vl],
2700 5937 2752 5989 ι).
2785 5920 2906 5974 843.
