4066 6448
450 392 553 454 963

527 507 664 559 Tune
696 504 973 559 arbitraris
1006 512 1257 565 mortuos,
1289 499 1565 559 Nicerate,

527 575 627 640 Qui
657 592 713 630 se
741 575 978 629 omnibus
1008 574 1193 626 dedere
1219 572 1337 624 vitae
1362 568 1587 640 gaudiis,

510 638 754 715 ’Fugisse
785 645 1015 715 Numen,
1048 652 1106 695 ut
1138 640 1401 694 latentes?
1430 638 1677 715 protiuus

528 707 801 770 Est'luris
832 712 1033 776 oculus,
1065 718 1251 764 cuncta
1283 707 1437 762 acute
1462 707 1754 778 pervidens.

529 784 901 852 Cmainamque
929 783 1021 835 sub
1052 789 1193 852 terra
1224 780 1366 852 viam
1396 793 1503 830 esse
1531 778 1813 852 credimus.

534 853 649 908 Una
678 852 759 907 est
783 845 1013 923 piorum,
1050 849 1138 903 sed
1168 847 1433 902 malorum
1461 852 1536 899 est
1566 845 1756 898 altera.

455 963 623 1035 855
649 963 719 1017 Et
745 970 869 1032 post
902 975 1071 1030 pauca
1108 976 1122 1011 :

527 1076 647 1139 Jus,
680 1092 745 1128 ne
775 1074 899 1144 quid
929 1088 1093 1144 erres,
1124 1071 1306 1144 inferis
1338 1077 1630 1144 quoqueest
1659 1083 1813 1120 suum
1845 1081 1863 1119 :

532 1137 683 1210 Quod
711 1137 803 1198 ille
832 1143 964 1197 dicet
996 1137 1252 1194 Dominus
1277 1137 1511 1193 omnium
1539 1137 1703 1190 Deus.

461 1255 693 1322 Quando
743 1254 892 1309 enim
936 1268 1049 1306 non
1084 1265 1276 1305 omnes
1307 1248 1401 1319 qui
1447 1249 1807 1317 delinquunt,
1853 1258 2041 1314 poenas

466 1348 557 1401 hic
578 1345 917 1414 persolvunt,
941 1357 1118 1411 neque
1149 1339 1371 1393 virtutis
1390 1339 1602 1409 pugiles
1635 1352 1839 1391 corona
1867 1334 2038 1405 digni,

466 1436 830 1491 certaminum
863 1432 1083 1503 praemia
1136 1430 1320 1485 cuncti
1367 1445 1470 1499 pro
1515 1428 1727 1482 meritis
1763 1428 1855 1480 hic
1901 1425 2044 1479 acci—

467 1528 627 1599 piunt
664 1527 822 1595 :jure
859 1523 1068 1593 optimo
1113 1522 1216 1576 iste
1251 1521 1471 1575 oculum
1515 1519 1696 1572 omnia
1738 1517 2041 1571 intuentem

467 1620 707 1676 ostendit
757 1624 811 1672 et
859 1618 1104 1670 futurum
1135 1614 1401 1684 judicium
1442 1611 1712 1682 praedixit,
1764 1618 1823 1662 ut
1851 1615 1907 1660 et
1951 1607 2044 1660 illa

469 1714 800 1768 metuentes,
837 1705 1064 1759 ethunc
1096 1704 1284 1757 videre
1315 1701 1619 1765 credentes,
1651 1698 1717 1752 ad
1742 1695 2045 1765 expetenda

1456 379 1943 443 THEODORETI
1983 375 2323 438 EPISCUPI
2363 369 2727 434 CYBENSIS

2062 501 2106 555 Α
2205 490 2325 544 Οἴει
2361 488 2443 542 σὺ
2481 487 2622 553 τοὺς
2652 483 2962 547 θανόντας,
3077 475 3405 555 Νικήραεε,

2215 558 2449 627 Τρυφῆς
2474 546 2719 627 ἀπάσης
2751 551 3190 627 μςταλιξόόντας
3220 548 3293 627 εν
3312 546 3458 611 βίῳ,

2209 618 2578 698 [iacebit-frui
2617 618 2901 698 τὸθεῒον,
2940 621 3019 698 ὡς
3050 618 3429 698 λεξιηρόζςιςρ

2214 685 2382 752 Ἕᾶτι
2413 684 2601 762 Ᾰίκης
2623 691 2947 763 ὀφθαλμρς,
2982 688 3141 763 beru
3163 685 3347 763 mild“
3373 684 3501 753 ὁρᾷ.

2209 769 2315 823 Καὶ
2345 767 2420 833 δὴ
2442 768 2484 798 ³¹
2505 752 2633 818 ubi?
2656 752 2949 833 ᾆδηνᾋύο
2980 752 3213 833 τριὀξαυς
3234 753 3353 833 Ιὸίξ]
3372 752 3688 825 νομίζομεν

2209 839 2368 891 Μίαν
2386 826 2503 906 μὲν
2527 826 2771 887 δικαίων
2792 848 2804 860 ·
2838 829 3046 897 ἑτέραν
3075 826 3146 879 δὲ
3177 826 3434 880 ἀσεϐῶν.

2140 954 2250 1007 Καὶ
2284 954 2400 1021 μετ’
2429 950 2587 1018 ὀλίγα
2608 965 2621 980 ’

2210 1062 2415 1127 Μηδὲν
2451 1055 2768 1124 πλανηθῇ·
2790 1056 2964 1127 ’λέοντι
2992 1052 3111 1127 κάν
3141 1052 3187 1084 ⁸⁸
3398 1048 3602 1127 κρίσις
3624 1087 3640 1110 ,

2212 1121 2429 1211 ᾝνπερ
2451 1121 2867 1195 somniet-ag
2890 1127 2923 1178 ό
2951 1124 3190 1176 πάντων
3208 1121 3538 1186 Δεσπότης.

2152 1246 2371 1316 Ἐπειδὴ
2407 1244 2513 1315 γὰρ
2563 1244 2661 1314 οὐχ
2706 1243 2945 1301 ἅπαντες
2993 1239 3042 1292 οἱ
3099 1233 3550 1306 πλημμελοῦντες
3585 1232 3718 1303 τῇδε

2140 1326 2344 1390 τίνουσι
2397 1336 2571 1405 δίκην,
2625 1332 2748 1386 οὔτε
2804 1331 2911 1402 μὴν
2960 1330 3009 1382 οἱ
3062 1326 3323 1393 ἀξιόνικοι
3365 1323 3465 1393 τῆς
3516 1323 3721 1392 ἀρετῆς

2143 1427 2373 1495 ἀθληταὶ
2422 1425 2490 1478 τά
2522 1425 2630 1477 τῶν
2669 1422 2896 1490 ἀγώνων
2953 1416 3094 1472 ἆθλα
3132 1418 3331 1479 πάντες
3371 1415 3508 1484 πρὸς
3556 1416 3718 1481 ἀξίαν

2147 1518 2340 1571 ἐνθάδε
2370 1516 2707 1586 κομίζονται,
2741 1511 2878 1585 [καὶ]
2925 1512 2970 1544 ³⁸
3013 1510 3156 1579 μάλα
3192 1508 3414 1570 εἰκότως
3446 1498 3604 1569 οὗτος
3628 1505 3727 1557 τὸν

2146 1610 2321 1664 πάντα
2360 1608 2639 1679 ἐφορῶντα
2689 1605 2961 1667 ἐπέδειξεν
2997 1601 3294 1669 ὀφθαλμὸν,
3331 1601 3426 1653 καὶ
3468 1598 3569 1669 τὴν
3596 1598 3724 1650 ἐσο-

2150 1702 2314 1772 μένην
2342 1701 2715 1772 προηγόρευσε
2739 1697 2937 1766 κρίσιν·
2960 1695 3049 1747 ἵνα
3075 1695 3302 1746 κάκεῖνα
3326 1692 3720 1762 δειμαίνοντες,

468 1798 689 1854 virtutis
716 1796 1013 1850 certamina
1047 1795 1191 1848 ultro
1216 1792 1395 1847 cuncti
1419 1791 1766 1853 accederent,
1799 1803 1902 1841 nec
1931 1795 2048 1840 tur-

2164 1794 2243 1847 ιαὶ
2276 1792 2462 1845 τοῦτον
2491 1792 2622 1862 ὀρᾷν
2661 1788 3003 1850 πιστεύοντες
3041 1786 3108 1850 ³⁸,
3137 1784 3372 1847 ἅπαντες
3430 1783 3557 1845 τοὺς
3600 1781 3725 1846 ἀξι-

469 1889 732 1943 barentur
785 1884 930 1955 quod
988 1884 1236 1938 laborum
1287 1881 1511 1952 praemia
1560 1896 1670 1934 non
1729 1884 2039 1933 cernerent.

471 1975 767 2032 Thebanus
787 1974 954 2028 etiam
988 1971 1283 2035 Pindarus,
1318 1970 1510 2024 Fatum
1545 1983 1610 2022 ac
1628 1967 1925 2021 Fortunam
1953 1981 2051 2019 va-

477 2068 593 2122 lere
637 2066 876 2136 jubens,
908 2062 1341 2130 omnipotentem
1378 2060 1477 2115 Dei
1528 2058 1788 2113 virtutem
1837 2055 2054 2126 ignaros

481 2158 642 2214 docet
674 2174 687 2210 :

556 2358 704 2412 Petis
738 2365 811 2409 est
848 2355 1009 2420 Deus,
1045 2353 1245 2422 inquit,
1315 2359 1448 2407 atra:
1483 2349 1647 2405 noctis
1693 2364 1722 2404 ε
1762 2348 1985 2403 tenebris

556 2428 762 2482 Purum
787 2427 954 2496 jubar
986 2438 1227 2496 exserere
1255 2437 1273 2476 :

555 2496 704 2552 Poris
741 2489 878 2550 tetra
907 2493 1133 2563 caligine
1168 2489 1377 2544 ciarum

561 2566 675 2619 Diei
707 2564 882 2619 lumen
918 2564 1156 2617 obruere.

480 2677 757 2734 Aristonis
809 2683 992 2729 autem
1050 2673 1197 2727 ﬁlius
1228 2669 1571 2726 manifestius
1626 2669 1787 2723 nobis
1820 2667 2059 2723 ostendit

488 2784 672 2825 rerum
693 2767 939 2822 omnium
960 2763 1278 2828 Pmsidem,
1313 2763 1484 2817 totius
1507 2760 1660 2815 orbis
1691 2759 2057 2830 gubernacula

481 2859 734 2916 manibus
756 2858 1153 2913 continentem.
1181 2856 1241 2909 ln
1269 2853 1489 2924 Legibus
1517 2852 1665 2907 enim
1678 2853 1796 2907 haec
1816 2851 1952 2907 dicit
1974 2850 2052 2921 (p.

481 2949 664 3017 716A)
699 2966 713 3001 :
747 2966 765 2998 ι
796 2949 943 3001 Deus
980 2946 1185 3014 itaque,
1217 2951 1280 2996 ut
1298 2944 1557 3012 antiquus
1572 2943 1737 2997 etiam
1762 2957 1944 2997 sermo
1969 2950 2071 3025 te-.

485 3048 682 3104 statur,
723 3036 1053 3107 principium
1085 3049 1267 3088 rerum
1286 3033 1536 3087 omnium
1553 3032 1765 3099 ,‘ﬁnem,
1790 3032 2061 3087 medium-

2153 1886 2415 1955 εράστους
2438 1882 2533 1952 τῆς
2563 1881 2765 1950 ἀρετῆς
2793 1879 3008 1946 ἀγῶνας
3042 1877 3393 1930 ἀσπάσωνται
3422 1874 3489 1938 ³⁸,
3520 1876 3615 1927 καὶ
3649 1875 3725 1945 μὴ

2150 1973 2543 2043 δυσχεραίνωσι
2575 1972 2649 2041 μὴ
2676 1970 2907 2040 ὁρῶντες
2936 1969 3044 2022 τῶν
3068 1969 3240 2021 πόνων
3264 1966 3579 2037 τάπίχειρα.
3611 1967 3729 2019 Καὶ

2152 2064 2417 2134 Πίνδαρος
2440 2063 2495 2115 δὲ
2519 2064 2545 2115 ὁ
2576 2061 2833 2130 Θηϐαῖος,
2870 2059 3144 2131 ὲρῤὦσοαι
3179 2058 3389 2128 φράσας
3417 2055 3731 2128 εἱμαρμένῃ

2154 2157 2247 2210 καὶ
2271 2153 2409 2226 τύχῃ
2441 2153 2533 2205 καλ⁵
2570 2152 2906 2222 πεπρωμένῃ
2933 2191 2948 2215 ,
2976 2151 3073 2221 τὴν
3099 2148 3350 2218 παναλκῆ
3372 2147 3602 2217 δύναμιν
3631 2147 3730 2200 τοῦ

2153 2245 2287 2299 Θεοῦ
2317 2244 2557 2298 διδάσκει
2584 2245 2709 2309 τοὺς
2739 2243 3067 2312 ἀγνοοῦντας
3085 2261 3098 2275 ο
3336 2256 3339 2259 ·

2271 2353 2392 2419 Θεῷ
2414 2353 2544 2424 γὰρ,
2568 2354 2720 2422 φησι.
2747 2353 3011 2407 δυνατὸν
3028 2353 3099 2407 ἐκ
3115 2354 3408 2423 μελαίνας

2263 2423 2499 2489 Νυκτὸς
2518 2425 2809 2492 ἀμίαντον
2831 2423 3005 2490 ὄρσαι
3038 2424 3083 2455 ⁸⁸
3113 2423 3286 2492 φάος,

2260 2494 2620 2561 Κελαινεςςέῑ
2640 2494 2683 2524 ³⁷
2712 2491 2780 2545 δὲ
2799 2496 3002 2561 σκότει
3021 2491 3289 2561 καλύψαι

2259 2560 2535 2631 Καθαρὸν
2563 2562 2785 2632 ἁμέρας
2808 2560 3017 2628 σέλας.

2169 2676 2230 2733 Ὀ
2261 2677 2318 2731 δέ
2341 2694 2403 2746 γε
2447 2676 2770 2747 Ἀρίστωνος
2806 2676 3143 2747 σαφέστερον
3187 2674 3553 2729 ἐπιδείκνυσιν
3594 2673 3736 2745 ἡμῖν

2157 2769 2267 2823 τῶν
2301 2768 2438 2822 ὅλων
2473 2767 2564 2821 τὸν
2594 2766 2868 2839 Πρύτανιν
2893 2766 3001 2820 τῶν
3021 2766 3114 2819 τοῦ
3142 2765 3340 2829 παντὸς
3364 2764 3566 2819 οἰάκων
3587 2765 3740 2819 ἒπει-

2159 2860 2435 2931 λημμένον
2487 2859 2553 2914 ⁸⁸.
2591 2861 2751 2926 Λέγει
2782 2860 2837 2912 δὲ
2866 2859 3036 2913 ταῦτα
3060 2860 3117 2911 ὲν
3153 2861 3264 2921 τοῖς
3312 2861 3569 2926 Νόμοιςο
3602 2875 3624 2909 ι
3671 2856 3735 2910 Ὀ

2164 2951 2260 3021 μὲν
2294 2950 2358 3022 δὴ
2385 2950 2538 3013 Θεὸς,
2568 2950 2643 3013 ὡς
2675 2951 2768 3004 καὶ
2793 2952 2820 3004 ὁ
2843 2951 3070 3013 παλαιὸς
3097 2950 3272 3018 λόγος,
3309 2950 3485 3020 ἀρχὴν
3518 2950 3614 3002 καὶ
3640 2966 3736 3001 τε-

2161 3041 2354 3111 λευτὴν
2392 3043 2486 3095 καὶ
2526 3042 2666 3111 μέσα
2693 3040 2802 3094 τῶν
2842 3041 3010 3095 ὄντων
3049 3042 3303 3095 ἁπάντων
3338 3041 3497 3111 ἔχων,
3548 3040 3739 3111 εὐθείᾳ.

485 3143 594 3197 que
621 3126 965 3195 complexus,
991 3131 1139 3176 recta
1178 3121 1418 3191 perﬁcit,
1450 3120 1752 3177 secundum
1807 3128 2060 3175 naturam

2164 3132 2451 3202 περαίνει,
2497 3130 2637 3183 κατὰ
2678 3131 2838 3199 φύσιν
2871 3130 3398 3200 περιπορευόμενος·
3440 3126 3520 3198 τῷ
3549 3127 3605 3180 δὲ
3649 3128 3739 3181 ἀεὶ

486 3219 669 3273 omnia
688 3216 1156 3272 circumlustrans.
1181 3213 1341 3268 Juxta
1362 3213 1509 3267 hunc
1530 3219 1713 3266 autem
1733 3226 1949 3281 semper
1972 3225 2059 3265 se-

488 3308 718 3379 quiturJ
735 3307 940 3371 ustitia,
966 3305 1131 3359 ultrix
1160 3319 1350 3359 eorum
1366 3304 1458 3373 qui
1486 3319 1516 3358 a
1540 3304 1724 3358 divina
1753 3304 1871 3373 lege
1906 3302 2064 3357 aber-

489 3409 632 3455 rant.
651 3400 750 3455 Cui
771 3399 1058 3453 adhaerens
1073 3397 1167 3467 qui
1183 3397 1379 3451 beatus
1394 3397 1613 3449 futurus
1627 3404 1733 3459 est,
1753 3391 1978 3447 humilis
2000 3408 2065 3447 ac

490 3492 771 3547 modestus
793 3489 1165 3558 subsequitur.
1201 3487 1258 3541 Si
1277 3487 1401 3555 quis
1426 3500 1558 3540 vero
1576 3486 1833 3556 jactantia
1865 3484 2062 3548 elatus,

487 3581 653 3651 856
677 3586 772 3633 aut
795 3577 1045 3650 pecuniis
1071 3586 1296 3632 evectus
1331 3576 1417 3630 vel
1441 3574 1764 3638 honoribus,
1800 3582 1895 3627 aut
1938 3574 2065 3641 pul—

490 3672 623 3725 chra
669 3669 922 3739 corporis
973 3667 1317 3730 habitudine,
1345 3667 1633 3735 iuventute
1679 3663 1841 3718 simul
1873 3678 1937 3718 ac
1971 3662 2068 3717 de-

493 3761 697 3815 mentia
726 3760 1096 3814 inﬂammatur
1139 3758 1343 3821 animo,
1391 3771 1504 3811 non
1557 3754 1674 3810 sine
1716 3755 2065 3818 contumelia,

495 3861 755 3920 tanquam
791 3866 895 3905 nec
936 3849 1181 3920 principe
1203 3850 1315 3917 jam
1365 3863 1467 3903 nec
1498 3847 1639 3902 duce
1672 3846 1932 3917 indigeat,
1968 3846 2065 3901 sed

494 3942 588 4011 qui
621 3942 765 4010 potis
790 3941 863 3996 sit
887 3942 1002 4011 ipse
1023 3941 1161 3995 alios
1182 3939 1407 4003 ducere,
1439 3938 1691 3994 desertus
1714 3954 1745 3991 a
1763 3938 1874 3992 Deo
1904 3937 2070 3992 relin-

495 4033 685 4101 quitur
711 4049 725 4085 :
764 4031 990 4087 relictus
1018 4046 1169 4096 vero,
1202 4037 1259 4084 et
1286 4029 1409 4084 aliis
1442 4030 1715 4084 similibus
1746 4028 1851 4084 sibi
1876 4028 2073 4099 adjun-

496 4126 600 4180 ctis
633 4124 892 4188 exsultat,
945 4123 1126 4177 omnia
1161 4122 1324 4177 simul
1350 4121 1706 4178 conturbans.
1758 4120 1839 4175 Ac
1880 4119 2070 4174 multis

496 4214 715 4286 quidem
738 4213 959 4269 videtur
982 4214 1180 4284 aliquis
1196 4230 1317 4269 esse
1348 4231 1362 4266 :
1393 4223 1517 4283 post
1541 4220 1754 4268 certum
1779 4226 1910 4266 vero
1935 4218 2074 4265 tem-

496 4320 620 4374 pus,
662 4318 773 4358 non
807 4304 1135 4374 culpabilem
1176 4303 1409 4373 iustitiae
1455 4317 1675 4372 poenam
1727 4301 1970 4366 subiens,
2014 4309 2072 4356 et

497 4397 738 4465 seipsum
761 4403 817 4450 et
845 4396 1067 4449 domum
1098 4403 1154 4449 et
1185 4395 1463 4449 civitatem
1496 4391 1716 4462 penitus
1744 4393 2062 4447 subvertit.)

2166 3222 2453 3286 ξυνέπεται
2482 3221 2638 3291 Δίκη,
2664 3220 2771 3273 τῶν
2794 3221 3241 3289 ἀπολειπομένων
3270 3218 3364 3272 τοῦ
3389 3218 3532 3272 Θείου
3565 3219 3737 3288 νόμου

2162 3315 2428 3385 τιμωρόςο
2464 3308 2533 3386 ἦς
2566 3316 2593 3366 ὁ
2642 3315 2739 3382 μὲν
2784 3314 3190 3385 εὐδαιμονήσειν
3226 3313 3432 3382 μέλλων
3481 3312 3743 3381 ἐχόμενος

2161 3403 2445 3470 ξυνέπεται
2460 3406 2713 3467 ταπεινὸς
2736 3404 2829 3457 καὶ
2853 3403 3283 3475 κεκοσμημένος.
3304 3402 3369 3455 Εἰ
3385 3400 3443 3454 δέ
3464 3419 3548 3465 τις
3578 3403 3741 3470 ἐξαρι

2164 3494 2275 3556 θεὶς
2298 3493 2401 3547 ὑπὸ
2426 3493 2814 3564 μεγαλαυχίας,
2845 3494 2879 3566 ἦ
2903 3497 3177 3565 χρήμασιν
3198 3492 3557 3563 ἐπαιρόμενος
3585 3489 3620 3563 ἢ
3648 3508 3739 3543 τι-

2167 3584 2341 3655 μαῖςῆ
2364 3585 2456 3637 καὶ
2474 3584 2721 3654 σώματος
2732 3585 3025 3655 εὐμορφίᾳ.
3046 3584 3162 3654 ἅμα
3176 3584 3386 3655 νεότητι
3397 3584 3495 3637 καί
3508 3582 3739 3653 ἁνοῖᾳ³⁹.

2168 3676 2423 3743 φλέγεται
2441 3675 2537 3744 τὴν
2555 3674 2729 3745 ψυχὴν
2753 3674 2871 3745 μεθ’
2894 3675 3122 3745 ὕϐρεως,
3140 3676 3284 3745 ὡςδή
3310 3692 3372 3744 τε
3398 3674 3520 3728 οὔτε
3545 3673 3743 3744 ἄρχονο

2165 3782 2259 3828 τος
2283 3764 2407 3817 οὔτε
2436 3760 2501 3817 αὖ
2526 3766 2789 3836 ἡγεμόνος
2807 3766 3077 3836 δεόμενος,
3102 3766 3236 3820 ἀλλά
3253 3767 3343 3820 καὶ
3361 3766 3540 3828 ἄλλοις
3558 3764 3746 3827 ἱκανῖς

2166 3850 2241 3904 ὢν
2267 3853 2521 3922 ἡγεῖσθαι
2544 3893 2557 3913 ,
2615 3852 3004 3909 καταλείπεται
3033 3853 3237 3925 ἕρημος
3266 3854 3399 3907 Θεοῦ
3423 3870 3436 3883 ⁸
3487 3853 3743 3908 καταλει-

2169 3942 2321 4012 φθεὶς
2337 3943 2415 4008 δὲ,
2437 3942 2529 3995 καὶ
2552 3942 2632 3997 ἔτι
2660 3944 2852 4008 ἄλλους
2876 3944 3151 4008 τοιούτους
3179 3943 3519 4017 προσλαϐὼν,
3546 3945 3747 4016 σκιρτᾷ

2167 4037 2454 4106 ταράττων
2481 4037 2597 4106 ἆμα
2625 4037 2823 4100 πάντα,
2853 4037 2948 4090 καὶ
2981 4038 3193 4101 πολλοῖς
3225 4055 3367 4091 τισιν
3405 4037 3581 4103 ἔδοξεν
3606 4032 3749 4088 εἷναί

2169 4142 2275 4191 τις,
2313 4124 2450 4195 μετὰ
2478 4124 2535 4177 δὲ
2565 4123 2757 4196 χρόνον
2794 4123 3045 4194 ὑποσχὼν
3078 4123 3350 4195 τιμωρίαν
3379 4123 3441 4177 οὐ
3487 4122 3748 4192 μεμπτὴν

2170 4218 2236 4286 τῇ
2264 4215 2409 4286 δίκῃ,
2440 4216 2630 4268 ἑαυτόν
2649 4232 2708 4268 τε
2730 4215 2823 4268 καὶ
2849 4210 2994 4268 οἶκον
3017 4215 3113 4268 καὶ
3139 4216 3290 4267 πόλιν
3313 4213 3481 4282 ἄρδην
3507 4212 3747 4265 ἀνάστα-

2171 4321 2261 4357 τον
2287 4303 2528 4373 ἐποίησε.
2587 4321 2606 4355 ι
2643 4303 2742 4356 Διὰ
2774 4303 2978 4356 τούτων
3023 4304 3051 4357 ὀ
3078 4302 3367 4372 φιλόσοφος
3397 4301 3492 4355 καὶ
3527 4300 3620 4353 τὸν
3651 4298 3747 4352 τοῦ

2172 4392 2372 4456 παντὸς
2401 4392 2568 4457 ἔδειξε
2598 4391 2909 4463 Κηδεμόνα,
2937 4391 3032 4445 καὶ
3057 4392 3155 4461 τὴν
3183 4390 3274 4443 ἐπί
3299 4407 3459 4443 τινων
3490 4389 3603 4442 ἔσθ’
3638 4389 3752 4460 ὅπῃ

497 4486 658 4542 llisce
689 4485 872 4540 verbis
905 4483 1268 4555 philosophus
1313 4482 1482 4535 totius
1509 4481 1700 4536 mundi
1751 4480 2062 4536 Curatorem

2182 4482 2587 4555 μακροθυμίαν,
2627 4483 2722 4537 καὶ
2751 4482 2851 4552 τὴν
2893 4480 3140 4536 ἐντεῦθεν
3174 4484 3287 4546 τοῖς
3312 4482 3558 4551 ἀνοήτοις
3583 4496 3754 4550 προσ-

496 4577 759 4640 ostendit,
780 4585 837 4630 et
864 4577 983 4645 ejus
1011 4573 1340 4643 quandoque
1370 4588 1499 4643 erga
1526 4573 1823 4629 nonnullos
1841 4573 2078 4627 toleran-

498 4664 629 4718 tiam
639 4704 653 4729 ,
677 4671 734 4717 et
746 4664 1005 4717 damnum
1030 4660 1155 4716 inde
1172 4660 1553 4730 insipientibus
1566 4661 1914 4731 proveniens,
1926 4675 2079 4729 quae-

499 4770 608 4823 que
636 4754 743 4807 illis
764 4751 983 4806 demum
1008 4750 1281 4820 pernicies
1306 4750 1362 4804 in
1386 4760 1667 4821 posterum
1700 4750 1981 4804 all‘eratur.
2017 4749 2077 4803 In

502 4842 695 4913 Gorgia
751 4851 932 4895 autem
967 4840 1220 4911 supplicii
1247 4856 1441 4896 causas
1484 4841 1733 4911 exponit,
1769 4839 1958 4894 dicens
1984 4840 2071 4912 (p.

501 4933 606 4988 525
653 4931 717 5003 A)
766 4949 778 4985 :
820 4950 838 4983 ι
871 4931 1134 5003 Congruit
1162 4940 1346 4987 autem
1383 4932 1533 4986 omni
1573 4931 1669 5001 qui
1713 4931 1768 4984 in
1807 4930 2077 5000 supplicio

503 5023 834 5077 constitutus
870 5023 1122 5088 cst,dum
1149 5024 1218 5078 ab
1246 5023 1356 5078 alio
1378 5021 1711 5092 supplicium
1747 5029 1899 5075 recte
1934 5021 2074 5091 pati-

506 5112 618 5179 tur,
638 5122 700 5167 ut
726 5113 810 5168 vel
830 5113 946 5183 ipse
992 5113 1121 5169 inde
1140 5113 1333 5168 melior
1357 5113 1471 5179 ﬁat,
1488 5114 1505 5131 ⁹
1534 5112 2079 5181 emolumentumque

505 5204 704 5275 capiat,
737 5206 821 5260 vel
873 5206 1086 5261 caeteris
1134 5206 1207 5260 sit
1241 5204 1514 5272 exemplo,
1561 5211 1623 5255 ut
1652 5203 1903 5257 videntes
1948 5220 2076 5258 eum

504 5296 616 5367 pati
653 5312 775 5366 qua:
824 5297 1062 5366 patitur,
1114 5297 1311 5350 timore
1362 5292 1580 5362 impulsi
1627 5292 1760 5348 ﬁant
1799 5295 2075 5351 meliores.

2177 4575 2505 4645 γιγνομένην
2522 4573 2723 4646 λώϐην,
2746 4575 2841 4627 καὶ
2865 4575 2965 4645 τὴν
2995 4576 3075 4637 είς
3103 4573 3330 4643 ὕστερον
3352 4571 3534 4633 αὐτοῖς
3559 4572 3755 4639 ἐπιφε-

2181 4667 2416 4738 ρομένην
2445 4664 2839 4737 πανωλεθρίαν.
2880 4665 2970 4719 Ἐν
3009 4665 3065 4720 δέ
3086 4682 3148 4734 γε
3178 4664 3255 4734 τῷ
3280 4662 3502 4733 Γοργίᾳ
3532 4663 3625 4715 καὶ
3653 4660 3756 4724 τὰς

2177 4756 2278 4824 τῆς
2309 4755 2577 4826 τιμωρίας
2602 4755 2781 4819 αἰτίας
2813 4755 2997 4827 δηλοῖ,
3029 4756 3202 4824 λέγων
3245 4753 3340 4807 ὡδί
3364 4769 3379 4782 ⁸
3418 4775 3435 4804 ι
3472 4753 3756 4824 Προσήκει

2179 4844 2236 4898 δὲ
2273 4845 2436 4898 παντὶ
2462 4844 2538 4914 τῷ
2564 4847 2623 4899 ὲν
2652 4846 2888 4917 τιμωρίᾳ
2911 4846 3046 4911 ὄντι,
3073 4846 3177 4899 ὑπὸ
3199 4845 3359 4900 ἄλλου
3382 4842 3560 4913 ὀρθῶς
3580 4859 3758 4911 τιμω-

2185 4935 2464 5006 ρουμένῳ,
2492 4933 2570 5007 [ἢ]
2607 4933 2836 5005 βελτίονι
2867 4937 2911 4968 ⁸ο
2942 4934 3225 5003 γίγνεσθαι
3254 4933 3371 5007 [καὶ
3395 4930 3675 4986 ὀνίνασθαι

2180 5024 2214 5096 ἢ
2262 5025 2610 5096 παράδειγμα
2643 5026 2824 5090 ἄλλοις
2853 5026 3139 5095 γίγνεσθαι
3159 5042 3174 5057 ·
3202 5025 3268 5078 ἵν’
3294 5025 3493 5078 ἐκεῖνοι
3517 5021 3761 5092 ὁρῶντες

2177 5113 2501 5190 [πάσχοντα]
2529 5114 2564 5168 ὃ,
2594 5115 2659 5168 ἂν
2682 5116 2867 5189 πάσχῃ
2889 5117 2957 5181 ⁸⁸,
3008 5114 3353 5186 φοϐούμενοι,
3406 5112 3649 5183 βελτίους
3680 5113 3764 5179 γί-

2180 5223 2436 5277 γνωνται.
2465 5207 2587 5260 Εἰσὶ
2607 5207 2662 5259 δὲ
2694 5209 2744 5261 oi
2772 5209 2872 5277 μὲν
2906 5207 3273 5277 ὠφελούμενοι
3298 5223 3354 5259 τε
3379 5207 3472 5259 καὶ
3500 5205 3656 5274 δίκην
3675 5203 3758 5256 δι-

2180 5296 2362 5358 δόντες
2383 5296 2503 5362 κὺπὸ
2535 5297 2672 5350 θεῶν
2702 5315 2761 5350 τε
2800 5298 2894 5350 καὶ
2923 5297 3244 5369 ἀνθρώπων·
3274 5292 3441 5361 οὗτοι,
3484 5296 3534 5350 οἳ
3568 5296 3634 5351 ἂν
3680 5296 3761 5348 li-

1790 5431 2019 5487 VARUE
2051 5432 2455 5491 LECTIONES.

578 5550 622 5581 “
655 5549 750 5619 καὶ
776 5548 862 5619 δή.
889 5548 985 5619 καὶ
1011 5546 1076 5619 δὴ
1102 5545 1195 5599 καί
1219 5544 1279 5600 C.
1307 5543 1443 5619 Tum
1496 5543 1619 5614 ᾆδον
1651 5545 1840 5619 sirm:
1870 5546 1942 5619 ﬂ"
1968 5546 2100 5619 xdv._
2122 5547 2178 5619 ὲν
2199 5543 2262 5600 C.
2295 5545 2353 5619 _”
2377 5544 2516 5619 [καίε
2545 5562 2654 5600 om.
2686 5545 2780 5619 C._
2827 5546 2870 5579 ³⁵
2897 5548 2990 5602 καὶ
3020 5548 3209 5603 τοῦτον
3237 5549 3367 5619 ὁρᾷν
3406 5547 3757 5619 πιστεύοντες

509 5633 620 5671 om.
653 5617 748 5671 Va.

514 5767 625 5809 om.
655 5754 717 5810 C.
793 5753 835 5785 “
869 5752 1084 5826 πάσχοι.
1115 5757 1297 5824 πάσχῃ
1329 5752 1390 5807 C.

850 5619 870 5649 ⁸
900 5599 1271 5686 ἀσπάσωνταιΣ
1305 5599 1637 5669 ἀσπάσονται
1764 5685 1769 5686 ί
1798 5615 1843 5686 ξε
1869 5615 2047 5686 ὄρσαι,
2078 5599 2256 5686 ὁρίσαι
2284 5614 2347 5686 C.
2379 5599 2465 5686 Ti”
2501 5599 2826 5685 κελαινεφέϊ.
3237 5599 3299 5673 δ.

516 5686 693 5757 μένονζ
728 5685 1095 5757 ὲπᾼιλημμένον
1146 5684 1207 5740 C.
1249 5684 1521 5757 Debseqq.
1572 5701 1625 5739 ν.
1681 5684 1877 5740 Suidas
1902 5686 1959 5739 in
1989 5684 2232 5749 Πλάτων,
2260 5701 2310 5754 p.
2336 5685 2476 5740 5003
2501 5699 2559 5741 et
2589 5701 2673 5755 sq.

3401 5617 3446 5689 ','
3493 5619 3685 5689 ἐπειλη
3693 5639 3758 5689 μ’

2750 5689 2793 5718 ³9
2825 5688 3033 5760 ἀγνοίᾳ.
3072 5689 3225 5759 ἀνοίᾳ
3251 5687 3312 5744 C.
3387 5686 3435 5720 ⁸⁸
3481 5686 3513 5757 ἢ
3549 5686 3754 5758 βελτὲτῆ
