4066 6426
419 456 555 508 σιμα
604 440 649 472 δ’
681 441 1052 518 ἁμαρτήματα
1100 449 1491 519 ἁμαρτάνωσιν
1537 453 1604 507 ⁸³.
1641 453 1754 526 [90]
1800 458 1990 526 Ὅμως

414 530 473 583 δὲ
499 529 566 583 δι’
598 531 911 604 ἀλγηδόνων
939 539 1031 591 καὶ
1059 539 1267 593 ὀδυνῶν
1308 541 1555 609 γίγνεται
1581 544 1763 609 αὐτοῖς
1789 550 1819 616 ή
1845 548 1989 616 ὠφέ-

416 621 557 684 λεια,
605 624 698 677 καὶ
731 624 942 694 ἐνθάδε,
974 629 1069 683 καὶ
1097 632 1155 685 ὲν
1188 630 1315 701 ᾅδου
1345 648 1358 662 ·
1385 633 1505 698 οὐδὲ
1541 634 1649 705 γάρ
1680 630 1852 689 οἷόντε
1895 638 1989 692 ἄλ-

419 711 527 775 λως
554 713 772 780 ἀδικίας
792 718 1254 775 ἀπαλλάττεσθαι.
1291 723 1354 776 Οἳ
1384 724 1429 777 δ’
1459 724 1525 779 ἂν
1546 728 1615 780 τά
1643 727 1849 797 ἔσχατα
1874 730 1987 782 ἀδι-

414 805 654 875 κήσωσι,
687 808 783 861 καὶ
817 808 907 862 διὰ
939 810 1007 864 τὰ
1034 812 1258 867 τοιαῦτα
1297 815 1608 886 ἀδικήματα
1637 820 1847 874 ἀνίατοι
1891 822 1985 889 γέ-

411 911 606 947 νωνται
632 935 647 960 ,
681 898 747 950 ὲκ
775 897 981 953 τούτων
1020 901 1087 954 τὰ
1119 889 1541 975 παραδείγματα
1572 907 1819 991 γίγνεται
1843 926 1857 940 ο
1890 910 1984 963 καὶ

407 976 551 1037 οῦτοι
572 1024 588 1048 ,
617 987 771 1041 αὐτοὶ
801 991 898 1059 μὲν
941 991 1122 1045 οὐκέτι
1152 994 1422 1049 ὀνίνανται
1451 998 1621 1064 οὐδὲν,
1658 998 1752 1052 ἆτε
1775 1000 1982 1055 ἀνίατοι

407 1074 562 1138 ὄντες
583 1091 597 1105 ·
634 1076 784 1131 ἄλλοι
834 1080 891 1132 δὲ
936 1080 1209 1136 ὀνίνανται
1232 1124 1246 1147 ,
1280 1086 1328 1137 ot
1357 1086 1586 1152 τούτους
1625 1089 1862 1160 ὁρῶντες
1894 1092 1981 1146 διὰ

405 1164 505 1228 τὰς
535 1167 810 1239 ἁμαρτίας
843 1170 943 1235 τὰς
980 1172 1244 1242 μεγίστας
1281 1173 1328 1207 ⁸⁵
1353 1177 1448 1230 καὶ
1480 1178 1844 1249 ὀδυνηρότατα
1886 1184 1981 1236 καὶ

406 1255 761 1327 φοϐερώτατα
790 1257 903 1332 [τά]
928 1262 1073 1331 πάθη
1100 1263 1428 1333 πάσχοντας,
1450 1267 1544 1320 καὶ
1575 1269 1663 1321 τὸν
1686 1269 1769 1322 ἀεὶ
1789 1272 1978 1342 χρόνον

405 1349 644 1418 ἀτεχνῶς
692 1352 1112 1429 παραδείγματα
1159 1356 1588 1427 ἀνηρτημένους.
1641 1379 1660 1411 ι
1697 1362 1885 1417 Ταῦτα
1930 1363 1976 1417 δ’

403 1439 577 1493 ἔοικεν
605 1440 633 1491 ὁ
656 1441 941 1511 φιλόσοφος
966 1446 1029 1497 ἐκ
1052 1443 1157 1497 τῶν
1184 1445 1343 1500 θείων
1370 1450 1728 1520 σεσυληκέναι
1745 1454 1973 1521 Λογίων.

405 1533 642 1585 Ἤκουσε
688 1533 797 1604 γὰρ
829 1534 1046 1599 πάντως
1080 1536 1199 1589 τίνα
1252 1538 1296 1569 ⁸⁸
1336 1540 1578 1611 Μωῦσῆς
1623 1545 1649 1596 ὁ
1690 1543 1975 1610 θεσπέσιος

400 1621 678 1691 είρηκέναι
701 1621 1002 1697 ξυνέγραψε
1031 1625 1108 1695 τῷ
1135 1628 1336 1698 Φαραῷ
1378 1630 1470 1683 τὸν
1499 1632 1651 1698 Θεὸν,
1680 1635 1762 1689 ὅτι
1822 1656 1840 1688 ι
1879 1638 1973 1701 El;

399 1712 532 1765 αὐτὸ
564 1713 721 1766 τοῦτο
753 1715 1011 1786 ἐξήγειρά
1039 1734 1129 1780 σε,
1156 1719 1300 1783 ὅπως
1343 1721 1668 1789 ἐνδείξωμαι
1716 1728 1775 1778 ὲν
1812 1729 1894 1781 σοὶ
1924 1727 1970 1760 ⁸⁸

396 1804 497 1871 τὴν
524 1802 756 1873 δύναμίν
801 1823 902 1875 μου
928 1847 942 1870 ,
970 1810 1063 1861 καὶ
1099 1810 1246 1873 ὅπως
1273 1811 1530 1883 διαγγελῇ

394 1893 453 1944 ὲν
493 1892 639 1963 πάσῃ
677 1897 742 1963 τῇ
780 1897 874 1965 γῇ.
912 1915 930 1947 ι
990 1897 1343 1970 Παμπονήρῳ
1372 1903 1481 1971 γάρ
1510 1918 1590 1954 τοι
1621 1906 1971 1979 γεγενημένῳ

392 1983 585 2056 ἐκείνῳ
617 1987 965 2050 παντοδαπάς
996 1989 1248 2054 κολάσεις
1274 1992 1578 2063 ἐπήνεγκεν
1613 1997 1640 2047 ὁ
1668 1998 1800 2061 Θεός
1823 2016 1834 2030 ·
1870 2001 1969 2070 οὐχ

391 2072 533 2128 ὥστε
578 2078 784 2130 ἐκεῖνον
831 2079 1105 2150 ἀποφῆναι
1140 2081 1390 2152 βελτίονα
1445 2086 1605 2156 (ᾔδει
1659 2087 1767 2159 γὰρ
1802 2091 1966 2144 αὑτοῦ

389 2167 486 2221 καὶ
517 2167 609 2220 τὸν
641 2168 765 2221 νοῦν
800 2170 1089 2224 ἀντίτυπον
1113 2213 1127 2236 ,
1164 2175 1254 2226 καὶ
1288 2174 1350 2227 τὸ
1382 2176 1551 2240 πάθος
1587 2179 1922 2252 ἀνήκεστον)
1948 2223 1964 2248 ,

390 2259 507 2313 ἀλλ’
549 2260 697 2324 ὅπως
736 2261 806 2314 τά
859 2264 986 2333 περὶ
1030 2265 1241 2319 ἐκείνου
1273 2266 1586 2339 διηγήματα
1624 2273 1787 2325 πᾶσιν
1821 2274 1966 2344 ὡφε-

384 2348 539 2411 λείας
572 2350 615 2380 ⁵⁷
645 2350 876 2421 γένηται
908 2354 1324 2426 παραδείγματα
1363 2358 1426 2412 ⁸⁸.
1460 2360 1728 2432 Καθάπερ
1764 2365 1869 2435 γὰρ
1904 2367 1961 2420 αί

388 2438 578 2503 πόλεις
623 2439 883 2511 τρέφουσι
921 2444 1046 2508 τοὺς
1078 2443 1323 2515 δημίους,
1357 2447 1495 2502 ὥστε
1532 2451 1659 2514 τοὺς
1699 2453 1959 2524 ἀνδροφό-

385 2548 512 2595 νους
558 2533 651 2585 καὶ
683 2533 1048 2605 τοιχωρύχους
1099 2539 1191 2591 καὶ
1245 2540 1371 2603 τοὺς
1420 2539 1532 2613 [τά]
1579 2543 1625 2576 ⁸³
1657 2544 1791 2598 ἄλλα
1824 2547 1958 2601 ἄττα

387 2622 841 2692 παρανομοῦντας
885 2624 971 2678 διά
999 2626 1203 2681 τούτων
1252 2629 1500 2696 κολάζειν
1528 2650 1541 2663 ο
1574 2633 1673 2688 οὐκ
1714 2638 1958 2690 ἐπαινοῦ-

385 2727 475 2763 σαι
505 2711 602 2782 μὲν
632 2713 811 2766 αὐτῶν
838 2714 976 2769 ἀλλά
1009 2716 1103 2769 καὶ
1136 2717 1256 2771 λίαν
1303 2720 1558 2789 μισοῦσαι
1589 2726 1688 2792 τὴν
1715 2725 1807 2778 τοῦ
1836 2726 1953 2795 βίου

381 2800 723 2871 προαίρεσιν,
757 2803 1083 2873 ἀνεχόμεναι
1116 2804 1161 2837 ⁸⁸
1189 2805 1246 2858 δὲ
1278 2807 1377 2875 τῆς
1409 2807 1612 2861 τούτων
1646 2810 1953 2881 ὑπηρεσίας

379 2888 471 2942 διὰ
516 2891 616 2961 τὴν
666 2893 896 2961 χρείαν⁶
957 2893 1132 2959 οὕτως
1182 2898 1210 2949 ὁ
1255 2895 1377 2968 [τῆς
1425 2900 1689 2971 μεγίστης
1744 2902 1951 2967 πόλεως

375 2980 555 3053 τοῦδε]
600 2983 640 3013 ⁵³
676 2982 769 3036 τοῦ
801 2984 1003 3054 κόσμου
1049 2986 1349 3057 πρύτανις,
1394 2985 1481 3043 οἷα
1522 2992 1750 3060 δημίους
1796 2994 1950 3059 τινὰς

374 3074 618 3143 γίνεσθαι
655 3075 924 3147 ξυγχωρεῖ
965 3079 1010 3109 ⁸⁸
1041 3079 1165 3142 τοὺς
1190 3081 1487 3152 τυράννους
1505 3124 1519 3147 ,
1549 3083 1687 3137 ὥστε
1712 3084 1798 3138 διὰ
1825 3086 1947 3139 τού-

371 3181 483 3218 των
531 3167 722 3238 ποινὴν
777 3169 905 3231 τοὺς
959 3169 1291 3236 ἀσεϐοῦντας
1344 3174 1436 3226 καὶ
1496 3176 1947 3246 παρανομοῦντας
1975 3160 2016 3216 C

372 3256 720 3327 εἰσπράττειν
746 3274 760 3288 ο
795 3255 1024 3330 ὕστερον
1056 3260 1113 3313 δὲ
1142 3262 1239 3314 καὶ
1268 3262 1491 3327 τούτους
1526 3265 1722 3328 αὐτοὺς
1750 3283 1946 3319 παντε-

369 3345 454 3398 λεῖ
479 3346 815 3418 παραδίδωσι
843 3351 1083 3423 τιμωρίᾳ
1104 3392 1119 3416 ,
1152 3353 1451 3425 ἐπειδήπερ
1480 3356 1577 3426 οὐχ
1598 3356 1672 3419 ὡς
1695 3356 1813 3427 Θεῷ
1832 3358 1946 3410 δια-

369 3438 675 3503 κονοῦντες,
705 3441 820 3493 ἀλλ’
840 3442 1015 3514 οἰκείᾳ
1041 3446 1275 3517 πονηρίᾳ
1304 3446 1666 3513 δουλεύοντες,
1696 3449 1767 3503 τὰ
1790 3451 1941 3505 δεινά

369 3531 551 3583 ἐκεῖνα
574 3530 893 3602 δεδράκασιν
913 3533 978 3589 ⁸³.
1000 3533 1190 3598 Οὕτως
1217 3538 1574 3608 ἡμαρτηκότα
1602 3539 1692 3592 τὸν
1728 3540 1941 3613 Ἰσραὴλ

366 3622 432 3689 τῇ
462 3620 570 3672 τῶν
617 3622 921 3693 Ἀσσυρίων
950 3624 1195 3696 ὠμότητι
1230 3628 1611 3697 παραδέδωκεν
1638 3630 1684 3661 ⁸⁸
1704 3647 1717 3660 ⁸
1751 3631 1951 3702 ἐπειδὴ

366 3710 421 3763 δὲ
465 3705 612 3765 οῦτοι
653 3713 751 3782 τῆς
793 3714 1061 3785 τιμωρίας
1114 3716 1174 3768 ού
1230 3717 1529 3784 διέγνωσαν
1576 3720 1666 3772 τὸν
1715 3724 1934 3788 σκοπὸν,

364 3803 668 3870 τηνικαῦτα
716 3806 811 3859 καὶ
854 3805 1058 3863 τούτων
1097 3808 1409 3873 καταλύσας
1452 3809 1550 3880 τὴν
1595 3812 1932 3879 δυναστείαν,

365 3893 571 3963 ἑτέροις
627 3893 899 3948 δουλεύειν
952 3897 1253 3965 ἠνάγκασε.
1304 3899 1414 3954 Καὶ
1467 3901 1640 3954 ταῦτα
1708 3903 1934 3969 Ἡσαΐας

364 3982 457 4033 καὶ
504 3980 762 4051 Ἰεζεκιὴλ
795 3984 888 4039 καὶ
924 3985 1121 4048 πάντες
1150 3988 1198 4040 oi
1232 3988 1510 4057 προφῆται
1540 3989 1832 4062 διαρρήδην
1856 3993 1932 4045 δι-

361 4072 640 4126 δάσκουσι·
677 4079 808 4146 παρ’
849 4069 923 4128 ὧν
948 4118 962 4142 ,
1001 4072 1176 4146 οἶμαι,
1209 4080 1237 4133 ὁ
1272 4079 1497 4134 Πλάτων
1537 4081 1634 4143 τὰς
1676 4084 1930 4154 ἀφορμάς

952 331 1388 397 GIUECARUM
1425 339 1726 400 AFFECT.
1764 342 2287 412 CURATiO.--VI
2354 354 2450 415 UE
2487 359 3003 428 PROVIDENTIA
3043 372 3193 433 DEI.

3580 386 3685 449 966

2020 482 2061 536 Α
2094 461 2233 517 Sunt
2262 481 2391 521 vero
2425 471 2518 538 qui
2548 473 2837 530 utilitatem
2879 481 3125 550 capiunt,
3169 502 3469 560 pmnasque
3492 495 3596 551 diis
3625 506 3682 553 ct

2099 553 2417 615 hominibus
2440 563 2597 618 luunt
2628 584 2640 619 :
2669 569 2706 621 ii
2731 570 3006 638 videlicet,
3049 577 3142 645 qui
3168 553 3430 638 sanabilia
3458 600 3683 655 peccata

2094 654 2428 720 peccatum],
2475 656 2676 722 quibus
2728 667 2908 716 tamen
2959 667 3178 722 nonnisi
3214 686 3314 740 per
3357 654 3577 733 dolores
3627 690 3684 735 et

2095 738 2374 796 cruciatus
2401 752 2457 797 ct
2487 745 2542 800 in
2574 747 2678 803 hac
2701 751 2812 805 vita
2846 763 2901 808 ct
2931 757 3074 825 apud
3112 738 3320 817 inferos
3355 768 3564 824 utilitas
3590 771 3681 827 illa

2093 830 2381 901 contingit.
2417 835 2607 906 Neque
2640 842 2785 896 enim
2819 845 2980 900 aliter
3023 862 3251 918 possunt
3288 856 3357 910 ab
3388 858 3679 929 iniquitate

2091 921 2321 989 expiari.
2344 922 2447 988 Qui
2480 942 2613 981 vero
2637 939 2881 987 extrema
2916 939 3163 1004 quaedam
3191 943 3551 1015 admiserunt,
3595 963 3679 1006 at-

2090 1025 2197 1079 que
2223 1014 2293 1067 ob
2316 1014 2627 1086 bujusmodi
2655 1034 2878 1092 peccata
2907 1027 3238 1087 insanabiles
3265 1034 3392 1092 facti
3414 1014 3561 1105 sunt,
3605 1045 3674 1099 ab

2089 1101 2178 1156 bis
2206 1107 2451 1175 exempla
2483 1108 2603 1164 aliis
2629 1112 2787 1168 tium.
2830 1116 3008 1187 Atque
3037 1120 3094 1173 hi
3127 1125 3349 1191 quidem
3382 1101 3674 1188 utilitatem

2081 1184 2194 1255 jam
2226 1193 2326 1263 ipsi
2385 1199 2591 1253 nullam
2618 1204 2864 1273 capiunt,
2888 1184 3444 1278 utpoteinsanabiles
3471 1239 3482 1272 :
3506 1222 3672 1294 857

2085 1282 2178 1363 alii
2208 1293 2387 1341 tamen
2415 1289 2541 1344 inde
2568 1293 2886 1361 proficiunt,
2916 1301 3010 1367 qui
3038 1302 3139 1358 hos
3157 1305 3361 1371 vident,
3401 1311 3471 1363 ob
3502 1282 3674 1368 13:3?-

2083 1358 2172 1427 ma
2198 1389 2388 1431 eorum
2432 1390 2677 1448 peccata,
2716 1384 3015 1445 horribiles
3047 1400 3102 1445 et
3143 1397 3528 1456 acerbissimas
3557 1406 3669 1472 pati

2081 1476 2306 1531 ρωπος,
2338 1469 2782 1541 sempiternoque
2821 1483 3067 1548 tempore
3105 1483 3173 1537 ad
3202 1490 3511 1558 exemplum
3541 1469 3671 1547 sub-

2080 1552 2220 1609 latos
2274 1572 2412 1612 esse.
2448 1578 2467 1610 ι
2508 1562 2741 1617 Videtur
2763 1576 2954 1623 autem
2990 1552 3541 1645 philosophus-haece
3580 1600 3667 1640 sa-

2078 1644 2188 1698 cris
2216 1647 2588 1706 voluminibus
2636 1654 2959 1713 suﬂ‘uratus.
3006 1662 3242 1719 Prorsus
3267 1668 3415 1723 enim
3448 1673 3664 1728 audivit

2077 1749 2199 1803 quae
2237 1737 2531 1809 deiloquus
2569 1744 2747 1800 Moses
2779 1750 3004 1819 scripsit
3048 1753 3320 1812 Pharaoni
3364 1761 3538 1817 Deum
3576 1766 3664 1822 di-

1581 1814 1641 1867 τὺ
1669 1814 1840 1886 ὄνομά
1867 1835 1958 1888 μοι

2072 1825 2252 1881 xisse:
2290 1830 2388 1884 «In
2420 1831 2526 1888 hoc
2567 1836 2744 1904 ipsum
2790 1848 2841 1894 te
2885 1844 3160 1912 excitavi,
3195 1858 3255 1904 ut
3282 1855 3565 1909 ostendam
3600 1857 3659 1913 in

2074 1923 2128 1971 te
2176 1921 2476 1986 potentiam
2540 1941 2760 1993 meam,
2820 1938 2878 1985 et
2929 1942 2989 1988 ut
3040 1940 3403 1997 annuntietur
3451 1961 3654 2003 nomen

2071 2022 2254 2063 meum
2289 2010 2344 2065 in
2372 2013 2627 2070 universa
2660 2027 2803 2075 terra
2826 2020 2875 2075 ιι.
2916 2043 2935 2075 ι
2972 2025 3055 2080 11Ιί
3090 2030 3236 2084 enim
3263 2034 3654 2095 scelestissimo

2061 2097 2175 2168 jam
2197 2100 2392 2157 effecte
2418 2107 2598 2162 varias
2637 2110 2780 2166 Deus
2826 2129 2890 2167 ac
2918 2117 3250 2187 multiplices
3278 2139 3472 2192 ρωπος
3507 2128 3655 2184 intu-

2066 2188 2150 2253 lit,
2174 2207 2284 2247 non
2323 2202 2381 2249 ut
2411 2196 2567 2252 illum
2601 2208 2885 2258 meliorem
2912 2207 3151 2265 elliceret
3174 2213 3352 2279 (norat
3385 2219 3533 2274 enim
3551 2221 3653 2276 du-

2065 2279 2340 2338 rissimam
2375 2288 2497 2356 ejus
2551 2303 2791 2348 mentem
2831 2298 3199 2371 morbumque
3243 2305 3649 2384 insanabilem),

2062 2371 2158 2425 sed
2198 2383 2261 2428 ut
2283 2392 2346 2430 ea
2379 2393 2499 2446 quae
2521 2381 2650 2437 olim
2684 2383 2752 2438 de
2803 2385 2922 2455 ipso
2949 2394 3224 2449 narranda
3262 2406 3421 2452 erant
3444 2441 3458 2465 ,
3494 2371 3650 2460 utilia

2059 2464 2273 2519 cunctis
2304 2470 2550 2538 exempla
2577 2471 2791 2529 ﬁerent.
2825 2476 2975 2532 Sicut
3013 2483 3162 2537 enim
3194 2485 3447 2557 civitates
3468 2494 3650 2547 carni-

2056 2549 2187 2609 ﬁces
2212 2555 2384 2622 alunt,
2416 2575 2516 2628 per
2547 2578 2685 2631 quos
2719 2575 2777 2620 et
2816 2571 3137 2639 parricidas,
3170 2584 3227 2630 et
3272 2549 3518 2637 latrones
3538 2624 3552 2647 ,
3588 2594 3646 2640 et

2056 2644 2179 2699 aliis
2225 2649 2531 2707 sceleribus
2570 2653 2950 2727 delinquentes
2974 2704 2989 2728 ,
3028 2681 3187 2734 poena
3235 2669 3497 2739 alliciunt,
3530 2644 3641 2738 non

2053 2729 2340 2790 laudantes
2358 2738 2602 2806 quidem,
2622 2743 2713 2797 sed
2740 2761 2964 2803 exosum
2990 2729 3257 2810 habentes
3278 2757 3402 2812 vitae
3418 2729 3638 2817 illorum

2051 2821 2385 2892 institutum,
2416 2846 2606 2886 eorum
2634 2842 2813 2891 tamen
2844 2840 3209 2898 ministerium
3240 2847 3311 2901 ob
3336 2852 3638 2919 necessita-

2052 2918 2163 2967 tem
2188 2915 2542 2976 admittentes
2571 2940 2583 2975 :
2618 2923 2690 2979 ita
2718 2934 2774 2980 et
2796 2944 3004 2999 magna:
3029 2934 3221 2987 mundi
3246 2936 3409 3007 hujus
3435 2915 3635 2997 civita-

2052 3002 2124 3058 tis
2154 3004 2531 3076 Gubernator,
2588 3023 2845 3084 tyrannos
2900 3035 3000 3075 ceu
3051 3026 3336 3082 carniﬁces
3368 3031 3631 3100 quosdam

2049 3107 2170 3148 esse
2206 3097 2432 3165 patitur,
2470 3108 2529 3155 ut
2561 3118 2661 3171 per
2679 3120 2775 3160 eos
2807 3107 2876 3162 ab
2910 3109 3094 3180 impiis
3122 3125 3177 3170 et
3211 3097 3415 3188 iniquis
3455 3120 3634 3179 homi-

2047 3184 2214 3240 nibus
2237 3203 2428 3257 ρωπος
2450 3194 2630 3263 exigat
2667 3213 2680 3249 :
2727 3214 2852 3253 mox
2878 3210 3060 3259 tamen
3089 3209 3311 3264 eosdem
3352 3213 3501 3282 ipsos
3536 3232 3635 3272 ex-

2045 3276 2323 3333 actissimo
2343 3282 2640 3340 traditurus
2654 3295 2738 3341 est
2760 3292 3028 3361 supplicio
3052 3314 3063 3348 :
3084 3298 3286 3369 quippe
3306 3276 3421 3371 qui,
3436 3322 3546 3361 non
3567 3317 3628 3363 ut

2043 3367 2140 3422 Dei
2162 3369 2417 3435 ministri,
2451 3376 2546 3429 sed
2578 3393 2689 3433 sua:
2723 3379 2966 3449 ipsorum
3000 3385 3337 3456 improbitati
3379 3397 3626 3452 servien-

2044 3468 2146 3525 tes,
2168 3478 2307 3519 saeva
2339 3465 2430 3521 illa
2456 3467 2780 3526 intulerunt.
2814 3473 2980 3544 858
3000 3477 3077 3531 ita
3104 3492 3423 3547 peccantem
3446 3486 3623 3543 Israe-

2039 3550 2147 3605 lcm
2188 3554 2535 3627 Assyriorum
2583 3562 2803 3617 saevitiae
2854 3566 3101 3621 tradidit.
3138 3570 3275 3636 Quia
3327 3589 3459 3630 vero
3490 3591 3623 3632 cau-

2039 3656 2153 3696 sam
2186 3652 2242 3698 et
2294 3647 2383 3702 isti
2436 3665 2611 3719 paenae
2639 3650 2786 3709 illius
2828 3671 2937 3710 non
2978 3673 3370 3731 cognoverunt,
3421 3668 3616 3727 horum

2037 3733 2201 3789 etiam
2242 3735 2532 3808 imperium
2566 3753 2850 3810 evertens,
2895 3748 3017 3804 aliis
3043 3766 3137 3806 eos
3170 3756 3379 3812 servire
3414 3762 3613 3831 coegit.

2035 3824 2213 3895 Atque
2240 3828 2355 3884 haec
2376 3831 2542 3888 Isaias
2560 3835 2605 3899 i,
2646 3845 2703 3891 et
2731 3837 2983 3905 Ezechiel
3006 3842 3020 3891 i
3037 3883 3051 3908 ,
3086 3852 3142 3898 et
3165 3860 3356 3903 omnes
3383 3824 3621 3923 prophe-

2037 3919 2104 3966 ta:
2146 3918 2491 3985 apertissime
2520 3923 2750 3992 docent;
2785 3943 2817 3982 a
2869 3930 3092 3999 quibus,
3137 3943 3196 3989 ut
3233 3937 3449 4006 opinor,
3481 3942 3619 4001 seri:-
3650 3934 3651 3937 “

2033 4001 2198 4058 bendi
2229 4009 2574 4066 occasionem
2614 4016 2924 4085 surripiens
2948 4020 3125 4087 Plato,
3158 4040 3254 4079 eos
3279 4029 3371 4096 qui
3396 4030 3617 4087 insana-

2032 4093 2171 4149 biles
2197 4096 2324 4151 facti
2353 4107 2500 4165 sunt,
2544 4103 2612 4156 ad
2651 4105 2887 4161 aliorum
2923 4110 3214 4168 utilitatem
3259 4093 3422 4185 plecti
3453 4121 3613 4178 dixit.

360 4163 658 4232 κεκλοφὼς,
678 4164 780 4236 ἔφη
814 4167 939 4230 τοὺς
981 4168 1212 4231 ἀνιάτως
1253 4169 1634 4240 διακειμένους
1675 4174 1754 4233 εἰς
1782 4173 1928 4242 ὠφέ-

2489 4163 2494 4165 _
3259 4163 3421 4185 την-.
3455 4163 3611 4178 ........

2058 4193 2234 4240 terum
2263 4189 2279 4207 '
2311 4205 2443 4244 vero
2467 4196 2523 4245 et
2551 4193 2607 4246 in
2646 4194 2861 4251 Philebo
2897 4200 3263 4260 Providentia:
3303 4208 3611 4268 doctrinam

358 4252 505 4306 λειαν
530 4256 734 4327 ἑτέρων
765 4258 1132 4317 παιδεύεσθαι.
1166 4262 1285 4314 Κάν
1309 4261 1386 4332 τῷ
1420 4263 1655 4332 Φιλήϐῳ
1679 4266 1735 4320 δὲ
1769 4267 1929 4323 πάλιν

2057 4277 2370 4334 :onﬁrmavit
2401 4280 2476 4350 (p.
2513 4283 2583 4337 28
2610 4283 2673 4354 C)
2704 4303 2717 4338 :
2764 4306 2782 4337 ι
2819 4252 3025 4346 Omnes
3044 4252 3226 4359 enim,
3277 4296 3487 4366 inquit,
3523 4316 3611 4357 sa-

356 4342 448 4395 τδν
474 4345 722 4415 περὶτῆς
750 4349 1006 4418 Προνοίας
1032 4351 1293 4420 ἐκράτυνε
1317 4351 1488 4420 λόγον·
1523 4374 1541 4405 ‹
1570 4355 1774 4420 Πάντες
1796 4358 1922 4428 γάρ,

2027 4367 2242 4436 pientes
2262 4373 2638 4439 consentiunt,
2669 4391 2788 4432 sese
2812 4378 2967 4447 ipsos
3002 4396 3191 4438 revera
3234 4385 3615 4460 honestantes,

356 4435 512 4505 φησι,
546 4434 920 4506 ξιδμφωνοῦσιν
949 4440 996 4492 οί
1034 4442 1189 4510 σοφοὶ
1211 4481 1224 4505 ,
1262 4443 1430 4523 ὅντως
1466 4446 1690 4510 ἑαυτοὺς
1727 4449 1925 4520 σεμνύ-

356 4527 630 4546 ._-,,_.
771 4528 871 4546 η.
1003 4530 1511 4546 ης..-.
1664 4536 1689 4546 -
1906 4541 1917 4546 -

2627 4434 2635 4439 ,
2832 4434 2848 4447 .
3042 4434 3051 4436 τ
3078 4434 3082 4435 ν
3109 4434 3191 4438 --ν-
3234 4434 3609 4460 --ν--ν-σνυηνγι

2057 4459 2371 4515 ntellectum
2416 4478 2600 4534 regem
2648 4466 2772 4521 coeli
2821 4484 2886 4523 ac
2932 4478 3091 4527 terra:
3138 4476 3298 4531 nobis
3341 4493 3461 4534 esse
3495 4499 3507 4533 :
3543 4498 3609 4537 ac

352 4542 534 4590 νοντες
555 4567 571 4591 ,
601 4527 674 4591 ὡς
707 4528 828 4592 νοῦς
854 4531 970 4583 ἐστι
1001 4530 1254 4601 βασιλεὺς
1286 4534 1419 4602 ἡμῖν
1458 4534 1691 4605 οὐρανοῦ
1728 4556 1786 4591 τε
1833 4541 1928 4594 καὶ

350 4617 475 4687 γῆς.
507 4618 617 4670 Kal.
648 4617 777 4683 fam;
807 4615 867 4673 εὖ
917 4620 1154 4691 λέγουσι.
1195 4622 1294 4676 Διὰ
1333 4626 1708 4699 σμικροτέρων
1751 4630 1843 4694 δὲ,
1876 4634 1925 4684 εί

350 4710 533 4781 βούλει
559 4711 626 4776 ⁸⁸,
670 4712 769 4783 τὴν
803 4713 1089 4785 ἐπίσκεψιν
1134 4717 1301 4769 αὐτοῦ
1337 4718 1430 4771 τοῦ
1470 4718 1658 4788 γένους
1688 4722 1927 4791 ποιησὼ-

352 4803 513 4872 μεθα.
553 4822 572 4854 ι
624 4798 756 4856 Εἶτα
787 4803 1163 4877 ξυλλογισμοῖς
1190 4810 1528 4878 παμπόλλοις
1560 4814 1922 4884 χρησάμενος,

2035 4545 2267 4603 fortasse
2302 4549 2443 4605 bene
2472 4553 2647 4607 aiunt.
2679 4554 2944 4612 Minutius
2973 4566 3177 4625 autem,
3209 4564 3255 4617 si
3282 4566 3385 4629 vis,
3427 4567 3606 4636 ipsum

2029 4651 2203 4705 genus
2227 4639 2600 4709 inspiciamus.
2625 4661 2643 4695 ι
2672 4645 2811 4699 Tum
2836 4650 3254 4719 quamplurimis
3281 4656 3608 4727 syllogismis

2024 4742 2177 4792 usus,
2204 4728 2320 4784 haec
2347 4731 2595 4802 adjunxit
2625 4751 2637 4787 ε
2678 4754 2696 4785 ι
2736 4737 2921 4802 Visne,
2953 4747 3015 4793 ut
3038 4748 3214 4798 etnos
3237 4744 3307 4798 iis
3329 4761 3451 4815 quae
3478 4758 3605 4819 ante

2022 4820 2325 4889 approbata
2381 4833 2511 4878 sunt
2539 4828 2935 4895 assentiamur,
2970 4833 3118 4900 quod
3155 4834 3272 4890 hare
3310 4836 3387 4892 ita
3421 4853 3478 4893 se
3509 4840 3607 4896 ha-

345 4892 594 4962 ὲπήγαγε
619 4890 812 4945 ταῦτα’
853 4912 872 4944 ι
906 4894 1096 4949 Βούλει
1124 4896 1180 4949 δὲ
1227 4899 1320 4951 καὶ
1355 4902 1517 4970 ἡμεῖς
1545 4906 1655 4965 τοῖς
1689 4904 1924 4975 πρόσθεν

2058 4917 2186 4964 eant
2214 4928 2227 4963 :
2252 4927 2431 4982 neque
2468 4916 2647 4971 solum
2691 4928 2949 4988 putemus
2986 4922 3164 4979 aliena
3202 4926 3322 4981 sine
3354 4930 3604 4998 periculo

343 4982 786 5055 ὡμολογημένοις
814 4985 1184 5059 ξυμφήσωμεν
1207 4990 1273 5057 ⁵⁸,
1294 4991 1369 5056 ὼς
1396 4993 1568 5046 ταῦτα
1590 4993 1761 5058 οὕτως
1787 4994 1919 5067 ἔχει,

412 5144 439 5183 ιι
472 5141 648 5197 Exod.
681 5158 756 5210 Ix,
790 5143 875 5198 16.

2020 5000 2206 5059 dicere
2255 5021 2358 5061 nos
2407 5016 2682 5078 oportere,
2731 5011 2827 5066 sed
2860 5020 2917 5068 et
2953 5028 3244 5073 commune
3287 5020 3599 5088 periculum

964 5146 978 5186 ί
1019 5145 1122 5201 lsa.
1158 5162 1196 5212 ι,
1231 5147 1256 5201 1
1296 5163 1447 5220 seqq.
1528 5150 1542 5201 i
1584 5151 1785 5208 Ezech.
1818 5169 1935 5223 xm,
1972 5155 1997 5209 t
2031 5172 2184 5229 seqq.

1626 5317 1862 5375 VARIA‘J
1903 5320 2302 5380 LECTIONES.

410 5441 458 5474 "
481 5444 531 5496 οἳ
556 5442 623 5496 ἄν
645 5444 857 5514 ίάσιμα.
882 5443 931 5497 οἳ
954 5444 1000 5498 δ’
1022 5445 1285 5517 άνιάσιμα
1309 5447 1373 5530 (Ξῐ
1446 5449 1494 5483 ⁸³
1521 5451 1925 5553 ἁμαρτάνωσιν.
1958 5458 2361 5531 ἁμαρτάνουσιν
2401 5464 2464 5520 C.
2540 5466 2586 5498 “
2615 5468 2714 5532 τάς
2750 5470 3031 5540 μεγίστας.
3085 5475 3152 5530 τὰ
3205 5476 3438 5561 μέγιστα

415 5513 556 5566 τίνα.
580 5514 632 5566 τί
661 5513 757 5569 Vb.
834 5513 882 5546 ’⁸⁸
905 5516 963 5569 ὲν
996 5516 1096 5570 σοί.
1128 5519 1207 5576 είς
1231 5518 1290 5570 σέ
1319 5517 1483 5573 Sirm.
1585 5523 1603 5554 "
1640 5524 1880 5576 ἀφέλιαα
1910 5526 2009 5576 Va-
2040 5546 2142 5576 nm
2166 5531 2449 5576 ιτιωελείαε
2529 5535 2575 5569 η
2633 5540 3054 5576 «massica---
3130 5546 3473 5576 ----x-....._

338 5511 390 5544 “
415 5513 556 5566 τίνα.
580 5514 632 5566 τί
661 5511 774 5569 νὴ(
834 5513 882 5546 ’⁸⁸
905 5516 963 5569 ὲν
996 5516 1096 5570 σοί.
1128 5511 1290 5578 εἰς’σέ
1319 5517 1483 5573 Sirm.

339 5583 783 5659 παραδείγματος
844 5585 939 5659 Ya.
976 5586 1403 5659 ’παραδείγματι
1468 5589 1569 5645 Vb.

335 5719 532 5775 δωκευῖ.
580 5723 895 5792 παρέδωκεν
934 5719 996 5779 C.

1671 5524 1880 5594 ιφέλιμα
1910 5524 2012 5582 Va.
2040 5524 2142 5600 pro
2166 5531 2452 5602 ὠφελείας,
2529 5535 2575 5569 η
2633 5524 3076 5611 παραδέίγματα.

1671 5591 1725 5667 δῖ
1751 5593 1864 5667 [τά]
1895 5611 2006 5651 om.
2046 5600 2106 5654 C.
2185 5602 2232 5633 ⁵⁸
2270 5603 2614 5667 ἀνεχόμεναι.
2655 5610 3047 5667 ἀναδεγόμεναι
3078 5612 3243 5667 Sum.
3322 5616 3363 5647 "
3417 5634 3589 5667 τηε-

339 5593 783 5652 παραδείγματος
846 5593 939 5639 Va.
1000 5593 1403 5672 παραδείγματι
1468 5593 1569 5645 Vb.
1671 5593 1719 5629 "
1751 5593 1864 5667 [τά]
1895 5611 2006 5651 om.
2040 5593 2106 5654 Ὁ.
2185 5593 2238 5633 ⁵⁸
2270 5593 2614 5690 ἀνεχόμεναι.
2655 5593 3243 5714 ἀναδεχό’μεναι”8ίῖίπέ

334 5650 531 5766 ml-
930 5654 2177 5766 t‘v‘t’.“attextis-3:9"et“;facere?-
2194 5673 2701 5766 iere-42w.
2738 5678 3060 5766 δεδράκασιν
3100 5680 3201 5766 ολ.

1073 5725 1119 5755 ⁸⁸
1155 5725 1360 5794 βούλειῖ
1384 5725 1636 5801 βούληῦ.
1675 5731 1721 5763 ⁸⁸
1761 5725 2151 5807 ξυμιρἦσὼμεν.
2192 5725 3312 5822 ξυμφήσόμενᾘ’ξυμ-ᾦδ›νήσο›’μεῖέίτω.

2270 5634 2614 5673 υινεχυμενοιι.
2655 5634 3047 5681 αναοεχομεναι
3079 5634 3243 5668 nam].
3322 5634 3363 5647 ‘"
3395 5634 3589 5689 [της-

2261 5673 2309 5704 ⁸³
2345 5673 2701 5758 δεδρόικαεξινζ
2738 5678 3060 5758 δεδράχασιν
3100 5680 3200 5758 CL
3240 5682 3286 5715 ”
3347 5693 3579 5758 παραδέ-
