4066 6426
436 356 539 421 96Ἰ

1421 342 1903 405 TllEODORETI
1943 343 2282 403 EPISCOPI
2319 341 2683 403 CYRENSIS

3588 346 3697 409 968

437 472 648 535 subire,
679 477 1069 536 consortesque
1112 463 1346 519 infamiae
1373 461 1510 525 fieri,
1543 462 1587 515 si
1618 461 1705 513 vir
1733 460 1913 530 gravis
1932 458 2016 512 di-

2122 459 2210 513 καὶ
2235 459 2309 530 μὴ
2347 457 2508 528 μόνον
2531 456 2771 527 οἰώμεθα
2791 455 2899 510 δεῖν
2922 457 2988 510 τά
3016 458 3269 531 ἀλλότρια
3290 459 3415 514 ἄνευ
3447 462 3692 516 κινδῦνου

437 571 528 618 cat
558 562 674 616 haec
696 575 805 614 non
850 559 924 613 ita
954 573 1011 612 se
1034 555 1258 617 habere,
1292 552 1389 606 sed
1412 550 1692 605 incondita
1725 550 1871 604 esse?
1906 573 1922 600 ι
1954 549 2021 603 Et

438 662 562 724 post
591 653 693 707 alia
724 652 959 721 plurima
985 649 1100 702 base
1132 647 1297 700 etiam
1338 643 1553 698 addidit
1589 662 1602 696 :
1646 662 1664 695 ι
1695 642 1883 710 Itaque
1915 639 2020 693 nisi

441 747 549 799 hac
568 752 672 807 est,
702 742 849 796 illam
877 748 1170 808 sequentes
1209 737 1477 790 rationem
1509 734 1706 789 melius
1734 732 1925 801 utique
1942 730 2024 784 di-

440 848 711 897 ceremus,
741 847 871 885 esse
884 830 1164 892 videlicet,
1193 826 1339 896 quod
1363 826 1635 895 saepeiam
1670 822 1928 883 diximus,
1968 828 2025 874 et

440 925 712 980 infinitum
750 923 805 976 in
835 922 1128 985 universo,
1165 920 1398 973 multum
1431 932 1561 971 sane
1584 956 1597 981 ,
1628 924 1685 970 et
1717 914 1881 967 ﬁnem
1911 926 2025 965 ma-

439 1016 666 1077 ximum,
696 1011 1103 1081 quamdamque
1146 1009 1282 1079 ipsis
1317 1008 1583 1062 incubare
1616 1021 1727 1059 non
1771 1010 2020 1058 contem-

440 1103 680 1157 nendam
711 1116 929 1157 causam
954 1141 970 1165 ,
1028 1116 1150 1170 qua:
1180 1108 1340 1153 ornat
1392 1097 1777 1165 eonnectitque
1826 1109 2019 1157 annos,

438 1210 678 1258 menses,
717 1200 772 1247 et
819 1193 1018 1257 horas,
1051 1206 1284 1260 quaeque
1337 1187 1597 1259 sapientia
1635 1194 1691 1239 et
1733 1183 2022 1238 intellectus

438 1295 809 1355 nuncupatur.
852 1304 870 1335 ι
916 1284 1041 1337 llaec
1067 1292 1273 1345 autem,
1306 1281 1448 1334 sicut
1493 1279 1751 1347 pleraque
1796 1276 1923 1338 alia,
1955 1274 2022 1329 de

438 1377 662 1431 liuentis
683 1375 850 1444 859
875 1374 1162 1428 Hebraicis
1192 1372 1394 1425 hausit.
1432 1372 1525 1425 llla
1559 1370 1705 1424 enim
1734 1368 2023 1422 manifeste

438 1468 641 1521 docent
667 1468 687 1505 ιε
719 1468 887 1519 Deum
941 1463 1210 1531 sapientia
1251 1470 1452 1514 terram
1481 1460 1762 1523 fundasse,
1792 1467 1848 1512 et
1880 1473 2021 1527 prae-

441 1574 665 1630 parasse
692 1558 860 1611 coelos
896 1558 950 1608 in
986 1555 1290 1615 intellectu,
1322 1560 1378 1607 et
1405 1553 1507 1606 alia
1536 1566 1658 1621 quae
1680 1551 2025 1619 subsequun—

440 1661 549 1705 tur.
587 1651 646 1704 lu
694 1648 911 1718 Legibus
959 1654 1171 1709 autem,
1220 1643 1582 1713 philosophus
1635 1641 1779 1695 idem
1827 1639 2024 1694 dividit

438 1753 695 1796 naturam
747 1741 1040 1801 bonorum,
1093 1736 1445 1804 ostenditque
1489 1735 1592 1788 alia
1633 1732 1852 1803 quidem
1901 1746 2021 1785 esse

438 1834 704 1893 humana,
726 1830 830 1883 alia
860 1843 992 1881 vero
1027 1826 1234 1880 divina.
1267 1824 1357 1878 Sic
1376 1824 1522 1877 enim
1559 1823 1635 1875 ait
1667 1823 1742 1891 (p.
1775 1820 1871 1873 651
1915 1818 1976 1889 Β)
2004 1836 2016 1871 :
2055 1806 2092 1859 Β

447 1945 466 1975 ι
502 1923 750 1993 Duplicia
810 1928 938 1975 sunt
983 1919 1160 1981 bona,
1199 1909 1303 1970 alia
1348 1916 1606 1979 humana,
1661 1913 1765 1965 alia
1812 1911 2015 1965 divina.

438 2015 689 2070 Pendeat
713 2025 895 2068 autem
926 2028 957 2065 e
991 2011 1193 2064 divinis
1220 2024 1341 2077 quae
1365 2016 1492 2062 sunt
1519 2007 1747 2060 alterius
1776 2006 2017 2075 generis.

438 2105 595 2173 Quod
626 2106 670 2159 si
697 2105 823 2174 quis
862 2104 1067 2173 majora
1097 2100 1332 2162 obtinet,
1368 2098 1614 2167 possidet
1656 2096 1919 2151 continuo
1966 2104 2023 2150 et

439 2195 655 2248 minora
692 2210 705 2246 :
735 2193 819 2246 sin
848 2192 1031 2245 minus
1050 2231 1064 2254 ,
1087 2189 1340 2260 privatur
1365 2188 1636 2256 utrisque.
1675 2187 1884 2240 Minora
1914 2202 2015 2240 au-

440 2294 550 2340 tem
576 2285 756 2354 primo
784 2285 907 2337 loco
936 2283 1164 2346 sanitas,
1190 2280 1431 2336 secundo
1456 2278 1829 2348 pulchritudo,
1860 2279 2021 2333 tertio

441 2377 692 2446 corporis
728 2375 922 2439 robur,
959 2374 1025 2427 ad
1056 2388 1275 2427 cursum
1303 2378 1593 2438 motusque
1623 2371 1764 2423 alios
1795 2372 2019 2423 univer-

440 2484 565 2535 sos;
592 2476 790 2538 quarto
815 2474 999 2521 autem
1026 2466 1147 2519 loco
1176 2464 1388 2527 Plutus,
1423 2477 1533 2515 non
1566 2460 1656 2514 ille
1689 2476 1884 2523 eteeus,
1923 2461 2019 2515 sed

439 2559 817 2615 acutissimum
850 2557 1066 2620 videns,
1101 2555 1146 2609 si
1194 2555 1390 2608 ducem
1448 2551 1792 2621 prudentiam
1821 2567 2017 2620 sequa-

441 2660 548 2707 tur.
578 2653 901 2706 Divinorum
932 2657 1113 2703 autem
1136 2648 1262 2718 jure
1291 2647 1529 2715 primum
1558 2660 1621 2698 ac
1646 2644 1856 2698 caeteris
1877 2659 2017 2714 prte-

440 2747 631 2802 sidens
675 2753 758 2799 est
789 2741 1087 2813 prudentia
1131 2758 1143 2792 :
1182 2737 1486 2793 secundum
1513 2747 1719 2801 autem,
1752 2753 1860 2790 una
1896 2751 2019 2790 cum

442 2838 747 2901 intellectu,
780 2843 1117 2904 temperatus
1142 2833 1337 2885 animae
1366 2830 1605 2883 habitus.
1634 2830 1715 2882 Ex
1747 2830 1898 2884 bisee
1919 2844 2019 2882 au-

442 2941 550 2986 tem
587 2944 711 2984 cum
744 2927 1069 2981 fortitudine
1110 2924 1308 2986 mistis,
1360 2921 1583 2976 tertium
1632 2921 1738 2974 erit
1784 2921 2017 2991 iustitia,

440 3029 698 3091 quartum
726 3016 1012 3071 fortitudo.
1036 3015 1161 3068 Haec
1187 3022 1370 3067 autem
1390 3012 1594 3075 omnia,
1621 3021 1814 3066 natura
1836 3013 2020 3081 priora

2123 550 2321 618 λέγειν,
2351 549 2485 602 ἀλλά
2519 550 2613 603 καὶ
2646 547 3175 619 ξυγκινδυνεύσωμεν
3202 538 3295 604 καὶ
3335 553 3695 624 μετασχῶμεν

2122 641 2215 694 τοῦ
2246 640 2413 710 ψόγου
2435 681 2449 701 ,
2491 642 2618 693 ὅταν
2660 641 2800 712 ἀνὴρ
2843 640 3012 704 δεινὸς
3050 643 3122 712 φῇ
3161 641 3332 694 ταῦτα
3380 642 3455 713 μὴ
3484 644 3655 708 οὕτως
3677 687 3692 712 ,

2123 733 2236 786 ἀλλ’
2271 733 2521 796 ἀτάκτως
2555 732 2728 801 ἕχειν;
2772 751 2790 784 ι
2832 732 2939 785 Καὶ
2977 733 3180 803 ἑτέροις
3205 732 3262 785 δὲ
3292 734 3563 797 πλείστοις
3601 735 3695 790 ’λό-

2123 847 2237 898 γοις
2267 829 2632 900 χρησάμενος,
2663 829 2758 882 καὶ
2786 829 2957 881 ταῦτα
2993 827 3402 900 προστέθεικεν·
3437 849 3455 880 σ
3486 830 3697 882 Οὐκοῦν

2122 924 2170 975 εἰ
2209 923 2282 993 μὴ
2332 920 2524 985 τοῦτο,
2565 921 2680 990 μετ’
2731 921 2941 974 ἐκείνου
2978 921 3072 973 τοῦ
3114 921 3273 988 λόγου
3321 921 3388 975 ἂν
3438 921 3696 991 ἑπόμενοι

2125 1008 2330 1078 βέλτιον
2359 1008 2631 1079 λέγοιμεν,
2662 1010 2737 1073 ὡς
2768 1009 2933 1075 ἔστιν,
2965 1009 2993 1062 ὃ
3024 1010 3283 1073 πολλάκις
3314 1011 3357 1042 ⁸⁷
3400 1010 3514 1083 [91]
3546 1012 3697 1082 εἰρή-

2123 1117 2321 1171 καμεν,
2375 1101 2599 1171 ἀπειρόν
2646 1118 2704 1154 τε
2756 1103 2813 1153 ἐν
2856 1100 2935 1171 τῷ
2982 1101 3145 1154 παντὶ
3177 1102 3347 1164 πολὺ,
3395 1103 3489 1155 καὶ
3521 1102 3697 1171 πέρας

2126 1191 2322 1244 ἱκανόν·
2356 1190 2448 1243 καί
2473 1207 2554 1253 τις
2591 1192 2677 1242 ἐπ’
2704 1193 2884 1255 αὐτοῖς
2911 1192 3060 1244 αἰτία
3088 1193 3146 1244 ού
3182 1191 3380 1260 φαύλη,
3413 1192 3698 1258 κοσμοῦσά

2122 1299 2179 1333 τε
2213 1281 2306 1334 καὶ
2347 1279 2684 1345 ξυνάπτονσα
2728 1282 3004 1346 ἐνιαυτούς
3052 1300 3112 1335 τε
3158 1284 3251 1335 καὶ
3281 1282 3325 1314 ⁵⁸
3382 1284 3556 1353 μῆνας
3602 1286 3695 1337 καὶ

2123 1369 2291 1441 ὥρας,
2325 1372 2509 1436 (regia
2535 1370 2629 1423 καὶ
2650 1369 2790 1437 νοῦς
2822 1370 3110 1440 λεγομένη.
3146 1390 3164 1423 ι
3201 1373 3310 1424 Καὶ
3344 1371 3514 1424 ταῦτα
3543 1373 3598 1425 δὲ
3631 1376 3696 1427 ἐκ

2122 1463 2228 1515 τῶν
2272 1462 2577 1529 Ἑϐραϊκῶν
2607 1464 2864 1533 ναμάτων
2910 1464 3253 1534 ἀρυσάμενος
3287 1464 3421 1535 ἔχει.
3482 1466 3698 1521 Ἐκεῖνα

2123 1552 2230 1623 γὰρ
2264 1553 2504 1605 διδάσκει
2544 1553 2749 1622 σαφῶς,
2786 1554 2861 1617 ὡς
2906 1557 2933 1607 ὁ
2978 1555 3109 1618 Θεὸς
3144 1555 3469 1624 ἐθεμελίωσε
3502 1561 3566 1628 τῇ
3603 1576 3696 1610 σο-

2125 1645 2224 1714 φίᾳ
2248 1645 2292 1676 ⁶⁹
2321 1643 2419 1713 τὴν
2448 1644 2579 1713 γῆν,
2609 1645 2871 1714 ἡτοίμασε
2909 1645 2963 1698 δὲ
3004 1647 3265 1715 οὐρανοὺς
3310 1649 3367 1699 ὲν
3395 1650 3694 1718 φρονήσει,

2126 1739 2219 1790 καὶ
2250 1737 2315 1790 τά
2345 1737 2479 1790 ἄλλα
2500 1736 2702 1790 τούτων
2725 1737 3013 1791 ἀκόλουθα.
3057 1739 3146 1791 Ἑν
3170 1738 3225 1791 δέ
3249 1756 3311 1807 γε
3346 1743 3455 1802 τοῖς
3472 1741 3697 1810 Νόμοις

2121 1820 2275 1890 οὗτος
2309 1828 2465 1889 αὐτὸς
2489 1828 2517 1879 ὁ
2542 1826 2824 1895 φιλόσοφος
2860 1828 2952 1880 καὶ
2990 1828 3185 1899 διαιρεῖ
3224 1830 3331 1882 τῶν
3356 1830 3574 1899 ἀγαθῶν
3596 1831 3696 1902 τὴν

2122 1919 2303 1987 φύσιν,
2334 1918 2428 1971 καὶ
2453 1918 2689 1971 δείκνυσι
2714 1918 2781 1971 τά
2819 1921 2935 1989 μὲν,
2962 1921 3295 1991 ἀνθρώπινα·
3332 1923 3400 1976 τὰ
3431 1924 3509 1987 δὲ,
3548 1924 3693 1979 θεῖα.

2121 2010 2282 2077 Λέγει
2313 2009 2369 2062 δὲ
2402 2008 2592 2072 οὕτως·
2635 2029 2652 2059 ‹
2686 2011 2847 2063 Διττά
2873 2011 2929 2063 δὲ
2957 2011 3137 2080 ἀγαθά
3173 2012 3309 2065 ἐστι·
3343 2014 3409 2066 τά
3454 2014 3552 2082 μὲν
3595 2016 3695 2067 ἀν-

2122 2099 2387 2170 θρώπινα,
2421 2099 2489 2152 τά
2517 2099 2573 2151 δὲ
2606 2098 2740 2154 θεῖα.
2778 2102 3048 2172 Ἤρτηται
3084 2103 3139 2155 δὲ
3169 2106 3232 2156 ἐκ
3262 2103 3371 2156 τῶν
3414 2105 3571 2159 θείων
3598 2106 3699 2159 θάο

2120 2202 2270 2254 τερα·
2294 2183 2398 2239 κᾶν
2431 2185 2529 2252 μὲν
2557 2185 2773 2257 δέξηταί
2798 2206 2882 2250 τις
2910 2191 2977 2242 τὰ
3012 2190 3252 2259 μείζονα,
3282 2195 3476 2247 κτᾶται
3508 2196 3601 2247 καὶ
3625 2195 3695 2249 τὰ

2121 2276 2375 2329 ἐλάττονα
2397 2277 2460 2307 ⁸ο·
2493 2280 2541 2330 εί
2570 2278 2624 2330 δὲ
2661 2278 2734 2348 μὴ
2758 2319 2772 2341 ,
2815 2280 3062 2353 στέρεται
3091 2283 3310 2351 ἀμφοῖν.
3359 2285 3512 2337 Ἔστι
3541 2285 3598 2338 δὲ
3626 2287 3694 2340 τά

2124 2367 2221 2435 μὲν
2247 2367 2502 2421 ἐλάττονα
2522 2409 2535 2431 ,
2563 2362 2636 2421 ὧν
2659 2371 2869 2439 ἡγεῖται
2892 2371 3076 2438 ὑγεία·
3106 2372 3299 2436 κάλλος
3318 2373 3393 2434 δὲ.
3419 2373 3691 2445 δεύτερον·

2120 2457 2180 2510 τὸ
2203 2457 2257 2511 δὲ
2292 2457 2493 2529 τρίτον,
2515 2460 2663 2530 ἰσχὺς
2685 2459 2764 2523 εἴς
2795 2478 2853 2513 τε
2876 2462 2919 2493 δι
2949 2461 3169 2534 δρόμον,
3202 2464 3282 2528 εἷς
3314 2481 3372 2516 τε
3406 2464 3502 2528 τὰς
3528 2466 3695 2529 ἄλλας

2122 2546 2339 2609 ἁπάσας
2368 2549 2609 2618 κινήσεις
2634 2548 2711 2617 τῷ
2742 2547 2972 2617 σώματι·
3006 2550 3066 2602 τὸ
3090 2551 3146 2603 δὲ
3173 2551 3431 2623 τέταρτον
3452 2554 3519 2618 ⁸⁸,
3537 2554 3695 2607 πλοῦ-

2118 2655 2230 2700 τος,
2271 2638 2331 2690 οὐ
2384 2636 2600 2706 τυφλὸς,
2640 2638 2754 2690 ἀλλ’
2783 2637 2875 2702 ὀξὺ
2908 2639 3140 2710 βλέπων,
3181 2641 3243 2695 ἄν
3282 2658 3387 2713 περ
3411 2643 3455 2674 ⁸³
3491 2643 3693 2714 ἕπηται

2122 2732 2400 2800 φρονήσει.
2446 2731 2509 2784 Ὃ
2545 2729 2600 2782 δὲ
2639 2727 2852 2799 πρῶτον
2885 2730 2992 2782 τῶν
3031 2730 3189 2783 θείων
3214 2732 3514 2803 ἡγεμονοῦν
3543 2736 3693 2786 ἐστιν

2122 2820 2339 2888 ἀγαθῶν
2357 2821 2423 2882 δ”,
2449 2822 2481 2891 ἡ
2509 2819 2787 2892 φρόνησις·
2813 2820 3061 2892 δεύτερον
3082 2820 3158 2885 δὲ,
3184 2823 3323 2891 μετά
3345 2824 3436 2876 νοῦ
3462 2822 3693 2897 σώφρων

2119 2912 2297 2982 ψυχῆς
2328 2912 2439 2975 ἕξις
2460 2927 2475 2941 ·
2520 2912 2586 2964 ὲκ
2611 2911 2667 2963 δὲ
2693 2911 2895 2963 τούτων
2932 2913 3071 2979 μετά
3104 2912 3353 2983 ἀνδρείας
3381 2914 3693 2985 κραθέντων

2119 3002 2299 3071 τρίτον
2328 3003 2394 3055 ἂν
2438 3006 2521 3073 εἴη
2555 3002 2893 3073 δικαιοσύνη·
2943 3004 3199 3073 τέταρτον
3238 3004 3332 3070 δὲ,
3378 2995 3598 3078 ἀνδρεία
3623 3009 3690 3064 θ’.

442 3120 571 3168 sunt
597 3110 725 3172 illis,
766 3118 928 3176 atque
964 3107 1039 3160 ita
1071 3107 1250 3175 legum
1283 3103 1444 3157 latori
1479 3103 1880 3173 disponendum
1915 3112 2016 3158 est.

2123 3095 2308 3157 Ταῦτα
2364 3095 2420 3147 δὲ
2464 3095 2642 3148 πάντα
2675 3096 2897 3149 ἐκείνων
2938 3094 3245 3168 ἔμπροσθεν
3291 3100 3549 3153 τέτακται
3593 3104 3695 3170 φύ-

442 3204 575 3259 Post
603 3202 721 3255 haec
751 3207 955 3261 autem,
980 3197 1085 3251 alia
1116 3195 1328 3251 civibus
1355 3203 1647 3264 praecepta,
1682 3210 1802 3264 quze
1833 3194 1886 3247 in
1907 3194 2021 3248 base

444 3295 691 3358 tendant,
747 3289 1113 3361 praecipienda
1148 3302 1269 3342 esse
1314 3300 1535 3351 censeo,
1581 3285 1788 3339 Horum
1836 3286 2021 3355 itaque

446 3386 741 3444 bonorum,
777 3396 898 3450 qua:
930 3379 1168 3431 humana
1208 3384 1357 3439 sunt,
1409 3384 1661 3444 spectant
1702 3376 1757 3429 in
1789 3375 1973 3429 divina
2005 3392 2018 3426 :

442 3491 566 3547 quae
594 3488 725 3528 vero
748 3481 878 3527 sunt
900 3471 1105 3529 divina,
1132 3470 1187 3522 in
1212 3467 1515 3537 principem
1547 3467 1883 3521 intellectum
1906 3482 2023 3520 om—

443 3570 533 3624 nia
554 3566 876 3636 respiciunt.
913 3580 932 3612 ι
972 3560 1228 3615 Pluribus
1253 3558 1453 3611 deinde
1484 3557 1670 3611 verbis
1702 3557 1889 3621 docet,
1921 3573 2020 3611 na-

446 3669 566 3714 tura
601 3658 807 3711 bonum
838 3654 1005 3707 solam
1050 3666 1171 3704 esse
1195 3650 1478 3713 virtutem,
1514 3649 1531 3669 ⁶
1556 3648 1659 3701 alia
1687 3648 1852 3720 860
1890 3663 2021 3703 vero

442 3747 722 3815 :equivoee
774 3744 917 3796 bona
973 3740 1112 3803 dici,
1170 3740 1345 3793 solum
1385 3753 1584 3792 nomen
1639 3739 2019 3808 participautia

445 3838 523 3906 (p.
556 3834 681 3904 661)
720 3851 732 3885 :
766 3852 784 3884 ι
813 3831 944 3897 Qua:
975 3831 1123 3884 enim
1148 3830 1313 3899 vulgo
1345 3829 1687 3898 appellantur
1708 3828 1873 3893 bona,
1908 3845 2017 3883 non

444 3936 594 3982 recte
625 3932 911 3980 vocantur.
945 3922 1120 3992 Vulgo
1147 3921 1296 3976 enim
1327 3920 1524 3985 fertur,
1560 3920 1825 3990 optimum
1851 3921 2021 3974 bono-

444 4034 565 4073 rum
588 4032 708 4071 esse
739 4017 938 4069 bonam
965 4012 1355 4076 valetudinem,
1376 4011 1617 4066 secundo
1642 4013 1762 4066 loco
1778 4012 2021 4081 pulchri-

445 4110 711 4172 tudinem,
739 4106 903 4160 tertio
935 4104 1173 4158 divitias.
1202 4103 1321 4158 Alia
1345 4119 1564 4173 quoque
1599 4104 1889 4157 innumera
1918 4118 2017 4156 vo—

443 4209 639 4255 cantur
669 4199 814 4253 bona
848 4215 861 4251 :
898 4212 1024 4251 nam
1057 4204 1113 4250 et
1143 4204 1305 4250 acuto
1328 4196 1446 4249 visu
1472 4196 1557 4248 vel
1589 4194 1781 4249 auditu
1817 4194 2017 4265 prmdi-

444 4303 556 4348 tum
589 4307 744 4356 esse,
777 4290 1007 4359 aliisque
1039 4288 1294 4343 sensibus
1322 4288 1400 4342 uti
1435 4286 1555 4340 sine
1599 4286 2016 4355 impedimento,

441 4381 702 4437 etfacere
742 4381 1113 4435 dominantem
1151 4379 1416 4448 quidquid
1447 4386 1685 4447 appetat.
1719 4377 2018 4446 Finemque

2126 3204 2239 3240 σει·
2277 3187 2371 3239 καὶ
2420 3187 2484 3257 δὴ
2539 3187 2615 3257 τῷ
2641 3187 2904 3259 νομοθέτῃ
2949 3188 3175 3242 τακτέον
3205 3190 3396 3255 οὕτως.
3442 3192 3595 3247 Μετὰ
3635 3194 3694 3248 δὲ

2123 3277 2296 3331 ταῦτα
2317 3278 2382 3340 ⁸⁸,
2433 3279 2533 3339 τὰς
2585 3279 2749 3340 ἄλλας
2796 3279 3121 3348 προστάξεις
3166 3284 3276 3344 τοῖς
3329 3283 3573 3347 πολίταις
3615 3287 3697 3348 εἰς

2123 3368 2291 3421 ταῦτα
2314 3369 2357 3400 ⁸⁷
2394 3368 2696 3439 βλεπούσας
2726 3372 2905 3434 αὐτοῖς
2930 3367 3069 3425 εἶναι
3097 3373 3525 3431 διακελευστέον.
3559 3376 3601 3428 Τ
3604 3377 3698 3431 0:5-

2125 3476 2230 3513 των
2269 3460 2325 3512 δὲ
2362 3460 2431 3512 τά
2467 3460 2564 3530 μὲν
2593 3461 2929 3531 ἀνθρώπινα,
2962 3465 3039 3527 εἰς
3072 3463 3141 3516 τὰ
3186 3465 3325 3529 θεῖα,
3364 3466 3430 3519 τὰ
3462 3466 3518 3519 δὲ
3551 3467 3692 3533 θεῖα,

2125 3551 2204 3611 είς
2230 3549 2320 3601 τὸν
2360 3551 2602 3619 ἡγεμόνα
2648 3550 2772 3604 νοῦν
2814 3552 3103 3622 ξύμπαντα
3147 3555 3356 3625 βλέπει.
3392 3575 3410 3607 ι
3447 3553 3580 3611 Εἶτα
3615 3560 3697 3614 δι-

2123 3625 2311 3691 δάσκει
2345 3638 2434 3691 διὰ
2466 3640 2747 3701 πλειόνων,
2796 3641 2869 3703 ὡς
2913 3641 3072 3707 φύσει
3124 3643 3222 3711 μὲν
3271 3645 3477 3713 ἀγαθὸν
3524 3648 3696 3718 ἀρετὴ

2127 3729 2283 3800 μόνη·
2322 3730 2391 3783 τὰ
2439 3729 2495 3782 δὲ
2543 3729 2677 3783 ἄλλα
2704 3732 3008 3802 ὁμωνύμως
3045 3732 3090 3765 ⁸⁸
3124 3735 3387 3799 καλεῖται,
3432 3736 3697 3808 ὀνόματος

2128 3819 2289 3889 μόνου
2323 3820 2637 3889 μετέχοντα·
2676 3840 2695 3871 ι
2742 3821 2821 3872 Τὰ
2860 3822 2967 3891 γάρ
2995 3822 3100 3874 ὑπὸ
3130 3823 3233 3875 τῶν
3264 3823 3493 3890 πολλῶν,
3526 3827 3692 3897 φησὶ,

2122 3913 2408 3982 λεγόμενα,
2436 3911 2614 3981 ἀγαθὰ
2646 3913 2744 3965 οὐκ
2786 3911 2964 3982 ὀρθῶς
3006 3912 3244 3981 λέγεται.
3284 3915 3511 3984 Λέγεται
3545 3917 3691 3986 γὰρ,

2121 4006 2194 4068 ὡς,
2226 4005 2446 4076 ἄριστον
2474 4004 2589 4075 μὲν,
2621 4005 2903 4072 ὑγιαίνειν·
2930 3991 3180 4077 δεύτερον
3206 4007 3280 4073 δὲ,
3310 4007 3502 4071 κάλλος
3525 4025 3537 4037 ·
3578 4008 3697 4084 τρίφ

2120 4113 2212 4149 τον
2237 4095 2315 4159 δὲ,
2345 4094 2592 4158 πλοῦτος.
2624 4095 2736 4149 Καὶ
2764 4095 2927 4166 ἕτερα
2952 4096 3009 4150 δὲ
3045 4097 3213 4168 μυρία
3243 4098 3422 4167 ἀγαθά
3452 4099 3693 4166 λέγεται.

2122 4191 2234 4244 Καὶ
2266 4188 2376 4259 γὰρ
2409 4187 2503 4252 ὀξὺ
2534 4188 2665 4258 ὁρᾷν
2695 4188 2788 4241 καὶ
2825 4187 3062 4255 ἀκούειν,
3108 4188 3202 4241 καὶ
3236 4189 3412 4245 πάντα
3444 4191 3544 4246 ὅσα
3575 4190 3697 4262 Els—

2121 4299 2212 4335 ται
2238 4280 2346 4337 τῶν
2378 4279 2679 4346 αἰσθήσεων
2725 4279 3060 4349 εὐαισθήτως
3099 4280 3262 4349 ἔχειν,
3297 4280 3376 4333 ἔτι
3402 4280 3457 4334 δὲ
3501 4283 3594 4335 καὶ
3633 4282 3698 4336 τὸ

2125 4374 2301 4425 ποιεῖν
2324 4369 2688 4442 τυραννοῦντα
2710 4370 2807 4429 ὅτι
2831 4369 2896 4423 ἂν
2914 4370 3071 4423 ἐπιθυ
3080 4373 3175 4440 μῇ,
3207 4370 3300 4423 καὶ
3329 4370 3390 4424 τὸ
3414 4372 3511 4442 μὲν
3543 4372 3693 4436 τέλος

442 4472 621 4526 omnis
652 4470 1009 4525 beatitudinis
1031 4483 1171 4531 esse,
1200 4476 1262 4520 ut
1287 4468 1382 4537 qui
1407 4467 1522 4520 haec
1545 4461 1727 4520 omnia
1752 4466 2015 4533 possidet,

2124 4464 2303 4533 πάσης
2334 4460 2734 4533 μακαριότητος
2757 4455 2894 4515 εῖναι
2930 4460 3075 4526 θ’,τὸ
3098 4462 3274 4515 πάντα
3293 4462 3464 4516 ταῦτα
3494 4480 3695 4533 κεκτη-

445 4559 711 4614 citissime
743 4569 906 4612 natus
950 4558 1023 4611 sit
1061 4557 1407 4615 immortalis.
1442 4557 1550 4617 Vos
1599 4565 1781 4611 autem
1807 4596 1820 4620 ,
1855 4565 2020 4627 atque

2122 4555 2280 4625 μένον
2305 4553 2569 4609 ἀθάνατον
2600 4548 2739 4606 εἶναι
2765 4552 3054 4622 γενόμενον
3081 4554 3161 4607 ὅτι
3211 4553 3462 4625 τάχιστα.
3503 4554 3695 4624 Ὑμεῖς

446 4647 548 4723 ipsi
586 4647 723 4701 adeo
751 4646 1010 4711 dicimus,
1058 4646 1174 4700 haec
1207 4647 1386 4700 omnia
1430 4646 1594 4717 justis
1631 4645 1851 4715 quidem
1892 4662 2020 4700 san-

2122 4648 2173 4700 δὲ
2196 4649 2289 4699 καὶ
2318 4644 2427 4713 ὲγώ
2447 4661 2523 4714 πη
2540 4644 2663 4698 τάδε
2683 4643 2934 4715 λέγομεν,
2966 4645 3041 4709 ὡς
3064 4645 3238 4699 ταῦτά
3267 4648 3383 4700 ἐστι
3407 4646 3695 4718 ξύμπαντα

447 4735 660 4804 ctisque
696 4733 1014 4787 hominibus
1041 4734 1442 4802 possessionem
1474 4734 1735 4803 optimam
1755 4750 1906 4806 esse,
1938 4735 2021 4788 in-

2122 4736 2343 4799 δικαίοις
2385 4737 2480 4804 μὲν
2520 4735 2615 4787 καὶ
2645 4734 2810 4798 ὁσίοις
2857 4735 3113 4806 ἀνδράσιν
3155 4738 3349 4807 ἄριστα
3393 4740 3650 4808 κτήματα
3676 4755 3688 4770 ·

440 4823 605 4898 justis
635 4838 769 4877 vero
796 4822 1031 4892 pessima
1064 4824 1269 4887 omnia,
1301 4823 1469 4877 ducto
1490 4840 1520 4876 a
1552 4823 1786 4878 sanitate
1813 4825 2021 4894 princi-

2122 4826 2320 4887 ἀδίκοις
2362 4824 2419 4876 δὲ
2465 4823 2699 4885 κάκιστα
2731 4823 3052 4895 ξύμπαντα,
3108 4826 3391 4898 ἀρξάμενα
3437 4826 3557 4887 ἀπὸ,
3592 4829 3696 4899 τῆς

443 4917 555 4991 pio,
579 4916 647 4969 Et
671 4914 888 4984 quidem
912 4914 1122 4980 videre,
1160 4914 1352 4968 audire
1373 4955 1387 4978 ,
1420 4915 1738 4982 ueterisque
1769 4915 1847 4968 uti
1888 4930 2016 4969 sen-

2128 4915 2356 4985 ύγιείας.
2386 4916 2495 4970 Καὶ
2517 4915 2580 4986 δὴ
2609 4917 2765 4969 καὶτο
2798 4916 2855 4969 τὸ
2878 4917 3011 4988 ὁρᾷν
3046 4917 3224 4971 καὶτὸ
3253 4919 3470 4973 ἀκούειν
3504 4920 3599 4972 καὶ
3629 4920 3694 4973 τὸ

444 5005 618 5071 sibus,
646 5021 710 5060 ac
733 5006 912 5076 ipsum
936 5020 1160 5075 prorsus
1178 5004 1384 5065 vivere,
1418 5004 1718 5057 maximum
1736 5005 1786 5057 ei
1814 5006 2014 5058 malum

2125 5006 2470 5060 αἰσθάνεσθαι
2496 5006 2588 5060 καὶ
2608 5006 2667 5059 τὸ
2684 5008 2943 5078 παράπαν
2966 5006 3084 5079 ζῇν,
3111 5008 3364 5079 μέγιστον
3384 5010 3481 5081 μὲν
3503 5011 3690 5079 κακὸν,

445 5111 585 5163 esse,
616 5096 711 5168 qui
742 5113 841 5167 per
869 5111 1030 5151 omne
1063 5104 1281 5165 tempus
1309 5095 1381 5149 sit
1415 5095 1760 5161 immortalis,
1793 5104 1848 5150 et
1872 5097 2015 5155 bona

2125 5097 2215 5152 τὸν
2249 5098 2533 5169 ξύμπαντα
2564 5099 2754 5175 χρόνον
2787 5098 3053 5154 ἀθάνατον
3087 5100 3237 5169 ὅντα,
3273 5104 3611 5177 κεκτημένον
3640 5104 3686 5141 τι

516 5213 544 5263 ιε
570 5215 732 5270 Prov.
764 5228 843 5279 ιιι,
878 5212 964 5267 19.

1712 5326 1949 5381 VARUE
1983 5326 2381 5387 LECTIONES.

525 5491 572 5531 ³⁷
599 5490 1063 5576 23,30th}th
1076 5486 1426 5576 ποξιξκάκιςμξτ.
1450 5574 1467 5576 ᾼ
1485 5488 1550 5576 7"
1581 5487 1922 5576 ξυνάπτουσα
1950 5493 2026 5545 ὲν.
2045 5506 2127 5575 ,τε
2154 5490 2249 5576 καί
2270 5489 2439 5576 Bz‘in'
2463 5503 2634 5576 marg.
2675 5488 2754 5576 ﬂ”
2784 5487 3110 5576 ἐθεμελίωσε
3135 5493 3200 5576 τῇ
3227 5493 3407 5576 σρφίᾳτ
3436 5495 3500 5564 τῇ
3528 5493 3690 5576 σοφίᾳ

445 5561 769 5634 ξθεᾼμελίωσε
795 5561 856 5613 Β.
937 5558 1291 5634 “fidi-stove.
1340 5557 1603 5634 ἐλάσσονα
1639 5558 1701 5612 Β.
1718 5560 1868 5634 __lllox_
1886 5559 2262 5634 στιῑῌριεῖταιΑ-(ἶ.Δ
2321 5560 2495 5634 “Agite
2634 5626 2654 5634 _
2675 5557 2719 5634 f”
2743 5557 2998 5634 τέταρτον
3020 5560 3100 5634 δέ,
3226 5561 3283 5613 δὲ
3304 5557 3688 5634 ίτέταρτονΗ.

446 5630 491 5663 ⁸³
524 5626 947 5728 avni-9515mm.
970 5626 1053 5728 8ξίν
1087 5626 1488 5728 πριρέπηταιἸΟ.
1515 5628 1808 5708 ἄνπερηᾶμῖ
1847 5630 1935 5681 ἓπ.
1969 5626 2071 5683 Vb.
2148 5629 2199 5660 6*
2239 5628 2478 5696 ἀγαθῶν.
2520 5626 2742 5694 ἀγαθόν.
2782 5627 2842 5684 C.
2877 5626 2889 5630 ⁷
2920 5630 2964 5661 ⁸⁸
3007 5629 3246 5700 ἀνδρεία,
3304 5626 3495 5703 ἀνδρίὰ
3546 5632 3606 5687 Β.
3634 5642 3693 5687 et

446 5711 606 5728 annm
678 5718 703 5728 ιι
741 5716 767 5728 Α
795 5715 859 5728 Α.-
1048 5714 1216 5728 mnu-um
1248 5713 1332 5728 nm
1547 5699 1587 5728 67
1622 5715 1789 5728 ριν-.-ιι
1850 5699 2046 5728 -.υτ-..η
2081 5699 2121 5728 ι)
2172 5698 2245 5728 \In
2345 5698 2390 5728 68
2418 5697 2705 5728 Ᾱοιμιηξηιηρ
2737 5697 2777 5728 Π
2841 5698 2956 5728 "Av
2998 5700 3154 5728 “In-..
3179 5700 3219 5728 [Ἰ
3318 5702 3362 5728 69
3398 5699 3527 5728 -12....
3611 5704 3691 5728 -2-

445 5711 611 5765 supra
639 5695 877 5799 ἀνδρίας.
970 5697 1015 5728 ⁸⁸
1048 5695 1218 5749 ταῦτα
1247 5713 1355 5751 om.
1387 5695 1448 5751 C.
1547 5699 1587 5729 ⁸⁷
1622 5695 1813 5752 ταῦτα.
1850 5699 2046 5763 ταύτας
2080 5699 2141 5762 Β,
2172 5695 2297 5752 Va.
2345 5698 2390 5730 ⁸⁸
2417 5697 2705 5771 ὁμονύμως
2737 5697 2796 5751 Β.
2839 5698 2958 5759 Mox
2997 5695 3154 5770 μόνον
3179 5700 3240 5765 C.
3318 5702 3362 5734 ⁵⁸
3396 5695 3555 5764 εἶναι,
3610 5704 3691 5766 εἰς

448 5763 501 5817 Β.
535 5767 582 5817 εί
609 5765 670 5820 C.
770 5768 791 5798 °
817 5766 878 5836 δὴ
908 5767 1021 5821 καί.
1045 5765 1137 5818 καί
1166 5782 1275 5820 om.
1306 5767 1367 5821 C.
1445 5769 1487 5799 '“
1515 5768 1868 5836 κεκτημένον.
1895 5769 2293 5831 τεκτηνάμενον
2320 5766 2385 5822 C.
