4066 6444
362 365 470 429 969

895 360 1336 421 GILECARUM
1367 363 1648 422 AFFECT
1712 361 1951 423 CURA'I

2053 360 2258 418 .-\'l.
2303 361 2397 422 UE
2435 360 2948 429 PROVIDENTIA
2988 362 3139 422 DEI.

3526 365 3633 427 970

364 472 544 527 πάντα
560 466 630 521 τὰ
646 467 914 539 λεγόμενα
938 465 1138 536 ἀγαθὰ,
1164 467 1303 537 πλὴν
1327 468 1674 539 δικαιοσύνης
1696 485 1755 521 τε
1788 468 1883 521 καὶ
1902 469 1947 499 τ’

2052 481 2172 535 qua:
2203 476 2465 519 vocantur
2498 466 2681 521 omnia
2713 466 2993 536 possideat
3032 478 3231 539 praeter
3268 467 3530 539 justitiam
3563 487 3625 524 an

362 561 566 634 ἀρετῆς
599 560 837 629 ἁπάσης·
870 556 1089 612 ἔλαττον
1110 559 1188 624 δὲ,
1218 559 1292 622 ὡς
1318 558 1381 612 ἂν
1412 560 1679 629 ὀλίγιστον
1712 563 1739 613 6
1767 560 1945 613 τοιοῐὲ⁸

362 670 456 717 τος
498 651 689 723 χρόνον
724 648 956 721 ὲπιξῴη.
990 668 1008 703 ι
1054 651 1165 704 Καὶ
1221 651 1337 721 μετ’
1382 651 1559 719 ὀλίγα·
1607 670 1626 703 ι
1672 650 1815 720 Ἐγὼ
1851 651 1948 721 μὲν

364 745 476 815 γὰρ
501 744 645 813 λέγω
684 741 967 811 σαφῶς-τὰ
1002 743 1101 813 μὲν
1136 744 1283 796 ιιακὰ
1320 744 1587 813 λεγόμενα
1621 742 1802 811 ἀγαθὰ
1835 744 1948 806 τοῖς

355 835 595 898 δικαίοις
635 828 814 898 εἶναι,
856 834 971 896 τοῖς
1011 833 1067 886 δὲ
1107 833 1313 893 ἀδίκοις
1345 829 1528 905 [εἶναι]
1549 835 1595 865 ⁷³
1623 832 1739 906 [92]
1781 835 1945 888 κακά’

362 927 435 979 τὰ
462 926 519 978 δὲ
551 922 755 994 ἀγαθὰ,
798 926 912 987 τοῖς
953 922 1052 995 μὲν
1093 924 1318 993 ἀγαθοῖς
1356 923 1573 992 ἀγαθὰ,
1611 926 1723 987 τοῖς
1751 924 1806 977 δὲ
1846 941 1946 979 κα-

366 1022 483 1081 κοῖς
515 1018 682 1071 κακά.
724 1035 742 1068 ›
769 1015 941 1084 Κάγὼ
961 1016 1017 1069 δὲ
1050 1016 1245 1087 κομιδῆ
1275 1016 1428 1087 τήνδε
1447 1018 1657 1086 ἄγαμαι
1689 1017 1787 1085 τὴν
1815 1015 1951 1069 διαί-

370 1126 541 1181 ρεσιν.
576 1109 853 1177 Μέγιστον
884 1108 992 1180 γὰρ
1008 1107 1223 1178 ἀληθῶς
1249 1109 1450 1178 ἀγαθὸν
1477 1109 1539 1161 τό
1570 1126 1634 1176 γε
1664 1109 1860 1162 εἰδέναι
1898 1107 1950 1161 τί

366 1204 467 1273 μὲν
503 1202 704 1271 κυρίως
737 1200 963 1267 ἀγαθὸν,
994 1199 1046 1253 τί
1077 1199 1134 1252 δὲ
1173 1199 1331 1254 τοῦτο
1358 1200 1573 1269 λέγεται
1605 1201 1725 1270 μὲν,
1766 1199 1948 1268 γίγνε-

364 1312 455 1346 ται
481 1293 540 1346 δὲ
566 1293 641 1362 πῆ
676 1293 775 1361 μὲν
806 1290 1015 1346 τοιοῦτο
1035 1292 1103 1354 7",
1145 1291 1223 1360 πῆ
1257 1292 1313 1343 δὲ
1345 1292 1671 1354 τούναντίον,
1712 1292 1815 1348 ὐπὸ
1842 1292 1948 1344 τῶν

364 1388 398 1457 ἢ
443 1382 502 1439 εὖ
541 1386 632 1438 καὶ
675 1385 853 1448 καλῶς
885 1384 1198 1454 μετιόντων,
1242 1384 1275 1455 ἢ
1317 1384 1412 1455 τήν
1446 1383 1691 1440 ἐναντίαν
1722 1382 1949 1454 γνώμην

364 1478 780 1545 ἀσπαζομένων.
828 1477 938 1531 Καὶ
990 1476 1101 1548 γὰρ
1153 1476 1373 1544 ὑγίεια,
1419 1476 1513 1530 καὶ
1572 1475 1804 1540 κάλλος,
1854 1477 1949 1528 καὶ

367 1572 524 1640 ῥώμη
555 1570 601 1601 ⁷³
634 1566 906 1636 σώματος,
949 1568 1041 1621 καὶ
1074 1567 1256 1640 μέντοι
1290 1569 1385 1621 καὶ
1413 1567 1663 1631 πλοῦτος,
1698 1569 1825 1629 τοὺς
1851 1565 1949 1636 μὲν

363 1658 539 1728 ὢνησὲ
569 1675 627 1711 τε
660 1658 756 1710 καὶ
803 1658 971 1727 ἔδειξε
1008 1657 1118 1710 τῶν
1152 1659 1448 1732 κτημάτων
1493 1656 1678 1725 ἀξίους
1707 1699 1722 1721 ,
1749 1660 1863 1721 τοῖς
1891 1658 1953 1719 δὲ,

362 1750 574 1817 ὄργανα
619 1748 880 1822 πονηρίας
911 1747 1006 1800 καὶ
1038 1746 1310 1820 ἀκρασίας
1339 1747 1576 1815 ἐγένετο.
1612 1747 1944 1819 Σωφροσύνη

2053 566 2276 612 cmteras
2320 558 2551 612 virtutes
2584 577 2596 613 :
2627 559 2811 612 minus
2853 568 3037 613 autem
3089 559 3327 621 malum,
3377 558 3422 612 si
3470 575 3636 630 quam

2052 647 2340 700 minimum
2378 655 2590 717 tempus
2625 649 2679 702 in
2718 650 2828 703 vita
2860 649 3045 703 fuerit.
3084 669 3101 707 ι
3147 649 3212 703 Et
3250 657 3374 719 post
3406 664 3579 719 pauca
3616 667 3631 706 :

2059 758 2076 790 ι
2113 738 2228 808 Ego
2263 739 2409 793 enim
2442 749 2629 809 aperte
2687 741 2831 805 dico,
2881 756 2944 795 ea
2977 757 3100 811 qua:
3150 749 3420 796 vocantur
3466 742 3633 806 mala,

2045 829 2209 900 jnstis
2244 830 2564 885 hominibus
2602 831 2743 885 bona
2786 847 2927 894 esse,
2974 831 3191 903 injustis
3223 839 3411 886 autem
3443 832 3584 886 mala
3616 850 3630 888 :

2051 941 2172 995 quin
2206 940 2339 979 vero
2369 924 2507 977 bona
2539 924 2818 989 dicuntur,
2860 924 3026 995 justis
3061 924 3283 994 quidem
3312 925 3456 979 bona
3486 940 3631 990 esse,

2049 1015 2211 1071 malis
2249 1023 2436 1069 autem
2466 1015 2627 1068 mala.
2662 1034 2677 1063 ι
2729 1013 2901 1080 Quam
2931 1030 3030 1089 ego
3053 1032 3271 1085 quoque
3306 1016 3634 1071 divisionem

2047 1105 2208 1159 valde
2269 1106 2463 1175 probo.
2522 1106 2816 1163 Maximum
2871 1106 3016 1161 enim
3058 1122 3253 1166 revera
3292 1107 3497 1168 bonum
3526 1116 3632 1172 est,

2050 1195 2191 1250 seire
2213 1196 2474 1266 quidnam
2504 1197 2725 1267 proprie
2756 1197 2827 1251 sit
2852 1196 3081 1262 bonum,
3116 1196 3249 1267 quid
3276 1213 3402 1252 vero
3430 1198 3632 1257 bonum

2051 1287 2273 1356 quidem
2326 1286 2562 1351 dicatur,
2620 1286 2713 1345 ﬁat
2766 1296 2949 1343 autem
3015 1303 3161 1341 nunc
3210 1287 3434 1353 bonum,
3492 1304 3641 1342 nunc

2050 1379 2210 1451 861
2256 1378 2480 1443 malum,
2520 1378 2665 1448 apud
2716 1393 2812 1434 eos
2866 1378 2959 1449 qui
2996 1378 3078 1433 vel
3118 1379 3257 1433 bene
3300 1379 3640 1450 pulchreque

2053 1479 2306 1536 utuntur,
2339 1472 2423 1527 vel
2481 1471 2811 1531 contrariam
2859 1480 3101 1529 mentem
3153 1482 3371 1543 gerunt.
3424 1471 3643 1526 Sanitas

2050 1563 2223 1628 enim,
2264 1573 2319 1619 et
2360 1550 2547 1627 rebur,
2594 1581 2655 1619 ac
2686 1564 3042 1635 pulchritudo
3075 1566 3345 1637 corporis,
3396 1565 3640 1634 itemque

2051 1656 2275 1720 divitiae,
2305 1656 2429 1710 aliis
2449 1656 2670 1724 quidem
2693 1656 2970 1725 profuere,
2994 1663 3048 1710 et
3071 1655 3425 1726 dignissimos
3448 1671 3640 1712 earum

2053 1764 2233 1802 rerum
2276 1747 2622 1817 possessione
2652 1747 3015 1802 ostenderunt
3045 1765 3057 1800 :
3085 1746 3221 1801 aliis
3246 1762 3375 1801 vero
3416 1747 3639 1802 malitiaa

362 1838 418 1889 δὲ
448 1839 539 1889 καί
570 1836 886 1907 δικαιοσύνη
912 1876 928 1900 ,
958 1836 1053 1890 καὶ
1087 1834 1254 1891 τᾶλλα
1280 1836 1380 1892 ὅσα
1407 1836 1619 1900 τούτοις
1651 1836 1944 1908 παραπλή-

2052 1841 2415 1895 instrumenta
2445 1849 2500 1893 et
2535 1839 2943 1894 incontinentiae
2973 1838 3212 1893 fuerunt.
3251 1837 3636 1907 Temperantia

364 1946 475 1989 σια,
513 1928 613 1998 τῆς
653 1928 832 2000 ψυχῆς
871 1929 993 1981 ἐστι
1030 1928 1307 1999 κτήματα,
1337 1926 1373 1984 ἃ
1402 1928 1569 1983 πᾶσίν
1593 1929 1639 1959 ⁷⁸
1686 1931 1802 1985 ἐστι
1836 1930 1946 1991 τοῖς

363 2022 579 2094 ἔχουσιν
619 2020 949 2093 ὀνησιφόρα,
990 2021 1084 2077 καὶ
1117 2020 1309 2073 οὐδένα
1356 2019 1559 2073 σίνεται
1603 2018 1712 2075 τῶν
1745 2036 1948 2090 κεκτη-

365 2112 564 2174 μένων.
608 2111 732 2173 Τοῖς
780 2110 837 2165 δὲ
885 2110 1147 2174 τοιούτοις
1195 2111 1290 2164 καὶ
1336 2109 1406 2163 τὰ
1451 2109 1723 2180 λεγόμενα
1768 2108 1950 2178 ἀγαθὰ

362 2203 619 2275 ξύμφορα
650 2203 930 2274 κτῆμα-ια’
962 2203 1188 2257 δικαίων
1211 2203 1321 2276 γὰρ
1349 2203 1444 2257 καὶ
1484 2203 1778 2276 σωφρόνων
1810 2205 1951 2257 οἰκο-

361 2296 544 2365 νόμων
579 2297 861 2365 τυγχάνει.
893 2294 974 2347 Τὰ
1008 2294 1064 2346 δὲ
1093 2311 1156 2365 γε
1185 2294 1274 2347 διὰ
1302 2293 1508 2348 τούτων
1538 2293 1735 2364 ἄριστα
1764 2292 1948 2363 γιγνό-

365 2405 509 2453 μενα
540 2387 780 2439 κάκιστα
828 2385 1113 2453 φαίνεται,
1162 2388 1417 2456 πονηροῖς
1449 2384 1816 2456 περιπεσόντα
1854 2384 1949 2441 καὶ

363 2477 724 2549 παρανόμοις
751 2476 844 2529 καὶ
876 2475 984 2546 γὰρ
1003 2477 1206 2547 ὁρῶσιν
1236 2475 1271 2529 δι
1301 2475 1378 2547 μή
1404 2474 1504 2540 δεῖ,
1535 2476 1629 2529 καὶ
1657 2475 1947 2531 ἀκούουσιν

359 2566 436 2623 ὧν
473 2571 535 2627 οὐ
586 2570 686 2636 δεῖ,
718 2569 814 2623 καὶ
846 2567 945 2635 τὰς
988 2567 1154 2635 ἄλλας
1198 2567 1481 2640 αἰσθήσεις
1520 2568 1600 2631 είς
1654 2567 1946 2624 ἀκολασίαν

363 2663 701 2719 παιδεύουσι.

433 2842 525 2913 Μὴ
557 2841 756 2903 τοίνυν,
790 2833 834 2894 ὦ
872 2839 1014 2909 φίλοι
1047 2837 1260 2910 ἄνδρες,
1293 2837 1609 2909 συγχέωμεν
1633 2836 1740 2894 τῶν
1769 2854 1949 2910 πραγ-

365 2934 554 3003 μάτων
595 2932 689 2995 τὰς
734 2931 957 3002 φύσεις,
1003 2930 1138 2984 ἀλλὰ
1164 2930 1475 3001 διαγνῶμεν
1502 2930 1555 2983 τί
1597 2929 1695 3001 μὲν
1731 2930 1950 3001 ἀληθῶς

361 3026 589 3093 ἀγαθὸν,
621 3024 752 3078 τίδὲ
793 3024 984 3087 κακὸν,
1011 3023 1064 3076 τί
1095 3022 1153 3075 δέ
1185 3039 1249 3092 γε
1274 3023 1374 3094 τήν
1422 3022 1595 3094 μέσην
1618 3022 1822 3076 τούτων
1848 3023 1949 3076 κά-

2048 1947 2178 1986 vero
2214 1948 2275 1986 ac
2303 1932 2537 2002 justitia,
2572 1940 2882 2000 czeteraque
2917 1929 3004 1984 his
3036 1928 3258 1992 similia,
3282 1929 3480 1983 animae
3506 1936 3640 1985 sunt

2048 2024 2343 2093 possessio,
2383 2023 2823 2099 habentibusque
2854 2021 3012 2077 utilia
3042 2022 3260 2078 cunctis
3284 2029 3435 2087 sunt,
3460 2021 3634 2077 nihil-

2003 2124 2155 2184 ‘que
2198 2115 2385 2169 damni
2417 2114 2825 2184 possidentibus
2865 2113 3124 2168 aderunt.
3179 2113 3403 2169 Talibus
3450 2123 3637 2173 autem

2048 2206 2213 2262 etiam
2244 2207 2335 2261 illa
2359 2222 2479 2277 quae
2499 2207 2661 2277 vulgo
2700 2205 3045 2276 appellantur
3072 2205 3237 2271 bona,
3266 2206 3419 2261 utilia
3460 2214 3589 2261 sunt
3618 2224 3635 2263 :

2044 2299 2182 2372 justi
2214 2300 2363 2357 enim
2391 2299 2790 2369 temperatique
2812 2297 3067 2353 homines
3090 2297 3199 2354 illis
3233 2305 3482 2354 utuntur.
3507 2298 3640 2364 Quae

2048 2405 2182 2444 vero
2221 2404 2320 2460 per
2342 2388 2445 2443 hos
2479 2387 2686 2458 optima
2721 2386 2881 2451 ﬁunt,
2927 2394 3057 2441 tunc
3084 2387 3322 2457 pessima
3353 2386 3638 2454 videntur,

2050 2497 2176 2539 cum
2202 2480 2258 2536 in
2288 2480 2458 2534 malos
2484 2489 2541 2534 et
2563 2480 2797 2551 injustas
2825 2493 3174 2549 possessores
3198 2478 3516 2534 inciderint.
3545 2477 3643 2536 Et-

2048 2573 2196 2628 enim
2221 2588 2285 2627 ea
2312 2571 2679 2641 conspiciunt,
2724 2586 2847 2641 qua:
2884 2570 3073 2626 videre
3101 2586 3211 2625 non
3243 2572 3422 2637 decet,
3447 2587 3509 2628 ea
3535 2587 3637 2628 au-

2049 2665 2230 2729 diunt,
2257 2679 2380 2733 quae
2421 2662 2696 2717 audienda
2741 2677 2855 2717 non
2889 2671 3039 2727 sunt,
3071 2677 3377 2733 sensusque
3407 2670 3638 2724 caeteros

2050 2757 2118 2812 ad
2145 2754 2603 2811 incontinentiam
2633 2752 2920 2808 erudiunt.

2122 2847 2201 2903 Ne
2230 2846 2437 2916 itaque,
2465 2862 2496 2901 ο
2530 2844 2693 2900 amici
2718 2844 2994 2909 homines,
3020 2844 3424 2905 eonfundamus
3450 2860 3637 2901 rerum

2051 2943 2070 2961 ‘
2103 2947 2380 3004 naturam,
2413 2938 2509 2994 sed
2543 2937 2905 3008 dispiciamus
2927 2936 3062 3007 quid
3090 2952 3221 2993 vere
3246 2936 3479 3003 bonum,
3501 2937 3637 3009 quid

2054 3033 2259 3088 malum
2296 3031 2391 3095 sit,
2430 3030 2566 3101 quid
2617 3029 2755 3084 illud
2793 3029 2943 3099 quod
2999 3029 3183 3085 medio
3231 3029 3379 3089 inter
3415 3040 3640 3090 utrum-

362 3119 560 3172 κείνων
602 3115 786 3186 εἴληχε
835 3113 1007 3178 τάξινο
1055 3114 1151 3169 καὶ
1197 3113 1273 3184 μὴ
1320 3111 1575 3183 καλῶμεν
1625 3112 1951 3183 εὐδαίμονας

2056 3141 2164 3195 que
2193 3125 2316 3179 loco
2340 3123 2580 3193 positum
2612 3130 2726 3176 est:
2753 3136 2935 3191 neque
2969 3121 3163 3177 beatos
3190 3136 3456 3181 vocemus
3492 3122 3638 3178 divi-

360 3212 488 3273 τοὺς
518 3208 884 3270 πλουτοῦντας
911 3205 1004 3260 καὶ
1035 3205 1351 3277 ρωμαλὲους
1380 3205 1474 3259 καὶ
1502 3205 1819 3261 δυναστείαν
1858 3222 1953 3259 πε-

368 3301 795 3375 ριεεὸλημένους
845 3300 989 3353 τινά·
1032 3297 1431 3367 κακοδαίμονας
1460 3296 1569 3367 γὰρ
1612 3296 1829 3367 ἀληθῶς
1861 3296 1955 3349 καὶ

365 3392 711 3464 τρισαθλίους
744 3389 1172 3461 προσαγορεύειν
1206 3389 1473 3459 προσήκει
1511 3386 1637 3451 τοὺς
1667 3386 1873 3440 τούτων
1907 3389 1951 3419 ⁷⁷

366 3485 468 3554 μὲν
502 3480 889 3553 μετειληχότας
912 3520 928 3547 ,
976 3479 1109 3550 ὕλην
1147 3479 1204 3532 δὲ
1251 3478 1643 3548 ἁποφήναντας
1673 3475 1811 3530 αὐτὰ
1854 3494 1955 3531 κα·

366 3577 491 3641 κίας
531 3574 626 3629 καὶ
667 3571 951 3643 πονηρίας.
997 3570 1167 3624 Ὅταν
1208 3564 1301 3622 οὖν
1354 3566 1554 3636 ἴδωμεν
1594 3566 1954 3637 παμπόνηρον

367 3664 660 3736 ἄνθρωπον
711 3661 925 3732 πλούτῳ
974 3659 1402 3731 περιρρεόμενον
1443 3656 1489 3689 ⁷⁸
1517 3696 1533 3721 ,
1593 3656 1670 3729 μὴ
1742 3655 1956 3728 τρισόλ-

367 3755 481 3809 ειον
542 3754 921 3826 ὀνομάζωμεν,
966 3750 1123 3808 ¹ἀλλὰ
1191 3751 1442 3818 δείλαιον,
1506 3751 1587 3803 ὃτι
1634 3747 1730 3805 τοῦ
1778 3765 1957 3819 παρα-

367 3850 546 3919 νόμως
596 3847 743 3918 βιούν
794 3846 906 3917 ἔχει
951 3844 1153 3907 πολλὰς
1201 3842 1496 3913 ἁφορμάςο
1539 3841 1634 3895 καὶ
1676 3842 1805 3894 ὅταν
1838 3840 1957 3897 ἓτε-

372 3959 464 4011 ρον
510 3939 727 4009 ἐπιεικῆ
776 3934 918 3991 εἶναι
967 3935 1227 3990 δοκοῦντα
1272 3931 1601 4004 θεασώμεθα
1653 3930 1957 4002 δυσκληρία

366 4033 479 4086 τινὶ
521 4031 616 4089 καὶ
647 4029 806 4100 πενίᾳ
840 4027 1285 4097 ξυνεζευγμένον,
1312 4027 1450 4098 μήτε
1476 4024 1658 4078 ἄθλιον
1684 4022 1957 4078 ὑπολάϐω-

370 4150 493 4204 μεν,
526 4133 664 4203 μήτε
700 4130 884 4184 ἄδικον
917 4127 1015 4200 τὴν
1047 4126 1141 4181 τοῦ
1173 4126 1307 4180 Θεοῦ
1347 4125 1694 4198 προμήθειαν
1720 4125 1956 4196 νομίσω-

371 4252 492 4305 μεν.
534 4233 757 4304 Πρῶτον
793 4232 890 4301 μὲν
914 4230 1024 4301 γὰρ
1052 4230 1112 4283 οὐ
1150 4228 1368 4292 πάντως
1408 4227 1486 4298 τῷ
1524 4228 1637 4283 ὄντι
1682 4228 1890 4290 δίκαιος
1927 4227 1957 4279 6

367 4332 543 4386 δοκῶν
571 4327 713 4383 εἶναι
745 4330 974 4393 δίκαιος·
1004 4328 1206 4398 ἑτέρως
1235 4327 1344 4399 γὰρ
1389 4329 1483 4382 καὶ
1509 4327 1683 4381 ταῦτα
1723 4329 1825 4399 ὁρᾷ
1861 4328 1957 4382 καὶ

367 4432 639 4504 διακρίνει
672 4434 702 4485 ό
725 4430 903 4484 πάντα
929 4446 994 4498 γε
1032 4429 1176 4500 ὀρῶν
1200 4429 1498 4500 ὀφθαλμός.
1530 4430 1642 4483 Καὶ
1663 4431 1825 4484 τοῦτο
1852 4431 1948 4483 Σα-

374 4532 549 4606 μουὴλ
572 4533 665 4587 τὸν
696 4534 984 4604 προφήτην
1012 4531 1177 4595 αὐτὸς
1202 4530 1440 4596 ἐδίδαξεν
1463 4534 1491 4585 ὁ
1516 4531 1628 4586 τῶν
1666 4533 1885 4588 πάντων

367 4636 553 4706 ὀπτήρ
571 4634 639 4689 ⁸⁸.
671 4651 690 4685 ι
720 4633 832 4706 Οὐχ
854 4632 931 4697 ὡς
952 4632 1237 4703 ἄνθρωπος
1261 4632 1395 4704 γὰρ,
1423 4633 1609 4705 φησιν,
1633 4634 1755 4705 δρᾷ,
1782 4633 1955 4701 οὕτως

368 4740 475 4811 ὁρᾷ
503 4740 531 4793 6
563 4737 716 4800 Θεὸς·
765 4734 1049 4806 ἄνθρωπος
1077 4735 1177 4807 μὲν
1220 4738 1328 4806 γὰρ
1355 4737 1432 4800 εἰς
1466 4735 1780 4805 πρόσωπον,
1831 4737 1859 4793 ὀ
1891 4737 1949 4790 δὲ

372 4840 508 4904 Θεὸς
534 4840 578 4872 ⁸¹
615 4840 696 4903 είς
724 4836 974 4909 καρδίαν.
1021 4854 1040 4888 ι
1087 4837 1207 4889 Ἵνα
1250 4836 1308 4889 δὲ
1360 4836 1456 4890 καὶ
1510 4836 1692 4905 θῶμεν
1742 4836 1957 4908 ἀληθῶς

2061 3225 2163 3280 tes,
2191 3231 2296 3270 nec
2341 3214 2615 3277 robustos,
2654 3229 2834 3282 neque
2877 3228 2976 3269 eos
3027 3213 3122 3282 qui
3155 3220 3487 3284 potestatem
3539 3211 3636 3272 ali-

2058 3323 2222 3377 quam
2264 3312 2391 3360 sunt
2419 3298 2624 3374 adepti.
2657 3303 2911 3360 Infelices
2936 3302 3086 3358 enim
3137 3302 3388 3373 profecto
3437 3318 3503 3359 ac
3533 3304 3639 3359 mi—

2058 3399 2325 3453 serrimos
2343 3397 2607 3467 appellari
2639 3410 2737 3451 eos
2760 3395 2940 3460 decet,
2972 3395 3070 3465 qui
3088 3395 3177 3450 his
3201 3396 3406 3461 ornati,
3427 3397 3497 3452 ad
3518 3411 3643 3452 see.

2057 3488 2189 3543 leris
2229 3498 2285 3543 et
2308 3488 2571 3557 nequitia:
2599 3486 2887 3542 materiam
2916 3486 3009 3542 illa
3033 3496 3387 3544 convertunt.
3406 3487 3640 3555 Quando

2057 3580 2227 3651 igitur
2278 3579 2579 3650 pessimum
2631 3578 2912 3634 hominem
2956 3577 3263 3634 viderimus
3319 3579 3637 3635 afﬂuentem

2058 3673 2291 3739 divitiis,
2309 3688 2379 3728 ne
2400 3671 2780 3727 beatissimum
2795 3686 3199 3740 nuncupemus,
3219 3671 3315 3727 sed
3338 3672 3635 3737 infelicem,

2058 3766 2205 3836 quod
2233 3765 2285 3821 ei
2318 3766 2506 3820 multa:
2534 3765 2645 3820 sint
2662 3764 2731 3818 ad
2758 3764 2946 3833 inique
2979 3764 3278 3820 vivendum
3296 3765 3635 3820 occasiones.

2056 3854 2262 3910 Contra
2290 3868 2442 3918 vero,
2478 3852 2527 3907 si
2564 3866 2730 3922 quem
2761 3851 3047 3908 videamus
3097 3850 3192 3921 qui
3224 3852 3434 3923 probus
3467 3851 3639 3910 home

2059 3946 2427 4009 existimetur,
2474 3945 2639 4016 862
2682 3943 2781 3999 sed
2834 3943 3021 4014 inopia
3065 3953 3122 3999 et
3167 3942 3477 3998 infortunio
3533 3944 3638 3998 alia

2059 4053 2171 4109 quo
2217 4046 2506 4106 urgeatur,
2546 4051 2729 4105 neque
2783 4034 2935 4090 hunc
2983 4035 3248 4095 miserum
3291 4051 3413 4091 esse
3442 4035 3637 4107 opine-e

2061 4148 2229 4196 mur,
2314 4144 2496 4199 neque
2556 4129 2822 4199 injustam
2869 4128 2967 4182 Dei
3036 4128 3441 4198 providentiam
3505 4143 3637 4183 ceno

2060 4237 2298 4278 seamus.
2330 4221 2516 4275 Primo
2541 4218 2712 4284 enim,
2736 4235 2848 4275 non
2872 4220 3053 4290 reipsa
3079 4219 3306 4275 omnino
3325 4219 3510 4289 justus
3528 4229 3633 4283 est,

2059 4313 2374 4385 quicunque
2401 4312 2578 4383 justus
2601 4310 2986 4367 existimatur:
3026 4310 3191 4367 aliter
3220 4309 3373 4365 enim
3409 4309 3529 4365 haec
3548 4312 3637 4364 vi—

2061 4406 2153 4461 det
2182 4420 2247 4459 ae
2269 4401 2541 4459 discernit
2578 4401 2774 4459 oculus
2819 4401 2911 4456 ille
2948 4401 3061 4470 qui.
3089 4400 3275 4457 omnia
3314 4409 3632 4458 contuetur.

1906 4535 1953 4568 νυ
1990 4501 2038 4561 D
2066 4497 2246 4566 Atque
2294 4495 2404 4548 hoc
2429 4491 2611 4563 ipsum
2636 4499 2742 4556 est,
2779 4490 2927 4560 quod
2968 4491 3282 4550 Samuelem
3308 4491 3634 4562 prophetam

2063 4588 2453 4645 universorum
2483 4583 2765 4653 inspector
2798 4581 3007 4641 docuit.
3072 4582 3232 4637 «Non
3287 4581 3437 4637 enim
3492 4583 3639 4639 sicut

2062 4681 2218 4737 videt
2246 4679 2432 4741 homo,
2476 4674 2676 4745 inquit,
2712 4674 2789 4730 ita
2816 4674 2969 4730 videt
2990 4682 3047 4729 ct
3092 4675 3259 4730 Deus.
3288 4674 3463 4729 Homo
3485 4674 3637 4729 enim

2059 4773 2256 4829 faciem
2292 4769 2465 4833 videt,
2498 4768 2648 4823 Deus
2677 4777 2862 4822 autem
2894 4781 2992 4821 eor
3023 4764 3069 4818 ι.
3092 4784 3111 4817 ›
3146 4765 3217 4821 Ut
3248 4773 3434 4820 autem
3459 4779 3637 4835 pona-

2058 4882 2182 4924 mus
2214 4880 2343 4919 vere
2371 4864 2585 4934 justum
2614 4861 2897 4917 hominem
2927 4874 3071 4925 esse,
3102 4858 3198 4929 qui
3256 4859 3408 4930 gravi
3451 4858 3639 4929 aliquo

371 4936 517 4995 εἶναι
544 4939 750 4994 δίκαιον
779 4939 871 4993 τὸν
899 4938 1207 5011 δυσποτμίᾳ
1238 4936 1346 4991 τινὶ
1373 4939 1761 5009 κατεχόμενον,
1786 4939 1951 4992 ἐκεῖνα⁴

2061 4953 2370 5010 infortunio
2407 4952 2712 5016 detinetur,
2761 4951 2897 5006 illud
2939 4961 3123 5007 tamen
3175 4951 3475 5016 constabit,
3508 4952 3637 5005 nul-

373 5059 439 5110 γε
469 5043 639 5096 πᾶσιν
686 5040 1054 5113 ὲπίδηλον,ὠς
1094 5039 1351 5110 οὐδεμίαν
1395 5040 1460 5093 ἐκ
1490 5040 1587 5109 τῆς
1619 5039 1960 5111 δυσημερίας

2061 5047 2175 5101 lum
2208 5043 2606 5099 detrimentum
2649 5058 2716 5098 ex
2767 5043 3090 5122 infortunio.
3139 5030 3294 5098 illum
3344 5058 3636 5113 passurum

373 5144 676 5211 εἰσδέξεται
723 5143 951 5215 βλάϐην,
1008 5143 1195 5215 φέρειν
1254 5143 1300 5174 ⁸³
1340 5142 1414 5206 ὡς
1453 5141 1657 5212 ἀρετῆς
1721 5139 1951 5210 ἀθλητὴς

2062 5155 2205 5203 esse,
2253 5137 2429 5207 utqui
2464 5153 2553 5193 res
2598 5137 2857 5193 adversas
2899 5138 3158 5208 tanquam
3188 5137 3409 5193 virtutis
3432 5136 3637 5201 athleta

456 5297 473 5336 ι
509 5297 528 5351 I
559 5298 692 5368 Reg.
719 5313 828 5361 xvi,
863 5298 916 5349 7.
1089 5263 1105 5289 ⁵

1652 5405 1886 5461 νΑιιιΑῖ
1926 5405 2329 5462 LEC'IIONES.

448 5526 498 5556 τ’
528 5523 733 5593 τείκιί.
796 5541 855 5576 τε
887 5539 997 5578 om.
1042 5524 1102 5578 B.
1218 5524 1264 5556 ⁷³
1302 5520 1485 5593 [εἶναι]
1516 5538 1626 5577 om.
1659 5522 1718 5574 B.

377 5594 475 5649 καὶ
536 5592 696 5663 ῥώμη
731 5594 792 5655 Β,
823 5595 886 5649 C.

1833 5520 1879 5552 7"
1905 5520 2132 5575 τοιοῦτο.
2188 5522 2432 5575 τοιοῦτον
2487 5522 2652 5578 Sirm.

1001 5594 1047 5626 ⁷⁸
1077 5594 1172 5648 καὶ
1225 5590 1446 5647 ἅπασιν.
1477 5590 1516 5648 ἃ
1547 5594 1712 5645 πᾶσιν
1762 5591 1824 5654 Β,
1858 5592 1954 5645 Va.
2032 5595 2074 5625 ⁷⁷
2104 5590 2380 5646 τοιούτων.
2437 5592 2644 5645 τούτων
2690 5591 2751 5654 Β,
2795 5590 2895 5644 Va.

2763 5520 3131 5592 arpémaad.
3167 5519 3380 5592 κάλλος.
3438 5516 3638 5583 κάλλος·

2986 5590 3032 5628 ⁷⁸
3065 5589 3493 5658 ἐπερειδόμενον.
3533 5605 3638 5658 πε-

380 5656 735 5735 ριρρεὀμενὸν
764 5665 824 5717 B.
851 5663 1263 5735 ἐπερειδόμενον
1292 5664 1352 5718 C.
1379 5680 1623 5735 eumyp.
1650 5660 2048 5735 nspzpsdpevov
2090 5662 2150 5735 in
2180 5677 2355 5735 marg.
2399 5668 2478 5735 et_
2500 5677 2628 5735 mox
2654 5659 3035 5735 ὀνομάζομεν.
3064 5656 3512 5735 Δ’ξιξεριιρῤεόὺμιιενοηιι
3534 5656 3639 5735 Vt}.

383 5734 793 5802 ἐπερειδόμενον
822 5734 926 5790 Vb.
961 5734 967 5735 7
1003 5736 1049 5766 ⁷⁸
1072 5734 1228 5787 ὅλων.
1258 5736 1475 5787 πάντων
1510 5734 1569 5786 Β.

1644 5733 1692 5764 ⁸ο
1724 5727 1920 5804 ὀπτήρ.
1963 5734 2145 5804 πατήρ
2180 5731 2265 5804 C.~
2304 5727 2366 5804 Ἧξ
2392 5731 2523 5796 Θεὸς
2543 5732 2673 5804 διξᾎό
2693 5730 2748 5784 δὲ
2773 5727 2988 5793 ΘεόςΒ.
3063 5730 3107 5763 ⁸⁸
3131 5727 3639 5804 eaput-4mm“.

386 5800 565 5876 μενος.
598 5800 879 5873 φέρειν-
900 5804 1332 5875 πεπαιδευμένος
1367 5804 1428 5866 Β,
1455 5802 1517 5860 C.
1550 5801 1978 5871 πεπαιδευμένος
2006 5800 2122 5857 νειῖ
2147 5801 2535 5875 παιδευόμενος
2571 5800 2675 5859 Vb.

662 5896 936 5960 PATROL.
983 5894 1103 5960 Gn.
1156 5897 1476 5957 LXXXIII.

3242 5889 3313 5953 31
