4066 6440
407 385 504 454 9ἷ1

1389 381 1872 443 THEODDRETI
1915 379 2250 440 EPISCOPI
2291 380 2654 440 CYRENSIS

3556 375 3662 441 972

408 496 554 551 ferre
576 495 788 550 didicit.
811 495 964 550 Sicut
989 509 1136 549 enim
1179 493 1272 562 qui
1305 491 1520 560 perdite
1562 490 1776 552 vivunt,
1801 489 1970 542 etiam

2090 487 2504 558 πεπαιδευμένος
2539 485 2608 540 τά
2647 485 2904 557 δυσχερῆ.
2942 485 3148 556 Ὠσπερ
3191 484 3298 557 γὰρ
3343 485 3391 540 oi
3425 487 3663 558 πονηρία

407 587 504 644 illa
532 601 653 654 qua:
684 594 949 639 vocantur
995 585 1159 647 bona,
1194 583 1558 636 instrumenta
1611 581 1717 634 sibi
1773 579 1839 634 ad
1879 594 1977 632 ne-

409 677 638 748 quitiam
667 691 787 730 esse
815 675 1143 730 ostendunt:
1180 675 1258 729 ita
1283 682 1337 728 et
1367 683 1642 728 amatores
1672 672 1893 725 virtutis
1917 685 1980 726 ea

410 783 528 832 qtae
553 775 816 834 putantur
857 765 1015 828 mala,
1038 781 1180 819 verre
1206 763 1569 834 philosophia:
1591 763 1874 816 materiam
1904 762 1981 816 ef-

413 857 622 910 lieiunt.
656 855 771 909 lloe
797 855 978 923 itaque
1007 864 1165 924 pacto
1189 857 1307 908 hinc
1339 854 1552 924 singula
1579 852 1978 914 discernentes,

415 961 698 1014 nunquam
728 945 991 1013 injustum
1018 945 1188 997 Deum
1214 943 1632 1013 appellabimus,
1684 941 1779 996 sed
1833 948 1982 995 recte

413 1054 469 1090 se
511 1037 718 1090 habere
755 1036 1050 1090 fatebimur
1094 1052 1215 1105 qua:
1261 1051 1291 1089 a
1336 1037 1560 1090 Platone
1617 1034 1673 1087 in
1729 1033 1982 1086 Thewteto

413 1128 725 1195 conscripta
748 1135 896 1190 sunt,
928 1127 1097 1179 Deum
1133 1125 1394 1179 videlicet
1431 1125 1584 1178 nullo
1635 1122 1797 1177 modo
1842 1123 1986 1193 inju-

415 1228 557 1270 stum
592 1232 734 1283 esse,
789 1216 882 1270 sed
926 1233 1088 1286 quam
1118 1217 1351 1270 maxime
1385 1231 1504 1269 esse
1538 1214 1712 1284 possit
1739 1213 1984 1285 justissi-

418 1325 588 1371 mum,
649 1308 898 1376 nihilque
954 1308 1031 1361 illi
1078 1323 1199 1360 esse
1235 1306 1490 1370 similius,
1533 1321 1697 1374 quam
1744 1304 1839 1375 qui
1882 1321 1985 1360 no—

417 1410 590 1453 strum
617 1399 712 1451 fiat
741 1415 866 1468 erga
894 1397 1047 1451 illum
1077 1397 1440 1467 justissimus.
1503 1397 1720 1451 Rursus
1743 1395 1985 1451 etiamin

415 1491 629 1543 decimo
655 1489 849 1558 Legum
899 1502 1093 1542 sanare
1144 1488 1269 1542 illos
1305 1495 1538 1542 conatur
1567 1488 1661 1556 qui
1713 1487 1984 1541 rationem

416 1580 616 1632 divinae
647 1577 1003 1648 providentia:
1033 1592 1143 1630 non
1169 1577 1486 1632 admittunt.
1521 1577 1612 1631 Sic
1630 1577 1778 1631 enim
1801 1576 1877 1629 ait
1907 1575 1982 1646 (p.

417 1673 518 1726 899
547 1672 630 1738 E):
678 1691 693 1720 ι
720 1669 824 1735 Qui
859 1686 993 1724 vero
1023 1671 1155 1726 deos
1183 1669 1345 1742 863
1372 1669 1595 1740 quidem
1621 1685 1742 1724 esse
1793 1669 1987 1723 existi--

417 1768 547 1824 met,
589 1775 774 1813 curam
807 1775 940 1813 vero
963 1760 1335 1813 humanarum
1388 1773 1573 1813 rerum
1630 1756 1837 1811 nullam
1885 1755 1986 1810 ha-

2083 580 2352 658 συζῶντες
2375 580 2467 632 καὶ
2490 580 2559 633 τὰ
2587 578 2898 649 καλούμενα
2924 578 3106 647 ἁγαθά
3133 577 3395 647 πονηρίας
3423 578 3661 646 ἀποφαί-

2079 688 2260 723 νουσιν
2293 671 2523 742 δργανα,
2552 667 2725 732 οὕτως
2761 671 2809 722 οί
2847 670 2947 739 τῆς
2976 669 3177 740 ἀρετῆς
3202 669 3436 739 ἐρῶντες
3466 671 3562 723 καὶ
3593 670 3662 722 τά

2080 759 2226 813 κακὰ
2247 757 2576 829 νομιζόμενα
2601 756 2916 828 φιλοσοφίας
2938 759 3036 828 τῆς
3060 757 3298 827 ἀληθοῦς
3324 759 3664 811 κατασκευάο

2081 849 2264 913 ξουσιν
2303 849 2455 913 ὐλας.
2509 849 2667 904 Οὐτω
2698 849 2763 920 δὴ
2793 850 2999 903 τούτων
3043 849 3273 903 ’ἑκαστον
3300 847 3418 920 [9'5]
3447 849 3663 918 διακρί-

2080 957 2298 1005 νοντες,
2339 939 2536 995 οὔποτε
2577 941 2669 994 τὸν
2715 941 2846 994 Θεὸν
2893 941 3074 995 ἄδικον
3119 939 3482 1010 ὀνομάσομεν,
3527 939 3665 992 ἀλλὰ

2069 1031 2581 1104 ξυνομολογήσομεν
2607 1033 2798 1104 νόρθῶς
2823 1031 2971 1103 ἔχειν
3005 1032 3152 1102 ἅπερ
3179 1034 3207 1083 ὁ
3237 1031 3460 1084 Πλάτων
3499 1033 3556 1083 ἐν
3583 1032 3662 1101 τῷ

2085 1123 2379 1191 Θεαιτήτῳ
2397 1123 2751 1194 ξυνέγραψεν,
2783 1125 2867 1176 ὅτι
2893 1142 2923 1174 -ι
2945 1124 3002 1176 '0
3024 1123 3154 1186 Θεὸς
3177 1122 3384 1193 οὐδαμῆ
3414 1124 3540 1176 0-3601
3550 1125 3665 1193 μῶς

2081 1214 2293 1281 ἄδικος,
2335 1214 2450 1268 ἀλλ’
2481 1214 2557 1278 ὡς
2600 1210 2710 1267 οἷόν
2756 1232 2813 1267 τε
2849 1214 3186 1277 δικαιότατος
3211 1230 3224 1242 ·
3258 1215 3352 1266 καὶ
3381 1215 3480 1266 οὐκ
3513 1213 3666 1266 ἔστιν

2083 1306 2394 1377 ὁμοιότερον
2435 1305 2670 1374 οὐδὲν,ἥ
2712 1305 2770 1367 ὃς
2807 1304 2872 1356 ἂν
2907 1303 3062 1374 ἡμῶν
3089 1303 3314 1374 γένηται
3344 1303 3426 1356 ὅτι
3464 1303 3668 1354 δικαιό-

2082 1413 2242 1460 τατος
2272 1397 2399 1466 περὶ
2445 1395 2698 1467 τοῦτο[ν].
2735 1417 2752 1448 ι
2797 1395 2964 1449 Πάλιν
2994 1395 3049 1447 δέ
3078 1395 3179 1448 κάν
3202 1394 3282 1462 τῷ
3313 1395 3524 1463 δεκάτῳ
3559 1393 3666 1445 τῶν

2098 1487 2312 1555 Νόμων
2366 1484 2548 1538 ἰᾶσθαι
2577 1489 2833 1556 πειρᾶται
2858 1487 2984 1549 τούς
3007 1485 3108 1555 τῆς
3136 1484 3284 1548 θείας
3319 1485 3573 1555 προνοίας
3603 1486 3666 1536 οὐ

2086 1576 2482 1648 προσιεμένους
2523 1578 2613 1630 τὸν
2653 1577 2832 1645 λόγον.
2875 1579 3042 1646 Λέγει
3082 1577 3138 1630 δὲ
3176 1576 3365 1630 ταῦτα·
3403 1595 3421 1626 ‹
3469 1577 3511 1628 Τ
3516 1575 3573 1627 δν
3611 1577 3667 1628 δέ

2085 1667 2386 1740 ἡγούμενον
2416 1669 2462 1700 ⁸³
2505 1669 2660 1733 θεοὺς
2689 1670 2787 1740 μὲν
2829 1665 2986 1732 εῖναι.
3025 1667 3099 1739 μὴ
3135 1668 3438 1739 φροντίζειν
3466 1666 3520 1718 δὲ
3559 1667 3669 1718 τῶν

2086 1761 2438 1832 ἀνθρωπίνων
2461 1762 2507 1793 ⁸·
2541 1761 2902 1831 πραγμάτων,
2935 1760 3360 1831 παραμυθητέον
3417 1752 3544 1810 ὧδε·
3597 1755 3670 1809 Ὦ

417 1848 565 1909 bere,
604 1848 704 1900 hac
733 1848 1110 1903 consolatione
1137 1846 1417 1902 curandus
1436 1855 1540 1912 est,
1575 1862 1609 1901 ο
1645 1845 1852 1916 optime
1874 1845 1967 1900 De.

2090 1853 2273 1922 Epic-cs
2330 1852 2600 1923 Δημοφῶν
2625 1853 2692 1917 ⁸⁵,
2721 1853 2801 1906 ὅτι
2841 1852 2938 1922 μὲν
2997 1853 3105 1922 ἡγῇ
3137 1851 3288 1914 θεοὺς
3324 1847 3488 1917 εἶναι,
3539 1850 3670 1916 ξυγρ

416 1937 675 2006 mophon.
709 1936 862 2002 Quod
903 1937 1035 1993 deos
1068 1938 1294 2007 quidem
1335 1953 1456 1991 esse
1489 1936 1795 2001 existimes,
1835 1935 1990 2003 divi-

415 2044 482 2081 na
509 2038 558 2081 te
581 2029 828 2096 qnzedam
859 2029 971 2098 agit
997 2029 1273 2099 cognatio,
1307 2038 1370 2083 ut
1399 2029 1498 2082 tibi
1557 2027 1786 2083 insitum
1840 2027 1992 2083 colas

416 2130 578 2187 atque
599 2135 718 2173 esse
757 2119 1024 2188 opineris.
1056 2119 1324 2174 Malorum
1347 2123 1362 2139 '
1394 2135 1538 2175 'vero
1585 2119 1874 2174 hominum
1907 2119 1991 2173 in-

412 2211 796 2279 justorumque
827 2211 1083 2272 furtunm,
1137 2221 1249 2266 tum
1277 2211 1532 2280 privatim
1579 2219 1694 2266 tum
1745 2211 1986 2281 publice,

424 2299 606 2369 reipsa
631 2297 805 2354 beatae
831 2315 939 2354 non
970 2311 1118 2367 sunt,
1147 2302 1412 2372 opinione
1437 2311 1618 2356 autem
1673 2303 1848 2357 beatae
1896 2301 1992 2356 ad-

421 2393 641 2444 modum
681 2391 976 2457 habentur,
1011 2409 1324 2464 quanquam
1349 2395 1666 2449 indecenter
1695 2393 1906 2448 ducunt
1937 2401 1989 2448 te

420 2480 485 2534 ad
519 2481 876 2549 impietatem.
904 2501 920 2532 ι
961 2481 1097 2535 Tum
1131 2482 1808 2553 discutiensapparentem
1844 2482 1990 2553 inju-

419 2579 629 2624 storum
656 2570 938 2625 hominum
969 2573 1414 2642 prosperitatem,
1447 2573 1562 2627 haec
1606 2571 1985 2627 etiam-addit:

427 2661 652 2730 «Neque
697 2678 826 2716 vero
879 2662 1111 2720 fortasse
1148 2663 1253 2719 hoc
1310 2663 1529 2720 dillieile
1581 2675 1804 2720 ostensu
1860 2665 1986 2729 erit,

420 2769 613 2808 curare
639 2755 770 2808 deos
800 2755 964 2809 etiam
996 2772 1118 2825 quae
1150 2755 1348 2825 pusilla
1385 2766 1552 2810 sunt:
1581 2771 1761 2825 neque
1804 2755 1990 2810 minus

420 2842 534 2897 haec
558 2859 772 2905 eui-are,
804 2844 914 2897 imo
979 2845 1172 2915 magis,
1203 2860 1368 2914 quam
1425 2860 1548 2913 quae
1581 2852 1855 2912 praestant
1884 2860 1992 2899 ma-

420 2932 724 2999 gnitudine.
763 2934 877 2987 llue
904 2934 1052 2987 enim
1087 2934 1338 2997 veniunt,
1371 2941 1534 3003 atque
1560 2934 1651 2988 hic
1707 2935 1985 2988 intersunt

423 3025 492 3076 iis
523 3039 642 3092 quae
679 3039 825 3077 nunc
847 3024 1224 3093 disputantur,
1259 3025 1407 3094 quod
1436 3025 1706 3080 cumboni
1737 3023 1989 3079 sintom-

426 3116 478 3167 ui
516 3131 714 3184 genere
737 3117 982 3180 virtutis,
1007 3131 1193 3171 rerum
1216 3117 1462 3172 omnium
1487 3133 1674 3172 curam
1698 3119 1849 3172 velut
1878 3134 1991 3172 ma-

2091 1943 2274 2012 γένειά
2297 1960 2382 2007 τις
2405 1943 2524 1996 θεία
2555 1944 2688 2015 πρὸς
2724 1945 2784 1996 τὸ
2815 1943 3088 2014 ξύμφυτόν
3120 1960 3179 1996 σε
3219 1942 3342 2012 ἄγει
3379 1945 3543 2013 τιμᾷν
3575 1945 3672 1996 καὶ

2089 2035 2331 2106 νομίζειν
2355 2030 2513 2088 εῖναι.
2532 2037 2734 2090 Κακῶν
2760 2037 2804 2090 δ’
2828 2035 3130 2107 ἀνθρώπων
3151 2037 3244 2088 καὶ
3260 2035 3460 2088 ἀδίκων
3485 2036 3670 2102 τύχαι.

2095 2127 2199 2199 ἰδίᾳ
2226 2145 2284 2181 τε
2309 2128 2403 2182 καὶ
2429 2127 2475 2161 ⁸⁸
2509 2128 2762 2198 δημοσία,
2797 2127 3026 2198 ἀληθεία.
3057 2127 3154 2197 μὲν
3186 2126 3284 2178 οὐκ
3319 2125 3670 2195 εὐδαίμονες,

2082 2216 2218 2292 ’δόξῃ
2243 2218 2300 2272 δὲ
2332 2217 2836 2288 εὐδαιμονιζόμεναι
2863 2218 3101 2288 σφόδρα,
3134 2217 3250 2270 ἀλλ’
3285 2217 3384 2270 οὐκ
3415 2217 3673 2286 ἐμμελῶς

2081 2309 2284 2378 ’ἄγουσί
2317 2323 2378 2362 σε
2415 2309 2552 2381 πρὸς
2589 2307 2865 2361 ἀσέϐειαν.
2912 2326 2930 2358 ι
2969 2304 3102 2360 Εἶτα
3147 2304 3428 2371 διεξελθὼν
3457 2306 3554 2374 τὴν
3591 2324 3677 2357 νο-

2093 2397 2390 2472 μιζομένην
2412 2401 2518 2453 τῶν
2540 2399 2740 2453 ἀδίκων
2759 2397 3342 2469 εὐκληρίαν,ἐπιφέρει
3364 2395 3458 2448 καὶ
3480 2396 3672 2447 ταῦτα·

2093 2511 2114 2546 ι
2173 2491 2315 2545 Ἀλλ’
2341 2492 2494 2546 οὐδὲν
2521 2493 2662 2562 τάχα
2683 2491 2749 2544 ἂν
2781 2489 2866 2562 είη
2894 2489 3127 2561 χαλεπὸν
3152 2488 3485 2556 ἐνδείξασθαι
3516 2487 3677 2540 τοῦτό

2085 2598 2174 2652 γε,
2199 2583 2274 2648 ὡς
2291 2583 2571 2653 ἐπιμελεῖς
2593 2583 2638 2616 ⁸⁷
2668 2583 2918 2653 σμικρῶν
2947 2583 3086 2635 εἰσιν
3120 2583 3169 2634 οί
3203 2583 3313 2634 θεοὶ
3355 2582 3456 2651 οὐχ
3487 2577 3674 2651 ἦττον,

2093 2675 2291 2746 μᾶλλον
2318 2675 2437 2746 δὲῆ
2477 2674 2585 2728 τῶν
2630 2674 2850 2746 μεγέθει
2889 2673 3275 2744 διαφερόντων.
3316 2673 3520 2726 Ἷῐκουε
3565 2673 3677 2741 γάρ

2092 2783 2193 2821 που
2219 2770 2314 2823 καὶ
2349 2769 2528 2839 παρῆν
2554 2771 2664 2831 τοῖς
2691 2766 2786 2821 νῦν
2807 2766 2867 2838 δὴ
2892 2766 3206 2836 λεγομένοις
3223 2764 3291 2832 ⁸⁸,
3319 2765 3394 2827 ὡς
3413 2764 3608 2832 ἀγαθοί
3630 2764 3677 2793 ⁸⁹

2085 2876 2153 2928 γε
2182 2857 2348 2924 ’ὄντες
2410 2860 2590 2912 πᾶσαν
2639 2858 2840 2930 ἀρετὴν
2880 2858 2980 2928 τὴν
3035 2857 3291 2910 ἁπάντων
3337 2855 3676 2926 ἐπιμέλειαν,

2081 2947 2430 3016 ὀἰκειοτάτην
2463 2944 2641 2998 αὐτῶν
2664 2940 2851 3008 οὖσαν,
2896 2944 3214 3012 κέκτηνται.
3260 2962 3279 2996 ι
3315 2939 3447 2996 Εἶτα
3488 2942 3676 3007 ξυλλο-

2092 3039 2312 3108 γισμοῖς
2339 3033 2613 3105 κρατύνεις
2639 3035 2731 3088 τὸν
2780 3035 2957 3104 λόγον,
2996 3035 3268 3105 ἐπήγαγε·
3315 3052 3334 3086 ‹
3367 3035 3458 3104 Μὴ
3492 3034 3676 3086 τοίνυν

2093 3129 2184 3182 τὸν
2214 3129 2345 3181 Θεὸν
2374 3126 2613 3197 ἀξιῶμεν
2643 3142 2772 3179 ποτε
2803 3126 3010 3195 θνητῶν
3042 3125 3394 3197 δημιουργῶν
3422 3126 3679 3194 φαυλότε-

425 3206 567 3259 xiine
602 3207 878 3274 propriam
918 3208 1020 3262 sibi
1062 3207 1366 3262 vindicant.
1402 3228 1420 3260 ι
1464 3209 1602 3262 Tum
1663 3217 1718 3263 et
1769 3209 1988 3279 syllogi-

2097 3239 2206 3291 ρον,
2235 3219 2289 3271 -οἳ
2320 3221 2389 3272 τὰ
2419 3187 2765 3290 προσήκοντα
2790 3187 2973 3282 αὐτοῖς
2997 3187 3155 3290 ἔργα,
3180 3187 3399 3288 ὅσίρπερ
3428 3217 3491 3270 ἂν
3521 3218 3680 3287 ἀμείο

423 3297 576 3365 stnis
602 3298 906 3351 orationem
933 3298 1288 3360 conﬁrmans.
1322 3300 1616 3371 'subjungit
1648 3300 1723 3371 (p.
1756 3302 1859 3356 909.
1881 3302 1946 3366 E)
1975 3323 1988 3354 :

431 3385 533 3438 «Ne
562 3385 744 3455 itaque
774 3387 1064 3456 epinemur
1085 3389 1257 3443 Deum
1294 3405 1416 3444 esse
1441 3389 1730 3459 opificibus
1749 3391 1994 3444 mortali-

426 3478 526 3530 bus
561 3477 899 3543 inferiorem,
930 3480 1022 3548 qui
1049 3481 1434 3536 convenientia
1466 3482 1569 3536 sibi
1607 3497 1993 3552 opera,quan-

425 3577 479 3621 ιο
513 3567 614 3637 ipsi
651 3577 780 3623 sunt
811 3571 1090 3636 meliores,
1116 3578 1276 3624 tanto
1300 3571 1990 3642 exactiusperfectiusque,

425 3675 530 3712 una
554 3659 857 3729 eademque
883 3669 1021 3726 arte,
1048 3670 1165 3715 tum
1200 3662 1395 3730 pusilla
1423 3672 1536 3717 tum
1580 3678 1774 3734 magna
1810 3662 1993 3717 conti-

425 3751 610 3803 ciunt:
652 3751 820 3803 Deum
856 3765 1004 3815 vero.
1031 3767 1154 3807 cum
1181 3751 1421 3807 sitidem
1448 3755 1670 3824 sapiens
1692 3794 1704 3817 ,
1745 3754 1995 3822 velitque

425 3854 488 3892 ac
517 3839 689 3908 possit
715 3855 910 3895 curare
960 3844 1164 3908 omnia,
1212 3859 1370 3914 posse
1403 3845 1628 3914 quidem
1670 3845 1886 3900 facilius
1931 3862 1995 3900 ea

425 3947 617 3986 curare
644 3948 763 4001 qua:
792 3948 980 4004 magna
1007 3943 1158 4001 sunt,
1183 3951 1304 4006 qum
1324 3953 1456 3992 vero
1477 3945 1606 3991 sunt
1631 3937 1836 4008 exigua
1884 3939 1996 3993 ullo

425 4022 587 4076 modo
614 4037 807 4077 curare
826 4038 931 4078 non
956 4040 1136 4094 posse,
1163 4027 1315 4081 velut
1346 4027 1580 4082 inertem
1609 4029 1899 4097 quemdam
1931 4045 1997 4084 ac

426 4113 692 4178 desidem,
713 4115 805 4183 qui
821 4125 1044 4184 propter
1059 4115 1302 4172 laborem
1321 4124 1614 4187 torpeseat.
1629 4119 1820 4190 »864
1833 4121 1996 4180 Dein-

425 4204 490 4257 de
514 4203 793 4259 concludit
816 4223 828 4259 :
855 4226 872 4256 ι
903 4207 1064 4261 Nullo
1095 4216 1275 4277 pacto,
1301 4209 1497 4272 amice,
1517 4209 1659 4264 hanc
1685 4211 1751 4264 de
1773 4213 1881 4265 Deo
1894 4213 1994 4266 ad-

426 4294 702 4350 mittamus
733 4297 1083 4367 opinionem:
1117 4311 1298 4368 neque
1335 4299 1483 4353 enim
1516 4311 1780 4364 sanctam,
1813 4318 1992 4372 neque

423 4405 605 4446 veram
645 4393 831 4446 animo
873 4392 1202 4447 sententiam
1229 4407 1594 4448 versat-emus.
1621 4414 1638 4445 ι
1676 4396 1994 4466 lterumque

2095 3325 2219 3374 νους
2241 3302 2354 3363 -ὦσι
2377 3350 2391 3374 ,
2424 3308 2663 3378 τοσούτῳ
2699 3306 3061 3378 ἀκριϐέστερα
3107 3308 3201 3361 καὶ
3232 3307 3531 3376 τελεώτερα
3580 3309 3680 3375 μιᾷ

2093 3401 2257 3474 τέχνῃ
2286 3401 2492 3472 σμικρά
2521 3400 2615 3452 καὶ
2638 3400 2848 3468 μεγάλα
2870 3396 3298 3470 ἀπεργάζονται·
3327 3398 3418 3452 τὸν
3441 3398 3494 3450 δε
3523 3399 3679 3462 Θεὸν,

2095 3493 2223 3545 ὅντα
2249 3506 2307 3544 τε
2346 3491 2529 3558 σοφὸν,
2560 3489 2881 3560 βουλόμενόν
2907 3507 2965 3543 τε
3007 3489 3421 3557 ἐπιμελεῖσθαι,
3456 3490 3684 3542 δυνατὸν

2097 3579 2256 3636 εἶναι·
2289 3583 2380 3635 καὶ
2408 3580 2706 3651 δυνάμενον
2744 3580 2863 3650 μὲν,
2911 3582 3040 3652 ῥᾷον
3091 3580 3507 3652 ἐπιμεληθῆναι·
3555 3599 3682 3650 σμιο

2097 3674 2244 3745 κρῶν
2269 3673 2527 3725 δένῦντων
2571 3673 2793 3743 μηδαμῆ
2835 3672 3211 3742 ἐπιμελεῖσθαι
3258 3672 3478 3725 δυνατὸν
3507 3667 3679 3737 εἶναι,

2096 3765 2348 3837 καθάπερ
2379 3765 2548 3837 ἀργὸν
2577 3764 2611 3834 ἢ
2639 3763 2815 3817 δειλόν
2843 3781 2964 3818 τινα
2998 3764 3088 3820 διά
3133 3766 3327 3829 πόνους
3371 3765 3682 3836 ῥᾳθυμοῦν-

2095 3876 2182 3911 τα.
2215 3876 2231 3909 ι
2275 3858 2506 3910 Ἔπειτα
2536 3856 2584 3888 ⁹⁰
2613 3857 2883 3928 ἐπιφέρει·
2920 3876 2938 3909 ι
2987 3857 3268 3928 Μηδαμῶς
3302 3857 3458 3922 δόξαν
3495 3858 3682 3910 τοιαύ-

2094 3967 2194 4020 την
2237 3950 2363 4019 περὶ
2393 3949 2437 3981 ⁹¹
2476 3947 2634 4011 Θεοῦ,
2676 3952 2721 4008 ὦ
2765 3948 2883 4015 ξένε
2904 3989 2918 4014 ,
2949 3947 3345 4018 ἀποδεχώμεθα
3373 3950 3439 3981 θ’·
3466 3948 3678 4018 οὐδαμῆ

2096 4039 2203 4110 γὰρ
2249 4037 2372 4091 οὐτε
2405 4039 2549 4092 ὅσιον
2597 4039 2719 4091 οὐτε
2763 4038 2959 4109 ἀληθὲς
3005 4038 3064 4092 τὸ
3113 4039 3376 4110 διανόημα
3431 4039 3680 4091 διανοοῖτ’

2096 4130 2181 4183 ἄν.
2224 4150 2245 4182 θ
2282 4131 2389 4182 Καὶ
2428 4129 2591 4182 πάλιν
2634 4131 2750 4199 μετ’
2776 4129 2952 4198 ὀλίγα·
2989 4148 3008 4180 ε
3066 4131 3179 4193 Πᾶς
3216 4129 3325 4200 γὰρ
3366 4131 3413 4162 ⁸³
3458 4131 3676 4198 ἰατρὸς,

2097 4222 2191 4276 καὶ
2241 4223 2348 4285 πᾶς
2395 4222 2643 4292 ἔντεχνος
2704 4220 3064 4291 δημιουργὸς,
3111 4222 3310 4286 παντὸς
3357 4223 3455 4291 μὲν
3511 4223 3678 4275 ἕνεκα

2098 4313 2279 4367 πάντα
2324 4311 2614 4382 ἐργάζεται
2658 4312 2793 4380 πρὸς
2835 4311 2894 4364 τὸ
2940 4315 3092 4382 κοινῇ
3130 4311 3398 4375 ξυντεῖνον
3446 4311 3675 4381 βέλτιον·

2100 4405 2262 4475 μέρος
2304 4404 2402 4474 μὲν
2437 4406 2644 4457 εἵνεκεν
2668 4403 2808 4467 ὅλου,
2837 4403 2929 4456 καὶ
2955 4405 3052 4474 οὐχ
3077 4403 3196 4458 ὅλον
3236 4405 3444 4457 εἵνεκεν
3472 4405 3678 4474 μέρους

425 4493 545 4551 post
567 4497 736 4552 pauca
757 4500 767 4535 :
785 4503 800 4532 ι
820 4482 1170 4554 Omnisenim
1201 4483 1448 4540 medicus
1464 4487 1751 4556 omnisque
1782 4488 1988 4557 peritus

2099 4495 2492 4566 ἀπεργάζεται·
2524 4497 2588 4548 σὺ
2625 4495 2669 4548 δ’
2701 4496 3030 4561 ἀγανακτεῖς
3075 4495 3286 4562 ἀγνοῶν
3313 4497 3418 4565 ὅπη
3451 4496 3510 4548 τὸ
3548 4499 3679 4567 περὶ

425 4572 614 4626 artifex
646 4573 890 4626 universi
917 4573 1089 4643 gratia
1121 4584 1318 4630 cuneta
1348 4587 1633 4645 operatur,
1653 4579 1720 4632 ad
1744 4579 1794 4631 id
1817 4578 1992 4647 respi-

423 4665 573 4717 ciens
629 4663 776 4731 quod
808 4677 1097 4718 commune
1124 4664 1196 4719 sit
1224 4653 1448 4720 bonum.
1481 4667 1700 4722 Partem
1760 4668 1984 4734 quidem

427 4755 593 4808 totius
614 4754 786 4823 gratia
810 4755 1038 4826 peragit,
1058 4773 1168 4811 non
1193 4766 1365 4814 totum
1387 4759 1560 4828 partis
1589 4775 1736 4829 ergo.
1755 4759 1835 4812 'l‘u
1858 4776 1992 4815 vero

449 4841 767 4914 indignaris,
793 4844 1050 4915 ignorans
1079 4863 1187 4917 quo
1218 4857 1376 4920 pacto
1395 4849 1444 4902 id
1472 4848 1616 4917 quod
1635 4857 1718 4902 est
1743 4850 1886 4902 circa
1917 4860 1990 4914 te,

430 4935 528 4988 toti
579 4934 845 5003 optimum
901 4937 1182 4992 eveniat.»
1236 4940 1588 5008 Rursusque,
1642 4949 1765 5009 post
1823 4942 1993 4993 multa

428 5025 721 5080 verborum
779 5029 1084 5094 involucra,
1119 5031 1405 5102 subjunxit
1436 5032 1512 5100 (p.
1545 5032 1693 5099 905):
1745 5051 1761 5082 ι
1791 5032 1993 5085 Eadem

425 5131 556 5171 vero
588 5117 685 5172 tibi
711 5119 851 5175 ratio
880 5130 934 5175 et
966 5123 1033 5178 de
1086 5123 1195 5178 illis
1225 5125 1352 5186 erit,
1385 5137 1523 5190 quos
1559 5121 1728 5191 impio
1777 5132 1872 5176 aut
1901 5138 1998 5178 ne-

2098 4587 2156 4638 σέ
2183 4586 2402 4656 ἄριστον
2423 4587 2500 4657 τῷ
2521 4588 2681 4640 παντὶ
2715 4586 3016 4656 ξυμϐαίνει.
3049 4605 3066 4637 ι
3099 4587 3207 4640 Καὶ
3230 4587 3368 4657 μετά
3393 4587 3680 4649 πλείστους

2099 4674 2274 4742 λόγων
2304 4674 2560 4743 ἑλιγμοὺς
2583 4673 2630 4706 ⁸⁸
2666 4675 2964 4744 ἐπήγαγεν·
2999 4693 3016 4725 ι
3062 4676 3120 4727 ’0
3147 4676 3308 4738 αὐτὸς
3327 4676 3383 4727 δὲ
3410 4676 3565 4744 λόγος
3595 4695 3680 4730 σοι

2099 4766 2192 4817 καὶ
2219 4764 2264 4795 ⁸⁵
2291 4763 2418 4832 περὶ
2458 4763 2683 4816 ἐκείνων
2730 4765 2796 4816 ἂν
2825 4765 2909 4833 εἴη
2936 4803 2951 4828 ,
2983 4763 3091 4817 τῶν
3123 4764 3217 4828 οὒς
3254 4765 3318 4817 σύ
3353 4765 3585 4818 κατιδὼν
3613 4767 3679 4817 ἐκ

2100 4854 2346 4924 σμικρῶν
2373 4854 2638 4923 μεγάλους
2665 4856 2953 4924 γεγονότας
2978 4857 3530 4926 ἀνοσιουργήσαντας,
3562 4856 3595 4925 ἦ
3623 4873 3678 4908 τι

2097 4941 2337 4996 τοιοῦτον
2357 4943 2402 4975 ³⁸
2428 4943 2756 5014 πράξαντας,
2783 4945 2964 5017 ᾠήθης
2987 4945 3046 5010 ἐξ
3067 4946 3110 4978 ⁸⁷
3133 4945 3333 4998 ἀθλίων
3356 4945 3681 5014 εὐδαίμονας

2099 5033 2400 5103 γεγονέναι,
2422 5035 2516 5088 καὶ
2536 5035 2612 5098 ὼς
2637 5036 2695 5087 ἐν
2717 5037 3043 5107 κατόπτροις
3068 5036 3249 5090 αὐτῶν
3272 5039 3393 5099 ταῖς
3413 5036 3678 5107 πράξεσιν

2099 5123 2292 5193 ἡγήσω
2324 5122 2717 5193 καθεορακέναι
2747 5124 2792 5157 ⁸⁸
2831 5125 2927 5196 τὴν
2973 5128 3188 5182 πάντων
3219 5127 3477 5196 ἀμέλειαν
3515 5127 3680 5194 θεῶν,

1693 5278 1928 5334 VARI/IS
1972 5279 2369 5336 LECTIONES.

493 5433 538 5463 ⁸³
568 5432 654 5513 τὸν
688 5430 1091 5522 δέῃὴγούμενπί.
1129 5433 1218 5486 τὸν
1252 5432 1604 5522 ξιηγοξμενρὶν
1634 5434 1692 5488 Β.
1726 5435 1929 5522 omisso
1960 5433 2298 5522 moxnpiév.In
2312 5434 2358 5522 ⁸)
2391 5435 2766 5522 ἀνθρωπίνων.
2787 5436 3137 5522 ἀνθρωπείων
3177 5438 3248 5520 Β..
3312 5438 3358 5469 ⁸⁵
3383 5440 3654 5507 Δημοφῶν

421 5500 483 5572 δὴ
512 5503 710 5572 φῶμεν
745 5500 807 5572 C.
851 5517 974 5572 cum
1009 5503 1146 5558 Plat.
1180 5513 1237 5557 et
1264 5500 1467 5572 Euseb.
1542 5504 1589 5535 ⁸⁸
1620 5522 1680 5556 τε
1715 5505 1828 5556 καί.
1859 5521 1916 5556 τε
1943 5520 2052 5558 om.
2086 5500 2144 5556 Β.

2253 5502 2298 5536 ⁸⁷
2327 5502 2626 5586 ἐπιμελεῖς.
2658 5502 2996 5586 ’ἐπιμελῆσει
3025 5506 3124 5586 μβ..
3157 5508 3408 5586 qui_mox
3440 5502 3559 5586 69:;
3601 5513 3678 5561 oi.

421 5571 466 5601 ⁸⁸
493 5571 686 5641 ἥκουσι
717 5571 823 5640 γὰρ
854 5571 945 5624 καὶ
972 5573 1189 5624 πάρεισι
1217 5575 1328 5635 τοῖς
1361 5571 1454 5624 νῦν
1478 5572 1898 5643 διαλεγομένοις.
1929 5575 2092 5644 ἤκουε
2122 5573 2229 5645 γάρ
2282 5593 2383 5628 που
2417 5571 2510 5628 καὶ
2542 5576 2722 5644 παρῆν
2752 5571 2862 5638 τοῖς
2893 5571 2988 5628 νῦν
3020 5575 3066 5628 δ’
3109 5571 3224 5645 λεγ.
3258 5577 3319 5632 Β.
3355 5594 3444 5647 γρ.
3481 5578 3680 5645 ἤκουεν

421 5640 528 5698 γάρ
560 5657 663 5692 που
715 5644 809 5693 καὶ
843 5641 1022 5698 παρῆν
1050 5621 1115 5698 δὴ
1171 5643 1481 5698 λεγομένοις
1509 5642 1569 5697 C.
1609 5645 1662 5697 in
1695 5660 1865 5698 mam.
1903 5659 1952 5697 a.
1987 5660 2040 5698 υ.
2074 5660 2146 5697 in.
2248 5645 2293 5677 ⁸³
2329 5644 2540 5698 ἀγαθοί.
2599 5645 2800 5698 ἀγαθὸν
2827 5646 2886 5698 Β.
2982 5647 3026 5676 ⁹⁰
3052 5593 3266 5698 ¹ἔπειτα.
3309 5648 3498 5698 ἔπειτα
3527 5649 3582 5698 δὲ
3616 5650 3675 5698 Β.

420 5621 528 5713 χάῥ
560 5621 689 5713 τιτι
715 5621 820 5713 εει
843 5621 1876 5713 agniti,ignaviae;iam;
1887 5621 2146 5713 ’δεξί’ἱηῖ

1774 5716 1820 5745 ⁰³
1855 5715 1960 5776 πᾶς
1995 5715 2119 5781 γάρ.
2157 5715 2262 5776 πᾶς
2303 5715 2400 5783 μέν
2421 5715 2482 5770 C.
2558 5715 2604 5747 "‘
2629 5715 2904 5784 ἐλιγμούς.
2942 5716 3203 5786 ἑλιγμοὺς
3237 5718 3298 5786 C,
3326 5719 3422 5776 Va.

1742 5785 1784 5816 ’7
1812 5785 1889 5852 ἐξ.
1925 5785 2014 5851 τέξ
2042 5785 2100 5838 Β.
2189 5782 2235 5816 ’⁸
2269 5783 2701 5852 καθεωρακέναι.
2733 5785 3124 5852 καθεορακὲναι
3155 5787 3211 5842 Β.

422 5709 463 5739 ἰ
501 5709 642 5778 περί.
678 5710 769 5759 ἐπὶ
793 5710 849 5763 Β.

924 5712 984 5779 ,³³
1014 5711 1314 5781 δεχώμεθα.
1341 5712 1606 5780 δεχόμεθα
1635 5715 1694 5767 (2.

424 5777 536 5828 καί.
575 5777 660 5828 σοὶ
691 5793 800 5831 om.
845 5778 903 5833 C.

999 5783 1043 5812 °°
1076 5783 1333 5836 τοιοῦτον.
1365 5783 1569 5835 τοιοῦτο
1605 5785 1662 5836 Β.

2248 5645 2293 5677 ⁸³
2329 5644 2540 5713 ἀγαθοί.
2599 5645 2800 5710 ἀγαθὸν
2827 5646 2886 5698 Β.
2982 5647 3026 5676 ⁹⁰
3059 5644 3266 5701 ἔπειτα.
3309 5644 3582 5701 ἔπειταδέ
3616 5650 3675 5701 Β.

2248 5731 2262 5742 -
2304 5715 2462 5750 ..ευρ
2558 5715 2882 5750 ﬂammma.
2942 5716 3203 5750 annm-ﬂ
3237 5718 3277 5750 ρ
3326 5719 3398 5750 ν..
3515 5720 3559 5750 es
3595 5720 3673 5750 ...ι

3595 5735 3676 5771 σοι

2189 5782 2235 5816 ’⁸
2269 5782 2701 5854 καθεωρακέναι.
2733 5782 3124 5857 καθεορακὲναι
3155 5787 3211 5842 Β.
