4066 6430
453 459 561 524 9Ἰῦ

1412 451 1928 526 ,ΤΠΕΟΒΟΒΕΤΙ
1970 449 2308 510 EPISCOPI
2350 448 2716 512 CYRENSIS

3613 445 3716 511 976

453 567 1009 624 emmaliud'vultis‘
1041 567 1135 637 qui
1190 568 1350 623 istam
1412 583 1596 621 rerum
1653 565 2017 633 aequalitatem

2131 558 2383 627 βούλεσθε
2406 599 2422 622 ,
2471 559 2630 630 τήνδε
2660 559 2757 628 τὴν
2787 557 3012 629 ἰσότητα
3042 555 3354 622 ποθοῦντες,
3391 555 3424 628 ἢ
3452 554 3597 626 λιμῷ
3628 557 3718 610 καὶ

453 662 731 729 appetitis,
759 677 922 730 quam
964 661 1105 716 fame
1146 676 1209 715 ac
1230 668 1474 730 egestate
1537 675 1724 713 rerum
1760 675 1882 726 qua:
1930 675 2028 712 ne-

453 753 706 806 cessaria:
752 762 899 817 sunt,
959 747 1263 807 humanum
1307 768 1481 820 genus
1526 752 1748 820 penitus
1793 751 2024 805 aboleri.

451 842 584 909 Quis
613 844 763 897 enim
794 845 945 910 velit,
980 845 1026 899 si
1053 860 1246 898 omnes
1276 845 1531 897 homines
1569 843 1764 912 aequali
1799 844 1909 897 sint
1940 842 2027 894 di-

449 937 676 1002 gnitate,
711 951 812 1003 pro
849 935 1390 1005 commodoproximi
1421 935 1669 988 laborem
1693 935 1864 988 ullum
1898 933 2028 987 sub-

453 1025 574 1078 ire?
617 1036 712 1079 aut
763 1041 915 1080 arare
972 1035 1191 1081 terram
1228 1038 1286 1082 et
1319 1044 1524 1092 serere,
1559 1037 1653 1080 aut
1702 1025 1882 1094 Spit-as
1912 1040 2028 1078 me—

450 1124 586 1180 tere,
620 1126 714 1171 aut
746 1119 1102 1188 plantare,'et
1132 1135 1264 1174 uvas
1287 1121 1488 1190 legere,
1511 1127 1566 1172 et
1594 1119 1782 1171 vinum
1815 1119 2026 1170 oleum—

446 1224 552 1276 que
583 1210 928 1278 exprimere?
966 1211 1114 1279 quod
1145 1211 1190 1266 si
1222 1211 1504 1280 dignitatis
1529 1211 1810 1280 aequalitas
1853 1210 2026 1266 alium

445 1302 538 1354 alii
571 1303 883 1358 subservire
915 1320 1024 1358 non
1056 1305 1286 1367 sineret,-
1315 1320 1424 1373 quo
1457 1312 1616 1372 pacto
1671 1303 1775 1356 sibi
1807 1304 2026 1358 suillae—

447 1401 568 1445 rent
597 1393 817 1463 singuli,
852 1411 976 1448 cum
1008 1396 1170 1449 iidem
1202 1407 1406 1461 essent,
1434 1407 1495 1450 et
1519 1396 1742 1450 bubulci
1775 1397 1937 1450 simul
1969 1408 2024 1452 et

445 1483 700 1550 caprarii,
759 1494 813 1537 ct
842 1496 1089 1553 pastores
1119 1487 1300 1539 ovium
1334 1495 1390 1540 et
1447 1487 1684 1551 subulci,
1750 1488 1938 1542 adh-.ec
1968 1497 2023 1540 et

447 1581 707 1638 textores,
739 1586 794 1629 et
817 1586 1052 1640 sutores,
1085 1587 1140 1631 et
1169 1579 1482 1640 architecti,
1516 1587 1571 1633 et
1592 1580 1742 1633 fabri
1775 1580 2016 1644 ferrarii,

442 1672 496 1716 et
527 1665 766 1732 pistores
795 1676 849 1720 et
878 1667 1179 1731 obsonarii,
1212 1677 1268 1722 et
1292 1670 1546 1739 agricola:
1573 1680 1628 1724 et
1684 1673 2015 1737 consitores,

440 1762 495 1805 et
525 1755 745 1808 navium
802 1757 963 1822 fabri,
998 1768 1052 1812 et
1080 1768 1281 1822 nautae,
1314 1768 1370 1814 et
1425 1761 1863 1829 gubernatores?
1915 1763 2021 1816 lla-

444 1857 562 1893 ruiu
594 1843 868 1911 siquidem
923 1855 1249 1902 cunctarum
1308 1851 1534 1914 artium,
1586 1853 1871 1921 multoque
1931 1853 2018 1906 his

2140 653 2333 704 σπάνει
2388 652 2500 705 τῶν
2555 651 2871 720 ἀναγκαίων
2927 651 3096 721 ἄρδην
3151 651 3299 704 ἅπαν
3349 649 3717 718 ἀφανισθῆναι

2135 744 2243 795 τῶν
2273 744 2575 813 ἀνθρώπων
2604 743 2664 796 τὸ
2696 745 2873 811 γένος.
2906 741 3000 804 Τίς
3029 741 3137 812 γάρ
3163 742 3423 812 ἠνέσχετο
3444 739 3531 805 ἂν,
3566 742 3718 794 ίσοτι·

2139 837 2267 905 μίας
2299 838 2515 889 πάντων
2550 835 2968 905 μετειληχότων,
3003 835 3092 886 τὸν
3125 833 3267 904 ὑπὲρ
3292 834 3393 904 τῆς
3423 833 3515 885 τοῦ
3551 832 3716 894 πέλας

2136 928 2425 997 θεραπείας
2451 928 2814 992 ἀναδέξασθαι
2837 927 2998 979 πόνον
3018 925 3082 991 ¹⁵θ,
3104 926 3136 994 ἢ
3161 925 3356 996 ἀρόσαι
3375 925 3477 994 γῆν
3495 924 3587 977 καὶ

2137 1024 2392 1089 σπεῖραι,
2458 1022 2551 1074 καὶ
2583 1022 2706 1083 τοὺς
2735 1019 3012 1089 ἀστάχυας
3035 1020 3076 1049 ’⁸
3108 1017 3347 1087 ἀμῆσαι,
3386 1016 3418 1086 ἢ
3451 1017 3716 1085 φυτεῦσαι

2135 1113 2230 1164 καὶ
2255 1114 2526 1182 τρυγῆσαι
2544 1114 2653 1164 καὶ
2686 1111 2980 1178 ἀποθλίψαι
3007 1111 3149 1163 οἴνου
3172 1111 3214 1140 ¹⁸
3251 1108 3347 1162 καὶ
3377 1107 3564 1172 ἐλαίας
3588 1125 3716 1177 καρ-

2134 1202 2269 1265 πόν;
2345 1201 2525 1271 ’Ἄλλῳ
2577 1202 2633 1252 ἑὲ
2699 1201 2965 1252 διακονεῖν
3011 1198 3168 1252 ἄλλον
3203 1199 3303 1267 τῆς
3333 1198 3624 1268 όμοτιμίας
3656 1199 3712 1249 οὐ

2131 1291 2563 1363 ξλγχωρούσης,
2624 1291 2742 1354 πῶς
2791 1291 2856 1343 ἂν
2888 1292 3122 1361 ἤρκεσεν
3152 1290 3404 1352 ἕκαστος,
3459 1288 3714 1358 βουκόλος

2130 1383 2265 1454 ὁμοῦ
2321 1385 2413 1436 καὶ
2456 1384 2693 1445 αἰπόλος
2735 1384 2832 1435 οιαὶ
2861 1380 3186 1452 προϐατεὺς
3222 1381 3317 1432 καὶ
3348 1379 3598 1450 συϐώτης
3629 1399 3713 1449 γι-

2131 1475 2392 1545 γνόμενος
2420 1517 2433 1537 ,
2504 1476 2597 1528 καὶ
2631 1474 2814 1543 μέντοι
2867 1473 2960 1526 καὶ
2987 1471 3229 1542 ὑφάντης
3265 1471 3358 1524 καὶ
3385 1471 3713 1541 σκυτοτόμος

2128 1567 2223 1621 καὶ
2267 1567 2551 1637 οἰκοδόμος
2615 1569 2710 1618 καὶ
2760 1564 3100 1635 χαλκοτύπος
3160 1563 3255 1615 καὶ
3291 1562 3578 1631 ἀρτοποιὸς
3619 1563 3715 1616 καὶ

2127 1658 2384 1728 ὀψοποιὸς
2439 1659 2534 1711 καὶ
2561 1659 2808 1727 γεωργὸς
2843 1658 2938 1710 καὶ
2968 1655 3271 1726 φυτουργὸς
3307 1656 3403 1707 καὶ
3430 1655 3715 1724 ναυπηγὸς

2128 1752 2222 1804 καὶ
2253 1750 2456 1819 ναύτης
2517 1750 2613 1802 καὶ
2647 1749 3028 1818 κυϐερνήτης
3083 1747 3288 1800 τούτων
3307 1745 3424 1818 ,γὰρ
3456 1745 3715 1802 ἁπάντων

2102 1845 2224 1896 ’καὶ
2263 1845 2479 1912 ’ἐτέρων
2507 1860 2569 1909 γε
2608 1841 3088 1894 πολλαπλασιόνων
3119 1840 3350 1903 ⁹έκιιισςτος
3375 1839 3587 1910 ἐνδεής.
3645 1839 3712 1891 Τί

439 1931 701 2000 plurium,
738 1936 999 1990 mortales
1055 1938 1257 2007 singuli
1292 1939 1622 2009 indigemus.
1657 1941 1799 2006 Quid
1834 1942 2017 2010 itaque

2124 1934 2323 2004 δήποτε
2367 1935 2556 1987 τοίνυν
2613 1936 2710 2003 ούχ
2756 1934 2974 2001 ὑμνεῖτε
3029 1932 3127 2002 τὴν
3163 1932 3391 2002 ἀρίστην
3423 1931 3708 2002 διανομὴν,

437 2037 546 2074 ιιοιι
578 2021 818 2077 laudatis
848 2025 1114 2094 optimam
1145 2043 1329 2081 rerum
1387 2029 1860 2095 distributionem,
1921 2033 2016 2086 sed

437 2113 538 2181 ipsi
571 2114 714 2169 hanc
743 2117 978 2171 maxime
1035 2134 1178 2187 aegre
1211 2119 1388 2184 fertis,
1448 2123 1542 2191 qui
1575 2133 1630 2177 et
1685 2125 1931 2188 ancillas,
1964 2135 2020 2179 et

435 2203 673 2258 famulos
723 2206 1100 2276 agricolasque
1126 2210 1344 2266 habetis
1377 2214 1844 2283 quamplurimos?
1864 2217 2019 2285 Agri-

435 2295 553 2349 cola
583 2297 747 2366 867
805 2299 956 2351 enim
986 2296 1156 2355 sorte'
1189 2317 1289 2355 sua
1345 2312 1642 2360 contentus
1700 2307 1857 2371 vivit,
1917 2324 2014 2363 sua

433 2385 646 2442 itemet
677 2387 935 2443 famulus.
995 2391 1104 2446 Sed
1151 2402 1206 2447 et
1262 2395 1536 2450 manualis
1582 2397 1782 2451 artifex
1838 2409 2016 2454 artem

432 2495 585 2533 suam
644 2488 809 2544 autat,
868 2490 924 2535 et
985 2483 1205 2538 labores
1234 2486 1436 2554 quibus
1467 2487 1720 2543 addictus
1769 2501 1884 2555 est;
1919 2509 2018 2548 vos

430 2581 636 2637 autem,
667 2573 761 2641 qui
819 2572 1142 2628 deliciarum
1200 2576 1360 2645 copia
1418 2580 1720 2644 nauseatis,
1782 2583 2016 2652 aliisque

431 2661 875 2718 ministrantibus
904 2667 1050 2720 omni
1095 2667 1225 2722 luxu
1254 2669 1524 2735 ditiluitis,
1558 2672 1868 2727 maledictis
1919 2690 2017 2727 au-

430 2761 638 2808 ctorem
701 2764 781 2810 tot
838 2757 1108 2813 bonorum
1166 2760 1460 2816 incessitis.
1493 2764 1778 2833 Ejusmodi
1828 2775 2013 2823 autem

431 2847 596 2900 verba
627 2847 982 2915 profunditis,
1016 2852 1161 2919 quod
1221 2853 1625 2910 constitueritis
1660 2857 2013 2915 incontinen-

431 2939 519 3000 tia:
549 2941 778 3005 servire,
809 2944 1190 3012 purgandique
1221 2947 1390 3000 vestri
1425 2949 1768 3004 occasionem
1801 2969 1897 3006 vos
1931 2953 2015 3006 in-

431 3032 646 3086 venisse
671 3034 1018 3089 existimatis.
1083 3037 1326 3090 Primum
1369 3040 1615 3109 quidem,
1675 3044 1818 3112 quiut
1863 3047 2011 3100 nulla

429 3123 525 3178 Dei
560 3125 906 3193 providentia
965 3128 1152 3181 mundi
1212 3131 1586 3198 gubernacula
1645 3147 2008 3191 moveantur:

431 3225 545 3269 tum
578 3233 728 3283 vero,
785 3219 930 3288 quod
990 3222 1092 3276 sub
1151 3221 1245 3276 fati
1303 3227 1652 3293 necessitate,
1691 3246 1798 3284 non
1848 3233 2010 3286 modo

429 3326 630 3382 corpus
658 3321 715 3366 et
744 3329 865 3383 qua:
895 3317 1142 3384 corporis
1174 3326 1320 3382 sunt,
1355 3319 1448 3374 sed
1495 3321 1610 3391 ipsa
1641 3340 1861 3394 qtioque
1894 3327 2012 3379 aui—

430 3417 531 3455 mte
562 3403 815 3458 voluntas
845 3405 945 3458 sita
979 3407 1070 3460 sit.
1104 3407 1268 3477 Atqui
1303 3410 1456 3464 Plato
1515 3416 1794 3468 contraria
1845 3417 2009 3470 docet

432 3492 582 3563 (Rep.
607 3509 660 3564 p.
690 3495 792 3549 (il?
813 3497 931 3565 Ε),‹
964 3497 1222 3552 virtutem
1245 3502 1604 3557 scilicetnulli
1635 3505 1857 3558 domino
1891 3523 2011 3561 esse

429 3586 755 3656 subjectain,
787 3603 954 3658 quam
986 3598 1047 3642 ut
1073 3591 1304 3660 quisque
1335 3594 1419 3648 vel
1451 3595 1684 3649 coluerit
1733 3597 1821 3649 vel
1882 3613 2014 3650 cou-

433 3679 736 3748 tempserit,
794 3679 869 3733 ita
899 3681 1022 3750 plus
1065 3682 1314 3739 minusve
1369 3685 1664 3740 habiturus
1713 3697 1815 3741 cst.
1864 3708 1880 3738 ›
1947 3691 2014 3743 Et

432 3783 629 3822 rursus
687 3771 857 3840 (ibid.)
887 3788 913 3824 ει
941 3773 1151 3844 «Culpa
1197 3785 1280 3829 est
1327 3777 1602 3848 eligentis,
1652 3780 1795 3834 Deus
1843 3782 2014 3850 eulpae

433 3862 728 3927 immunis;
790 3863 934 3918 Deus
969 3866 1114 3919 enim
1179 3868 1452 3921 malorum
1505 3884 1672 3923 causa
1731 3887 2011 3939 nunquam

432 3961 534 4007 est.
593 3972 610 4003 ι
661 3953 937 4009 Socratem
995 3968 1261 4026 prmterea
1312 3960 1556 4014 ostendit
1615 3961 1788 4026 Plato,
1825 3963 1924 4017 'vel
1958 3963 2013 4018 in

433 4045 768 4112 gravissimis
799 4047 1059 4115 periculis
1088 4050 1475 4114 constitutum,
1536 4051 1604 4104 de
1637 4054 2008 4121 providentia,

432 4137 610 4205 deque
650 4148 795 4192 metu
857 4139 1051 4192 mortis
1111 4141 1445 4194 excutientlo
1503 4143 2007 4214 philosophantem.

430 4233 565 4288 Nam
597 4233 711 4288 lucc
741 4234 906 4288 etiam
971 4249 1083 4288 sua:
1132 4234 1249 4302 ipse
1301 4235 1607 4290 defensioni
1652 4238 1884 4295 inseruit
1935 4242 2010 4312 (p.

433 4325 492 4379 Η
530 4325 615 4395 C).
657 4345 673 4375 ι
695 4325 802 4379 Sed
834 4325 1005 4389 enim,
1039 4326 1143 4378 viri
1169 4326 1408 4396 judices,
1443 4337 1498 4381 et
1524 4345 1621 4384 vos
1662 4341 1882 4401 oportet
1915 4334 2016 4388 ho-

431 4428 555 4467 nam
588 4429 740 4483 spem
785 4413 853 4468 de
886 4423 1061 4468 morte
1093 4416 1409 4486 concipere,
1445 4435 1726 4492 unumque
1774 4423 1878 4478 hoc
1921 4440 2014 4479 co-

431 4505 604 4575 gitare
629 4520 821 4559 verum
852 4520 994 4570 esse,
1020 4505 1165 4561 bono
1199 4507 1456 4564 videlicet
1503 4512 1642 4576 viro,
1702 4530 1799 4568 seu
1863 4515 2016 4569 vivat

2118 2028 2232 2082 ἀλλ’
2267 2030 2425 2099 ὑμεῖς
2463 2028 2700 2098 μάλιστα
2729 2027 3108 2097 χαλεπαίνετε,
3156 2027 3204 2078 oi
3237 2025 3585 2094 θεραπαινῶν
3616 2027 3716 2079 καὶ

2120 2121 2351 2175 οἰκετῶν
2397 2121 2501 2174 ικαὶ
2544 2120 2727 2190 μέντοι
2785 2120 2880 2172 καὶ
2911 2119 3173 2189 γεωργῶν
3222 2116 3592 2180 ἀπολαύοντες
3627 2118 3714 2170 ὅτι

2123 2215 2358 2286 μάλιστα
2389 2213 2656 2266 πλείστων
2686 2230 2699 2276 ;
2745 2212 2801 2264 Ὀ
2831 2212 2928 2281 μὲν
2956 2213 3065 2282 γὰρ
3095 2215 3338 2280 γεωργὸς
3366 2211 3586 2281 στέργει
3609 2210 3712 2280 τὴν

2117 2304 2272 2371 τάξιν
2323 2304 2390 2374 ἢν
2439 2303 2619 2373 ἔλαχε,
2655 2301 2807 2354 καλό
2831 2301 3048 2370 οἰκέτης
3075 2299 3362 2363 ὡσαύτως,
3397 2300 3492 2352 καὶ
3520 2299 3712 2369 μέντοι

2118 2401 2210 2451 καὶ
2232 2401 2258 2450 ὁ
2280 2397 2629 2467 χειροτέχνης
2662 2395 2850 2462 ἀγαπᾷ
2882 2394 2978 2461 τὴν
3005 2392 3200 2462 τέχνην
3234 2391 3330 2444 καὶ
3359 2391 3487 2454 τοὺς
3509 2392 3710 2454 πόνους

2116 2485 2198 2553 οἷς
2235 2489 2692 2558 συγκεκλήρωται
2715 2505 2727 2516 ·
2790 2487 2948 2555 ὑμεῖς
2973 2484 3029 2536 δὲ
3063 2483 3380 2554 τρυφῶντες
3412 2485 3507 2536 καὶ
3534 2483 3707 2553 ὑπερ-

2121 2582 2406 2653 μαζῶντες
2442 2582 2535 2633 καὶ
2565 2580 2782 2648 διὰ-τῆς
2815 2578 3021 2648 ἐτέρων
3052 2577 3327 2639 διακονίας
3358 2575 3710 2645 παντοδαπῆς

2116 2671 2712 2745 χλιδῆςάπολαύοντες
2757 2671 2937 2737 λόγοις
2996 2669 3339 2739 βλασφήμοις
3381 2669 3474 2723 τὸν
3500 2668 3710 2722 τούτων

2118 2764 2511 2830 κατατοξεύετε
2546 2763 2806 2834 χορηγόν.
2844 2761 3081 2824 Τούτους
3107 2761 3164 2813 δὲ
3197 2761 3324 2823 τοὺς
3353 2761 3546 2829 λόγους
3575 2761 3710 2814 ὡδί-

2115 2875 2256 2920 νετε,
2291 2855 2538 2926 ἀκρασίᾳ
2566 2855 2663 2924 μὲν
2693 2852 2968 2908 δουλεύειν
2995 2852 3336 2924 αἱρούμενοι,
3360 2852 3635 2923 πρόφασιν
3653 2853 3711 2908 δὲ

2114 2950 2416 3016 ἀπολογίας
2479 2949 2756 3020 εὑρίσκειν
2813 2948 3148 3018 ἡγούμενοι,
3221 2947 3438 3017 πρῶτον
3495 2945 3596 3016 μὲν
3647 2947 3712 3001 τὸ

2119 3044 2192 3113 μὴ
2223 3047 2287 3112 τῇ
2317 3043 2439 3112 θεία
2471 3043 2699 3112 προνοίᾳ
2719 3041 3002 3094 κινεῖσθαι
3037 3039 3144 3092 τῶν
3169 3040 3304 3092 ὅλων
3332 3040 3461 3102 τοὺς
3486 3038 3707 3105 οἴακας,

2115 3136 2306 3186 ἔπειτα
2345 3134 2403 3186 δὲ
2441 3134 2514 3185 ’τὸ
2548 3133 2792 3202 νομίζειν
2837 3132 2943 3186 ὑπὸ
2974 3132 3071 3202 τὴν
3109 3133 3208 3201 τῆς
3237 3131 3584 3217 εἱμαρμένης
3609 3132 3710 3184 ἀνα

2119 3228 2296 3296 άγκην
2345 3226 2404 3277 ού
2442 3225 2599 3294 μόνον
2650 3226 2711 3276 τὸ
2740 3224 2902 3294 σῶμα
2949 3225 3043 3278 καὶ
3072 3224 3140 3276 τὰ
3166 3225 3294 3293 περὶ
3321 3223 3482 3276 τοῦτο
3511 3223 3710 3298 τελεῖν.

2118 3320 2252 3372 ἀλλά
2307 3319 2402 3370 καὶ
2449 3317 2619 3386 αὐτὴν
2674 3317 2777 3387 τὴν
2831 3317 3040 3387 αἵρεσιν
3091 3316 3192 3384 τῆς
3239 3316 3438 3386 ψυχῆς.
3511 3316 3652 3368 Ἀλλ’
3684 3318 3714 3368 ὁ

2120 3411 2347 3464 Πλάτων
2377 3409 2638 3463 τάναντία
2671 3409 2933 3473 διδάσκει,
2969 3409 3046 3470 ὡς
3103 3427 3121 3458 ι
3161 3408 3358 3476 Ἀρετὴ
3388 3407 3711 3472 ἀδέσποτον,

2118 3501 2185 3571 ἢν
2227 3500 2405 3571 τιμῶν
2439 3517 2523 3563 τις
2569 3500 2662 3552 καὶ
2695 3499 2981 3569 ἀτιμάζων
3006 3498 3170 3550 πλέον
3208 3498 3239 3568 ἦ
3273 3497 3496 3550 ἔλαττον
3518 3499 3652 3564 ἕξει.
3686 3517 3706 3550 ι

2121 3595 2230 3648 Καὶ
2259 3593 2423 3647 πάλιν
2446 3608 2460 3623 ⁸
2520 3610 2540 3644 ‹
2570 3591 2729 3645 Atria
2760 3591 3040 3661 ἑλομένου,
3078 3589 3210 3652 Eleo;
3237 3589 3499 3652 ἀναίτιος.
3533 3609 3549 3640 ι
3592 3591 3715 3642 Κα-

2118 3690 2229 3743 κῶν
2271 3688 2380 3758 γάρ
2439 3689 2466 3741 ὁ
2495 3685 2628 3750 Θεὸς
2673 3684 2871 3738 οὔποτε
2917 3685 3110 3746 αἴτιος.
3171 3683 3282 3735 Καὶ
3331 3684 3390 3734 ἐν
3418 3684 3605 3746 αὐτοῖς
3653 3684 3713 3737 δὲ

2118 3783 2232 3842 τοῖς
2290 3779 2551 3849 χαλεποῖς
2606 3778 2879 3840 κινδύνοις
2939 3775 3032 3827 τὸν
3089 3774 3388 3845 Σωκράτην
3437 3775 3714 3828 δείκνυσιν

2125 3871 2152 3922 ὁ
2188 3869 2415 3923 Πλάτων
2444 3868 2839 3937 φιλοσοφοῦντα
2897 3867 2991 3918 καὶ
3027 3867 3290 3928 Προνοίας
3324 3867 3453 3936 πέρι
3488 3867 3583 3920 καὶ
3615 3867 3714 3919 τοῦ

2121 3962 2196 4034 μὴ
2225 3961 2459 4015 δεδιέναι
2497 3961 2748 4015 θάνατον.
2817 3960 2929 4012 Καὶ
2953 3959 3126 4011 ταῦτα
3149 3958 3257 4028 γὰρ
3293 3959 3350 4011 ὲν
3381 3963 3446 4028 τῇ
3487 3960 3716 4012 Ἀπολο-

2117 4054 2213 4126 γίᾳ
2245 4052 2527 4106 τέθεικενο
2571 4070 2589 4102 ‹
2627 4051 2786 4104 ’Λλλά
2833 4051 2926 4102 καὶ
2977 4051 3122 4119 ὑμᾶς
3172 4051 3309 4119 χρὴ,
3348 4047 3392 4101 ὦ
3418 4051 3609 4119 ἄνδρες
3635 4052 3718 4102 δι-

2119 4145 2358 4209 κασταὶ,
2422 4143 2713 4204 εὐέλπιδας
2760 4137 2901 4194 εἶναι
2956 4141 3093 4210 πρὸς
3141 4141 3398 4202 θάνατον,
3453 4142 3546 4194 καὶ
3569 4142 3628 4194 ’ἐν
3657 4159 3713 4194 τι

2117 4234 2275 4288 τοῦτο
2303 4232 2638 4286 διανοεῖσθαι
2673 4231 2892 4300 ἀληθὲς,
2927 4233 3007 4283 ὅτι
3040 4232 3139 4284 οὐκ
3168 4230 3314 4282 ἔστιν
3339 4231 3495 4302 ἀνδρὶ
3517 4231 3715 4301 ἀγαθῴ

2118 4327 2288 4381 κακον
2319 4325 2492 4385 οὐδὲν,
2555 4323 2679 4377 οὔτε
2699 4326 2741 4356 ⁸⁷
2779 4324 2941 4387 ζῶντι
2986 4323 3109 4377 οὔτε
3136 4325 3546 4396 τελευτήσαντι,
3582 4325 3715 4379 οὕτε

2118 4419 2404 4488 ἀμελεῖται
2441 4417 2548 4468 ὑπὸ
2583 4416 2721 4470 θεῶν
2746 4414 2787 4447 ³⁸
2833 4417 2901 4469 τὰ
2935 4415 3126 4469 τούτου
3161 4417 3482 4487 πράγματα.
3515 4437 3532 4469 ι
3593 4421 3714 4472 Οὶκ

2117 4509 2211 4566 οὖν
2233 4513 2359 4550 ησ-ὀ
2412 4510 2490 4581 τῷ
2538 4509 2652 4562 ὄντι
2680 4509 2826 4563 κακά
2855 4509 3016 4561 πενία
3063 4509 3156 4564 καὶ
3188 4509 3342 4571 νόσος
3376 4511 3468 4561 καὶ
3495 4509 3716 4562 δουλεία.

433 4594 544 4662 ille,
581 4613 677 4651 seu
697 4598 988 4663 moriatur,
1023 4599 1158 4654 nihil
1193 4617 1352 4671 posse
1384 4605 1512 4657 mali
1536 4607 1883 4676 contingere,
1919 4622 2016 4661 ne-

2123 4606 2216 4660 za‘t
2256 4605 2519 4668 θάνατος,
2576 4602 2712 4656 ἀλλὰ
2769 4602 3015 4655 καλεῖται
3050 4602 3148 4670 μὲν
3196 4602 3299 4653 ὑπὸ
3329 4601 3437 4654 τῶν
3465 4603 3717 4672 ἀνοήτων

431 4706 540 4759 que
575 4691 746 4744 Deum
780 4706 888 4746 non
931 4708 1127 4748 curare
1149 4695 1312 4766 hujus
1341 4695 1581 4765 negotia.
1609 4715 1627 4748 ι
1673 4697 1864 4766 Itaque
1886 4713 2016 4752 vere

435 4781 575 4834 mala
593 4797 704 4835 non
729 4790 856 4836 sunt
891 4786 1205 4856 pauperies,
1229 4786 1519 4856 aegritudo,
1549 4787 1808 4853 servitus,
1827 4804 2014 4844 mors:

432 4875 600 4945 868
628 4876 724 4929 sed
767 4885 1036 4931 vocantur
1065 4877 1290 4946 quidem
1343 4893 1370 4930 a
1426 4877 1610 4932 stultis
1660 4879 1824 4944 mala,
1876 4879 2018 4936 bene

433 4975 616 5019 autem
645 4967 1094 5022 utentibusbona
1121 4966 1280 5022 fiunt.
1329 4967 1533 5036 Augeri
1585 4977 1776 5023 autem
1833 4969 2021 5024 homi—

435 5073 564 5111 num
595 5059 966 5128 iniquitatem,
1001 5059 1147 5128 quod
1170 5075 1280 5113 non
1318 5061 1502 5114 omnia
1554 5061 1785 5115 credant
1817 5062 2018 5116 Provi-

435 5149 616 5204 dentia
650 5152 965 5221 gubernari,
993 5151 1204 5206 Atticus
1233 5153 1549 5208 Platonicus
1578 5153 1722 5208 clara
1762 5170 1895 5210 voce
1931 5164 1985 5211 te
2014 5194 2018 5198 ι

435 5254 612 5301 statur
637 5245 864 5313 (Euseb.
897 5245 959 5299 Ρ.
984 5245 1028 5298 Ε
1068 5285 1081 5299 .
1118 5261 1172 5314 p.
1212 5246 1316 5301 799
1347 5243 1407 5316 B)
1447 5263 1460 5299 :
1497 5265 1513 5296 ι
1551 5246 1649 5300 Est
1683 5247 1870 5317 itaque
1906 5265 2016 5315 res,

437 5333 638 5409 inquit,
683 5339 750 5393 ad
783 5337 1134 5406 iniquitatem
1160 5338 1509 5408 paratissima
1530 5339 1902 5396 Providentiae
1931 5342 2030 5396 de.-

435 5430 700 5499 speratio.
744 5449 760 5480 ι
804 5428 1056 5483 Plotinus
1083 5443 1303 5497 quoque
1337 5427 1503 5498 (Enn.
1537 5445 1618 5496 ιιι,
1643 5431 1698 5496 2,
1737 5433 1787 5498 1,
1823 5449 1879 5502 p.
1916 5433 2026 5487 254

438 5523 506 5592 Δ)
538 5523 643 5595 (est
669 5532 850 5578 autem
891 5528 946 5576 et
977 5520 1065 5575 hic
1091 5521 1435 5576 clarissimus
1471 5523 1614 5576 inter
1654 5539 1750 5578 eos
1804 5524 1898 5592 qui
1954 5524 2022 5580 de

2121 4696 2270 4750 κακά
2295 4735 2309 4761 ,
2347 4693 2528 4762 ἀγαθά
2553 4692 2608 4744 δὲ
2653 4692 2901 4759 γίγνεται
2936 4695 3049 4755 τοῖς
3075 4688 3133 4744 εὖ
3164 4691 3262 4746 καὶ
3291 4693 3472 4756 καλῶς
3503 4710 3720 4764 κεχρη-

2121 4789 2330 4860 μένοις.
2387 4786 2511 4837 ’Ότι
2540 4783 2597 4836 δὲ
2632 4783 2785 4847 αῠξει
2814 4785 2924 4836 τῶν
2956 4783 3262 4854 ἀνθρώπων
3309 4784 3408 4854 τὴν
3441 4786 3719 4854 πονηρίαν

2117 4884 2180 4938 τδ
2229 4885 2302 4954 μὴ
2355 4881 2631 4936 πιστεύειν
2698 4881 2975 4934 ἰθύνεσθαι
3028 4881 3253 4951 προνοίᾳ
3301 4881 3369 4932 τὰ
3419 4879 3720 4950 ξύμπαντα

2132 4977 2377 5039 Ἀττικὸς
2407 4978 2434 5029 ὁ
2464 4974 2810 5036 Πλατωνικὸς
2836 4975 2954 5044 βοᾷ·
3002 4994 3019 5024 ι
3049 4975 3216 5026 ’Ὡστε
3250 4973 3468 5042 ἕτοιμόν
3493 4991 3543 5025 τι
3575 4974 3721 5044 χρῆ-

2133 5087 2209 5141 μα
2262 5068 2397 5139 πρὸς
2443 5067 2655 5120 ἀδικίαν
2705 5068 2738 5138 ἡ
2769 5067 2871 5135 τῆς
2907 5066 3166 5136 Προνοίας
3202 5065 3567 5134 ἀπόγνωσις.)
3605 5068 3723 5119 Καὶ

2121 5163 2395 5223 Πλωτῖνος
2419 5160 2476 5212 δὲ
2525 5158 2865 5230 (περιφανὴς
2890 5159 2946 5210 δὲ
2981 5159 3074 5210 καὶ
3108 5153 3262 5220 οὗτος
3310 5159 3368 5210 ὲν
3399 5157 3724 5226 φιλοσόφοις

2124 5251 2564 5322 ξυγγράμμασι)
2620 5249 2737 5301 τόδε
2773 5249 2832 5301 τὸ
2889 5248 3177 5318 τεροοίμιον
3213 5246 3380 5318 [ὲν]¹¹
3429 5250 3541 5308 τοῖς
3578 5248 3719 5316 περὶ

2124 5342 2392 5413 Προνοίας
2444 5339 2714 5394 ὲντέθεικε
2765 5338 2979 5406 λόγοις·
3023 5359 3040 5388 ι
3071 5337 3144 5389 Τὸ
3178 5339 3277 5406 μὲν
3313 5335 3391 5406 τῷ
3420 5337 3728 5406 αὐτομάτῳ

2127 5436 2222 5489 καὶ
2251 5433 2388 5504 τύχῃ
2420 5432 2619 5485 διδόναι
2651 5430 2805 5485 τοῦδε
2837 5430 2928 5484 τοῦ
2960 5430 3164 5492 παντὸς
3199 5430 3296 5499 τὴν
3327 5429 3578 5482 οὐσίαν²²
3620 5433 3727 5482 καὶ

2129 5526 2422 5595 ξύστασιν,
2477 5525 2552 5587 ὡς
2583 5523 2775 5592 ἄλογον
2814 5523 2906 5576 καὶ
2937 5523 3130 5593 ἀνδρος
3163 5521 3285 5575 οὔτε
3313 5520 3438 5573 νοῦν
3471 5519 3596 5573 οὔτε
3629 5521 3729 5574 αῖ-

1711 5652 1949 5709 V’AR‘JE
1990 5654 2395 5713 LECTIONES.

510 5775 555 5807 “
583 5776 841 5843 πόλεμον.
872 5775 1031 5827 πόνον
1065 5775 1125 5832 Β,
1151 5774 1247 5828 Va.

441 5845 853 5900 -οίύτε-ο-ούτε.
886 5846 1005 5898 οὐδὲ
1023 5844 1394 5898 -οὐδὲ--ούδὲ
1422 5843 1481 5896 Β.

444 5914 621 5968 αίτίαν
661 5910 722 5982 Β,
761 5916 857 5971 Va.
902 5916 1088 5970 οὐσίαν
1128 5915 1396 5970 Plotinus.

1327 5773 1369 5804 ⁸⁵
1404 5772 1660 5842 στάχυας.
1694 5773 1972 5842 ἀστάχυας
2005 5773 2065 5828 Β,
2149 5773 2194 5806 ¹⁶
2227 5775 2319 5826 καὶ
2343 5772 2503 5826 οἶνον.
2529 5772 2686 5854 ,οἴνου
2730 5773 2788 5834 Β,
2811 5772 2872 5854 (3‘,
2898 5773 2995 5854 v3.
3026 5772 3129 5854 ,κάξ
3157 5772 3472 5854 οἴνουῇνὶιζ.
3518 5772 3560 5854 εξ
3593 5786 3623 5854 ο

1560 5842 1602 5874 ³⁸
1632 5843 1775 5897 θεοῦ.
1808 5839 1944 5897 θεῶν
1974 5844 2031 5898 Β.
2097 5845 2217 5882 ¹⁹σ²⁰
2255 5843 2451 5896 οὐκοῦν
2491 5843 2570 5896 οὗ.
2602 5843 2794 5896 οὔκουν
2829 5844 2888 5904 Β,
2947 5845 2985 5873 ²¹
3026 5839 3130 5912 [ἐν]
3162 5857 3272 5895 om.
3310 5841 3368 5895 Β.
3427 5843 3472 5872 ²²
3505 5841 3725 5896 οὐσίαν.

2149 5773 2194 5806 ¹⁶
2227 5775 2319 5826 καὶ
2343 5769 2503 5826 οἶνον.
2543 5771 2686 5825 οἴνου
2730 5773 2788 5834 Β,
2811 5772 2872 5834 C,
2898 5773 2995 5827 Va.
3033 5771 3127 5823 καὶ
3157 5770 3300 5823 οἴνου
3335 5771 3437 5826 Vb.
3518 5772 3560 5803 ”
3593 5770 3730 5824 οὔτε
