4066 6440
440 427 551 490 987
1451 427 1524 485 TI
1533 424 1938 484 [EODORETI
1977 421 2313 481 EPISCOPI
2354 422 2718 482 CYRFNSIS
3593 422 3700 484 99.8

445 555 598 604 num,
634 539 1010 611 fatigationem
1039 580 1052 602 ,
1103 553 1359 602 crucem,
1398 548 1453 593 et
1488 537 1797 599 interitum,
1846 535 2022 590 altera
2056 549 2190 587 vero
2259 531 2450 588 divina
2506 532 2772 598 efficiens,
2814 540 2869 587 et
2897 541 3162 587 consueta
3209 531 3381 586 edens
3414 533 3700 610 miracula.

447 630 616 699 pedes
639 630 886 699 corporis
921 629 1357 699 perambulando
1420 629 1558 684 mari
1589 629 1802 683 habiles
1858 626 2089 690 faciens,
2124 640 2294 696 panes
2333 626 2578 696 quinque
2611 627 2803 680 multis
2848 625 3134 679 hominum
3169 625 3416 679 millibus
3457 623 3524 678 ad
3556 634 3702 678 satu-

446 721 665 776 ritatem
726 721 974 775 sufficere
1014 721 1362 790 praecipiens,
1399 722 1588 774 vinum
1640 729 1771 774 tunc
1833 719 2012 788 primo
2044 717 2252 772 factum
2292 718 2502 787 nuptiis
2553 717 2857 784 exhibens,
2898 718 3236 786 mutilosque
3281 725 3434 771 artus
3483 732 3702 780 curans,

446 828 693 881 quosque
731 814 924 866 oculos
960 823 1159 868 natura
1205 813 1388 882 opifex
1456 812 1512 865 in
1577 813 1699 865 alvo
1736 811 1931 865 matris
1977 823 2089 863 non
2127 807 2355 873 fecerat,
2390 824 2421 863 e
2451 811 2470 829 ‘
2505 809 2624 865 luto
2670 808 2900 880 fingens,
2947 809 3214 863 dissoluta
3256 809 3502 861 membra
3532 807 3704 861 verbo

445 902 774 969 astringens,
807 902 1049 956 tumulos
1097 918 1367 962 reserans.
1413 910 1468 955 et
1497 903 1746 971 jacentes
1774 901 1828 954 in
1858 901 2026 956 vitam
2063 913 2349 965 revocans,
2383 907 2439 954 et
2469 900 2537 955 ad
2580 915 2806 954 cursum
2852 894 3162 970 impellens,
3227 907 3536 968 cmteraque
3587 898 3701 951 effi-

445 994 598 1046 ciens
622 1009 744 1060 qua:
775 1007 942 1046 sacra:
977 992 1255 1063 Evangelii
1284 993 1531 1046 historiae
1562 993 1787 1046 docent.

517 1081 673 1148 Quod
704 1083 748 1136 si
799 1085 915 1137 hth
949 1085 1325 1146 admiramini,
1361 1085 1580 1152 Deoque
1611 1087 1912 1152 cengruere
1946 1077 2035 1135 di-

2209 1081 2271 1133 Εί
2294 1080 2348 1133 δέ
2382 1081 2551 1134 ταῦτα
2584 1083 2684 1153 μὲν
2708 1083 3037 1153 θαυμάζετε,
3059 1083 3152 1137 καὶ
3181 1083 3299 1152 Θεῷ
3333 1100 3394 1149 γε
3421 1083 3705 1152 πρόσφορά

445 1172 591 1235 citis,
636 1173 729 1226 sed
753 1173 1182 1242 dispensationis
1210 1175 1432 1227 modum
1477 1175 1826 1228 indecentem
1858 1188 2026 1226 voca-

449 1265 543 1327 tis,
598 1264 839 1332 primum
891 1264 1113 1334 quidem
1165 1265 1395 1333 insignis
1442 1274 1526 1319 est
1571 1265 1816 1318 audacia:
1864 1273 2030 1334 atque

451 1353 699 1417 insani-.e,
719 1353 988 1422 sapientia
1016 1356 1152 1424 ipsa,
1172 1371 1298 1425 qum
1315 1357 1501 1411 omnia
1519 1355 1786 1422 condidit,
1815 1357 2034 1427 sapien-

455 1443 623 1498 tiores
657 1446 872 1513 seipsos
927 1446 1131 1510 dicere,
1160 1463 1265 1501 nec
1311 1449 1671 1517 comprobare
1713 1463 1835 1518 quae
1871 1448 1940 1502 ab
1969 1463 2033 1502 ea

452 1534 594 1586 facta
625 1541 772 1598 sunt,
805 1536 898 1588 sed
937 1537 1192 1591 arbitrari
1227 1539 1424 1593 melius
1449 1539 1540 1592 illa
1577 1539 1724 1608 quod
1758 1539 2032 1609 agendum

382 1675 391 1691 ,
453 1625 525 1677 sit
558 1625 804 1680 invenire
848 1643 1032 1695 posse.
1090 1629 1203 1697 Ego
1245 1645 1380 1683 vero
1407 1646 1515 1682 non
1567 1630 1781 1692 dubito,
1811 1631 1946 1698 quin
1988 1631 2033 1685 si

456 1715 620 1767 aliam
648 1716 842 1771 salutis
882 1728 1086 1773 nostrae
1111 1723 1380 1776 rationem
1413 1723 1644 1790 iniisset,
1674 1735 1730 1778 et
1766 1725 1910 1778 illam
1944 1741 2039 1794 pa—

455 1804 591 1857 riter
631 1808 1022 1874 reprehensuri
1053 1811 1191 1866 sitis.
1241 1815 1530 1870 Fastidiosi
1561 1817 1709 1871 enim
1754 1818 1908 1882 estis,
1943 1833 2034 1871 so-

455 1892 676 1964 lumque
711 1899 875 1966 periti
923 1903 1168 1957 cavillari
1199 1913 1256 1959 et
1284 1908 1562 1962 incessere
1586 1908 1784 1962 divina:
1810 1907 2036 1977 dispen-

455 1986 682 2040 sationis
708 1993 985 2059 mysteria.
1019 1992 1248 2058 Quando
1278 1997 1446 2066 igitur
1468 1998 1756 2068 sapientia:
1778 1998 2037 2069 abyssum

455 2078 655 2131 vestris
704 2080 955 2136 consiliis
1008 2092 1369 2153 superaturos
1408 2104 1508 2142 vos
1553 2088 1888 2158 gloriamini,
1921 2103 2038 2142 mc-

457 2166 674 2233 liorem,
697 2187 908 2239 quaeso,
935 2184 1138 2230 nostra:
1177 2179 1371 2233 salutis
1405 2180 1628 2234 modum
1665 2181 2042 2236 ostendite.At

459 2255 711 2315 invenire
732 2263 980 2330 profecto
1010 2267 1222 2322 nullum
1248 2272 1719 2338 poteritis.Tanto
1739 2274 1884 2327 enim
1907 2289 2043 2327 usus

461 2357 541 2400 est
575 2349 928 2420 benignitatis
954 2370 1208 2423 excessu,
1248 2368 1308 2412 ut
1336 2361 1658 2417 incredibile
1686 2363 1853 2433 879
1881 2363 2039 2416 vobis

463 2445 520 2490 et
569 2441 738 2493 vestri
774 2442 1047 2499 similibus
1083 2447 1355 2515 videatur,
1404 2453 1748 2522 unigenitum
1790 2453 2047 2509 videlicet

464 2527 560 2580 Dei
593 2528 812 2595 Filium,
853 2535 946 2602 qui
980 2545 1063 2591 est
1093 2547 1221 2593 ante
1240 2543 1439 2596 szecula
1467 2543 1609 2598 Deus
1633 2545 1896 2611 Verbum,
1926 2545 2047 2618 opi-

463 2620 550 2673 fex
583 2637 768 2676 rerum
796 2627 1071 2691 omnium,
1103 2629 1342 2687 humana
1379 2644 1661 2706 assumpta
1707 2646 1904 2692 natura
1944 2639 2047 2694 ho-

465 2708 668 2762 minem
701 2709 904 2766 f'actum
932 2729 1072 2780 esse,
1100 2719 1445 2790 salutemque
1465 2734 1714 2779 nostram
1744 2727 2044 2798 peregisse.

467 2798 533 2851 Et
565 2809 743 2855 tamen
773 2819 868 2857 eos
902 2806 1145 2862 medicos
1187 2811 1411 2866 laudare
1441 2815 1648 2878 soletis,
1666 2818 1759 2886 qui
1788 2834 1897 2872 non
1924 2820 2049 2875 aliis

462 2891 741 2946 curandos
785 2912 956 2966 :egros
988 2902 1362 2968 committunt,
1402 2906 1497 2959 sed
1547 2907 1648 2976 ipsi
1683 2910 1848 2977 pallio
1874 2911 2048 2982 depo-

469 2984 614 3048 sito,
675 2988 968 3058 tunicaque
1010 2994 1298 3058 succincti,
1348 2998 1603 3053 manibus
1658 2999 1865 3055 ferrum
1903 3003 2050 3058 acci-

469 3076 648 3142 piunt,
682 3086 737 3131 et
764 3079 1034 3145 incidunt,
1066 3099 1167 3137 nec
1199 3084 1427 3139 fetorem
1467 3089 1668 3144 ulceris
1704 3102 2048 3161 aversantur,

471 3161 564 3215 sed
597 3164 956 3231 profluentem
1000 3171 1209 3226 saniem
1241 3175 1560 3244 excipiunt,
1601 3182 1935 3251 spongiaque
1970 3182 2054 3238 in-

471 3265 756 3321 spergunt,
783 3265 838 3310 et
864 3260 1261 3317 medicamenta
1289 3265 1598 3334 imponunt,
1626 3269 1840 3339 aliaque
1867 3273 2051 3327 omnia

474 3351 752 3409 prtestant,
779 3362 898 3414 qua:
929 3352 1064 3405 artis
1081 3354 1334 3408 salutaris
1362 3357 1447 3410 lex
1469 3358 1650 3426 jubet.
1672 3358 1814 3424 Quin
1842 3369 1895 3415 et
1929 3362 2053 3416 illos

473 3431 639 3484 etiam
683 3451 837 3504 reges
881 3440 1139 3496 admirari
1172 3444 1540 3515 laudibusque
1583 3464 1785 3502 ornare
1827 3451 2050 3514 soletis,

475 3535 586 3574 non
641 3524 734 3591 qui
774 3529 1050 3597 regalibus
1101 3532 1155 3585 in
1211 3534 1466 3589 thalamis
1517 3538 1756 3592 molliter
1791 3542 2055 3606 enutriti,

477 3613 628 3666 omni
676 3631 876 3684 genere
929 3619 1251 3677 deliciarum
1299 3627 1672 3694 perfruantur,
1723 3629 1819 3683 sed
1856 3631 2056 3700 quibus

2135 1190 2270 1241 φατε
2293 1169 2453 1239 εἶναι,
2473 1176 2813 1246 ἀνάρμοστον
2837 1175 2890 1226 δέ
2913 1175 3010 1245 τῆς
3034 1175 3344 1244 οἰκονομίας
3375 1175 3586 1226 καλεῖτε
3616 1177 3703 1227 τὸν

2130 1267 2352 1336 τρόπον,
2391 1267 2609 1336 πρῶτον
2644 1267 2739 1335 μὲν
2774 1265 3082 1335 πάντολμόν
3114 1283 3170 1318 τε
3208 1267 3298 1318 καὶ
3342 1267 3566 1336 μανικὸν
3601 1266 3703 1337 1τῦ]

2133 1358 2233 1426 τῆς
2276 1357 2342 1410 τὰ
2384 1359 2558 1410 πάντα
2585 1357 2631 1388 ³⁵
2660 1356 3072 1427 τεκτηναμένης
3118 1357 3309 1425 σοφίας
3369 1357 3706 1425 σοφωτέρους

2135 1449 2360 1510 ἑαυτοὺς
2391 1448 2731 1516 ἀποφαίνειν,
2761 1449 2852 1500 καὶ
2886 1448 2959 1517 μὴ
2993 1449 3243 1517 στέργειν
3270 1448 3337 1500 τὰ
3369 1449 3460 1499 ὑπ’
3495 1449 3708 1517 ἐκείνης

2135 1540 2414 1607 γινόμενα,
2439 1538 2559 1592 ἀλλ’
2584 1539 2986 1608 ὑπολαμϐάνειν
3002 1539 3222 1609 ἄμεινον
3247 1539 3458 1608 ἐκείνης
3479 1539 3538 1590 τὸ
3566 1557 3706 1610 πρα-

2138 1629 2294 1682 κτέον
2342 1629 2634 1700 εὑρίσκειν.
2685 1629 2828 1698 Ἐγὼ
2861 1630 2917 1682 δὲ
2963 1629 3244 1683 καὶτοῦτο
3281 1625 3339 1683 εὖ
3371 1626 3505 1695 οἶδα,
3548 1630 3624 1693 ὠς
3665 1632 3711 1683 εί

2137 1723 2231 1775 καὶ
2250 1721 2436 1791 ἕτερον
2457 1722 2844 1793 ἐμηχανήσατο
2865 1721 3161 1791 θεραπείας
3181 1723 3400 1793 τρόπον,
3416 1723 3652 1791 κάκείνῳ
3670 1722 3711 1754 ³⁸

2138 1813 2433 1878 ἐνεμεσᾶτε
2475 1812 2540 1866 ἂν
2571 1812 2862 1882 δήπουθεν.
2913 1811 3244 1882 Δυσάρεστοι
3268 1812 3374 1881 γὰρ
3407 1812 3583 1882 ὑμεῖς,
3620 1813 3713 1866 καὶ

2142 1903 2414 1956 σκώπτειν
2466 1904 2625 1971 μόνον
2673 1903 2873 1966 εἰδότες
2929 1902 2996 1956 τὰ
3050 1904 3149 1972 τῆς
3199 1903 3352 1966 Θείας
3406 1903 3714 1971 οἰκονομίας

2145 1995 2438 2064 μυστήρια.
2483 1993 2704 2064 Ἐπειδὴ
2726 1992 2782 2045 δέ
2811 1992 2910 2063 τῆς
2945 1993 3139 2062 σοφίας
3164 1993 3262 2064 τὴν
3288 1994 3524 2048 ἄϐυσσον
3556 1998 3713 2066 νικᾷν

2140 2087 2257 2146 ταῖς
2306 2083 2570 2146 ἐπινοίαις
2627 2082 2988 2148 νεανιεύεσθε,
3045 2083 3253 2150 δείξατε
3297 2085 3361 2155 δὴ
3411 2086 3569 2156 ὑμεῖς
3620 2090 3715 2156 τῆς

2143 2174 2417 2246 ἡμετέρας
2449 2174 2720 2244 σωτηρίας
2746 2174 3006 2244 ἀμείνονα
3037 2176 3304 2245 μηχανήν.
3351 2176 3490 2230 Ἀλλ’
3525 2178 3627 2230 οὐκ
3654 2177 3718 2231 ἂν

2143 2263 2406 2329 ἐπιδεῖξαι
2441 2264 2757 2333 δυνήσεσθε.
2799 2263 3050 2336 Τοσαῦτῃ
3087 2266 3194 2336 γὰρ
3234 2267 3505 2336 ἐχρήσατο
3535 2268 3720 2334 φιλαν-

2150 2357 2397 2428 θρωπίας
2447 2357 2740 2426 ὑπερϐολῇ,
2777 2357 2852 2419 ὡς
2901 2357 3245 2411 ἀπιστεῖσθαι
3280 2358 3408 2428 παρ’
3437 2358 3596 2427 ὑμῶν
3627 2360 3720 2412 καὶ

2149 2449 2255 2502 τῶν
2300 2448 2699 2518 παραπλησίων
2736 2449 2862 2516 ὑμῖν
2907 2449 2972 2512 ³⁸,
3007 2449 3089 2500 ὅτι
3139 2449 3200 2518 δὴ
3240 2451 3268 2502 6
3306 2450 3596 2519 μονογενὴς
3627 2449 3720 2502 τοῦ

2148 2538 2285 2592 Θεοῦ
2315 2539 2463 2603 Υἱὸς,
2513 2542 2540 2594 6
2571 2540 2675 2606 πρὸ
2725 2540 2881 2611 [τῶνι
2925 2539 3136 2594 αἰώνων
3165 2541 3296 2604 Θεὸς
3344 2542 3534 2609 Λόγος,
3565 2545 3594 2594 6
3615 2543 3724 2594 τῶν

2139 2631 2287 2688 ὅλων
2306 2631 2669 2706 Δημωυργὺς,
2701 2633 2802 2706 τὴν
2828 2630 3173 2701 ἀνθρωπείαν
3196 2631 3356 2699 φύσιν
3374 2631 3655 2685 ἀναλαϐὼν
3679 2632 3719 2661 ³⁷

2150 2725 2567 2796 ὲνηνθρώπησε,
2616 2727 2710 2779 καὶ
2763 2725 2859 2796 τὴν
2916 2720 3188 2796 ἡμετέραν
3234 2721 3727 2797 ἐπραγματεύσατο

2153 2815 2449 2884 σωτηρίαν.
2483 2815 2676 2868 Καίτοι
2714 2815 2808 2868 καὶ
2841 2815 2966 2878 τοὺς
2997 2816 3212 2886 ἰατροὺς
3241 2816 3477 2877 ἐκείνους
3517 2814 3727 2883 θαυμά-

2154 2907 2298 2970 ζετε,
2329 2907 2378 2959 οἳ
2409 2905 2509 2958 οὐκ
2547 2906 2726 2968 ἄλλοις
2758 2905 2804 2937 ³⁸
2827 2905 3157 2975 προσφέρειν
3179 2905 3278 2973 τὴν
3302 2905 3596 2975 θεραπείαν
3633 2921 3728 2955 κε-

2150 2998 2419 3060 λεύουσιν,
2454 2996 2607 3068 μοι]
2641 2998 2754 3050 ἀλλ’
2777 2998 2930 3049 αὐτοὶ
2959 2996 3056 3065 τῆς
3081 2996 3395 3067 ἀμπεχόνης
3419 2994 3732 3065 γυμνούμε-

2152 3103 2231 3137 νοι
2264 3085 2356 3137 καὶ
2396 3085 2488 3138 τὸν
2529 3085 2847 3154 χιτωνίσκον
2873 3083 3268 3154 διαζωσάμενοι
3301 3085 3346 3116 ³⁸
3380 3085 3469 3137 τὸν
3511 3083 3732 3153 σίδηρον

2162 3165 2621 3244 μεταχειρίζουσι,
2653 3175 2746 3227 καὶ
2773 3173 2872 3245 τὴν
2903 3172 3075 3244 τομὴν
3102 3173 3443 3245 ἐπιφέρουσι,
3477 3174 3566 3226 καὶ
3603 3173 3734 3226 δυσ-

2153 3268 2349 3334 οσμίας
2392 3266 2694 3336 ἀνέχονται,
2751 3267 2844 3318 καὶ
2896 3264 3035 3337 [τοῦ]
3097 3264 3293 3335 ἰχῶρος
3340 3263 3580 3333 δέχονται
3631 3263 3736 3326 τὰς

2157 3356 2398 3426 ῥανίδας,
2421 3357 2515 3409 καὶ
2534 3355 2860 3410 καταιονῶσι
2890 3359 2954 3425 τῇ
2983 3355 3238 3424 σπογγιᾷ,
3269 3354 3362 3406 καὶ
3378 3354 3444 3406 τὰ
3466 3354 3736 3422 φάρμακα

2157 3446 2515 3500 ἐπιπάττουσι
2547 3447 2613 3510 ⁵ο,
2651 3447 2745 3499 καὶ
2782 3445 2850 3498 τὰ
2899 3445 3035 3500 ἄλλα
3074 3444 3273 3516 δρῶσιν
3304 3446 3403 3498 ὅσα
3431 3444 3529 3513 τῆς
3565 3447 3740 3516 ἰατρι-

2156 3540 2258 3608 κῆς
2284 3539 2478 3608 τέχνης
2501 3541 2528 3592 ὁ
2549 3538 2712 3608 νόμος
2740 3535 3068 3606 διαγορεύει.
3111 3535 3222 3588 Καὶ
3271 3535 3454 3604 μέντοι
3485 3535 3579 3586 καὶ
3613 3538 3740 3598 τοὺς

2161 3631 2418 3700 βασιλέας
2453 3630 2695 3693 ἐκείνους
2736 3627 3038 3698 θαυμάζειν
3066 3643 3124 3680 τε
3152 3626 3247 3680 καὶ
3287 3627 3553 3696 εὐφημεῖν
3584 3625 3741 3694 φίλον
3795 3625 3798 3628 ’

485 3719 648 3770 grave
688 3721 798 3760 non
843 3720 925 3763 est
948 3727 1053 3779 pro
1092 3716 1326 3769 subditis
1363 3727 1526 3787 caput
1571 3720 1831 3788 periculis
1869 3722 2050 3794 objec-

2159 3723 2310 3792 ὑμῖν,
2346 3722 2404 3774 οὐ
2447 3721 2571 3784 τοὺς
2596 3721 2653 3773 ὲν
2699 3721 2812 3782 τοῖς
2843 3718 3139 3789 βασιλικοῖς
3182 3717 3546 3788 τρεφομένους
3574 3716 3741 3768 θαλά-

481 3803 620 3858 tare,
684 3798 889 3867 quique
942 3802 1107 3857 armis
1170 3807 1406 3870 obtecti,
1447 3809 1500 3862 in
1549 3810 1722 3878 prima
1761 3812 1878 3868 acie
1930 3830 2054 3868 cum

481 3882 640 3937 hoste
668 3885 882 3941 fortiter
917 3902 1181 3960 pugnant.
1217 3895 1372 3960 Quod
1398 3898 1442 3950 si
1477 3899 1615 3954 forte
1654 3903 1920 3970 quzeritis,
1960 3921 2059 3960 cur

483 3988 591 4027 non
623 3977 776 4044 prius
806 3979 934 4033 olim
970 3981 1073 4037 hoc
1111 3987 1431 4053 praestiterit
1465 3990 1646 4058 Opifex
1688 3993 1901 4059 mundi,
1939 4010 2059 4050 me-

485 4064 639 4120 dicos
685 4069 851 4124 etiam
914 4087 1204 4140 aceusate,
1261 4079 1406 4146 quod
1455 4082 1669 4138 acriora
1726 4085 1970 4140 remedia
2004 4087 2059 4142 in

486 4157 737 4212 ultimum
791 4170 1008 4233 tempus
1075 4167 1358 4224 differunt.
1412 4171 1739 4232 Lenioribus
1787 4179 2060 4248 siquidem

487 4249 639 4316 prius
673 4251 785 4318 usi,
833 4257 1146 4324 potentiora
1194 4260 1384 4317 ultimo
1419 4263 1541 4319 loco
1588 4267 1868 4322 adhibent.
1912 4270 2060 4324 ldem

485 4337 1076 4411 fecitsapientissimus
1114 4350 1362 4407 medicus
1377 4355 1686 4410 animarum
1726 4368 2058 4416 nostrarum.

484 4429 616 4482 Nam
651 4447 773 4486 cum
813 4437 982 4490 multa
1015 4449 1071 4493 et
1113 4442 1265 4496 varia
1294 4446 1534 4500 remedia
1575 4448 1732 4518 prius
1762 4452 2059 4520 attulisset,

485 4522 700 4576 cunctis
736 4523 958 4591 quidem
999 4528 1319 4587 hominibus
1340 4550 1440 4603 per
1459 4537 1650 4591 mundi
1673 4541 1689 4558 '
1712 4540 1975 4596 fabricam
2010 4552 2066 4598 et

487 4623 672 4664 rerum
712 4623 983 4681 naturam,
1031 4619 1274 4677 Hebraeis
1308 4633 1488 4679 autem
1538 4643 1636 4694 per
1676 4628 1849 4699 legem
1899 4632 2067 4702 880

485 4709 544 4753 et
599 4705 894 4771 prophetas
948 4720 1133 4778 postea
1203 4715 1306 4769 hoc
1366 4727 1674 4786 pra-potens
1721 4731 1777 4775 et
1827 4723 2066 4779 salutare

492 4793 844 4860 pharmacum
877 4801 1163 4868 adhibuit,
1207 4815 1263 4860 et
1296 4809 1552 4862 morbum
1606 4810 1833 4878 depulit.
1872 4813 2067 4869 Verbis

489 4888 675 4937 autem
705 4890 910 4944 nostris
933 4891 1096 4947 fidem
1125 4911 1214 4949 res
1250 4896 1380 4966 ipsae
1413 4899 1725 4966 conciliant,
1769 4905 1917 4961 orbis
1944 4907 2068 4960 uni-

494 4986 684 5029 versus
717 4984 863 5034 terra
886 4983 1183 5051 mariquea
1216 4986 1401 5054 priore
1440 4987 1745 5058 ignorantia
1782 4993 2065 5060 liberatus,

2163 3832 2304 3886 μοις,
2335 3814 2428 3865 καὶ
2459 3811 2646 3881 χλιδῆς
2699 3810 2957 3873 παντοίας
3006 3809 3400 3872 ἀπολαύοντας,
3445 3807 3579 3860 ἀλλὰ
3612 3809 3744 3870 τοὺς

2162 3902 2604 3976 προκινδυνεύειν
2633 3901 2738 3955 τῶν
2760 3901 3015 3972 ὑπηκόων
3049 3899 3428 3971 ἀνεχομένους.
3455 3899 3548 3952 καὶ
3574 3916 3744 3968 στρα-

2159 3994 2419 4064 τιωτικὴν
2461 3993 2956 4064 περιϐαλλομένους
2989 3992 3034 4024 ⁸¹
3079 3991 3299 4062 σκευὴν,
3347 3991 3442 4043 καὶ
3491 3989 3597 4060 πρὸ
3643 3991 3746 4056 τῆς

2162 4087 2445 4156 φάλαγγος
2491 4085 2902 4156 ἀριστεύοντας.
2949 4083 3011 4138 Ei
3040 4083 3096 4136 δέ
3123 4098 3287 4151 φατε·
3323 4082 3388 4135 Τί
3425 4081 3624 4149 δήποτε
3665 4081 3743 4148 μὴ

2162 4179 2331 4233 πάλαι
2359 4176 2518 4231 τοῦτο
2564 4177 2827 4246 δέδρακεν
2865 4175 2910 4207 ⁵⁸
2959 4176 2988 4227 6
3015 4175 3122 4229 τῶν
3150 4173 3286 4228 ὅλων
3321 4172 3586 4242 Ποιητής
3622 4173 3746 4223 ἐπι-

2166 4266 2454 4337 μέμψασθε
2495 4263 2591 4318 καὶ
2628 4258 2741 4327 τοῖς
2782 4265 3004 4334 ἰατροῖς,
3049 4264 3131 4316 ὅτι
3161 4263 3362 4332 ἔσχατα
3414 4260 3747 4329 φυλάττουσι

2162 4359 2269 4412 τῶν
2300 4357 2604 4430 φαρμάκιον
2634 4357 2700 4409 τὰ
2725 4354 3048 4424 ἰσχυρότερα
3069 4369 3084 4384 ⁸
3117 4356 3229 4416 τοῖς
3263 4351 3372 4422 γὰρ
3398 4351 3581 4422 ὴπίοις
3605 4349 3748 4420 πρό-

2163 4468 2321 4522 τερον
2368 4449 2715 4520 κεχρημένοι,
2760 4446 2832 4499 τά
2873 4444 3217 4498 δυνατώτατα
3250 4443 3294 4474 ⁸³
3339 4440 3749 4512 προσφέρουσιν

2167 4541 2375 4594 ὖστατα
2411 4541 2477 4594 ⁸⁸.
2514 4538 2686 4592 Τοῦτο
2715 4539 2779 4608 δὴ
2820 4537 2916 4590 καὶ
2961 4539 2989 4590 6
3022 4537 3294 4602 πάνσοφος
3326 4533 3591 4601 πεποίηκε
3634 4532 3750 4584 τῶν

2167 4633 2452 4704 ἡμετέρων
2475 4631 2662 4701 ψυχῶν
2695 4630 2898 4700 ἰατρός.
2933 4626 3110 4680 Πολλὰ
3142 4625 3252 4696 γὰρ
3285 4625 3348 4694 δὴ
3389 4623 3481 4676 καὶ
3504 4622 3751 4693 διάφορα

2178 4719 2559 4792 προσενεγκὼν
2581 4719 2870 4789 φάρμακα,
2897 4717 2984 4770 διὰ
3015 4717 3112 4786 μὲν
3134 4715 3232 4783 τῆς
3257 4715 3484 4776 κτίσεως
3520 4713 3614 4764 καὶ
3645 4712 3753 4781 τῆς

2173 4815 2389 4884 φύσεως
2422 4812 2588 4863 πᾶσιν
2623 4809 2950 4879 ἀνθρώποις,
2994 4809 3082 4860 διὰ
3111 4807 3166 4860 δὲ
3195 4807 3360 4875 νόμου
3406 4805 3500 4860 καὶ
3534 4821 3754 4873 προφη-

2170 4903 2281 4955 τῶν
2322 4900 2617 4971 Ἑϐραίοις,
2653 4898 2885 4970 ὕστερον
2917 4899 2978 4950 τὸ
3012 4895 3286 4957 παναλκὲς
3323 4892 3478 4946 τοῦτο
3511 4893 3605 4946 καὶ
3638 4911 3754 4944 σω-

2172 4995 2360 5063 τήριον
2399 4991 2763 5063 προσενήνοχε
2825 4990 3136 5058 φάρμακον,
3180 4987 3274 5040 καὶ
3309 4985 3412 5054 τὴν
3462 4983 3617 5036 νόσον
3659 4983 3756 5047 ἐξ-

496 5063 766 5122 idolorum
801 5086 1024 5125 cessans
1057 5074 1296 5140 fallacia,
1330 5075 1634 5148 impietatis
1681 5084 1836 5151 pulsa
1870 5087 2042 5158 caligo

2174 5087 2362 5156 ήλασε.
2391 5084 2500 5138 Καὶ
2532 5085 2802 5154 μαρτυρεῖ
2825 5082 2903 5152 τῷ
2935 5082 3076 5151 λόγῳ
3106 5079 3173 5132 τὰ
3204 5080 3529 5149 πράγματα,
3560 5077 3630 5146 γῆ
3656 5077 3755 5130 καὶ

500 5155 635 5207 radii
664 5156 868 5212 lumine
887 5161 1217 5228 cognitionis
1245 5163 1485 5237 (divintc)
1503 5169 1765 5224 mundum
1785 5155 2067 5244 complen-

500 5253 578 5296 tes
608 5246 839 5310 ιϐπερὶ,
871 5249 1121 5318 Romani,
1154 5254 1375 5312 barbari
1392 5260 1712 5316 crucifixum
1734 5264 1903 5319 Deum
1940 5284 2068 5335 pro-

499 5337 836 5405 nuntiantes,
856 5343 1144 5416 crucisque
1163 5348 1378 5420 signum
1402 5351 1702 5437 honorifice
1729 5371 2068 5427 prosequen-

2177 5177 2414 5231 θάλαττα
2448 5175 2545 5244 τῆς
2579 5175 2848 5245 προτέρας
2897 5173 3120 5241 ἀγνοίας
3170 5168 3616 5238 ἀπηλλαγμέναι,
3654 5185 3755 5219 πε-

2174 5268 2450 5336 παυμένος
2474 5267 2580 5322 τῶν
2607 5265 2839 5317 εἰδώλων
2867 5263 3131 5340 ὀίπλάνος,
3163 5262 3260 5329 τῆς
3290 5260 3511 5320 ἀγνοίας
3531 5260 3558 5310 ὁ
3587 5257 3755 5324 ζόφος

2175 5357 2526 5427 ἐληλαμένος,
2564 5353 2656 5408 τοῦ
2690 5357 2788 5424 τῆς
2823 5351 3075 5420 γνώσεως
3116 5350 3292 5420 ιεωτὸς
3327 5351 3379 5402 αἱ
3407 5348 3626 5408 ἀκτῖνες
3652 5346 3761 5414 τὴν

1776 5488 2014 5546 VARUS
2055 5491 2465 5548 LECTIONES.

581 5587 624 5678 ’ξ
648 5589 914 5678 τξκπάχτα
937 5609 1076 5678 QE"...
1094 5598 1167 5678 Β,
1205 5601 1324 5678 νηὶ·
1344 5602 1518 5678 πάντα
1573 5607 1914 5675 κεκτημένης
1946 5611 2045 5663 Vb.
2125 5613 2168 5643 “
2193 5611 2448 5678 κάκείνῳ.
2483 5607 2730 5660 κάκεῖνον
2751 5604 2812 5660 C.
2893 5604 2938 5636 ³⁸
2963 5605 3109 5669 ὑμῖν,
3148 5601 3300 5678 ὑμῶν
3327 5599 3415 5678 C.‘
3449 5597 3510 5678 ,⁸⁷
3537 5593 3751 5678 λαϐὠχ.

503 5657 784 5730 ἀναλαϐὼν
809 5662 866 5714 Β.
945 5667 989 5697 ³⁸
1027 5657 1222 5726 ἅλλοὶς.
1274 5670 1466 5730 ἄλλους
1521 5673 1580 5727 Β.

504 5726 680 5794 ξονι-τι
713 5734 1005 5787 κατενεῶσι
1033 5738 1092 5790 (ἶ.

505 5791 846 5852 δυνατώτατα
874 5803 934 5856 Β.
1014 5805 1058 5837 't"
1099 5791 1343 5878 ὕπερον..
1373 5793 1579 5866 ὕστατα
1607 5814 1666 5879 Β,

1661 5675 1703 5706 ³⁸
1731 5676 2137 5749 διαδησάμενοι.
2189 5675 2583 5748 διαζωσᾶμενοι
2764 5675 2808 5706 ⁶⁰
2842 5675 3218 5749 ἐπι-πάττουσα
3263 5675 3568 5749 stultitith

1167 5739 1207 5772 ⁸⁸
1249 5742 1758 5819 περιξῖκλλοζλέζθουςο
1792 5739 2448 5817 περιϐεϐλημένους-νὺβ
2495 5747 2537 5777 ⁸³
2568 5745 2845 5819 δέδρακεν.
2887 5745 3138 5813 δέδραχεν
3165 5741 3226 5797 C.
3305 5739 3754 5808 ⁸²δυνατὼτερα.

2764 5675 2808 5706 ⁶⁰
2842 5667 3218 5727 ἐπιπάττουσι.
3263 5667 3656 5722 ἐπιπλάττουσι
3692 5667 3755 5721 Β.
