4066 6418
330 370 433 434 997

919 372 1370 433 ’GRAECARUM
1405 372 1707 433 AFFECT.
1742 373 2100 435 CURATIO.
2130 401 2199 410 --
2229 376 2359 437 VII.
2394 378 2495 437 DE
2532 378 3005 441 SACRIFICIIS.

3485 385 3591 450 998

331 486 409 555 μὴ
441 483 600 546 θεοὺς
633 481 873 552 νομίζειν
900 486 970 537 τά
1007 486 1082 549 ὡς
1118 487 1288 557 ἱερεῖα
1333 486 1353 517 ⁸
1386 486 1647 557 θυόμνα.
1691 488 1790 541 Διά
1826 504 1896 540 τοι

2005 488 2207 557 jussit:
2242 490 2370 558 quia
2413 490 2499 545 bis
2530 490 2661 546 solis
2701 491 2935 564 Egyptii
2971 492 3370 561 vescebantur;
3417 496 3591 568 888

327 573 486 628 τοῦτο
543 575 637 627 καὶ
684 575 935 646 χοιρείων
964 577 986 608 ⁸
1017 577 1212 639 αὐτοὺς
1264 578 1698 649 μεταλαγχάνειν
1734 580 1911 650 κρεῶν

327 664 674 731 διεκώλυσεν,
728 667 917 737 ἐπειδὴ
962 668 1165 721 τούτων
1207 669 1383 738 μόνων
1440 670 1729 737 Αἰγύπτιοι
1768 686 1908 738 ,μετ-

329 754 658 825 εἷιάμδανον,
694 755 803 809 τῶν
844 757 1023 811 ἄλλων
1054 759 1143 822 σῶς
1177 759 1312 812 θεῶν
1346 760 1697 831 ἀπεχόμενοι.
1750 761 1911 814 Ἀκάο

2008 580 2227 633 ueteris
2251 588 2512 649 tanquam
2548 582 2655 637 diis
2688 584 3048 639 abstinentes.
3085 584 3405 641 Immundas
3439 588 3590 643 enim

2011 671 2111 724 bas
2139 671 2328 725 haberi
2357 672 2476 743 lege
2507 676 2778 739 sanciens,
2806 675 2893 729 edi
2923 676 3193 746 praecepit
3215 692 3340 747 quae
3362 693 3466 748 pro
3483 679 3592 734 diis

2009 761 2372 816 colebantur:
2403 772 2464 817 ut
2491 765 2797 833 spernenda
2841 766 3182 833 viderentur,
3226 785 3353 824 cum
3393 786 3459 825 ea
3484 770 3592 840 ipsi

326 845 504 916 θαρτα
555 847 666 915 γὰρ
735 848 977 918 νομίζειν
1033 849 1209 904 ταῦτα
1266 851 1641 922 νομοθετήσας
1709 852 1896 907 ὲσθίειι

2004 852 2277 918 ederent,
2314 869 2416 909 nec
2438 854 2653 909 divinos
2684 856 2788 910 sibi
2820 856 3061 913 honores
3093 857 3460 914 vindicarent.
3493 860 3590 913 Et—

329 936 586 988 ἐκέλευσε
604 936 672 988 τά
697 935 1105 1007 θεοποιούμενα,
1130 940 1216 992 ἴνα
1232 939 1686 1012 εὐκαταφρόνητα
1716 941 1908 1012 φαίνη-

325 1045 415 1081 ται
450 1030 472 1059 ⁸
499 1030 575 1092 ὠς
631 1032 763 1102 παρ’
787 1032 965 1085 αὐτῶν
1009 1033 1320 1103 ἐσθιόμενα,
1381 1035 1480 1087 καὶ
1536 1034 1612 1105 μὴ
1655 1035 1718 1088 τὸ
1767 1035 1910 1089 θεῖον

328 1122 718 1194 σφετερίξηται
783 1126 803 1157 ⁷
853 1125 1035 1189 σέϐας.
1089 1126 1500 1197 Δεισιδαίμονας
1540 1127 1649 1199 γάρ
1713 1127 1910 1193 αὐτοὺς

325 1214 422 1267 καὶ
472 1216 924 1287 γαστριμάργους
974 1218 1152 1283 εἰδὼς,
1199 1218 1365 1274 πάθει
1413 1219 1584 1283 πάθος
1625 1218 1904 1285 ἀντέταξε,

327 1304 423 1356 καὶ
449 1306 517 1376 τῇ
563 1305 958 1379 δεισιδαιμονίᾳ
986 1307 1084 1379 τὴν
1112 1309 1556 1382 γαστριμαργίαν
1587 1310 1903 1382 ἁντὲστησε.

327 1393 447 1446 Τῶν
488 1395 598 1467 γάρ
640 1413 724 1450 τοι
775 1397 934 1451 ὑείων
958 1399 984 1431 ⁸
1024 1399 1098 1463 ὡς
1129 1400 1456 1472 ἀκαθάρτων
1493 1402 1755 1466 κελεύσας
1796 1403 1906 1457 άπ-

329 1486 562 1555 ἐχεσθαι,
616 1488 727 1540 τῶν
766 1489 823 1544 δέ
854 1506 917 1558 γε
949 1490 1122 1545 ἄλλων
1174 1493 1251 1556 ὡς
1290 1492 1551 1566 καθαρῶν
1596 1494 1897 1549 ἀπολαύειν

327 1579 699 1650 νομοθετήσας
729 1622 744 1647 ,
796 1584 861 1653 τῇ
909 1584 1010 1654 τῆς
1038 1586 1373 1657 κρεοφαγίας
1421 1588 1445 1620 ⁵
1493 1587 1759 1661 ἐπιθυμίᾳ
1793 1589 1907 1645 τῶν

326 1669 467 1724 θεῶν
536 1672 911 1743 νομιζομένων
945 1675 1267 1746 μεταλαϐεῖν
1316 1678 1730 1749 κατηνάγκαζεν
1761 1681 1899 1736 ¹⁰·¹¹.

324 1761 402 1815 υύ
431 1762 609 1815 τοίνυν
648 1764 861 1835 ἱερείων
897 1764 1172 1836 δεόμενος,
1195 1768 1322 1823 οὐδὲ
1366 1770 1558 1840 κνίσης
1594 1771 1902 1843 ὀριγνώμε-

2007 945 2159 999 enim
2216 960 2343 999 eum
2403 946 2816 1016 superstitiosos
2871 949 3028 1012 illos,
3068 949 3316 1019 gulazque
3371 950 3592 1013 deditos

2006 1035 2177 1095 sciret
2214 1050 2336 1092 esse
2356 1077 2371 1102 ,
2408 1038 2603 1092 morbo
2628 1038 2882 1093 morbum
2904 1041 3189 1108 opposuit,
3219 1050 3274 1095 et
3319 1042 3590 1112 supersti-

2005 1125 2147 1187 ἀκιιί
2177 1128 2362 1199 gulam
2406 1127 2633 1198 obiecit.
2670 1127 2774 1194 Qui
2820 1129 2971 1183 enim
3010 1129 3191 1184 suillis
3222 1130 3480 1185 carnibus
3531 1138 3593 1185 ut

2007 1219 2306 1275 immundis
2332 1220 2613 1277 abstinere
2632 1220 2819 1292 jussit,
2846 1222 3083 1292 aliisque
3107 1228 3169 1276 ut
3198 1223 3419 1278 mundis
3441 1224 3589 1278 vesci

2002 1310 2288 1381 praecepit,
2308 1326 2410 1382 per
2433 1311 2773 1367 edendorum
2801 1313 3054 1368 carnium
3078 1313 3434 1382 cupiditatem
3460 1313 3592 1368 deos

2007 1417 2150 1473 quos
2196 1403 2466 1472 putabant
2492 1403 2792 1477 absumere
2826 1403 3074 1475 cogebat.
3110 1404 3266 1460 llaud
3302 1404 3485 1474 itaque
3512 1405 3593 1459 vi-

2000 1494 2191 1550 ctimis
2219 1495 2473 1567 indigens
2498 1496 2643 1552 Deus
2660 1537 2675 1562 ,
2702 1495 2983 1552 nidorisve
3007 1504 3295 1567 appetens,
3321 1497 3590 1554 sacriﬁcia

2005 1584 2098 1641 illa
2128 1586 2388 1653 instituit,
2423 1588 2520 1645 sed
2551 1597 2612 1643 ut
2633 1604 2908 1660 aegrorum
2936 1588 3228 1645 affectibus
3250 1591 3587 1646 mederetur.

2003 1673 2081 1729 Ita
2102 1683 2159 1730 et
2186 1676 2395 1732 musica
2419 1677 2785 1732 instrumenta
2812 1693 3008 1749 passus
3031 1687 3281 1743 estesse,
3304 1695 3414 1734 non
3440 1681 3587 1750 quod

2004 1763 2227 1819 illorum
2249 1773 2521 1824 concentu
2547 1765 2939 1831 obiectaretur,
2975 1766 3071 1822 sed
3104 1774 3165 1821 ut
3197 1766 3470 1822 idolorum
3499 1784 3589 1823 er-

323 1866 435 1915 vo;,
470 1852 618 1905 θύειν
643 1828 975 1925 προσέταξεν
991 1828 1035 1910 ’ὁ
1056 1828 1210 1921 Θεδς,
1238 1858 1374 1913 ἀλλὰ
1402 1828 1896 1933 τῶνμάρρωστούν-

2006 1872 2191 1912 rorem
2233 1857 2502 1928 paulatim
2543 1857 2810 1913 aboleret.
2859 1858 2998 1913 Nam
3036 1858 3106 1922 si,
3137 1867 3200 1913 ut
3240 1860 3483 1929 primum
3514 1862 3587 1917 ab

320 1955 433 1993 των
465 1941 728 2013 ἰατρεύων
756 1944 825 1998 τά
861 1944 1029 2016 πάθη.
1064 1945 1224 2000 Οὕτω
1248 1947 1313 2019 δὴ
1353 1949 1543 2004 καὶτὰ
1572 1940 1755 2004 "key
1807 1951 1900 2004 εύ-

321 2033 472 2104 ήχων
503 2035 751 2103 ὀργάνων
784 2036 1065 2108 ἠνέσχετο,
1099 2040 1159 2092 οὐ
1188 2042 1256 2111 τῇ
1282 2039 1488 2094 τούτων
1519 2042 1756 2113 ἁρμονίᾳ
1781 2059 1901 2114 τερ-

321 2129 577 2198 πόμενος,
615 2129 750 2183 ἀλλά
799 2131 939 2185 κατά
972 2132 1144 2204 βραχὺ
1186 2133 1375 2188 παύων
1410 2135 1518 2189 τῶν
1544 2134 1780 2189 εἰδώλων
1807 2137 1899 2190 τὸν

318 2219 539 2273 πλάνον.
588 2221 648 2273 Et
697 2221 807 2293 γάρ
847 2222 1010 2287 εὐθὺς
1039 2223 1141 2293 τῆς
1177 2225 1491 2294 Αἰγυπτίων
1535 2226 1821 2290 συνουσίας
1853 2228 1897 2260 ¹³

319 2310 693 2377 ἀπαλλαγεῖσι
737 2312 865 2374 τοὺς
906 2312 1145 2376 τελείους
1186 2316 1574 2386 προσενηνόχει
1601 2314 1646 2347 ⁸⁸
1676 2316 1895 2387 νόμους,

318 2404 537 2467 πάντως
581 2403 650 2457 ἂν
676 2403 1107 2476 άπεσκίρτησαν,
1144 2406 1239 2459 καὶ
1291 2405 1382 2460 τὸν
1420 2408 1637 2478 χαλινὸν
1669 2410 1895 2464 ἀπωσά-

319 2512 476 2566 μενοι
529 2494 668 2567 πρὺς
712 2495 805 2549 τὸν
854 2496 1122 2568 πρότερον
1147 2497 1621 2572 ὲπαλινδρὸμησαν
1646 2500 1892 2574 ὄλεθρον.

319 2587 382 2638 lii
414 2585 525 2657 γάρ
572 2586 669 2638 καὶ
708 2585 915 2640 τούτων
960 2586 1104 2642 οὓτω
1148 2589 1627 2660 πρυτανευθέντων
1656 2592 1887 2663 ἐπειρά-

314 2676 493 2746 θησαν
516 2677 673 2730 τοῦτο
706 2677 903 2750 δρᾶσαι
933 2679 1209 2747 πολλάκις,
1245 2680 1298 2734 τί
1329 2681 1429 2736 ούκ
1463 2682 1530 2736 ἂν
1557 2682 1887 2754 ἐτόλμησαν,

312 2769 366 2821 εί
418 2768 518 2836 τὴν
550 2767 911 2839 εὐαγγελικὴν
964 2769 1147 2833 αὐτοῖς
1196 2769 1359 2834 εὐθὺς
1406 2769 1466 2838 ἐξ
1517 2771 1697 2842 ἀρχῆς
1740 2771 1891 2843 φιλο.

314 2859 511 2929 σοφίαν
563 2859 987 2931 ἐνομοθέτησενι
1033 2861 1154 2916 Ὀτι
1207 2860 1266 2914 δὲ
1327 2861 1423 2916 καὶ
1480 2860 1630 2935 [ίυϐ]
1691 2861 1892 2916 θυσιῶν

312 2953 410 3005 καὶ
475 2951 755 3020 μουσικῶν
807 2951 1053 3023 ὀργάνων
1116 2952 1369 3024 ἀνενδεὴς
1422 2955 1451 3007 ὁ
1503 2952 1674 3020 Θεὸς,
1727 2954 1893 3008 άκούο

312 3060 447 3095 σατε
471 3042 637 3096 αὐτοῦ
667 3043 756 3098 διὰ
791 3043 902 3097 τῶν
936 3044 1233 3115 προφητῶν
1255 3043 1536 3113 λέγοντος·
1575 3062 1595 3098 t
1635 3046 1709 3099 Οὐ
1738 3045 1889 3114 δέξο-

314 3150 415 3203 μαι
447 3134 511 3186 ἐκ
532 3132 626 3187 τοῦ
657 3133 807 3186 οἴκου
836 3150 929 3187 σου
960 3135 1216 3206 μόσχους,
1242 3136 1362 3190 οὐδὲ
1390 3138 1455 3191 ὲκ
1484 3138 1593 3193 τῶν
1622 3139 1892 3210 ποιμνίων

311 3240 414 3276 σου
439 3224 711 3295 χιμάρους
736 3222 801 3279 ³⁸.
849 3225 987 3297 Ἐμά
1020 3227 1128 3298 γάρ
1155 3228 1271 3280 ἐστι
1308 3229 1485 3283 πάντα
1511 3229 1581 3283 τά
1606 3229 1768 3301 θηρία
1794 3230 1891 3286 τοῦ

310 3313 512 3386 ἀγροῦ,
539 3316 710 3387 κτήνη
738 3316 797 3370 ὲν
819 3315 933 3379 τοῖς
962 3315 1113 3387 ὄρεσι
1143 3317 1234 3370 καὶ
1264 3316 1403 3387 βόες.
1432 3320 1687 3387 Ἔγνωκα
1715 3319 1894 3375 πάντα.

311 3406 381 3458 τά
424 3405 647 3459 πετεινά
682 3405 777 3459 τοῦ
804 3404 1055 3479 οὐρανοῦ’
1108 3407 1201 3460 καὶ
1239 3407 1510 3481 ὡραιότης
1551 3410 1724 3481 ἀγροῦ
1773 3413 1892 3483 μετ’

313 3495 453 3565 ἐμοῦ
478 3499 647 3551 ἐστιν.
683 3516 703 3549 ι
739 3498 829 3552 Ἑν
872 3497 981 3569 γὰρ
1018 3497 1082 3569 δὴ
1115 3497 1323 3563 τούτοις
1352 3501 1530 3554 πάντα
1565 3504 1634 3556 τὰ
1675 3520 1894 3575 νενομο-

319 3584 589 3654 θετημένα
616 3586 949 3659 προσφέρειν
976 3585 1230 3653 ἐξέϐαλεν
1258 3588 1323 3653 ¹⁶,
1349 3588 1411 3642 οὐ
1435 3588 1502 3642 τά
1533 3594 1765 3663 χερσαῖα
1798 3593 1894 3666 μό-

315 3693 406 3730 νον
436 3676 551 3740 ζῶα
579 3677 673 3729 καὶ
706 3677 776 3731 τά
813 3677 1012 3749 πτηνά,
1043 3677 1180 3732 άλλά
1210 3678 1305 3734 καὶ
1334 3678 1429 3733 τὸν
1467 3680 1892 3754 ἀποθλιϐόμενον

309 3762 475 3830 οἶνον,
511 3769 604 3820 καὶ
634 3767 696 3820 τὸ
731 3767 867 3839 μετά
896 3768 1223 3840 σεμιδάλεως
1249 3771 1344 3825 καὶ
1375 3771 1631 3827 ποπάνων
1654 3791 1892 3845 προσερεα

314 3859 550 3930 ρόμενον
595 3858 796 3913 ἔλαιον.
853 3858 1175 3930 Ὥραιότητα
1230 3860 1340 3934 γάρ
1375 3862 1550 3933 ἀγροῦ
1592 3864 1765 3919 ταῦτα
1825 3865 1891 3938 δὴ

311 3949 755 4020 προσηγόρευσε,
799 3950 894 4004 καὶ
934 3952 1133 4020 ἔδειξεν
1159 3951 1326 4007 αὐτοῦ
1363 3970 1428 4023 γε
1459 3953 1587 4008 ὄντα
1626 3955 1722 4009 καὶ
1759 3954 1891 4029 ταῦτ

308 4056 381 4091 τα
411 4039 452 4069 ¹⁷
481 4040 711 4091 κάκεῖνα
757 4040 1060 4109 ποιήματα’
1103 4041 1278 4116 ταύτῃ
1315 4060 1392 4114 πη
1422 4041 1708 4107 διδάσκων.
1738 4044 1814 4108 ὼς
1854 4046 1890 4118 ἡ

310 4128 435 4181 θεία
467 4128 628 4198 φύσις
658 4128 933 4200 ἀνενδεὴς.
976 4126 1108 4184 Εἶτα
1141 4130 1278 4203 μετά
1311 4126 1455 4195 τινῧς
1486 4133 1767 4203 είρωνείας
1791 4152 1892 4205 χα-

311 4222 605 4293 ριεστάτης
641 4223 732 4275 καὶ
758 4223 937 4293 πάσης
972 4221 1236 4293 ὠφελείας
1268 4223 1470 4295 μεστῆς
1506 4224 1599 4279 καὶ
1622 4225 1720 4295 τὴν
1746 4226 1889 4279 ὲκεί-

308 4330 420 4366 νων
465 4314 690 4381 ἄγνοιαν
740 4313 1026 4384 διελέγχει,
1059 4314 1152 4367 καὶ
1194 4314 1293 4385 τὴν
1322 4312 1528 4368 οἰκείαν
1559 4314 1886 4370 ἐπιδείκνυσι

304 4404 560 4473 δύναμιν.
590 4405 733 4475 Ἔφη
760 4404 890 4474 γάρ’
929 4423 946 4457 t
971 4405 1093 4458 Ἐάν
1124 4404 1385 4470 πεινάσω,
1418 4406 1479 4460 οὐ
1509 4406 1584 4478 μή
1615 4423 1695 4460 σοι
1724 4406 1882 4463 εῖπιιγ

305 4496 421 4567 ἐμὴ
442 4495 548 4563 γάρ
574 4496 720 4548 ἐστιν
762 4496 797 4568 ἠ
823 4496 1112 4566 οἰκουμένη
1148 4495 1240 4549 καὶ
1267 4495 1327 4550 τὸ
1348 4494 1621 4568 πλήρωμα
1644 4497 1834 4567 αὐτῆς.
1857 4516 1874 4550 ι
1914 4524 1957 4579 D

304 4589 468 4641 υῦτω
496 4587 582 4641 διὰ
608 4588 813 4641 τούτων
841 4588 935 4641 καὶ
960 4589 1058 4659 τὴν
1082 4587 1440 4659 δημιουργίαν
1465 4588 1559 4641 καὶ
1580 4588 1679 4660 τὴν
1701 4589 1891 4642 δεσπο.

301 4681 459 4734 τείαν
493 4680 736 4752 ἐναργῶς
771 4680 1063 4745 ἐπιδείξας,
1098 4681 1273 4733 ἐκεῖνο
1304 4679 1363 4734 τὸ
1393 4680 1693 4751 εἰρωνικῶς
1723 4681 1889 4752 ῥηθὲν

301 4773 699 4845 ἐθεράπευσεν,
731 4772 920 4827 εἰπών·
953 4790 971 4824 t
999 4772 1093 4844 Μὴ
1118 4771 1381 4842 φάγωμαι
1408 4769 1451 4802 ¹⁸
1483 4771 1619 4844 κρέα
1649 4771 1886 4844 ταύρων,

302 4862 340 4932 ῆ
364 4857 507 4933 αἷμα
532 4864 751 4934 τράγων
774 4861 984 4932 πίωμαι
1007 4863 1082 4928 ¹⁹;
1109 4881 1128 4913 ι
1159 4862 1269 4916 Καὶ
1295 4861 1383 4914 διά
1419 4862 1635 4915 πάντων
1659 4861 1890 4933 περιττά

298 4953 484 5018 δείξας
530 4954 598 5005 τά
627 4952 863 5024 θύματα,
901 4952 995 5005 καὶ
1055 4953 1151 5022 τῆς
1209 4949 1358 5015 θείας
1416 4950 1611 5017 ἀνάξια
1648 4950 1880 5019 φύσεως,

299 5045 491 5100 καινόν
525 5062 647 5098 τινα
678 5046 869 5108 θυσίας
906 5042 1216 5096 ὑποτίθεται
1244 5042 1467 5111 τρόττον,
1492 5041 1551 5093 οὔ
1588 5040 1771 5111 βωμὸν
1800 5043 1883 5094 αἱ·

303 5139 620 5209 ματτούσης
653 5137 720 5202 “,
752 5135 889 5189 ἀλλὰ
922 5134 1135 5204 γλώττῃ
1170 5133 1265 5184 καὶ
1301 5131 1501 5202 χείλεσι
1528 5131 1877 5205 τελουμένης·

373 5260 401 5288 ο
433 5250 575 5306 Psal.
607 5265 750 5316 χιιι,
782 5248 937 5304 9-H.
1014 5258 1041 5296 P
1070 5245 1203 5300 ibid.
1240 5245 1326 5299 12.
1402 5255 1429 5295 ιι
1464 5243 1598 5303 ibid.
1642 5244 1728 5300 l5.

2001 1947 2383 2020 Egyptiorum
2420 1957 2692 2019 potestate
2741 1951 2960 2006 liberati
3006 1960 3156 2017 sunt,
3182 1953 3462 2021 perfectas
3503 1955 3586 2010 eis

2001 2041 2153 2111 leges
2199 2042 2513 2113 obiecisset,
2572 2043 2903 2098 resiliissent
2952 2059 3202 2114 prorsus,
3257 2044 3585 2117 frenumquo

2004 2140 2327 2202 respuentes
2355 2133 2422 2187 ad
2445 2133 2730 2202 pristinam
2755 2134 2937 2191 labem
2958 2136 3342 2193 recurrissent.
3359 2138 3414 2193 Si
3435 2140 3584 2195 enim

2002 2222 2172 2276 rebus
2218 2222 2323 2277 hoc
2354 2222 2521 2277 modo
2550 2223 2862 2293 dispositis,
2895 2240 3274 2296 saepenumero
3317 2226 3371 2282 id
3402 2226 3584 2285 facere

2001 2312 2185 2367 conati
2208 2320 2358 2377 sunt,
2392 2311 2525 2382 quid
2556 2327 2666 2367 non
2695 2312 2816 2367 ausi
2846 2312 3100 2380 fuissent,
3128 2315 3240 2369 Deo
3270 2315 3379 2371 illis
3400 2320 3581 2372 statim

1999 2402 2070 2457 ab
2086 2402 2243 2457 in'itio
2258 2404 2625 2475 evangelicam
2642 2404 3044 2475 philosophiam
3064 2406 3405 2478 imperante?
3428 2409 3580 2475 Quod

2001 2510 2130 2549 vero
2154 2495 2298 2551 Deus
2333 2510 2436 2550 nec
2462 2495 2748 2552 sacriﬁciis
2779 2503 2956 2567 egeat,
2993 2511 3097 2552 nec
3126 2498 3352 2553 musicis
3376 2500 3582 2555 instru-

1999 2585 2220 2651 mentis,
2270 2586 2450 2656 ipsum
2493 2587 2702 2652 audite,
2736 2602 2834 2657 per
2878 2587 3181 2657 prophetas
3218 2589 3575 2659 loquentem:

2007 2697 2025 2729 ι
2058 2677 2177 2732 Non
2201 2677 2466 2746 accipiam
2495 2677 2562 2732 de
2587 2676 2751 2732 domo
2777 2684 2872 2733 tua
2905 2677 3127 2742 vitulos,
3157 2692 3336 2748 neque
3362 2679 3429 2734 de
3458 2697 3579 2750 gre-

1997 2765 2158 2839 gibus
2189 2766 2296 2822 tuis
2352 2767 2556 2822 hircos.
2614 2767 2744 2822 Meae
2787 2768 2935 2823 enim
2979 2777 3106 2823 sunt
3155 2782 3346 2824 omnes
3386 2770 3577 2826 bestia:

1997 2857 2133 2928 agri,
2179 2857 2428 2928 jumenta
2479 2856 2534 2911 in
2562 2856 2732 2927 889
2761 2857 3043 2912 montibus
3091 2866 3148 2913 et
3195 2858 3384 2915 boves.
3439 2860 3576 2916 Novi

1996 2948 2181 3004 omnia
2207 2950 2450 3004 volatilia
2501 2949 2624 3004 εαξη
2659 2968 2672 3003 :
2712 2957 2770 3005 et
2802 2950 3160 3019 pulchritudo
3198 2951 3316 3024 agri
3358 2968 3575 3009 mecum

1996 3047 2083 3094 est
2103 3047 2150 3093 ο.
2190 3058 2208 3090 ι
2245 3039 2343 3094 llis
2372 3039 2519 3094 enim
2542 3040 2728 3095 verbis
2772 3040 2980 3110 pariter
3008 3042 3191 3096 omnia
3219 3043 3429 3114 rejecit,
3455 3060 3577 3114 quae

1996 3130 2117 3202 lege
2140 3131 2293 3201 jussa
2324 3130 2540 3186 fuerant
2570 3130 2757 3187 offerri
2797 3149 2811 3186 :
2845 3147 2957 3186 non
2989 3133 3273 3189 terrestria
3319 3134 3495 3190 solum
3521 3149 3576 3192 et

1994 3219 2257 3285 volatilia,
2290 3220 2383 3275 sed
2409 3219 2525 3274 vini
2546 3235 2766 3291 quoque
2795 3219 3077 3287 libamina,
3099 3222 3412 3294 oleumque,
3429 3225 3576 3294 quod

1994 3324 2119 3364 cum
2153 3309 2460 3382 similagine
2488 3326 2552 3366 ac
2595 3311 2862 3381 placentis
2896 3311 3086 3368 ollerri
3124 3328 3245 3368 mes
3273 3323 3415 3369 erat.
3448 3316 3576 3371 llaec

1994 3401 2141 3457 enim
2171 3403 2289 3473 agri
2316 3402 2759 3473 pulchritudinem
2792 3404 3107 3475 appellavit,
3143 3414 3310 3478 atque
3361 3407 3479 3463 haec
3518 3419 3575 3463 et

1993 3490 2084 3545 illa
2127 3505 2225 3545 sua
2262 3506 2385 3547 esse
2425 3500 2658 3551 testatus
2693 3502 2781 3549 est
2833 3509 3002 3564 opera
3038 3513 3051 3548 :
3081 3510 3149 3550 eo
3203 3497 3323 3566 ipso
3370 3498 3573 3553 docens

1994 3580 2238 3641 divinam
2285 3592 2538 3641 naturam
2590 3600 2651 3640 re
2680 3585 2829 3641 nulla
2863 3585 3132 3657 indigere.
3166 3586 3305 3641 Tum
3335 3590 3569 3660 eleganti

1993 3674 2251 3746 quadam,
2271 3675 2368 3730 sed
2397 3675 2652 3731 utilitatis
2670 3676 2986 3746 plenissima
3042 3676 3217 3733 ironia
3235 3687 3290 3734 et
3321 3679 3573 3750 ignoran-

1992 3765 2124 3820 tiam
2174 3764 2392 3820 illorum
2436 3764 2736 3836 redarguit,
2793 3773 2850 3819 et
2904 3780 3059 3819 suam
3107 3764 3223 3836 ipse
3271 3767 3569 3836 potentiam

1992 3853 2252 3911 ostendit.
2288 3874 2307 3907 ι
2344 3854 2400 3910 Si
2461 3854 2710 3911 esuriero
2736 3894 2752 3920 ,
2786 3853 2989 3927 inquit,
3033 3870 3144 3910 non
3198 3855 3296 3910 tibi
3341 3857 3518 3912 oicam
3553 3875 3568 3911 :

1992 3962 2149 4003 meus
2186 3956 2274 4002 est
2317 3947 2464 4002 enim
2495 3947 2646 4003 orbis
2679 3955 2838 4002 terra:
2859 3987 2874 4011 ,
2901 3958 2953 4003 et
2982 3947 3272 4018 plenitudo
3324 3950 3443 4019 ejus
3460 3959 3504 4003 ιι.
3544 3968 3563 4001 ι

1990 4035 2202 4106 Quibus
2229 4036 2415 4090 verbis
2459 4044 2517 4093 et
2556 4035 2746 4091 mundi
2774 4036 3066 4107 'opiﬁcio,
3101 4046 3159 4092 et
3201 4053 3301 4093 suo
3331 4038 3387 4093 in
3441 4055 3570 4094 eum

1991 4125 2275 4181 dominatu
2304 4123 2591 4179 manifeste
2621 4125 2879 4191 ostensis,
2913 4125 3061 4196 quod
3088 4126 3298 4181 ironice
3324 4127 3563 4192 dixerat,

1990 4213 2344 4282 temperavit,
2374 4211 2604 4271 dicens:
2639 4232 2656 4262 ι
2694 4212 2952 4282 Nunquid
2991 4215 3334 4275 mandueabo
3376 4232 3572 4273 carnea

1988 4312 2307 4369 taurorum,
2365 4312 2461 4358 aut
2515 4305 2836 4375 sanguinem
2874 4304 3156 4361 hircorum
3212 4307 3493 4379 potaboa?
3541 4327 3561 4360 ι

1987 4395 2234 4465 Cumque
2264 4396 2595 4451 ostendisset
2625 4395 2898 4467 superﬂua
2941 4396 3165 4467 penitus
3199 4413 3320 4453 esse
3360 4399 3570 4453 sacriﬁ~

1987 4489 2093 4554 eia,
2148 4488 2371 4560 Deoque
2421 4487 2682 4559 indigna,
2726 4500 2932 4543 novum
2985 4488 3275 4559 quemdam
3346 4489 3566 4561 subjieit

1986 4578 2240 4635 sacriﬁcii
2284 4579 2527 4644 modum,
2560 4580 2706 4651 quod
2757 4595 2908 4635 aram
2954 4594 3152 4637 cruore
3196 4596 3307 4635 non
3336 4580 3565 4646 inﬁciat,

1985 4672 2081 4729 sed
2131 4673 2316 4744 lingua
2360 4673 2632 4743 labiisque
2664 4680 2978 4743 peragatur.
3021 4691 3039 4724 ι
3075 4673 3324 4739 lmmola,
3361 4673 3563 4743 inquit,

1984 4766 2097 4823 Deo
2118 4765 2449 4822 sacriﬁcium
2475 4765 2673 4829 laudis,
2700 4773 2757 4819 et
2787 4764 2954 4820 redde
2985 4764 3264 4822 Altissimo
3297 4775 3421 4821 vota
3451 4774 3566 4831 tua,

1984 4868 2041 4915 et
2074 4859 2267 4915 invoca
2298 4874 2384 4913 me
2415 4858 2505 4913 die
2536 4856 2908 4912 tribulationis
2935 4865 3060 4923 tute,
3085 4865 3143 4914 et
3175 4874 3364 4913 eruam
3411 4866 3484 4922 te,
3509 4865 3567 4915 et

1989 4949 2324 5023 gloriﬁcabis
2368 4965 2454 5004 me
2483 4958 2526 5004 ν.
2564 4967 2582 5002 ›
2650 4948 2861 5004 Suﬁicit
2902 4949 3049 5004 enim
3086 4948 3165 5002 illi
3219 4948 3566 5003 rationabilis

1987 5056 2335 5112 eongruaque
2366 5040 2578 5106 oratio,
2638 5055 2805 5110 super
2835 5055 3029 5095 omnes
3066 5056 3259 5111 greges
3296 5040 3478 5095 ovium
3509 5048 3565 5099 et

1987 5146 2588 5204 caprarum,supraque
2610 5130 2794 5187 omnia
2826 5131 2993 5187 boum
3027 5140 3275 5189 armenta
3303 5150 3316 5186 :
3346 5139 3401 5188 et
3424 5130 3565 5189 hanc

1805 5252 1841 5306 ,τ
1877 5243 2013 5299 ibid.
2052 5243 2140 5309 M,
2179 5243 2266 5299 15.

1610 5338 1843 5395 vanus
1885 5337 2292 5418 LECTIONES.

368 5497 392 5529 ⁸
429 5496 641 5569 ίερεῖαζ
680 5490 933 5569 ἱερά
992 5489 1028 5569 ,⁵
1057 5486 1294 5569 χοιρίωνΣ
1348 5482 1595 5554 χοιρείων
1622 5485 1681 5569 Β,
1719 5484 1779 5538 C.

295 5571 318 5601 ³
354 5555 538 5623 ὑείων.
572 5561 681 5615 ὑῶν
715 5555 779 5623 C.
818 5562 917 5617 Vb.
992 5558 1013 5589 ’
1047 5555 1379 5628 κρηφαγίας.
1417 5555 1744 5676 κὲεοφαγίας
1782 5555 1841 5608 Β.

295 5641 389 5676 ουκ.
427 5651 516 5676 nm
566 5633 679 5676 Vn;
744 5632 785 5662 ³³
815 5629 1083 5676 ἐξουσίαι.
1121 5626 1407 5676 συνουσίαε
1492 5663 1507 5676 .
1543 5625 1641 5676 Va.
1720 5622 1762 5655 ”
1797 5643 1839 5676 π

294 5641 395 5693 καὶ
427 5651 538 5689 om.
566 5633 679 5687 Va.
744 5632 785 5662 ¹³
815 5632 1083 5696 ἐξουσίας.
1121 5632 1407 5687 συνουσίας

298 5712 361 5773 Β,
415 5709 479 5761 C.
560 5709 602 5734 "
632 5709 900 5768 εξεὸαλεν.
953 5709 1222 5750 ἐκώλυσεν
1285 5709 1379 5750 γι).
1412 5709 1450 5726 ι’
1492 5709 1587 5746 και
1622 5711 1793 5746 ταυτα
1828 5711 1877 5750 οι

295 5783 343 5817 υ
379 5779 594 5845 πίωμαι
626 5773 687 5839 Β,
718 5771 780 5826 C.
855 5773 900 5801 "’
927 5767 1283 5838 αἱματούσης.
1310 5763 1678 5834 αἱματτούσης
1717 5763 1777 5816 Β.
1872 5789 1877 5797 ε

560 5704 602 5734 ’⁸
632 5692 900 5768 ἐξέϐαλεν.
953 5696 1222 5750 ἐκώλυσεν
1280 5695 1379 5750 Vb.
1411 5695 1452 5726 ”
1492 5694 1587 5768 ita}
1622 5692 1793 5768 ταῦτα
1828 5692 1939 5750 om.
1972 5692 2031 5750 B.

1877 5485 1898 5516 ⁸
1925 5486 2182 5556 φαίνηται
2236 5499 2344 5537 οιη.
2384 5482 2479 5540 Va.
2510 5512 2519 5515 -
2570 5486 2591 5517 "
2622 5483 3027 5557 σφετερίζηται.
3066 5484 3441 5550 σφετερίζεται
3489 5476 3555 5539 C.

1942 5557 2056 5587 10-h
2094 5555 2503 5587 νηριιῆυιιννηγευ
2612 5557 3029 5587 νηί-..ιυιυυηπευ
3059 5553 3137 5587 Vh
3271 5550 3315 5582 η
3345 5549 3432 5587 νηὶ
3463 5550 3549 5587 τάκ

1492 5555 1744 5622 εοφαγίας
1782 5555 1841 5608 Β.
1942 5557 2056 5587 ¹⁰·¹⁸
2080 5555 2522 5624 κατηνάγκαζεν.
2612 5555 2715 5608 κατ
2756 5555 3029 5624 νάγκασεν
3059 5555 3157 5608 γι).
3271 5555 3315 5582 ’³
3345 5555 3432 5602 καὶ
3463 5555 3553 5605 τά.

1492 5663 1507 5689 ,
1543 5625 1641 5710 Ya.
1696 5622 1762 5702 ,η
1797 5626 2183 5710 προσεχήνοχξ.
2215 5627 2601 5710 προσενηνόχεί
2632 5626 2691 5690 Β,
2829 5626 2916 5710 ﬂ“
2938 5620 3266 5710 135919936:
3281 5617 3556 5710 ζιξὸξξοξς

2612 5549 3029 5624 κατηνάγκασεν
3059 5553 3157 5624 γι).
3239 5549 3242 5550 ⁷
3271 5550 3315 5582 ²²
3345 5549 3432 5624 καὶ
3463 5550 3553 5605 τά.

2110 5688 2153 5727 η
2181 5688 2459 5766 φάγωμαι.
2516 5688 2764 5767 ἱράγομαι
2826 5694 2887 5751 C.
2924 5688 3039 5763 qui
3076 5688 3202 5745 [uox
3237 5690 3329 5743 καὶ
3362 5688 3464 5758 pro
3496 5688 3553 5759 ἦ.
