  <div class='ocr_page' id='page_1' title='image "/cluster/home/n/w/nwhite01/storage/ocr_20150623/83:no.4/coo.31924054869841/508.png"; bbox 0 0 4066 6416; ppageno 0'>
   <div class='ocr_carea' id='block_1_1' title="bbox 345 300 468 373">
    <p class='ocr_par' dir='ltr' id='par_1_1' title="bbox 345 300 468 373">
     <span class='ocr_line' id='line_1_1' title="bbox 345 300 468 373; baseline -0.065 1"><span class='ocrx_word' id='word_1_1' title='bbox 345 300 468 373; x_wconf 77' lang='grc'>1001</span> 
     </span>
    </p>
   </div>
   <div class='ocr_carea' id='block_1_2' title="bbox 936 304 1912 370">
    <p class='ocr_par' dir='ltr' id='par_1_2' title="bbox 936 304 1912 367">
     <span class='ocr_line' id='line_1_2' title="bbox 936 304 1912 367; baseline -0.001 -2"><span class='ocrx_word' id='word_1_2' title='bbox 936 306 1373 367; x_wconf 70' lang='grc' dir='ltr'><strong>ϐΒλΕΕΑΙὶυΜ</strong></span> <span class='ocrx_word' id='word_1_3' title='bbox 1412 305 1711 365; x_wconf 79' lang='lat' dir='ltr'><strong>AFFECT.</strong></span> <span class='ocrx_word' id='word_1_4' title='bbox 1752 304 1912 366; x_wconf 42' lang='lat' dir='ltr'><strong>CUR.</strong></span> 
     </span>
    </p>
   </div>
   <div class='ocr_carea' id='block_1_3' title="bbox 2014 304 3005 370">
    <p class='ocr_par' dir='ltr' id='par_1_3' title="bbox 2014 306 3005 370">
     <span class='ocr_line' id='line_1_3' title="bbox 2014 306 3005 370; baseline 0.004 -4"><span class='ocrx_word' id='word_1_5' title='bbox 2014 306 2105 367; x_wconf 87' lang='grc' dir='ltr'><strong>[Ο.</strong></span> <span class='ocrx_word' id='word_1_6' title='bbox 2134 307 2350 367; x_wconf 59' lang='lat' dir='ltr'><strong>~VII.</strong></span> <span class='ocrx_word' id='word_1_7' title='bbox 2395 307 2492 367; x_wconf 89' lang='lat' dir='ltr'><strong>DE</strong></span> <span class='ocrx_word' id='word_1_8' title='bbox 2533 308 3005 370; x_wconf 79' lang='lat' dir='ltr'><strong>SACRIFICIIS.</strong></span> 
     </span>
    </p>
   </div>
   <div class='ocr_carea' id='block_1_4' title="bbox 3462 310 3599 375">
    <p class='ocr_par' dir='ltr' id='par_1_4' title="bbox 3462 310 3599 375">
     <span class='ocr_line' id='line_1_4' title="bbox 3462 310 3599 375; baseline 0.015 -2"><span class='ocrx_word' id='word_1_9' title='bbox 3462 310 3599 375; x_wconf 73' lang='grc'>1002</span> 
     </span>
    </p>
   </div>
   <div class='ocr_carea' id='block_1_5' title="bbox 338 413 1912 491">
    <p class='ocr_par' dir='ltr' id='par_1_5' title="bbox 338 417 1911 490">
     <span class='ocr_line' id='line_1_5' title="bbox 338 417 1911 490; baseline -0.001 -19"><span class='ocrx_word' id='word_1_10' title='bbox 338 419 475 490; x_wconf 71' lang='lat' dir='ltr'><strong>piat;</strong></span> <span class='ocrx_word' id='word_1_11' title='bbox 504 418 542 448; x_wconf 60' lang='grc' dir='ltr'><strong>δέ</strong></span> <span class='ocrx_word' id='word_1_12' title='bbox 590 417 703 481; x_wconf 84' lang='grc' dir='ltr'><strong>τοῖς</strong></span> <span class='ocrx_word' id='word_1_13' title='bbox 734 419 991 489; x_wconf 82' lang='grc' dir='ltr'><strong>συνήθεσι</strong></span> <span class='ocrx_word' id='word_1_14' title='bbox 1028 418 1355 489; x_wconf 86' lang='grc' dir='ltr'><strong>χρήσασθαι,</strong></span> <span class='ocrx_word' id='word_1_15' title='bbox 1394 417 1705 484; x_wconf 81' lang='grc' dir='ltr'><strong>ἀναγκαίως</strong></span> <span class='ocrx_word' id='word_1_16' title='bbox 1745 435 1911 487; x_wconf 80' lang='grc' dir='ltr'><strong>προσ-</strong></span> 
     </span>
    </p>
   </div>
   <div class='ocr_carea' id='block_1_6' title="bbox 2014 413 3593 491">
    <p class='ocr_par' dir='ltr' id='par_1_6' title="bbox 2016 413 3593 491">
     <span class='ocr_line' id='line_1_6' title="bbox 2016 413 3593 491; baseline 0.007 -21"><span class='ocrx_word' id='word_1_17' title='bbox 2016 418 2072 471; x_wconf 93' lang='lat' dir='ltr'><strong>in</strong></span> <span class='ocrx_word' id='word_1_18' title='bbox 2104 413 2447 485; x_wconf 80' lang='lat' dir='ltr'><strong>muneribus,</strong></span> <span class='ocrx_word' id='word_1_19' title='bbox 2488 436 2668 491; x_wconf 86' lang='lat' dir='ltr'><strong>neque</strong></span> <span class='ocrx_word' id='word_1_20' title='bbox 2716 422 3052 477; x_wconf 83' lang='lat' dir='ltr'><strong>laboriosum</strong></span> <span class='ocrx_word' id='word_1_21' title='bbox 3100 431 3150 477; x_wconf 88' lang='lat' dir='ltr'><strong>te</strong></span> <span class='ocrx_word' id='word_1_22' title='bbox 3182 424 3283 478; x_wconf 80' lang='lat' dir='ltr'><strong>feci</strong></span> <span class='ocrx_word' id='word_1_23' title='bbox 3327 424 3380 478; x_wconf 89' lang='lat' dir='ltr'><strong>in</strong></span> <span class='ocrx_word' id='word_1_24' title='bbox 3415 427 3593 481; x_wconf 93' lang='lat' dir='ltr'><strong>thure.</strong></span> 
     </span>
    </p>
   </div>
   <div class='ocr_carea' id='block_1_7' title="bbox 331 507 1915 579">
    <p class='ocr_par' dir='ltr' id='par_1_7' title="bbox 331 507 1915 579">
     <span class='ocr_line' id='line_1_7' title="bbox 331 507 1915 579; baseline -0.002 -16"><span class='ocrx_word' id='word_1_25' title='bbox 331 511 599 565; x_wconf 76' lang='grc' dir='ltr'><strong>τέθεικενο</strong></span> <span class='ocrx_word' id='word_1_26' title='bbox 640 527 659 561; x_wconf 88' lang='grc'><strong><em>‹</em></strong></span> <span class='ocrx_word' id='word_1_27' title='bbox 695 510 949 579; x_wconf 83' lang='grc' dir='ltr'><strong>’Δφέλετε</strong></span> <span class='ocrx_word' id='word_1_28' title='bbox 995 511 1039 541; x_wconf 79' lang='grc'><strong>⁸⁸</strong></span> <span class='ocrx_word' id='word_1_29' title='bbox 1083 510 1181 573; x_wconf 71' lang='grc' dir='ltr'><strong>τὰς</strong></span> <span class='ocrx_word' id='word_1_30' title='bbox 1231 510 1495 579; x_wconf 81' lang='grc' dir='ltr'><strong>πονηρίας</strong></span> <span class='ocrx_word' id='word_1_31' title='bbox 1546 507 1745 579; x_wconf 83' lang='grc' dir='ltr'><strong>[ὑμῶν]</strong></span> <span class='ocrx_word' id='word_1_32' title='bbox 1808 509 1915 561; x_wconf 80' lang='grc' dir='ltr'><strong>ἀπὸ</strong></span> 
     </span>
    </p>
   </div>
   <div class='ocr_carea' id='block_1_8' title="bbox 330 598 1908 670">
    <p class='ocr_par' dir='ltr' id='par_1_8' title="bbox 330 598 1908 670">
     <span class='ocr_line' id='line_1_8' title="bbox 330 598 1908 670; baseline -0.003 -17"><span class='ocrx_word' id='word_1_33' title='bbox 330 600 441 654; x_wconf 91' lang='grc' dir='ltr'><strong>τῶν</strong></span> <span class='ocrx_word' id='word_1_34' title='bbox 465 600 654 670; x_wconf 80' lang='grc' dir='ltr'>ψυχῶν</span> <span class='ocrx_word' id='word_1_35' title='bbox 685 600 861 669; x_wconf 84' lang='grc' dir='ltr'><strong>ὑμῶν,</strong></span> <span class='ocrx_word' id='word_1_36' title='bbox 900 600 1163 654; x_wconf 80' lang='grc' dir='ltr'><strong>ἀπέναντι</strong></span> <span class='ocrx_word' id='word_1_37' title='bbox 1214 599 1322 652; x_wconf 86' lang='grc' dir='ltr'><strong>τῶν</strong></span> <span class='ocrx_word' id='word_1_38' title='bbox 1377 598 1670 667; x_wconf 77' lang='grc' dir='ltr'><strong>ὀφθαλμῶν</strong></span> <span class='ocrx_word' id='word_1_39' title='bbox 1728 614 1851 667; x_wconf 89' lang='grc' dir='ltr'><strong>μου.</strong></span> <span class='ocrx_word' id='word_1_40' title='bbox 1891 616 1908 648; x_wconf 73' lang='grc' dir='ltr'><strong>ι</strong></span> 
     </span>
    </p>
   </div>
   <div class='ocr_carea' id='block_1_9' title="bbox 332 689 1913 761">
    <p class='ocr_par' dir='ltr' id='par_1_9' title="bbox 332 689 1913 761">
     <span class='ocr_line' id='line_1_9' title="bbox 332 689 1913 761; baseline -0.003 -15"><span class='ocrx_word' id='word_1_41' title='bbox 332 692 504 746; x_wconf 89' lang='grc' dir='ltr'><strong>Τοῦτο</strong></span> <span class='ocrx_word' id='word_1_42' title='bbox 538 692 596 744; x_wconf 78' lang='grc' dir='ltr'>δὲ</span> <span class='ocrx_word' id='word_1_43' title='bbox 643 691 831 760; x_wconf 80' lang='grc' dir='ltr'>σαφῶς</span> <span class='ocrx_word' id='word_1_44' title='bbox 878 692 977 761; x_wconf 82' lang='grc' dir='ltr'><strong>τὴν</strong></span> <span class='ocrx_word' id='word_1_45' title='bbox 1018 690 1113 745; x_wconf 87' lang='grc' dir='ltr'><strong>τοῦ</strong></span> <span class='ocrx_word' id='word_1_46' title='bbox 1158 690 1426 759; x_wconf 89' lang='grc' dir='ltr'><strong>παναγίου</strong></span> <span class='ocrx_word' id='word_1_47' title='bbox 1468 689 1841 760; x_wconf 77' lang='grc' dir='ltr'><strong>βαπτίσματος</strong></span> <span class='ocrx_word' id='word_1_48' title='bbox 1869 690 1913 721; x_wconf 76' lang='grc'>³³</span> 
     </span>
    </p>
   </div>
   <div class='ocr_carea' id='block_1_10' title="bbox 328 781 1917 855">
    <p class='ocr_par' dir='ltr' id='par_1_10' title="bbox 328 781 1917 855">
     <span class='ocr_line' id='line_1_10' title="bbox 328 781 1917 855; baseline -0.003 -16"><span class='ocrx_word' id='word_1_49' title='bbox 328 784 628 839; x_wconf 76' lang='grc' dir='ltr'><strong>αἰνίττεται</strong></span> <span class='ocrx_word' id='word_1_50' title='bbox 656 784 885 855; x_wconf 84' lang='grc' dir='ltr'><strong>δωρεάν.</strong></span> <span class='ocrx_word' id='word_1_51' title='bbox 921 785 1043 837; x_wconf 87' lang='grc' dir='ltr'><strong>Κάν</strong></span> <span class='ocrx_word' id='word_1_52' title='bbox 1071 782 1150 853; x_wconf 83' lang='grc' dir='ltr'><strong>τῷ</strong></span> <span class='ocrx_word' id='word_1_53' title='bbox 1191 782 1342 853; x_wconf 84' lang='grc' dir='ltr'><strong>μέσῳ</strong></span> <span class='ocrx_word' id='word_1_54' title='bbox 1364 782 1420 836; x_wconf 83' lang='grc' dir='ltr'><strong>δὲ</strong></span> <span class='ocrx_word' id='word_1_55' title='bbox 1445 781 1547 851; x_wconf 82' lang='grc' dir='ltr'><strong>τῆς</strong></span> <span class='ocrx_word' id='word_1_56' title='bbox 1581 781 1917 851; x_wconf 82' lang='grc' dir='ltr'><strong>προφητείας</strong></span> 
     </span>
    </p>
   </div>
   <div class='ocr_carea' id='block_1_11' title="bbox 332 872 1912 944">
    <p class='ocr_par' dir='ltr' id='par_1_11' title="bbox 332 872 1912 944">
     <span class='ocr_line' id='line_1_11' title="bbox 332 872 1912 944; baseline -0.003 -16"><span class='ocrx_word' id='word_1_57' title='bbox 332 874 496 929; x_wconf 89' lang='grc' dir='ltr'><strong>πάλιν</strong></span> <span class='ocrx_word' id='word_1_58' title='bbox 525 875 554 927; x_wconf 82' lang='grc' dir='ltr'><strong>ὁ</strong></span> <span class='ocrx_word' id='word_1_59' title='bbox 580 873 678 927; x_wconf 89' lang='grc' dir='ltr'><strong>τοῦ</strong></span> <span class='ocrx_word' id='word_1_60' title='bbox 709 875 991 944; x_wconf 83' lang='grc' dir='ltr'><strong>προφήτου</strong></span> <span class='ocrx_word' id='word_1_61' title='bbox 1012 874 1146 936; x_wconf 85' lang='grc' dir='ltr'><strong>Θεὸς</strong></span> <span class='ocrx_word' id='word_1_62' title='bbox 1173 873 1261 926; x_wconf 83' lang='grc' dir='ltr'><strong>διὰ</strong></span> <span class='ocrx_word' id='word_1_63' title='bbox 1288 872 1383 925; x_wconf 90' lang='grc' dir='ltr'><strong>τοῦ</strong></span> <span class='ocrx_word' id='word_1_64' title='bbox 1410 873 1691 943; x_wconf 80' lang='grc' dir='ltr'><strong>προφήτου</strong></span> <span class='ocrx_word' id='word_1_65' title='bbox 1726 873 1912 942; x_wconf 73' lang='grc' dir='ltr'><strong>φησίνο</strong></span> 
     </span>
    </p>
   </div>
   <div class='ocr_carea' id='block_1_12' title="bbox 335 963 1914 1029">
    <p class='ocr_par' dir='ltr' id='par_1_12' title="bbox 335 963 1914 1029">
     <span class='ocr_line' id='line_1_12' title="bbox 335 963 1914 1029; baseline -0.002 -11"><span class='ocrx_word' id='word_1_66' title='bbox 335 984 353 1017; x_wconf 78' lang='grc' dir='ltr'><strong>ι</strong></span> <span class='ocrx_word' id='word_1_67' title='bbox 388 966 465 1019; x_wconf 86' lang='grc' dir='ltr'><strong>Οὐ</strong></span> <span class='ocrx_word' id='word_1_68' title='bbox 513 964 610 1019; x_wconf 91' lang='grc' dir='ltr'><strong>νῦν</strong></span> <span class='ocrx_word' id='word_1_69' title='bbox 654 964 890 1019; x_wconf 83' lang='grc' dir='ltr'><strong>ἐκάλεσά</strong></span> <span class='ocrx_word' id='word_1_70' title='bbox 947 981 1029 1028; x_wconf 88' lang='grc' dir='ltr'><strong>σε,</strong></span> <span class='ocrx_word' id='word_1_71' title='bbox 1090 963 1307 1029; x_wconf 82' lang='grc' dir='ltr'><strong>Ἰακὼϐ,</strong></span> <span class='ocrx_word' id='word_1_72' title='bbox 1349 964 1472 1017; x_wconf 81' lang='grc' dir='ltr'><strong>οὐδὲ</strong></span> <span class='ocrx_word' id='word_1_73' title='bbox 1533 963 1793 1017; x_wconf 88' lang='grc' dir='ltr'><strong>κοπιάσαι</strong></span> <span class='ocrx_word' id='word_1_74' title='bbox 1856 980 1914 1015; x_wconf 87' lang='grc' dir='ltr'><strong>σε</strong></span> 
     </span>
    </p>
   </div>
   <div class='ocr_carea' id='block_1_13' title="bbox 331 1053 1911 1129">
    <p class='ocr_par' dir='ltr' id='par_1_13' title="bbox 331 1053 1911 1129">
     <span class='ocr_line' id='line_1_13' title="bbox 331 1053 1911 1129; baseline 0.005 -20"><span class='ocrx_word' id='word_1_75' title='bbox 331 1057 582 1129; x_wconf 80' lang='grc' dir='ltr'><strong>ἐποίησα,</strong></span> <span class='ocrx_word' id='word_1_76' title='bbox 638 1056 877 1128; x_wconf 84' lang='grc' dir='ltr'><strong>Ἰσραήλ.</strong></span> <span class='ocrx_word' id='word_1_77' title='bbox 914 1057 1027 1110; x_wconf 91' lang='grc' dir='ltr'><strong>Ούκ</strong></span> <span class='ocrx_word' id='word_1_78' title='bbox 1067 1056 1306 1127; x_wconf 82' lang='grc' dir='ltr'><strong>ήνεγκάς</strong></span> <span class='ocrx_word' id='word_1_79' title='bbox 1346 1072 1438 1125; x_wconf 87' lang='grc' dir='ltr'><strong>μοι</strong></span> <span class='ocrx_word' id='word_1_80' title='bbox 1481 1055 1726 1126; x_wconf 87' lang='grc' dir='ltr'><strong>πρόϐατα</strong></span> <span class='ocrx_word' id='word_1_81' title='bbox 1764 1053 1911 1126; x_wconf 79' lang='grc' dir='ltr'><strong>[τῆς]</strong></span> 
     </span>
    </p>
   </div>
   <div class='ocr_carea' id='block_1_14' title="bbox 327 1134 1914 1219">
    <p class='ocr_par' dir='ltr' id='par_1_14' title="bbox 327 1134 1914 1219">
     <span class='ocr_line' id='line_1_14' title="bbox 327 1134 1914 1219; baseline -0.003 -18"><span class='ocrx_word' id='word_1_82' title='bbox 327 1147 761 1219; x_wconf 85' lang='grc' dir='ltr'><strong>ὀλοκαρπώσεώς</strong></span> <span class='ocrx_word' id='word_1_83' title='bbox 794 1165 910 1211; x_wconf 85' lang='grc' dir='ltr'><strong>σου,</strong></span> <span class='ocrx_word' id='word_1_84' title='bbox 936 1148 1059 1200; x_wconf 79' lang='grc' dir='ltr'><strong>οὐδὲ</strong></span> <span class='ocrx_word' id='word_1_85' title='bbox 1091 1134 1153 1200; x_wconf 69' lang='grc' dir='ltr'><strong>ἐν</strong></span> <span class='ocrx_word' id='word_1_86' title='bbox 1188 1150 1308 1211; x_wconf 87' lang='grc' dir='ltr'><strong>ταῖς</strong></span> <span class='ocrx_word' id='word_1_87' title='bbox 1344 1145 1559 1209; x_wconf 76' lang='grc' dir='ltr'><strong>θυσίαις</strong></span> <span class='ocrx_word' id='word_1_88' title='bbox 1593 1163 1687 1199; x_wconf 89' lang='grc' dir='ltr'><strong>σου</strong></span> <span class='ocrx_word' id='word_1_89' title='bbox 1734 1144 1914 1210; x_wconf 79' lang='grc' dir='ltr'><strong>ἐδόξα-</strong></span> 
     </span>
    </p>
   </div>
   <div class='ocr_carea' id='block_1_15' title="bbox 330 1234 1914 1310">
    <p class='ocr_par' dir='ltr' id='par_1_15' title="bbox 330 1234 1914 1310">
     <span class='ocr_line' id='line_1_15' title="bbox 330 1234 1914 1310; baseline -0.005 -16"><span class='ocrx_word' id='word_1_90' title='bbox 330 1243 428 1304; x_wconf 91' lang='grc' dir='ltr'><strong>σάς</strong></span> <span class='ocrx_word' id='word_1_91' title='bbox 465 1258 534 1310; x_wconf 87' lang='grc' dir='ltr'><strong>με</strong></span> <span class='ocrx_word' id='word_1_92' title='bbox 554 1258 567 1271; x_wconf 91' lang='grc'><strong>·</strong></span> <span class='ocrx_word' id='word_1_93' title='bbox 594 1240 696 1293; x_wconf 87' lang='grc' dir='ltr'><strong>οὐκ</strong></span> <span class='ocrx_word' id='word_1_94' title='bbox 719 1238 1039 1301; x_wconf 83' lang='grc' dir='ltr'><strong>ἐδούλευσάς</strong></span> <span class='ocrx_word' id='word_1_95' title='bbox 1074 1256 1164 1309; x_wconf 85' lang='grc' dir='ltr'><strong>μοι</strong></span> <span class='ocrx_word' id='word_1_96' title='bbox 1201 1240 1259 1291; x_wconf 92' lang='grc' dir='ltr'><strong>ἐν</strong></span> <span class='ocrx_word' id='word_1_97' title='bbox 1285 1239 1497 1308; x_wconf 85' lang='grc' dir='ltr'><strong>δώροις,</strong></span> <span class='ocrx_word' id='word_1_98' title='bbox 1524 1236 1643 1289; x_wconf 86' lang='grc' dir='ltr'><strong>ούδέ</strong></span> <span class='ocrx_word' id='word_1_99' title='bbox 1679 1234 1914 1303; x_wconf 77' lang='grc' dir='ltr'><strong>ἐγκοπόν</strong></span> 
     </span>
    </p>
   </div>
   <div class='ocr_carea' id='block_1_16' title="bbox 331 1326 1912 1400">
    <p class='ocr_par' dir='ltr' id='par_1_16' title="bbox 331 1326 1912 1400">
     <span class='ocr_line' id='line_1_16' title="bbox 331 1326 1912 1400; baseline -0.004 -16"><span class='ocrx_word' id='word_1_100' title='bbox 331 1349 391 1384; x_wconf 90' lang='grc' dir='ltr'><strong>σε</strong></span> <span class='ocrx_word' id='word_1_101' title='bbox 416 1330 648 1400; x_wconf 89' lang='grc' dir='ltr'><strong>ἐποίησα</strong></span> <span class='ocrx_word' id='word_1_102' title='bbox 685 1332 744 1382; x_wconf 87' lang='grc' dir='ltr'><strong>ἐν</strong></span> <span class='ocrx_word' id='word_1_103' title='bbox 772 1327 1077 1397; x_wconf 77' lang='grc' dir='ltr'><strong>λιϐανωτῷο</strong></span> <span class='ocrx_word' id='word_1_104' title='bbox 1112 1327 1235 1381; x_wconf 84' lang='grc' dir='ltr'><strong>οὐδὲ</strong></span> <span class='ocrx_word' id='word_1_105' title='bbox 1268 1328 1486 1398; x_wconf 84' lang='grc' dir='ltr'><strong>ἐκτήσω</strong></span> <span class='ocrx_word' id='word_1_106' title='bbox 1526 1343 1617 1397; x_wconf 89' lang='grc' dir='ltr'><strong>μοι</strong></span> <span class='ocrx_word' id='word_1_107' title='bbox 1648 1326 1912 1397; x_wconf 85' lang='grc' dir='ltr'>ἀργυρίου</span> 
     </span>
    </p>
   </div>
   <div class='ocr_carea' id='block_1_17' title="bbox 335 1416 1909 1493">
    <p class='ocr_par' dir='ltr' id='par_1_17' title="bbox 335 1416 1909 1493">
     <span class='ocr_line' id='line_1_17' title="bbox 335 1416 1909 1493; baseline -0.004 -18"><span class='ocrx_word' id='word_1_108' title='bbox 335 1423 608 1493; x_wconf 83' lang='grc' dir='ltr'><strong>θυμίαμα,</strong></span> <span class='ocrx_word' id='word_1_109' title='bbox 636 1422 756 1474; x_wconf 80' lang='grc' dir='ltr'><strong>οὐδὲ</strong></span> <span class='ocrx_word' id='word_1_110' title='bbox 780 1420 947 1490; x_wconf 85' lang='grc' dir='ltr'><strong>στέαρ</strong></span> <span class='ocrx_word' id='word_1_111' title='bbox 974 1417 1128 1491; x_wconf 89' lang='grc' dir='ltr'><strong>[τῶν]</strong></span> <span class='ocrx_word' id='word_1_112' title='bbox 1151 1421 1194 1451; x_wconf 77' lang='grc' dir='ltr'><strong><em>⁵ο</em></strong></span> <span class='ocrx_word' id='word_1_113' title='bbox 1216 1419 1420 1471; x_wconf 83' lang='grc' dir='ltr'><strong>θυσιῶν</strong></span> <span class='ocrx_word' id='word_1_114' title='bbox 1446 1435 1539 1471; x_wconf 91' lang='grc' dir='ltr'><strong>σου</strong></span> <span class='ocrx_word' id='word_1_115' title='bbox 1568 1416 1909 1487; x_wconf 82' lang='grc' dir='ltr'><strong>ἐπεθύμησα’</strong></span> 
     </span>
    </p>
   </div>
   <div class='ocr_carea' id='block_1_18' title="bbox 330 1510 1910 1585">
    <p class='ocr_par' dir='ltr' id='par_1_18' title="bbox 330 1510 1910 1585">
     <span class='ocr_line' id='line_1_18' title="bbox 330 1510 1910 1585; baseline -0.004 -16"><span class='ocrx_word' id='word_1_116' title='bbox 330 1517 445 1569; x_wconf 84' lang='grc' dir='ltr'><strong>ἀλλ’</strong></span> <span class='ocrx_word' id='word_1_117' title='bbox 476 1516 535 1567; x_wconf 77' lang='grc' dir='ltr'><strong>ὲν</strong></span> <span class='ocrx_word' id='word_1_118' title='bbox 562 1515 685 1577; x_wconf 88' lang='grc' dir='ltr'><strong>ταῖς</strong></span> <span class='ocrx_word' id='word_1_119' title='bbox 713 1515 1012 1585; x_wconf 79' lang='grc' dir='ltr'><strong>ἁμαρτίαις</strong></span> <span class='ocrx_word' id='word_1_120' title='bbox 1042 1530 1157 1577; x_wconf 91' lang='grc' dir='ltr'><strong>σου,</strong></span> <span class='ocrx_word' id='word_1_121' title='bbox 1187 1515 1282 1565; x_wconf 81' lang='grc' dir='ltr'><strong>καὶ</strong></span> <span class='ocrx_word' id='word_1_122' title='bbox 1311 1513 1370 1564; x_wconf 84' lang='grc' dir='ltr'><strong>ἐν</strong></span> <span class='ocrx_word' id='word_1_123' title='bbox 1398 1514 1522 1574; x_wconf 88' lang='grc' dir='ltr'><strong>ταῖς</strong></span> <span class='ocrx_word' id='word_1_124' title='bbox 1551 1510 1788 1575; x_wconf 84' lang='grc' dir='ltr'><strong>ἀδικίαις</strong></span> <span class='ocrx_word' id='word_1_125' title='bbox 1817 1528 1910 1563; x_wconf 91' lang='grc' dir='ltr'><strong>σου</strong></span> 
     </span>
    </p>
   </div>
   <div class='ocr_carea' id='block_1_19' title="bbox 328 1601 1913 1677">
    <p class='ocr_par' dir='ltr' id='par_1_19' title="bbox 328 1601 1913 1677">
     <span class='ocr_line' id='line_1_19' title="bbox 328 1601 1913 1677; baseline -0.002 -19"><span class='ocrx_word' id='word_1_126' title='bbox 328 1606 602 1677; x_wconf 84' lang='grc' dir='ltr'><strong>προέστην</strong></span> <span class='ocrx_word' id='word_1_127' title='bbox 644 1622 727 1657; x_wconf 91' lang='grc' dir='ltr'><strong>σοι</strong></span> <span class='ocrx_word' id='word_1_128' title='bbox 752 1604 818 1658; x_wconf 69' lang='grc' dir='ltr'><strong>δί.</strong></span> <span class='ocrx_word' id='word_1_129' title='bbox 848 1624 867 1656; x_wconf 74' lang='grc' dir='ltr'><strong>ι</strong></span> <span class='ocrx_word' id='word_1_130' title='bbox 916 1603 1103 1667; x_wconf 83' lang='grc' dir='ltr'><strong>Οὕτως</strong></span> <span class='ocrx_word' id='word_1_131' title='bbox 1135 1604 1297 1658; x_wconf 88' lang='grc' dir='ltr'><strong>πάλιν</strong></span> <span class='ocrx_word' id='word_1_132' title='bbox 1324 1602 1504 1669; x_wconf 79' lang='grc' dir='ltr'><strong>δείξας</strong></span> <span class='ocrx_word' id='word_1_133' title='bbox 1539 1601 1773 1672; x_wconf 82' lang='grc' dir='ltr'><strong>ἀνόνητα</strong></span> <span class='ocrx_word' id='word_1_134' title='bbox 1815 1602 1913 1671; x_wconf 86' lang='grc' dir='ltr'><strong>τῆς</strong></span> 
     </span>
    </p>
   </div>
   <div class='ocr_carea' id='block_1_20' title="bbox 326 1694 1911 1770">
    <p class='ocr_par' dir='ltr' id='par_1_20' title="bbox 326 1694 1911 1770">
     <span class='ocr_line' id='line_1_20' title="bbox 326 1694 1911 1770; baseline -0.004 -18"><span class='ocrx_word' id='word_1_135' title='bbox 326 1698 563 1770; x_wconf 82' lang='grc' dir='ltr'><strong>νομικῆς</strong></span> <span class='ocrx_word' id='word_1_136' title='bbox 596 1696 906 1767; x_wconf 75' lang='grc' dir='ltr'><strong>ἱερουργίας</strong></span> <span class='ocrx_word' id='word_1_137' title='bbox 950 1696 1020 1748; x_wconf 86' lang='grc' dir='ltr'><strong>τά</strong></span> <span class='ocrx_word' id='word_1_138' title='bbox 1049 1695 1185 1764; x_wconf 74' lang='grc' dir='ltr'><strong>εἴδη,</strong></span> <span class='ocrx_word' id='word_1_139' title='bbox 1219 1695 1559 1764; x_wconf 82' lang='grc' dir='ltr'><strong>ὑπισχνεῖται</strong></span> <span class='ocrx_word' id='word_1_140' title='bbox 1592 1694 1702 1747; x_wconf 86' lang='grc' dir='ltr'><strong>τῶν</strong></span> <span class='ocrx_word' id='word_1_141' title='bbox 1729 1694 1911 1763; x_wconf 85' lang='grc' dir='ltr'><strong>ἁμαρ-</strong></span> 
     </span>
    </p>
   </div>
   <div class='ocr_carea' id='block_1_21' title="bbox 2018 509 3594 585">
    <p class='ocr_par' dir='ltr' id='par_1_21' title="bbox 2018 509 3594 585">
     <span class='ocr_line' id='line_1_21' title="bbox 2018 509 3594 585; baseline 0.006 -23"><span class='ocrx_word' id='word_1_142' title='bbox 2018 509 2206 580; x_wconf 84' lang='lat' dir='ltr'><strong>Neque</strong></span> <span class='ocrx_word' id='word_1_143' title='bbox 2250 514 2582 579; x_wconf 75' lang='lat' dir='ltr'><strong>comparasti</strong></span> <span class='ocrx_word' id='word_1_144' title='bbox 2625 514 2757 566; x_wconf 90' lang='lat' dir='ltr'><strong>mihi</strong></span> <span class='ocrx_word' id='word_1_145' title='bbox 2811 515 2976 584; x_wconf 69' lang='lat'><strong>892</strong></span> <span class='ocrx_word' id='word_1_146' title='bbox 3008 524 3234 585; x_wconf 88' lang='lat' dir='ltr'><strong>argento</strong></span> <span class='ocrx_word' id='word_1_147' title='bbox 3274 516 3594 585; x_wconf 75' lang='lat' dir='ltr'><strong>thymiama,</strong></span> 
     </span>
    </p>
   </div>
   <div class='ocr_carea' id='block_1_22' title="bbox 2019 603 3596 678">
    <p class='ocr_par' dir='ltr' id='par_1_22' title="bbox 2019 603 3596 678">
     <span class='ocr_line' id='line_1_22' title="bbox 2019 603 3596 678; baseline 0.006 -24"><span class='ocrx_word' id='word_1_148' title='bbox 2019 615 2197 671; x_wconf 89' lang='lat' dir='ltr'><strong>neque</strong></span> <span class='ocrx_word' id='word_1_149' title='bbox 2251 603 2467 672; x_wconf 87' lang='lat' dir='ltr'><strong>adipem</strong></span> <span class='ocrx_word' id='word_1_150' title='bbox 2502 605 2848 659; x_wconf 77' lang='lat' dir='ltr'><strong>victimarum</strong></span> <span class='ocrx_word' id='word_1_151' title='bbox 2889 616 3106 661; x_wconf 83' lang='lat' dir='ltr'><strong>tuarum</strong></span> <span class='ocrx_word' id='word_1_152' title='bbox 3158 609 3469 678; x_wconf 87' lang='lat' dir='ltr'><strong>concupivi,</strong></span> <span class='ocrx_word' id='word_1_153' title='bbox 3501 610 3596 664; x_wconf 88' lang='lat' dir='ltr'><strong>sed</strong></span> 
     </span>
    </p>
   </div>
   <div class='ocr_carea' id='block_1_23' title="bbox 2018 688 3588 769">
    <p class='ocr_par' dir='ltr' id='par_1_23' title="bbox 2018 688 3588 769">
     <span class='ocr_line' id='line_1_23' title="bbox 2018 688 3588 769; baseline 0.004 -23"><span class='ocrx_word' id='word_1_154' title='bbox 2018 692 2075 746; x_wconf 92' lang='lat' dir='ltr'><strong>in</strong></span> <span class='ocrx_word' id='word_1_155' title='bbox 2108 688 2350 762; x_wconf 70' lang='lat' dir='ltr'><strong>péccatis</strong></span> <span class='ocrx_word' id='word_1_156' title='bbox 2381 696 2509 759; x_wconf 86' lang='lat' dir='ltr'><strong>tuis,</strong></span> <span class='ocrx_word' id='word_1_157' title='bbox 2533 706 2589 749; x_wconf 91' lang='lat' dir='ltr'><strong>et</strong></span> <span class='ocrx_word' id='word_1_158' title='bbox 2616 696 2670 751; x_wconf 90' lang='lat' dir='ltr'><strong>in</strong></span> <span class='ocrx_word' id='word_1_159' title='bbox 2705 697 2991 768; x_wconf 83' lang='lat' dir='ltr'><strong>iujustitiis</strong></span> <span class='ocrx_word' id='word_1_160' title='bbox 3011 700 3120 753; x_wconf 85' lang='lat' dir='ltr'><strong>tuis</strong></span> <span class='ocrx_word' id='word_1_161' title='bbox 3154 701 3371 769; x_wconf 78' lang='lat' dir='ltr'><strong>protexi</strong></span> <span class='ocrx_word' id='word_1_162' title='bbox 3412 708 3464 755; x_wconf 90' lang='lat' dir='ltr'><strong>te</strong></span> <span class='ocrx_word' id='word_1_163' title='bbox 3482 712 3530 755; x_wconf 71' lang='grc' dir='ltr'><strong>α.</strong></span> <span class='ocrx_word' id='word_1_164' title='bbox 3571 722 3588 752; x_wconf 79' lang='grc' dir='ltr'><strong>ι</strong></span> 
     </span>
    </p>
   </div>
   <div class='ocr_carea' id='block_1_24' title="bbox 2017 783 3594 857">
    <p class='ocr_par' dir='ltr' id='par_1_24' title="bbox 2017 783 3594 857">
     <span class='ocr_line' id='line_1_24' title="bbox 2017 783 3594 857; baseline 0.006 -21"><span class='ocrx_word' id='word_1_165' title='bbox 2017 783 2097 837; x_wconf 93' lang='lat' dir='ltr'><strong>lta</strong></span> <span class='ocrx_word' id='word_1_166' title='bbox 2128 799 2325 838; x_wconf 88' lang='lat' dir='ltr'><strong>rursus</strong></span> <span class='ocrx_word' id='word_1_167' title='bbox 2354 784 2558 855; x_wconf 77' lang='lat' dir='ltr'><strong>legales</strong></span> <span class='ocrx_word' id='word_1_168' title='bbox 2593 786 2845 841; x_wconf 82' lang='lat' dir='ltr'><strong>victimas</strong></span> <span class='ocrx_word' id='word_1_169' title='bbox 2872 788 3098 843; x_wconf 85' lang='lat' dir='ltr'><strong>inutiles</strong></span> <span class='ocrx_word' id='word_1_170' title='bbox 3127 804 3248 845; x_wconf 85' lang='lat' dir='ltr'><strong>esse</strong></span> <span class='ocrx_word' id='word_1_171' title='bbox 3277 791 3594 857; x_wconf 88' lang='lat' dir='ltr'><strong>ostendens,</strong></span> 
     </span>
    </p>
   </div>
   <div class='ocr_carea' id='block_1_25' title="bbox 2016 876 3597 951">
    <p class='ocr_par' dir='ltr' id='par_1_25' title="bbox 2016 876 3597 951">
     <span class='ocr_line' id='line_1_25' title="bbox 2016 876 3597 951; baseline 0.005 -24"><span class='ocrx_word' id='word_1_172' title='bbox 2016 883 2369 942; x_wconf 82' lang='lat' dir='ltr'><strong>peccatorum</strong></span> <span class='ocrx_word' id='word_1_173' title='bbox 2407 876 2660 941; x_wconf 87' lang='lat' dir='ltr'><strong>veniam,</strong></span> <span class='ocrx_word' id='word_1_174' title='bbox 2695 891 2819 946; x_wconf 60' lang='lat' dir='ltr'><strong>qua;</strong></span> <span class='ocrx_word' id='word_1_175' title='bbox 2867 893 2965 946; x_wconf 87' lang='lat' dir='ltr'><strong>per</strong></span> <span class='ocrx_word' id='word_1_176' title='bbox 3019 889 3272 934; x_wconf 87' lang='lat' dir='ltr'><strong>sanctum</strong></span> <span class='ocrx_word' id='word_1_177' title='bbox 3326 880 3597 951; x_wconf 81' lang='lat' dir='ltr'><strong>baptisma</strong></span> 
     </span>
    </p>
   </div>
   <div class='ocr_carea' id='block_1_26' title="bbox 2016 966 3635 1042">
    <p class='ocr_par' dir='ltr' id='par_1_26' title="bbox 2016 966 3635 1042">
     <span class='ocr_line' id='line_1_26' title="bbox 2016 966 3635 1042; baseline 0.005 -23"><span class='ocrx_word' id='word_1_178' title='bbox 2016 966 2343 1021; x_wconf 85' lang='lat' dir='ltr'><strong>mortalibus</strong></span> <span class='ocrx_word' id='word_1_179' title='bbox 2369 966 2493 1020; x_wconf 88' lang='lat' dir='ltr'><strong>data</strong></span> <span class='ocrx_word' id='word_1_180' title='bbox 2549 977 2666 1031; x_wconf 87' lang='lat' dir='ltr'><strong>est,</strong></span> <span class='ocrx_word' id='word_1_181' title='bbox 2721 968 3029 1037; x_wconf 86' lang='lat' dir='ltr'><strong>pollicetur.</strong></span> <span class='ocrx_word' id='word_1_182' title='bbox 3076 969 3166 1025; x_wconf 88' lang='lat' dir='ltr'><strong>Ait</strong></span> <span class='ocrx_word' id='word_1_183' title='bbox 3202 972 3390 1025; x_wconf 89' lang='lat' dir='ltr'><strong>enim:</strong></span> <span class='ocrx_word' id='word_1_184' title='bbox 3431 992 3448 1022; x_wconf 80' lang='grc' dir='ltr'><strong>ι</strong></span> <span class='ocrx_word' id='word_1_185' title='bbox 3481 974 3635 1042; x_wconf 56' lang='lat' dir='ltr'><strong>Ego:</strong></span> 
     </span>
    </p>
   </div>
   <div class='ocr_carea' id='block_1_27' title="bbox 2017 1057 3637 1133">
    <p class='ocr_par' dir='ltr' id='par_1_27' title="bbox 2017 1057 3637 1133">
     <span class='ocr_line' id='line_1_27' title="bbox 2017 1057 3637 1133; baseline 0.005 -22"><span class='ocrx_word' id='word_1_186' title='bbox 2017 1071 2139 1111; x_wconf 87' lang='lat' dir='ltr'><strong>sum</strong></span> <span class='ocrx_word' id='word_1_187' title='bbox 2170 1058 2263 1126; x_wconf 90' lang='lat' dir='ltr'><strong>qui</strong></span> <span class='ocrx_word' id='word_1_188' title='bbox 2290 1057 2447 1112; x_wconf 89' lang='lat' dir='ltr'><strong>deleo</strong></span> <span class='ocrx_word' id='word_1_189' title='bbox 2486 1058 2805 1128; x_wconf 85' lang='lat' dir='ltr'><strong>iniquitates</strong></span> <span class='ocrx_word' id='word_1_190' title='bbox 2838 1066 2957 1113; x_wconf 90' lang='lat' dir='ltr'><strong>tuas</strong></span> <span class='ocrx_word' id='word_1_191' title='bbox 2978 1070 3201 1130; x_wconf 86' lang='lat' dir='ltr'><strong>propter</strong></span> <span class='ocrx_word' id='word_1_192' title='bbox 3224 1078 3333 1128; x_wconf 90' lang='lat' dir='ltr'><strong>me,</strong></span> <span class='ocrx_word' id='word_1_193' title='bbox 3364 1072 3421 1117; x_wconf 89' lang='lat' dir='ltr'><strong>et</strong></span> <span class='ocrx_word' id='word_1_194' title='bbox 3463 1080 3593 1133; x_wconf 84' lang='lat' dir='ltr'><strong>pec-</strong></span> <span class='ocrx_word' id='word_1_195' title='bbox 3630 1094 3637 1111; x_wconf 87' lang='grc' dir='ltr'><strong>ι</strong></span> 
     </span>
    </p>
   </div>
   <div class='ocr_carea' id='block_1_28' title="bbox 2017 1149 3595 1221">
    <p class='ocr_par' dir='ltr' id='par_1_28' title="bbox 2017 1149 3595 1221">
     <span class='ocr_line' id='line_1_28' title="bbox 2017 1149 3595 1221; baseline 0.004 -20"><span class='ocrx_word' id='word_1_196' title='bbox 2017 1154 2264 1201; x_wconf 88' lang='lat' dir='ltr'><strong>catorum</strong></span> <span class='ocrx_word' id='word_1_197' title='bbox 2316 1155 2539 1201; x_wconf 88' lang='lat' dir='ltr'><strong>tuorum</strong></span> <span class='ocrx_word' id='word_1_198' title='bbox 2592 1164 2703 1202; x_wconf 90' lang='lat' dir='ltr'><strong>non</strong></span> <span class='ocrx_word' id='word_1_199' title='bbox 2734 1149 3067 1204; x_wconf 90' lang='lat' dir='ltr'><strong>recordabor</strong></span> <span class='ocrx_word' id='word_1_200' title='bbox 3092 1152 3137 1203; x_wconf 73' lang='grc' dir='ltr'><strong>δ.</strong></span> <span class='ocrx_word' id='word_1_201' title='bbox 3176 1170 3194 1202; x_wconf 76' lang='grc' dir='ltr'><strong>ι</strong></span> <span class='ocrx_word' id='word_1_202' title='bbox 3229 1152 3419 1221; x_wconf 87' lang='lat' dir='ltr'><strong>Neque</strong></span> <span class='ocrx_word' id='word_1_203' title='bbox 3447 1154 3595 1207; x_wconf 91' lang='lat' dir='ltr'><strong>enim</strong></span> 
     </span>
    </p>
   </div>
   <div class='ocr_carea' id='block_1_29' title="bbox 2016 1238 3596 1312">
    <p class='ocr_par' dir='ltr' id='par_1_29' title="bbox 2016 1238 3596 1312">
     <span class='ocr_line' id='line_1_29' title="bbox 2016 1238 3596 1312; baseline 0.005 -21"><span class='ocrx_word' id='word_1_204' title='bbox 2016 1238 2176 1292; x_wconf 88' lang='lat' dir='ltr'><strong>laude</strong></span> <span class='ocrx_word' id='word_1_205' title='bbox 2205 1238 2387 1308; x_wconf 84' lang='lat' dir='ltr'><strong>dignis</strong></span> <span class='ocrx_word' id='word_1_206' title='bbox 2423 1240 2687 1308; x_wconf 85' lang='lat' dir='ltr'><strong>operibus</strong></span> <span class='ocrx_word' id='word_1_207' title='bbox 2715 1241 2943 1304; x_wconf 88' lang='lat' dir='ltr'><strong>nostris,</strong></span> <span class='ocrx_word' id='word_1_208' title='bbox 2976 1242 3071 1295; x_wconf 92' lang='lat' dir='ltr'><strong>sed</strong></span> <span class='ocrx_word' id='word_1_209' title='bbox 3107 1258 3206 1312; x_wconf 88' lang='lat' dir='ltr'><strong>per</strong></span> <span class='ocrx_word' id='word_1_210' title='bbox 3234 1244 3405 1298; x_wconf 85' lang='lat' dir='ltr'><strong>solam</strong></span> <span class='ocrx_word' id='word_1_211' title='bbox 3431 1245 3596 1301; x_wconf 88' lang='lat' dir='ltr'><strong>ﬁdem</strong></span> 
     </span>
    </p>
   </div>
   <div class='ocr_carea' id='block_1_30' title="bbox 2016 1331 3598 1405">
    <p class='ocr_par' dir='ltr' id='par_1_30' title="bbox 2016 1331 3598 1405">
     <span class='ocr_line' id='line_1_30' title="bbox 2016 1331 3598 1405; baseline 0.006 -23"><span class='ocrx_word' id='word_1_212' title='bbox 2016 1331 2246 1400; x_wconf 84' lang='lat' dir='ltr'><strong>mystica</strong></span> <span class='ocrx_word' id='word_1_213' title='bbox 2276 1331 2419 1385; x_wconf 86' lang='lat' dir='ltr'><strong>bona</strong></span> <span class='ocrx_word' id='word_1_214' title='bbox 2458 1332 2740 1386; x_wconf 87' lang='lat' dir='ltr'><strong>consecuti</strong></span> <span class='ocrx_word' id='word_1_215' title='bbox 2783 1348 2994 1387; x_wconf 83' lang='lat' dir='ltr'><strong>sumus.</strong></span> <span class='ocrx_word' id='word_1_216' title='bbox 3039 1334 3179 1388; x_wconf 87' lang='lat' dir='ltr'><strong>Hinc</strong></span> <span class='ocrx_word' id='word_1_217' title='bbox 3220 1345 3277 1390; x_wconf 91' lang='lat' dir='ltr'><strong>et</strong></span> <span class='ocrx_word' id='word_1_218' title='bbox 3305 1337 3598 1405; x_wconf 81' lang='lat' dir='ltr'><strong>Apostolus</strong></span> 
     </span>
    </p>
   </div>
   <div class='ocr_carea' id='block_1_31' title="bbox 2014 1423 3597 1490">
    <p class='ocr_par' dir='ltr' id='par_1_31' title="bbox 2014 1423 3597 1490">
     <span class='ocr_line' id='line_1_31' title="bbox 2014 1423 3597 1490; baseline 0.006 -16"><span class='ocrx_word' id='word_1_219' title='bbox 2014 1423 2285 1476; x_wconf 83' lang='lat' dir='ltr'><strong>exclamat</strong></span> <span class='ocrx_word' id='word_1_220' title='bbox 2313 1440 2327 1475; x_wconf 90' lang='lat'><strong>:</strong></span> <span class='ocrx_word' id='word_1_221' title='bbox 2380 1443 2399 1474; x_wconf 76' lang='grc' dir='ltr'><strong>ι</strong></span> <span class='ocrx_word' id='word_1_222' title='bbox 2441 1424 2627 1479; x_wconf 85' lang='lat' dir='ltr'><strong>Gratia</strong></span> <span class='ocrx_word' id='word_1_223' title='bbox 2671 1425 2807 1478; x_wconf 87' lang='lat' dir='ltr'><strong>salvi</strong></span> <span class='ocrx_word' id='word_1_224' title='bbox 2833 1424 2961 1479; x_wconf 82' lang='lat' dir='ltr'><strong>facti</strong></span> <span class='ocrx_word' id='word_1_225' title='bbox 2995 1427 3150 1490; x_wconf 84' lang='lat' dir='ltr'><strong>estis,</strong></span> <span class='ocrx_word' id='word_1_226' title='bbox 3182 1438 3235 1481; x_wconf 89' lang='lat' dir='ltr'><strong>et</strong></span> <span class='ocrx_word' id='word_1_227' title='bbox 3261 1428 3364 1483; x_wconf 91' lang='lat' dir='ltr'><strong>hoc</strong></span> <span class='ocrx_word' id='word_1_228' title='bbox 3392 1445 3502 1484; x_wconf 92' lang='lat' dir='ltr'><strong>non</strong></span> <span class='ocrx_word' id='word_1_229' title='bbox 3531 1446 3597 1484; x_wconf 74' lang='lat' dir='ltr'><strong>ex</strong></span> 
     </span>
    </p>
   </div>
   <div class='ocr_carea' id='block_1_32' title="bbox 2014 1514 3599 1587">
    <p class='ocr_par' dir='ltr' id='par_1_32' title="bbox 2014 1514 3599 1587">
     <span class='ocr_line' id='line_1_32' title="bbox 2014 1514 3599 1587; baseline 0.003 -18"><span class='ocrx_word' id='word_1_230' title='bbox 2014 1514 2175 1569; x_wconf 85' lang='lat' dir='ltr'><strong>vobis</strong></span> <span class='ocrx_word' id='word_1_231' title='bbox 2210 1534 2221 1568; x_wconf 92' lang='lat'>:</span> <span class='ocrx_word' id='word_1_232' title='bbox 2254 1516 2351 1570; x_wconf 88' lang='lat' dir='ltr'><strong>Dei</strong></span> <span class='ocrx_word' id='word_1_233' title='bbox 2399 1524 2486 1570; x_wconf 88' lang='lat' dir='ltr'><strong>est</strong></span> <span class='ocrx_word' id='word_1_234' title='bbox 2538 1515 2769 1580; x_wconf 90' lang='lat' dir='ltr'><strong>donum,</strong></span> <span class='ocrx_word' id='word_1_235' title='bbox 2814 1532 2884 1570; x_wconf 89' lang='lat' dir='ltr'><strong>ne</strong></span> <span class='ocrx_word' id='word_1_236' title='bbox 2928 1516 3054 1586; x_wconf 88' lang='lat' dir='ltr'><strong>quis</strong></span> <span class='ocrx_word' id='word_1_237' title='bbox 3097 1518 3363 1587; x_wconf 79' lang='lat' dir='ltr'><strong>glorietur</strong></span> <span class='ocrx_word' id='word_1_238' title='bbox 3380 1530 3427 1571; x_wconf 79' lang='grc' dir='ltr'><strong>ο.</strong></span> <span class='ocrx_word' id='word_1_239' title='bbox 3461 1538 3479 1571; x_wconf 71' lang='grc' dir='ltr'><strong>ι</strong></span> <span class='ocrx_word' id='word_1_240' title='bbox 3539 1521 3599 1573; x_wconf 75' lang='grc' dir='ltr'><strong>ιιι</strong></span> 
     </span>
    </p>
   </div>
   <div class='ocr_carea' id='block_1_33' title="bbox 2017 1604 3598 1676">
    <p class='ocr_par' dir='ltr' id='par_1_33' title="bbox 2017 1604 3598 1676">
     <span class='ocr_line' id='line_1_33' title="bbox 2017 1604 3598 1676; baseline 0.003 -19"><span class='ocrx_word' id='word_1_241' title='bbox 2017 1604 2197 1674; x_wconf 90' lang='lat' dir='ltr'><strong>ipsum</strong></span> <span class='ocrx_word' id='word_1_242' title='bbox 2224 1605 2329 1659; x_wconf 86' lang='lat' dir='ltr'><strong>hoc</strong></span> <span class='ocrx_word' id='word_1_243' title='bbox 2360 1605 2481 1659; x_wconf 90' lang='lat' dir='ltr'><strong>loco</strong></span> <span class='ocrx_word' id='word_1_244' title='bbox 2513 1604 2850 1674; x_wconf 87' lang='lat' dir='ltr'><strong>signiﬁcans,</strong></span> <span class='ocrx_word' id='word_1_245' title='bbox 2886 1612 3101 1675; x_wconf 78' lang='lat' dir='ltr'><strong>propter</strong></span> <span class='ocrx_word' id='word_1_246' title='bbox 3130 1622 3213 1659; x_wconf 87' lang='lat' dir='ltr'><strong>me</strong></span> <span class='ocrx_word' id='word_1_247' title='bbox 3236 1605 3440 1676; x_wconf 89' lang='lat' dir='ltr'><strong>posuit.</strong></span> <span class='ocrx_word' id='word_1_248' title='bbox 3469 1607 3598 1662; x_wconf 64' lang='lat' dir='ltr'><strong>Haac</strong></span> 
     </span>
    </p>
   </div>
   <div class='ocr_carea' id='block_1_34' title="bbox 2014 1696 3598 1764">
    <p class='ocr_par' dir='ltr' id='par_1_34' title="bbox 2014 1696 3598 1764">
     <span class='ocr_line' id='line_1_34' title="bbox 2014 1696 3598 1764; baseline 0.002 -14"><span class='ocrx_word' id='word_1_249' title='bbox 2014 1706 2072 1750; x_wconf 93' lang='lat' dir='ltr'><strong>et</strong></span> <span class='ocrx_word' id='word_1_250' title='bbox 2100 1711 2197 1764; x_wconf 88' lang='lat' dir='ltr'><strong>per</strong></span> <span class='ocrx_word' id='word_1_251' title='bbox 2218 1696 2515 1750; x_wconf 79' lang='lat' dir='ltr'><strong>Jeremiam</strong></span> <span class='ocrx_word' id='word_1_252' title='bbox 2544 1704 2814 1750; x_wconf 87' lang='lat' dir='ltr'><strong>testatur:</strong></span> <span class='ocrx_word' id='word_1_253' title='bbox 2852 1716 2869 1747; x_wconf 80' lang='grc' dir='ltr'><strong>ι</strong></span> <span class='ocrx_word' id='word_1_254' title='bbox 2897 1696 3229 1751; x_wconf 86' lang='lat' dir='ltr'><strong>Holocausta</strong></span> <span class='ocrx_word' id='word_1_255' title='bbox 3249 1708 3435 1753; x_wconf 90' lang='lat' dir='ltr'><strong>vestra</strong></span> <span class='ocrx_word' id='word_1_256' title='bbox 3466 1715 3598 1754; x_wconf 89' lang='lat' dir='ltr'><strong>con-</strong></span> 
     </span>
    </p>
   </div>
   <div class='ocr_carea' id='block_1_35' title="bbox 323 1779 1912 1861">
    <p class='ocr_par' dir='ltr' id='par_1_35' title="bbox 323 1784 1912 1861">
     <span class='ocr_line' id='line_1_35' title="bbox 323 1784 1912 1861; baseline -0.006 -16"><span class='ocrx_word' id='word_1_257' title='bbox 323 1791 593 1861; x_wconf 85' lang='grc' dir='ltr'><strong>τημάτων</strong></span> <span class='ocrx_word' id='word_1_258' title='bbox 622 1790 721 1859; x_wconf 77' lang='grc' dir='ltr'><strong>τὴν</strong></span> <span class='ocrx_word' id='word_1_259' title='bbox 747 1791 960 1857; x_wconf 81' lang='grc' dir='ltr'><strong>ἄφεσιν,</strong></span> <span class='ocrx_word' id='word_1_260' title='bbox 983 1788 1050 1858; x_wconf 71' lang='grc' dir='ltr'><strong>ἢν</strong></span> <span class='ocrx_word' id='word_1_261' title='bbox 1069 1788 1157 1841; x_wconf 81' lang='grc' dir='ltr'><strong>διὰ</strong></span> <span class='ocrx_word' id='word_1_262' title='bbox 1182 1786 1274 1840; x_wconf 84' lang='grc' dir='ltr'><strong>τοῦ</strong></span> <span class='ocrx_word' id='word_1_263' title='bbox 1300 1784 1569 1854; x_wconf 90' lang='grc' dir='ltr'><strong>παναγίου</strong></span> <span class='ocrx_word' id='word_1_264' title='bbox 1605 1785 1912 1854; x_wconf 85' lang='grc' dir='ltr'><strong>βαπτίσμα-</strong></span> 
     </span>
    </p>
   </div>
   <div class='ocr_carea' id='block_1_36' title="bbox 2014 1779 3592 1861">
    <p class='ocr_par' dir='ltr' id='par_1_36' title="bbox 2014 1788 3592 1859">
     <span class='ocr_line' id='line_1_36' title="bbox 2014 1788 3592 1859; baseline 0.002 -16"><span class='ocrx_word' id='word_1_265' title='bbox 2014 1798 2239 1859; x_wconf 68' lang='lat' dir='ltr'><strong>gregate</strong></span> <span class='ocrx_word' id='word_1_266' title='bbox 2299 1803 2425 1843; x_wconf 90' lang='lat' dir='ltr'><strong>cum</strong></span> <span class='ocrx_word' id='word_1_267' title='bbox 2461 1788 2776 1842; x_wconf 79' lang='lat' dir='ltr'><strong>-sacriﬁciis</strong></span> <span class='ocrx_word' id='word_1_268' title='bbox 2806 1789 3008 1843; x_wconf 83' lang='lat' dir='ltr'><strong>vestris</strong></span> <span class='ocrx_word' id='word_1_269' title='bbox 3052 1798 3109 1843; x_wconf 92' lang='lat' dir='ltr'><strong>et</strong></span> <span class='ocrx_word' id='word_1_270' title='bbox 3159 1789 3309 1844; x_wconf 91' lang='lat' dir='ltr'><strong>edite</strong></span> <span class='ocrx_word' id='word_1_271' title='bbox 3348 1805 3592 1855; x_wconf 86' lang='lat' dir='ltr'><strong>carnem,</strong></span> 
     </span>
    </p>
   </div>
   <div class='ocr_carea' id='block_1_37' title="bbox 322 1875 1909 1953">
    <p class='ocr_par' dir='ltr' id='par_1_37' title="bbox 322 1875 1909 1953">
     <span class='ocr_line' id='line_1_37' title="bbox 322 1875 1909 1953; baseline -0.008 -15"><span class='ocrx_word' id='word_1_272' title='bbox 322 1902 417 1948; x_wconf 84' lang='grc' dir='ltr'><strong>τος</strong></span> <span class='ocrx_word' id='word_1_273' title='bbox 453 1883 785 1953; x_wconf 83' lang='grc' dir='ltr'><strong>ἐδωρήσατο·</strong></span> <span class='ocrx_word' id='word_1_274' title='bbox 826 1900 844 1932; x_wconf 78' lang='grc' dir='ltr'><strong>ι</strong></span> <span class='ocrx_word' id='word_1_275' title='bbox 869 1879 1009 1948; x_wconf 85' lang='grc' dir='ltr'><strong>Ἐγώ</strong></span> <span class='ocrx_word' id='word_1_276' title='bbox 1036 1880 1152 1950; x_wconf 90' lang='grc' dir='ltr'><strong>είμι</strong></span> <span class='ocrx_word' id='word_1_277' title='bbox 1188 1880 1235 1909; x_wconf 64' lang='grc' dir='ltr'>δ’</span> <span class='ocrx_word' id='word_1_278' title='bbox 1269 1878 1298 1930; x_wconf 84' lang='grc' dir='ltr'><strong>ὁ</strong></span> <span class='ocrx_word' id='word_1_279' title='bbox 1328 1876 1626 1945; x_wconf 84' lang='grc' dir='ltr'><strong>ἐξαλείφων</strong></span> <span class='ocrx_word' id='word_1_280' title='bbox 1659 1875 1757 1936; x_wconf 77' lang='grc' dir='ltr'><strong>τὰς</strong></span> <span class='ocrx_word' id='word_1_281' title='bbox 1786 1875 1909 1926; x_wconf 83' lang='grc' dir='ltr'><strong>ἀνο-</strong></span> 
     </span>
    </p>
   </div>
   <div class='ocr_carea' id='block_1_38' title="bbox 327 1966 1908 2048">
    <p class='ocr_par' dir='ltr' id='par_1_38' title="bbox 327 1966 1908 2048">
     <span class='ocr_line' id='line_1_38' title="bbox 327 1966 1908 2048; baseline -0.015 -19"><span class='ocrx_word' id='word_1_282' title='bbox 327 1978 460 2048; x_wconf 83' lang='grc' dir='ltr'><strong>μίας</strong></span> <span class='ocrx_word' id='word_1_283' title='bbox 487 1992 581 2028; x_wconf 89' lang='grc' dir='ltr'><strong>σου</strong></span> <span class='ocrx_word' id='word_1_284' title='bbox 606 1974 791 2027; x_wconf 72' lang='grc' dir='ltr'><strong>ἕνεκεν</strong></span> <span class='ocrx_word' id='word_1_285' title='bbox 820 1970 977 2042; x_wconf 90' lang='grc' dir='ltr'><strong>ἐμοῦ,</strong></span> <span class='ocrx_word' id='word_1_286' title='bbox 1010 1971 1102 2023; x_wconf 74' lang='grc' dir='ltr'><strong>καὶ</strong></span> <span class='ocrx_word' id='word_1_287' title='bbox 1130 1968 1231 2032; x_wconf 85' lang='grc' dir='ltr'><strong>τὰς</strong></span> <span class='ocrx_word' id='word_1_288' title='bbox 1263 1968 1533 2039; x_wconf 80' lang='grc' dir='ltr'><strong>ἁμαρτίας</strong></span> <span class='ocrx_word' id='word_1_289' title='bbox 1568 1983 1659 2019; x_wconf 83' lang='grc' dir='ltr'><strong>σου</strong></span> <span class='ocrx_word' id='word_1_290' title='bbox 1678 1967 1738 2019; x_wconf 81' lang='grc' dir='ltr'><strong>οὺ</strong></span> <span class='ocrx_word' id='word_1_291' title='bbox 1773 1966 1846 2035; x_wconf 72' lang='grc' dir='ltr'><strong>μὴ</strong></span> <span class='ocrx_word' id='word_1_292' title='bbox 1862 1966 1908 1997; x_wconf 74' lang='grc' dir='ltr'>δι</span> 
     </span>
    </p>
   </div>
   <div class='ocr_carea' id='block_1_39' title="bbox 328 2058 1907 2138">
    <p class='ocr_par' dir='ltr' id='par_1_39' title="bbox 328 2058 1907 2138">
     <span class='ocr_line' id='line_1_39' title="bbox 328 2058 1907 2138; baseline -0.006 -19"><span class='ocrx_word' id='word_1_293' title='bbox 328 2068 735 2138; x_wconf 87' lang='grc' dir='ltr'><strong>μνησθήσομαι.</strong></span> <span class='ocrx_word' id='word_1_294' title='bbox 767 2082 784 2115; x_wconf 77' lang='grc' dir='ltr'><strong>ι</strong></span> <span class='ocrx_word' id='word_1_295' title='bbox 834 2064 906 2116; x_wconf 83' lang='grc' dir='ltr'><strong>Οὐ</strong></span> <span class='ocrx_word' id='word_1_296' title='bbox 944 2061 1052 2133; x_wconf 82' lang='grc' dir='ltr'><strong>γὰρ</strong></span> <span class='ocrx_word' id='word_1_297' title='bbox 1077 2060 1142 2131; x_wconf 81' lang='grc' dir='ltr'><strong>δὴ</strong></span> <span class='ocrx_word' id='word_1_298' title='bbox 1175 2060 1222 2091; x_wconf 75' lang='grc'><strong>’⁵⁸⁵</strong></span> <span class='ocrx_word' id='word_1_299' title='bbox 1252 2059 1319 2113; x_wconf 84' lang='grc' dir='ltr'><strong>δι’</strong></span> <span class='ocrx_word' id='word_1_300' title='bbox 1352 2058 1531 2130; x_wconf 72' lang='grc' dir='ltr'><strong>ἔργων</strong></span> <span class='ocrx_word' id='word_1_301' title='bbox 1559 2058 1907 2125; x_wconf 82' lang='grc' dir='ltr'><strong>ἀξιεπαίνων,</strong></span> 
     </span>
    </p>
   </div>
   <div class='ocr_carea' id='block_1_40' title="bbox 324 2150 1911 2224">
    <p class='ocr_par' dir='ltr' id='par_1_40' title="bbox 324 2150 1911 2224">
     <span class='ocr_line' id='line_1_40' title="bbox 324 2150 1911 2224; baseline -0.006 -13"><span class='ocrx_word' id='word_1_302' title='bbox 324 2158 465 2211; x_wconf 83' lang='grc' dir='ltr'><strong>ἀλλά</strong></span> <span class='ocrx_word' id='word_1_303' title='bbox 500 2156 587 2209; x_wconf 84' lang='grc' dir='ltr'><strong>διὰ</strong></span> <span class='ocrx_word' id='word_1_304' title='bbox 617 2158 783 2224; x_wconf 84' lang='grc' dir='ltr'><strong>μόνης</strong></span> <span class='ocrx_word' id='word_1_305' title='bbox 812 2153 1049 2214; x_wconf 88' lang='grc' dir='ltr'><strong>πίστεως</strong></span> <span class='ocrx_word' id='word_1_306' title='bbox 1081 2151 1190 2203; x_wconf 88' lang='grc' dir='ltr'><strong>τῶν</strong></span> <span class='ocrx_word' id='word_1_307' title='bbox 1222 2150 1499 2221; x_wconf 79' lang='grc' dir='ltr'><strong>μυστικῶν</strong></span> <span class='ocrx_word' id='word_1_308' title='bbox 1534 2150 1911 2219; x_wconf 82' lang='grc' dir='ltr'><strong>τετυχήκαμεν</strong></span> 
     </span>
    </p>
   </div>
   <div class='ocr_carea' id='block_1_41' title="bbox 321 2238 1905 2315">
    <p class='ocr_par' dir='ltr' id='par_1_41' title="bbox 321 2238 1905 2315">
     <span class='ocr_line' id='line_1_41' title="bbox 321 2238 1905 2315; baseline -0.007 -14"><span class='ocrx_word' id='word_1_309' title='bbox 321 2246 569 2315; x_wconf 77' lang='grc' dir='ltr'><strong>ἀγαθῶν.</strong></span> <span class='ocrx_word' id='word_1_310' title='bbox 616 2243 705 2313; x_wconf 87' lang='grc' dir='ltr'><strong>Τῷ</strong></span> <span class='ocrx_word' id='word_1_311' title='bbox 759 2260 841 2297; x_wconf 89' lang='grc' dir='ltr'><strong>τοι</strong></span> <span class='ocrx_word' id='word_1_312' title='bbox 888 2243 983 2296; x_wconf 73' lang='grc' dir='ltr'><strong>καὶ</strong></span> <span class='ocrx_word' id='word_1_313' title='bbox 1033 2243 1062 2294; x_wconf 87' lang='grc' dir='ltr'><strong>ὁ</strong></span> <span class='ocrx_word' id='word_1_314' title='bbox 1108 2240 1251 2304; x_wconf 87' lang='grc' dir='ltr'><strong>θεῖος</strong></span> <span class='ocrx_word' id='word_1_315' title='bbox 1292 2238 1613 2301; x_wconf 82' lang='grc' dir='ltr'><strong>Ἀπόστολος</strong></span> <span class='ocrx_word' id='word_1_316' title='bbox 1651 2240 1905 2309; x_wconf 80' lang='grc' dir='ltr'><strong>κέκραγε·</strong></span> 
     </span>
    </p>
   </div>
   <div class='ocr_carea' id='block_1_42' title="bbox 330 2328 1907 2408">
    <p class='ocr_par' dir='ltr' id='par_1_42' title="bbox 330 2328 1907 2408">
     <span class='ocr_line' id='line_1_42' title="bbox 330 2328 1907 2408; baseline -0.008 -17"><span class='ocrx_word' id='word_1_317' title='bbox 330 2358 351 2390; x_wconf 71' lang='grc' dir='ltr'><strong>ι</strong></span> <span class='ocrx_word' id='word_1_318' title='bbox 380 2336 593 2408; x_wconf 81' lang='grc' dir='ltr'><strong>Χάριτί·</strong></span> <span class='ocrx_word' id='word_1_319' title='bbox 630 2336 753 2389; x_wconf 78' lang='grc' dir='ltr'><strong>ἐστε</strong></span> <span class='ocrx_word' id='word_1_320' title='bbox 786 2334 1140 2403; x_wconf 71' lang='grc' dir='ltr'><strong>σεσωσμένον</strong></span> <span class='ocrx_word' id='word_1_321' title='bbox 1175 2332 1271 2385; x_wconf 80' lang='grc' dir='ltr'><strong>καὶ</strong></span> <span class='ocrx_word' id='word_1_322' title='bbox 1309 2330 1467 2383; x_wconf 85' lang='grc' dir='ltr'><strong>τοῦτο</strong></span> <span class='ocrx_word' id='word_1_323' title='bbox 1506 2329 1605 2381; x_wconf 86' lang='grc' dir='ltr'><strong>οὐκ</strong></span> <span class='ocrx_word' id='word_1_324' title='bbox 1644 2329 1703 2396; x_wconf 78' lang='grc' dir='ltr'><strong>ἐξ</strong></span> <span class='ocrx_word' id='word_1_325' title='bbox 1735 2328 1907 2399; x_wconf 81' lang='grc' dir='ltr'><strong>ὑμῶν’</strong></span> 
     </span>
    </p>
   </div>
   <div class='ocr_carea' id='block_1_43' title="bbox 321 2418 1912 2496">
    <p class='ocr_par' dir='ltr' id='par_1_43' title="bbox 321 2418 1912 2496">
     <span class='ocr_line' id='line_1_43' title="bbox 321 2418 1912 2496; baseline -0.006 -15"><span class='ocrx_word' id='word_1_326' title='bbox 321 2428 465 2482; x_wconf 83' lang='grc' dir='ltr'><strong>Θεοῦ</strong></span> <span class='ocrx_word' id='word_1_327' title='bbox 510 2427 573 2480; x_wconf 83' lang='grc' dir='ltr'><strong>τὸ</strong></span> <span class='ocrx_word' id='word_1_328' title='bbox 616 2426 808 2496; x_wconf 87' lang='grc' dir='ltr'><strong>δῶρον,</strong></span> <span class='ocrx_word' id='word_1_329' title='bbox 852 2426 940 2478; x_wconf 80' lang='grc' dir='ltr'><strong>ἵνα</strong></span> <span class='ocrx_word' id='word_1_330' title='bbox 994 2425 1068 2494; x_wconf 87' lang='grc' dir='ltr'><strong>μή</strong></span> <span class='ocrx_word' id='word_1_331' title='bbox 1120 2440 1205 2484; x_wconf 88' lang='grc' dir='ltr'><strong>τις</strong></span> <span class='ocrx_word' id='word_1_332' title='bbox 1256 2422 1617 2492; x_wconf 83' lang='grc' dir='ltr'><strong>καυχήσηται.</strong></span> <span class='ocrx_word' id='word_1_333' title='bbox 1662 2439 1681 2471; x_wconf 72' lang='grc' dir='ltr'><strong>ι</strong></span> <span class='ocrx_word' id='word_1_334' title='bbox 1741 2418 1912 2473; x_wconf 86' lang='grc' dir='ltr'><strong>Τοῦτο</strong></span> 
     </span>
    </p>
   </div>
   <div class='ocr_carea' id='block_1_44' title="bbox 324 2510 1914 2588">
    <p class='ocr_par' dir='ltr' id='par_1_44' title="bbox 324 2510 1914 2588">
     <span class='ocr_line' id='line_1_44' title="bbox 324 2510 1914 2588; baseline -0.008 -14"><span class='ocrx_word' id='word_1_335' title='bbox 324 2520 609 2574; x_wconf 85' lang='grc' dir='ltr'><strong>κάνταῦθα</strong></span> <span class='ocrx_word' id='word_1_336' title='bbox 651 2518 847 2588; x_wconf 84' lang='grc' dir='ltr'><strong>δηλῶν,</strong></span> <span class='ocrx_word' id='word_1_337' title='bbox 887 2518 948 2570; x_wconf 87' lang='grc' dir='ltr'><strong>τὸ</strong></span> <span class='ocrx_word' id='word_1_338' title='bbox 982 2516 1193 2570; x_wconf 74' lang='grc' dir='ltr'><strong>ἕνεκεν</strong></span> <span class='ocrx_word' id='word_1_339' title='bbox 1222 2513 1367 2583; x_wconf 79' lang='grc' dir='ltr'><strong>ἐμοῦ</strong></span> <span class='ocrx_word' id='word_1_340' title='bbox 1396 2513 1607 2566; x_wconf 80' lang='grc' dir='ltr'><strong>τέθεικε</strong></span> <span class='ocrx_word' id='word_1_341' title='bbox 1628 2510 1694 2565; x_wconf 70' lang='grc'><strong>⁸⁵.</strong></span> <span class='ocrx_word' id='word_1_342' title='bbox 1729 2510 1914 2563; x_wconf 89' lang='grc' dir='ltr'><strong>Ταῦτα</strong></span> 
     </span>
    </p>
   </div>
   <div class='ocr_carea' id='block_1_45' title="bbox 323 2604 1914 2681">
    <p class='ocr_par' dir='ltr' id='par_1_45' title="bbox 323 2604 1914 2681">
     <span class='ocr_line' id='line_1_45' title="bbox 323 2604 1914 2681; baseline -0.006 -15"><span class='ocrx_word' id='word_1_343' title='bbox 323 2614 427 2667; x_wconf 73' lang='grc' dir='ltr'><strong>καὶ</strong></span> <span class='ocrx_word' id='word_1_344' title='bbox 468 2611 558 2664; x_wconf 73' lang='grc' dir='ltr'><strong>διὰ</strong></span> <span class='ocrx_word' id='word_1_345' title='bbox 593 2610 861 2681; x_wconf 87' lang='grc' dir='ltr'><strong>Ἱερεμίου</strong></span> <span class='ocrx_word' id='word_1_346' title='bbox 901 2606 1353 2678; x_wconf 86' lang='grc' dir='ltr'><strong>διαμαρτύρεται,</strong></span> <span class='ocrx_word' id='word_1_347' title='bbox 1388 2604 1585 2672; x_wconf 77' lang='grc' dir='ltr'><strong>λέγων’</strong></span> <span class='ocrx_word' id='word_1_348' title='bbox 1627 2621 1645 2655; x_wconf 75' lang='grc' dir='ltr'><strong>ι</strong></span> <span class='ocrx_word' id='word_1_349' title='bbox 1685 2604 1767 2657; x_wconf 81' lang='grc' dir='ltr'><strong>Τὰ</strong></span> <span class='ocrx_word' id='word_1_350' title='bbox 1798 2604 1914 2657; x_wconf 78' lang='grc' dir='ltr'><strong>ὀλο-</strong></span> 
     </span>
    </p>
   </div>
   <div class='ocr_carea' id='block_1_46' title="bbox 324 2696 1914 2775">
    <p class='ocr_par' dir='ltr' id='par_1_46' title="bbox 324 2696 1914 2775">
     <span class='ocr_line' id='line_1_46' title="bbox 324 2696 1914 2775; baseline -0.006 -16"><span class='ocrx_word' id='word_1_351' title='bbox 324 2703 665 2775; x_wconf 85' lang='grc' dir='ltr'><strong>καυτώματα</strong></span> <span class='ocrx_word' id='word_1_352' title='bbox 713 2703 866 2773; x_wconf 84' lang='grc' dir='ltr'><strong>ὑμῶν</strong></span> <span class='ocrx_word' id='word_1_353' title='bbox 891 2702 938 2733; x_wconf 69' lang='grc'><strong>⁸⁸</strong></span> <span class='ocrx_word' id='word_1_354' title='bbox 978 2699 1314 2768; x_wconf 80' lang='grc' dir='ltr'><strong>συναγάγετε</strong></span> <span class='ocrx_word' id='word_1_355' title='bbox 1370 2696 1509 2767; x_wconf 86' lang='grc' dir='ltr'><strong>μετά</strong></span> <span class='ocrx_word' id='word_1_356' title='bbox 1557 2696 1666 2750; x_wconf 89' lang='grc' dir='ltr'><strong>τῶν</strong></span> <span class='ocrx_word' id='word_1_357' title='bbox 1713 2697 1914 2751; x_wconf 88' lang='grc' dir='ltr'><strong>θυσιῶν</strong></span> 
     </span>
    </p>
   </div>
   <div class='ocr_carea' id='block_1_47' title="bbox 326 2786 1914 2867">
    <p class='ocr_par' dir='ltr' id='par_1_47' title="bbox 326 2786 1914 2867">
     <span class='ocr_line' id='line_1_47' title="bbox 326 2786 1914 2867; baseline -0.008 -16"><span class='ocrx_word' id='word_1_358' title='bbox 326 2797 509 2867; x_wconf 81' lang='grc' dir='ltr'><strong>ὑμῶν,</strong></span> <span class='ocrx_word' id='word_1_359' title='bbox 542 2797 637 2848; x_wconf 80' lang='grc' dir='ltr'><strong>καὶ</strong></span> <span class='ocrx_word' id='word_1_360' title='bbox 666 2794 871 2864; x_wconf 79' lang='grc' dir='ltr'><strong>φάγετε</strong></span> <span class='ocrx_word' id='word_1_361' title='bbox 904 2791 1089 2863; x_wconf 86' lang='grc' dir='ltr'><strong>κρέας·</strong></span> <span class='ocrx_word' id='word_1_362' title='bbox 1119 2791 1201 2843; x_wconf 83' lang='grc' dir='ltr'><strong>ὅτι</strong></span> <span class='ocrx_word' id='word_1_363' title='bbox 1229 2789 1330 2841; x_wconf 79' lang='grc' dir='ltr'><strong>οὐκ</strong></span> <span class='ocrx_word' id='word_1_364' title='bbox 1360 2788 1600 2857; x_wconf 77' lang='grc' dir='ltr'><strong>ἐλάλησα</strong></span> <span class='ocrx_word' id='word_1_365' title='bbox 1626 2786 1763 2858; x_wconf 80' lang='grc' dir='ltr'><strong>πρὸς</strong></span> <span class='ocrx_word' id='word_1_366' title='bbox 1787 2787 1914 2849; x_wconf 81' lang='grc' dir='ltr'><strong>τοὺς</strong></span> 
     </span>
    </p>
   </div>
   <div class='ocr_carea' id='block_1_48' title="bbox 324 2877 1914 2959">
    <p class='ocr_par' dir='ltr' id='par_1_48' title="bbox 324 2877 1914 2959">
     <span class='ocr_line' id='line_1_48' title="bbox 324 2877 1914 2959; baseline -0.008 -16"><span class='ocrx_word' id='word_1_367' title='bbox 324 2888 577 2959; x_wconf 81' lang='grc' dir='ltr'><strong>πατέρας</strong></span> <span class='ocrx_word' id='word_1_368' title='bbox 615 2885 789 2956; x_wconf 85' lang='grc' dir='ltr'><strong>ὑμῶν,</strong></span> <span class='ocrx_word' id='word_1_369' title='bbox 818 2884 938 2937; x_wconf 78' lang='grc' dir='ltr'><strong>οὐδὲ</strong></span> <span class='ocrx_word' id='word_1_370' title='bbox 960 2882 1311 2951; x_wconf 78' lang='grc' dir='ltr'><strong>ἐνετειλάμην</strong></span> <span class='ocrx_word' id='word_1_371' title='bbox 1341 2880 1525 2941; x_wconf 78' lang='grc' dir='ltr'><strong>αὐτοῖς</strong></span> <span class='ocrx_word' id='word_1_372' title='bbox 1557 2880 1615 2930; x_wconf 83' lang='grc' dir='ltr'><strong>ἐν</strong></span> <span class='ocrx_word' id='word_1_373' title='bbox 1643 2877 1827 2949; x_wconf 74' lang='grc' dir='ltr'><strong>ἡμέρᾳ</strong></span> <span class='ocrx_word' id='word_1_374' title='bbox 1856 2878 1914 2930; x_wconf 82' lang='grc' dir='ltr'><strong>ἐν</strong></span> 
     </span>
    </p>
   </div>
   <div class='ocr_carea' id='block_1_49' title="bbox 325 2970 1915 3053">
    <p class='ocr_par' dir='ltr' id='par_1_49' title="bbox 325 2970 1915 3053">
     <span class='ocr_line' id='line_1_49' title="bbox 325 2970 1915 3053; baseline -0.009 -18"><span class='ocrx_word' id='word_1_375' title='bbox 325 2974 363 3053; x_wconf 77' lang='grc' dir='ltr'>ᾖ</span> <span class='ocrx_word' id='word_1_376' title='bbox 391 2980 669 3050; x_wconf 84' lang='grc' dir='ltr'><strong>ἀνήγαγον</strong></span> <span class='ocrx_word' id='word_1_377' title='bbox 694 2977 892 3040; x_wconf 81' lang='grc' dir='ltr'><strong>αὐτοὺς</strong></span> <span class='ocrx_word' id='word_1_378' title='bbox 916 2973 975 3039; x_wconf 81' lang='grc' dir='ltr'><strong>ἐξ</strong></span> <span class='ocrx_word' id='word_1_379' title='bbox 996 2974 1272 3043; x_wconf 83' lang='grc' dir='ltr'><strong>Αἰγύπτου</strong></span> <span class='ocrx_word' id='word_1_380' title='bbox 1301 2972 1429 3040; x_wconf 82' lang='grc' dir='ltr'><strong>περὶ</strong></span> <span class='ocrx_word' id='word_1_381' title='bbox 1447 2970 1915 3040; x_wconf 83' lang='grc' dir='ltr'><strong>ὁλοκαυτωμάτων</strong></span> 
     </span>
    </p>
   </div>
   <div class='ocr_carea' id='block_1_50' title="bbox 325 3061 1916 3139">
    <p class='ocr_par' dir='ltr' id='par_1_50' title="bbox 325 3061 1916 3139">
     <span class='ocr_line' id='line_1_50' title="bbox 325 3061 1916 3139; baseline -0.008 -14"><span class='ocrx_word' id='word_1_382' title='bbox 325 3074 426 3129; x_wconf 81' lang='grc' dir='ltr'><strong>καὶ</strong></span> <span class='ocrx_word' id='word_1_383' title='bbox 474 3071 687 3135; x_wconf 83' lang='grc' dir='ltr'><strong>θυσίας.</strong></span> <span class='ocrx_word' id='word_1_384' title='bbox 710 3090 729 3123; x_wconf 71' lang='grc' dir='ltr'><strong>ι</strong></span> <span class='ocrx_word' id='word_1_385' title='bbox 767 3071 835 3122; x_wconf 78' lang='grc' dir='ltr'><strong>Ἃ</strong></span> <span class='ocrx_word' id='word_1_386' title='bbox 873 3069 982 3139; x_wconf 81' lang='grc' dir='ltr'><strong>γὰρ</strong></span> <span class='ocrx_word' id='word_1_387' title='bbox 1019 3067 1085 3137; x_wconf 84' lang='grc' dir='ltr'><strong>δὴ</strong></span> <span class='ocrx_word' id='word_1_388' title='bbox 1138 3066 1267 3136; x_wconf 78' lang='grc' dir='ltr'><strong>περὶ</strong></span> <span class='ocrx_word' id='word_1_389' title='bbox 1310 3063 1513 3119; x_wconf 86' lang='grc' dir='ltr'><strong>τούτων</strong></span> <span class='ocrx_word' id='word_1_390' title='bbox 1559 3064 1618 3116; x_wconf 79' lang='grc' dir='ltr'><strong>ἐν</strong></span> <span class='ocrx_word' id='word_1_391' title='bbox 1650 3061 1729 3132; x_wconf 82' lang='grc' dir='ltr'><strong>τῷ</strong></span> <span class='ocrx_word' id='word_1_392' title='bbox 1766 3062 1916 3132; x_wconf 84' lang='grc' dir='ltr'><strong>νόμῳ</strong></span> 
     </span>
    </p>
   </div>
   <div class='ocr_carea' id='block_1_51' title="bbox 2013 1879 3595 1951">
    <p class='ocr_par' dir='ltr' id='par_1_51' title="bbox 2013 1879 3595 1951">
     <span class='ocr_line' id='line_1_51' title="bbox 2013 1879 3595 1951; baseline 0.002 -17"><span class='ocrx_word' id='word_1_393' title='bbox 2013 1880 2273 1950; x_wconf 89' lang='lat' dir='ltr'><strong>quoniam</strong></span> <span class='ocrx_word' id='word_1_394' title='bbox 2297 1894 2410 1933; x_wconf 94' lang='lat' dir='ltr'><strong>non</strong></span> <span class='ocrx_word' id='word_1_395' title='bbox 2434 1895 2555 1933; x_wconf 89' lang='lat' dir='ltr'><strong>sum</strong></span> <span class='ocrx_word' id='word_1_396' title='bbox 2581 1879 2798 1934; x_wconf 90' lang='lat' dir='ltr'><strong>locutus</strong></span> <span class='ocrx_word' id='word_1_397' title='bbox 2825 1881 2893 1934; x_wconf 89' lang='lat' dir='ltr'><strong>ad</strong></span> <span class='ocrx_word' id='word_1_398' title='bbox 2915 1889 3096 1950; x_wconf 89' lang='lat' dir='ltr'><strong>patres</strong></span> <span class='ocrx_word' id='word_1_399' title='bbox 3122 1888 3339 1936; x_wconf 89' lang='lat' dir='ltr'><strong>vestros</strong></span> <span class='ocrx_word' id='word_1_400' title='bbox 3367 1899 3381 1934; x_wconf 91' lang='lat'><strong>:</strong></span> <span class='ocrx_word' id='word_1_401' title='bbox 3417 1897 3595 1951; x_wconf 87' lang='lat' dir='ltr'><strong>neque</strong></span> 
     </span>
    </p>
   </div>
   <div class='ocr_carea' id='block_1_52' title="bbox 2013 1969 3597 2041">
    <p class='ocr_par' dir='ltr' id='par_1_52' title="bbox 2013 1969 3597 2041">
     <span class='ocr_line' id='line_1_52' title="bbox 2013 1969 3597 2041; baseline 0.001 -16"><span class='ocrx_word' id='word_1_402' title='bbox 2013 1971 2104 2026; x_wconf 91' lang='lat' dir='ltr'><strong>die</strong></span> <span class='ocrx_word' id='word_1_403' title='bbox 2132 1985 2243 2040; x_wconf 91' lang='lat' dir='ltr'><strong>quo</strong></span> <span class='ocrx_word' id='word_1_404' title='bbox 2266 1970 2431 2025; x_wconf 84' lang='lat' dir='ltr'><strong>eduxi</strong></span> <span class='ocrx_word' id='word_1_405' title='bbox 2461 1986 2555 2025; x_wconf 91' lang='lat' dir='ltr'><strong>eos</strong></span> <span class='ocrx_word' id='word_1_406' title='bbox 2585 1970 2653 2025; x_wconf 89' lang='lat' dir='ltr'><strong>de</strong></span> <span class='ocrx_word' id='word_1_407' title='bbox 2680 1969 2931 2041; x_wconf 66' lang='lat' dir='ltr'><strong>Egypto,</strong></span> <span class='ocrx_word' id='word_1_408' title='bbox 2969 1972 3203 2041; x_wconf 61' lang='lat' dir='ltr'><strong>praecepi</strong></span> <span class='ocrx_word' id='word_1_409' title='bbox 3236 1972 3319 2026; x_wconf 89' lang='lat' dir='ltr'><strong>eis</strong></span> <span class='ocrx_word' id='word_1_410' title='bbox 3347 1972 3417 2027; x_wconf 92' lang='lat' dir='ltr'><strong>de</strong></span> <span class='ocrx_word' id='word_1_411' title='bbox 3441 1972 3597 2026; x_wconf 88' lang='lat' dir='ltr'><strong>holo-</strong></span> 
     </span>
    </p>
   </div>
   <div class='ocr_carea' id='block_1_53' title="bbox 2013 2058 3595 2131">
    <p class='ocr_par' dir='ltr' id='par_1_53' title="bbox 2013 2058 3595 2131">
     <span class='ocr_line' id='line_1_53' title="bbox 2013 2058 3595 2131; baseline 0 -14"><span class='ocrx_word' id='word_1_412' title='bbox 2013 2064 2220 2117; x_wconf 89' lang='lat' dir='ltr'><strong>caustis</strong></span> <span class='ocrx_word' id='word_1_413' title='bbox 2238 2072 2294 2117; x_wconf 91' lang='lat' dir='ltr'><strong>et</strong></span> <span class='ocrx_word' id='word_1_414' title='bbox 2320 2060 2592 2116; x_wconf 83' lang='lat' dir='ltr'><strong>sacriﬁcio</strong></span> <span class='ocrx_word' id='word_1_415' title='bbox 2616 2058 2665 2115; x_wconf 71' lang='grc' dir='ltr'><strong>δ.</strong></span> <span class='ocrx_word' id='word_1_416' title='bbox 2709 2080 2727 2113; x_wconf 72' lang='grc' dir='ltr'><strong>ι</strong></span> <span class='ocrx_word' id='word_1_417' title='bbox 2764 2061 2921 2127; x_wconf 84' lang='lat' dir='ltr'><strong>Quod</strong></span> <span class='ocrx_word' id='word_1_418' title='bbox 2949 2062 3117 2131; x_wconf 81' lang='lat' dir='ltr'><strong>igitur</strong></span> <span class='ocrx_word' id='word_1_419' title='bbox 3145 2062 3215 2116; x_wconf 90' lang='lat' dir='ltr'><strong>de</strong></span> <span class='ocrx_word' id='word_1_420' title='bbox 3236 2062 3323 2116; x_wconf 90' lang='lat' dir='ltr'><strong>his</strong></span> <span class='ocrx_word' id='word_1_421' title='bbox 3352 2063 3520 2118; x_wconf 89' lang='lat' dir='ltr'><strong>rebus</strong></span> <span class='ocrx_word' id='word_1_422' title='bbox 3540 2064 3595 2117; x_wconf 91' lang='lat' dir='ltr'><strong>in</strong></span> 
     </span>
    </p>
   </div>
   <div class='ocr_carea' id='block_1_54' title="bbox 2011 2151 3597 2224">
    <p class='ocr_par' dir='ltr' id='par_1_54' title="bbox 2011 2151 3597 2224">
     <span class='ocr_line' id='line_1_54' title="bbox 2011 2151 3597 2224; baseline 0 -16"><span class='ocrx_word' id='word_1_423' title='bbox 2011 2154 2132 2224; x_wconf 90' lang='lat' dir='ltr'><strong>lege</strong></span> <span class='ocrx_word' id='word_1_424' title='bbox 2164 2163 2522 2224; x_wconf 66' lang='lat' dir='ltr'><strong>praeceperat,</strong></span> <span class='ocrx_word' id='word_1_425' title='bbox 2560 2152 2783 2206; x_wconf 90' lang='lat' dir='ltr'><strong>illorum</strong></span> <span class='ocrx_word' id='word_1_426' title='bbox 2814 2151 3150 2206; x_wconf 88' lang='lat' dir='ltr'><strong>inﬁrmitatis</strong></span> <span class='ocrx_word' id='word_1_427' title='bbox 3175 2152 3301 2219; x_wconf 80' lang='lat' dir='ltr'><strong>luit,</strong></span> <span class='ocrx_word' id='word_1_428' title='bbox 3345 2169 3458 2208; x_wconf 89' lang='lat' dir='ltr'><strong>non</strong></span> <span class='ocrx_word' id='word_1_429' title='bbox 3510 2156 3597 2208; x_wconf 92' lang='lat' dir='ltr'><strong>in-</strong></span> 
     </span>
    </p>
   </div>
   <div class='ocr_carea' id='block_1_55' title="bbox 2012 2241 3594 2314">
    <p class='ocr_par' dir='ltr' id='par_1_55' title="bbox 2012 2241 3594 2314">
     <span class='ocr_line' id='line_1_55' title="bbox 2012 2241 3594 2314; baseline 0 -16"><span class='ocrx_word' id='word_1_430' title='bbox 2012 2243 2272 2314; x_wconf 69' lang='lat' dir='ltr'><strong>digentiae</strong></span> <span class='ocrx_word' id='word_1_431' title='bbox 2299 2242 2477 2313; x_wconf 91' lang='lat' dir='ltr'><strong>ipsius</strong></span> <span class='ocrx_word' id='word_1_432' title='bbox 2508 2250 2605 2297; x_wconf 92' lang='lat' dir='ltr'><strong>aut</strong></span> <span class='ocrx_word' id='word_1_433' title='bbox 2627 2242 2947 2296; x_wconf 86' lang='lat' dir='ltr'><strong>voluntatis.</strong></span> <span class='ocrx_word' id='word_1_434' title='bbox 2998 2241 3124 2297; x_wconf 66' lang='lat' dir='ltr'><strong>Haec</strong></span> <span class='ocrx_word' id='word_1_435' title='bbox 3156 2252 3214 2297; x_wconf 88' lang='lat' dir='ltr'><strong>et</strong></span> <span class='ocrx_word' id='word_1_436' title='bbox 3248 2243 3377 2297; x_wconf 89' lang='lat' dir='ltr'><strong>alibi</strong></span> <span class='ocrx_word' id='word_1_437' title='bbox 3405 2244 3540 2298; x_wconf 90' lang='lat' dir='ltr'><strong>dicit</strong></span> <span class='ocrx_word' id='word_1_438' title='bbox 3582 2264 3594 2298; x_wconf 91' lang='lat'><strong>:</strong></span> 
     </span>
    </p>
   </div>
   <div class='ocr_carea' id='block_1_56' title="bbox 2021 2333 3599 2401">
    <p class='ocr_par' dir='ltr' id='par_1_56' title="bbox 2021 2333 3599 2401">
     <span class='ocr_line' id='line_1_56' title="bbox 2021 2333 3599 2401; baseline 0 -17"><span class='ocrx_word' id='word_1_439' title='bbox 2021 2355 2039 2384; x_wconf 73' lang='grc' dir='ltr'><strong>ι</strong></span> <span class='ocrx_word' id='word_1_440' title='bbox 2072 2333 2406 2389; x_wconf 83' lang='lat' dir='ltr'><strong>Holocausta</strong></span> <span class='ocrx_word' id='word_1_441' title='bbox 2434 2342 2617 2387; x_wconf 86' lang='lat' dir='ltr'><strong>vestra</strong></span> <span class='ocrx_word' id='word_1_442' title='bbox 2639 2348 2750 2386; x_wconf 91' lang='lat' dir='ltr'><strong>non</strong></span> <span class='ocrx_word' id='word_1_443' title='bbox 2774 2339 2904 2385; x_wconf 89' lang='lat' dir='ltr'><strong>sunt</strong></span> <span class='ocrx_word' id='word_1_444' title='bbox 2925 2340 3170 2401; x_wconf 86' lang='lat' dir='ltr'><strong>accepta,</strong></span> <span class='ocrx_word' id='word_1_445' title='bbox 3203 2347 3385 2401; x_wconf 90' lang='lat' dir='ltr'><strong>neque</strong></span> <span class='ocrx_word' id='word_1_446' title='bbox 3415 2341 3599 2387; x_wconf 86' lang='lat' dir='ltr'><strong>vestra</strong></span> 
     </span>
    </p>
   </div>
   <div class='ocr_carea' id='block_1_57' title="bbox 2013 2420 3600 2478">
    <p class='ocr_par' dir='ltr' id='par_1_57' title="bbox 2013 2420 3600 2478">
     <span class='ocr_line' id='line_1_57' title="bbox 2013 2420 3600 2478; baseline -0.003 0"><span class='ocrx_word' id='word_1_447' title='bbox 2013 2437 2102 2478; x_wconf 89' lang='lat' dir='ltr'><strong>me</strong></span> <span class='ocrx_word' id='word_1_448' title='bbox 2138 2422 2489 2477; x_wconf 89' lang='lat' dir='ltr'><strong>oblectarunt</strong></span> <span class='ocrx_word' id='word_1_449' title='bbox 2512 2420 2781 2476; x_wconf 87' lang='lat' dir='ltr'><strong>sacriﬁcia</strong></span> <span class='ocrx_word' id='word_1_450' title='bbox 2809 2432 2853 2473; x_wconf 78' lang='grc' dir='ltr'><strong>ο.</strong></span> <span class='ocrx_word' id='word_1_451' title='bbox 2887 2440 2905 2470; x_wconf 76' lang='grc' dir='ltr'><strong>ι</strong></span> <span class='ocrx_word' id='word_1_452' title='bbox 2939 2420 3006 2475; x_wconf 85' lang='grc' dir='ltr'><strong>Ει</strong></span> <span class='ocrx_word' id='word_1_453' title='bbox 3030 2435 3263 2475; x_wconf 91' lang='lat' dir='ltr'><strong>rursus:</strong></span> <span class='ocrx_word' id='word_1_454' title='bbox 3304 2438 3323 2471; x_wconf 74' lang='grc' dir='ltr'><strong>ι</strong></span> <span class='ocrx_word' id='word_1_455' title='bbox 3356 2421 3600 2475; x_wconf 84' lang='lat' dir='ltr'><strong>Remove</strong></span> 
     </span>
    </p>
   </div>
   <div class='ocr_carea' id='block_1_58' title="bbox 2013 2512 3602 2579">
    <p class='ocr_par' dir='ltr' id='par_1_58' title="bbox 2013 2512 3602 2579">
     <span class='ocr_line' id='line_1_58' title="bbox 2013 2512 3602 2579; baseline -0.004 -11"><span class='ocrx_word' id='word_1_456' title='bbox 2013 2530 2042 2568; x_wconf 91' lang='lat' dir='ltr'><strong>a</strong></span> <span class='ocrx_word' id='word_1_457' title='bbox 2078 2528 2167 2568; x_wconf 90' lang='lat' dir='ltr'><strong>me</strong></span> <span class='ocrx_word' id='word_1_458' title='bbox 2192 2527 2389 2568; x_wconf 88' lang='lat' dir='ltr'><strong>sonum</strong></span> <span class='ocrx_word' id='word_1_459' title='bbox 2410 2512 2753 2566; x_wconf 87' lang='lat' dir='ltr'><strong>canticorum</strong></span> <span class='ocrx_word' id='word_1_460' title='bbox 2785 2522 3027 2574; x_wconf 88' lang='lat' dir='ltr'><strong>tuorum,</strong></span> <span class='ocrx_word' id='word_1_461' title='bbox 3058 2518 3115 2564; x_wconf 89' lang='lat' dir='ltr'><strong>et</strong></span> <span class='ocrx_word' id='word_1_462' title='bbox 3147 2524 3339 2565; x_wconf 86' lang='lat' dir='ltr'><strong>vocem</strong></span> <span class='ocrx_word' id='word_1_463' title='bbox 3367 2525 3602 2579; x_wconf 83' lang='lat' dir='ltr'><strong>organo—</strong></span> 
     </span>
    </p>
   </div>
   <div class='ocr_carea' id='block_1_59' title="bbox 2013 2600 3601 2670">
    <p class='ocr_par' dir='ltr' id='par_1_59' title="bbox 2013 2600 3601 2670">
     <span class='ocr_line' id='line_1_59' title="bbox 2013 2600 3601 2670; baseline -0.003 -12"><span class='ocrx_word' id='word_1_464' title='bbox 2013 2619 2138 2658; x_wconf 88' lang='lat' dir='ltr'><strong>rum</strong></span> <span class='ocrx_word' id='word_1_465' title='bbox 2172 2611 2395 2657; x_wconf 91' lang='lat' dir='ltr'><strong>tuorum</strong></span> <span class='ocrx_word' id='word_1_466' title='bbox 2426 2618 2538 2656; x_wconf 91' lang='lat' dir='ltr'><strong>non</strong></span> <span class='ocrx_word' id='word_1_467' title='bbox 2583 2601 2805 2655; x_wconf 88' lang='lat' dir='ltr'><strong>audiam</strong></span> <span class='ocrx_word' id='word_1_468' title='bbox 2830 2600 2873 2653; x_wconf 71' lang='grc' dir='ltr'><strong>τ.</strong></span> <span class='ocrx_word' id='word_1_469' title='bbox 2910 2619 2929 2650; x_wconf 76' lang='grc' dir='ltr'><strong>ι</strong></span> <span class='ocrx_word' id='word_1_470' title='bbox 2962 2600 3082 2653; x_wconf 84' lang='lat' dir='ltr'><strong>Alia</strong></span> <span class='ocrx_word' id='word_1_471' title='bbox 3104 2615 3325 2670; x_wconf 91' lang='lat' dir='ltr'><strong>quoque</strong></span> <span class='ocrx_word' id='word_1_472' title='bbox 3361 2600 3601 2669; x_wconf 89' lang='lat' dir='ltr'><strong>plurima</strong></span> 
     </span>
    </p>
   </div>
   <div class='ocr_carea' id='block_1_60' title="bbox 2013 2693 3603 2767">
    <p class='ocr_par' dir='ltr' id='par_1_60' title="bbox 2013 2693 3603 2767">
     <span class='ocr_line' id='line_1_60' title="bbox 2013 2693 3603 2767; baseline -0.004 -17"><span class='ocrx_word' id='word_1_473' title='bbox 2013 2696 2182 2767; x_wconf 82' lang='lat' dir='ltr'><strong>hujus</strong></span> <span class='ocrx_word' id='word_1_474' title='bbox 2215 2696 2438 2766; x_wconf 89' lang='lat' dir='ltr'><strong>generis</strong></span> <span class='ocrx_word' id='word_1_475' title='bbox 2470 2694 2723 2749; x_wconf 88' lang='lat' dir='ltr'><strong>invenire</strong></span> <span class='ocrx_word' id='word_1_476' title='bbox 2777 2693 2935 2759; x_wconf 91' lang='lat' dir='ltr'><strong>licet,</strong></span> <span class='ocrx_word' id='word_1_477' title='bbox 2974 2708 3096 2762; x_wconf 63' lang='lat' dir='ltr'><strong>qua:</strong></span> <span class='ocrx_word' id='word_1_478' title='bbox 3133 2693 3269 2747; x_wconf 90' lang='lat' dir='ltr'><strong>satis</strong></span> <span class='ocrx_word' id='word_1_479' title='bbox 3315 2693 3603 2746; x_wconf 86' lang='lat' dir='ltr'><strong>declarant</strong></span> 
     </span>
    </p>
   </div>
   <div class='ocr_carea' id='block_1_61' title="bbox 2014 2782 3599 2854">
    <p class='ocr_par' dir='ltr' id='par_1_61' title="bbox 2014 2782 3599 2854">
     <span class='ocr_line' id='line_1_61' title="bbox 2014 2782 3599 2854; baseline -0.003 -13"><span class='ocrx_word' id='word_1_480' title='bbox 2014 2788 2190 2842; x_wconf 89' lang='lat' dir='ltr'><strong>Deum</strong></span> <span class='ocrx_word' id='word_1_481' title='bbox 2228 2802 2332 2841; x_wconf 91' lang='lat' dir='ltr'><strong>nec</strong></span> <span class='ocrx_word' id='word_1_482' title='bbox 2366 2784 2655 2840; x_wconf 86' lang='lat' dir='ltr'><strong>sacriﬁciis</strong></span> <span class='ocrx_word' id='word_1_483' title='bbox 2689 2784 2926 2854; x_wconf 88' lang='lat' dir='ltr'><strong>eguisse,</strong></span> <span class='ocrx_word' id='word_1_484' title='bbox 2984 2799 3085 2837; x_wconf 91' lang='lat' dir='ltr'><strong>nec</strong></span> <span class='ocrx_word' id='word_1_485' title='bbox 3108 2784 3262 2837; x_wconf 79' lang='lat' dir='ltr'><strong>fumo</strong></span> <span class='ocrx_word' id='word_1_486' title='bbox 3306 2782 3472 2853; x_wconf 76' lang='lat'><strong>893</strong></span> <span class='ocrx_word' id='word_1_487' title='bbox 3510 2783 3599 2837; x_wconf 89' lang='lat' dir='ltr'><strong>vel</strong></span> 
     </span>
    </p>
   </div>
   <div class='ocr_carea' id='block_1_62' title="bbox 2014 2875 3599 2946">
    <p class='ocr_par' dir='ltr' id='par_1_62' title="bbox 2014 2875 3599 2946">
     <span class='ocr_line' id='line_1_62' title="bbox 2014 2875 3599 2946; baseline -0.003 -13"><span class='ocrx_word' id='word_1_488' title='bbox 2014 2877 2211 2933; x_wconf 91' lang='lat' dir='ltr'><strong>nidore</strong></span> <span class='ocrx_word' id='word_1_489' title='bbox 2237 2878 2422 2933; x_wconf 87' lang='lat' dir='ltr'><strong>carnis</strong></span> <span class='ocrx_word' id='word_1_490' title='bbox 2448 2881 2466 2897; x_wconf 82' lang='lat'>&#39;</span> <span class='ocrx_word' id='word_1_491' title='bbox 2499 2876 2796 2931; x_wconf 88' lang='lat' dir='ltr'><strong>musicisve</strong></span> <span class='ocrx_word' id='word_1_492' title='bbox 2829 2875 3560 2946; x_wconf 75' lang='lat' dir='ltr'><strong>instrumentisoblectatum</strong></span> <span class='ocrx_word' id='word_1_493' title='bbox 3583 2915 3599 2940; x_wconf 96' lang='lat'><strong>,</strong></span> 
     </span>
    </p>
   </div>
   <div class='ocr_carea' id='block_1_63' title="bbox 2015 2966 3601 3041">
    <p class='ocr_par' dir='ltr' id='par_1_63' title="bbox 2015 2966 3601 3041">
     <span class='ocr_line' id='line_1_63' title="bbox 2015 2966 3601 3041; baseline -0.002 -16"><span class='ocrx_word' id='word_1_494' title='bbox 2015 2986 2082 3025; x_wconf 90' lang='lat' dir='ltr'><strong>ea</strong></span> <span class='ocrx_word' id='word_1_495' title='bbox 2124 2969 2248 3025; x_wconf 88' lang='lat' dir='ltr'><strong>ﬁeri</strong></span> <span class='ocrx_word' id='word_1_496' title='bbox 2288 2970 2541 3041; x_wconf 75' lang='lat' dir='ltr'><strong>iussisse,</strong></span> <span class='ocrx_word' id='word_1_497' title='bbox 2571 2968 2667 3023; x_wconf 89' lang='lat' dir='ltr'><strong>sed</strong></span> <span class='ocrx_word' id='word_1_498' title='bbox 2695 2976 2756 3023; x_wconf 91' lang='lat' dir='ltr'><strong>ut</strong></span> <span class='ocrx_word' id='word_1_499' title='bbox 2789 2968 3010 3023; x_wconf 89' lang='lat' dir='ltr'><strong>illorum</strong></span> <span class='ocrx_word' id='word_1_500' title='bbox 3054 2966 3366 3022; x_wconf 82' lang='lat' dir='ltr'><strong>inﬁrmitati</strong></span> <span class='ocrx_word' id='word_1_501' title='bbox 3399 2982 3601 3022; x_wconf 89' lang='lat' dir='ltr'><strong>consu-</strong></span> 
     </span>
    </p>
   </div>
   <div class='ocr_carea' id='block_1_64' title="bbox 2019 3063 2183 3119">
    <p class='ocr_par' dir='ltr' id='par_1_64' title="bbox 2019 3063 2183 3119">
     <span class='ocr_line' id='line_1_64' title="bbox 2019 3063 2183 3119; baseline -0.012 -1"><span class='ocrx_word' id='word_1_502' title='bbox 2019 3063 2183 3119; x_wconf 89' lang='lat' dir='ltr'><strong>leret.</strong></span> 
     </span>
    </p>
   </div>
   <div class='ocr_carea' id='block_1_65' title="bbox 325 3152 3604 3237">
    <p class='ocr_par' dir='ltr' id='par_1_65' title="bbox 325 3152 3604 3237">
     <span class='ocr_line' id='line_1_65' title="bbox 325 3152 3604 3237; baseline -0.004 -18"><span class='ocrx_word' id='word_1_503' title='bbox 325 3166 721 3237; x_wconf 77' lang='grc' dir='ltr'><strong>προσετετάχει</strong></span> <span class='ocrx_word' id='word_1_504' title='bbox 757 3167 857 3234; x_wconf 79' lang='grc' dir='ltr'><strong>τῆς</strong></span> <span class='ocrx_word' id='word_1_505' title='bbox 906 3162 1130 3216; x_wconf 77' lang='grc' dir='ltr'><strong>ἐκείνων</strong></span> <span class='ocrx_word' id='word_1_506' title='bbox 1166 3156 1237 3231; x_wconf 71' lang='grc' dir='ltr'><strong>ἦν</strong></span> <span class='ocrx_word' id='word_1_507' title='bbox 1278 3157 1659 3228; x_wconf 83' lang='grc' dir='ltr'><strong>ἀναισθησίας,</strong></span> <span class='ocrx_word' id='word_1_508' title='bbox 1695 3157 1755 3210; x_wconf 82' lang='grc' dir='ltr'><strong>οὐ</strong></span> <span class='ocrx_word' id='word_1_509' title='bbox 1808 3156 1910 3226; x_wconf 81' lang='grc' dir='ltr'><strong>τῆς</strong></span> <span class='ocrx_word' id='word_1_510' title='bbox 1948 3157 2116 3211; x_wconf 84' lang='grc' dir='ltr'><strong>αὑτοῦ</strong></span> <span class='ocrx_word' id='word_1_511' title='bbox 2142 3159 2331 3230; x_wconf 83' lang='grc' dir='ltr'><strong>χρείας</strong></span> <span class='ocrx_word' id='word_1_512' title='bbox 2364 3174 2423 3211; x_wconf 86' lang='grc' dir='ltr'><strong>τε</strong></span> <span class='ocrx_word' id='word_1_513' title='bbox 2459 3157 2553 3212; x_wconf 79' lang='grc' dir='ltr'><strong>καὶ</strong></span> <span class='ocrx_word' id='word_1_514' title='bbox 2596 3156 2921 3227; x_wconf 84' lang='grc' dir='ltr'><strong>βουλήσεως.</strong></span> <span class='ocrx_word' id='word_1_515' title='bbox 2960 3152 3147 3208; x_wconf 88' lang='grc' dir='ltr'><strong>Ταῦτα</strong></span> <span class='ocrx_word' id='word_1_516' title='bbox 3210 3153 3308 3207; x_wconf 78' lang='grc' dir='ltr'><strong>καὶ</strong></span> <span class='ocrx_word' id='word_1_517' title='bbox 3376 3154 3604 3226; x_wconf 77' lang='grc' dir='ltr'><strong>ἑτέρωθι</strong></span> 
     </span>
    </p>
   </div>
   <div class='ocr_carea' id='block_1_66' title="bbox 326 3244 3607 3325">
    <p class='ocr_par' dir='ltr' id='par_1_66' title="bbox 326 3244 3607 3325">
     <span class='ocr_line' id='line_1_66' title="bbox 326 3244 3607 3325; baseline -0.002 -17"><span class='ocrx_word' id='word_1_518' title='bbox 326 3257 386 3310; x_wconf 78' lang='grc' dir='ltr'><strong>λέ</strong></span> <span class='ocrx_word' id='word_1_519' title='bbox 404 3273 502 3325; x_wconf 70' lang='grc' dir='ltr'><strong>τευ</strong></span> <span class='ocrx_word' id='word_1_520' title='bbox 547 3276 565 3308; x_wconf 77' lang='grc' dir='ltr'><strong>ι</strong></span> <span class='ocrx_word' id='word_1_521' title='bbox 599 3256 680 3309; x_wconf 86' lang='grc' dir='ltr'><strong>Τά</strong></span> <span class='ocrx_word' id='word_1_522' title='bbox 702 3252 1129 3324; x_wconf 80' lang='grc' dir='ltr'><strong>ὁλοκαυτώματα</strong></span> <span class='ocrx_word' id='word_1_523' title='bbox 1157 3251 1309 3323; x_wconf 85' lang='grc' dir='ltr'><strong>ὑμῶν</strong></span> <span class='ocrx_word' id='word_1_524' title='bbox 1372 3251 1475 3304; x_wconf 83' lang='grc' dir='ltr'><strong>οὐκ</strong></span> <span class='ocrx_word' id='word_1_525' title='bbox 1534 3250 1649 3303; x_wconf 81' lang='grc' dir='ltr'><strong>ἐστι</strong></span> <span class='ocrx_word' id='word_1_526' title='bbox 1679 3248 1864 3302; x_wconf 75' lang='grc' dir='ltr'><strong>δεκτά*</strong></span> <span class='ocrx_word' id='word_1_527' title='bbox 1894 3251 1991 3303; x_wconf 70' lang='grc' dir='ltr'><strong>καὶ</strong></span> <span class='ocrx_word' id='word_1_528' title='bbox 2024 3254 2081 3304; x_wconf 79' lang='grc' dir='ltr'><strong>αἱ</strong></span> <span class='ocrx_word' id='word_1_529' title='bbox 2110 3251 2293 3304; x_wconf 89' lang='grc' dir='ltr'><strong>θυσίαι</strong></span> <span class='ocrx_word' id='word_1_530' title='bbox 2340 3251 2493 3321; x_wconf 82' lang='grc' dir='ltr'><strong>ὑμῶν</strong></span> <span class='ocrx_word' id='word_1_531' title='bbox 2525 3252 2623 3320; x_wconf 75' lang='grc' dir='ltr'><strong>οὐχ</strong></span> <span class='ocrx_word' id='word_1_532' title='bbox 2660 3249 2859 3318; x_wconf 80' lang='grc' dir='ltr'><strong>ήδυνάν</strong></span> <span class='ocrx_word' id='word_1_533' title='bbox 2894 3248 2937 3280; x_wconf 71' lang='grc'>⁸⁷</span> <span class='ocrx_word' id='word_1_534' title='bbox 2972 3265 3061 3319; x_wconf 89' lang='grc' dir='ltr'><strong>με.</strong></span> <span class='ocrx_word' id='word_1_535' title='bbox 3096 3266 3116 3300; x_wconf 73' lang='grc' dir='ltr'><strong>ι</strong></span> <span class='ocrx_word' id='word_1_536' title='bbox 3162 3249 3275 3301; x_wconf 75' lang='grc' dir='ltr'><strong>Καὶ</strong></span> <span class='ocrx_word' id='word_1_537' title='bbox 3331 3244 3400 3301; x_wconf 84' lang='grc' dir='ltr'><strong>αὖ</strong></span> <span class='ocrx_word' id='word_1_538' title='bbox 3444 3250 3607 3304; x_wconf 84' lang='grc' dir='ltr'><strong>πάλιν</strong></span> 
     </span>
    </p>
   </div>
   <div class='ocr_carea' id='block_1_67' title="bbox 331 3339 3607 3419">
    <p class='ocr_par' dir='ltr' id='par_1_67' title="bbox 331 3339 3607 3419">
     <span class='ocr_line' id='line_1_67' title="bbox 331 3339 3607 3419; baseline -0.003 -17"><span class='ocrx_word' id='word_1_539' title='bbox 331 3350 455 3419; x_wconf 60' lang='grc' dir='ltr'><strong>Γρᾷ·</strong></span> <span class='ocrx_word' id='word_1_540' title='bbox 490 3368 510 3400; x_wconf 78' lang='grc' dir='ltr'><strong>ι</strong></span> <span class='ocrx_word' id='word_1_541' title='bbox 555 3348 889 3416; x_wconf 77' lang='grc' dir='ltr'><strong>Ἀπόστησον</strong></span> <span class='ocrx_word' id='word_1_542' title='bbox 919 3346 1015 3399; x_wconf 77' lang='grc' dir='ltr'><strong>ἀπ’</strong></span> <span class='ocrx_word' id='word_1_543' title='bbox 1039 3344 1174 3414; x_wconf 83' lang='grc' dir='ltr'><strong>ἐμοῦ</strong></span> <span class='ocrx_word' id='word_1_544' title='bbox 1195 3340 1331 3414; x_wconf 83' lang='grc' dir='ltr'><strong>ἦχον</strong></span> <span class='ocrx_word' id='word_1_545' title='bbox 1389 3342 1546 3413; x_wconf 80' lang='grc' dir='ltr'><strong>ᾠδῶν</strong></span> <span class='ocrx_word' id='word_1_546' title='bbox 1580 3360 1699 3408; x_wconf 92' lang='grc' dir='ltr'><strong>σου,</strong></span> <span class='ocrx_word' id='word_1_547' title='bbox 1736 3343 1833 3397; x_wconf 74' lang='grc' dir='ltr'><strong>καὶ</strong></span> <span class='ocrx_word' id='word_1_548' title='bbox 1893 3343 2080 3413; x_wconf 82' lang='grc' dir='ltr'><strong>φωνῆς</strong></span> <span class='ocrx_word' id='word_1_549' title='bbox 2125 3342 2377 3414; x_wconf 87' lang='grc' dir='ltr'><strong>ὀργάνων</strong></span> <span class='ocrx_word' id='word_1_550' title='bbox 2454 3359 2549 3395; x_wconf 92' lang='grc' dir='ltr'><strong>σου</strong></span> <span class='ocrx_word' id='word_1_551' title='bbox 2594 3341 2695 3395; x_wconf 81' lang='grc' dir='ltr'><strong>οὐκ</strong></span> <span class='ocrx_word' id='word_1_552' title='bbox 2729 3339 3057 3410; x_wconf 88' lang='grc' dir='ltr'><strong>ἀκούσομαι.</strong></span> <span class='ocrx_word' id='word_1_553' title='bbox 3091 3356 3111 3390; x_wconf 75' lang='grc' dir='ltr'><strong>ι</strong></span> <span class='ocrx_word' id='word_1_554' title='bbox 3154 3340 3264 3393; x_wconf 80' lang='grc' dir='ltr'><strong>Καὶ</strong></span> <span class='ocrx_word' id='word_1_555' title='bbox 3313 3340 3447 3392; x_wconf 81' lang='grc' dir='ltr'><strong>ἀλλά</strong></span> <span class='ocrx_word' id='word_1_556' title='bbox 3480 3340 3535 3392; x_wconf 80' lang='grc' dir='ltr'><strong>δὲ</strong></span> <span class='ocrx_word' id='word_1_557' title='bbox 3560 3340 3607 3371; x_wconf 69' lang='grc' dir='ltr'><strong>δ’</strong></span> 
     </span>
    </p>
   </div>
   <div class='ocr_carea' id='block_1_68' title="bbox 331 3431 3609 3509">
    <p class='ocr_par' dir='ltr' id='par_1_68' title="bbox 331 3431 3609 3509">
     <span class='ocr_line' id='line_1_68' title="bbox 331 3431 3609 3509; baseline -0.002 -18"><span class='ocrx_word' id='word_1_558' title='bbox 331 3438 632 3509; x_wconf 75' lang='grc' dir='ltr'><strong>πάμπολλα</strong></span> <span class='ocrx_word' id='word_1_559' title='bbox 665 3436 811 3508; x_wconf 75' lang='grc'>[108]</span> <span class='ocrx_word' id='word_1_560' title='bbox 842 3436 1067 3490; x_wconf 86' lang='grc' dir='ltr'><strong>τοιαῦτα</strong></span> <span class='ocrx_word' id='word_1_561' title='bbox 1105 3434 1254 3488; x_wconf 79' lang='grc' dir='ltr'><strong>ἐστιν</strong></span> <span class='ocrx_word' id='word_1_562' title='bbox 1284 3436 1485 3504; x_wconf 81' lang='grc' dir='ltr'><strong>εὑρεῖν,</strong></span> <span class='ocrx_word' id='word_1_563' title='bbox 1516 3434 1780 3504; x_wconf 85' lang='grc' dir='ltr'><strong>δηλοῦντα</strong></span> <span class='ocrx_word' id='word_1_564' title='bbox 1815 3435 2025 3504; x_wconf 82' lang='grc' dir='ltr'><strong>σαφῶς,</strong></span> <span class='ocrx_word' id='word_1_565' title='bbox 2057 3435 2135 3499; x_wconf 84' lang='grc' dir='ltr'><strong>ὡς</strong></span> <span class='ocrx_word' id='word_1_566' title='bbox 2167 3436 2229 3487; x_wconf 85' lang='grc' dir='ltr'><strong>ού</strong></span> <span class='ocrx_word' id='word_1_567' title='bbox 2287 3435 2540 3505; x_wconf 86' lang='grc' dir='ltr'><strong>δεόμενος</strong></span> <span class='ocrx_word' id='word_1_568' title='bbox 2584 3433 2783 3487; x_wconf 88' lang='grc' dir='ltr'><strong>θυσιῶν</strong></span> <span class='ocrx_word' id='word_1_569' title='bbox 2814 3435 2843 3485; x_wconf 86' lang='grc' dir='ltr'>ὁ</span> <span class='ocrx_word' id='word_1_570' title='bbox 2908 3431 3061 3495; x_wconf 82' lang='grc' dir='ltr'><strong>Θεὸς,</strong></span> <span class='ocrx_word' id='word_1_571' title='bbox 3104 3431 3226 3484; x_wconf 73' lang='grc' dir='ltr'><strong>οὐδὲ</strong></span> <span class='ocrx_word' id='word_1_572' title='bbox 3260 3431 3455 3502; x_wconf 87' lang='grc' dir='ltr'><strong>καπνῷ</strong></span> <span class='ocrx_word' id='word_1_573' title='bbox 3512 3434 3609 3485; x_wconf 62' lang='grc' dir='ltr'><strong>καὶ.</strong></span> 
     </span>
    </p>
   </div>
   <div class='ocr_carea' id='block_1_69' title="bbox 339 3523 3607 3603">
    <p class='ocr_par' dir='ltr' id='par_1_69' title="bbox 339 3523 3607 3603">
     <span class='ocr_line' id='line_1_69' title="bbox 339 3523 3607 3603; baseline -0.003 -19"><span class='ocrx_word' id='word_1_574' title='bbox 339 3533 495 3603; x_wconf 77' lang='grc' dir='ltr'><strong>κνίσῃ</strong></span> <span class='ocrx_word' id='word_1_575' title='bbox 552 3531 647 3584; x_wconf 76' lang='grc' dir='ltr'><strong>καὶ</strong></span> <span class='ocrx_word' id='word_1_576' title='bbox 690 3532 803 3592; x_wconf 86' lang='grc' dir='ltr'><strong>τοῖς</strong></span> <span class='ocrx_word' id='word_1_577' title='bbox 852 3529 1133 3597; x_wconf 83' lang='grc' dir='ltr'><strong>μουσικοῖς</strong></span> <span class='ocrx_word' id='word_1_578' title='bbox 1182 3528 1435 3597; x_wconf 80' lang='grc' dir='ltr'><strong>ὀργάνοις</strong></span> <span class='ocrx_word' id='word_1_579' title='bbox 1488 3527 1922 3599; x_wconf 84' lang='grc' dir='ltr'><strong>ἐπιτερπόμενος</strong></span> <span class='ocrx_word' id='word_1_580' title='bbox 1953 3527 2129 3582; x_wconf 88' lang='grc' dir='ltr'><strong>ταῦτα</strong></span> <span class='ocrx_word' id='word_1_581' title='bbox 2166 3527 2439 3582; x_wconf 86' lang='grc' dir='ltr'><strong>τελεῖσθαι</strong></span> <span class='ocrx_word' id='word_1_582' title='bbox 2490 3523 2841 3597; x_wconf 80' lang='grc' dir='ltr'><strong>προσέταξεν,</strong></span> <span class='ocrx_word' id='word_1_583' title='bbox 2866 3524 3003 3578; x_wconf 84' lang='grc' dir='ltr'><strong>ἀλλά</strong></span> <span class='ocrx_word' id='word_1_584' title='bbox 3062 3524 3164 3593; x_wconf 84' lang='grc' dir='ltr'><strong>τῆς</strong></span> <span class='ocrx_word' id='word_1_585' title='bbox 3218 3524 3443 3577; x_wconf 80' lang='grc' dir='ltr'><strong>ἐκείνων</strong></span> <span class='ocrx_word' id='word_1_586' title='bbox 3475 3540 3607 3593; x_wconf 61' lang='grc' dir='ltr'><strong>προσ</strong></span> 
     </span>
    </p>
   </div>
   <div class='ocr_carea' id='block_1_70' title="bbox 340 3618 1005 3691">
    <p class='ocr_par' dir='ltr' id='par_1_70' title="bbox 340 3618 1005 3691">
     <span class='ocr_line' id='line_1_70' title="bbox 340 3618 1005 3691; baseline -0.003 -17"><span class='ocrx_word' id='word_1_587' title='bbox 340 3622 511 3691; x_wconf 87' lang='grc' dir='ltr'><strong>μηθου</strong></span> <span class='ocrx_word' id='word_1_588' title='bbox 522 3621 717 3691; x_wconf 86' lang='grc' dir='ltr'><strong>μένους</strong></span> <span class='ocrx_word' id='word_1_589' title='bbox 745 3618 1005 3690; x_wconf 79' lang='grc' dir='ltr'><strong>ἰατρείας.</strong></span> 
     </span>
    </p>
   </div>
   <div class='ocr_carea' id='block_1_71' title="bbox 404 3703 1912 3781">
    <p class='ocr_par' dir='ltr' id='par_1_71' title="bbox 404 3706 1912 3781">
     <span class='ocr_line' id='line_1_71' title="bbox 404 3706 1912 3781; baseline -0.003 -14"><span class='ocrx_word' id='word_1_590' title='bbox 404 3712 504 3778; x_wconf 81' lang='grc' dir='ltr'><strong>Μὴ</strong></span> <span class='ocrx_word' id='word_1_591' title='bbox 538 3710 719 3763; x_wconf 86' lang='grc' dir='ltr'><strong>τοίνυν</strong></span> <span class='ocrx_word' id='word_1_592' title='bbox 768 3708 870 3777; x_wconf 80' lang='grc' dir='ltr'><strong>τῆς</strong></span> <span class='ocrx_word' id='word_1_593' title='bbox 914 3707 1023 3760; x_wconf 90' lang='grc' dir='ltr'><strong>τῶν</strong></span> <span class='ocrx_word' id='word_1_594' title='bbox 1070 3706 1350 3778; x_wconf 81' lang='grc' dir='ltr'><strong>ὑμετέρων</strong></span> <span class='ocrx_word' id='word_1_595' title='bbox 1394 3706 1652 3777; x_wconf 84' lang='grc' dir='ltr'><strong>θυμάτων</strong></span> <span class='ocrx_word' id='word_1_596' title='bbox 1689 3724 1912 3781; x_wconf 80' lang='grc' dir='ltr'><strong>κατηγο‹</strong></span> 
     </span>
    </p>
   </div>
   <div class='ocr_carea' id='block_1_72' title="bbox 2014 3703 3606 3781">
    <p class='ocr_par' dir='ltr' id='par_1_72' title="bbox 2091 3703 3606 3775">
     <span class='ocr_line' id='line_1_72' title="bbox 2091 3703 3606 3775; baseline 0 -15"><span class='ocrx_word' id='word_1_597' title='bbox 2091 3703 2170 3760; x_wconf 87' lang='lat' dir='ltr'><strong>Ne</strong></span> <span class='ocrx_word' id='word_1_598' title='bbox 2204 3706 2390 3775; x_wconf 88' lang='lat' dir='ltr'><strong>itaque</strong></span> <span class='ocrx_word' id='word_1_599' title='bbox 2413 3718 2510 3759; x_wconf 91' lang='lat' dir='ltr'><strong>vos</strong></span> <span class='ocrx_word' id='word_1_600' title='bbox 2541 3720 2640 3774; x_wconf 91' lang='lat' dir='ltr'><strong>pro</strong></span> <span class='ocrx_word' id='word_1_601' title='bbox 2667 3703 3018 3759; x_wconf 88' lang='lat' dir='ltr'><strong>accusatione</strong></span> <span class='ocrx_word' id='word_1_602' title='bbox 3041 3712 3355 3759; x_wconf 90' lang='lat' dir='ltr'><strong>vestrorum</strong></span> <span class='ocrx_word' id='word_1_603' title='bbox 3394 3706 3606 3760; x_wconf 85' lang='lat' dir='ltr'><strong>sacriﬁ-</strong></span> 
     </span>
    </p>
   </div>
   <div class='ocr_carea' id='block_1_73' title="bbox 332 3795 1915 3871">
    <p class='ocr_par' dir='ltr' id='par_1_73' title="bbox 332 3795 1915 3871">
     <span class='ocr_line' id='line_1_73' title="bbox 332 3795 1915 3871; baseline -0.004 -15"><span class='ocrx_word' id='word_1_604' title='bbox 332 3805 460 3871; x_wconf 82' lang='grc' dir='ltr'><strong>ρίας</strong></span> <span class='ocrx_word' id='word_1_605' title='bbox 488 3799 785 3867; x_wconf 81' lang='grc' dir='ltr'><strong>ἀπολογίαν</strong></span> <span class='ocrx_word' id='word_1_606' title='bbox 817 3798 916 3868; x_wconf 86' lang='grc' dir='ltr'><strong>τὴν</strong></span> <span class='ocrx_word' id='word_1_607' title='bbox 948 3796 1401 3867; x_wconf 88' lang='grc' dir='ltr'><strong>ἀντικατηγορίαν</strong></span> <span class='ocrx_word' id='word_1_608' title='bbox 1435 3796 1480 3828; x_wconf 68' lang='grc' dir='ltr'><strong>’δ’</strong></span> <span class='ocrx_word' id='word_1_609' title='bbox 1512 3795 1655 3867; x_wconf 75' lang='grc' dir='ltr'><strong>ἔχειν</strong></span> <span class='ocrx_word' id='word_1_610' title='bbox 1695 3798 1915 3868; x_wconf 76' lang='grc' dir='ltr'><strong>νομίζε-</strong></span> 
     </span>
    </p>
   </div>
   <div class='ocr_carea' id='block_1_74' title="bbox 324 3889 1915 3963">
    <p class='ocr_par' dir='ltr' id='par_1_74' title="bbox 324 3889 1915 3963">
     <span class='ocr_line' id='line_1_74' title="bbox 324 3889 1915 3963; baseline -0.001 -18"><span class='ocrx_word' id='word_1_611' title='bbox 324 3911 391 3948; x_wconf 81' lang='grc' dir='ltr'><strong>τε</strong></span> <span class='ocrx_word' id='word_1_612' title='bbox 420 3896 489 3947; x_wconf 74' lang='grc'><strong>⁸⁵.</strong></span> <span class='ocrx_word' id='word_1_613' title='bbox 517 3894 686 3963; x_wconf 86' lang='grc' dir='ltr'><strong>Δῆλον</strong></span> <span class='ocrx_word' id='word_1_614' title='bbox 718 3891 827 3962; x_wconf 90' lang='grc' dir='ltr'><strong>γάρ</strong></span> <span class='ocrx_word' id='word_1_615' title='bbox 854 3907 939 3942; x_wconf 88' lang='grc' dir='ltr'><strong>τοι</strong></span> <span class='ocrx_word' id='word_1_616' title='bbox 975 3890 1066 3943; x_wconf 84' lang='grc' dir='ltr'><strong>τὸν</strong></span> <span class='ocrx_word' id='word_1_617' title='bbox 1107 3889 1202 3941; x_wconf 82' lang='grc' dir='ltr'><strong>τοῦ</strong></span> <span class='ocrx_word' id='word_1_618' title='bbox 1230 3890 1396 3959; x_wconf 88' lang='grc' dir='ltr'><strong>νόμου</strong></span> <span class='ocrx_word' id='word_1_619' title='bbox 1441 3890 1640 3942; x_wconf 85' lang='grc' dir='ltr'><strong>σκοπὸν</strong></span> <span class='ocrx_word' id='word_1_620' title='bbox 1681 3889 1770 3943; x_wconf 81' lang='grc' dir='ltr'><strong>διὰ</strong></span> <span class='ocrx_word' id='word_1_621' title='bbox 1806 3889 1915 3944; x_wconf 87' lang='grc' dir='ltr'><strong>τῶν</strong></span> 
     </span>
    </p>
   </div>
   <div class='ocr_carea' id='block_1_75' title="bbox 324 3979 1915 4058">
    <p class='ocr_par' dir='ltr' id='par_1_75' title="bbox 324 3979 1915 4058">
     <span class='ocr_line' id='line_1_75' title="bbox 324 3979 1915 4058; baseline -0.003 -21"><span class='ocrx_word' id='word_1_622' title='bbox 324 3983 632 4058; x_wconf 79' lang='grc' dir='ltr'><strong>προφητῶν</strong></span> <span class='ocrx_word' id='word_1_623' title='bbox 670 3984 699 4036; x_wconf 83' lang='grc' dir='ltr'>ὀ</span> <span class='ocrx_word' id='word_1_624' title='bbox 732 3980 1029 4050; x_wconf 86' lang='grc' dir='ltr'><strong>νομοθέτης</strong></span> <span class='ocrx_word' id='word_1_625' title='bbox 1066 3979 1351 4049; x_wconf 89' lang='grc' dir='ltr'><strong>πεποίηκε.</strong></span> <span class='ocrx_word' id='word_1_626' title='bbox 1393 3979 1617 4044; x_wconf 85' lang='grc' dir='ltr'><strong>Τούτοις</strong></span> <span class='ocrx_word' id='word_1_627' title='bbox 1668 3982 1915 4049; x_wconf 86' lang='grc' dir='ltr'><strong>ἀκριϐῶς</strong></span> 
     </span>
    </p>
   </div>
   <div class='ocr_carea' id='block_1_76' title="bbox 327 4070 1910 4145">
    <p class='ocr_par' dir='ltr' id='par_1_76' title="bbox 327 4070 1910 4145">
     <span class='ocr_line' id='line_1_76' title="bbox 327 4070 1910 4145; baseline -0.006 -13"><span class='ocrx_word' id='word_1_628' title='bbox 327 4075 573 4145; x_wconf 76' lang='grc' dir='ltr'><strong>ἐντυχὼν</strong></span> <span class='ocrx_word' id='word_1_629' title='bbox 591 4077 619 4128; x_wconf 88' lang='grc' dir='ltr'>ὁ</span> <span class='ocrx_word' id='word_1_630' title='bbox 644 4072 952 4144; x_wconf 87' lang='grc' dir='ltr'><strong>Πορφύριος</strong></span> <span class='ocrx_word' id='word_1_631' title='bbox 981 4071 1153 4143; x_wconf 86' lang='grc' dir='ltr'><strong>(μάλα</strong></span> <span class='ocrx_word' id='word_1_632' title='bbox 1178 4071 1287 4140; x_wconf 82' lang='grc' dir='ltr'><strong>γὰρ</strong></span> <span class='ocrx_word' id='word_1_633' title='bbox 1309 4070 1352 4103; x_wconf 86' lang='grc'><strong>⁵¹</strong></span> <span class='ocrx_word' id='word_1_634' title='bbox 1380 4071 1560 4133; x_wconf 80' lang='grc' dir='ltr'><strong>αὐτοῖς</strong></span> <span class='ocrx_word' id='word_1_635' title='bbox 1590 4070 1910 4141; x_wconf 78' lang='grc' dir='ltr'><strong>ἐνδιέτριψε,</strong></span> 
     </span>
    </p>
   </div>
   <div class='ocr_carea' id='block_1_77' title="bbox 324 4163 1912 4242">
    <p class='ocr_par' dir='ltr' id='par_1_77' title="bbox 324 4163 1912 4242">
     <span class='ocr_line' id='line_1_77' title="bbox 324 4163 1912 4242; baseline -0.004 -17"><span class='ocrx_word' id='word_1_636' title='bbox 324 4173 431 4242; x_wconf 86' lang='grc' dir='ltr'><strong>τὴν</strong></span> <span class='ocrx_word' id='word_1_637' title='bbox 462 4169 583 4224; x_wconf 77' lang='grc' dir='ltr'><strong>καθ’</strong></span> <span class='ocrx_word' id='word_1_638' title='bbox 622 4167 783 4238; x_wconf 81' lang='grc' dir='ltr'><strong>ἡμῶν</strong></span> <span class='ocrx_word' id='word_1_639' title='bbox 816 4166 1061 4237; x_wconf 87' lang='grc' dir='ltr'><strong>τυρεύων</strong></span> <span class='ocrx_word' id='word_1_640' title='bbox 1087 4167 1133 4198; x_wconf 71' lang='grc'><strong>⁸⁸</strong></span> <span class='ocrx_word' id='word_1_641' title='bbox 1160 4163 1420 4236; x_wconf 82' lang='grc' dir='ltr'><strong>γραφὴν),</strong></span> <span class='ocrx_word' id='word_1_642' title='bbox 1458 4165 1595 4237; x_wconf 80' lang='grc' dir='ltr'><strong>[καὶ]</strong></span> <span class='ocrx_word' id='word_1_643' title='bbox 1631 4166 1912 4235; x_wconf 83' lang='grc' dir='ltr'><strong>ἀλλότριον</strong></span> 
     </span>
    </p>
   </div>
   <div class='ocr_carea' id='block_1_78' title="bbox 323 4256 1913 4328">
    <p class='ocr_par' dir='ltr' id='par_1_78' title="bbox 323 4256 1913 4328">
     <span class='ocr_line' id='line_1_78' title="bbox 323 4256 1913 4328; baseline -0.001 -16"><span class='ocrx_word' id='word_1_644' title='bbox 323 4257 614 4321; x_wconf 80' lang='grc' dir='ltr'><strong>εὐσεϐείας</strong></span> <span class='ocrx_word' id='word_1_645' title='bbox 639 4259 730 4311; x_wconf 72' lang='grc' dir='ltr'><strong>καὶ</strong></span> <span class='ocrx_word' id='word_1_646' title='bbox 752 4257 909 4319; x_wconf 80' lang='grc' dir='ltr'><strong>αὐτὸς</strong></span> <span class='ocrx_word' id='word_1_647' title='bbox 939 4256 1229 4324; x_wconf 85' lang='grc' dir='ltr'><strong>ἀποφαίνει</strong></span> <span class='ocrx_word' id='word_1_648' title='bbox 1252 4256 1311 4308; x_wconf 89' lang='grc' dir='ltr'><strong>τὸ</strong></span> <span class='ocrx_word' id='word_1_649' title='bbox 1336 4256 1502 4321; x_wconf 85' lang='grc' dir='ltr'><strong>θύειν,</strong></span> <span class='ocrx_word' id='word_1_650' title='bbox 1535 4257 1913 4328; x_wconf 89' lang='grc' dir='ltr'><strong>παραπλήσιόν</strong></span> 
     </span>
    </p>
   </div>
   <div class='ocr_carea' id='block_1_79' title="bbox 322 4347 1913 4421">
    <p class='ocr_par' dir='ltr' id='par_1_79' title="bbox 322 4347 1913 4421">
     <span class='ocr_line' id='line_1_79' title="bbox 322 4347 1913 4421; baseline -0.001 -18"><span class='ocrx_word' id='word_1_651' title='bbox 322 4368 384 4405; x_wconf 85' lang='grc' dir='ltr'><strong>τι</strong></span> <span class='ocrx_word' id='word_1_652' title='bbox 405 4353 519 4412; x_wconf 80' lang='grc' dir='ltr'><strong>τοῖς</strong></span> <span class='ocrx_word' id='word_1_653' title='bbox 544 4349 797 4418; x_wconf 87' lang='grc' dir='ltr'><strong>πιθήκοις</strong></span> <span class='ocrx_word' id='word_1_654' title='bbox 829 4349 922 4401; x_wconf 76' lang='grc' dir='ltr'><strong>καὶ</strong></span> <span class='ocrx_word' id='word_1_655' title='bbox 942 4347 1084 4417; x_wconf 83' lang='grc' dir='ltr'><strong>δρῶν</strong></span> <span class='ocrx_word' id='word_1_656' title='bbox 1115 4347 1207 4400; x_wconf 75' lang='grc' dir='ltr'><strong>καὶ</strong></span> <span class='ocrx_word' id='word_1_657' title='bbox 1238 4348 1481 4417; x_wconf 86' lang='grc' dir='ltr'><strong>πάσχων.</strong></span> <span class='ocrx_word' id='word_1_658' title='bbox 1514 4349 1782 4419; x_wconf 81' lang='grc' dir='ltr'><strong>Καθάπερ</strong></span> <span class='ocrx_word' id='word_1_659' title='bbox 1804 4349 1913 4421; x_wconf 83' lang='grc' dir='ltr'><strong>γὰρ</strong></span> 
     </span>
    </p>
   </div>
   <div class='ocr_carea' id='block_1_80' title="bbox 320 4438 1913 4511">
    <p class='ocr_par' dir='ltr' id='par_1_80' title="bbox 320 4438 1913 4511">
     <span class='ocr_line' id='line_1_80' title="bbox 320 4438 1913 4511; baseline -0.002 -16"><span class='ocrx_word' id='word_1_660' title='bbox 320 4444 534 4495; x_wconf 82' lang='grc' dir='ltr'><strong>ἐκεῖνοι</strong></span> <span class='ocrx_word' id='word_1_661' title='bbox 567 4440 856 4511; x_wconf 80' lang='grc' dir='ltr'><strong>μιμοῦνται</strong></span> <span class='ocrx_word' id='word_1_662' title='bbox 892 4440 990 4509; x_wconf 88' lang='grc' dir='ltr'><strong>μὲν</strong></span> <span class='ocrx_word' id='word_1_663' title='bbox 1027 4438 1096 4491; x_wconf 81' lang='grc' dir='ltr'><strong>τὰ</strong></span> <span class='ocrx_word' id='word_1_664' title='bbox 1134 4438 1241 4491; x_wconf 89' lang='grc' dir='ltr'><strong>τῶν</strong></span> <span class='ocrx_word' id='word_1_665' title='bbox 1279 4438 1582 4509; x_wconf 77' lang='grc' dir='ltr'><strong>ἀνθρώπιον</strong></span> <span class='ocrx_word' id='word_1_666' title='bbox 1626 4440 1913 4511; x_wconf 82' lang='grc' dir='ltr'><strong>ἐπιτηδεύ-</strong></span> 
     </span>
    </p>
   </div>
   <div class='ocr_carea' id='block_1_81' title="bbox 327 4529 1915 4607">
    <p class='ocr_par' dir='ltr' id='par_1_81' title="bbox 327 4529 1915 4607">
     <span class='ocr_line' id='line_1_81' title="bbox 327 4529 1915 4607; baseline -0.002 -20"><span class='ocrx_word' id='word_1_667' title='bbox 327 4550 506 4607; x_wconf 79' lang='grc' dir='ltr'><strong>ματα,</strong></span> <span class='ocrx_word' id='word_1_668' title='bbox 541 4535 621 4595; x_wconf 88' lang='grc' dir='ltr'><strong>εἰς</strong></span> <span class='ocrx_word' id='word_1_669' title='bbox 658 4532 715 4585; x_wconf 88' lang='grc' dir='ltr'><strong>δέ</strong></span> <span class='ocrx_word' id='word_1_670' title='bbox 744 4549 808 4600; x_wconf 91' lang='grc' dir='ltr'><strong>γε</strong></span> <span class='ocrx_word' id='word_1_671' title='bbox 836 4532 935 4600; x_wconf 80' lang='grc' dir='ltr'><strong>τὴν</strong></span> <span class='ocrx_word' id='word_1_672' title='bbox 960 4531 1070 4583; x_wconf 90' lang='grc' dir='ltr'><strong>τῶν</strong></span> <span class='ocrx_word' id='word_1_673' title='bbox 1099 4529 1402 4601; x_wconf 85' lang='grc' dir='ltr'><strong>ἀνθρώπων</strong></span> <span class='ocrx_word' id='word_1_674' title='bbox 1443 4531 1505 4583; x_wconf 88' lang='grc' dir='ltr'><strong>οὐ</strong></span> <span class='ocrx_word' id='word_1_675' title='bbox 1553 4530 1915 4601; x_wconf 88' lang='grc' dir='ltr'><strong>μεταϐάλλον-</strong></span> 
     </span>
    </p>
   </div>
   <div class='ocr_carea' id='block_1_82' title="bbox 322 4617 1914 4693">
    <p class='ocr_par' dir='ltr' id='par_1_82' title="bbox 322 4617 1914 4693">
     <span class='ocr_line' id='line_1_82' title="bbox 322 4617 1914 4693; baseline -0.003 -14"><span class='ocrx_word' id='word_1_676' title='bbox 322 4644 419 4679; x_wconf 88' lang='grc' dir='ltr'><strong>ται</strong></span> <span class='ocrx_word' id='word_1_677' title='bbox 470 4624 653 4693; x_wconf 86' lang='grc' dir='ltr'><strong>φύσιν,</strong></span> <span class='ocrx_word' id='word_1_678' title='bbox 688 4623 825 4676; x_wconf 85' lang='grc' dir='ltr'><strong>ἀλλὰ</strong></span> <span class='ocrx_word' id='word_1_679' title='bbox 871 4623 1091 4693; x_wconf 89' lang='grc' dir='ltr'><strong>μένουσι</strong></span> <span class='ocrx_word' id='word_1_680' title='bbox 1141 4622 1384 4693; x_wconf 87' lang='grc' dir='ltr'><strong>πίθηκοι·</strong></span> <span class='ocrx_word' id='word_1_681' title='bbox 1429 4620 1604 4685; x_wconf 70' lang='grc' dir='ltr'><strong>οὕτως</strong></span> <span class='ocrx_word' id='word_1_682' title='bbox 1649 4617 1804 4686; x_wconf 76' lang='grc' dir='ltr'><strong>οὗτος</strong></span> <span class='ocrx_word' id='word_1_683' title='bbox 1844 4622 1914 4675; x_wconf 87' lang='grc' dir='ltr'><strong>τὰ</strong></span> 
     </span>
    </p>
   </div>
   <div class='ocr_carea' id='block_1_83' title="bbox 323 4712 1914 4784">
    <p class='ocr_par' dir='ltr' id='par_1_83' title="bbox 323 4712 1914 4784">
     <span class='ocr_line' id='line_1_83' title="bbox 323 4712 1914 4784; baseline -0.002 -14"><span class='ocrx_word' id='word_1_684' title='bbox 323 4718 455 4771; x_wconf 82' lang='grc' dir='ltr'><strong>θεῖα</strong></span> <span class='ocrx_word' id='word_1_685' title='bbox 484 4715 639 4784; x_wconf 88' lang='grc' dir='ltr'><strong>λόγια</strong></span> <span class='ocrx_word' id='word_1_686' title='bbox 673 4713 977 4783; x_wconf 78' lang='grc' dir='ltr'><strong>κεκλοφὼς,</strong></span> <span class='ocrx_word' id='word_1_687' title='bbox 1023 4713 1118 4767; x_wconf 73' lang='grc' dir='ltr'><strong>καὶ</strong></span> <span class='ocrx_word' id='word_1_688' title='bbox 1161 4714 1318 4766; x_wconf 86' lang='grc' dir='ltr'><strong>ἐνίων</strong></span> <span class='ocrx_word' id='word_1_689' title='bbox 1366 4712 1465 4783; x_wconf 81' lang='grc' dir='ltr'><strong>τὴν</strong></span> <span class='ocrx_word' id='word_1_690' title='bbox 1515 4713 1756 4767; x_wconf 88' lang='grc' dir='ltr'><strong>διάνοιαν</strong></span> <span class='ocrx_word' id='word_1_691' title='bbox 1801 4716 1914 4777; x_wconf 87' lang='grc' dir='ltr'><strong>τοῖς</strong></span> 
     </span>
    </p>
   </div>
   <div class='ocr_carea' id='block_1_84' title="bbox 325 4804 1916 4879">
    <p class='ocr_par' dir='ltr' id='par_1_84' title="bbox 325 4804 1916 4879">
     <span class='ocr_line' id='line_1_84' title="bbox 325 4804 1916 4879; baseline -0.003 -17"><span class='ocrx_word' id='word_1_692' title='bbox 325 4809 763 4879; x_wconf 82' lang='grc' dir='ltr'><strong>ξυγγράμμασιν</strong></span> <span class='ocrx_word' id='word_1_693' title='bbox 804 4805 1123 4869; x_wconf 79' lang='grc' dir='ltr'><strong>ἐντεθεικὼς</strong></span> <span class='ocrx_word' id='word_1_694' title='bbox 1155 4808 1268 4869; x_wconf 88' lang='grc' dir='ltr'><strong>τοῖς</strong></span> <span class='ocrx_word' id='word_1_695' title='bbox 1302 4805 1545 4873; x_wconf 73' lang='grc' dir='ltr'><strong>οἰκείοις,</strong></span> <span class='ocrx_word' id='word_1_696' title='bbox 1580 4804 1916 4877; x_wconf 82' lang='grc' dir='ltr'><strong>μεταμαθεῖν</strong></span> 
     </span>
    </p>
   </div>
   <div class='ocr_carea' id='block_1_85' title="bbox 322 4896 1911 4970">
    <p class='ocr_par' dir='ltr' id='par_1_85' title="bbox 322 4896 1911 4970">
     <span class='ocr_line' id='line_1_85' title="bbox 322 4896 1911 4970; baseline -0.001 -17"><span class='ocrx_word' id='word_1_697' title='bbox 322 4900 433 4953; x_wconf 83' lang='grc' dir='ltr'><strong>οὐκ</strong></span> <span class='ocrx_word' id='word_1_698' title='bbox 452 4899 685 4969; x_wconf 74' lang='grc' dir='ltr'><strong>ἠθέλησε</strong></span> <span class='ocrx_word' id='word_1_699' title='bbox 704 4899 806 4970; x_wconf 82' lang='grc' dir='ltr'><strong>τὴν</strong></span> <span class='ocrx_word' id='word_1_700' title='bbox 826 4900 875 4930; x_wconf 87' lang='grc'>⁸³</span> <span class='ocrx_word' id='word_1_701' title='bbox 898 4898 1177 4969; x_wconf 83' lang='grc' dir='ltr'><strong>ἀλήθειαν,</strong></span> <span class='ocrx_word' id='word_1_702' title='bbox 1200 4897 1334 4950; x_wconf 83' lang='grc' dir='ltr'><strong>ἀλλά</strong></span> <span class='ocrx_word' id='word_1_703' title='bbox 1361 4896 1637 4967; x_wconf 81' lang='grc' dir='ltr'><strong>μεμένηκε</strong></span> <span class='ocrx_word' id='word_1_704' title='bbox 1661 4896 1911 4968; x_wconf 88' lang='grc' dir='ltr'><strong>πίθηκος,</strong></span> 
     </span>
    </p>
   </div>
   <div class='ocr_carea' id='block_1_86' title="bbox 2021 3784 3609 3866">
    <p class='ocr_par' dir='ltr' id='par_1_86' title="bbox 2021 3784 3609 3866">
     <span class='ocr_line' id='line_1_86' title="bbox 2021 3784 3609 3866; baseline 0 -13"><span class='ocrx_word' id='word_1_705' title='bbox 2021 3798 2234 3853; x_wconf 88' lang='lat' dir='ltr'><strong>ciorum</strong></span> <span class='ocrx_word' id='word_1_706' title='bbox 2265 3798 2409 3851; x_wconf 84' lang='lat' dir='ltr'><strong>hanc</strong></span> <span class='ocrx_word' id='word_1_707' title='bbox 2433 3796 2815 3851; x_wconf 81' lang='lat' dir='ltr'><strong>defensionem</strong></span> <span class='ocrx_word' id='word_1_708' title='bbox 2850 3784 3057 3851; x_wconf 80' lang='lat' dir='ltr'><strong>habere</strong></span> <span class='ocrx_word' id='word_1_709' title='bbox 3084 3796 3313 3865; x_wconf 86' lang='lat' dir='ltr'><strong>putetis,</strong></span> <span class='ocrx_word' id='word_1_710' title='bbox 3342 3797 3491 3866; x_wconf 91' lang='lat' dir='ltr'><strong>quod</strong></span> <span class='ocrx_word' id='word_1_711' title='bbox 3518 3814 3609 3853; x_wconf 87' lang='lat' dir='ltr'><strong>ac-</strong></span> 
     </span>
    </p>
   </div>
   <div class='ocr_carea' id='block_1_87' title="bbox 2019 3888 3608 3959">
    <p class='ocr_par' dir='ltr' id='par_1_87' title="bbox 2019 3888 3608 3959">
     <span class='ocr_line' id='line_1_87' title="bbox 2019 3888 3608 3959; baseline 0.001 -14"><span class='ocrx_word' id='word_1_712' title='bbox 2019 3890 2293 3945; x_wconf 89' lang='lat' dir='ltr'><strong>cusationi</strong></span> <span class='ocrx_word' id='word_1_713' title='bbox 2341 3889 2753 3944; x_wconf 88' lang='lat' dir='ltr'><strong>accusationem</strong></span> <span class='ocrx_word' id='word_1_714' title='bbox 2794 3888 3092 3959; x_wconf 85' lang='lat' dir='ltr'><strong>Opponitis.</strong></span> <span class='ocrx_word' id='word_1_715' title='bbox 3134 3889 3267 3955; x_wconf 65' lang='lat' dir='ltr'><strong>Quae</strong></span> <span class='ocrx_word' id='word_1_716' title='bbox 3306 3892 3456 3945; x_wconf 90' lang='lat' dir='ltr'><strong>enim</strong></span> <span class='ocrx_word' id='word_1_717' title='bbox 3484 3890 3608 3946; x_wconf 71' lang='lat' dir='ltr'><strong>latae</strong></span> 
     </span>
    </p>
   </div>
   <div class='ocr_carea' id='block_1_88' title="bbox 2018 3980 3607 4052">
    <p class='ocr_par' dir='ltr' id='par_1_88' title="bbox 2018 3980 3607 4052">
     <span class='ocr_line' id='line_1_88' title="bbox 2018 3980 3607 4052; baseline 0 -16"><span class='ocrx_word' id='word_1_718' title='bbox 2018 3982 2157 4052; x_wconf 85' lang='lat' dir='ltr'><strong>legis</strong></span> <span class='ocrx_word' id='word_1_719' title='bbox 2179 3996 2335 4037; x_wconf 89' lang='lat' dir='ltr'><strong>mens</strong></span> <span class='ocrx_word' id='word_1_720' title='bbox 2380 3981 2568 4045; x_wconf 80' lang='lat' dir='ltr'><strong>fuerit,</strong></span> <span class='ocrx_word' id='word_1_721' title='bbox 2608 3981 2725 4050; x_wconf 86' lang='lat' dir='ltr'><strong>ipse</strong></span> <span class='ocrx_word' id='word_1_722' title='bbox 2744 3981 2840 4049; x_wconf 90' lang='lat' dir='ltr'><strong>qui</strong></span> <span class='ocrx_word' id='word_1_723' title='bbox 2868 3981 3046 4051; x_wconf 89' lang='lat' dir='ltr'><strong>legem</strong></span> <span class='ocrx_word' id='word_1_724' title='bbox 3072 3980 3220 4044; x_wconf 87' lang='lat' dir='ltr'><strong>tulit,</strong></span> <span class='ocrx_word' id='word_1_725' title='bbox 3247 3994 3346 4049; x_wconf 88' lang='lat' dir='ltr'><strong>per</strong></span> <span class='ocrx_word' id='word_1_726' title='bbox 3368 3981 3607 4050; x_wconf 86' lang='lat' dir='ltr'><strong>prophe-</strong></span> 
     </span>
    </p>
   </div>
   <div class='ocr_carea' id='block_1_89' title="bbox 2022 4072 3607 4143">
    <p class='ocr_par' dir='ltr' id='par_1_89' title="bbox 2022 4072 3607 4143">
     <span class='ocr_line' id='line_1_89' title="bbox 2022 4072 3607 4143; baseline 0 -16"><span class='ocrx_word' id='word_1_727' title='bbox 2022 4082 2106 4127; x_wconf 88' lang='lat' dir='ltr'><strong>tas</strong></span> <span class='ocrx_word' id='word_1_728' title='bbox 2135 4073 2281 4127; x_wconf 85' lang='lat' dir='ltr'><strong>Deus</strong></span> <span class='ocrx_word' id='word_1_729' title='bbox 2308 4072 2573 4127; x_wconf 86' lang='lat' dir='ltr'><strong>ostendit.</strong></span> <span class='ocrx_word' id='word_1_730' title='bbox 2613 4072 2747 4138; x_wconf 74' lang='lat' dir='ltr'><strong>Qua:</strong></span> <span class='ocrx_word' id='word_1_731' title='bbox 2779 4087 2906 4126; x_wconf 88' lang='lat' dir='ltr'><strong>cum</strong></span> <span class='ocrx_word' id='word_1_732' title='bbox 2941 4072 3236 4142; x_wconf 89' lang='lat' dir='ltr'><strong>diligenter</strong></span> <span class='ocrx_word' id='word_1_733' title='bbox 3262 4072 3607 4143; x_wconf 85' lang='lat' dir='ltr'><strong>Porphyrius</strong></span> 
     </span>
    </p>
   </div>
   <div class='ocr_carea' id='block_1_90' title="bbox 1958 4162 3608 4253">
    <p class='ocr_par' dir='ltr' id='par_1_90' title="bbox 1958 4162 3608 4253">
     <span class='ocr_line' id='line_1_90' title="bbox 1958 4162 3608 4253; baseline 0.001 -35"><span class='ocrx_word' id='word_1_734' title='bbox 1958 4220 1993 4253; x_wconf 29' lang='grc' dir='ltr'><strong><em>ν</em></strong></span> <span class='ocrx_word' id='word_1_735' title='bbox 2019 4165 2341 4235; x_wconf 86' lang='lat' dir='ltr'><strong>perlegisset</strong></span> <span class='ocrx_word' id='word_1_736' title='bbox 2375 4162 2695 4234; x_wconf 86' lang='lat' dir='ltr'><strong>(plurimum</strong></span> <span class='ocrx_word' id='word_1_737' title='bbox 2727 4162 2874 4217; x_wconf 88' lang='lat' dir='ltr'><strong>enim</strong></span> <span class='ocrx_word' id='word_1_738' title='bbox 2896 4163 3161 4231; x_wconf 90' lang='lat' dir='ltr'><strong>temporis</strong></span> <span class='ocrx_word' id='word_1_739' title='bbox 3210 4162 3266 4216; x_wconf 92' lang='lat' dir='ltr'><strong>in</strong></span> <span class='ocrx_word' id='word_1_740' title='bbox 3299 4163 3381 4217; x_wconf 91' lang='lat' dir='ltr'><strong>eis</strong></span> <span class='ocrx_word' id='word_1_741' title='bbox 3399 4166 3608 4220; x_wconf 88' lang='lat' dir='ltr'><strong>contri—</strong></span> 
     </span>
    </p>
   </div>
   <div class='ocr_carea' id='block_1_91' title="bbox 1990 4254 3605 4325">
    <p class='ocr_par' dir='ltr' id='par_1_91' title="bbox 1990 4254 3605 4325">
     <span class='ocr_line' id='line_1_91' title="bbox 1990 4254 3605 4325; baseline -0.001 -13"><span class='ocrx_word' id='word_1_742' title='bbox 1990 4254 2119 4323; x_wconf 43' lang='grc' dir='ltr'><strong>κλει,</strong></span> <span class='ocrx_word' id='word_1_743' title='bbox 2147 4257 2279 4311; x_wconf 90' lang='lat' dir='ltr'><strong>dum</strong></span> <span class='ocrx_word' id='word_1_744' title='bbox 2303 4272 2402 4311; x_wconf 87' lang='lat' dir='ltr'><strong>sua</strong></span> <span class='ocrx_word' id='word_1_745' title='bbox 2424 4256 2480 4310; x_wconf 92' lang='lat' dir='ltr'><strong>in</strong></span> <span class='ocrx_word' id='word_1_746' title='bbox 2507 4255 2854 4311; x_wconf 88' lang='lat' dir='ltr'><strong>Christianos</strong></span> <span class='ocrx_word' id='word_1_747' title='bbox 2873 4254 3156 4309; x_wconf 91' lang='lat' dir='ltr'><strong>volumina</strong></span> <span class='ocrx_word' id='word_1_748' title='bbox 3184 4254 3605 4325; x_wconf 89' lang='lat' dir='ltr'><strong>meditabatur),</strong></span> 
     </span>
    </p>
   </div>
   <div class='ocr_carea' id='block_1_92' title="bbox 2019 4345 3605 4417">
    <p class='ocr_par' dir='ltr' id='par_1_92' title="bbox 2019 4345 3605 4417">
     <span class='ocr_line' id='line_1_92' title="bbox 2019 4345 3605 4417; baseline -0.001 -13"><span class='ocrx_word' id='word_1_749' title='bbox 2019 4350 2199 4405; x_wconf 88' lang='lat' dir='ltr'><strong>aliena</strong></span> <span class='ocrx_word' id='word_1_750' title='bbox 2220 4350 2267 4402; x_wconf 93' lang='lat' dir='ltr'><strong>is</strong></span> <span class='ocrx_word' id='word_1_751' title='bbox 2288 4363 2510 4417; x_wconf 89' lang='lat' dir='ltr'><strong>quoque</strong></span> <span class='ocrx_word' id='word_1_752' title='bbox 2532 4364 2564 4401; x_wconf 89' lang='lat' dir='ltr'><strong>a</strong></span> <span class='ocrx_word' id='word_1_753' title='bbox 2587 4363 2715 4401; x_wconf 88' lang='lat' dir='ltr'><strong>vera</strong></span> <span class='ocrx_word' id='word_1_754' title='bbox 2740 4347 2945 4416; x_wconf 81' lang='lat' dir='ltr'><strong>pietate</strong></span> <span class='ocrx_word' id='word_1_755' title='bbox 2974 4345 3241 4400; x_wconf 89' lang='lat' dir='ltr'><strong>sacriﬁcia</strong></span> <span class='ocrx_word' id='word_1_756' title='bbox 3257 4362 3379 4401; x_wconf 85' lang='lat' dir='ltr'><strong>esse</strong></span> <span class='ocrx_word' id='word_1_757' title='bbox 3413 4355 3605 4402; x_wconf 85' lang='lat' dir='ltr'><strong>osten—</strong></span> 
     </span>
    </p>
   </div>
   <div class='ocr_carea' id='block_1_93' title="bbox 2020 4438 3603 4511">
    <p class='ocr_par' dir='ltr' id='par_1_93' title="bbox 2020 4438 3603 4511">
     <span class='ocr_line' id='line_1_93' title="bbox 2020 4438 3603 4511; baseline 0.001 -16"><span class='ocrx_word' id='word_1_758' title='bbox 2020 4442 2123 4496; x_wconf 88' lang='lat' dir='ltr'><strong>dit.</strong></span> <span class='ocrx_word' id='word_1_759' title='bbox 2153 4441 2270 4508; x_wconf 85' lang='lat' dir='ltr'><strong>Qua</strong></span> <span class='ocrx_word' id='word_1_760' title='bbox 2297 4441 2354 4495; x_wconf 90' lang='lat' dir='ltr'><strong>in</strong></span> <span class='ocrx_word' id='word_1_761' title='bbox 2387 4456 2444 4496; x_wconf 86' lang='lat' dir='ltr'><strong>re</strong></span> <span class='ocrx_word' id='word_1_762' title='bbox 2473 4441 2768 4511; x_wconf 85' lang='lat' dir='ltr'><strong>contigisse</strong></span> <span class='ocrx_word' id='word_1_763' title='bbox 2821 4440 2898 4493; x_wconf 90' lang='lat' dir='ltr'><strong>illi</strong></span> <span class='ocrx_word' id='word_1_764' title='bbox 2942 4438 3162 4494; x_wconf 90' lang='lat' dir='ltr'><strong>videtur</strong></span> <span class='ocrx_word' id='word_1_765' title='bbox 3192 4440 3339 4510; x_wconf 87' lang='lat' dir='ltr'><strong>quod</strong></span> <span class='ocrx_word' id='word_1_766' title='bbox 3383 4442 3603 4496; x_wconf 82' lang='lat' dir='ltr'><strong>contin-</strong></span> 
     </span>
    </p>
   </div>
   <div class='ocr_carea' id='block_1_94' title="bbox 2018 4529 3603 4603">
    <p class='ocr_par' dir='ltr' id='par_1_94' title="bbox 2018 4529 3603 4603">
     <span class='ocr_line' id='line_1_94' title="bbox 2018 4529 3603 4603; baseline 0.001 -17"><span class='ocrx_word' id='word_1_767' title='bbox 2018 4547 2149 4603; x_wconf 85' lang='lat' dir='ltr'><strong>gere</strong></span> <span class='ocrx_word' id='word_1_768' title='bbox 2181 4531 2357 4586; x_wconf 85' lang='lat' dir='ltr'><strong>simiis</strong></span> <span class='ocrx_word' id='word_1_769' title='bbox 2397 4532 2557 4585; x_wconf 89' lang='lat' dir='ltr'><strong>solet.</strong></span> <span class='ocrx_word' id='word_1_770' title='bbox 2595 4531 2751 4585; x_wconf 87' lang='lat' dir='ltr'><strong>Sicut</strong></span> <span class='ocrx_word' id='word_1_771' title='bbox 2788 4529 2935 4584; x_wconf 90' lang='lat' dir='ltr'><strong>enim</strong></span> <span class='ocrx_word' id='word_1_772' title='bbox 2973 4529 3051 4583; x_wconf 92' lang='lat' dir='ltr'><strong>illi</strong></span> <span class='ocrx_word' id='word_1_773' title='bbox 3085 4530 3356 4585; x_wconf 88' lang='lat' dir='ltr'><strong>humanos</strong></span> <span class='ocrx_word' id='word_1_774' title='bbox 3379 4532 3603 4602; x_wconf 85' lang='lat' dir='ltr'><strong>quidem</strong></span> 
     </span>
    </p>
   </div>
   <div class='ocr_carea' id='block_1_95' title="bbox 2017 4623 3605 4695">
    <p class='ocr_par' dir='ltr' id='par_1_95' title="bbox 2017 4623 3605 4695">
     <span class='ocr_line' id='line_1_95' title="bbox 2017 4623 3605 4695; baseline 0 -16"><span class='ocrx_word' id='word_1_775' title='bbox 2017 4634 2204 4695; x_wconf 83' lang='lat' dir='ltr'><strong>gestus</strong></span> <span class='ocrx_word' id='word_1_776' title='bbox 2231 4623 2542 4687; x_wconf 85' lang='lat' dir='ltr'><strong>imitantur,</strong></span> <span class='ocrx_word' id='word_1_777' title='bbox 2570 4623 2626 4677; x_wconf 91' lang='lat' dir='ltr'><strong>in</strong></span> <span class='ocrx_word' id='word_1_778' title='bbox 2660 4623 2957 4677; x_wconf 87' lang='lat' dir='ltr'><strong>humanam</strong></span> <span class='ocrx_word' id='word_1_779' title='bbox 3002 4631 3183 4678; x_wconf 89' lang='lat' dir='ltr'><strong>tamen</strong></span> <span class='ocrx_word' id='word_1_780' title='bbox 3210 4632 3460 4679; x_wconf 81' lang='lat' dir='ltr'><strong>naturam</strong></span> <span class='ocrx_word' id='word_1_781' title='bbox 3491 4639 3605 4680; x_wconf 92' lang='lat' dir='ltr'><strong>non</strong></span> 
     </span>
    </p>
   </div>
   <div class='ocr_carea' id='block_1_96' title="bbox 2019 4714 3608 4785">
    <p class='ocr_par' dir='ltr' id='par_1_96' title="bbox 2019 4714 3608 4785">
     <span class='ocr_line' id='line_1_96' title="bbox 2019 4714 3608 4785; baseline 0.003 -17"><span class='ocrx_word' id='word_1_782' title='bbox 2019 4723 2330 4781; x_wconf 85' lang='lat' dir='ltr'><strong>transeunt,</strong></span> <span class='ocrx_word' id='word_1_783' title='bbox 2354 4715 2451 4770; x_wconf 90' lang='lat' dir='ltr'><strong>sed</strong></span> <span class='ocrx_word' id='word_1_784' title='bbox 2478 4714 2623 4769; x_wconf 88' lang='lat' dir='ltr'><strong>simii</strong></span> <span class='ocrx_word' id='word_1_785' title='bbox 2647 4723 2975 4785; x_wconf 89' lang='lat' dir='ltr'><strong>permanent</strong></span> <span class='ocrx_word' id='word_1_786' title='bbox 3005 4732 3017 4767; x_wconf 90' lang='lat'><strong>:</strong></span> <span class='ocrx_word' id='word_1_787' title='bbox 3046 4714 3121 4770; x_wconf 87' lang='lat' dir='ltr'><strong>ita</strong></span> <span class='ocrx_word' id='word_1_788' title='bbox 3149 4722 3205 4770; x_wconf 87' lang='lat' dir='ltr'><strong>et</strong></span> <span class='ocrx_word' id='word_1_789' title='bbox 3236 4715 3349 4781; x_wconf 89' lang='lat' dir='ltr'><strong>hic,</strong></span> <span class='ocrx_word' id='word_1_790' title='bbox 3378 4730 3409 4771; x_wconf 92' lang='lat' dir='ltr'><strong>e</strong></span> <span class='ocrx_word' id='word_1_791' title='bbox 3434 4719 3608 4772; x_wconf 81' lang='lat' dir='ltr'><strong>sacris</strong></span> 
     </span>
    </p>
   </div>
   <div class='ocr_carea' id='block_1_97' title="bbox 2018 4806 3605 4871">
    <p class='ocr_par' dir='ltr' id='par_1_97' title="bbox 2018 4806 3605 4871">
     <span class='ocr_line' id='line_1_97' title="bbox 2018 4806 3605 4871; baseline 0.002 -11"><span class='ocrx_word' id='word_1_792' title='bbox 2018 4806 2245 4861; x_wconf 89' lang='lat' dir='ltr'><strong>Litteris</strong></span> <span class='ocrx_word' id='word_1_793' title='bbox 2281 4806 2616 4871; x_wconf 80' lang='lat' dir='ltr'><strong>suﬁ&#39;uratus,</strong></span> <span class='ocrx_word' id='word_1_794' title='bbox 2646 4813 2704 4860; x_wconf 93' lang='lat' dir='ltr'><strong>et</strong></span> <span class='ocrx_word' id='word_1_795' title='bbox 2739 4806 3022 4861; x_wconf 89' lang='lat' dir='ltr'><strong>nonnullis</strong></span> <span class='ocrx_word' id='word_1_796' title='bbox 3057 4806 3186 4860; x_wconf 89' lang='lat' dir='ltr'><strong>inde</strong></span> <span class='ocrx_word' id='word_1_797' title='bbox 3228 4808 3517 4863; x_wconf 86' lang='lat' dir='ltr'><strong>sententiis</strong></span> <span class='ocrx_word' id='word_1_798' title='bbox 3549 4810 3605 4862; x_wconf 86' lang='lat' dir='ltr'><strong>in</strong></span> 
     </span>
    </p>
   </div>
   <div class='ocr_carea' id='block_1_98' title="bbox 2020 4897 3606 4967">
    <p class='ocr_par' dir='ltr' id='par_1_98' title="bbox 2020 4897 3606 4967">
     <span class='ocr_line' id='line_1_98' title="bbox 2020 4897 3606 4967; baseline 0.001 -14"><span class='ocrx_word' id='word_1_799' title='bbox 2020 4914 2119 4953; x_wconf 90' lang='lat' dir='ltr'><strong>sua</strong></span> <span class='ocrx_word' id='word_1_800' title='bbox 2181 4905 2541 4953; x_wconf 88' lang='lat' dir='ltr'><strong>monumenta</strong></span> <span class='ocrx_word' id='word_1_801' title='bbox 2594 4897 2910 4961; x_wconf 87' lang='lat' dir='ltr'><strong>translatis,</strong></span> <span class='ocrx_word' id='word_1_802' title='bbox 2944 4898 3234 4951; x_wconf 85' lang='lat' dir='ltr'><strong>veritatem</strong></span> <span class='ocrx_word' id='word_1_803' title='bbox 3284 4898 3606 4967; x_wconf 88' lang='lat' dir='ltr'><strong>perdiscere</strong></span> 
     </span>
    </p>
   </div>
   <div class='ocr_carea' id='block_1_99' title="bbox 326 4985 1912 5061">
    <p class='ocr_par' dir='ltr' id='par_1_99' title="bbox 326 4989 1912 5061">
     <span class='ocr_line' id='line_1_99' title="bbox 326 4989 1912 5061; baseline 0.001 -19"><span class='ocrx_word' id='word_1_804' title='bbox 326 4990 538 5061; x_wconf 78' lang='grc' dir='ltr'><strong>μᾶλλον</strong></span> <span class='ocrx_word' id='word_1_805' title='bbox 566 4990 624 5043; x_wconf 85' lang='grc' dir='ltr'><strong>δὲ</strong></span> <span class='ocrx_word' id='word_1_806' title='bbox 656 4989 886 5054; x_wconf 81' lang='grc' dir='ltr'><strong>κολοιὸς,</strong></span> <span class='ocrx_word' id='word_1_807' title='bbox 923 4990 1226 5061; x_wconf 81' lang='grc' dir='ltr'><strong>ἀλλοτρίοις</strong></span> <span class='ocrx_word' id='word_1_808' title='bbox 1250 4989 1299 5020; x_wconf 77' lang='grc'><strong>⁵⁸</strong></span> <span class='ocrx_word' id='word_1_809' title='bbox 1326 4989 1537 5053; x_wconf 85' lang='grc' dir='ltr'><strong>πτίλοις</strong></span> <span class='ocrx_word' id='word_1_810' title='bbox 1578 4990 1912 5061; x_wconf 82' lang='grc' dir='ltr'><strong>καλλυνόμε-</strong></span> 
     </span>
    </p>
   </div>
   <div class='ocr_carea' id='block_1_100' title="bbox 2014 4985 3608 5061">
    <p class='ocr_par' dir='ltr' id='par_1_100' title="bbox 2022 4988 3608 5059">
     <span class='ocr_line' id='line_1_100' title="bbox 2022 4988 3608 5059; baseline -0.002 -14"><span class='ocrx_word' id='word_1_811' title='bbox 2022 4991 2224 5057; x_wconf 88' lang='lat' dir='ltr'><strong>noluit,</strong></span> <span class='ocrx_word' id='word_1_812' title='bbox 2257 4990 2354 5046; x_wconf 87' lang='lat' dir='ltr'><strong>sed</strong></span> <span class='ocrx_word' id='word_1_813' title='bbox 2400 4990 2595 5045; x_wconf 88' lang='lat' dir='ltr'><strong>simius</strong></span> <span class='ocrx_word' id='word_1_814' title='bbox 2635 4988 2963 5059; x_wconf 78' lang='lat' dir='ltr'><strong>permansit,</strong></span> <span class='ocrx_word' id='word_1_815' title='bbox 2994 4988 3081 5043; x_wconf 85' lang='lat' dir='ltr'><strong>vel</strong></span> <span class='ocrx_word' id='word_1_816' title='bbox 3125 4989 3385 5057; x_wconf 83' lang='lat' dir='ltr'><strong>graculus</strong></span> <span class='ocrx_word' id='word_1_817' title='bbox 3418 4988 3608 5058; x_wconf 84' lang='lat' dir='ltr'><strong>potius</strong></span> 
     </span>
    </p>
   </div>
   <div class='ocr_carea' id='block_1_101' title="bbox 403 5129 1335 5199">
    <p class='ocr_par' dir='ltr' id='par_1_101' title="bbox 403 5129 1335 5199">
     <span class='ocr_line' id='line_1_101' title="bbox 403 5129 1335 5199; baseline -0.005 -12"><span class='ocrx_word' id='word_1_818' title='bbox 403 5145 431 5175; x_wconf 76' lang='grc' dir='ltr'>ι</span> <span class='ocrx_word' id='word_1_819' title='bbox 454 5131 558 5187; x_wconf 83' lang='lat' dir='ltr'><strong>Isa.</strong></span> <span class='ocrx_word' id='word_1_820' title='bbox 585 5149 733 5199; x_wconf 81' lang='lat' dir='ltr'><strong>mu,</strong></span> <span class='ocrx_word' id='word_1_821' title='bbox 761 5131 946 5187; x_wconf 63' lang='lat'><strong>22-21.</strong></span> <span class='ocrx_word' id='word_1_822' title='bbox 1026 5131 1055 5170; x_wconf 69' lang='grc' dir='ltr'><strong>ι’</strong></span> <span class='ocrx_word' id='word_1_823' title='bbox 1088 5129 1221 5185; x_wconf 92' lang='lat' dir='ltr'><strong>ibid.</strong></span> <span class='ocrx_word' id='word_1_824' title='bbox 1246 5129 1335 5183; x_wconf 75' lang='lat'><strong>25.</strong></span> 
     </span>
    </p>
   </div>
   <div class='ocr_carea' id='block_1_102' title="bbox 1415 5124 1912 5199">
    <p class='ocr_par' dir='ltr' id='par_1_102' title="bbox 1415 5130 1900 5199">
     <span class='ocr_line' id='line_1_102' title="bbox 1415 5130 1900 5199; baseline -0.004 -14"><span class='ocrx_word' id='word_1_825' title='bbox 1415 5140 1437 5168; x_wconf 76' lang='grc' dir='ltr'><strong>ο</strong></span> <span class='ocrx_word' id='word_1_826' title='bbox 1458 5130 1659 5199; x_wconf 85' lang='lat' dir='ltr'><strong>Ephes.</strong></span> <span class='ocrx_word' id='word_1_827' title='bbox 1681 5146 1741 5197; x_wconf 84' lang='grc' dir='ltr'><strong>ιι,</strong></span> <span class='ocrx_word' id='word_1_828' title='bbox 1764 5130 1817 5196; x_wconf 88' lang='grc'><strong>8,</strong></span> <span class='ocrx_word' id='word_1_829' title='bbox 1846 5130 1900 5184; x_wconf 82' lang='grc'><strong>9.</strong></span> 
     </span>
    </p>
   </div>
   <div class='ocr_carea' id='block_1_103' title="bbox 2014 5124 3597 5199">
    <p class='ocr_par' dir='ltr' id='par_1_103' title="bbox 2027 5124 3597 5194">
     <span class='ocr_line' id='line_1_103' title="bbox 2027 5124 3597 5194; baseline -0.006 -9"><span class='ocrx_word' id='word_1_830' title='bbox 2027 5130 2228 5185; x_wconf 84' lang='lat' dir='ltr'><strong>Jerem.</strong></span> <span class='ocrx_word' id='word_1_831' title='bbox 2256 5146 2348 5194; x_wconf 89' lang='lat' dir='ltr'><strong>vu,</strong></span> <span class='ocrx_word' id='word_1_832' title='bbox 2374 5129 2464 5193; x_wconf 74' lang='lat'><strong>2|,</strong></span> <span class='ocrx_word' id='word_1_833' title='bbox 2486 5128 2574 5181; x_wconf 76' lang='grc'><strong>22.</strong></span> <span class='ocrx_word' id='word_1_834' title='bbox 2622 5139 2645 5166; x_wconf 75' lang='grc' dir='ltr'><strong>ε</strong></span> <span class='ocrx_word' id='word_1_835' title='bbox 2678 5126 2860 5181; x_wconf 83' lang='lat' dir='ltr'><strong>Jerem</strong></span> <span class='ocrx_word' id='word_1_836' title='bbox 2904 5142 2954 5179; x_wconf 83' lang='lat' dir='ltr'><strong>vt</strong></span> <span class='ocrx_word' id='word_1_837' title='bbox 2975 5167 2988 5192; x_wconf 84' lang='lat'><strong>,</strong></span> <span class='ocrx_word' id='word_1_838' title='bbox 3015 5124 3105 5180; x_wconf 70' lang='lat'><strong>20.</strong></span> <span class='ocrx_word' id='word_1_839' title='bbox 3190 5125 3209 5162; x_wconf 71' lang='grc' dir='ltr'><em>τ</em></span> <span class='ocrx_word' id='word_1_840' title='bbox 3233 5126 3402 5181; x_wconf 84' lang='lat' dir='ltr'><strong>Amos</strong></span> <span class='ocrx_word' id='word_1_841' title='bbox 3420 5143 3471 5189; x_wconf 94' lang='lat' dir='ltr'><strong>v,</strong></span> <span class='ocrx_word' id='word_1_842' title='bbox 3508 5124 3597 5177; x_wconf 75' lang='grc'><strong>25.</strong></span> 
     </span>
    </p>
   </div>
   <div class='ocr_carea' id='block_1_104' title="bbox 1652 5272 2419 5342">
    <p class='ocr_par' dir='ltr' id='par_1_104' title="bbox 1652 5272 2419 5342">
     <span class='ocr_line' id='line_1_104' title="bbox 1652 5272 2419 5342; baseline -0.005 0"><span class='ocrx_word' id='word_1_843' title='bbox 1652 5286 1887 5342; x_wconf 65' lang='lat' dir='ltr'><strong>VARI/ﬁ</strong></span> <span class='ocrx_word' id='word_1_844' title='bbox 1927 5285 2335 5341; x_wconf 83' lang='lat' dir='ltr'><strong>LECTIONES.</strong></span> <span class='ocrx_word' id='word_1_845' title='bbox 2418 5272 2419 5275; x_wconf 10' lang='grc' dir='ltr'><strong>η</strong></span> 
     </span>
    </p>
   </div>
   <div class='ocr_carea' id='block_1_105' title="bbox 405 5427 1569 5510">
    <p class='ocr_par' dir='ltr' id='par_1_105' title="bbox 405 5427 1569 5510">
     <span class='ocr_line' id='line_1_105' title="bbox 405 5427 1569 5510; baseline 0.003 -39"><span class='ocrx_word' id='word_1_846' title='bbox 405 5430 993 5510; x_wconf 14' lang='grc' dir='ltr'><strong>πᾼπεριῤῥενῖῃ-ρίοιςί</strong></span> <span class='ocrx_word' id='word_1_847' title='bbox 1023 5427 1430 5510; x_wconf 61' lang='grc' dir='ltr'><strong>περιρραπίοις</strong></span> <span class='ocrx_word' id='word_1_848' title='bbox 1472 5428 1569 5510; x_wconf 54' lang='lat' dir='ltr'><strong>Va:</strong></span> 
     </span>
    </p>
   </div>
   <div class='ocr_carea' id='block_1_106' title="bbox 332 5567 1606 5636">
    <p class='ocr_par' dir='ltr' id='par_1_106' title="bbox 332 5567 1606 5636">
     <span class='ocr_line' id='line_1_106' title="bbox 332 5567 1606 5636; baseline 0.002 -10"><span class='ocrx_word' id='word_1_849' title='bbox 332 5580 397 5636; x_wconf 70' lang='grc' dir='ltr'><strong>υ,</strong></span> <span class='ocrx_word' id='word_1_850' title='bbox 478 5567 524 5610; x_wconf 63' lang='grc' dir='ltr'><strong>δ’</strong></span> <span class='ocrx_word' id='word_1_851' title='bbox 553 5567 765 5629; x_wconf 81' lang='grc' dir='ltr'><strong>τέθεικε</strong></span> <span class='ocrx_word' id='word_1_852' title='bbox 813 5587 924 5626; x_wconf 88' lang='lat' dir='ltr'><strong>om.</strong></span> <span class='ocrx_word' id='word_1_853' title='bbox 968 5567 1065 5623; x_wconf 68' lang='lat' dir='ltr'><strong>Va.</strong></span> <span class='ocrx_word' id='word_1_854' title='bbox 1141 5567 1189 5600; x_wconf 74' lang='lat'><strong>“</strong></span> <span class='ocrx_word' id='word_1_855' title='bbox 1220 5569 1373 5636; x_wconf 81' lang='grc' dir='ltr'><strong>ὑμῶν</strong></span> <span class='ocrx_word' id='word_1_856' title='bbox 1402 5584 1513 5621; x_wconf 75' lang='grc' dir='ltr'><strong>01η.</strong></span> <span class='ocrx_word' id='word_1_857' title='bbox 1545 5567 1606 5622; x_wconf 84' lang='lat' dir='ltr'><strong>C-</strong></span> 
     </span>
    </p>
   </div>
   <div class='ocr_carea' id='block_1_107' title="bbox 335 5636 1912 5732">
    <p class='ocr_par' dir='ltr' id='par_1_107' title="bbox 335 5636 1912 5732">
     <span class='ocr_line' id='line_1_107' title="bbox 335 5636 1912 5732; baseline -0.002 1"><span class='ocrx_word' id='word_1_858' title='bbox 335 5649 573 5732; x_wconf 66' lang='grc' dir='ltr'><strong>ηγορίσςι</strong></span> <span class='ocrx_word' id='word_1_859' title='bbox 614 5646 711 5727; x_wconf 67' lang='lat' dir='ltr'><strong>Ya-</strong></span> <span class='ocrx_word' id='word_1_860' title='bbox 868 5641 1143 5732; x_wconf 61' lang='grc' dir='ltr'><strong>νομίὲξιτξ·</strong></span> <span class='ocrx_word' id='word_1_861' title='bbox 1191 5638 1438 5732; x_wconf 56' lang='grc' dir='ltr'><strong>ϊοὲίξξτε</strong></span> <span class='ocrx_word' id='word_1_862' title='bbox 1467 5638 1743 5732; x_wconf 51' lang='lat' dir='ltr'><strong>3.19an-</strong></span> <span class='ocrx_word' id='word_1_863' title='bbox 1774 5636 1795 5725; x_wconf 53' lang='grc'><strong>,⁷</strong></span> <span class='ocrx_word' id='word_1_864' title='bbox 1822 5640 1863 5669; x_wconf 76' lang='grc'><strong>⁵⁸</strong></span> <span class='ocrx_word' id='word_1_865' title='bbox 1902 5657 1912 5709; x_wconf 77' lang='grc' dir='ltr'><strong>ι</strong></span> 
     </span>
    </p>
   </div>
   <div class='ocr_carea' id='block_1_108' title="bbox 2014 5636 2582 5732">
    <p class='ocr_par' dir='ltr' id='par_1_108' title="bbox 2014 5636 2582 5732">
     <span class='ocr_line' id='line_1_108' title="bbox 2014 5636 2582 5732; baseline 0 0"><span class='ocrx_word' id='word_1_866' title='bbox 2014 5636 2344 5732; x_wconf 35' lang='lat' dir='ltr'><strong>Mitt???</strong></span> <span class='ocrx_word' id='word_1_867' title='bbox 2375 5651 2483 5732; x_wconf 63' lang='lat' dir='ltr'><strong>9f“;</strong></span> <span class='ocrx_word' id='word_1_868' title='bbox 2522 5636 2582 5732; x_wconf 62' lang='grc' dir='ltr'><strong>δέ</strong></span> 
     </span>
    </p>
   </div>
   <div class='ocr_carea' id='block_1_109' title="bbox 333 5704 1912 5792">
    <p class='ocr_par' dir='ltr' id='par_1_109' title="bbox 333 5704 1912 5792">
     <span class='ocr_line' id='line_1_109' title="bbox 333 5704 1912 5792; baseline -0.01 -15"><span class='ocrx_word' id='word_1_869' title='bbox 530 5716 714 5775; x_wconf 88' lang='lat' dir='ltr'><strong>Ursin.</strong></span> <span class='ocrx_word' id='word_1_870' title='bbox 746 5714 903 5768; x_wconf 77' lang='lat' dir='ltr'><strong>Male.</strong></span> <span class='ocrx_word' id='word_1_871' title='bbox 933 5704 945 5711; x_wconf 63' lang='grc'>⁷</span> <span class='ocrx_word' id='word_1_872' title='bbox 990 5704 1170 5780; x_wconf 74' lang='grc' dir='ltr'><strong>⁸³’τὴν</strong></span> <span class='ocrx_word' id='word_1_873' title='bbox 1202 5704 1311 5762; x_wconf 85' lang='lat' dir='ltr'><strong>om.</strong></span> <span class='ocrx_word' id='word_1_874' title='bbox 1345 5709 1401 5762; x_wconf 90' lang='grc' dir='ltr'><strong>Β.</strong></span> <span class='ocrx_word' id='word_1_875' title='bbox 1492 5709 1537 5741; x_wconf 57' lang='grc'>⁵⁵</span> <span class='ocrx_word' id='word_1_876' title='bbox 1571 5708 1868 5781; x_wconf 80' lang='grc' dir='ltr'><strong>ἀλλοτρίοις</strong></span> <span class='ocrx_word' id='word_1_877' title='bbox 1902 5704 1912 5709; x_wconf 82' lang='grc'><em>’</em></span> 
     </span>
    </p>
   </div>
   <div class='ocr_carea' id='block_1_110' title="bbox 2014 5704 2845 5792">
    <p class='ocr_par' dir='ltr' id='par_1_110' title="bbox 2014 5704 2845 5778">
     <span class='ocr_line' id='line_1_110' title="bbox 2014 5704 2845 5778; baseline -0.002 -17"><span class='ocrx_word' id='word_1_878' title='bbox 2014 5704 2504 5778; x_wconf 54' lang='grc' dir='ltr'><strong>λοιςίάλλοτρίοισι</strong></span> <span class='ocrx_word' id='word_1_879' title='bbox 2554 5704 2776 5776; x_wconf 81' lang='grc' dir='ltr'><strong>πτηλοῖς</strong></span> <span class='ocrx_word' id='word_1_880' title='bbox 2806 5705 2845 5759; x_wconf 80' lang='lat' dir='ltr'>C</span> 
     </span>
    </p>
   </div>
   <div class='ocr_carea' id='block_1_111' title="bbox 662 5804 1449 5871">
    <p class='ocr_par' dir='ltr' id='par_1_111' title="bbox 662 5804 1449 5871">
     <span class='ocr_line' id='line_1_111' title="bbox 662 5804 1449 5871; baseline -0.013 0"><span class='ocrx_word' id='word_1_881' title='bbox 662 5811 926 5871; x_wconf 75' lang='lat' dir='ltr'><strong>PATBOL.</strong></span> <span class='ocrx_word' id='word_1_882' title='bbox 974 5807 1088 5865; x_wconf 77' lang='lat' dir='ltr'><strong>Gn.</strong></span> <span class='ocrx_word' id='word_1_883' title='bbox 1137 5804 1449 5865; x_wconf 76' lang='lat' dir='ltr'><strong>LXXXIII.</strong></span> 
     </span>
    </p>
   </div>
   <div class='ocr_carea' id='block_1_112' title="bbox 335 5423 1912 5600">
    <p class='ocr_par' dir='ltr' id='par_1_112' title="bbox 335 5427 1912 5600">
     <span class='ocr_line' id='line_1_112' title="bbox 405 5427 1912 5557; baseline -0.009 -86"><span class='ocrx_word' id='word_1_884' title='bbox 405 5430 994 5557; x_wconf 47' lang='lat' dir='ltr'><strong>&quot;.m9t99avWi0tc‘;</strong></span> <span class='ocrx_word' id='word_1_885' title='bbox 1023 5427 1430 5510; x_wconf 75' lang='grc' dir='ltr'><strong>περιρῤαντίοις</strong></span> <span class='ocrx_word' id='word_1_886' title='bbox 1472 5428 1569 5529; x_wconf 50' lang='grc' dir='ltr'><strong>ινῗί</strong></span> <span class='ocrx_word' id='word_1_887' title='bbox 1678 5428 1724 5461; x_wconf 72' lang='grc' dir='ltr'><strong>ιε</strong></span> <span class='ocrx_word' id='word_1_888' title='bbox 1753 5427 1912 5497; x_wconf 73' lang='grc' dir='ltr'><strong>ἀφέλε</strong></span> 
     </span>
     <span class='ocr_line' id='line_1_113' title="bbox 335 5498 1912 5600; baseline -0.001 1"><span class='ocrx_word' id='word_1_889' title='bbox 815 5544 900 5600; x_wconf 74' lang='lat'><strong>-;.</strong></span> <span class='ocrx_word' id='word_1_890' title='bbox 968 5498 1490 5600; x_wconf 44' lang='lat' dir='ltr'><strong>melanas...</strong></span> <span class='ocrx_word' id='word_1_891' title='bbox 1545 5499 1912 5600; x_wconf 62' lang='grc' dir='ltr'><strong>ρσοίετσὲξηξί</strong></span> 
     </span>
    </p>
   </div>
   <div class='ocr_carea' id='block_1_113' title="bbox 2014 5423 3005 5600">
    <p class='ocr_par' dir='ltr' id='par_1_113' title="bbox 2014 5423 3005 5600">
     <span class='ocr_line' id='line_1_114' title="bbox 2014 5423 3005 5497; baseline 0 -20"><span class='ocrx_word' id='word_1_892' title='bbox 2014 5446 2041 5481; x_wconf 91' lang='lat'><strong>:.</strong></span> <span class='ocrx_word' id='word_1_893' title='bbox 2076 5427 2303 5497; x_wconf 83' lang='grc' dir='ltr'><strong>ἀφέλετε</strong></span> <span class='ocrx_word' id='word_1_894' title='bbox 2334 5426 2374 5481; x_wconf 88' lang='lat' dir='ltr'><strong>C</strong></span> <span class='ocrx_word' id='word_1_895' title='bbox 2405 5426 2497 5495; x_wconf 87' lang='lat' dir='ltr'><strong>qui</strong></span> <span class='ocrx_word' id='word_1_896' title='bbox 2531 5441 2655 5479; x_wconf 77' lang='lat' dir='ltr'><strong>mox</strong></span> <span class='ocrx_word' id='word_1_897' title='bbox 2684 5440 2795 5479; x_wconf 91' lang='lat' dir='ltr'><strong>om.</strong></span> <span class='ocrx_word' id='word_1_898' title='bbox 2829 5423 2882 5496; x_wconf 79' lang='grc' dir='ltr'>[ὑ</span> <span class='ocrx_word' id='word_1_899' title='bbox 2932 5425 3005 5477; x_wconf 92' lang='grc' dir='ltr'><strong>ῶν</strong></span> 
     </span>
     <span class='ocr_line' id='line_1_115' title="bbox 2014 5442 3005 5600; baseline 0.001 0"><span class='ocrx_word' id='word_1_900' title='bbox 2368 5496 2785 5600; x_wconf 52' lang='lat' dir='ltr'><strong>magna</strong></span> <span class='ocrx_word' id='word_1_901' title='bbox 2842 5442 3005 5600; x_wconf 48' lang='lat' dir='ltr'><strong>iii-.2</strong></span> 
     </span>
    </p>
   </div>
   <div class='ocr_carea' id='block_1_114' title="bbox 1220 5569 1981 5638">
    <p class='ocr_par' dir='ltr' id='par_1_114' title="bbox 1220 5569 1981 5638">
     <span class='ocr_line' id='line_1_116' title="bbox 1220 5569 1981 5638; baseline 0 -17"><span class='ocrx_word' id='word_1_902' title='bbox 1220 5569 1373 5636; x_wconf 81' lang='grc' dir='ltr'><strong>ὑμῶν</strong></span> <span class='ocrx_word' id='word_1_903' title='bbox 1402 5584 1513 5621; x_wconf 91' lang='lat' dir='ltr'><strong>om.</strong></span> <span class='ocrx_word' id='word_1_904' title='bbox 1545 5569 1606 5622; x_wconf 91' lang='lat' dir='ltr'><strong>C.</strong></span> <span class='ocrx_word' id='word_1_905' title='bbox 1686 5570 1730 5599; x_wconf 62' lang='grc'>⁸⁷</span> <span class='ocrx_word' id='word_1_906' title='bbox 1762 5569 1981 5638; x_wconf 78' lang='grc' dir='ltr'><strong>ἥδυναν.</strong></span> 
     </span>
    </p>
   </div>
   <div class='ocr_carea' id='block_1_115' title="bbox 3040 5422 3597 5491">
    <p class='ocr_par' dir='ltr' id='par_1_115' title="bbox 3040 5422 3597 5491">
     <span class='ocr_line' id='line_1_117' title="bbox 3040 5422 3597 5491; baseline -0.023 -11"><span class='ocrx_word' id='word_1_907' title='bbox 3040 5468 3052 5480; x_wconf 92' lang='grc'>.</span> <span class='ocrx_word' id='word_1_908' title='bbox 3130 5425 3173 5455; x_wconf 74' lang='grc'><strong>³⁸</strong></span> <span class='ocrx_word' id='word_1_909' title='bbox 3204 5422 3597 5491; x_wconf 75' lang='grc' dir='ltr'><strong>βαπτίσματος.</strong></span> 
     </span>
    </p>
   </div>
   <div class='ocr_carea' id='block_1_116' title="bbox 2646 5423 3599 5565">
    <p class='ocr_par' dir='ltr' id='par_1_116' title="bbox 2646 5423 3599 5565">
     <span class='ocr_line' id='line_1_118' title="bbox 2646 5423 3597 5496; baseline -0.012 -18"><span class='ocrx_word' id='word_1_910' title='bbox 2646 5441 2655 5478; x_wconf 82' lang='lat' dir='ltr'><strong>L</strong></span> <span class='ocrx_word' id='word_1_911' title='bbox 2684 5440 2795 5479; x_wconf 90' lang='lat' dir='ltr'><strong>om.</strong></span> <span class='ocrx_word' id='word_1_912' title='bbox 2829 5423 2882 5496; x_wconf 79' lang='grc' dir='ltr'>[ὑ</span> <span class='ocrx_word' id='word_1_913' title='bbox 2932 5425 3005 5477; x_wconf 91' lang='grc' dir='ltr'><strong>ῶν</strong></span> <span class='ocrx_word' id='word_1_914' title='bbox 3040 5468 3052 5480; x_wconf 92' lang='grc'>.</span> <span class='ocrx_word' id='word_1_915' title='bbox 3130 5425 3173 5455; x_wconf 85' lang='grc'><strong>³⁹</strong></span> <span class='ocrx_word' id='word_1_916' title='bbox 3204 5423 3597 5491; x_wconf 74' lang='grc' dir='ltr'><strong>βαπτίσματος.</strong></span> 
     </span>
     <span class='ocr_line' id='line_1_119' title="bbox 2646 5423 3599 5565; baseline -0.007 -17"><span class='ocrx_word' id='word_1_917' title='bbox 2646 5497 2693 5527; x_wconf 73' lang='grc'><strong>⁸³</strong></span> <span class='ocrx_word' id='word_1_918' title='bbox 2725 5496 2785 5548; x_wconf 85' lang='grc' dir='ltr'><strong>ού</strong></span> <span class='ocrx_word' id='word_1_919' title='bbox 2842 5442 2936 5565; x_wconf 47' lang='grc' dir='ltr'><strong>μήι.</strong></span> <span class='ocrx_word' id='word_1_920' title='bbox 2973 5423 3189 5565; x_wconf 55' lang='lat'><strong>9.1101“.</strong></span> <span class='ocrx_word' id='word_1_921' title='bbox 3223 5492 3283 5545; x_wconf 89' lang='grc' dir='ltr'><strong>Β.</strong></span> <span class='ocrx_word' id='word_1_922' title='bbox 3316 5491 3361 5565; x_wconf 63' lang='grc' dir='ltr'><strong>’ξι</strong></span> <span class='ocrx_word' id='word_1_923' title='bbox 3391 5491 3454 5561; x_wconf 86' lang='grc' dir='ltr'><strong>δὴ</strong></span> <span class='ocrx_word' id='word_1_924' title='bbox 3485 5505 3599 5561; x_wconf 75' lang='lat' dir='ltr'><strong>om.</strong></span> 
     </span>
    </p>
   </div>
   <div class='ocr_carea' id='block_1_117' title="bbox 2014 5562 3604 5641">
    <p class='ocr_par' dir='ltr' id='par_1_117' title="bbox 2014 5562 3604 5641">
     <span class='ocr_line' id='line_1_120' title="bbox 2014 5562 3604 5641; baseline -0.008 -20"><span class='ocrx_word' id='word_1_925' title='bbox 2014 5562 2213 5641; x_wconf 77' lang='grc' dir='ltr'><strong>ἡδυναν</strong></span> <span class='ocrx_word' id='word_1_926' title='bbox 2394 5566 2438 5597; x_wconf 72' lang='grc'><strong>⁸⁸</strong></span> <span class='ocrx_word' id='word_1_927' title='bbox 2464 5565 2770 5641; x_wconf 32' lang='grc' dir='ltr'><strong>δὲ-οῐῐιι-Β.</strong></span> <span class='ocrx_word' id='word_1_928' title='bbox 2943 5562 3430 5641; x_wconf 48' lang='grc' dir='ltr'><strong>ἀντικατηγορίαν..</strong></span> <span class='ocrx_word' id='word_1_929' title='bbox 3456 5576 3604 5641; x_wconf 45' lang='grc' dir='ltr'><strong>,κατ-</strong></span> 
     </span>
    </p>
   </div>
   <div class='ocr_carea' id='block_1_118' title="bbox 2662 5630 3603 5703">
    <p class='ocr_par' dir='ltr' id='par_1_118' title="bbox 2662 5630 3603 5703">
     <span class='ocr_line' id='line_1_121' title="bbox 2662 5630 3603 5703; baseline -0.006 -16"><span class='ocrx_word' id='word_1_930' title='bbox 2662 5636 2707 5666; x_wconf 73' lang='grc'><strong>⁸³</strong></span> <span class='ocrx_word' id='word_1_931' title='bbox 2736 5634 2998 5703; x_wconf 88' lang='grc' dir='ltr'><strong>τυρεύων.</strong></span> <span class='ocrx_word' id='word_1_932' title='bbox 3029 5630 3266 5703; x_wconf 75' lang='grc' dir='ltr'><strong>τορεύων</strong></span> <span class='ocrx_word' id='word_1_933' title='bbox 3288 5630 3357 5685; x_wconf 21' lang='grc' dir='ltr'><strong>θυι</strong></span> <span class='ocrx_word' id='word_1_934' title='bbox 3381 5630 3603 5685; x_wconf 84' lang='lat' dir='ltr'><strong>videtur</strong></span> 
     </span>
    </p>
   </div>
   <div class='ocr_carea' id='block_1_119' title="bbox 2822 5705 2844 5720">
    <p class='ocr_par' dir='ltr' id='par_1_119' title="bbox 2822 5705 2844 5720">
     <span class='ocr_line' id='line_1_122' title="bbox 2822 5705 2844 5720; baseline 0 0"><span class='ocrx_word' id='word_1_935' title='bbox 2822 5705 2844 5720; x_wconf 72' lang='grc'><strong>⁴1</strong></span> 
     </span>
    </p>
   </div>
   <div class='ocr_carea' id='block_1_120' title="bbox 3127 5792 3206 5855">
    <p class='ocr_par' dir='ltr' id='par_1_120' title="bbox 3127 5792 3206 5855">
     <span class='ocr_line' id='line_1_123' title="bbox 3127 5792 3206 5855; baseline 0.025 -2"><span class='ocrx_word' id='word_1_936' title='bbox 3127 5792 3206 5855; x_wconf 78' lang='grc'><strong>32</strong></span> 
     </span>
    </p>
   </div>
  </div>
