4066 6418
437 311 574 379 1007

1023 413 1252 472 SERMO
1294 413 1427 467 Vlll.

888 502 1063 603 .898
1096 529 1174 584 De
1213 527 1553 597 martyribus.

504 646 866 722 Pythagoram
909 645 1082 707 illum,
1127 643 1283 713 cujus
1319 639 1463 710 apud
1498 654 1596 693 vos
1624 637 1859 692 celebris
1899 637 2018 690 laus

434 749 540 804 est,
569 738 770 794 dixisse
791 736 944 791 aiunt
966 735 1062 806 qui
1091 734 1238 788 illius
1256 733 1424 788 vitam
1453 731 1812 800 scripserunt,
1838 729 2018 782 Musas

397 827 402 846 ί
436 830 726 888 Sirenibus
753 843 874 884 esse
905 825 1292 898 praeferendas.
1333 825 1446 894 Ego
1475 831 1680 886 autem,
1715 821 1759 876 si
1793 835 1911 875 mos
1938 819 2017 874 illi

393 937 403 991 ‘_
436 923 635 976 fuisset
679 920 975 991 perspicuo
1001 933 1254 973 sermone
1281 918 1380 983 uti,
1411 915 1874 987 quemadmodum
1898 913 2018 967 aliis

389 988 403 1022 1

389 1006 402 1090 ξ
436 1011 767 1086 quibusdam
791 1009 1154 1081 philosophis,
1194 1008 1519 1062 afﬁrmarem
1558 1007 1710 1061 illum
1742 1006 2019 1059 Musarum

389 1095 397 1120 ⁷
436 1119 628 1160 vocem
658 1112 720 1158 ut
746 1102 1054 1158 suaviorem
1085 1101 1411 1172 praetulisse.
1445 1100 1583 1166 Quia
1607 1115 1738 1154 vero
1764 1099 2020 1169 aenigma-

438 1195 552 1249 tica
577 1203 708 1249 sunt
729 1193 879 1248 illius
900 1192 1066 1251 dicta.
1096 1199 1150 1246 et
1175 1192 1431 1246 abstrusa
1459 1192 1579 1260 (per
1602 1189 1843 1262 symbola
1872 1189 2018 1243 enim

439 1297 540 1360 sua
589 1283 682 1338 ille
731 1281 937 1337 monita
981 1280 1353 1352 proponebat,
1398 1281 1579 1350 qualia
1621 1287 1748 1336 sunt
1787 1297 1797 1331 :
1831 1278 2020 1334 Gladio

438 1361 616 1446 ignem
647 1391 712 1429 ne
736 1375 944 1445 fodias;
1056 1372 1230 1426 Modio
1273 1389 1334 1425 ne
1369 1372 1596 1426 insideas
1778 1369 2019 1424 Melana-

443 1484 562 1520 rum
609 1483 672 1520 ne
725 1466 965 1520 comedas
996 1482 1014 1530 ;
1157 1461 1429 1518 Stateram
1482 1479 1546 1516 ne
1600 1462 1904 1527 transilias,
1969 1471 2025 1515 et

443 1572 564 1629 qua
597 1564 725 1614 sunt
750 1557 965 1628 generis
990 1553 1284 1627 ejusdem),
1317 1564 1448 1625 puto
1482 1554 1634 1609 illum
1672 1562 1916 1624 comptos
1948 1554 2026 1606 le-

441 1649 710 1720 pidosque
755 1661 1039 1702 sermones
1086 1645 1377 1700 Sirenibus
1424 1659 1800 1714 comparasse,
1855 1643 2024 1698 Musis

1431 297 1918 361 THEODORETI
1957 295 2296 358 EPISCOPI
2336 299 2698 359 CYRENSIS

2045 413 2092 468 Δ

3561 291 3694 359 1008

2728 407 2948 461 ΛΟΓΟΣ
2987 407 3065 460 Η’.

2423 523 2562 591 Περὶ
2594 522 2704 590 τῆς
2736 521 2852 575 τῶν
2866 519 3182 590 μαρτύρων
3202 517 3394 588 τιμῆς.

2193 637 2516 709 Πυθαγόραν
2539 640 2764 701 ἐκεῖνον,
2791 630 2852 691 οὗ
2881 635 3036 697 κλέος
3065 634 3194 706 εὐρὺ
3214 634 3344 704 παρ’
3377 633 3525 704 ὑμῖν,
3548 635 3696 703 εῐρη⁸

2121 731 2271 784 κέναι
2307 731 2470 800 φασὶν
2496 730 2541 761 ⁸⁸
2578 731 2627 782 οἱ
2649 729 2717 782 τὰ
2748 728 2956 782 ἐκείνου
2993 725 3452 795 ξυγγεγραφότες.
3486 723 3560 786 ὡς
3590 725 3697 794 χρὴ

2117 821 2226 875 τῶν
2255 823 2526 892 Σειρήνων
2570 820 2883 891 προτιθέναι
2921 818 3017 883 τὰς
3065 817 3305 880 Μούσας.
3360 814 3500 884 Ἐγὼ
3538 815 3616 881 δὲ,
3654 818 3699 867 εί

2123 913 2223 984 μὲν
2254 913 2440 976 ἁπλοῖς
2485 913 2692 976 ἐκεῖνος
2737 912 2832 965 καὶ
2869 909 3184 978 διαφανέσιν
3215 907 3396 961 εἰώθει
3420 909 3465 940 θ’
3497 907 3701 977 κεχρῆ-

2124 1006 2245 1060 σθαι
2267 1005 2447 1073 λόγοις
2480 1004 2669 1076 ὥσπερ
2694 1004 2756 1074 δὴ
2780 1002 2876 1056 καὶ
2900 1001 3048 1055 ἄλλοι
3069 1001 3179 1054 τῶν
3200 1000 3504 1068 φιλοσόφων
3531 998 3698 1064 τινὲς,

2122 1100 2257 1170 ἔφην
2306 1099 2370 1152 ἂν
2400 1097 2561 1150 αὑτὸν
2605 1096 2680 1160 ὡς
2719 1095 2850 1166 ἡδίω
2892 1093 3027 1164 τὴν¹
3063 1092 3171 1144 τῶν
3220 1089 3453 1144 Μουσῶν
3500 1107 3703 1161 προκε-

2122 1189 2368 1262 κρικέναι
2399 1189 2602 1258 φωνήν.
2635 1185 2852 1256 Ἐπειδὴ
2883 1184 2939 1238 δὲ
2969 1181 3386 1254 αἰνιγματώδεις
3416 1183 3465 1234 οἱ
3495 1181 3704 1234 ἐκείνου

2123 1301 2186 1352 γε
2215 1281 2362 1349 λόγοι
2393 1280 2486 1332 καὶ
2511 1279 2706 1348 ὕφαλοι
2737 1275 3110 1348 (συμϐολικῶς
3136 1274 3241 1344 γάρ
3265 1290 3344 1325 τοι
3379 1271 3475 1335 τὰς
3506 1289 3706 1342 παραι-

2124 1379 2300 1440 νέσεις
2357 1373 2716 1448 προσέφερεν·
2768 1368 2978 1424 τοιοῦτο
3029 1370 3138 1438 γὰρ
3188 1367 3252 1438 δὴ
3299 1365 3359 1419 τὸ
3393 1366 3707 1434 Μαχαίρᾳ¹

2126 1469 2244 1537 π’ῐγ)
2269 1467 2354 1538 μὴ
2391 1466 2743 1520 σκαλεύειν·
2785 1463 2901 1530 καὶ,
2944 1460 3076 1515 Ἐπὶ
3127 1460 3392 1530 χοίνικος
3437 1457 3522 1527 μὴ
3567 1461 3709 1511 καθ·-

2125 1560 2327 1627 ῆσθαι,
2375 1560 2488 1620 καὶ,
2533 1553 2926 1622 Μελάνοιιρον
2949 1549 3035 1621 μὴ
3071 1551 3314 1605 ἐσθίειν·
3353 1549 3467 1612 καὶ,
3517 1547 3712 1617 Ζυγόν

2121 1652 2207 1721 μὴ
2268 1651 2667 1720 ὑπερϐαίνειν,
2725 1649 2816 1702 καὶ
2869 1645 3036 1699 τᾶλλα
3086 1644 3154 1697 τὰ
3188 1643 3400 1705 τούτοις
3460 1641 3711 1707 ξυντετα-

442 1756 575 1797 vero
597 1755 692 1794 eos
717 1739 835 1808 qui,
861 1737 998 1793 nihil
1028 1735 1252 1790 ascititii
1280 1735 1496 1790 decoris
1524 1735 1898 1804 praeferentes,
1927 1751 2028 1787 nu-

2135 1741 2355 1814 γμένα),
2405 1737 2555 1812 οῐμαι
2607 1739 2768 1793 αὑτὸν
2825 1737 3046 1806 Σειρῆσι
3105 1735 3200 1805 μὲν
3255 1733 3554 1788 ἀπεικάσαι
3585 1734 3711 1794 τοὺς

441 1835 570 1888 dam
597 1831 847 1888 veritatis
884 1830 1114 1884 formam
1151 1828 1469 1883 ostendunt.
1508 1828 1725 1894 Quanto
1754 1827 1900 1882 enim
1933 1843 2030 1881 na-

441 1925 552 1979 tiva
578 1921 931 1994 pulchritudo
967 1919 1150 1991 potior
1175 1928 1347 1974 estea
1383 1934 1547 1990 quam
1582 1918 1740 1974 fucus
1786 1919 1921 1973 artis
1951 1918 2029 1972 af-

443 2013 620 2078 finxit,
651 2019 804 2067 tanto
838 2018 924 2066 est
965 2010 1162 2065 melior
1188 2009 1421 2079 simplex
1448 2008 1698 2064 veritatis
1725 2007 1892 2062 decor
1916 2008 2027 2062 acri

443 2105 825 2176 concinuaque
853 2104 1124 2159 oratione.
1157 2101 1422 2156 Habenda
1456 2109 1540 2157 est
1574 2103 1758 2171 itaque
1802 2100 1963 2165 ﬁdes,
1996 2117 2030 2155 o

445 2199 571 2265 viri,
597 2199 644 2254 si
669 2214 778 2253 non
807 2197 950 2262 aliis,
981 2205 1036 2251 at
1061 2195 1426 2252 celeberrimo
1481 2195 1676 2249 saltem
1704 2194 2031 2264 philosopho

447 2290 543 2361 qui
570 2290 687 2344 haec
713 2289 790 2343 ita
814 2287 1077 2343 decrevit.
1105 2287 1218 2341 Nec
1251 2300 1418 2340 sacrae
1447 2285 1608 2340 vobis
1641 2284 1862 2340 Littera:
1902 2299 2032 2339 con-

449 2378 757 2436 temnendae
789 2386 939 2442 sunt,
971 2375 1118 2446 quod
1153 2375 1434 2446 superﬂuo
1467 2375 1738 2430 sermonis
1767 2383 2031 2445 apparatu

448 2484 560 2524 non
593 2464 856 2534 utantur,
910 2466 1006 2522 sed
1054 2466 1258 2521 nudam
1307 2474 1363 2521 et
1407 2466 1735 2522 emicantem
1785 2467 2034 2522 veritatis

449 2558 916 2631 pulchritudinem
942 2557 1104 2613 nobis
1131 2566 1459 2628 praponant.
1491 2557 1731 2613 Pronum
1762 2557 2034 2628 siquidem

448 2652 553 2708 fuit
581 2659 637 2708 et
667 2650 988 2706 facillimum
1013 2649 1296 2719 sapientiae
1331 2648 1501 2719 899
1531 2647 1691 2714 fonti,
1718 2649 1813 2719 qui
1851 2648 2035 2718 impiis

449 2758 669 2815 quoque
713 2741 1033 2796 hominibus
1064 2739 1436 2809 eloquentiam
1481 2739 1654 2806 dedit,
1703 2749 1759 2794 et
1807 2739 2034 2794 Platone

445 2835 818 2900 facundiores,
846 2843 903 2890 et
949 2832 1192 2888 acriores
1235 2832 1627 2894 Demosthene,
1655 2839 1712 2885 et
1755 2831 2036 2902 graviores

433 2925 804 2998 .Thucydide,
835 2931 891 2979 et
935 2922 1226 2978 Aristotele
1275 2931 1370 2976 aut
1413 2921 1724 2993 Chrysippo
1769 2921 2037 2978 cudendis

454 3017 841 3074 insolubilibus
885 3013 1212 3088 syllogismis
1253 3013 1528 3068 acutiores
1574 3013 1806 3069 reddere
1837 3015 2038 3068 verita-

421 3157 424 3159 .
456 3108 528 3162 tis
567 3118 867 3176 praecones.
909 3076 1180 3158 caeterum
1216 3100 1394 3156 noluit
1423 3100 1513 3179 ille
1546 3101 1790 3171 quinque
1835 3101 2034 3167 solum,
2065 3076 2108 3135 θ

430 3197 738 3260 ιιεοθῐιινο,
782 3198 877 3248 aut
917 3189 1254 3261 quindecim,
1286 3197 1595 3257 centumve,
1635 3199 1730 3245 aut
1770 3191 2038 3247 ducentos

456 3286 707 3343 homines
735 3283 892 3354 aquis
924 3281 1259 3338 salutaribus
1281 3281 1542 3347 recreari,
1574 3282 1672 3337 sed
1700 3292 1892 3353 gentes
1917 3284 2039 3338 uni-

457 3392 665 3441 versas,
699 3383 816 3428 tum
851 3372 1089 3436 Graacos,
1135 3379 1251 3424 tum
1294 3370 1580 3437 barbaros,
1627 3381 1684 3427 et
1727 3373 2039 3429 litterarum

457 3470 655 3525 studiis
676 3466 994 3528 innutritos,
1018 3471 1076 3519 et
1100 3462 1319 3527 idiotas,
1344 3472 1400 3518 et
1428 3471 1664 3530 sutores,
1695 3473 1752 3518 et
1774 3473 2037 3531 textores,

457 3570 515 3616 et
536 3560 721 3616 fabros
747 3556 1028 3620 ferrarios,
1054 3566 1111 3610 et
1140 3563 1367 3609 caeteros
1391 3547 1673 3610 manuales
1697 3555 1954 3621 artifices,
1986 3564 2042 3612 et

459 3669 586 3707 cum
611 3652 696 3705 his
723 3664 912 3706 servos
939 3647 1128 3711 etiam,
1159 3655 1216 3702 et
1253 3646 1557 3712 mendicos,
1590 3656 1646 3702 et
1670 3647 1957 3718 agricolas,
1986 3656 2043 3704 et

462 3748 780 3814 lignatores,
805 3741 1036 3795 feminas
1059 3753 1301 3810 quoque,
1324 3748 1435 3793 tum
1459 3739 1669 3794 divitiis
1692 3745 1709 3762 '
1733 3740 2040 3806 aﬂlueutes,

467 3849 580 3889 tum
613 3834 787 3888 labori
822 3831 1090 3895 addictas,
1117 3846 1488 3900 manuumque
1517 3847 1682 3902 opere
1704 3833 2040 3889 victitantes.

458 3927 706 3994 Eamque
729 3924 806 3979 ob
837 3939 973 3987 rem,
1006 3923 1362 3993 piscatorum,
1395 3925 1949 3996 publicanorumque,
1980 3943 2044 3982 ac

463 4017 616 4073 Pauli
653 4015 958 4070 ministerio
1002 4029 1156 4077 usus,
1200 4015 1492 4070 salutarem
1543 4015 1896 4086 divinamque
1947 4017 2046 4072 do-

460 4109 698 4163 ctrinam
743 4105 1302 4170 hominibusattulit,
1337 4107 1569 4177 linguis,
1601 4125 1738 4178 quas
1777 4109 1846 4164 ab
1886 4109 2045 4165 initio

2131 1833 2613 1905 κεκομψευμένους
2665 1831 2762 1884 καὶ
2815 1826 3384 1896 κατεγλωττισμένους
3419 1826 3439 1856 ³
3496 1825 3710 1893 λόγους,

2130 1925 2378 1989 Μούσαις
2423 1925 2479 1978 δὲ
2521 1924 2646 1985 τοὺς
2677 1921 3000 1974 ἐπείσακτον
3031 1919 3127 1989 μὲν
3157 1917 3310 1970 οὐδὲν
3339 1917 3580 1986 ἔχοντας,
3611 1933 3712 1984 γυ-

2135 2017 2268 2089 μνὸν
2293 2016 2350 2070 δὲ
2375 2015 2478 2081 τῆς
2508 2012 2764 2084 ἀληθείας
2789 2011 2848 2064 τὸ
2878 2009 3073 2072 κάλλος
3103 2006 3529 2069 ἐπιδεικνύντας.
3560 2007 3719 2077 Ὀσῳ

2131 2109 2239 2180 γὰρ
2259 2109 2323 2178 δὴ
2353 2109 2388 2178 ἡ
2415 2107 2437 2138 ⁸
2470 2105 2622 2176 παρά
2660 2104 2761 2174 τῆς
2793 2102 3006 2172 φύσεως
3044 2100 3164 2172 ὥρα
3217 2100 3314 2168 τῆς
3349 2099 3454 2151 ὑπὸ
3487 2115 3718 2168 κομμω-

2131 2203 2290 2270 τικῆς
2342 2200 2542 2268 τέχνης
2585 2180 3346 2264 διεσκευασμένηςλάμείνων
3374 2191 3416 2253 ⁸,
3471 2189 3718 2260 τοσούτῳ

2137 2291 2403 2363 κρείττων
2423 2291 2445 2320 ⁸
2474 2289 2575 2358 τῆς
2595 2287 2705 2341 τῶν
2723 2287 2896 2354 λόγων
2923 2284 3149 2347 εύεπίας
3165 2284 3186 2314 ⁷
3213 2301 3272 2335 τε
3296 2283 3388 2335 καὶ
3415 2281 3719 2352 δεινότητος

2134 2383 2288 2454 ήτῆς
2329 2379 2588 2451 ἀληθείας
2627 2377 2948 2448 εὐπρέπεια.
2988 2375 3309 2429 Πιστευτέον
3334 2371 3425 2429 οὖν
3446 2376 3467 2407 ⁸
3497 2373 3626 2446 ἄρα,
3673 2368 3722 2429 ὦ

2136 2472 2352 2544 ἄνδρες,
2388 2473 2438 2525 εί
2484 2471 2579 2524 καὶ
2620 2467 2695 2540 μὴ
2729 2467 2893 2539 ἄλλῳ,
2921 2466 2999 2538 τῷ
3031 2466 3160 2534 γοῦν
3197 2465 3728 2536 πολυθρυλλήτῳφι-

2134 2567 2350 2637 λοσόφῳ
2394 2563 2570 2620 ταῦτα
2603 2560 3006 2633 νομοθετοῦντι,
3037 2561 3133 2615 καὶ
3183 2559 3254 2613 τὰ
3285 2559 3405 2614 θεῖα
3450 2559 3607 2626 λόγια
3643 2558 3722 2630 μὴ

2136 2655 2422 2729 παροπτέα
2469 2653 2732 2726 νομίζειν,
2769 2653 2850 2706 ὅτι
2900 2652 2964 2722 δὴ
2994 2651 3072 2722 τῷ
3106 2650 3348 2723 περιττῷ
3387 2651 3498 2704 τῶν
3544 2651 3723 2718 λόγων

2137 2751 2194 2803 οὐ
2219 2747 2658 2818 κατακέχρηνται
2695 2745 2876 2814 φύσει,
2909 2743 3043 2798 ἀλλά
3065 2744 3271 2813 γυμνὸν
3312 2745 3446 2814 ἡμῖν
3474 2739 3721 2814 προσφέ-

2142 2858 2291 2911 ρουσι
2323 2841 2418 2893 καὶ⁵
2456 2837 2780 2892 ἀποστίλϐον
2827 2837 2930 2906 τῆς
2981 2835 3240 2905 ἀληθείας
3267 2834 3329 2887 τὸ
3367 2833 3581 2896 κάλλος.
3617 2833 3727 2886 Εὐ-

2139 2934 2300 2996 πετὲς
2332 2933 2428 3002 μὲν
2448 2932 2468 2963 “
2496 2929 2604 3002 γὰρ
2645 2925 2713 2998 ἦν
2747 2929 2841 2982 καὶ
2874 2929 3018 2999 μάλα
3072 2928 3252 2999 ῥᾴδιον
3297 2928 3363 2997 τῇ
3397 2929 3495 2998 τῆς
3529 2925 3726 2993 σοφίας

2144 3026 2317 3095 πηγῇ,
2364 3024 2398 3092 ἢ
2431 3022 2526 3076 καὶ
2570 3020 2884 3074 δυσσεϐέσιν
2912 3019 3221 3090 ἀνθρώποις
3248 3018 3347 3089 τὴν
3381 3017 3728 3088 καλουμένην

2142 3114 2434 3182 εὐστομίαν
2498 3110 2836 3183 δεδώρηται,
2887 3112 2982 3165 καὶ
3032 3110 3317 3174 Πλάτωνος
3368 3109 3731 3177 εὐγλωττοτέ⁴

2143 3223 2288 3278 ρους,
2334 3206 2428 3259 καὶ
2478 3205 2808 3276 δεινοτέρους
2859 3203 3254 3275 Δημοσθένους,
3306 3202 3402 3256 καὶ
3440 3201 3590 3272 ὄγκῳ
3634 3203 3729 3255 τὸν

2155 3297 2370 3368 Ὀλόρου
2393 3296 2896 3368 κατακρύπτοντας,
2919 3299 3014 3352 καὶ
3033 3295 3178 3350 τὸνΝ
3190 3295 3454 3366 ικομάχου
3469 3296 3563 3348 καὶ
3583 3297 3628 3348 Χ
3635 3294 3732 3364 ρύ-

2144 3403 2343 3440 σιππον
2392 3387 2504 3449 τοῖς
2545 3385 2654 3438 τῶν
2703 3384 3076 3456 ξυλλογισμῶν
3127 3385 3343 3449 ἀλύτοις
3383 3385 3414 3456 ἢ
3450 3384 3733 3449 δυσλύτοις

2144 3477 2429 3551 [δεσμοῖς,]
2462 3479 2504 3510 ¹⁰
2551 3479 2828 3550 ἀποφῆναι
2861 3479 2960 3551 τῆς
3003 3479 3258 3549 ἀληθείας
3290 3479 3413 3541 τοὺς
3453 3479 3728 3549 κήρυκας.

2155 3567 2293 3621 Ἀλλ’
2317 3569 2415 3621 οὐκ
2439 3567 2707 3639 ἐϐουλήθη
2729 3568 2768 3598 ¹¹
2795 3567 2976 3635 πέντε,
3010 3567 3042 3637 ἢ
3073 3558 3222 3631 δέκα,
3249 3569 3281 3638 ἢ
3308 3566 3730 3632 πεντεκαίδεκα,

2144 3659 2177 3730 ἢ
2201 3660 2395 3714 ἑκατὸν
2421 3658 2534 3736 “ﬁl
2557 3659 2638 3724 δὶς
2663 3659 2972 3725 τοσούτους,
2989 3659 3097 3713 τῶν
3117 3659 3400 3730 σωτηρίων
3421 3659 3734 3712 ἀπολαῦσαι

2143 3749 2422 3817 ναμάτων,
2442 3749 2579 3804 ἀλλὰ
2605 3750 2812 3812 πάντας
2834 3749 3176 3820 ἀνθρώπους,
3191 3752 3284 3804 καὶ
3311 3748 3602 3820 Ἕλληνας,
3637 3752 3736 3804 καὶ

2147 3839 2476 3910 βαρϐάρους,
2499 3841 2594 3893 xal.
2621 3842 2745 3905 τοὺς
2760 3841 2939 3909 λόγοις
2966 3841 3460 3913 ὲντεθραμμένους,
3487 3843 3733 3906 καὶτοὺς

2146 3931 2318 4000 λόγων
2349 3933 2410 3985 οὐ
2448 3933 2811 4003 γεγευμένους
2836 3935 2901 4000 ⁸³,
2928 3935 3022 3990 καὶ
3049 3934 3304 3998 σκυτέας,
3337 3934 3434 3988 καὶ
3463 3934 3730 4002 ὑφάντας,

2147 4023 2244 4075 καὶ
2286 4021 2682 4092 χαλκοτύπους,
2741 4023 2837 4080 καὶ
2879 4023 3008 4087 τοὺς
3049 4023 3200 4096 [Hi]
3233 4024 3426 4087 ἄλλους
3473 4024 3587 4076 ὅσοι
3632 4024 3734 4087 τὰς

2146 4114 2338 4183 τέχνας
2369 4115 2830 4185 μεταχειρίζουσι,
2863 4116 2957 4168 καὶ
2979 4115 3114 4185 πρὸς
3134 4114 3346 4178 τούτοις
3368 4116 3464 4168 καὶ
3487 4115 3732 4179 οἰκέτας,

466 4197 647 4253 sortiti
700 4196 940 4262 fuerant,
976 4196 1396 4266 haudquaquam
1433 4198 1758 4264 immutatis,
1802 4201 1899 4255 sed
1947 4217 2033 4271 pel

2149 4205 2243 4259 καὶ
2269 4207 2592 4277 προσαίτας,
2614 4208 2709 4260 καὶ
2730 4206 3024 4276 γηπόνους,
3057 4205 3151 4260 καί
3177 4206 3516 4276 ἀλσοκόμους
3538 4207 3603 4267 ⁸⁸,
3636 4206 3736 4260 καὶ

462 4291 684 4347 easdem
717 4287 973 4360 limpidos
1023 4290 1305 4360 sapientia:
1350 4290 1500 4346 rivos
1545 4291 1838 4347 effundens
1882 4309 1895 4346 :
1935 4307 2033 4348 non

2148 4299 2410 4366 γυναῖκας
2459 4295 2743 4361 ὡσαύτως,
2795 4297 2894 4359 τάς
2925 4311 2985 4349 τε
3014 4295 3230 4367 πλούτῳ
3277 4296 3733 4367 περιρῥεομένας,

465 4381 643 4444 aliter,
685 4395 848 4450 quam
893 4379 938 4435 si
969 4379 1094 4450 quis
1123 4381 1313 4435 vinum
1346 4381 1531 4437 odoris
1560 4382 1879 4452 saporisque
1921 4399 2033 4439 sua-

2150 4389 2246 4442 καὶ
2289 4387 2388 4451 τὰς
2437 4387 2584 4458 πόνῳ
2636 4386 3086 4457 ξυνεζευγμένας,
3125 4387 3220 4441 καὶ
3251 4390 3316 4441 ὲκ
3365 4385 3565 4459 χειρῶν
3614 4385 3736 4456 βιο-

463 4471 675 4528 vissimi
720 4472 966 4527 convivis
1007 4488 1310 4543 apponens,
1355 4474 1556 4542 phialis
1586 4475 1909 4546 poculisque
1943 4478 2033 4532 mi-

2150 4477 2330 4531 τεύειν
2354 4477 2397 4508 ’⁵
2437 4477 2878 4547 ήναγκασμένας.
2931 4476 3137 4530 Τούτου
3187 4476 3253 4548 δὴ
3294 4477 3480 4530 εἵνεκα
3517 4475 3738 4531 ἁλιεῦσι

466 4579 570 4618 nus
592 4563 873 4633 eleganter
903 4564 1210 4633 exsculptis
1225 4563 1498 4618 infundat.
1524 4563 1629 4630 Qui
1649 4566 1798 4620 enim
1827 4566 2033 4632 sitiunt,

2152 4568 2248 4621 καὶ
2275 4565 2534 4630 τελώναις
2562 4569 2656 4621 καὶ
2683 4567 3001 4639 σκυτοτόμῳ
3031 4568 3379 4640 χρησάμενος
3411 4568 3736 4638 ὑπουργοῇς,

463 4653 668 4723 largius
704 4651 924 4715 bibunt,
974 4667 1084 4706 non
1118 4651 1312 4721 pocula
1359 4651 1796 4719 considerantes,
1829 4655 1924 4709 sed
1967 4655 2033 4708 vi-

2151 4658 2516 4727 προσενήνοχε
2559 4661 2670 4720 τοῖς
2709 4657 3020 4728 ἀνθρώποις
3062 4659 3133 4713 τὰ
3171 4659 3428 4730 σωτήρια
3475 4659 3569 4712 καὶ
3615 4656 3739 4710 θεῖα

465 4759 596 4798 ηιιιιι
627 4741 978 4798 admirantes.
1015 4741 1084 4796 .ld
1141 4742 1319 4811 ipsum
1371 4741 1624 4798 homines
1671 4759 1862 4800 omnes
1907 4762 2033 4800 nun-

2155 4747 2492 4817 μαθήματα¹
2539 4747 2638 4810 τὰς
2673 4748 2770 4817 μὲν
2818 4749 3062 4816 γλώττας
3113 4748 3292 4803 αὐτῶν
3328 4748 3396 4812 ἀς
3445 4747 3504 4814 ἐξ
3557 4748 3740 4819 ἀρχῆς

465 4849 628 4904 quam
659 4847 770 4886 non
791 4831 1019 4886 faciunt.
1047 4830 1213 4902 900
1232 4829 1411 4886 Sacra:
1431 4833 1577 4886 enim
1603 4833 1867 4892 doctrinae
1898 4838 2033 4894 rivos

2155 4839 2342 4908 ἔλαχον
2373 4839 2473 4892 οὐκ
2497 4839 2759 4908 ἀμείψας,
2785 4841 2853 4895 τὰ
2868 4842 2924 4895 δέ
2945 4859 3007 4911 γε
3034 4841 3204 4911 διειδῆ
3229 4843 3273 4874 ¹⁶
3295 4841 3388 4894 καὶ
3415 4840 3610 4909 διαυγῆ
3634 4839 3741 4909 τῆς

396 4935 398 4938 '
464 4941 592 4979 cum
619 4923 902 4985 hauriunt,
929 4937 1040 4976 non
1079 4922 1243 4976 modo
1278 4923 1654 5000 apostolorum
1689 4927 1904 4998 linguas
1935 4946 2033 4984 non

2155 4930 2348 4999 σοφίας
2390 4932 2606 5002 νάματα
2653 4933 2742 4986 διὰ
2783 4934 2989 4988 τούτων
3029 4932 3296 5006 προχέας’
3350 4930 3743 5003 παραπλήσιον

465 5013 723 5076 irrident,
762 5011 857 5066 sed
905 5011 1062 5068 valde
1106 5012 1290 5083 potius
1337 5013 1699 5084 admirantur,
1745 5019 1891 5088 quod
1934 5020 2033 5075 elo-

2154 5022 2342 5088 ποιῶν,
2368 5023 2556 5093 ὥσπερ
2592 5025 2657 5078 ἂν
2679 5025 2832 5088 εἴτις
2854 5026 3122 5096 ἑστιάτωρ
3147 5019 3288 5078 οἶνον
3311 5023 3610 5095 ἀνθοσμίαν
3643 5024 3743 5078 καὶ

1750 5173 1985 5230 vitam:
2028 5138 2434 5233 LECTIONES.

531 5325 582 5357 ⁸⁸
609 5322 789 5412 φρσίγ·
822 5341 986 5412 φησιν
1006 5325 1066 5380 C-
1121 5325 1190 5412 β’
1224 5324 1421 5412 εἰώθει.
1460 5326 1625 5397 εἱὼθη
1747 5329 2064 5412 ’.ὶαΰξὸνηώς
2097 5332 2229 5412 ἡδίω
2254 5333 2374 5402 τήν.
2394 5333 2588 5412 ,αὑτῷν
2619 5334 2694 5396 ώς
2735 5334 2948 5412 ίδιώτην
2974 5335 3016 5390 C
3049 5335 3143 5412 qui
3184 5350 3292 5389 om.
3330 5333 3738 5412 1Gw_Mouo¢33y.

463 5396 586 5498 Μοξ
615 5395 657 5451 C
709 5394 806 5496 τῂν
837 5394 1042 5481 φωνήν,
1121 5397 1141 5426 ¹
1177 5398 1448 5520 μαμαίῧα.
1493 5394 1736 5484 μαχαίρῃ
1763 5399 1826 5464 Β,
1861 5399 1923 5453 C.
1948 5394 2130 5469 Supra
2151 5402 2216 5472 δὴ
2249 5394 2359 5457 om.
2388 5402 2449 5458 C.
2531 5403 2551 5435 ³
2581 5394 3208 5476 κατεγγλωττισμένους.
3239 5403 3745 5472 κατεγγλωττημέ-

463 5483 583 5520 νου.
615 5465 676 5520 C.
801 5481 910 5520 γαρ
939 5467 992 5520 ἠ.
1026 5466 1134 5520 γὰο
1185 5465 1249 5520 δη
1295 5468 1327 5520 ἠ
1404 5507 1417 5520 .
1495 5467 1515 5498 ³
1551 5467 1810 5520 ἀμεινων.
1869 5470 2080 5520 ἀμείνω
2113 5470 2174 5520 C.
2255 5472 2579 5520 ⁸κυείττων.
2631 5477 2864 5520 imgine.»
2909 5474 2993 5520 lC-
3075 5476 3095 5506 ⁷
3127 5475 3367 5520 sibe-trime-
3397 5473 3648 5520 εὐεπείας
3673 5473 3740 5520 Β-

463 5465 676 5554 Ῥυςίρ
746 5465 767 5554 ί
801 5467 910 5554 ﬂe
939 5467 992 5534 ἡ⁹
1026 5465 1268 5554 γὰρηδῂί
1295 5468 1327 5531 ἡ
1357 5465 1417 5552 θ’
1473 5465 1829 5554 δ’ςάξῗίνίδνᾏ
1869 5465 2080 5554 θεμείδίω
2113 5465 2216 5554 (λέ
2255 5465 2864 5554 ⁶.³ἐρείττειὲν;-κρε’ίὲτεο
2909 5465 3008 5544 [αι’
3059 5476 3098 5554 1
3127 5465 3649 5554 εἰδεῖτίαςφξεῦεπείαξ
3673 5473 3740 5554 L3.

462 5535 820 5616 ξπιστεμτέον
849 5535 961 5616 οὖν.
1003 5535 1299 5616 πιστεύειν
1333 5535 1550 5616 οῇνῄδεςί
1595 5536 1695 5616 Vb.
1808 5541 1829 5570 ⁹
1858 5535 1954 5608 μὲν
2002 5555 2112 5616 oni.
2169 5542 2229 5604 Β,
2275 5535 2373 5597 νά.
2491 5545 2533 5575 ³⁸
2564 5535 2829 5615 [δεσμοῖς]
2888 5535 3003 5599 όηι.
3059 5544 3180 5616 Β.ἢ
3221 5535 3498 5606 δυσλύτοις
3525 5558 3635 5596 om.
3671 5542 3740 5597 C.

465 5605 825 5685 :‘_§6001:f10n.
865 5605 1136 5685 ῂϐουλήοῃ
1362 5605 1462 5685 "ﬁ
1507 5606 1749 5685 ,ἐκατὸν-
1772 5605 2036 5685 suprasc._
2064 5610 2123 5663 Β.
2228 5613 2280 5685 ξ³
2311 5615 2412 5685 καὶ,
2449 5605 2578 5676 τοὺς
2635 5605 2904 5685 λόγων”οὺ
2960 5605 3329 5685 γεγευμένους
3359 5605 3537 5685 om.B
3567 5620 3644 5685 et,
3677 5613 3742 5668 ni

464 5675 656 5761 ςξιηοει,
678 5675 1070 5761 Ἶθςηκαὶητρῖς
1094 5676 1157 5761 λι
1190 5677 1243 5761 ἑὲ
1272 5691 1332 5761 if;
1360 5675 1473 5761 τοὶς
1507 5675 1678 5745 λόγων
1732 5675 2152 5752 ἐγγὲγευμένοις
2213 5682 2275 5738 C.
2382 5684 2436 5759 ”_
2459 5675 2812 5756 ἁλσοκόμους.
2867 5675 3219 5756 ἀλσοκώμους
3238 5675 3322 5741 (ἆ.⁷
3379 5685 3422 5716 ¹⁸
3447 5675 3739 5754 βιοτεύειν.

449 5739 834 5810 ’βιωτεύεινὈο
911 5746 954 5778 ¹⁸
985 5745 1173 5818 διειδῆ.
1215 5744 1367 5819 διήδη
1413 5747 1474 5800 Β.
1579 5739 1590 5745 ⁷
1775 5739 1822 5748 ”
1879 5739 1890 5747 ’
1971 5739 1984 5752 ’
2132 5739 2147 5744 ⁷
2429 5739 2475 5759 ’ί
2661 5739 2673 5756 ’
2761 5739 2787 5819 μ’
2839 5781 2844 5788 .
