4066 6478
343 504 577 589 1009,

914 507 1357 569 οΒιεοΑΒυΜ
1388 506 1696 567 AFFECT.
1735 483 1944 567 cum

2045 503 2358 568 ).--VIlI.
2398 507 2498 568 DE
2538 507 3056 570 MARTYRIBUS.

3489 478 3625 565 1010

342 622 522 696 εὐώδη
544 625 640 678 xci.
661 621 885 696 ἀριστον
920 624 1275 697 προσενέγκοι
1296 625 1339 657 ¹τ
1366 626 1480 690 τοῖς
1504 624 1811 697 δαιτυμόσι,
1835 621 1935 677 κύ-

2045 622 2276 693 quentiae
2300 637 2527 695 prorsns
2554 628 2833 696 expertes,
2863 622 2957 678 alii
2985 637 3018 679 a
3045 617 3235 693 pueris
3262 614 3623 695 piscationem

342 711 452 778 λιξι
483 713 582 767 καὶ
605 712 828 783 φιάλαις
859 713 1059 785 ἐγχέας
1085 714 1187 769 οὐκ
1213 713 1557 785 ὴσκημέναις
1576 715 1656 778 είς
1696 713 1893 777 κάλλος
1914 729 1929 744 ·

244 833 248 837 <
341 803 462 859 ἀλλ’
490 805 547 858 οἴ
574 820 640 875 γε
683 805 947 875 διψῶντες
996 807 1437 879 ἐπεμφοροῦνται
1461 806 1504 841 ⁸⁸
1531 807 1627 861 τοῦ
1669 807 1931 877 νάματος,

341 896 445 950 οὐκ
481 896 562 961 εἰς
616 895 715 961 τάς
765 896 994 962 κύλικας
1057 895 1392 970 ἀφορῶντες,
1448 897 1585 952 ἀλλά
1636 898 1729 952 τὸν
1786 891 1932 951 οῐνον

343 989 740 1061 θαυμάζοντες.
779 989 950 1043 Τοῦτο
986 989 1190 1055 πάντες
1236 988 1516 1061 ἄνθρωποι
1552 989 1789 1062 δρῶντες
1812 988 1934 1044 δια-

342 1082 563 1137 τελοῦσι
586 1081 660 1114 ¹⁸ο
690 1083 787 1136 καὶ
832 1083 940 1137 τῶν
974 1082 1135 1137 θείων
1170 1081 1539 1146 ἀπολαύοντες
1576 1080 1829 1155 ῥείθρων,
1871 1081 1932 1136 ού

346 1168 510 1239 μόνον
553 1169 615 1224 ού
651 1168 977 1242 κωμῳδοῦσι
1026 1170 1134 1225 τῶν
1183 1171 1497 1226 ἀποστόλων
1524 1172 1623 1236 τὰς
1664 1172 1931 1242 γλώττας,

343 1258 479 1312 ἀλλὰ
511 1260 606 1314 καὶ
638 1260 780 1331 ἀγαν
806 1260 1201 1333 θαυμάζουσιν,
1231 1263 1315 1317 ὅτι
1343 1261 1406 1333 δὴ
1437 1262 1481 1295 ⁸⁸
1509 1261 1684 1333 λόγων
1714 1262 1933 1333 στωμύ-

345 1348 453 1400 λων
495 1348 648 1415 ὄντες
701 1350 963 1423 ἀμύητοι,
1002 1352 1097 1406 καὶ
1146 1353 1196 1406 οἱ
1243 1353 1342 1424 μέν
1391 1351 1628 1408 ἁλιεύειν
1681 1353 1933 1409 παιδὸθεν

352 1438 757 1513 μεμαθηκότες,
799 1444 848 1495 οἱ
877 1442 933 1496 δέ
964 1442 1276 1510 τελωνικοῖς
1322 1444 1711 1517 ἐργαστηρίοις
1760 1463 1933 1519 προσ-

347 1531 699 1603 ηδρευκότες,
743 1532 892 1587 ἄλλοι
922 1535 980 1589 δὲ
1013 1537 1416 1608 σκυτοτομικὴν
1453 1538 1934 1611 μεταχειρίσαντες

342 1623 564 1695 τέχνην,
613 1624 1014 1696 ἀπεφάνθησαν
1070 1626 1329 1700 ἐξαίφνης
1382 1627 1542 1683 θείων
1580 1630 1776 1699 λογίων
1821 1631 1936 1686 διά-

342 1729 515 1779 κονοι,
540 1712 636 1766 καὶ
656 1713 874 1785 δωρεῶν
898 1716 1236 1786 ἐπουρανίων
1255 1716 1548 1788 διανομεῐς,
1574 1718 1669 1773 καὶ
1690 1720 1935 1793 σωτῆρες

340 1803 681 1871 ἀλεξίκακοι,
714 1805 809 1859 καὶ¹
841 1807 1128 1883 φωστῆρες
1160 1808 1447 1879 φανότατοι
1469 1810 1535 1878 “,
1564 1811 1662 1881 οὐχ
1692 1810 1750 1866 ἓν
1782 1812 1933 1878 ἔθνος

342 1895 697 1967 φωτίζοντες,
725 1896 841 1952 ἀλλ’
877 1899 1087 1971 ὅσαπερ
1115 1900 1143 1953 ὁ
1164 1898 1439 1973 ὁρώμενος
1464 1901 1510 1932 ²²
1538 1901 1709 1973 ἥλιος.
1735 1903 1935 1972 Ἀγαν-

341 2002 435 2041 ται
462 1988 518 2041 δέ
548 1987 913 2062 διαφερόντως
959 1990 1200 2055 ἀπαντες
1241 1991 1337 2045 καὶ
1367 1990 1738 2064 θαυμάζουσιν
1754 1994 1824 2061 ’³,
1851 1995 1934 2048 ὃτι
1968 1975 2006 2029 Β

342 2078 409 2149 δὴ
437 2080 531 2133 καὶ
555 2080 852 2148 τεθνεῶτες
883 2082 1224 2138 ἐπιτελοῦσιν
1269 2083 1412 2156 ἀπερ
1436 2084 1500 2158 δὴ
1530 2085 1624 2141 καὶ
1653 2085 1935 2157 περιόντες

343 2169 612 2227 εἰώθεσαν
656 2174 922 2246 ἐνεργεῖν,
977 2177 1181 2248 μᾶλλον
1230 2177 1287 2232 δέ
1335 2177 1516 2251 πολλῷ
1570 2178 1792 2250 μείζονα
1841 2181 1935 2235 καὶ

343 2261 705 2335 λαμπρότερα
753 2268 822 2322 τὰ
856 2269 996 2340 μετά
1041 2269 1141 2341 τὴν
1188 2270 1438 2326 ἐντεῦθεν
1485 2273 1751 2344 ἐκδημίαν
1806 2276 1936 2347 παρ’

343 2354 574 2411 ἐκείνων
602 2358 922 2433 τελούμενα.
963 2362 1159 2418 Ἦνίκα
1188 2362 1288 2435 μέν
1317 2363 1425 2436 γὰρ
1453 2365 1723 2436 μετὰτῶν
1752 2367 1939 2438 σωμά-

344 2464 458 2500 των
515 2449 914 2519 ἐπολιτεύοντο,
966 2453 1065 2511 νῦν
1124 2456 1226 2530 μὲν
1272 2458 1424 2531 παρὰ
1451 2458 1699 2526 τούτους,
1748 2459 1842 2514 νῦν
1880 2460 1939 2515 δέ

346 2540 487 2613 παρ’
522 2543 763 2610 ἐκείνους
804 2547 1061 2618 ἐφοίτων,
1111 2550 1206 2604 καὶ
1236 2550 1425 2605 ἀλλοτε
1475 2551 1575 2622 μὲν
1621 2551 1936 2622 Ῥωμαίοις,

343 2632 541 2686 ἄλλοτε
588 2633 646 2687 δέ
707 2635 979 2702 Ἰσπανοῖς
1032 2638 1062 2711 ἢ
1104 2638 1332 2705 Κελτοῖς
1372 2638 1712 2711 διελέγοντοο
1751 2640 1938 2715 ἐπειδὴ

342 2722 402 2777 δὲ
435 2725 573 2794 πρὸς
603 2727 810 2781 ἐκεῖνον
842 2728 1186 2802 ἐξεδήμησαν
1219 2731 1308 2802 ὑφ’
1346 2725 1407 2787 οὗ
1446 2731 1936 2804 κατεπέμφθησαν,

344 2812 590 2878 ἅπαντες
640 2816 820 2871 αὐτῶν
872 2818 1162 2891 ἐνδελεχῶς
1211 2820 1598 2887 ἀπολαύουσιν,
1658 2822 1720 2876 οὐ
1780 2821 1940 2894 μόνον

356 2904 643 2976 Ῥωμαῖοι,
696 2909 791 2962 καὶ
831 2910 947 2964 ὅσοι
994 2928 1058 2981 γε
1105 2912 1198 2967 τὸν
1230 2914 1435 2968 τούτων
1488 2913 1746 2984 ἀγαπῶσι
1776 2912 1940 2985 ζυγὸν

345 2998 446 3051 καὶ
481 2997 589 3052 ὑπὸ
617 2999 846 3070 ,τούτων
895 3001 1191 3071 ίθύνονται,
1234 3004 1372 3061 ἀλλά
1420 3008 1514 3061 ιιια)⁸
1561 3006 1794 3079 Πέρσαι,
1847 3009 1943 3063 καὶ

344 3089 584 3157 Σκύθαι,
629 3093 723 3148 καὶ
782 3095 1177 3166 Μασσαγέται,
1249 3097 1345 3152 καὶ
1400 3098 1790 3171 Σαυρομάται,
1849 3097 1943 3154 καὶ

356 3179 536 3244 Ἰνδοὶ,
571 3182 666 3236 καὶ
716 3182 995 3251 Αἰθίοπες,
1037 3184 1134 3239 καὶ
1170 3183 1470 3258 ξυλλήὸδην
1518 3186 1693 3239 εἰπεῖν
1726 3184 1945 3241 ἅπαντα

343 3273 449 3344 τῆς
471 3274 806 3345 οἰκουμένης
837 3276 907 3330 τὰ.
937 3276 1207 3348 τέρματα.
1237 3277 1318 3331 Τά
1343 3277 1453 3350 γὰρ
1480 3277 1544 3350 δὴ
1570 3276 1774 3332 τούτων
1810 3277 1944 3349 ξυγ-

346 3364 683 3437 γράμματα,
717 3367 869 3422 ἁπλᾶ
897 3386 962 3439 γε
991 3368 1121 3425 ὄντα
1146 3369 1241 3424 καὶ
1284 3370 1385 3442 τῆς
1421 3369 1743 3442 Ἑλληνικῆς
1779 3387 1947 3441 γεγυ-

348 3457 618 3530 μνωμένα
664 3458 1070 3533 λαμπρότητος,
1106 3463 1202 3516 καὶ
1249 3461 1348 3534 μὲν
1378 3462 1442 3533 δὴ
1476 3463 1572 3516 καὶ
1607 3461 1819 3534 σμικρά
1851 3461 1947 3517 καὶ

349 3547 530 3616 ὁλίγα,
570 3552 737 3605 πᾶσιν
766 3551 1076 3624 ἀνθρώποις
1107 3555 1255 3607 ἐστὶν
1282 3551 1600 3628 ἀξιέραστα,
1627 3553 1766 3625 πλὴν
1792 3554 1947 3626 ὑμῶν

357 3646 448 3699 καὶ
466 3646 523 3699 ετ
547 3664 634 3711 τις
661 3649 789 3719 ὑμῖν
820 3650 1221 3721 παραπλησίως
1243 3650 1341 3723 τὴν
1366 3651 1465 3721 τῆς
1490 3650 1750 3715 ἀπιστίας
1781 3666 1949 3706 κατα-

351 3737 666 3810 κεχυμένην
713 3739 852 3811 ἔχων
874 3740 921 3772 ’⁸
962 3740 1151 3811 ἀχλὺν,
1186 3741 1314 3796 ἰδεῖν
1343 3741 1442 3797 οὐκ
1472 3741 1645 3796 ἐθέλει
1674 3743 1775 3815 τῆς
1812 3741 1946 3813 ἀλη-

348 3827 503 3893 θείας
533 3830 629 3901 τὴν
652 3828 869 3903 αἴγλην.
904 3832 977 3886 Οὐ
1012 3832 1172 3904 μόνον
1200 3830 1256 3885 δέ
1287 3830 1388 3903 τῆς
1425 3831 1746 3905 Ἑλληνικῆς
1774 3829 1950 3886 ταῦτα

350 3919 628 3992 κομψείας
637 3920 773 3990 γεγύ
782 3938 990 3993 μνωται
999 3962 1011 3985 ,
1026 3921 1163 3977 ἀλλὰ
1179 3922 1275 3977 καὶ
1290 3921 1398 3977 τῶν
1413 3921 1753 3994 πραγμάτων
1765 3914 1910 3977 ὦνπε
1916 3939 1949 3993 ρ

349 4010 598 4065 διδάσκει
624 4012 723 4085 τὴν
750 4013 1002 4083 φύσινού
1026 4032 1084 4068 σε
1093 4017 1231 4087 μνήν
1252 4032 1374 4069 τινα
1396 4013 1511 4086 ἔχει
1542 4015 1637 4068 καὶ
1670 4014 1948 4087 περιφανῆ

352 4103 453 4158 καὶ
486 4104 873 4176 περίϐλεπτον.
917 4107 993 4162 Ού
1040 4108 1150 4180 γάρ
1185 4107 1471 4180 ὁρωμένην
1510 4106 1636 4161 τινά
1670 4108 1783 4172 τοῖς
1830 4106 1950 4161 θια-

354 4193 562 4260 σώταις
594 4197 932 4252 ἐπιδεικνῦσι
981 4197 1279 4269 βασιλείαν,
1319 4199 1598 4271 ἁλουργίδι
1628 4200 1674 4232 ’⁵
1714 4212 1950 4271 κοσμου-

356 4285 705 4357 μένην,“καὶ
764 4289 1015 4361 στεφάνῳ
1067 4289 1549 4362 λαμπρυνομένην,
1590 4290 1685 4345 καὶ
1732 4288 1811 4361 τῷ
1843 4289 1950 4345 τῶν

353 4381 758 4452 ἀσπιδηφόρων
794 4385 840 4415 ’⁸
874 4385 968 4437 καὶ
996 4384 1311 4456 δορυφόρων
1355 4384 1452 4438 καὶ
1483 4384 1678 4456 πλήθει
1708 4385 1803 4440 καὶ
1855 4402 1949 4457 με-

353 4474 514 4542 γέθει
542 4491 600 4527 σε
609 4476 979 4548 μνυνομένην,
1004 4477 1096 4530 καὶ
1121 4476 1286 4548 τόσην
1311 4475 1464 4549 [ΗΞ]
1509 4476 1738 4549 ἔχουσαν
1790 4494 1954 4550 στρα-

354 4567 486 4620 τιάν
507 4567 578 4632 ’⁷,
610 4568 705 4622 καὶ
738 4570 1078 4641 στρατηγοὺς
1107 4568 1419 4642 ἀριστεύειν
1445 4571 1501 4623 ἐν
1528 4570 1789 4642 πολέμοις
1827 4569 1955 4624 δεδι-

2037 713 2242 781 edocti,
2273 714 2364 770 alii
2392 714 2814 786 publicanorum
2839 713 3048 771 mensis
3074 705 3355 777 assistere,
3383 706 3475 775 alii
3505 716 3625 763 ten-

2038 805 2179 860 toria
2208 805 2493 862 elaborare
2529 806 2700 872 soliti,
2743 805 3063 862 divinorum
3092 801 3441 902 eloquiorurp
3476 800 3627 858 illico

2037 896 2302 963 ministri,
2329 897 2749 970 cmlestiumque
2771 897 3043 954 bonorum
3065 896 3476 967 dispensatorfes
3498 908 3627 964 pro—

2038 988 2264 1055 dierint,
2292 1000 2350 1045 et
2378 976 2646 1046 salutiferi
2684 991 2955 1045 malorum
3006 988 3329 1059 depulsores
3370 984 3626 1055 claraque

2007 1079 2353 1146 -luminaria,
2380 1096 2493 1135 non
2519 1096 2686 1136 unam
2712 1074 2878 1136 modo
2899 1088 3141 1152 gentem,
3169 1078 3267 1135 sed
3293 1092 3629 1148 quocunque

2037 1171 2118 1226 sol
2150 1171 2243 1235 hic
2286 1188 2451 1243 quem
2486 1174 2768 1230 cernimus
2807 1172 2989 1229 radios
3035 1170 3217 1228 fundit
3274 1168 3665 1232 illustrantia.._

2037 1259 2398 1320 Admirantur
2422 1274 2608 1322 autem
2635 1274 2691 1322 et
2723 1266 3036 1338 suspiciunt
3058 1263 3337 1337 praecipue
3358 1260 3627 1324 universi,

2038 1356 2188 1427 quod
2207 1358 2320 1430 jam
2350 1359 2555 1415 mortui
2581 1374 2646 1415 ea
2671 1374 2821 1415 nunc
2842 1373 3062 1430 quoque
3087 1363 3372 1428 peragant,
3403 1367 3528 1425 quae
3551 1350 3631 1405 vi-

2036 1459 2230 1505 ventes
2250 1449 2434 1506 facere
2460 1450 2731 1507 solebant.
2760 1450 2877 1507 Imo
2900 1465 3034 1505 vero
3080 1448 3243 1520 longe
3267 1446 3475 1518 majora
3504 1449 3633 1500 sunt

2036 1550 2092 1596 et
2121 1541 2354 1598 clariora
2381 1559 2503 1614 quae
2529 1544 2600 1599 ab
2632 1543 2760 1610 illis,
2792 1552 3081 1615 postquam
3112 1542 3244 1596 hinc
3272 1539 3483 1604 abiere,
3537 1542 3633 1608 ge-

2037 1639 2123 1687 sta
2163 1640 2312 1689 sunt.
2357 1631 2495 1689 Cum
2532 1634 2683 1689 enim
2717 1648 2951 1703 corpora
2997 1631 3173 1687 induti
3206 1632 3352 1686 inter
3377 1627 3632 1684 homines

2036 1725 2424 1793 versabantur,
2457 1726 2623 1782 modo
2648 1727 2716 1781 ad
2747 1727 2869 1793 hos,
2913 1725 3078 1782 modo
3123 1724 3194 1780 ad
3235 1723 3358 1778 illos
3394 1720 3630 1793 populos

2038 1818 2395 1886 accedebant,
2422 1828 2479 1876 et
2519 1836 2669 1876 nunc
2703 1821 3002 1887 Romanos,
3035 1829 3185 1874 nunc
3231 1816 3500 1886 Hispanos
3532 1812 3629 1898 ait}

2037 1908 2221 1968 Celtas
2248 1912 2696 1983 alloquebantur.
2733 1912 3032 1983 Postquam
3075 1925 3208 1966 vero
3247 1908 3315 1964 ad
3364 1907 3519 1962 illum
3566 1916 3630 1965 5e

3670 1329 3685 1363 Ι

2037 2012 2368 2072 receperunt
2389 2019 2421 2060 a
2442 2019 2553 2074 quo
2572 2004 2724 2060 missi
2750 2004 2989 2069 fuerant,
3015 2016 3207 2058 omnes
3232 1998 3343 2054 illis
3365 1996 3631 2052 continue
3676 1987 3682 1995 ’

2038 2092 2440 2165 perfruuntur:
2472 2111 2585 2151 non
2613 2096 2793 2155 solum
2823 2093 3080 2159 Romani,
3113 2084 3319 2163 quique
3353 2090 3631 2145 Romano—

2039 2199 2161 2238 rum
2185 2184 2381 2257 jugum
2424 2195 2629 2252 amant,
2667 2196 2726 2243 et
2752 2187 2823 2242 ab
2868 2186 2978 2241 illis
3020 2183 3421 2257 gubernantur,
3449 2178 3546 2235 sed
3575 2184 3631 2233 et

2040 2273 2241 2341 Persae,
2292 2282 2350 2330 et
2392 2273 2630 2348 Scythae,
2664 2285 2721 2333 et
2767 2276 3102 2348 Massagetae,
3150 2284 3206 2331 et
3247 2272 3531 2336 Sarmatae,
3575 2277 3634 2324 et

2039 2363 2182 2431 Indi,
2212 2372 2270 2420 et
2295 2363 2603 2439 IEthiopes,
2647 2375 2833 2438 atque,
2867 2376 2929 2437 ut
2975 2366 3148 2423 semel
3192 2364 3393 2429 dicam,
3439 2376 3634 2418 omnes

2041 2454 2181 2512 fines
2221 2465 2405 2514 terrae.
2438 2457 2647 2515 Horum
2683 2475 2923 2530 namque
2957 2460 3181 2530 scripta,
3215 2454 3485 2529 simplicia
3517 2455 3630 2519 illa,

2040 2544 2327 2620 Graecique
2356 2547 2554 2606 nitoris
2595 2550 2880 2621 expertia,
2931 2559 3049 2605 tum
3095 2564 3268 2622 pauca
3298 2562 3535 2604 numero
3576 2555 3634 2600 et

2041 2637 2257 2711 exigua,
2290 2640 2507 2697 cunctis
2537 2640 2862 2697 hominibus
2904 2640 3227 2696 charissima
3276 2649 3425 2703 sunt,
3472 2639 3632 2694 vobis

2041 2731 2308 2801 exceptis,
2339 2741 2396 2789 et
2416 2733 2463 2789 si
2487 2733 2633 2804 quis,
2657 2734 2851 2790 eadem
2878 2749 2988 2805 qua
3024 2741 3080 2789 et
3105 2748 3202 2789 vos
3226 2729 3634 2787 incredulitatis

2042 2819 2248 2876 nebula
2269 2822 2503 2889 oﬂ‘usus,
2526 2823 2779 2881 veritatis
2796 2824 2960 2896 jubar
2983 2824 3257 2895 inspicere
3280 2822 3441 2894 901
3472 2821 3630 2876 nolit.
3740 2890 3755 2905 ι

2044 2914 2165 2969 Non
2193 2915 2372 2971 solum
2415 2924 2600 2970 autem
2630 2914 2832 2970 Graecae
2863 2913 3136 2970 facundiae
3172 2919 3372 2971 ornatu
3400 2912 3417 2932 ‘
3446 2918 3637 2979 carent

2045 3007 2159 3073 illa,
2196 3007 2294 3063 sed
2324 3015 2381 3064 et
2414 3022 2601 3062 rerum
2634 3022 2772 3079 quas
2814 3006 3019 3062 docent
3052 3021 3119 3061 ea
3158 3013 3243 3061 est
3276 3003 3540 3069 conditio,
3576 3010 3640 3057 ut

2046 3096 2398 3169 magniﬁcum
2428 3105 2485 3155 et
2526 3098 2740 3154 illustre
2774 3097 2912 3153 nihil
2944 3098 3199 3154 habeant.
3232 3094 3347 3152 Nec
3375 3095 3525 3152 enim
3556 3094 3641 3148 vi-

2048 3189 2211 3245 sibile
2241 3190 2466 3261 aliquod
2496 3205 2727 3262 regnum
2760 3189 3129 3246 sectatoribus
3153 3189 3270 3245 suis
3298 3195 3636 3259 proponunt,

2047 3298 2295 3355 purpura
2322 3291 2601 3349 ornatum,
2632 3290 2689 3339 et
2712 3297 2918 3339 corona
2948 3280 3247 3353 refulgens,
3275 3289 3645 3345 scutatorum-

2047 3390 2155 3446 que
2189 3389 2257 3430 ac
2281 3374 2610 3445 stipatorum
2637 3390 2873 3431 numero
2898 3382 2956 3432 et
2995 3372 3372 3446 magnitudine
3398 3374 3642 3431 circum-

2048 3474 2287 3536 septum,
2334 3473 2392 3521 et
2434 3465 2722 3537 copiosum
2764 3465 2977 3522 habens
3009 3465 3335 3532 exercitum,
3373 3482 3438 3522 ac
3471 3465 3643 3521 duces

2048 3555 2266 3612 fortiter
2310 3555 2368 3611 in
2416 3555 2565 3613 bello
2610 3572 2670 3613 se
2716 3564 2998 3629 gerentes,
3033 3557 3139 3613 alia
3182 3557 3422 3628 denique
3454 3558 3643 3615 omnia

2049 3664 2173 3720 qua:
2215 3647 2357 3704 fama
2414 3648 2661 3705 illusues
2694 3662 3041 3720 possessores
3086 3663 3217 3704 suos
3258 3646 3516 3715 eﬂiciant,
3544 3648 3642 3704 sed

2051 3739 2369 3810 speluncam
2393 3746 2449 3795 et
2477 3753 2745 3810 praesepe,
2770 3745 2825 3793 et
2855 3738 3248 3810 pauperculam
3273 3737 3562 3809 virginem,
3589 3746 3645 3793 et

2052 3832 2204 3889 tenui
2241 3830 2412 3888 fascia
2456 3831 2777 3888 obvolutum
2813 3830 3144 3887 infantulum
3190 3830 3284 3886 illo
3318 3829 3375 3885 in
3414 3830 3644 3901 prasepi

2052 3919 2404 3986 reclinatum,
2432 3926 2487 3975 et
2513 3918 2798 3990 oppidum,
2818 3919 2875 3975 in
2894 3935 3005 3990 quo
3033 3919 3150 3974 haec
3178 3928 3331 3992 gesta
3357 3928 3506 3985 sunt,
3538 3936 3645 3990 pu-

2053 4011 2239 4066 sillum
2285 4019 2342 4066 et
2381 4010 2652 4082 ignobile;
2685 4012 2989 4068 crescentis
3022 4012 3214 4067 adhaec
3250 4011 3475 4067 infantis
3508 4027 3646 4084 pau-

2052 4111 2342 4175 pertatem,
2370 4111 2428 4158 et
2452 4102 2677 4170 famem,
2710 4112 2764 4158 et
2793 4103 2963 4170 sitim,
2992 4113 3049 4160 et
3077 4105 3395 4175 languorem
3422 4104 3491 4159 de
3516 4105 3643 4170 via;

2052 4202 2109 4251 et
2134 4201 2259 4265 post
2282 4193 2400 4249 haac
2422 4193 2731 4265 passionem
2761 4195 2831 4249 ab
2856 4195 3115 4251 omnibus
3139 4195 3508 4263 decantatam,
3537 4198 3648 4252 ala-

2052 4301 2151 4357 pas
2175 4286 2232 4350 in
2254 4286 2533 4341 maxillam
2559 4285 2829 4353 incussas,
2854 4295 3008 4357 terga
3032 4286 3219 4358 flagris
3245 4286 3495 4353 discissa,
3521 4304 3648 4344 cru-

2053 4394 2195 4445 cem,
2236 4378 2442 4444 clavos,
2474 4376 2569 4443 fel,
2600 4387 2841 4443 acetum,
2875 4386 3132 4433 mortem.
3168 4378 3239 4434 Et
3281 4387 3495 4446 tamen,
3520 4395 3655 4435 cum

2053 4472 2173 4528 haec
2215 4479 2272 4527 et
2321 4470 2412 4526 his
2452 4469 2652 4525 similia
2695 4477 2929 4525 narrent
2978 4471 3356 4540 apostolorum
3405 4472 3649 4543 scripta,

2056 4563 2223 4619 ﬁdem
2274 4562 2530 4619 fecerunt
2583 4561 2800 4616 cunctis
2855 4561 3209 4630 hominibus,
3260 4563 3357 4619 Dei
3413 4563 3645 4628 Filium,

354 4657 688 4729 δαγμένους,
725 4662 821 4714 καὶ
855 4660 1026 4715 τᾶλλα
1072 4662 1173 4716 ὅσα
1207 4661 1652 4735 πολυθρυλήτους
1697 4664 1823 4728 τοὺς
1859 4680 1944 4718 κε-

2060 4657 2346 4726 Deumque
2376 4661 2504 4710 ante
2543 4653 2741 4709 saecula
2769 4653 3039 4724 genitum,
3072 4663 3128 4710 et
3161 4654 3428 4712 factorem
3459 4662 3651 4712 rerum

357 4752 672 4823 κτημένους
719 4756 895 4808 ποιεῖ’
934 4754 1071 4810 ἀλλά
1117 4756 1400 4828 σπήλαιον,
1436 4757 1531 4811 καὶ
1576 4757 1808 4829 φάτνην,
1860 4757 1955 4812 καὶ

358 4843 636 4916 παρθένον
667 4846 943 4919 χερνῆτιν,
990 4847 1084 4901 καὶ
1111 4847 1314 4920 βρέφος
1350 4848 1591 4902 εὐτελέσι
1621 4849 1955 4922 σπαργάνοις

358 4934 716 5006 ἑνειλημένον
734 4936 805 5005 ⁸⁸,
834 4938 931 4991 καὶ
977 4938 1069 4992 ἐπὶ
1093 4939 1257 5008 κενῆς
1277 4940 1324 4972 ³³
1365 4939 1700 5013 ἐρριμμένον
1724 4941 1825 5012 τῆς
1856 4941 1957 5011 φά-

356 5044 519 5098 τνης,
569 5028 667 5082 καὶ
716 5029 917 5100 χωρίον
966 5029 1154 5098 ἄδοξον
1192 5030 1287 5084 καὶ
1337 5030 1569 5102 σμικρὸν
1607 5033 1665 5085 ἐν
1697 5024 1742 5102 ᾧ
1784 5031 1957 5086 ταῦτα

358 5122 606 5190 ἐγένετο,
669 5124 764 5177 καὶ
812 5117 879 5177 αὖ
943 5123 1107 5178 πάλιν
1152 5125 1344 5178 πενίαν
1396 5123 1721 5197 αὐξηθέντος
1755 5124 1802 5157 ³ο
1861 5124 1956 5179 τοῦ

363 5214 627 5286 βρέφους,
666 5216 761 5270 καὶ
801 5218 994 5271 πεῖναν
1021 5216 1089 5282 ’⁸,
1120 5216 1215 5271 καὶ
1241 5215 1414 5286 δίψος,
1462 5216 1556 5270 καὶ
1594 5216 1686 5270 τὸν
1731 5214 1791 5283 ἐξ
1822 5216 1961 5270 ὁδοι-

362 5296 566 5380 πορίας
593 5307 776 5376 πόνον,
813 5309 912 5364 καὶ
947 5308 1086 5381 μετά
1118 5307 1292 5363 ταῦτα
1322 5307 1384 5362 τὸ
1414 5306 1563 5379 παρά
1592 5308 1810 5362 πάντων
1834 5307 1957 5379 ᾀδό-

2063 4748 2310 4804 omnium
2335 4754 2499 4818 atque
2532 4746 2785 4817 opiﬁcem
2814 4760 2962 4812 esse,
2991 4746 3086 4817 qui
3116 4746 3413 4803 humanam
3441 4764 3653 4804 assum-

2063 4841 2170 4913 psit
2196 4847 2472 4907 naturam,
2505 4856 2606 4911 per
2653 4855 2885 4913 eamque
2916 4840 3145 4896 humani
3178 4843 3395 4914 generis
3421 4844 3654 4900 salutem

2064 4941 2324 5004 operatus
2356 4941 2460 4989 est.
2497 4932 2690 5003 Neque
2735 4948 2868 4989 vero
2910 4932 3237 5004 simpliciter
3286 4934 3449 4991 fidem
3501 4936 3652 4993 fece-

2064 5033 2215 5091 runt,
2243 5024 2340 5081 sed
2368 5031 2573 5080 tantam
2602 5025 2766 5081 ﬁdem
2792 5024 3049 5096 plurimis
3075 5023 3396 5093 inﬁxerunt,
3425 5036 3484 5082 ut
3508 5045 3656 5085 mor-

2063 5125 2174 5176 tem
2210 5133 2311 5193 pro
2329 5118 2421 5174 his
2439 5118 2709 5191 dogmatis
2738 5116 3105 5173 libentissime
3122 5116 3286 5190 902
3306 5127 3650 5190 oppeterent,

2062 5228 2240 5282 eaque
2284 5210 2519 5266 inﬁciari
2560 5208 2885 5283 iubentibus
2928 5208 3146 5281 linguas
3179 5210 3405 5265 minime
3450 5210 3653 5281 prode-

2064 5312 2210 5370 rent,
2235 5304 2331 5361 sed
2354 5302 2540 5376 ﬂagris
2559 5303 2822 5359 humeros
2842 5302 3056 5359 caedere
3076 5302 3412 5368 volentibus,
3440 5310 3495 5357 et
3518 5303 3657 5357 lam-

1684 5419 1926 5478 VARIIE
1965 5418 2370 5477 LECTIONES.

441 5545 485 5576 "
522 5541 891 5626 προσεχέικηο
927 5539 1287 5626 πρρσὲνέγκοι
1329 5539 1780 5626 arcessivisti
1815 5538 1883 5626 9-

363 5685 411 5717 "
455 5685 486 5737 ὁ
515 5681 814 5754 ὁρώμενος.
851 5681 895 5749 ὁ
924 5698 1038 5754 om,
1077 5681 1280 5754 B._Va.

366 5913 463 5949 νον
489 5896 635 5966 conj.
676 5892 934 5966 Ur'sin'us.
1015 5892 1060 5928 δ’
1083 5892 1410 5965 ἐπ’ἐκείνης.

368 5983 493 6036 νην.
524 5965 712 6021 πεῖναν
742 5965 803 6020 Β.

842 5539 1780 5639 ει.ειτίεσξῖξῖῖιρέ,βνιτριιεξὲγξξι
1812 5538 1888 5639 ,εἰς
1922 5532 3155 5639 .,-¹ἶ.δσξξὲφῖξῗῗὲῗὲἐλέἐῒφῗὲῗὲἷῗὶξήνῗ

334 5608 657 5668 ’διατελῶσι
683 5611 746 5668 C.
772 5608 951 5683 Supra
973 5608 1040 5666 ὀί
1067 5608 1185 5666 ἀνθ’
1224 5628 1347 5666 imm
1371 5608 1478 5667 Vb.
1521 5610 1566 5643 ⁸⁰
1598 5608 1679 5664 ὅτι
1698 5611 1785 5681 δή.
1812 5611 1893 5664 ὅτι
1922 5627 1986 5680 γε
2014 5608 2077 5676 Β,
2105 5609 2206 5664 Va.
2259 5608 2303 5640 ’ί
2337 5608 2649 5678 φανότατοι.
2722 5623 2797 5660 αν‹

363 5685 411 5717 ’τ
455 5685 486 5737 ὁ
515 5681 814 5745 ὁρώμενος.
867 5686 895 5745 ὁ
924 5698 1038 5739 om.
1077 5682 1143 5744 B.
1172 5630 1280 5737 τε.
1383 5682 1431 5713 ⁸³
1453 5681 1550 5735 καὶ
1595 5680 1934 5745 θαυμάζουσι
1959 5696 2070 5736 om.
2100 5679 2204 5735 Vb.
2260 5677 2384 5734 Mox
2415 5624 2797 5732 είώθασινζςηι.

365 5698 408 5717 ’³
455 5701 486 5737 0
515 5698 814 5754 ορωμενος.
867 5698 895 5749 Q
924 5698 1038 5739 om.
1078 5698 1143 5744 ll.
1187 5698 1280 5737 va.
1384 5698 1431 5713 "
1453 5698 1550 5735 και
1595 5698 1934 5751 υαυμαςουσι
1959 5698 2070 5736 om.
2111 5698 2204 5735 Vt).
2260 5698 2384 5734 mox
2415 5698 2675 5731 ειωυασιν
2709 5698 2775 5732 va

365 5756 415 5837 ξς
451 5752 1185 5837 ἁλουργίδιιιάλουργίδοςοϐ.
1267 5752 1312 5837 ’ξ
1332 5750 1416 5835 τῶ
1471 5751 1581 5837 τῶν
1627 5750 2020 5837 ἀσπιδιερόρων.
2072 5750 2135 5803 τὸ
2167 5749 2276 5837 τῶν
2305 5746 2776 5837 άσπιδσφὸρωνῌβ.

365 5826 415 5858 ⁸⁸
472 5818 689 5888 εὐτέλές
743 5823 850 5906 [ἐν]
898 5818 1235 5894 σπαργάνοις
1288 5818 1653 5946 ἐνειλημένον.
1684 5818 1938 5903 ἐὐτελέσι
2006 5821 2341 5891 σπαργάνοις
2391 5818 2616 5943 ἐνειληδι

366 5913 463 5949 νον
489 5896 635 5965 conj.
676 5893 934 5951 Ursmus.
1015 5895 1060 5928 "
1083 5892 1410 5965 ἐπ’ἐκείνης.
1482 5893 1544 5947 πὶ
1586 5910 1749 5965 κενης
1780 5892 1841 5948 Β.
1919 5893 1961 5925 ³ο
1992 5890 2399 5962 ἐναυξηθέντος.
2432 5888 2568 5961 αυξη
2608 5908 2616 5941 ι

3252 5532 3297 5565 ³⁸
3326 5531 3651 5593 διατελοῦσι.

2722 5604 3005 5675 ανώτατοιΔ
3021 5602 3083 5666 Β,
3113 5600 3172 5675 Ω.
3211 5602 3333 5657 Mox
3360 5603 3417 5656 δὲ
3447 5620 3557 5659 om.
3587 5603 3654 5662 C.

2902 5673 2951 5707 ’⁸
2981 5671 3122 5743 ἔχων
3154 5671 3437 5742 ‘suprascr.
3490 5689 3544 5744 p.
3576 5691 3653 5731 ιιι.

2877 5744 2922 5777 ³⁷
2954 5742 3232 5796 στρατιάν.
3272 5745 3562 5796 στρατείαν
3589 5746 3653 5796 C.

2337 5607 2649 5678 φανότατοι.

3093 5742 3232 5797 τιάν.
3272 5742 3562 5804 στρατείαν
3589 5746 3653 5804 C.

3370 5831 3424 5868 νε
3435 5814 3657 5940 ιλξμὲῗ

2663 5815 2801 5872 ένον.
2840 5815 2882 5870 Β
2939 5810 3042 5885 [ἐν]
3081 5828 3190 5868 om.
3220 5810 3292 5885 _C

2637 5905 2758 5952 ντος
2784 5885 2852 5961 ⁸Β
2883 5881 3042 5940 πὲνίοῐ
3078 5881 3261 5949 ἐναυξ.
3294 5882 3357 5942 C.
