4066 6482
422 411 558 478 1015

1416 419 1904 484 THEODORETI
1944 425 2281 488 EPISCOPI
2320 428 2684 490 CYRENSIS

3552 425 3687 492 1016

418 533 550 586 tiam
599 529 853 600 adeptus,
905 529 1000 584 sed
1055 545 1084 584 a
1127 529 1367 586 Chirone
1409 540 1677 588 centauro
1721 535 1994 591 eruditus.

2106 537 2252 602 τινὰς
2282 539 2585 610 εύρηκότας
2626 539 2732 593 ὑπὸ
2771 538 2934 602 κυνὸς
2967 537 3304 610 τρεφόμενον
3345 537 3556 603 λαϐεῖν,
3591 546 3688 598 καὶ

419 622 570 678 Idem
614 637 746 677 vero
778 621 984 675 Chiron
1025 619 1254 676 Achillis
1285 637 1507 692 quoque
1542 634 1848 694 praeceptor
1871 625 1996 679 fuit.

420 715 577 771 Unde
610 721 826 770 constat
871 714 1064 768 ambos
1110 714 1306 770 iisdem
1350 716 1694 786 temporibus
1726 719 1999 786 ﬂoruisse,

420 814 515 861 aut
563 807 729 876 paulo
784 805 1049 876 majorem
1097 805 1312 860 Achille
1346 807 1496 862 hunc
1535 807 1752 877 fuisse:
1799 811 2002 881 quippe

421 899 670 967 quicum
703 897 1040 969 Argonautis
1071 897 1366 968 navigarit,
1399 899 1666 971 cujusque
1706 900 1852 958 ﬁlius
1894 903 2004 957 Ma-

419 993 600 1047 chaon
636 1007 764 1048 cum
799 993 1015 1049 Achille
1053 994 1326 1049 militarit.
1355 995 1529 1050 Porro
1553 1005 1609 1050 et
1632 995 1838 1050 fulmen
1866 997 2001 1052 illud

415 1095 469 1138 et
488 1085 800 1140 combustio
815 1086 980 1140 morti
1015 1086 1310 1141 obnoxiam
1335 1097 1587 1141 naturam
1605 1088 2000 1142 demonstrant.

419 1175 486 1228 Et
515 1182 698 1230 tamen
728 1176 808 1230 sic
829 1183 1020 1230 natum
1048 1176 1352 1241 hominem,
1397 1184 1458 1229 ut
1485 1177 1695 1232 dictum
1738 1184 1843 1240 est,
1888 1191 2004 1231 ser-

419 1275 742 1336 vatumque,
785 1275 842 1321 et
879 1267 961 1322 sic
994 1267 1322 1332 enutritum,
1379 1276 1436 1321 et
1483 1267 1855 1330 combustum,
1893 1267 2002 1323 diis

418 1358 543 1412 aliis
593 1369 982 1429 aggregarunt,
1033 1359 1084 1414 ei
1128 1360 1358 1414 delubra
1400 1359 1750 1425 dedicarunt,
1797 1370 1854 1416 et
1881 1376 2004 1415 aras

397 1443 838 1523 iconsecraruut,
893 1465 957 1505 ae
996 1451 1376 1515 libaminibus,
1425 1458 1482 1506 et
1517 1452 1867 1508 victimarum
1921 1452 2005 1507 ni-

377 1541 552 1597 .‘dore
621 1557 740 1607 vos,
793 1542 922 1596 olim
967 1543 1190 1612 quidem
1249 1543 1426 1612 palam
1476 1552 1532 1597 et
1587 1553 1800 1614 aperte,
1856 1560 2003 1600 nunc

389 1656 403 1706 ς
419 1632 652 1688 fortasse
703 1634 758 1687 in
808 1635 1028 1688 occulto
1074 1635 1278 1701 colitis,
1309 1636 1540 1706 ejusque
1576 1635 1871 1692 simulacra
1905 1639 2006 1693 ho-

373 1696 553 1778 "nere
571 1723 760 1779 divino
789 1724 953 1795 digna
981 1725 1219 1780 censetis
1249 1696 1274 1780 ε’
1297 1696 1357 1782 εἰ
1391 1696 1720 1798 implicitum
1764 1729 1843 1783 illi
1875 1729 2002 1784 dra-

415 1831 612 1872 conem
642 1817 1018 1881 demiramini,
1057 1819 1397 1890 modiceque
1435 1821 1570 1875 artis
1603 1821 1914 1892 symbolum
1945 1821 1998 1876 id

411 1925 536 1996 esse
566 1909 869 1976 aﬂirmatis,
897 1913 1042 1981 quod
1083 1913 1227 1967 sicut
1259 1913 1350 1967 ille
1373 1914 1591 1969 senium
1630 1914 1878 1985 deponit,
1921 1917 2002 1970 sic
2037 1893 2077 1954 Β

413 2019 590 2075 aegros
633 2003 844 2059 morbis
892 2005 1168 2060 medicina
1220 2005 1438 2060 liberat.
1481 2006 1638 2072 Quod
1665 2015 1850 2063 autem
1893 2008 2002 2062 Ho-

414 2097 552 2151 meri
587 2105 912 2166 tempestate
939 2097 1183 2152 nondum
1207 2099 1418 2153 relatus
1443 2100 1497 2152 in
1526 2099 1660 2153 deos
1690 2099 1782 2155 ille
1807 2099 1997 2165 fuerit,

414 2198 577 2259 poeta
611 2190 728 2260 ipse
759 2197 1018 2255 testatur,
1051 2191 1145 2260 qui
1205 2191 1395 2245 Martis
1437 2191 1728 2245 vulnerum
1779 2201 2000 2247 curato-

415 2298 556 2346 rem,
596 2297 708 2336 non
750 2280 1150 2351 IEseulapium,
1187 2282 1284 2336 sed
1319 2281 1572 2336 Paeonem
1607 2281 1841 2337 inducit.
1898 2283 2004 2338 De-

2103 631 2329 700 κομίσαι
2361 631 2511 698 λέγει
2541 631 2776 702 Χείρωνι
2806 630 2883 700 τῷ
2910 629 3229 702 Κενταύρῳ,
3261 624 3383 684 εἶτα
3407 631 3526 684 ἐκεῖ
3553 647 3691 703 τρα·

2104 723 2270 793 φῆναί
2301 741 2359 777 τε
2397 724 2492 778 καὶ
2514 723 2822 795 ἀσκηθῆναι
2846 724 2948 793 τὴν
2978 722 3234 794 ἰατρικὴν
3266 724 3606 794 ἐπιστήμην,
3631 724 3688 777 ἐν

2103 815 2317 888 Τρίκκη
2347 816 2404 870 δέ
2439 817 2657 888 πρῶτον
2689 817 2786 871 καὶ
2822 815 3131 888 Ἐπιδαύρῳ
3158 815 3342 870 δοῦναι
3373 817 3570 886 πεῖραν
3589 816 3690 885 τῆς

2103 906 2320 976 τέχνης.
2353 906 2511 960 Οὖτω
2537 907 2596 960 δέ
2623 908 2828 978 ἄκρως,
2858 907 3044 976 φησιν,
3075 905 3392 976 ἐπαιδεύθη,
3419 906 3516 959 καὶ
3544 905 3688 977 μάλα

2103 1012 2168 1064 γε
2219 997 2522 1061 σπουδαίως
2547 1038 2562 1062 ,
2602 997 2678 1062 ὡς
2721 997 2795 1068 μὴ
2849 998 3042 1069 μόνους
3092 998 3220 1060 τοὺς
3265 996 3690 1068 ἀρρωστοῦντας

2107 1087 2311 1155 ἰᾶσθαι,
2354 1088 2492 1142 ἀλλὰ
2519 1089 2612 1143 καί
2641 1106 2795 1153 τινας
2821 1089 2931 1143 τῶν
2957 1088 3426 1159 τετελευτηκότων
3450 1089 3692 1160 ἐγείρειν

2107 1177 2472 1252 [πειρᾶσθαι]
2497 1180 2564 1235 ⁷⁸.
2609 1180 2701 1234 Διὸ
2739 1180 2803 1252 δὴ
2846 1179 2940 1234 τὸν
2976 1181 3408 1254 τερπικέραυνον
3454 1180 3694 1251 χαλεπή-

2104 1287 2272 1325 ναντα
2310 1271 2623 1343 πρηστῆρσι
2646 1273 2690 1304 ⁷⁹
2721 1270 2901 1341 βαλεῖν
2931 1271 3029 1324 καὶ
3061 1270 3352 1340 ἐξαγαγεῖν
3389 1270 3489 1340 τῆς
3521 1269 3690 1339 ζωῆς.

2104 1362 2403 1433 Τοιγαροῦν
2428 1363 2525 1418 καὶ
2707 1363 2993 1436 ἄνθρωπος
3019 1357 3110 1435 ἦν,
3137 1361 3261 1416 οὐδὲ
3289 1360 3336 1394 ⁸ο
3368 1364 3480 1424 tot;
3509 1361 3694 1424 ἄλλοις

2105 1454 2417 1526 ἀνθρώποις
2455 1455 2851 1527 παραπλησίως
2874 1455 3106 1528 τραφεὶς
3127 1453 3198 1520 ⁸³,
3241 1453 3380 1508 ἀλλὰ
3415 1455 3513 1508 καὶ
3540 1454 3694 1524 παρὰ

2106 1546 2264 1609 κυνὸς
2295 1547 2394 1616 τῆς
2423 1546 2647 1619 πρώτης
2682 1547 2994 1612 ἀπολαύσας
3051 1547 3365 1617 ἀνατροφῆς
3396 1547 3464 1611 ⁸¹,
3492 1546 3588 1599 καὶ
3617 1545 3694 1616 τῷ

2104 1638 2213 1691 τῶν
2234 1639 2278 1670 θ’
2313 1637 2378 1709 θη
2387 1639 2654 1710 ρευόντων
2677 1641 2844 1711 οἴκτῳ
2869 1639 3181 1702 διασωθεὶς,
3211 1639 3307 1692 καὶ
3328 1639 3431 1692 οὐκ
3453 1638 3518 1690 ἐκ
3543 1635 3696 1698 θείας

2108 1728 2302 1798 σοφίας
2348 1730 2442 1783 καὶ
2473 1730 2786 1801 ἐπιστήμης
2827 1728 2931 1802 [τὸ]
2959 1729 3006 1762 ⁸⁸
3053 1728 3323 1800 ἰατρεύειν
3355 1726 3516 1797 ἔχων,
3558 1724 3698 1778 ἀλλὰ

2107 1821 2262 1892 παρὰ
2320 1821 2597 1890 Χείρωνος
2644 1823 2806 1893 τήνδε
2878 1823 2978 1889 τὴν
3038 1819 3237 1892 τέχνην
3291 1808 3692 1880 ἐκπαιδευθείς.

2109 1908 2276 1978 Οὗτος
2309 1915 2367 1967 δέ
2395 1915 2424 1967 ὁ
2449 1914 2661 1985 Χείρων
2685 1915 2780 1968 καὶ
2815 1912 3104 1984 Ἀχιλλέως
3127 1913 3344 1982 ἐγένετο
3374 1910 3694 1981 παιδευτὴς.

2111 2007 2272 2062 Ὅθεν
2298 2007 2455 2077 δῆλον
2479 2008 2561 2061 ὅτι
2599 2007 2740 2061 κατὰ
2765 2008 2856 2061 τὸν
2888 2006 3078 2078 χρόνον
3105 2005 3196 2058 τὸν
3225 2003 3388 2058 αὐτὸν
3413 2000 3539 2044 ⁸⁵-⁹⁸
3569 2004 3696 2070 ἐγε-

2107 2099 2323 2168 νέσθην,
2368 2099 2402 2171 ἢ
2433 2097 2569 2171 [καὶ]
2604 2097 2788 2170 μικρῷ
2819 2116 2925 2152 τινι
2955 2092 3110 2160 οὗτος
3159 2093 3445 2165 Ἀχιλλέως
3477 2091 3521 2124 ⁹⁶
3561 2108 3698 2162 πρε-

2109 2190 2404 2261 σϐύτερος,
2448 2191 2748 2261 ἐπειδήπερ
2788 2191 2884 2244 καὶ
2935 2191 3048 2252 τοῖς
3089 2185 3476 2258 Ἀργοναύταις
3513 2181 3701 2250 ξυνεξ-

2101 2281 2331 2335 έπλευσε
2356 2283 2422 2346 ⁸⁷,
2447 2282 2540 2336 καὶ
2570 2283 2600 2336 ὁ
2621 2281 2809 2336 τούτου
2836 2298 2900 2350 γε
2931 2281 3063 2343 παῖς
3087 2280 3116 2334 ὁ
3139 2277 3380 2348 Μαχάων
3409 2273 3698 2340 ξυνεπολέ-

416 2375 532 2430 cuit
573 2375 721 2429 enim
755 2374 878 2445 ejus
903 2374 1122 2445 generis
1148 2374 1302 2438 deos,
1341 2381 1398 2428 et
1420 2374 1653 2430 vulnera
1683 2375 1912 2440 habere,
1937 2383 2002 2430 'et

2108 2391 2283 2446 μησεν
2313 2374 2562 2445 Ἀχιλλεῖ.
2585 2375 2694 2429 Καὶ
2719 2376 2748 2428 ὁ
2774 2373 3038 2446 κεραυνὸς
3067 2371 3146 2435 δέ,
3173 2372 3269 2425 καὶ
3297 2371 3381 2424 ⁸⁸6
3404 2367 3698 2437 γενόμενος

416 2463 682 2519 medicos.
732 2463 1090 2520 Machaonem
1147 2479 1369 2534 quoque
1416 2479 1521 2518 nec
1560 2464 1651 2519 dei
1676 2463 1851 2520 ﬁlium
1877 2480 2001 2522 esse

2106 2467 2438 2538 ἔμπρησμδς
2462 2508 2477 2534 9
2533 2467 2686 2538 δηλοῖ
2717 2467 2818 2538 τῆς
2861 2465 3079 2536 φύσεως
3110 2465 3172 2518 τὸ
3203 2462 3490 2534 ἐπίκηρον.
3535 2456 3702 2512 Ἀλλὰ

415 2555 573 2621 dicit,
605 2571 710 2612 nec
731 2557 983 2622 semidei,
1019 2557 1114 2612 sed
1149 2557 1368 2612 medici.
1403 2556 1496 2612 Sic
1517 2558 1666 2612 enim
1695 2558 1774 2612 ait
1808 2576 1820 2611 :

2106 2561 2198 2615 καὶ
2236 2561 2281 2593 ⁹⁹
2315 2559 2458 2614 οὕτω
2491 2575 2556 2630 γε
2587 2559 2782 2630 φύντα,
2810 2558 2887 2622 ὼς
2933 2557 3150 2630 εἴρηται
3174 2596 3190 2622 ,
3228 2555 3324 2610 καὶ
3358 2552 3601 2608 σωθέντα
3632 2565 3698 2616 γε

412 2651 507 2704 καὶ
564 2650 844 2720 τραφέντα
896 2652 990 2704 καὶ
1041 2651 1434 2724 ἐμπρησθέντα
1480 2653 1592 2715 τοῖς
1623 2652 1804 2718 ἄλλοις
1861 2654 2006 2719 θεοῖς
2043 2654 2366 2722 κατέλεξαν,
2430 2656 2528 2711 καὶ
2549 2655 2750 2726 τεμένη
2779 2656 2795 2686 ⁸
2843 2653 2900 2707 δὲ
2935 2652 3316 2717 καθωσίωσαν,
3353 2648 3447 2703 καὶ
3509 2644 3701 2700 καθιέ-

416 2759 598 2813 ρωσαν
624 2741 862 2814 βωμούς·
894 2744 988 2797 καὶ
1018 2743 1173 2815 λοιϐῇ
1202 2744 1294 2798 καὶ
1323 2745 1507 2815 κνίσῃ,
1536 2745 1704 2799 πάλαι
1735 2747 1835 2817 μὲν
1866 2747 2160 2819 προφανῶς
2183 2748 2324 2814 ,νῦν
2365 2748 2422 2802 δὲ
2483 2748 2615 2813 ἴσως
2679 2749 2737 2801 ἐν
2771 2745 3111 2818 παραϐύστῳ
3167 2744 3464 2816 γεραίρετε
3492 2743 3536 2804 ⁸,
3603 2738 3701 2792 καὶ

411 2838 483 2891 τὰ
511 2837 702 2890 τούτου
728 2837 1023 2907 ἀγάλματα
1056 2835 1208 2900 θείας
1248 2837 1466 2904 ἀξιοῦτε
1492 2839 1512 2870 ³
1560 2837 1754 2909 τιμῆς,
1789 2841 1884 2892 καὶ
1918 2840 2010 2896 τὸν
2047 2842 2395 2912 ἐνειλημένον
2416 2841 2437 2873 ⁸
2465 2839 2617 2910 αὐτῷ
2683 2839 2995 2910 θαυμάζετε
3033 2839 3324 2910 δράκοντα,
3366 2834 3462 2889 καὶ
3491 2831 3699 2902 ξύμϐο-

411 2951 503 3006 λον
546 2930 684 2987 εῐναι
747 2934 848 3003 τῆς
897 2935 1147 3006 ίατρικῆς
1198 2951 1334 3003 φατε
1361 2974 1375 2999 ,
1419 2936 1502 2990 ὃτι
1544 2935 1797 3006 καθάπερ
1841 2938 2045 3002 ἐκεῖνος
2084 2939 2381 2994 ἀποδύεται
2423 2940 2484 2994 τὸ
2523 2918 2734 3011 γῆρας,
2765 2937 2939 3001 οὕτως
2976 2937 3009 3005 ἡ
3048 2932 3268 3003 ἰατρικὴ
3322 2931 3344 2964 ⁸
3376 2927 3487 2983 τῶν
3525 2925 3700 2979 νόσων

412 3027 709 3099 ἐλευθεροῖ.
753 3024 880 3078 Ὅτι
914 3024 969 3077 δὲ
1002 3025 1094 3077 ἐπὶ
1121 3025 1230 3078 τῶν
1285 3027 1524 3098 Ὀμήρου
1562 3026 1769 3098 χρόνων
1797 3027 2009 3082 οὐδέπω
2045 3023 2198 3096 οὗτος
2229 3029 2373 3102 [τῆς]
2429 3030 2705 3094 θεοποιίας
2732 3027 3024 3098 τετυχήκει
3048 3025 3090 3090 ⁸,
3119 3024 3328 3096 μάρτυς
3384 3023 3414 3074 ὁ
3442 3018 3696 3088 ποιητὴς,

412 3121 477 3175 ού
506 3119 600 3172 τὸν
647 3117 975 3188 Ἀσκληπιὸν
1022 3117 1158 3172 ἀλλὰ
1221 3117 1310 3172 τὸν
1345 3118 1588 3186 Παιήονα
1643 3118 1824 3186 δείξας
1862 3123 1933 3174 τὰ
1971 3123 2068 3177 τοῦ
2110 3124 2324 3195 ’Ἄρεως
2366 3123 2783 3196 θεραπεύσαντα
2825 3120 3154 3193 τραύματαο
3185 3117 3266 3170 δεῖ
3293 3115 3402 3185 γὰρ
3445 3110 3698 3165 τουτουσὶ

412 3214 541 3276 τοὺς
569 3211 724 3275 θεοὺς
757 3212 851 3265 καὶ
880 3209 1172 3281 τραύματα
1199 3210 1342 3282 ἔχειν
1374 3211 1467 3264 καὶ
1499 3211 1737 3282 ἰατρούς.
1804 3215 1914 3268 Kal.
1943 3214 2034 3269 τὸν
2071 3216 2335 3287 Μαχάονα
2374 3216 2430 3270 δὲ
2499 3218 2561 3270 οὐ
2611 3215 2735 3270 θεοῦ
2781 3214 2931 3282 λέγει
2960 3215 2978 3246 ⁷
3017 3212 3151 3278 υἱὸν,
3197 3209 3317 3265 ούδέ
3343 3224 3406 3278 γε
3432 3204 3693 3277 ἡμιθέου,

414 3308 531 3363 ἀλλ’
565 3303 772 3376 ἰατροῦ.
807 3305 951 3375 Ἔφη
989 3304 1114 3374 γάρ’

413 3423 552 3484 Huic
575 3421 772 3477 homini
817 3426 970 3489 pater
999 3424 1076 3472 est
1107 3418 1397 3488 Asclepius,
1430 3428 1545 3474 arte
1586 3422 1825 3475 medendi

415 3423 552 3548 glacie
575 3421 772 3477 homini
817 3426 970 3489 pater
999 3424 1076 3472 est
1107 3418 1397 3488 Asclepius,
1430 3428 1545 3474 arte
1586 3422 1825 3475 medendi
2032 3404 2074 3460 (ἶ
2112 3417 2254 3471 aer
2297 3418 2666 3486 Ἀσκληπιοῦ
2707 3416 2841 3472 υἱὸν
2866 3416 3172 3486 ἀμύμονος
3211 3411 3477 3481 ἰητῆρος.

431 3529 454 3548 λ
481 3507 628 3548 aras.
3353 3503 3358 3514 ‘

431 3503 628 3550 Slarus.

3353 3503 3358 3514 ι

415 3603 738 3674 Dionysium
775 3608 1044 3671 praeterea
1075 3609 1130 3655 et
1160 3599 1458 3667 Homerus,
1492 3612 1549 3656 et
1599 3601 1910 3671 Euripides,
1951 3611 2007 3656 et

414 3695 511 3752 alii
537 3693 766 3765 plurimi
798 3693 1014 3747 Semele
1045 3701 1237 3747 natum
1263 3692 1555 3748 allirmant.
1583 3693 1799 3748 Semele
1820 3701 2008 3748 autem

414 3787 578 3861 907
611 3784 804 3841 Cadmi
827 3784 932 3839 fuit
968 3783 1100 3838 ﬁlia.
1135 3784 1204 3839 Et
1232 3794 1415 3839 tamen
1450 3784 1542 3839 hic
1571 3800 1792 3855 quoque
1816 3783 2006 3838 divino

415 3881 628 3938 honore
656 3877 890 3932 affectus
914 3885 1020 3942 est,
1056 3893 1371 3948 quanquam
1403 3879 1610 3942 mollis,
1636 3886 1693 3933 et
1722 3878 2008 3933 effemina-

416 3983 528 4037 tus,
555 3979 612 4026 et
640 3969 884 4026 semivir.
907 3968 1123 4045 Quippe
1153 3967 1246 4038 qui
1275 3983 1434 4038 opem
1458 3968 1657 4023 laturis
1689 3968 2004 4024 mercedem

415 4061 696 4137 pollicitus
737 4069 842 4126 est,
875 4076 985 4117 non
1021 4075 1242 4124 aurum,
1274 4060 1362 4114 vel
1398 4068 1706 4131 argentum,
1746 4059 1842 4114 sed
1885 4075 2007 4114 cor—

415 4154 571 4236 poris
606 4152 691 4208 sui
723 4151 1118 4207 contumeliam
1149 4168 1161 4204 :
1198 4158 1364 4219 atque
1386 4151 1708 4206 exsecrandi
1748 4152 2005 4220 promissi

415 4237 526 4302 tam
552 4251 740 4298 certus
781 4241 884 4296 fuit
911 4240 1212 4306 exhibitor,
1246 4249 1308 4295 ut
1332 4239 1398 4295 iis
1423 4240 1518 4310 qui
1556 4240 1762 4294 auxilio
1787 4239 2007 4294 fuerant

415 4336 528 4392 vita
553 4334 760 4390 functis
793 4334 1118 4403 priusquam
1155 4331 1482 4402 probrosam
1514 4331 1662 4386 illam
1682 4331 2004 4387 'mercedem

415 4426 750 4495 reciperent,
788 4423 949 4478 aliam
989 4423 1284 4494 implendas
1314 4421 1441 4476 ﬁdei
1474 4422 1747 4477 rationem
1783 4423 2005 4492 excogi-

415 4517 565 4570 tarit.
619 4515 798 4569 Taceo
854 4515 1118 4576 ﬁculnum
1170 4513 1514 4584 pudendum,
1569 4528 1801 4584 quaeque
1857 4513 2004 4567 circa

417 4605 551 4660 illud
602 4604 1026 4676 peragebantur.
1056 4603 1232 4683 Pudet
1253 4604 1402 4658 enim
1430 4619 1494 4658 ea
1529 4602 1740 4657 referre
1765 4617 2004 4672 quorum

2108 3597 2218 3650 Kal.
2246 3595 2337 3650 τὸν
2381 3597 2633 3651 Διόνυσον
2677 3599 2733 3651 δέ
2779 3597 3024 3667 Σεμέλης
3071 3596 3187 3649 υίὸν
3217 3593 3547 3664 γεγενῆσθαι
3599 3582 3719 3648 καῖ’

2109 3687 2256 3759 Ὃμη
2267 3706 2355 3759 ρος
2374 3689 2475 3759 ἔφη
2500 3689 2594 3743 καὶ
2615 3690 2935 3761 Εὐριπίδης,
2962 3689 3056 3742 καὶ
3082 3688 3230 3744 ἄλλοι
3253 3685 3363 3759 [γε]
3385 3686 3406 3718 ⁸
3429 3687 3697 3740 πλεῖστοι*

2109 3776 2321 3847 Σεμέλη
2355 3777 2431 3843 δὲ,
2464 3779 2689 3849 Κάδμου
2733 3778 2999 3849 θυγάτηρ.
3056 3778 3195 3831 Ἀλλ’
3224 3779 3373 3848 ὅμως
3414 3777 3509 3830 καὶ
3539 3772 3702 3840 οὗτος

2108 3868 2257 3932 θείας
2283 3869 2488 3940 ἠξιώθη
2515 3871 2699 3942 τιμῆς,
2728 3873 2825 3924 καὶ
2869 3870 3043 3923 ταῦτα
3088 3869 3275 3938 γύννις
3302 3871 3322 3901 ’
3354 3867 3428 3922 ὢν
3457 3869 3552 3921 καὶ
3595 3867 3701 3938 θη-

2108 3960 2330 4032 λυδρίας
2375 3964 2472 4016 καὶ
2511 3963 2872 4034 ἀνδρόγυνοςο
2921 3965 3012 4017 καὶ
3051 3961 3204 4035 [γὰρ]
3239 3963 3283 3994 ¹⁰
3325 3965 3437 4025 τοῖς
3477 3962 3702 4015 ἐπικου-

2110 4051 2264 4124 ροῦσι
2300 4055 2490 4123 μισθὸν
2529 4055 2801 4126 ὑπέσχετο
2829 4055 3023 4109 δώσειν
3051 4055 3114 4108 οὐ
3147 4055 3345 4125 χρυσὸν
3372 4053 3404 4126 ἢ
3434 4054 3698 4124 ἄργυρον,

2108 4142 2246 4196 ἀλλὰ
2285 4144 2383 4214 τὴν
2427 4143 2584 4215 ὓϐριν
2633 4145 2727 4199 τοῦ
2761 4145 3042 4216 σώματος’
3078 4146 3171 4199 καὶ
3216 4142 3390 4206 οὕτως
3429 4143 3555 4212 περὶ
3597 4141 3700 4210 τὴν

2109 4233 2374 4306 βδελυρὰν
2404 4237 2621 4307 ἐκείνην
2656 4237 2948 4309 ὑπόσχεσιν
2993 4238 3214 4306 ἐγένετο
3245 4235 3546 4306 φιλαλήθης
3568 4271 3583 4297 ,
3619 4234 3697 4298 ὡς

2107 4326 2216 4380 τῶν
2262 4327 2677 4399 βεϐοηθηκότων
2704 4328 3173 4399 τετελευτηκότων
3209 4328 3340 4398 πρὶν
3373 4327 3404 4396 ἢ
3438 4325 3696 4392 δέξασθαι

2108 4418 2198 4472 τὸν
2224 4419 2824 4496 πολυθρύλλητονῘΗῦ]
2847 4421 3054 4474 ἐκεῖνον
3087 4421 3298 4492 μισθὸν,
3335 4420 3536 4491 ἑτέρως
3571 4421 3694 4472 ἐπι-

2108 4511 2295 4582 νοῆσαι
2322 4510 2421 4580 τὴν
2449 4512 2547 4582 τῆς
2575 4512 2912 4581 ἐπαγγελίας
2940 4513 3313 4583 ἐκπλήρωσιν.
3368 4513 3475 4564 Καὶ
3505 4511 3698 4564 σιωπῶ

2109 4604 2170 4656 τὸ
2204 4604 2422 4657 σύκινον
2453 4604 2604 4670 πέος,
2639 4606 2733 4658 καὶ
2758 4605 2827 4659 τὰ
2862 4605 2954 4657 ἐπί
2981 4604 3156 4675 τούτῳ
3183 4606 3224 4637 ¹¹
3260 4603 3581 4675 τελούμενα·
3613 4604 3700 4656 ai-

417 4714 584 4754 causa
617 4697 891 4752 solemnes
925 4712 957 4750 a
989 4695 1196 4750 Graecis
1227 4704 1534 4751 conventus
1559 4697 1574 4715 ‘
1607 4694 1834 4750 ﬁebant.
1860 4695 2003 4761 Quin

2112 4695 2377 4766 σχύνομαι
2411 4697 2453 4728 ⁸⁸
2484 4697 2593 4766 γὰρ
2619 4697 2797 4764 λέγειν
2827 4695 2912 4766 ἐφ’
2943 4691 3026 4761 οἷς
3050 4695 3450 4768 ἐπανηγύριζον
3494 4695 3698 4764 Ἕλλην

417 4797 474 4843 et
511 4787 853 4859 Tyndaridas
879 4787 1013 4841 deos
1042 4794 1314 4841 vocarunt
1345 4786 1543 4851 Graeci,
1585 4794 1642 4840 et
1683 4786 2001 4851 Dioscuros,

417 4890 472 4940 et
492 4879 812 4952 Ephestios,
841 4887 898 4935 et
920 4878 1133 4933 Anacas
1155 4879 1537 4942 nominarunt,
1577 4888 1636 4932 et
1664 4878 1837 4932 sacris
1873 4878 2005 4933 aedi-

419 4977 523 5031 bus
581 4973 706 5028 illos
759 4988 870 5026 non
910 4971 1202 5041 Spartiatae
1241 4971 1454 5038 solum,
1495 4971 1590 5026 sed
1634 4969 2003 5025 Athenienses

418 5081 638 5142 quoque
666 5064 876 5136 dignati
901 5071 1050 5118 sunt.
1080 5063 1399 5134 ﬂorumque
1436 5061 1776 5118 mentionem
1811 5062 2003 5118 rhetor

2111 4804 2220 4850 νες.
2247 4787 2358 4840 Καὶ
2392 4788 2576 4856 μέντοι
2605 4787 2700 4839 καὶ
2725 4787 2849 4850 τοὺς
2882 4787 3211 4858 Τυνδαρίδας
3248 4787 3402 4850 θεοὺς
3429 4786 3696 4840 ἐκάλεσαν

2114 4877 2406 4948 Ἕλληνες,
2448 4877 2543 4930 καὶ
2588 4876 2946 4947 Διοσκούρους
2973 4877 3015 4908 ’⁸
3058 4877 3374 4947 ὠνόμασαν,
3425 4877 3519 4930 καὶ
3571 4875 3700 4944 Ἐφ-

2071 5011 2074 5015 .
2111 4967 2354 5031 εστίους,
2388 4968 2480 5020 καὶ
2506 4969 2748 5032 ’Ἄνακας
2771 4968 2834 5000 ³⁸⁸
2857 4968 2952 5022 καὶ
2981 4969 3225 5040 τεμενῶν
3253 4969 3353 5022 οὐκ
3382 4971 3440 5021 ἐν
3469 4968 3694 5040 Σπάρτη

2113 5059 2272 5132 μόνον
2306 5059 2443 5113 ἀλλὰ
2493 5061 2584 5113 καὶ
2639 5059 2898 5133 Ἀθήνῃσι
2925 5061 2968 5092 ⁸⁸
3012 5059 3239 5126 τούτους
3283 5060 3548 5132 ἠξίωσαν.
3586 5061 3696 5113 Καὶ

1728 5195 1965 5258 νΑῐιιιεΕ
1998 5197 2400 5256 LECTIONES.

490 5321 535 5354 ⁷⁸
570 5321 860 5394 πειρᾶσθαι
888 5337 997 5394 om.
1030 5321 1126 5376 Va.
1203 5323 1250 5354 '9
1282 5320 1950 5394 grpqaeijpat._7cpnstﬁgt
2121 5318 2174 5394 ξ’
2203 5317 2344 5394 οὐδέ.
2372 5319 2463 5394 καὶ
2509 5318 2703 5394 esse}
2751 5317 2880 5394 [ᾖδε]
2901 5337 3014 5394 _o_m.
3038 5320 3100 5374 C.
3123 5391 3147 5394 _
3179 5322 3220 5354 ⁸⁸
3253 5319 3508 5394 τραφείς.
3561 5316 3694 5394 ανα-

418 5393 646 5465 τραφεὶς
667 5389 733 5458 Ε,
764 5393 866 5447 Vb.
911 5461 922 5465 Α
965 5393 1011 5423 ⁸³
1037 5389 1605 5465 ἀνατροφῆςξτροφῇς
1633 5389 1696 5455 Β,

418 5530 467 5567 δῖ
496 5530 1265 5600 ξυνέπλευσεῖ’ξυνεξέπλευσε
1302 5531 1361 5583 Β.

1878 5391 1926 5423 ⁸³
1957 5393 2050 5442 καὶ
2081 5388 2205 5441 τῶν.
2236 5389 2331 5441 καὶ
2360 5390 2438 5457 τῷ

417 5457 627 5534 χρόνον.
681 5457 770 5517 τδν
827 5461 1028 5534 χρόνον
1050 5457 1187 5534 _tov'
1224 5457 1386 5534 ac.st
1647 5461 1869 5534 xal._'ro_v_
1909 5477 1997 5530 χρ.
2029 5459 2092 5534 C,
2120 5459 2279 5534 _Tum
2312 5457 2470 5534 [itali
2496 5477 2605 5515 om.
2643 5459 2800 5534 B._C.

1496 5531 1543 5562 ⁸⁸
1563 5530 1618 5582 δὲ
1665 5529 1779 5584 καί.
1815 5530 1873 5582 δέ
1907 5529 1971 5596 γε
1993 5532 2086 5583 καὶ
2119 5529 2179 5582 Β.

2485 5391 2593 5442 τῶν
2751 5386 2812 5462 3“
2845 5386 2946 5462 [τὸ]
2977 5406 3088 5445 om.
3110 5391 3170 5446 C.
3249 5386 3487 5462 δεδίτδν
3535 5386 3696 5462 αύτὲν

2897 5457 2945 5494 ⁹⁶
2972 5462 3276 5532 Ἀχιλλέως.
3323 5459 3597 5532 Ἀχιλλεύς

2314 5527 2360 5562 δ’
2388 5531 2482 5583 καὶ
2538 5547 2649 5601 om.
2687 5529 2748 5601 Β.
2826 5532 2842 5563 ί
2873 5527 3072 5601 τεμένη
3103 5531 3180 5584 δέ.
3218 5527 3421 5601 τεμένη
3448 5546 3510 5597 γε
3541 5527 3585 5582 Β
3632 5528 3697 5601 δὲ

418 5599 540 5678 οηι.Δ
587 5605 648 5660 C.
704 5606 753 5678 _'
803 5604 1113 5678 ygpaipsts.
1168 5601 1486 5678 γεραίρεται
1513 5600 1722 5678 _B,__C._
1787 5601 1808 5632 ³
1839 5600 2107 5678 ἀξιοῦται.
2161 5599 2445 5678 ἀξιοῦνται.
2483 5600 2655 5678 Βηϐ.
2732 5599 3151 5678 δέίλημμένον.
3221 5600 3569 5678 ἐνειλημένον
3631 5599 3695 5652 Β.

419 5651 938 5743 ἐνειλημμένονὟίίι.
972 5651 1346 5743 ἐνειλιμμένον
1383 5671 1548 5743 κυοηῇ.
1577 5651 1787 5743 ’Ulfsin.

418 5811 518 5868 (ἒξ
546 5811 596 5844 ⁷¹¹
633 5814 828 5882 τούτῳ.
867 5811 1057 5864 τούτου
1102 5811 1152 5864 Β
1194 5812 1350 5864 τοῦτο
1403 5811 1462 5865 C.

1889 5672 2130 5703 υάιηιυι
2185 5673 2216 5703 4.
2269 5687 2356 5703 nm
2407 5672 2445 5703 Ρ

419 5675 806 5743 ὲνειλημμένον
842 5673 938 5727 V'a.
972 5671 1344 5740 ἐνειλιμμένον
1383 5671 1548 5741 κοοιῇ.
1603 5671 1787 5726 Ursin.
1889 5672 1908 5703 ⁸
1944 5673 1976 5741 ἠ
2011 5671 2149 5740 lup.
2185 5673 2218 5742 ἡ
2268 5687 2376 5726 om.
2407 5671 2466 5725 (Β.
2555 5671 2574 5702 ⁸
2599 5671 2906 5741 τετυχήκει.
2943 5671 3146 5742 ἠξιώθη
3179 5686 3303 5725 eum
3325 5671 3524 5737 οὖτωγ

419 5747 646 5817 τυχὴκει
688 5746 743 5798 in
768 5759 941 5812 marg.
973 5739 1116 5814 [τῆς]
1145 5757 1254 5794 om.
1291 5740 1352 5795 C.
1430 5743 1448 5773 "
1480 5742 1646 5806 λέγει.
1670 5742 1849 5809 λέγειν
1869 5739 1932 5795 C.
2008 5741 2029 5773 ⁸
2060 5741 2208 5794 ἄλλοι
2240 5759 2322 5810 γε.
2353 5759 2416 5811 γε
2446 5758 2555 5796 om.
2579 5741 2640 5796 C.
2719 5742 2739 5773 ⁰
2764 5740 2938 5808 γύνις.
2967 5741 3152 5809 γύννις
3181 5742 3240 5795 Β.
3321 5743 3363 5773 ¹⁰
3382 5740 3524 5865 lycio

419 5817 479 5867 (Σ.
561 5814 596 5844 ¹¹
633 5814 828 5866 τούτω.
867 5811 1057 5864 τούτου
1114 5813 1152 5864 Β
1194 5812 1350 5864 τοῦτο
1403 5811 1462 5865 C.
1545 5814 1585 5843 ¹²
1618 5812 1964 5867 αἰσγύνομαι.
2015 5811 2339 5867 αἰσχύνομαι
2401 5812 2508 5867 γὰρ
2567 5812 2622 5865 Β.
2707 5812 2748 5844 ⁸⁸
2783 5812 3159 5867 Διοσκούρους.
3219 5816 3379 5867 Διοπκ
3416 5829 3524 5867 ρους

424 5828 479 5868 ι..
561 5828 596 5844 ³·
633 5831 828 5882 τούτῳ.
867 5829 1057 5864 τούτου
1114 5828 1152 5864 η
1194 5829 1350 5864 τουτο
1403 5828 1462 5865 ι...
1545 5828 1584 5843 υ
1618 5829 1964 5880 αισγυνομαι.
2015 5828 2339 5884 αισχυνομαι
2401 5829 2508 5880 γαρ
2567 5828 2625 5869 Β.
2708 5828 2748 5844 ὀ
2783 5828 3159 5883 Διοσκουρους.
3219 5828 3379 5867 mos):

424 5886 464 5914 "'
504 5884 710 5949 ἄνακας
773 5884 1008 5946 ἄνακτας
1032 5882 1091 5952 Β.
1130 5882 1229 5936 Vb.
1311 5884 1350 5914 ¹¹⁵
1398 5883 1667 5954 Ἀθήναις.
1709 5882 1960 5954 Ἀθήνῃσι
1994 5883 2051 5936 Β.

2555 5671 2574 5702 ⁸
2599 5669 3146 5742 τετυχήκειᾙὴξιώθη
3179 5686 3303 5725 eum
3325 5669 3468 5723 οὕτω
3489 5687 3524 5737 γ
3566 5708 3581 5723 .
3609 5686 3694 5721 τε-

2569 5741 2640 5814 ᾼΟ.
2719 5742 2744 5814 ⁰λ
2764 5740 2938 5808 γύνις.
2967 5741 3152 5814 γύννις
3181 5742 3240 5795 Β.
3321 5743 3363 5773 ¹⁰
3394 5687 3560 5814 [γὰρῖ
3579 5755 3690 5814 οφ.

3416 5755 3549 5864 335-]
3579 5755 3690 5867 ‘i'i"
