4066 6420
370 443 528 511 1021'

934 447 1373 508 GRrECARUM
1409 441 1710 506 AFFECT.
1754 444 2201 506 CURAT10.—
2230 444 2395 505 VIII.
2439 443 2538 504 DE
2576 443 3094 506 MARTYRIBUS.

3506 441 3646 506 1022

367 555 642 627 νομίζετε,
691 556 786 610 καὶ
817 557 890 628 μὴ
923 557 1074 622 Θείας
1105 558 1251 621 τινὸς
1297 558 1392 610 καὶ
1439 555 1754 627 τρισολϐίας
1781 555 1953 620 ὅντως

2067 556 2240 610 iivina
2270 556 2456 627 potius
2476 571 2541 610 ac
2570 554 2889 611 felicissima
2920 564 3071 613 sorte
3097 553 3334 626 quadam
3357 554 3490 621 frui,
3512 557 3645 614 Pin—

365 649 573 720 λήξεως
605 645 755 720 [H7]
783 648 1115 713 ἀπολαῦσαι,
1150 649 1414 720 Πίνδαρος
1447 651 1474 702 ὁ
1502 647 1724 720 λυρικδς
1751 647 1958 719 ταύτην

369 742 524 814 ὑμῶν
551 741 862 796 ἐκϐαλλέτω
889 741 987 812 τὴν
1015 741 1194 809 δόξαν,
1223 741 1398 810 λέγων
1427 740 1526 794 ὡδί
1549 757 1564 772 ο

374 856 575 924 Ψυχαὶ
608 855 660 908 δ’
690 856 978 918 εὐσεϐῶν,
1007 856 1076 909 ἐν
1102 853 1379 924 οὐρανοῖς
1407 855 1688 924 ναίοιισαι
1717 853 1785 916 ⁸⁸,

368 923 648 991 Malam}
669 925 911 996 μάκαρα
939 925 1136 995 μέγαν
1169 923 1484 981 ἀείδουσιν
1508 923 1552 956 ⁸³
1579 925 1648 978 ἐν
1687 924 1919 994 ὕμνοις.

369 1042 431 1094 ΕΞ
461 1041 517 1093 δὲ
550 1039 660 1092 τῶν
687 1039 929 1102 εὐσεϐῶς
973 1037 1318 1107 βεϐιωκότων
1347 1036 1576 1108 οὐρανὸς
1600 1035 1956 1106 ἐνδιαίτημα,

367 1131 576 1201 ταύτην
611 1129 797 1200 ἔχουσι
843 1131 943 1201 τὴν
988 1129 1140 1201 λῆξιν
1169 1130 1219 1183 οί
1255 1129 1566 1202 μάρτυρεςο
1609 1127 1816 1182 τούτων
1850 1125 1958 1196 γὰρ

369 1222 522 1274 οὐδὲν
556 1221 968 1292 εὐσεϐέστερον.
1027 1221 1140 1276 Καὶ
1185 1219 1556 1293 Ἐμπεδοκλῆς
1587 1219 1642 1274 δὲ
1672 1220 1701 1273 ὁ
1758 1218 1961 1290 ’Δκραο

375 1315 626 1380 γαντῖνος
657 1309 719 1364 οὗ
728 1330 802 1364 τω
830 1311 994 1383 φησίν
1011 1328 1024 1341 ·

378 1429 479 1491 Εις
499 1425 568 1478 δὲ
604 1424 780 1492 τέλος
799 1425 1049 1494 μάντεις
1069 1441 1134 1479 τε
1166 1424 1265 1478 καί
1287 1425 1620 1494 ὑμνοκόλοι
1647 1422 1746 1494 καί
1769 1421 1958 1491 ίητροί

377 1497 486 1550 Καὶ
512 1497 729 1563 πρόμοι
759 1492 1166 1564 ἀνθρώποισιν
1199 1492 1598 1564 ἐπιχθονίοισι
1627 1492 1912 1564 πέλονται
1943 1507 1958 1525 ·

375 1567 598 1620 Ἔνθεν
635 1563 1091 1622 (tramae-rava
1130 1565 1177 1598 “
1205 1565 1325 1620 θεοί
1359 1563 1564 1634 τιμῇσι
1594 1563 1886 1634 φέριστοι.

371 1701 437 1756 Εἰ
461 1702 517 1756 δὲ
543 1703 767 1774 μάντεις
797 1704 892 1756 καὶ
923 1704 1142 1774 ἰατροὺς
1169 1699 1437 1770 τοσαύτης
1463 1700 1506 1732 ⁸⁷
1529 1699 1729 1772 ἔφησεν
1755 1701 1961 1765 ἐκεῖνος

370 1793 659 1858 ἀξιοῦσθαι
692 1795 880 1866 τιμῆς,
915 1795 968 1847 τί
1001 1795 1068 1848 ἂν
1101 1793 1246 1848 εἴποι
1275 1810 1360 1856 τις
1389 1790 1645 1863 περὶτῶν
1677 1792 1952 1862 τοσαύτην

2057 649 2225 704 darus
2271 649 2481 720 lyricus
2529 649 2674 704 hanc
2733 664 2764 704 a
2807 650 2967 706 vobis
3015 650 3333 721 Opinionem
3369 650 3647 708 extrudat.

2057 757 2183 796 cum
2219 741 2296 796 ait
2327 757 2342 795 :

2059 857 2268 928 ᾼηὶιηιε
2297 857 2504 928 piorum
2527 859 2680 913 caelos
2716 857 2967 922 colentes,

2059 927 2236 984 Cantu
2276 927 2486 982 beatum
2515 937 2562 982 et
2594 946 2848 1000 magnum
2875 929 3139 1000 inhymm’s
3164 934 3385 982 canunt.

2057 1038 2214 1106 Quod
2244 1039 2292 1096 si
2324 1039 2524 1095 caelum
2557 1039 2718 1095 sedes
2756 1040 2979 1095 illorum
3002 1051 3086 1096 est
3108 1041 3200 1110 qui
3234 1041 3324 1110 pie
3352 1041 3519 1094 vitam
3549 1038 3648 1094 du-

2057 1141 2280 1196 xerunt,
2339 1132 2481 1186 hanc
2523 1131 2772 1203 profecto
2822 1141 3096 1203 martyres
3133 1137 3338 1186 sOrtem
3373 1131 3646 1193 obtinent,

2061 1223 2266 1294 quibus
2304 1225 2458 1294 pium
2507 1223 2683 1295 magis
2727 1240 2850 1279 esse
2896 1223 3034 1278 nihil
3067 1233 3264 1295 potest.
3291 1221 3652 1294 Empedocles

2061 1332 2280 1388 quoque
2304 1316 2694 1389 Agrigentinus
2722 1317 2802 1371 sic
2828 1316 3076 1387 loquitur
3109 1335 3121 1369 :

2204 1429 2508 1498 Hymnidici
2540 1436 2706 1492 vates,
2731 1429 2866 1482 artis
2899 1428 3211 1498 mediaeque
3233 1427 3408 1498 periti,

2259 1497 2459 1553 ortales
2497 1505 2710 1552 cunctos
2735 1500 2894 1569 primi
2923 1505 3038 1569 post
3072 1497 3580 1569 lerga’relinquuut,

2203 1565 2341 1624 Sunt
2365 1569 2452 1622 ubi
2486 1569 2561 1622 dii
2580 1565 2758 1638 superi
2780 1565 2986 1639 maguis
3006 1567 3062 1621 in
3084 1565 3364 1622 honoribus
3393 1565 3552 1620 ducti.

2061 1703 2219 1772 Quod
2250 1703 2296 1760 si
2348 1704 2572 1760 vatibus
2626 1719 2691 1759 ac
2744 1703 2977 1759 medicis
3027 1713 3241 1760 tantum
3294 1703 3383 1758 ille
3424 1701 3655 1758 honoris

2063 1797 2336 1852 tributum
2368 1796 2647 1867 perbibet,
2681 1795 2820 1867 quid
2850 1795 2918 1851 de
2953 1795 3065 1851 illis
3105 1795 3397 1851 dicendum
3437 1795 3530 1859 sit,
3556 1792 3653 1864 qui

372 1885 802 1958 ἐπιδειξαμένων
839 1887 980 1958 ὑπὲρ
1006 1885 1288 1949 εὐσεϐείας
1319 1884 1570 1956 ἀνδρείαν
1595 1885 1662 1949 ⁸⁸,
1699 1878 1780 1948 οἷς
1803 1879 1960 1954 τοῦρ-

2067 1897 2275 1946 tantam
2319 1904 2422 1960 pro
2463 1888 2732 1960 religione
2773 1888 2938 1959 912
2979 1887 3362 1944 fortitudinem
3390 1885 3652 1940 ostende-

372 1991 473 2044 γον
520 1975 582 2027 οὐ
630 1977 790 2046 μόνον
825 1975 1100 2047 ἀνδρείαν,
1149 1976 1287 2030 ἀλλά
1333 1976 1428 2028 καὶ
1476 1973 1825 2044 δικαιοσύνην
1867 1975 1961 2028 καὶ

376 2067 736 2138 σωφροσύνην
783 2069 876 2121 καὶ
911 2068 1102 2137 σοφίαν
1136 2067 1231 2120 καὶ⁸
1264 2065 1525 2138 φρόνησιν
1558 2067 1856 2138 μαρτυρεῖ;
1897 2065 1962 2118 Τί

371 2158 487 2228 γὰρ
538 2159 980 2229 σωφρονέστερον
1015 2156 1124 2211 τῶν
1174 2156 1276 2211 οὐκ
1321 2155 1710 2227 ἀνασχομένων
1736 2155 1963 2209 ἐκείνων

371 2251 657 2320 ἐκστῆναι,
685 2249 830 2320 ἀπερ
864 2249 925 2314 ἐξ
955 2249 1132 2320 ἀρχῆς
1177 2243 1240 2301 εὖ
1278 2248 1422 2318 ἐχειν
1468 2247 1736 2301 ὑπέλαϐον
1765 2263 1778 2312 ;
1814 2245 1877 2299 Τί
1905 2245 1963 2300 δὲ

372 2342 712 2412 δικαιότερον
739 2341 848 2394 τῶν
893 2341 992 2404 τάς
1028 2339 1177 2402 Θείας
1204 2337 1522 2409 εὐεργεσίας
1569 2335 1962 2408 ἀμειψαμένων

374 2435 562 2505 σφαγῇ
587 2474 602 2497 ,
650 2434 744 2486 καὶ
790 2433 862 2486 τὰ
891 2431 1120 2502 σώματα
1151 2429 1530 2484 ἐκδεδωκότων
1582 2428 1726 2498 ὐπέρ
1781 2426 1874 2481 τοῦ
1901 2425 1963 2480 τὸ

373 2527 540 2596 σῶμα
565 2524 1013 2595 παραδεδωκότος
1045 2522 1263 2593 σταυρῷ
1295 2539 1309 2587 ;
1341 2521 1406 2574 Τί
1453 2519 1509 2572 δὲ
1553 2517 1962 2592 φρονιμώτερον

371 2617 408 2687 ἢ
467 2615 773 2687 σοφώτερον
857 2613 968 2668 τῶν
1029 2612 1173 2666 οὕτω
1255 2611 1430 2665 ταῦτα
1490 2609 1957 2682 βουλευσαμένων,

372 2712 474 2765 καὶ
509 2709 617 2763 τῶν
665 2709 764 2780 μὲν
808 2708 935 2778 τῇδε
981 2706 1572 2777 καταπεφρονηκότων,
1615 2703 1691 2766 ὡς
1740 2701 1960 2772 βέϐαιον

371 2802 530 2856 οὐδὲν
549 2801 782 2872 ἐχόντων
801 2801 923 2854 οὐδὲ
947 2800 1172 2870 μόνιμον
1203 2800 1272 2867 δ’,
1291 2796 1636 2869 ἐρασθέντων
1655 2795 1714 2850 δέ
1737 2794 1962 2850 ἐκείνων

369 2895 409 2950 ἀ
436 2895 594 2964 λόγος
625 2891 951 2964 ἑρμηνεύειν
977 2892 1022 2922 ⁷⁸
1051 2891 1114 2944 οὐ
1145 2891 1368 2944 δύναται
1395 2905 1410 2954 ;
1444 2888 1510 2942 Τί
1543 2888 1601 2940 δὲ
1636 2885 1965 2957 ἀνδρικώτε-

377 3004 472 3058 ρον
515 2984 626 3037 τῶν
669 2983 1201 3054 ἀνταγωνισαμένων
1250 2981 1388 3052 πρὸς
1435 2978 1610 3032 πολλὰ
1665 2978 1964 3048 παθήματα

371 3079 472 3132 καὶ
499 3077 736 3148 διάφορα
758 3115 775 3142 ,
817 3077 913 3130 καὶ
950 3077 1077 3141 τοὺς
1121 3075 1450 3138 κολάζοντας
1497 3074 1862 3144 νενικηκότων
1895 3074 1962 3144 τῇ

369 3169 646 3242 καρτερίᾳ.
691 3170 792 3241 τῆς
829 3168 1092 3240 γνώμης;
1149 3169 1440 3239 Τοιγάρτοι
1494 3159 1640 3222 οὗτοί
1702 3168 1769 3236 γέ
1826 3168 1964 3220 εἰσιν

371 3261 621 3332 ἀτεχνῶς
648 3261 692 3293 τί
719 3261 922 3331 πρόμοι
946 3259 1272 3332 ἀνθρώπων,
1304 3260 1398 3316 καὶ
1421 3262 1694 3332 πρόμαχοι
1724 3261 1818 3313 καὶ
1841 3259 1961 3312 ἐπίι-
1991 3252 2033 3310 C

368 3370 600 3423 κουροι,
643 3353 874 3407 καὶτῶν
905 3353 1092 3407 κακῶν
1138 3353 1502 3424 ἀποτρόπαιοι
1527 3393 1539 3414 ,
1571 3354 1676 3418 τὰς
1718 3352 1822 3406 ὑπὸ
1854 3351 1965 3406 τῶν

370 3445 649 3514 δαιμόνων
662 3444 1067 3515 ἐπιφερομένας
1080 3446 1123 3477 ⁷³
1145 3443 1559 3514 ἀποδιοπομπού
1567 3461 1718 3513 μενοι
1734 3443 1961 3513 βλάϐας.

387 3538 447 3591 '0
470 3537 530 3591 δέ
559 3552 626 3605 γε
667 3536 1022 3609 Ἡράκλειτος
1050 3537 1148 3591 καὶ
1177 3537 1305 3600 τοὺς
1346 3539 1404 3590 ἐν
1440 3535 1600 3608 [τοῖς]
1624 3537 1670 3568 ⁷³
1706 3537 1966 3606 πολέμοις

375 3632 772 3704 ἀναιρεθέντας
847 3633 1031 3704 πάσης
1081 3631 1268 3697 ἀξίους
1324 3632 1703 3702 ὑπολαμϐάνει
1756 3633 1962 3703 τιμῆς·

376 3739 400 3777 ι
463 3723 834 3796 Ἀρηῖφάτους
867 3724 998 3795 γὰρ,
1026 3724 1211 3794 φησὶν,
1234 3724 1282 3776 oi
1315 3722 1428 3778 θεοὶ
1456 3723 1658 3793 τιμῶσι
1678 3723 1772 3776 καὶ
1796 3723 1846 3775 οἱ
1871 3722 1966 3775 ἄν·

374 3818 672 3888 θρωποιτδ.
697 3835 715 3868 ι
737 3817 849 3870 Καὶ
868 3815 1057 3869 πάλινθ
1085 3833 1105 3868 ι
1137 3815 1306 3870 mm
1327 3817 1437 3888 γὰρ
1453 3817 1699 3886 μείζονες
1718 3813 1968 3886 μείζονος

378 3909 582 3982 μοίρας
607 3909 989 3978 λαγχάνουσιν.
1038 3927 1058 3961 ι
1113 3909 1276 3962 Ἀλλὰ
1298 3907 1446 3962 τόνδε
1474 3908 1567 3961 τὸν
1597 3907 1755 3976 λόγον
1791 3906 1968 3975 ἔγωγε

373 4003 441 4055 οὐ
460 4001 762 4070 προσίεμαι
784 4015 797 4028 °
820 3999 1066 4053 πλεῖστοι
1097 4000 1208 4072 γὰρ
1231 3999 1295 4070 δὴ
1323 3999 1688 4070 παμπόνηρον
1713 3998 1967 4052 ἀσπασά-

379 4111 540 4165 μενοι
571 4092 686 4163 βίον
719 4093 809 4146 τὸν
854 4080 1027 4163 βίαιον
1064 4094 1362 4164 ὑπέμειναν
1399 4092 1649 4145 θάνατον.
1695 4093 1757 4145 Ei
1787 4092 1969 4145 τοίνυν

374 4187 512 4249 τοὺς
541 4187 878 4257 ἀρηϊφάτους
900 4187 1146 4250 ἅπαντας
1180 4187 1448 4257 προσήκει
1473 4185 1662 4256 τιμᾷν,
1691 4184 1810 4254 ὥρα
1837 4184 1968 4254 ὑμῖν

375 4283 481 4336 καὶ
512 4284 626 4344 τοῖς
667 4279 890 4333 Οἰδίπου
937 4280 1097 4333 παισὶ
1141 4280 1260 4333 τόδε
1285 4280 1580 4349 ἀπονεῖμαι
1609 4278 1670 4332 τὸ
1693 4277 1886 4348 γέρας,
1920 4277 1971 4330 οἶ

375 4375 477 4428 τὸν
518 4375 729 4445 πατέρα
784 4375 880 4444 μὲν
933 4373 1229 4428 κατέλιπον
1276 4373 1642 4444 ἀτημέλητον,
1692 4373 1859 4428 ἕνεκα
1913 4373 1972 4427 δὲ

377 4465 701 4537 τυραννίδος
731 4465 851 4518 κατ’
878 4464 1122 4535 ἀλλήλων
1147 4465 1513 4535 λυττήσαντες
1537 4465 1619 4535 τῷ
1649 4464 1899 4534 ἀλλήλων
1924 4465 1970 4497 ⁷³

377 4559 577 4626 αἵματι
627 4557 724 4620 τὰς
775 4557 982 4620 οίκείας
1017 4555 1297 4625 ἐφοίνιξαν
1353 4556 1556 4622 δεξιάς.
1595 4557 1869 4627 Τιμητέον
1913 4557 1971 4610 δὲ

2063 1991 2214 2046 runt,
2263 1984 2280 2002 ‘
2320 1996 2558 2051 quorum
2589 1995 2680 2036 res
2711 1991 2880 2051 gesta:
2909 1994 3021 2042 non
3063 1979 3242 2034 solum
3289 1977 3652 2042 fortitudinis,

2064 2072 2162 2128 sed
2209 2081 2267 2127 et
2297 2071 2548 2142 justitiaa,
2602 2078 2661 2126 et
2713 2069 3112 2140 temperantiae,
3149 2078 3207 2124 et
3238 2067 3543 2138 sapientiae,
3588 2081 3656 2122 ac

2065 2161 2374 2233 prudentiae
2427 2161 2594 2216 ﬁdem
2653 2160 2913 2216 faciunt?
2945 2159 3090 2226 Quid
3115 2158 3264 2213 enim
3300 2158 3408 2214 illis
3441 2167 3656 2225 tempe-

2066 2256 2262 2321 ratius,
2315 2253 2413 2325 qui
2459 2254 2532 2309 ab
2573 2253 2641 2308 iis
2673 2269 2794 2323 quae
2816 2253 3091 2324 principio
3117 2258 3266 2307 recta
3294 2265 3415 2306 esse
3443 2249 3658 2320 judica-

2065 2357 2219 2414 runt,
2271 2347 2474 2402 abduci
2501 2363 2560 2404 se
2586 2348 2733 2419 passi
2766 2364 2876 2404 non
2903 2347 3082 2406 sunt?
3113 2345 3255 2414 Quid
3289 2345 3398 2400 illis
3428 2343 3654 2414 justius,

2063 2440 2159 2511 qui
2210 2439 2398 2496 divina
2433 2439 2706 2496 beneﬁcia
2735 2439 2885 2494 caede
2912 2455 3014 2494 sua
3042 2443 3493 2508 compensarunt,
3531 2450 3660 2490 sua-

2065 2547 2174 2603 que
2209 2531 2315 2602 ipsi
2346 2547 2580 2602 corpora
2614 2545 2720 2600 pro
2767 2546 2836 2586 eo
2881 2531 3254 2595 tradiderunt,
3305 2527 3402 2599 qui
3453 2541 3658 2597 corpus

2065 2638 2228 2678 suum
2268 2638 2370 2693 pro
2417 2621 2581 2678 nobis
2609 2622 2763 2677 cruci
2792 2621 3063 2676 tradidit?
3088 2619 3229 2686 Quid
3267 2619 3377 2674 illis
3408 2617 3656 2687 pruden-

2065 2716 2198 2778 tius,
2237 2727 2335 2771 aut
2361 2713 2687 2784 sapientius.
2723 2713 2819 2782 qui
2846 2712 2915 2768 de
2957 2712 3044 2767 his
3083 2710 3377 2766 consilium
3422 2709 3528 2763 hoc
3566 2707 3656 2762 in-

2063 2809 2270 2873 ierunt,
2296 2817 2355 2863 et
2391 2805 2656 2863 inferiora
2681 2806 2785 2861 ista
2809 2810 3290 2874 contempserunt,
3325 2812 3387 2856 ut
3411 2816 3533 2871 quae
3559 2799 3654 2853 fir-

2062 2917 2218 2959 mum
2246 2910 2304 2957 et
2333 2899 2530 2956 stabile
2561 2899 2703 2954 nihil
2729 2898 2992 2961 habeant,
3029 2897 3122 2951 illa
3145 2911 3281 2950 vero
3305 2895 3654 2956 adamarunt.

2063 3010 2190 3067 quae
2207 2993 2394 3050 verbis
2413 2991 2652 3062 exprimi
2671 3006 2782 3046 non
2810 2989 3084 3059 possunt?
3111 2987 3254 3054 Quid
3279 2987 3518 3056 denique
3549 2985 3660 3040 illis

2066 3088 2286 3153 fortius,
2312 3087 2409 3156 qui
2432 3083 2625 3140 multis
2643 3082 2926 3152 variisque
2948 3079 3292 3138 cruciatibus
3312 3079 3658 3140 restiterunt,

2068 3187 2421 3248 tortoresque
2471 3189 2605 3232 suos
2660 3174 2832 3231 animi
2885 3171 3198 3228 constantia
3245 3169 3544 3228 vicerunt?
3591 3169 3660 3225 Hi

2068 3278 2200 3326 sunt
2229 3283 2362 3324 vere
2396 3266 2685 3324 hominum
2710 3264 2883 3326 duces
2903 3273 2961 3319 et
2985 3273 3448 3334 propugnatores,
3478 3269 3536 3317 et
3559 3278 3661 3317 au-

2067 3361 2377 3422 xiliatores,
2423 3359 2810 3427 malorumque
2853 3355 3201 3425 depulsores,
3242 3354 3444 3409 damna
3474 3368 3596 3422 quae
3629 3367 3662 3406 ο

2020 3437 2030 3444 “
2069 3451 2418 3510 daemonibus
2444 3449 2774 3521 infligunt-tur
2802 3448 2996 3517 procul
3037 3453 3318 3502 arcentes.
3348 3443 3662 3500 Heraclitus

2069 3542 2322 3614 profecto
2360 3543 2528 3598 etiam
2565 3556 2662 3596 eos
2690 3538 2786 3610 qui
2822 3539 2880 3594 in
2905 3539 3054 3594 bello
3076 3537 3247 3593 occisi
3268 3545 3476 3598 essent,
3509 3534 3662 3589 omni

2069 3634 2272 3705 dignos
2300 3633 2514 3690 honore
2536 3632 2818 3688 existimat
2851 3649 2864 3684 :
2900 3647 2918 3680 ι
2944 3629 2988 3684 Α
3009 3629 3179 3684 Marte
3199 3628 3435 3692 occisos,
3458 3625 3660 3696 inquit,

2071 3729 2150 3784 dii
2184 3736 2243 3784 et
2270 3727 2528 3781 homines
2554 3726 2764 3780 honore
2789 3730 3227 3795 prosequuntur.
3261 3740 3279 3772 ι
3317 3721 3386 3775 Et
3417 3721 3619 3774 iterum
3646 3735 3660 3770 :

2079 3838 2100 3871 ι
2117 3818 2234 3874 Soli
2253 3819 2402 3872 enim
2425 3819 2663 3889 majores
2680 3817 2948 3887 majorem
2968 3822 3174 3869 sortem
3193 3811 3611 3866 nanciscuntur.
3637 3828 3657 3861 ι

2071 3913 2142 3968 At
2166 3913 2310 3967 hanc
2355 3911 2506 3965 illius
2538 3909 2847 3964 orationem
2892 3905 3042 3961 haud
3092 3904 3352 3974 equidem
3411 3902 3663 3957 admitto.

2072 4003 2478 4073 Quamplurimi
2540 4002 2713 4066 enim,
2767 4001 2862 4070 qui
2920 3999 3154 4054 sceleste
3197 3996 3369 4050 vitam
3413 4000 3664 4066 egerant,

2072 4099 2373 4152 violentam
2417 4102 2662 4149 mortem
2708 4093 2960 4164 perpessi
3009 4099 3159 4148 sunt.
3202 4090 3258 4145 Si
3308 4106 3442 4158 ergo
3473 4102 3668 4143 omnes

2072 4186 2168 4256 qui
2203 4185 2260 4239 in
2293 4183 2442 4239 bello
2472 4182 2597 4237 caesi
2653 4191 2805 4246 sunt,
2858 4179 3121 4234 honorari
3169 4176 3484 4257 conveniat,
3532 4175 3666 4230 reli-

2071 4291 2246 4348 quum
2299 4283 2405 4340 est,
2466 4279 2528 4328 ut
2570 4271 2770 4341 OEdipi
2801 4285 3024 4340 quoque
3060 4269 3188 4323 filiis
3232 4268 3408 4321 honor
3438 4266 3530 4320 hic
3561 4265 3666 4320 tri-

2073 4370 2301 4431 buatur,
2323 4367 2441 4435 qui,
2467 4371 2624 4435 patre
2648 4379 2748 4433 per
2777 4369 3158 4431 contemptum
3180 4359 3456 4429 neglecto,
3475 4365 3666 4427 tyran-

2073 4458 2264 4514 nidem
2298 4456 2647 4516 aﬂ‘ectantes,
2679 4461 2873 4508 mutua
2899 4453 2955 4507 in
2981 4469 3038 4508 se
3074 4452 3250 4516 rabie,
3276 4452 3415 4505 alter
3437 4449 3674 4505 alterius

2076 4551 2345 4622 sanguine
2379 4549 2544 4620 913
2589 4549 2816 4604 dextras
2858 4555 3242 4603 cruentarunt.
3279 4546 3501 4601 lionore
3533 4544 3668 4600 item

377 4619 498 4719 ἄρα
550 4649 641 4703 καὶ
691 4619 818 4713 τοὺς
859 4619 1312 4719 Πεισιστρατίδας
1363 4619 1471 4703 ὑπὸ
1531 4619 1820 4720 Ἁρμοδίου
1881 4649 1965 4701 καῖ

2076 4619 2350 4698 alliciendi
2394 4619 2561 4710 erunt
2605 4649 2665 4696 et
2706 4639 3089 4703 Pisistratidae,
3141 4639 3211 4694 ab
3270 4637 3570 4692 Harmodio
3610 4644 3675 4692 et

392 4742 861 4813 Ἀριστογείτονος
925 4741 1150 4806 ἐνδίκως
1193 4741 1600 4813 ἀναιρεθέντας.
1645 4741 1808 4794 Ἀλλά
1849 4742 1973 4794 τούν

380 4835 610 4888 ναντίον
638 4834 874 4904 ἔδρασαν
905 4833 1219 4904 Ἀθηναῖοι·
1245 4835 1373 4898 τοὺς
1395 4833 1506 4905 γὰρ
1530 4833 1822 4897 ἀνελόντας
1846 4833 1976 4904 χαλ-

2071 4737 2445 4808 Aristogitone
2518 4737 2646 4806 jure
2722 4733 3020 4789 interfecti.
3079 4732 3188 4788 Sed
3248 4741 3443 4788 contra
3486 4731 3670 4787 fecere

2075 4831 2467 4895 Athenienses,
2499 4829 2596 4900 qui
2633 4827 3056 4900 percussoribus
3111 4835 3324 4882 statuas
3361 4841 3536 4882 aereas
3567 4841 3672 4896 po-

383 4928 515 4987 καῖς
571 4924 779 4978 εἰκόσιν
810 4923 1098 4994 ἐτίμησαν,
1130 4925 1226 4978 καὶ
1267 4923 1347 4994 τῷ
1374 4923 1524 4992 γένει
1552 4923 1632 4996 τῷ
1679 4924 1889 4978 τούτων
1927 4925 1965 4956 τ⁴

2078 4931 2334 4988 suerunt,
2387 4938 2584 4977 eorum
2641 4919 2878 4992 posteris
2929 4920 3265 4976 tributorum
3322 4919 3671 4974 immunitate

381 5016 646 5072 ἀτέλειαν
695 5015 1061 5085 ἐδωρήσαντο.
1097 5017 1213 5070 Οὐκ
1246 5012 1338 5070 οὖν
1376 5017 1585 5082 πάντας
1636 5019 1965 5090 ἀρηϊφάτους

2079 5031 2363 5071 concessa.
2388 5015 2509 5069 Non
2534 5022 2660 5069 sunt
2686 5013 2873 5082 itaque
2897 5013 3157 5067 omnibus
3174 5011 3323 5066 ferro
3345 5011 3670 5081 peremptis,

383 5109 531 5163 κατά
552 5107 643 5160 τὸν
680 5105 1034 5176 Ἡράκλειτον
1058 5107 1345 5178 τιμητέον,
1373 5107 1489 5162 ἀλλ’
1524 5109 1768 5169 ἐκείνους
1787 5109 1905 5162 ὅσοι
1927 5109 1974 5139 ⁷⁷

383 5203 482 5254 τὸν
523 5200 664 5272 ὑπὲρ
697 5201 796 5265 τῆς
835 5198 1118 5262 εὐσεϐείας
1156 5199 1444 5264 ἀσπασίως
1487 5199 1844 5264 κατεδέξαντο
1877 5199 1978 5254 θά-

386 5309 556 5348 νατον
575 5309 588 5323 ο
622 5293 822 5346 ἐκεῖνοι
851 5290 961 5364 γάρ
989 5289 1230 5364 ἀληθῶς,
1271 5289 1415 5346 κατά
1444 5306 1507 5359 γε
1541 5289 1733 5344 τοῦτον
1795 5290 1978 5357 αὐτὸν,

2083 5116 2146 5164 ut
2181 5108 2490 5164 Heraclitus
2537 5107 2634 5172 ait,
2665 5107 2909 5161 honores
2939 5105 3132 5170 dandi,
3165 5103 3261 5160 sed
3300 5104 3369 5158 iis
3398 5103 3670 5174 profecto,

2086 5199 2180 5270 qui
2237 5200 2458 5270 pietatis
2507 5214 2668 5255 causa
2715 5213 2910 5254 necem
2945 5197 3156 5253 alacres
3199 5186 3554 5266 exceperunt.
3602 5193 3671 5249 Hi

2088 5290 2238 5347 enim
2261 5291 2386 5358 soli,
2410 5291 2508 5358 ait,
2535 5299 2592 5347 et
2615 5305 2746 5345 vere
2769 5289 3010 5361 majores
3041 5297 3190 5356 sunt,
3220 5289 3454 5359 ideoque
3475 5284 3673 5356 majori

1705 5443 1942 5502 VARIAE
1984 5445 2391 5508 LECTIONES.

463 5604 512 5638 ⁸⁸
535 5603 801 5659 ναίουσαι.
834 5603 1051 5656 νέουσαι
1082 5602 1145 5668 Β,
1176 5602 1274 5658 Va.
1306 5601 1491 5655 ἐοῦσαι
1524 5600 1586 5666 C,
1622 5602 1725 5658 Vb.
1760 5603 1854 5672 qui
1897 5618 2062 5672 supra
2101 5602 2393 5656 εὐσεϐέων.
2471 5603 2516 5635 ⁸³
2563 5601 3272 5672 ἁείδουσ⁹-βεϐαιωκότων
3314 5599 3355 5652 Β
3397 5595 3676 5672 ἀείδούσιν

395 5676 590 5745 ὕμνοις
621 5675 724 5729 Vb.

401 5818 599 5888 νεύειν.
633 5813 978 5888 ἑρμηνεῦσαι
1001 5813 1062 5868 Β.
1139 5815 1482 5888 τί-ἀτεχνῶς.
1519 5813 1963 5888 ergoego,

402 5886 450 5920 "
485 5883 779 5956 ἀνθρωποιζ
810 5887 859 5940 οί
889 5883 1165 5956 ἄνθρωποι
1194 5886 1252 5940 Β.
1331 5886 1376 5918 ⁷⁵
1397 5885 1474 5956 τῷ
1508 5883 1645 5939 ἀλλ’.
1681 5883 1789 5937 τῶν
1815 5883 1926 5935 ἀλλ’
1953 5884 2012 5936 Β.

828 5675 874 5707 ⁸⁸
902 5673 1385 5728 ἀναϐλαστάνουσι.
1416 5673 1810 5726 ἀναϐλάστουσι
1848 5673 1909 5726 Β.
1943 5673 2076 5728 Dedi
2106 5673 2258 5727 ἐνθεν

396 5742 549 5804 Ροιι.
626 5747 669 5778 ⁸⁷
697 5743 1271 5815 τοσαύτηςχτοιαύτης
1301 5744 1362 5798 Β.
1439 5743 1486 5775 ⁸⁸
1526 5743 1748 5815 ἀνδρίαν
1861 5751 1923 5815 et
1953 5744 2046 5798 hic
2076 5759 2226 5815 mox.

2303 5689 2406 5743 pro
2459 5673 2565 5726 ἐνθ’
2595 5691 2720 5729 cum
2777 5666 3060 5743 Clemente
3100 5675 3300 5743 Strop}.
3340 5682 3512 5743 vap,
3542 5666 3673 5733 652,

2329 5745 2373 5777 ⁸³
2395 5743 2517 5798 οὐδέ
2560 5745 2806 5814 μόνιμον.
2828 5742 2940 5814 ,καὶ
2968 5741 3327 5814 μόνιμονίνιι.
3404 5739 3467 5814 _’°
3496 5739 3678 5814 ἑρμηη

2075 5814 2121 5845 ⁷³
2174 5808 2596 5885 ἐπιφερομένας.
2631 5808 2937 5885 φερομένας
2965 5813 3060 5866 Va.
3107 5808 3114 5810 ⁷
3168 5808 3422 5885 ξεί-[τρίς]
3470 5809 3673 5864 υιυοϐο.

2091 5887 2136 5916 ⁷⁸
2164 5881 2383 5938 τούτων.
2413 5881 2496 5953 τῷ
2524 5881 2726 5938 τούτων
2762 5884 2816 5938 Β.
2898 5886 2939 5914 ⁷⁷
2965 5885 3097 5937 ὅσοι.
3139 5883 3185 5935 οἳ
3225 5882 3282 5938 Β.
3326 5881 3416 5935 Va.
