  <div class='ocr_page' id='page_1' title='image "/cluster/home/n/w/nwhite01/storage/ocr_20150623/83:no.4/coo.31924054869841/519.png"; bbox 0 0 4066 6430; ppageno 0'>
   <div class='ocr_carea' id='block_1_1' title="bbox 451 418 587 485">
    <p class='ocr_par' dir='ltr' id='par_1_1' title="bbox 451 418 587 485">
     <span class='ocr_line' id='line_1_1' title="bbox 451 418 587 485; baseline 0.029 -4"><span class='ocrx_word' id='word_1_1' title='bbox 451 418 587 485; x_wconf 78' lang='grc'>1023</span> 
     </span>
    </p>
   </div>
   <div class='ocr_carea' id='block_1_2' title="bbox 1427 412 2694 485">
    <p class='ocr_par' dir='ltr' id='par_1_2' title="bbox 1427 412 2694 485">
     <span class='ocr_line' id='line_1_2' title="bbox 1427 412 2694 485; baseline -0.001 -3"><span class='ocrx_word' id='word_1_2' title='bbox 1427 417 1930 485; x_wconf 39' lang='grc' dir='ltr'>ΤΗΕΟΒΟΒΕΤΙἈ</span> <span class='ocrx_word' id='word_1_3' title='bbox 1952 412 2290 482; x_wconf 71' lang='grc' dir='ltr'>ΕΡΙὲιΟΟῘἾ</span> <span class='ocrx_word' id='word_1_4' title='bbox 2331 419 2694 482; x_wconf 78' lang='lat' dir='ltr'>CYRENSIS</span> 
     </span>
    </p>
   </div>
   <div class='ocr_carea' id='block_1_3' title="bbox 3555 413 3696 479">
    <p class='ocr_par' dir='ltr' id='par_1_3' title="bbox 3555 413 3696 479">
     <span class='ocr_line' id='line_1_3' title="bbox 3555 413 3696 479; baseline 0 -1"><span class='ocrx_word' id='word_1_5' title='bbox 3555 413 3696 479; x_wconf 63' lang='grc'>1024</span> 
     </span>
    </p>
   </div>
   <div class='ocr_carea' id='block_1_4' title="bbox 447 523 2018 604">
    <p class='ocr_par' dir='ltr' id='par_1_4' title="bbox 447 533 2018 602">
     <span class='ocr_line' id='line_1_4' title="bbox 447 533 2018 602; baseline 0.002 -15"><span class='ocrx_word' id='word_1_6' title='bbox 447 541 595 588; x_wconf 88' lang='lat' dir='ltr'><strong>sorte</strong></span> <span class='ocrx_word' id='word_1_7' title='bbox 621 533 900 602; x_wconf 88' lang='lat' dir='ltr'><strong>fruuntur,</strong></span> <span class='ocrx_word' id='word_1_8' title='bbox 927 543 982 593; x_wconf 88' lang='lat' dir='ltr'>et</span> <span class='ocrx_word' id='word_1_9' title='bbox 1010 551 1043 592; x_wconf 85' lang='lat' dir='ltr'>a</span> <span class='ocrx_word' id='word_1_10' title='bbox 1067 535 1282 591; x_wconf 86' lang='lat' dir='ltr'><strong>cunctis</strong></span> <span class='ocrx_word' id='word_1_11' title='bbox 1301 534 1620 590; x_wconf 90' lang='lat' dir='ltr'><strong>hominibus</strong></span> <span class='ocrx_word' id='word_1_12' title='bbox 1637 534 1850 590; x_wconf 85' lang='lat' dir='ltr'>honore</span> <span class='ocrx_word' id='word_1_13' title='bbox 1869 550 2018 590; x_wconf 89' lang='lat' dir='ltr'><strong>nunc</strong></span> 
     </span>
    </p>
   </div>
   <div class='ocr_carea' id='block_1_5' title="bbox 2120 523 3693 604">
    <p class='ocr_par' dir='ltr' id='par_1_5' title="bbox 2125 523 3693 604">
     <span class='ocr_line' id='line_1_5' title="bbox 2125 523 3693 604; baseline -0.003 -18"><span class='ocrx_word' id='word_1_14' title='bbox 2125 532 2275 603; x_wconf 81' lang='grc' dir='ltr'>μόνοι</span> <span class='ocrx_word' id='word_1_15' title='bbox 2319 533 2559 604; x_wconf 80' lang='grc' dir='ltr'>μείζονες</span> <span class='ocrx_word' id='word_1_16' title='bbox 2595 533 2662 586; x_wconf 82' lang='grc'>⁷⁸.</span> <span class='ocrx_word' id='word_1_17' title='bbox 2695 523 2769 584; x_wconf 77' lang='grc' dir='ltr'>Οὖ</span> <span class='ocrx_word' id='word_1_18' title='bbox 2802 527 2866 600; x_wconf 80' lang='grc' dir='ltr'>δὴ</span> <span class='ocrx_word' id='word_1_19' title='bbox 2915 527 3102 583; x_wconf 83' lang='grc' dir='ltr'>εἵνεκα</span> <span class='ocrx_word' id='word_1_20' title='bbox 3140 525 3237 580; x_wconf 75' lang='grc' dir='ltr'>καὶ</span> <span class='ocrx_word' id='word_1_21' title='bbox 3271 524 3516 597; x_wconf 80' lang='grc' dir='ltr'>μείζονος</span> <span class='ocrx_word' id='word_1_22' title='bbox 3552 527 3693 582; x_wconf 86' lang='grc' dir='ltr'>ἀπο-</span> 
     </span>
    </p>
   </div>
   <div class='ocr_carea' id='block_1_6' title="bbox 446 624 2022 697">
    <p class='ocr_par' dir='ltr' id='par_1_6' title="bbox 446 624 2022 697">
     <span class='ocr_line' id='line_1_6' title="bbox 446 624 2022 697; baseline 0.002 -19"><span class='ocrx_word' id='word_1_23' title='bbox 446 624 780 692; x_wconf 69' lang='lat' dir='ltr'><strong>afﬁciuntur,</strong></span> <span class='ocrx_word' id='word_1_24' title='bbox 814 627 1263 697; x_wconf 89' lang='lat' dir='ltr'><strong>immortalesque</strong></span> <span class='ocrx_word' id='word_1_25' title='bbox 1298 642 1528 681; x_wconf 86' lang='lat' dir='ltr'>coronas</span> <span class='ocrx_word' id='word_1_26' title='bbox 1547 634 1886 697; x_wconf 76' lang='lat' dir='ltr'>exspectant.</span> <span class='ocrx_word' id='word_1_27' title='bbox 1915 625 2022 681; x_wconf 82' lang='lat' dir='ltr'>He-</span> 
     </span>
    </p>
   </div>
   <div class='ocr_carea' id='block_1_7' title="bbox 443 717 2021 774">
    <p class='ocr_par' dir='ltr' id='par_1_7' title="bbox 443 717 2021 774">
     <span class='ocr_line' id='line_1_7' title="bbox 443 717 2021 774; baseline 0.001 -3"><span class='ocrx_word' id='word_1_28' title='bbox 443 717 622 771; x_wconf 84' lang='lat' dir='ltr'><strong>racliti</strong></span> <span class='ocrx_word' id='word_1_29' title='bbox 657 733 789 772; x_wconf 92' lang='lat' dir='ltr'><strong>vero</strong></span> <span class='ocrx_word' id='word_1_30' title='bbox 828 718 1034 773; x_wconf 89' lang='lat' dir='ltr'><strong>dictum</strong></span> <span class='ocrx_word' id='word_1_31' title='bbox 1063 718 1199 773; x_wconf 93' lang='lat' dir='ltr'><strong>illud</strong></span> <span class='ocrx_word' id='word_1_32' title='bbox 1232 717 1390 773; x_wconf 86' lang='lat' dir='ltr'>valde</span> <span class='ocrx_word' id='word_1_33' title='bbox 1425 717 1708 772; x_wconf 83' lang='lat' dir='ltr'>admiror:</span> <span class='ocrx_word' id='word_1_34' title='bbox 1752 737 1770 770; x_wconf 77' lang='grc' dir='ltr'>ι</span> <span class='ocrx_word' id='word_1_35' title='bbox 1802 717 2021 774; x_wconf 83' lang='lat' dir='ltr'><strong>Manere</strong></span> 
     </span>
    </p>
   </div>
   <div class='ocr_carea' id='block_1_8' title="bbox 447 806 2020 880">
    <p class='ocr_par' dir='ltr' id='par_1_8' title="bbox 447 806 2020 880">
     <span class='ocr_line' id='line_1_8' title="bbox 447 806 2020 880; baseline 0.004 -23"><span class='ocrx_word' id='word_1_36' title='bbox 447 806 748 862; x_wconf 86' lang='lat' dir='ltr'><strong>morientes</strong></span> <span class='ocrx_word' id='word_1_37' title='bbox 780 807 1035 863; x_wconf 88' lang='lat' dir='ltr'>homines</span> <span class='ocrx_word' id='word_1_38' title='bbox 1060 823 1124 863; x_wconf 90' lang='lat' dir='ltr'>ea</span> <span class='ocrx_word' id='word_1_39' title='bbox 1166 825 1288 880; x_wconf 77' lang='lat' dir='ltr'><strong>qua:</strong></span> <span class='ocrx_word' id='word_1_40' title='bbox 1331 824 1510 879; x_wconf 90' lang='lat' dir='ltr'><strong>neque</strong></span> <span class='ocrx_word' id='word_1_41' title='bbox 1555 817 1796 880; x_wconf 81' lang='lat' dir='ltr'>sperant,</span> <span class='ocrx_word' id='word_1_42' title='bbox 1841 823 2020 879; x_wconf 91' lang='lat' dir='ltr'><strong>neque</strong></span> 
     </span>
    </p>
   </div>
   <div class='ocr_carea' id='block_1_9' title="bbox 443 898 2022 966">
    <p class='ocr_par' dir='ltr' id='par_1_9' title="bbox 443 898 2022 966">
     <span class='ocr_line' id='line_1_9' title="bbox 443 898 2022 966; baseline 0.003 -17"><span class='ocrx_word' id='word_1_43' title='bbox 443 907 786 966; x_wconf 72' lang='lat' dir='ltr'>exspectant.</span> <span class='ocrx_word' id='word_1_44' title='bbox 827 918 845 950; x_wconf 71' lang='grc' dir='ltr'>ι</span> <span class='ocrx_word' id='word_1_45' title='bbox 885 898 1044 966; x_wconf 84' lang='lat' dir='ltr'>Quod</span> <span class='ocrx_word' id='word_1_46' title='bbox 1074 909 1261 955; x_wconf 88' lang='lat' dir='ltr'><strong>autem</strong></span> <span class='ocrx_word' id='word_1_47' title='bbox 1284 909 1604 955; x_wconf 91' lang='lat' dir='ltr'><strong>sanctorum</strong></span> <span class='ocrx_word' id='word_1_48' title='bbox 1631 900 1826 955; x_wconf 63' lang='lat' dir='ltr'><strong>animi:</strong></span> <span class='ocrx_word' id='word_1_49' title='bbox 1850 899 2022 954; x_wconf 68' lang='lat' dir='ltr'><strong>beata:</strong></span> 
     </span>
    </p>
   </div>
   <div class='ocr_carea' id='block_1_10' title="bbox 444 989 2020 1062">
    <p class='ocr_par' dir='ltr' id='par_1_10' title="bbox 444 989 2020 1062">
     <span class='ocr_line' id='line_1_10' title="bbox 444 989 2020 1062; baseline 0.004 -23"><span class='ocrx_word' id='word_1_50' title='bbox 444 989 571 1042; x_wconf 70' lang='lat' dir='ltr'><strong>vitae</strong></span> <span class='ocrx_word' id='word_1_51' title='bbox 595 998 800 1044; x_wconf 91' lang='lat' dir='ltr'><strong>statum</strong></span> <span class='ocrx_word' id='word_1_52' title='bbox 821 993 839 1010; x_wconf 91' lang='lat'>&quot;</span> <span class='ocrx_word' id='word_1_53' title='bbox 863 992 1333 1061; x_wconf 69' lang='lat' dir='ltr'><strong>iucundissimum</strong></span> <span class='ocrx_word' id='word_1_54' title='bbox 1368 993 1673 1058; x_wconf 86' lang='lat' dir='ltr'><strong>obtineant,</strong></span> <span class='ocrx_word' id='word_1_55' title='bbox 1701 993 1855 1047; x_wconf 87' lang='lat' dir='ltr'><strong>Plato</strong></span> <span class='ocrx_word' id='word_1_56' title='bbox 1879 1007 2020 1062; x_wconf 89' lang='lat' dir='ltr'><strong>quo-</strong></span> 
     </span>
    </p>
   </div>
   <div class='ocr_carea' id='block_1_11' title="bbox 443 1080 2017 1154">
    <p class='ocr_par' dir='ltr' id='par_1_11' title="bbox 443 1080 2017 1154">
     <span class='ocr_line' id='line_1_11' title="bbox 443 1080 2017 1154; baseline 0.003 -22"><span class='ocrx_word' id='word_1_57' title='bbox 443 1095 549 1148; x_wconf 90' lang='lat' dir='ltr'>que</span> <span class='ocrx_word' id='word_1_58' title='bbox 599 1080 656 1134; x_wconf 90' lang='lat' dir='ltr'>in</span> <span class='ocrx_word' id='word_1_59' title='bbox 707 1080 971 1136; x_wconf 73' lang='lat' dir='ltr'><strong>Phwdone</strong></span> <span class='ocrx_word' id='word_1_60' title='bbox 1014 1082 1275 1138; x_wconf 84' lang='lat' dir='ltr'><strong>ostendit.</strong></span> <span class='ocrx_word' id='word_1_61' title='bbox 1323 1083 1412 1138; x_wconf 84' lang='lat' dir='ltr'>Ait</span> <span class='ocrx_word' id='word_1_62' title='bbox 1445 1083 1592 1138; x_wconf 90' lang='lat' dir='ltr'><strong>enim</strong></span> <span class='ocrx_word' id='word_1_63' title='bbox 1641 1083 1718 1154; x_wconf 90' lang='lat' dir='ltr'><strong>(p.</strong></span> <span class='ocrx_word' id='word_1_64' title='bbox 1752 1083 1854 1137; x_wconf 68' lang='grc'>114</span> <span class='ocrx_word' id='word_1_65' title='bbox 1892 1083 1954 1148; x_wconf 89' lang='grc' dir='ltr'>Β)</span> <span class='ocrx_word' id='word_1_66' title='bbox 2004 1100 2017 1137; x_wconf 93' lang='lat'>:</span> 
     </span>
    </p>
   </div>
   <div class='ocr_carea' id='block_1_12' title="bbox 452 1171 2020 1244">
    <p class='ocr_par' dir='ltr' id='par_1_12' title="bbox 452 1171 2020 1244">
     <span class='ocr_line' id='line_1_12' title="bbox 452 1171 2020 1244; baseline 0.006 -23"><span class='ocrx_word' id='word_1_67' title='bbox 452 1191 469 1222; x_wconf 73' lang='grc' dir='ltr'>ι</span> <span class='ocrx_word' id='word_1_68' title='bbox 502 1171 605 1237; x_wconf 87' lang='lat' dir='ltr'>Qui</span> <span class='ocrx_word' id='word_1_69' title='bbox 641 1181 826 1228; x_wconf 90' lang='lat' dir='ltr'><strong>autem</strong></span> <span class='ocrx_word' id='word_1_70' title='bbox 855 1173 957 1228; x_wconf 87' lang='lat' dir='ltr'><strong>visi</strong></span> <span class='ocrx_word' id='word_1_71' title='bbox 989 1173 1195 1229; x_wconf 81' lang='lat' dir='ltr'><strong>fuerint</strong></span> <span class='ocrx_word' id='word_1_72' title='bbox 1217 1175 1344 1230; x_wconf 63' lang='lat' dir='ltr'><strong>vitae</strong></span> <span class='ocrx_word' id='word_1_73' title='bbox 1367 1174 1654 1231; x_wconf 83' lang='lat' dir='ltr'><strong>sanctitate</strong></span> <span class='ocrx_word' id='word_1_74' title='bbox 1674 1191 1786 1244; x_wconf 73' lang='lat' dir='ltr'><strong>pra:</strong></span> <span class='ocrx_word' id='word_1_75' title='bbox 1807 1173 2020 1230; x_wconf 67' lang='lat' dir='ltr'><strong>caeteris</strong></span> 
     </span>
    </p>
   </div>
   <div class='ocr_carea' id='block_1_13' title="bbox 443 1263 2021 1336">
    <p class='ocr_par' dir='ltr' id='par_1_13' title="bbox 443 1263 2021 1336">
     <span class='ocr_line' id='line_1_13' title="bbox 443 1263 2021 1336; baseline 0.003 -20"><span class='ocrx_word' id='word_1_76' title='bbox 443 1263 648 1332; x_wconf 77' lang='lat' dir='ltr'><strong>egregii</strong></span> <span class='ocrx_word' id='word_1_77' title='bbox 675 1263 867 1329; x_wconf 89' lang='lat' dir='ltr'><strong>fuisse,</strong></span> <span class='ocrx_word' id='word_1_78' title='bbox 899 1265 957 1319; x_wconf 79' lang='lat' dir='ltr'>lii</span> <span class='ocrx_word' id='word_1_79' title='bbox 984 1275 1110 1320; x_wconf 90' lang='lat' dir='ltr'><strong>sunt</strong></span> <span class='ocrx_word' id='word_1_80' title='bbox 1131 1267 1224 1336; x_wconf 88' lang='lat' dir='ltr'><strong>qui</strong></span> <span class='ocrx_word' id='word_1_81' title='bbox 1252 1267 1485 1322; x_wconf 90' lang='lat' dir='ltr'><strong>terrenis</strong></span> <span class='ocrx_word' id='word_1_82' title='bbox 1507 1267 1663 1321; x_wconf 91' lang='lat' dir='ltr'><strong>malis</strong></span> <span class='ocrx_word' id='word_1_83' title='bbox 1688 1266 1855 1320; x_wconf 87' lang='lat' dir='ltr'><strong>veluti</strong></span> <span class='ocrx_word' id='word_1_84' title='bbox 1885 1281 2021 1336; x_wconf 91' lang='lat' dir='ltr'><strong>quo-</strong></span> 
     </span>
    </p>
   </div>
   <div class='ocr_carea' id='block_1_14' title="bbox 443 1355 2018 1428">
    <p class='ocr_par' dir='ltr' id='par_1_14' title="bbox 443 1355 2018 1428">
     <span class='ocr_line' id='line_1_14' title="bbox 443 1355 2018 1428; baseline 0.002 -21"><span class='ocrx_word' id='word_1_85' title='bbox 443 1355 570 1408; x_wconf 87' lang='lat' dir='ltr'><strong>dam</strong></span> <span class='ocrx_word' id='word_1_86' title='bbox 617 1371 838 1412; x_wconf 87' lang='lat' dir='ltr'><strong>carcere</strong></span> <span class='ocrx_word' id='word_1_87' title='bbox 880 1359 1208 1424; x_wconf 87' lang='lat' dir='ltr'><strong>liberantur,</strong></span> <span class='ocrx_word' id='word_1_88' title='bbox 1243 1359 1309 1413; x_wconf 89' lang='lat' dir='ltr'>ad</span> <span class='ocrx_word' id='word_1_89' title='bbox 1351 1373 1645 1428; x_wconf 86' lang='lat' dir='ltr'><strong>supernam</strong></span> <span class='ocrx_word' id='word_1_90' title='bbox 1672 1373 1804 1414; x_wconf 91' lang='lat' dir='ltr'><strong>vero</strong></span> <span class='ocrx_word' id='word_1_91' title='bbox 1822 1371 2018 1427; x_wconf 90' lang='lat' dir='ltr'><strong>puram</strong></span> 
     </span>
    </p>
   </div>
   <div class='ocr_carea' id='block_1_15' title="bbox 444 1446 2021 1519">
    <p class='ocr_par' dir='ltr' id='par_1_15' title="bbox 444 1446 2021 1519">
     <span class='ocr_line' id='line_1_15' title="bbox 444 1446 2021 1519; baseline 0.004 -21"><span class='ocrx_word' id='word_1_92' title='bbox 444 1446 592 1508; x_wconf 80' lang='lat' dir='ltr'><strong>illam</strong></span> <span class='ocrx_word' id='word_1_93' title='bbox 637 1447 1033 1504; x_wconf 82' lang='lat' dir='ltr'><strong>habitationem</strong></span> <span class='ocrx_word' id='word_1_94' title='bbox 1091 1450 1439 1518; x_wconf 87' lang='lat' dir='ltr'><strong>perveniunt.</strong></span> <span class='ocrx_word' id='word_1_95' title='bbox 1472 1467 1492 1500; x_wconf 72' lang='grc' dir='ltr'>ι</span> <span class='ocrx_word' id='word_1_96' title='bbox 1546 1450 1715 1504; x_wconf 88' lang='lat' dir='ltr'><strong>Paulo</strong></span> <span class='ocrx_word' id='word_1_97' title='bbox 1758 1457 1881 1519; x_wconf 89' lang='lat' dir='ltr'><strong>post</strong></span> <span class='ocrx_word' id='word_1_98' title='bbox 1905 1449 2021 1504; x_wconf 70' lang='lat' dir='ltr'>hmo</span> 
     </span>
    </p>
   </div>
   <div class='ocr_carea' id='block_1_16' title="bbox 442 1539 2018 1610">
    <p class='ocr_par' dir='ltr' id='par_1_16' title="bbox 442 1539 2018 1610">
     <span class='ocr_line' id='line_1_16' title="bbox 442 1539 2018 1610; baseline 0.001 -18"><span class='ocrx_word' id='word_1_99' title='bbox 442 1539 650 1594; x_wconf 88' lang='lat' dir='ltr'><strong>addit:</strong></span> <span class='ocrx_word' id='word_1_100' title='bbox 699 1559 717 1591; x_wconf 86' lang='grc'><strong><em>‹</em></strong></span> <span class='ocrx_word' id='word_1_101' title='bbox 755 1541 837 1595; x_wconf 86' lang='lat' dir='ltr'><strong>Ad</strong></span> <span class='ocrx_word' id='word_1_102' title='bbox 888 1541 1201 1597; x_wconf 85' lang='lat' dir='ltr'><strong>habitacula</strong></span> <span class='ocrx_word' id='word_1_103' title='bbox 1253 1545 1384 1596; x_wconf 85' lang='lat' dir='ltr'><strong>vero</strong></span> <span class='ocrx_word' id='word_1_104' title='bbox 1435 1541 1610 1597; x_wconf 87' lang='lat' dir='ltr'><strong>multo</strong></span> <span class='ocrx_word' id='word_1_105' title='bbox 1662 1541 1750 1595; x_wconf 84' lang='lat' dir='ltr'><strong>liis</strong></span> <span class='ocrx_word' id='word_1_106' title='bbox 1800 1555 2018 1610; x_wconf 91' lang='lat' dir='ltr'><strong>quoque</strong></span> 
     </span>
    </p>
   </div>
   <div class='ocr_carea' id='block_1_17' title="bbox 442 1632 2019 1704">
    <p class='ocr_par' dir='ltr' id='par_1_17' title="bbox 442 1632 2019 1704">
     <span class='ocr_line' id='line_1_17' title="bbox 442 1632 2019 1704; baseline 0.001 -18"><span class='ocrx_word' id='word_1_107' title='bbox 442 1632 758 1702; x_wconf 87' lang='lat' dir='ltr'><strong>pulchriora</strong></span> <span class='ocrx_word' id='word_1_108' title='bbox 812 1635 1140 1702; x_wconf 89' lang='lat' dir='ltr'><strong>perveniunt</strong></span> <span class='ocrx_word' id='word_1_109' title='bbox 1178 1651 1192 1687; x_wconf 92' lang='lat'>:</span> <span class='ocrx_word' id='word_1_110' title='bbox 1251 1649 1373 1704; x_wconf 71' lang='lat' dir='ltr'><strong>qua:</strong></span> <span class='ocrx_word' id='word_1_111' title='bbox 1402 1648 1582 1703; x_wconf 84' lang='lat' dir='ltr'><strong>neque</strong></span> <span class='ocrx_word' id='word_1_112' title='bbox 1618 1632 1776 1687; x_wconf 82' lang='lat' dir='ltr'><strong>facile</strong></span> <span class='ocrx_word' id='word_1_113' title='bbox 1803 1632 2019 1688; x_wconf 91' lang='lat' dir='ltr'><strong>ostendi</strong></span> 
     </span>
    </p>
   </div>
   <div class='ocr_carea' id='block_1_18' title="bbox 440 1724 2020 1794">
    <p class='ocr_par' dir='ltr' id='par_1_18' title="bbox 440 1724 2020 1794">
     <span class='ocr_line' id='line_1_18' title="bbox 440 1724 2020 1794; baseline 0.001 -18"><span class='ocrx_word' id='word_1_114' title='bbox 440 1730 692 1792; x_wconf 84' lang='lat' dir='ltr'><strong>possunt,</strong></span> <span class='ocrx_word' id='word_1_115' title='bbox 753 1740 933 1794; x_wconf 89' lang='lat' dir='ltr'><strong>neque</strong></span> <span class='ocrx_word' id='word_1_116' title='bbox 980 1725 1047 1779; x_wconf 88' lang='lat' dir='ltr'>ad</span> <span class='ocrx_word' id='word_1_117' title='bbox 1099 1725 1216 1780; x_wconf 68' lang='lat' dir='ltr'><strong>haec</strong></span> <span class='ocrx_word' id='word_1_118' title='bbox 1265 1724 1586 1794; x_wconf 90' lang='lat' dir='ltr'><strong>explicanda</strong></span> <span class='ocrx_word' id='word_1_119' title='bbox 1616 1739 1765 1778; x_wconf 90' lang='lat' dir='ltr'><strong>nunc</strong></span> <span class='ocrx_word' id='word_1_120' title='bbox 1804 1732 2020 1793; x_wconf 84' lang='lat' dir='ltr'><strong>tempus</strong></span> 
     </span>
    </p>
   </div>
   <div class='ocr_carea' id='block_1_19' title="bbox 441 1812 2017 1884">
    <p class='ocr_par' dir='ltr' id='par_1_19' title="bbox 441 1812 2017 1884">
     <span class='ocr_line' id='line_1_19' title="bbox 441 1812 2017 1884; baseline 0.001 -18"><span class='ocrx_word' id='word_1_121' title='bbox 441 1812 623 1867; x_wconf 84' lang='lat' dir='ltr'><strong>datur.</strong></span> <span class='ocrx_word' id='word_1_122' title='bbox 656 1833 675 1864; x_wconf 72' lang='grc' dir='ltr'>ι</span> <span class='ocrx_word' id='word_1_123' title='bbox 724 1813 804 1869; x_wconf 87' lang='lat' dir='ltr'>Ne</span> <span class='ocrx_word' id='word_1_124' title='bbox 847 1815 972 1884; x_wconf 88' lang='lat' dir='ltr'><strong>quis</strong></span> <span class='ocrx_word' id='word_1_125' title='bbox 997 1831 1126 1870; x_wconf 89' lang='lat' dir='ltr'><strong>vero</strong></span> <span class='ocrx_word' id='word_1_126' title='bbox 1153 1815 1270 1870; x_wconf 79' lang='lat' dir='ltr'><strong>haec</strong></span> <span class='ocrx_word' id='word_1_127' title='bbox 1290 1814 1540 1880; x_wconf 89' lang='lat' dir='ltr'><strong>audiens,</strong></span> <span class='ocrx_word' id='word_1_128' title='bbox 1573 1814 1848 1869; x_wconf 89' lang='lat' dir='ltr'><strong>desiderio</strong></span> <span class='ocrx_word' id='word_1_129' title='bbox 1870 1813 2017 1868; x_wconf 91' lang='lat' dir='ltr'><strong>illius</strong></span> 
     </span>
    </p>
   </div>
   <div class='ocr_carea' id='block_1_20' title="bbox 439 1903 2016 1977">
    <p class='ocr_par' dir='ltr' id='par_1_20' title="bbox 439 1903 2016 1977">
     <span class='ocr_line' id='line_1_20' title="bbox 439 1903 2016 1977; baseline 0.002 -21"><span class='ocrx_word' id='word_1_130' title='bbox 439 1904 640 1958; x_wconf 75' lang='lat' dir='ltr'><strong>divina:</strong></span> <span class='ocrx_word' id='word_1_131' title='bbox 682 1904 810 1959; x_wconf 68' lang='lat' dir='ltr'><strong>vita:</strong></span> <span class='ocrx_word' id='word_1_132' title='bbox 855 1903 1021 1977; x_wconf 68' lang='grc'>914</span> <span class='ocrx_word' id='word_1_133' title='bbox 1061 1920 1346 1970; x_wconf 86' lang='lat' dir='ltr'><strong>accensus,</strong></span> <span class='ocrx_word' id='word_1_134' title='bbox 1389 1920 1607 1974; x_wconf 80' lang='lat' dir='ltr'><strong>aequum</strong></span> <span class='ocrx_word' id='word_1_135' title='bbox 1658 1913 2016 1974; x_wconf 87' lang='lat' dir='ltr'><strong>sanctumque</strong></span> 
     </span>
    </p>
   </div>
   <div class='ocr_carea' id='block_1_21' title="bbox 438 1995 2019 2060">
    <p class='ocr_par' dir='ltr' id='par_1_21' title="bbox 438 1995 2019 2060">
     <span class='ocr_line' id='line_1_21' title="bbox 438 1995 2019 2060; baseline 0.001 -12"><span class='ocrx_word' id='word_1_136' title='bbox 438 1995 799 2059; x_wconf 82' lang='lat' dir='ltr'><strong>existimaret,</strong></span> <span class='ocrx_word' id='word_1_137' title='bbox 853 1995 1126 2051; x_wconf 86' lang='lat' dir='ltr'><strong>violentas</strong></span> <span class='ocrx_word' id='word_1_138' title='bbox 1167 1997 1288 2051; x_wconf 70' lang='lat' dir='ltr'><strong>sibi</strong></span> <span class='ocrx_word' id='word_1_139' title='bbox 1341 2011 1538 2050; x_wconf 87' lang='lat' dir='ltr'><strong>manus</strong></span> <span class='ocrx_word' id='word_1_140' title='bbox 1595 1995 1904 2060; x_wconf 87' lang='lat' dir='ltr'><strong>inferendo,</strong></span> <span class='ocrx_word' id='word_1_141' title='bbox 1959 2011 2019 2050; x_wconf 86' lang='lat' dir='ltr'>se</span> 
     </span>
    </p>
   </div>
   <div class='ocr_carea' id='block_1_22' title="bbox 439 2084 2021 2155">
    <p class='ocr_par' dir='ltr' id='par_1_22' title="bbox 439 2084 2021 2155">
     <span class='ocr_line' id='line_1_22' title="bbox 439 2084 2021 2155; baseline -0.001 -17"><span class='ocrx_word' id='word_1_142' title='bbox 439 2085 618 2155; x_wconf 86' lang='lat' dir='ltr'><strong>ipsum</strong></span> <span class='ocrx_word' id='word_1_143' title='bbox 664 2085 732 2140; x_wconf 91' lang='lat' dir='ltr'>de</span> <span class='ocrx_word' id='word_1_144' title='bbox 767 2085 872 2140; x_wconf 89' lang='lat' dir='ltr'>hac</span> <span class='ocrx_word' id='word_1_145' title='bbox 892 2087 1005 2140; x_wconf 84' lang='lat' dir='ltr'><strong>vita</strong></span> <span class='ocrx_word' id='word_1_146' title='bbox 1028 2086 1341 2151; x_wconf 79' lang='lat' dir='ltr'><strong>extrudere,</strong></span> <span class='ocrx_word' id='word_1_147' title='bbox 1375 2087 1770 2140; x_wconf 83' lang='lat' dir='ltr'><strong>convenienter</strong></span> <span class='ocrx_word' id='word_1_148' title='bbox 1809 2084 2021 2139; x_wconf 89' lang='lat' dir='ltr'><strong>addidit</strong></span> 
     </span>
    </p>
   </div>
   <div class='ocr_carea' id='block_1_23' title="bbox 441 2177 2020 2249">
    <p class='ocr_par' dir='ltr' id='par_1_23' title="bbox 441 2177 2020 2249">
     <span class='ocr_line' id='line_1_23' title="bbox 441 2177 2020 2249; baseline 0 -19"><span class='ocrx_word' id='word_1_149' title='bbox 441 2179 520 2248; x_wconf 87' lang='lat' dir='ltr'><strong>(p.</strong></span> <span class='ocrx_word' id='word_1_150' title='bbox 557 2178 626 2232; x_wconf 76' lang='grc'><strong>62</strong></span> <span class='ocrx_word' id='word_1_151' title='bbox 642 2177 737 2249; x_wconf 82' lang='grc' dir='ltr'>Β);</span> <span class='ocrx_word' id='word_1_152' title='bbox 773 2197 792 2230; x_wconf 73' lang='grc' dir='ltr'>ι</span> <span class='ocrx_word' id='word_1_153' title='bbox 821 2177 982 2234; x_wconf 83' lang='lat' dir='ltr'><strong>Nefas</strong></span> <span class='ocrx_word' id='word_1_154' title='bbox 1001 2187 1085 2234; x_wconf 87' lang='lat' dir='ltr'>est</span> <span class='ocrx_word' id='word_1_155' title='bbox 1112 2188 1296 2234; x_wconf 85' lang='lat' dir='ltr'><strong>autem</strong></span> <span class='ocrx_word' id='word_1_156' title='bbox 1327 2193 1444 2234; x_wconf 85' lang='lat' dir='ltr'><strong>sese</strong></span> <span class='ocrx_word' id='word_1_157' title='bbox 1473 2192 1802 2248; x_wconf 88' lang='lat' dir='ltr'><strong>quemquam</strong></span> <span class='ocrx_word' id='word_1_158' title='bbox 1819 2177 1888 2232; x_wconf 87' lang='lat' dir='ltr'>de</span> <span class='ocrx_word' id='word_1_159' title='bbox 1915 2177 2020 2230; x_wconf 88' lang='lat' dir='ltr'>hoc</span> 
     </span>
    </p>
   </div>
   <div class='ocr_carea' id='block_1_24' title="bbox 440 2267 2016 2340">
    <p class='ocr_par' dir='ltr' id='par_1_24' title="bbox 440 2267 2016 2340">
     <span class='ocr_line' id='line_1_24' title="bbox 440 2267 2016 2340; baseline -0.001 -18"><span class='ocrx_word' id='word_1_160' title='bbox 440 2267 653 2323; x_wconf 83' lang='lat' dir='ltr'><strong>solvere</strong></span> <span class='ocrx_word' id='word_1_161' title='bbox 689 2267 1021 2335; x_wconf 79' lang='lat' dir='ltr'><strong>habitacula,</strong></span> <span class='ocrx_word' id='word_1_162' title='bbox 1054 2269 1346 2340; x_wconf 81' lang='lat' dir='ltr'><strong>fugamque</strong></span> <span class='ocrx_word' id='word_1_163' title='bbox 1375 2269 1506 2323; x_wconf 89' lang='lat' dir='ltr'><strong>hinc</strong></span> <span class='ocrx_word' id='word_1_164' title='bbox 1534 2268 1800 2338; x_wconf 85' lang='lat' dir='ltr'><strong>arripere,</strong></span> <span class='ocrx_word' id='word_1_165' title='bbox 1833 2275 2016 2337; x_wconf 89' lang='lat' dir='ltr'><strong>atque,</strong></span> 
     </span>
    </p>
   </div>
   <div class='ocr_carea' id='block_1_25' title="bbox 439 2361 2012 2431">
    <p class='ocr_par' dir='ltr' id='par_1_25' title="bbox 439 2361 2012 2431">
     <span class='ocr_line' id='line_1_25' title="bbox 439 2361 2012 2431; baseline 0 -18"><span class='ocrx_word' id='word_1_166' title='bbox 439 2367 505 2414; x_wconf 87' lang='lat' dir='ltr'>ut</span> <span class='ocrx_word' id='word_1_167' title='bbox 542 2361 735 2431; x_wconf 89' lang='lat' dir='ltr'><strong>paucis</strong></span> <span class='ocrx_word' id='word_1_168' title='bbox 757 2361 959 2424; x_wconf 84' lang='lat' dir='ltr'><strong>dicam,</strong></span> <span class='ocrx_word' id='word_1_169' title='bbox 989 2362 1186 2416; x_wconf 89' lang='lat' dir='ltr'><strong>malam</strong></span> <span class='ocrx_word' id='word_1_170' title='bbox 1212 2375 1332 2416; x_wconf 91' lang='lat' dir='ltr'><strong>esse</strong></span> <span class='ocrx_word' id='word_1_171' title='bbox 1351 2361 1636 2415; x_wconf 86' lang='lat' dir='ltr'><strong>materiam</strong></span> <span class='ocrx_word' id='word_1_172' title='bbox 1685 2361 1961 2415; x_wconf 88' lang='lat' dir='ltr'><strong>arbitrari.</strong></span> <span class='ocrx_word' id='word_1_173' title='bbox 1995 2380 2012 2412; x_wconf 72' lang='grc' dir='ltr'>ι</span> 
     </span>
    </p>
   </div>
   <div class='ocr_carea' id='block_1_26' title="bbox 439 2438 2020 2522">
    <p class='ocr_par' dir='ltr' id='par_1_26' title="bbox 439 2438 2020 2522">
     <span class='ocr_line' id='line_1_26' title="bbox 439 2438 2020 2522; baseline 0.001 -17"><span class='ocrx_word' id='word_1_174' title='bbox 439 2450 532 2505; x_wconf 78' lang='lat' dir='ltr'>Ait</span> <span class='ocrx_word' id='word_1_175' title='bbox 562 2468 692 2506; x_wconf 90' lang='lat' dir='ltr'><strong>vero</strong></span> <span class='ocrx_word' id='word_1_176' title='bbox 715 2468 876 2522; x_wconf 83' lang='lat' dir='ltr'><strong>posse</strong></span> <span class='ocrx_word' id='word_1_177' title='bbox 903 2453 1166 2519; x_wconf 84' lang='lat' dir='ltr'><strong>animam,</strong></span> <span class='ocrx_word' id='word_1_178' title='bbox 1194 2467 1320 2506; x_wconf 84' lang='lat' dir='ltr'>cum</span> <span class='ocrx_word' id='word_1_179' title='bbox 1344 2452 1413 2506; x_wconf 91' lang='lat' dir='ltr'>ad</span> <span class='ocrx_word' id='word_1_180' title='bbox 1441 2453 1674 2522; x_wconf 89' lang='lat' dir='ltr'><strong>seipsam</strong></span> <span class='ocrx_word' id='word_1_181' title='bbox 1703 2438 1763 2507; x_wconf 88' lang='lat' dir='ltr'>se</span> <span class='ocrx_word' id='word_1_182' title='bbox 1794 2466 2020 2522; x_wconf 88' lang='lat' dir='ltr'><strong>recepe-</strong></span> 
     </span>
    </p>
   </div>
   <div class='ocr_carea' id='block_1_27' title="bbox 439 2544 2021 2615">
    <p class='ocr_par' dir='ltr' id='par_1_27' title="bbox 439 2544 2021 2615">
     <span class='ocr_line' id='line_1_27' title="bbox 439 2544 2021 2615; baseline 0 -17"><span class='ocrx_word' id='word_1_183' title='bbox 439 2544 534 2609; x_wconf 89' lang='lat' dir='ltr'><strong>rit,</strong></span> <span class='ocrx_word' id='word_1_184' title='bbox 581 2559 771 2599; x_wconf 87' lang='lat' dir='ltr'><strong>veram</strong></span> <span class='ocrx_word' id='word_1_185' title='bbox 821 2545 1084 2614; x_wconf 89' lang='lat' dir='ltr'><strong>consequi</strong></span> <span class='ocrx_word' id='word_1_186' title='bbox 1134 2545 1484 2615; x_wconf 87' lang='lat' dir='ltr'><strong>sapientiam,</strong></span> <span class='ocrx_word' id='word_1_187' title='bbox 1511 2545 1884 2615; x_wconf 87' lang='lat' dir='ltr'><strong>majoremque</strong></span> <span class='ocrx_word' id='word_1_188' title='bbox 1919 2545 2021 2598; x_wconf 90' lang='lat' dir='ltr'><strong>hu-</strong></span> 
     </span>
    </p>
   </div>
   <div class='ocr_carea' id='block_1_28' title="bbox 439 2633 2018 2706">
    <p class='ocr_par' dir='ltr' id='par_1_28' title="bbox 439 2633 2018 2706">
     <span class='ocr_line' id='line_1_28' title="bbox 439 2633 2018 2706; baseline 0.001 -18"><span class='ocrx_word' id='word_1_189' title='bbox 439 2650 600 2689; x_wconf 87' lang='lat' dir='ltr'><strong>mana</strong></span> <span class='ocrx_word' id='word_1_190' title='bbox 635 2635 748 2689; x_wconf 89' lang='lat' dir='ltr'>vim</span> <span class='ocrx_word' id='word_1_191' title='bbox 780 2644 836 2691; x_wconf 90' lang='lat' dir='ltr'>et</span> <span class='ocrx_word' id='word_1_192' title='bbox 873 2633 1212 2701; x_wconf 76' lang='lat' dir='ltr'><strong>facultatem,</strong></span> <span class='ocrx_word' id='word_1_193' title='bbox 1245 2635 1467 2706; x_wconf 85' lang='lat' dir='ltr'><strong>quando</strong></span> <span class='ocrx_word' id='word_1_194' title='bbox 1514 2651 1668 2690; x_wconf 89' lang='lat' dir='ltr'><strong>amor</strong></span> <span class='ocrx_word' id='word_1_195' title='bbox 1717 2635 1847 2690; x_wconf 86' lang='lat' dir='ltr'><strong>hinc</strong></span> <span class='ocrx_word' id='word_1_196' title='bbox 1896 2650 2018 2690; x_wconf 89' lang='lat' dir='ltr'>eam</span> 
     </span>
    </p>
   </div>
   <div class='ocr_carea' id='block_1_29' title="bbox 439 2724 2022 2796">
    <p class='ocr_par' dir='ltr' id='par_1_29' title="bbox 439 2724 2022 2796">
     <span class='ocr_line' id='line_1_29' title="bbox 439 2724 2022 2796; baseline 0 -17"><span class='ocrx_word' id='word_1_197' title='bbox 439 2724 732 2780; x_wconf 82' lang='lat' dir='ltr'><strong>subvolare</strong></span> <span class='ocrx_word' id='word_1_198' title='bbox 765 2725 978 2790; x_wconf 80' lang='lat' dir='ltr'><strong>fecerit,</strong></span> <span class='ocrx_word' id='word_1_199' title='bbox 1010 2741 1111 2796; x_wconf 88' lang='lat' dir='ltr'>per</span> <span class='ocrx_word' id='word_1_200' title='bbox 1149 2726 1588 2796; x_wconf 82' lang='lat' dir='ltr'><strong>philosophicam</strong></span> <span class='ocrx_word' id='word_1_201' title='bbox 1616 2726 1786 2780; x_wconf 89' lang='lat' dir='ltr'><strong>vitam</strong></span> <span class='ocrx_word' id='word_1_202' title='bbox 1810 2727 1877 2780; x_wconf 84' lang='lat' dir='ltr'>ad</span> <span class='ocrx_word' id='word_1_203' title='bbox 1910 2735 2022 2781; x_wconf 87' lang='lat' dir='ltr'><strong>ter—</strong></span> 
     </span>
    </p>
   </div>
   <div class='ocr_carea' id='block_1_30' title="bbox 437 2816 2018 2888">
    <p class='ocr_par' dir='ltr' id='par_1_30' title="bbox 437 2816 2018 2888">
     <span class='ocr_line' id='line_1_30' title="bbox 437 2816 2018 2888; baseline 0.001 -18"><span class='ocrx_word' id='word_1_204' title='bbox 437 2816 652 2872; x_wconf 90' lang='lat' dir='ltr'><strong>minum</strong></span> <span class='ocrx_word' id='word_1_205' title='bbox 671 2832 784 2874; x_wconf 78' lang='lat' dir='ltr'><strong>sua:</strong></span> <span class='ocrx_word' id='word_1_206' title='bbox 802 2816 921 2886; x_wconf 86' lang='lat' dir='ltr'><strong>spei</strong></span> <span class='ocrx_word' id='word_1_207' title='bbox 944 2817 1269 2888; x_wconf 85' lang='lat' dir='ltr'><strong>profectam,</strong></span> <span class='ocrx_word' id='word_1_208' title='bbox 1296 2818 1390 2872; x_wconf 89' lang='lat' dir='ltr'>ubi</span> <span class='ocrx_word' id='word_1_209' title='bbox 1416 2817 1644 2872; x_wconf 85' lang='lat' dir='ltr'><strong>alterius</strong></span> <span class='ocrx_word' id='word_1_210' title='bbox 1666 2817 1794 2873; x_wconf 62' lang='lat' dir='ltr'><strong>vita</strong></span> <span class='ocrx_word' id='word_1_211' title='bbox 1815 2817 2018 2888; x_wconf 87' lang='lat' dir='ltr'><strong>sempi-</strong></span> 
     </span>
    </p>
   </div>
   <div class='ocr_carea' id='block_1_31' title="bbox 438 2904 2019 2977">
    <p class='ocr_par' dir='ltr' id='par_1_31' title="bbox 438 2904 2019 2977">
     <span class='ocr_line' id='line_1_31' title="bbox 438 2904 2019 2977; baseline 0.001 -17"><span class='ocrx_word' id='word_1_212' title='bbox 438 2914 610 2960; x_wconf 74' lang='lat' dir='ltr'><strong>ternae</strong></span> <span class='ocrx_word' id='word_1_213' title='bbox 639 2904 975 2975; x_wconf 87' lang='lat' dir='ltr'><strong>principium</strong></span> <span class='ocrx_word' id='word_1_214' title='bbox 1007 2906 1209 2976; x_wconf 85' lang='lat' dir='ltr'><strong>capiat.</strong></span> <span class='ocrx_word' id='word_1_215' title='bbox 1245 2906 1568 2977; x_wconf 86' lang='lat' dir='ltr'><strong>Rursusque</strong></span> <span class='ocrx_word' id='word_1_216' title='bbox 1599 2907 1657 2962; x_wconf 92' lang='lat' dir='ltr'>in</span> <span class='ocrx_word' id='word_1_217' title='bbox 1679 2908 1875 2964; x_wconf 89' lang='lat' dir='ltr'><strong>eodem</strong></span> <span class='ocrx_word' id='word_1_218' title='bbox 1901 2907 2019 2962; x_wconf 86' lang='lat' dir='ltr'><strong>dia-</strong></span> 
     </span>
    </p>
   </div>
   <div class='ocr_carea' id='block_1_32' title="bbox 436 2995 2021 3070">
    <p class='ocr_par' dir='ltr' id='par_1_32' title="bbox 436 2995 2021 3070">
     <span class='ocr_line' id='line_1_32' title="bbox 436 2995 2021 3070; baseline 0.001 -18"><span class='ocrx_word' id='word_1_219' title='bbox 436 2998 564 3068; x_wconf 77' lang='lat' dir='ltr'><strong>logo</strong></span> <span class='ocrx_word' id='word_1_220' title='bbox 585 2997 723 3052; x_wconf 88' lang='lat' dir='ltr'><strong>dicit</strong></span> <span class='ocrx_word' id='word_1_221' title='bbox 747 2995 847 3067; x_wconf 75' lang='grc' dir='ltr'>(Ι),</span> <span class='ocrx_word' id='word_1_222' title='bbox 890 3016 908 3048; x_wconf 80' lang='grc' dir='ltr'>ι</span> <span class='ocrx_word' id='word_1_223' title='bbox 934 2995 1152 3068; x_wconf 89' lang='lat' dir='ltr'><strong>Optima</strong></span> <span class='ocrx_word' id='word_1_224' title='bbox 1179 2998 1402 3068; x_wconf 91' lang='lat' dir='ltr'><strong>quidem</strong></span> <span class='ocrx_word' id='word_1_225' title='bbox 1429 3014 1555 3054; x_wconf 91' lang='lat' dir='ltr'>cum</span> <span class='ocrx_word' id='word_1_226' title='bbox 1578 3015 1674 3070; x_wconf 89' lang='lat' dir='ltr'>spe</span> <span class='ocrx_word' id='word_1_227' title='bbox 1698 3000 1870 3055; x_wconf 87' lang='lat' dir='ltr'><strong>bonas</strong></span> <span class='ocrx_word' id='word_1_228' title='bbox 1891 2999 2021 3054; x_wconf 87' lang='lat' dir='ltr'><strong>hinc</strong></span> 
     </span>
    </p>
   </div>
   <div class='ocr_carea' id='block_1_33' title="bbox 436 3078 2016 3161">
    <p class='ocr_par' dir='ltr' id='par_1_33' title="bbox 436 3078 2016 3161">
     <span class='ocr_line' id='line_1_33' title="bbox 436 3078 2016 3161; baseline -0.001 -15"><span class='ocrx_word' id='word_1_229' title='bbox 436 3078 650 3146; x_wconf 71' lang='lat' dir='ltr'><strong>animas</strong></span> <span class='ocrx_word' id='word_1_230' title='bbox 676 3089 949 3161; x_wconf 80' lang='lat' dir='ltr'><strong>proficisci</strong></span> <span class='ocrx_word' id='word_1_231' title='bbox 979 3107 991 3142; x_wconf 92' lang='lat'>:</span> <span class='ocrx_word' id='word_1_232' title='bbox 1019 3098 1074 3143; x_wconf 87' lang='lat' dir='ltr'>at</span> <span class='ocrx_word' id='word_1_233' title='bbox 1097 3089 1193 3159; x_wconf 89' lang='lat' dir='ltr'>qui</span> <span class='ocrx_word' id='word_1_234' title='bbox 1215 3089 1344 3144; x_wconf 88' lang='lat' dir='ltr'><strong>mali</strong></span> <span class='ocrx_word' id='word_1_235' title='bbox 1368 3098 1515 3156; x_wconf 82' lang='lat' dir='ltr'><strong>sunt,</strong></span> <span class='ocrx_word' id='word_1_236' title='bbox 1537 3090 1796 3160; x_wconf 83' lang='lat' dir='ltr'><strong>pessima,</strong></span> <span class='ocrx_word' id='word_1_237' title='bbox 1819 3091 2016 3160; x_wconf 88' lang='lat' dir='ltr'><strong>inquit,</strong></span> 
     </span>
    </p>
   </div>
   <div class='ocr_carea' id='block_1_34' title="bbox 2119 616 3695 695">
    <p class='ocr_par' dir='ltr' id='par_1_34' title="bbox 2119 616 3695 695">
     <span class='ocr_line' id='line_1_34' title="bbox 2119 616 3695 695; baseline -0.003 -18"><span class='ocrx_word' id='word_1_238' title='bbox 2119 623 2341 678; x_wconf 83' lang='grc' dir='ltr'>λαύουσι</span> <span class='ocrx_word' id='word_1_239' title='bbox 2375 624 2590 695; x_wconf 80' lang='grc' dir='ltr'>μοίρας,</span> <span class='ocrx_word' id='word_1_240' title='bbox 2618 621 2714 677; x_wconf 75' lang='grc' dir='ltr'>καὶ</span> <span class='ocrx_word' id='word_1_241' title='bbox 2737 621 2830 675; x_wconf 76' lang='grc' dir='ltr'>νῦν</span> <span class='ocrx_word' id='word_1_242' title='bbox 2859 621 2920 674; x_wconf 80' lang='grc' dir='ltr'>τὸ</span> <span class='ocrx_word' id='word_1_243' title='bbox 2957 619 3110 691; x_wconf 86' lang='grc' dir='ltr'>παρά</span> <span class='ocrx_word' id='word_1_244' title='bbox 3135 617 3356 672; x_wconf 87' lang='grc' dir='ltr'>πάντων</span> <span class='ocrx_word' id='word_1_245' title='bbox 3387 616 3695 689; x_wconf 83' lang='grc' dir='ltr'>ἀνθρώπων</span> 
     </span>
    </p>
   </div>
   <div class='ocr_carea' id='block_1_35' title="bbox 2120 713 3694 786">
    <p class='ocr_par' dir='ltr' id='par_1_35' title="bbox 2120 713 3694 786">
     <span class='ocr_line' id='line_1_35' title="bbox 2120 713 3694 786; baseline -0.004 -16"><span class='ocrx_word' id='word_1_246' title='bbox 2120 715 2474 786; x_wconf 78' lang='grc' dir='ltr'>κομιζόμενοι</span> <span class='ocrx_word' id='word_1_247' title='bbox 2505 717 2551 747; x_wconf 88' lang='lat'>&quot;’</span> <span class='ocrx_word' id='word_1_248' title='bbox 2589 716 2778 786; x_wconf 86' lang='grc' dir='ltr'>γέρας,</span> <span class='ocrx_word' id='word_1_249' title='bbox 2817 714 2910 767; x_wconf 76' lang='grc' dir='ltr'>καὶ</span> <span class='ocrx_word' id='word_1_250' title='bbox 2938 713 3063 776; x_wconf 81' lang='grc' dir='ltr'>τοὺς</span> <span class='ocrx_word' id='word_1_251' title='bbox 3096 713 3348 775; x_wconf 79' lang='grc' dir='ltr'>αἰωνίους</span> <span class='ocrx_word' id='word_1_252' title='bbox 3397 713 3694 781; x_wconf 78' lang='grc' dir='ltr'>στεφάνους</span> 
     </span>
    </p>
   </div>
   <div class='ocr_carea' id='block_1_36' title="bbox 2120 804 3694 878">
    <p class='ocr_par' dir='ltr' id='par_1_36' title="bbox 2120 804 3694 878">
     <span class='ocr_line' id='line_1_36' title="bbox 2120 804 3694 878; baseline -0.001 -17"><span class='ocrx_word' id='word_1_253' title='bbox 2120 808 2539 878; x_wconf 88' lang='grc' dir='ltr'>προσμένοντες.</span> <span class='ocrx_word' id='word_1_254' title='bbox 2583 807 2791 862; x_wconf 83' lang='grc' dir='ltr'>Ἐκεῖνο</span> <span class='ocrx_word' id='word_1_255' title='bbox 2819 807 2876 859; x_wconf 84' lang='grc' dir='ltr'>δὲ</span> <span class='ocrx_word' id='word_1_256' title='bbox 2917 804 3011 859; x_wconf 83' lang='grc' dir='ltr'>τοῦ</span> <span class='ocrx_word' id='word_1_257' title='bbox 3054 805 3405 877; x_wconf 86' lang='grc' dir='ltr'>Ἡρακλείτου</span> <span class='ocrx_word' id='word_1_258' title='bbox 3457 807 3602 876; x_wconf 88' lang='grc' dir='ltr'>μάλα</span> <span class='ocrx_word' id='word_1_259' title='bbox 3645 805 3694 837; x_wconf 75' lang='grc'>⁸⁸</span> 
     </span>
    </p>
   </div>
   <div class='ocr_carea' id='block_1_37' title="bbox 2121 895 3698 969">
    <p class='ocr_par' dir='ltr' id='par_1_37' title="bbox 2121 895 3698 969">
     <span class='ocr_line' id='line_1_37' title="bbox 2121 895 3698 969; baseline -0.002 -18"><span class='ocrx_word' id='word_1_260' title='bbox 2121 896 2272 969; x_wconf 83' lang='lat' dir='ltr'>[H8]</span> <span class='ocrx_word' id='word_1_261' title='bbox 2314 897 2613 967; x_wconf 82' lang='grc' dir='ltr'>θαυμάζω,</span> <span class='ocrx_word' id='word_1_262' title='bbox 2645 897 2727 950; x_wconf 75' lang='grc' dir='ltr'>ὅτι</span> <span class='ocrx_word' id='word_1_263' title='bbox 2758 915 2777 948; x_wconf 78' lang='grc' dir='ltr'>ι</span> <span class='ocrx_word' id='word_1_264' title='bbox 2815 895 2984 949; x_wconf 81' lang='grc' dir='ltr'>Μένει</span> <span class='ocrx_word' id='word_1_265' title='bbox 3009 895 3136 958; x_wconf 80' lang='grc' dir='ltr'>τοὺς</span> <span class='ocrx_word' id='word_1_266' title='bbox 3174 895 3492 966; x_wconf 80' lang='grc' dir='ltr'>ἀνθρώπους</span> <span class='ocrx_word' id='word_1_267' title='bbox 3558 897 3698 950; x_wconf 70' lang='grc' dir='ltr'>ἀπο·</span> 
     </span>
    </p>
   </div>
   <div class='ocr_carea' id='block_1_38' title="bbox 2124 987 3697 1060">
    <p class='ocr_par' dir='ltr' id='par_1_38' title="bbox 2124 987 3697 1060">
     <span class='ocr_line' id='line_1_38' title="bbox 2124 987 3697 1060; baseline -0.001 -18"><span class='ocrx_word' id='word_1_268' title='bbox 2124 989 2455 1060; x_wconf 85' lang='grc' dir='ltr'>θνήσκοντας</span> <span class='ocrx_word' id='word_1_269' title='bbox 2499 990 2598 1042; x_wconf 85' lang='grc' dir='ltr'>ὅσα</span> <span class='ocrx_word' id='word_1_270' title='bbox 2632 988 2730 1043; x_wconf 82' lang='grc' dir='ltr'>οὐκ</span> <span class='ocrx_word' id='word_1_271' title='bbox 2771 988 3020 1042; x_wconf 78' lang='grc' dir='ltr'>ἐλπονται</span> <span class='ocrx_word' id='word_1_272' title='bbox 3053 987 3177 1041; x_wconf 78' lang='grc' dir='ltr'>οὐδὲ</span> <span class='ocrx_word' id='word_1_273' title='bbox 3215 987 3478 1041; x_wconf 83' lang='grc' dir='ltr'>δοκέουσι.</span> <span class='ocrx_word' id='word_1_274' title='bbox 3523 1005 3542 1037; x_wconf 77' lang='grc' dir='ltr'>ι</span> <span class='ocrx_word' id='word_1_275' title='bbox 3570 987 3697 1040; x_wconf 86' lang='grc' dir='ltr'>Ὅτι</span> 
     </span>
    </p>
   </div>
   <div class='ocr_carea' id='block_1_39' title="bbox 2117 1079 3700 1152">
    <p class='ocr_par' dir='ltr' id='par_1_39' title="bbox 2117 1079 3700 1152">
     <span class='ocr_line' id='line_1_39' title="bbox 2117 1079 3700 1152; baseline -0.002 -17"><span class='ocrx_word' id='word_1_276' title='bbox 2117 1082 2176 1136; x_wconf 81' lang='grc' dir='ltr'>δὲ</span> <span class='ocrx_word' id='word_1_277' title='bbox 2208 1082 2302 1135; x_wconf 72' lang='grc' dir='ltr'>καὶ</span> <span class='ocrx_word' id='word_1_278' title='bbox 2342 1081 2492 1146; x_wconf 85' lang='grc' dir='ltr'>θείας</span> <span class='ocrx_word' id='word_1_279' title='bbox 2530 1079 2734 1152; x_wconf 82' lang='grc' dir='ltr'>λήξεως</span> <span class='ocrx_word' id='word_1_280' title='bbox 2767 1081 3136 1134; x_wconf 79' lang='grc' dir='ltr'>ἀπολαύουσιν</span> <span class='ocrx_word' id='word_1_281' title='bbox 3166 1081 3224 1134; x_wconf 82' lang='grc' dir='ltr'>σί</span> <span class='ocrx_word' id='word_1_282' title='bbox 3256 1080 3367 1133; x_wconf 83' lang='grc' dir='ltr'>τῶν</span> <span class='ocrx_word' id='word_1_283' title='bbox 3393 1081 3555 1134; x_wconf 86' lang='grc' dir='ltr'>ὁσίων</span> <span class='ocrx_word' id='word_1_284' title='bbox 3593 1080 3700 1150; x_wconf 78' lang='grc' dir='ltr'>ψυ-</span> 
     </span>
    </p>
   </div>
   <div class='ocr_carea' id='block_1_40' title="bbox 2119 1172 3700 1246">
    <p class='ocr_par' dir='ltr' id='par_1_40' title="bbox 2119 1172 3700 1246">
     <span class='ocr_line' id='line_1_40' title="bbox 2119 1172 3700 1246; baseline -0.002 -18"><span class='ocrx_word' id='word_1_285' title='bbox 2119 1174 2232 1246; x_wconf 75' lang='grc' dir='ltr'>χαὶ,</span> <span class='ocrx_word' id='word_1_286' title='bbox 2263 1174 2357 1230; x_wconf 64' lang='grc' dir='ltr'>καλ⁵</span> <span class='ocrx_word' id='word_1_287' title='bbox 2389 1175 2418 1228; x_wconf 87' lang='grc' dir='ltr'>ὁ</span> <span class='ocrx_word' id='word_1_288' title='bbox 2449 1175 2674 1228; x_wconf 86' lang='grc' dir='ltr'>Πλάτων</span> <span class='ocrx_word' id='word_1_289' title='bbox 2701 1174 3000 1243; x_wconf 80' lang='grc' dir='ltr'>δεδήλωκεν</span> <span class='ocrx_word' id='word_1_290' title='bbox 3025 1175 3084 1226; x_wconf 82' lang='grc' dir='ltr'>ὲν</span> <span class='ocrx_word' id='word_1_291' title='bbox 3107 1172 3184 1244; x_wconf 82' lang='grc' dir='ltr'>τῷ</span> <span class='ocrx_word' id='word_1_292' title='bbox 3214 1172 3489 1237; x_wconf 80' lang='grc' dir='ltr'>Φαίδωνι,</span> <span class='ocrx_word' id='word_1_293' title='bbox 3520 1172 3700 1241; x_wconf 86' lang='grc' dir='ltr'>λέγων</span> 
     </span>
    </p>
   </div>
   <div class='ocr_carea' id='block_1_41' title="bbox 2116 1260 3700 1336">
    <p class='ocr_par' dir='ltr' id='par_1_41' title="bbox 2116 1260 3700 1336">
     <span class='ocr_line' id='line_1_41' title="bbox 2116 1260 3700 1336; baseline -0.003 -16"><span class='ocrx_word' id='word_1_294' title='bbox 2116 1260 2250 1320; x_wconf 76' lang='grc' dir='ltr'>ὧδε⁵</span> <span class='ocrx_word' id='word_1_295' title='bbox 2293 1284 2312 1317; x_wconf 81' lang='grc' dir='ltr'>ι</span> <span class='ocrx_word' id='word_1_296' title='bbox 2368 1265 2432 1320; x_wconf 81' lang='grc' dir='ltr'><strong>Οἳ</strong></span> <span class='ocrx_word' id='word_1_297' title='bbox 2478 1264 2534 1318; x_wconf 83' lang='grc' dir='ltr'>δὲ</span> <span class='ocrx_word' id='word_1_298' title='bbox 2573 1265 2637 1336; x_wconf 78' lang='grc' dir='ltr'>δὴ</span> <span class='ocrx_word' id='word_1_299' title='bbox 2693 1264 2758 1318; x_wconf 83' lang='grc' dir='ltr'>ἂν</span> <span class='ocrx_word' id='word_1_300' title='bbox 2791 1263 2984 1331; x_wconf 82' lang='grc' dir='ltr'>δόξωσι</span> <span class='ocrx_word' id='word_1_301' title='bbox 3034 1263 3398 1336; x_wconf 80' lang='grc' dir='ltr'>διαφερόντως</span> <span class='ocrx_word' id='word_1_302' title='bbox 3445 1263 3583 1333; x_wconf 77' lang='grc' dir='ltr'>πρὸς</span> <span class='ocrx_word' id='word_1_303' title='bbox 3637 1263 3700 1316; x_wconf 81' lang='grc' dir='ltr'>τὸ</span> 
     </span>
    </p>
   </div>
   <div class='ocr_carea' id='block_1_42' title="bbox 2120 1349 3694 1426">
    <p class='ocr_par' dir='ltr' id='par_1_42' title="bbox 2120 1349 3694 1426">
     <span class='ocr_line' id='line_1_42' title="bbox 2120 1349 3694 1426; baseline -0.002 -17"><span class='ocrx_word' id='word_1_304' title='bbox 2120 1357 2281 1420; x_wconf 80' lang='grc' dir='ltr'>ὁσίως</span> <span class='ocrx_word' id='word_1_305' title='bbox 2326 1353 2514 1425; x_wconf 80' lang='grc' dir='ltr'>βιῶναι</span> <span class='ocrx_word' id='word_1_306' title='bbox 2545 1353 2589 1386; x_wconf 72' lang='grc'>⁸⁸</span> <span class='ocrx_word' id='word_1_307' title='bbox 2625 1355 3042 1426; x_wconf 82' lang='grc' dir='ltr'>προκεκρῖσθαι,</span> <span class='ocrx_word' id='word_1_308' title='bbox 3076 1349 3222 1409; x_wconf 71' lang='grc' dir='ltr'>οὗτοί</span> <span class='ocrx_word' id='word_1_309' title='bbox 3253 1356 3392 1407; x_wconf 86' lang='grc' dir='ltr'>είσιν</span> <span class='ocrx_word' id='word_1_310' title='bbox 3429 1355 3480 1406; x_wconf 79' lang='lat' dir='ltr'>oi.</span> <span class='ocrx_word' id='word_1_311' title='bbox 3523 1351 3694 1408; x_wconf 82' lang='grc' dir='ltr'>τῶνδε</span> 
     </span>
    </p>
   </div>
   <div class='ocr_carea' id='block_1_43' title="bbox 2124 1445 3699 1520">
    <p class='ocr_par' dir='ltr' id='par_1_43' title="bbox 2124 1445 3699 1520">
     <span class='ocr_line' id='line_1_43' title="bbox 2124 1445 3699 1520; baseline -0.002 -18"><span class='ocrx_word' id='word_1_312' title='bbox 2124 1450 2221 1520; x_wconf 82' lang='grc' dir='ltr'>μὲν</span> <span class='ocrx_word' id='word_1_313' title='bbox 2246 1447 2353 1501; x_wconf 81' lang='grc' dir='ltr'>τῶν</span> <span class='ocrx_word' id='word_1_314' title='bbox 2385 1448 2443 1501; x_wconf 81' lang='grc' dir='ltr'>έν</span> <span class='ocrx_word' id='word_1_315' title='bbox 2466 1448 2532 1519; x_wconf 72' lang='grc' dir='ltr'>τῇ</span> <span class='ocrx_word' id='word_1_316' title='bbox 2565 1448 2637 1518; x_wconf 78' lang='grc' dir='ltr'>γῇ</span> <span class='ocrx_word' id='word_1_317' title='bbox 2675 1445 2721 1479; x_wconf 79' lang='grc'>⁸⁸</span> <span class='ocrx_word' id='word_1_318' title='bbox 2759 1447 3235 1517; x_wconf 78' lang='grc' dir='ltr'>ἀπαλλαττόμενοι</span> <span class='ocrx_word' id='word_1_319' title='bbox 3268 1446 3456 1518; x_wconf 84' lang='grc' dir='ltr'>ὥσπερ</span> <span class='ocrx_word' id='word_1_320' title='bbox 3489 1447 3699 1516; x_wconf 83' lang='grc' dir='ltr'>δεσμω-</span> 
     </span>
    </p>
   </div>
   <div class='ocr_carea' id='block_1_44' title="bbox 2118 1539 3694 1610">
    <p class='ocr_par' dir='ltr' id='par_1_44' title="bbox 2118 1539 3694 1610">
     <span class='ocr_line' id='line_1_44' title="bbox 2118 1539 3694 1610; baseline -0.002 -18"><span class='ocrx_word' id='word_1_321' title='bbox 2118 1539 2332 1610; x_wconf 84' lang='grc' dir='ltr'>τηρίου,</span> <span class='ocrx_word' id='word_1_322' title='bbox 2373 1540 2484 1594; x_wconf 85' lang='grc' dir='ltr'>ἀνω</span> <span class='ocrx_word' id='word_1_323' title='bbox 2513 1539 2570 1592; x_wconf 83' lang='grc' dir='ltr'>δὲ</span> <span class='ocrx_word' id='word_1_324' title='bbox 2600 1541 2679 1603; x_wconf 89' lang='grc' dir='ltr'>είς</span> <span class='ocrx_word' id='word_1_325' title='bbox 2716 1539 2962 1610; x_wconf 79' lang='grc' dir='ltr'>καθαρὰν</span> <span class='ocrx_word' id='word_1_326' title='bbox 2990 1541 3205 1610; x_wconf 75' lang='grc' dir='ltr'>οἴκησιν</span> <span class='ocrx_word' id='word_1_327' title='bbox 3229 1539 3641 1608; x_wconf 82' lang='grc' dir='ltr'>ἀφικνούμενοι.</span> <span class='ocrx_word' id='word_1_328' title='bbox 3674 1557 3694 1588; x_wconf 75' lang='grc' dir='ltr'>ι</span> 
     </span>
    </p>
   </div>
   <div class='ocr_carea' id='block_1_45' title="bbox 2119 1628 3702 1700">
    <p class='ocr_par' dir='ltr' id='par_1_45' title="bbox 2119 1628 3702 1700">
     <span class='ocr_line' id='line_1_45' title="bbox 2119 1628 3702 1700; baseline -0.004 -15"><span class='ocrx_word' id='word_1_329' title='bbox 2119 1630 2487 1700; x_wconf 87' lang='grc' dir='ltr'>Προστέθεικε</span> <span class='ocrx_word' id='word_1_330' title='bbox 2541 1630 2599 1682; x_wconf 86' lang='grc' dir='ltr'>δὲ</span> <span class='ocrx_word' id='word_1_331' title='bbox 2648 1630 2764 1700; x_wconf 83' lang='grc' dir='ltr'>μετ’</span> <span class='ocrx_word' id='word_1_332' title='bbox 2808 1629 2965 1698; x_wconf 84' lang='grc' dir='ltr'>ὀλίγα</span> <span class='ocrx_word' id='word_1_333' title='bbox 3014 1629 3110 1682; x_wconf 72' lang='grc' dir='ltr'>καὶ</span> <span class='ocrx_word' id='word_1_334' title='bbox 3145 1629 3358 1682; x_wconf 78' lang='grc' dir='ltr'>ταῦτα’</span> <span class='ocrx_word' id='word_1_335' title='bbox 3412 1647 3431 1681; x_wconf 73' lang='grc' dir='ltr'>ι</span> <span class='ocrx_word' id='word_1_336' title='bbox 3473 1628 3581 1680; x_wconf 72' lang='grc' dir='ltr'>Καὶ</span> <span class='ocrx_word' id='word_1_337' title='bbox 3619 1629 3702 1691; x_wconf 86' lang='grc' dir='ltr'>είς</span> 
     </span>
    </p>
   </div>
   <div class='ocr_carea' id='block_1_46' title="bbox 2119 1717 3703 1790">
    <p class='ocr_par' dir='ltr' id='par_1_46' title="bbox 2119 1717 3703 1790">
     <span class='ocr_line' id='line_1_46' title="bbox 2119 1717 3703 1790; baseline -0.004 -15"><span class='ocrx_word' id='word_1_338' title='bbox 2119 1724 2362 1790; x_wconf 75' lang='grc' dir='ltr'>οἰκήσεις</span> <span class='ocrx_word' id='word_1_339' title='bbox 2389 1720 2468 1773; x_wconf 71' lang='grc' dir='ltr'>ἔτι</span> <span class='ocrx_word' id='word_1_340' title='bbox 2509 1719 2715 1773; x_wconf 88' lang='grc' dir='ltr'>τούτων</span> <span class='ocrx_word' id='word_1_341' title='bbox 2750 1719 3004 1782; x_wconf 80' lang='grc' dir='ltr'>καλλίους</span> <span class='ocrx_word' id='word_1_342' title='bbox 3047 1719 3438 1789; x_wconf 79' lang='grc' dir='ltr'>ἀφικνοῦνται,</span> <span class='ocrx_word' id='word_1_343' title='bbox 3478 1717 3543 1780; x_wconf 76' lang='grc' dir='ltr'>ἃς</span> <span class='ocrx_word' id='word_1_344' title='bbox 3572 1717 3703 1770; x_wconf 78' lang='grc' dir='ltr'>οὗτε</span> 
     </span>
    </p>
   </div>
   <div class='ocr_carea' id='block_1_47' title="bbox 2124 1811 3697 1885">
    <p class='ocr_par' dir='ltr' id='par_1_47' title="bbox 2124 1811 3697 1885">
     <span class='ocr_line' id='line_1_47' title="bbox 2124 1811 3697 1885; baseline -0.003 -18"><span class='ocrx_word' id='word_1_345' title='bbox 2124 1815 2302 1885; x_wconf 76' lang='grc' dir='ltr'>ῥᾴδιον</span> <span class='ocrx_word' id='word_1_346' title='bbox 2324 1813 2586 1884; x_wconf 87' lang='grc' dir='ltr'>δηλῶσαι,</span> <span class='ocrx_word' id='word_1_347' title='bbox 2609 1812 2732 1866; x_wconf 76' lang='grc' dir='ltr'>οὔτε</span> <span class='ocrx_word' id='word_1_348' title='bbox 2755 1814 2783 1866; x_wconf 87' lang='grc' dir='ltr'>ό</span> <span class='ocrx_word' id='word_1_349' title='bbox 2808 1813 2996 1884; x_wconf 77' lang='grc' dir='ltr'>χρόνος</span> <span class='ocrx_word' id='word_1_350' title='bbox 3013 1813 3193 1876; x_wconf 74' lang='grc' dir='ltr'>ἱκανὸς</span> <span class='ocrx_word' id='word_1_351' title='bbox 3211 1814 3268 1864; x_wconf 82' lang='grc' dir='ltr'>ἐν</span> <span class='ocrx_word' id='word_1_352' title='bbox 3295 1811 3374 1880; x_wconf 82' lang='grc' dir='ltr'>τῷ</span> <span class='ocrx_word' id='word_1_353' title='bbox 3393 1811 3640 1879; x_wconf 83' lang='grc' dir='ltr'>παρόντι.</span> <span class='ocrx_word' id='word_1_354' title='bbox 3675 1828 3697 1862; x_wconf 74' lang='grc' dir='ltr'>ι</span> 
     </span>
    </p>
   </div>
   <div class='ocr_carea' id='block_1_48' title="bbox 2126 1903 3703 1979">
    <p class='ocr_par' dir='ltr' id='par_1_48' title="bbox 2126 1903 3703 1979">
     <span class='ocr_line' id='line_1_48' title="bbox 2126 1903 3703 1979; baseline -0.003 -19"><span class='ocrx_word' id='word_1_355' title='bbox 2126 1909 2242 1961; x_wconf 76' lang='grc' dir='ltr'>Ἵνα</span> <span class='ocrx_word' id='word_1_356' title='bbox 2268 1907 2324 1960; x_wconf 82' lang='grc' dir='ltr'>δὲ</span> <span class='ocrx_word' id='word_1_357' title='bbox 2359 1909 2431 1979; x_wconf 88' lang='grc' dir='ltr'>μή</span> <span class='ocrx_word' id='word_1_358' title='bbox 2455 1925 2538 1972; x_wconf 85' lang='grc' dir='ltr'>τις</span> <span class='ocrx_word' id='word_1_359' title='bbox 2566 1906 2771 1960; x_wconf 87' lang='grc' dir='ltr'>τούτων</span> <span class='ocrx_word' id='word_1_360' title='bbox 2801 1905 3039 1966; x_wconf 83' lang='grc' dir='ltr'>ἀκούσας</span> <span class='ocrx_word' id='word_1_361' title='bbox 3061 1905 3155 1958; x_wconf 59' lang='grc' dir='ltr'>καὶ⁵</span> <span class='ocrx_word' id='word_1_362' title='bbox 3185 1905 3286 1974; x_wconf 86' lang='grc' dir='ltr'>τῆς</span> <span class='ocrx_word' id='word_1_363' title='bbox 3309 1904 3461 1967; x_wconf 86' lang='grc' dir='ltr'>θείας</span> <span class='ocrx_word' id='word_1_364' title='bbox 3485 1903 3703 1973; x_wconf 76' lang='grc' dir='ltr'>ἐκείνης</span> 
     </span>
    </p>
   </div>
   <div class='ocr_carea' id='block_1_49' title="bbox 2119 1995 3702 2070">
    <p class='ocr_par' dir='ltr' id='par_1_49' title="bbox 2119 1995 3702 2070">
     <span class='ocr_line' id='line_1_49' title="bbox 2119 1995 3702 2070; baseline -0.003 -18"><span class='ocrx_word' id='word_1_365' title='bbox 2119 1999 2397 2069; x_wconf 84' lang='grc' dir='ltr'>διαγωγῆς</span> <span class='ocrx_word' id='word_1_366' title='bbox 2432 1998 2688 2070; x_wconf 78' lang='grc' dir='ltr'>ἐρασθεὶς</span> <span class='ocrx_word' id='word_1_367' title='bbox 2743 1998 2941 2067; x_wconf 84' lang='grc' dir='ltr'>εὐαγὲς</span> <span class='ocrx_word' id='word_1_368' title='bbox 2975 1995 3309 2051; x_wconf 81' lang='grc' dir='ltr'>ὐπολάόοι⁸³</span> <span class='ocrx_word' id='word_1_369' title='bbox 3357 1996 3418 2050; x_wconf 77' lang='grc' dir='ltr'>τὸ</span> <span class='ocrx_word' id='word_1_370' title='bbox 3454 1996 3543 2068; x_wconf 76' lang='grc' dir='ltr'>βίᾳ</span> <span class='ocrx_word' id='word_1_371' title='bbox 3591 1997 3702 2050; x_wconf 77' lang='grc' dir='ltr'>τινὶ</span> 
     </span>
    </p>
   </div>
   <div class='ocr_carea' id='block_1_50' title="bbox 2121 2088 3764 2163">
    <p class='ocr_par' dir='ltr' id='par_1_50' title="bbox 2121 2088 3764 2163">
     <span class='ocr_line' id='line_1_50' title="bbox 2121 2088 3764 2163; baseline -0.002 -19"><span class='ocrx_word' id='word_1_372' title='bbox 2121 2091 2214 2144; x_wconf 76' lang='grc' dir='ltr'>καὶ</span> <span class='ocrx_word' id='word_1_373' title='bbox 2248 2091 2461 2163; x_wconf 82' lang='grc' dir='ltr'>ἀνάγκῃ</span> <span class='ocrx_word' id='word_1_374' title='bbox 2501 2090 2691 2143; x_wconf 80' lang='grc' dir='ltr'>ἑαυτὸν</span> <span class='ocrx_word' id='word_1_375' title='bbox 2724 2089 2974 2145; x_wconf 71' lang='grc' dir='ltr'>ἐντεῦθεν</span> <span class='ocrx_word' id='word_1_376' title='bbox 3021 2088 3332 2157; x_wconf 75' lang='grc' dir='ltr'>ἐξαγαγεῖν,</span> <span class='ocrx_word' id='word_1_377' title='bbox 3384 2089 3704 2157; x_wconf 76' lang='grc' dir='ltr'>ἀναγκαίως</span> <span class='ocrx_word' id='word_1_378' title='bbox 3759 2145 3764 2150; x_wconf 54' lang='grc'>,</span> 
     </span>
    </p>
   </div>
   <div class='ocr_carea' id='block_1_51' title="bbox 2121 2172 3701 2252">
    <p class='ocr_par' dir='ltr' id='par_1_51' title="bbox 2121 2172 3701 2252">
     <span class='ocr_line' id='line_1_51' title="bbox 2121 2172 3701 2252; baseline -0.002 -17"><span class='ocrx_word' id='word_1_379' title='bbox 2121 2172 2401 2252; x_wconf 58' lang='grc' dir='ltr'>ἐπήγαγεν</span> <span class='ocrx_word' id='word_1_380' title='bbox 2423 2199 2437 2213; x_wconf 73' lang='grc' dir='ltr'><strong>ο</strong></span> <span class='ocrx_word' id='word_1_381' title='bbox 2479 2201 2498 2233; x_wconf 74' lang='grc' dir='ltr'>ι</span> <span class='ocrx_word' id='word_1_382' title='bbox 2553 2184 2627 2235; x_wconf 85' lang='grc' dir='ltr'>Ού</span> <span class='ocrx_word' id='word_1_383' title='bbox 2661 2183 2744 2235; x_wconf 86' lang='grc' dir='ltr'>δεῖ</span> <span class='ocrx_word' id='word_1_384' title='bbox 2783 2183 2830 2236; x_wconf 85' lang='grc' dir='ltr'>δ’</span> <span class='ocrx_word' id='word_1_385' title='bbox 2870 2180 3063 2234; x_wconf 76' lang='grc' dir='ltr'>ἑαυτὸν</span> <span class='ocrx_word' id='word_1_386' title='bbox 3108 2180 3157 2211; x_wconf 63' lang='grc' dir='ltr'>δι</span> <span class='ocrx_word' id='word_1_387' title='bbox 3187 2182 3253 2234; x_wconf 79' lang='grc' dir='ltr'>ὲκ</span> <span class='ocrx_word' id='word_1_388' title='bbox 3289 2180 3494 2251; x_wconf 81' lang='grc' dir='ltr'>ταύτης</span> <span class='ocrx_word' id='word_1_389' title='bbox 3526 2179 3701 2245; x_wconf 74' lang='grc' dir='ltr'>λύειν,</span> 
     </span>
    </p>
   </div>
   <div class='ocr_carea' id='block_1_52' title="bbox 2121 2269 3705 2343">
    <p class='ocr_par' dir='ltr' id='par_1_52' title="bbox 2121 2269 3705 2343">
     <span class='ocr_line' id='line_1_52' title="bbox 2121 2269 3705 2343; baseline -0.004 -16"><span class='ocrx_word' id='word_1_390' title='bbox 2121 2273 2241 2327; x_wconf 84' lang='grc' dir='ltr'>οὐδὲ</span> <span class='ocrx_word' id='word_1_391' title='bbox 2282 2273 2701 2343; x_wconf 83' lang='grc' dir='ltr'>ἀποδιδράσκειν</span> <span class='ocrx_word' id='word_1_392' title='bbox 2727 2314 2741 2338; x_wconf 89' lang='grc'>,</span> <span class='ocrx_word' id='word_1_393' title='bbox 2774 2272 2868 2326; x_wconf 77' lang='grc' dir='ltr'>καὶ</span> <span class='ocrx_word' id='word_1_394' title='bbox 2895 2271 3169 2338; x_wconf 83' lang='grc' dir='ltr'>ξυνελόντι</span> <span class='ocrx_word' id='word_1_395' title='bbox 3201 2273 3375 2324; x_wconf 86' lang='grc' dir='ltr'>εἰπεῖν</span> <span class='ocrx_word' id='word_1_396' title='bbox 3405 2269 3584 2340; x_wconf 83' lang='grc' dir='ltr'>κακὴν</span> <span class='ocrx_word' id='word_1_397' title='bbox 3613 2269 3705 2322; x_wconf 91' lang='grc' dir='ltr'>λο-</span> 
     </span>
    </p>
   </div>
   <div class='ocr_carea' id='block_1_53' title="bbox 2120 2349 3701 2434">
    <p class='ocr_par' dir='ltr' id='par_1_53' title="bbox 2120 2349 3701 2434">
     <span class='ocr_line' id='line_1_53' title="bbox 2120 2349 3701 2434; baseline -0.003 -18"><span class='ocrx_word' id='word_1_398' title='bbox 2120 2364 2368 2434; x_wconf 82' lang='grc' dir='ltr'>γίζεσθαι</span> <span class='ocrx_word' id='word_1_399' title='bbox 2415 2364 2515 2433; x_wconf 83' lang='grc' dir='ltr'>τὴν</span> <span class='ocrx_word' id='word_1_400' title='bbox 2558 2363 2710 2433; x_wconf 69' lang='grc' dir='ltr'>ὕλην,</span> <span class='ocrx_word' id='word_1_401' title='bbox 2776 2383 2794 2414; x_wconf 76' lang='grc' dir='ltr'>ι</span> <span class='ocrx_word' id='word_1_402' title='bbox 2846 2363 3009 2430; x_wconf 85' lang='grc' dir='ltr'>Λέγει</span> <span class='ocrx_word' id='word_1_403' title='bbox 3052 2362 3109 2415; x_wconf 83' lang='grc' dir='ltr'>δὲ</span> <span class='ocrx_word' id='word_1_404' title='bbox 3143 2363 3239 2414; x_wconf 73' lang='grc' dir='ltr'>καὶ</span> <span class='ocrx_word' id='word_1_405' title='bbox 3273 2361 3348 2424; x_wconf 87' lang='grc' dir='ltr'>ὡς</span> <span class='ocrx_word' id='word_1_406' title='bbox 3383 2349 3539 2430; x_wconf 79' lang='grc' dir='ltr'>αὐτῆ</span> <span class='ocrx_word' id='word_1_407' title='bbox 3575 2359 3701 2413; x_wconf 83' lang='grc' dir='ltr'>καθ’</span> 
     </span>
    </p>
   </div>
   <div class='ocr_carea' id='block_1_54' title="bbox 2121 2450 3704 2526">
    <p class='ocr_par' dir='ltr' id='par_1_54' title="bbox 2121 2450 3704 2526">
     <span class='ocr_line' id='line_1_54' title="bbox 2121 2450 3704 2526; baseline -0.004 -18"><span class='ocrx_word' id='word_1_408' title='bbox 2121 2455 2290 2526; x_wconf 79' lang='grc' dir='ltr'>αὐτὴν</span> <span class='ocrx_word' id='word_1_409' title='bbox 2345 2455 2389 2486; x_wconf 82' lang='grc'>⁸³</span> <span class='ocrx_word' id='word_1_410' title='bbox 2436 2455 2470 2524; x_wconf 82' lang='grc' dir='ltr'>ή</span> <span class='ocrx_word' id='word_1_411' title='bbox 2518 2453 2663 2524; x_wconf 80' lang='grc' dir='ltr'>ψυχὴ</span> <span class='ocrx_word' id='word_1_412' title='bbox 2714 2453 2980 2524; x_wconf 79' lang='grc' dir='ltr'>γενομένη</span> <span class='ocrx_word' id='word_1_413' title='bbox 3021 2452 3243 2506; x_wconf 89' lang='grc' dir='ltr'>δύναται</span> <span class='ocrx_word' id='word_1_414' title='bbox 3294 2454 3393 2522; x_wconf 82' lang='grc' dir='ltr'>τῆς</span> <span class='ocrx_word' id='word_1_415' title='bbox 3423 2450 3704 2520; x_wconf 73' lang='grc' dir='ltr'>ἀληθινῆς</span> 
     </span>
    </p>
   </div>
   <div class='ocr_carea' id='block_1_55' title="bbox 2125 2533 3706 2618">
    <p class='ocr_par' dir='ltr' id='par_1_55' title="bbox 2125 2533 3706 2618">
     <span class='ocr_line' id='line_1_55' title="bbox 2125 2533 3706 2618; baseline -0.005 -18"><span class='ocrx_word' id='word_1_416' title='bbox 2125 2533 2321 2617; x_wconf 84' lang='grc' dir='ltr'>σοφίας</span> <span class='ocrx_word' id='word_1_417' title='bbox 2375 2545 2469 2600; x_wconf 71' lang='grc' dir='ltr'>καὶ</span> <span class='ocrx_word' id='word_1_418' title='bbox 2517 2546 2828 2618; x_wconf 89' lang='grc' dir='ltr'>κρείττονος</span> <span class='ocrx_word' id='word_1_419' title='bbox 2871 2545 2971 2615; x_wconf 88' lang='grc' dir='ltr'>τῆς</span> <span class='ocrx_word' id='word_1_420' title='bbox 3015 2542 3364 2614; x_wconf 84' lang='grc' dir='ltr'>ἀνθρωπίνης</span> <span class='ocrx_word' id='word_1_421' title='bbox 3415 2542 3706 2610; x_wconf 84' lang='grc' dir='ltr'>δυνάμεως</span> 
     </span>
    </p>
   </div>
   <div class='ocr_carea' id='block_1_56' title="bbox 2125 2635 3707 2712">
    <p class='ocr_par' dir='ltr' id='par_1_56' title="bbox 2125 2635 3707 2712">
     <span class='ocr_line' id='line_1_56' title="bbox 2125 2635 3707 2712; baseline -0.003 -19"><span class='ocrx_word' id='word_1_422' title='bbox 2125 2638 2483 2712; x_wconf 76' lang='grc' dir='ltr'>μεταλαϐεῖν,</span> <span class='ocrx_word' id='word_1_423' title='bbox 2513 2640 2642 2693; x_wconf 80' lang='grc' dir='ltr'>ὅταν</span> <span class='ocrx_word' id='word_1_424' title='bbox 2680 2638 2849 2709; x_wconf 83' lang='grc' dir='ltr'>αὐτὴν</span> <span class='ocrx_word' id='word_1_425' title='bbox 2874 2638 2902 2689; x_wconf 82' lang='grc' dir='ltr'>ὁ</span> <span class='ocrx_word' id='word_1_426' title='bbox 2952 2636 3163 2691; x_wconf 77' lang='grc' dir='ltr'>ἐνθένδε</span> <span class='ocrx_word' id='word_1_427' title='bbox 3195 2635 3337 2706; x_wconf 75' lang='grc' dir='ltr'>ἔρως</span> <span class='ocrx_word' id='word_1_428' title='bbox 3370 2635 3449 2699; x_wconf 90' lang='grc' dir='ltr'>είς</span> <span class='ocrx_word' id='word_1_429' title='bbox 3472 2635 3707 2706; x_wconf 81' lang='grc' dir='ltr'>οὐρανὸν</span> 
     </span>
    </p>
   </div>
   <div class='ocr_carea' id='block_1_57' title="bbox 2121 2725 3708 2801">
    <p class='ocr_par' dir='ltr' id='par_1_57' title="bbox 2121 2725 3708 2801">
     <span class='ocr_line' id='line_1_57' title="bbox 2121 2725 3708 2801; baseline -0.003 -19"><span class='ocrx_word' id='word_1_430' title='bbox 2121 2728 2377 2801; x_wconf 83' lang='grc' dir='ltr'>πτερώσῃ</span> <span class='ocrx_word' id='word_1_431' title='bbox 2413 2727 2462 2760; x_wconf 78' lang='grc'>⁸⁸</span> <span class='ocrx_word' id='word_1_432' title='bbox 2499 2729 2588 2782; x_wconf 85' lang='grc' dir='ltr'>διά</span> <span class='ocrx_word' id='word_1_433' title='bbox 2620 2728 2722 2794; x_wconf 86' lang='grc' dir='ltr'>τῆς</span> <span class='ocrx_word' id='word_1_434' title='bbox 2771 2727 3067 2797; x_wconf 81' lang='grc' dir='ltr'>φιλοσόφου</span> <span class='ocrx_word' id='word_1_435' title='bbox 3115 2725 3344 2795; x_wconf 84' lang='grc' dir='ltr'>ἀγωγῆς</span> <span class='ocrx_word' id='word_1_436' title='bbox 3383 2727 3462 2789; x_wconf 83' lang='grc' dir='ltr'>εἰς</span> <span class='ocrx_word' id='word_1_437' title='bbox 3499 2725 3558 2778; x_wconf 79' lang='grc' dir='ltr'>τὸ</span> <span class='ocrx_word' id='word_1_438' title='bbox 3599 2728 3708 2793; x_wconf 79' lang='grc' dir='ltr'>τῆς</span> 
     </span>
    </p>
   </div>
   <div class='ocr_carea' id='block_1_58' title="bbox 2121 2814 3705 2891">
    <p class='ocr_par' dir='ltr' id='par_1_58' title="bbox 2121 2814 3705 2891">
     <span class='ocr_line' id='line_1_58' title="bbox 2121 2814 3705 2891; baseline -0.005 -17"><span class='ocrx_word' id='word_1_439' title='bbox 2121 2820 2336 2881; x_wconf 76' lang='grc' dir='ltr'>ἐλπίδος</span> <span class='ocrx_word' id='word_1_440' title='bbox 2356 2819 2508 2883; x_wconf 84' lang='grc' dir='ltr'>τέλος</span> <span class='ocrx_word' id='word_1_441' title='bbox 2527 2819 2885 2891; x_wconf 86' lang='grc' dir='ltr'>ἀφικομένην,</span> <span class='ocrx_word' id='word_1_442' title='bbox 2917 2817 3080 2874; x_wconf 77' lang='grc' dir='ltr'>ἄλλου</span> <span class='ocrx_word' id='word_1_443' title='bbox 3111 2817 3228 2888; x_wconf 83' lang='grc' dir='ltr'>βίου</span> <span class='ocrx_word' id='word_1_444' title='bbox 3258 2816 3429 2870; x_wconf 75' lang='grc' dir='ltr'>ἀϊδίου</span> <span class='ocrx_word' id='word_1_445' title='bbox 3449 2814 3495 2847; x_wconf 75' lang='grc'>⁸⁷</span> <span class='ocrx_word' id='word_1_446' title='bbox 3521 2815 3705 2886; x_wconf 86' lang='grc' dir='ltr'>ἀρχὴν</span> 
     </span>
    </p>
   </div>
   <div class='ocr_carea' id='block_1_59' title="bbox 2120 2907 3703 2982">
    <p class='ocr_par' dir='ltr' id='par_1_59' title="bbox 2120 2907 3703 2982">
     <span class='ocr_line' id='line_1_59' title="bbox 2120 2907 3703 2982; baseline -0.004 -17"><span class='ocrx_word' id='word_1_447' title='bbox 2120 2910 2520 2982; x_wconf 79' lang='grc' dir='ltr'>λαμσάνουσαν.</span> <span class='ocrx_word' id='word_1_448' title='bbox 2557 2911 2668 2964; x_wconf 73' lang='grc' dir='ltr'>Καὶ</span> <span class='ocrx_word' id='word_1_449' title='bbox 2697 2907 2854 2975; x_wconf 85' lang='grc' dir='ltr'>αὖθις</span> <span class='ocrx_word' id='word_1_450' title='bbox 2887 2911 2946 2963; x_wconf 82' lang='grc' dir='ltr'>ὲν</span> <span class='ocrx_word' id='word_1_451' title='bbox 2975 2909 3053 2980; x_wconf 81' lang='grc' dir='ltr'>τῷ</span> <span class='ocrx_word' id='word_1_452' title='bbox 3079 2908 3230 2979; x_wconf 83' lang='grc' dir='ltr'>αὐτῷ</span> <span class='ocrx_word' id='word_1_453' title='bbox 3257 2907 3490 2977; x_wconf 84' lang='grc' dir='ltr'>διαλόγῳ</span> <span class='ocrx_word' id='word_1_454' title='bbox 3522 2907 3661 2977; x_wconf 83' lang='grc' dir='ltr'>φησί</span> <span class='ocrx_word' id='word_1_455' title='bbox 3684 2922 3703 2938; x_wconf 74' lang='grc' dir='ltr'><strong>ο</strong></span> 
     </span>
    </p>
   </div>
   <div class='ocr_carea' id='block_1_60' title="bbox 2127 2998 3706 3073">
    <p class='ocr_par' dir='ltr' id='par_1_60' title="bbox 2127 2998 3706 3073">
     <span class='ocr_line' id='line_1_60' title="bbox 2127 2998 3706 3073; baseline -0.004 -17"><span class='ocrx_word' id='word_1_456' title='bbox 2127 3023 2146 3056; x_wconf 86' lang='grc'><strong>‹</strong></span> <span class='ocrx_word' id='word_1_457' title='bbox 2186 3003 2339 3058; x_wconf 89' lang='grc' dir='ltr'>Μετά</span> <span class='ocrx_word' id='word_1_458' title='bbox 2368 3003 2581 3073; x_wconf 85' lang='grc' dir='ltr'>ἀγαθῆς</span> <span class='ocrx_word' id='word_1_459' title='bbox 2604 3003 2700 3073; x_wconf 85' lang='grc' dir='ltr'>μὲν</span> <span class='ocrx_word' id='word_1_460' title='bbox 2726 3001 2939 3064; x_wconf 78' lang='grc' dir='ltr'>ἐλπίδος</span> <span class='ocrx_word' id='word_1_461' title='bbox 2954 3001 3053 3064; x_wconf 84' lang='grc' dir='ltr'>τὰς</span> <span class='ocrx_word' id='word_1_462' title='bbox 3077 3001 3248 3064; x_wconf 80' lang='grc' dir='ltr'>καλὰς</span> <span class='ocrx_word' id='word_1_463' title='bbox 3275 2998 3454 3070; x_wconf 81' lang='grc' dir='ltr'>ψυχὰς</span> <span class='ocrx_word' id='word_1_464' title='bbox 3488 2998 3706 3052; x_wconf 73' lang='grc' dir='ltr'>ἐνθένδε</span> 
     </span>
    </p>
   </div>
   <div class='ocr_carea' id='block_1_61' title="bbox 2122 3091 3705 3164">
    <p class='ocr_par' dir='ltr' id='par_1_61' title="bbox 2122 3091 3705 3164">
     <span class='ocr_line' id='line_1_61' title="bbox 2122 3091 3705 3164; baseline -0.002 -16"><span class='ocrx_word' id='word_1_465' title='bbox 2122 3095 2376 3148; x_wconf 77' lang='grc' dir='ltr'>ἀπιέναι·</span> <span class='ocrx_word' id='word_1_466' title='bbox 2420 3095 2471 3147; x_wconf 80' lang='grc' dir='ltr'>οι</span> <span class='ocrx_word' id='word_1_467' title='bbox 2502 3094 2728 3164; x_wconf 76' lang='grc' dir='ltr'>πονηροὶ</span> <span class='ocrx_word' id='word_1_468' title='bbox 2773 3093 2820 3126; x_wconf 82' lang='grc'>⁸⁸</span> <span class='ocrx_word' id='word_1_469' title='bbox 2862 3093 2920 3146; x_wconf 86' lang='grc' dir='ltr'>δὲ</span> <span class='ocrx_word' id='word_1_470' title='bbox 2947 3091 3119 3156; x_wconf 79' lang='grc' dir='ltr'>ζῶσι,</span> <span class='ocrx_word' id='word_1_471' title='bbox 3149 3093 3284 3162; x_wconf 66' lang='grc' dir='ltr'>φησι</span> <span class='ocrx_word' id='word_1_472' title='bbox 3309 3131 3324 3153; x_wconf 87' lang='grc'>,</span> <span class='ocrx_word' id='word_1_473' title='bbox 3355 3091 3495 3163; x_wconf 86' lang='grc' dir='ltr'>μετά</span> <span class='ocrx_word' id='word_1_474' title='bbox 3521 3093 3705 3162; x_wconf 83' lang='grc' dir='ltr'>κακῆς</span> 
     </span>
    </p>
   </div>
   <div class='ocr_carea' id='block_1_62' title="bbox 437 3177 2018 3266">
    <p class='ocr_par' dir='ltr' id='par_1_62' title="bbox 437 3181 2018 3254">
     <span class='ocr_line' id='line_1_62' title="bbox 437 3181 2018 3254; baseline -0.002 -15"><span class='ocrx_word' id='word_1_475' title='bbox 437 3197 568 3239; x_wconf 86' lang='lat' dir='ltr'>cum</span> <span class='ocrx_word' id='word_1_476' title='bbox 598 3198 695 3253; x_wconf 87' lang='lat' dir='ltr'>spe</span> <span class='ocrx_word' id='word_1_477' title='bbox 719 3181 932 3236; x_wconf 88' lang='lat' dir='ltr'><strong>vivunt.</strong></span> <span class='ocrx_word' id='word_1_478' title='bbox 967 3199 986 3233; x_wconf 73' lang='grc' dir='ltr'>ι</span> <span class='ocrx_word' id='word_1_479' title='bbox 1024 3181 1171 3236; x_wconf 88' lang='lat' dir='ltr'><strong>Idem</strong></span> <span class='ocrx_word' id='word_1_480' title='bbox 1194 3196 1416 3252; x_wconf 91' lang='lat' dir='ltr'><strong>quoque</strong></span> <span class='ocrx_word' id='word_1_481' title='bbox 1441 3182 1843 3254; x_wconf 83' lang='lat' dir='ltr'><strong>philosophiam</strong></span> <span class='ocrx_word' id='word_1_482' title='bbox 1873 3195 2018 3237; x_wconf 91' lang='lat' dir='ltr'><strong>mor-</strong></span> 
     </span>
    </p>
   </div>
   <div class='ocr_carea' id='block_1_63' title="bbox 2120 3177 3702 3266">
    <p class='ocr_par' dir='ltr' id='par_1_63' title="bbox 2123 3177 3702 3253">
     <span class='ocr_line' id='line_1_63' title="bbox 2123 3177 3702 3253; baseline -0.001 -17"><span class='ocrx_word' id='word_1_483' title='bbox 2123 3184 2355 3248; x_wconf 80' lang='grc' dir='ltr'>ὲλπίδος.</span> <span class='ocrx_word' id='word_1_484' title='bbox 2394 3203 2414 3236; x_wconf 85' lang='grc'><strong>›</strong></span> <span class='ocrx_word' id='word_1_485' title='bbox 2457 3177 2625 3248; x_wconf 77' lang='grc' dir='ltr'>οὗτος</span> <span class='ocrx_word' id='word_1_486' title='bbox 2654 3184 2748 3237; x_wconf 77' lang='grc' dir='ltr'>καὶ</span> <span class='ocrx_word' id='word_1_487' title='bbox 2773 3183 2874 3253; x_wconf 78' lang='grc' dir='ltr'>τὴν</span> <span class='ocrx_word' id='word_1_488' title='bbox 2915 3181 3237 3252; x_wconf 79' lang='grc' dir='ltr'>φιλοσοφίαν</span> <span class='ocrx_word' id='word_1_489' title='bbox 3269 3181 3500 3235; x_wconf 89' lang='grc' dir='ltr'>θανάτου</span> <span class='ocrx_word' id='word_1_490' title='bbox 3539 3181 3702 3252; x_wconf 85' lang='grc' dir='ltr'>μελέ-</span> 
     </span>
    </p>
   </div>
   <div class='ocr_carea' id='block_1_64' title="bbox 437 3273 2019 3344">
    <p class='ocr_par' dir='ltr' id='par_1_64' title="bbox 437 3273 2019 3344">
     <span class='ocr_line' id='line_1_64' title="bbox 437 3273 2019 3344; baseline 0 -14"><span class='ocrx_word' id='word_1_491' title='bbox 437 3276 514 3333; x_wconf 84' lang='lat' dir='ltr'>tis</span> <span class='ocrx_word' id='word_1_492' title='bbox 535 3274 947 3330; x_wconf 84' lang='lat' dir='ltr'><strong>meditationem</strong></span> <span class='ocrx_word' id='word_1_493' title='bbox 975 3288 1095 3329; x_wconf 90' lang='lat' dir='ltr'><strong>esse</strong></span> <span class='ocrx_word' id='word_1_494' title='bbox 1118 3273 1257 3328; x_wconf 80' lang='lat' dir='ltr'><strong>dixit</strong></span> <span class='ocrx_word' id='word_1_495' title='bbox 1283 3276 1358 3343; x_wconf 91' lang='lat' dir='ltr'><strong>(p.</strong></span> <span class='ocrx_word' id='word_1_496' title='bbox 1412 3274 1482 3329; x_wconf 77' lang='grc'>64</span> <span class='ocrx_word' id='word_1_497' title='bbox 1521 3273 1610 3344; x_wconf 81' lang='grc' dir='ltr'>Α).</span> <span class='ocrx_word' id='word_1_498' title='bbox 1659 3292 1679 3326; x_wconf 80' lang='grc' dir='ltr'>ι</span> <span class='ocrx_word' id='word_1_499' title='bbox 1713 3273 1818 3342; x_wconf 85' lang='lat' dir='ltr'><strong>Qui</strong></span> <span class='ocrx_word' id='word_1_500' title='bbox 1849 3283 2019 3341; x_wconf 89' lang='lat' dir='ltr'><strong>recte,</strong></span> 
     </span>
    </p>
   </div>
   <div class='ocr_carea' id='block_1_65' title="bbox 435 3363 2024 3439">
    <p class='ocr_par' dir='ltr' id='par_1_65' title="bbox 435 3363 2024 3439">
     <span class='ocr_line' id='line_1_65' title="bbox 435 3363 2024 3439; baseline -0.002 -16"><span class='ocrx_word' id='word_1_501' title='bbox 435 3367 639 3439; x_wconf 80' lang='lat' dir='ltr'><strong>inquit,</strong></span> <span class='ocrx_word' id='word_1_502' title='bbox 663 3363 1068 3437; x_wconf 86' lang='lat' dir='ltr'><strong>philosophiam</strong></span> <span class='ocrx_word' id='word_1_503' title='bbox 1103 3365 1400 3436; x_wconf 79' lang='lat' dir='ltr'><strong>attingunt,</strong></span> <span class='ocrx_word' id='word_1_504' title='bbox 1426 3364 1482 3420; x_wconf 90' lang='lat' dir='ltr'>in</span> <span class='ocrx_word' id='word_1_505' title='bbox 1511 3379 1579 3419; x_wconf 88' lang='lat' dir='ltr'><strong>eo</strong></span> <span class='ocrx_word' id='word_1_506' title='bbox 1597 3374 1726 3421; x_wconf 87' lang='lat' dir='ltr'><strong>sunt</strong></span> <span class='ocrx_word' id='word_1_507' title='bbox 1755 3373 1817 3420; x_wconf 92' lang='lat' dir='ltr'>ut</span> <span class='ocrx_word' id='word_1_508' title='bbox 1844 3365 2024 3420; x_wconf 85' lang='lat' dir='ltr'><strong>homi—</strong></span> 
     </span>
    </p>
   </div>
   <div class='ocr_carea' id='block_1_66' title="bbox 437 3455 2017 3526">
    <p class='ocr_par' dir='ltr' id='par_1_66' title="bbox 437 3455 2017 3526">
     <span class='ocr_line' id='line_1_66' title="bbox 437 3455 2017 3526; baseline -0.001 -13"><span class='ocrx_word' id='word_1_509' title='bbox 437 3473 540 3514; x_wconf 85' lang='lat' dir='ltr'>nes</span> <span class='ocrx_word' id='word_1_510' title='bbox 569 3459 705 3512; x_wconf 88' lang='lat' dir='ltr'><strong>alios</strong></span> <span class='ocrx_word' id='word_1_511' title='bbox 737 3457 942 3512; x_wconf 85' lang='lat' dir='ltr'><strong>lateant</strong></span> <span class='ocrx_word' id='word_1_512' title='bbox 967 3473 980 3509; x_wconf 88' lang='lat'>:</span> <span class='ocrx_word' id='word_1_513' title='bbox 1004 3455 1451 3526; x_wconf 86' lang='lat' dir='ltr'><strong>quandoquidem</strong></span> <span class='ocrx_word' id='word_1_514' title='bbox 1474 3457 1614 3511; x_wconf 89' lang='lat' dir='ltr'><strong>nihil</strong></span> <span class='ocrx_word' id='word_1_515' title='bbox 1632 3456 1781 3511; x_wconf 91' lang='lat' dir='ltr'><strong>aliud</strong></span> <span class='ocrx_word' id='word_1_516' title='bbox 1803 3465 2017 3524; x_wconf 87' lang='lat' dir='ltr'><strong>curant,</strong></span> 
     </span>
    </p>
   </div>
   <div class='ocr_carea' id='block_1_67' title="bbox 435 3546 2012 3619">
    <p class='ocr_par' dir='ltr' id='par_1_67' title="bbox 435 3546 2012 3619">
     <span class='ocr_line' id='line_1_67' title="bbox 435 3546 2012 3619; baseline -0.001 -14"><span class='ocrx_word' id='word_1_517' title='bbox 435 3549 794 3619; x_wconf 80' lang='lat' dir='ltr'><strong>studentque,</strong></span> <span class='ocrx_word' id='word_1_518' title='bbox 828 3548 934 3602; x_wconf 87' lang='lat' dir='ltr'><strong>nisi</strong></span> <span class='ocrx_word' id='word_1_519' title='bbox 977 3556 1037 3602; x_wconf 86' lang='lat' dir='ltr'>ut</span> <span class='ocrx_word' id='word_1_520' title='bbox 1053 3546 1378 3612; x_wconf 87' lang='lat' dir='ltr'><strong>moriantur,</strong></span> <span class='ocrx_word' id='word_1_521' title='bbox 1398 3547 1833 3618; x_wconf 86' lang='lat' dir='ltr'><strong>mortuiquejam</strong></span> <span class='ocrx_word' id='word_1_522' title='bbox 1851 3547 2012 3604; x_wconf 61' lang='lat' dir='ltr'><strong>sint.»</strong></span> 
     </span>
    </p>
   </div>
   <div class='ocr_carea' id='block_1_68' title="bbox 439 3639 2020 3712">
    <p class='ocr_par' dir='ltr' id='par_1_68' title="bbox 439 3639 2020 3712">
     <span class='ocr_line' id='line_1_68' title="bbox 439 3639 2020 3712; baseline -0.003 -14"><span class='ocrx_word' id='word_1_523' title='bbox 439 3643 566 3698; x_wconf 67' lang='lat' dir='ltr'><strong>Haec</strong></span> <span class='ocrx_word' id='word_1_524' title='bbox 615 3643 802 3712; x_wconf 88' lang='lat' dir='ltr'><strong>itaque</strong></span> <span class='ocrx_word' id='word_1_525' title='bbox 847 3641 1032 3695; x_wconf 90' lang='lat' dir='ltr'><strong>omnia</strong></span> <span class='ocrx_word' id='word_1_526' title='bbox 1056 3639 1112 3693; x_wconf 90' lang='lat' dir='ltr'>in</span> <span class='ocrx_word' id='word_1_527' title='bbox 1135 3639 1396 3694; x_wconf 60' lang='lat' dir='ltr'><strong>Phaedone</strong></span> <span class='ocrx_word' id='word_1_528' title='bbox 1427 3639 1686 3709; x_wconf 88' lang='lat' dir='ltr'><strong>scripsit:</strong></span> <span class='ocrx_word' id='word_1_529' title='bbox 1718 3640 1776 3693; x_wconf 90' lang='lat' dir='ltr'>in</span> <span class='ocrx_word' id='word_1_530' title='bbox 1803 3639 2020 3693; x_wconf 89' lang='lat' dir='ltr'><strong>decimo</strong></span> 
     </span>
    </p>
   </div>
   <div class='ocr_carea' id='block_1_69' title="bbox 435 3728 2015 3804">
    <p class='ocr_par' dir='ltr' id='par_1_69' title="bbox 435 3728 2015 3804">
     <span class='ocr_line' id='line_1_69' title="bbox 435 3728 2015 3804; baseline -0.004 -14"><span class='ocrx_word' id='word_1_531' title='bbox 435 3744 624 3790; x_wconf 89' lang='lat' dir='ltr'><strong>autem</strong></span> <span class='ocrx_word' id='word_1_532' title='bbox 672 3733 988 3804; x_wconf 70' lang='lat' dir='ltr'><strong>Reipublicae</strong></span> <span class='ocrx_word' id='word_1_533' title='bbox 1027 3731 1174 3786; x_wconf 88' lang='lat' dir='ltr'><strong>libro</strong></span> <span class='ocrx_word' id='word_1_534' title='bbox 1224 3732 1304 3786; x_wconf 91' lang='lat' dir='ltr'>sic</span> <span class='ocrx_word' id='word_1_535' title='bbox 1349 3729 1600 3800; x_wconf 89' lang='lat' dir='ltr'><strong>loquitur</strong></span> <span class='ocrx_word' id='word_1_536' title='bbox 1646 3729 1724 3801; x_wconf 92' lang='lat' dir='ltr'><strong>(p.</strong></span> <span class='ocrx_word' id='word_1_537' title='bbox 1766 3728 1872 3784; x_wconf 72' lang='grc'>468</span> <span class='ocrx_word' id='word_1_538' title='bbox 1905 3728 2015 3799; x_wconf 88' lang='lat' dir='ltr'>E):</span> 
     </span>
    </p>
   </div>
   <div class='ocr_carea' id='block_1_70' title="bbox 445 3820 2020 3892">
    <p class='ocr_par' dir='ltr' id='par_1_70' title="bbox 445 3820 2020 3892">
     <span class='ocr_line' id='line_1_70' title="bbox 445 3820 2020 3892; baseline -0.001 -16"><span class='ocrx_word' id='word_1_539' title='bbox 445 3847 466 3876; x_wconf 72' lang='grc' dir='ltr'>ο</span> <span class='ocrx_word' id='word_1_540' title='bbox 502 3827 581 3880; x_wconf 87' lang='lat' dir='ltr'><strong>Ex</strong></span> <span class='ocrx_word' id='word_1_541' title='bbox 603 3825 669 3878; x_wconf 86' lang='lat' dir='ltr'>iis</span> <span class='ocrx_word' id='word_1_542' title='bbox 689 3832 870 3878; x_wconf 85' lang='lat' dir='ltr'><strong>autem</strong></span> <span class='ocrx_word' id='word_1_543' title='bbox 897 3821 990 3892; x_wconf 92' lang='lat' dir='ltr'>qui</span> <span class='ocrx_word' id='word_1_544' title='bbox 1019 3822 1074 3875; x_wconf 91' lang='lat' dir='ltr'>in</span> <span class='ocrx_word' id='word_1_545' title='bbox 1102 3821 1548 3892; x_wconf 83' lang='lat' dir='ltr'><strong>expeditionibus</strong></span> <span class='ocrx_word' id='word_1_546' title='bbox 1572 3820 1873 3890; x_wconf 83' lang='lat' dir='ltr'><strong>perierunt,</strong></span> <span class='ocrx_word' id='word_1_547' title='bbox 1895 3821 2020 3890; x_wconf 88' lang='lat' dir='ltr'><strong>qui-</strong></span> 
     </span>
    </p>
   </div>
   <div class='ocr_carea' id='block_1_71' title="bbox 438 3911 2017 3984">
    <p class='ocr_par' dir='ltr' id='par_1_71' title="bbox 438 3911 2017 3984">
     <span class='ocr_line' id='line_1_71' title="bbox 438 3911 2017 3984; baseline -0.003 -13"><span class='ocrx_word' id='word_1_548' title='bbox 438 3930 660 3984; x_wconf 89' lang='lat' dir='ltr'><strong>cunque</strong></span> <span class='ocrx_word' id='word_1_549' title='bbox 690 3914 942 3968; x_wconf 89' lang='lat' dir='ltr'><strong>laudatus</strong></span> <span class='ocrx_word' id='word_1_550' title='bbox 975 3913 1210 3977; x_wconf 87' lang='lat' dir='ltr'><strong>interiit,</strong></span> <span class='ocrx_word' id='word_1_551' title='bbox 1242 3927 1425 3966; x_wconf 89' lang='lat' dir='ltr'><strong>nonne</strong></span> <span class='ocrx_word' id='word_1_552' title='bbox 1462 3911 1888 3981; x_wconf 63' lang='lat' dir='ltr'><strong>primum&#39;aurei</strong></span> <span class='ocrx_word' id='word_1_553' title='bbox 1922 3927 2017 3982; x_wconf 80' lang='lat' dir='ltr'>ge-</span> 
     </span>
    </p>
   </div>
   <div class='ocr_carea' id='block_1_72' title="bbox 439 4001 2018 4072">
    <p class='ocr_par' dir='ltr' id='par_1_72' title="bbox 439 4001 2018 4072">
     <span class='ocr_line' id='line_1_72' title="bbox 439 4001 2018 4072; baseline -0.004 -10"><span class='ocrx_word' id='word_1_554' title='bbox 439 4008 591 4063; x_wconf 88' lang='lat' dir='ltr'><strong>neris</strong></span> <span class='ocrx_word' id='word_1_555' title='bbox 657 4021 778 4060; x_wconf 88' lang='lat' dir='ltr'><strong>esse</strong></span> <span class='ocrx_word' id='word_1_556' title='bbox 828 4003 1122 4060; x_wconf 86' lang='lat' dir='ltr'><strong>dicemus?</strong></span> <span class='ocrx_word' id='word_1_557' title='bbox 1172 4001 1428 4057; x_wconf 90' lang='lat' dir='ltr'><strong>Omnino.</strong></span> <span class='ocrx_word' id='word_1_558' title='bbox 1468 4019 1486 4051; x_wconf 75' lang='grc' dir='ltr'>ι</span> <span class='ocrx_word' id='word_1_559' title='bbox 1562 4001 1841 4072; x_wconf 90' lang='lat' dir='ltr'><strong>Pauloque</strong></span> <span class='ocrx_word' id='word_1_560' title='bbox 1894 4010 2018 4072; x_wconf 87' lang='lat' dir='ltr'><strong>post</strong></span> 
     </span>
    </p>
   </div>
   <div class='ocr_carea' id='block_1_73' title="bbox 443 4091 2014 4171">
    <p class='ocr_par' dir='ltr' id='par_1_73' title="bbox 443 4091 2014 4171">
     <span class='ocr_line' id='line_1_73' title="bbox 443 4091 2014 4171; baseline -0.004 -19"><span class='ocrx_word' id='word_1_561' title='bbox 443 4100 520 4171; x_wconf 85' lang='lat' dir='ltr'><strong>(p.</strong></span> <span class='ocrx_word' id='word_1_562' title='bbox 569 4097 673 4152; x_wconf 72' lang='grc'>469</span> <span class='ocrx_word' id='word_1_563' title='bbox 728 4096 795 4165; x_wconf 83' lang='grc' dir='ltr'>Α)</span> <span class='ocrx_word' id='word_1_564' title='bbox 843 4112 857 4150; x_wconf 88' lang='lat'>:</span> <span class='ocrx_word' id='word_1_565' title='bbox 897 4114 915 4146; x_wconf 86' lang='grc'><strong>‹</strong></span> <span class='ocrx_word' id='word_1_566' title='bbox 943 4092 1084 4160; x_wconf 83' lang='lat' dir='ltr'><strong>Quid</strong></span> <span class='ocrx_word' id='word_1_567' title='bbox 1135 4091 1362 4164; x_wconf 84' lang='lat' dir='ltr'><strong>autem?</strong></span> <span class='ocrx_word' id='word_1_568' title='bbox 1394 4107 1578 4146; x_wconf 88' lang='lat' dir='ltr'><strong>annon</strong></span> <span class='ocrx_word' id='word_1_569' title='bbox 1625 4093 1680 4146; x_wconf 86' lang='lat' dir='ltr'>in</span> <span class='ocrx_word' id='word_1_570' title='bbox 1711 4101 2014 4162; x_wconf 89' lang='lat' dir='ltr'><strong>posterum,</strong></span> 
     </span>
    </p>
   </div>
   <div class='ocr_carea' id='block_1_74' title="bbox 439 4183 2015 4261">
    <p class='ocr_par' dir='ltr' id='par_1_74' title="bbox 439 4183 2015 4261">
     <span class='ocr_line' id='line_1_74' title="bbox 439 4183 2015 4261; baseline -0.004 -16"><span class='ocrx_word' id='word_1_571' title='bbox 439 4189 666 4261; x_wconf 91' lang='lat' dir='ltr'><strong>perinde</strong></span> <span class='ocrx_word' id='word_1_572' title='bbox 701 4204 765 4242; x_wconf 88' lang='lat' dir='ltr'>ac</span> <span class='ocrx_word' id='word_1_573' title='bbox 797 4187 841 4243; x_wconf 93' lang='lat' dir='ltr'>si</span> <span class='ocrx_word' id='word_1_574' title='bbox 875 4187 1153 4241; x_wconf 79' lang='lat' dir='ltr'><strong>daemones</strong></span> <span class='ocrx_word' id='word_1_575' title='bbox 1184 4184 1262 4238; x_wconf 89' lang='lat' dir='ltr'><strong>illi</strong></span> <span class='ocrx_word' id='word_1_576' title='bbox 1293 4183 1421 4238; x_wconf 88' lang='lat' dir='ltr'><strong>facti</strong></span> <span class='ocrx_word' id='word_1_577' title='bbox 1461 4183 1688 4248; x_wconf 87' lang='lat' dir='ltr'><strong>fuerint,</strong></span> <span class='ocrx_word' id='word_1_578' title='bbox 1719 4185 1800 4239; x_wconf 90' lang='lat' dir='ltr'>sic</span> <span class='ocrx_word' id='word_1_579' title='bbox 1821 4199 2015 4240; x_wconf 89' lang='lat' dir='ltr'><strong>eorum</strong></span> 
     </span>
    </p>
   </div>
   <div class='ocr_carea' id='block_1_75' title="bbox 439 4275 2019 4350">
    <p class='ocr_par' dir='ltr' id='par_1_75' title="bbox 439 4275 2019 4350">
     <span class='ocr_line' id='line_1_75' title="bbox 439 4275 2019 4350; baseline -0.001 -14"><span class='ocrx_word' id='word_1_580' title='bbox 439 4282 685 4336; x_wconf 89' lang='lat' dir='ltr'><strong>colemus</strong></span> <span class='ocrx_word' id='word_1_581' title='bbox 718 4279 991 4350; x_wconf 88' lang='lat' dir='ltr'><strong>sepulcra,</strong></span> <span class='ocrx_word' id='word_1_582' title='bbox 1023 4286 1080 4333; x_wconf 92' lang='lat' dir='ltr'>et</span> <span class='ocrx_word' id='word_1_583' title='bbox 1103 4275 1453 4331; x_wconf 87' lang='lat' dir='ltr'><strong>adorabimus</strong></span> <span class='ocrx_word' id='word_1_584' title='bbox 1475 4276 1498 4329; x_wconf 71' lang='grc' dir='ltr'>’ἶ</span> <span class='ocrx_word' id='word_1_585' title='bbox 1525 4277 1782 4348; x_wconf 90' lang='lat' dir='ltr'><strong>idemque</strong></span> <span class='ocrx_word' id='word_1_586' title='bbox 1810 4276 2019 4336; x_wconf 87' lang='lat' dir='ltr'><strong>facien-</strong></span> 
     </span>
    </p>
   </div>
   <div class='ocr_carea' id='block_1_76' title="bbox 439 4368 2013 4440">
    <p class='ocr_par' dir='ltr' id='par_1_76' title="bbox 439 4368 2013 4440">
     <span class='ocr_line' id='line_1_76' title="bbox 439 4368 2013 4440; baseline -0.001 -15"><span class='ocrx_word' id='word_1_587' title='bbox 439 4370 572 4425; x_wconf 82' lang='lat' dir='ltr'>dum</span> <span class='ocrx_word' id='word_1_588' title='bbox 603 4369 1061 4430; x_wconf 84' lang='lat' dir='ltr'><strong>existimabimus,</strong></span> <span class='ocrx_word' id='word_1_589' title='bbox 1111 4368 1279 4422; x_wconf 85' lang='lat' dir='ltr'><strong>etiam</strong></span> <span class='ocrx_word' id='word_1_590' title='bbox 1327 4383 1452 4423; x_wconf 90' lang='lat' dir='ltr'>cum</span> <span class='ocrx_word' id='word_1_591' title='bbox 1505 4370 1662 4425; x_wconf 89' lang='lat' dir='ltr'><strong>senio</strong></span> <span class='ocrx_word' id='word_1_592' title='bbox 1717 4369 2013 4440; x_wconf 90' lang='lat' dir='ltr'><strong>quispiam,</strong></span> 
     </span>
    </p>
   </div>
   <div class='ocr_carea' id='block_1_77' title="bbox 436 4459 2018 4534">
    <p class='ocr_par' dir='ltr' id='par_1_77' title="bbox 436 4459 2018 4534">
     <span class='ocr_line' id='line_1_77' title="bbox 436 4459 2018 4534; baseline 0.001 -19"><span class='ocrx_word' id='word_1_593' title='bbox 436 4462 603 4534; x_wconf 81' lang='lat'>915</span> <span class='ocrx_word' id='word_1_594' title='bbox 631 4463 716 4517; x_wconf 90' lang='lat' dir='ltr'>vel</span> <span class='ocrx_word' id='word_1_595' title='bbox 750 4462 858 4517; x_wconf 90' lang='lat' dir='ltr'><strong>alio</strong></span> <span class='ocrx_word' id='word_1_596' title='bbox 889 4461 1052 4515; x_wconf 89' lang='lat' dir='ltr'><strong>modo</strong></span> <span class='ocrx_word' id='word_1_597' title='bbox 1073 4459 1294 4523; x_wconf 88' lang='lat' dir='ltr'><strong>obierit,</strong></span> <span class='ocrx_word' id='word_1_598' title='bbox 1330 4476 1397 4515; x_wconf 87' lang='lat' dir='ltr'>ex</span> <span class='ocrx_word' id='word_1_599' title='bbox 1420 4461 1488 4516; x_wconf 90' lang='lat' dir='ltr'>iis</span> <span class='ocrx_word' id='word_1_600' title='bbox 1515 4463 1609 4532; x_wconf 91' lang='lat' dir='ltr'>qui</span> <span class='ocrx_word' id='word_1_601' title='bbox 1645 4463 1699 4516; x_wconf 90' lang='lat' dir='ltr'>in</span> <span class='ocrx_word' id='word_1_602' title='bbox 1722 4463 1835 4516; x_wconf 88' lang='lat' dir='ltr'><strong>vita</strong></span> <span class='ocrx_word' id='word_1_603' title='bbox 1857 4478 2018 4533; x_wconf 84' lang='lat' dir='ltr'><strong>egre-</strong></span> 
     </span>
    </p>
   </div>
   <div class='ocr_carea' id='block_1_78' title="bbox 2122 3273 3703 3347">
    <p class='ocr_par' dir='ltr' id='par_1_78' title="bbox 2122 3273 3703 3347">
     <span class='ocr_line' id='line_1_78' title="bbox 2122 3273 3703 3347; baseline -0.003 -17"><span class='ocrx_word' id='word_1_604' title='bbox 2122 3293 2223 3347; x_wconf 87' lang='grc' dir='ltr'>την</span> <span class='ocrx_word' id='word_1_605' title='bbox 2263 3275 2510 3332; x_wconf 80' lang='grc' dir='ltr'>ἐκάλεσε.</span> <span class='ocrx_word' id='word_1_606' title='bbox 2540 3295 2558 3329; x_wconf 75' lang='grc' dir='ltr'>ι</span> <span class='ocrx_word' id='word_1_607' title='bbox 2596 3275 2981 3330; x_wconf 82' lang='grc' dir='ltr'>Κινδυνεύουσι</span> <span class='ocrx_word' id='word_1_608' title='bbox 3019 3274 3163 3346; x_wconf 79' lang='grc' dir='ltr'>γὰρ,</span> <span class='ocrx_word' id='word_1_609' title='bbox 3191 3274 3378 3343; x_wconf 73' lang='grc' dir='ltr'>φησιν,</span> <span class='ocrx_word' id='word_1_610' title='bbox 3419 3273 3533 3326; x_wconf 82' lang='grc' dir='ltr'>ὅσοι</span> <span class='ocrx_word' id='word_1_611' title='bbox 3571 3289 3703 3341; x_wconf 84' lang='grc' dir='ltr'>τυγ-</span> 
     </span>
    </p>
   </div>
   <div class='ocr_carea' id='block_1_79' title="bbox 2122 3363 3701 3440">
    <p class='ocr_par' dir='ltr' id='par_1_79' title="bbox 2122 3363 3701 3440">
     <span class='ocr_line' id='line_1_79' title="bbox 2122 3363 3701 3440; baseline -0.004 -17"><span class='ocrx_word' id='word_1_612' title='bbox 2122 3370 2376 3440; x_wconf 86' lang='grc' dir='ltr'>χάνουσιν</span> <span class='ocrx_word' id='word_1_613' title='bbox 2407 3366 2583 3439; x_wconf 83' lang='grc' dir='ltr'>ὀρθῶς</span> <span class='ocrx_word' id='word_1_614' title='bbox 2614 3367 2910 3438; x_wconf 82' lang='grc' dir='ltr'>ἁπτόμενοι</span> <span class='ocrx_word' id='word_1_615' title='bbox 2960 3366 3282 3435; x_wconf 83' lang='grc' dir='ltr'>φιλοσοφίας</span> <span class='ocrx_word' id='word_1_616' title='bbox 3319 3365 3385 3429; x_wconf 79' lang='grc'>⁸³,</span> <span class='ocrx_word' id='word_1_617' title='bbox 3418 3363 3701 3432; x_wconf 84' lang='grc' dir='ltr'>λεληθέναι</span> 
     </span>
    </p>
   </div>
   <div class='ocr_carea' id='block_1_80' title="bbox 2121 3451 3812 3527">
    <p class='ocr_par' dir='ltr' id='par_1_80' title="bbox 2121 3451 3812 3527">
     <span class='ocr_line' id='line_1_80' title="bbox 2121 3451 3812 3527; baseline -0.005 -13"><span class='ocrx_word' id='word_1_618' title='bbox 2121 3461 2246 3523; x_wconf 83' lang='grc' dir='ltr'>τοὺς</span> <span class='ocrx_word' id='word_1_619' title='bbox 2273 3459 2464 3523; x_wconf 74' lang='grc' dir='ltr'>ἄλλους</span> <span class='ocrx_word' id='word_1_620' title='bbox 2488 3459 2570 3513; x_wconf 82' lang='grc' dir='ltr'>ὅτι</span> <span class='ocrx_word' id='word_1_621' title='bbox 2593 3458 2722 3514; x_wconf 86' lang='grc' dir='ltr'>ἀλλο</span> <span class='ocrx_word' id='word_1_622' title='bbox 2754 3458 2904 3512; x_wconf 80' lang='grc' dir='ltr'>οὐδὲν</span> <span class='ocrx_word' id='word_1_623' title='bbox 2933 3458 2979 3490; x_wconf 71' lang='grc' dir='ltr'>³ο</span> <span class='ocrx_word' id='word_1_624' title='bbox 3003 3451 3412 3527; x_wconf 80' lang='grc' dir='ltr'>ἐπιτηδεύουσιν</span> <span class='ocrx_word' id='word_1_625' title='bbox 3445 3456 3600 3509; x_wconf 79' lang='grc' dir='ltr'>αὐτοὶ</span> <span class='ocrx_word' id='word_1_626' title='bbox 3620 3497 3636 3521; x_wconf 89' lang='grc'>,</span> <span class='ocrx_word' id='word_1_627' title='bbox 3665 3453 3702 3526; x_wconf 78' lang='grc' dir='ltr'>ἢ</span> <span class='ocrx_word' id='word_1_628' title='bbox 3807 3473 3812 3476; x_wconf 94' lang='grc'>·</span> 
     </span>
    </p>
   </div>
   <div class='ocr_carea' id='block_1_81' title="bbox 2120 3540 3706 3621">
    <p class='ocr_par' dir='ltr' id='par_1_81' title="bbox 2120 3540 3706 3621">
     <span class='ocr_line' id='line_1_81' title="bbox 2120 3540 3706 3621; baseline -0.004 -17"><span class='ocrx_word' id='word_1_629' title='bbox 2120 3550 2485 3621; x_wconf 83' lang='grc' dir='ltr'>ἀποθνήσκειν</span> <span class='ocrx_word' id='word_1_630' title='bbox 2508 3553 2601 3604; x_wconf 72' lang='grc' dir='ltr'>καὶ</span> <span class='ocrx_word' id='word_1_631' title='bbox 2627 3550 2671 3582; x_wconf 81' lang='grc'>⁹¹</span> <span class='ocrx_word' id='word_1_632' title='bbox 2693 3547 2965 3602; x_wconf 85' lang='grc' dir='ltr'>τεθνάναι.</span> <span class='ocrx_word' id='word_1_633' title='bbox 2994 3566 3012 3597; x_wconf 72' lang='grc' dir='ltr'>ι</span> <span class='ocrx_word' id='word_1_634' title='bbox 3043 3546 3226 3600; x_wconf 78' lang='grc' dir='ltr'>Ταῦτα</span> <span class='ocrx_word' id='word_1_635' title='bbox 3253 3547 3350 3616; x_wconf 81' lang='grc' dir='ltr'>μὲν</span> <span class='ocrx_word' id='word_1_636' title='bbox 3371 3540 3464 3599; x_wconf 75' lang='grc' dir='ltr'>οὖν</span> <span class='ocrx_word' id='word_1_637' title='bbox 3486 3545 3706 3599; x_wconf 71' lang='grc' dir='ltr'>ἅπαντα</span> 
     </span>
    </p>
   </div>
   <div class='ocr_carea' id='block_1_82' title="bbox 2120 3636 3708 3712">
    <p class='ocr_par' dir='ltr' id='par_1_82' title="bbox 2120 3636 3708 3712">
     <span class='ocr_line' id='line_1_82' title="bbox 2120 3636 3708 3712; baseline -0.004 -16"><span class='ocrx_word' id='word_1_638' title='bbox 2120 3643 2180 3698; x_wconf 78' lang='grc' dir='ltr'>έν</span> <span class='ocrx_word' id='word_1_639' title='bbox 2211 3642 2288 3712; x_wconf 84' lang='grc' dir='ltr'>τῷ</span> <span class='ocrx_word' id='word_1_640' title='bbox 2312 3641 2567 3695; x_wconf 75' lang='grc' dir='ltr'>Φαίδωνι</span> <span class='ocrx_word' id='word_1_641' title='bbox 2606 3641 2882 3711; x_wconf 81' lang='grc' dir='ltr'>γέγραφεν</span> <span class='ocrx_word' id='word_1_642' title='bbox 2903 3657 2917 3672; x_wconf 79' lang='grc' dir='ltr'><strong>ο</strong></span> <span class='ocrx_word' id='word_1_643' title='bbox 2946 3641 3005 3692; x_wconf 82' lang='grc' dir='ltr'>ὲν</span> <span class='ocrx_word' id='word_1_644' title='bbox 3035 3639 3092 3692; x_wconf 87' lang='grc' dir='ltr'>δὲ</span> <span class='ocrx_word' id='word_1_645' title='bbox 3121 3637 3198 3708; x_wconf 85' lang='grc' dir='ltr'>τῷ</span> <span class='ocrx_word' id='word_1_646' title='bbox 3228 3636 3440 3708; x_wconf 80' lang='grc' dir='ltr'>δεκάτῳ</span> <span class='ocrx_word' id='word_1_647' title='bbox 3469 3639 3567 3708; x_wconf 89' lang='grc' dir='ltr'>τῆς</span> <span class='ocrx_word' id='word_1_648' title='bbox 3595 3642 3708 3690; x_wconf 89' lang='grc' dir='ltr'>Πο-</span> 
     </span>
    </p>
   </div>
   <div class='ocr_carea' id='block_1_83' title="bbox 2117 3730 3706 3804">
    <p class='ocr_par' dir='ltr' id='par_1_83' title="bbox 2117 3730 3706 3804">
     <span class='ocr_line' id='line_1_83' title="bbox 2117 3730 3706 3804; baseline -0.004 -15"><span class='ocrx_word' id='word_1_649' title='bbox 2117 3735 2346 3800; x_wconf 76' lang='grc' dir='ltr'>λιτείας</span> <span class='ocrx_word' id='word_1_650' title='bbox 2373 3734 2517 3787; x_wconf 75' lang='grc' dir='ltr'>οὕτω</span> <span class='ocrx_word' id='word_1_651' title='bbox 2551 3733 2712 3804; x_wconf 85' lang='grc' dir='ltr'>φησί·</span> <span class='ocrx_word' id='word_1_652' title='bbox 2740 3751 2760 3784; x_wconf 77' lang='grc' dir='ltr'>ι</span> <span class='ocrx_word' id='word_1_653' title='bbox 2797 3731 2917 3784; x_wconf 78' lang='grc' dir='ltr'>Τῶν</span> <span class='ocrx_word' id='word_1_654' title='bbox 2945 3732 3001 3785; x_wconf 81' lang='grc' dir='ltr'>δὲ</span> <span class='ocrx_word' id='word_1_655' title='bbox 3031 3731 3095 3800; x_wconf 85' lang='grc' dir='ltr'>δὴ</span> <span class='ocrx_word' id='word_1_656' title='bbox 3115 3730 3496 3785; x_wconf 83' lang='grc' dir='ltr'>ἀποθανόντων</span> <span class='ocrx_word' id='word_1_657' title='bbox 3529 3731 3623 3783; x_wconf 76' lang='grc' dir='ltr'>ἐπὶ</span> <span class='ocrx_word' id='word_1_658' title='bbox 3657 3732 3706 3764; x_wconf 75' lang='grc'>⁸³</span> 
     </span>
    </p>
   </div>
   <div class='ocr_carea' id='block_1_84' title="bbox 2122 3815 3706 3893">
    <p class='ocr_par' dir='ltr' id='par_1_84' title="bbox 2122 3815 3706 3893">
     <span class='ocr_line' id='line_1_84' title="bbox 2122 3815 3706 3893; baseline -0.003 -15"><span class='ocrx_word' id='word_1_659' title='bbox 2122 3822 2412 3893; x_wconf 88' lang='grc' dir='ltr'>στρατείας</span> <span class='ocrx_word' id='word_1_660' title='bbox 2443 3823 2511 3887; x_wconf 72' lang='grc' dir='ltr'>θ’,</span> <span class='ocrx_word' id='word_1_661' title='bbox 2553 3823 2611 3886; x_wconf 78' lang='grc' dir='ltr'>ὃς</span> <span class='ocrx_word' id='word_1_662' title='bbox 2646 3822 2713 3874; x_wconf 85' lang='grc' dir='ltr'>ἂν</span> <span class='ocrx_word' id='word_1_663' title='bbox 2758 3821 3130 3890; x_wconf 81' lang='grc' dir='ltr'>εὐδοκιμήσας</span> <span class='ocrx_word' id='word_1_664' title='bbox 3169 3820 3490 3891; x_wconf 78' lang='grc' dir='ltr'>τελευτήσῃ,</span> <span class='ocrx_word' id='word_1_665' title='bbox 3517 3815 3608 3890; x_wconf 81' lang='grc' dir='ltr'>ἆρ’</span> <span class='ocrx_word' id='word_1_666' title='bbox 3639 3820 3706 3874; x_wconf 85' lang='grc' dir='ltr'>οὺ</span> 
     </span>
    </p>
   </div>
   <div class='ocr_carea' id='block_1_85' title="bbox 2121 3907 3708 3986">
    <p class='ocr_par' dir='ltr' id='par_1_85' title="bbox 2121 3907 3708 3986">
     <span class='ocr_line' id='line_1_85' title="bbox 2121 3907 3708 3986; baseline -0.003 -18"><span class='ocrx_word' id='word_1_667' title='bbox 2121 3915 2339 3986; x_wconf 82' lang='grc' dir='ltr'>πρῶτον</span> <span class='ocrx_word' id='word_1_668' title='bbox 2373 3915 2472 3984; x_wconf 84' lang='grc' dir='ltr'>μὲν</span> <span class='ocrx_word' id='word_1_669' title='bbox 2495 3913 2589 3966; x_wconf 81' lang='grc' dir='ltr'>τοῦ</span> <span class='ocrx_word' id='word_1_670' title='bbox 2621 3912 2822 3983; x_wconf 81' lang='grc' dir='ltr'>χρυσοῦ</span> <span class='ocrx_word' id='word_1_671' title='bbox 2859 3914 3050 3981; x_wconf 87' lang='grc' dir='ltr'>γένους</span> <span class='ocrx_word' id='word_1_672' title='bbox 3071 3907 3211 3966; x_wconf 80' lang='grc' dir='ltr'>εἶναι</span> <span class='ocrx_word' id='word_1_673' title='bbox 3242 3914 3523 3983; x_wconf 86' lang='grc' dir='ltr'>φήσομεν;</span> <span class='ocrx_word' id='word_1_674' title='bbox 3559 3913 3708 3966; x_wconf 71' lang='grc' dir='ltr'>Πάν-</span> 
     </span>
    </p>
   </div>
   <div class='ocr_carea' id='block_1_86' title="bbox 2118 4001 3704 4074">
    <p class='ocr_par' dir='ltr' id='par_1_86' title="bbox 2118 4001 3704 4074">
     <span class='ocr_line' id='line_1_86' title="bbox 2118 4001 3704 4074; baseline -0.001 -17"><span class='ocrx_word' id='word_1_675' title='bbox 2118 4022 2225 4058; x_wconf 89' lang='grc' dir='ltr'>των</span> <span class='ocrx_word' id='word_1_676' title='bbox 2262 4003 2514 4074; x_wconf 81' lang='grc' dir='ltr'>μάλιστα.</span> <span class='ocrx_word' id='word_1_677' title='bbox 2557 4022 2574 4055; x_wconf 78' lang='grc' dir='ltr'>ι</span> <span class='ocrx_word' id='word_1_678' title='bbox 2617 4002 2726 4057; x_wconf 83' lang='grc' dir='ltr'>Καὶ</span> <span class='ocrx_word' id='word_1_679' title='bbox 2757 4001 2872 4072; x_wconf 80' lang='grc' dir='ltr'>μετ’</span> <span class='ocrx_word' id='word_1_680' title='bbox 2899 4001 3086 4070; x_wconf 79' lang='grc' dir='ltr'>ὀλίγαο</span> <span class='ocrx_word' id='word_1_681' title='bbox 3118 4020 3137 4053; x_wconf 76' lang='grc' dir='ltr'>ι</span> <span class='ocrx_word' id='word_1_682' title='bbox 3180 4002 3244 4054; x_wconf 90' lang='grc' dir='ltr'>Τί</span> <span class='ocrx_word' id='word_1_683' title='bbox 3266 4001 3324 4055; x_wconf 85' lang='grc' dir='ltr'>δέ</span> <span class='ocrx_word' id='word_1_684' title='bbox 3359 4002 3440 4068; x_wconf 71' lang='grc'>9¹’;</span> <span class='ocrx_word' id='word_1_685' title='bbox 3471 4003 3533 4055; x_wconf 87' lang='grc' dir='ltr'>οὐ</span> <span class='ocrx_word' id='word_1_686' title='bbox 3569 4001 3704 4071; x_wconf 85' lang='grc' dir='ltr'>μέλ-</span> 
     </span>
    </p>
   </div>
   <div class='ocr_carea' id='block_1_87' title="bbox 2117 4092 3701 4166">
    <p class='ocr_par' dir='ltr' id='par_1_87' title="bbox 2117 4092 3701 4166">
     <span class='ocr_line' id='line_1_87' title="bbox 2117 4092 3701 4166; baseline -0.001 -18"><span class='ocrx_word' id='word_1_687' title='bbox 2117 4095 2282 4166; x_wconf 83' lang='grc' dir='ltr'>λομεν</span> <span class='ocrx_word' id='word_1_688' title='bbox 2334 4093 2426 4148; x_wconf 81' lang='grc' dir='ltr'>τὸν</span> <span class='ocrx_word' id='word_1_689' title='bbox 2461 4094 2645 4148; x_wconf 81' lang='grc' dir='ltr'>λοιπὸν</span> <span class='ocrx_word' id='word_1_690' title='bbox 2693 4094 2906 4165; x_wconf 86' lang='grc' dir='ltr'>χρόνον,</span> <span class='ocrx_word' id='word_1_691' title='bbox 2952 4093 3028 4156; x_wconf 85' lang='grc' dir='ltr'>ὡς</span> <span class='ocrx_word' id='word_1_692' title='bbox 3069 4092 3332 4163; x_wconf 84' lang='grc' dir='ltr'>δαίμονας</span> <span class='ocrx_word' id='word_1_693' title='bbox 3383 4095 3701 4163; x_wconf 84' lang='grc' dir='ltr'>γεγονότας,</span> 
     </span>
    </p>
   </div>
   <div class='ocr_carea' id='block_1_88' title="bbox 2117 4184 3702 4258">
    <p class='ocr_par' dir='ltr' id='par_1_88' title="bbox 2117 4184 3702 4258">
     <span class='ocr_line' id='line_1_88' title="bbox 2117 4184 3702 4258; baseline -0.003 -17"><span class='ocrx_word' id='word_1_694' title='bbox 2117 4187 2260 4241; x_wconf 80' lang='grc' dir='ltr'>οὕτω</span> <span class='ocrx_word' id='word_1_695' title='bbox 2282 4185 2610 4258; x_wconf 86' lang='grc' dir='ltr'>θεραπεύειν</span> <span class='ocrx_word' id='word_1_696' title='bbox 2635 4203 2694 4239; x_wconf 89' lang='grc' dir='ltr'>τε</span> <span class='ocrx_word' id='word_1_697' title='bbox 2717 4186 2812 4238; x_wconf 76' lang='grc' dir='ltr'>καὶ</span> <span class='ocrx_word' id='word_1_698' title='bbox 2832 4187 3161 4256; x_wconf 88' lang='grc' dir='ltr'>προσκυνεῖν</span> <span class='ocrx_word' id='word_1_699' title='bbox 3177 4184 3357 4238; x_wconf 81' lang='grc' dir='ltr'>αὐτῶν</span> <span class='ocrx_word' id='word_1_700' title='bbox 3377 4185 3474 4249; x_wconf 84' lang='grc' dir='ltr'>τὰς</span> <span class='ocrx_word' id='word_1_701' title='bbox 3495 4184 3672 4255; x_wconf 90' lang='grc' dir='ltr'>θήκας</span> <span class='ocrx_word' id='word_1_702' title='bbox 3686 4223 3702 4249; x_wconf 87' lang='grc'>,</span> 
     </span>
    </p>
   </div>
   <div class='ocr_carea' id='block_1_89' title="bbox 2117 4277 3704 4350">
    <p class='ocr_par' dir='ltr' id='par_1_89' title="bbox 2117 4277 3704 4350">
     <span class='ocr_line' id='line_1_89' title="bbox 2117 4277 3704 4350; baseline -0.003 -14"><span class='ocrx_word' id='word_1_703' title='bbox 2117 4282 2185 4336; x_wconf 86' lang='grc' dir='ltr'>τὰ</span> <span class='ocrx_word' id='word_1_704' title='bbox 2214 4279 2352 4336; x_wconf 82' lang='grc' dir='ltr'>αὐτά</span> <span class='ocrx_word' id='word_1_705' title='bbox 2386 4279 2442 4332; x_wconf 85' lang='grc' dir='ltr'>δὲ</span> <span class='ocrx_word' id='word_1_706' title='bbox 2484 4278 2776 4348; x_wconf 79' lang='grc' dir='ltr'>νομιοῦμεν</span> <span class='ocrx_word' id='word_1_707' title='bbox 2808 4277 2948 4349; x_wconf 71' lang='grc' dir='ltr'>[καὶ]</span> <span class='ocrx_word' id='word_1_708' title='bbox 3003 4279 3050 4310; x_wconf 69' lang='grc' dir='ltr'>θ’</span> <span class='ocrx_word' id='word_1_709' title='bbox 3080 4279 3208 4331; x_wconf 82' lang='grc' dir='ltr'>ὅταν</span> <span class='ocrx_word' id='word_1_710' title='bbox 3236 4295 3321 4342; x_wconf 91' lang='grc' dir='ltr'>τις</span> <span class='ocrx_word' id='word_1_711' title='bbox 3351 4279 3498 4350; x_wconf 80' lang='grc' dir='ltr'>γήρᾳ</span> <span class='ocrx_word' id='word_1_712' title='bbox 3525 4279 3559 4348; x_wconf 82' lang='grc' dir='ltr'>ῆ</span> <span class='ocrx_word' id='word_1_713' title='bbox 3594 4295 3704 4333; x_wconf 86' lang='grc' dir='ltr'>τινι</span> 
     </span>
    </p>
   </div>
   <div class='ocr_carea' id='block_1_90' title="bbox 2117 4366 3704 4440">
    <p class='ocr_par' dir='ltr' id='par_1_90' title="bbox 2117 4366 3704 4440">
     <span class='ocr_line' id='line_1_90' title="bbox 2117 4366 3704 4440; baseline -0.002 -17"><span class='ocrx_word' id='word_1_714' title='bbox 2117 4369 2262 4440; x_wconf 82' lang='grc' dir='ltr'>ἄλλῳ</span> <span class='ocrx_word' id='word_1_715' title='bbox 2298 4369 2486 4440; x_wconf 84' lang='grc' dir='ltr'>τρόπῳ</span> <span class='ocrx_word' id='word_1_716' title='bbox 2520 4367 2818 4438; x_wconf 77' lang='grc' dir='ltr'>τελευτήσῃ</span> <span class='ocrx_word' id='word_1_717' title='bbox 2845 4367 2890 4398; x_wconf 73' lang='grc'>⁵⁸</span> <span class='ocrx_word' id='word_1_718' title='bbox 2939 4366 3048 4420; x_wconf 83' lang='grc' dir='ltr'>τῶν</span> <span class='ocrx_word' id='word_1_719' title='bbox 3078 4367 3194 4420; x_wconf 83' lang='grc' dir='ltr'>ὅσοι</span> <span class='ocrx_word' id='word_1_720' title='bbox 3227 4367 3294 4421; x_wconf 87' lang='grc' dir='ltr'>ἂν</span> <span class='ocrx_word' id='word_1_721' title='bbox 3325 4367 3704 4438; x_wconf 77' lang='grc' dir='ltr'>’διαφερόντως</span> 
     </span>
    </p>
   </div>
   <div class='ocr_carea' id='block_1_91' title="bbox 2119 4457 3706 4530">
    <p class='ocr_par' dir='ltr' id='par_1_91' title="bbox 2119 4457 3706 4530">
     <span class='ocr_line' id='line_1_91' title="bbox 2119 4457 3706 4530; baseline -0.003 -16"><span class='ocrx_word' id='word_1_722' title='bbox 2119 4463 2178 4514; x_wconf 73' lang='grc' dir='ltr'>εν</span> <span class='ocrx_word' id='word_1_723' title='bbox 2200 4460 2277 4530; x_wconf 85' lang='grc' dir='ltr'>τῷ</span> <span class='ocrx_word' id='word_1_724' title='bbox 2313 4459 2412 4530; x_wconf 85' lang='grc' dir='ltr'>βίῳ</span> <span class='ocrx_word' id='word_1_725' title='bbox 2446 4459 2638 4527; x_wconf 77' lang='grc' dir='ltr'>ἀγαθοὶ</span> <span class='ocrx_word' id='word_1_726' title='bbox 2667 4457 2932 4529; x_wconf 85' lang='grc' dir='ltr'>κριθῶσι;</span> <span class='ocrx_word' id='word_1_727' title='bbox 2973 4477 2990 4508; x_wconf 78' lang='grc' dir='ltr'>ι</span> <span class='ocrx_word' id='word_1_728' title='bbox 3035 4458 3151 4510; x_wconf 85' lang='grc' dir='ltr'>Κάν</span> <span class='ocrx_word' id='word_1_729' title='bbox 3192 4457 3268 4528; x_wconf 83' lang='grc' dir='ltr'>τῷ</span> <span class='ocrx_word' id='word_1_730' title='bbox 3309 4458 3597 4525; x_wconf 74' lang='grc' dir='ltr'>Κρατύλῳ</span> <span class='ocrx_word' id='word_1_731' title='bbox 3645 4457 3706 4510; x_wconf 74' lang='grc' dir='ltr'>δὲ</span> 
     </span>
    </p>
   </div>
   <div class='ocr_carea' id='block_1_92' title="bbox 439 4541 2018 4640">
    <p class='ocr_par' dir='ltr' id='par_1_92' title="bbox 439 4553 2018 4626">
     <span class='ocr_line' id='line_1_92' title="bbox 439 4553 2018 4626; baseline 0 -18"><span class='ocrx_word' id='word_1_732' title='bbox 439 4555 543 4626; x_wconf 66' lang='lat' dir='ltr'><strong>gis:</strong></span> <span class='ocrx_word' id='word_1_733' title='bbox 561 4554 823 4608; x_wconf 88' lang='lat' dir='ltr'><strong>bonitatis</strong></span> <span class='ocrx_word' id='word_1_734' title='bbox 848 4553 1022 4608; x_wconf 87' lang='lat' dir='ltr'><strong>habiti</strong></span> <span class='ocrx_word' id='word_1_735' title='bbox 1046 4562 1176 4607; x_wconf 90' lang='lat' dir='ltr'><strong>sunt</strong></span> <span class='ocrx_word' id='word_1_736' title='bbox 1199 4553 1221 4606; x_wconf 89' lang='lat'><strong>?</strong></span> <span class='ocrx_word' id='word_1_737' title='bbox 1253 4573 1270 4604; x_wconf 71' lang='grc' dir='ltr'>ι</span> <span class='ocrx_word' id='word_1_738' title='bbox 1304 4553 1410 4608; x_wconf 92' lang='lat' dir='ltr'><strong>Sed</strong></span> <span class='ocrx_word' id='word_1_739' title='bbox 1429 4563 1486 4608; x_wconf 93' lang='lat' dir='ltr'>ct</span> <span class='ocrx_word' id='word_1_740' title='bbox 1507 4555 1561 4608; x_wconf 89' lang='lat' dir='ltr'>in</span> <span class='ocrx_word' id='word_1_741' title='bbox 1582 4553 1799 4626; x_wconf 76' lang='lat' dir='ltr'><strong>Craton</strong></span> <span class='ocrx_word' id='word_1_742' title='bbox 1820 4556 1895 4625; x_wconf 92' lang='lat' dir='ltr'><strong>(p.</strong></span> <span class='ocrx_word' id='word_1_743' title='bbox 1913 4556 2018 4612; x_wconf 77' lang='lat'>397</span> 
     </span>
    </p>
   </div>
   <div class='ocr_carea' id='block_1_93' title="bbox 2120 4541 3705 4640">
    <p class='ocr_par' dir='ltr' id='par_1_93' title="bbox 2125 4547 3705 4623">
     <span class='ocr_line' id='line_1_93' title="bbox 2125 4547 3705 4623; baseline -0.001 -19"><span class='ocrx_word' id='word_1_744' title='bbox 2125 4551 2316 4623; x_wconf 78' lang='grc' dir='ltr'>[τόνδε]</span> <span class='ocrx_word' id='word_1_745' title='bbox 2347 4552 2392 4584; x_wconf 80' lang='grc'>⁹⁷</span> <span class='ocrx_word' id='word_1_746' title='bbox 2430 4551 2520 4604; x_wconf 76' lang='grc' dir='ltr'>τὸν</span> <span class='ocrx_word' id='word_1_747' title='bbox 2567 4549 2725 4618; x_wconf 87' lang='grc' dir='ltr'>λόγον</span> <span class='ocrx_word' id='word_1_748' title='bbox 2757 4548 3045 4620; x_wconf 83' lang='grc' dir='ltr'>διηύρυνεν</span> <span class='ocrx_word' id='word_1_749' title='bbox 3083 4547 3172 4606; x_wconf 68' lang='lat' dir='ltr'>&quot;r</span> <span class='ocrx_word' id='word_1_750' title='bbox 3207 4552 3422 4603; x_wconf 79' lang='grc' dir='ltr'>ἐπαινεῖ</span> <span class='ocrx_word' id='word_1_751' title='bbox 3460 4547 3570 4619; x_wconf 85' lang='grc' dir='ltr'>γὰρ</span> <span class='ocrx_word' id='word_1_752' title='bbox 3608 4547 3705 4602; x_wconf 79' lang='grc' dir='ltr'>τὸν</span> 
     </span>
    </p>
   </div>
   <div class='ocr_carea' id='block_1_94' title="bbox 441 4645 2016 4717">
    <p class='ocr_par' dir='ltr' id='par_1_94' title="bbox 441 4645 2016 4717">
     <span class='ocr_line' id='line_1_94' title="bbox 441 4645 2016 4717; baseline 0.001 -16"><span class='ocrx_word' id='word_1_753' title='bbox 441 4645 530 4717; x_wconf 87' lang='grc' dir='ltr'>Ε)</span> <span class='ocrx_word' id='word_1_754' title='bbox 584 4647 912 4700; x_wconf 88' lang='lat' dir='ltr'><strong>sententiam</strong></span> <span class='ocrx_word' id='word_1_755' title='bbox 962 4645 1104 4700; x_wconf 90' lang='lat' dir='ltr'><strong>hanc</strong></span> <span class='ocrx_word' id='word_1_756' title='bbox 1129 4645 1296 4700; x_wconf 88' lang='lat' dir='ltr'><strong>latius</strong></span> <span class='ocrx_word' id='word_1_757' title='bbox 1321 4647 1604 4716; x_wconf 78' lang='lat' dir='ltr'><strong>explicuit.</strong></span> <span class='ocrx_word' id='word_1_758' title='bbox 1631 4647 1844 4701; x_wconf 86' lang='lat' dir='ltr'><strong>Laudat</strong></span> <span class='ocrx_word' id='word_1_759' title='bbox 1869 4647 2016 4702; x_wconf 87' lang='lat' dir='ltr'><strong>enim</strong></span> 
     </span>
    </p>
   </div>
   <div class='ocr_carea' id='block_1_95' title="bbox 441 4739 2019 4811">
    <p class='ocr_par' dir='ltr' id='par_1_95' title="bbox 441 4739 2019 4811">
     <span class='ocr_line' id='line_1_95' title="bbox 441 4739 2019 4811; baseline 0.001 -16"><span class='ocrx_word' id='word_1_760' title='bbox 441 4739 741 4795; x_wconf 79' lang='lat' dir='ltr'><strong>Hesiodum</strong></span> <span class='ocrx_word' id='word_1_761' title='bbox 769 4749 1064 4811; x_wconf 89' lang='lat' dir='ltr'><strong>poetasque</strong></span> <span class='ocrx_word' id='word_1_762' title='bbox 1091 4741 1248 4806; x_wconf 91' lang='lat' dir='ltr'><strong>alios,</strong></span> <span class='ocrx_word' id='word_1_763' title='bbox 1279 4741 1372 4810; x_wconf 90' lang='lat' dir='ltr'>qui</span> <span class='ocrx_word' id='word_1_764' title='bbox 1393 4740 1586 4796; x_wconf 87' lang='lat' dir='ltr'><strong>dicunt</strong></span> <span class='ocrx_word' id='word_1_765' title='bbox 1609 4740 2019 4805; x_wconf 80' lang='lat' dir='ltr'><strong>bonumhomi-</strong></span> 
     </span>
    </p>
   </div>
   <div class='ocr_carea' id='block_1_96' title="bbox 440 4832 2018 4903">
    <p class='ocr_par' dir='ltr' id='par_1_96' title="bbox 440 4832 2018 4903">
     <span class='ocr_line' id='line_1_96' title="bbox 440 4832 2018 4903; baseline 0.001 -16"><span class='ocrx_word' id='word_1_766' title='bbox 440 4848 590 4897; x_wconf 90' lang='lat' dir='ltr'><strong>nem,</strong></span> <span class='ocrx_word' id='word_1_767' title='bbox 620 4833 730 4888; x_wconf 90' lang='lat' dir='ltr'><strong>vita</strong></span> <span class='ocrx_word' id='word_1_768' title='bbox 751 4832 1120 4903; x_wconf 88' lang='lat' dir='ltr'><strong>perfunctum,</strong></span> <span class='ocrx_word' id='word_1_769' title='bbox 1144 4835 1359 4889; x_wconf 68' lang='lat' dir='ltr'><strong>eximia:</strong></span> <span class='ocrx_word' id='word_1_770' title='bbox 1384 4833 1552 4888; x_wconf 90' lang='lat' dir='ltr'><strong>sortis</strong></span> <span class='ocrx_word' id='word_1_771' title='bbox 1579 4832 1808 4902; x_wconf 79' lang='lat' dir='ltr'><strong>gradum</strong></span> <span class='ocrx_word' id='word_1_772' title='bbox 1843 4835 2018 4888; x_wconf 86' lang='lat' dir='ltr'><strong>maxi-</strong></span> 
     </span>
    </p>
   </div>
   <div class='ocr_carea' id='block_1_97' title="bbox 439 4923 2017 4996">
    <p class='ocr_par' dir='ltr' id='par_1_97' title="bbox 439 4923 2017 4996">
     <span class='ocr_line' id='line_1_97' title="bbox 439 4923 2017 4996; baseline 0 -17"><span class='ocrx_word' id='word_1_773' title='bbox 439 4938 670 4996; x_wconf 75' lang='lat' dir='ltr'><strong>mosque</strong></span> <span class='ocrx_word' id='word_1_774' title='bbox 723 4923 963 4981; x_wconf 84' lang='lat' dir='ltr'><strong>honores</strong></span> <span class='ocrx_word' id='word_1_775' title='bbox 1019 4925 1095 4981; x_wconf 90' lang='lat' dir='ltr'>ibi</span> <span class='ocrx_word' id='word_1_776' title='bbox 1140 4925 1412 4996; x_wconf 88' lang='lat' dir='ltr'><strong>accipere,</strong></span> <span class='ocrx_word' id='word_1_777' title='bbox 1445 4938 1510 4977; x_wconf 88' lang='lat' dir='ltr'>ac</span> <span class='ocrx_word' id='word_1_778' title='bbox 1540 4923 1844 4978; x_wconf 62' lang='lat' dir='ltr'><strong>damonem</strong></span> <span class='ocrx_word' id='word_1_779' title='bbox 1874 4923 2017 4989; x_wconf 84' lang='lat' dir='ltr'><strong>ﬁeri,</strong></span> 
     </span>
    </p>
   </div>
   <div class='ocr_carea' id='block_1_98' title="bbox 2133 4643 3706 4715">
    <p class='ocr_par' dir='ltr' id='par_1_98' title="bbox 2133 4643 3706 4715">
     <span class='ocr_line' id='line_1_98' title="bbox 2133 4643 3706 4715; baseline -0.003 -15"><span class='ocrx_word' id='word_1_780' title='bbox 2133 4646 2376 4700; x_wconf 79' lang='grc' dir='ltr'>Ἡσίοδον</span> <span class='ocrx_word' id='word_1_781' title='bbox 2410 4647 2505 4699; x_wconf 84' lang='grc' dir='ltr'>καὶ</span> <span class='ocrx_word' id='word_1_782' title='bbox 2541 4646 2667 4707; x_wconf 73' lang='grc' dir='ltr'>τοὺς</span> <span class='ocrx_word' id='word_1_783' title='bbox 2699 4644 2890 4708; x_wconf 75' lang='grc' dir='ltr'>ἄλλους</span> <span class='ocrx_word' id='word_1_784' title='bbox 2920 4660 2984 4712; x_wconf 88' lang='grc' dir='ltr'>γε</span> <span class='ocrx_word' id='word_1_785' title='bbox 3020 4643 3248 4715; x_wconf 82' lang='grc' dir='ltr'>ποιητὰς</span> <span class='ocrx_word' id='word_1_786' title='bbox 3277 4644 3566 4714; x_wconf 75' lang='grc' dir='ltr'>εἰρηκότας</span> <span class='ocrx_word' id='word_1_787' title='bbox 3588 4682 3602 4706; x_wconf 86' lang='grc'>,</span> <span class='ocrx_word' id='word_1_788' title='bbox 3625 4643 3706 4705; x_wconf 85' lang='grc' dir='ltr'>ὡς</span> 
     </span>
    </p>
   </div>
   <div class='ocr_carea' id='block_1_99' title="bbox 2120 4733 3705 4806">
    <p class='ocr_par' dir='ltr' id='par_1_99' title="bbox 2120 4733 3705 4806">
     <span class='ocr_line' id='line_1_99' title="bbox 2120 4733 3705 4806; baseline -0.003 -16"><span class='ocrx_word' id='word_1_789' title='bbox 2120 4737 2337 4790; x_wconf 75' lang='grc' dir='ltr'>ἐπειδάν</span> <span class='ocrx_word' id='word_1_790' title='bbox 2367 4753 2450 4798; x_wconf 81' lang='grc' dir='ltr'>τις</span> <span class='ocrx_word' id='word_1_791' title='bbox 2476 4734 2677 4802; x_wconf 82' lang='grc' dir='ltr'>ἀγαθὸς</span> <span class='ocrx_word' id='word_1_792' title='bbox 2709 4733 2831 4806; x_wconf 83' lang='grc' dir='ltr'>[ὢν]</span> <span class='ocrx_word' id='word_1_793' title='bbox 2861 4735 3160 4805; x_wconf 80' lang='grc' dir='ltr'>τελευτήσῃ</span> <span class='ocrx_word' id='word_1_794' title='bbox 3203 4735 3271 4799; x_wconf 69' lang='lat'>’9,</span> <span class='ocrx_word' id='word_1_795' title='bbox 3305 4735 3547 4804; x_wconf 86' lang='grc' dir='ltr'>μεγάλην</span> <span class='ocrx_word' id='word_1_796' title='bbox 3581 4735 3705 4803; x_wconf 92' lang='grc' dir='ltr'>μοῖ-</span> 
     </span>
    </p>
   </div>
   <div class='ocr_carea' id='block_1_100' title="bbox 2125 4823 3707 4903">
    <p class='ocr_par' dir='ltr' id='par_1_100' title="bbox 2125 4823 3707 4903">
     <span class='ocr_line' id='line_1_100' title="bbox 2125 4823 3707 4903; baseline -0.005 -19"><span class='ocrx_word' id='word_1_797' title='bbox 2125 4847 2224 4903; x_wconf 90' lang='grc' dir='ltr'>ραν</span> <span class='ocrx_word' id='word_1_798' title='bbox 2262 4829 2357 4882; x_wconf 71' lang='grc' dir='ltr'>καὶ</span> <span class='ocrx_word' id='word_1_799' title='bbox 2383 4827 2549 4899; x_wconf 82' lang='grc' dir='ltr'>τιμὴν</span> <span class='ocrx_word' id='word_1_800' title='bbox 2580 4829 2698 4880; x_wconf 78' lang='grc' dir='ltr'>ἐκεῖ</span> <span class='ocrx_word' id='word_1_801' title='bbox 2743 4827 2876 4897; x_wconf 83' lang='grc' dir='ltr'>ἔχει,</span> <span class='ocrx_word' id='word_1_802' title='bbox 2906 4827 3002 4881; x_wconf 79' lang='grc' dir='ltr'>καὶ</span> <span class='ocrx_word' id='word_1_803' title='bbox 3033 4826 3284 4894; x_wconf 88' lang='grc' dir='ltr'>γίγνεται</span> <span class='ocrx_word' id='word_1_804' title='bbox 3314 4826 3524 4894; x_wconf 85' lang='grc' dir='ltr'>δαίμων</span> <span class='ocrx_word' id='word_1_805' title='bbox 3559 4823 3707 4877; x_wconf 86' lang='grc' dir='ltr'>κατά</span> 
     </span>
    </p>
   </div>
   <div class='ocr_carea' id='block_1_101' title="bbox 2117 4905 3706 4993">
    <p class='ocr_par' dir='ltr' id='par_1_101' title="bbox 2117 4905 3706 4993">
     <span class='ocr_line' id='line_1_101' title="bbox 2117 4905 3706 4993; baseline -0.005 -18"><span class='ocrx_word' id='word_1_806' title='bbox 2117 4926 2219 4992; x_wconf 81' lang='grc' dir='ltr'>τὴν</span> <span class='ocrx_word' id='word_1_807' title='bbox 2257 4922 2358 4993; x_wconf 84' lang='grc' dir='ltr'>τῆς</span> <span class='ocrx_word' id='word_1_808' title='bbox 2396 4921 2712 4990; x_wconf 86' lang='grc' dir='ltr'>φρονήσεως</span> <span class='ocrx_word' id='word_1_809' title='bbox 2758 4919 3094 4990; x_wconf 76' lang='grc' dir='ltr'>ἐπωνυμίαν.</span> <span class='ocrx_word' id='word_1_810' title='bbox 3135 4917 3321 4988; x_wconf 78' lang='grc' dir='ltr'>Ταύτῃ</span> <span class='ocrx_word' id='word_1_811' title='bbox 3352 4905 3446 4970; x_wconf 82' lang='grc' dir='ltr'>οὖν</span> <span class='ocrx_word' id='word_1_812' title='bbox 3482 4914 3706 4985; x_wconf 85' lang='grc' dir='ltr'>τίθεμαι</span> 
     </span>
    </p>
   </div>
   <div class='ocr_carea' id='block_1_102' title="bbox 1744 5107 2426 5169">
    <p class='ocr_par' dir='ltr' id='par_1_102' title="bbox 1744 5107 2426 5169">
     <span class='ocr_line' id='line_1_102' title="bbox 1744 5107 2426 5169; baseline 0.001 -5"><span class='ocrx_word' id='word_1_813' title='bbox 1744 5107 1979 5166; x_wconf 62' lang='lat' dir='ltr'><strong>VA!!le</strong></span> <span class='ocrx_word' id='word_1_814' title='bbox 2020 5109 2426 5169; x_wconf 75' lang='lat' dir='ltr'>LECTIONES.</span> 
     </span>
    </p>
   </div>
   <div class='ocr_carea' id='block_1_103' title="bbox 509 5249 560 5286">
    <p class='ocr_par' dir='ltr' id='par_1_103' title="bbox 509 5249 560 5286">
     <span class='ocr_line' id='line_1_103' title="bbox 509 5249 560 5286; baseline 0 0"><span class='ocrx_word' id='word_1_815' title='bbox 509 5249 560 5286; x_wconf 74' lang='grc' dir='ltr'>τε</span> 
     </span>
    </p>
   </div>
   <div class='ocr_carea' id='block_1_104' title="bbox 437 5249 1980 5438">
    <p class='ocr_par' dir='ltr' id='par_1_104' title="bbox 437 5249 1980 5438">
     <span class='ocr_line' id='line_1_104' title="bbox 509 5249 1980 5376; baseline 0.011 -90"><span class='ocrx_word' id='word_1_816' title='bbox 509 5249 560 5286; x_wconf 74' lang='grc' dir='ltr'>τε</span> <span class='ocrx_word' id='word_1_817' title='bbox 589 5249 852 5376; x_wconf 41' lang='lat' dir='ltr'>gemmae</span> <span class='ocrx_word' id='word_1_818' title='bbox 881 5249 1130 5349; x_wconf 50' lang='grc' dir='ltr'>μείζῖνας</span> <span class='ocrx_word' id='word_1_819' title='bbox 1158 5249 1256 5302; x_wconf 79' lang='lat' dir='ltr'><strong>Va.</strong></span> <span class='ocrx_word' id='word_1_820' title='bbox 1301 5249 1378 5329; x_wconf 45' lang='grc' dir='ltr'>,τ’</span> <span class='ocrx_word' id='word_1_821' title='bbox 1412 5249 1747 5316; x_wconf 80' lang='grc' dir='ltr'>κομίζονται.</span> <span class='ocrx_word' id='word_1_822' title='bbox 1780 5249 1980 5318; x_wconf 30' lang='grc' dir='ltr'>κομιζόη</span> 
     </span>
     <span class='ocr_line' id='line_1_105' title="bbox 437 5315 1980 5438; baseline 0 0"><span class='ocrx_word' id='word_1_823' title='bbox 437 5315 525 5438; x_wconf 40' lang='lat' dir='ltr'>Et.“</span> <span class='ocrx_word' id='word_1_824' title='bbox 545 5321 626 5424; x_wconf 55' lang='grc' dir='ltr'>ἵε</span> <span class='ocrx_word' id='word_1_825' title='bbox 637 5315 1980 5438; x_wconf 50' lang='grc' dir='ltr'>ἰδΕξῗάἓῗῗ·δπολῗᾶῗςΒῗῳῖιῖβὲθὲἒζξέῗζοῗὲἒῗὦ</span> 
     </span>
    </p>
   </div>
   <div class='ocr_carea' id='block_1_105' title="bbox 437 5386 1115 5459">
    <p class='ocr_par' dir='ltr' id='par_1_105' title="bbox 437 5386 1115 5459">
     <span class='ocr_line' id='line_1_106' title="bbox 437 5386 1115 5459; baseline -0.009 -13"><span class='ocrx_word' id='word_1_826' title='bbox 437 5390 503 5446; x_wconf 90' lang='lat' dir='ltr'><strong>C.</strong></span> <span class='ocrx_word' id='word_1_827' title='bbox 579 5393 626 5424; x_wconf 79' lang='grc'>⁸⁸</span> <span class='ocrx_word' id='word_1_828' title='bbox 650 5386 915 5459; x_wconf 74' lang='grc' dir='ltr'>ὑπολάϐῃ.</span> <span class='ocrx_word' id='word_1_829' title='bbox 931 5386 1115 5459; x_wconf 20' lang='grc' dir='ltr'>λύπολά</span> 
     </span>
    </p>
   </div>
   <div class='ocr_carea' id='block_1_106' title="bbox 439 5527 1833 5602">
    <p class='ocr_par' dir='ltr' id='par_1_106' title="bbox 439 5527 1833 5602">
     <span class='ocr_line' id='line_1_107' title="bbox 439 5527 1833 5602; baseline -0.002 -17"><span class='ocrx_word' id='word_1_830' title='bbox 439 5530 489 5602; x_wconf 50' lang='grc' dir='ltr'><strong><em>ν</em></strong></span> <span class='ocrx_word' id='word_1_831' title='bbox 520 5527 764 5602; x_wconf 82' lang='grc' dir='ltr'>πονηροί.</span> <span class='ocrx_word' id='word_1_832' title='bbox 816 5527 1115 5602; x_wconf 34' lang='grc' dir='ltr'>πρλλοὶῌΒ,</span> <span class='ocrx_word' id='word_1_833' title='bbox 1154 5527 1324 5602; x_wconf 79' lang='grc' dir='ltr'>καλῆς</span> <span class='ocrx_word' id='word_1_834' title='bbox 1346 5527 1590 5602; x_wconf 25' lang='grc' dir='ltr'>Ναὶξιπο</span> <span class='ocrx_word' id='word_1_835' title='bbox 1623 5531 1833 5602; x_wconf 70' lang='grc' dir='ltr'>κακῆς.</span> 
     </span>
    </p>
   </div>
   <div class='ocr_carea' id='block_1_107' title="bbox 714 5242 3104 5321">
    <p class='ocr_par' dir='ltr' id='par_1_107' title="bbox 714 5242 3104 5321">
     <span class='ocr_line' id='line_1_108' title="bbox 714 5242 3104 5321; baseline -0.003 -16"><span class='ocrx_word' id='word_1_836' title='bbox 714 5255 852 5314; x_wconf 79' lang='grc' dir='ltr'>ονος.</span> <span class='ocrx_word' id='word_1_837' title='bbox 881 5247 1130 5321; x_wconf 77' lang='grc' dir='ltr'>μείζονας</span> <span class='ocrx_word' id='word_1_838' title='bbox 1158 5248 1256 5321; x_wconf 64' lang='lat' dir='ltr'><strong>Ya.</strong></span> <span class='ocrx_word' id='word_1_839' title='bbox 1303 5245 1378 5321; x_wconf 79' lang='lat'>_&quot;’</span> <span class='ocrx_word' id='word_1_840' title='bbox 1412 5245 1747 5321; x_wconf 76' lang='grc' dir='ltr'>κομίζονται.</span> <span class='ocrx_word' id='word_1_841' title='bbox 1780 5249 2129 5321; x_wconf 75' lang='grc' dir='ltr'>κομιζόμενοι</span> <span class='ocrx_word' id='word_1_842' title='bbox 2151 5247 2224 5321; x_wconf 78' lang='lat' dir='ltr'>_B</span> <span class='ocrx_word' id='word_1_843' title='bbox 2251 5248 2552 5321; x_wconf 53' lang='grc' dir='ltr'>ἀνθρωπων</span> <span class='ocrx_word' id='word_1_844' title='bbox 2579 5258 2688 5321; x_wconf 56' lang='lat' dir='ltr'>om:</span> <span class='ocrx_word' id='word_1_845' title='bbox 2722 5242 2783 5321; x_wconf 38' lang='lat' dir='ltr'>CM.</span> <span class='ocrx_word' id='word_1_846' title='bbox 2861 5243 2908 5274; x_wconf 75' lang='grc' dir='ltr'>⁸ο</span> <span class='ocrx_word' id='word_1_847' title='bbox 2942 5244 3104 5313; x_wconf 86' lang='grc' dir='ltr'>μάλα.</span> 
     </span>
    </p>
   </div>
   <div class='ocr_carea' id='block_1_108' title="bbox 2086 5261 3173 5389">
    <p class='ocr_par' dir='ltr' id='par_1_108' title="bbox 2086 5261 3173 5389">
     <span class='ocr_line' id='line_1_109' title="bbox 2086 5261 3173 5367; baseline -0.003 -65"><span class='ocrx_word' id='word_1_848' title='bbox 2086 5267 2129 5302; x_wconf 84' lang='grc' dir='ltr'>οι</span> <span class='ocrx_word' id='word_1_849' title='bbox 2183 5261 2224 5302; x_wconf 76' lang='lat'>15</span> <span class='ocrx_word' id='word_1_850' title='bbox 2251 5261 2552 5318; x_wconf 80' lang='grc' dir='ltr'>ανυρωπων</span> <span class='ocrx_word' id='word_1_851' title='bbox 2579 5261 2688 5299; x_wconf 92' lang='lat' dir='ltr'>om.</span> <span class='ocrx_word' id='word_1_852' title='bbox 2722 5261 2783 5298; x_wconf 59' lang='grc' dir='ltr'>ιλ.</span> <span class='ocrx_word' id='word_1_853' title='bbox 2861 5261 2908 5274; x_wconf 69' lang='grc' dir='ltr'>ην</span> <span class='ocrx_word' id='word_1_854' title='bbox 2942 5261 3173 5367; x_wconf 56' lang='grc' dir='ltr'>μαλαὲι</span> 
     </span>
     <span class='ocr_line' id='line_1_110' title="bbox 2086 5315 3127 5389; baseline -0.004 -17"><span class='ocrx_word' id='word_1_855' title='bbox 2086 5318 2277 5389; x_wconf 80' lang='grc' dir='ltr'>βιῶναι</span> <span class='ocrx_word' id='word_1_856' title='bbox 2299 5315 2592 5389; x_wconf 81' lang='lat' dir='ltr'><strong>B,_C,_Va._</strong></span> <span class='ocrx_word' id='word_1_857' title='bbox 2629 5316 2690 5389; x_wconf 72' lang='lat'>_”</span> <span class='ocrx_word' id='word_1_858' title='bbox 2814 5329 3127 5389; x_wconf 71' lang='lat' dir='ltr'><strong>suprasc.__</strong></span> 
     </span>
    </p>
   </div>
   <div class='ocr_carea' id='block_1_109' title="bbox 1151 5386 2250 5443">
    <p class='ocr_par' dir='ltr' id='par_1_109' title="bbox 1151 5386 2250 5443">
     <span class='ocr_line' id='line_1_111' title="bbox 1151 5386 2250 5443; baseline 0 -3"><span class='ocrx_word' id='word_1_859' title='bbox 1151 5405 1201 5440; x_wconf 92' lang='grc' dir='ltr'>οι</span> <span class='ocrx_word' id='word_1_860' title='bbox 1231 5387 1292 5440; x_wconf 88' lang='grc' dir='ltr'>Β.</span> <span class='ocrx_word' id='word_1_861' title='bbox 1363 5386 1409 5418; x_wconf 63' lang='grc'>⁸⁸</span> <span class='ocrx_word' id='word_1_862' title='bbox 1439 5388 1485 5441; x_wconf 77' lang='grc' dir='ltr'>δ’</span> <span class='ocrx_word' id='word_1_863' title='bbox 1505 5386 1908 5442; x_wconf 76' lang='grc' dir='ltr'>ἑαυτὸν-οὐδέ.</span> <span class='ocrx_word' id='word_1_864' title='bbox 1935 5389 1992 5443; x_wconf 87' lang='grc' dir='ltr'>δὲ</span> <span class='ocrx_word' id='word_1_865' title='bbox 2016 5386 2250 5442; x_wconf 77' lang='grc' dir='ltr'>αὐτὸν-</span> 
     </span>
    </p>
   </div>
   <div class='ocr_carea' id='block_1_110' title="bbox 440 5453 2806 5577">
    <p class='ocr_par' dir='ltr' id='par_1_110' title="bbox 440 5453 2806 5577">
     <span class='ocr_line' id='line_1_112' title="bbox 440 5453 2806 5577; baseline -0.002 -65"><span class='ocrx_word' id='word_1_866' title='bbox 440 5461 748 5532; x_wconf 87' lang='grc' dir='ltr'>διδράσκειν</span> <span class='ocrx_word' id='word_1_867' title='bbox 789 5459 829 5514; x_wconf 85' lang='lat' dir='ltr'>C</span> <span class='ocrx_word' id='word_1_868' title='bbox 869 5453 942 5511; x_wconf 60' lang='lat' dir='ltr'><strong>&quot;ni</strong></span> <span class='ocrx_word' id='word_1_869' title='bbox 1004 5457 1182 5511; x_wconf 82' lang='lat' dir='ltr'><strong>fallor.</strong></span> <span class='ocrx_word' id='word_1_870' title='bbox 1257 5457 1304 5490; x_wconf 80' lang='grc'>⁸⁸</span> <span class='ocrx_word' id='word_1_871' title='bbox 1338 5457 1528 5528; x_wconf 79' lang='grc' dir='ltr'>αὑτήν.</span> <span class='ocrx_word' id='word_1_872' title='bbox 1570 5458 1766 5526; x_wconf 81' lang='grc' dir='ltr'>ἑαυτὴν</span> <span class='ocrx_word' id='word_1_873' title='bbox 1795 5460 1855 5522; x_wconf 81' lang='grc' dir='ltr'>Β,</span> <span class='ocrx_word' id='word_1_874' title='bbox 1884 5458 1944 5514; x_wconf 86' lang='lat' dir='ltr'><strong>C.</strong></span> <span class='ocrx_word' id='word_1_875' title='bbox 2023 5459 2070 5491; x_wconf 75' lang='grc'>⁸⁸</span> <span class='ocrx_word' id='word_1_876' title='bbox 2105 5453 2383 5530; x_wconf 83' lang='grc' dir='ltr'>πτερώσῃ.</span> <span class='ocrx_word' id='word_1_877' title='bbox 2433 5455 2702 5577; x_wconf 62' lang='grc' dir='ltr'>πτερώσει</span> <span class='ocrx_word' id='word_1_878' title='bbox 2744 5453 2806 5509; x_wconf 88' lang='lat' dir='ltr'><strong>C.</strong></span> 
     </span>
     <span class='ocr_line' id='line_1_113' title="bbox 440 5523 2712 5577; baseline 0 0"><span class='ocrx_word' id='word_1_879' title='bbox 440 5530 489 5563; x_wconf 75' lang='grc'>⁸⁸</span> <span class='ocrx_word' id='word_1_880' title='bbox 520 5530 764 5577; x_wconf 74' lang='grc' dir='ltr'>πονηοοί-</span> <span class='ocrx_word' id='word_1_881' title='bbox 816 5528 1000 5577; x_wconf 73' lang='grc' dir='ltr'>πολλοὶ</span> <span class='ocrx_word' id='word_1_882' title='bbox 1056 5527 1115 5577; x_wconf 87' lang='grc' dir='ltr'>Β.</span> <span class='ocrx_word' id='word_1_883' title='bbox 1154 5527 1324 5577; x_wconf 71' lang='grc' dir='ltr'>καλῆς</span> <span class='ocrx_word' id='word_1_884' title='bbox 1362 5528 1458 5577; x_wconf 84' lang='lat' dir='ltr'>Va.</span> <span class='ocrx_word' id='word_1_885' title='bbox 1490 5543 1590 5577; x_wconf 86' lang='lat' dir='ltr'>nro</span> <span class='ocrx_word' id='word_1_886' title='bbox 1640 5531 1833 5577; x_wconf 73' lang='grc' dir='ltr'>κακῆς.</span> <span class='ocrx_word' id='word_1_887' title='bbox 1945 5529 1990 5560; x_wconf 69' lang='grc'>⁸9</span> <span class='ocrx_word' id='word_1_888' title='bbox 2033 5528 2368 5577; x_wconf 66' lang='grc' dir='ltr'>φιλοσοφίας.</span> <span class='ocrx_word' id='word_1_889' title='bbox 2431 5544 2528 5577; x_wconf 69' lang='lat' dir='ltr'><strong>croco</strong></span> <span class='ocrx_word' id='word_1_890' title='bbox 2556 5542 2618 5577; x_wconf 81' lang='grc' dir='ltr'>ας</span> <span class='ocrx_word' id='word_1_891' title='bbox 2652 5523 2712 5577; x_wconf 90' lang='lat' dir='ltr'><strong>C.</strong></span> 
     </span>
    </p>
   </div>
   <div class='ocr_carea' id='block_1_111' title="bbox 1945 5528 2528 5597">
    <p class='ocr_par' dir='ltr' id='par_1_111' title="bbox 1945 5528 2528 5597">
     <span class='ocr_line' id='line_1_114' title="bbox 1945 5528 2528 5597; baseline -0.007 -15"><span class='ocrx_word' id='word_1_892' title='bbox 1945 5529 1990 5560; x_wconf 70' lang='lat'>8°</span> <span class='ocrx_word' id='word_1_893' title='bbox 2033 5528 2368 5597; x_wconf 81' lang='grc' dir='ltr'>φιλοσοφίας.</span> <span class='ocrx_word' id='word_1_894' title='bbox 2431 5544 2528 5597; x_wconf 80' lang='grc' dir='ltr'>σοφ</span> 
     </span>
    </p>
   </div>
   <div class='ocr_carea' id='block_1_112' title="bbox 3175 5243 3701 5321">
    <p class='ocr_par' dir='ltr' id='par_1_112' title="bbox 3175 5243 3701 5321">
     <span class='ocr_line' id='line_1_115' title="bbox 3175 5243 3701 5321; baseline 0.013 -22"><span class='ocrx_word' id='word_1_895' title='bbox 3175 5243 3332 5321; x_wconf 66' lang='grc' dir='ltr'>ἄλλον</span> <span class='ocrx_word' id='word_1_896' title='bbox 3366 5245 3462 5321; x_wconf 73' lang='lat' dir='ltr'><strong>Va.</strong></span> <span class='ocrx_word' id='word_1_897' title='bbox 3499 5263 3552 5302; x_wconf 81' lang='grc' dir='ltr'>ν.</span> <span class='ocrx_word' id='word_1_898' title='bbox 3582 5264 3701 5321; x_wconf 88' lang='lat' dir='ltr'><strong>seq.</strong></span> 
     </span>
    </p>
   </div>
   <div class='ocr_carea' id='block_1_113' title="bbox 2757 5316 3704 5390">
    <p class='ocr_par' dir='ltr' id='par_1_113' title="bbox 2757 5316 3704 5390">
     <span class='ocr_line' id='line_1_116' title="bbox 2757 5316 3704 5390; baseline 0.002 -4"><span class='ocrx_word' id='word_1_899' title='bbox 2757 5316 2783 5385; x_wconf 64' lang='grc' dir='ltr'><strong>ᾗ</strong></span> <span class='ocrx_word' id='word_1_900' title='bbox 2814 5316 3153 5390; x_wconf 55' lang='grc' dir='ltr'>θρωπε-,β</span> <span class='ocrx_word' id='word_1_901' title='bbox 3181 5316 3289 5390; x_wconf 64' lang='grc' dir='ltr'>τῷν</span> <span class='ocrx_word' id='word_1_902' title='bbox 3315 5318 3464 5390; x_wconf 44' lang='grc' dir='ltr'>ἐνδεῆ</span> <span class='ocrx_word' id='word_1_903' title='bbox 3496 5321 3566 5390; x_wconf 78' lang='grc' dir='ltr'>γῇ</span> <span class='ocrx_word' id='word_1_904' title='bbox 3583 5316 3704 5390; x_wconf 24' lang='grc' dir='ltr'>ίμξν</span> 
     </span>
    </p>
   </div>
   <div class='ocr_carea' id='block_1_114' title="bbox 2316 5384 3702 5455">
    <p class='ocr_par' dir='ltr' id='par_1_114' title="bbox 2316 5384 3702 5455">
     <span class='ocr_line' id='line_1_117' title="bbox 2316 5384 3702 5455; baseline 0.001 -15"><span class='ocrx_word' id='word_1_905' title='bbox 2316 5387 2409 5440; x_wconf 72' lang='grc' dir='ltr'>καὶ</span> <span class='ocrx_word' id='word_1_906' title='bbox 2432 5387 2474 5441; x_wconf 91' lang='grc' dir='ltr'><strong>Β</strong></span> <span class='ocrx_word' id='word_1_907' title='bbox 2511 5385 2682 5448; x_wconf 71' lang='grc' dir='ltr'>οὐδεὶς</span> <span class='ocrx_word' id='word_1_908' title='bbox 2710 5384 2782 5455; x_wconf 4' lang='grc' dir='ltr'>δὲ,</span> <span class='ocrx_word' id='word_1_909' title='bbox 2798 5385 2960 5455; x_wconf 69' lang='grc' dir='ltr'>αὑτὸν</span> <span class='ocrx_word' id='word_1_910' title='bbox 2987 5384 3026 5439; x_wconf 84' lang='lat' dir='ltr'>C</span> <span class='ocrx_word' id='word_1_911' title='bbox 3079 5385 3197 5439; x_wconf 82' lang='lat' dir='ltr'>Mox</span> <span class='ocrx_word' id='word_1_912' title='bbox 3234 5385 3266 5455; x_wconf 78' lang='grc' dir='ltr'>ἢ</span> <span class='ocrx_word' id='word_1_913' title='bbox 3299 5384 3702 5442; x_wconf 56' lang='grc' dir='ltr'>οὐδὲκαϊάπο-</span> 
     </span>
    </p>
   </div>
   <div class='ocr_carea' id='block_1_115' title="bbox 2902 5454 3686 5524">
    <p class='ocr_par' dir='ltr' id='par_1_115' title="bbox 2902 5454 3686 5524">
     <span class='ocr_line' id='line_1_118' title="bbox 2902 5454 3686 5524; baseline 0.009 -18"><span class='ocrx_word' id='word_1_914' title='bbox 2902 5454 2946 5486; x_wconf 84' lang='grc'>⁸⁷</span> <span class='ocrx_word' id='word_1_915' title='bbox 2975 5455 3166 5508; x_wconf 82' lang='grc' dir='ltr'>ἀϊδίου.</span> <span class='ocrx_word' id='word_1_916' title='bbox 3209 5454 3340 5509; x_wconf 82' lang='grc' dir='ltr'>ἰδίου</span> <span class='ocrx_word' id='word_1_917' title='bbox 3392 5457 3434 5510; x_wconf 88' lang='grc' dir='ltr'>Β</span> <span class='ocrx_word' id='word_1_918' title='bbox 3483 5474 3592 5524; x_wconf 81' lang='lat' dir='ltr'><strong>OJn.</strong></span> <span class='ocrx_word' id='word_1_919' title='bbox 3622 5458 3686 5513; x_wconf 92' lang='lat' dir='ltr'><strong>C.</strong></span> 
     </span>
    </p>
   </div>
   <div class='ocr_carea' id='block_1_116' title="bbox 2556 5523 3702 5587">
    <p class='ocr_par' dir='ltr' id='par_1_116' title="bbox 2556 5523 3702 5587">
     <span class='ocr_line' id='line_1_119' title="bbox 2556 5523 3702 5587; baseline 0.005 -11"><span class='ocrx_word' id='word_1_920' title='bbox 2556 5542 2618 5586; x_wconf 89' lang='grc' dir='ltr'>ας</span> <span class='ocrx_word' id='word_1_921' title='bbox 2652 5523 2712 5579; x_wconf 90' lang='lat' dir='ltr'><strong>C.</strong></span> <span class='ocrx_word' id='word_1_922' title='bbox 2827 5524 2871 5554; x_wconf 85' lang='grc'>⁹⁰</span> <span class='ocrx_word' id='word_1_923' title='bbox 2899 5525 3048 5576; x_wconf 67' lang='grc' dir='ltr'>οὐδὲν</span> <span class='ocrx_word' id='word_1_924' title='bbox 3095 5524 3240 5578; x_wconf 81' lang='grc' dir='ltr'>ἄλλο.</span> <span class='ocrx_word' id='word_1_925' title='bbox 3277 5525 3405 5579; x_wconf 81' lang='grc' dir='ltr'>ἄλλο</span> <span class='ocrx_word' id='word_1_926' title='bbox 3453 5523 3607 5581; x_wconf 76' lang='grc' dir='ltr'>οὐδὲν</span> <span class='ocrx_word' id='word_1_927' title='bbox 3639 5530 3702 5587; x_wconf 85' lang='grc' dir='ltr'>Β.</span> 
     </span>
    </p>
   </div>
   <div class='ocr_carea' id='block_1_117' title="bbox 441 5593 3698 5669">
    <p class='ocr_par' dir='ltr' id='par_1_117' title="bbox 441 5593 3698 5669">
     <span class='ocr_line' id='line_1_120' title="bbox 441 5593 3698 5669; baseline -0.001 -14"><span class='ocrx_word' id='word_1_928' title='bbox 441 5601 485 5633; x_wconf 80' lang='grc'>⁸⁸</span> <span class='ocrx_word' id='word_1_929' title='bbox 519 5603 610 5655; x_wconf 85' lang='grc' dir='ltr'>καί</span> <span class='ocrx_word' id='word_1_930' title='bbox 640 5593 697 5654; x_wconf 82' lang='grc' dir='ltr'>τέ</span> <span class='ocrx_word' id='word_1_931' title='bbox 723 5602 813 5654; x_wconf 74' lang='grc' dir='ltr'>καὶ</span> <span class='ocrx_word' id='word_1_932' title='bbox 845 5600 903 5653; x_wconf 92' lang='grc' dir='ltr'>Β.</span> <span class='ocrx_word' id='word_1_933' title='bbox 961 5668 972 5669; x_wconf 18' lang='lat'><em>7</em></span> <span class='ocrx_word' id='word_1_934' title='bbox 1002 5598 1188 5669; x_wconf 58' lang='grc' dir='ltr'>θ’ξπί.</span> <span class='ocrx_word' id='word_1_935' title='bbox 1237 5593 1293 5651; x_wconf 78' lang='grc' dir='ltr'>έν</span> <span class='ocrx_word' id='word_1_936' title='bbox 1346 5598 1407 5662; x_wconf 88' lang='grc' dir='ltr'>Β,</span> <span class='ocrx_word' id='word_1_937' title='bbox 1440 5593 1536 5652; x_wconf 62' lang='lat' dir='ltr'><strong>v5.</strong></span> <span class='ocrx_word' id='word_1_938' title='bbox 1611 5599 1658 5669; x_wconf 58' lang='lat' dir='ltr'>f3</span> <span class='ocrx_word' id='word_1_939' title='bbox 1690 5593 1991 5662; x_wconf 79' lang='grc' dir='ltr'>στρατείας.</span> <span class='ocrx_word' id='word_1_940' title='bbox 2023 5593 2334 5669; x_wconf 81' lang='grc' dir='ltr'>στρατείαις</span> <span class='ocrx_word' id='word_1_941' title='bbox 2377 5597 2437 5662; x_wconf 91' lang='grc' dir='ltr'>Β,</span> <span class='ocrx_word' id='word_1_942' title='bbox 2473 5595 2534 5651; x_wconf 88' lang='lat' dir='ltr'><strong>C.</strong></span> <span class='ocrx_word' id='word_1_943' title='bbox 2563 5595 2684 5669; x_wconf 63' lang='lat' dir='ltr'>Mox</span> <span class='ocrx_word' id='word_1_944' title='bbox 2724 5593 3034 5669; x_wconf 71' lang='grc' dir='ltr'>τελευτήσει</span> <span class='ocrx_word' id='word_1_945' title='bbox 3056 5596 3115 5650; x_wconf 68' lang='lat'><strong>(1.</strong></span> <span class='ocrx_word' id='word_1_946' title='bbox 3195 5594 3243 5669; x_wconf 57' lang='grc' dir='ltr'>’ξ</span> <span class='ocrx_word' id='word_1_947' title='bbox 3269 5595 3417 5669; x_wconf 13' lang='grc' dir='ltr'>τίδέᾲ.</span> <span class='ocrx_word' id='word_1_948' title='bbox 3448 5598 3504 5669; x_wconf 82' lang='grc' dir='ltr'>τί</span> <span class='ocrx_word' id='word_1_949' title='bbox 3525 5598 3612 5651; x_wconf 87' lang='grc' dir='ltr'>δαί</span> <span class='ocrx_word' id='word_1_950' title='bbox 3637 5599 3698 5652; x_wconf 94' lang='grc' dir='ltr'>Β.</span> 
     </span>
    </p>
   </div>
   <div class='ocr_carea' id='block_1_118' title="bbox 441 5666 1650 5744">
    <p class='ocr_par' dir='ltr' id='par_1_118' title="bbox 441 5666 1650 5744">
     <span class='ocr_line' id='line_1_121' title="bbox 441 5666 1650 5744; baseline 0.011 -34"><span class='ocrx_word' id='word_1_951' title='bbox 441 5671 491 5744; x_wconf 54' lang='grc' dir='ltr'><strong>ξι</strong></span> <span class='ocrx_word' id='word_1_952' title='bbox 519 5670 656 5744; x_wconf 42' lang='grc' dir='ltr'>[καὶ]</span> <span class='ocrx_word' id='word_1_953' title='bbox 693 5687 803 5744; x_wconf 61' lang='grc' dir='ltr'>οφ,</span> <span class='ocrx_word' id='word_1_954' title='bbox 852 5670 917 5744; x_wconf 77' lang='grc' dir='ltr'>Β,</span> <span class='ocrx_word' id='word_1_955' title='bbox 1059 5668 1200 5744; x_wconf 68' lang='lat' dir='ltr'><strong>Tum</strong></span> <span class='ocrx_word' id='word_1_956' title='bbox 1219 5670 1450 5744; x_wconf 71' lang='lat' dir='ltr'>6n__7rdw_</span> <span class='ocrx_word' id='word_1_957' title='bbox 1492 5666 1650 5744; x_wconf 36' lang='grc' dir='ltr'>τις-(ἶ.</span> 
     </span>
    </p>
   </div>
   <div class='ocr_carea' id='block_1_119' title="bbox 445 5737 1774 5810">
    <p class='ocr_par' dir='ltr' id='par_1_119' title="bbox 445 5737 1774 5810">
     <span class='ocr_line' id='line_1_122' title="bbox 445 5737 1774 5810; baseline 0 -20"><span class='ocrx_word' id='word_1_958' title='bbox 445 5737 719 5807; x_wconf 70' lang='grc' dir='ltr'>διεῦρυνεν</span> <span class='ocrx_word' id='word_1_959' title='bbox 740 5742 799 5794; x_wconf 85' lang='grc' dir='ltr'>Β.</span> <span class='ocrx_word' id='word_1_960' title='bbox 844 5741 1130 5810; x_wconf 83' lang='grc' dir='ltr'>διηύρυνεν</span> <span class='ocrx_word' id='word_1_961' title='bbox 1160 5739 1223 5792; x_wconf 85' lang='lat' dir='ltr'><strong>C.</strong></span> <span class='ocrx_word' id='word_1_962' title='bbox 1299 5741 1344 5772; x_wconf 69' lang='lat'>9°</span> <span class='ocrx_word' id='word_1_963' title='bbox 1376 5738 1684 5809; x_wconf 85' lang='grc' dir='ltr'>τελευτήσει</span> <span class='ocrx_word' id='word_1_964' title='bbox 1713 5737 1774 5794; x_wconf 70' lang='grc' dir='ltr'>(Ἰ.</span> 
     </span>
    </p>
   </div>
   <div class='ocr_carea' id='block_1_120' title="bbox 1766 5665 2621 5740">
    <p class='ocr_par' dir='ltr' id='par_1_120' title="bbox 1766 5665 2621 5740">
     <span class='ocr_line' id='line_1_123' title="bbox 1766 5665 2621 5740; baseline -0.006 -18"><span class='ocrx_word' id='word_1_965' title='bbox 1766 5665 2149 5740; x_wconf 71' lang='grc' dir='ltr'>⁹⁶τελευτήση.</span> <span class='ocrx_word' id='word_1_966' title='bbox 2202 5669 2517 5737; x_wconf 85' lang='grc' dir='ltr'>τελευτήσει</span> <span class='ocrx_word' id='word_1_967' title='bbox 2562 5665 2621 5718; x_wconf 95' lang='grc' dir='ltr'>Β.</span> 
     </span>
    </p>
   </div>
   <div class='ocr_carea' id='block_1_121' title="bbox 2754 5661 3698 5738">
    <p class='ocr_par' dir='ltr' id='par_1_121' title="bbox 2754 5661 3698 5738">
     <span class='ocr_line' id='line_1_124' title="bbox 2754 5661 3698 5738; baseline 0.002 -22"><span class='ocrx_word' id='word_1_968' title='bbox 2754 5665 2796 5697; x_wconf 70' lang='grc'>⁸⁷</span> <span class='ocrx_word' id='word_1_969' title='bbox 2838 5661 3166 5735; x_wconf 70' lang='grc' dir='ltr'>[τόνδειοῐη.</span> <span class='ocrx_word' id='word_1_970' title='bbox 3203 5664 3262 5721; x_wconf 87' lang='lat' dir='ltr'><strong>C.</strong></span> <span class='ocrx_word' id='word_1_971' title='bbox 3367 5667 3414 5699; x_wconf 75' lang='grc'>’⁸</span> <span class='ocrx_word' id='word_1_972' title='bbox 3444 5667 3698 5738; x_wconf 79' lang='grc' dir='ltr'>ηὖρυνεν.</span> 
     </span>
    </p>
   </div>
   <div class='ocr_carea' id='block_1_122' title="bbox 531 5869 3273 5942">
    <p class='ocr_par' dir='ltr' id='par_1_122' title="bbox 531 5869 3273 5942">
     <span class='ocr_line' id='line_1_125' title="bbox 531 5869 3273 5942; baseline 0.001 -21"><span class='ocrx_word' id='word_1_973' title='bbox 531 5871 604 5936; x_wconf 84' lang='lat' dir='ltr'>(l)</span> <span class='ocrx_word' id='word_1_974' title='bbox 637 5872 770 5928; x_wconf 79' lang='lat' dir='ltr'><strong>Vide</strong></span> <span class='ocrx_word' id='word_1_975' title='bbox 802 5873 970 5928; x_wconf 51' lang='lat' dir='ltr'><strong>Clei‘n.</strong></span> <span class='ocrx_word' id='word_1_976' title='bbox 1001 5875 1150 5928; x_wconf 78' lang='lat' dir='ltr'><strong>Alex.</strong></span> <span class='ocrx_word' id='word_1_977' title='bbox 1187 5872 1381 5927; x_wconf 70' lang='lat' dir='ltr'><strong>Strom.</strong></span> <span class='ocrx_word' id='word_1_978' title='bbox 1428 5890 1499 5938; x_wconf 81' lang='lat' dir='ltr'>iv,</span> <span class='ocrx_word' id='word_1_979' title='bbox 1532 5888 1584 5942; x_wconf 88' lang='lat' dir='ltr'>p.</span> <span class='ocrx_word' id='word_1_980' title='bbox 1629 5871 1730 5927; x_wconf 70' lang='grc' dir='ltr'>ίςεθ</span> <span class='ocrx_word' id='word_1_981' title='bbox 1760 5873 1961 5927; x_wconf 78' lang='lat' dir='ltr'><strong>Polter.</strong></span> <span class='ocrx_word' id='word_1_982' title='bbox 1987 5888 2000 5938; x_wconf 91' lang='lat'><strong>;</strong></span> <span class='ocrx_word' id='word_1_983' title='bbox 2027 5872 2232 5926; x_wconf 80' lang='lat' dir='ltr'><strong>Platon.</strong></span> <span class='ocrx_word' id='word_1_984' title='bbox 2263 5870 2445 5928; x_wconf 76' lang='lat' dir='ltr'><strong>Pliwd.</strong></span> <span class='ocrx_word' id='word_1_985' title='bbox 2480 5887 2532 5938; x_wconf 84' lang='lat' dir='ltr'>p.</span> <span class='ocrx_word' id='word_1_986' title='bbox 2568 5871 2633 5925; x_wconf 82' lang='grc'>67</span> <span class='ocrx_word' id='word_1_987' title='bbox 2661 5869 2737 5932; x_wconf 84' lang='lat' dir='ltr'>C;</span> <span class='ocrx_word' id='word_1_988' title='bbox 2774 5869 2896 5940; x_wconf 64' lang='lat' dir='ltr'><strong>Rep.</strong></span> <span class='ocrx_word' id='word_1_989' title='bbox 2932 5887 2968 5936; x_wconf 82' lang='grc' dir='ltr'>ι,</span> <span class='ocrx_word' id='word_1_990' title='bbox 3003 5888 3052 5940; x_wconf 89' lang='lat' dir='ltr'>p.</span> <span class='ocrx_word' id='word_1_991' title='bbox 3081 5870 3183 5926; x_wconf 71' lang='lat'>530</span> <span class='ocrx_word' id='word_1_992' title='bbox 3212 5871 3273 5926; x_wconf 86' lang='lat' dir='ltr'><strong>E.</strong></span> 
     </span>
    </p>
   </div>
  </div>
