4066 6418
345 361 480 428 1025

906 360 1346 420 GRJECARUM
1384 357 1683 417 AFFECT.
1719 353 2340 419 παλαια-για.
2386 361 2482 420 DE
2522 364 3014 428 MABTYRIBUS

3467 372 3602 438 10:26

341 473 499 544 κάγὼ
527 472 618 526 τὸν
640 470 740 540 δαή
751 489 890 540 μονα·
916 471 1105 543 ἄνδρα.
1123 471 1182 524 Ὀ
1208 471 1265 525 δέ
1295 489 1361 541 γε
1404 471 1646 533 Ἡσίοδος
1675 470 1804 541 περὶ
1825 466 1919 520 τοῦ

2031 466 2132 520 hoc
2167 479 2252 523 est
2294 472 2580 540 scientem,
2617 476 2784 532 ducto
2831 493 2860 532 a
2905 478 3199 548 prudentia
3255 485 3598 550 cognomine-

340 565 545 639 χρυσοῦ
584 564 778 634 γένους
799 562 974 617 ταῦτα
997 562 1102 635 ἔφη
1125 581 1139 594 ·

339 842 540 911 Αὐτὰρ
563 842 774 910 ἐπειδὴ
800 842 975 896 τοῦτο
1011 844 1026 873 ¹
1047 841 1220 912 γένος
1239 841 1388 912 κατὰ
1410 839 1562 910 μοῖρ’
1589 838 1921 912 ἐκάλυψεν,

344 919 409 968 οι
435 909 552 983 μὲν
579 916 600 945 ’
627 909 912 980 δαίμονες
947 909 1118 982 ἁγνοὶ
1141 909 1472 980 ἐπιχθόνιοι
1495 909 1851 983 ῌκαᾷἐονζαι,

353 979 598 1039 Ἐ’ἀθλοὶ
615 979 1012 1048 ³,ἀλεξίκακοι
1021 1021 1037 1048 ,
1053 979 1322 1051 φύλακες
1333 979 1565 1049 θνητῶν
1577 979 1920 1048 ἀνθράκων.

409 1096 477 1152 Εἰ
510 1097 692 1150 τοίνυν
723 1097 816 1152 καὶ
851 1099 878 1151 ὁ
911 1097 1144 1168 ποιητὴς
1183 1097 1279 1151 καὶ
1310 1094 1532 1158 ἐσθλοὺς
1558 1094 1580 1125 ⁸
1620 1093 1714 1146 καὶ
1746 1091 1924 1159 ἀλεξι-

342 1188 548 1249 κάκους
577 1187 672 1239 καὶ
698 1185 943 1254 φύλακας
985 1183 1197 1255 θνητῶν
1227 1182 1530 1253 ἀνθρώπων
1574 1181 1701 1244 τοὺς
1725 1181 1924 1252 ἄριστα

345 1277 701 1348 βεϐιωκότας,
759 1270 880 1330 εἶτα
929 1275 1406 1346 τελευτήσαντας,
1443 1273 1922 1346 προσηγόρευσεν,

346 1369 608 1441 ικράτυνε
649 1368 704 1421 δὲ
730 1368 824 1422 τοῦ
853 1366 1079 1439 ποιητοῦ
1105 1367 1196 1420 τὸν
1227 1367 1248 1398 ⁵
1280 1366 1438 1435 λόγον
1475 1367 1586 1419 τῶν
1621 1367 1924 1436 φιλοσόφων

347 1464 376 1514 ὁ
397 1462 636 1531 ἄριστος,
665 1460 762 1512 καὶ
791 1459 991 1531 χρῆναι
1015 1457 1120 1528 ἔφη
1144 1458 1236 1510 καὶ
1259 1456 1582 1528 θεραπεύειν
1603 1457 1808 1510 τούτων
1833 1459 1925 1510 καὶ

342 1553 670 1624 προσκυνεῖν
700 1549 852 1623 [119]
886 1549 984 1615 τὰς
1019 1549 1216 1621 θήκας,
1239 1550 1291 1602 τί
1334 1551 1534 1621 δήποτε
1571 1552 1605 1629 ,⁸
1642 1551 1923 1621 μέμφεσθε

339 1649 453 1710 τοῖς
488 1646 620 1714 παρ’
652 1645 809 1716 ήμῶν
834 1643 1196 1713 γιγνομένοις,
1227 1637 1271 1696 ὦ
1303 1643 1607 1714 βέλτιστοι;
1643 1644 1782 1706 Τοὺς
1815 1643 1924 1713 γὰρ

340 1740 400 1792 ἒν
433 1737 692 1808 εὐσεϐείᾳ
720 1735 1043 1807 λάμψαντας
1063 1777 1077 1799 ,
1105 1735 1201 1789 καὶ⁸
1233 1735 1371 1805 ὑπὲρ
1401 1733 1605 1805 ταύτης
1641 1735 1741 1805 τὴν
1784 1750 1923 1803 σφα⁶

2029 556 2143 612 Hoc
2171 560 2338 630 igitur
2358 563 2412 616 in
2441 565 2611 620 loco"
2635 568 2902 623 scientem
2934 586 3154 640 quoque
3180 571 3460 626 hominem
3485 577 3602 629 col—

2025 649 2168 746 loco.
2187 650 2464 748 ilesiodus
2491 673 2623 713 vero
2656 661 2724 716 de
2755 662 2908 716 aurei
2941 664 3159 733 generis
3181 663 3501 722 hominibus
3530 669 3605 723 ita

2022 747 2228 791 cecmit
2252 754 2265 790 τ

2025 843 2094 930 ,ξε
2123 854 2400 930 postquam
2429 869 2591 930 genus
2621 856 2714 908 hoc
2743 867 2886 912 terra
2919 877 3056 914 mors
3086 863 3256 917 obruit
3287 865 3433 930 alta,

2026 913 2383 999 meoués_hi
2408 913 2578 999 {aucti
2608 934 2876 981 terrestres
2907 931 3004 983 rite
3033 913 3319 999 uocari-tur",

2026 983 2273 1044 Custodes
2301 993 2590 1059 hominum,
2623 1004 2803 1050 nostra
2833 1000 2941 1052 hac
2969 983 3362 1070 quibua'oru'nia
3390 1016 3544 1064 cum.

2097 1101 2252 1168 Quod
2275 1104 2319 1158 si
2350 1112 2534 1177 poeta,
2563 1115 2620 1161 et
2648 1107 2843 1174 bonos,
2875 1120 2931 1165 et
2959 1113 3227 1168 malorum
3262 1117 3602 1187 depulsores,

2024 1201 2081 1247 et
2103 1195 2360 1252 custodes
2400 1199 2713 1254 mortalium
2743 1203 2958 1258 vocavit
2990 1219 3084 1259 eos
3108 1207 3202 1276 qui
3227 1211 3430 1279 Optime
3455 1215 3604 1268 vixe-

2027 1293 2177 1350 runt,
2203 1286 2403 1342 deinde
2433 1291 2636 1344 mortui
2674 1301 2822 1358 sunt,
2851 1296 3078 1366 ejusque
3124 1301 3450 1356 sententiam
3480 1305 3605 1374 phi-

2025 1375 2378 1446 losophorum
2413 1383 2903 1449 praestantissimus
2927 1387 3293 1455 conﬁrmavit,
3320 1402 3484 1463 atque
3511 1396 3609 1449 ho-

2026 1483 2148 1521 rum
2181 1470 2429 1538 sepulcra
2474 1473 2704 1528 colenda
2734 1485 2789 1530 ct
2828 1477 3103 1533 adoranda
3131 1483 3348 1536 censuit
3381 1501 3392 1537 :
3423 1501 3545 1554 quae
3575 1503 3608 1542 a

2027 1559 2186 1613 nobis
2221 1560 2375 1626 ﬁunt,
2427 1564 2619 1633 optimi
2664 1566 2788 1631 viri,
2820 1585 2918 1623 cur
2957 1570 3274 1628 damnatis?
3315 1576 3426 1631 Nos
3459 1579 3606 1633 enim

2027 1651 2144 1718 pari
2176 1653 2341 1706 modo
2365 1694 2378 1718 ,
2414 1669 2511 1710 eos
2539 1657 2632 1726 qui
2668 1658 2871 1727 pietate
2913 1661 3252 1730 claruerunt,
3291 1683 3499 1738 proque
3542 1687 3608 1726 ea

2029 1744 2151 1796 caesi
2197 1754 2357 1810 sunt,
2401 1748 2670 1803 malorum
2701 1751 3029 1821 depulsores
3056 1765 3112 1810 et
3151 1759 3395 1814 medicos
3425 1764 3605 1815 nomi—

339 1830 446 1900 γὴν
497 1829 864 1900 δεξαμένους,
918 1826 1280 1892 ἀλεξικάκους
1340 1827 1504 1897 ἡμεῖς
1553 1826 1648 1880 καὶ
1702 1827 1919 1895 ἰατροὺς

2031 1851 2253 1901 namus;
2284 1838 2560 1896 daemonas
2605 1857 2716 1896 non
2761 1844 3099 1913 appellamus
3135 1847 3322 1919 (absit
3375 1866 3405 1904 a
3446 1853 3608 1908 nobis

339 1922 684 1992 ὀνομάζομεν
703 1959 718 1984 ,
753 1920 812 1972 οὐ
853 1918 1119 1989 δαίμονας
1150 1916 1446 1979 καλοῦντες
1487 1915 1588 1986 (μὴ
1619 1915 1764 1968 οὕτω
1794 1915 1922 1968 λυτ-

338 2012 684 2083 τήσαιμεν),
726 2009 863 2063 ἀλλά
900 2007 1027 2079 Θεῷ
1070 2009 1091 2040 ⁷
1142 2008 1330 2078 φίλους
1383 2006 1478 2060 καὶ
1526 2005 1714 2068 εὔνους
1761 2005 1924 2077 θερά-

339 2121 567 2170 ποντας,
593 2102 878 2174 παρρησίᾳ
910 2101 1248 2175 χρωμένους,
1276 2101 1373 2153 κα)⁸
1409 2099 1517 2152 τῶν
1548 2097 1767 2167 ἀγαθῶν
1793 2101 1923 2169 ἡμῖν

339 2195 786 2264 ὲπαγγέλλοντας
820 2193 920 2265 τὴν
968 2193 1161 2264 φοράν.
1192 2191 1364 2244 Τοῦτο
1414 2190 1522 2261 γὰρ
1553 2191 1616 2260 δὴ
1639 2190 1661 2221 ⁸
1692 2190 1789 2244 καὶ
1817 2190 1924 2243 τῶν

340 2288 653 2358 φιλοσόφων
688 2286 865 2359 [ἡμῖνι
901 2287 922 2318 ⁸
967 2288 996 2340 ὁ
1044 2287 1340 2358 κορυφαῖος
1386 2286 1444 2337 ὲν
1497 2286 1563 2355 τῇ
1598 2280 1924 2353 Ἑπινομίδι

339 2381 665 2451 δεδήλωκεν.
723 2380 866 2450 Ἔφη
923 2377 1070 2451 γάρ·
1120 2397 1139 2430 ι
1196 2376 1270 2430 Οὔ
1315 2393 1458 2448 φημι
1507 2371 1646 2429 εἶναι
1700 2375 1924 2429 δυνατὸν

339 2469 654 2542 ἀνθρώποις
703 2468 994 2540 μακαρίοις
1037 2483 1093 2520 τε
1141 2468 1235 2520 καὶ
1286 2465 1570 2536 εὐδαίμοσι
1626 2465 1920 2544 γενέσθαι,

342 2562 486 2634 πλήν
505 2561 701 2629 ὀλίγων
718 2577 731 2591 ·
764 2560 922 2631 μέχρι
952 2575 1058 2628 περ
1082 2558 1148 2612 ἂν
1170 2556 1374 2628 ζῶμεν,
1404 2558 1563 2611 τοῦτο
1588 2551 1921 2628 διορίζομαιο

342 2649 484 2720 καλὴ
533 2650 590 2703 δὲ
642 2649 798 2711 ἐλπὶς
857 2647 1245 2717 τελευτήσαντι
1307 2647 1492 2716 τυχεῖν
1560 2645 1836 2699 ἁπάντων.
1898 2663 1918 2698 ι

355 2740 625 2812 ’Δτεχνῶς
663 2739 721 2793 δέ
771 2755 834 2807 γε
867 2736 1025 2791 τοῦτο
1074 2736 1218 2789 ἔοικε
1251 2739 1365 2800 τοῖς
1401 2735 1506 2789 ὑπὸ
1534 2735 1634 2806 τῆς
1666 2735 1815 2800 θείας
1847 2737 1924 2790 εί-

352 2835 611 2906 ρημένοις
658 2831 884 2902 Γραφῆς
904 2845 920 2861 ο
975 2849 992 2882 ι
1021 2829 1114 2898 Μὴ
1154 2829 1464 2900 μακαρίσῃς
1493 2827 1663 2898 ἄνδρα
1696 2826 1803 2896 πρὸ
1826 2845 1926 2880 τε-

331 2927 541 2997 λευτῆς
573 2923 769 2979 αὑτοῦ·
806 2942 825 2976 ι
865 2920 956 2977 καί
984 2922 1057 2953 ¹⁰ο
1093 2941 1112 2972 ι
1141 2920 1260 2986 Φῶς
1290 2920 1520 2985 δικαίοις
1550 2921 1873 2985 διαπαντός’
1899 2940 1920 2974 ι

348 3020 480 3073 καίο
518 3037 536 3070 ι
576 3017 761 3087 Ψυχαὶ
793 3015 1019 3070 δικαίων
1054 3015 1112 3069 ὲν
1148 3015 1295 3085 χειρὶ
1321 3013 1492 3069 Θεοῦο
1530 3033 1548 3065 ι
1593 3014 1688 3068 καὶ
1720 3014 1789 3068 τὰ
1808 3013 1928 3068 τοῦ·

342 3127 460 3174 τοις
491 3109 816 3181 προσόμοια.

417 3201 545 3254 Ὀτι
591 3199 648 3254 δὲ
698 3200 793 3252 καὶ
841 3200 951 3261 τοῖς
989 3197 1219 3262 δικαίοις
1258 3197 1480 3271 ὕϐρεις,
1518 3200 1612 3254 καὶ
1639 3200 1926 3273 λοιδορίας,

343 3291 446 3346 καὶ
485 3290 673 3352 αἰκίας
709 3289 787 3355 ¹¹,
840 3288 934 3342 καὶ
973 3288 1246 3358 μάστιγας
1287 3289 1429 3343 κατά
1474 3289 1567 3342 τὸν
1595 3291 1841 3362 παρόντα
1887 3293 1928 3323 η

347 3383 464 3453 βίον
524 3381 898 3452 ξυνεκλήρωσε
959 3379 1070 3433 τῶν
1123 3381 1261 3434 ὅλων
1315 3382 1344 3434 ὁ
1397 3380 1670 3452 Πρύτανις
1696 3421 1711 3447 ,
1769 3385 1931 3436 καὶὸ

345 3475 578 3529 Πλάτων
631 3476 689 3527 ὲν
741 3475 808 3544 τῇ
862 3473 1146 3539 Πολιτείᾳ
1202 3471 1580 3543 ξυγγέγραφεν
1604 3490 1618 3504 ·
1692 3492 1710 3525 ι
1775 3474 1931 3528 Οὕτω

345 3569 458 3639 γὰρ
489 3605 505 3631 ,
564 3566 699 3636 φησὶ
748 3605 764 3632 ,
841 3564 1186 3634 διακείμενος
1254 3565 1285 3615 ό
1335 3562 1544 3627 δίκαιος
1580 3605 1595 3630 ,
1675 3565 1931 3636 αίκισθή-

346 3674 546 3724 σεται,
587 3656 1125 3728 ,στρεϐλωθήσεται,
1188 3655 1516 3725 δεθήσεται,
1559 3658 1931 3728 ὲκκοπήσεται

345 3750 429 3805 τὼ
460 3749 748 3820 ὀφθαλμὼ,
784 3748 1051 3802 τελευτῶν
1085 3747 1131 3779 ⁸³
1164 3749 1342 3802 πάντα
1393 3749 1539 3803 κακὰ
1575 3749 1764 3804 παθὼν
1802 3750 1932 3804 ἀνα-

350 3842 870 3913 σκινδαλευθήσεται
933 3842 996 3896 ¹δ.
1050 3843 1165 3895 Οὐκ
1221 3827 1316 3896 οῦν
1377 3843 1676 3914 τρισάθλιοι
1734 3845 1832 3914 μὲν
1881 3845 1932 3897 οἱ

348 3935 529 3990 ταῦτα
561 3933 845 3998 ποιοῦντες
870 3975 886 3998 ,
933 3932 1232 4004 τρισόλϐιοι
1280 3932 1338 3986 δὲ
1384 3934 1433 3985 οἱ
1464 3934 1763 4003 πάσχοντες
1799 3935 1875 3999 ι¹⁵;
1908 3955 1927 3986 ι

355 4029 482 4083 Ὀτι
513 4027 571 4081 δὲ
607 4028 702 4080 καὶ
735 4026 1114 4097 ἐπιμελεῖσθαι
1147 4025 1256 4078 τῶν
1290 4025 1648 4096 ἀνθρωπείων
1679 4027 1722 4058 ¹⁸
1743 4027 1934 4081 δύναν-

347 4138 442 4175 ται
474 4118 821 4191 πραγμάτων
844 4119 899 4172 αἱ
932 4117 1043 4172 τῶν
1074 4117 1235 4170 ὁσίων
1279 4117 1468 4187 ψυχαὶ,
1504 4117 1597 4171 καὶ
1625 4118 1719 4171 τοῦ
1747 4119 1935 4188 σώμασ-

348 4228 446 4272 τος
501 4211 543 4242 "
583 4210 742 4273 ἐκτὸς
793 4209 1106 4278 γενόμεναι,
1131 4208 1159 4260 ό
1187 4208 1410 4261 Πλάτων
1455 4208 1736 4262 καὶτοῦτο
1763 4210 1820 4262 ὲν
1856 4207 1935 4278 τῷ

348 4300 628 4370 ἑνδεκάτῳ
665 4299 710 4332 ³³
735 4297 846 4353 τῶν
875 4300 1087 4368 Νόμων
1137 4297 1379 4364 ἐδίδαξε·
1417 4297 1565 4366 λέγει
1621 4299 1677 4352 δὲ
1723 4298 1932 4363 οὕτως’

355 4410 374 4444 ι
421 4392 521 4454 Et;
567 4407 690 4445 τινα
735 4391 778 4422 ¹⁹
821 4390 930 4460 γὰρ
969 4386 1063 4443 οῦν
1109 4406 1198 4460 μοι
1226 4390 1418 4459 καιρὸν
1467 4391 1769 4460 φαινόμεθα
1809 4393 1936 4456 τοὺς

2026 1926 2115 1980 hic
2136 1928 2371 2000 furori),
2391 1931 2486 1985 sed
2509 1931 2606 1987 Dei
2632 1934 2838 1991 amicos
2862 1951 3162 2007 servosque
3187 1939 3505 2005 benevolos,
3535 1944 3604 1996 li-

2024 2019 2238 2075 bertate
2265 2031 2503 2088 utentes,
2538 2024 2918 2096 bonorumque
2946 2030 3158 2098 copiam
3187 2031 3346 2085 nobis
3380 2034 3605 2102 proruit-

2026 2118 2224 2167 tentes.
2277 2111 2436 2179 Quod
2493 2116 2671 2184 ipsum
2722 2118 2887 2172 etiam
2937 2120 3390 2191 philosophorum
3444 2123 3610 2197 916

2024 2204 2284 2276 princeps
2334 2206 2391 2261 in
2441 2207 2756 2277 Epinomide
2803 2210 2879 2263 ita
2930 2210 3229 2266 declaravit
3263 2217 3337 2284 (p.
3367 2216 3472 2270 975
3496 2213 3604 2287 C):

2033 2315 2052 2347 ι
2093 2296 2249 2352 Haud
2275 2313 2407 2353 sane
2433 2299 2668 2354 dixerim
2711 2316 2868 2372 posse
2894 2302 3147 2359 homines
3178 2304 3369 2361 beatos
3396 2322 3459 2360 ac
3483 2307 3608 2361 feli-

2025 2403 2118 2444 ces
2161 2389 2417 2454 evadere,
2472 2392 2666 2464 paucis
2695 2393 2960 2462 exceptis.
3010 2394 3194 2450 Donec
3241 2395 3499 2463 vivimus,
3535 2400 3606 2454 ita

2024 2479 2263 2534 decerno
2289 2497 2301 2534 :
2336 2481 2479 2536 bona
2507 2491 2593 2536 est
2622 2493 2804 2539 autem
2850 2495 3070 2541 mortuo
3096 2502 3221 2557 spes
3262 2490 3442 2544 omnia
3474 2505 3608 2544 con-

2025 2569 2314 2638 sequendi.
2355 2589 2374 2621 ι
2429 2570 2584 2650 Quod
2613 2573 2834 2642 quidem
2867 2576 3024 2630 aﬂine
3049 2592 3274 2645 prorsus
3290 2578 3462 2632 estiis
3489 2596 3610 2648 quae

2027 2659 2083 2712 in
2111 2675 2265 2715 sacra
2309 2660 2595 2732 Scriptura
2644 2663 2906 2718 dicuntur
2941 2683 2953 2719 :
2996 2686 3015 2717 ι
3060 2667 3139 2722 Ne
3173 2667 3392 2723 beatum
3417 2685 3609 2738 quem-

2025 2763 2190 2817 quam
2214 2749 2411 2805 feceris
2442 2759 2568 2806 ante
2592 2751 2776 2807 obitus
2797 2753 2881 2807 sui
2907 2753 3054 2809 diem
3075 2755 3137 2820 I1;
3176 2773 3194 2806 ι
3224 2763 3280 2810 et
3308 2773 3320 2808 :
3357 2774 3375 2807 ι
3399 2755 3610 2825 Usque-

2026 2855 2243 2910 quaque
2293 2841 2480 2896 lumen
2522 2844 2769 2914 justisi;
2806 2863 2824 2895 ι
2861 2853 2918 2899 et
2960 2862 2974 2899 :
3028 2863 3044 2896 ι
3081 2845 3366 2900 Justorum
3414 2847 3610 2900 anima:

2033 2931 2090 2986 in
2114 2948 2281 2988 manu
2306 2934 2404 2988 Dei
2427 2944 2556 2990 sunt
2582 2933 2597 2985 ι
2625 2953 2673 3002 ;›
2705 2944 2760 2991 et
2787 2952 2909 3006 qua:
2935 2937 3020 2991 his
3039 2937 3257 2992 similia.

2101 3213 2258 3282 Quod
2291 3223 2473 3269 autem
2508 3215 2674 3269 etiam
2705 3217 2885 3286 justos
2925 3215 2980 3269 in
3009 3214 3111 3270 hac
3147 3215 3259 3269 vita
3290 3213 3527 3285 injuriis,
3556 3225 3614 3270 et

2030 3307 2401 3372 contumeliis,
2433 3306 2713 3377 plagisque
2748 3321 2811 3360 ac
2839 3306 3167 3360 verberibus
3200 3305 3470 3360 addixerit
3496 3321 3616 3360 om-

2031 3397 2183 3452 nium
2218 3397 2443 3460 Rector,
2487 3395 2633 3450 idem
2665 3395 2818 3450 Plato
2849 3395 2904 3448 in
2943 3394 3221 3465 Republica
3258 3403 3490 3449 testatur
3533 3394 3609 3465 (p.

2031 3488 2157 3559 ³561)
2189 3505 2202 3540 :
2241 3506 2259 3537 ι
2295 3487 2483 3542 Justus
2508 3486 2678 3551 enim,
2703 3485 2902 3554 inquit,
2939 3485 3014 3538 ita
3052 3490 3409 3552 praeparatus,
3435 3483 3612 3537 caade-

2034 3590 2145 3643 tur,
2201 3577 2548 3648 torquebitur
2573 3617 2588 3642 ,
2650 3575 3016 3646 colligabitur,
3055 3575 3230 3628 oculis
3263 3572 3607 3642 privahitur:

2031 3683 2338 3740 cunctaque
2370 3669 2608 3738 denique
2641 3681 2959 3737 perpessus,
2985 3672 3262 3735 postremo
3292 3664 3458 3719 etiam
3492 3679 3614 3719 sus-

2032 3763 2322 3833 pendetur.
2355 3761 2438 3816 An
2459 3776 2572 3815 non
2607 3761 2792 3829 itaque
2832 3757 3127 3813 miserrimi
3156 3757 3251 3827 qui
3278 3756 3364 3811 his
3396 3756 3614 3810 damnis

2033 3852 2314 3916 afﬁciunt,
2376 3850 2677 3906 felicissimi
2710 3863 2842 3904 vero
2890 3849 2987 3918 qui
3022 3846 3346 3918 patiuntur?
3382 3865 3400 3898 ι
3447 3846 3614 3900 Posse

2033 3953 2218 3998 autem
2265 3951 2580 3997 sanctorum
2613 3943 2845 4005 animas,
2873 3940 3042 3994 etiam
3071 3953 3198 3993 cum
3235 3946 3390 3992 extra
3413 3951 3615 4007 corpus

2033 4034 2260 4097 fuerint,
2295 4031 2582 4087 hominum
2625 4046 2822 4086 curare
2867 4029 3106 4100 negotia,
3154 4029 3309 4083 Plato
3359 4028 3506 4082 idem
3557 4029 3615 4082 in

2034 4125 2328 4180 undecimo
2365 4122 2562 4192 Legum
2610 4121 2756 4175 libro
2790 4120 2878 4174 his
2902 4119 3091 4174 verbis
3133 4118 3364 4174 aﬂirmat
3394 4117 3470 4188 (p.
3510 4116 3616 4172 926

2034 4215 2100 4284 E)
2132 4231 2146 4267 :
2188 4230 2208 4264 ι
2251 4215 2572 4282 Opportune
2619 4209 2788 4279 igitur
2819 4223 2886 4262 ea
2926 4223 3048 4277 quae
3097 4205 3356 4276 superius
3386 4211 3615 4260 tractata

2036 4314 2164 4362 sunt
2187 4304 2360 4360 locuti
2385 4302 2656 4366 videmur,
2682 4301 2894 4355 animas
2920 4298 3178 4352 videlicet
3205 4297 3614 4362 defunctorum,

2036 4404 2328 4466 postquam
2360 4409 2429 4448 ex
2479 4393 2582 4447 hac
2611 4392 2722 4446 vita
2760 4387 3113 4452 excesserint,
3159 4387 3272 4440 vim
3321 4385 3614 4457 quamdam

349 4480 666 4552 ἔμπροσθεν
691 4481 883 4550 λόγους
924 4481 1238 4547 διεξελθεῖν,
1269 4482 1346 4545 ὡς
1378 4482 1486 4553 ἄρα
1524 4483 1580 4537 at
1613 4483 1722 4537 τῶν
1753 4483 1927 4537 τελευ-

2037 4489 2200 4560 917
2225 4488 2453 4552 habere,
2490 4501 2552 4540 ac
2583 4485 2651 4541 de
2695 4485 2864 4540 rebus
2894 4482 3152 4537 humanis
3183 4497 3372 4536 curam
3402 4494 3618 4550 gerere.

347 4572 638 4644 στησάντων
667 4572 837 4642 ψυχαὶ
876 4572 1105 4643 δύναμιν
1152 4572 1336 4644 ἔχουσί
1363 4590 1486 4628 τινα
1515 4576 1927 4648 τελευτήσασαι,

348 4663 450 4718 καὶ
491 4663 602 4717 τῶν
641 4663 764 4718 κατ’
795 4664 1120 4737 ἀνθρώπους
1154 4667 1494 4736 πραγμάτων
1522 4669 1930 4740 ἐπιμελοῦνται.

349 4755 543 4811 Ταῦτα
571 4756 628 4810 δὲ
665 4755 886 4824 ἀληθεῖς
943 4758 1060 4826 μὲν,
1099 4760 1301 4830 μακροὶ
1330 4759 1389 4813 δέ
1434 4763 1541 4814 εἰσι
1585 4763 1934 4834 περιέχοντες

347 4847 536 4915 λόγου
572 4846 851 4901 πιστεύειν
897 4849 945 4880 ⁸⁸
975 4849 1034 4902 δὲ
1085 4855 1206 4914 ταῖς
1247 4849 1352 4923 [τε]
1391 4853 1432 4883 ⁸³
1476 4853 1666 4919 ἄλλαις
1719 4858 1930 4928 φήμαις

348 4936 532 5008 χρεὼν
559 4937 690 5010 περὶ
735 4938 805 4992 τὰ
847 4939 1092 5005 τοιαῦτα,
1141 4939 1285 4994 οὕτω
1335 4941 1560 5009 πολλαῖς
1593 4948 1687 5001 καὶ
1722 4947 1928 5020 σφόδρα

426 5093 455 5134 Ιι
489 5067 665 5150 Sirae.
694 5099 752 5161 tl,
790 5094 879 5150 29.
961 5098 978 5137 ί
1016 5056 1177 5152 Prov.
1212 5114 1284 5163 ιν,
1313 5098 1398 5154 18.
1480 5100 1492 5150 ι
1541 5101 1668 5174 Sap.
1703 5119 1782 5169 ιιι,
1820 5106 1870 5160 1.

2040 4584 2334 4639 Sermones
2359 4594 2492 4635 vero
2515 4577 2611 4648 qui
2635 4577 2703 4632 de
2728 4577 2817 4631 his
2845 4575 3013 4630 rebus
3029 4574 3324 4638 habentur,
3351 4570 3473 4626 veri
3494 4571 3616 4640 qui-

2039 4675 2187 4742 dem,
2225 4673 2323 4730 sed
2351 4672 2500 4743 longi
2545 4681 2692 4726 sunt.
2720 4668 3070 4724 Credendum
3093 4675 3178 4721 est
3202 4674 3385 4720 autem
3416 4670 3472 4719 et
3493 4663 3618 4718 aliis

2039 4783 2258 4839 quoque
2280 4768 2299 4788 ‘
2321 4763 2729 4821 narrationibus
2751 4776 2872 4831 quae
2894 4761 3011 4815 haec
3031 4758 3193 4813 nobis
3221 4757 3463 4820 tradunt,
3491 4769 3616 4810 eum

2039 4859 2178 4914 adeo
2206 4867 2263 4914 et
2287 4857 2528 4926 antiquae
2554 4864 2610 4910 et
2635 4855 2821 4909 multa:
2837 4853 2968 4909 sint.
2997 4850 3346 4908 Credendum
3385 4861 3619 4918 praeter-

2036 4968 2102 5008 ea
2141 4961 2197 5008 et
2247 4953 2319 5008 iis
2349 4952 2444 5024 qui
2475 4952 2622 5022 leges
2665 4949 2933 5012 tulerunt,
2988 4945 3063 5001 ita
3097 4946 3213 5001 haec
3235 4958 3295 5000 se
3325 4942 3552 4998 habere.
3590 4959 3610 4992 ι

1659 5255 1891 5314 νΑιιιλΕ
1913 5255 2337 5315 'LECTIONES.

425 5363 662 5441 119630;
682 5363 842 5441 τοῦτο
861 5361 1010 5441 req.
1032 5363 1111 5441 η’
1132 5363 1181 5441 οἱ
1210 5363 1711 5441 μειβ-καλέονται.
1732 5371 1813 5422 τοὶ
1848 5371 1944 5438 μὲν
1989 5371 2243 5441 δαίμονες
2268 5371 2406 5426 εἰσὶν
2455 5369 2577 5434 Διὸς
2632 5367 2868 5441 μεγάλου
2915 5365 3201 5441 διαϐομλάς
3365 5363 3386 5395 ³
3411 5356 3611 5441 ἔφλεξεν

346 5432 533 5488 ἐσθλοὶ
555 5434 598 5487 δ’
624 5434 685 5489 Β.

347 5504 413 5559 Β.
491 5505 512 5536 ⁶
538 5503 695 5573 δῆτα.
719 5503 916 5574 δήποτε
940 5501 982 5556 Β
1029 5503 1149 5574 Mox

795 5433 820 5466 ⁸
851 5431 1344 5512 καὶξσρλούςίααὶ
1370 5447 1481 5512 om.
1632 5439 1732 5512 aut
1752 5431 1877 5512 ante
1900 5441 1931 5512 ό
1961 5431 2191 5512 ποιητὴς
2225 5431 2352 5495 ὀηι.
2400 5441 2496 5512 Va.

1179 5501 1579 5586 μέμφεσθαι-⁵0.
1711 5508 1854 5586 θεοῦ.
1892 5509 1927 5562 θ;

2147 5498 2220 5544 ’⁷⁸
2251 5513 2360 5586 γὰρ
2398 5511 2482 5586 δή.
2517 5511 2718 5586 Slvom:
2753 5508 2815 5562 Β.
2860 5508 2914 5586 ’⁸
2938 5504 3112 5586 [ἡμῖν]
3163 5498 3412 5586 091.9;
3443 5498 3614 5586 ’ἕκατι

2609 5428 2644 5472 ⁸’
2668 5428 2726 5491 δέ
2749 5437 2898 5491 τόνδε
2925 5437 3035 5489 τόν.
3063 5437 3119 5488 δὲ
3147 5428 3240 5488 τοῦ
3266 5430 3491 5501 ποιητοῦ
3521 5428 3614 5501 τὸν

346 5574 564 5666 ῗπξξέι
591 5568 887 5666 ἓξὲξμῖἷὶ
938 5574 991 5666 ’2.
1019 5568 1681 5666 αιδξξαὶτέξῖεῗξιξηθοιλῗ
1710 5579 1858 5666 τάὲδξ
1888 5568 1998 5666 τέ’ίο
2032 5582 2122 5666 τέγ
2149 5568 2392 5666 enim
2426 5568 2483 5635 Β·
2566 5568 3606 5666 "idenim:.i‘5‘3°:‘5’1}219;1‘133'

345 5644 568 5767 τῗθροει
599 5644 774 5698 πάντα
801 5659 911 5698 om.
950 5643 1010 5697 B.
1089 5640 1134 5675 ¹³
1161 5644 1504 5698 ἀνασκινδαλ.
1533 5649 1875 5702 ἀνασκινδυλ.
1909 5650 1970 5705 C.

349 5715 390 5767 ἀ
463 5714 710 5767 οωπείων
741 5714 800 5767 Β.
879 5715 920 5746 ¹⁷
957 5711 1052 5767 τοῦ
1095 5711 1364 5767 σώματος.
1396 5715 1489 5767 τοῦ
1522 5731 1632 5767 om.
1659 5717 1717 5767 Β.
1798 5721 1841 5752 ιδ
1870 5721 1970 5767 bis:

2069 5652 2112 5682 ¹⁵
2139 5639 2542 5721 οίνπάσχοντες.
2577 5653 2625 5704 ot
2668 5649 2840 5703 ταῦτα
2872 5665 2933 5700 π.
2976 5644 3078 5721 νὺ..
3156 5639 3606 5721 ¹ξΑάνθρωπίνωει

461 5714 800 5793 ρωπείωνῂΒ.
853 5711 1052 5793 licet":
1095 5711 1364 5793 σώματος.
1396 5715 1489 5771 τοῦ
1522 5731 1632 5773 om.
1659 5717 1717 5772 Β.
1798 5721 1841 5752 ³⁸
1870 5721 2160 5793 ἑνδεκάτῳ.
2195 5710 2404 5792 δεκάτὶρ
2448 5710 2517 5788 Β,
2543 5721 2605 5778 C.
2689 5722 2730 5754 ¹⁹
2752 5734 2872 5774 τινα
2903 5729 3011 5770 om.
3041 5713 3098 5766 Β.
3177 5714 3222 5745 ²⁰
3248 5710 3611 5768 πιστεύεινκ-

349 5781 546 5848 οὔσαις
572 5800 682 5840 om.
714 5784 774 5840 Β.
852 5785 896 5818 ¹¹
926 5782 1031 5856 [τε]
1059 5798 1168 5840 om.
1199 5782 1259 5839 C.
