4066 6418
484 309 618 375 1027

477 521 668 568 censet
699 530 711 565 :
741 527 836 566 vos
866 527 998 565 vero
1026 524 1135 563 non
1167 509 1346 564 solum
1377 508 1539 562 nobis
1569 507 1696 562 fidei
1719 507 1796 562 nil
1825 508 2062 575 habetis,

477 607 917 674 clamantemque
955 611 1276 657 eventorum
1304 617 1493 656 vocem
1516 600 1710 656 audire
1731 617 1842 655 non
1873 601 2062 667 vultis,

476 699 570 752 sed
600 714 666 752 ne
699 707 880 750 vestro
903 696 1124 765 quidem
1147 695 1478 764 philosopho
1504 694 1846 750 credendum
1875 694 2066 750 existi-

475 788 660 851 matis,
690 786 782 854 qui
808 785 1018 854 liquido
1047 785 1279 840 aﬂirmat
1333 793 1651 840 sanctorum
1673 784 1905 848 animas,
1937 799 2064 839 cor-

474 877 703 946 poribus
737 876 964 940 solutas,
1001 875 1370 930 humanarum
1418 891 1601 930 rerum
1627 889 1816 930 curam
1850 888 2060 945 gerere.

473 969 640 1024 Decet
678 978 863 1023 autem
907 968 1158 1038 profecto
1204 968 1352 1024 hunc
1381 969 1647 1024 honorem
1673 983 1771 1023 eos
1807 966 2062 1036 adipisci,

473 1070 535 1113 ut
563 1060 657 1129 qui
705 1075 794 1114 res
840 1059 1058 1114 divinas
1091 1059 1218 1114 totis
1264 1059 1582 1130 pnecordiis
1612 1058 1957 1120 adamarint,
2008 1067 2064 1114 et

470 1167 594 1222 quae
617 1153 687 1205 ab
712 1151 872 1206 initio
899 1152 1132 1221 amplexi
1169 1152 1406 1215 fuerant,
1461 1151 1517 1204 in
1557 1150 1644 1205 his
1671 1150 1740 1204 ad
1773 1149 1937 1214 ﬁnem
1965 1166 2062 1204 us-

469 1259 580 1312 que
604 1242 978 1312 perstiterint,
1018 1259 1196 1312 neque
1228 1245 1371 1312 passi
1410 1243 1520 1297 sint
1555 1258 1676 1296 eam
1705 1242 1793 1297 cui
1819 1257 1876 1297 se
1907 1241 2064 1296 addi-

469 1335 1338 1402 xerantstationem'rclinquere.
1375 1336 1533 1390 Hunc
1556 1336 1710 1390 Plato
1745 1351 2061 1392 sermonem

468 1426 636 1480 etiam
664 1426 719 1479 in
744 1425 1001 1496 Apologia
1026 1425 1331 1479 confirmat.
1367 1425 1458 1480 Sic
1478 1427 1625 1481 enim
1652 1429 1730 1480 ait
1755 1427 1832 1497 (p.
1856 1429 1925 1482 28
1948 1427 2016 1498 D)
2043 1447 2058 1482 :

475 1536 496 1566 σ
534 1519 611 1571 Ita
637 1517 880 1586 profecto
915 1533 1002 1572 res
1033 1517 1220 1582 habet,
1251 1536 1283 1572 ο
1308 1518 1411 1571 viri
1441 1518 1826 1573 Athenienses.
1850 1519 1970 1586 Quo
2000 1535 2060 1574 se

467 1610 589 1664 loco
619 1610 890 1680 quispiam
924 1611 1229 1670 collocarit,
1264 1611 1568 1666 arbitratus
1599 1611 1871 1680 optimum
1904 1612 2059 1667 illum

465 1716 606 1764 esse,
632 1710 726 1754 aut
753 1702 806 1754 iu
842 1716 952 1770 quo
983 1717 1014 1756 a
1037 1701 1286 1771 principe
1308 1702 1478 1756 fuerit
1499 1703 1858 1770 constitutus,
1885 1703 1945 1758 in
1967 1719 2055 1771 eo,

466 1799 528 1846 ut
552 1792 810 1862 equidem
829 1792 1028 1855 sentio,
1048 1809 1370 1862 permanere
1399 1795 1554 1850 illum
1584 1806 1823 1866 oportet,
1845 1799 2058 1853 nullum

462 1886 650 1940 animo
684 1893 1055 1954 reputantem,
1091 1902 1193 1941 nec
1215 1903 1246 1940 a
1278 1897 1455 1941 morte
1487 1905 1590 1944 nec
1614 1890 1684 1944 ab
1727 1892 1835 1945 alia
1869 1908 1928 1946 re
1951 1893 2061 1948 ulla

463 1975 641 2045 majus
675 1974 974 2029 discrimen
997 2015 1011 2039 ,
1037 1991 1202 2045 quam
1247 1993 1277 2030 a
1311 1979 1676 2048 turpitudine.
1709 2000 1725 2031 ι
1781 1981 2060 2051 Pauloque

460 2081 625 2138 post:
665 2087 682 2119 ι
712 2068 941 2122 Mortem
980 2068 1128 2122 enim
1166 2068 1393 2132 timere,
1441 2085 1475 2124 o
1523 2071 1650 2134 viri,
1711 2072 1880 2141 918
1910 2073 2059 2129 aliud

463 2161 606 2213 nihil
650 2171 756 2223 est,
789 2175 955 2229 quam
1005 2160 1309 2229 sapientem
1349 2160 1523 2215 videri
1557 2163 1651 2230 qui
1688 2178 1745 2216 re
1800 2163 1914 2232 ipsa
1948 2180 2058 2238 non

462 2251 555 2306 sit.
594 2270 613 2302 ›
667 2252 992 2320 Rursusque
1046 2253 1208 2320 paulo
1255 2260 1380 2321 post
1426 2271 1440 2306 :
1483 2271 1501 2304 ι
1547 2254 1666 2310 Prae
1716 2255 1826 2309 illis
1874 2265 2056 2310 autem

462 2343 621 2397 malis
645 2359 767 2413 qua:
800 2343 915 2398 scio
944 2344 1165 2414 penitus
1186 2345 1327 2398 mala
1367 2360 1514 2408 esse,
1548 2361 1658 2400 non
1684 2347 1909 2412 timebo,
1956 2363 2060 2403 nec

461 2433 667 2505 fugiam
695 2450 759 2490 ea
784 2451 906 2505 quae
938 2435 1083 2490 haud
1123 2437 1258 2490 satis
1281 2437 1394 2491 scio
1423 2453 1491 2491 an
1523 2446 1580 2493 et
1602 2438 1745 2493 bona
1772 2441 1902 2494 sint.
1940 2460 1958 2492 ι
1991 2442 2058 2496 Ει

462 2526 664 2582 iterum
702 2543 715 2580 :
760 2545 777 2578 ι
819 2526 981 2593 Quod
1016 2527 1084 2582 ad
1115 2537 1315 2583 cmtera
1343 2531 1604 2599 pertinet,
1628 2530 1904 2587 beatiores
1928 2541 2058 2588 sunt

460 2618 555 2686 qui
607 2618 755 2674 illam
783 2634 949 2688 quam
1002 2619 1097 2688 qui
1147 2619 1289 2673 hanc
1327 2619 1577 2674 incolunt
1633 2621 1916 2692 regionem
1950 2639 2056 2679 :ac

458 2708 587 2780 jam,
615 2716 672 2762 et
693 2707 907 2778 reliquo
930 2717 1178 2779 tempore
1204 2715 1334 2763 sunt
1355 2709 1710 2765 immortales.
1750 2731 1768 2762 ›
1794 2712 2054 2782 Ejusdem

459 2813 590 2852 vero
607 2807 756 2861 sunt,
785 2798 971 2861 amici,
996 2798 1163 2851 etiam
1194 2797 1299 2851 ista
1323 2798 1511 2870 (p.50)
1539 2817 1552 2852 :
1583 2818 1602 2850 ι
1634 2799 1766 2854 Mihi
1797 2801 2057 2858 enimne-

457 2906 565 2960 que
604 2890 844 2955 Melitus,
891 2905 1072 2960 neque
1122 2893 1334 2960 Anytus
1378 2890 1680 2959 quidquam
1728 2893 2051 2951 nocebunt:

458 2996 639 3051 neque
675 2981 826 3034 enim
856 2989 1137 3050 poterunt.
1172 2981 1276 3036 Fas
1316 2982 1464 3035 enim
1495 2997 1616 3036 esse
1646 2999 1758 3037 non
1808 2993 1962 3054 puto,
1994 2994 2054 3040 ut

457 3073 554 3144 qui
590 3073 784 3128 melior
825 3081 930 3137 est,
972 3088 1003 3126 a
1034 3073 1222 3143 pejore
1247 3073 1641 3130 detrimentum
1675 3077 1928 3147 accipiat.
1966 3079 2054 3133 ln-

458 3163 696 3219 terﬁciet
723 3179 807 3218 me
837 3165 928 3220 ille
965 3163 1219 3230 fortasse,
1261 3174 1357 3220 aut
1380 3167 1603 3222 civitate
1632 3169 1834 3240 exiget,
1868 3177 1967 3226 aut
1994 3171 2050 3225 in
2084 3163 2090 3180 ἶ

459 3263 839 3326 contemptum
880 3256 1138 3312 adducet.
1173 3258 1378 3312 Verum
1403 3259 1522 3315 haec
1549 3260 1666 3330 ipse
1695 3261 1918 3330 quidem
1945 3262 2053 3318 for-

458 3357 627 3411 tasse,
671 3355 728 3401 et
781 3348 922 3401 alius
975 3348 1247 3418 quispiam
1277 3365 1473 3420 magna
1496 3361 1655 3422 putat
1699 3369 1822 3410 esse
1866 3356 2048 3411 mala:

457 3454 562 3509 ego
591 3450 775 3495 autem
813 3457 922 3494 non
951 3442 1117 3510 'puto,
1167 3441 1264 3497 sed
1311 3443 1506 3505 multo,
1543 3444 1716 3514 magis
1745 3460 1808 3498 ea
1847 3445 2050 3512 facere,

458 3547 582 3602 quae
635 3533 724 3587 hic
760 3549 906 3588 nunc
946 3533 1097 3599 facit,
1147 3533 1430 3589 hominem
1483 3532 1686 3604 injuste
1731 3536 2053 3606 aggrediens

457 3622 735 3678 occidere.
767 3644 784 3674 ι

533 3715 656 3770 Πίος
691 3715 858 3786 igitur
882 3715 1138 3771 Socrates
1168 3715 1223 3770 in
1252 3714 1371 3786 ipso
1405 3715 1532 3771 vita:
1561 3715 1883 3772 discrimine
1927 3717 2052 3788 phi-

458 3805 782 3874 losophatus
813 3813 917 3868 est,
941 3805 1084 3860 sicut
1111 3807 1267 3860 Plato
1293 3816 1690 3862 commemorat
1717 3827 1729 3862 :
1768 3823 1948 3878 neque
1973 3817 2054 3864 ta-

459 3911 586 3950 men
634 3895 901 3950 honorem
953 3897 1290 3968 martyribus
1337 3911 1526 3968 parem
1564 3906 1650 3953 est
1694 3907 2048 3956 consecutus.

464 3985 595 4042 Nam
621 4001 724 4041 nec
748 3986 824 4040 illi
863 3987 1127 4057 templum
1159 3997 1574 4055 exstruxerunt,
1604 4005 1708 4044 nec
1739 3990 1920 4045 locum
1949 3989 2053 4044 ali-

457 4092 624 4145 quem
647 4089 1064 4144 consecrarunt,
1098 4094 1203 4134 nee
1249 4079 1552 4135 solemnem
1581 4080 1937 4137 festivitatem
1967 4081 2054 4136 in-

454 4169 741 4235 dixerunt,
777 4171 873 4240 qui
915 4171 1064 4226 illius
1095 4169 1398 4226 interfuere
1418 4151 1789 4239 sermonibus,
1835 4172 1932 4228 sed
1963 4173 2050 4228 in-

455 4260 790 4318 honoratum
824 4265 982 4318 ‘esse
1026 4263 1173 4334 passi
1226 4273 1390 4329 sunt,
1443 4264 1698 4334 quamvis
1738 4265 2048 4335 sapientem

455 4351 766 4423 fortemque
821 4353 1122 4410 hominem.
1199 4353 1408 4424 lnjusta
1470 4354 1562 4408 ille
1624 4353 1849 4425 quidem
1911 4367 2048 4409 nece

1495 306 1984 368 THEODORETI
2025 307 2366 367 EPISCOPI
2407 308 2774 368 CYRENSIS

477 424 670 492 Itaque
727 419 1090 492 philosophus
1144 418 1310 472 etiam
1363 417 1678 470 rumoribus
1725 415 2066 470 credendum
2096 419 2142 476 Α
2171 433 2235 483 γε
2275 416 2535 480 παλαιαῖς
2590 416 2813 478 obscur

3618 309 3752 378 1098

2867 416 3145 471 πιστεύειν
3196 417 3253 472 δὲ
3305 419 3490 482 αὐτοῖς
3529 422 3753 492 νομοθε-

2165 506 2320 559 τοῦσι
2346 505 2499 560 ταῦθ’
2548 507 2722 571 οὕτως
2757 509 2922 579 ἔχειν.
2981 527 2999 559 ι
3050 508 3190 562 Ἀλλ’
3232 510 3260 562 6
3307 509 3407 581 μὲν
3461 511 3754 583 φιλόσοφος

2167 597 2379 650 κελεύει
2424 597 2522 651 καὶ
2571 600 2692 662 ταῖς
2743 599 2954 668 φήμαις
3001 598 3308 653 πιστεύειν
3373 601 3531 671 ὑμεῖς
3585 601 3644 654 δέ
3690 604 3752 656 οὐ

2168 688 2333 759 μόνον
2371 689 2501 759 ημῖν
2545 689 2849 751 ἀπιστεῖτε,
2883 691 2979 743 καῖ⁷
3010 689 3109 760 τῆς
3156 689 3266 742 τῶν
3329 693 3672 762 πραγμάτων
3706 697 3752 727 ¹¹

2167 779 2377 850 βοώσης
2417 779 2673 850 ἀληθείας
2718 781 2930 834 ἐπαΐειν
2967 783 3027 834 ού
3064 783 3341 853 βούλεσθε,
3372 784 3487 838 ἀλλ’
3527 786 3650 840 οὐδὲ
3673 785 3753 858 τῷ

2166 869 2422 941 ὑμετέρῳ
2477 871 2755 943 φιλοσόφῳ
2808 871 3086 927 πιστεύειν
3135 874 3349 928 ἐθέλετε
3399 876 3448 909 ’³
3492 876 3753 948 ἄντικρυς

2167 961 2403 1030 λέγοντι,
2425 962 2503 1024 ὡς
2529 964 2585 1016 αἱ
2621 962 2730 1016 τῶν
2752 963 2917 1018 ὁσίων
2946 964 3115 1036 ψυχαὶ
3141 965 3252 1019 τῶν
3285 968 3553 1037 σωμάτων
3574 968 3751 1022 ἀπαλ-

2164 1054 2416 1123 λαγεῖσαι
2436 1055 2544 1109 τῶν
2574 1057 2695 1109 κατ’
2729 1055 3052 1127 ἀνθρώπους
3080 1059 3470 1129 ἐπιμελοῦνται
3499 1061 3754 1132 πραγμά·

2162 1162 2294 1199 των.
2326 1147 2452 1210 Τοῖς
2476 1146 2532 1200 δὲ
2565 1146 2740 1210 οὓτως
2772 1149 2818 1178 ’δ
2850 1149 3114 1220 ἁρμόττει
3142 1151 3297 1204 τοῦδε
3323 1152 3417 1205 τοῦ
3452 1153 3632 1223 γέρως
3658 1170 3753 1206 τυ-

2165 1243 2300 1311 χείν,
2335 1239 2412 1303 ὼς
2449 1245 2564 1304 τοῖς
2591 1242 2913 1311 ἠγαπηκόσι
2946 1243 3046 1312 μὲν
3083 1243 3337 1314 ἐκθύμως
3381 1244 3450 1298 τὰ
3483 1245 3622 1315 θεῖα,
3655 1262 3755 1315 με-

2167 1329 2429 1400 μενηκόσι
2457 1329 2512 1382 δέ
2549 1329 2714 1401 μέχρι
2735 1330 2920 1394 τέλους
2943 1324 3028 1394 οἷς
3058 1331 3115 1398 ἐξ
3140 1313 3317 1405 ἀρχῆς
3343 1313 3666 1404 προείλοντο.
3683 1334 3747 1399 ’⁵,

2175 1419 2267 1470 καὶ
2301 1417 2400 1488 τὴν
2428 1416 2579 1482 τάξιν
2617 1421 2676 1471 ἐν
2711 1413 2744 1493 ᾖ
2795 1422 2934 1489 σφᾶς
2981 1420 3172 1488 ἔταξαν
3202 1425 3302 1476 ούκ
3357 1425 3752 1495 ἀνασχομένοις

2162 1509 2512 1564 καταλιπεῖν.
2568 1511 2771 1565 Τοῦτον
2811 1514 2856 1544 ²⁶
2898 1513 2956 1566 δέ
2989 1531 3053 1582 γε
3100 1515 3195 1568 καὶ
3241 1517 3271 1568 6
3309 1516 3538 1570 Πλάτων
3585 1518 3642 1569 ἐν
3683 1521 3749 1589 τῇ

2176 1602 2505 1672 Ἀπολογίᾳ
2526 1603 2786 1675 κρατύνει
2805 1605 2894 1658 τὸν
2912 1605 3087 1676 λόγον.
3103 1608 3240 1678 Φησὶ
3261 1609 3316 1661 δὲ
3338 1608 3510 1674 οὕτως
3525 1627 3569 1660 οι
3595 1609 3751 1664 Οὕτω

2160 1697 2270 1766 γὰρ
2306 1695 2443 1767 ἔχει,
2474 1690 2519 1750 ὦ
2550 1699 2744 1769 ἄνδρες
2783 1699 3081 1771 Ἀθηναῖοι,
3111 1703 3175 1771 τῇ
3207 1701 3437 1772 ἀληθείᾳ
3470 1717 3483 1731 ο
3516 1695 3577 1756 οὗ
3607 1702 3675 1756 ἄν
3704 1704 3748 1733 ’⁷

2163 1807 2246 1853 τις
2274 1791 2474 1845 ἑαυτὸν
2518 1791 2659 1864 τάξῃ
2700 1793 3050 1865 ἡγησάμενος
3084 1793 3359 1864 βέλτιστον
3391 1789 3554 1860 εῖναι,
3588 1795 3622 1866 ἢ
3656 1795 3750 1848 ὑπ’

2163 1885 2424 1954 ἄρχοντος
2462 1884 2660 1956 ταχθῇ,
2697 1885 2932 1940 ἐνταῦθα
2961 1884 3116 1957 [120]
3138 1885 3218 1938 δεῖ
3238 1886 3306 1951 ³⁸,
3328 1886 3404 1948 ὡς
3428 1887 3551 1954 ἐμοὶ
3579 1886 3748 1949 δοκεῖ,

2165 1977 2397 2048 μένοντα
2433 1976 2792 2041 κινδυνεύειν,
2852 1977 3019 2047 μηδὲν
3075 1977 3555 2047 ὑπολογιζόμενον,
3608 1978 3750 2048 μήτε

2162 2065 2414 2130 θάνατον,
2465 2067 2604 2136 μήτε
2634 2066 2765 2126 ἄλλο
2806 2067 2971 2137 μηδὲν
3004 2067 3110 2136 πρὸ
3145 2067 3240 2120 τοῦ
3289 2065 3538 2137 αἰσχροῦ.
3581 2085 3601 2118 ι
3637 2066 3752 2120 Καὶ

2161 2159 2325 2213 πάλιν
2362 2157 2480 2229 μετ’
2509 2158 2667 2228 ὀλίγα
2691 2175 2703 2186 ·
2748 2180 2765 2210 ι
2809 2160 2884 2212 Τὸ
2915 2159 3022 2230 γάρ
3051 2176 3133 2212 τοι
3173 2158 3401 2214 θάνατον
3425 2158 3672 2222 δεδιέναι,
3703 2152 3751 2213 ὧ

2161 2249 2374 2321 ἄνδρες,
2424 2249 2576 2302 οὐδὲν
2619 2249 2748 2303 ἄλλο
2783 2251 3015 2322 ἐστὶν,ἢ
3063 2251 3242 2306 δοκεῖν
3283 2251 3445 2319 σοφὸν
3474 2247 3634 2316 εἶναι,
3671 2253 3748 2322 μὴ

2160 2339 2310 2394 ὄντα.
2357 2357 2376 2389 ι
2434 2339 2542 2393 Καὶ
2577 2335 2732 2402 αὖθις
2761 2340 2902 2409 μετά
2953 2341 3195 2412 βραχέαο
3255 2360 3273 2392 ι
3334 2340 3446 2410 Πρὸ
3479 2339 3611 2408 γοῦν
3638 2341 3751 2394 τῶν

2162 2431 2377 2496 κακῶν,
2413 2424 2488 2484 ὧν
2520 2426 2636 2485 οῖδα
2665 2431 2747 2484 ὃτι
2777 2432 2823 2462 ³⁸
2851 2434 3000 2486 κακά
3047 2435 3218 2499 ἐστιν,
3249 2431 3286 2487 ἃ
3318 2433 3393 2504 μὴ
3426 2430 3542 2488 οἶδα
3574 2435 3623 2486 εί
3652 2435 3751 2486 καὶ

2158 2525 2341 2594 ἀγαθά
2372 2524 2503 2579 ὄντα
2527 2525 2788 2595 τυγχάνει
2817 2525 2861 2554 ³ο
2882 2525 2943 2576 ού
2974 2525 3378 2595 φοϐηθήσομαι,
3404 2525 3527 2577 οὐδὲ
3557 2524 3752 2592 φεύξο-

2163 2634 2283 2688 μαι.
2325 2637 2343 2669 ι
2386 2619 2493 2672 Καὶ
2529 2618 2695 2670 πάλιν
2719 2632 2731 2646 ·
2773 2636 2792 2668 ι
2841 2616 2922 2670 Τά
2952 2633 3012 2669 τε
3043 2615 3153 2689 γὰρ
3180 2615 3314 2670 ἀλλα
3336 2615 3751 2686 εὐδαιμονέστε-

2161 2709 2246 2779 ροί
2279 2711 2420 2762 εἰσιν
2449 2710 2502 2761 ot
2531 2711 2650 2762 ἐκεῖ
2667 2708 2774 2761 τῶν
2803 2707 3022 2762 ἐνθάδε·
3059 2707 3155 2761 καὶ
3184 2707 3286 2778 ἥδη
3315 2707 3408 2760 καὶ
3439 2707 3530 2760 τὸν
3560 2706 3750 2760 λοιπὸν

2159 2802 2352 2872 χρόνον
2377 2801 2640 2856 ἀθάνατοί
2665 2803 2828 2854 εἰσιν.
2872 2820 2891 2852 ι
2942 2801 3118 2854 Αὑτοῦ
3148 2801 3225 2864 δὲ,
3266 2793 3311 2854 ὦ
3351 2801 3494 2870 φίλοι
3527 2801 3747 2870 ἄνδρες,

2159 2895 2256 2948 καὶ
2287 2894 2463 2948 ταῦτα
2485 2911 2498 2924 ·
2539 2913 2558 2945 ί
2612 2893 2742 2963 Ἑμέ
2771 2893 2881 2962 γὰρ
2925 2892 3078 2944 οὐδὲν
3105 2891 3362 2962 βλάψειεν
3391 2893 3434 2924 ³¹
3474 2890 3599 2945 οὒτε
3633 2892 3750 2946 Μέ-

2155 2984 2320 3055 λητος
2348 2984 2472 3038 οὔτε
2505 2986 2570 3040 Ἀ
2583 3001 2756 3050 νυτος,
2786 2984 2908 3037 οὐδὲ
2931 2985 3038 3055 γὰρ
3059 2984 3103 3016 ³²
3135 2984 3200 3039 ἂν
3230 2984 3498 3040 δύναιντο.
3530 2985 3605 3038 Οὐ
3633 2984 3749 3057 γὰρ

2158 3074 2314 3149 οἶμαι
2365 3078 2588 3149 θεμιτὸν
2645 3073 2788 3131 εἶναι
2839 3077 3068 3148 βελτίονι
3119 3077 3276 3148 ἀνδρὶ
3331 3077 3437 3131 ὑπὸ
3500 3079 3750 3148 χείρονος

2155 3169 2517 3239 βλάπτεσθαι.
2570 3169 2940 3223 ’Λποκτείνειε
2971 3168 3071 3239 μέν
3112 3167 3208 3240 [τ’]
3240 3169 3285 3200 ³³
3312 3167 3380 3223 ἂν
3427 3169 3558 3232 ἴσως
3587 3169 3621 3240 ἦ
3652 3169 3750 3236 ἐξ-

2152 3262 2398 3316 ελάσειεν
2435 3261 2468 3331 ἢ
2503 3262 2822 3331 ἀτιμάσειεν
2845 3277 2858 3290 ·
2895 3261 3032 3314 ἀλλά
3067 3259 3240 3314 ταῦτα
3283 3254 3440 3323 οὗτος
3477 3261 3576 3331 μὲν
3615 3263 3746 3324 ῐσως

2152 3355 2324 3408 οίεται
2375 3349 2586 3426 [εἷναμ]
2630 3355 2676 3385 ³⁸
2707 3353 2803 3406 καὶ
2843 3353 3002 3416 ἄλλος
3031 3354 3114 3416 τίς
3153 3369 3279 3420 που,
3318 3354 3530 3424 μεγάλα
3558 3353 3738 3407 κακά’

2151 3448 2266 3517 ἐγὼ
2287 3448 2343 3500 δὲ
2366 3449 2467 3502 οὐκ
2491 3443 2669 3517 οἶμαι,
2691 3447 2826 3501 ἀλλὰ
2854 3447 2987 3500 πολὺ
3015 3447 3242 3517 μᾶλλον,
3268 3451 3440 3500 ποιεῖν
3463 3447 3509 3478 ³⁸
3525 3445 3562 3501 ἃ
3588 3438 3747 3513 οὗτος

2153 3543 2272 3594 νυνὶ
2294 3543 2460 3602 ποιεῖ,
2491 3539 2663 3611 ἄνδρα
2693 3540 2890 3604 ἀδίκως
2909 3539 3205 3611 ἐπιχειρῶν
3235 3539 3740 3595 ἀποκτιννύναι¹⁶.ι

2224 3712 2467 3767 Τοιαῦτα
2498 3712 2599 3783 μέν
2629 3731 2722 3768 ουν
2746 3715 2775 3767 6
2821 3715 3120 3786 Σωκράτης
3150 3716 3245 3769 καὶ
3289 3717 3348 3769 ἐν
3386 3716 3537 3787 αὐτῷ
3575 3732 3638 3785 γε
3664 3715 3748 3788 τῷ

2151 3802 2326 3870 ἀγῶνι
2370 3804 2832 3875 πεφιλοσόφηκεν,
2862 3806 2938 3870 ὡς
2959 3808 2992 3860 6
3033 3809 3256 3864 Πλάτων
3279 3825 3342 3878 γε
3380 3809 3422 3842 ³⁷
3455 3809 3742 3880 μεμαρτύ-

2151 3881 2322 3966 ρηκεν
2341 3912 2354 3924 ⁸
2388 3895 2503 3949 ἀλλ’
2525 3897 2676 3965 ὅμως
2705 3898 2806 3969 τῆς
2832 3896 2942 3951 τῶν
2974 3899 3269 3971 μαρτύρων
3295 3900 3462 3971 τιμῆς
3490 3902 3552 3956 ού
3585 3902 3747 3956 τετύ-

2151 4004 2339 4059 χηκεν.
2381 3985 2522 4040 Οὔτε
2551 3987 2660 4060 γὰρ
2691 3989 2861 4059 σηκὸν
2902 3989 3097 4060 ἐκείνῳ
3145 3991 3444 4062 ἐδείμαντο,
3482 3992 3608 4046 οὔτε
3649 3993 3746 4046 τέ-

2155 4096 2319 4150 μενος
2369 4078 2708 4152 ἀφιέρωσαν,
2751 4079 2875 4135 οὔτε
2919 4082 3226 4154 πανήγυριν
3252 4083 3656 4156 ἀπεκλήρωσαν
3693 4087 3747 4139 οἱ

2148 4171 2258 4225 τῶν
2294 4173 2502 4226 ἐκείνου
2553 4172 2728 4242 λόγων
2775 4174 3180 4246 μετειληχότες,
3234 4175 3372 4230 ἀλλὰ
3421 4178 3516 4230 καὶ
3577 4177 3747 4248 σοφὸν

2150 4265 2444 4336 γενόμενον
2497 4267 2594 4319 καὶ
2642 4267 2887 4339 ἀνδρεῖον
2933 4267 3240 4340 ἀγέραστον
3293 4268 3509 4335 εῐασαν,
3561 4270 3746 4325 καίτοι

2148 4357 2331 4412 ἄδικόν
2367 4375 2429 4426 γε
2482 4359 2736 4422 κάκεῖνος
2771 4361 3184 4432 ύπομεμενήκει
3227 4361 3273 4394 ³⁸
3313 4363 3565 4432 σφαγήν·
3619 4361 3741 4417 ἀλλ’

454 4445 712 4500 sublatus
753 4453 859 4509 est,
896 4445 1047 4500 haud
1099 4451 1284 4500 tamen
1325 4461 1456 4500 vera
1507 4460 1610 4499 nec
1663 4461 1801 4514 pura
1840 4445 2047 4514 pietate

2159 4449 2254 4501 οὐκ
2290 4449 2525 4520 ἀρίστην
2557 4465 2622 4518 γε
2663 4444 2778 4519 εἷχε
2827 4451 2922 4505 καὶ
2959 4451 3240 4524 ἀκραιφνῆ
3282 4451 3381 4518 τὴν
3421 4451 3738 4507 εὑσέὄειανο

453 4537 722 4607 praeditus
767 4535 872 4591 fuit
913 4551 926 4588 :
962 4535 1226 4605 permista
1280 4535 1430 4590 enim
1486 4534 1564 4588 illi
1615 4551 1684 4590 ex
1728 4544 1948 4606 recepto
1992 4544 2050 4592 et

2159 4540 2499 4611 ἀναμέμικτο
2518 4541 2628 4613 γάρ
2649 4541 2822 4615 ταύτῃ
2848 4542 2892 4574 ³⁹
2923 4540 3017 4595 τοῦ
3051 4544 3306 4615 τηνικάδε
3337 4545 3745 4616 κατεσχηκότος

457 4629 669 4698 vulgari
718 4637 848 4682 tunc
893 4642 1085 4682 errore
1133 4626 1372 4695 plurima
1418 4634 1598 4680 erant.
1636 4626 1793 4682 Unde
1839 4627 2044 4682 factum

453 4729 613 4790 puto,
643 4727 702 4772 ut
725 4718 836 4771 vita
862 4717 1086 4772 functus
1125 4717 1278 4770 nullo
1299 4717 1498 4787 dignus
1515 4717 1723 4771 honore
1756 4717 1924 4787 919
1949 4717 2046 4772 ha-

451 4810 609 4866 bitus
639 4810 730 4864 sit.
781 4809 890 4864 Sed
934 4823 1116 4879 neque
1165 4808 1527 4864 Anaxarchus
1572 4809 1700 4874 ille,
1749 4809 1875 4879 qui,
1912 4825 2039 4864 cum

455 4901 681 4972 pistillis
705 4900 902 4955 ferreis
933 4900 1279 4966 tunderetur,
1320 4919 1338 4951 ι
1369 4900 1584 4966 Tunde,
1611 4908 1670 4956 ut
1701 4899 1905 4966 ferunt,
1931 4901 2045 4955 aie-

457 4991 573 5058 bat,
609 4991 780 5046 tunde
825 4991 1129 5046 Anaxarchi
1167 5006 1384 5060 capsam
1413 5009 1427 5045 :
1465 5008 1645 5062 neque
1673 4993 1821 5048 enim
1857 4993 2044 5047 tundis

2155 4631 2360 4684 πλάνου
2397 4631 2590 4684 πολλά.
2626 4631 2788 4684 Ὅθεν
2814 4632 2880 4704 δὴ
2903 4632 3028 4686 οὐδὲ
3051 4633 3151 4702 τῆς
3183 4636 3324 4701 μετά
3354 4635 3454 4706 τὴν
3478 4635 3746 4707 τελευτὴν

2153 4719 2361 4793 ἠξιώθη
2393 4719 2585 4790 τιμῆς.
2626 4720 2764 4772 υὺδέ
2825 4738 2890 4789 γε
2932 4720 3259 4796 Ἀνάξαρχος
3313 4725 3544 4791 ἐκεῖνος,
3598 4725 3660 4789 ὃς
3694 4727 3743 4758 ⁸⁸

2154 4812 2376 4881 ὑπέροις
2432 4811 2795 4881 πτισσόμενος
2859 4812 3098 4884 σιδηροῖς
3147 4814 3356 4884 ἔλεγεν,
3409 4816 3485 4880 ὥς
3540 4830 3738 4886 φασιν·

2155 4923 2173 4955 ι
2217 4903 2439 4965 Πτίσσε,
2472 4903 2668 4956 πτίσσε
2689 4906 2784 4958 τὸν
2823 4906 3156 4978 Ἀναξάρχου
3185 4907 3438 4974 θύλακον,
3474 4908 3742 4979 Ἀνάξαρ-

2152 5011 2244 5064 χον
2285 4992 2438 5068 [γὰρ]
2467 4996 2530 5047 οὐ
2585 4996 2855 5062 πτίσσεις,
2898 5016 2918 5050 ι
2955 4999 3112 5054 τοῦδε
3153 4999 3250 5054 τοῦ
3278 5003 3322 5033 δι
3362 5001 3541 5073 γέρως
3581 4984 3762 5056 τετύί

1761 5125 1998 5182 ἾΑΒΙΑΞ
2041 5126 2452 5186 LECTIONES.

526 5270 574 5302 υ
611 5252 794 5336 φωνῆς
838 5281 948 5320 om.
991 5265 1032 5322 Β
1060 5275 1183 5340 post
1215 5267 1573 5353 πραγμέιτων,
1613 5265 1864 5354 q‘ui‘mog
1903 5267 2116 5338 βοώσης
2155 5269 2413 5394 ἀληθείας
2452 5271 2544 5323 ἐπ.
2622 5270 2670 5303 ’³
2705 5273 2982 5328 πιστεύειν
3007 5273 3218 5329 ἐθέλετε
3246 5275 3541 5348 φιλοσόφῳ.
3581 5279 3737 5348 φιλο-

526 5357 610 5394 om
634 5354 792 5390 πιστο
820 5337 900 5390 ἐθ.
925 5337 984 5392 Β.
1061 5340 1108 5372 ³⁸
1133 5341 1246 5394 τῶς
1287 5338 1344 5390 δὲ
1373 5353 1566 5394 ουτως.
1599 5353 1677 5394 τω
1707 5338 1765 5391 οὲ
1797 5355 1969 5392 ουτως
2021 5339 2083 5394 Β.
2123 5339 2187 5394 C.
2294 5381 2306 5393 .
2360 5339 2484 5394 Mox
2535 5339 2726 5394 τούτου
2755 5342 2814 5394 δὲ
2841 5342 2904 5394 C-
2937 5359 3036 5394 nm
3064 5345 3241 5394 τοῦδε.
3320 5348 3365 5382 ³³
3397 5349 3728 5394 προείλοντο-

451 5341 792 5410 σόφῳπιστο
816 5337 900 5410 ἐθ.
925 5337 984 5410 Β,
1061 5337 1108 5410 ξι
1133 5337 1344 5410 τῶςδέ
1373 5337 1566 5410 οὕτως.
1599 5337 1677 5410 τῷ
1707 5338 1765 5410 δὲ
1797 5337 1972 5410 eam;
2021 5337 2083 5401 Β,
2123 5339 2187 5404 C,

2294 5381 2314 5422 ι.
2345 5339 2484 5422 ’Μοὲ
2535 5339 2726 5420 τούτου
2755 5342 2904 5422 ς,
2937 5359 3036 5414 pro
3064 5339 3269 5422 τοῦδε(
3397 5339 3728 5422 προείλοντο.

457 5401 778 5488 προείλαχτο
804 5406 865 5488 ρ.
940 5409 986 5440 ⁸⁸
1009 5408 1215 5488 τοῦτον.
1245 5409 1450 5488 τούτων
1595 5401 1664 5488 "’7
1695 5403 1755 5462 οὗ
1784 5410 1870 5488 ἄν..
1913 5401 1976 5461 οῦ
1992 5411 2100 5488 ’ἐὰν
2203 5410 2406 5488 ρςῦδξᾶν
2426 5409 2468 5464 C
2500 5410 2612 5488 qui
2637 5427 2767 5488 mox
2797 5401 3027 5488 ξέλτξον.
3092 5417 3154 5488 ᾲ²⁸
3175 5417 3276 5488 δεῖ.
3314 5418 3379 5488 δὴ
3393 5401 3468 5474 3'.
3539 5421 3587 5452 "

446 5475 540 5535 -ὖτι
567 5481 657 5532 καὶ
675 5477 736 5533 (ὲ.
815 5479 860 5510 ⁸⁸
881 5481 1156 5547 τυγχάνει.
1187 5479 1443 5560 τυγχάνοι
1476 5475 1538 5542 Β,
1595 5477 1656 5532 ν.
1688 5479 1931 5559 τυγχάνῃ
1983 5479 2045 5534 C.
2126 5480 2168 5510 ³⁸
2200 5479 2477 5549 βλάψειαν.
2517 5475 2772 5600 ξλάψειεν
2797 5475 2870 5547 Β,
2907 5483 3009 5540 Vb.
3085 5486 3131 5518 ”
3161 5487 3280 5542 οὐδὲ
3306 5475 3432 5559 γάρ.
3462 5488 3586 5543 οὗτε
3622 5475 3733 5563 γὰρ

452 5551 523 5600 Β-
549 5548 643 5600 Va.
675 5549 919 5600 ἀμείνονι
944 5548 1046 5600 Vb.
1099 5563 1199 5600 [πο
1231 5547 1476 5600 Βελτιονι.
1555 5549 1600 5580 ⁸³
1632 5548 1772 5600 [τουι
1812 5565 1921 5600 om.
1961 5551 2002 5600 Β
2030 5559 2085 5600 et
2121 5565 2246 5600 mox
2300 5565 2410 5600 om.
2447 5548 2516 5600 [τ’
2549 5591 2562 5600 .
2647 5551 2692 5583 ³⁸
2725 5547 2876 5600 οὗτος
2909 5555 3005 5600 ιιὲν
3031 5555 3162 5600 rem:
3191 5558 3355 5600 arma.
3388 5555 3526 5600 ςῖυρη
3573 5558 3732 5600 nx...”-

452 5551 523 5619 Β,
549 5548 643 5622 Va:
675 5549 919 5622 ἀμείνονι
944 5548 1046 5602 Vb.
1084 5563 1199 5622 “pro
1230 5547 1476 5622 βελτωνι.
1531 5549 1600 5622 gf’
1632 5548 1772 5620 [τοῦ]
1812 5547 1921 5603 om;
1961 5551 2085 5622 B_et
2121 5547 2246 5622 mox
2300 5547 2410 5604 σω.
2447 5548 2516 5622 [τ’

1528 5620 1571 5651 ³⁸
1600 5622 1792 5700 ποιεῖν.
1824 5623 1967 5700 Eriza?
1992 5620 2067 5700 Ο..Δ
2128 5621 2180 5700 ⁸⁸.
2211 5620 2548 5700 ἀποκτείνῃ.
2590 5620 3002 5700 ἀποκξειννῦναι
3037 5625 3097 5690 Β,
3136 5626 3237 5681 Vb.
3313 5631 3355 5661 ³⁷
3387 5631 3614 5686 Πλάτων
3642 5620 3727 5700 γεί

453 5617 560 5674 οὐκ
589 5617 741 5689 οἶμαι
766 5620 862 5686 μὲν
885 5619 1022 5689 ᾃῖσως
1047 5617 1216 5671 οἴεται
1243 5618 1335 5671 καὶ
1364 5617 1425 5672 Β.

2527 5547 2562 5623 ξ.
2602 5621 2613 5626 Α
2637 5547 2692 5583 ’³⁸
2725 5547 3005 5626 οὖτοςᾼμὲν
3031 5555 3162 5626 ἴσως
3191 5547 3360 5611 οἴεται
3383 5547 3547 5614 εἶναι.
3573 5547 3732 5626 οὗτος

451 5687 690 5768 γεηοηιλ..
718 5687 902 5768 nu"
936 5689 1365 5768 ὑπομεμενήκει,
1413 5689 1808 5768 ὑπομεμένηκξ
1998 5691 2068 5768 *³⁸
2083 5689 2451 5768 ταύτῃ-αὐτῇ
2483 5690 2525 5744 Β
2565 5689 2704 5762 αὕτη
2734 5692 2797 5749 C.
2844 5694 2968 5749 Mox
2995 5687 3177 5751 ούδέΒ
3225 5714 3327 5768 pro
3348 5700 3492 5756 οὔτε,
3572 5705 3618 5737 ιο
3647 5687 3727 5767 3;;

460 5757 573 5813 ιο.
652 5759 691 5789 δ’
728 5758 880 5812 τοῦδε
904 5757 1019 5813 τοῦ.
1047 5757 1201 5811 τοῦδε
1239 5757 1289 5813 τ.
1322 5775 1376 5826 γ,
1403 5775 1454 5814 τ.
1480 5757 1603 5815 om.
1627 5759 1684 5813 Β.
1718 5757 1811 5814 τοῦ
1851 5760 1906 5813 δὲ
1933 5759 2028 5814 τοῦ
2062 5757 2256 5832 μέρουξ
2293 5760 2390 5815 Va.
