4066 6426
372 354 515 420 1029

942 346 1383 417 GR/ECARUM
1415 350 1719 413 AFFECT.
1761 349 2116 413 CURATIO.
2140 351 2391 412 -VIII.
2433 351 2532 413 DE
2570 353 3085 417 MARTYRIBUS.

3521 320 3677 425 1030'

370 484 567 540 χηκεν,
597 463 720 520 οὑδὲ
750 464 795 495 δ’
831 464 1015 533 Ζήνων
1039 466 1067 517 6
1112 462 1394 533 Ἐλεάτης,
1422 462 1482 526 ὃς
1523 461 1970 533 ἀναγκαζόμενος

2072 461 2483 525 Anaxarchum,
2520 482 2538 513 ι
2569 463 2720 518 hunc
2746 464 3016 520 honorem
3046 473 3132 522 est
3166 476 3533 537 consecutus;
3558 488 3663 529 nec

371 560 660 616 κατειπεῖν
687 575 739 610 τι
763 556 873 610 τῶν
898 557 1227 628 ἀπορρήτων
1254 556 1481 627 ἀντέσχε
1506 554 1643 627 πρὸς
1666 554 1766 619 τὰς
1797 552 1965 625 βασά-

374 670 524 715 νους,
557 648 711 703 οὐδὲν
750 646 1245 719 ἐξομολογούμενος
1267 664 1280 679 ³
1318 647 1395 711 ώς
1431 645 1488 700 δέ
1525 663 1691 717 φησιν
1726 646 1771 678 ⁵³
1811 646 1965 719 Ἐρα-

372 741 640 811 τοσθένης
673 741 731 792 ἐν
763 741 877 802 τοῖς
900 740 945 769 δ’
970 738 1107 806 Περὶ
1129 737 1369 807 ἀγαθῶν
1394 739 1491 793 καὶ
1520 736 1743 802 κακῶν,
1778 736 1963 802 δείσας

366 831 532 897 οὗτος
571 833 645 903 μὴ
669 834 735 902 τῇ
764 830 873 883 τῶν
907 830 1097 886 παθῶν
1118 828 1163 862 ⁸⁸
1192 830 1463 903 ὑπερϐολῇ
1500 829 1740 902 βιασθεὶς
1771 829 1963 902 ἐξείπῃ

368 945 424 979 τι
463 925 573 978 τῶν
625 922 1022 992 συγκειμένων,
1076 922 1172 975 καὶ
1218 922 1343 986 τοὺς
1402 922 1705 986 στασιώτας
1750 922 1802 954 ⁸⁸
1854 940 1963 993 μη-

375 1018 535 1087 νύσῃ,
582 1016 682 1088 τὴν
712 1014 981 1084 ’γλῶτταν
1034 1017 1145 1077 τοῖς
1182 1013 1362 1067 ὀδοῦσι
1399 1013 1582 1085 τεμὼν
1617 1015 1964 1085 προσέπτυσε

368 1105 451 1176 τῷ
489 1105 766 1176 τυράννῳ.
805 1103 983 1157 Ταύτδ
1029 1103 1071 1133 ⁸⁷
1105 1104 1161 1155 δὲ
1192 1103 1350 1156 τοῦτο
1396 1104 1491 1156 καὶ
1528 1103 1781 1158 Θεόδοτόν
1832 1122 1965 1174 φασι

377 1197 604 1266 ποιῆται
639 1195 731 1247 τὸν
761 1195 1155 1265 Πυθαγόρειον,
1190 1194 1287 1247 καὶ
1320 1194 1533 1249 Παῦλον
1593 1196 1684 1248 τὸν
1716 1195 1963 1250 Λακύδου

377 1288 679 1360 γνώριμον,
710 1287 787 1351 ὡς
815 1288 843 1339 6
888 1285 1252 1356 Περγαμηνὸς
1285 1287 1551 1358 Τιμόθεος
1595 1289 1654 1341 ἐν
1697 1286 1776 1357 τῷ
1825 1287 1964 1357 Περὶ

377 1380 490 1449 τῆς
528 1379 649 1432 τῶν
689 1379 1050 1449 φιλοσόφων
1091 1379 1431 1448 dr6peiac“
1465 1378 1772 1451 ξυνέγραψε
1795 1378 1964 1449 ’ξυμ-

385 1473 655 1542 μαρτυρΞί
690 1471 746 1523 δὲ
775 1470 951 1541 τούτῳ
989 1473 1082 1525 καὶ
1130 1471 1380 1542 Ἀχαϊκὸς
1420 1472 1483 1525 ἐν
1524 1474 1635 1535 τοῖς
1684 1469 1959 1537 Ἠθικοῖς.

391 1563 538 1616 Ἀλλ’
560 1565 710 1633 ὅμως
732 1562 937 1617 τούτων
959 1564 1134 1627 οὐδεὶς
1162 1564 1262 1634 τῆς
1295 1563 1402 1617 τῶν
1433 1563 1725 1635 μαρτύρων
1760 1562 1966 1634 ἠξιώθη

374 1656 569 1727 τιμῆς.
605 1655 744 1708 Οὔτε
775 1655 881 1726 μὴν
915 1656 1113 1709 ἐκεῖνοι
1139 1656 1188 1709 οἱ
1213 1655 1283 1710 τὰ
1312 1654 1543 1728 λαμπρὰ
1569 1655 1666 1710 καὶ
1698 1654 1995 1729 πολυθρύλ-

373 1746 521 1817 λητα
552 1748 852 1817 στήσαντες
892 1747 1150 1820 τρόπαια,
1182 1748 1243 1799 ού
1277 1747 1598 1818 Μιλτιάδης,
1636 1746 1698 1800 οὐ
1748 1746 1963 1817 Κίμων,

375 1839 441 1892 ού
491 1839 790 1909 Περικλῆς,
841 1837 902 1891 ού
959 1837 1359 1910 Θεμιστοκλῆς,
1405 1838 1507 1891 οὐκ
1567 1837 1901 1910 Ἀριστείδης
1938 1838 1968 1890 6

375 1929 733 1997 Λυσιμάχου·
774 1927 953 1979 καίτοι
998 1918 1154 1988 οὗτος
1185 1925 1287 1979 οὐκ
1325 1925 1569 1997 ἀνδρεῖος
1602 1924 1789 1995 μόνον,
1833 1922 1969 1977 ἀλλὰ

377 2020 476 2073 καὶ
504 2020 548 2051 ’⁸³
569 2019 778 2081 δίκαιος
800 2019 1114 2090 ἐνενόμιστο
1140 2033 1155 2049 ’
1179 2016 1296 2071 ἀλλ’
1323 2017 1471 2088 ὅμως
1490 2015 1614 2070 οὔτε
1640 2009 1812 2079 οὗτος,
1844 2014 1968 2068 οὔτε

375 2112 654 2184 Βρασίδας
666 2111 715 2143 ⁵⁸
728 2111 757 2162 6
776 2109 1147 2180 Σπαρτιάτης.
1169 2109 1272 2163 οὐκ
1300 2108 1647 2181 Ἀγησίλαος,
1676 2108 1738 2161 οὐ
1755 2106 1970 2162 Λύσαν-

374 2205 506 2279 δρος
536 2206 566 2258 ὁ
599 2204 703 2276 τὴν
742 2202 1069 2258 δυναστείαν
1114 2201 1428 2266 καταλύσας
1463 2202 1561 2263 τὴν
1590 2199 1969 2272 Ἀθηναίωνη,

375 2298 444 2351 ού
498 2295 800 2360 Πελοπίδας
839 2298 868 2349 6
907 2294 1284 2367 Βοιωτάρχης,
1328 2295 1432 2348 οὐκ
1473 2290 1912 2364 Ἐπαμεινώνδας
1942 2293 1972 2346 6

379 2391 485 2462 τὴν
535 2389 861 2460 Λακωνικὴν
911 2388 1242 2461 ληϊσάμενος
1294 2389 1391 2441 καὶ
1410 2389 1477 2458 τῇ
1536 2385 1762 2457 Σπάρτῃ
1816 2383 1970 2458 [ml]

377 2484 776 2553 προσενεγκεῖν
801 2481 902 2552 τὴν
925 2480 1185 2552 στρατιὰν
1215 2480 1261 2511 ⁸⁸
1285 2479 1586 2550 τολμήσας,
1624 2479 1721 2548 οὐχ
1752 2477 1804 2529 οἱ
1839 2477 1972 2529 Ῥω-

381 2575 566 2646 μαίων
605 2572 1062 2645 περιφανέστατοι
1111 2570 1430 2643 στρατηγοὶ,
1469 2568 1532 2623 ού
1578 2568 1818 2622 Σκιπίων
1862 2567 1909 2599 ⁸³
1942 2567 1971 2620 6

377 2665 625 2737 πρῶτος,
659 2666 759 2736 οὐχ
781 2667 809 2717 6
847 2663 1059 2717 ἐκείνου
1088 2662 1152 2695 ⁸⁸
1170 2660 1479 2735 ὁμώνυμος,
1505 2661 1566 2713 οὐ
1590 2660 1786 2713 Κάτων
1816 2657 1882 2722 ⁸⁸,
1907 2657 1968 2709 ού

376 2758 612 2823 Σύλλας,
650 2758 711 2811 ού
745 2756 980 2828 Μάριος,
1009 2756 1069 2809 ού
1110 2756 1414 2825 Πομπήϊος,
1450 2754 1512 2806 ού
1537 2754 1757 2820 Καῖσαρ
1785 2750 1965 2816 αὐτός.

376 2851 604 2905 Τούτων
643 2851 753 2922 γὰρ
782 2850 1011 2912 ἕκαστος
1066 2852 1124 2901 ἐν
1174 2848 1272 2919 μὲν
1307 2850 1428 2909 ταῖς
1463 2845 1824 2917 στρατηγίαις
1874 2842 1970 2895 καὶ

376 2946 504 3006 ταῖς
537 2944 595 2996 ἐν
644 2942 906 3013 πολέμοις
954 2940 1346 3012 ἀνδραγαθίαις
1390 2938 1650 3008 διέπρεψε
1694 2937 1763 3002 ⁸⁸,
1793 2937 1887 2989 τοῦ
1913 2936 1970 2990 δὲ

373 3036 492 3089 τῶν
527 3034 823 3106 μαρτύρων
847 3034 908 3086 ού
937 3032 1203 3105 μετέλαχε
1226 3031 1426 3104 γέρως.
1457 3031 1568 3084 Καὶ
1595 3030 1649 3084 τί
1676 3029 1820 3099 λέγω
1843 3030 1969 3093 τοὺς

376 3123 914 3200 στρατηγούς;οΰτε
948 3114 1056 3197 γὰρ
1083 3125 1133 3178 oi
1175 3124 1276 3196 τῆς
1305 3123 1629 3197 οἰκουμένης
1655 3121 1971 3194 βεϐασιλευο

376 3219 542 3283 κότες
574 3217 780 3290 ταύτης
807 3216 1128 3271 ἀπέλαυσαν
1154 3215 1199 3249 ⁸⁷
1231 3218 1332 3287 τῆς
1361 3214 1560 3288 τιμῆς·
1586 3216 1648 3269 ού
1678 3215 1880 3287 Κῦρος,
1906 3215 1968 3268 οὐ

375 3312 629 3382 Δαρεῖος,
683 3311 744 3363 οὐ
786 3308 1015 3383 Ξέρξης,
1050 3309 1154 3363 οὐκ
1210 3307 1559 3381 Ἀλέξανδρος
1590 3308 1619 3362 6
1668 3307 1968 3360 Φιλίππου*

374 3406 510 3468 τοὺς
535 3403 646 3474 γάρ
684 3403 997 3474 ἐπισήμους
1027 3401 1317 3470 καταλέγω
1348 3400 1547 3472 μόνους
1569 3414 1584 3429 ο
1620 3398 1723 3453 οὐκ
1757 3397 1971 3467 Δῦγου-
2014 3446 2037 3455 ,κ

379 3513 530 3560 στος,
557 3496 658 3549 οὐκ
687 3495 1099 3558 Οὐεσπασιανὸς
1121 3493 1190 3559 ³⁸,
1207 3493 1269 3547 ού
1291 3491 1582 3565 Τραϊανὸς,
1617 3491 1718 3545 οὐκ
1753 3489 1973 3563 Ἀδρια-

383 3586 492 3653 νδς,
541 3587 646 3640 οὐκ
693 3586 1043 3649 Ἀντωνῖνος·
1088 3583 1208 3638 ἀλλ’
1245 3574 1393 3637 οὗτοι
1420 3582 1624 3645 πάντες
1645 3578 1848 3646 ζῶντες
1873 3580 1972 3654 μὲν

375 3672 522 3751 ἦσαν
541 3677 920 3749 περίϐλεπτοι,
958 3676 1055 3731 καὶ
1087 3676 1215 3740 τοὺς
1255 3673 1568 3748 βαρϐάρους
1600 3672 1794 3728 ἐνίκων
1816 3715 1832 3739 ,
1874 3673 1973 3727 καὶ

377 3772 526 3844 μετὰ
562 3771 661 3835 τὰς
709 3770 866 3834 νίκας
907 3770 954 3803 ³⁸
996 3770 1224 3843 πομπὰς
1268 3766 1559 3823 ἐπετέλουν
1611 3769 1704 3822 καὶ
1741 3765 1969 3838 ἑορτάς·

376 3865 576 3936 ἐπειδὴ
607 3863 667 3917 δέ
697 3862 1083 3934 ἐτελεύτησαν,
1113 3862 1267 3916 οὐδὲν
1305 3860 1414 3917 τῶν
1448 3859 1662 3915 πολλῶν
1687 3858 1976 3931 διαφέρουο

378 3976 489 4014 σιν.
517 3955 658 4012 Οὔτε
684 3956 793 4028 γὰρ
813 3955 1020 4025 τάφους
1050 3954 1263 4026 ἔχουσιν
1289 3955 1614 4025 ἐπισήμους,
1645 3950 1769 4006 οὔτε
1799 3950 1972 4021 δημο-

376 4047 615 4112 θοινίαις
661 4046 901 4120 ἐτησίοις
932 4046 1306 4119 γεραίρονται.
1339 4043 1435 4108 Τίς
1468 4043 1579 4114 γὰρ
1627 4039 1737 4115 [δὴ]
1773 4041 1821 4074 ⁸⁸
1863 4035 1973 4094 οἶδε

373 4142 474 4195 τὸν
504 4137 706 4212 Ξέρξου
760 4136 875 4215 [γε]
906 4138 1102 4207 τάφον,
1142 4135 1177 4206 ἦ
1226 4136 1319 4188 τὸν
1359 4133 1623 4205 Δαρείου;
1662 4131 1748 4197 τίς
1774 4129 1833 4185 δὲ
1881 4128 1974 4183 τὸν

387 4231 775 4303 Ἀλεξάνδρου,
801 4228 898 4284 τοῦ
927 4227 1201 4282 τοσούτων
1225 4224 1395 4279 ἐθνῶν
1424 4226 1482 4279 ἐν
1506 4222 1763 4293 ὀλιγίστῳ
1795 4223 1839 4254 ⁵⁸
1856 4218 1970 4294 [γε]

374 4324 564 4398 χρόνῳ
609 4323 1021 4395 κρατήσαντος;
1066 4319 1179 4374 Kal.
1217 4318 1268 4372 τί
1315 4316 1464 4387 λέγω
1508 4317 1636 4380 τοὺς
1670 4314 1967 4380 παλαιούς;

357 4416 506 4473 Οὐδὲ
535 4415 646 4488 γάρ
671 4415 734 4470 τὺ
772 4414 818 4447 ⁸³
853 4412 1163 4483 Βὺγούστου
1205 4410 1356 4482 σῆμα
1385 4409 1544 4482 δῆλόν
1584 4410 1753 4472 ἐστιν,
1793 4407 1828 4479 ἢ
1863 4407 1972 4461 τῶν

2066 553 2216 609 Zeno
2238 553 2475 620 Eleates,
2507 555 2624 625 qui,
2651 569 2775 610 cum
2815 572 3012 612 arcana
3039 558 3288 630 quaedam
3309 559 3544 630 prodere
3564 578 3663 619 eo-

2066 651 2308 714 geretur,
2334 645 2777 701 constantissime
2822 649 3115 705 tormentis
3138 651 3398 708 omnibus
3431 655 3661 714 restitit.

2065 734 2317 806 nihilque
2341 743 2427 792 est
2449 735 2670 803 effatus,
2700 750 2865 810 atque
2892 747 2953 794 ut
2979 741 3378 799 Eratosthenes
3418 745 3474 799 in
3516 748 3663 802 libro

2064 826 2145 881 De
2172 826 2329 882 ntali;
2368 827 2620 899 bonisque
2639 829 2864 901 scripsit
2888 830 3081 902 (Clem.
3118 833 3273 889 Alex.
3305 833 3505 891 Strom.
3536 854 3575 902 ι,
3603 853 3660 908 p.

2067 918 2173 975 519
2203 918 2398 987 Pott.),
2432 921 2634 975 timens
2663 937 2731 975 ne
2760 922 2944 976 vietus
2979 940 3209 981 excessu
3257 934 3663 983 tormentorum

2066 1007 2297 1065 eﬂ‘erret
2322 1008 2531 1079 aliquid
2565 1025 2633 1064 ex
2668 1009 2736 1065 iis
2759 1009 2829 1064 de
2870 1011 3073 1081 quibus
3105 1013 3485 1079 condixerant,
3527 1031 3662 1070 con-

2067 1103 2323 1172 sciosque
2358 1102 2756 1174 coniurationis
2803 1103 3099 1175 proderet,
3128 1105 3370 1177 linguam
3399 1106 3661 1163 dentibus

2067 1193 2370 1249 abscissam
2408 1194 2464 1249 in
2494 1195 2711 1266 tyranni
2746 1194 2942 1251 faciem
2984 1197 3259 1266 conspuit.
3293 1197 3449 1264 Quod
3482 1198 3661 1269 ipsum

2066 1294 2125 1340 et
2153 1284 2503 1341 Theodotum
2540 1286 2963 1358 Pythagoricum
3009 1287 3204 1343 fecisse
3238 1288 3416 1352 aiunt,
3445 1297 3503 1344 et
3520 1291 3664 1345 Pau-

2068 1377 2182 1432 lum
2211 1376 2443 1450 Laeyda':
2463 1378 2810 1443 familiarem,
2838 1388 2896 1433 ut
2922 1381 3076 1435 testis
3095 1389 3179 1435 est
3195 1380 3517 1437 Timotheus
3534 1384 3666 1437 Per-

2067 1483 2334 1539 gamenus
2354 1468 2411 1522 in
2433 1468 2577 1523 libro
2593 1468 2671 1522 De
2692 1469 3118 1540 philosophorum
3144 1471 3468 1541 fortitudine,
3493 1474 3666 1528 idem-

2069 1548 2176 1630 que
2193 1559 2468 1615 Achaicus
2498 1559 2554 1614 in
2574 1559 2769 1616 Ethicis
2798 1561 2959 1617 libris
2986 1562 3239 1618 affirmat.
3258 1565 3456 1620 Nullus
3480 1575 3665 1622 tamen

2068 1650 2301 1705 istorum
2336 1651 2547 1707 honore
2576 1662 2873 1725 martyrum
2911 1653 3110 1726 dignus
3134 1664 3218 1710 est
3260 1656 3505 1713 habitus.
3555 1658 3665 1713 Ne-

2069 1757 2180 1812 que
2231 1742 2362 1798 item
2407 1742 2508 1808 illi,
2546 1744 2641 1814 qui
2685 1745 2922 1801 illustria
2955 1755 3012 1800 et
3056 1746 3417 1803 celeberrima
3460 1758 3664 1820 tropaea

2000 1830 2043 1884 Β
2071 1832 2401 1900 excitarunt,
2421 1851 2532 1890 non
2563 1835 2856 1902 Miltiades,
2874 1854 2985 1891 non
3007 1837 3223 1904 Cimon,
3256 1855 3370 1895 non
3396 1840 3675 1908 Pericles,

2071 1939 2184 1979 non
2217 1923 2640 1993 Themistocles,
2680 1942 2791 1982 non
2825 1926 3099 1984 Aristides
3130 1928 3441 2003 Lysimachi
3490 1931 3660 1999 illius,

2071 2016 2325 2085 quamvis
2349 2034 2462 2072 non
2494 2017 2651 2073 fortis
2684 2018 2867 2084 modo,
2909 2020 3006 2075 sed
3042 2022 3207 2077 etiam
3232 2023 3417 2093 justus
3450 2033 3534 2079 est
3559 2024 3663 2080 ha-

2073 2107 2247 2163 bitus.
2291 2108 2545 2165 Attamen
2590 2126 2771 2182 neque
2796 2111 2907 2177 hic,
2944 2128 3125 2183 neque
3152 2113 3457 2184 Spartanus
3478 2115 3665 2171 Brasi-

2074 2198 2195 2265 das,
2224 2216 2335 2255 non
2370 2200 2657 2273 Agesilaus
2678 2243 2692 2266 ,
2741 2218 2855 2257 non
2887 2202 3191 2275 Lysander,
3214 2206 3307 2275 qui
3354 2207 3662 2261 Athenien-

2074 2291 2217 2346 sium
2259 2294 2459 2348 evertit
2503 2293 2829 2364 imperium;
2867 2310 2979 2350 non
3008 2295 3300 2365 Pelopidas
3344 2297 3662 2352 Boeotorum

2072 2384 2330 2455 princeps
2353 2428 2367 2450 ,
2401 2400 2510 2439 non
2534 2385 2942 2457 Epaminondas
2962 2428 2976 2452 ,
3007 2387 3103 2458 qui
3145 2386 3469 2443 Laconicam
3498 2387 3667 2443 deva-

2073 2474 2241 2532 stavit
2272 2484 2329 2531 et
2366 2475 2619 2547 Spartam
2654 2477 2918 2533 obsidere
2958 2494 3129 2534 ausus
3155 2486 3273 2547 est;
3321 2496 3431 2534 non
3456 2481 3662 2535 Roma-

2072 2585 2269 2624 norum
2293 2569 2460 2640 920
2474 2569 2881 2640 praeclarissimi
2898 2570 3089 2636 duces,
3116 2588 3224 2625 non
3259 2572 3445 2643 Scipio
3466 2574 3663 2645 major,

2073 2676 2181 2716 non
2198 2661 2336 2715 alter
2354 2662 2504 2717 illius
2521 2677 2724 2717 nomen
2741 2662 3005 2728 referens,
3028 2678 3134 2718 non
3158 2662 3312 2728 Cato,
3348 2680 3457 2719 non
3492 2664 3663 2736 Sylla,

2071 2767 2184 2807 non
2212 2753 2438 2818 Marius,
2492 2768 2604 2808 non
2658 2753 2971 2824 Pompeius,
3023 2770 3135 2809 non
3177 2754 3359 2811 Caasar
3404 2756 3542 2827 ipse.
3593 2756 3663 2812 Hi

2071 2844 2220 2898 enim
2277 2843 2477 2916 singuli
2517 2845 2810 2900 ductandis
2848 2846 3194 2901 exercitibus
3226 2848 3559 2919 egregiaque
3604 2848 3662 2904 in

2071 2935 2233 2991 bellis
2254 2936 2459 2991 virtute
2490 2936 2834 3002 claruerunt,
2878 2939 3088 2992 honore
3122 2946 3304 2993 tamen
3325 2980 3339 3005 ,
3379 2955 3488 3010 quo
3517 2955 3663 2994 mar-

2074 3034 2243 3099 tyres,
2271 3026 2455 3081 atl‘ecti
2484 3042 2595 3081 non
2627 3034 2773 3081 sunt.
2798 3026 2941 3095 Quid
2972 3043 3074 3100 ego
3104 3035 3288 3084 autem
3307 3029 3537 3085 bellicos
3561 3031 3665 3085 du-

2073 3134 2167 3174 ces
2195 3134 2587 3185 commemoro,
2620 3135 2745 3174 cum
2784 3135 2887 3175 nec
2930 3119 3034 3191 Qsi
3062 3136 3220 3193 reges
3260 3127 3426 3177 terrae
3456 3122 3531 3177 ita
3560 3140 3667 3177 un-

2074 3226 2241 3282 quam
2273 3211 2552 3267 honestati
2603 3211 2856 3267 fuerint?
2901 3227 3012 3266 non
3042 3211 3255 3284 Cyrus,
3291 3228 3404 3268 non
3441 3213 3661 3281 Darius,

2071 3317 2184 3356 non
2202 3300 2436 3368 Xerxes,
2465 3317 2575 3358 non
2601 3302 2846 3373 Philippi
2878 3300 3026 3358 ﬁlius
3054 3301 3369 3361 Alexander
3397 3305 3665 3378 (insignes

2072 3392 2222 3449 enim
2251 3393 2518 3449 duntaxat
2550 3394 2816 3466 'refero);
2852 3410 2964 3449 non
2996 3393 3298 3467 Augustus,
3318 3412 3431 3452 non
3457 3398 3663 3473 Vespa-

2072 3487 2285 3552 sianus,
2327 3504 2441 3543 non
2481 3486 2774 3560 Traianus,
2802 3504 2914 3544 non
2947 3489 3243 3557 Adrianus,
3290 3506 3405 3545 non
3427 3490 3663 3546 Antoni-

2072 3597 2199 3639 nus.
2232 3580 2341 3638 Sed
2376 3580 2434 3636 bi
2462 3596 2688 3647 omnes,
2720 3596 2847 3637 cum
2869 3582 3145 3650 viverent,
3174 3582 3416 3638 illustres
3443 3583 3665 3654 conspi-

2074 3674 2276 3746 cuique
2300 3683 2480 3741 erant,
2495 3673 2832 3753 etBarharos
2848 3674 3164 3741 vincebant,
3187 3682 3383 3745 etpost
3400 3675 3665 3730 victorias

2075 3764 2390 3837 triumphos
2412 3765 2709 3833 ducebant,
2739 3765 3226 3837 solemnitatesque
3250 3767 3609 3824 celebrabant
3645 3788 3658 3823 :

2073 3859 2279 3913 mortui
2305 3865 2490 3913 autem
2516 3874 2549 3913 a
2574 3856 2808 3928 plebeiis
2831 3857 2968 3914 nihil
2999 3857 3282 3914 dill‘erunt.
3306 3859 3494 3930 Neque
3515 3859 3664 3915 enim

2074 3950 2283 4006 conditi
2306 3958 2438 4005 sunt
2480 3949 2793 4022 insignibus
2832 3951 3232 4017 monumentis,
3269 3966 3451 4022 neque
3494 3953 3664 4007 annui

2074 4042 2223 4113 epuli
2253 4040 2595 4097 solemnibus
2644 4041 3009 4099 honorantur.
3057 4042 3194 4111 Quis
3242 4043 3391 4101 enim
3420 4052 3527 4111 est,
3568 4045 3665 4115 qui

2077 4132 2394 4204 sepulcrum
2428 4130 2630 4188 Xerxis
2695 4131 2915 4189 Dariive
2962 4133 3158 4190 norit?
3180 4133 3309 4203 quis
3335 4133 3661 4199 Alexandri,

2074 4221 2171 4294 qui
2207 4230 2290 4277 tot
2315 4229 2507 4294 gentes
2528 4220 2860 4277 brevissimo
2890 4231 3137 4293 tempore
3169 4221 3529 4293 perdomuit?
3554 4222 3663 4278 Sed

2074 4313 2210 4386 quid
2238 4314 2496 4386 antiquos
2524 4329 2917 4380 commemoro,
2950 4329 3078 4370 cum
3107 4329 3211 4370 nec
3231 4313 3463 4384 Augusti
3480 4315 3664 4386 sepul-

2076 4425 2234 4465 crum
2281 4407 2357 4465 sit
2401 4408 2684 4480 eognitum
2705 4447 2720 4473 ,
2752 4424 2859 4464 nec
2921 4407 3157 4463 aliorum
3183 4447 3198 4471 ,
3227 4412 3499 4478 quotquot
3536 4414 3665 4477 post

373 4506 562 4561 ἄλλων
608 4506 725 4561 ὅσοι
780 4504 920 4577 μετὰ
960 4504 1153 4558 τοῦτον
1202 4501 1303 4574 τὴν
1343 4499 1634 4572 Ῥωμαίων
1691 4496 1970 4561 ίθύναντες

2076 4501 2233 4557 illum
2260 4500 2510 4557 Romano
2537 4500 2772 4570 imperio
2791 4499 3090 4571 potientes,
3119 4498 3240 4571 ejus
3263 4505 3541 4554 auctorem
3566 4496 3665 4553 da-

376 4597 664 4671 βασιλείαν
694 4597 742 4631 ⁸³
770 4597 1045 4668 ἠγνόησαν
1086 4593 1177 4649 τὸν
1223 4592 1429 4669 ταύτης
1462 4590 1664 4665 δοτῆρα
1702 4591 1802 4646 καὶ
1845 4606 1974 4663 χορ-

372 4693 538 4765 ηγὸν,
575 4690 753 4762 μόνων
778 4687 1022 4742 ⁸ἰδέτῶν
1053 4685 1296 4741 εὐσεϐῶν
1322 4683 1591 4757 βασιλέων
1623 4685 1673 4738 οί
1698 4684 1860 4754 τάφοι
1880 4682 1972 4756 δῆ-

370 4784 465 4838 λοι
496 4784 593 4837 καὶ
617 4780 909 4857 γνώριμοι,
944 4779 997 4835 οἱ
1019 4779 1077 4835 δὲ
1106 4779 1218 4835 τῶν
1258 4778 1465 4851 μεταξὺ
1499 4777 1775 4841 δυσσεϐῶς
1806 4775 1973 4849 βεϐα-

375 4875 716 4931 σιλευκότων
742 4874 1028 4946 φαίνονται
1059 4871 1180 4946 μὲν,
1218 4872 1389 4946 τιμῆς
1411 4871 1469 4926 δὲ
1499 4871 1621 4925 ούδέ
1650 4872 1695 4904 ⁸⁸
1732 4869 1974 4942 σμικρᾶς

370 4968 782 5029 ἀπολαύουσιν
811 4967 873 5022 ού
907 4966 1070 5040 μόνον
1091 4966 1204 5039 γὰρ
1227 4965 1326 5037 τῆς
1349 4964 1640 5037 βασιλικῆς
1662 4960 1709 4996 ⁸⁸
1738 4959 1975 5017 ἀπεστέ-

2075 4603 2365 4664 toremque
2400 4592 2771 4665 ignorarunt?
2804 4591 2917 4648 Soli
2946 4607 3078 4647 vero
3123 4592 3343 4663 piorum
3369 4590 3665 4659 imperato-

2076 4702 2201 4742 rum
2228 4684 2423 4741 tumuli
2463 4684 2583 4740 noti
2612 4693 2742 4740 sunt
2785 4692 2842 4739 et
2876 4682 3145 4739 celebres.
3181 4680 3338 4749 Quod
3365 4680 3412 4736 si
3442 4678 3539 4750 qui
3563 4679 3668 4735 hos

2076 4777 2224 4833 inter
2242 4776 2409 4849 impie
2437 4782 2760 4849 regnarunt,
2786 4791 2977 4831 eorum
3001 4773 3224 4845 quidem
3249 4780 3467 4829 exstant
3489 4772 3669 4829 moui-

2078 4878 2286 4935 menta,
2314 4868 2411 4925 sed
2432 4868 2588 4923 nullo
2616 4883 2844 4940 prorsus
2870 4867 2924 4921 in
2945 4866 3156 4922 honore
3179 4872 3327 4920 sunt.
3360 4862 3480 4918 Non
3517 4863 3667 4918 enim

2075 4962 2293 5017 honore
2318 4959 2481 5033 93],
2510 4957 2690 5017 solum
2722 4965 2914 5015 carent
2934 4955 3230 5028 imperiali,
3259 4952 3356 5011 sed
3385 4953 3481 5009 illo
3499 4951 3671 5009 etiam

1699 5114 1938 5173 VARIE
1972 5112 2380 5171 LECTIONES.

455 5245 504 5280 δ’
538 5244 684 5299 οὐδέ.
715 5245 745 5299 6
775 5243 833 5299 δὲ
881 5242 945 5300 C.
1020 5238 1274 5312 ⁸⁸φησίν.
1306 5238 1457 5307 λέγει
1504 5237 1573 5312 Β.Δ
1643 5235 1690 5268 ⁸⁵
1723 5237 1781 5289 ἐν
1970 5234 2064 5312 ἐν-
2090 5234 2202 5296 τοῖς
2406 5231 2452 5263 ⁸⁸
2481 5229 2691 5312 παθῶν.
2740 5229 2963 5312 πολλῶν
2996 5229 3071 5312 ⁸Β.
3123 5228 3248 5312 Mox
3277 5226 3483 5312 ἐξείπε.
3529 5226 3668 5312 (λοι

376 5316 534 5375 infra
596 5314 845 5388 pjvﬁqst.

944 5313 994 5348 “
1021 5296 1344 5372 «inim.
1381 5296 1786 5368 ’στασιάσαντας
1836 5296 1942 5359 Ἦ).
2020 5303 2064 5336 ⁸⁷
2106 5304 2298 5355 ταυτό.
2345 5302 2551 5372 ταυτὸν
2584 5300 2644 5354 Β.
2684 5371 2687 5372 ν
2737 5299 3096 5372 ⁸³ᾼάνδρτίας.
3145 5299 3373 5372 άνδρίεις
3434 5296 3508 5372 Β⁸
3570 5299 3667 5372 ἀντ

687 5364 933 5474 ξιξ-ω
1166 5364 2590 5474 ,ῖιζιὲξιιεῖῖιζίἰ.¹ἒὲτη⁶δας·.ἒςαξεῗὶῖ.,ἔῗο
2612 5364 3205 5474 λιτὴν
3232 5364 3667 5474 ειηιληεηειυέ

379 5454 519 5515 nio:
547 5456 670 5511 οὕτε
694 5457 826 5511 Πελ.
865 5470 994 5512 cum
1022 5454 1127 5510 Vb.

1228 5450 1279 5533 ’ξ
1306 5443 1587 5533 “suos”:
1623 5443 1988 5533 τερετητεὲσὲν
2018 5444 2132 5533 εςη,

380 5512 621 5584 ἐκείνου.
696 5531 725 5582 ο
753 5526 990 5590 Βροῦτος
1012 5541 1123 5581 σω.
1149 5523 1193 5579 B
1241 5523 1270 5575 ὁ
1290 5512 1505 5590 πρῶτος
1532 5519 1595 5572 οὐ
1888 5517 1921 5568 ό
1941 5518 2026 5590 ἐκ.
2060 5513 2254 5590 va,»
2284 5512 2393 5590 ego

2262 5434 2291 5495 6
2321 5443 2588 5496 Σκιπίων.
2612 5440 2673 5493 ού
2701 5440 2943 5494 Σκιπίων
2976 5434 3041 5505 Β,
3066 5439 3132 5493 V.
3232 5436 3285 5471 “

2397 5512 2519 5577 ὗτος
2546 5511 2575 5563 6
2603 5511 2843 5580 πρῶτος,
2871 5512 2974 5563 οὐκ
2999 5503 3035 5564 ό
3061 5507 3294 5580 ἐκείνου.
3344 5503 3530 5580 going.

754 5570 1358 5651 ἰδ’ῖιῐξωζῗίὲῗειὶίέ
1636 5657 1650 5660 _
1674 5570 1744 5620 ’⁸⁸
1766 5570 2047 5660 διέτρεψε.
2083 5570 2382 5655 ἐπέτρεψεν
2410 5582 2474 5637 C.
2500 5570 2515 5577 ’
2532 5581 2590 5660 _"'
2623 5570 3316 5660 ἇπῄλαύσαν.“ἀπέλαυςαν
3344 5575 3442 5658 Β...
3474 5570 3543 5660 τῇ

385 5669 734 5733 εσπεσιανός.
768 5665 1171 5749 Οὐεσπασιανὸς
1199 5663 1261 5730 Β,
1288 5662 1349 5744 C.
1377 5670 1436 5717 et
1462 5652 1729 5716 sic'i'nira.
1806 5656 1854 5688 ”
1877 5652 2036 5736 tm;
2063 5652 2311 5725 suprase.
2349 5668 2404 5740 η.
2429 5668 2504 5707 m.
2532 5652 2592 5706 B.
2671 5653 2718 5686 “
2745 5652 2809 5723 δὴ
2830 5666 2941 5705 om.
2962 5652 3029 5704 Β.
3109 5652 3663 5772 ".61tyoa':%l.6h7t-

389 5754 507 5794 στω
541 5738 603 5793 Β.
637 5738 816 5794 Sunra
840 5754 949 5792 των
982 5734 1157 5794 Ἀλεε.
1181 5733 1223 5790 C
1250 5749 1344 5794 qui
1392 5746 1504 5788 om.
1538 5727 1671 5794 [ys].
1754 5727 1799 5760 θ’
1823 5725 1903 5779 τό.
1929 5742 2022 5779 του
2044 5724 2107 5781 C.
2180 5725 2231 5794 δέ
2248 5725 2346 5794 τὴν
2391 5725 2546 5792 Prop.
2583 5723 2653 5777 ιο.
2710 5721 2833 5794 ﬁgo.
2868 5720 2913 5776 Β
2949 5733 3062 5794 ομ.
3088 5718 3409 5794 τουτων-ί
3447 5729 3663 5778 υνοντις

389 5754 507 5809 στῳ
541 5738 603 5809 Β.
637 5729 816 5809 supra
840 5737 949 5809 τῶν
982 5734 1157 5809 Ἀλεὲ
1181 5733 1237 5809 ς]⁸
1250 5729 1344 5803 qui
1392 5746 1504 5809 om.
1538 5729 1671 5809 [γε-1.

2830 5666 2941 5705 om.
2962 5649 3029 5704 Β.
3109 5647 3150 5680 ⁸³
3183 5643 3477 5714 ὀλιγοστῷ,
3493 5643 3663 5712 ὀλιγί-

386 5787 501 5867 ῧίτ
532 5787 1155 5881 δτμόνοτῘμόῙιων⁷ΕῈ
1191 5787 1315 5861 Mox
1347 5787 1440 5858 καὶ
1465 5787 1587 5877 pa}:
1614 5787 1678 5868 Β,
1701 5797 1802 5856 Va.
1877 5796 1922 5830 “
1945 5795 2090 5851 οὐδέ.
2119 5794 2182 5851 ού
2205 5793 2268 5851 C.
2302 5787 2315 5794 ’
2350 5795 2396 5827 θ’
2422 5787 2587 5865 τιμῆς
2610 5787 2721 5849 om.
2745 5792 2790 5847 Β
2816 5798 2941 5863 post
2973 5787 3278 5862 βασιλικῆς.
