4066 6422
447 299 581 369 1031

1406 284 1416 304 ί
1469 292 1956 353 THEODORETI
2000 291 2337 350 EPISCOPI
2377 291 2741 353 CYRENSIS

3585 294 3725 360 1032

448 420 542 490 qui
581 411 916 487 privatorum
945 409 1212 479 sepulcris
1245 405 1459 476 obtigit.
1496 406 1564 460 Et
1589 414 1767 459 tamen
1810 404 2027 458 stultio-

2160 419 2350 471 rqv'cat,
2396 404 2532 458 ἀλλὰ
2560 407 2652 458 καὶ
2689 400 2858 475 ἧσσον
2892 406 2934 435 ⁸⁷
2969 405 3076 457 τῶν
3111 405 3335 458 ἰδιωτῶν
3375 410 3727 479 μετεσχήκα-

449 527 541 566 res
560 507 785 580 quidam
809 505 1050 565 fuerunt,
1083 501 1176 570 qui
1207 509 1262 554 ct
1293 499 1426 552 deos
1453 513 1574 552 sese
1600 498 2034 567 pronuntiarint,

453 603 672 671 sibique
719 597 852 669 ipsis
881 595 1081 664 templa
1117 590 1547 648 construxerint.
1591 591 1726 645 Nam
1766 603 1823 645 et
1849 591 2040 646 Antio-

454 692 591 745 chus
616 689 752 743 deus
782 695 1009 739 vocatus
1038 691 1144 748 est,
1175 690 1231 736 et
1254 680 1418 737 Caius
1441 680 1536 751 qui
1573 680 1798 736 Tiberio
1823 696 2040 736 succes-

454 783 548 846 sit,
575 778 947 849 Vespasianus
993 790 1217 845 quoque
1247 782 1303 828 et
1333 773 1610 828 Adrianus
1657 773 1897 845 iugentia
1935 773 2041 828 sibi

457 874 659 944 templa
683 879 1080 925 exstruxerunt
1109 885 1120 920 :
1167 866 1264 922 sed
1292 865 1462 936 impio
1495 864 1658 920 simul
1683 865 1890 920 honore
1914 880 2042 920 cum

455 967 567 1020 vita
603 963 803 1036 privati
844 968 995 1016 sunt.
1023 959 1391 1014 Strenuorum
1417 974 1551 1012 vero
1579 968 1882 1028 martyrum
1906 965 2044 1012 tem-

455 1056 545 1125 pla
581 1054 728 1108 clara
763 1059 819 1106 et
845 1048 1146 1118 conspicua
1189 1055 1513 1109 cernuntur,
1555 1045 2044 1115 magnitudineque

456 1143 807 1216 praestantia,
842 1149 899 1196 et
955 1141 1105 1194 omni
1149 1147 1379 1193 ornatus
1439 1153 1641 1208 genere
1694 1136 1951 1202 illustria,
1990 1145 2046 1191 et

458 1237 892 1311 pulchritudinis
910 1233 1262 1306 splendorem
1291 1232 1400 1286 late
1428 1229 1736 1286 fundentia.
1763 1230 1952 1298 Neque
1977 1230 2048 1284 ad

461 1332 579 1385 haec
601 1345 702 1384 nos
724 1328 893 1383 semel
934 1327 1085 1380 bisve
1109 1334 1204 1378 aut
1234 1323 1529 1393 quinquies
1555 1322 1851 1391 quotannis
1887 1337 2046 1377 acce-

461 1423 666 1486 dimus,
701 1419 797 1474 sed
832 1418 1148 1487 frequentes
1177 1423 1483 1470 conventus
1511 1412 1880 1475 celebramus,
1908 1428 2049 1482 saepe

462 1515 630 1569 etiam
656 1511 854 1566 diebus
877 1507 1108 1578 singulis
1131 1507 1331 1560 horum
1358 1504 1593 1558 Domino
1617 1503 1812 1558 laudes
1845 1503 2050 1558 decan-

464 1610 766 1659 tamus:et
792 1601 885 1670 qui
935 1599 1148 1668 integra
1182 1604 1312 1651 sunt
1357 1595 1694 1660 valetudine,
1749 1595 1891 1649 hanc
1944 1595 2051 1649 sibi

463 1694 800 1757 conservari;
821 1692 912 1762 qui
939 1700 1123 1744 autem
1145 1689 1339 1742 morbo
1362 1688 1618 1758 quopiam
1640 1687 2049 1751 conflictantur,

367 1796 370 1800 ‘
464 1788 611 1842 hunc
634 1748 1074 1855 depclli‘petunt.
1105 1784 1304 1838 Petunt
1325 1748 1599 1836 et.liberos
1616 1780 1712 1850 qui
1735 1779 1821 1835 his
1839 1788 2050 1843 carent,
2087 1748 2130 1807 Β

462 1887 519 1933 et
545 1893 666 1948 quae
699 1875 914 1932 steriles
931 1883 1060 1929 sunt
1087 1882 1278 1944 rogant
1313 1882 1373 1926 ut
1407 1881 1610 1927 matres
1633 1870 1796 1938 fiant;
1832 1871 1924 1941 qui
1951 1869 2054 1924 do-

464 1986 596 2025 num
623 1968 806 2038 adepti
839 1974 989 2031 sunt,
1036 1967 1248 2020 salvum
1283 1964 1338 2018 id
1372 1964 1477 2018 sibi
1508 1963 1718 2018 servari
1750 1963 2051 2032 postulant.

464 2059 570 2126 Qui
616 2057 1116 2129 peregrinationem
1160 2056 1398 2126 aliquam
1426 2057 1805 2126 auspicantur,
1855 2056 1925 2110 ab
1968 2055 2058 2110 his

467 2158 684 2223 petunt,
709 2159 769 2204 ut
799 2148 900 2203 via:
928 2147 1034 2202 sibi
1069 2147 1302 2201 comites
1348 2146 1457 2200 sint
1490 2147 1767 2217 ducesque
1798 2147 2053 2212 itineris;

467 2242 564 2313 qui
594 2240 830 2310 sospites
878 2239 1196 2303 redierunt,
1251 2237 1453 2308 gratias
1494 2237 1763 2302 referunt,
1789 2254 1900 2293 non
1935 2239 2058 2292 illos

470 2333 739 2389 adeuntes
783 2341 844 2386 ut
874 2331 1025 2394 deos,
1070 2331 1167 2386 sed
1216 2338 1476 2400 tanquam
1507 2329 1726 2385 divinos
1757 2332 1772 2349 ‘
1805 2329 2058 2385 homines

469 2439 568 2480 eos
596 2431 838 2488 orantes,
897 2423 1402 2491 intercessoresque
1452 2419 1557 2475 sibi
1613 2429 1674 2474 ut
1715 2435 1838 2475 esse
1884 2421 2060 2477 velint

470 2513 833 2584 postulantes.
865 2511 1021 2579 Quod
1056 2527 1186 2566 vero
1218 2520 1469 2565 votorum
1503 2519 1785 2580 compotes
1810 2509 1942 2566 fiant
1963 2512 2059 2582 qui

470 2605 634 2676 922
675 2604 911 2658 fideliter
947 2609 1161 2672 petunt,
1191 2601 1370 2671 palam
1412 2607 1686 2655 testantur
1712 2601 1930 2656 illorum
1958 2602 2060 2657 do-

472 2695 648 2760 naria,
677 2695 1018 2750 curationem
1069 2692 1392 2747 indicantia.
1424 2693 1531 2746 Alii
1558 2693 1706 2748 enim
1750 2694 2058 2760 oculorum,

473 2787 567 2842 alii
597 2787 822 2857 pedum,
859 2785 950 2840 alii
981 2801 1242 2839 manuum
1271 2785 1564 2839 simulacra
1590 2785 1956 2855 suspendunt,
1994 2802 2064 2841 ex

473 2885 703 2948 argento
736 2893 941 2931 aurove
967 2876 1238 2931 confecta.
1285 2876 1497 2946 Accipit
1528 2876 1676 2930 enim
1711 2877 1910 2932 horum
1951 2878 2062 2932 Do-

475 2969 660 3022 minus
697 2968 863 3022 etiam
904 2984 1104 3037 parva,
1139 2969 1412 3038 pretiique
1452 2968 1657 3038 exigui,
1699 2984 1800 3039 pro
1834 2969 2062 3025 ferentis

2145 508 2248 545 σιν.
2290 495 2480 549 Καίτοι
2517 498 2660 560 τινες
2694 497 2801 550 τῶν
2833 497 3076 568 ἀνοήτων
3120 499 3215 550 καὶ
3246 497 3403 561 θεοὺς
3451 501 3592 567 σφᾶς
3637 501 3723 555 άν-

2142 588 2472 659 ηγόρευσαν,
2507 592 2602 643 καὶ
2624 589 2760 655 νεὼς
2795 591 2840 622 ⁸⁸
2869 592 3080 654 ἑαυτοῖς
3113 591 3466 660 ἐδομήσαντο.
3485 594 3598 647 Καὶ
3615 594 3725 666 γάρ

2156 682 2427 753 ’Δντίοχος
2473 682 2752 753 ἐπεκλήθη
2784 682 2925 746 θεὸς,
2955 683 3050 735 καὶ
3085 683 3246 746 Γάϊος
3272 683 3300 735 ὁ
3330 681 3584 752 Τιὸερίου
3619 685 3728 740 διά-

2143 773 2317 843 δοχος,
2363 775 2459 827 καὶ
2486 773 2914 838 Οὐεσπασιανὸς,
2954 775 3046 826 καὶ
3096 773 3395 846 Ἀδριανὸς,
3437 775 3730 845 μεγίστους

2146 866 2363 929 ἑαυτοῖς
2394 863 2531 928 νεὼς
2551 865 2933 937 ᾠκοδόμησαν,
2967 865 3103 920 ἀλλά
3132 866 3225 932 ξὺν
3247 870 3312 938 τῇ
3355 867 3467 938 ζωῇ
3508 867 3603 921 καὶ
3630 867 3732 938 τὴν

2145 956 2382 1027 δυσσεϐῆ
2415 957 2585 1027 τιμὴν
2618 957 2999 1028 ἀφῃρέθησαν.
3034 959 3096 1010 Oi
3127 957 3184 1010 δέ
3224 976 3287 1026 γε
3324 961 3369 997 ⁸³
3399 960 3509 1012 τῶν
3547 959 3734 1014 καλλι-

2147 1049 2314 1102 νίκων
2364 1047 2658 1120 μαρτύρων
2692 1048 2869 1118 σηκοὶ,
2901 1047 3166 1118 λαμπροὶ,
3210 1050 3306 1103 καὶ
3351 1050 3732 1122 περίϐλεπτοι,

2148 1139 2245 1192 καὶ
2269 1139 2488 1209 μεγέθει
2511 1138 2852 1210 διαπρεπεῖς,
2883 1140 2979 1192 καὶ
3007 1138 3366 1202 παντοδαπῶς
3383 1141 3738 1211 πεποικιλμέ-

2149 1248 2253 1296 νοι,
2307 1230 2400 1284 καὶ
2451 1231 2682 1292 κάλλους
2712 1231 2757 1262 ⁷ο
2800 1230 3055 1299 ἀφιέντες
3103 1231 3496 1304 μαρμαρυγάς.
3540 1232 3636 1293 Εἰς
3679 1232 3736 1284 δὲ

2150 1322 2374 1386 τούτους
2399 1324 2498 1392 οὐχ
2523 1321 2670 1388 ἅπαξ
2700 1323 2732 1393 ἢ
2765 1322 2844 1386 δίς
2875 1320 2986 1393 [γε]
3023 1322 3066 1354 '“
3101 1321 3193 1374 τοῦ
3223 1321 3375 1384 ἔτους
3405 1321 3437 1391 ἢ
3474 1322 3735 1384 πεντάκις

2153 1415 2450 1485 φοιτῶμεν,
2473 1414 2611 1468 ἀλλά
2650 1414 2912 1476 πολλάκις
2943 1415 3040 1484 μὲν
3075 1413 3412 1485 πανηγύρεις
3456 1414 3740 1466 ἐπιτελοῦ-

2158 1525 2275 1577 μεν,
2306 1507 2566 1569 πολλάκις
2598 1507 2655 1560 δὲ
2687 1508 2732 1538 τ’
2757 1507 2972 1577 ἡμέρας
3013 1506 3253 1576 ἑκάστης
3291 1505 3368 1576 τῷ
3404 1505 3612 1558 τούτων
3641 1511 3742 1558 Δε-

2158 1597 2330 1668 σπότῃ
2362 1597 2490 1660 τοὺς
2512 1596 2714 1667 ὕμνους
2752 1596 3152 1667 προσφέρομεν.
3187 1596 3298 1649 Καὶ
3331 1599 3379 1649 οἱ
3425 1597 3522 1667 μὲν
3560 1597 3742 1664 ὑγιαί-

2157 1705 2338 1750 νοντες
2367 1685 2577 1740 αἰτοῦσι
2609 1687 2706 1755 τὴν
2732 1687 2830 1756 τῆς
2857 1686 3046 1756 ὑγείας
3077 1687 3123 1718 ⁷³
3155 1687 3403 1758 φυλακήν
3431 1703 3445 1719 ⁶
3469 1688 3518 1740 οἱ
3547 1687 3603 1740 δέ
3629 1705 3740 1740 τινι

2159 1781 2299 1850 νόσῳ
2326 1779 2678 1844 παλαίοντες,
2711 1779 2810 1849 τὴν
2834 1779 2942 1834 τῶν
2964 1796 3094 1850 νοση
3105 1778 3352 1849 μάτωντδ
3380 1778 3703 1848 ἀπαλλαγήν
3726 1795 3739 1808 ·

2158 1869 2370 1922 αἰτοῦσι
2394 1869 2450 1922 δέ
2482 1870 2577 1922 καὶ
2605 1870 2790 1938 ἄγονοι
2813 1869 3009 1933 παῖδας
3031 1886 3042 1899 ·
3077 1870 3170 1922 καὶ
3199 1869 3451 1940 στερίφαι
3487 1870 3531 1900 ⁷⁵
3561 1887 3746 1940 παρα-

2158 1961 2386 2016 καλοῦσι
2414 1961 2669 2031 γενέσθαι
2707 1962 2944 2032 μητέρες
2969 1981 2982 1993 ο
3012 1963 3106 2014 καὶ
3136 1963 3185 2014 οί
3216 1961 3380 2030 τῆσδε
3399 1961 3499 2025 τῆς
3531 1961 3748 2034 δωρεᾶς

2158 2052 2566 2117 ἀπολαύσαντες
2608 2053 2655 2085 ⁷⁸
2686 2052 2930 2118 ἀξιοῦσιν
2975 2053 3138 2124 ἄρτια
3189 2054 3340 2122 σφίσι
3399 2052 3746 2123 φυλαχθῆναι

2158 2147 2228 2199 τά
2259 2146 2440 2216 δῶραο
2471 2146 2568 2199 καὶ
2591 2146 2641 2199 οἱ
2669 2145 2768 2216 μέν
2811 2147 2890 2210 είς
2919 2163 3039 2200 τινα
3062 2145 3370 2216 ἀποδημίαν
3397 2144 3747 2212 στελλόμενοι

2159 2235 2451 2309 λιπαροῦσι
2478 2237 2701 2301 τούτους
2740 2237 3148 2310 ξυνοδοιπόρους
3197 2236 3469 2305 γενέσθαι,
3513 2237 3608 2289 καὶ
3642 2236 3748 2305 τῆς

2159 2327 2280 2383 ὁδοῦ
2311 2329 2356 2360 ⁷⁷
2391 2329 2695 2400 ἡγεμόναςο
2730 2330 2781 2381 οί
2823 2328 2882 2382 δὲ
2923 2329 3022 2399 τῆς
3066 2328 3328 2382 ἐπανόδου
3383 2331 3750 2400 τετυχηκότες

2159 2422 2257 2493 τὴν
2296 2423 2397 2493 τῆς
2447 2423 2672 2493 χάριτος
2724 2422 3015 2493 ὁμολογίαν
3067 2423 3490 2494 προσφέρουσιν,
3519 2423 3616 2492 οὐχ
3669 2424 3751 2486 ὼς

2163 2514 2308 2578 θεοῖς
2344 2515 2390 2546 ⁷⁸
2415 2515 2753 2586 προσιόντες,
2785 2515 2899 2568 ἀλλ’
2941 2516 3016 2579 ὡς
3038 2514 3216 2579 θείους
3244 2515 3567 2586 ἀνθρώπους
3591 2519 3752 2571 ἀντι-

2163 2602 2468 2671 ϐολοῦντες,
2496 2608 2588 2660 καὶ
2617 2607 2871 2674 γενέσθαι
2892 2600 3040 2679 [122]
3065 2606 3406 2678 πρεσϐευτάς
3426 2607 3566 2678 ὑπὲρ
3594 2607 3754 2674 σφῶν

2164 2699 2632 2771 παρακαλοῦντες.
2659 2701 2780 2752 Ὀτι
2819 2700 2876 2753 δὲ
2906 2699 3268 2771 τυγχάνουσιν
3300 2690 3484 2770 ὦνπερ
3507 2697 3756 2752 αἰτοῦσιν

2165 2794 2215 2846 οἱ
2246 2769 2458 2855 πιστῶς
2485 2793 2531 2829 τ’
2571 2791 3020 2860 ἐπαγγέλλοντες,
3051 2769 3353 2860 ἀναφανδὸν
3385 2769 3654 2861 μαρτυρεῖ
3683 2788 3756 2841 τὰ

2165 2885 2370 2938 τούτων
2412 2883 2740 2954 ἀναθήματα
2771 2883 2870 2954 τὴν
2901 2881 3143 2952 ἰατρείαν
3170 2882 3435 2953 δηλοῦντα
3459 2882 3525 2936 ⁸³.
3559 2882 3620 2934 Oi
3651 2881 3756 2952 μὲν

2167 2973 2278 3044 γὰρ
2304 2973 2622 3044 ὀφθαλμῶν,
2645 2975 2694 3026 οἱ
2721 2973 2777 3026 δὲ
2810 2972 3009 3034 ποδῶν,
3036 2971 3255 3027 ἄλλοιδέ
3283 2971 3480 3044 χειρῶν
3509 2971 3756 3044 προσφέ-

477 3060 738 3114 facultate
763 3059 969 3113 donum
990 3059 1245 3113 metiens.
1273 3059 1398 3114 Haec
1416 3069 1596 3114 autem
1628 3061 1948 3115 morborum
1969 3061 2056 3116 de-

2171 3083 2360 3140 ρουσιν
2395 3065 2770 3137 ἐκτυπὼματα
2789 3083 2801 3095 °
2846 3066 2941 3120 καὶ
2972 3066 3021 3119 οί
3049 3064 3147 3136 μὲν
3178 3066 3243 3118 ἐκ
3269 3063 3494 3136 χρυσοῦ,
3533 3065 3582 3116 oi
3611 3063 3670 3118 δέ
3695 3062 3758 3128 ἐξ

477 3153 788 3223 pulsionem
813 3151 1074 3216 indicant,
1105 3153 1192 3208 cui
1225 3152 1486 3208 testanda:
1520 3153 1590 3208 ab
1624 3153 1691 3209 iis
1720 3154 1898 3224 posita
1940 3166 2068 3210 sunt

479 3245 576 3314 qui
615 3246 902 3300 sanitatem
953 3254 1302 3314 receperunt.
1349 3245 1555 3301 Eadem
1608 3246 1686 3301 ibi
1721 3248 2068 3317 sepultorum

479 3339 738 3392 virtutem
791 3337 1129 3407 praedicant:
1164 3337 1362 3391 horum
1416 3353 1584 3408 porro
1621 3339 1818 3406 virtus,
1865 3340 2068 3395 horum

479 3431 653 3485 Deum
676 3445 869 3484 verum
897 3444 1017 3483 esse
1036 3429 1209 3483 Deum
1228 3429 1488 3484 declarat.
1508 3431 1897 3486 Examinemus
1919 3433 2068 3486 enim

477 3520 705 3590 quinam
737 3519 966 3582 fuerint,
989 3528 1044 3572 et
1074 3517 1220 3572 unde
1254 3518 1384 3583 orti,
1418 3519 1511 3589 qui
1540 3520 1642 3574 hac
1680 3521 1852 3590 gratia
1880 3519 2070 3574 donati

481 3621 630 3665 sunt.
656 3610 800 3664 Num
839 3609 972 3663 clari
1005 3609 1234 3665 forsitan
1265 3619 1320 3665 et
1349 3609 1590 3665 illustres
1617 3610 1864 3680 quidam,
1892 3613 1988 3681 qui
2011 3627 2069 3668 se

483 3701 702 3775 generis
733 3701 1019 3755 nobilitate
1057 3700 1359 3772 iactarent,
1411 3711 1507 3756 aut
1541 3702 1858 3757 divitiarum
1911 3705 2070 3774 copia

485 3791 934 3846 circumﬂuerent
959 3833 972 3857 ,
999 3800 1093 3847 aut
1125 3801 1411 3863 potentatu
1442 3794 1629 3864 aliquo
1668 3795 1916 3851 celebres
1940 3795 2070 3852 facti

484 3881 710 3935 essent?
741 3880 963 3935 Minime
1018 3882 1264 3952 gentium
1285 3921 1300 3946 ,
1332 3897 1365 3935 ο
1394 3881 1520 3935 viri.
1555 3882 1702 3936 Nihil
1743 3883 1943 3938 horum
1991 3885 2071 3940 illi

477 3969 821 4038 habuerunt,
844 3971 940 4026 sed
977 3972 1173 4042 privati
1197 3973 1448 4027 homines
1465 3975 1809 4046 gregariique
1825 3977 2069 4035 fuerunt.

2171 3157 2304 3230 ὕλης
2354 3158 2602 3229 ἀργύρου
2652 3156 3016 3228 πεποιημένα.
3067 3158 3293 3228 Δέχεται
3340 3156 3449 3227 γάρ
3491 3158 3518 3209 ὁ
3546 3154 3758 3210 τούτων

2170 3251 2450 3322 Δεσπότης
2480 3252 2574 3304 καί
2599 3250 2666 3304 τὰ
2697 3249 2908 3321 σμικρά
2942 3266 3000 3302 τε
3023 3248 3115 3303 καὶ
3147 3247 3344 3313 εύωνα,
3371 3253 3437 3321 τῇ
3465 3250 3560 3303 τοῦ
3585 3267 3756 3321 προσ·

2169 3344 2432 3414 φέροντος
2467 3341 2698 3412 δυνάμει
2727 3342 2787 3395 τὸ
2814 3341 2987 3412 δῶρον
3031 3342 3268 3413 μετρῶν.
3305 3343 3466 3413 Δηλοῖ
3488 3341 3547 3396 δέ
3582 3341 3760 3394 ταῦτα

2172 3435 2511 3508 προκείμενα
2552 3434 2662 3490 τῶν
2707 3435 3048 3506 παθημάτων
3077 3434 3176 3505 τὴν
3205 3434 3378 3497 λύσιν,
3409 3430 3476 3506 ἧς
3526 3433 3757 3504 ἀνετέθη

2175 3528 2416 3596 μνημεῖα
2450 3525 2602 3597 παρά
2625 3524 2733 3579 τῶν
2763 3527 2966 3598 ἀρτίων
2987 3529 3370 3598 γεγενημένων
3397 3529 3464 3582 ⁸¹.
3494 3528 3683 3581 Ταῦτα
3702 3527 3762 3580 δὲ

2174 3619 2436 3690 κηρύττει
2473 3619 2583 3673 τῶν
2631 3621 2901 3691 κειμένων
2930 3620 3030 3692 τὴν
3068 3619 3298 3691 δύναμιν
3321 3637 3335 3651 ·
3365 3622 3400 3691 ἡ
3448 3621 3506 3674 δὲ
3549 3619 3764 3674 τούτων

2173 3709 2403 3780 δύναμις
2436 3710 2529 3764 τὸν
2552 3711 2760 3764 τούτων
2805 3711 2939 3764 Θεὸν
2971 3711 3222 3780 ἀληθινὸν
3267 3711 3559 3781 ἀποφαίνει
3597 3712 3757 3766 Θεόν.

2190 3803 2567 3873 Ἐξετάσωμεν
2596 3803 2704 3874 γάρ
2729 3802 2774 3834 ⁸³
2799 3804 2943 3866 τίνες
2972 3805 3066 3856 καὶ
3097 3804 3262 3858 πόθεν
3288 3806 3336 3857 οί
3359 3804 3566 3874 ταύτης
3597 3804 3765 3869 ἀξιω-

2176 3894 2361 3958 θέντες
2394 3895 2496 3962 τῆς
2531 3894 2774 3965 χάριτος.
2803 3889 2954 3966 Ἀρά
2993 3912 3136 3958 τινες
3167 3896 3430 3967 ἐπίσημοι
3460 3897 3557 3949 καὶ
3605 3912 3766 3966 περι-

2177 3989 2367 4058 φανείς
2526 3987 2572 4020 ⁸³
2607 3987 2796 4056 γένους
2827 3987 3121 4058 αὐχοῦντες
3167 3987 3550 4058 λαμπρότητα,
3584 3987 3618 4059 ἦ
3647 3990 3764 4048 τοῖς

487 4060 746 4116 Nonnulli
793 4078 924 4116 vero
960 4063 1206 4133 ipsorum
1262 4063 1451 4119 famuli
1499 4067 1686 4133 etiam,
1740 4076 1797 4124 et
1835 4071 2056 4138 ancillae,

2176 4082 2268 4138 τοῦ
2288 4082 2520 4136 πλούτου
2542 4079 2962 4152 περιρῤεόμενοι
2993 4079 3282 4150 ῥεύμασιν,
3307 4079 3341 4150 ἢ
3363 4083 3425 4133 ἐκ
3443 4079 3768 4144 δυναστείας

487 4167 608 4221 qua:
663 4153 898 4208 infirmis
948 4154 1004 4207 in
1064 4155 1394 4224 corporibus
1426 4173 1691 4229 generose
1741 4169 2056 4219 certarunt:

2175 4175 2324 4238 τινὸς
2368 4174 2651 4244 γενόμενοι
2700 4172 2750 4205 ⁸⁵
2777 4171 3084 4243 γνὼριμοι;
3129 4171 3415 4242 υύδαμῶς,
3455 4165 3501 4224 ὦ
3544 4171 3761 4240 ἄνδρες.

488 4242 608 4296 alite
654 4244 990 4298 matrimonii
1024 4244 1218 4314 jugum
1253 4253 1401 4302 caste
1447 4250 1761 4319 trahentes,
1789 4253 1908 4309 alim
1929 4271 2056 4326 nup-

2177 4242 2394 4320 Τούτων
2421 4242 2530 4336 γὰρ
2556 4263 2770 4326 οὐδενὸς
2793 4242 3218 4333 μετεσχήκασιν,
3245 4263 3360 4316 ἀλλ’
3386 4263 3592 4317 ἰδιῶται
3620 4258 3765 4334 ἦσαν

489 4332 594 4387 tias
628 4333 873 4388 nondum
924 4346 1182 4404 expertae.
1237 4337 1417 4395 Audio
1455 4357 1556 4412 ego
1594 4359 1727 4399 vero
1782 4347 2056 4403 nonnullo:

2178 4357 2212 4429 ἦ
2235 4332 2584 4428 στρατιῶται,
2613 4355 2758 4417 τινὲς
2789 4354 2845 4407 δέ
2873 4332 3162 4408 αὐτῶνκαὶ
3186 4332 3764 4425 οίκέταιγεγένηνται,

489 4427 653 4482 etiam
685 4429 740 4483 in
771 4445 938 4484 scena
969 4430 1252 4500 educatos,
1286 4444 1513 4505 repente
1537 4438 1593 4493 in
1622 4439 1955 4496 athletarum
1979 4459 2056 4498 or-

2179 4427 2276 4502 καὶ
2304 4427 2716 4518 θεραπαινίδες,
2754 4447 2812 4500 ἐν
2844 4444 3100 4498 ἀσθενέσι
3130 4445 3174 4499 δ’
3203 4446 3343 4515 ἀγαν
3388 4445 3603 4517 σώμασι
3640 4463 3768 4515 γεν-

490 4515 675 4572 dinem
720 4520 1027 4589 transiisse,
1064 4523 1410 4596 victoresque
1457 4527 1629 4584 factos
1661 4546 1920 4587 coronam
1950 4551 2056 4592 esse

2183 4539 2349 4602 ναίως
2377 4515 2794 4609 ἀγωνισάμεναι
2818 4556 2832 4570 ο
2859 4537 2952 4591 καί⁵
2974 4539 3030 4591 αἱ
3062 4538 3159 4608 μὲν
3189 4515 3483 4609 σωφρόνως
3509 4538 3768 4592 ἕλκουσαι

491 4621 836 4676 consecutos,
855 4622 911 4668 et
940 4624 1231 4686 postquam
1258 4620 1559 4676 renuntiati
1593 4620 1838 4690 fuerunt,
1874 4641 2056 4696 magnc

2181 4630 2274 4684 τὸν
2294 4629 2388 4684 τοῦ
2414 4631 2596 4700 γάμου
2626 4629 2810 4698 ζυγὸν,
2836 4631 2892 4684 αί
2911 4629 2967 4682 δὲ
2988 4630 3068 4683 ἐτι
3093 4629 3306 4701 γάμους
3337 4630 3385 4662 ⁸³
3406 4630 3507 4683 οὐκ
3535 4631 3767 4684 ἐπιστάο

493 4701 769 4758 daamonas
813 4713 1024 4764 terrore
1066 4712 1431 4777 concussisse,
1460 4714 1662 4783 quibus
1689 4716 1822 4770 olim
1865 4719 2054 4776 subdit

2188 4738 2370 4793 μεναι.
2411 4719 2622 4774 Ἀκούω
2648 4721 2704 4774 δὲ
2729 4722 2906 4791 ἔγωγέ
2933 4740 3087 4786 τινας
3111 4721 3206 4776 καὶ
3232 4724 3298 4792 τῇ
3331 4723 3502 4791 σκηνῇ
3533 4720 3769 4792 ξυντρα-

494 4793 731 4850 fuerant.
749 4797 1056 4864 Quinetiam
1091 4803 1250 4857 multi
1277 4804 1589 4859 sacerdotes
1622 4813 1678 4860 et
1700 4811 1923 4864 neocori
1949 4827 2056 4866 con

2189 4812 2392 4881 φέντας
2419 4811 2489 4877 ⁸⁸,
2522 4811 2618 4864 καὶ
2651 4809 2915 4884 ἐξαπίνης
2939 4815 3052 4876 τοῖς
3087 4813 3419 4880 ἀγωνισταῖς
3449 4809 3771 4880 ξυνταχθέν-

495 4893 578 4940 tra
600 4886 936 4958 impietatem
959 4892 1122 4964 923
1141 4903 1342 4962 tropaea
1372 4896 1734 4951 sustulerunt.
1767 4899 1846 4954 Ex
1877 4901 2056 4958 talibu:

2185 4919 2308 4966 τας,
2325 4905 2421 4956 καὶ⁵
2440 4903 2746 4969 ἀξιονίκους
2771 4906 3196 4976 γεγενημένους,
3231 4906 3324 4959 καὶ
3351 4905 3459 4957 τῶν
3486 4905 3769 4971 στεφάνων

494 4989 626 5046 ergo
669 4977 804 5033 viris
848 4995 912 5034 ac
951 4980 1174 5036 feminis
1220 4992 1521 5054 martyrum
1568 4985 1724 5042 chori
1783 4991 2051 5048 constitut

2185 4997 2579 5068 τετυχηκότας,
2609 4997 2706 5052 καὶ
2737 4997 2876 5069 μετά
2897 4998 2995 5070 τὴν
3017 4987 3323 5070 ἀνάρρησιν
3354 4995 3560 5067 σφόδρα
3593 4995 3767 5049 δεδιτδ

1809 5169 2044 5230 VARle
2079 5174 2378 5231 LECTION
2385 5175 2486 5232 ES.

495 5261 827 5391 νεσὲιέανῇἦς
960 5272 1055 5324 καὶ
1100 5267 1276 5394 iam
1304 5277 1363 5333 Β,
1441 5281 1486 5313 ⁸⁸
1511 5281 1690 5346 ναούς.
1727 5285 1866 5349 νεὼς
1901 5287 1964 5352 Β,
2009 5289 2112 5343 Vb.
2152 5290 2274 5345 Mox
2309 5292 2661 5394 ἐδωμήσαντο
2687 5292 2729 5347 Β
2779 5293 3140 5394 φκοδόμησαν
3171 5265 3270 5361 γε,
3299 5295 3403 5351 γι),
3480 5295 3525 5327 ω
3573 5295 3632 5348 δέ
3681 5313 3766 5364 γε.

506 5383 520 5394 .
682 5375 696 5389 .
771 5376 786 5390 .
935 5343 1030 5394 καὶ
1061 5361 1095 5394 κ
1166 5347 1307 5394 lout-
1343 5351 1437 5394 καὶ
1465 5366 1553 5394 nm
1605 5351 1646 5394 Ω
1704 5354 1877 5394 Rnnm
1925 5358 2194 5394 ὴνηηιυη-...υ
2223 5361 2297 5394 νη
2450 5361 2601 5394 ιιι,ρῖ
2637 5378 2724 5394 nm
2934 5367 2980 5394 ιη
3043 5364 3066 5394 λ
3099 5364 3240 5394 r..-n
3294 5363 3434 5394 r..-n
3466 5379 3554 5394 Α...
3615 5365 3656 5394 n
3703 5366 3744 5394 ρ

506 5351 561 5388 γε
584 5312 824 5391 (“HWB'I'
860 5312 1275 5400 ἷζκὶῖκὲςλνντ
1304 5312 1363 5333 υ·
1475 5312 1479 5313 ⁷
1516 5312 1690 5346 νυιυυςο
1728 5312 1864 5349 νεως
1901 5312 1964 5352 D,
2020 5312 2112 5343 νυ.
2153 5312 2274 5345 mox
2309 5312 2661 5394 εοωμησαντο
2689 5312 2729 5347 rs
2828 5312 2997 5362 κοοομ
3038 5312 3140 5348 σαν
3179 5312 3270 5361 va,
3307 5312 3403 5351 νυ.
3480 5312 3525 5327 ’³
3573 5312 3632 5348 οε
3681 5313 3745 5364 γε

506 5383 546 5437 ί.
577 5375 696 5437 ...~..‘
723 5376 910 5437 ,ηςίριη
963 5414 1062 5437 ,ιη
1119 5365 1308 5437 ,3⁸θὲ
1343 5351 1437 5437 κὲὶ
1465 5366 1574 5437 0}.“-
1605 5351 1669 5437 (Ξῖ
1704 5354 1880 5437 διιρη
1918 5358 2194 5437 ,ἀφιέντων
2223 5361 2322 5437 Va:
2450 5361 2612 5437 ’.[γε1
2635 5312 2842 5419 οωοὲο
2921 5312 3068 5437 (si:
3099 5364 3264 5437 [καί1ο
3294 5363 3435 5437 [καὶ]
3465 5379 3576 5420 οπιι
3615 5365 3676 5430 Β,
3703 5366 3746 5421 C

497 5405 546 5438 ’³
577 5407 675 5458 τηρ
732 5408 745 5423 ο
827 5406 844 5459 ί
1269 5405 1301 5432 σέ
1475 5405 1485 5406 ί
1548 5405 1571 5406 νί
1619 5405 1676 5455 -Ὶι
1708 5405 1778 5410 v'v
1824 5405 1880 5411 -ν-
1928 5405 2076 5426 ντγν-ν
2096 5405 2187 5414 -νσν
2241 5405 2320 5415 νιιυ
2491 5405 2601 5433 [⁵-1
2637 5405 2746 5417 νιιιι
2782 5405 2842 5419 νο
2921 5405 2932 5432 ι
3012 5405 3068 5417 νυ
3101 5405 3264 5452 [νην-ἑο
3294 5405 3410 5436 [nunc
3466 5405 3576 5420 υιιιο
3616 5405 3676 5430 ν’
3705 5405 3764 5421 ν.

497 5475 527 5527 λ
583 5424 673 5490 ,ηι
723 5424 820 5476 υγε
845 5427 910 5472 ας
963 5414 1080 5499 τήγ.
1116 5417 1214 5488 τὴν
1239 5436 1338 5488 της
1371 5421 1460 5489 ὑγ.
1489 5423 1548 5476 Β.
1655 5494 1680 5504 ᾖ
1707 5405 2068 5496 παθημάτων.
2116 5431 2440 5527 νοσημάτων
2467 5433 2527 5496 B,
2569 5433 2665 5488 Va.
2743 5436 2789 5466 ⁷⁵
2822 5435 3094 5505 στερίφαι.
3132 5452 3341 5506 στειραι
3375 5405 3479 5491 Vi).
3556 5437 3604 5468 ⁷⁸
3634 5439 3772 5489 ἀπο-

531 5492 815 5527 αυσαντες.
858 5482 1219 5527 ἀπολαυηυηρ
1249 5489 1329 5527 Vh
1425 5495 1469 5524 71
1501 5496 1587 5527 vni
1622 5510 1720 5527 υνυ-
1746 5496 1863 5527 ARN“.
1959 5498 2208 5527 .....1-n-.
2327 5517 2478 5527 μ-..-
2530 5520 2559 5527 _
2621 5521 2671 5527 ...
2776 5506 2822 5527 ιιι
2849 5507 2989 5527 Α--ς-
3024 5504 3251 5527 ι’...νληνΑι
3309 5507 3487 5527 --ι--ν-
3522 5521 3602 5527 Α-..
3667 5507 3739 5527 ιγ-

501 5482 815 5578 tritis?
858 5482 1219 5578 ξιετοξσειειεγτές
1233 5482 1348 5578 xb-
1492 5496 1592 5578 2w?-
1621 5494 1720 5573 Ξῆς
1746 5482 2212 5578 ἀδιιδ·-τενέσρ.ςιι
2237 5482 2597 5578 magis"
2616 5482 2694 5558 aa.
2776 5482 3488 5578 τ”όὲἕῖῖῐᾱιέιέοὲξιῗῐύἑοῑὲ

577 5553 948 5658 :ltt-O’st'tbg1iz't“
971 5555 1203 5658 πξὶστξγως
1233 5559 1469 5658 Van-'1
1486 5553 1770 5658 δηλοῦντα.
1793 5553 2090 5658 ’δεικνύνΞα
2122 5553 2263 5658 VR.”
3414 5553 3771 5658 ’ῖιῖξξρζὲὲ

499 5615 632 5740 ἕξις.
677 5615 1198 5764 δὶείῖὲ]δεὲἲᾶξέ,νξὲ
1247 5615 1982 5772 ξῑέάᾶᾑοᾶὲέεᾲιδᾷένόὶ
2003 5615 2090 5692 ἐἶ
2138 5615 2296 5697 ἐὖάι
2324 5615 2508 5698 δίὲἑῖ
2523 5615 3393 5717 ’ῥῖᾆᾶιῖξῖἀὶὶϊὲἵῗὲιῖέἑιῐέέ
3423 5664 3504 5700 τοι
3555 5615 3771 5720 ἦῐῖοζξ
