4066 6428
355 421 494 487 1033

1031 416 1471 486 GRAECARUM
1504 426 1808 488 AFFECT.
1850 424 2205 487 CURATIO.
2235 418 2426 485 -IX.
2471 422 2568 486 DE
2610 420 2957 489 LEGIBUS.

3502 428 3637 495 103$

345 532 614 604 τομένους
644 531 773 597 τοὺς
807 532 1093 604 δαίμονας,
1125 527 1208 599 οἷς
1237 526 1380 606 ἦσαν
1416 534 1720 610 ὑποχείριοι
1750 536 1938 591 πάλαι.

2048 544 2195 591 sunt.
2220 536 2298 593 Ac
2329 537 2642 617 phiIOSOphi
2694 539 2917 609 quidem
2966 548 3021 593 et
3076 548 3327 595 oratores
3370 541 3638 598 oblivioni
3710 584 3722 594 .

346 625 545 681 Πολλοὶ
572 623 631 678 δὲ
670 626 764 679 καὶ
816 624 982 697 ἱερεῖς
1010 628 1103 680 καὶ
1134 626 1398 698 νεωκόροι
1434 626 1503 679 τά
1531 628 1674 682 κατὰ
1696 628 1794 700 τῆς
1815 628 1942 682 ἀσε-

347 718 507 782 ϐείας
534 718 846 788 ἀνέστησαν
871 718 1127 789 τρόπαια.
1185 719 1282 773 Ἐκ
1318 718 1577 774 τοιούτων
1612 719 1823 791 ἀνδρῶν
1846 720 1943 774 καὶ

344 809 631 879 γυναικῶν
673 807 1009 881 ξυνέστησαν
1049 809 1101 864 οἱ
1151 810 1262 864 τῶν
1301 811 1595 883 μαρτύρων
1623 812 1794 884 χοροί.
1832 815 1942 867 Κα)⁵

346 902 631 972 φιλόσοφοι
683 900 785 972 μὲν
817 904 912 956 καὶ
952 903 1183 975 ῥήτορες
1238 889 1633 973 παραδέδονται
1681 905 1727 937 ⁸⁷
1780 905 1940 979 λήθῃ,

347 996 439 1049 καὶ
472 993 741 1065 βασιλέων
771 996 867 1048 καὶ
916 996 1241 1068 στρατηγῶν
1280 997 1401 1051 οὐδὲ
1428 998 1528 1062 τὰς
1570 1001 1944 1072 προσηγορίας

351 1085 717 1155 γινώσκουσιν
748 1087 800 1139 οἱ
847 1071 1053 1154 πολλοὶ,
1086 1089 1184 1153 τὰς
1222 1088 1279 1142 δὲ
1307 1088 1417 1144 τῶν
1449 1090 1746 1162 μαρτύρων
1775 1071 1943 1164 προσ-

348 1179 584 1250 ηγορίας
621 1177 825 1249 μᾶλλον
865 1179 1046 1233 ἴσασιν
1077 1180 1316 1246 ἅπαντες
1349 1182 1382 1253 ἦ
1417 1182 1489 1236 τὰ
1522 1183 1632 1237 τῶν
1670 1184 1941 1253 φιλτάτων

346 1273 593 1343 ὀνόματα
618 1289 633 1304 ο
668 1273 765 1326 καὶ
794 1274 908 1335 τοῖς
937 1274 1095 1326 παισὶ
1120 1273 1176 1326 δὲ
1206 1274 1305 1339 τάς
1332 1273 1540 1330 τούτων
1571 1277 1942 1350 προσηγορίας

350 1364 657 1419 ἐπιτιθέναι
685 1365 1104 1429 σπουδάζουσιν,
1134 1366 1437 1436 ἀσφάλειαν
1466 1368 1653 1430 αὐτοῖς
1692 1369 1943 1423 ἐντεῦθεν

353 1459 452 1513 καὶ
489 1458 740 1533 φυλακὴν
772 1458 819 1491 ⁸⁸
864 1457 1272 1530 μηχανώμενοι.
1311 1459 1422 1513 Καὶ
1453 1459 1506 1512 τί
1537 1459 1682 1529 λέγω
1729 1460 1943 1528 φιλοσό-

349 1564 490 1617 φους
523 1548 618 1602 καὶ
643 1547 925 1619 βασιλέας,
962 1549 1059 1602 καὶ
1091 1548 1471 1621 στρατηγούς;
1497 1551 1589 1604 καὶ
1618 1551 1729 1622 γὰρ
1763 1552 1942 1606 αὐτῶν

342 1640 462 1693 τῶν
491 1640 847 1712 καλουμένων
869 1641 1009 1696 θεῶν
1030 1641 1129 1712 τὴν
1150 1644 1371 1715 μνήμην
1392 1648 1456 1697 ὲκ
1476 1645 1574 1715 τῆς
1600 1643 1706 1698 τῶν
1732 1644 1828 1698 ἀνθ
1838 1645 1943 1717 ρώ-

222 1812 235 1821 .
346 1748 473 1785 πων
514 1732 808 1803 ἐξήλειψαν
848 1731 1109 1798 διανοίας.
1144 1733 1225 1788 Τὰ
1270 1735 1369 1807 μὲν
1396 1735 1508 1808 γὰρ
1540 1736 1764 1791 ἐκείνων
1800 1735 1943 1792 οὕτω

346 1822 635 1887 παντελῶς
658 1823 880 1893 διελύθη
916 1825 962 1857 ⁸³
991 1826 1220 1896 τεμένη,
1244 1825 1321 1891 ὡς
1349 1827 1481 1898 μηδὲ
1515 1827 1624 1881 τῶν
1649 1830 1945 1900 σχημάτων

2049 628 2163 685 dati
2191 638 2354 695 sunt;
2390 630 2780 701 imperatorum
2810 645 2943 686 vero
2979 647 3042 687 ac
3070 622 3395 703 magnorum
3434 635 3640 689 ducum

2049 735 2120 776 ne
2144 720 2367 775 nomina
2400 721 2626 791 quidem
2665 723 2916 793 plerique
2956 723 3122 779 hodie
3151 735 3395 781 norunt:
3431 735 3639 799 marty-

2051 828 2172 868 rum
2218 824 2403 868 autem
2457 814 2679 869 nomina
2731 816 2948 871 notiora
2992 826 3121 871 sunt
3167 818 3427 873 omnibus
3471 834 3639 889 quam

2049 902 2425 961 familiarium.
2456 905 2600 972 Quin
2629 915 2687 961 ct
2716 908 3073 964 nascentibus
3099 909 3227 964 ﬁliis
3250 910 3447 965 horum
3472 928 3642 967 vom-

2051 994 2181 1049 bula
2215 995 2500 1067 imponere
2534 996 2794 1063 student,
2830 1000 3185 1055 securitatem
3236 1002 3363 1058 inde
3395 1003 3529 1073 ipsis
3555 1014 3643 1061 tuo

2052 1088 2330 1159 telamque
2352 1099 2758 1161 comparantes.
2801 1090 2909 1146 Sed
2941 1092 3076 1162 quid
3115 1107 3217 1163 ego
3257 1094 3637 1167 philosophos,

2050 1191 2106 1237 et
2129 1181 2512 1252 imperatores,
2554 1184 2833 1255 ducesque
2870 1198 3266 1251 commemoro,
3297 1202 3420 1242 cum
3446 1205 3641 1244 eorum

2051 1287 2293 1345 quoque,
2343 1274 2438 1345 qui
2470 1275 2675 1346 passim
2728 1275 2806 1330 dii
2863 1275 3206 1342 ferebantur,
3257 1280 3577 1335 memoriam
3610 1295 3643 1335 ε

2052 1360 2237 1422 mente
2265 1368 2551 1422 hominum
2594 1363 3208 1423 aboleverint?Horum
3249 1370 3396 1423 enim
3442 1372 3642 1442 templa

2052 1457 2132 1513 sic
2154 1458 2439 1515 destructa
2473 1468 2623 1525 sunt,
2673 1466 2735 1513 ut
2768 1475 2838 1514 ne
2876 1458 3178 1531 figurarum
3211 1463 3226 1481 '
3256 1461 3480 1531 quidem
3513 1478 3642 1532 per-

2053 1551 2320 1606 manserit
2349 1551 2582 1622 species,
2612 1567 2714 1607 nec
2738 1564 2958 1605 ararum
2996 1550 3231 1606 formam
3264 1551 3430 1622 hujus
3455 1553 3644 1608 surculi

2053 1640 2309 1697 homines
2354 1642 2533 1697 sciant
2567 1659 2581 1696 :
2612 1642 2809 1697 harum
2847 1648 3032 1697 autem
3066 1643 3299 1698 materia
3339 1652 3643 1716 martyrum

2052 1734 2195 1790 fanis
2233 1734 2410 1789 dicata
2440 1742 2545 1790 est.
2581 1732 2723 1791 Suos
2753 1736 2903 1792 enim
2935 1744 3186 1791 mortuos
3208 1736 3474 1792 Dominus
3495 1738 3644 1793 Deus

2052 1836 2243 1884 noster
2285 1826 2341 1881 in
2379 1828 2584 1898 templa
2611 1843 2713 1898 pro
2756 1827 2865 1883 diis
2888 1827 3089 1882 vestris
3119 1826 3375 1881 induxit:
3408 1842 3470 1881 ac
3517 1826 3643 1881 illos
3723 1837 3730 1844 ‘

344 1917 627 1986 διαμεῖναι
660 1915 721 1969 τὸ
756 1911 917 1983 εἶδος,
951 1917 1086 1989 μηδὲ
1124 1917 1235 1972 τῶν
1277 1917 1479 1990 βωμῶν
1500 1919 1590 1973 τὸν
1622 1918 1791 1976 τύπον
1821 1923 1944 1986 τοὺς

2051 1919 2273 1990 quidem
2307 1933 2491 1974 cassos
2517 1934 2797 1991 vanosque
2832 1920 3096 1985 reddidit,
3138 1920 3225 1975 his
3250 1929 3435 1975 autem
3463 1920 3643 1974 hono‘

345 2006 449 2062 νῦν
478 2006 803 2078 ἀνθρώπους
830 2008 1184 2063 ἐπίστασθαι⁸
1215 2011 1271 2064 αἱ
1309 2010 1367 2066 δὲ
1400 2010 1608 2065 τούτων
1648 2013 1770 2067 ὗλαι
1814 2015 1947 2067 καθ-

344 2100 682 2172 ωσιώθησαν
712 2102 825 2164 τοῖς
855 2100 964 2154 τῶν
991 2102 1289 2175 μαρτύρων
1325 2107 1534 2175 σηκοῖς.
1570 2106 1709 2170 Τοὺς
1735 2106 1844 2179 γάρ
1868 2109 1948 2161 ol-

345 2192 536 2256 κείους
557 2192 788 2264 νεκροὺς
808 2194 836 2245 ὁ
863 2193 1142 2266 Δεσπότης
1159 2194 1442 2266 άντεισῆξε
1461 2198 1572 2260 τοῖς
1599 2180 1886 2269 ὑμετέροις
1900 2201 1945 2231 ’⁸

347 2282 501 2347 θεοῖς
532 2299 546 2313 '
585 2284 682 2336 καὶ
720 2284 848 2349 τοὺς
905 2284 1004 2355 μὲν
1053 2283 1317 2356 φρούδους
1358 2286 1866 2357 ἀπέφηνειτούτοις
1890 2289 1946 2343 δὲ

343 2375 413 2430 τὸ
448 2375 495 2408 ’ί
544 2375 773 2429 ἐκείνων
836 2374 1108 2447 ἀπένειμε
1145 2376 1335 2448 γέρας.
1379 2377 1526 2431 Ἀντὶ
1568 2378 1678 2448 γὰρ
1721 2377 1786 2450 δὴ
1837 2378 1948 2433 τῶν

348 2466 607 2521 Πανδίων
641 2466 688 2498 ⁸⁸
728 2466 825 2521 καὶ
853 2467 1091 2521 Διασίων
1134 2468 1227 2521 καὶ
1263 2468 1558 2522 Διονυσίων
1586 2469 1681 2523 καὶ
1715 2469 1825 2523 τῶν
1856 2469 1948 2524 ἆλ-

345 2556 467 2610 λων
500 2554 657 2627 ὑμῶν
699 2555 929 2627 ἑορτῶν,
976 2557 1187 2628 Πέτρου
1228 2557 1322 2611 καὶ
1367 2558 1581 2611 Παύλου
1636 2559 1730 2614 καὶ
1774 2559 1947 2629 Θωμᾶ

351 2647 453 2703 καὶ
488 2646 717 2717 Σεργίου
749 2648 846 2703 καὶ
891 2647 1218 2720 Μαρκέλλου
1248 2648 1343 2703 xui.
1374 2648 1627 2703 Λεοντίου
1663 2649 1784 2722 [καὶ
1811 2653 1949 2705 Παν-

349 2739 710 2813 τελεήμονος]
732 2742 778 2773 ⁸³
795 2741 890 2795 καὶ
914 2741 1233 2818 ’ᾼντωνίνου
1264 2741 1361 2795 καὶ
1386 2742 1693 2814 Μαυρικίου
1720 2742 1948 2796 καὶτῶν

350 2830 535 2889 ἄλλων
601 2832 899 2906 μαρτύρων
950 2831 1107 2906 [125]
1151 2832 1525 2888 ἐπιτελοῦνται
1564 2833 1943 2907 δημοθοινίαν

349 2926 451 2979 καὶ
489 2926 613 2978 ἀντὶ
642 2925 742 2995 τῆς
781 2924 951 2980 πάλαι
979 2925 1025 2958 ’⁵
1070 2926 1348 2997 πομπείας
1398 2926 1494 2981 καὶ
1552 2927 1948 3000 αἰσχρουργίας

350 3016 454 3071 καὶ
504 3017 1059 3090 αἰσχῳρρημοσύνης
1099 3017 1379 3089 σώφρονες
1430 3019 1781 3091 ἑορτάζονται
1813 3038 1951 3075 παν-

345 3108 611 3178 ηγύρεις,
658 3110 719 3164 ού
758 3109 934 3180 μέθην
972 3109 1197 3181 ἔχουσαι
1237 3112 1331 3163 καὶ
1366 3109 1551 3182 κῶμον
1594 3113 1687 3166 καὶ
1712 3112 1947 3182 γέλωτα,

2050 2025 2167 2065 rem
2196 2011 2413 2065 illorum
2432 2002 2721 2070 ‘attribuit.
2744 2013 2851 2067 Pro
2869 2011 3093 2068 Pandiis
3107 2013 3276 2077 enim,
3309 2010 3639 2083 Diasiisquc,

2049 2118 2113 2157 ac
2141 2103 2435 2174 Dionysiis,
2463 2112 2517 2158 et
2547 2105 2670 2159 aliis
2698 2104 2855 2160 festis
2872 2105 3091 2170 vestris,
3118 2104 3289 2170 Petri,
3313 2116 3369 2162 et
3393 2107 3566 2171 Pauli,
3585 2114 3643 2163 et

2049 2191 2297 2261 Thomas,
2322 2204 2380 2251 et
2404 2196 2603 2269 Sergii,
2629 2207 2685 2253 et
2718 2194 2983 2263 Marcelli,
3014 2205 3071 2254 et
3109 2197 3360 2264 Leontii,
3398 2207 3454 2254 et
3494 2200 3642 2255 Pan-

2050 2288 2397 2354 teleemonis,
2445 2299 2500 2344 et
2564 2289 2853 2355 Antonini,
2900 2300 2955 2347 et
3000 2290 3251 2345 Mauricii
3296 2290 3643 2362 aliorumque

2049 2387 2352 2452 martyrum
2383 2381 2761 2438 solemnitates
2786 2390 3130 2455 peraguntur
3153 2402 3167 2449 ;
3216 2390 3273 2437 et
3298 2399 3398 2452 pro
3432 2383 3521 2437 illa
3548 2399 3644 2438 ve-

2051 2475 2153 2529 teri
2181 2492 2381 2548 pompa
2425 2479 2683 2549 turpique
2720 2495 2909 2535 rcrum
2956 2495 3021 2533 ac
3064 2478 3361 2534 verborum
3387 2475 3635 2534 obscenio

2053 2574 2183 2634 tate,
2214 2570 2475 2625 modesti?
2503 2570 2857 2625 celebrantur
2880 2568 3229 2635 festivitates,
3261 2585 3371 2624 non
3400 2569 3643 2624 ebrieta-

2052 2666 2181 2724 tem,
2211 2657 2379 2733 924
2405 2670 2459 2715 et
2486 2662 2643 2733 jocos
2672 2661 2926 2731 risusque
2956 2659 3303 2724 exhibentes,
3328 2659 3423 2714 sed
3449 2659 3638 2714 divina

2049 2750 2302 2816 cantica,
2342 2761 2735 2821 sacrorumque
2791 2762 3110 2805 sermonum
3158 2747 3518 2810 auditionem,
3581 2752 3640 2802 et

2048 2857 2242 2913 preces
2264 2840 2905 2915 laudabilibuslaerymis
2921 2848 3163 2896 ornatas.
3188 2840 3323 2896 Cum
3355 2840 3544 2911 igitur,
3571 2852 3639 2893 ex

2049 2934 2261 2989 honore
2293 2935 2630 3007 martyribus
2669 2934 2873 2999 delato,
2901 2931 3034 3004 quid
3059 2930 3314 2988 utilitatis
3349 2930 3642 3003 proveniat

2051 3028 2314 3092 cernatis,
2340 3024 2532 3098 fugite,
2555 3026 2741 3092 amici,
2767 3022 3080 3081 daemonum
3108 3039 3374 3089 errorem,
3407 3022 3640 3094 prtevia-

2051 3134 2160 3190 que
2192 3118 2410 3172 illorum
2448 3117 2564 3173 face
2601 3122 2764 3188 atque
2794 3115 2963 3171 ductu
2984 3155 2998 3180 ,
3024 3110 3168 3169 viam
3194 3112 3461 3184 capessite
3480 3152 3494 3176 ,
3519 3126 3642 3180 qua:

345 3199 472 3256 ἀλλ’
518 3199 724 3271 ὕμνους
768 3201 947 3266 θείους
980 3203 1072 3255 καὶ
1100 3201 1261 3274 ιερῶν
1292 3202 1489 3271 λογίων
1526 3202 1816 3275 ἀκρόασιν,
1852 3206 1944 3259 καὶ

2052 3210 2120 3265 ad
2142 3208 2315 3264 Deum
2334 3207 2607 3279 perducit,
2630 3218 2692 3264 ut
2718 3207 2773 3262 in
2803 3205 3101 3262 immortali
3124 3221 3242 3262 aevo
3269 3206 3487 3261 illorum
3509 3204 3641 3259 cho-

351 3293 672 3363 ττροσευχὴν
761 3291 1101 3358 ἀξιεπαίνοις
1190 3294 1576 3365 κοσμουμένην
1664 3295 1944 3367 δακρύοις.

2053 3298 2132 3354 ris
2155 3306 2212 3353 et
2234 3278 2526 3369 praesentia
2546 3294 2930 3369 perfruamini.
3142 3298 3151 3303 ’

362 3381 636 3457 Ὀρῶντες
677 3385 863 3440 τοίνυν
905 3390 1006 3458 τῆς
1039 3386 1149 3440 τῶν
1185 3385 1481 3459 μαρτύρων
1509 3385 1677 3457 τιμῆς
1708 3387 1770 3440 τὸ
1801 3387 2101 3460 ὠφέλιμον,
2142 3388 2397 3460 φεύγετε,
2428 3385 2474 3445 ὦ
2535 3390 2703 3460 φίλοι,
2767 3389 2875 3443 τῶν
2909 3386 3182 3462 δαιμόνων
3241 3386 3334 3442 τὸν
3401 3386 3637 3450 πλάνον,

347 3481 450 3534 καὶ
485 3477 698 3543 τούτοις
731 3479 1017 3550 φωστῆρσι
1074 3479 1169 3534 καὶ
1236 3480 1495 3552 ποδηγοῖς
1542 3480 1877 3551 κεχρημένοι
1915 3481 2013 3553 τὴν
2052 3482 2191 3556 πρὸς
2226 3482 2365 3555 [τὸν]
2412 3482 2459 3516 ⁸⁸
2495 3483 2628 3537 Θεὸν
2674 3482 2912 3553 ἄγουσαν
2962 3477 3190 3554 πορείαν
3235 3478 3515 3545 ὁδεύσατε,
3552 3476 3639 3531 ἵνα

355 3573 455 3643 τῆς
478 3570 690 3625 τούτων
728 3571 950 3644 χορείας
977 3572 1037 3626 ὲν
1064 3570 1179 3635 τοῖς
1206 3571 1538 3643 ἁνωλέθροις
1580 3572 1741 3626 αίῶσι
1774 3573 2104 3646 μετάσχητε.

989 3709 1212 3765 ΛΟΓΟΣ
1244 3709 1322 3766 Θ’.

945 3822 1089 3893 Περὶ
1123 3825 1342 3895 νόμων.

431 3934 653 4009 Ὑμεῖς,
682 3935 805 4010 μὲν,
838 3927 884 3992 ὦ
932 3938 1149 4011 ἄνδρες.
1179 3939 1699 4014 κεκαλλιεπημένων
1727 3940 1941 3996 ποθεῖτε

342 4028 531 4098 λόγων
570 4030 813 4095 ἀκούειν,
847 4028 943 4085 καὶ
992 4032 1205 4097 τούτοις
1232 4033 1661 4105 κατακηλεῖσθαι
1704 4032 1939 4105 ζητεῖτε·

340 4118 408 4179 οὗ
435 4124 487 4177 δ’
526 4121 595 4178 ἂν
623 4122 847 4188 τούτους
880 4124 954 4197 μὴ
981 4120 1219 4198 εὕροιτε,
1252 4124 1447 4196 γελᾶτε
1480 4126 1574 4180 καὶ
1602 4124 1939 4196 κωμῳδεῑτε,

340 4215 448 4269 καὶ
477 4214 582 4279 τὰς
615 4216 787 4279 ἀκοὰς
824 4215 1002 4287 βύετε,
1033 4218 1128 4271 καὶ
1155 4218 1264 4271 τῶν
1290 4212 1602 4289 λεγομένων
1630 4214 1844 4270 ἐπαΐειν
1876 4209 1936 4271 οὗ

341 4304 632 4378 βούλεσθε.
693 4307 843 4361 Ἔδει
874 4300 931 4362 δὲ
974 4306 1224 4373 συνιδεῖν,
1252 4309 1328 4374 ὡς
1365 4308 1434 4363 τὰ
1463 4309 1633 4363 πολλὰ
1663 4308 1772 4363 τῶν
1797 4309 1938 4378 ἄγαν

338 4396 699 4467 τιμιωτάτων
750 4397 810 4450 ἑν
847 4395 1096 4470 ἐλύτροις
1125 4398 1171 4432 ’⁸
1212 4391 1454 4459 εὐτελέσι
1482 4397 1819 4454 καλύπτεται
1866 4396 1934 4455 ⁸⁸⁷.

340 4486 464 4540 Καὶ
495 4484 606 4557 γάρ
655 4486 747 4541 τὸν
792 4484 1060 4560 πολυτελῆ
1103 4488 1471 4560 μαργαρίτην,
1508 4486 1603 4542 καὶ
1633 4485 1743 4552 τοῖς
1776 4486 1940 4541 πλου-

336 4576 508 4631 τοῦσι
555 4576 910 4650 τριπόθητον,
947 4580 1425 4658 εὐκαταφρόνητον
1458 4576 1685 4654 ὄστρεον
1722 4579 1816 4634 καὶ
1853 4580 1935 4633 τί-

337 4687 473 4724 κτει
519 4668 615 4722 καὶ
641 4672 853 4743 τρέφει,
883 4672 980 4727 καὶ
1025 4673 1208 4744 μέντοι
1241 4674 1334 4727 καὶ
1364 4671 1761 4744 κατακρύπτει·
1800 4674 1850 4730 οἱ
1876 4670 1933 4728 δὲ

337 4756 539 4814 τοῦτον
556 4754 879 4833 ὠνούμενοι,
898 4757 1123 4834 χρυσίον
1154 4763 1387 4829 διδόντες
1421 4764 1504 4818 ὅτι
1538 4760 1773 4835 μάλιστα
1792 4763 1939 4818 πλεῖ-
1971 4748 2017 4808 θ

340 4874 477 4911 στον
509 4857 581 4921 ’⁸,
608 4855 825 4928 χαίρειν
856 4854 988 4910 ἐῶσι
1018 4855 1080 4910 τὸ
1106 4856 1349 4929 ὄστρεον.
1386 4857 1494 4911 Καὶ
1540 4859 1653 4923 τοῖς
1690 4856 1937 4927 διαυγέσι

336 4950 399 5002 δὲ
441 4949 690 5012 λιθιδίοις
726 4948 978 5012 ἔκείνοις,
1004 4945 1042 5003 ἃ
1074 4947 1174 5018 τὴν
1217 4947 1502 5020 βασιλικὴν
1532 4949 1819 5020 διακοσμεῖ
1842 4967 1936 5004 κε-

341 5040 549 5112 φαλὴν,
582 5040 747 5113 ἑτέρα
766 5039 917 5094 λίθου
950 5039 1112 5111 φύσις
1147 5039 1351 5105 ἔξωθεν
1379 5041 1689 5112 περίκειται
1730 5042 1935 5097 παντά-

338 5147 518 5184 πασιν
552 5129 849 5202 ἄχρηστος*
886 5130 936 5183 οι
965 5129 1023 5183 δὲ
1068 5128 1160 5183 τοῦ
1194 5131 1399 5185 τοιοῦδε
1426 5131 1633 5202 κόσμου
1673 5130 1937 5204 δημιουρ-

340 5224 431 5290 yol
460 5262 479 5287 ,
535 5222 733 5276 τούτου
761 5222 822 5276 τὸ
877 5221 1134 5292 περιττόν
1189 5239 1250 5275 τε
1311 5223 1408 5276 καὶ
1456 5223 1731 5293 ἄχρηστον
1783 5238 1943 5295 περιῇ

341 5313 648 5376 κόπτοντές
696 5329 756 5366 τε
803 5313 897 5367 καὶ
933 5311 1283 5379 ἀποξύοντες,
1326 5313 1435 5367 τῶν
1464 5312 1742 5383 διαφανῶν
1773 5313 1937 5367 λίθων

2646 3708 2933 3767 SERMO
2963 3707 3060 3766 ll.

2671 3823 2751 3879 De
2776 3824 2995 3898 legibus.

2121 3932 2233 3993 Vos
2270 3935 2528 4007 quidem,
2560 3951 2594 3990 ο
2626 3935 2765 4002 viri,
2804 3936 3087 4009 elegantes
3126 3943 3485 4009 comptosqne
3517 3953 3638 3994 ser-

2050 4043 2243 4084 mones
2272 4026 2466 4088 audire
2493 4026 2717 4097 cupitis,
2748 4038 2915 4097 atque
2935 4027 3024 4083 his
3052 4042 3218 4098 quam
3244 4026 3480 4083 maxime
3508 4042 3639 4097 per-

2048 4119 2281 4177 mulceri
2326 4119 2573 4190 quaeritis
2605 4137 2618 4172 :
2650 4118 2746 4174 ubi
2783 4135 2916 4175 vero
2961 4118 3100 4175 tales
3137 4135 3248 4175 non
3282 4119 3632 4178 inveneritis.

2046 4214 2163 4269 risu
2196 4208 2375 4268 effuso
2401 4210 2689 4278 inceditis,
2728 4226 3004 4283 auresque
3043 4211 3369 4277 obstruitis,
3410 4218 3468 4267 et
3510 4227 3634 4281 quae

2046 4307 2312 4363 dicuntur
2339 4303 2537 4360 audire
2560 4320 2673 4360 non
2700 4298 2889 4363 vultis.
2921 4302 3290 4360 Considerare
3322 4311 3505 4359 autem
3532 4319 3631 4358 vos

2044 4396 2338 4469 oportebat
2368 4397 2631 4468 pleraque
2658 4411 2851 4452 eorum
2887 4412 3010 4466 quas
3059 4394 3283 4451 maximi
3310 4402 3441 4451 sunt
3466 4395 3625 4467 pretii

2042 4490 2248 4547 vilibus
2270 4489 2572 4546 involucris
2600 4488 2803 4562 obtegi.
2832 4489 3138 4545 Pretiosum
3165 4488 3311 4545 enim
3340 4488 3625 4549 unionem,

2042 4592 2101 4638 et
2122 4599 2155 4640 a
2179 4572 2447 4638 divitibus
2478 4583 2807 4654 expetitum,
2853 4581 2978 4637 vilis
3005 4589 3144 4637 testa
3174 4579 3319 4652 parit
3343 4588 3398 4637 et
3430 4579 3624 4641 nutrit.

2042 4675 2317 4746 simulque
2347 4674 2607 4731 occultat.
2640 4673 2746 4742 Qui
2776 4689 2909 4729 vero
2933 4673 3083 4728 hunc
3107 4679 3327 4734 emunt,
3360 4672 3481 4727 auri
3510 4669 3631 4742 plu-

2045 4760 2248 4823 rimum
2301 4767 2706 4840 persolventes,
2755 4776 2952 4823 testam
2994 4764 3220 4821 missam
3276 4763 3506 4819 faciunt.
3562 4759 3630 4819 Et

2044 4861 2391 4932 pellucentes
2412 4859 2537 4916 illas
2559 4874 2823 4932 gemmas,
2843 4874 2966 4930 quae
2984 4857 3195 4930 regium
3223 4865 3387 4928 caput
3406 4866 3625 4915 ornant.

2044 4951 2195 5008 aliud
2230 4967 2407 5023 genus
2437 4951 2642 5024 lapidis
2671 4952 3022 5007 extrinsecus
3054 4949 3228 5005 ambit
3255 4948 3450 5003 inutile
3482 4952 3503 5001 ἐ
3533 4944 3627 5017 qui

2043 5057 2182 5097 vero
2209 5041 2309 5097 has
2327 5056 2573 5114 gemmas
2596 5040 2902 5112 expoliunt,
2925 5039 3073 5110 quod
3100 5036 3439 5109 superfluum
3464 5045 3551 5091 cst
3574 5045 3631 5089 et

2044 5132 2245 5188 inutile
2268 5141 2621 5204 amputantes
2647 5132 3110 5202 abradentesque,
3135 5129 3437 5187 lucentium
3464 5118 3628 5198 lapil-

2043 5224 2225 5278 lorum
2261 5224 2499 5281 nitorem
2525 5223 2887 5296 patefaciunt.
2916 5227 2934 5246 '
2965 5221 3178 5278 Aurum
3207 5237 3449 5293 quoque,
3478 5217 3627 5291 quod

2043 5314 2209 5387 925
2247 5317 2414 5387 vulgo
2456 5325 2644 5373 amant
2666 5330 2879 5381 omnes,
2916 5321 2972 5371 et
2991 5323 3303 5387 argentum,
3344 5322 3401 5368 et
3438 5326 3534 5376 tes,
3568 5317 3628 5366 ct

1672 5469 1913 5527 VAllhE
1944 5471 2240 5529 LECTION
2245 5472 2350 5531 ES.

448 5585 496 5617 ³⁷
527 5584 945 5655 παραδέδονται.
1007 5582 1423 5655 παραδέδωνται
1616 5579 1695 5655 ,⁸⁸
1743 5582 1839 5655 και

1901 5582 2147 5652 φυλακὴν
2180 5582 2473 5652 ἐντεῦθεν.
2536 5582 2789 5636 ἐντεῦθεν
2844 5582 2937 5637 καὶ
2990 5580 3234 5650 φυλακὴν
3295 5579 3356 5633 Β.

3457 5578 3505 5611 ⁸⁸
3539 5577 3616 5632 δι-

341 5626 970 5735 εξύρηξξξᾶξέἱόὀῆῖῐ.
1015 5626 1431 5735 ’ξιτιῖιὶἐξῖρᾶἒζ
1460 5626 1850 5735 ﬂigi”;ch
1878 5626 2142 5735 ἀξέέἶᾶἔέ
2163 5626 2752 5735 ᾗῇἶιὶὂξξηεῖἱτέαξξεξ
2769 5626 3247 5735 ⁷ξι”τξέ-ἷτξβ’πξζ”ἑὶ›
3260 5626 3515 5735 γέρας

343 5728 392 5760 ’⁸
426 5721 693 5781 Πανδίων.
760 5721 991 5779 παιδίων
1034 5721 1097 5779 C.

350 5882 499 5922 στον.
530 5866 713 5919 πλεῖον
740 5864 801 5921 C.

674 5960 945 6021 Parnm.
992 5961 1107 6022 Gn.
1156 5959 1473 6022 LXXXIII.

1148 5722 1245 5797 qui
1288 5722 1413 5797 om.
1466 5722 1571 5797 tta].
1612 5722 1871 5797 pugnatum.
1916 5723 2107 5797 supra
2159 5725 2223 5797 δὴ
2248 5722 2382 5797 Αόω,
2417 5724 2530 5797 γε,

343 5798 394 5829 ⁸³
431 5797 624 5868 πάλαι.
656 5794 821 5868 ἄλλης
848 5793 912 5850 C.
989 5794 1035 5828 “
1064 5792 1201 5868 [τὸν]
1231 5809 1342 5850 om.
1378 5793 1439 5850 B.
1525 5793 1573 5827 ”
1608 5792 1871 5865 ἐλύτροις.
1910 5792 2222 5868 ὲνελύτροις
2246 5795 2305 5851 Β.

2637 5717 2686 5757 ³³
2713 5724 2831 5796 [καὶ
2877 5717 3363 5796 Παντελεήμονρς]
3399 5717 3524 5796 Qut

2411 5795 2459 5829 ”
2493 5789 2850 5853 καλύπτεται.
2898 5793 3233 5847 κεκάλυπται
3261 5789 3341 5845 ΒῘ
3396 5792 3444 5823 ³⁸
3468 5789 3619 5845 πλεῖ-

3263 5954 3337 6017 33
