4066 6420
365 444 494 510 ωτι

946 424 954 435 “
1038 449 1477 512 eammeam
1508 447 1795 511 mser
1845 445 2205 511 CURATIO.
2232 450 2417 513 -1x.
2462 453 2559 513 DE
2597 452 2946 516 LEGIBUS.

3499 443 3640 507 1Οέιῖ

362 554 534 613 αὑτοῦ
564 554 991 612 διαπλασθεῖσαν
1022 559 1178 614 πόλιν
1207 561 1349 615 κατά
1385 559 1611 623 τούτους
1642 556 1932 632 προσέταξε

2045 557 2191 614 bilis.
2226 559 2566 619 Piscatorum
2601 578 2754 629 vero,
2790 571 2847 618 et
2882 559 3328 633 publieanorum,
3364 557 3634 611 tentorio-

362 649 761 706 πολιτεύεσθαι.
806 650 969 705 Ἀλλά
1010 651 1103 707 τὸν
1149 654 1459 724 φιλόσοφον,
1501 654 1579 718 ὡς
1621 653 1943 724 φιλόσοφον,

359 743 457 795 καὶ
487 738 598 794 τῶν
628 740 940 811 νομοθετῶν
979 739 1118 797 εἶναι
1149 744 1546 816 σεμνυνόμενον
1568 744 1813 817 ἄριστον,
1838 761 1944 812 φυ-

358 831 613 903 λάξωμεν
642 831 690 865 ⁵⁸
723 832 971 905 ἔσχατον,
1013 835 1111 890 νῦν
1148 835 1205 890 δὲ
1230 836 1340 890 τῶν
1374 836 1590 891 Πυθίων
1618 836 1799 907 νόμων
1829 836 1943 907 (οὑ-

355 921 445 978 δὲν
481 923 592 994 γὰρ
620 923 866 996 διαφέρει
899 925 1132 991 Πυθίους
1163 929 1195 999 ἢ
1226 928 1627 1001 Λυκουργείους
1655 928 1702 961 ⁸³
1732 928 1942 996 καλεῖν)

355 1013 725 1086 διελέγξωμεν
781 1016 883 1090 τὴν
918 1019 1222 1074 ἀσθένειαν.
1273 1020 1431 1092 Ἀμα
1479 1038 1540 1075 τε
1604 1022 1715 1093 γὰρ
1771 1037 1943 1093 προσ-

354 1104 554 1173 έταξαν
611 1108 660 1162 οί
704 1108 968 1180 Ῥωμαῖοι
1027 1110 1254 1175 τούτους
1327 1113 1520 1182 ἀργεῖν
1562 1154 1578 1179 ,
1640 1112 1734 1167 καὶ
1813 1113 1944 1177 τοὺς

359 1198 657 1267 σφετέρους
711 1198 758 1232 ⁸⁵
816 1203 1063 1272 κρατεῖν,
1127 1203 1223 1257 καὶ
1274 1202 1491 1275 διελύθη
1541 1204 1653 1258 τῶν
1698 1204 1945 1275 Λυκούρ-

359 1306 463 1360 του
490 1291 537 1324 ⁸⁸
564 1292 628 1345 τὸ
659 1291 877 1364 ἄμαχον
907 1294 1132 1364 κράτος⁹
1168 1294 1279 1349 τῶν
1311 1294 1371 1349 δὲ
1400 1295 1593 1350 ἀλιέων
1621 1313 1680 1350 τε
1713 1295 1806 1350 καὶ
1832 1295 1942 1348 τῶν

357 1382 606 1437 τελωνῶν
639 1384 686 1417 ⁵⁸
735 1385 830 1438 καὶ
876 1385 971 1439 τοῦ
1010 1386 1391 1459 σηνορρἀου
1439 1387 1571 1450 τοὺς
1621 1386 1824 1457 νόμους
1878 1387 1939 1440 οὐ

356 1474 517 1539 Γάϊος
545 1475 788 1546 ίσχυσεν,
820 1477 882 1532 οὐ
918 1477 1185 1542 Κλαύδιος
1223 1479 1562 1544 καταλῦσαι,
1598 1480 1661 1533 οὐ
1687 1479 1879 1550 Νέρων
1913 1481 1942 1535 ὁ

354 1566 476 1634 μετ’
522 1565 767 1629 ἐκείνους
789 1607 806 1632 ,
843 1566 939 1619 καὶ
980 1566 1153 1622 ταῦτα
1193 1568 1288 1622 δύο
1332 1569 1442 1622 τῶν
1472 1569 1779 1641 νομοθετῶν
1815 1572 1943 1635 τοὺς

350 1654 611 1726 ἀρίστους
665 1656 1104 1723 κατακοντίσας,
1155 1659 1250 1712 καὶ
1302 1659 1413 1731 γὰρ
1461 1658 1595 1732 [τὸν]
1639 1660 1684 1692 ⁸⁷
1731 1660 1942 1731 Πέτρον

348 1746 560 1811 ἐκεῖνος
584 1748 630 1780 ⁸⁸
662 1747 753 1802 καὶ
793 1747 933 1821 [τὸν]
964 1748 1179 1806 Παῦλον
1208 1750 1419 1804 ἀνεῖλεν
1442 1767 1456 1782 ·
1491 1750 1613 1805 ἀλλ’
1642 1751 1703 1806 οὐ
1739 1753 1785 1785 ⁸³
1813 1752 1939 1817 ξυν-

346 1838 530 1894 ανεῖλε
559 1842 674 1904 τοῖς
703 1840 1026 1911 νομοθέταις
1048 1843 1175 1906 τοὺς
1207 1845 1405 1913 νόμους
1425 1861 1439 1874 ·
1463 1844 1564 1898 οὔκ
1587 1844 1939 1898 Οὐεσπασια-

346 1927 460 1995 νὸς,
482 1929 543 1983 οὐ
567 1930 745 1995 Τίτος,
778 1932 839 1984 οὐ
861 1934 1211 2003 Δομετιανὸς,
1248 1935 1344 1988 καὶ
1377 1934 1552 1989 ταῦτα
1573 1934 1786 1999 πολλοῖς
1813 1934 1936 1990 κατ’

343 2020 530 2075 αὐτῶν
587 2024 680 2077 καὶ
718 2025 1085 2090 παντοδαποῖς
1138 2027 1486 2098 χρησάμενος
1535 2008 1892 2099 μηχανήμασι
1914 2045 1932 2063 ο

344 2113 579 2180 πολλοὺς
620 2115 732 2188 γὰρ
765 2116 831 2187 δὴ
869 2117 1095 2182 τούτους
1128 2116 1547 2190 ἀσπαζομένους
1590 2121 1669 2191 τῷ
1719 2121 1935 2192 θανάτῳ

342 2202 701 2274 παρέπεμψε,
731 2206 1107 2271 παντοδαπαῖς
1127 2208 1505 2281 κολαστηρίων
1535 2211 1702 2276 ίδέαις
1732 2213 1937 2284 χρησά-

345 2311 510 2365 μενος
536 2296 604 2351 ⁸2.
631 2297 740 2351 Καὶ
769 2297 1039 2366 Τραϊανὸς
1059 2299 1115 2352 δὲ
1136 2301 1231 2353 καὶ
1264 2301 1544 2372 Ἀδριανὸς
1569 2303 1774 2374 σφόδρα
1797 2303 1935 2358 κατά

339 2384 514 2440 τῶνδε
557 2387 666 2441 τῶν
717 2388 901 2460 νόμων
947 2390 991 2422 ⁸³
1033 2386 1455 2463 παρεταξάτηνο
1504 2393 1641 2449 ἀλλὰ
1687 2395 1785 2462 τὴν
1834 2396 1933 2466 μὲν

341 2475 571 2547 Περσῶν
597 2481 626 2532 ὁ
657 2480 928 2550 Τραϊανὸς
951 2480 1270 2537 δυναστείαν
1296 2485 1583 2550 κατέλυσε,
1617 2488 1712 2540 καὶ
1730 2487 1931 2558 Ἀρμε-

341 2563 493 2629 νίους
520 2565 565 2597 ⁸⁸
594 2567 674 2637 τῷ
727 2570 1017 2639 Ῥωμαίων
1066 2571 1303 2639 ὑπέταξε
1351 2575 1573 2647 χαλινῷ,
1617 2577 1711 2630 καὶ
1748 2578 1931 2648 μέντοι

343 2657 439 2709 καὶ
487 2656 558 2711 τὰ
607 2659 854 2715 Σκυθικὰ
909 2662 1040 2735 ἔθνη
1074 2668 1188 2730 τοῖς
1237 2669 1542 2739 σκήπτροις
1595 2668 1932 2723 ὑποκύπτειν

338 2748 656 2819 ἠνάγκασεο
694 2751 794 2824 τὴν
848 2754 906 2807 δὲ
958 2754 1068 2810 τῶν
1098 2756 1299 2811 ἀλιέων
1336 2758 1552 2812 καὶτοῦ
1596 2760 1930 2831 σκυτοτόμου

342 2839 651 2896 καταλῦσαι
674 2844 1005 2912 νομοθεσίαν
1031 2850 1075 2881 ⁸³
1101 2849 1202 2903 οὐκ
1240 2850 1450 2921 ἴσχυσε.
1492 2852 1602 2904 Καὶ
1655 2851 1932 2924 Ἀδριανὸς

339 2932 454 2986 τῶν
486 2935 585 3004 μὲν
613 2937 707 2991 τὸν
746 2938 954 3009 Ἰησοῦν
990 2944 1417 3017 ὲσταυρωκότων
1444 2944 1612 3017 ἄρδην
1643 2945 1742 3017 τὴν
1778 2946 1931 3000 πόλιν

342 3026 632 3090 κατέλυσε,
666 3030 795 3094 τοὺς
819 3031 875 3085 δὲ
896 3031 1073 3105 τούτῳ
1099 3035 1537 3097 πεπιστευκότας
1573 3036 1794 3107 ἀφεῖναι
1833 3037 1932 3109 τὴν

338 3117 555 3173 ἐκείνου
588 3119 833 3177 δουλείαν
880 3125 981 3177 οὑκ
1013 3124 1221 3180 ἔπεισε.
1274 3126 1385 3180 Καὶ
1427 3127 1742 3192 ’Δντωνῖνος
1784 3128 1864 3194 δὲ,
1903 3131 1932 3183 ὁ

342 3212 468 3282 μετ’
497 3214 708 3268 ἐκεῖνον
739 3215 805 3281 ⁸⁸,
858 3217 953 3270 καὶ
982 3217 1199 3288 Οὓηρος
1230 3219 1276 3252 ⁵⁸
1322 3220 1351 3273 ὁ
1385 3217 1445 3284 ἐξ
1473 3220 1706 3285 ἐκείνου,
1759 3220 1931 3275 πολλά

2047 666 2283 723 rumque
2307 654 2520 724 Opiﬁcis
2546 657 2715 729 leges,
2746 638 2868 711 non.
2882 654 3070 719 Caius,
3095 668 3208 708 non
3233 650 3500 708 Claudius
3524 649 3640 704 dis-

2047 744 2262 801 solvere
2292 756 2613 817 potuerunt,
2640 765 2743 805 nec
2773 749 2992 803 illorum
3023 762 3313 803 successor
3336 744 3503 800 Nero.
3534 742 3637 798 llic

2046 838 2219 904 enim,
2257 841 2477 896 tametsi
2511 842 2651 897 duos
2693 842 2931 912 optimos
2973 841 3318 912 leg'islatores
3347 834 3639 893 sustulerit

2048 931 2295 1003 (Petrum
2325 933 2473 987 enim
2507 941 2564 988 et
2588 934 2821 988 Paulum
2855 933 3087 988 interﬁci
3116 929 3322 1003 jussit),
3366 929 3517 999 leges
3557 935 3639 981 ta-

2045 1038 2174 1079 men
2206 1040 2331 1080 cum
2351 1025 2758 1096 legislatoribus
2786 1042 2897 1080 non
2926 1025 3170 1080 sustulit.
3199 1024 3320 1078 Non
3347 1018 3638 1090 Vespasia-

2044 1129 2172 1180 nus,
2200 1131 2311 1169 non
2340 1114 2518 1181 Titus,
2550 1130 2663 1171 non
2704 1116 3070 1179 Domitianus,
3102 1125 3415 1184 quanquam
3443 1107 3636 1163 multis

2044 1221 2110 1261 ac
2133 1210 2153 1227 '
2178 1207 2350 1262 variis
2379 1207 2889 1263 machinationibus
2921 1222 3016 1262 eas
3055 1202 3401 1276 oppugnarit.
3435 1200 3636 1255 Multos

2043 1299 2216 1365 enim,
2243 1299 2339 1370 qui
2361 1315 2419 1355 se
2451 1300 2668 1371 legibus
2700 1300 2813 1354 illis
2840 1299 3184 1362 addixeram,
3218 1296 3288 1350 de
3316 1293 3499 1348 medio
3513 1304 3636 1346 sus-

2046 1391 2192 1456 tulit,
2220 1406 2384 1447 omne
2418 1398 2822 1447 tormentorum
2849 1406 3023 1463 genus
3081 1390 3138 1445 in
3177 1402 3274 1443 eos
3316 1383 3630 1441 intendens.

2044 1482 2563 1555 Trajanusinsuper
2586 1492 2753 1555 atque
2781 1483 3057 1538 Adrianus
3110 1481 3472 1537 vehementer
3499 1491 3633 1532 con-

2044 1583 2126 1630 tra
2152 1575 2252 1631 has
2282 1576 2432 1646 leges
2459 1577 2901 1632 insurrexerunt.
2929 1575 3001 1630 At
3033 1573 3302 1645 Traianus
3333 1572 3630 1627 Persarum

2042 1666 2265 1737 quidem
2316 1667 2610 1738 imperium
2654 1667 2949 1732 subvertit,
2985 1665 3383 1735 Armeniosque
3424 1663 3629 1718 Roma-

2041 1773 2239 1813 norum
2267 1757 2426 1814 freno
2449 1758 2704 1829 subjecit,
2725 1767 2782 1815 et
2801 1758 3087 1831 Scythicas
3109 1756 3367 1811 nationes
3394 1751 3631 1823 sceptris

2042 1851 2158 1906 suis
2198 1867 2391 1922 parere
2422 1853 2691 1923 compulit
2722 1870 2736 1907 :
2769 1852 3108 1923 piscatorum
3143 1856 3325 1903 tamen
3359 1845 3628 1914 Paulique

2040 1943 2189 2014 leges
2230 1943 2455 2000 abolere
2496 1960 2609 2000 non
2646 1944 2846 2014 potuit.
2880 1944 2953 1999 Et
2981 1940 3257 1996 Adrianus
3289 1937 3484 1993 urbem
3527 1951 3627 1991 eo-

2039 2050 2164 2089 rum
2202 2035 2295 2104 qui
2327 2034 2513 2090 Jesum
2545 2034 2960 2097 cruciﬁxerunt,
2993 2030 3241 2087 funditus
3270 2027 3505 2083 evertit:
3529 2025 3635 2081 sed'

2037 2140 2135 2180 eos
2159 2125 2253 2196 qui
2280 2125 2337 2180 in
2374 2125 2528 2180 illum
2559 2126 2919 2181 crediderunt
2956 2122 3233 2178 abducere
3266 2119 3335 2174 ab
3361 2118 3481 2188 ejus
3505 2132 3628 2172 ser-

2037 2217 2212 2273 vitute
2239 2233 2350 2272 non
2379 2217 2580 2288 potuit.
2625 2216 2938 2272 Antoninus
2979 2227 3221 2284 quoque,
3263 2211 3357 2281 qui
3385 2208 3628 2265 Adriano

2037 2310 2326 2375 successit,
2360 2308 2524 2380 932
2555 2317 2612 2365 et
2638 2310 2816 2364 Verus
2861 2308 2982 2379 ejus
3006 2305 3152 2361 ﬁlius
3183 2303 3356 2358 multa
3394 2310 3450 2356 et
3483 2313 3626 2371 pne-

2036 2401 2184 2457 clara
2217 2401 2450 2457 devictis
2482 2400 2737 2455 Barbaris
2781 2408 2983 2469 tropaea
3031 2398 3369 2458 excitarunt,
3416 2406 3633 2461 suoque

2034 2492 2155 2565 iure
2175 2492 2488 2547 viventibus
2516 2490 2736 2562 populis
2757 2491 2948 2562 jugum
2980 2489 3240 2543 Romanae
3270 2483 3498 2540 ditionis
3525 2483 3630 2536 im-
3693 2474 3710 2491 ’

2035 2584 2382 2656 posuerunt:
2409 2598 2590 2654 neque
2633 2590 2818 2637 tamen
2861 2594 2958 2635 eos
2999 2578 3094 2649 qui
3143 2575 3401 2632 salutaris
3442 2573 3626 2628 crucis

2029 2675 2222 2746 jugum
2257 2673 2605 2736 adamarunt,
2642 2680 2738 2727 aut
2777 2671 2831 2725 vi
2879 2678 2975 2724 aut
3003 2666 3354 2724 suasionibus
3393 2662 3625 2733 impule-

2036 2775 2187 2830 runt,
2213 2775 2276 2821 ut
2301 2765 2530 2820 missum
2556 2763 2805 2818 facerent
2828 2759 2975 2830 quod
3006 2759 3347 2820 adamarent,
3371 2752 3624 2833 quamvis

2035 2859 2160 2915 illos
2189 2867 2247 2913 et
2278 2857 2494 2928 magnis
2524 2854 2690 2910 minis
2720 2859 3011 2914 terrerent,
3042 2858 3098 2904 et
3127 2846 3382 2918 plurimis
3410 2842 3623 2912 suppli-

2036 2952 2138 3008 ciis
2165 2950 2500 3007 cruciarent.
2529 2947 2710 3017 Atque
2746 2953 2807 3001 ut
2833 2940 3195 2999 Commodum
3235 2934 3622 2992 Maximinum-

2036 3061 2145 3117 que
2174 3044 2447 3108 omittam,
2471 3049 2809 3108 caterosque
2831 3051 3027 3093 omnes
3050 3033 3143 3105 qui
3166 3031 3235 3088 ad
3264 3027 3621 3087 Aurelianum

2036 3153 2234 3209 usque,
2260 3143 2317 3192 et
2347 3134 2552 3190 Carum
2591 3130 2965 3199 Carinumque
3004 3129 3323 3196 regnarunt,
3351 3119 3477 3191 quis
3496 3118 3626 3173 Dio-

2038 3207 2282 3291 cletiani,
2307 3232 2365 3280 et
2386 3221 2723 3286 Maximiani,
2773 3216 3055 3281 Maxentii,
3089 3210 3370 3269 Maximini
3397 3207 3631 3264 Liciniis

340 3301 447 3372 μὲν
477 3304 571 3358 καὶ
590 3304 825 3378 λαμπρά
844 3309 983 3363 κατά
1020 3282 1313 3381 βαρϐάρων
1331 3282 1570 3383 τρόπαια
1596 3282 1927 3384 ὲστησάτην,

2034 3331 2139 3386 que
2168 3282 2360 3371 contra
2393 3282 2763 3368 Christianam
2788 3307 3053 3378 pietatem
3089 3303 3245 3358 furor
3281 3299 3470 3363 fuerit,
3496 3296 3624 3368 quis

337 3394 436 3449 καὶ
476 3396 776 3470 αὐτόνομον
827 3399 945 3471 βίον
990 3402 1394 3474 ἀσπαζομένοις
1419 3404 1465 3437 ⁸⁸
1493 3404 1587 3457 τὸν
1615 3405 1714 3476 τῆς
1755 3405 1930 3460 δυνα-

338 3487 529 3550 στείας
564 3489 991 3564 ὲπετεθεικάτην
1019 3492 1183 3563 ζυγόν
1205 3511 1218 3524 ·
1261 3496 1388 3559 τοὺς
1418 3494 1476 3548 δὲ
1501 3495 1595 3551 τὸν
1622 3497 1718 3550 τοῦ
1754 3496 1799 3529 ⁸⁷
1822 3514 1930 3551 σω-⁹

334 3580 530 3651 τηρίου
565 3583 803 3654 σταυροῦ
827 3584 992 3653 ζυγὸν
1023 3587 1213 3658 φέρειν
1244 3587 1608 3659 ἠγαπηκότας
1636 3587 1760 3642 οὔτε
1779 3591 1929 3643 ἐπει-

335 3670 514 3742 σάτην
530 3671 653 3727 οὔτε
670 3676 1064 3749 ἡναγκασάτην
1081 3679 1405 3735 καταλιπεῖν
1424 3680 1484 3735 δν
1499 3681 1816 3754 ἠγάπησαν,
1833 3682 1929 3736 καὶ

332 3761 516 3815 ταῦτα
543 3764 771 3829 πολλαῖς
803 3767 902 3838 μὲν
922 3769 1177 3835 ἀπειλαῖς
1196 3771 1537 3841 δεδιξάμενοι
1560 3773 1628 3839 ⁸⁸,
1668 3772 1928 3845 παμπόλ-

332 3854 459 3917 λαις
476 3855 535 3910 δὲ
560 3859 853 3929 τιμωρίαις
879 3864 1240 3934 χρησάμενοι.
1270 3863 1656 3937 [1271Καὶῖνα
1684 3867 1928 3938 Κόμοδον

332 3944 654 3999 καταλείπω
670 3947 714 3979 ⁶⁹
732 3949 826 4002 καὶ
843 3948 1188 4021 Μαξιμιανὸν
1209 3954 1305 4007 καὶ
1324 3956 1449 4018 τοὺς
1466 3955 1659 4020 ἄλλους
1678 3956 1928 4020 ἅπαντας

332 4035 464 4100 τοὺς
505 4036 664 4107 ἄχρις
698 4038 1045 4109 Αὐρηλιανοῦ
1085 4042 1131 4074 ⁷ο
1172 4043 1270 4095 καὶ
1307 4043 1493 4113 Κάρου
1543 4045 1639 4097 καὶ
1683 4043 1926 4113 Καρίνου

335 4124 815 4197 βεϐασιλευκότας,
830 4130 915 4195 τίς
932 4132 1117 4200 ἀγνοεῖ
1138 4133 1524 4201 Διοκλητιανοῦ
1546 4135 1641 4187 καὶ
1657 4134 1929 4206 Μαξιμιαο

330 4215 431 4270 νοῦ
466 4218 562 4271 καὶ
590 4219 892 4284 Μαξεντίου
930 4222 974 4254 τί
1011 4225 1104 4276 καὶ
1131 4224 1442 4294 Μαξιμίνου
1475 4225 1573 4279 καὶ
1607 4226 1849 4280 Λικινίου
1881 4228 1926 4260 ⁷⁸

331 4307 434 4381 τὴν
454 4307 597 4363 κατὰ
609 4312 707 4382 τῆς
724 4312 1005 4378 εὐσεϐείας
1025 4316 1225 4385 μανίαν
1241 4333 1255 4383 ;
1280 4318 1353 4371 Οὐ
1376 4315 1484 4387 γὰρ
1507 4315 1628 4370 καθ’
1642 4317 1737 4371 ἕνα
1753 4334 1816 4387 γε
1832 4312 1927 4372 οὖ-

330 4418 442 4464 τοι,
456 4402 574 4456 οὐδὲ
593 4405 733 4458 κατά
747 4405 840 4459 δύο
857 4406 888 4477 ἢ
906 4410 1055 4479 τρεῖς
1071 4408 1139 4473 ⁷³,
1154 4409 1280 4472 τοὺς
1302 4409 1379 4478 τῷ
1401 4409 1620 4480 Χριστῷ
1639 4426 1929 4465 πεπιστευ-

333 4491 526 4559 κότας,
554 4495 667 4551 ἀλλ’
695 4497 957 4569 ἀγεληδὸν
981 4499 1392 4570 κατηκόντιζον,
1417 4503 1512 4554 καὶ
1535 4501 1677 4565 κατά
1702 4502 1915 4573 χιλίους

332 4584 436 4639 καὶ
494 4586 725 4656 μυρίους
775 4588 1034 4660 ἀνῄρουν.
1084 4591 1172 4646 Ἐν
1214 4592 1271 4646 δέ
1316 4610 1427 4647 τισι
1469 4594 1659 4648 πόλεσι
1699 4597 1793 4649 καὶ⁵
1825 4594 1923 4661 τὰς

332 4678 636 4747 ἐκκλησίας
664 4681 879 4752 ἀνδρῶν
914 4684 1313 4754 καὶγυναικῶν
1343 4687 1436 4740 καὶ
1468 4687 1675 4741 παίδων
1708 4688 1922 4759 πεπλη-

334 4770 595 4842 ρωμένας
649 4773 1002 4848 ἐνέπρησανο
1073 4779 1166 4832 καὶ
1214 4779 1335 4832 κατ’
1374 4780 1545 4851 αὑτήν
1587 4797 1650 4849 γε
1701 4781 1796 4852 τὴν
1829 4779 1923 4835 τοῦ

332 4861 610 4932 σωτηρίου
657 4863 867 4928 πάθους
907 4868 1144 4939 ἡμέραν,
1198 4871 1255 4923 ὲν
1348 4871 1442 4924 καὶ
1468 4870 1564 4925 τοῦ
1590 4871 1797 4938 πάθους
1829 4870 1923 4926 καὶ

328 4953 437 5022 τῆς
462 4955 806 5026 Δεσποτικῆς
832 4954 1183 5025 ἀναστάσεως
1233 4962 1333 5031 τὴν
1363 4964 1584 5035 μνήμην
1619 4963 1927 5035 πανηγυρί-

329 5045 546 5116 ζομεν,
605 5047 884 5113 ἁπάσαςτδ
932 5048 1033 5115 τὰς
1089 5052 1148 5107 ὲν
1185 5055 1254 5125 τῇ
1314 5054 1606 5124 Ῥωμαίων
1654 5055 1927 5126 ἡγεμονία

2028 3402 2283 3476 ignorat?
2301 3402 2490 3472 Neque
2511 3399 2661 3456 enim
2687 3397 2934 3467 singulos
2953 3395 3043 3451 isti
3064 3394 3295 3450 binosve
3316 3398 3411 3447 aut
3434 3398 3623 3445 ternos

2026 3512 2057 3552 e
2084 3493 2416 3551 Christianis
2463 3489 2824 3561 impetebant,
2879 3486 2977 3542 sed
3022 3484 3294 3556 plurimos
3331 3479 3618 3553 gregatim,

2026 3594 2084 3641 et
2117 3585 2375 3640 millenos
2418 3582 2582 3638 simul
2624 3587 2691 3659 et.
2728 3579 2912 3635 decies
2943 3579 3198 3633 millenos
3244 3573 3618 3630 trucidabant.

2025 3677 2369 3747 Quibusdam
2393 3674 2558 3732 etiam
2585 3673 2642 3729 in
2668 3673 2900 3728 urbibus
2922 3672 3116 3741 plenas
3136 3668 3272 3723 viris
3288 3676 3346 3723 et
3374 3664 3619 3731 feminis,

2025 3781 2082 3829 et
2110 3771 2302 3843 pueris
2329 3758 2591 3826 ecclesias
2634 3765 3003 3822 incenderunt
3035 3781 3049 3817 :
3085 3769 3253 3832 atque
3283 3759 3341 3816 in
3380 3757 3502 3829 ipso
3529 3771 3621 3812 sa-

2026 3864 2263 3920 lutiferae
2288 3860 2562 3932 passionis
2596 3857 2708 3924 die,
2744 3858 2802 3912 in
2829 3871 2941 3928 quo
2963 3864 3021 3911 et
3050 3852 3323 3925 passionis
3344 3856 3402 3906 et
3431 3863 3623 3904 resur-

2028 3954 2293 4011 rectionis
2331 3952 2632 4010 Dominicae
2662 3949 2986 4005 memoriam
3030 3945 3398 4007 celebramus,
3429 3955 3624 3997 omnes

2026 4045 2309 4108 ecclesias,
2336 4059 2459 4113 quae
2487 4044 2542 4097 in
2567 4042 2800 4097 Romani
2829 4039 3050 4111 imperii
3080 4038 3284 4093 ﬁnibus
3309 4043 3489 4101 erant,
3521 4032 3622 4089 de-

2026 4145 2369 4194 struxerunt.
2399 4136 2607 4190 Verum
2646 4135 2728 4189 illi
2753 4132 3001 4204 lapidum
3026 4130 3254 4202 quidem
3288 4136 3621 4185 structuram

2027 4232 2459 4299 compagemque
2486 4225 2738 4281 demoliti
2768 4231 2925 4289 sunt,
2952 4223 3262 4277 animarum
3291 4234 3422 4276 vero
3449 4217 3624 4289 pieta-

2028 4329 2138 4377 tem
2162 4334 2276 4374 non
2299 4318 2716 4372 subverterunt.
2740 4314 2935 4383 Qualia
2961 4320 3147 4368 autem
3176 4311 3440 4367 adversus
3460 4308 3624 4365 Chri—

2027 4413 2235 4468 stianos
2275 4410 2477 4467 Juliani
2513 4408 2857 4479 temporibus
2896 4413 3105 4462 tentata
3141 4405 3272 4470 sint,
3308 4403 3471 4474 933
3516 4418 3621 4458 no»

2028 4508 2159 4557 runt
2187 4509 2348 4556 aetate
2375 4498 2755 4571 provectiores
2783 4515 2799 4552 :
2825 4496 3139 4552 audivimus
3167 4502 3224 4550 et
3270 4509 3375 4548 nos
3416 4500 3620 4563 tragoe-

2028 4592 2176 4647 diam
2210 4591 2357 4646 illam
2383 4596 2676 4644 narrantes
2704 4603 2801 4643 eos
2830 4586 2925 4656 qui
2951 4584 3229 4640 viderant.
3258 4582 3534 4637 Caaterum
3561 4580 3620 4636 hi

2027 4698 2240 4747 omnes,
2272 4688 2355 4737 tot
2392 4695 2627 4735 numero
2664 4693 2790 4735 cum
2823 4676 3052 4741 fuerint,
3085 4683 3145 4730 et
3186 4680 3399 4729 tantum
3442 4673 3622 4743 impe-

2024 4775 2171 4831 rium
2204 4773 2466 4838 rexerint,
2502 4780 2560 4828 et
2593 4779 2673 4827 tot
2715 4770 3087 4826 Barbarorum
3123 4766 3408 4845 audaciam
3441 4764 3623 4837 frege-

2027 4868 2163 4932 rint,
2193 4865 2519 4935 bellicisque
2547 4864 2568 4886 ⁶
2609 4861 2951 4919 facinoribus
2981 4859 3305 4924 claruerint,
3338 4857 3624 4913 manuales

2028 4968 2213 5015 tamen
2239 4956 2487 5029 opiﬁces,
2515 4956 2794 5026 rudesque
2824 4962 2881 5009 et
2907 4952 3311 5031 pauperrimos,
3337 4951 3626 5005 mulieres-

2029 5068 2138 5123 que
2164 5052 2290 5106 lana
2322 5058 2380 5106 et
2410 5049 2518 5104 tela
2551 5048 2763 5104 victum
2805 5045 2913 5101 sibi
2957 5051 3291 5115 quaerentes,
3316 5040 3625 5098 innumeris

1658 5207 1899 5264 VARIE
1939 5206 2351 5264 LECTIONES.

407 5341 458 5378 "
491 5343 820 5420 φρὶάξομεν.
856 5345 1181 5420 φυλάξωμεν
1236 5346 1299 5402 Β.
1352 5348 1447 5420 qui
1517 5365 1643 5405 mox
1670 5348 2058 5420 διελέγξωμεν.

936 5416 951 5471 i
999 5410 1299 5490 tum‘om.
1346 5410 1475 5490 καί.
1591 5421 1636 5452 ⁸⁵
1688 5410 2031 5490 Λυκόιῗρίου.
2089 5410 2622 5490 Λυκίούρίγωνςνοξ
2652 5410 3041 5490 Λυκουργείων
3100 5410 3412 5490 Ῡρτμΐβε
3469 5410 3614 5490 Conj.

331 5415 796 5499 ςρφωτέρουςς.
856 5416 951 5499 qui
998 5415 1299 5499 tumﬂorn.
1346 5415 1459 5474 καί.

2150 5348 2200 5381 ⁵³
2225 5347 2649 5420 Λυκουργείους.
2670 5344 3032 5420 ΔΛυκοιῐργεξδυς
3058 5344 3163 5420 Cl“
3211 5343 3257 5375 “
3281 5343 3613 5420 ⁸σφετέρους.

328 5481 386 5515 ⁵⁸
411 5481 683 5573 τελωνῶν.
710 5487 821 5573 τῶν
856 5481 981 5573 τε).λ
1125 5488 1182 5573 ξ]
1211 5489 1307 5573 τόν
1329 5503 1440 5573 om.
1467 5489 1529 5545 Β.
1604 5490 1651 5523 ⁸⁸
1679 5481 2164 5573 έκεῖνονιζὲκεξίνοςΔ
2190 5489 2254 5552 Β,
2278 5481 2357 5573 CL,
2427 5488 2474 5521 ⁸⁹
2495 5488 2711 5573 ὀυκ-Ἰώ
2742 5486 2804 5541 Β.
2833 5481 2944 5539 om.
2974 5483 3047 5565 (1..
3113 5483 3158 5514 ⁶⁰
3192 5482 3360 5564 ἰδέίιις
3404 5482 3615 5564 χρηςάν

331 5559 907 5660 ρὶενος.“χρησάμεζος
936 5558 1100 5622 ἰδέαις
1125 5558 1187 5615 Β.
1262 5559 1303 5591 ⁸³
1332 5560 1533 5660 νόμων.
1563 5561 1871 5631 νομοθετῶν
1902 5561 1964 5615 Β.
2042 5560 2088 5591 ⁸³
2121 5551 2461 5631 Ἀρμενίους.
2495 5557 2587 5613 Sic
2621 5556 2684 5612 B.
2709 5572 2777 5612 ex
2809 5571 2918 5611 em.
2954 5554 3051 5623 qui
3073 5567 3202 5607 mox
3238 5551 3314 5604 τῶ
3349 5551 3453 5622 pro
3483 5551 3612 5605 τῶν.

345 5648 355 5656 .
406 5642 543 5660 um...
578 5644 640 5660 ε..
665 5644 732 5660 ..υ
784 5646 815 5660 .-
857 5645 885 5660 .ι
916 5627 1080 5660 ...ωηο
1136 5629 1210 5660 ν..
1368 5631 1387 5660 ο
1435 5632 1640 5660 ειη-τη-..
1694 5630 2000 5660 ι.,-ι..,...-ῐ›
2042 5628 2083 5660 ιτ
2226 5631 2270 5660 οι
2301 5630 2477 5660 nam.
2531 5626 2806 5660 ω’...ηηριὶ
2926 5623 2973 5656 u
3002 5603 3492 5660 ὴηπηηηηὲυωρ..
3517 5623 3612 5660 se...

331 5628 389 5699 ἀξ
406 5626 763 5699 νομοθεσίαν.
784 5628 885 5699 τὴν
916 5627 1102 5699 νομοθ.
1136 5629 1235 5685 Va.

1435 5628 1660 5685 ἐκεῖνον.
1694 5631 1937 5694 ἐκείνους
1959 5630 2020 5694 Β,
2042 5628 2109 5687 ε.

2226 5603 3503 5711 {ﬂagrasset'«rgsggagevozg5
3516 5603 3616 5711 g3:

330 5691 638 5784 εξηκᾶτην.
656 5691 1550 5781 ἀσπαζομένοις-ὲπιτεθεικάτην
1572 5700 1635 5762 Β.
1665 5700 1729 5757 C.
1807 5703 1850 5734 ⁸⁷
1882 5691 1975 5755 τδν
2003 5691 2100 5754 τοῦ
2122 5715 2236 5756 om.
2263 5700 2324 5755 B.
2366 5691 2447 5754 "ui
2475 5714 2601 5754 mox
2625 5691 2715 5751 τον
2737 5694 2920 5762 ζυγόν.
2998 5692 3042 5724 ⁸³
3060 5691 3445 5760 δεδειξάμενοι.
3474 5691 3612 5746 δεδι-

333 5771 568 5836 ζαμενοι
599 5768 663 5824 Β.
740 5769 785 5802 ⁶⁹
816 5768 1147 5836 καταλείψω.
1180 5770 1467 5825 καταλίπω
1497 5771 1559 5836 Β,
1583 5772 1648 5826 ν.
1680 5772 1801 5833 Mox
1830 5769 2137 5836 Μαξιμίνον
2165 5770 2292 5828 Urs.
2334 5717 2641 5836 θῖαξιμῖνον
2676 5767 2843 5823 Sirm.
2877 5765 2969 5836 D.A
3019 5761 3445 5836 "°_Aupt)_.).tav0'3
3469 5759 3537 5819 C.

2364 5788 2428 5825 Ἰα

331 5768 568 5891 garriat
599 5768 663 5824 Β.
740 5769 785 5802 ⁸³
816 5768 1147 5841 καταλείψω.
1180 5770 1467 5854 καταλίπω
1497 5771 1559 5837 Β,
1583 5772 1648 5826 ν.
1680 5772 1801 5833 Mox
1830 5769 2137 5839 Μαξιμίνον
2165 5770 2292 5828 Urs.

338 5857 347 5869 ο
473 5837 742 5891 αξεντίου.
771 5837 1106 5891 Μαξεντίνου
1142 5840 1203 5891 Β.
1227 5850 1283 5891 et
1318 5856 1397 5891 src
1434 5841 1498 5891 D.
1531 5843 1624 5891 nui
1663 5857 1774 5891 nm-
1808 5843 1903 5891 καὶ
1949 5840 2255 5891 Μαειιιίνου

338 5837 742 5926 ῖ²¹Μαξεντίοικ
771 5837 1106 5926 Ξαάεντξυου
1227 5841 1397 5926 et‘sic
1512 5843 1624 5926 'gui
1651 5857 1774 5926 _om.
1808 5843 1903 5926 καὶ
1946 5837 2255 5926 Μαξιμίνου

2466 5771 2641 5839 ιμῖνον
2676 5759 2843 5839 sum;
2877 5765 2970 5839 1).Δ
3019 5761 3445 5839 ὀ-Αὐριλλιανοῦ
3469 5759 3537 5819 C.

2385 5833 2725 5897 "'A'zxwiov.
2762 5834 3035 5890 Λικιννίου
3066 5833 3125 5890 Β.
3159 5833 3253 5905 qui
3279 5836 3465 5894 statim
3494 5849 3614 5893 οῐηνι.

332 5908 460 5979 τήν.
494 5908 745 5964 Λυκινίον
770 5908 831 5965 C.
909 5910 954 5942 ⁷⁸
976 5910 1008 5981 ἢ
1034 5913 1200 5983 τρεῖς.
1228 5911 1318 5967 καὶ
1343 5914 1491 5986 τρεῖς
1512 5908 1573 5966 Β.
1651 5915 1695 5947 ⁷⁵
1728 5915 1961 5977 ἁπάσας.
1990 5908 2166 5976 πάσας
2190 5911 2250 5969 Β.
