4066 6426
468 403 618 472 ’1043

475 607 600 662 dico
643 622 709 662 ac
758 608 1051 664 mulieres?
1096 609 1229 663 Nam
1266 623 1336 662 ne
1376 606 1638 679 puerulos
1668 606 1892 678 quidem
1938 608 2053 679 pri~

474 698 580 752 mis
610 699 895 754 elementis
921 699 1169 756 eruditos
1196 700 1265 755 ah
1293 700 1360 755 iis
1387 715 1508 770 quae
1535 699 1604 754 de
1632 700 1745 754 Deo
1769 708 1825 754 et
1859 699 2053 756 Serva-

475 798 592 844 tore
617 799 807 847 nostro
829 790 1135 848 didicerant
1157 793 1485 848 submovere
1510 800 1810 862 potuerunt
1837 811 1847 845 :
1875 803 1930 847 et
1950 794 2053 848 Co-

472 879 765 949 rybantum
814 897 970 937 more
1010 882 1347 938 insanientes
1403 897 1467 938 ac
1515 882 1784 948 lurentes,
1825 883 2052 939 technas

471 972 601 1027 licet
659 980 824 1042 atque
891 974 1133 1031 fallacias
1178 976 1509 1031 adhiberent
1568 974 1909 1038 innumeras,
1970 974 2052 1043 pi-

471 1072 748 1118 scatorum
780 1065 929 1135 leges
952 1080 1062 1119 non
1089 1066 1471 1130 abolevcrunt,
1501 1065 1595 1120 sed
1631 1065 1920 1119 validiores
1949 1079 2050 1134 op-

470 1157 769 1227 pugnando
803 1156 1165 1212 reddiderunt
1214 1176 1227 1212 :
1276 1158 1544 1228 planeque
1588 1156 1697 1211 illis
1742 1155 2053 1227 persimiles

471 1248 685 1302 inventi
717 1257 879 1313 sunt,
916 1250 1010 1319 qui
1046 1250 1317 1321 ﬂammam
1363 1248 1699 1318 restinguere
1735 1247 2051 1318 cupientes,

473 1338 657 1393 oleum
689 1339 1003 1404 infundunt,
1032 1348 1089 1395 et
1111 1339 1577 1395 vehementiorem
1606 1337 1753 1393 illam
1785 1336 2050 1394 eiliciunt.

474 1428 568 1485 Sic
594 1431 740 1485 enim
764 1431 822 1485 bi
842 1447 1084 1502 quoque,
1111 1431 1255 1485 bello
1280 1438 1470 1485 contra
1489 1429 1749 1500 pietatem
1775 1438 2049 1498 suscepto,

474 1520 725 1575 veritatis
768 1520 939 1576 robur
980 1519 1322 1577 manifestius
1368 1519 1733 1574 declararunt.
1766 1517 1845 1573 Ac
1882 1517 2054 1574 veluti

474 1611 753 1680 quondam
780 1611 979 1666 rubum
1003 1612 1156 1666 illum
1183 1611 1327 1682 ignis
1351 1610 1566 1676 urebat,
1597 1626 1709 1665 non
1734 1611 2050 1681 perurebat,

475 1699 549 1754 ita
582 1700 727 1755 bello
761 1703 1033 1772 appetitos
1062 1702 1441 1772 impetentium
1478 1702 1583 1756 tela
1612 1717 1723 1759 non
1762 1717 2055 1758 consume—

473 1792 608 1848 bant
639 1811 652 1846 :
679 1794 815 1862 quin
836 1794 1041 1863 potius,
1071 1794 1213 1848 sicut
1234 1794 1597 1865 lignatoribus
1620 1794 1811 1849 silvam
1844 1792 2054 1851 σπάρη-

1479 410 1969 471 THEODORETI
2008 410 2346 473 EPISCOPI
2384 409 2743 473 CYRENSIS

477 520 560 574 usi
606 519 878 575 machinis
915 519 1139 575 minime
1184 518 1451 573 vicerunt.
1491 517 1635 584 Quid
1681 525 1863 573 autem
1908 518 2054 574 viros

2160 519 2463 572 κατέλυσαν
2513 519 2831 587 ἐκκλησίας.

2118 611 2421 682 ιάρμονίας
2466 611 2739 676 διέλυσαν,
2774 608 2873 680 τὴν
2903 607 2961 662 δὲ
2989 604 3098 661 τῶν
3122 603 3311 676 ψυχῶν
3352 602 3637 661 εὐσέϐειαν
3670 613 3733 662 οὐ

3598 401 3736 470 1044

2905 513 3065 569 Ἀλλὰ
3112 512 3210 575 τὰς
3258 512 3357 582 μὲν
3410 512 3521 569 τῶν
3569 514 3735 571 λίθων

2152 704 2481 759 κατέλυσαν.
2544 703 2738 757 Ὃποῖα
2763 701 2819 756 δὲ
2851 698 3030 773 [κατὰ
3057 696 3497 770 Χριστιανῶνῖπ
3530 700 3634 753 κάν
3665 703 3734 773 τῇ

2165 793 2449 850 Ἰουλιανοῦ
2486 793 2733 865 βασιλείᾳ
2758 792 3088 862 τετόλμηται
3106 791 3185 857 ⁷⁸,
3248 793 3397 847 ῐσασι
3428 789 3526 860 μὲν
3556 793 3607 843 οἱ
3635 808 3735 860 γει

2152 887 2495 957 γηρακότες,
2555 884 2878 956 ἀκηκόαμεν
2924 883 2984 938 δέ
3039 882 3133 936 καὶ
3157 884 3319 952 ἡμεῖς
3355 880 3736 951 διηγουμένων

2152 979 2261 1035 τῶν
2286 978 2385 1048 τὴν
2411 976 2718 1049 τραγῳδίαν
2760 973 3100 1048 [ἐκείνηνιττ
3161 972 3557 1045 ἐορακότων⁷⁸’
3616 972 3735 1025 ἀλλ’

2154 1067 2299 1124 οὗτοι
2332 1070 2593 1132 ἅπαντες,
2628 1067 2873 1121 τοσοῦτοί
2904 1084 2967 1136 γε
2995 1067 3168 1131 ὅντες,
3200 1065 3295 1119 καὶ
3323 1064 3590 1135 τοσαύτην
3617 1063 3735 1117 ίθύ-

2154 1180 2335 1226 νοντες
2357 1163 2402 1195 ’⁷³
2455 1160 2753 1234 βασιλείαν,
2808 1158 2900 1212 καὶ
2942 1157 3211 1211 τοσούτων
3239 1155 3528 1226 βαρϐάρων
3563 1172 3736 1209 κατα-

2153 1254 2415 1317 λύσαντες
2441 1252 2662 1324 θράσος,
2699 1253 2793 1306 καὶ
2819 1248 3089 1320 λαμπρῶς
3118 1251 3177 1303 ἐν
3204 1247 3460 1319 πολέμοις
3487 1248 3739 1319 ἠριστευ-

2160 1347 2316 1411 κότες
2333 1389 2348 1412 ,
2385 1343 2860 1416 ἀποχειροϐιώτων
2894 1342 3200 1410 ἀνθρώπων
3224 1339 3318 1395 καὶ
3338 1340 3617 1410 ἀγροίκων
3641 1340 3740 1392 καὶ

2155 1436 2320 1506 πενίᾳ
2371 1432 2656 1499 ξυζώντων
2675 1433 2720 1465 ⁸ο
2777 1432 2870 1487 καὶ
2903 1430 3179 1500 γυναικῶν
3216 1430 3280 1481 ἐκ
3312 1427 3740 1498 ταλασιουργίας

2155 1526 2530 1599 ποριζομένων
2552 1526 2644 1579 τὸν
2669 1525 2804 1595 βίον,
2832 1524 3053 1594 μυρίαις
3075 1517 3413 1593 χρησάμενοι
3438 1523 3735 1590 μηχαναῖς,

2155 1621 2254 1676 οὐκ
2286 1619 2617 1690 ἐκράτησαν.
2654 1616 2766 1670 Καὶ
2796 1616 2845 1668 τί
2871 1615 3016 1683 λέγω
3047 1613 3244 1682 ἄνδρας
3269 1629 3329 1665 τε
3346 1612 3389 1643 ⁸¹
3424 1612 3519 1664 καὶ
3549 1613 3739 1678 γυναίο

2155 1725 2290 1775 κας;
2320 1707 2443 1761 οὐδέ
2463 1705 2573 1777 γὰρ
2606 1705 2905 1776 μειρακίων
2934 1702 3085 1776 [τῶν]
3105 1706 3151 1743 ι’
3184 1702 3252 1756 τὰ
3279 1703 3471 1773 πρῶτα
3495 1704 3742 1772 στοιχεῖα

2157 1799 2600 1869 πεπαιδευμένων
2628 1796 2727 1860 τὰς
2756 1814 2821 1850 πε
2833 1798 2885 1868 ρὶ
2907 1795 3002 1851 τοῦ
3026 1793 3159 1849 Θεοῦ
3187 1796 3282 1849 καὶ
3306 1796 3556 1864 Σωτῆρος
3579 1793 3741 1865 ἡμῶν

475 1884 654 1949 tibus,
706 1862 881 1940 multo
915 1886 1102 1956 plures
1151 1886 1218 1940 ab
1261 1862 1543 1942 radicibus
1587 1886 1858 1956 pullulant
1917 1884 2053 1939 rami

2162 1862 2788 1960 ὲκϐαλεῖνᾟδυνήθησαν
2814 1862 3002 1954 δόξαςο
3038 1886 3132 1943 καὶ
3156 1862 3619 1958 κορυϐαντιῶντες
3642 1884 3743 1936 καλ⁵

473 1991 641 2045 quam
668 1976 761 2045 qui
801 1976 1122 2031 inciduntur
1153 1995 1164 2030 :
1206 1976 1282 2032 ita
1319 1984 1448 2033 tunc
1474 1993 1713 2047 quoque,
1748 1992 1874 2033 cum
1907 1977 2053 2031 occi-

473 2066 738 2127 derentur
768 2066 1088 2130 Christiani,
1126 2068 1299 2123 multo
1330 2066 1496 2139 93a.
1524 2068 1707 2138 plures
1739 2067 1807 2121 ad
1849 2066 2055 2122 doctri-

474 2172 602 2213 nam
630 2159 1000 2230 evangelicam
1042 2159 1398 2224 accedebant,
1442 2174 1714 2230 cruorque
1760 2158 1852 2213 ille
1885 2171 2055 2213 caeso-

476 2264 624 2312 rum,
645 2248 890 2320 irrigalio
909 2251 1156 2320 qumdam
1173 2259 1295 2306 erat
1311 2251 1735 2322 neophytorum.
1755 2250 2055 2319 Fidcmque

475 2356 539 2397 ea
571 2341 780 2398 faciunt
814 2359 938 2413 qua:
979 2343 1250 2399 videmus.
1281 2343 1501 2399 lnﬁnito
1543 2343 1690 2398 enim
1738 2342 1914 2412 spatio
1941 2341 2056 2411 pri-

474 2447 691 2488 scorum
717 2434 959 2492 ﬁdelium
984 2452 1275 2491 numerum
1305 2436 1577 2491 excedunt
1628 2436 1723 2505 qui
1746 2435 1875 2491 ﬁdei
1898 2435 2057 2492 titulo

474 2540 624 2579 nunc
662 2536 947 2581 ornantur.
985 2526 1267 2597 Siquidem
1311 2526 1551 2583 hostium
1600 2526 1719 2591 ﬁlii,
1765 2535 2055 2596 parentum

475 2614 682 2669 rabiem
710 2616 986 2682 detestati,
1011 2617 1078 2673 ad
1096 2602 1287 2673 eorum
1311 2633 1449 2687 quos
1471 2616 1858 2687 oppugnabant
1877 2626 2054 2672 castra

475 2708 852 2761 transierunt:
885 2716 940 2762 et
969 2715 1312 2763 evanuerunt
1339 2707 1637 2764 Griecanici
1668 2706 1829 2770 ritus,
1855 2706 2059 2776 sempi-

473 2806 753 2869 ternteque
796 2800 1057 2857 oblivioni
1094 2801 1279 2856 traditi
1328 2811 1455 2857 sunt
1490 2818 1502 2855 :
1545 2803 1879 2871 piscatorum
1925 2816 2057 2856 vero

473 2887 726 2943 doctrina
765 2888 1033 2953 cilloruit,
1069 2897 1125 2944 et
1152 2904 1313 2958 quem
1364 2890 1443 2945 illi
1492 2890 1901 2960 prmdicabant,
1937 2891 2058 2945 uni-

473 2993 761 3034 versorum
803 2979 950 3035 Deus
983 2988 1067 3034 est
1104 2980 1345 3045 habitus.
1374 2980 1776 3052 Hominumque
1809 2982 1909 3037 ista
1938 2997 2058 3037 crc-

474 3071 725 3126 dentium
772 3071 946 3141 plente
979 3080 1108 3127 sunt
1153 3071 1354 3137 urbes,
1403 3072 1662 3142 plenique
1709 3082 1837 3130 sunt
1882 3074 2002 3145 pagi
2040 3092 2052 3127 :

2157 1983 2459 2045 λυττῶντες
2513 1981 2852 2052 τεχνάσμασι
2913 1979 3007 2032 καὶ
3054 1979 3351 2047 σοφίσμασι
3403 1974 3741 2046 κεχρημένοι

2162 2075 2378 2147 μυρίοις
2425 2072 2549 2135 τοὺς
2583 2071 2693 2125 τῶν
2723 2068 3008 2149 ἁλιέωνιού
3039 2067 3341 2122 κατέλυσαν
3369 2066 3583 2135 νόμους,
3620 2062 3740 2117 ἀλλ’

2161 2166 2540 2237 ἰσχυροτέρους
2596 2163 2777 2232 πολλῷ
2831 2160 3195 2232 πολεμοῦντες
3250 2159 3536 2228 ἀπέφηναν
3560 2198 3576 2221 ,
3642 2157 3743 2211 καὶ

2157 2257 2397 2328 ἀτεχνῶς
2451 2255 2695 2326 ἐῴκεσαν
2716 2255 2761 2286 ⁸³
2822 2255 2935 2318 τοῖς
2996 2250 3280 2307 σϐεννύναι
3333 2250 3432 2322 μὲν
3490 2250 3741 2303 ἐθέλουσι

2157 2349 2330 2420 φλόγα
2353 2388 2369 2415 ,
2428 2347 2607 2401 ἔλαιον
2635 2345 2692 2403 δὲ
2724 2344 2898 2416 ταύτῃ
2926 2343 3290 2414 προσφέρουσι
3309 2342 3355 2373 ⁸⁵
3388 2341 3483 2394 καὶ
3507 2340 3741 2411 σφοδρο-

2156 2439 2320 2510 τέραν
2347 2434 2759 2506 ἐργαζομένοις.
2795 2434 2905 2485 Καὶ
2928 2432 3035 2502 γὰρ
3061 2431 3124 2502 δὴ
3159 2431 3253 2484 καὶ
3280 2424 3429 2484 οὗτοι
3476 2428 3553 2499 τῷ
3594 2428 3743 2481 κατὰ

2156 2532 2257 2601 τῆς
2300 2527 2580 2590 εὐσεϐείας
2612 2525 2835 2595 πολέμῳ
2864 2522 3168 2593 κατάδηλον
3193 2522 3236 2553 ⁸⁸
3282 2521 3606 2589 εἰργάσαντο
3637 2519 3742 2588 τῆς

2156 2620 2414 2694 ἀληθείας
2458 2620 2518 2673 τὸ
2550 2618 2772 2690 κράτος.
2831 2617 2942 2671 Καὶ
2969 2614 3220 2683 καθάπερ
3246 2612 3413 2668 πάλαι
3446 2611 3544 2683 τὴν
3575 2610 3740 2679 βάτον

2157 2715 2373 2784 ἐκείνην
2392 2714 2437 2744 ³⁸
2498 2714 2651 2765 καῖον
2699 2709 2759 2763 τὸ
2805 2707 2918 2779 πῦρ
2959 2707 3019 2760 οὐ
3056 2705 3371 2769 κατέκαιεν,
3409 2701 3580 2759 οὕτως
3610 2700 3742 2763 τοὺς

2157 2804 2600 2875 πολεμουμένους
2653 2801 2723 2855 τὰ
2770 2799 2878 2853 τῶν
2928 2797 3306 2868 πολεμούντων
3346 2797 3446 2849 οὐκ
3478 2793 3740 2863 ἀνήλισκε

2160 2897 2311 2968 βέλη.
2361 2894 2502 2948 Ἀλλ’
2529 2894 2720 2962 ῶσπερ
2751 2890 2862 2944 τῶν
2893 2889 3175 2959 δρυτόμων
3204 2887 3274 2941 τὰ
3297 2887 3490 2957 δένδρα
3514 2883 3743 2954 τεμνόνη

2158 3004 2267 3041 των
2283 2984 2328 3017 ⁸⁷
2366 2984 2546 3054 πολλῷ
2575 2984 2796 3046 πλείους
2831 2982 2939 3035 τῶν
2967 2980 3316 3052 τεμνομένων
3344 2981 3407 3033 ἐκ
3433 2977 3539 3030 τῶν
3568 2973 3742 3047 ῥιζῶν

2160 3078 2513 3150 παραφυάδες
2549 3076 2960 3148 βλαστάνουσιν,
3002 3071 3143 3126 οὓτω
3181 3070 3246 3141 δὴ
3290 3068 3595 3141 τηνικαῦτα
3627 3065 3743 3119 τῶν

472 3161 635 3220 liberi
659 3162 823 3217 etiam
848 3162 917 3219 ab
940 3178 1127 3220 errore
1150 3171 1385 3219 montes.
1408 3164 1513 3220 Pro
1540 3165 1649 3221 aris
1696 3166 1843 3220 enim
1870 3166 1976 3221 illis
2000 3173 2054 3222 et

2159 3168 2397 3224 εὐσεϐῶν
2426 3166 2834 3238 ἀναιρουμένων
2860 3163 3249 3218 πολλαπλάσιοι
3277 3164 3342 3232 τῇ
3368 3161 3477 3214 τῶν
3503 3159 3745 3226 Εὐαγγέ-

474 3260 662 3307 vetere
679 3253 1000 3323 impostura,
1020 3255 1412 3311 monachorum
1438 3256 1492 3311 in
1511 3257 1596 3313 his
1615 3256 1860 3313 habitant
1877 3257 2051 3323 chori,

2159 3262 2287 3316 λίων
2313 3258 2632 3327 διδασκαλίᾳ
2662 3256 2969 3329 προσῄεσαν
2984 3255 3030 3287 ⁸⁸
3055 3296 3070 3320 ,
3138 3255 3234 3308 καί
3262 3254 3321 3315 τὸ
3350 3246 3489 3317 αἷμα
3510 3249 3620 3303 τῶν
3646 3250 3744 3302 ἐκο

474 3342 811 3398 Cruciﬂxum
848 3344 1151 3411 laudantes,
1179 3346 1407 3417 ejusque
1438 3347 1675 3412 Patrem,
1706 3359 1761 3405 et
1791 3348 2054 3419 Spiritum

2160 3351 2478 3423 τμηθέντων
2526 3349 2776 3419 ἁρδεία⁸⁹
2839 3350 2951 3411 τοῖς
3005 3346 3281 3414 νεοφύτοις
3313 3344 3578 3418 ἐγίγνετο.
3630 3340 3745 3393 Ka‘t

476 3441 747 3488 sanctum.
2169 3442 2437 3513 μαρτυρεῖ
2463 3439 2531 3492 τὰ
2554 3438 2836 3508 ὁρώμεναο
2892 3434 3274 3507 μυριοπλάσιοι
3297 3431 3405 3505 γὰρ
3432 3429 3542 3483 τῶν
3573 3426 3744 3480 πάλαι

476 3527 928 3594 πεπιστευκότων
956 3528 1005 3580 oi
1036 3527 1131 3583 νῦν
1174 3529 1252 3603 τῷ
1317 3530 1416 3600 τῆς
1482 3529 1721 3594 πίστεως
1776 3532 2001 3603 ὀνόματι
2062 3532 2470 3602 καλλυνόμενοι.
2534 3530 2655 3583 Τῶν
2697 3528 2808 3598 γὰρ
2861 3525 3135 3597 πολεμίων
3173 3527 3222 3578 οἱ
3250 3524 3458 3586 παῖδες,
3506 3519 3606 3591 τὴν
3631 3518 3751 3571 τῶν

478 3617 734 3688 πατέρων
792 3618 1176 3691 βδελυξάμενοι
1230 3619 1463 3685 λύτταν,
1515 3622 1596 3683 εἰς
1625 3622 1725 3693 τὴν
1756 3621 1865 3675 τῶν
1924 3624 2348 3694 πολεμουμένων
2396 3620 2702 3693 μετέϐησαν
2744 3619 3028 3688 φάλαγγα*
3088 3617 3181 3670 καὶ
3245 3614 3450 3685 φροῦδα
3510 3612 3611 3683 μὲν
3671 3610 3745 3666 τὰ

479 3708 589 3761 τῶν
630 3708 935 3778 Ἑλλήνων,
988 3711 1081 3765 καὶ
1114 3712 1367 3765 παντελεῖ
1392 3712 1753 3780 παραδέδοται
1776 3713 1938 3786 λήθῃ,
1972 3714 2163 3786 τέθηλε
2189 3716 2247 3769 δὲ
2296 3713 2364 3768 τὰ
2418 3713 2527 3765 τῶν
2589 3710 2787 3763 ἁλιέων
2815 3751 2831 3777 ,
2888 3710 2983 3763 καὶ
3007 3711 3035 3762 ὁ
3096 3706 3245 3778 παρὰ
3302 3706 3507 3760 τούτων
3535 3719 3746 3774 κηρυτ-

478 3798 705 3870 τόμενος
753 3797 887 3861 Θεὸς
909 3794 1179 3855 εἶναιτῶν
1204 3802 1341 3856 ὅλων
1374 3803 1755 3862 πεπίστευται,
1808 3808 1918 3861 Καὶ
1943 3809 2053 3861 τῶν
2092 3807 2263 3860 ταῦτα
2286 3805 2439 3879 [128]
2474 3803 2815 3874 φρονούντων
2877 3800 3228 3882 πλήρεις-μὲν
3263 3799 3319 3851 οιῑ
3384 3796 3591 3861 πόλεις,
3613 3796 3749 3868 πλή-

483 3907 599 3961 ρεις
624 3890 680 3943 δὲ
713 3891 768 3942 αἱ
800 3889 1026 3959 κῶμαι,
1087 3890 1348 3959 ἐλεύθερα
1384 3892 1439 3946 δὲ
1491 3891 1584 3948 τοῦ
1641 3895 1843 3950 πλάνου
1874 3897 1942 3950 τὰ
2002 3896 2125 3969 ὅρη.
2177 3898 2321 3950 Ἀντὶ
2340 3897 2449 3967 γὰρ
2480 3894 2587 3947 τῶν
2616 3892 2816 3963 βωμῶν
2844 3891 3069 3944 ἐκείνων
3107 3889 3203 3942 καὶ
3240 3889 3339 3958 τῆς
3379 3887 3618 3949 παλαιᾶς
3657 3886 3748 3951 ἐξ-

479 3983 698 4053 απάτης
728 3984 777 4035 οί
824 3981 932 4035 τῶν
980 3982 1236 4049 ἀσκητῶν
1266 3984 1436 4040 ταῦτα
1483 3985 1692 4043 οἰκοῦσι
1734 3989 1917 4061 χοροὶ,
1965 3989 2056 4043 τὸν
2108 3985 2554 4059 Ἐσταυρωμένον
2583 3984 2900 4058 ὑμνοῦντες,
2947 3983 3042 4037 καὶ
3100 3982 3190 4035 τὸν
3220 3980 3429 4035 ἐκείνου
3496 3978 3743 4049 Πατέρα,

480 4078 578 4131 καὶ
609 4078 671 4130 τὸ
700 4078 966 4150 πανάγιον
985 4082 1029 4113 ⁹⁰
1061 4079 1307 4150 Πνεῦμα.

554 4175 711 4243 Quod
744 4176 790 4231 si
824 4177 948 4247 quis
979 4177 1261 4233 existimat
1295 4176 1459 4233 ﬁdem
1490 4178 1860 4236 Christianam
1890 4180 2062 4253 impe—

480 4276 728 4323 ratorum
774 4267 945 4322 robur
990 4269 1324 4339 piscatorum
1358 4269 1709 4340 dogmatibus
1742 4270 2021 4327 addidisse
2043 4313 2058 4339 ,

478 4358 565 4413 vel
601 4358 709 4413 hoc
755 4356 873 4428 ipso
917 4368 1122 4429 quanta
1162 4359 1477 4431 dogmatum
1526 4361 1744 4417 illorum
1780 4363 1863 4418 vis
1895 4364 2063 4421 fuerit

478 4453 742 4510 ostendit.
772 4454 961 4525 Neque
986 4456 1135 4511 enim
1164 4463 1222 4510 et
1242 4455 1498 4524 antiquas
1519 4455 1689 4527 leges,
1712 4466 1767 4511 et
1792 4458 2054 4529 majorum

2164 4453 2229 4509 ἂν
2259 4453 2355 4507 καὶ
2384 4452 2566 4522 νόμων
2601 4449 2847 4507 παλαιῶν
2875 4448 3311 4518 κατεφρόνησαν,
3345 4445 3437 4496 καὶ
3462 4442 3750 4512 ξυγγραμ-

478 4545 686 4613 scripta
709 4557 1085 4609 monumenta,
1112 4554 1169 4608 et
1192 4545 1438 4603 inclitam
1465 4547 1942 4611 consuetudinem,
1969 4550 1982 4567 ‘
2007 4557 2054 4603 et

2168 4545 2354 4614 μάτων
2403 4544 2679 4615 ἀρχαίων,
2739 4541 2832 4595 καὶ
2874 4540 3029 4602 ἔθους
3074 4536 3310 4611 μακροῦ,
3348 4536 3442 4589 καὶ
3475 4532 3751 4604 πατρῴων

481 4635 659 4706 patria
688 4636 936 4692 instituta
981 4635 1463 4704 contempsissent,
1494 4636 1600 4691 nisi
1633 4635 1849 4691 illorum
1883 4637 2054 4693 admi-

2166 4635 2533 4706 δογμάτων⁹³,
2566 4636 2615 4689 εί
2642 4634 2718 4703 μὴ
2742 4632 2849 4686 τῶν
2876 4632 2973 4703 μὲν
2998 4631 3313 4700 ἐθαύμασαν
3339 4626 3438 4699 τὴν
3464 4625 3747 4695 ἀλήθειαν,

484 4725 590 4781 rati
611 4734 796 4781 essent
817 4725 1129 4789 veritatem,
1145 4732 1202 4777 et
1224 4739 1354 4795 erga
1381 4723 1609 4781 istorum
1639 4725 1854 4781 fabulas
1874 4726 2054 4781 odium

2163 4726 2273 4783 τῶν
2300 4727 2357 4779 δὲ
2387 4726 2448 4779 τὸ
2483 4724 2726 4796 μυθῶδες
2749 4723 3040 4794 ἐμίσησαν.
3099 4721 3164 4774 Τί
3194 4721 3395 4790 δήποτε
3420 4718 3476 4771 δέ
3513 4717 3587 4788 μὴ
3618 4718 3751 4782 τοὺς

485 4810 889 4886 concepissent:
940 4814 1052 4870 Cur
1099 4824 1285 4869 autem
1336 4816 1604 4869 memoria
1658 4831 1769 4871 non
1817 4816 2054 4885 repetitis

2167 4818 2432 4881 παλαιοὺς
2483 4818 2583 4887 τῆς
2625 4816 2950 4887 Ἐκκλησίας
2971 4815 3018 4848 ⁸⁸
3062 4812 3381 4883 ἐνθυμεῖσθε
3436 4811 3749 4880 πολέμους;

485 4907 639 4963 illata
663 4908 923 4963 Ecclesiae
954 4905 1130 4960 bella?
1154 4906 1285 4961 Inde
1311 4906 1456 4962 enim
1479 4906 1725 4979 profecto
1743 4907 2054 4977 opinionem

2167 4909 2412 4973 εὐπετῶς
2454 4910 2562 4983 γὰρ
2616 4909 2760 4980 μάλα
2788 4909 2995 4977 ταύτην
3025 4906 3309 4963 διαλύσετε
3327 4903 3372 4936 ⁸⁸
3424 4903 3494 4956 δι’⁸
3521 4901 3757 4955 ἐκείνων

482 5001 644 5061 istam
674 4999 832 5057 facile
861 4997 1104 5057 diluetis.
1150 4997 1208 5059 Si
1236 5000 1383 5063 enim
1427 5008 1505 5057 tot
1535 5000 1781 5071 tantique
1824 5001 2054 5071 impera-

2168 4999 2267 5072 τὴν
2294 5000 2469 5068 δόξαν.
2532 5001 2597 5059 Εἰ
2621 5000 2729 5071 γὰρ
2762 4998 3006 5054 τοσοῦτοι
3043 4995 3284 5068 βασιλεῖς
3318 4993 3414 5050 καὶ
3442 4991 3754 5065 τηλικοῦτοι

2233 4180 2297 4234 Ei
2341 4177 2398 4231 δέ
2440 4194 2526 4240 τις
2579 4174 2847 4246 ὑπείληφε
2902 4173 2999 4244 τὴν
3029 4173 3140 4225 τῶν
3164 4167 3432 4242 βασιλέων
3457 4165 3747 4220 εὐσέϐειαν

2163 4269 2428 4342 κρατῦναι
2460 4268 2568 4321 τῶν
2599 4268 2793 4322 ἁλιέων
2826 4265 2894 4319 τὰ
2926 4265 3193 4336 δόγματα,
3242 4260 3337 4315 καὶ
3360 4259 3594 4332 ταύτῃ⁹¹
3644 4258 3748 4311 δεί-

2164 4378 2323 4415 κνυσι
2375 4361 2472 4432 τὴν
2493 4362 2539 4395 ”
2595 4358 2825 4413 τουτωνὶ
2865 4357 2974 4412 τῶν
3006 4356 3289 4426 δογμάτων
3318 4350 3494 4421 ίσχύν.
3531 4350 3603 4402 Οὐ
3634 4349 3748 4420 γὰρ

1784 5154 2019 5210 VARle
2058 5155 2466 5214 LECTIONES.

1527 5273 1572 5307 ⁷⁸
1598 5272 1921 5326 τετόλμηται
1990 5270 2253 5326 βασιλεία.
2313 5271 2555 5326 ϐασιλεία
2608 5271 2933 5326 τετόλμηται
2966 5270 3027 5325 Β.
3131 5269 3177 5301 ⁷⁷
3214 5267 3473 5326 [ἐκείνην]
3530 5282 3640 5321 om.
3683 5267 3750 5326 Β.

1527 5273 1572 5307 ⁷ο
1598 5272 1921 5342 τετόλμηται
1989 5270 2253 5344 βασιλείᾳ.
2312 5271 2555 5341 βασιλείᾳ
2608 5271 2933 5342 τετόλμηται
2966 5270 3027 5325 Β.
3131 5269 3177 5301 ⁷⁷
3214 5265 3473 5339 [ἐκείνην]
3530 5282 3640 5321 om.
3683 5267 3750 5326 Β.

1453 5340 1826 5429 Ζέ.ε⁰ξ³“<αγτεξ.ο
1869 5342 2139 5429 minus“
2163 5341 2223 5429 Βτ
2252 5341 2340 5429 σο,
2486 5341 2787 5429 Mima-
2817 5339 3231 5429 Wii‘ﬁvilla;
3243 5336 3626 5429 935933533”:
3638 5338 3750 5429 νέξο

486 5406 753 5480 ξυζόντων
783 5413 843 5468 C.
936 5414 978 5447 ⁸³
1001 5406 1062 5467 ’τε
1098 5430 1208 5468 om.
1244 5413 1305 5467 Β.
1383 5409 1603 5482 ⁸⁸[τῶν]
1629 5426 1739 5470 om.
1775 5413 1834 5466 Β.
1924 5413 1969 5446 ⁸³
1996 5411 2280 5464 ὲὼκεισαν.
2325 5410 2566 5465 ἐὼκεσαν
2595 5412 2653 5465 Β.
2730 5411 2777 5443 ⁸⁸
2808 5411 3156 5481 προσρέουσι.
3193 5406 3560 5477 προσφέρουσι
3584 5406 3647 5467 Β.
3676 5407 3748 5464 ν.

486 5483 843 5532 τεοοσοένουσι
863 5483 925 5532 C.
951 5484 1066 5532 Hoc
1104 5491 1289 5532 tinetur
1309 5482 1733 5532 Svlbureiamim
1756 5482 2167 5532 προσβαίνουσι.
2199 5482 2334 5532 αὐτῆ
2362 5482 2446 5532 Vh
2471 5498 2575 5532 ore
2600 5481 2792 5532 ταύτη.
2898 5480 2943 5513 ⁸⁵
2975 5478 3325 5532 κατάλληλον.
3357 5476 3659 5532 κατάδηλον
3679 5477 3748 5532 Β.

483 5483 843 5556 προσρένουσι
863 5483 925 5540 C.
951 5484 1066 5539 Hoc
1104 5491 1289 5539 tuetur
1309 5481 1733 5554 Sylburgiannm
1756 5482 2167 5552 προσραίνουσι.
2199 5482 2334 5549 αὐτῇ
2362 5482 2446 5536 Vb
2471 5498 2575 5550 pro
2600 5481 2792 5552 ταύτῃ.
2898 5481 2943 5513 ⁸⁵
2975 5481 3325 5543 κατάλληλον.
3357 5481 3659 5545 κατάδηλον
3679 5481 3748 5535 Β.

480 5554 530 5587 ⁸⁸
580 5554 676 5624 τὴν
744 5555 904 5624 βάτον
940 5555 1176 5623 ἐκείνην.
1223 5554 1315 5605 τὸν
1376 5552 1536 5624 βάτον
1588 5553 1793 5624 ἐκεξξον
1832 5551 1892 5605 Β.
1932 5558 1990 5624 et
2038 5551 2212 5624 sic-ni
2254 5552 2569 5624 fallorAVaa
2619 5552 2679 5624 A‘”
2714 5552 3040 5624 τεμνόντων.
3074 5546 3431 5624 τεμήόντωνΒ.
3507 5546 3581 5624 ,⁸⁸
3606 5564 3749 5624 προ-

488 5616 714 5695 σῄεσαν.
744 5616 1037 5695 προσίεσαν
1059 5616 1122 5695 βξ
1146 5624 1268 5695 Mox
1297 5616 1635 5695 κτὰνθέντων
1669 5621 1751 5695 νι)
1801 5636 1903 5695 pro
1930 5620 2333 5695 ἐκτμηθέντων.
2411 5621 2687 5695 ⁸⁸ῌᾴρδείᾳ..
2712 5616 2930 5695 ᾁνδρεία
3086 5620 3135 5695 εξ
3162 5617 3337 5695 ἅγιον.
3379 5616 3747 5695 π-ανάγιονςΒ,

488 5639 714 5692 σηεσαν.
745 5641 1037 5695 προσιεσαν
1059 5639 1122 5681 υ.
1148 5639 1268 5678 MO!
1297 5639 1635 5675 κτανυεντιον
1677 5639 1751 5675 Vt)
1801 5639 1903 5690 pro)
1930 5639 2333 5723 εκτμηυεντων.
2411 5639 2459 5659 ’³⁷
2477 5639 2687 5690 αροεια.
2712 5639 2930 5688 ανορεια
2949 5639 3010 5675 ιι.
3089 5639 3134 5655 "'
3162 5639 3337 5684 αγιον.
3379 5639 3648 5683 παναγῑον
3680 5639 3747 5685 Β,

481 5692 582 5746 Va.
627 5694 950 5771 ..θη-ταύτῃ⁸
985 5693 1236 5771 ταῦταΒ.
1297 5764 1310 5771 _
1333 5694 1378 5726 ”
1396 5690 1772 5771 .t'hvmeC.‘
1805 5690 1855 5727 “
1884 5707 2128 5771 πατρ.ων
2150 5690 2763 5771 δογμάτων-[άρχαρονῖ.
2786 5689 3080 5771 πατρωίων
3100 5686 3464 5771 δογμάτωνὲ
3498 5688 3751 5771 ἀρχαίων
3796 5752 3809 5771 ο

486 5773 599 5817 om.
627 5761 772 5822 B,C.
874 5753 930 5796 ’δ’
951 5763 1255 5828 εὐσεϐείας.
1294 5753 1590 5830 ἐκκλησίας
1629 5760 1693 5823 Β,
1732 5759 1795 5817 C.
1826 5753 2041 5828 contra,
2098 5753 2263 5825 mox";
2296 5753 2580 5826 εὐσεϐείᾶ
2622 5761 2664 5816 C
2710 5753 2811 5834 pro
2852 5753 3374 5836 ἐκκλησιαςξῧυρῑθ
3398 5755 3444 5812 C
3471 5753 3605 5815 om:
3641 5758 3745 5834 μή,

492 5828 537 5864 ⁸⁸
559 5828 853 5887 διαλύσετε.
893 5831 1134 5886 διαλύετε
1166 5830 1225 5887 C.
1262 5841 1317 5887 et
1348 5847 1473 5886 mox
1503 5831 1550 5884 οῖ
1583 5833 1712 5887 γάρ.

591 5844 853 5889 ιαλυσετε.
893 5844 1134 5886 διαλύετε
1166 5844 1225 5887 U.
1262 5844 1317 5887 et
1348 5847 1473 5886 mox
1503 5844 1550 5884 ot
1583 5844 1712 5901 γάρ,

555 5274 603 5305 ⁷³
634 5273 775 5326 κατὰ
823 5273 1162 5343 Χριστιανῶν
1213 5290 1324 5331 om.
1370 5275 1429 5331 Β.

483 5345 532 5376 ’⁷⁸
566 5343 906 5413 ἑωρακότων.
940 5344 1242 5413 ἑορακότων
1290 5344 1350 5397 Β.
