4066 6414
359 345 499 412 ι’)ιδ

1031 346 1475 410 θΗιΕΟᾹΒυΜ
1513 344 1815 406 AFFECT.
1852 344 1944 405 CU

2044 345 2418 408 .TIO.-IX.
2463 350 2561 410 DE
2599 351 2945 412 LEGIBUS.

3495 350 3635 413 1016

360 462 503 519 κατά
537 461 638 532 τῆς
678 460 1010 533 Ἐκκλησίας
1060 460 1226 516 παντὶ
1257 461 1433 515 σθένει
1470 459 1940 531 παραταξάμενοι,

2050 467 2218 525 tores,
2248 465 2397 518 omni
2424 465 2779 522 contentione
2814 476 3005 522 contra
3045 465 3345 523 Ecclesium
3376 482 3630 539 pugnan-

356 557 454 610 καὶ
524 554 774 626 μηχανὰς
840 554 1305 628 προσενεγκόντες
1366 552 1716 615 παντοδαπάς
1740 590 1754 614 ,
1821 550 1943 603 οὐδὲ

358 647 566 720 βραχὺν
594 648 713 710 τοῖς
739 645 945 717 ταύτης
979 646 1292 717 περιϐόλοις
1316 643 1706 717 ἐνειργάσαντο
1728 643 1938 705 κλόνον,

355 738 567 810 ὴλίθιος
613 738 724 811 ἄρα
772 738 870 792 καὶ
912 738 1195 802 παντελῶς
1226 736 1538 808 ἔμπληκτος
1556 737 1604 769 ⁸⁸
1636 738 1664 789 ὁ
1694 735 1769 806 μὴ
1792 733 1943 788 θείαν

357 832 762 902 ὑπολαμϐάνων
790 830 899 884 τῶν
926 831 1123 885 ἁλιέων
1153 831 1254 901 τὴν
1280 829 1529 899 δύναμιν,
1561 828 1675 881 ἀλλ’
1699 830 1762 881 ἐκ
1792 827 1945 898 βασι-

355 924 515 992 λικῆς
545 921 751 994 ταύτην
782 920 1048 994 ηὐξῆσθαι
1076 920 1450 984 δυναστείας⁹⁷
1470 921 1727 991 νομίζων.
1750 920 1866 972 Ἵνα
1886 918 1943 972 δὲ

355 1016 517 1070 τοῦτο
569 1016 701 1087 ὑμῖν
754 1014 1111 1085 ἐκδηλότερον
1141 1012 1393 1084 γένηται,
1433 1011 1501 1066 τὰ
1536 1011 1689 1082 παρὰ
1716 1009 1943 1081 Περσῶν

355 1106 453 1163 νῦν
498 1107 825 1178 τολμώμενα
863 1107 910 1138 ⁸⁸
943 1105 1314 1174 καταμάθετε.
1352 1103 1510 1157 Ποῖον
1542 1103 1651 1175 γάρ
1684 1120 1766 1155 τοι
1801 1098 1944 1166 εἶδος

360 1199 580 1270 σφαγῆς
630 1197 772 1252 κατὰ
825 1196 934 1250 τῶν
986 1194 1416 1250 εὐσεϐούντων⁹⁶
1470 1196 1570 1248 οὑκ
1599 1193 1943 1264 ἐπινενόηται

357 1290 601 1354 τούτοις;
629 1290 729 1343 οὑκ
757 1289 1001 1361 ἐκδοραὶ,
1028 1289 1128 1341 οὑκ
1150 1288 1382 1359 ἐκτομαὶ
1406 1287 1607 1358 χειρῶν
1629 1287 1723 1340 καὶ
1744 1285 1940 1351 ποδῶν,

360 1381 457 1434 καὶ
510 1380 665 1434 ὤτων
722 1381 815 1435 καὶ
845 1380 1010 1452 ῥινῶν
1039 1379 1395 1444 κολοσὼσεις,
1464 1380 1558 1433 καὶ
1585 1378 1773 1449 δεσμοὶ
1807 1376 1944 1451 πρὸς

362 1471 671 1543 ὑπερϐολὴν
706 1471 901 1543 ὀδύνης
935 1470 1300 1543 ἐξηυρημὲνοι
1321 1473 1361 1534 ¹,
1404 1471 1497 1524 καὶ
1532 1471 1819 1542 ὀρύγματα
1849 1487 1942 1523 κε-

357 1563 632 1633 χρισμένα
664 1563 763 1633 μὲν
778 1564 859 1626 είς
886 1562 1199 1632 ἀκρίϐειαν,
1233 1561 1386 1633 μυῶν
1404 1562 1424 1592 ¹
1449 1562 1506 1615 δὲ
1528 1560 1637 1615 τῶν
1671 1561 1943 1632 μεγίστων

356 1652 609 1706 ἀνάπλεα
632 1653 760 1716 τοὺς
781 1652 1098 1723 δεδεμένους
1116 1653 1136 1684 ³
1163 1651 1597 1722 θοιναζομένωνς
1629 1650 1770 1704 Ἀλλ’
1793 1651 1945 1721 ὅμως

354 1745 628 1809 τοσαύτας
660 1745 757 1799 καὶ
788 1744 996 1798 τούτων
1025 1744 1437 1808 πολλαπλασίας
1465 1743 1488 1776 ⁴
1521 1742 1664 1798 κατὰ
1705 1741 1817 1796 τῶν
1853 1742 1944 1796 εὑ-

356 1836 661 1891 σεόούντων
704 1837 978 1911 τιμωρίας
1023 1837 1426 1911 ἐξηυρηκὸτες,
1479 1834 1784 1899 αἰκίζονται
1846 1834 1945 1904 μὲν

356 1929 454 1984 καὶ
507 1929 789 1983 κολοϐοῦσι
818 1930 890 1984 τὰ
917 1928 1167 2001 σώματα,
1223 1931 1317 1983 καὶ
1350 1931 1668 1983 παντάπασι
1694 1928 1944 2001 διαφθεί-

356 2035 514 2093 ρουσι
533 2060 548 2084 ,
604 2020 694 2074 τὸν
722 2020 777 2074 δέ
808 2037 871 2090 γε
897 2022 997 2090 τῆς
1022 2022 1261 2085 πίστεως
1294 2021 1355 2074 οὑ
1379 2021 1707 2093 λῃστεύουσι
1733 2019 1944 2091 θησαυ-

359 2113 474 2184 ρόν.
508 2115 617 2167 Καὶ
642 2117 756 2179 τοῖς
789 2115 886 2184 μὲν
913 2114 1096 2180 ἄλλοις
1120 2114 1298 2168 αὐτῶν
1326 2114 1514 2185 νόμοις
1542 2116 1791 2180 ἅπαντας
1813 2116 1946 2169 ὑπο-

355 2203 589 2258 κύπτειν
640 2206 767 2269 τοὺς
798 2207 1113 2277 ὑπηκόους⁸
1147 2207 1660 2276 καταναγκάζουσι,
1716 2210 1841 2271 τοὺς
1886 2208 1943 2261 δὲ

354 2295 467 2348 τῶν
488 2295 686 2350 ἁλιέων
719 2295 1088 2367 ἐξαρνηθῆναι
1118 2297 1244 2361 τοὺς
1268 2298 1703 2361 πεπιστευκότας
1733 2299 1795 2352 οὑ
1825 2298 1945 2351 πεί-

355 2387 543 2440 θουσιν
563 2404 579 2420 ο
634 2387 770 2442 ἀλλὰ
797 2388 938 2441 κατὰ
965 2388 1092 2452 τοὺς
1117 2388 1360 2461 Ζαράδου
1397 2389 1563 2444 πάλαι
1600 2391 1809 2462 Πέρσαι
1842 2407 1943 2443 πο-

352 2480 695 2550 λιτευόμενοι
750 2483 992 2551 νόμους,
1054 2481 1151 2535 καὶ
1206 2482 1489 2553 μητράσι⁶
1549 2482 1642 2535 καὶ
1686 2483 1945 2550 ἀδελφαῖς

352 2571 531 2635 ἀδεῶς
565 2573 660 2625 καὶ
697 2571 880 2644 μέντοι
912 2572 1007 2626 καὶ
1029 2572 1335 2645 θυγατράσι
1369 2573 1712 2644 μιγνύμενοι,
1747 2575 1840 2628 καὶ
1862 2573 1946 2626 ἔν-

353 2681 522 2736 νομον
543 2665 566 2696 ⁷
598 2664 697 2736 τὴν
731 2665 1077 2736 παρανομίαν
1109 2665 1447 2736 νομίζοντες,
1489 2665 1678 2738 ἐπειδὴ
1705 2665 1806 2736 τῆς
1835 2664 1945 2720 τῶν

353 2755 554 2811 ἀλιέων
604 2756 924 2827 νομοθεσίας
968 2758 1282 2827 ἐπήκουσαν
1301 2756 1345 2822 ⁸,
1403 2757 1533 2820 τοὺς
1562 2758 1660 2829 μὲν
1699 2758 1943 2829 Ζαράδου

354 2847 555 2918 νόμους
578 2848 654 2911 ὡς
675 2848 1025 2920 παρανομίαν
1047 2848 1349 2918 ἐπάτησαν,
1376 2850 1477 2920 τὴν
1500 2850 1864 2922 εὑαγγελικὴν
1889 2850 1946 2904 δὲ

356 2942 716 3015 σωφροσύνην
761 2943 1087 3013 ἠγάπησαν*
1145 2943 1241 2997 καὶ
1273 2944 1399 2997 κυσὶ
1447 2946 1545 2999 καὶ¹
1573 2948 1784 3011 οἰωνοῖς
1818 2947 1947 3011 τοὺς

353 3033 591 3104 νεκροὺς
623 3032 977 3105 προτιθέναι⁹
1010 3035 1142 3108 παρ’
1171 3035 1382 3088 ἐκείνου
1414 3034 1816 3107 μεμαθηκότες,
1850 3038 1947 3091 νῦν

351 3123 518 3178 τοῦτο
546 3125 681 3198 δρᾷν
729 3126 781 3178 οἱ
808 3125 1203 3190 πιστεύσαντες
1225 3127 1268 3159 ¹⁰
1326 3126 1426 3180 οὑκ
1451 3126 1754 3198 ἀνέχονται,
1808 3128 1945 3183 ἀλλὰ

352 3221 424 3292 τῇ
471 3221 541 3290 γῇ
578 3218 1058 3291 κατακρύπτουσι,
1122 3223 1215 3275 καὶ
1247 3220 1355 3275 τῶν
1383 3219 1545 3274 τοῦτο
1565 3221 1700 3293 δρᾷν
1733 3224 1944 3289 ἀπαγο-

356 3307 631 3380 ρευόντων
664 3310 725 3363 οὑ
752 3308 1104 3381 φροντίζουσι
1131 3310 1335 3381 νόμων,
1367 3312 1491 3365 οὐδὲ
1518 3312 1821 3383 πεφρίκασι
1847 3312 1946 3384 τὴν

351 3398 466 3451 τῶν
499 3398 841 3463 κολαζόντων
874 3398 1137 3471 ὠμότητα
1159 3412 1173 3428 ’
1209 3400 1373 3454 πλέον
1401 3402 1511 3473 γάρ
1542 3418 1644 3455 που
1675 3402 1945 3455 δεδοίκασι

350 3491 419 3545 τὸ
475 3490 568 3545 τοῦ
617 3490 855 3562 Χριστοῦ
906 3493 1356 3564 δικαστήριον¹¹,
1415 3494 1511 3547 καὶ
1566 3493 1635 3547 τὰ
1688 3491 1944 3565 ὁρώμενα

350 3580 630 3651 γελῶντες
676 3583 1087 3653 ὀνειροπολοῦσι
1118 3585 1186 3637 τὰ
1224 3585 1297 3655 μὴ
1332 3585 1638 3653 φαινόμενα
1659 3627 1674 3651 ,
1712 3584 1809 3639 καὶ
1838 3584 1946 3638 δει-

354 3674 635 3746 μαίνουσι.
669 3675 777 3728 Καὶ
803 3675 992 3729 τούσδε
1020 3677 1146 3741 τοὺς
1171 3678 1374 3747 νόμους
1401 3674 1549 3749 [129]
1579 3678 1708 3749 παρ’
1733 3676 1943 3749 ἀνδρῶν

351 3764 655 3819 Γαλιλαίων
672 3766 944 3833 ἐδέξαντο·
965 3768 1057 3821 καὶ
1079 3767 1177 3840 τὴν
1198 3769 1302 3838 μὲν
1318 3768 1607 3838 Ῥωμαίων
1626 3768 1944 3822 δυναστείαν

349 3856 459 3912 οὐκ
504 3856 753 3920 ἔδεισαν,
813 3860 879 3928 τῇ
920 3857 977 3910 δὲ
1026 3856 1119 3910 τοῦ
1179 3857 1597 3929 Σταυρωθέντος
1661 3858 1943 3929 ὑπετάγη-

355 3965 461 4002 σαν
490 3946 759 4021 βασιλείᾳ·
783 3950 880 4001 καὶ
905 3948 1046 4002 κατὰ
1074 3948 1171 4019 μὲν
1200 3950 1325 4014 τοὺς
1354 3948 1642 4022 Ῥωμαίων
1665 3949 1945 4003 πολιτεύε-

353 4041 484 4094 σθαι
516 4046 716 4111 νόμους
758 4039 883 4093 οὗτε
913 4039 1225 4108 Αὑγουστος
1252 4041 1452 4106 αὐτοὺς
1500 4041 1941 4111 κατηνάγκασεν,

350 4130 485 4187 οὗτε
504 4131 795 4203 Τραϊανὸς,
829 4133 856 4184 ό
881 4131 977 4203 τὴν
996 4131 1223 4185 ἐκείνων
1241 4132 1552 4195 καταλύσας
1576 4132 1774 4204 ἀρχήνο
1799 4131 1867 4185 τὰ
1886 4132 1944 4186 δὲ

352 4222 568 4293 Πέτρου
626 4223 720 4276 καὶ
751 4222 969 4276 Παύλου
998 4223 1097 4277 καὶ
1124 4224 1374 4277 Ἰωάννου
1406 4223 1503 4278 καὶ
1526 4223 1810 4277 Ματθαίου
1847 4224 1944 4277 καὶ

351 4315 547 4371 Λουκᾶ
600 4316 695 4368 καὶ
739 4315 970 4386 Μάρκου
1005 4315 1418 4387 ξυγγράμματα
1475 4315 1553 4379 ὡς
1578 4315 1873 4386 οὐρανόθεν
1900 4317 1942 4349 ι’

349 4406 693 4478 κομισθέντα
741 4409 1107 4480 γεραίρουσι,
1163 4408 1259 4461 καὶ
1303 4409 1351 4461 οί
1389 4408 1655 4477 ἰθαγενεῖς
1690 4412 1803 4472 τοῖς
1831 4408 1943 4463 τῶν

2051 559 2152 617 tes,
2179 552 2341 624 935
2362 557 2574 611 cunctis
2598 558 2764 613 illatis
2792 559 3080 625 machinis,
3109 574 3178 613 ne
3204 557 3485 618 minimam
3507 558 3629 629 qui-

2049 642 2174 698 dem
2206 647 2622 703 concussionem
2653 650 2802 706 illius
2831 649 3107 706 mcenibus
3147 648 3491 717 attulerunt,
3512 659 3628 707 sto-

2048 736 2194 817 lidus
2228 738 2474 807 profecto
2503 756 2565 795 ac
2601 742 2760 811 plane
2789 743 3043 813 stupidus
3075 744 3241 798 homo
3268 744 3359 808 sit,
3393 744 3489 814 qui
3519 760 3631 800 non

2050 827 2294 884 divinam
2337 841 2494 900 putet
2529 849 2649 888 esse
2678 834 3012 903 piscatorum
3043 837 3324 903 virtutem,
3362 838 3457 894 sed
3487 838 3632 893 hanc

2052 922 2446 993 imperatorum
2469 926 2712 994 potentia
2740 936 2954 981 auctam
2975 926 3141 983 fuisse
3170 929 3447 999 opinetur.
3471 929 3635 998 Quod

2052 1022 2111 1069 ut
2139 1014 2298 1070 vobis
2340 1015 2547 1071 clarius
2587 1017 2892 1083 illuceseat,
2930 1019 3138 1085 audite,
3167 1021 3413 1088 obsecro,
3447 1023 3632 1093 qualia

2051 1107 2231 1161 Persa:
2257 1122 2435 1176 nuper
2460 1108 2570 1163 sint
2615 1109 2754 1163 ausi.
2782 1108 2939 1176 Quod
2979 1112 3125 1165 enim
3169 1113 3421 1182 supplicii
3459 1129 3632 1184 genus

2051 1196 2107 1250 in
2139 1196 2482 1253 Christianos
2516 1216 2625 1255 non
2665 1211 2749 1256 est
2778 1203 3187 1274 excogitatum?
3229 1220 3339 1258 non
3383 1205 3632 1260 excoria-

2050 1286 2263 1354 tiones,
2294 1304 2407 1343 non
2450 1305 2713 1345 manuum
2755 1292 3068 1363 pedumque
3095 1293 3482 1360 abscissiones,
3522 1311 3635 1351 non

2051 1379 2270 1433 aurium
2302 1381 2628 1452 nariumque
2655 1384 3057 1451 mutilationes,
3090 1394 3146 1442 et
3190 1386 3257 1441 ad
3304 1385 3510 1441 doloris
3542 1402 3637 1441 ex-

2050 1488 2267 1527 cessum
2298 1483 2611 1545 comparata
2651 1476 2890 1541 vincula,
2920 1484 2978 1532 et
3017 1477 3189 1533 foveae
3222 1477 3644 1533 accuratissime

2050 1562 2234 1637 qblitaz
2281 1565 2642 1635 maribusque
2683 1566 2938 1623 maximis
2967 1569 3201 1633 refertae,
3233 1569 3325 1639 qui
3354 1570 3636 1640 colligatos

2050 1653 2349 1710 devorent?
2370 1656 2437 1709 Et
2464 1665 2668 1722 tamen,
2694 1673 2819 1713 cum
2852 1666 3033 1714 tantos
3051 1660 3330 1715 cruciatus
3357 1668 3522 1730 atque
3548 1660 3634 1715 his

2049 1743 2260 1800 similes
2287 1755 2481 1801 contra
2507 1746 2853 1804 Christianos
2877 1757 3157 1815 exercent,
3188 1750 3487 1805 concidunt
3510 1750 3636 1820 qui-

1980 1826 2019 1879 Β
2048 1834 2172 1890 dem
2221 1836 2299 1891 illi
2346 1852 2577 1907 corpora
2621 1847 2678 1893 et
2724 1838 3089 1906 obtruncant,
3145 1840 3476 1912 penitusque
3532 1840 3632 1896 de-

2046 1938 2303 1996 struunt,
2340 1929 2467 1985 ﬁdei
2514 1941 2697 1987 autem
2726 1932 3043 1988 thesaurum
3079 1933 3321 2005 diripere
3359 1949 3471 1988 non
3502 1949 3633 2005 pos-

2045 2032 2192 2078 sunt.
2222 2023 2400 2093 Atque
2430 2024 2553 2079 aliis
2594 2024 2818 2095 quidem
2852 2027 2969 2083 suis
3013 2026 3227 2098 legibus
3268 2028 3632 2083 succumbere

2045 2113 2300 2168 subditos
2339 2129 2469 2169 suos
2497 2123 2699 2186 cogunt
2732 2133 2744 2170 :
2781 2125 2836 2171 at
2877 2118 3213 2188 piscatorum
3240 2117 3391 2188 leges
3418 2125 3480 2172 ut
3510 2120 3632 2189 cju~

2045 2212 2191 2268 rent,
2223 2205 2481 2260 ﬁdelibus
2518 2222 2627 2261 non
2658 2206 3011 2277 persuadent.
3062 2207 3242 2263 Persa:
3283 2207 3489 2277 itaque,
3536 2208 3631 2277 qui

2044 2311 2113 2351 ex
2158 2295 2383 2352 Zaradas
2412 2298 2543 2352 olim
2579 2298 2793 2369 legibus
2820 2299 3102 2362 viventes,
3147 2306 3203 2354 et
3251 2298 3552 2363 matribus,
3578 2310 3634 2353 et

2045 2387 2353 2453 sororibus,
2383 2397 2438 2444 et
2471 2387 2689 2444 filiabus
2727 2405 2947 2461 quoque
2995 2389 3112 2445 suis
3142 2389 3536 2453 miscebantur,
3578 2396 3634 2443 et

2046 2495 2162 2534 rem
2203 2480 2620 2552 injustissimam
2646 2482 2809 2552 justa‘.
2840 2482 2977 2552 legis
3005 2482 3126 2536 loco
3156 2479 3454 2544 habebant,
3483 2488 3636 2551 post-

2045 2588 2209 2643 quam
2237 2574 2575 2644 piscatorum
2606 2575 2756 2644 leges
2786 2574 3105 2640 audierunt,
3133 2574 3356 2630 Zaradas
3395 2574 3543 2645 leges
3573 2584 3634 2628 ut

2046 2666 2285 2722 nefarias
2314 2666 2726 2736 proculcarunt,
2757 2675 2812 2721 et
2837 2667 3207 2738 evangelicam
3234 2666 3631 2721 continentiam

2046 2756 2280 2828 amplexi
2316 2765 2462 2812 sunt.
2495 2757 2566 2812 Et
2594 2757 2687 2827 qui
2712 2756 2780 2811 ab
2813 2757 3007 2813 eodem
3037 2764 3285 2812 mortuos
3318 2756 3550 2811 canibus
3577 2768 3634 2811 et

2047 2848 2367 2904 volucribus
2392 2848 2558 2920 936
2585 2863 2857 2919 exponere
2899 2847 3239 2913 didicerant,
3275 2864 3425 2904 nunc
3469 2858 3533 2902 ut
3575 2846 3631 2903 id

2047 2941 2253 2996 faciant
2282 2940 2483 2996 adduci
2530 2940 2721 2996 fideles
2753 2956 2864 2996 non
2908 2948 3143 3012 possunt
3171 2960 3183 2994 :
3212 2941 3308 2996 sed
3336 2941 3459 2995 illos
3486 2948 3635 2995 terra

2049 3034 2316 3101 condunt,
2350 3042 2406 3089 et
2435 3035 2604 3105 leges,
2636 3048 2757 3104 quae
2788 3034 2841 3089 id
2869 3034 2985 3088 tleri
3011 3041 3217 3096 vetant,
3249 3041 3631 3096 contemnunt,

1975 3165 2018 3224 α
2051 3141 2155 3182 nec
2191 3136 2461 3182 tortorum
2507 3125 2768 3182 saevitiam
2802 3126 3218 3197 pertimescunt.
3250 3124 3454 3181 Christi
3486 3125 3632 3180 enim

2045 3217 2316 3289 judicium
2361 3218 2535 3289 magis
2565 3217 2946 3282 reformidant,
2988 3227 3045 3273 et
3072 3218 3310 3273 visibilia
3344 3226 3638 3273 cernentes

2047 3324 2112 3365 ac
2135 3309 2398 3374 ridentes,
2451 3323 2515 3364 ea
2542 3325 2663 3379 quae
2687 3324 2799 3363 non
2824 3318 3131 3364 cernuntur
3162 3310 3347 3364 animo
3376 3315 3638 3379 reputant

2046 3409 2103 3456 et
2126 3401 2341 3456 timent.
2370 3401 2548 3470 Atque
2575 3401 2673 3455 has
2700 3402 2848 3471 leges
2870 3416 2901 3455 a
2929 3400 3168 3457 Galilaeis
3197 3399 3516 3455 hominibus
3545 3414 3636 3454 ac-

2047 3501 2319 3563 ceperunt
2348 3509 2360 3545 :
2386 3492 2874 3561 Romanorumque
2907 3491 3210 3561 potentiam
3254 3488 3396 3544 nihil
3436 3488 3633 3549 veriti.

2046 3585 2194 3639 ultro
2223 3599 2282 3639 se
2303 3582 2565 3639 Crueiﬁxi
2591 3582 2824 3653 imperio
2851 3581 3240 3638 subdiderunt.
3269 3581 3459 3650 Neque
3485 3580 3632 3644 illos,

2047 3686 2109 3732 ut
2138 3677 2403 3733 Romanis
2432 3679 2448 3697 '
2478 3676 2692 3747 legibus
2732 3676 3003 3740 viverent,
3046 3675 3265 3745 adigere
3306 3672 3487 3745 potuit
3518 3672 3633 3727 Au-

2046 3778 2259 3839 gustus,
2288 3784 2468 3839 neque
2494 3767 2783 3839 Trajanus,
2814 3767 2908 3837 qui
2932 3782 3127 3822 eorum
3152 3780 3381 3836 regnum
3405 3764 3636 3819 subver-

2046 3862 2111 3916 tit
2140 3879 2153 3915 :
2180 3861 2325 3917 Petri
2359 3869 2563 3925 autem,
2598 3869 2655 3914 et
2693 3859 2870 3924 Pauli,
2910 3865 2967 3914 et
3007 3857 3253 3922 Joannis,
3289 3864 3345 3911 et
3372 3855 3632 3921 Matthaai,

2044 3960 2102 4007 et
2134 3951 2317 4016 Lucae,
2363 3958 2419 4007 et
2459 3950 2624 4005 Marci
2668 3950 2871 4020 scripta
2907 3957 3165 4020 tanquam
3212 3948 3432 4003 coalitus
3471 3947 3632 4002 allata

2047 4050 2402 4107 venerantur,
2438 4048 2494 4095 et
2523 4040 2793 4112 indigenae
2824 4040 3161 4095 advenarum
3189 4047 3355 4110 atque
3381 4047 3635 4095 externo-

2046 4149 2167 4187 rum
2202 4133 2435 4202 subjecti
2461 4133 2677 4203 legibus
2700 4133 2914 4187 vivunt.
2954 4131 3269 4201 Massagetas
3300 4146 3512 4196 rursus,
3537 4132 3634 4201 qui

2046 4223 2388 4279 miserrimos
2430 4223 2561 4277 olim
2622 4223 2874 4277 homines
2917 4221 3333 4277 arbitrabantur
3372 4222 3467 4291 qui
3512 4222 3633 4275 vio-
3720 4252 3732 4261 ι

2044 4317 2195 4372 lenta
2238 4331 2373 4371 nece
2403 4330 2515 4369 non
2548 4315 2963 4379 occumberent,
2994 4313 3307 4384 quibusque
3341 4320 3633 4385 propterea

2045 4425 2206 4465 senes
2235 4416 2477 4463 mactare
2508 4414 2565 4463 et
2597 4407 2887 4463 comedere
2928 4408 3017 4463 lex
3047 4416 3185 4472 erat,
3217 4415 3509 4478 postquam
3543 4407 3632 4478 pi-

346 4502 525 4567 ξένων
553 4502 647 4554 καὶ
669 4501 952 4573 ἐπηλύδων
970 4502 1016 4533 ⁸³
1045 4502 1399 4572 ὑπετάγησαν
1424 4502 1631 4573 νόμοις.
1664 4503 1773 4557 Καὶ
1793 4503 1944 4557 Maa-

2053 4508 2328 4556 scatorum
2349 4507 2712 4570 sutorumque
2732 4499 2881 4570 leges
2900 4498 3215 4563 audierunt,
3233 4497 3633 4553 abominabiles

350 4592 591 4662 ςαγέται
616 4592 695 4656 δὲ,
726 4591 1074 4663 τρισαθλίους
1099 4593 1397 4664 ἡγούμενοι
1426 4594 1595 4648 πάλαι
1623 4597 1751 4659 τοὺς
1771 4594 1946 4659 άλλως

347 4702 474 4746 πως
508 4685 602 4738 καὶ
639 4686 713 4756 μὴ
738 4685 827 4739 διὰ
852 4686 1070 4755 σφαγῆς
1098 4685 1486 4752 τελευτῶντας,
1510 4688 1605 4741 καὶ
1636 4687 1830 4740 τούτου
1864 4686 1944 4741 εἴ·

346 4793 488 4830 νεκα
518 4777 649 4843 τοὺς
686 4779 1068 4851 γεγηρακότας
1098 4778 1247 4833 θύειν
1277 4781 1372 4834 καὶ
1404 4778 1684 4834 θοινᾶσθαι
1705 4778 1749 4812 ¹⁸
1784 4797 1943 4852 ποιη-

350 4869 588 4938 σάμενοι
639 4869 839 4940 νόμον,
878 4870 1067 4942 ἐπειδὴ
1100 4870 1210 4924 τῶν
1258 4870 1587 4924 ἁλιευτικῶν
1618 4872 1711 4926 καὶ
1754 4866 1955 4925 σκυτο-’

348 4960 604 5031 τομικῶν
631 4961 948 5031 ἐπήκουσαν
970 4960 1172 5030 νόμων,
1200 4958 1550 5025 ὲόδελύξαντο
1570 4964 1672 5033 τὴν
1695 4961 1953 5034 μυσαρὰν
2047 4960 2166 5017 cani
2196 5002 2209 5024 ,

2042 4592 2166 4647 illas
2194 4591 2363 4661 dapes
2395 4589 2681 4660 aedesque
2710 4588 2967 4645 detestati
3002 4597 3149 4645 sunt.
3189 4588 3452 4644 Tibareni
3495 4604 3637 4660 quo-

2043 4694 2186 4755 que,
2235 4699 2397 4739 senes
2439 4682 2572 4739 olim
2605 4682 2754 4738 soliti
2793 4682 2862 4737 ab
2895 4681 3180 4738 altissimis
3222 4683 3454 4753 rupibus
3501 4680 3634 4738 dare

2043 4777 2375 4849 praecipites,
2409 4774 2724 4846 evangelica
2772 4775 2890 4846 lege
2937 4783 3183 4846 accepta,
3229 4774 3633 4847 iniquissimam

2046 4869 2189 4923 hanc
2221 4868 2394 4939 legem
2425 4864 2791 4920 resciderunt.
2818 4864 3011 4935 Neque
3045 4880 3178 4921 vero
3210 4866 3449 4938 amplius
3492 4866 3635 4939 Hyr-

2294 4972 2474 5029 neque
2545 4957 2769 5028 Caspii,
2851 4973 3017 5013 canes
3077 4957 3243 5030 937
3303 4958 3460 5013 alunt
3531 4958 3635 5013 ho-

1669 5126 1905 5181 VARIIE
1938 5124 2345 5181 LECTIONES.

431 5244 482 5277 ”
520 5242 915 5367 ἐέπληκτικός.
961 5240 1275 5325 ἔμπληκτος
1316 5240 1378 5295 Β.
1430 5241 1798 5312 ἐκπληκτικὸς
1829 5241 1892 5298 C.

431 5331 509 5369 ινα
584 5355 598 5368 .
630 5329 876 5369 suorasc.
902 5311 1243 5369 τολμουμενα
1267 5325 1322 5369 ῐ).
1353 5325 1430 5364 m.
1507 5312 1552 5344 ⁹⁹
1576 5311 1892 5366 εὑσεόούντο

584 5355 598 5368 .
624 5308 876 5385 suprasc.
902 5308 1243 5385 τολμούμενα
1267 5325 1323 5385 p_.
1353 5325 1430 5364 m.
1507 5312 1552 5344 ⁸ο
1576 5308 1967 5385 εὐσεϐούντων.
1999 5308 2375 5385 εὐσε-ϐὦνρξα.

439 5331 509 5369 να
542 5331 598 5368 I5.
630 5331 876 5385 suprasc.
902 5331 1243 5381 τοΛμουμενα
1268 5331 1322 5379 p.
1354 5331 1430 5364 In.
1508 5331 1552 5344 "
1576 5331 1967 5367 ευσεοουντων.
1999 5331 2241 5365 ευσεοων
2288 5331 2375 5364 va.
2474 5331 2489 5341 ·
2523 5331 2690 5381 εςηυρ
2737 5331 2908 5378 μενοι.
2940 5331 3061 5373 εςευ
3102 5331 3203 5380 ημε

359 5331 756 5466 ἔξυρηκότεςλ
780 5382 920 5465 Tum
947 5380 1264 5466 xsypn‘pévu
1283 5377 1346 5435 C.
1369 5382 1753 5466 xexfoptapév‘a
1775 5383 1874 5466 Vp.
1901 5382 2208 5466 κεχοσμένα
2411 5380 2454 5466 1
2476 5381 2648 5450 μυιῶν
2677 5331 2776 5466 Yﬂa.
2800 5378 3006 5466 θηρίων
3035 5331 3145 5466 Vit).
3191 5448 3203 5464 ‘

360 5447 687 5524 δεδομένους
712 5447 780 5511 γε.
799 5454 895 5531 qui
924 5447 1141 5531 ωοίτᾶ
1162 5451 1387 5531 τούτων.
1418 5447 1486 5531 ’⁷⁸
1515 5447 1928 5531 παραπλησίας.
1962 5447 2373 5531 πολλαπλασίας
2411 5447 2906 5531 βζπαραπλησίους
3047 5449 3097 5531 ,⁵
3124 5448 3250 5531 tog;
3267 5448 3376 5517 ὑπη

356 5518 615 5596 suprasc.
642 5541 696 5596 p.
723 5518 834 5579 mf
876 5525 898 5557 ⁸
928 5523 1041 5596 καὶΔ
1053 5521 1313 5596 μητράσι.
1344 5520 1443 5596 καὶ
1466 5518 1657 5596 μέντοι
1687 5518 1783 5577 καὶ
1827 5520 2165 5596 μητρᾴσι-(ἷ.
2200 5536 2313 5596 om.
2339 5521 2436 5573 καὶ
2471 5518 2855 5596 μέντοι-μήτε.

1518 5592 1575 5646 b.
1616 5592 1753 5647 Tum
1938 5584 2039 5663 μὲν
2060 5584 2482 5663 Ζ.-ἐπάτησαν’
2500 5605 2610 5663 om.
2637 5589 2742 5645 Vb.
2784 5590 2805 5623 '
2826 5584 3159 5663 προτιθέναι.
3187 5584 3541 5663 προστιθέναι

1529 5663 1569 5694 ¹¹
1604 5656 1980 5734 κολαστήριον.
2025 5656 2375 5734 δικαστήριον
2410 5660 2470 5714 Β.
2519 5660 2625 5734 (μή
2667 5674 2793 5715 mox
2833 5656 2947 5734 oin.
2972 5656 3321 5734 optimemanu
3348 5664 3476 5734 post

354 5590 477 5649 oni.
501 5595 562 5649 Β.
601 5590 996 5666 ι’ίὺπ-ίπκουσαν.
1016 5590 1341 5666 ,ἐπήκουσαν
1359 5590 1432 5666 _B,

361 5665 413 5698 "
446 5660 814 5729 πιστεύοντες.
841 5660 1229 5725 πιστεύσαντες
1255 5661 1317 5728 Β,
1349 5660 1410 5717 C.

1994 5241 2040 5276 ⁸⁷
2073 5241 2415 5303 δυναστείας.
2452 5239 2772 5293 δυναστείαν
2820 5237 2882 5295 CL

2989 5238 3041 5271 ”
3058 5237 3381 5309 τολμώμενα
3446 5236 3632 5309 τελού-

2474 5311 2489 5341 ⁸
2523 5306 3381 5381 ἐξηυρημένοιαἐξευρημένοι-Β.
3407 5306 3631 5381 et_inl'ra

2584 5375 2776 5435 Iiv'Va.
2800 5378 3006 5448 θηρίων
3035 5375 3157 5435 νος
3238 5378 3260 5413 ³
3288 5375 3628 5446 δεδεμένους.

2584 5448 2906 5501 οαπλτισίους
2937 5447 3000 5501 C.
3076 5449 3097 5481 ⁸
3124 5448 3250 5501 τοὺς
3267 5447 3540 5501 ὑπηκόους
3566 5446 3628 5501 Β.

3382 5462 3540 5508 κοους
3566 5462 3629 5501 ὕ.

2957 5518 2977 5549 ⁷
3004 5519 3168 5587 νόμον
3190 5518 3439 5587 ἐννομοντ
3465 5517 3633 5587 νόμον

441 5751 534 5820 ναιζ
606 5726 993 5820 ιξιορρανόθλεν.
1449 5726 1908 5804 suprascriptum,
1938 5732 2087 5820 quod
2120 5726 2299 5805 legere
2325 5726 2561 5803 nequeo.
2596 5732 2672 5793 ὡς
2697 5742 2809 5786 om.
2833 5729 2931 5786 Va.
3010 5726 3062 5764 l'
3095 5726 3400 5799 ἐπηλύδων.
3444 5726 3639 5785 “Qui.

446 5822 472 5854 ’δ
491 5805 553 5862 Β.
631 5806 671 5841 ί*
709 5801 1004 5861 θοινᾶσθαι.
1033 5801 1294 5858 lim/300m
1318 5802 1378 5857 (ἒ.
