4066 6430
425 310 562 376 1047

1418 317 1908 378 ΤΗΕΟΒΟΒΕΤΙ
1947 318 2285 379 EPISCOPI
2324 319 2691 382 CYRENSIS

3558 325 3698 392 1048

423 426 636 484 tuiuum
681 426 1066 481 cadaveribus.
1095 425 1285 497 Neque
1328 425 1542 498 Scytha:
1575 443 1682 482 una
1711 442 1835 482 cum
1860 443 2010 482 mor-

2116 430 2318 500 ταύτην
2351 431 2552 502 ἐδωδὴν
2613 431 2707 484 καὶ
2745 433 2979 504 σφαγήν.
3039 434 3152 487 Kal
3181 435 3534 508 T16apqv0l"
3570 446 3697 502 τοὺς

421 521 534 573 tuis
575 518 731 576 vivos
775 521 1070 586 infodiunt,
1110 535 1249 590 quos
1286 519 1364 574 illi
1405 519 1732 574 dilexerant.
1779 519 2007 576 Tantam

421 610 668 679 gentium
716 612 1076 666 mutationem
1116 611 1452 680 piscatorum
1494 610 1640 681 leges
1682 610 2006 666 effecerunt.

420 701 531 754 τῶν
588 704 959 772 εύαγγελικῶν
1011 706 1418 769 ἐπακούσαντες
1468 707 1668 776 νόμων.

2116 522 2429 593 πρεσϐύτας
2511 525 2652 578 κατὰ
2726 525 2990 596 κρημνῶν
3052 525 3368 596 βαθυτάτων
3431 529 3698 593 είθικότες

2113 614 2312 680 ὠθεῖν,
2381 615 2473 668 τὸν
2531 616 2890 687 παμπόνηρον
2942 620 3131 672 τοῦτον
3179 622 3481 675 κατέλυσαν
3512 623 3696 691 νόμον,

1757 705 1870 757 Ούκ
1921 704 2000 757 ἔτι
2040 705 2085 757 δ’
2131 705 2256 759 ούτε
2307 709 2350 739 ¹⁶
2413 707 2675 778 Ὑρκανοὶ
2723 708 2848 761 οὔτε
2895 711 3134 764 Κάσπιοι
3195 714 3321 777 τοὺς
3373 713 3543 778 κύνας
3587 716 3699 776 τοῖς

421 798 584 852 τῶν¹⁷
631 799 946 852 τεθνεώτων
1009 799 1337 871 ἐκτρέφουσι
1373 799 1639 870 σώμασιν,
1685 799 1808 854 οὔτε
1880 797 2078 850 Σκύθαι
2119 802 2232 862 τοῖς
2289 800 2702 869 τετελευτηκόσι
2781 803 3278 874 συγκατορύττουσι
3337 805 3547 872 ζῶντας
3604 810 3699 872 οὒς

422 890 652 959 ἠγάπων
685 893 902 946 ἐκεῖνοι.
967 892 1249 958 Τοσαύτην
1272 895 1317 924 ³⁸
1367 895 1693 963 εἰργάσαντο
1723 893 1826 946 τῶν
1855 891 1992 943 ἐθῶν
2031 890 2330 962 μεταϐολὴν
2356 893 2397 924 ¹⁹
2424 893 2532 946 τῶν
2561 893 2756 947 ἁλιέων
2789 897 2838 947 οἱ
2867 895 3042 965 νόμοι.

490 982 670 1053 Atque
700 985 756 1040 hi
785 986 1010 1056 quidem
1052 987 1317 1042 barbaras
1353 989 1627 1052 nationes,
1656 998 1715 1044 ut
1740 988 1952 1058 legibus
1981 1001 2012 1039 a

422 1090 480 1129 se
513 1075 733 1130 traditis
757 1077 1027 1142 viverent,
1055 1078 1408 1135 adduxerunt
1437 1097 1449 1136 :
1479 1080 1632 1133 Plato
1659 1087 1862 1141 autem,
1893 1076 2015 1146 phi—

422 1166 783 1240 losophorum
823 1169 1099 1238 optimus,
1127 1170 1342 1240 legibus
1382 1186 1412 1224 a
1445 1187 1501 1224 se
1541 1169 1900 1238 conscriptis,
1943 1183 2012 1222 ne

422 1257 860 1314 Atheniensibus
900 1260 1122 1330 quidem
1151 1262 1364 1315 civibus
1405 1262 1520 1315 suis
1558 1261 1829 1330 persuasit
1857 1269 1916 1314 ut
1945 1275 2011 1314 ex

425 1349 645 1404 illarum
670 1351 936 1407 institutis
962 1355 1358 1423 rempublicam
1381 1354 1785 1424 gubernarent;
1811 1369 1874 1408 ac
1896 1370 2011 1409 mc-

424 1441 534 1496 rito
561 1441 785 1512 quidem
818 1460 830 1495 :
858 1453 986 1498 sunt
1021 1444 1167 1497 enim
1213 1444 1360 1515 leges
1404 1444 1515 1497 risu
1549 1443 1902 1514 dignissimae.
1932 1445 2010 1499 Ac

426 1548 495 1587 ne
519 1535 644 1604 quis
685 1550 770 1588 me
805 1534 1107 1588 arbitretur
1139 1543 1347 1589 tantum
1375 1535 1764 1605 philosophum
1798 1537 2008 1590 calqu-

425 1627 588 1691 uiari,
627 1628 833 1691 audite,
861 1628 985 1692 viri,
1016 1645 1266 1698 quaenam
1302 1629 1390 1683 ille
1424 1629 1539 1684 suis
1571 1629 1782 1699 legibus
1804 1631 2011 1685 consti-

426 1721 614 1776 tuerit.
645 1721 778 1776 Cum
812 1724 959 1779 enim
988 1724 1342 1792 prwccpisset
1366 1722 1596 1776 feminas
1629 1737 1871 1792 quoque,
1897 1738 2006 1777 non

2186 987 2293 1039 Kal
2347 980 2492 1040 οὗτοι
2542 989 2639 1058 μὲν
2697 989 2790 1042 καὶ
2839 989 2903 1041 τά
2941 987 3194 1059 βάρϐαρα
3229 989 3357 1060 ἔθνη
3394 993 3536 1045 κατά
3567 995 3696 1057 τοὺς

2117 1079 2268 1146 σφῶν
2304 1078 2530 1132 ἔπεισαν
2565 1079 2946 1132 πολιτεύεσθαι
2979 1081 3180 1150 νόμους
3204 1099 3216 1112 ·
3258 1083 3482 1136 Πλάτων
3506 1085 3564 1137 δὲ
3594 1085 3702 1139 τῶν

2116 1169 2422 1240 φιλοσόφων
2449 1173 2476 1223 ὁ
2506 1171 2745 1240 ἄριστος,
2782 1173 2979 1240 νόμους
3011 1171 3329 1241 γεγραφὼς,
3385 1176 3505 1228 οὐδὲ
3535 1175 3702 1245 Ἀθη-

2113 1262 2295 1325 ναίους
2343 1261 2528 1314 ἔπεισε
2565 1264 2691 1326 τοὺς
2723 1264 2958 1326 οἰκείους
3007 1264 3229 1327 πολίτας
3277 1266 3418 1318 κατὰ
3447 1267 3545 1328 τὰς
3573 1267 3702 1322 τού-

2114 1366 2221 1403 των
2248 1351 2528 1422 ὑποθήκας
2569 1351 2667 1422 τὴν
2709 1352 2985 1406 πολιτείαν
3021 1355 3306 1424 ρυθμίσαι.
3335 1356 3444 1408 Kal
3469 1357 3614 1426 μάλα
3636 1375 3702 1425 γε

2115 1444 2362 1508 εἰκότως·
2396 1443 2540 1513 μάλα
2560 1445 2665 1516 γάρ
2692 1445 2799 1498 εἱσι
2822 1447 3244 1514 καταγέλαστοι.
3275 1448 3384 1500 Kal
3407 1449 3495 1501 ἵνα
3518 1452 3592 1519 μή
3614 1468 3704 1512 τις

2116 1534 2362 1606 ὑπολάϐῃ
2379 1536 2423 1566 ’°
2457 1553 2524 1606 με
2557 1541 2916 1602 συκοφαντεῖν
2941 1537 3032 1591 τὸν
3057 1539 3371 1608 φιλόσοφον,
3401 1540 3700 1604 ἀκούσατε,

2115 1623 2160 1682 ῶ
2189 1629 2400 1700 ἄνδρες,
2456 1622 2531 1682 ὧν
2574 1631 2782 1696 ἐκεῖνος
2811 1632 3232 1703 νενομοθέτηκε.
3286 1632 3566 1696 Κελεύσας
3591 1635 3703 1704 γὰρ

2116 1723 2211 1774 καὶ
2260 1723 2358 1785 τάς
2406 1725 2700 1790 γυναῖκας,
2756 1724 2818 1776 οὑ
2863 1725 3023 1794 μόνον
3068 1724 3165 1788 τάς
3209 1724 3363 1788 νέας,
3420 1725 3557 1778 ἀλλά
3603 1726 3703 1779 καὶ

418 1812 669 1883 iuniores
693 1813 876 1878 modo,
905 1815 1001 1870 sed
1025 1814 1092 1868 ad
1120 1815 1349 1869 senilem
1377 1823 1592 1870 aztatem
1619 1825 1929 1885 provectas,
1955 1816 2010 1870 in

2116 1813 2208 1875 τὰς
2263 1813 2700 1883 γεγηρακυίας¹¹
2755 1815 3174 1884 γυμνάζεσθαι,
3246 1811 3367 1868 εἶτα
3419 1816 3700 1885 γελῶντας

424 1905 706 1974 gymnasio
741 1906 915 1962 nudas
953 1908 1224 1972 exerceri,
1253 1907 1699 1963 animadvertens
1740 1908 1795 1962 in
1838 1909 2010 1962 risum

2116 1904 2238 1967 τοὺς
2306 1903 2873 1974 προσδιαλεγομένους
2941 1905 3105 1970 ἰδὼν,

425 1995 562 2047 solvi
587 1996 986 2066 colloquentes,
1013 1997 1128 2054 htec
1153 1998 1322 2052 verba
1362 1999 1598 2068 subjecit
1624 1999 1795 2070 (Reip.
1822 2016 1876 2069 p.
1907 2001 2010 2054 457

423 2083 509 2153 Β).
547 2104 564 2136 ι
604 2086 698 2141 Vir
726 2095 933 2153 autem,
966 2089 1060 2158 qui
1102 2089 1245 2143 ridet
1275 2089 1344 2144 ob
1375 2089 1552 2144 nudas
1587 2090 1866 2154 mulieres,
1892 2107 2014 2160 qua:

420 2193 610 2231 .amen
634 2178 855 2247 optimae
877 2180 955 2234 rei
979 2196 1144 2236 causa
1166 2197 1283 2236 sese
1307 2193 1588 2245 exercent,
1611 2198 1734 2236 cum
1757 2199 1825 2237 ex
1849 2183 2014 2240 rebus

426 2268 679 2324 ridiculis
719 2271 1000 2340 sapientiae
1043 2272 1284 2326 fructum
1329 2275 1399 2329 sit
1445 2284 1792 2342 accepturus,
1839 2275 2014 2331 nescit

426 2373 693 2433 quantum
722 2364 853 2417 mihi
880 2364 1116 2428 videtur,
1147 2381 1253 2434 qua
1282 2367 1348 2419 de
1374 2381 1432 2420 re
1460 2366 1657 2421 rideat.
1689 2385 1705 2416 ι
1733 2366 1799 2420 Et
1825 2381 2014 2420 rursus

429 2453 577 2524 (Leg.
613 2471 666 2524 p.
701 2455 802 2509 804
835 2456 945 2522 Ε)·;
986 2475 1002 2506 ι
1035 2456 1161 2511 l-lzec
1182 2465 1364 2512 autem
1403 2458 1587 2512 omnia
1615 2457 1760 2511 etde
1793 2457 2014 2512 feminis

427 2554 616 2600 nostra
649 2547 826 2602 oratio
859 2546 1118 2610 disseret,
1149 2563 1270 2616 quae
1305 2547 1372 2601 de
1403 2547 1649 2602 maribus
1677 2547 1785 2602 dici
1815 2563 2015 2602 conve-

425 2633 510 2687 nit
539 2651 551 2686 :
583 2633 699 2704 pari
730 2635 878 2689 enim
928 2635 1090 2690 modo
1121 2646 1174 2690 et
1208 2635 1438 2690 feminas
1482 2637 1727 2690 exerceri
1775 2643 2012 2705 oportet.

424 2725 682 2796 Nihilque
714 2727 923 2781 veritus
954 2726 1228 2782 afﬁrmare
1266 2729 1371 2783 hoc
1398 2729 1595 2792 ausim,
1632 2744 1813 2798 neque
1854 2728 2014 2798 equi-

427 2819 576 2876 tandi
607 2829 803 2884 artem,
830 2835 1010 2889 neque
1039 2820 1429 2892 gymnasticam
1458 2821 1797 2886 facultatem,
1826 2821 1899 2874 ita
1922 2835 2014 2874 so-

424 2911 512 2966 los
549 2911 749 2966 decere
785 2913 1080 2979 masculos,
1132 2921 1187 2967 ut
1236 2913 1469 2968 feminas
1499 2929 1719 2982 quoque
1760 2928 1873 2966 non
1915 2913 2016 2967 de-o

425 3013 607 3061 ccaut.
644 3023 661 3056 ›
709 3005 776 3058 Et
804 3005 927 3074 quis
961 3020 1086 3060 cum
1134 3004 1250 3059 hzec
1293 3004 1403 3059 dici
1447 3004 1622 3069 audit,
1673 3019 1785 3058 nou
1815 3003 2014 3057 merito

425 3096 694 3153 irrideat?
722 3097 928 3151 Natura
955 3097 1103 3152 enim
1138 3098 1359 3168 utrique
1401 3096 1556 3152 sexui
1589 3095 1874 3151 distribuit
1916 3111 2015 3150 sua

424 3204 677 3255 munera,
709 3189 875 3260 938
894 3189 1115 3245 feminis
1150 3192 1373 3260 quidem
1400 3193 1414 3209 ‘
1440 3191 1618 3245 lanam
1646 3189 1849 3253 facere,
1880 3189 2016 3244 viris

425 3290 608 3337 autem
645 3297 835 3352 agrum
881 3283 1063 3339 colere
1107 3292 1163 3338 et
1207 3283 1410 3337 bellum
1469 3297 1678 3352 gerere.
1725 3281 1840 3336 lloc
1885 3296 2016 3336 sane

424 3388 612 3428 rerum
643 3373 961 3429 discrimine
1003 3383 1059 3431 et
1084 3375 1355 3428 llomerus
1391 3373 1585 3427 utitur.
1621 3373 1834 3428 Inducit
1869 3373 2015 3427 enim

424 3464 716 3520 llectorem
749 3467 831 3521 sic
869 3483 1097 3523 uxorem
1125 3465 1549 3520 Andromachen
1585 3465 1958 3535 alloquentem
1999 3483 2013 3518 :

422 3577 570 3652 Ipsa,
599 3580 811 3634 domum
837 3598 1013 3652 perge,
1045 3589 1094 3634 et
1121 3598 1236 3652 qua:
1263 3590 1386 3634 sunt
1416 3591 1506 3652 tua
1534 3597 1753 3635 munera
1778 3598 1929 3648 cura,

424 3649 579 3722 Τείως
598 3660 754 3720 atque
784 3649 951 3715 celas,
984 3651 1191 3705 ancillis
1225 3669 1386 3722 pensa
1409 3651 1628 3722 jubeto;

424 3719 576 3809 Βριια
605 3719 704 3775 viri
728 3731 932 3787 curent,
963 3724 1147 3775 merito
1177 3719 1322 3794 queis
1352 3719 1489 3775 bella
1521 3721 1771 3792 gerenda.

423 3829 496 3884 At
532 3829 895 3899 philosophus
942 3847 1011 3885 ne
1040 3840 1327 3902 poetarum
1355 3831 1580 3900 quidem
1623 3833 1844 3888 videtur
1878 3833 2017 3888 divi-

425 3921 638 3976 sionem
668 3921 917 3985 scivisse,
944 3922 1037 3976 sed
1078 3923 1258 3977 nudas
1283 3924 1542 3990 mulieres
1576 3925 1822 3980 exerceri
1851 3932 2015 3995 atque

423 4027 602 4082 equos
647 4012 854 4083 agitare
891 4013 1075 4084 jussit.
1120 4014 1252 4080 Qua:
1300 4025 1483 4070 autem
1528 4017 1673 4088 apud
1727 4017 2014 4073 Platonem

426 4104 866 4174 subsequuntur,
903 4107 1281 4178 superioribus
1325 4117 1453 4164 sunt
1492 4118 1878 4167 consentanea.
1925 4109 2016 4165 Sic

423 4196 574 4252 enim
621 4199 699 4253 ait
741 4197 884 4270 (Leg.
917 4216 970 4269 p.
1005 4199 1108 4253 9:25
1135 4199 1199 4270 Α)
1249 4219 1260 4252 ;
1298 4220 1314 4252 ι
1349 4200 1525 4257 Judex
1562 4217 1693 4256 vero
1718 4201 2016 4273 inspiciens

419 4290 634 4359 judicct
654 4304 1061 4362 qumnam-aetas
1085 4294 1429 4350 celebrandis
1449 4295 1660 4364 nuptiis
1679 4295 1973 4350 conveniat
1997 4312 2010 4348 :

424 4401 656 4458 eamque
688 4386 759 4441 ob
798 4404 914 4442 rem
957 4388 1137 4442 nudos
1173 4404 1375 4452 mares,
1422 4389 1709 4458 nudasque
1750 4388 2014 4444 umbilico

3193 1906 3479 1960 ὑπολαϐὼν
3547 1907 3652 1976 ἔφη
3682 1924 3698 1936 ·

2118 2015 2136 2048 ι
2159 1996 2218 2049 Ὀ
2246 1996 2302 2048 δὲ
2321 1997 2365 2026 ’³
2420 1994 2599 2064 γελῶν
2643 1997 2780 2068 ἀνὴρ
2821 1999 2914 2050 ἐπὶ
2945 2001 3180 2070 γυμναῖς
3207 2001 3327 2064 ταῖς
3352 1998 3570 2067 γυναιξὶ
3602 1998 3700 2051 τοῦ

2115 2087 2395 2158 βελτίστου
2440 2089 2607 2142 ἕνεκα
2640 2090 3108 2159 γυμναζομέναις,
3152 2092 3244 2144 ἆτε
3279 2089 3454 2162 [δὴ]²³
3487 2091 3574 2143 διὰ
3605 2089 3698 2143 τοῦ

2112 2179 2323 2248 γελοίου
2359 2179 2552 2248 σοφίας
2585 2180 2920 2251 δρεπόμενος
2948 2182 3181 2252 καρπὸν,
3214 2183 3334 2236 οὐδὲ
3351 2181 3396 2214 ³⁸
3425 2176 3588 2242 οἶδεν,
3622 2179 3701 2242 ὡς

2113 2271 2321 2332 ἔοικεν,
2378 2272 2462 2341 ἐφ’
2494 2264 2538 2340 ᾧ
2565 2271 2717 2343 γελᾷ.
2751 2291 2769 2322 ι
2833 2273 2945 2326 Kal
2991 2274 3154 2327 πάλιν
3175 2290 3187 2303 ·
3257 2292 3275 2324 ι
3304 2273 3488 2326 Ταῦτα
3514 2272 3572 2325 δὲ
3604 2272 3703 2324 καὶ

2114 2363 2245 2434 περὶ
2275 2363 2505 2432 θηλειῶν
2537 2366 2564 2417 ὁ
2608 2366 2739 2436 ἐμὸς
2767 2365 2922 2434 λόγος
2943 2369 2988 2398 ’³
3017 2365 3083 2420 ἂν
3114 2367 3256 2419 εἴποι
3285 2366 3462 2418 πάντα
3489 2365 3701 2434 ὅσαπερ

2115 2456 2271 2508 xal"
2306 2456 2374 2508 τά
2419 2460 2548 2528 περὶ
2597 2459 2706 2511 τῶν
2736 2459 3020 2530 ἀρρένων,
3080 2459 3170 2514 ica
3217 2459 3312 2511 καὶ
3354 2459 3451 2521 τὰς
3481 2457 3702 2527 θηλείας

2114 2547 2305 2600 ἀσκεῖν
2335 2545 2446 2600 δεῖν
2464 2549 2530 2603 ’⁷.
2568 2549 2680 2603 Kal
2713 2551 2865 2602 οὐδὲν
2897 2550 3155 2621 φοϐηθεὶς
3187 2551 3396 2620 εἴποιμι
3424 2549 3489 2602 ἂν
3512 2549 3703 2602 τοῦτον

2113 2639 2207 2692 τὸν
2254 2639 2413 2708 λόγον
2439 2681 2454 2706 ,
2507 2640 2630 2694 οὔτε
2667 2643 2898 2713 ἱππικῆς
2931 2641 3055 2698 οὔτε
3083 2643 3464 2714 γυμναστικῆς
3496 2642 3571 2704 ὡς
3601 2641 3700 2694 άνο

2114 2727 2274 2799 δράσι
2324 2729 2424 2800 μὲν
2483 2733 2694 2801 πρέπον
2747 2733 2812 2787 ἂν
2863 2735 2972 2804 εἴη,
3033 2733 3248 2802 γυναιξὶ
3285 2729 3482 2787 δἀὗ²⁸
3509 2733 3610 2786 ούκ
3635 2731 3702 2786 ἂν

2117 2822 2348 2894 πρέπον.
2387 2842 2405 2876 ι
2470 2826 2580 2878 Kal
2617 2826 2702 2890 τίς
2749 2828 2850 2880 οὑκ
2895 2827 2961 2880 ἂν
2989 2827 3214 2891 εἰκότως
3247 2827 3454 2881 τούτων
3485 2827 3704 2880 ἀκούων

2117 2915 2434 2983 γελάσειεν;
2497 2919 2530 2988 ἠ
2579 2918 2680 2988 μὲν
2723 2919 2832 2990 γάρ
2886 2918 3047 2987 φύσις
3093 2905 3391 2988 ἀπένειμεν
3425 2918 3640 2987 ἑκάστῳ
3660 2917 3707 2948 ¹’

2115 3005 2267 3074 γένει
2290 3008 2358 3060 τά
2383 3007 2699 3079 πρόσφορα·
2734 3010 2952 3078 γυναιξὶ
2975 3010 3076 3080 μὲν
3094 3009 3378 3072 ταλασίαν,
3403 3008 3629 3080 ἀνδράσι
3646 3006 3705 3060 δὲ

2121 3099 2398 3168 γεωργίαν
2449 3101 2545 3156 καὶ
2589 3101 2892 3172 πολεμικὴν
2941 3103 3253 3174 ἐμπειρίαν.
3317 3099 3502 3173 Ταύτῃ
3529 3099 3704 3170 γὰρ³⁶

2120 3191 2292 3261 δήπου
2309 3195 2374 3262 τῇ
2400 3193 2664 3265 διαιρέσει
2699 3197 2792 3248 καὶ
2821 3196 3069 3267 ’Όμηρος
3103 3194 3388 3265 κέχρηται.
3426 3192 3706 3262 Πεποίηκε

2119 3287 2241 3358 γάρ·
2279 3305 2379 3340 που
2428 3289 2485 3340 ὲν
2518 3289 2630 3351 τοῖς
2661 3287 2818 3341 ἑπεσι
2849 3287 2918 3357 τῇ
2963 3287 3304 3360 Ἀνδρομάχῃ
3334 3285 3428 3340 τὸν
3462 3285 3704 3357 Ἕκτορα

2119 3379 2350 3450 λέγοντα
2371 3395 2386 3409 ⁵

2131 3580 2294 3635 Ἀλλ’
2321 3581 2408 3645 εις
2435 3575 2604 3634 οἷκον
2626 3579 2799 3633 ίοῦσα
2823 3579 2895 3633 τὰ
2917 3581 3150 3644 σαυτῆς
3173 3578 3317 3646 ἔργα
3343 3570 3558 3646 κόμιζε,

2130 3651 2331 3706 ἰο-τόν
2356 3653 2426 3714 τ’,
2446 3650 2763 3715 ἠλακάτην
2785 3667 2845 3702 τε
2861 3651 2928 3706 ³¹.
2965 3652 3058 3702 καὶ
3079 3650 3472 3717 ἀμφιπόλοισι.
3492 3647 3711 3700 κέλευε

2123 3721 2702 3791 Ἕργονέποίχεσθαι
2719 3738 2731 3750 ο
2763 3722 3025 3788 πόλεμος
3047 3718 3403 3787 δ’ἄνδρεσσι
3424 3717 3703 3788 μελήσει.

2129 3836 2188 3888 '0
2230 3835 2287 3888 δὲ
2331 3833 2618 3903 φιλόσοφος
2671 3833 2789 3885 οὐδὲ
2817 3832 2914 3903 τὴν
2941 3832 3048 3884 τῶν
3080 3832 3318 3903 ποιητῶν
3343 3831 3537 3900 διέγνω
3570 3830 3708 3883 διαί-

2119 3946 2290 4001 ρεσιν,
2335 3925 2474 3979 ἀλλὰ
2524 3928 2618 3979 καὶ
2664 3924 3039 3995 γυμνάζεσθαι
3075 3925 3172 3989 τάς
3200 3927 3462 3994 γυναῖκας
3493 3924 3708 3992 γυμνάς

2119 4021 2215 4074 καὶ
2273 4019 2525 4071 ἱππεύειν
2555 4017 2829 4073 ἐκέλευσε.
2874 4017 2981 4070 Kal
3009 4019 3076 4070 τά
3106 4017 3234 4086 ἑξῆς
3273 4017 3328 4070 δὲ
3360 4016 3712 4086 ξυνομολογεῖ

2115 4113 2228 4175 τοῖς
2262 4109 2569 4182 προτέροις.
2613 4108 2761 4181 [150]
2792 4108 2954 4176 Λέγει
2980 4109 3089 4178 γὰρ
3117 4110 3159 4139 ³²
3193 4108 3364 4171 οὑτως
3387 4126 3400 4139 '
3449 4129 3467 4161 ‹
3499 4109 3612 4178 Τὴν
3650 4109 3709 4162 δὲ

2117 4205 2211 4260 τοῦ
2249 4205 2357 4258 τῶν
2381 4205 2578 4274 γάμων
2603 4204 2796 4276 χρόνου
2821 4203 3160 4274 ξυμμετρίαν
3189 4205 3450 4273 δικαστὴς
3485 4204 3708 4256 σκοπῶν

2118 4298 2371 4369 κρινέτω,
2419 4298 2660 4369 γυμνοὺς
2708 4297 2808 4368 μὲν
2835 4297 2960 4360 τοὺς
2988 4298 3243 4368 ἄρρενας,
3281 4298 3490 4366 γυμνὰς
3517 4297 3574 4350 δὲ
3605 4298 3707 4366 ὀμ-

2119 4389 2289 4458 φαλοῦ
2321 4390 2483 4461 μέχρι
2525 4387 2797 4459 θεώμενος
2829 4387 2926 4450 τάς
2954 4392 3242 4456 γυναῖκας.
3283 4408 3302 4441 ι
3351 4388 3409 4442 Ὀ
3443 4389 3500 4442 δὲ
3530 4389 3704 4442 ταῦτα

426 4487 589 4533 tenus
635 4479 869 4534 feminas
917 4479 1191 4550 inspiciat.
1237 4498 1254 4530 ι
1294 4479 1397 4545 Qui
1450 4495 1583 4534 vero
1630 4479 1748 4534 bazc
1796 4479 2012 4541 sanxit,

2119 4481 2428 4550 νομοθετῶν
2457 4481 2580 4534 οὑδὲ
2606 4480 2717 4534 τῶν
2743 4480 2844 4548 τῆς
2889 4479 3204 4533 Κανδαύλου
3232 4480 3488 4550 γυναικὸς
3533 4480 3709 4548 λόγων

421 4570 717 4625 Candaulm
748 4573 892 4642 regis
920 4587 1060 4624 uxor
1091 4571 1221 4627 olim
1252 4571 1386 4642 quid
1420 4571 1623 4626 dixerit
1662 4586 1769 4624 non
1799 4569 2012 4626 videtur

2119 4571 2388 4642 ἐμνήσθη.
2448 4571 2664 4640 Ἐκείνη
2717 4570 2825 4640 γάρ
2873 4587 2979 4632 τοι,
3023 4569 3116 4623 τοῦ
3157 4570 3348 4641 ἀνδρὸς
3399 4571 3606 4641 γυμνόν
3657 4571 3709 4625 oi

423 4665 762 4721 meminisse.
794 4664 890 4721 [lla
931 4663 1100 4728 enim,
1131 4680 1162 4718 a
1203 4665 1324 4718 viro
1360 4666 1512 4734 jussa
1559 4662 1771 4718 nudum
1815 4677 2012 4731 corpus

2116 4663 2288 4728 δεῖξαι
2341 4663 2402 4716 τὸ
2452 4662 2613 4732 σῶμα
2645 4661 3026 4727 κελεύσαντος,
3058 4663 3206 4733 μάλα
3245 4663 3350 4732 ἔφη
3387 4664 3709 4733 σωφρόνως,

423 4755 740 4819 ostendere,
766 4755 1066 4825 prudenter
1095 4755 1390 4810 admodum
1418 4753 1724 4825 respondit,
1762 4771 1780 4804 ι
1817 4751 2012 4806 Mulie-

2116 4751 2198 4804 ὅτι
2243 4770 2262 4803 ι
2318 4749 2691 4819 Ἀποδυομένη
2735 4749 2825 4803 τὸν
2855 4750 3059 4803 κιθῶνα
3096 4750 3142 4781 ³³
3183 4750 3576 4806 συναποδύεται
3612 4751 3708 4805 καὶ

425 4864 543 4904 rem
570 4864 696 4903 cum
729 4849 914 4906 tunica
948 4850 1111 4905 simul
1147 4860 1204 4905 et
1230 4848 1497 4919 pudorem
1529 4860 1752 4900 exuere.
1787 4863 1804 4894 ι
1835 4843 2012 4909 Quare

2116 4844 2216 4912 τὴν
2246 4841 2380 4895 αἰδῶ
2413 4845 2447 4913 ή
2474 4844 2632 4913 γυνή.
2669 4864 2687 4895 ι
2727 4844 3031 4913 Τοιγαροῦν
3060 4847 3088 4898 ὁ
3129 4844 3416 4914 φιλόσοφος
3445 4845 3542 4906 τὰς
3569 4861 3708 4912 νυμ-

423 4941 786 5011 philosophus
819 4941 1029 5012 pudore
1069 4956 1301 5012 sponsas
1328 4938 1501 5000 exuit,
1529 4945 1586 4989 et
1614 4934 2011 5004 impudentiam

2120 4933 2423 5004 φευομένας
2477 4938 2676 5004 γυμνοῖ
2731 4938 2829 5006 τῆς
2881 4935 3084 4998 αἰδοῦς.
3140 4937 3236 4989 καὶ
3262 4936 3534 4989 ἀναίδειαν
3562 4934 3707 4989 ἐκδι-

425 5033 607 5089 docet.
643 5034 701 5087 ln
735 5034 950 5089 decimo
983 5034 1148 5090 etiam
1180 5033 1377 5102 Legum
1415 5029 1579 5091 libro,
1605 5041 1844 5080 consona
1871 5025 2009 5080 scri-

2117 5026 2324 5079 δάσκει.
2355 5027 2472 5080 Κάν
2509 5025 2586 5096 τῷ
2615 5027 2825 5096 δεκάτῳ
2849 5027 2905 5080 δὲ
2937 5027 3045 5080 τῶν
3075 5029 3287 5096 Νόμων
3310 5027 3423 5100 [τὰ]
3453 5028 3498 5060 ³⁸
3528 5043 3708 5096 παρα-

425 5128 536 5198 psit
569 5125 644 5198 (p.
687 5128 781 5182 771
832 5126 919 5199 Ε).
961 5146 978 5178 ι
1012 5127 1206 5197 Hujus.
1241 5121 1439 5192 inquit,
1472 5119 1551 5174 rei
1582 5133 1747 5174 causa
1793 5126 2011 5189 oportet

2117 5117 2322 5188 πλήσια
2344 5118 2621 5189 γέγραφεν
2644 5158 2658 5172 .
2701 5137 2718 5168 ‹
2752 5118 2794 5170 Τ
2797 5119 2862 5188 ἧς
2889 5117 2998 5190 γάρ
3031 5118 3305 5190 τοιαύτης,
3341 5118 3496 5191 φησὶ,
3534 5135 3705 5171 σπου-

1751 5259 1986 5316 VARIAS
2026 5258 2428 5322 LECTIONES,

501 5386 546 5418 ⁸⁸
575 5384 892 5456 Τιϐαρηνοῖ.
923 5382 1242 5456 στιϐαρῃνοὶ
1267 5381 1327 5435 Β.
1361 5378 1660 5456 στιϐαρινο)
1786 5379 1907 5433 Mox
1931 5376 2182 5456 ὴρικότες
2211 5373 2273 5430 C.
2351 5376 2394 5456 ξδ
2423 5375 2522 5427 οὑκ
2547 5373 2625 5427 ἔτι
2645 5374 2691 5456 δ’
2720 5373 3014 5456 οὔτι-οὔτε
3039 5374 3096 5428 δὲ
3116 5372 3353 5456 (οὑκῇέτι.
3370 5373 3701 5456 suprascr).

426 5453 548 5510 οὔτε
580 5456 640 5510 Β.
665 5444 1048 5525 8ὺρί·3λόγι.υν
1187 5444 1559 5525 progenie}:
1609 5449 1653 5525 ’τ
1674 5450 1782 5525 τῶν
1803 5463 1914 5503 om.
1955 5447 2016 5502 C.
2040 5517 2084 5525 μ
2120 5445 2168 5525 ξε
2199 5445 2490 5525 τοσαύτην.
2513 5444 2787 5525 τοσαύτην
2816 5446 2927 5525 γάρ
2951 5445 3012 5500 C.
3129 5445 3172 5478 ¹⁹
3195 5444 3310 5525 ,τῶν
3337 5444 3504 5525 ἐθνῶν
3535 5462 3705 5525 μετα-

427 5527 610 5579 ϐολῦν.
647 5515 958 5593 μεταϐολὴν
975 5522 1081 5576 τῶν
1104 5515 1272 5575 ἐθνῶν
1298 5521 1358 5576 Β.
1381 5515 1524 5572 ἒθῶν
1546 5519 1677 5590 legit
1700 5519 1843 5574 inter
1883 5533 1989 5571 res.
2040 5517 2086 5548 ’θ
2113 5515 2378 5588 ὑπολάϐῃ.
2407 5515 2664 5569 ὑπολάϐοι
2692 5515 2754 5571 C.
2830 5517 2874 5548 ²¹
2903 5515 3294 5584 γεγηρακυίας.
3326 5515 3704 5584 πρεσϐυτέρας

427 5576 556 5651 Vb.‘
616 5596 662 5626 ι’
691 5597 718 5649 ὁ
744 5596 823 5650 δέ.
853 5597 880 5648 ὁ
913 5593 970 5647 δέ
992 5609 1054 5660 γε
1083 5593 1142 5648 Β.
1190 5594 1249 5646 'o
1272 5592 1328 5644 δέ
1356 5607 1418 5658 γε
1447 5591 1591 5645 λαῶν
1617 5590 1679 5645 C.
1771 5536 1956 5661 aram
1982 5602 2093 5661 om.
2121 5586 2182 5661 Β.
2209 5586 2310 5661 νοτ
2341 5586 2509 5661 ἀτελῆ
2557 5586 2659 5661 Υι).
2691 5587 2788 5661 ξεςᾲ
2826 5603 2913 5661 ει,
2934 5587 3178 5661 Pluma}:3
3237 5585 3460 5661 opinor;
3491 5595 3547 5641 et
3573 5599 3701 5661 m9!

427 5574 1054 5660 νί)ζ⁶”ιῖ’ὀ“ὲέζό⁸δέγε
1083 5574 1152 5648 Β.
1190 5574 1328 5646 Ὁδέ
1356 5607 1418 5658 γε
1447 5574 1679 5645 iam.
1771 5574 2093 5660 "[amqm.
2121 5574 2509 5660 avsa-.315
2557 5586 2659 5660 γι).
2691 5587 2788 5660 seu
2839 5574 3178 5660 exi'Platone.
3237 5574 3460 5660 Opinbr:
3491 5595 3547 5641 et
3573 5574 3701 5660 n‘igi

424 5665 660 5719 δοέπων.
736 5664 782 5697 ³⁸
817 5665 959 5720 οὑδέ.
995 5659 1118 5717 οὔτε
1143 5661 1206 5718 C.
1300 5663 1347 5696 ”
1377 5661 1553 5729 λόγος.
1600 5661 1762 5731 νόμος

1993 5658 2040 5691 ’⁸
2077 5658 2190 5712 καί.
2229 5657 2324 5710 καὶ
2354 5659 2421 5711 τά
2450 5653 2514 5721 Β,
2551 5655 2614 5712 C.
2691 5656 2737 5687 ⁸⁷
2765 5658 2863 5712 δεῖ.
2895 5659 3003 5712 δεῖν
3024 5657 3088 5720 Β,
3117 5657 3219 5712 Vb.
3276 5653 3288 5658 ⁷
3319 5657 3366 5690 ’⁸
3395 5653 3462 5711 αὖ
3495 5671 3606 5711 om.
3633 5655 3699 5711 C.

427 5736 772 5807 "£13149.
807 5735 1024 5807 ἑκάστῳ
1049 5734 1111 5807 Β,
1130 5733 1194 5807 β.
1259 5734 1347 5807 _'°
1536 5732 1643 5807 γάρ
1665 5726 1860 5807 ’που-Β.
1962 5729 2004 5761 ⁹¹
2040 5729 2319 5799 ἠλακάτην
2351 5728 2395 5781 τ’
2413 5728 2512 5798 ηδ’.
2542 5726 2820 5801 ἠλακάτην
2845 5745 2900 5780 τε
2929 5727 3021 5780 καὶ
3054 5727 3113 5783 Β.
3189 5729 3232 5760 ³³
3261 5728 3410 5795 λέγει
3437 5727 3514 5782 δέ.
3546 5727 3700 5795 λέγει

430 5803 621 5877 γᾶρῦ.
673 5798 745 5836 ’³³
773 5798 1007 5879 χιτῶνα(
1028 5804 1231 5860 κιθῶνα
1259 5804 1319 5863 Β.
1385 5798 1583 5877 ’³⁵’[τά]
1613 5798 1727 5856 om.
1760 5798 1822 5856 C.
