4066 6420
369 295 506 410 toto

1036 342 1474 404 GRJECARUM
1509 341 1812 402 AFFECT.
1850 339 1945 400 CU

2049 341 2289 403 .ΤΙΟ.-
2314 344 2418 428 Ix.
2462 346 2560 407 DE
2603 345 2954 407 LEGIBUS.

3498 346 3636 411 1050

365 456 463 526 δῆς
498 453 663 506 ἕνεκα
694 449 800 522 χρὴ
823 449 1040 514 καὶτὰς
1060 450 1307 514 παιδείας
1332 449 1600 504 ποιεῖσθαι
1620 447 1945 520 χορεύοντάς

2050 448 2394 520 disciplinam
2442 455 2742 521 constitui,
2787 464 2848 510 ut
2893 465 3001 510 tam
3047 456 3202 525 pueri
3240 471 3403 525 quam
3437 459 3633 526 puella:

366 567 426 604 τε
461 548 557 602 καὶ
585 547 630 580 ⁸⁸
661 545 1014 619 χορευούσας,
1047 546 1242 616 κόρους
1269 562 1330 598 τε
1360 546 1455 598 καὶ
1487 545 1676 615 κόρας,
1703 543 1797 597 καὶ
1832 542 1950 612 ἅμα

370 642 438 713 δὴ
469 639 813 710 θεωροῦντας
848 639 943 694 καὶ
981 639 1408 709 θεωρουμένους,
1447 636 1588 708 μετὰ
1622 633 1667 668 ³⁸
1711 635 1868 703 λόγου
1890 653 1949 689 τε

367 737 464 789 καὶ
501 733 722 803 ἡλικίας
773 733 933 795 τινὸς
967 731 1195 802 ἐχούσας
1242 731 1480 794 ἐοικυίας
1529 730 1573 762 ³⁷
1623 728 1947 801 προφάσεις,

367 824 609 895 γυμνούς
662 842 720 877 τε
751 825 846 876 καί¹
883 823 1116 893 γυμνάς,
1153 822 1423 892 μέχριπερ
1453 819 1632 878 αἰδοῦς
1675 819 1950 888 σώφρονος

369 918 637 970 ἑκάστων.
677 936 694 968 ι
744 914 885 982 Ἐγὼ
913 915 969 968 δέ
997 914 1092 984 τὴν
1118 914 1214 984 μὲν
1244 913 1492 966 ἐντεῦθεν
1529 912 1802 981 φυομένην
1843 909 1948 962 λώ·

367 1008 470 1076 δην
512 1005 647 1076 ὁρῶ,
697 1005 888 1074 κέρδος
935 1003 990 1055 δέ
1023 1003 1170 1055 οὐδὲν
1196 1003 1288 1068 ξὺν
1342 1001 1512 1071 ταύτῃ
1556 1000 1840 1070 φυόμενον.
1874 998 1948 1050 Οὐ

367 1098 478 1165 γάρ
513 1113 616 1148 που
671 1095 832 1165 μόνον
882 1096 960 1156 εἰς
999 1094 1275 1146 ἀναίδειαν
1336 1089 1808 1160 ἐπαιδοτριΰοῦντο
1854 1105 1951 1154 γυ-

371 1188 671 1260 μνούμεναι
697 1189 790 1241 καὶ
819 1187 1058 1257 γυμνοὺς
1076 1187 1120 1217 ³⁸
1154 1185 1353 1256 ἄνδρας
1380 1183 1668 1252 θεώμεναι,
1694 1182 1828 1234 ἀλλὰ
1855 1180 1949 1234 καὶ

368 1279 572 1340 πολλὰς
629 1277 881 1344 ἀλλήλοις
934 1275 1190 1346 ἀφορμὰς
1233 1273 1565 1344 προὺξένουν
1628 1271 1946 1333 ἀκολασίας.

369 1371 489 1422 Τῶν
527 1369 636 1439 γὰρ
669 1368 732 1440 δὴ
765 1367 990 1438 γυμνῶν
1044 1367 1313 1434 σωμάτων
1359 1367 1393 1436 η
1442 1364 1643 1434 Θεωρία
1691 1363 1784 1416 καὶ
1824 1363 1949 1425 τοὺς

370 1463 566 1532 ἄνδρας
590 1462 684 1514 καὶ
715 1459 812 1524 τὰς
844 1463 1107 1529 γυναῖκας
1145 1461 1224 1522 εἰς
1266 1457 1472 1528 ἔρωτας
1509 1456 1775 1519 ἐκτόπους
1817 1453 1950 1524 ἡρέ-

368 1553 536 1618 θιζεν.

450 1644 589 1697 Ἀλλ’
609 1644 696 1697 ’ίνα
733 1644 808 1714 μὴ
852 1643 1130 1705 παντελῶς
1165 1640 1261 1712 τὴν
1305 1641 1369 1694 ἐκ
1405 1639 1573 1693 τῶνδε
1605 1637 1715 1691 τῶν
1767 1637 1950 1708 νόμων

368 1737 649 1807 φυομένην
700 1736 905 1806 βλάϐην
949 1731 1386 1804 ἀπογυμνοῦντες
1414 1731 1456 1763 ³⁸
1487 1729 1841 1803 λοιδορεῖσθαι
1868 1727 1945 1798 τῷ

367 1827 644 1898 φιλοσόφῳ
675 1826 934 1895 δόξωμεν,
965 1826 1066 1878 οὑκ
1088 1824 1350 1894 ἐλέγχειν,
1375 1823 1468 1876 ἐπὶ
1485 1823 1610 1882 τοὺς
1634 1820 1944 1889 παγκάλους

364 1922 476 1974 τῶν
529 1922 725 1990 γάμων
781 1918 1110 1990 μεταϐῶμεν
1162 1917 1360 1987 νόμους
1407 1914 1474 1979 ⁸ο,
1517 1914 1770 1985 μετρίους
1821 1913 1946 1976 τοὺς

365 2015 620 2083 ἐλέγχους
644 2011 976 2078 ποιούμενοι.
1023 2009 1365 2078 Ἀκούσωμεν
1393 2007 1568 2060 τοίνυν
1595 2006 1652 2058 ἐν
1676 2003 1949 2071 Πολιτείᾳ

363 2104 648 2173 λέγοντος·
698 2121 716 2153 ι
761 2100 997 2171 Ἀνδρῶν
1025 2099 1230 2152 τούτων
1280 2097 1533 2152 ἁπάντων
1584 2095 1762 2158 πάσας
1806 2089 1945 2147 εἶναι

363 2196 630 2262 γυναῖκας
673 2190 879 2254 κοινάς,
919 2189 1024 2256 ἰδίᾳ
1045 2189 1101 2241 δὲ
1133 2187 1406 2257 μηδεμίαν
1434 2184 1622 2254 μηδενὶ
1650 2184 1942 2247 ξυνοικεῖνυ

363 2285 461 2338 καὶ
489 2285 614 2344 τοὺς
650 2282 843 2343 παῖδας
877 2277 944 2332 αὖ
981 2278 1192 2342 κοινούς
1217 2293 1232 2308 ο
1269 2279 1362 2329 καὶ
1405 2275 1541 2344 μήτε
1578 2273 1739 2341 γονέα
1770 2275 1812 2304 ¹⁸¹
1853 2272 1947 2326 ἔκ-

363 2391 523 2442 γονον
577 2371 774 2424 εἰδέναι
824 2370 917 2423 τὸν
976 2367 1143 2423 αὐτού
1194 2369 1260 2432 δ’,
1308 2370 1442 2437 μήτε
1475 2365 1668 2426 παῖδας
1696 2363 1877 2432 γονέα.
1921 2380 1942 2413 ι

363 2461 500 2518 Εἶτα
560 2463 917 2516 ἐπισυνάπτει
939 2478 954 2493 ·
994 2480 1012 2512 ι
1046 2455 1140 2524 Εἷς
1199 2459 1296 2529 μὲν
1328 2459 1372 2490 ⁸³
1409 2458 1608 2520 τοίνυν,
1640 2452 1707 2527 ἦν
1741 2455 1786 2508 δ’
1812 2453 1942 2522 ἐγὼ,

363 2557 662 2627 νομοθέτης
689 2558 876 2618 αὐτοῖς
903 2554 1094 2624 ῶσπερ
1124 2554 1248 2614 τοὺς
1273 2551 1490 2622 ἄνδρας,
1520 2549 1692 2612 οὕτως
1725 2549 1816 2601 καὶ
1847 2548 1944 2610 τὰς

362 2652 633 2718 γυναῖκας
691 2647 916 2712 ἐκλέξας
971 2642 1559 2716 παραδώσειικαθόέον
1589 2636 1699 2694 οἶόν
1732 2659 1791 2694 τε
1824 2643 1945 2712 δμο-

364 2743 540 2812 φυεῖς.
594 2740 658 2793 Οἰ
709 2739 787 2802 δέ,
828 2739 922 2792 ἆτε
959 2737 1024 2808 δὴ
1071 2735 1248 2799 οἰκίας
1277 2753 1334 2788 τε
1381 2735 1474 2788 καὶ
1513 2735 1760 2800 ξυσσίτια
1792 2733 1946 2787 κοινά

363 2835 602 2903 ἔχοντες.
635 2832 742 2902 ἰδίᾳ
769 2831 826 2884 δὲ
853 2830 1064 2893 οὐδενὸς
1087 2830 1239 2882 οὐδὲν
1258 2827 1495 2882 τοιοῦτον
1519 2827 1564 2858 ⁸⁸
1586 2827 1943 2896 κεκτημένου,

362 2923 498 2996 όμοῦ
523 2925 567 2956 ⁸⁸
598 2923 663 2994 δὴ
685 2923 918 2985 ἔσονται,
950 2921 1085 2992 ὁμοῦ
1116 2920 1655 2990 δ’ἀναμεμιγμένων
1689 2919 1734 2950 ⁸⁸
1764 2921 1857 2973 καὶ
1887 2922 1944 2973 ἐν

360 3016 687 3087 γυμνασίοις
717 3015 812 3068 καὶ
845 3016 901 3066 ἐν
921 3016 986 3082 τῇ
1013 3013 1146 3083 ἄλλη
1177 3017 1374 3083 τροφῇ,
1405 3012 1496 3064 ὑπ’
1544 3013 1812 3084 ἀνάγκης,
1869 3010 1947 3068 οἶ.

2052 540 2285 598 choreas
2309 545 2611 610 celebrent,
2639 555 2996 618 spectentque
3022 562 3086 601 ac
3104 547 3269 616 939
3291 556 3628 617 spectentur.

2051 629 2298 702 Cumque
2342 634 2552 690 ratione
2595 643 2650 690 et
2690 645 2869 700 aetate,
2904 652 3026 706 quae
3064 635 3264 690 habeat
3294 643 3633 705 opportunas

2052 739 2117 778 ac
2147 726 2463 794 probabiles
2489 743 2701 792 causas,
2729 739 2785 782 et
2815 728 2916 784 hos
2944 737 3000 783 et
3037 729 3156 782 illas
3184 727 3379 784 nudari
3408 727 3635 796 permit-

2053 816 2240 879 timus,
2276 832 2450 886 usque
2497 817 2627 871 dum
2667 819 3005 888 singulorum
3039 820 3217 888 pudor
3251 819 3632 887 modestiaque

2052 915 2321 962 servetur.
2356 928 2373 959 ›
2404 909 2518 978 Ego
2559 925 2691 963 vero
2724 925 2972 980 magnam
3001 911 3131 965 hinc
3172 911 3410 964 suboriri
3442 910 3632 980 perni-

2052 996 2192 1050 ciem
2229 997 2412 1060 video,
2444 999 2796 1062 commodum
2825 1015 2956 1053 vero
2991 1001 3201 1054 nullum
3232 1016 3357 1054 eum
3387 1001 3474 1054 illa
3505 1017 3632 1069 pro-

2051 1087 2259 1141 venire.
2286 1088 2403 1142 Non
2429 1089 2592 1143 modo
2615 1090 2762 1143 enim
2787 1090 2853 1144 ad
2884 1091 3274 1160 impudentiam
3302 1093 3634 1146 erudieban-

2052 1189 2142 1234 tur
2170 1181 2407 1245 nudate,
2443 1181 2732 1252 nudosque
2762 1183 2910 1237 viros
2939 1192 3270 1252 spectantes,
3299 1184 3391 1237 sed
3431 1185 3631 1253 multas

2052 1273 2286 1328 invicem
2338 1275 2750 1329 incontinentiae
2783 1275 3102 1328 occasiones
3149 1275 3482 1343 praebebant.
3518 1275 3631 1329 Nu-

2050 1365 2246 1419 dorum
2279 1367 2426 1420 enim
2456 1382 2746 1436 corporum
2774 1376 3028 1435 aspectus
3054 1366 3122 1420 ad
3149 1364 3389 1420 nefarios
3417 1380 3636 1418 amores

2049 1468 2107 1514 et
2136 1460 2286 1515 viros
2310 1469 2366 1515 et
2387 1459 2619 1514 feminas
2642 1459 2996 1533 provocabat.

2122 1642 2227 1697 Sed
2250 1659 2318 1697 ne
2347 1652 2657 1699 manantem
2684 1658 2749 1698 ex
2784 1643 2870 1698 liis
2901 1642 3114 1713 legibus
3150 1643 3449 1711 perniciem
3480 1643 3632 1696 omni

2050 1750 2118 1790 ex
2151 1744 2308 1806 parte
2352 1737 2678 1799 revelantes,
2715 1735 3012 1790 conviciari
3057 1735 3242 1804 potius
3302 1735 3631 1804 philosopho

2052 1827 2358 1891 videamur,
2387 1843 2549 1897 quam
2568 1843 2694 1882 eum
2717 1828 2988 1884 refellere.
3007 1827 3072 1882 ad
3103 1827 3392 1896 praeclaras
3421 1843 3633 1882 connu-

2050 1918 2270 1972 biorum
2299 1918 2446 1988 leges
2491 1925 2852 1982 transeamus,
2896 1919 3197 1974 moderatis
3239 1919 3630 1987 reprehensio-

2049 2007 2213 2061 nibus
2244 2016 2481 2063 utentes.
2526 2008 2830 2062 Audiamus
2883 2009 3068 2079 itaque
3123 2009 3178 2063 in
3233 2008 3514 2078 Republica
3549 2008 3631 2065 sic

2048 2099 2364 2168 loquentem
2408 2101 2483 2168 (p.
2518 2100 2621 2154 457
2652 2100 2716 2168 D)
2761 2117 2773 2152 :
2809 2119 2833 2161 ,ι
2864 2099 3074 2154 Horum
3105 2102 3350 2156 omnium
3382 2101 3629 2155 virorum

2050 2205 2371 2245 communes
2402 2206 2523 2245 esse
2575 2206 2796 2255 uxores,
2843 2192 2980 2246 nulli
3026 2207 3160 2246 vero
3199 2193 3478 2262 propriam
3526 2191 3630 2246 sub

2049 2282 2244 2337 eodem
2275 2290 2422 2336 tecto
2447 2282 2697 2336 habitare
2729 2300 2742 2335 :
2774 2281 2914 2337 ﬁlios
2938 2287 2955 2304 '
2984 2284 3114 2338 item
3152 2284 3410 2338 omnibus
3439 2297 3632 2338 omnes

2049 2373 2370 2427 cemmunes
2401 2389 2522 2429 esse
2554 2391 2567 2426 :
2599 2374 2674 2427 ita
2698 2383 2754 2427 ut
2779 2391 2957 2445 neque
2983 2384 3138 2444 pater
3177 2376 3313 2431 sciat
3355 2391 3517 2446 quem
3564 2391 3633 2431 ex

2048 2481 2106 2520 se
2129 2465 2299 2519 filium
2339 2467 2712 2536 progenucrit,
2738 2482 2917 2536 neque
2945 2467 3090 2521 filius
3122 2484 3185 2523 ex
3217 2484 3328 2537 quo
3361 2478 3520 2522 natus
3561 2469 3635 2522 sit

2046 2565 2221 2626 patre.
2254 2576 2271 2606 ι
2301 2556 2506 2610 Deinde
2528 2556 2809 2627 adjungit:
2838 2577 2854 2606 ι
2881 2558 3230 2628 Unusigitur,
3260 2559 3478 2628 inquam
3505 2573 3628 2627 ego,

2045 2647 2321 2718 legislator
2338 2647 2799 2717 quemadmodum
2819 2649 2986 2711 viros,
3021 2649 3093 2704 ita
3109 2659 3165 2703 et
3190 2650 3454 2703 mulieres
3474 2649 3630 2718 prius

2046 2741 2385 2810 eligetatque
2411 2739 2464 2792 in
2492 2739 2895 2793 matrimonium
2920 2741 3090 2805 dabit,
3121 2757 3320 2796 curans
3351 2749 3428 2803 ut,
3447 2739 3630 2810 quoad

2047 2833 2167 2886 fieri
2201 2842 2399 2902 potest,
2427 2831 2634 2886 similes
2664 2831 2767 2884 sibi
2797 2831 2908 2886 sint
2952 2833 3195 2902 ingenio.
3236 2833 3317 2886 llli
3343 2841 3524 2886 autem
3556 2832 3632 2887 ita

2048 2925 2349 2995 conjuncti,
2379 2932 2441 2978 ut
2467 2933 2522 2978 et
2542 2939 2862 2979 communes
2911 2924 3106 2978 domos
3132 2923 3372 2978 babeant
3399 2932 3454 2978 et
3476 2939 3629 2978 com-

2048 3022 2201 3072 muni
2240 3032 2427 3071 mensa
2458 3023 2705 3078 utantur,
2742 3015 2882 3069 nihil
2909 3030 3100 3070 earum
3129 3031 3314 3070 rerum
3350 3014 3633 3084 proprium

367 3128 489 3180 μαι,
521 3108 621 3178 τῆς
651 3106 895 3176 ἐμφύτου
926 3105 968 3137 ’⁵⁷
997 3103 1212 3169 ἄξονται
1235 3104 1369 3175 πρὸς
1389 3103 1487 3173 τὴν
1511 3103 1755 3173 ἀλλήλων
1780 3105 1943 3172 μίξιν.

2053 3111 2157 3165 sibi
2189 3125 2253 3164 ac
2285 3125 2444 3163 suum
2480 3108 2663 3178 aliquo
2687 3107 2852 3179 9&0
2876 3107 3214 3177 possidente,
3253 3107 3415 3161 simul
3453 3104 3630 3160 conti-

360 3199 442 3255 '}l
477 3203 578 3255 ούκ
602 3198 877 3269 ἀναγκαῖά
906 3215 988 3250 σοι
1021 3196 1162 3250 δοκῶ
1195 3197 1413 3263 λέγειν;
1446 3198 1519 3249 Οὐ
1545 3202 1945 3269 γεωμετρικαῖς

360 3313 451 3364 γε,
475 3289 510 3365 ἦ
535 3295 577 3347 δ’
605 3292 685 3355 ὃς,
708 3291 822 3345 ἀλλ’
847 3292 1139 3361 ἐρωτικαῖς
1160 3289 1447 3356 ἀνάγκαις,
1472 3288 1526 3341 αἳ
1549 3289 1946 3343 κινδυνεύουσιν

361 3386 591 3440 ἐκείνων
622 3383 944 3455 δριμύτεραι
981 3379 1025 3412 ⁸⁸
1059 3376 1195 3433 εἶναι
1229 3379 1362 3448 πρὸς
1396 3379 1456 3432 τὸ
1480 3379 1686 3433 πείθειν
1713 3379 1816 3450 ιτε]
1853 3383 1946 3434 καὶ

364 3477 412 3510 δ’
455 3477 636 3530 ἕλκειν
669 3476 758 3528 τὸν
791 3473 959 3526 πολὺν
989 3471 1145 3526 λεών.
1181 3490 1199 3520 ι
1235 3473 1357 3524 Ὅτι
1410 3471 1507 3539 μὲν
1544 3467 1639 3524 οὖν
1675 3473 1702 3523 ὁ
1733 3472 1946 3540 φιλόσο-

362 3589 466 3640 φος
507 3568 693 3632 κοινὰς
739 3562 878 3620 εἶναι
903 3565 1000 3628 τὰς
1028 3566 1294 3633 γυναῖκας
1322 3564 1596 3623 ἐκέλευσε,
1633 3563 1858 3633 μακρῶν
1885 3565 1943 3617 οὐ

360 3663 444 3716 δεῖ
482 3661 656 3727 λόγων
684 3662 763 3722 είς
807 3658 1047 3726 ἔλεγχον.
1084 3656 1252 3718 Αὐτὸς
1283 3656 1391 3723 γάρ
1421 3656 1465 3687 ⁸ο
1501 3655 1562 3727 δή
1594 3672 1676 3707 τοι
1718 3656 1946 3727 διαρῤἡ-

361 3753 460 3822 δην
475 3749 887 3821 νενομοθέτηκε,
911 3748 1004 3800 καὶ
1020 3747 1116 3816 τῆς
1141 3747 1324 3816 κοινῆς
1339 3745 1620 3812 ξυνουσίας
1643 3745 1742 3816 τὴν
1770 3747 1944 3814 ἀνάγ-

362 3861 470 3914 κην
523 3839 859 3908 ἐπινενόηκε.
903 3838 1071 3906 Κοινῇ
1125 3834 1265 3904 γὰρ,
1311 3835 1450 3904 ἔφη,
1516 3833 1810 3896 οἰκοῦντες,
1855 3833 1948 3886 καὶ

363 3931 520 3999 κοινῇ
561 3927 880 3996 ἑστιώμενοι
909 3924 1003 3976 καὶ
1037 3923 1462 3992 γυμναζόμενοι,
1499 3923 1604 3976 ὑπὸ
1641 3924 1740 3992 τῆς
1770 3923 1946 3993 ἐμφύ-

362 4041 460 4079 του
510 4019 803 4090 ἐπιθυμίας
841 4019 977 4088 πρὸς
1013 4017 1110 4086 τὴν
1155 4015 1398 4084 ἀλλήλων
1445 4015 1588 4086 μίξιν
1621 4015 1944 4086 ὠθήσονται.

366 4115 479 4170 Καὶ
511 4112 668 4166 τοῦτο
693 4110 757 4180 δὴ
801 4111 1015 4171 κοινοὺς
1055 4109 1180 4169 τοὺς
1228 4107 1581 4176 τικτομένους
1633 4106 1945 4175 ἀποφαίνει,

363 4205 539 4266 ἀδεῶς
589 4203 819 4256 ἑκάστου
864 4203 985 4262 ταῖς
1018 4196 1450 4270 προστυχούσαις
1474 4196 1826 4267 ὁμιλούντων,
1854 4198 1948 4250 καὶ

363 4296 544 4350 οἰκεῖά
570 4291 721 4365 [151]
750 4309 812 4360 γε
840 4291 1166 4360 νομιζόντων
1190 4289 1256 4340 τὰ
1279 4287 1383 4341 ὑπὸ
1408 4288 1609 4342 τούτων
1633 4291 1947 4358 τικτόμενα.

365 4386 541 4447 Τοῦτό
580 4385 620 4416 ³⁸
660 4401 742 4436 τοι
769 4379 1040 4452 νενοηκὼς
1078 4381 1105 4431 ὁ
1139 4377 1685 4448 προσδιαλεγόμενος,
1715 4377 1808 4431 τοῦ
1834 4380 1951 4432 Σω-

2048 3218 2158 3257 nue
2200 3201 2546 3255 vietitabunt.
2587 3199 2904 3253 Promiscue
2935 3214 3065 3252 vero
3114 3198 3187 3252 ita
3212 3197 3476 3260 conserti,
3517 3204 3636 3250 tum

2048 3292 2104 3346 in
2147 3291 2461 3361 gymnasiis,
2501 3297 2615 3342 tum
2646 3302 2781 3342 vero
2813 3295 2870 3342 et
2907 3287 3031 3340 aliis
3089 3287 3146 3341 in
3180 3286 3397 3350 ciliciis,
3427 3303 3496 3342 ex
3533 3301 3633 3341 ne-

2047 3389 2298 3438 cessitate
2323 3381 2478 3434 inditi
2500 3396 2529 3433 a
2557 3388 2750 3433 natura
2771 3380 3065 3449 appetitus,
3091 3379 3158 3434 ad
3189 3387 3432 3433 mutuam
3464 3394 3634 3448 agen-

2050 3484 2138 3530 tur
2163 3473 2626 3529 commistionem.
2659 3473 2855 3526 Annon
2897 3472 3017 3535 tibi,
3063 3487 3271 3541 quaeso,
3305 3470 3498 3524 videor
3533 3485 3631 3524 ne-

2046 3566 2286 3622 cessaria
2339 3565 2770 3619 demonstrare?
2818 3562 3188 3626 Necessariis,
3257 3561 3436 3630 inquit
3491 3559 3583 3612 ille
3615 3598 3631 3625 ,

2047 3652 2628 3715 demonstrationibus,
2659 3667 2769 3704 non
2795 3651 3167 3722 geometricis,
3203 3650 3297 3705 sed
3325 3649 3632 3711 amatoriis,

2049 3744 2225 3798 multo
2255 3757 2419 3813 quam
2446 3743 2551 3796 illa:
2573 3742 2981 3812 potentioribus
3007 3742 3072 3796 ad
3097 3741 3405 3796 faciendam
3433 3740 3636 3809 pepulo

2050 3837 2246 3901 ﬁdem,
2284 3834 2743 3904 “trahendumque
2801 3850 2912 3905 quo
2960 3835 3151 3888 velint.
3185 3853 3204 3884 ι
3261 3831 3417 3898 Quod
3471 3832 3638 3902 igitur

2049 3943 2371 3983 communes
2430 3941 2552 3980 esse
2605 3941 2807 3980 uxores
2869 3925 3196 3996 przeceperit
3241 3923 3635 3993 philosophus,

2047 4021 2209 4090 longa
2238 4018 2485 4072 oratione
2532 4017 2598 4071 ad
2638 4017 3019 4086 probationem
3052 4033 3160 4071 non
3208 4025 3296 4070 est
3325 4031 3484 4085 opus.
3520 4014 3638 4083 Ipse

2049 4112 2195 4167 enim
2221 4119 2408 4180 aperte
2434 4110 2634 4173 sanxit,
2665 4117 2720 4162 et
2745 4109 3044 4178 promiscui
3077 4107 3405 4160 concubitus
3446 4121 3636 4160 neces-

2015 4205 2017 4207 ’
2050 4203 2266 4259 sitatem
2282 4201 2627 4271 excogitavit.
2659 4199 3138 4255 «Communienim
3158 4199 3343 4258 domo,
3361 4196 3638 4265 inquit,et

2051 4291 2329 4349 communi
2349 4305 2536 4344 mensa
2560 4288 2954 4360 gymnasioque
2981 4295 3220 4349 utentes,
3248 4286 3317 4338 ab
3347 4285 3513 4339 insito
3535 4299 3637 4338 na-

2053 4394 2191 4440 turae
2219 4383 2486 4454 appetitu,
2523 4381 2592 4435 ad
2636 4388 2882 4435 mutuam
2921 4378 3276 4448 impellentur
3297 4375 3638 4430 commistio-

365 4481 602 4551 κράτους
660 4475 979 4545 εἰρηκότος·
1022 4490 1039 4522 ι
1078 4466 1155 4524 Ἦ
1204 4471 1304 4522 οὐκ
1346 4470 1621 4537 ἀναγκαῖά
1671 4487 1752 4523 σοι
1803 4471 1946 4526 δοκῶ

2051 4493 2200 4541 nem,
2231 4474 2377 4545 quod
2399 4473 2618 4543 quidem
2639 4485 2959 4526 communes
2981 4467 3240 4523 omnibus
3261 4467 3466 4521 liberos
3487 4465 3637 4530 facit,

364 4575 547 4640 λέγειν
571 4587 586 4634 ;
624 4590 642 4620 ι
685 4569 994 4637 ἐπήγαγεν·
1033 4584 1050 4615 ι
1075 4565 1146 4617 Οὐ
1172 4564 1572 4631 γεωμετρικαῖς
1593 4580 1654 4629 γε
1675 4562 1789 4614 ἀλλ’
1807 4565 1944 4634 Eph»

363 4666 548 4725 τικαῖς
565 4661 852 4728 ἀνάγκαις,
872 4656 928 4711 αἳ
949 4655 1350 4710 κινδυνεύουσιν
1376 4653 1597 4706 ἐκείνων
1625 4653 1947 4725 δριμύτεραι

370 4750 517 4806 εἶναι
551 4750 688 4820 πρὸς
718 4749 778 4802 τὸ
819 4746 1029 4800 πείθειν
1063 4747 1155 4798 καὶ
1195 4745 1378 4798 ’ἐλκειν
1406 4745 1497 4798 τὸν
1533 4744 1700 4797 πολὺν
1729 4745 1885 4798 λεών.
1929 4765 1947 4797 ι

389 4843 536 4911 Ἐγὼ
564 4844 620 4897 δὲ
649 4842 755 4896 τῶν
785 4841 880 4893 νῦν
901 4842 968 4893 τά
987 4840 1273 4900 Πλάτωνος
1294 4838 1618 4908 ἑρμηνεύειν
1637 4839 1950 4904 ἐθελόντων,

378 4939 584 5010 μᾶλλον
609 4936 665 4989 δὲ
687 4932 1126 5004 παρερμηνεύειν
1157 4931 1536 5000 πειρωμένων,
1568 4930 1668 4983 θαυ
1677 4930 1831 5000 μάξω
1854 4933 1953 5002 τὴν

369 5030 676 5086 ἀναίδειαν’
709 5026 842 5096 φασὶ
871 5025 977 5094 γὰρ
1001 5023 1164 5076 αὑτὸν
1214 5021 1289 5092 μὴ
1336 5021 1616 5086 ξυνουσίαν
1657 5023 1953 5094 νομοθετῆ-

372 5139 468 5177 cat
520 5121 566 5152 ⁸²
623 5119 827 5189 κοινὴν,
885 5115 1020 5170 ἀλλὰ
1079 5114 1299 5184 φιλικὴν
1357 5114 1666 5178 κοινωνίαν,
1711 5115 1808 5168 καὶ
1856 5117 1958 5169 οὐκ

2054 4583 2179 4623 cum
2224 4567 2278 4620 in
2329 4579 2713 4636 quamcunque
2736 4562 2861 4631 quis
2895 4559 3174 4622 inciderit,
3208 4575 3334 4614 cum
3365 4574 3428 4612 ea
3466 4557 3640 4615 libere

2055 4657 2372 4720 misceatur,
2413 4669 2623 4724 proque
2653 4668 2752 4707 suo
2782 4651 3073 4705 habiturus
3111 4651 3186 4705 sit
3219 4649 3486 4720 quidquid
3514 4648 3642 4710 inde

2055 4757 2333 4805 nascatur.
2367 4766 2384 4797 ι
2416 4745 2531 4800 lloc
2569 4743 2879 4814 intelligens
2910 4742 3004 4812 qui
3045 4742 3482 4812 colloquebatnr,
3517 4756 3642 4796 cum

2057 4857 2186 4897 eum
2238 4839 2632 4907 interrogasset
2687 4834 2971 4898 Socrates,
3031 4851 3050 4884 ι
3085 4833 3283 4888 Annon
3335 4833 3645 4889 necessaria

2061 4932 2162 4986 tibi
2207 4929 2400 4984 videor
2439 4926 2628 4997 loqui?
2661 4945 2679 4976 ›
2717 4924 3024 4995 respondit,
3071 4943 3088 4974 ι
3123 4923 3244 4978 Νοη
3274 4925 3643 4994 geometricis,

2062 5023 2160 5078 sed
2194 5019 2475 5076 amatoriis
2497 5015 3086 5078 demonstrationibus,
3115 5029 3238 5082 qua:
3273 5014 3447 5068 multo
3483 5028 3647 5082 quam

2063 5115 2170 5170 illa:
2211 5110 2545 5166 valentiores
2579 5107 2757 5163 solent
2793 5121 2914 5162 esse
2969 5105 3039 5161 ad
3099 5103 3408 5160 faciendam
3447 5103 3649 5174 papulo

1683 5251 1915 5306 VARUE
1955 5247 2366 5308 LECTIONES.

448 5379 495 5412 ⁸⁸
530 5375 640 5429 καί.
677 5391 738 5426 τε
769 5372 862 5426 καὶ
883 5371 943 5425 Β.
1051 5370 1095 5402 ³⁸
1119 5368 1213 5422 καὶ
1254 5368 1412 5436 μετά.
1471 5367 1564 5420 καὶ
1621 5383 1731 5423 om.
1782 5368 1846 5422 Β.

372 5450 420 5484 ⁸⁸
452 5447 655 5518 βλάϐην
701 5438 1164 5510 ἀπογυμνοῦντες.
1207 5437 1652 5506 ἁπογυμνοῦντες
1700 5439 1904 5508 βλάϐην
1930 5439 1992 5493 Β.
2085 5437 2130 5469 ⁸ο
2160 5438 2269 5487 τῶν
2297 5437 2477 5504 νόμων
2513 5437 2572 5490 Β.
2747 5447 2778 5500 q

372 5519 570 5572 γονέας
612 5515 673 5571 C.
704 5514 797 5572 aui
825 5527 952 5566 mox
977 5506 1112 5563 εἶναι
1144 5525 1244 5572 pro
1273 5509 1490 5562 εἰδέναι.
1585 5507 1632 5539 ’⁸³
1667 5510 1830 5562 αὑτοῦ
1860 5510 2048 5562 παῖδα.
2079 5507 2242 5560 παῖδα
2275 5520 2385 5559 om.
2434 5504 2495 5556 B.
2538 5519 2630 5572 qui
2672 5510 2784 5556 tum

1667 5521 1830 5562 αυτου
1860 5521 2048 5562 παῐοα.
2079 5521 2242 5560 παιοα
2275 5521 2385 5559 om.
2436 5521 2495 5556 Β.

371 5506 570 5589 γονέας
611 5506 673 5571 C.
704 5514 797 5589 qui
823 5506 952 5589 mox
977 5506 1112 5589 εἶναι
1137 5525 1244 5589 pro
1269 5509 1490 5589 εἰδέναι.

372 5577 588 5658 πατέρα
619 5577 922 5638 τὸνάύτοῦ.
1033 5577 1186 5658 ιξ-εξς
1217 5579 1333 5658 μέν,
1365 5577 1750 5658 είςςκῶμενὶϐ.

372 5655 576 5725 άναμζε.
607 5656 649 5708 δ’
672 5658 869 5716 ἀναμε.
901 5655 962 5709 Β.

375 5729 606 5784 ἐκείνων
635 5741 744 5780 om.
779 5726 880 5783 Vb.

376 5797 608 5868 λογῆσαι
637 5797 740 5850 Vb.

969 5723 1014 5755 ⁸⁸
1047 5739 1103 5779 τε
1133 5717 1248 5775 καί.
1276 5717 1331 5772 τε
1365 5717 1474 5775 oui.
1517 5719 1576 5782 B,
1614 5717 1674 5772 C.

1937 5370 1980 5401 ³⁷
2009 5366 2271 5428 ἐοικυίας.
2312 5363 2517 5423 οἰκείας
2539 5361 2640 5416 Vb.

1861 5578 1906 5610 ⁵³
1931 5579 2193 5631 τοιοῦτον.
2224 5575 2433 5628 τοιοῦτο
2453 5574 2513 5627 Β.

1056 5650 1102 5683 ιτ
1131 5637 1467 5723 [ἐπιθυμίας]
1507 5637 1686 5703 011].Β
1721 5656 1844 5720 post
1872 5647 2138 5716 ἐμφύτου.
2179 5644 2470 5716 ἐπιθυμίας
2494 5644 2592 5699 νει.
2616 5637 2926 5722 οἰκονομίας
2951 5637 3051 5692 Vb.

1056 5739 1103 5779 τε
1138 5722 1248 5775 καί.
1276 5737 1331 5772 τε
1365 5735 1474 5775 om.
1517 5719 1576 5782 Β,
1614 5717 1674 5772 C.
1777 5720 1820 5750 ⁵⁸³
1853 5721 1980 5790 γάρ.
2006 5718 2112 5788 γὰρ
2139 5718 2200 5786 δὴ
2234 5716 2293 5769 Β.
2372 5715 2411 5746 ⁸³
2450 5714 2626 5767 τοῦτο.
2668 5729 2853 5764 τουτον
2871 5709 2930 5764 C.
3036 5707 3051 5738 ⁸

2757 5361 2801 5393 ³³
2834 5359 3263 5430 γυμνουμένους.
3304 5354 3543 5430 γυμνοὺς

2085 5437 2130 5469 ⁸ο
2160 5422 2269 5487 τῶν
2297 5435 2477 5504 νόμων
2499 5422 2572 5490 Β.
2747 5422 2856 5500 qui
2878 5422 3020 5504 mox
3049 5422 3299 5504 γάμους.
3321 5422 3338 5504 ⁷.
3383 5422 3450 5453 “⁵¹
3488 5423 3644 5503 foveo

2822 5501 2958 5570 μήτε
2999 5493 3195 5570 παῖδας
3217 5493 3398 5570 τελέα,
3429 5493 3648 5570 omissis

2616 5571 2662 5604 ιε
2684 5572 2777 5624 και
2807 5559 2960 5638 ὁμὸο.
2993 5567 3086 5638 καὶ
3111 5559 3312 5638 οιηίΒ.
3345 5562 3406 5638 (1.
3509 5559 3554 5592 ιο
3579 5561 3644 5638 δὴ

3139 5636 3185 5665 ⁸⁸
3217 5633 3538 5701 δριμύτεραι
3581 5630 3642 5684 Β.

2372 5715 2411 5746 ⁸³
2450 5701 2626 5767 τοῦτο.
2668 5701 2930 5764 τούτὸνϐ.
3036 5707 3079 5738 δ’
3109 5701 3478 5774 νομοθετῆσαι.
3517 5701 3649 5773 ὁμο-
