4066 6460
373 397 514 466 ιοω

1042 398 1481 461 GR‘ECARUM
1517 398 1821 459 AFFECT.
1861 396 2442 460 CURATIO‘--IX.
2479 399 2579 460 DE
2616 398 2965 460 LEGIBUS.

3511 391 3647 458 1054

368 513 689 576 ἀκολάστως
715 511 966 585 ἐρώντων
992 512 1097 583 ἔφη
1119 529 1134 544 ο
1170 514 1264 567 καὶ
1298 512 1477 584 ῥᾴδιον
1508 513 1572 587 ὲκ
1601 512 1707 565 τῶν
1741 510 1949 565 ἐκείνου

2063 510 2255 566 lentia.
2276 529 2299 561 ι
2332 510 2457 566 Haec
2481 520 2687 573 autem.
2722 526 2836 566 non
2864 510 2933 565 de
2957 507 3125 564 castis
3156 505 3518 571 amatoribus,
3549 506 3646 560 sed

371 606 637 675 διαλόγων
657 603 831 661 ταῦτα
863 604 1074 674 μαθεῖν.
1097 604 1350 658 Τοιοῦτον
1369 605 1426 659 δὲ
1450 602 1615 674 νόμον
1642 600 1767 655 οὒτε
1787 603 1830 633 '“
1851 602 1898 656 Ν
1903 602 1959 655 ἐ·-

375 717 487 775 ρων
519 699 548 752 6
576 697 865 766 Ῥωμαίων
892 697 1248 769 αἰσχρότατος
1280 696 1556 767 βασιλεὺς,
1592 694 1715 749 οὔτε
1754 695 1961 765 Σαρδα-

372 786 616 849 νάπαλος
642 786 672 838 6
716 785 1020 857 Ἀσσύριος,
1059 788 1088 838 6
1114 788 1173 839 ὲν
1210 784 1426 856 ἡδοναῖς
1455 785 1548 838 καὶ
1580 788 1813 855 τρυφαῖς
1840 784 1957 838 δια-

374 877 589 948 ϐόητος.
624 876 747 930 οὔτε
774 877 1032 948 ἔγραψεν,
1074 875 1195 931 οὔτε
1217 876 1447 947 ἐπῄνεσε
1473 877 1519 908 "
1543 875 1783 930 πώποτε.
1820 874 1960 945 Ἐγὼ

372 970 485 1039 γάρ
514 965 669 1038 οἶμαι
697 970 790 1021 καὶ
816 970 942 1032 τοὺς
973 968 1093 1022 λίαν
1122 972 1243 1034 ταῖς
1280 969 1637 1040 ἡδυπαθείαις
1682 969 1960 1022 δουλεύον-

371 1078 471 1125 τας
504 1061 605 1115 οὐκ
630 1063 874 1113 ἐπαινεῖν
903 1060 963 1113 τὸ
1001 1060 1193 1124 πάθος,
1238 1058 1374 1113 ἀλλὰ
1403 1059 1695 1124 δουλεύειν,
1728 1058 1805 1129 τῷ
1830 1060 1960 1129 χρόα

372 1172 451 1225 νφ
475 1155 537 1205 τὸ
580 1153 701 1216 ἔθος
732 1153 845 1218 ἕξιν
875 1153 922 1185 ⁷⁸
963 1153 1392 1224 ἐργασαμένους.
1427 1155 1534 1206 Καὶ
1563 1152 1617 1205 τί
1655 1153 1736 1205 δεῖ
1779 1153 1959 1217 λέγειν

374 1246 477 1298 ὃσα
518 1244 613 1297 καὶ
682 1246 810 1314 περὶ
879 1243 1056 1313 φόνων
1129 1244 1463 1313 παρανόμως
1530 1243 1954 1314 ὲνομοθέτησεν;

388 1334 588 1390 ’Δθῶον
621 1335 720 1404 μὲν
759 1334 870 1405 γάρ
902 1330 1040 1388 εῖναι
1074 1334 1286 1388 κελεύει
1319 1329 1411 1388 τδν
1448 1334 1540 1388 τὸν
1568 1334 1616 1366 ⁷⁸
1644 1335 1773 1387 ῐδιον
1803 1335 1959 1389 ἀναι·

380 1422 575 1491 ρούντα
601 1421 839 1492 οἰκέτην.
859 1421 949 1475 τὸν
972 1422 1029 1474 δὲ
1055 1421 1209 1493 θυμῷ
1232 1423 1320 1475 τὸν
1345 1423 1621 1494 ἀλλότριον
1655 1424 1956 1490 σφάττοντα

374 1513 473 1580 τὴν
504 1513 670 1581 τιμὴν
696 1513 924 1583 μόνην⁷⁵
952 1513 1210 1577 ἐκτίνειν,
1243 1514 1334 1568 τὸν
1356 1515 1413 1568 δὲ
1441 1514 1599 1585 θυμῷ
1624 1513 1716 1567 τὸν
1743 1515 1955 1568 ἐλεύθε-

376 1618 469 1673 ρον
510 1602 799 1656 κτείναντα
835 1603 928 1657 δύο
977 1604 1114 1674 μόνα
1157 1605 1380 1674 φεύγειν
1410 1604 1458 1637 "
1490 1604 1584 1675 ἔτη
1622 1604 1952 1677 διαγορεύει,

370 1692 463 1744 τὸν
495 1693 552 1746 δὲ
601 1695 695 1746 καὶ
732 1694 847 1763 μετ’
879 1695 1173 1765 ἐπιϐουλῆς
1210 1696 1465 1750 ἀνελόντα
1493 1696 1620 1767 τρία
1651 1696 1745 1766 ἔτη
1786 1714 1954 1769 προσο

369 1782 557 1836 τάττει
582 1783 826 1853 φεύγειν,
868 1784 959 1838 τὸν
1005 1785 1061 1839 δέ
1109 1803 1175 1854 γε
1219 1787 1312 1840 καὶ
1344 1786 1485 1856 μετά
1526 1787 1624 1857 τὴν
1668 1788 1846 1857 φυγὴν
1885 1788 1954 1841 τά

2064 604 2133 657 de
2166 602 2409 672 impuris.
2437 602 2803 673 obscenisque
2830 601 2970 656 dixit
3002 618 3015 654 :
3044 598 3192 670 quod
3213 614 3281 653 ex
3314 597 3486 668 ipsius
3524 596 3646 651 dia-

2061 691 2205 763 logis
2238 692 2405 762 plane
2428 693 2682 763 cognosci
2700 701 2900 763 potest.
2938 691 3126 746 Talem
3175 704 3310 744 vero
3345 690 3519 759 legem
3544 703 3647 742 ne-

2061 797 2169 851 que
2230 782 2603 839 Romanorum
2674 782 3067 853 spurcissiinus
3112 781 3416 851 imperator
3460 779 3647 843 Nero,

2060 888 2241 942 neque
2296 872 2556 945 Assyrius
2603 878 2619 894 ‘
2649 874 3053 943 Sardanapalus
3085 914 3099 935 ,
3157 868 3538 940 voluptatibus
3582 883 3647 922 ac

2060 964 2276 1020 deliciis
2299 965 2642 1030 notissimus,
2679 980 2779 1020 nec
2803 965 3043 1034 scripsit,
3082 980 3184 1019 nec
3214 962 3375 1033 95.3
3401 959 3648 1015 laudavit

2062 1072 2324 1125 unquam.
2348 1057 2461 1127 Ego
2517 1056 2665 1110 enim
2696 1066 2854 1127 puto,
2886 1056 2969 1110 vel
3002 1071 3098 1110 eos
3129 1055 3222 1125 qui
3255 1054 3411 1108 valde
3451 1054 3647 1122 volup-

2060 1148 2265 1203 tatibus
2319 1149 2590 1213 serviunt,
2634 1148 2802 1203 animi
2844 1149 3099 1202 morbum
3151 1161 3491 1217 nequaquam
3523 1147 3645 1200 lau-

2061 1238 2191 1294 dare
2216 1281 2230 1305 ,
2284 1241 2379 1296 sed
2416 1242 2649 1311 tempori
2680 1241 2889 1295 servire
2911 1282 2925 1304 ,
2976 1256 3100 1295 cum
3147 1257 3215 1295 ex
3242 1240 3644 1295 consuetudine

2058 1328 2307 1385 habitum
2364 1331 2762 1387 contraxerint.
2800 1330 2940 1398 Quid
2992 1343 3176 1386 autem
3207 1346 3645 1385 commemorare

2058 1433 2198 1493 Opus
2222 1429 2327 1484 est,
2366 1437 2530 1491 quain
2567 1422 2809 1478 nefarias
2856 1423 2924 1477 de
2968 1423 3209 1479 caedibus
3268 1423 3417 1493 leges
3450 1422 3647 1476 condi-

2057 1508 2243 1565 derit?
2275 1511 2558 1571 Insontem
2608 1514 2756 1567 enim
2786 1514 3183 1585 innoxiumque
3229 1515 3424 1571 haberi
3465 1516 3647 1587 jubet,

2056 1602 2150 1672 qui
2184 1604 2466 1674 proprium
2506 1620 2726 1660 servum
2769 1608 2984 1661 occidat
3015 1625 3029 1661 :
3057 1623 3186 1661 eum
3226 1624 3379 1670 vero,
3412 1608 3506 1679 qui
3539 1608 3647 1662 ira-

2056 1696 2259 1753 cundia
2295 1712 2616 1761 snccensus,
2642 1698 2882 1752 alienum
2906 1714 3133 1753 servum
3159 1699 3227 1753 de
3258 1697 3442 1755 medio
3468 1699 3642 1763 tollat,

2056 1789 2283 1843 multam
2318 1790 2495 1845 solum
2534 1791 2867 1860 persolvere.
2899 1791 2969 1846 At
2991 1808 3115 1847 eum
3147 1792 3240 1861 qui
3272 1791 3510 1846 liberum
3541 1791 3646 1845 ho-

370 1874 516 1927 αύτά
534 1874 829 1947 δεδρακότα
867 1878 1131 1949 ἀειφυγίᾳ
1156 1877 1345 1946 ζημιοῖ
1385 1878 1543 1951 μόνῃ.
1583 1879 1950 1950 Παραπλήσια

2063 1880 2258 1934 minem
2286 1897 2383 1949 per
2417 1881 2759 1936 iracundiam
2790 1890 3003 1945 enecet,
3046 1881 3270 1937 biennio
3306 1889 3517 1936 tantum
3550 1896 3641 1936 ex-

367 1964 431 2017 δὲ
455 1964 551 2017 καὶ
576 1967 817 2036 πατράσι
845 1968 1038 2031 παῖδας
1081 1967 1353 2032 ἀνελοῦσι,
1391 1970 1485 2022 καὶ
1520 1969 1676 2022 παισὶ
1710 1969 1954 2039 πατέρας

2063 1972 2234 2026 sulare
2255 1972 2447 2041 jubet:
2473 1972 2567 2042 qui
2591 1989 2722 2028 vero
2738 1990 2836 2044 per
2868 1973 3094 2029 insidias
3116 1972 3372 2044 perimat,
3403 1971 3647 2027 triennio

370 2056 782 2119 ἀπεκτονόσι⁷⁷ν
822 2058 915 2110 καὶ
966 2057 1196 2127 ἀνδράσι
1230 2062 1521 2128 γυναῖκας,
1573 2059 1666 2113 καὶ
1707 2060 1954 2128 γυναιξὶν

2063 2072 2328 2119 extorrem
2355 2063 2492 2119 ﬁeri.
2514 2065 2651 2120 Eum
2686 2080 2871 2134 porro,
2895 2065 2990 2137 qui
3024 2074 3147 2135 post
3170 2065 3429 2121 exsilium
3448 2064 3645 2118 eadem

369 2146 575 2213 ἄνδρας
589 2148 657 2212 ⁷⁸,
693 2150 1140 2220 νενομοθέτηκεν.

2063 2155 2384 2219 committat,
2414 2165 2684 2226 perpetuo
2702 2157 2882 2212 solum
2913 2157 3113 2211 exsilio
3141 2156 3383 2211 damnat.
3408 2155 3646 2211 Easdem

367 2259 506 2303 vero
534 2261 726 2314 pinnas
758 2245 1008 2301 decrevit
1065 2255 1123 2302 et
1177 2246 1429 2317 patribus
1466 2247 1562 2317 qui
1598 2247 1760 2314 lilios,
1799 2256 1857 2302 et
1891 2246 2023 2304 ﬁliis
2054 2250 2151 2323 qui
2175 2258 2456 2321 parentes,
2479 2258 2536 2307 et
2559 2250 2695 2305 viris
2728 2251 2824 2322 qui
2857 2253 3143 2324 conjugcs,
3166 2261 3223 2306 et
3239 2249 3506 2305 uxoribus
3522 2263 3649 2319 quae

369 2341 600 2397 maritos
624 2341 896 2396 occidant.

456 2433 596 2485 Ἀλλ’
618 2435 648 2485 6
680 2433 778 2504 μὲν
804 2432 1092 2502 φιλόσοφος
1121 2432 1363 2486 τοιούσδε
1392 2433 1589 2502 νόμους
1624 2433 1953 2507 ξυνέγραψε,

369 2524 467 2577 καὶ
497 2523 686 2576 οὐδένα
713 2523 947 2577 πέπεικε
982 2522 1369 2594 ἀνθρώπωντθ,
1402 2524 1462 2576 οὐ
1494 2523 1740 2593 πολίτην,
1771 2526 1833 2577 οὐ
1867 2524 1954 2589 ξέ-

370 2632 487 2674 νον.
527 2616 627 2669 ούκ
667 2615 851 2679 ἀστὸν,
905 2616 966 2668 οὐ
1012 2614 1303 2686 χωριτικὸν
1336 2612 1405 2680 ⁸ο,
1444 2616 1541 2685 οὐχ
1586 2614 1845 2682 Ἕλληνα,
1890 2615 1951 2669 οὐ

370 2705 674 2777 βάρϐαρον,
699 2707 760 2759 οὐ
801 2705 1007 2768 δοῦλον,
1042 2705 1144 2759 οὐκ
1177 2705 1483 2776 ἐλεύθερον,
1532 2706 1637 2759 οὐκ
1669 2707 1860 2777 ἄνδρα,
1890 2707 1952 2760 οὐ

369 2799 626 2864 γυναῖκα.
660 2797 720 2850 οὐ
743 2797 883 2863 νέον,
908 2797 969 2850 οὐ
998 2797 1330 2868 πρεσϐύτην,
1368 2799 1429 2852 οὐ
1460 2798 1638 2864 λόγοις
1664 2800 1957 2872 ἐντεθραμ-

374 2888 561 2957 μένον,
593 2889 657 2943 οὐ
690 2889 865 2957 λόγων
912 2890 1179 2961 ἀμύητον,
1221 2890 1363 2946 κατά
1396 2891 1585 2945 τούσδε
1617 2891 1805 2961 βιῶναι
1833 2894 1961 2957 τοὺς

370 2980 591 3050 νόμους.
634 2980 777 3048 Ἐγὼ
799 2981 856 3034 δὲ
881 2980 1089 3047 λοιπὸν,
1124 2981 1220 3047 οὒς
1245 2983 1293 3036 οἱ
1326 2983 1549 3046 ἀλιεῖς⁹ιι
1585 2986 1677 3038 καὶ
1705 2987 1755 3038 οἱ
1792 2985 1961 3038 τελῶο

375 3089 472 3129 ναι
501 3073 597 3126 καὶ
635 3072 664 3124 6
691 3072 1025 3141 σκυτοτόμος
1054 3074 1259 3127 ἅπασιν
1298 3056 1610 3145 ἀνθρώποις
1651 3077 1960 3147 προσήνεγ-

372 3179 501 3227 καν,
526 3161 913 3232 ἀναγνώσομαι
946 3163 1162 3231 νόμους.
1208 3163 1399 3234 Ὑμεῖς
1427 3166 1484 3220 δὲ
1512 3166 1741 3229 τούτους
1767 3166 1960 3220 κάκεί-

2131 2435 2335 2491 Verum
2361 2437 2676 2507 huiusmodi
2697 2437 2918 2507 quidem
2940 2437 3089 2508 leges
3110 2436 3475 2507 phil030phus
3498 2434 3653 2501 tulit,

2062 2535 2119 2585 at
2146 2528 2283 2583 nulli
2313 2528 2599 2583 hominum
2622 2538 2683 2585 ut
2708 2529 2796 2585 his
2829 2530 3078 2584 viverent
3102 2529 3315 2600 legibus
3350 2526 3651 2597 persuasit,

2060 2635 2173 2677 non
2215 2621 2345 2686 civi,
2393 2637 2502 2676 non
2534 2630 2819 2687 extraneo,
2846 2637 2957 2677 non
2990 2622 3226 2686 urbano,
3270 2636 3381 2674 non
3408 2619 3647 2685 rustico,

2062 2727 2175 2766 non
2208 2712 2419 2778 Graeco,
2453 2729 2564 2767 non
2601 2714 2861 2779 barbaro,
2897 2730 3010 2771 non
3050 2728 3232 2777 servo,
3287 2727 3398 2766 non
3442 2710 3643 2774 libero,

2061 2817 2174 2855 non
2205 2801 2355 2866 viro,
2396 2819 2506 2857 non
2548 2803 2790 2869 mulieri,
2819 2818 2930 2857 non
2957 2802 3170 2874 juveni,
3216 2816 3327 2855 non
3359 2799 3499 2864 seni,
3531 2814 3645 2853 non

2058 2893 2303 2948 litterato
2329 2934 2346 2958 ,
2392 2911 2504 2950 non
2546 2894 2673 2949 rudi
2695 2903 2752 2949 et
2784 2895 3027 2950 indocto.
3072 2895 3186 2965 Ego
3214 2908 3346 2948 vero
3381 2892 3643 2960 deinceps

2061 2997 2199 3051 quas
2229 2984 2550 3051 piscatores,
2580 2990 2637 3038 et
2666 2983 2966 3052 publicani,
2994 2990 3051 3038 et
3074 2982 3276 3038 Paulus
3301 2980 3515 3036 cunctis
3541 2979 3645 3033 ho-

2062 3071 2306 3127 minibus
2357 3072 2505 3143 leges
2544 3073 2963 3144 promulgarunt
3008 3072 3276 3127 recitabo.
3310 3069 3417 3125 Vos
3452 3078 3509 3124 et
3547 3068 3648 3124 has

2062 3170 2119 3214 et
2138 3159 2516 3215 ‘illasinvicem
2548 3170 2935 3229 comparantes
2957 3159 3176 3213 divinos
3207 3158 3435 3212 istarum
3461 3156 3648 3210 radios

369 3271 502 3317 νους
541 3256 605 3309 ὲκ
642 3254 993 3325 παραλλήλου
1042 3255 1227 3319 θέντες
1268 3256 1367 3321 τὰς
1399 3255 1722 3328 θεοπρεπεῖς
1754 3257 1959 3311 τούτων

2063 3249 2435 3306 admiraniini.
2471 3251 2842 3320 Philosophus
2875 3267 3007 3323 ergo
3051 3250 3372 3321 ﬂagitiosam
3401 3248 3646 3320 pmdera-

370 3348 600 3408 ἀκτῖνας
629 3344 950 3414 θαυμάσατε
972 3345 1040 3399 θ’.
1075 3345 1133 3398 Ὀ
1168 3346 1266 3415 μὲν
1290 3342 1384 3399 οὖν
1415 3346 1706 3416 φιλόσοφος
1737 3348 1831 3400 καὶ
1856 3347 1957 3416 τὴν

369 3440 677 3494 ἀκόλαστον
713 3437 1104 3507 παιδεραστίαν
1151 3437 1454 3507 ἐθαύμασε,
1502 3439 1596 3492 καὶ
1636 3439 1703 3492 τὰ
1720 3438 1766 3469 ⁸³
1802 3455 1958 3509 τρισ-

369 3530 535 3584 όλϐια
571 3528 777 3596 ταύτης
809 3527 1139 3599 ἐπιδέδειχεν
1170 3524 1309 3582 ἆθλα
1350 3545 1361 3557 ·
1395 3531 1425 3583 6
1459 3528 1515 3582 δὲ
1550 3529 1741 3600 Σωτὴρ
1770 3531 1799 3582 6
1822 3529 1961 3600 imis

370 3639 537 3691 τερος
564 3622 623 3674 οὐ
651 3620 811 3691 μόνον
838 3621 938 3690 τὴν
976 3620 1276 3673 ἀκόλαστον
1315 3619 1534 3692 πρᾶξιν,
1564 3620 1711 3693 ,ἀλλά
1738 3622 1834 3674 καὶ
1861 3621 1960 3692 τὴν

370 3712 500 3783 ὖψιν
528 3712 628 3782 τὴν
649 3710 908 3783 τοιαύτην
932 3710 1149 3776 κολάζει
1175 3728 1189 3742 ’
1222 3730 1241 3763 ι
1281 3710 1339 3764 '0
1368 3711 1649 3782 ἐμϐλέψας
1676 3713 1807 3783 γὰρ,
1832 3711 1960 3783 ἔφη,

373 3802 602 3873 γυναικὶ
640 3802 774 3873 πρὸς
812 3801 872 3855 τὸ
900 3801 1239 3871 ἐπιθυμῆσαι
1282 3803 1474 3874 αὐτῆς,
1510 3803 1612 3873 ἤδη
1642 3804 1961 3876 ἐμοίχευσεν

375 3895 553 3965 αὐτὴν
568 3894 613 3927 ³⁸
644 3896 701 3947 ὲν
724 3897 791 3964 τῇ
823 3893 1023 3964 καρδία
1049 3894 1241 3949 αὐτοῦ.
1278 3912 1296 3945 ι
1336 3896 1447 3948 Καὶ
1469 3896 1501 3947 6
1537 3894 1637 3965 μὲν
1663 3896 1834 3958 ἀδεῶς
1868 3897 1963 3950 καὶ

374 3990 502 4040 ταῖς
541 3985 852 4056 ἀλλοτρίαις
891 3988 1169 4039 κοινωνεῖν
1213 3986 1574 4057 ἐνομοθέτησε
1612 3985 1857 4056 γυναιξίν
1882 4005 1896 4019 ο
1931 3988 1960 4041 6

375 4077 435 4130 δὲ
466 4076 564 4145 τῆς
602 4075 819 4145 φύσεως
848 4076 1104 4145 Ποιητὴς,
1133 4076 1323 4146 ἐπειδὴ
1344 4079 1436 4130 καὶ
1467 4078 1817 4149 δημιουργῶν
1848 4079 1958 4134 τῶν

378 4163 686 4236 ἀνθρώπων
712 4163 810 4235 τὴν
844 4164 1005 4234 φύσιν
1049 4165 1147 4219 ἕνα
1187 4166 1245 4234 ἐξ
1276 4168 1449 4238 ἀρχῆς
1486 4167 1655 4238 ἄνδρα
1698 4170 1793 4222 καὶ
1837 4169 1963 4240 μίαν

378 4258 619 4325 γυναῖκα
657 4254 936 4322 διέπλασε,
986 4256 1082 4311 καὶ
1125 4256 1189 4310 τὸ
1214 4256 1454 4311 διαλύειν
1493 4258 1827 4330 ἀπαγορεύει
1874 4260 1964 4315 τὸν

380 4347 583 4418 γάμον,
615 4347 747 4416 μίαν
778 4347 835 4401 δὲ
861 4348 1028 4418 μόνην
1049 4349 1306 4420 ἀφορμὴν
1332 4348 1625 4414 διαλύσεως
1650 4350 1838 4416 ἔδωκε,
1864 4352 1965 4424 τὴν

380 4438 600 4507 ἀληθῶς
622 4437 936 4493 διασπῶσαν
964 4438 1062 4511 τὴν
1092 4439 1347 4509 ζεύγλην.
1409 4459 1428 4493 ι
1456 4442 1572 4505 Πᾶς
1611 4441 1743 4512 γὰρ,
1775 4443 1961 4512 φησὶν,

381 4532 414 4586 6
435 4531 691 4589 ἀπολύων
712 4531 809 4602 τὴν
831 4534 1065 4601 γυναῖκα
1088 4531 1277 4596 αὑτοῦ,
1310 4532 1581 4604 παρεκτὸς
1630 4533 1788 4602 λόγου
1829 4552 1963 4608 πορ-

2061 3341 2223 3398 stiam
2248 3342 2514 3403 laudavit,
2545 3351 2601 3398 et
2639 3342 2955 3398 beatissima
3004 3342 3170 3414 hujus
3197 3342 3423 3412 praemia
3459 3348 3650 3395 osten-

2061 3432 2162 3487 dit.
2220 3432 2479 3487 Servator
2509 3443 2692 3488 autem
2724 3443 2932 3499 noster,
2970 3450 3083 3487 non
3127 3433 3393 3488 lascivum
3434 3438 3648 3486 tantum

2060 3532 2264 3589 actum,
2291 3524 2385 3579 sed
2422 3524 2787 3598 945ipsum
2829 3542 3050 3597 quoque
3078 3525 3339 3579 intuitum
3377 3522 3648 3594 ejusmodi

2060 3616 2402 3688 puniendum
2454 3618 2725 3676 decernit.
2769 3639 2787 3670 ι
2829 3617 2932 3687 Qui
2980 3618 3151 3681 enim,
3208 3616 3408 3686 inquit,
3443 3615 3648 3671 viderit

2061 3709 2350 3765 mulierem
2381 3712 2448 3766 ad
2481 3711 2987 3782 concupiscendum
3005 3727 3147 3774 eam,
3180 3711 3289 3781 jam
3313 3708 3649 3765 adulterium

2062 3798 2340 3855 commisit
2376 3816 2503 3856 cum
2541 3816 2605 3856 ea
2632 3801 2686 3855 in
2719 3801 2887 3856 corde
2912 3817 3014 3856 suo
3048 3801 3096 3855 ιι.
3130 3821 3146 3851 ι
3186 3800 3253 3854 Ει
3283 3800 3373 3854 ille
3401 3797 3647 3868 quidem,

2063 3891 2290 3962 impune
2311 3906 2375 3947 ac
2392 3891 2622 3948 licenter
2639 3891 2832 3948 alienis
2856 3888 3351 3947 uxoribusmisceri
3382 3887 3647 3947 instituit.

2063 3981 2135 4038 At
2171 3990 2383 4037 natura:
2409 3981 2629 4052 Opifex,
2653 3984 2782 4053 quia
2818 3983 3115 4037 humanam
3148 3996 3347 4036 crcans
3372 3989 3648 4044 naturam,

2064 4088 2235 4128 unum
2263 4073 2538 4143 principio
2567 4075 2850 4138 virum,et
2879 4074 3325 4145 feminam‘unam
3357 4070 3648 4138 formavit,

2066 4163 2233 4219 etiam
2277 4164 2414 4218 solvi
2456 4165 2869 4220 matrimonium
2908 4173 3075 4228 vetat,
3114 4162 3444 4233 unicamqnc
3485 4162 3652 4232 hujus

2067 4253 2360 4309 dirimendi
2415 4270 2635 4313 causam
2678 4255 2978 4325 assignavit
3011 4269 3152 4317 eam,
3190 4268 3311 4321 quae
3344 4252 3650 4307 maritalem

2066 4345 2316 4414 copulam
2342 4360 2470 4399 vere
2497 4344 2728 4400 divellit.
2762 4363 2779 4395 ‹
2813 4342 3004 4399 Omnis
3028 4343 3198 4403 enim,
3217 4342 3315 4405 ait,
3343 4340 3436 4412 qui
3467 4340 3653 4394 dimit-

2066 4433 2134 4492 tit
2170 4451 2397 4490 uxorem
2425 4451 2601 4502 suam,
2634 4445 2860 4505 excepta
2903 4433 3283 4491 fornicationis
3311 4448 3496 4496 causa,
3522 4431 3654 4489 facit

2066 4542 2187 4583 eam
2215 4526 2478 4582 mmchari
2507 4545 2519 4580 :
2548 4535 2604 4581 et
2639 4527 2733 4597 qui
2753 4525 3033 4580 dimissam
3053 4524 3296 4587 duxerit,
3318 4522 3652 4578 adulterium

382 4623 559 4687 νείας,
581 4624 726 4676 ποιεῖ
747 4623 917 4694 αὐτὴν
951 4623 1306 4694 μοιχευθῆναι
1325 4639 1339 4654 °
1365 4626 1456 4678 καὶ
1490 4627 1518 4678 ό
1552 4624 1959 4697 ἀπολελυμένην

2064 4614 2429 4672 εοιηηιίιιίιι.
2464 4635 2482 4668 ι
2539 4615 2750 4684 Quibus
2788 4615 2973 4670 verbis
3023 4624 3218 4669 Cretera
3270 4612 3460 4667 uxoris
3518 4611 3654 4666 vitia

381 4713 583 4784 γαμῶν
615 4715 888 4783 μοιχᾶται.
926 4733 944 4765 ι
982 4714 1080 4768 Διά
1119 4714 1175 4768 δὲ
1197 4715 1403 4769 τούτων
1436 4715 1617 4770 πάντα
1641 4716 1827 4788 φέρειν
1871 4732 1967 4770 κε-

380 4804 535 4858 λεύει
566 4803 636 4857 τά
681 4804 781 4874 τῆς
829 4805 1087 4872 γυναικὸς
1133 4804 1516 4874 ἐλαττώματα,
1569 4804 1673 4858 κᾶν
1705 4803 1866 4866 λάλος
1909 4801 1965 4877 ᾖ,

382 4897 493 4952 κᾶν
515 4896 752 4966 μέθυσος
913 4894 959 4927 ⁸⁸
982 4897 1085 4950 κᾶν
1118 4898 1198 4960 εἰς
1233 4896 1499 4967 λοιδορίαν
1530 4895 1965 4968 προχειροτάτῳ

383 4991 437 5043 εἰ
462 4987 520 5041 δέ
536 4988 583 5021 ⁸⁸
621 5004 684 5056 γε
716 4985 809 5040 τοῦ
840 4987 1023 5056 γάμου
1055 4987 1362 5057 παραλύσει
1398 4990 1442 5022 ⁸⁷
1477 4993 1604 5051 τοὺς
1636 4988 1835 5060 νόμους
1871 4988 1967 5044 καὶ

383 5079 526 5153 πρὸς
550 5079 737 5151 ἕτερον
770 5079 892 5145 ἴδοι,
938 5078 1240 5151 τηνικαῦτα
1273 5078 1421 5133 λύειν
1468 5078 1677 5133 κελεύει
1703 5079 1807 5152 τὴν
1845 5079 1969 5151 ζεύ-

462 5235 488 5276 ¹⁸
522 5237 717 5299 Matth.
751 5255 805 5303 ν,
837 5236 927 5297 28.
1008 5234 1029 5275 ι
1061 5236 1255 5293 Matth.
1285 5253 1338 5302 ν,
1371 5237 1479 5305 3%;
1512 5254 1623 5301 xix,
1655 5236 1710 5295 9.

2064 4708 2199 4764 ferri
2221 4709 2399 4780 jubet,
2438 4724 2535 4763 seu
2566 4709 2766 4778 loquax
2792 4707 2863 4763 sit
2893 4707 3005 4771 illa,
3042 4723 3139 4762 seu
3165 4706 3469 4761 temulenta
3493 4743 3508 4768 ,
3553 4718 3653 4758 seu

2067 4801 2373 4858 convitiosa
2403 4819 2415 4856 :
2448 4801 2532 4856 sin
2564 4816 2697 4855 vero
2734 4800 3053 4871 nuptiarum
3084 4799 3233 4870 leges
3275 4796 3567 4859 transiliat,
3596 4792 3656 4848 in

2069 4897 2349 4967 aliumque
2399 4912 2600 4967 procax
2650 4894 2933 4960 intendat,
2970 4903 3101 4950 tunc
3131 4892 3369 4963 denique
3402 4889 3656 4961 c0pulam

2069 4988 2208 5046 solvi
2239 4989 2419 5061 jubet.
2451 4987 2781 5044 Consimiles
2808 5001 3000 5040 rursus
3029 4993 3085 5039 et
3118 4999 3217 5054 per
3236 4982 3467 5038 Paulum
3508 4980 3658 5050 leges

2067 5080 2270 5148 sanxit,
2296 5078 2671 5150 etEpistolam
2705 5077 2798 5134 ille
2837 5075 2905 5133 ad
2937 5075 3256 5132 Corinthios
3271 5071 3521 5130 scribens
3556 5068 3658 5135 has

1702 5371 1937 5427 vitam:
1978 5331 2375 5427 LECTIONES-
3064 5352 3065 5361 ‘
3512 5426 3517 5431 .

466 5492 513 5526 ⁷⁸
540 5491 683 5546 οὔτε.
709 5492 826 5545 οὐδὲ
850 5490 912 5547 C.
1022 5490 1067 5522 ’τ’
1098 5487 1340 5560 ἐποίησε.
1369 5489 1596 5560 ἐπῄνεσε
1630 5490 1690 5560 Β.
1768 5490 1814 5522 ⁷³
1844 5489 1959 5552 ἔθος

2063 5489 2157 5556 Ξιν·
2203 5488 2322 5553 ἔθος
2368 5488 2495 5560 ἔργα
2542 5486 2655 5553 ἕξιν
2699 5487 2760 5560 1}.
2808 5556 2819 5560 Α
2857 5484 2901 5517 ⁷*
2932 5484 3024 5538 τὸν
3051 5482 3435 5560 alterummm.
3485 5473 3653 5558 Sirpt,

390 5564 442 5601 "
481 5563 673 5634 μόνην.
716 5563 873 5631 μόνον
896 5560 964 5634 θῦε
1030 5561 1095 5634 -"
1124 5559 1364 5634 esitav-
1403 5559 1599 5634 εροτετεέ
1641 5559 1703 5634 Β·

388 5628 499 5691 νὺξ
576 5634 620 5667 ⁷⁸
640 5628 858 5702 ἄνδρας.
881 5630 1105 5701 ἀνδράσι
1126 5628 1190 5702 Cr.

389 5706 483 5760 vel
533 5699 823 5774 χωριτικὸν
878 5699 1226 5774 γρλχωρικὸν
1266 5707 1328 5754 ut
1367 5716 1533 5774 supra
1558 5715 1611 5774 ρ.
1650 5699 1741 5774 _81,
1782 5700 1869 5774 93.

392 5775 449 5810 υ
473 5769 571 5857 και
596 5769 875 5857 έάκέθλε
901 5773 964 5828 Β.
993 5769 1166 5857 ωερε.
1195 5786 1251 5841 ρ.
1282 5786 1357 5854 ηε..

396 5843 699 5923 παραλύσει
731 5843 793 5912 Β,
825 5842 885 5900 C.
923 5840 1222 5916 παραλύσει
1249 5841 1373 5905 τοὺς
1401 5845 1612 5915 γάμους
1635 5840 1733 5901 Va,

1281 5629 1323 5661 ⁷⁸
1357 5631 1467 5681 τῶν
1506 5629 1826 5699 ἀνθρώπων.
1869 5630 1978 5683 τῶν
2003 5645 2113 5685 om.
2143 5631 2202 5685 Β.

1984 5701 2026 5732 ⁸⁸
2052 5703 2100 5755 οἱ
2144 5699 2337 5762 ἁλιεῖς.
2387 5698 2435 5754 οἳ
2470 5698 2592 5756 om.
2626 5698 2688 5754 B.

1460 5769 1506 5804 ⁸⁸
1533 5770 1721 5841 αύτῄν.
1754 5770 1922 5841 αὐτῆς
1957 5769 2019 5824 Β.

1791 5560 1835 5591 ⁷⁷
1863 5545 2205 5614 ἀπεκτονόσι.
2255 5545 2671 5613 ἀποκταίνουσιν
2698 5557 2762 5612 C.
2797 5554 3124 5608 ἀπεκτανόσι
3155 5552 3250 5605 Va.
3288 5545 3655 5600 ἀπεκτανοῦσι

2308 5630 2356 5662 ⁸⁸
2385 5627 2708 5683 νωοητικὸν.
2739 5626 2829 5682 Sic
2858 5638 3049 5679 omnes
3081 5623 3135 5675 b.
3163 5620 3201 5674 l.
3230 5616 3513 5675 Edendum
3536 5624 3658 5679 erat

2385 5647 2708 5700 χωρητικον.
2740 5647 2829 5682 δια
2858 5647 3049 5679 milites
3082 5647 3135 5675 ll.
3163 5647 3201 5674 ι.
3230 5647 3513 5675 ιδυῠιιυυιιι
3536 5647 3653 5679 una.

2387 5702 2435 5754 οἳ
2482 5715 2592 5756 om.
2626 5698 2688 5754 B.
2798 5697 2845 5729 θ’
2872 5692 3207 5761 θαυμάσατε.
3251 5687 3557 5761 θαυμάσετε
3590 5684 3653 5752 Β,

2126 5754 2551 5844 "manu;
2615 5754 3183 5831 ⁸⁶εῑδέ.εὶδὲγεΒ.
3259 5754 3657 5827 οτπαραλύσος,
