4066 6434
425 410 557 476 1055

1411 405 1900 468 THEODORETI
1935 401 2274 464 EPISCOPI
2309 399 2674 462 CYRENSIS

3537 389 3675 458 1056
3715 395 3718 400 ’

419 523 678 578 omnibus
694 519 1009 574 hominibus
1023 515 1327 588 proposuit.
1347 517 1579 570 :Bonum
1595 517 1765 579 enim,
1786 514 1986 584 inquit,

2108 512 2248 583 τλην.
2276 509 2511 563 Τοιαῦτα
2542 509 2599 563 δὲ
2639 507 2802 562 πάλιν
2847 507 2940 561 καὶ
2978 506 3066 560 διὰ
3096 504 3190 560 τοῦ
3219 503 3372 578 [153]
3413 511 3676 563 σκυτοτό-

420 619 507 668 est
530 609 784 681 (homini)
817 608 1105 664 mulierem
1129 621 1239 660 non
1258 613 1482 676 tangere
1514 622 1527 659 :
1565 613 1792 674 propter
1818 603 1996 658 forni-

418 703 690 758 cationem
714 711 920 764 autem,
944 699 1323 768 unusquisque
1353 713 1506 751 suam
1537 712 1760 751 uxorem
1776 695 1995 760 habeat,

419 804 476 849 et
520 808 859 862 unaquaeque
905 807 1062 845 suum
1106 791 1286 844 virum
1337 789 1537 843 habeat
1566 797 1624 840 ω.
1658 807 1677 838 ›
1717 787 1997 842 Videtisne

419 893 620 954 quanta
657 886 801 938 inter
829 882 983 938 Pauli
1005 899 1068 937 ac
1107 882 1420 952 philosophi
1448 881 1595 934 illius
1616 879 1764 949 leges
1790 879 1861 933 sit
1889 877 1996 932 dif-

418 971 683 1027 ferentia?
722 972 820 1026 llic
841 973 990 1026 enim
1023 972 1324 1040 unicuique
1346 969 1586 1032 mulieri,
1624 976 1685 1021 ut
1719 983 1880 1021 suum
1916 967 2000 1020 vi-

418 1079 538 1116 rum
586 1064 805 1122 habeat.
848 1073 903 1119 et
938 1063 1234 1131 unicuique
1275 1061 1416 1123 viro,
1455 1069 1514 1115 ut
1560 1075 1714 1114 suam
1747 1073 1996 1120 uxorem,

418 1153 708 1222 imperavit
737 1169 750 1205 :
789 1153 877 1206 ille
926 1161 1110 1206 autem
1145 1151 1403 1205 mulieres
1435 1165 1624 1203 omnes
1649 1149 1782 1203 viris
1817 1147 1998 1202 omni-

418 1244 523 1297 bus
574 1259 695 1297 esse
739 1259 1080 1297 communes.
1123 1243 1265 1309 Quin
1290 1250 1344 1295 et
1377 1241 1470 1294 ubi
1508 1239 1793 1294 servandae
1818 1240 1999 1294 conti-

419 1336 622 1390 nentiae
639 1335 732 1388 dat
760 1344 1051 1404 prmcepta,
1078 1349 1257 1402 neque
1282 1333 1437 1386 uxori
1467 1331 1736 1401 permittit
1759 1330 1922 1402 945
1941 1337 2002 1384 ut

419 1429 525 1484 viri
562 1429 646 1484 sui
675 1444 1027 1498 congressum
1064 1426 1252 1496 fugiat,
1286 1425 1389 1478 nisi
1415 1424 1480 1478 ad
1515 1424 1618 1477 hoc
1642 1423 1732 1477 ille
1761 1422 2019 1478 consen-'

421 1520 522 1574 tiat
557 1537 569 1573 :
607 1535 782 1588 neque
819 1519 958 1581 viro,
995 1532 1164 1570 uxore
1224 1531 1333 1568 non
1380 1515 1795 1584 comprobante.
1832 1532 1850 1563 ‹
1881 1513 1999 1567 Μυ-

420 1611 525 1666 lier
551 1611 721 1674 enim,
746 1595 956 1680 inquit,
987 1609 1069 1663 sui
1098 1607 1347 1677 corporis
1389 1614 1719 1676 potestatem
1767 1621 1876 1659 non
1900 1604 2002 1658 ha-

423 1701 538 1763 bet,
585 1702 680 1755 sed
721 1703 823 1755 vir.
868 1700 1136 1755 Similiter
1178 1707 1360 1752 autem
1400 1705 1457 1752 et
1501 1698 1587 1750 vir
1638 1696 1721 1751 sui
1756 1696 2004 1765 corporis

421 1801 746 1862 potestatem
783 1808 890 1845 non
921 1791 1107 1854 habet,
1141 1789 1234 1844 sed
1282 1788 1501 1842 mulier.
1535 1786 1716 1841 Nolite
1744 1784 2003 1839 fraudare

2102 619 2202 672 μου
2235 589 2626 670 νενομοθέτηκε
2648 613 2660 625 °
2700 599 2795 652 καὶ
2825 595 3134 668 Κορινθίοις
3164 594 3497 649 ἐπιστέλλων
3526 596 3673 650 ὲκεί-

2097 709 2187 756 νος
2233 693 2402 744 πᾶσιν
2457 690 2766 762 ἀνθρώποις
2819 687 2990 762 [τοὺς]
3056 687 3254 756 νόμους
3309 689 3672 758 προσήνεγκε.

2105 803 2122 835 ι
2153 783 2333 836 Καλὸν
2359 783 2485 853 γὰρ,
2510 782 2638 853 ἔφη,
2669 781 2929 850 γυναικὸς
2957 779 3031 849 μὴ
3056 779 3350 832 άπτεσθαι’
3383 777 3473 830 διὰ
3495 778 3549 831 δὲ
3573 779 3675 842 τὰς

2101 875 2356 946 πορνείας
2397 875 2627 938 ἕκαστος
2670 873 2768 943 τὴν
2821 871 3012 925 ἑαυτοῦ
3058 873 3291 938 γυναῖκα
3335 869 3526 939 ἐχέτω,
3579 871 3676 924 καὶ

2102 965 2306 1035 ἑκάστη
2343 965 2432 1018 τὸν
2472 966 2601 1018 ἴδιον
2635 964 2804 1034 ἄνδρα
2851 964 3041 1033 ἐχέτω.
3089 981 3106 1015 ιι
3155 963 3349 1032 Ὁρᾶτε
3395 963 3518 1015 ὅσον
3566 962 3677 1015 τῶν

2101 1057 2194 1111 τού
2213 1058 2258 1089 ⁸⁸
2274 1056 2562 1124 φιλοσόφου
2581 1056 2675 1110 καὶ
2695 1056 2803 1109 τῶν
2827 1054 2921 1107 τοῦ
2946 1053 3278 1120 σκυτοτόμου
3297 1053 3475 1121 νόμων
3491 1054 3536 1085 ⁸⁹
3563 1054 3680 1106 ἐστὶ

2101 1147 2161 1200 τὸ
2192 1147 2480 1217 διάφορον;
2515 1141 2682 1210 Οὗτος
2712 1146 2812 1215 μὲν
2839 1144 2947 1215 γὰρ
2979 1145 3073 1197 καὶ
3106 1144 3313 1213 ἑκάστῃ
3344 1145 3563 1208 γυναικὶ
3585 1145 3678 1197 τὸν

2105 1237 2232 1292 ἴδιον
2263 1239 2429 1309 ἄνδρα
2459 1237 2623 1308 ἔχειν,
2654 1237 2750 1289 καὶ
2773 1236 2988 1306 έκάστῳ
3014 1235 3168 1304 ἀνδρὶ
3198 1235 3296 1303 τὴν
3330 1235 3464 1287 ἰδίαν
3491 1236 3684 1302 γυναί-

2101 1346 2173 1382 κα
2207 1330 2580 1400 προσέταξεν·
2631 1330 2836 1390 ἐκεῖνος
2884 1327 2941 1380 δὲ
2967 1366 2982 1390 ,
3026 1325 3135 1378 τῶν
3184 1325 3394 1397 ἀνδρῶν
3423 1327 3682 1380 ἀπάντων

2103 1420 2320 1483 ἁπάσας
2358 1417 2493 1474 εἶναι
2523 1419 2620 1482 τὰς
2651 1421 2912 1488 γυναῖκας
2946 1416 3149 1479 κοινάς.
3179 1417 3288 1469 Kal
3319 1416 3448 1486 περὶ
3473 1417 3683 1486 ἐγκραε

2101 1509 2252 1573 τείας
2278 1510 2324 1540 ’⁸
2355 1510 2410 1563 δὲ
2453 1510 2653 1578 νόμους
2699 1507 2890 1570 τιθεὶς,
2938 1505 3062 1559 οὕτε
3103 1509 3171 1576 τῇ
3219 1507 3442 1574 γυναικὶ
3480 1505 3687 1575 ξυγχωο

2105 1602 2190 1674 ρεῖ
2209 1601 2253 1632 ⁸⁸
2308 1599 2408 1671 τὴν
2456 1599 2551 1653 τοῦ
2599 1599 2791 1671 ἀνδρὸς
2827 1598 3043 1668 ὁμιλίαν
3103 1597 3323 1666 φεύγειν
3344 1599 3413 1661 θ’,
3471 1598 3684 1651 ἐκείνου

2103 1691 2260 1746 τοῦτο
2293 1693 2366 1763 μὴ
2398 1692 2738 1762 στέργοντος,
2763 1690 2886 1744 οὕτε
2915 1691 3006 1743 τὸν
3044 1690 3236 1760 ἄνδρα,
3265 1691 3338 1761 μὴ
3362 1689 3687 1760 συμφωνούο

2107 1799 2205 1852 σης
2237 1783 2336 1853 τῆς
2364 1783 2644 1851 γυναικός.
2704 1802 2723 1834 ι
2764 1783 2827 1835 Ἥ
2870 1782 3007 1851 γυνὴ
3050 1781 3160 1849 γὰρ
3182 1824 3198 1845 ,
3238 1783 3392 1849 φησὶ.
3427 1781 3520 1835 τοῦ
3553 1781 3686 1835 ίδίου

422 1884 678 1942 invicem.
714 1883 816 1937 nisi
854 1883 994 1936 forte
1038 1897 1105 1935 ex
1135 1895 1406 1935 consensu
1445 1888 1492 1932 ιι.
1525 1896 1542 1928 ι
1579 1878 1741 1932 Put'at
1766 1876 1914 1931 enim
1945 1891 2002 1931 se

2108 1873 2357 1944 σώματος
2383 1876 2482 1928 οὐκ
2511 1875 2836 1938 ἐξουσιάζει,
2875 1873 2990 1926 ἀλλ’
3017 1876 3045 1927 6
3073 1875 3211 1943 ἀνήρ
3234 1891 3245 1902 ·
3275 1873 3477 1943 ὁμοίως
3505 1874 3560 1927 δὲ
3591 1877 3689 1929 καὶ

420 1975 661 2029 fraudari
691 1991 787 2030 sua
818 1982 1110 2043 potestate.
1143 1973 1236 2042 qui
1263 1979 1458 2041 praeter
1478 1970 1647 2023 animi
1670 1978 1857 2022 votum
1889 1982 2006 2021 ser-

419 2077 511 2123 vat
563 2068 980 2123 continentiam.
1028 2066 1170 2119 Tum
1211 2064 1475 2134 paulatim
1510 2063 1575 2116 ad
1613 2077 1678 2116 ea
1723 2076 1851 2130 qua:
1878 2066 2006 2114 sunt

419 2157 751 2228 perfectiora
788 2156 1118 2227 perducens,
1169 2153 1384 2208 addidit
1431 2170 1444 2205 :
1483 2173 1498 2202 ι
1533 2151 1615 2206 Ad
1647 2160 1896 2221 tempus,
1945 2158 2007 2204 ut

418 2250 626 2304 vacetis
659 2249 864 2319 iejuuio
909 2258 967 2302 et
998 2246 1237 2302 orationi
1275 2263 1288 2298 :
1331 2255 1387 2298 ct
1419 2245 1619 2300 iterum
1654 2240 2003 2296 revertimini

421 2341 477 2395 in
510 2341 749 2409 idipsmn
789 2349 834 2393 ο.
869 2359 886 2390 ι
935 2339 1025 2394 Sic
1063 2338 1432 2408 itaque'leges
1489 2345 1686 2390 natura
1738 2350 1964 2389 mensus
1988 2374 2002 2398 ,

420 2432 680 2501 praecepti
712 2446 932 2486 causam
971 2430 1256 2499 subjunxit
1285 2447 1296 2474 ξ
1326 2451 1338 2477 ι
1365 2430 1464 2489 Ne,
1487 2428 1685 2498 inquit,
1713 2435 1888 2481 tentet
1909 2442 2006 2480 vos

425 2522 653 2577 Satanas
684 2533 729 2577 P.
756 2546 772 2573 ι
802 2524 869 2577 Ει
897 2530 956 2575 ut
986 2522 1229 2585 doceret,
1262 2523 1413 2575 illum
1443 2519 1685 2574 tentandi
1707 2517 1889 2572 nostri
1917 2533 2009 2571 su‘

420 2630 571 2669 mere
605 2629 634 2666 a
662 2612 822 2667 nobis
851 2613 1218 2675 occasionem,
1247 2612 1532 2683 subjunxit
1559 2629 1571 2664 :
1605 2630 1624 2661 ι
1659 2611 1889 2678 Propter
1919 2608 2006 2662 in-

417 2700 818 2755 continentiam
860 2709 1100 2755 vestram
1131 2711 1180 2753 (ἶ.
1219 2719 1235 2750 ι
1270 2701 1345 2754 De
1377 2702 1630 2755 caelibatu
1659 2708 1866 2762 autem,
1895 2714 2004 2752 non

419 2789 568 2860 leges
595 2790 838 2860 quidem,
863 2791 958 2845 sed
986 2792 1280 2846 consilium
1325 2791 1482 2856 dans,
1531 2790 1772 2845 ostendit
1804 2797 2006 2858 quanta

419 2883 493 2938 sit
527 2884 580 2937 in
617 2899 683 2938 eo
718 2884 844 2937 vitae
887 2892 1028 2937 statu
1079 2882 1310 2936 utilitas.
1345 2901 1363 2932 ‹
1397 2882 1501 2947 Qui
1537 2881 1656 2936 sine
1703 2896 1874 2935 uxore
1900 2889 2003 2945 est,

420 2974 621 3042 inquit,
646 2973 915 3027 sollicitus
942 2981 1027 3026 est
1050 2987 1242 3026 eorum
1274 2987 1396 3041 qua:
1429 2980 1560 3024 sunt
1589 2971 1827 3030 Domini.
1865 2986 2007 3041 quo-

419 3064 586 3118 modo
629 3065 840 3133 placeat
870 3065 1101 3119 Domino
1131 3081 1144 3117 :
1170 3064 1263 3133 qui
1298 3073 1481 3119 autem
1527 3079 1654 3118 cum
1702 3079 1873 3118 uxore
1901 3072 2005 3129 est,

421 3156 694 3211 sollicitus
717 3165 802 3211 est
825 3173 1017 3211 eorum
1041 3173 1163 3227 qua:
1185 3168 1312 3212 sunt
1347 3155 1561 3220 mundi,
1585 3155 1863 3224 quomodo
1895 3156 2009 3225 pla-

421 3255 542 3300 ceat
589 3247 809 3300 uxori'.
846 3266 864 3296 ›
902 3247 1103 3301 Eadem
1147 3256 1203 3302 et
1243 3246 1311 3301 dc
1343 3246 1672 3301 mulieribus
1714 3245 1873 3308 dixit,
1907 3245 2009 3299 do-

421 3351 554 3391 cens
574 3337 940 3407 virginitatem
975 3338 1144 3393 vitam
1185 3337 1436 3393 conferre
1467 3352 1590 3407 quae
1641 3350 1900 3391 curarum
1941 3335 2012 3390 sit

422 3442 704 3482 Immunts.

492 3613 878 3678 Admiramini,
909 3629 942 3667 ο
988 3613 1116 3676 viri,
1148 3613 1297 3667 Pauli
1329 3613 1607 3683 linguam,
1649 3627 1886 3680 eumque
1916 3613 2009 3681 qui

421 3719 523 3774 per
570 3704 713 3758 hanc
740 3705 958 3758 locutus
981 3713 1067 3758 est
1100 3703 1352 3757 adorate.
1387 3702 1544 3768 Quod
1563 3701 1605 3756 si
1639 3701 1838 3771 placet,
1862 3703 2010 3772 leges

423 3795 589 3849 etiam
624 3795 692 3849 de
723 3795 967 3849 cmdibus
999 3810 1061 3848 ac
1095 3794 1410 3864 parricidiis
1447 3794 1586 3848 latas
1619 3793 1827 3848 audite.
1877 3793 2007 3847 Phi-

423 3885 687 3955 losophus
706 3886 851 3938 enim
896 3901 963 3939 ne
1013 3885 1181 3953 patris
1214 3886 1437 3954 quidem
1477 3884 1890 3939 interfectorem
1921 3893 2005 3940 ta-

422 3975 585 4031 lionis
615 3993 789 4046 pmnas
817 3977 1074 4046 subjecit.
1121 3976 1287 4048 9&6
1331 3977 1397 4031 At
1438 3977 1686 4030 Salvator
1722 3977 1740 3995 ⁶
1789 3985 2002 4041 noster,

424 4069 793 4139 importunam
850 4084 1070 4139 quoque
1123 4069 1560 4132 contumeliam,
1621 4069 2003 4138 injustumque

425 4159 725 4215 iracundia
783 4171 990 4215 motum
1040 4161 1287 4232 castigat.
1330 4179 1347 4210 ι
1409 4159 1620 4224 Omnis,
1668 4161 1868 4230 inquit,
1906 4161 2002 4230 qui

425 4250 680 4306 irascitur
729 4251 881 4306 fratri
914 4267 1014 4306 suo
1042 4251 1159 4304 sine
1197 4266 1383 4315 causa,
1427 4266 1555 4304 reus
1591 4251 1701 4304 erit
1737 4250 1948 4321 judicio
1985 4267 2000 4304 :

422 4343 516 4412 qui
552 4353 733 4397 autem
781 4344 1161 4398 dixeritfratri
1196 4359 1298 4398 suo
1338 4344 1504 4407 Raca,
1561 4358 1689 4398 rcus
1737 4343 1844 4398 erit
1873 4359 2003 4399 con-

423 4434 550 4488 cilio
577 4453 589 4488 :
624 4435 715 4504 qui
747 4445 930 4490 autem
964 4436 1148 4500 Fatue,
1185 4451 1312 4491 reus
1329 4436 1435 4489 erit
1456 4436 1720 4506 gehenua:
1749 4435 1891 4507 ignis
1918 4439 1994 4491 ί.»

2105 1970 2134 2022 6
2176 1969 2314 2039 ἀνὴρ
2357 1967 2450 2021 τού
2506 1967 2635 2020 [δίου
2688 1967 2940 2036 σώματος
2983 1965 3083 2018 ούκ
3131 1965 3456 2030 ἐξουσιάζει,
3499 1965 3616 2018 ἀλλ’
3654 1969 3688 2038 ὴ

2105 2061 2241 2131 γυνή
2289 2058 2378 2131 Μὴ
2409 2061 2758 2128 ἀποστερεῖτε
2783 2057 3064 2127 ἀλλήλους.
3095 2058 3144 2110 εί
3169 2061 3241 2126 μή
3271 2075 3322 2112 τι
3357 2057 3422 2110 ἂν
3449 2060 3511 2112 ἐκ
3551 2076 3693 2128 συμ-

2109 2152 2308 2221 φώνου.
2339 2170 2356 2202 ι
2410 2149 2725 2221 Στερείσθαι
2751 2151 2797 2183 ⁸³
2828 2151 2934 2220 γὰρ
2970 2150 3344 2218 ὑπολαμϐάνει
3387 2149 3488 2218 τῆς
3533 2150 3690 2213 ἐξου-

2111 2244 2229 2306 σίας
2249 2245 2296 2275 ’⁸
2325 2247 2353 2297 6
2383 2243 2533 2314 παρά
2551 2243 2776 2311 γνώμην
2815 2241 3014 2312 μετιὼν
3048 2243 3147 2310 τὴν
3184 2241 3528 2308 ἐγκράτειαν.
3557 2238 3690 2295 Εἶτα

2109 2337 2229 2390 κατ’
2263 2336 2441 2402 ὀλίγον
2462 2337 2555 2389 ἐπὶ
2585 2335 2651 2388 τά
2681 2335 2861 2389 τέλεια
2882 2333 3134 2404 ποδηγῶν
3168 2335 3416 2404 ἐπήγαγε
3439 2351 3453 2364 ·
3491 2354 3508 2385 ι
3544 2335 3692 2404 Πρὸς

2110 2427 2319 2498 καιρὸν,
2353 2427 2438 2480 ἵνα
2470 2426 2770 2496 σχολάσητε
2799 2430 2862 2495 τῇ
2893 2426 3118 2496 νηστείᾳ
3142 2425 3237 2478 καὶ
3266 2429 3333 2494 τῇ
3368 2429 3647 2496 προσευχῇ
3671 2442 3686 2457 ·

2111 2519 2207 2572 καὶ
2238 2519 2398 2571 πάλιν
2425 2519 2516 2570 ἐπὶ
2549 2518 2609 2570 τὸ
2631 2518 2676 2550 ³⁸
2705 2518 2835 2571 αὐτὸ
2866 2517 3213 2586 συνέρχεσθε.
3248 2535 3264 2565 ι
3304 2514 3462 2568 Οὕτω
3498 2515 3554 2568 δὲ
3586 2533 3690 2584 με·

2110 2610 2317 2680 τρήσας
2348 2611 2412 2678 τῇ
2448 2607 2607 2674 φύσει
2634 2608 2759 2670 τοὺς
2786 2607 3004 2676 νόμους,
3031 2606 3178 2672 λέγει
3217 2605 3313 2658 καὶ
3339 2605 3436 2675 τὴν
3465 2607 3644 2659 αἰτίαν
3673 2624 3688 2636 ·

2119 2718 2136 2750 ι
2174 2700 2290 2752 Ἵνα
2325 2701 2397 2770 μὴ
2434 2699 2668 2771 πειράζῃ
2698 2699 2843 2768 ὑμᾶς
2872 2699 2900 2750 6
2930 2681 3194 2759 Σατανᾶς.
3228 2717 3246 2748 ι
3282 2699 3392 2750 Καὶ
3421 2697 3693 2752 διδάσκων

2113 2792 2188 2852 ὡς
2227 2791 2357 2860 παρ’
2403 2790 2562 2859 ἡμῶν
2612 2791 2818 2852 ἐκεῖνος
2854 2787 3124 2857 λαμϐάνει
3175 2790 3272 2852 τὰς
3307 2789 3556 2858 ἀφορμὰς
3595 2793 3692 2844 έπ-

2113 2883 2320 2954 ήγαγε·
2355 2899 2373 2931 ι
2410 2882 2508 2932 Διά
2537 2880 2638 2950 τὴν
2670 2879 2944 2950 ἀκρασίαν
2983 2880 3156 2949 ὑμῶν.
3184 2898 3202 2930 ›
3247 2879 3354 2933 Καὶ
3396 2879 3526 2952 περὶ
3559 2881 3698 2948 ἀγα-

2117 2978 2246 3048 μίας
2292 2974 2392 3048 [δὲ]
2417 2976 2464 3008 ⁸⁸
2492 2975 2552 3028 ού
2593 2976 2790 3043 νόμους
2830 2974 2966 3027 ἀλλά
3016 2975 3365 3046 παραινέσεις
3387 2974 3432 3006 ⁸⁷
3456 2975 3696 3041 εἰσενεγ-

2115 3067 2245 3132 κὼν,
2274 3067 2440 3131 ἔδειξε
2467 3067 2559 3120 καὶ
2583 3067 2684 3136 τῆς
2712 3067 2957 3134 ἀγαμίας
2983 3065 3043 3119 τὸ
3069 3067 3356 3136 χρήσιμον.
3393 3065 3449 3118 '0
3480 3066 3696 3134 ἄγαμος

2115 3161 2243 3229 γὰρ,
2294 3160 2426 3228 φησι
2461 3157 2530 3220 ’⁸,
2576 3159 2818 3229 μεριμνᾷ
2847 3158 2914 3211 τὰ
2934 3156 3038 3209 *τοῦ
3074 3155 3306 3226 Κυρίου,
3344 3155 3460 3218 πῶς
3505 3156 3697 3226 ἀρέσει

2113 3250 2189 3319 τῷ
2223 3250 2411 3318 Κυρίῳ
2447 3265 2460 3280 ·
2518 3249 2546 3300 6
2583 3248 2642 3300 δὲ
2671 3249 2928 3318 γαμήσας
2965 3247 3203 3318 μεριμνᾷ
3237 3246 3306 3300 τὰ
3331 3245 3426 3299 τοῦ
3465 3246 3694 3316 κόσμου,

2113 3338 2232 3401 πῶς
2264 3338 2449 3408 ἀρέσει
2477 3340 2542 3408 τῇ
2579 3337 2820 3406 γυναικί.
2854 3357 2872 3389 ι
2907 3336 3094 3390 Ταῦτα
3130 3338 3184 3390 δὲ
3218 3337 3310 3389 καὶ
3345 3337 3472 3408 περὶ
3507 3353 3696 3403 γυναι-

2112 3432 2224 3484 κῶν
2265 3431 2391 3498 ἔφη,
2442 3430 2709 3484 διδάσκων
2755 3429 2830 3493 ὼς
2869 3431 2903 3501 ἡ
2965 3427 3232 3500 παρθενία
3285 3428 3535 3500 προξενεῖ
3580 3426 3696 3498 βίον

2113 3523 2410 3594 φροντίδων
2434 3520 2615 3574 ὲλεύθε
2627 3538 2737 3592 ρον.

2179 3612 2534 3682 Θαυμάσατε,
2571 3605 2616 3664 ὧ
2652 3611 2866 3683 ἄνδρες,
2892 3611 2987 3667 τοῦ
3020 3611 3356 3682 σκυτοτόμου
3389 3611 3488 3682 τὴν
3520 3610 3698 3679 γλῶτ-

2109 3722 2228 3766 ταν,
2265 3705 2360 3756 καὶ
2383 3703 2472 3755 τὸν
2501 3703 2590 3756 διὰ
2609 3702 2816 3774 ταύτης
2839 3702 3210 3773 φθεγξάμενον
3243 3703 3688 3775 προσκυνήσατε.

2109 3796 2172 3848 Εἰ
2218 3795 2274 3848 δὲ
2313 3794 2588 3864 βούλεσθε,
2625 3796 2718 3848 καὶ
2765 3796 2890 3858 τοὺς
2937 3797 3190 3864 φονικοὺς
3229 3793 3576 3864 καταμάθετε
3605 3793 3694 3846 νό-

2113 3905 2266 3958 μους.
2313 3888 2372 3939 '0
2406 3887 2504 3956 μὲν
2541 3887 2650 3957 γὰρ
2678 3886 2967 3956 φιλόσοφος
2998 3886 3121 3939 οὐδὲ
3169 3886 3260 3938 τὸν
3297 3884 3633 3938 ἀπεκτονότα
3651 3883 3697 3917 °’

2109 3978 2319 4047 πατέρα
2353 3979 2452 4046 τὴν
2485 3977 2606 4043 ἴσην
2636 3978 2894 4046 ὑποσχεῖν
2933 3976 3203 4046 τιμωρίαν
3238 3975 3546 4034 ἐκέλευσεν,
3576 3975 3604 4026 6
3638 3972 3698 4026 δὲ

2107 4071 2298 4140 Σωτὴρ
2323 4071 2349 4122 6
2366 4070 2637 4140 ἡμέτερος
2661 4070 2754 4121 καὶ
2779 4068 3046 4138 λοιδορίαν
3073 4064 3291 4128 κολάζει
3321 4065 3472 4138 παρά
3497 4061 3696 4132 καιρὸν

2105 4163 2454 4233 γιγνομένην.
2507 4163 2608 4216 καὶ
2669 4161 2842 4231 θυμὸν
2897 4161 3097 4220 ἀδίκως
3151 4157 3490 4227 κινούμενον.
3538 4155 3699 4217 «Πᾶς

2105 4255 2234 4324 γὰρ,
2271 4253 2399 4322 ἔφη,
2423 4254 2450 4304 6
2471 4250 2830 4320 ὀργιζόμενος
2855 4249 2933 4318 τῷ
2965 4248 3176 4318 ἀδελφῷ
3209 4245 3376 4300 αὐτοῦ
3409 4246 3554 4315 εἰκῆ,
3583 4244 3701 4296 ένο-

2103 4361 2196 4415 χος
2239 4343 2392 4396 ἔσται
2425 4344 2490 4413 τῇ
2525 4342 2734 4410 κρίσειο
2778 4341 2835 4404 ὃς
2865 4341 2910 4394 δ’
2936 4341 3003 4394 ἂν
3047 4341 3177 4412 εἴπῃ
3217 4337 3456 4399 Ῥακά¹,
3513 4335 3699 4404 ἔνοχος

2103 4437 2256 4490 ἔσται
2281 4435 2358 4504 τῷ
2384 4434 2646 4505 συνεδρίῳ
2673 4451 2686 4465 ’
2719 4434 2777 4496 ὃς
2798 4433 2844 4486 δ’
2871 4434 2937 4486 ἂν
2963 4433 3114 4505 εἴπῃ,
3153 4431 3341 4500 Μωρέ,
3387 4428 3572 4498 ἔνοχος
3600 4426 3695 4479 ἔσ-

423 4525 566 4592 Quin
615 4538 669 4581 et
701 4529 862 4582 otiosi
889 4528 1160 4582 sermonis
1204 4529 1472 4581 rationem
1515 4544 1573 4583 se
1626 4530 1998 4599 repetiturum

2108 4545 2196 4580 ται
2219 4527 2298 4589 εἰς
2323 4525 2420 4596 τὴν
2451 4529 2680 4593 γέενναν
2709 4522 2804 4577 1:03
2839 4524 3031 4593 πυρός.
3069 4543 3086 4574 ι
3143 4522 3250 4576 Καὶ
3281 4521 3458 4588 λόγων
3500 4519 3556 4571 δὲ
3599 4519 3698 4589 ἀρ-

317 4633 322 4638 ·
424 4618 665 4672 minatus
719 4628 822 4671 est.
883 4618 1072 4687 Neque
1129 4617 1323 4672 amicis
1361 4619 1570 4683 solum,
1624 4620 1720 4675 sed
1762 4621 2004 4676 inimicis

425 4724 643 4777 quoque
695 4708 1016 4762 benefacere
1062 4709 1344 4779 praecepit.
1385 4730 1402 4761 ι
1444 4711 1662 4782 Diligite
1705 4712 1874 4775 enim,
1923 4712 2005 4765 in-

426 4801 566 4870 quit,
602 4800 856 4855 inimicos
880 4809 1092 4854 vestros
1114 4809 1168 4856 et
1207 4810 1361 4857 orate
1403 4819 1504 4873 pro
1541 4803 2005 4874 persequentibus

425 4907 524 4945 vos
556 4891 599 4943 l.
642 4910 659 4939 ›
690 4890 819 4945 Post
847 4892 962 4945 haec
989 4907 1123 4947 vero
1154 4894 1439 4966 praemium
1472 4909 1692 4964 quoque
1722 4892 2002 4960 ostendit,

427 4979 586 5051 longe
627 4983 955 5037 certantium
999 4985 1274 5040 excedens
1313 4986 1665 5057 dignitatem.
1705 5004 1722 5035 ε
1751 4985 1823 5040 Ut
1862 4983 2004 5050 sitis,

431 5071 642 5142 inquit,
674 5071 770 5127 filii
802 5075 976 5130 Patris
1015 5077 1186 5131 vestri
1226 5079 1320 5148 qui
1347 5077 1402 5131 iu
1432 5077 1586 5132 caelis
1609 5084 1714 5142 est,
1747 5075 1842 5146 qui
1873 5075 2007 5131 oriri

500 5235 538 5263 ω
572 5227 593 5280 ῐ
623 5226 748 5282 Cor.
787 5247 880 5296 vn,
921 5231 971 5294 l,
1002 5231 1056 5285 2.
1135 5241 1163 5269 ιι
1194 5231 1214 5286 Ι
1248 5231 1374 5288 Cor.
1401 5246 1496 5296 vn,
1526 5230 1580 5295 4,
1612 5230 1663 5284 5.
1741 5239 1766 5267 ο
1801 5230 1935 5286 ibid.
1967 5231 2001 5286 5

2108 5229 2287 5284 Pibld.
2325 5227 2377 5283 9.
2454 5239 2482 5278 σι
2517 5227 2652 5284 ibid.

435 5295 455 5331 ί
491 5296 626 5352 ibid.
651 5301 738 5354 Μ.

2111 4617 2224 4687 γῶν
2251 4617 2480 4679 εὐθύνας
2503 4616 2826 4686 ἁπαιτήσειν
2845 4615 3131 4683 ἠπείλησε.
3165 4613 3275 4668 Kal
3303 4615 3364 4666 οὐ
3391 4614 3550 4683 μόνον
3571 4612 3699 4676 τοὺς

2113 4712 2299 4780 φίλους
2327 4711 2416 4762 εύε
2428 4711 2660 4780 ργετεῖν,
2682 4708 2818 4761 ἀλλά
2844 4708 2940 4760 καὶ
2962 4710 2982 4739 ²
3006 4707 3129 4769 τοὺς
3157 4705 3388 4777 ἐχθροὺς
3411 4705 3700 4758 ἐκέλευσεν

2112 4798 2172 4855 εὖ
2217 4803 2411 4853 ποιεῖν.
2485 4818 2504 4851 ι
2543 4801 2818 4865 Ἀγαπᾶτε
2865 4797 3012 4868 γὰρ,
3054 4798 3159 4868 ἔφη
3207 4799 3249 4859 ³,
3301 4799 3430 4860 τοὺς
3471 4795 3702 4867 ἐχθροὺς

2115 4890 2268 4963 ὑμῶν
2286 4907 2301 4922 ο
2335 4891 2429 4943 καὶ
2451 4887 2671 4960 εὔχεσθε
2696 4890 2797 4942 ύπὲ
2805 4908 2836 4961 ρ
2856 4889 2966 4943 τῶν
2988 4890 3292 4943 διωκόντων
3317 4890 3479 4960 ὑμᾶς.
3513 4907 3529 4938 ι
3565 4885 3700 4939 Εἶτα

2115 4984 2208 5037 καὶ
2238 4982 2508 5035 δείκνυσιν
2538 4978 2700 5036 ἆθλον
2726 4984 2823 5053 τὴν
2851 4982 2961 5035 τῶν
2989 4980 3410 5050 ἀγωνιζομένων
3436 4981 3534 5034 ὑπε
3546 4977 3702 5048 960.!-

2113 5091 2205 5130 vov
2236 5073 2412 5139 ἀξίαν.
2455 5075 2600 5146 Ἔφη
2633 5073 2742 5146 γάρ
2764 5074 2786 5106 ⁵
2817 5090 2830 5104 ·
2867 5093 2885 5124 ι
2931 5075 3049 5128 ’Ἰνα
3070 5072 3301 5145 γένησθε
3326 5073 3432 5126 υἱοὶ
3462 5071 3554 5124 τοῦ
3587 5071 3704 5123 Πα-

2735 5239 2756 5266 ι·
2792 5228 2925 5283 ibid.
2959 5229 3049 5294 52,
3081 5227 3169 5282 5'5.
3249 5235 3272 5267 ⁸
3302 5225 3493 5281 Matth.
3520 5241 3573 5290 ν,
3601 5225 3694 5280 22.

1726 5433 1964 5490 VARUE
2005 5431 2411 5487 LECTIONES.

498 5547 543 5581 ⁸⁸
570 5546 679 5600 τῶν
708 5547 819 5604 τοῦ.
845 5549 950 5618 τῶν
987 5563 1098 5602 om.
1126 5547 1188 5604 C.
1213 5617 1221 5618 ί
1263 5549 1308 5582 ⁸⁸
1335 5546 1442 5601 τῶν
1471 5547 1562 5601 τοῦ
1593 5549 1925 5618 σκυτοτόμου
1962 5545 2250 5618 νόμωνατὸ
2279 5545 2372 5599 τοῦ
2397 5546 2729 5618 σκυτοτόμου
2761 5543 2839 5618 C._
2877 5544 2921 5576 ⁹⁰
2954 5543 3279 5618 ³ἐγκρατείας
3309 5539 3386 5594 δέ.
3409 5541 3472 5618 δὲ
3493 5554 3603 5618 om:
3631 5539 3694 5594 B.

428 5619 478 5688 σι
529 5618 815 5688 ξυςὲχωρεῖ,
875 5617 1164 5688 ξυνεχὼρει
1195 5617 1256 5675 C.

431 5687 550 5748 σίας
592 5686 660 5742 C.
718 5686 778 5721 ’³⁵
815 5688 906 5740 ἐπὶ
937 5686 1028 5742 τό.
1052 5686 1129 5754 εἰς
1155 5691 1214 5744 τὸ
1251 5690 1312 5745 Β.
1411 5689 1456 5720 ’⁸
1499 5689 1598 5759 [δὲ]

432 5756 717 5808 κτείναντα
747 5759 848 5810 Vb.
931 5759 945 5788 ¹
984 5759 1208 5814 Ῥακκά,
1250 5760 1418 5814 Ῥακὰ
1447 5759 1506 5814 Β.

432 5756 717 5808 κτείναντα
747 5759 848 5810 Vb.
931 5759 945 5788 ¹
984 5759 1208 5814 Ῥακκά,
1250 5760 1418 5814 Ῥακὰ
1447 5756 1506 5814 Β.

436 5821 514 5877 Vb
544 5839 644 5892 pro
685 5825 808 5878 υἱοί.

1634 5687 1753 5742 om.
1782 5687 1843 5743 C.

1358 5620 1404 5652 9³
1437 5619 1600 5657 meri-ve
1613 5636 1658 5657 ru
1733 5637 1783 5657 rm

1437 5619 1678 5686 φεύγειν.
1733 5621 1923 5688 φυγεῖν
1982 5618 2042 5671 Β.
2143 5618 2189 5651 ⁸³
2237 5618 2560 5688 στερεῖσθαι.
2623 5618 2833 5685 στέρεσί

1437 5691 1456 5720 ⁸
1499 5689 1598 5758 [δὲ]
1634 5704 1744 5742 ΟΠΙ.
1782 5687 1843 5743 C.
1937 5688 1982 5721 °"
2013 5687 2382 5758 παραινέσεις.
2429 5686 2748 5758 παραίνεσιν
2772 5684 2833 5758 Β.

1599 5759 1618 5789 ¹
1654 5759 1742 5811 καὶ
1765 5773 1874 5812 om.
1910 5758 1970 5812 Β.
2050 5759 2069 5789 ³
2097 5755 2230 5826 ἔφη.
2264 5758 2393 5828 φησι
2428 5755 2490 5810 C.

2143 5617 2189 5651 ⁸³
2237 5617 2560 5688 στερεῖσθαι.
2623 5610 2909 5685 στέρεσθαι
2955 5613 3016 5667 Β.
3059 5610 3069 5615 ⁷
3128 5615 3174 5645 ⁸⁵
3205 5610 3510 5678 ξυνουσίας.
3546 5610 3699 5674 ἐξου-

2143 5687 2382 5750 ιινέσεις.
2429 5686 2748 5750 παραίνεσιν
2772 5684 2833 5738 Β.
2922 5683 2968 5716 ⁸⁸
3003 5683 3154 5750 φησί.
3181 5683 3282 5750 ἔφη
3308 5682 3370 5736 Β.
3482 5681 3527 5713 ⁸³
3561 5681 3698 5735 ἀπο-

2935 5754 2986 5806 τε
3003 5701 3134 5822 il?)
3143 5701 3370 5822 ἐῗρῗτηθῗῖ

2598 5754 2615 5784 ⁸
2645 5755 2746 5827 ἔφη
2779 5754 2904 5824 γάρ.
2935 5754 2986 5806 τί
3016 5750 3125 5823 γὰρ
3150 5752 3252 5836 ἔφη
3278 5753 3336 5806 Β.
3365 5767 3492 5807 mox
3518 5750 3692 5820 ὅμοιοι
