4066 6450
417 443 551 510 1057

1086 444 1526 506 GRJECARUM
1558 443 1860 504 AFFECT.
1901 442 2252 504 CURATIO.
2280 468 2347 478 ’-
2368 443 2472 504 ΙΧ.
2513 444 2612 504 DE
2646 441 2994 502 LEGIBUS.

3533 439 3668 507 1058

412 550 539 622 τ’ρὸς
563 548 717 619 ὑμῶν
737 547 830 602 τοῦ
863 547 921 603 ἐν
957 548 1206 621 οὐρανοῖς
1234 566 1248 580 θ
1289 551 1370 604 ὅτι
1406 549 1684 604 ἀνατέλλει
1711 549 1802 602 τὸν
1839 547 1989 619 ἥλιον

2089 547 2247 618 jubet
2283 549 2450 604 solem
2490 565 2656 620 super
2692 549 2866 604 malos
2901 555 2958 603 et
2999 547 3196 614 bonos,
3229 556 3286 604 et
3327 547 3468 618 pluit
3503 563 3672 620 super

413 641 578 695 αὑτοῦ
609 641 701 694 ἐπὶ
734 642 1004 714 πονηροὺς
1026 643 1120 695 καὶ
1143 642 1399 711 ἀγαθοὺς,
1434 645 1528 698 καὶ
1554 643 1735 713 βρέχει
1779 641 1868 694 ἐπὶ
1908 641 1988 694 δι-

413 737 599 795 καίους
629 734 726 788 καὶ
751 735 988 796 ἀδίκους.
1033 755 1051 788 ι
1088 737 1196 789 Καὶ
1223 738 1350 808 περὶ
1386 737 1564 807 ὅρκων
1593 736 1649 789 δὲ
1684 735 1883 803 νόμους
1911 751 1990 787 τι·

411 827 547 890 οεὶς.
579 828 672 880 καὶ
711 829 909 890 αὐτοὺς
935 827 1268 898 ἀπαγορεύει
1300 829 1425 892 τοὺς
1447 829 1664 898 ὅρκους,
1700 826 1947 896 ἀποχρῆν
1967 825 1988 857 ⁵

408 919 582 986 λέγων
631 919 694 970 τδ
747 919 859 971 Ναὶ
913 920 1007 971 καὶ¹
1057 919 1118 971 τὸ
1161 917 1243 972 Οὓ
1291 920 1428 989 πρὸς
1468 919 1568 991 τὴν
1611 919 1720 971 τῶν
1760 916 1988 987 λεγομέ-

408 1028 514 1063 νων
537 1009 688 1082 [154]
717 1010 1025 1080 βεϐαίωσιν.
1066 1012 1178 1064 Καὶ
1224 1011 1313 1065 τὸν
1357 1012 1644 1082 ἀκτήμονά
1669 1010 1726 1063 δὲ
1761 1010 1872 1081 βίον
1900 1029 1989 1063 τε-

408 1099 684 1153 λειότατον
714 1101 841 1170 ἐφη.
905 1119 924 1151 ‹
961 1101 1057 1164 ⁸⁸ος
1095 1101 1203 1171 γάρ
1231 1101 1319 1166 ἂν,
1355 1101 1508 1172 φησὶ,
1548 1101 1624 1172 μὴ
1653 1102 1988 1171 ἀποτάξηται

409 1193 546 1244 πᾶσι
591 1194 704 1255 τοῖς
745 1191 1083 1261 ὑπάρχουσιν
1121 1194 1308 1256 αὑτοῦ,
1351 1193 1411 1245 οὐ
1449 1193 1668 1248 δύναταί
1704 1211 1805 1264 μου
1850 1189 1987 1247 εἶναι

413 1283 680 1354 μαθητής.
712 1301 731 1334 ι
765 1283 906 1336 Ἀλλ’
932 1286 1080 1355 ὅμως
1109 1285 1204 1338 καὶ
1233 1285 1404 1349 οὕτως
1428 1287 1448 1318 ⁸
1480 1285 1683 1357 ἀκριϐῆ
1714 1285 1987 1340 πολιτείαν

412 1373 740 1444 νομοθετῶν,
773 1373 926 1428 οὐδέν
956 1393 1009 1428 τι
1040 1377 1272 1448 τερπνὸν
1298 1376 1441 1429 κατά
1465 1377 1614 1430 τόνδε
1651 1377 1774 1430 τοντ
1810 1377 1921 1446 βίον
1951 1375 1983 1448 ἦ

414 1465 654 1537 θυμῆρες
679 1464 872 1519 δώσειν
893 1466 1184 1538 ὑπέσχετο,
1208 1468 1342 1521 ἀλλά
1373 1470 1564 1522 πενίαν
1590 1469 1685 1522 καὶ
1713 1469 1986 1522 ταλαιπω-

412 1554 532 1624 ρίαν
589 1555 682 1607 καὶ
726 1554 1034 1624 λοιδᾳρίανθ
1083 1557 1178 1610 καὶ
1226 1558 1497 1627 μάστιγας
1550 1558 1646 1611 καὶ
1695 1558 1985 1628 διαφόρους

411 1647 648 1716 σφαγάς.
692 1665 711 1696 ι
747 1647 833 1700 Ἐν
878 1647 956 1716 τῷ
989 1649 1180 1719 κόσμῳ
1209 1649 1338 1719 γὰρ,
1371 1649 1495 1720 ἔφη,
1532 1648 1710 1718 θλίψιν
1731 1648 1882 1719 ἔχετε
1905 1664 1918 1678 ·
1959 1667 1980 1700 ι

408 1735 542 1799 καὶ,
589 1753 607 1783 ι
637 1734 915 1806 Μακάριοι
951 1737 1096 1800 ἐστε,
1144 1738 1274 1791 ὅταν
1315 1738 1647 1792 ὀνειδίσωσιν
1693 1740 1858 1809 ὑμᾶς,
1891 1739 1985 1793 καὶ

405 1825 638 1892 διώξωσι
683 1870 696 1894 ,
729 1829 822 1882 καὶ
852 1829 1046 1882 εἴπωσι
1083 1831 1190 1882 πᾶν
1233 1831 1468 1901 πονηρὸν
1495 1831 1649 1902 ῥῆμα
1679 1831 1800 1884 καθ’
1831 1830 1985 1900 ὑμῶν

405 1917 728 1988 ψευδόμενοι
788 1919 975 1972 ἕνεκεν
1017 1918 1456 1992 ἐμοῦ⁶⁶χαίρετε
1505 1923 1600 1974 καὶ
1631 1921 1981 1990 ἀγαλλιᾶσθε,
2019 1901 2059 1958 Β

405 2009 489 2061 ὃτι
514 2009 541 2060 ὁ
565 2010 754 2078 μισθὸς
783 2010 936 2080 ὑμῶν
963 2010 1129 2074 πολὺς
1156 2013 1213 2064 ἐν
1239 2015 1349 2075 τοῖς
1377 2013 1646 2083 οὐρανοῖς.
1676 2032 1695 2064 ι
1732 2014 1839 2065 Καὶ
1860 2014 1987 2076 τοὺς

408 2101 507 2168 μὲν
545 2101 740 2164 πόνους
773 2103 864 2155 καὶ
891 2101 1169 2166 κινδύνους
1194 2103 1435 2169 ἐπέδειξε
1457 2105 1521 2168 ¹⁰,
1557 2104 1626 2158 τὰ
1660 2105 1717 2157 δὲ
1753 2104 1984 2176 βραϐεῖα

406 2193 503 2245 καὶ
532 2194 658 2254 τοὺς
699 2194 996 2262 στεφάνους
1046 2195 1185 2265 μετὰ
1218 2197 1276 2249 τδ
1314 2195 1409 2249 τοῦ
1444 2196 1560 2267 βίου
1591 2196 1744 2260 τέλος
1771 2197 1810 2227 ¹¹
1850 2197 1987 2249 ἀπο-

403 2283 600 2338 δώσειν
646 2286 931 2356 ύπέσχετο.
973 2285 1084 2339 Καὶ
1127 2289 1184 2339 ἐν
1223 2288 1395 2358 ἐτέρῳ
1442 2287 1498 2340 δὲ
1559 2289 1744 2358 χωρίῳ
1783 2287 1980 2358 φησίν·

409 2391 427 2422 ι
457 2374 519 2425 Εἰ
549 2375 647 2443 ἐμὲ
677 2374 902 2442 ἐδίωξαν
928 2378 991 2442 ’³,
1022 2378 1114 2430 καὶ
1138 2378 1282 2446 ὑμᾶς
1304 2375 1585 2441 διώξουσιν
1615 2394 1628 2407 ·
1659 2379 1706 2430 εί
1735 2377 1825 2430 τὸν
1851 2377 1984 2445 ἐμὸν

401 2464 560 2534 λόγον
600 2468 894 2538 ἐτήρησαν,
935 2469 1029 2521 καὶ
1053 2468 1143 2520 τὸν
1177 2469 1440 2541 ὑμέτερον
1473 2469 1794 2539 τηρήσουσι.
1819 2486 1837 2518 ι
1875 2467 1984 2520 Καὶ

404 2557 566 2609 πάλιν
589 2572 602 2587 ⁸
647 2576 664 2608 ι
700 2559 760 2611 Εἰ
791 2559 882 2611 τὸν
919 2560 1304 2628 οἰκοδεσπότην
1352 2557 1678 2623 Βεελζεϐοὺλ
1717 2559 1985 2613 ἐπεκαλέ-

405 2649 648 2714 cavsa”,
690 2650 840 2722 πόσῳ
866 2651 1066 2721 μᾶλλον
1101 2653 1225 2716 τοὺς
1254 2653 1530 2713 οἰκιακοὺς
1553 2652 1594 2682 ¹⁸
1615 2651 1810 2715 αὑτοῦ;
1850 2670 1868 2703 ι

475 2743 539 2795 Ui
566 2742 664 2812 μὲν
685 2743 748 2814 δὴ
776 2744 930 2810 νόμοι
961 2743 1193 2796 τοιοῦτοι
1216 2759 1230 2772 ’
1255 2741 1405 2807 ἀξιον
1426 2743 1481 2795 δὲ
1507 2743 1719 2813 ἀληθῶς
1744 2742 1983 2805 καὶτοὺς

401 2835 725 2898 θεσπεσίους
791 2836 990 2905 ἀνδρας
1047 2835 1288 2899 ἐκείνους
1343 2834 1645 2903 θαυμάσαι,
1711 2837 1806 2888 καὶ
1855 2835 1982 2898 τοὺς

401 2925 634 2990 ἐκείνοις
664 2927 1115 2988 πεπιστευκότας.
1144 2922 1377 2981 Τοιῶνδε
1409 2927 1518 2996 γάρ
1547 2924 1722 2994 λόγων
1754 2925 1986 2979 ἀκούονσ

399 3037 516 3084 τες,
547 3020 641 3073 καὶ
668 3019 791 3072 οὔτε
828 3019 1056 3073 πλοῦτον
1085 3018 1209 3072 οὔτε
1231 3019 1550 3072 δυναστείαν
1579 3017 1704 3072 οὔτε
1731 3021 1984 3088 σώματος

404 3111 600 3182 ῥώμην
642 3112 793 3183 παρά
828 3111 922 3164 τοῦ
968 3113 1301 3183 κεκληκότος
1336 3111 1639 3181 δεξάμενοι,
1690 3111 1826 3164 ἀλλά
1877 3127 1985 3180 μα-

401 3205 562 3273 κραῖς
608 3204 702 3256 καὶ
747 3205 970 3267 ταύταις
1011 3205 1073 3257 ού
1119 3205 1472 3274 φαινομέναις
1504 3203 1854 3271 ἐπαγγελίαις
1889 3220 1984 3257 πε-
2012 3231 2055 3290 c

325 3340 328 3342 ν
400 3295 774 3358 πιστευκότες,
807 3297 900 3348 καὶ
931 3297 1057 3359 τοὺς
1088 3297 1284 3359 πόνους
1314 3298 1634 3362 ἠσπάσαντο
1654 3296 1720 3359 ³³,
1755 3293 1984 3348 καὶτῶν

401 3385 666 3439 κινδύνων
707 3387 1022 3456 ἠνέσχοντο,
1045 3387 1140 3439 καὶ
1168 3387 1268 3456 τὴν
1304 3385 1632 3455 οἰκουμένην
1664 3385 1987 3455 περινοστή-

402 3494 598 3540 σαντες
641 3479 753 3538 τοῖς
802 3477 977 3529 ἔθνεσι
1023 3478 1404 3547 προσήνεγκαν
1464 3477 1486 3506 ⁸
1549 3477 1620 3528 τά
1663 3476 1983 3546 μαθήματα.

402 3569 572 3622 Οὐδὲν
599 3568 654 3621 δὲ
681 3564 841 3639 ἦττον
864 3570 957 3620 καὶ
986 3569 1112 3631 τοὺς
1131 3567 1453 3637 δεξαμένους
1476 3566 1790 3637 εύφημῆσαι
1817 3583 1986 3636 προσ·-

401 3662 552 3732 ήκει,
581 3661 664 3714 ὅτι
698 3661 848 3732 παρά
879 3663 991 3723 τοῖς
1021 3659 1250 3731 κήρυξιν
1285 3660 1436 3713 οὐδὲν
1482 3659 1780 3730 περιφανὲς
1816 3658 1986 3729 ὁρῶν·-

399 3771 496 3817 τες
523 3753 643 3806 οὑδὲ
667 3753 710 3784 ¹⁷
742 3753 1125 3827 περίϐλεπτον,
1153 3751 1292 3805 άλλά
1315 3750 1560 3820 γλώττας
1593 3751 1903 3814 ἀλιευτικάς
1925 3768 1985 3804 τε

399 3849 500 3899 καὶ
535 3847 929 3916 σκυτοτομικάς
963 3845 1056 3898 καὶ
1088 3844 1279 3898 πενίαν
1307 3845 1542 3915 ἐσχάτην
1578 3844 1719 3916 (οὐδέ
1746 3843 1852 3912 γὰρ
1886 3843 1986 3912 τῆς

400 3938 710 4007 ἀναγκαίας
749 3937 1028 4008 ηὐπόρουν
1053 3938 1263 4008 τροφῆς
1287 3953 1301 3967 ο
1339 3937 1501 3990 πόθεν
1533 3937 1645 4008 γὰρ
1680 3936 1743 4007 δὴ
1770 3936 1814 3968 ⁸⁸
1854 3934 1985 3988 ταύ-

399 4047 504 4098 την
546 4025 711 4100 εἶχον,
750 4030 804 4081 οἵ
829 4046 894 4098 γε
941 4030 1034 4082 καὶ
1081 4027 1144 4080 τὸ
1175 4030 1444 4099 μεριμνᾷν
1486 4030 1616 4098 περὶ
1659 4029 1759 4097 τῆς
1795 4027 1985 4098 αὔριον

401 4119 560 4188 νόμῳ
582 4118 999 4188 κεκωλυμένοι),
1027 4118 1086 4169 οὐ
1112 4117 1272 4182 μόνον
1293 4116 1728 4184 τοῖςλεγομένοις
1744 4116 1985 4168 ἐπίστευ⁸

405 4229 530 4275 σαν,
562 4211 698 4265 ἀλλὰ
728 4214 824 4265 καὶ
851 4210 960 4264 τῶν
993 4212 1124 4282 παρ’
1151 4211 1336 4272 αὐτοῖς
1383 4209 1816 4278 πολιτευομένων
1853 4225 1985 4262 κατ-

402 4304 714 4376 εεξρόνησαν
743 4304 944 4374 νόμων,
996 4301 1225 4355 καὶτῶν
1269 4300 1406 4354 ἐθῶν
1447 4300 1555 4353 τῶν
1587 4299 1855 4371 πατρῴων
1898 4300 1986 4364 ἐξ·

2086 643 2267 712 justos
2296 650 2352 697 et
2383 643 2615 714 injustos
2641 653 2690 698 ιι.
2729 663 2746 695 ι
2784 643 2851 698 Ει
2889 659 3016 699 cum
3055 643 3124 700 de
3150 644 3483 714 juramentis
3525 645 3673 716 leges

2092 739 2376 798 statueret,
2412 734 2528 804 ipsa
2571 737 2736 789 etiam
2776 737 3088 806 juramenta
3128 750 3358 805 prorsus
3405 736 3670 802 inhibuit,

2091 824 2224 878 satis
2262 840 2382 880 esse
2400 825 2585 880 dicens
2611 826 2680 880 ad
2719 842 2781 882 ea
2807 827 3182 881 conﬁrmanda
3207 844 3331 898 quae
3364 828 3628 882 dicuntur
3655 844 3670 881 :

2099 933 2118 966 ι
2151 915 2248 970 Est
2269 925 2325 970 et
2364 916 2485 971 Non
2517 925 2602 972 est
2630 928 2680 972 ν.
2709 936 2726 968 ι
2768 919 3070 988 Pauperem
3101 935 3318 989 quoque
3339 921 3506 974 vitam
3541 936 3673 990 per-

2089 1008 2447 1064 fectissimam
2465 1025 2584 1065 esse
2600 1011 3000 1080 pronuntiavit.
3034 1030 3052 1060 ‹
3077 1010 3176 1076 Qui
3194 1013 3341 1066 enim
3363 1013 3565 1084 (inquit
3597 1016 3669 1081 ι),

2091 1117 2201 1156 non
2244 1102 2645 1157 renuntiaverit
2689 1102 2946 1157 omnibus
2989 1103 3151 1156 bonis
3177 1103 3312 1168 suis,
3353 1119 3464 1158 non
3491 1113 3672 1174 potest

2089 1208 2245 1247 meus
2287 1208 2406 1248 esse
2442 1193 2745 1262 discipulus
2777 1202 2823 1245 κ.
2850 1213 2867 1244 ι
2907 1193 2976 1246 Ει
3003 1201 3205 1257 tamen,
3233 1209 3356 1247 cum
3397 1195 3533 1248 adeo
3573 1211 3671 1249 ex-

2089 1294 2271 1340 actum
2294 1286 2420 1340 vita:
2441 1302 2615 1356 genus
2632 1285 2966 1349 institueret,
2991 1286 3130 1338 nihil
3156 1285 3499 1346 delectabile,
3533 1285 3670 1339 nihil

2085 1377 2391 1448 jucundum
2433 1378 2488 1430 in
2534 1377 2637 1432 hac
2681 1377 2791 1430 vita
2841 1393 2900 1432 se
2937 1377 3200 1431 daturum
3243 1377 3536 1446 promisit:
3575 1376 3671 1431 sed

2088 1476 2488 1538 paupertatem,
2530 1479 2586 1521 et
2634 1467 2934 1543 miseriam,
2975 1475 3032 1521 et
3073 1467 3458 1529 contumelias,
3485 1475 3542 1519 et
3573 1465 3672 1520 lla-

2087 1574 2204 1629 gra,
2233 1559 2634 1628 etmultiplices
2665 1560 3004 1614 vexationes.
3047 1577 3065 1608 ‹
3105 1558 3164 1612 ln
3203 1558 3430 1619 mundo,
3471 1558 3671 1626 inquit,

2087 1666 2400 1721 pressuram
2427 1651 2704 1705 habebitis
2730 1661 2779 1705 γ.
2820 1671 2837 1701 ι
2868 1652 2970 1704 Ει;
3008 1669 3025 1701 ι
3060 1649 3210 1704 Beati
3254 1649 3390 1704 estis
3414 1664 3539 1702 cum
3566 1664 3675 1702 ma-

2087 1741 2578 1804 ledixerintvobis,
2621 1752 2678 1796 et
2717 1742 2993 1810 persecuti
3027 1739 3389 1801 vos-fuerint,
3430 1746 3487 1792 et
3519 1739 3674 1792 dixe-

2089 1831 2203 1885 rint
2239 1847 2402 1886 omne
2431 1832 2636 1886 malum
2673 1832 2836 1903 947
2871 1831 3136 1885 adversus
3165 1845 3285 1894 vos,
3315 1830 3666 1895 mentientes,

2088 1934 2313 1993 propter
2329 1940 2436 1978 me.
2468 1924 2714 1979 Gaudete
2755 1934 2811 1978 et
2839 1924 3143 2000 exsultate,
3160 1923 3420 1993 quoniam
3456 1937 3670 1976 merces

2091 2023 2271 2069 vestra
2321 2016 2493 2069 multa
2525 2025 2608 2071 est
2643 2017 2699 2070 in
2753 2015 2905 2070 ccelis
2928 2025 2972 2070 ³.
3007 2035 3024 2066 ι
3069 2016 3139 2070 Et
3179 2015 3399 2069 labores
3442 2013 3670 2083 quidem

2088 2103 2447 2175 periculaque
2482 2105 2722 2160 ostendit
2748 2123 2762 2158 :
2790 2105 3013 2175 praemia
3046 2120 3177 2159 vero
3210 2114 3266 2160 et
3295 2120 3528 2159 coronas
3544 2113 3670 2174 post

2088 2194 2216 2248 vitae
2247 2195 2411 2249 linem
2465 2212 2522 2252 se
2561 2197 2820 2251 daturum
2853 2197 3127 2266 promisit.
3173 2198 3240 2251 Et
3274 2198 3382 2250 alio
3435 2197 3493 2251 in
3544 2199 3669 2252 loco

2089 2286 2166 2341 ait
2202 2305 2214 2340 :
2260 2306 2279 2338 ι
2309 2287 2366 2342 Si
2396 2303 2482 2343 me
2523 2289 2800 2358 persecuti
2833 2299 2983 2350 sunt,
3014 2297 3072 2343 et
3101 2304 3202 2345 vos
3241 2301 3666 2361 persequentur.

2089 2377 2146 2432 Si
2191 2394 2500 2435 sermonem
2541 2396 2724 2434 meum
2763 2391 3085 2446 servarunt,
3122 2391 3179 2437 et
3206 2391 3453 2437 vestrum
3483 2399 3670 2439 serva-

2086 2469 2227 2524 bunt
2258 2482 2308 2525 α.
2348 2491 2366 2522 ι
2415 2472 2486 2526 Et
2531 2487 2726 2526 rursus
2785 2490 2798 2526 :
2845 2491 2863 2523 ι
2910 2472 2966 2526 Si
2997 2472 3284 2527 dominum
3331 2482 3669 2529 vocaverunt

2085 2559 2419 2628 Beelzebub,
2451 2570 2658 2631 quanto
2691 2563 2863 2632 magis
2883 2562 3218 2617 domesticos
3242 2563 3362 2634 ejus
3384 2563 3451 2616 b?
3480 2582 3500 2614 ι

2155 2744 2328 2815 Leges
2371 2744 2554 2814 itaque
2600 2751 2730 2798 sunt
2767 2743 3104 2816 huiusmodi.
3142 2743 3380 2816 Equum
3418 2760 3552 2800 vero
3585 2756 3670 2802 est

2086 2842 2147 2888 ut
2170 2833 2388 2888 divinos
2447 2834 2570 2888 illos
2623 2835 2776 2888 viros
2818 2835 3188 2898 admiremur,
3223 2851 3429 2905 eosque
3471 2836 3666 2890 itidem

2085 2925 2180 2996 qui
2206 2925 2315 2979 illis
2335 2924 2708 2979 crediderunt.
2744 2925 2828 2979 llli
2857 2926 3006 2979 enim
3041 2927 3140 2980 has
3160 2927 3309 2996 leges
3329 2942 3455 2982 cum
3486 2928 3670 2982 audis-

2086 3025 2228 3081 sent,
2256 3024 2313 3071 et
2363 3032 2542 3087 neque
2601 3017 2842 3081 divitias,
2879 3033 3062 3087 neque
3110 3021 3437 3088 potentiam,
3486 3035 3670 3090 neque

2086 3108 2334 3178 corporis
2365 3109 2539 3161 robur
2565 3123 2597 3162 a
2637 3114 2870 3162 vocante
2915 3108 3280 3176 accepissent,
3345 3109 3441 3164 sed
3466 3110 3666 3180 longis,
3745 3098 3752 3105 ’

2087 3209 2144 3256 et
2189 3215 2374 3255 rerum
2427 3215 2550 3269 quae
2608 3214 2721 3253 non
2773 3199 3169 3262 cernebantur,
3208 3201 3672 3270 promissionibus

2088 3291 2252 3346 ﬁdem
2277 3291 2568 3354 haberent,
2595 3299 2651 3344 et
2667 3289 2888 3344 labores
2907 3290 3146 3358 amplexi
3173 3299 3322 3355 sunt,
3345 3298 3403 3346 et
3426 3292 3674 3362 pericula

2087 3384 2414 3438 tolerarunt.
2443 3386 2556 3448 ',et
2577 3391 2780 3436 terram
2815 3391 3171 3452 peragrantes
3199 3382 3513 3438 doctrinam
3539 3399 3673 3454 gen-

2088 3478 2240 3534 tibus
2255 3477 2598 3532 detulerunt.
2620 3477 2741 3531 Non
2765 3477 2948 3532 minus
2961 3485 3143 3530 autem
3157 3484 3214 3530 et
3226 3491 3321 3531 eos
3348 3476 3560 3531 laudari
3572 3492 3673 3546 par

2086 3579 2190 3636 est,
2217 3573 2313 3640 qui
2340 3577 2708 3639 susceperunt
2742 3585 2757 3622 :
2788 3568 2937 3638 quod
2967 3568 3108 3622 nihil
3137 3569 3372 3633 illustre,
3417 3569 3670 3638 nihilque

2087 3663 2448 3733 conspicuum
2484 3663 2538 3716 in
2564 3661 2916 3730 praeconibus
2942 3667 3257 3725 cernentes,
3280 3659 3380 3714 sed
3429 3660 3670 3730 piscato-

2085 3771 2210 3810 rum
2241 3763 2604 3822 sutornmque
2651 3752 2888 3822 linguas,
2947 3765 3331 3820 summamque
3368 3758 3670 3819 egestatem

2088 3845 2315 3916 (quippe
2338 3845 2434 3916 qui
2461 3859 2565 3899 nec
2591 3843 2660 3899 ad
2688 3844 2898 3898 victum
2920 3843 3249 3898 necessariis
3270 3841 3667 3896 abundabant:

2086 3938 2234 3992 unde
2259 3937 2415 3992 enim
2446 3935 2738 3999 haberent,
2771 3933 2868 4003 qui
2895 3933 3137 4004 cogitare
3167 3932 3235 3987 de
3266 3931 3511 3986 crastino
3545 3946 3675 4002 pro-

2086 4031 2248 4084 hibiti
2270 4034 2431 4090 erant
2455 4026 2528 4096 ε),
2556 4043 2668 4082 non
2687 4027 2869 4082 solum
2919 4026 2990 4080 iis
3015 4041 3137 4095 quae
3183 4024 3512 4078 dicebantur
3548 4036 3672 4077 cre-

2085 4122 2367 4184 diderunt,
2393 4120 2490 4174 sed
2516 4120 2689 4190 leges,
2717 4118 2924 4187 quibus
2963 4118 3030 4171 ad
3057 4131 3179 4171 eam
3227 4116 3374 4170 diem
3396 4116 3670 4180 vixerant,

2086 4218 2558 4281 contempserunt,
2589 4220 2648 4265 et
2674 4209 2884 4279 patrios
2911 4209 3080 4280 948
3108 4222 3292 4262 mores
3317 4206 3671 4270 abdicarunt,

2087 4313 2291 4360 etcum
2321 4302 2585 4373 periculis
2614 4303 2717 4371 ipsi
2747 4315 2968 4372 quoque
3001 4299 3266 4368 reliquam
3295 4299 3461 4352 vitam
3502 4296 3674 4350 duxe-

403 4400 665 4467 έστησαν,
699 4398 790 4450 καὶ
837 4395 974 4466 μετά
1026 4393 1286 4448 κινδύνων
1334 4393 1429 4446 καὶ
1465 4393 1619 4446 αὐτοὶ
1664 4390 1757 4444 τὸν
1797 4392 1985 4444 λοιπὸν

2087 4405 2236 4462 runt,
2263 4396 2382 4467 pari
2411 4394 2576 4450 modo
2594 4409 2720 4449 cum
2738 4393 3020 4464 magistris
3039 4389 3421 4461 praedicantes,
3441 4389 3674 4459 parique

403 4493 642 4545 ἐϐίωσαν
671 4491 885 4562 χρόνον,
916 4489 1115 4560 ὁμοίως
1146 4488 1244 4558 μὲν
1275 4489 1388 4551 τοῖς
1412 4486 1748 4549 διδασκάλοις
1777 4486 1984 4558 κηρύτ-

2087 4488 2250 4543 modo
2265 4485 2530 4542 conviciis
2541 4485 2859 4542 etludibriis
2869 4483 3048 4538 allecti
3058 4491 3134 4548 ,et
3145 4497 3244 4553 per
3259 4483 3484 4538 eosdem
3501 4479 3675 4535 turbi-

403 4601 610 4649 τοντες,
650 4584 851 4652 ὁμοίως
881 4581 939 4635 δὲ
976 4579 1396 4652 παροινούμενοι
1435 4581 1530 4633 καὶ
1578 4578 1982 4650 προπηλακιζό-

2087 4593 2186 4634 nes
2218 4578 2525 4647 ﬂuctusque
2566 4575 2906 4631 incedentes.
2948 4574 3121 4628 Tanta
3145 4578 3328 4627 autem
3349 4572 3404 4626 in
3437 4585 3673 4626 venera-

407 4692 581 4745 μενοι,
612 4674 708 4728 καὶ
741 4673 832 4727 διά
864 4673 973 4726 τῶν
1006 4673 1139 4726 ῐσων
1162 4671 1472 4725 κλυδωνίων
1503 4671 1799 4736 ὁδεύοντες.
1849 4673 1986 4724 Τοσ-

2089 4671 2242 4726 tione
2266 4671 2389 4725 illos
2411 4669 2504 4740 qui
2529 4668 2598 4725 ad
2631 4674 2868 4723 mortem
2896 4681 3075 4735 usque
3103 4666 3158 4719 in
3176 4663 3441 4734 periculis
3466 4663 3672 4717 versati

402 4767 534 4819 οὗτο
554 4768 596 4798 ¹⁹
619 4766 676 4819 δέ
699 4765 861 4827 σέϐας
898 4763 1008 4818 τῶν
1044 4764 1205 4835 μέχρι
1230 4762 1461 4817 θανάτου
1491 4764 1985 4818 κεκινδυνευκότων

2088 4770 2237 4827 sunt,
2251 4770 2308 4818 et
2325 4761 2638 4816 habuerunt
2662 4758 2823 4822 illi,et
2845 4756 3049 4812 habent
3063 4755 3266 4826 passim
3287 4761 3567 4820 omnes,ut
3583 4769 3678 4810 eo—

325 4922 330 4928 ,
404 4857 503 4910 καὶ
535 4851 682 4926 εἶχον
709 4857 926 4920 ἐκεῖνοι,
957 4855 1054 4908 καὶ
1095 4855 1194 4925 μὲν
1239 4853 1303 4923 δὴ
1345 4855 1440 4907 καὶ
1467 4853 1682 4924 ἔχουσιν
1725 4853 1984 4918 ἀπαντες,

2088 4870 2212 4910 rum
2228 4854 2441 4909 loculos
2461 4853 2752 4907 thesauros
2778 4863 2901 4904 esse
2923 4855 3140 4919 putent,
3164 4847 3313 4902 unde
3335 4846 3479 4902 bona
3495 4846 3676 4901 omnia

403 4950 483 5009 ὡς
515 4948 614 5010 τὰς
644 4947 870 5000 ἐκείνων
894 4944 1004 5016 [γε]
1021 4946 1066 4977 ⁸⁸
1093 4945 1264 5015 θήκας
1289 4944 1647 5018 [θησαυροὺς]
1667 4948 1710 4977 ⁸⁸
1745 4945 1989 5016 ὑπολαμ-

2091 4945 2436 5001 deriventur.
2467 4943 2675 5013 Legum
2700 4955 2833 5010 ergo
2861 4939 3090 4993 istarum
3127 4938 3452 5008 potentiam,
3479 4955 3514 4992 ο
3544 4936 3675 4996 viri.

403 5040 591 5094 σᾶινειν
646 5037 869 5105 ἀγαθῶν
919 5035 1272 5090 παντοδαπῶν
1322 5035 1612 5105 χορηγούς.
1687 5036 1988 5108 ’Δθρήσατε

2093 5037 2407 5109 perspicite.
2441 5035 2564 5105 .Has
2593 5035 2741 5089 enim
2771 5043 2830 5086 et
2876 5030 3132 5094 Romani,
3163 5038 3220 5084 et
3247 5030 3446 5095 Persa,
3477 5036 3536 5083 et
3582 5027 3678 5098 qui

475 5194 666 5320 ἔξω.
697 5194 890 5319 ᾗ)ξωῖ
920 5191 1177 5316 ἰὺίἀὲἔη.
1258 5203 1282 5232 ι
1317 5189 1451 5245 Luc.
1485 5207 1593 5256 11v,
1629 5192 1717 5246 55.
1795 5200 1824 5239 γ
1860 5192 2018 5248 Joan.
2045 5207 2152 5258 xvr,
2176 5193 2264 5248 55.
2303 5201 2326 5228 ²
2364 5190 2554 5245 Matth.
2581 5206 2634 5253 v,
2664 5189 2751 5251 ll,
2780 5188 2864 5242 12.
2943 5199 2970 5227 α
2998 5187 3155 5243 Joan.
3175 5203 3268 5252 xv,
3292 5185 3381 5240 20.
3429 5185 3458 5225 ι)
3484 5181 3675 5238 Matth.

528 5265 578 5317 ν.
659 5275 682 5304 ε
885 5303 896 5316 .
930 5278 1003 5320 νι,
1102 5301 1114 5314 .

406 5283 463 5330 ι,
488 5275 578 5320 25.
659 5275 682 5304 ⁸
708 5275 896 5319 Mattn.
930 5278 1003 5325 Vl,
1025 5275 1114 5316 οι.

1724 5373 1960 5429 VARle
2001 5371 2419 5460 LECTIONES.’

1365 5546 1386 5577 ‘
1415 5545 1606 5609 οὕτως.
1633 5540 1787 5610 οὗτος
1813 5545 1875 5602 C.
1970 5547 1989 5577 "

2087 5559 2235 5599 rom.
2281 5545 2342 5598 B.
2385 5561 2466 5614 τοι
2509 5557 2609 5614 pro
2652 5559 2708 5614 τι
2753 5538 2947 5614 αμα
2977 5535 3266 5614 λοιδορίαν.
3302 5532 3675 5614 λοιδορίας-Β.

416 5627 436 5655 ⁹
483 5604 801 5691 ψευδόμενοι
835 5604 1220 5691 ἕνεκεν’ὲμοῦ.
1252 5617 1440 5691 {vexa}
1484 5604 1616 5691 ἐμοῦ
1666 5604 1984 5691 ψευδόμενοι
2002 5617 2089 5691 _B._
2178 5604 2527 5691 ³⁰ξπέδειὲἶ
2559 5611 2810 5691 ὑπέδειξε
2842 5610 2944 5664 Vb.
3033 5604 3280 5691 .“pa‘cslt
3320 5605 3380 5656 τὸ
3421 5604 3514 5691 τοὶ
3563 5604 3677 5691 ρίου

402 5674 578 5754 τέλος.
632 5674 770 5761 μετά
819 5687 912 5761 τοῦ
961 5687 1077 5761 βίου
1097 5674 1180 5761 ’τὲ
1211 5687 1369 5761 τέλος.
1402 5687 1464 5761 Ιξ,
1511 5674 1602 5740 Va.
1681 5674 1692 5685 ’
1719 5687 1761 5761 ίξ
1795 5674 2177 5761 ἔμε-ἐδίωξαν.
2228 5685 2326 5755 ἔμε
2445 5674 2505 5761 ΒΓ
2610 5674 2977 5761 1³ἐκάλεσαν.
3028 5674 3428 5761 ἐπεκαλέσαντο
3472 5674 3539 5761 Βι
3575 5674 3674 5756 V3.

414 5763 458 5794 ³⁵
485 5745 779 5822 οἰκιακοὺς.
806 5745 1112 5821 οἱκειάκοῦς
1140 5745 1201 5812 C.
1226 5757 1320 5826 qui
1344 5745 1499 5810 infra
1542 5772 1654 5810 om.
1693 5745 1838 5821 γάο.’
1901 5757 1944 5787 ³³
1971 5758 1989 5807 i

2087 5745 2283 5810 άσαντο
2306 5755 2397 5807 καὶ
2423 5755 2548 5815 τοὺς
2573 5751 2858 5826 κινδύνους
2885 5749 2981 5803 Va.
3011 5745 3430 5826 κατησπάσανῖρ
3458 5745 3680 5826 καὶτῶν

415 5831 677 5886 γινδύνων
714 5817 817 5887 Ἦ).
916 5829 959 5860 ⁸⁸
987 5815 1386 5898 προσήνεγκαν.
1415 5815 1723 5898 ἐπήνεγκαν
1747 5826 1848 5898 Vh.
1951 5815 2005 5856 ’τ’
2023 5827 2163 5898 ούδέ.
2189 5825 2343 5898 οὐδὲν
2518 5825 2560 5857 ³-⁸
2589 5825 2670 5892 δή.
2699 5822 2802 5892 leg.
2829 5820 2913 5872 ἄν.
3021 5816 3066 5850 ³⁸
3095 5815 3345 5870 τοσοῦτον
3374 5815 3472 5870 Va.
3517 5815 3679 5878 σὲὅας

414 5901 497 5958 νο
527 5910 648 5972 post
688 5895 1188 5955 κεκινδυνευκότων.
1267 5898 1310 5927 ’°
1336 5895 1442 5968 [γε]
1483 5895 1571 5951 om
1599 5897 1660 5952 C.
1734 5897 1776 5929 ²¹
1806 5896 1989 5966 Onam);

2087 5913 2110 5960 ς
2139 5911 2246 5950 om.
2277 5896 2335 5961 Β,
2370 5895 2461 5949 Va.

485 5552 512 5630 ἦ
535 5551 800 5630 ἀποχρῆν.
835 5548 1142 5630 ἀποχρῆναι
1169 5546 1261 5630 Ya.
