4066 6438
507 411 645 474 10ῖό

1488 421 1973 482 THEODORETI
2014 421 2350 482 EPISCOPI
2387 417 2757 480 CYRENSIS

3611 406 3749 474 1076‘

510 527 894 581 Umversorum
920 536 1101 584 autem
1140 530 1254 585 Rex
1293 531 1510 586 illorum
1545 534 1812 589 stationes
1834 534 2072 588 funditus

2183 533 2401 602 θόμενοι
2429 531 2476 563 ⁸⁸
2510 528 2816 601 παρουσίας
2857 526 3202 596 ἀπέδρασαν,
3246 521 3340 576 καὶ
3394 519 3607 592 γυμνὰς
3644 519 3757 582 τὰς

506 615 800 670 destruxit.
825 617 998 673 Nulla:
1037 619 1268 687 proinde
1317 619 1687 678 divinationes
1721 623 1787 677 ad
1826 622 2073 678 Castaliae

508 721 678 774 aquas
715 706 870 770 ﬁunt,
919 709 1082 763 nulla:
1121 709 1189 764 ad
1221 709 1624 781 Colophonium
1656 713 1861 766 fontem
1895 728 1907 763 :
1936 711 2072 764 nihil

506 797 755 865 praedicit
791 799 942 853 lebes
973 800 1358 871 Thesprotius,
1395 804 1536 859 nihil
1566 804 1741 873 tripus
1773 802 2070 866 Cirrhzeus,

506 901 607 940 nec
650 887 984 943 Dodonzeum
1033 907 1110 945 aes
1151 894 1343 962 garrit,
1410 909 1514 948 nec
1556 893 1927 964 vulgatissima
1983 891 2074 944 illa

507 993 745 1045 quercus
774 998 786 1032 :
811 981 905 1034 sed
937 984 1424 1050 tacetDodonzeus,
1444 993 1660 1040 tacetet
1680 982 2073 1053 COIOphonius,

507 1077 563 1121 et
588 1070 795 1137 Delius,
829 1081 885 1126 et
923 1074 1173 1144 Pythius,
1213 1086 1269 1131 et
1296 1076 1531 1142 Clarius,
1571 1084 1626 1131 et
1650 1077 1980 1146 Didymaeus,
2019 1082 2077 1128 et

506 1160 768 1224 Lebadia,
801 1173 858 1218 et
886 1164 1189 1234 Trophonii
1226 1178 1465 1231 antrum,
1499 1177 1555 1222 et
1581 1166 1995 1236 Amphilochus,
2021 1174 2077 1220 et

505 1253 892 1322 Amphiaraus,
933 1267 988 1310 et
1024 1259 1279 1322 Ammon,
1303 1258 1796 1326 Chaldteorumque
1835 1272 1898 1310 ac
1935 1256 2074 1328 Tyrv

507 1343 810 1398 rhenorum
853 1361 950 1416 per
991 1357 1236 1402 mortuos
1266 1347 1551 1402 divinatio.
1590 1346 1882 1401 Silentium
1923 1346 2074 1400 enim

508 1431 620 1487 illis
649 1433 960 1504 imperavit,
990 1437 1106 1504 qui,
1143 1445 1202 1489 ut
1229 1436 1304 1490 ait
1326 1436 1613 1505 propheta,
1645 1436 1893 1505 increpat
1918 1437 2078 1507 abys-

510 1538 653 1586 sum,
688 1539 919 1593 eamque
955 1527 1196 1580 exsiccat
1226 1545 1237 1578 :
1267 1528 1361 1595 qui
1404 1526 1540 1581 dicit
1578 1527 1810 1598 abysso:
1843 1546 1860 1577 ι
1889 1526 2077 1580 Relin-

509 1614 696 1682 queris
757 1614 1006 1680 deserta,
1069 1626 1126 1670 et
1171 1615 1367 1673 ﬂuvios
1433 1625 1560 1672 tuos
1627 1617 1914 1671 exsiccabo
1959 1615 2003 1669 τ.
2049 1635 2069 1667 ι

510 1703 816 1772 Daphnarus
839 1713 1020 1758 autem
1043 1706 1395 1774 Apollo,eum
1415 1706 1688 1760 eﬂ'eciSSet
1709 1714 1906 1760 utossa
1932 1721 2079 1759 mor-

512 1791 588 1842 tui
633 1793 808 1846 nostri
847 1793 954 1847 alio
1002 1795 1449 1860 transferrentur,
1476 1797 1698 1853 incusso
1721 1797 1937 1853 coalitus
1973 1797 2079 1850 ful-

2176 618 2395 686 ἐνέδρας
2429 616 2740 670 κατέλιπον.
2791 615 2848 666 ’0
2885 613 2942 666 δὲ
2983 612 3092 665 τῶν
3141 611 3279 664 ὅλων
3319 608 3578 671 Βασιλεὺς
3600 608 3643 642 ⁸⁸
3671 608 3750 665 τὰ,

2174 707 2378 760 τούτων
2400 707 2698 760 κατέλυσεν
2723 706 3037 775 ὁρμητήρια
3057 719 3070 733 ·
3099 703 3194 756 καὶ
3227 700 3352 755 οὔτε
3383 701 3486 771 τῆς
3525 701 3756 780 Κασταέ

2175 799 2297 861 λίας
2321 795 2680 868 προαγορεύει
2712 795 2772 848 τὸ
2808 795 2973 864 ὓδωρ,
3005 793 3130 846 οὔτε
3177 791 3494 861 Κολοφῶνος
3523 791 3557 860 ἡ
3593 791 3734 861 πηγὴ

2176 887 2549 960 προθεσπίζει,
2571 888 2668 956 οὐχ
2693 888 2722 938 6
2747 885 3093 954 Θεσπρώτιος
3121 884 3169 915 ⁸³
3202 881 3365 952 λέϐης
3395 879 3733 950 μαντεύεται,

2175 980 2274 1048 οὐχ
2311 980 2340 1031 6
2389 977 2618 1048 τρίπους
2657 976 2686 1028 6
2733 976 2997 1046 Κιρῤαἶος
3046 974 3093 1005 ⁸³
3139 972 3534 1044 χρησμολογεῖ,
3575 971 3635 1023 οῦ
3681 970 3738 1023 τὺ

2177 1070 2485 1123 Δωδωναῖον
2515 1068 2766 1137 χαλκεῖον
2797 1065 3095 1134 ἀδολεσχεῖ,
3141 1064 3239 1134 οὐχ
3278 1065 3310 1132 ἡ
3346 1049 3765 1133 πολυθρύλητοξ

2178 1161 2472 1228 φθέγγεται
2515 1158 2668 1230 δρῦς,
2708 1156 2845 1211 ἀλλὰ
2889 1157 3016 1226 σιγᾷ
3054 1156 3152 1224 μὲν
3192 1156 3221 1207 6
3259 1154 3587 1216 Δωδωναῖος,
3621 1153 3739 1222 σιγᾷ

2176 1252 2232 1305 δέ
2260 1250 2302 1304 δ’
2325 1251 2688 1318 Κολοφώνιος,
2716 1250 2812 1303 καὶ
2839 1247 3052 1318 Δήλιος,
3083 1245 3180 1298 καὶ
3214 1244 3436 1307 Πύθιος,
3473 1244 3566 1298 καὶ
3598 1242 3738 1296 Κλά-

2182 1359 2314 1412 ριος,
2345 1343 2441 1395 καὶ
2478 1326 2788 1409 Διδυμαῖος,
2825 1340 2920 1392 καὶ
2947 1341 2980 1408 ἡ
3025 1337 3284 1401 Λεϐαδία,
3325 1337 3419 1390 καὶ
3456 1338 3485 1390 6
3519 1337 3741 1408 Τροφὼ-

2177 1447 2312 1500 νιος,
2363 1434 2458 1488 καὶ
2503 1435 2533 1486 6
2596 1431 2958 1502 Ἀμφίλοχος,
3029 1429 3125 1482 καὶ
3167 1430 3196 1482 6
3245 1428 3604 1498 Ἀμφιάραος,
3655 1429 3742 1481 καὶ

2181 1523 2444 1592 Ἄμμων,
2485 1521 2582 1574 καὶ⁹
2617 1522 2651 1591 ἡ
2696 1518 2806 1572 τῶν
2841 1517 3126 1571 Χαλδαίων
3180 1518 3273 1571 καὶ
3323 1517 3623 1589 Τυρρηνῶν
3664 1535 3744 1571 νε-

2179 1615 2308 1668 κυία
2354 1612 2419 1667 ⁸⁵.
2482 1614 2646 1683 Σιγᾷν
2687 1612 2796 1682 γάρ
2839 1611 3022 1673 αὐτοῖς
3072 1609 3358 1663 ἐκέλευσεν
3406 1611 3437 1661 6
3481 1611 3745 1681 ἐπιτιμῶν

2178 1705 2420 1776 ἀΰύσσῳ,
2461 1704 2604 1758 κατά
2630 1703 2721 1757 τὸν
2753 1703 3062 1773 προφήτην,
3095 1697 3187 1754 καὶ
3230 1700 3500 1770 ξηραίνων
3539 1702 3739 1770 αὐτήνο

2178 1801 2206 1851 6
2237 1798 2410 1866 λέγων
2436 1799 2503 1867 τῇ
2537 1795 2778 1864 ἀσύσσῳσ
2821 1813 2840 1845 ι
2877 1793 3260 1864 Ἐρημωθήσῃ,
3301 1791 3394 1845 καὶ
3432 1793 3558 1855 τοὺς
3586 1809 3744 1846 ποτα-

509 1883 657 1937 mine
709 1885 852 1938 ictus
895 1895 998 1939 est.
1040 1887 1228 1956 Neque
1278 1888 1425 1942 enim
1461 1888 1774 1959 patiebatur
1814 1888 2072 1943 Cruciﬁxi

2185 1887 2318 1959 μούς
2369 1904 2461 1939 σου
2495 1885 2730 1957 ξηρανῶ.
2769 1903 2787 1936 ι
2835 1885 2944 1937 Καὶ
2973 1885 3001 1937 6
3040 1885 3308 1952 Δαφναῖος
3345 1881 3620 1938 Ἀπόλλων
3656 1884 3747 1936 τὸν

507 1983 713 2046 martyr
734 1976 802 2030 ab
831 1992 896 2030 eo
925 1978 1220 2047 quidquam
1245 1979 1490 2048 praedici,
1518 1980 1875 2048 hominesque
1901 1979 2076 2034 solitis

507 2065 794 2136 praestigiis
809 2067 1194 2138 965irretiri
1227 2087 1239 2121 :
1273 2085 1464 2124 verum
1497 2070 1659 2124 sicuti
1684 2084 1912 2139 magnus
1931 2069 2075 2124 Pau-

505 2156 592 2211 lus
609 2158 859 2226 spiritum
874 2160 1133 2231 Pythonis
1152 2162 1443 2232 increpuit,
1469 2163 1544 2216 ita
1560 2169 1616 2216 et
1633 2162 2076 2233 martyris.hujus

505 2249 720 2306 cineres
753 2250 968 2308 frenum
990 2255 1100 2308 vati
1129 2254 1549 2308 mendacissimo
1577 2255 1902 2326 injeccrunt.

2182 1979 2447 2050 ¹ἡμέτερον
2476 1977 2900 2048 παρασκευάσας
2934 1975 3299 2045 μετατεθῆναι
3327 1976 3372 2006 ⁸⁸
3411 1975 3623 2044 νεκρὸν,
3655 1976 3744 2027 ού·

2184 2068 2407 2141 ρανὸθεν
2428 2066 2646 2133 ἐδέξατο
2677 2065 2769 2119 τὸν
2803 2065 3066 2135 σκηπτόν.
3103 2066 3176 2118 Οὐ
3210 2067 3316 2134 γὰρ
3346 2066 3432 2118 εἴα
3465 2065 3748 2135 προλέγειν

2183 2160 2345 2214 αὐτὸν
2392 2158 2488 2212 καὶ
2536 2157 2781 2228 ξυνήθως
2835 2156 3223 2210 ἀποδουκολεῖν
3260 2157 3384 2220 τοὺς
3433 2157 3745 2228 ἀνθρώπους

2181 2251 2278 2305 τοῦ
2307 2250 2722 2320 Σταυρωθέντος
2749 2251 2778 2302 6
2814 2248 3044 2318 μάρτυς,
3081 2249 3217 2303 ἀλλά
3243 2248 3494 2320 καθάπερ
3520 2251 3548 2302 6
3579 2249 3745 2320 μέγας

506 2341 716 2406 Παῦλος
746 2342 825 2414 τῷ
866 2344 962 2398 τοῦ
1005 2346 1261 2409 Πύθωνος
1307 2346 1608 2418 ἐπετίμησε
1655 2347 1946 2418 πνεύματι,
1989 2344 2162 2408 οὕτως
2215 2343 2366 2412 ήτοῦ
2397 2342 2672 2414 μάρτυρος
2703 2342 2852 2405 κόνις
2912 2341 2973 2394 τὸ
3003 2339 3098 2394 τοῦ
3152 2341 3396 2410 μάντεως
3455 2338 3744 2410 ἐχαλίνωσε

505 2435 722 2508 ψεῦδος.

569 2531 737 2602 Cujus
765 2534 951 2605 itaque
984 2535 1129 2589 modi
1170 2535 1377 2592 fuerint
1417 2537 1725 2593 daemonum
1761 2548 2071 2593 vestrorum

500 2623 741 2686 oracula,
763 2639 794 2677 e
814 2624 1008 2678 vestris
1034 2625 1374 2694 philosophis
1398 2627 1704 2696 accepistis.
1723 2626 1915 2693 Qualia
1938 2641 2071 2681 vero

499 2713 816 2782 praedixerit
861 2714 1042 2783 opifex
1095 2716 1285 2769 mundi
1336 2717 1519 2782 Deus,
1565 2727 1622 2772 et
1671 2734 1837 2788 quam
1891 2718 2066 2781 utilia,

499 2806 735 2875 vitaeque
777 2807 1061 2861 hominum
1098 2818 1223 2878 apta
1271 2809 1381 2863 sint
1419 2810 1531 2874 illa,
1561 2820 1617 2864 et
1654 2810 1902 2864 veritatis
1947 2810 2068 2864 luce

501 2895 795 2961 radiantia,
827 2896 1016 2950 licebit
1037 2897 1087 2950 ei
1115 2899 1210 2966 qui
1235 2898 1384 2952 volet
1401 2913 1753 2969 cognoscere,
1780 2898 1826 2953 si
1852 2898 2070 2952 divinas

499 2986 736 3041 Litteras
762 2987 1046 3041 evolverit.
1081 2989 1194 3058 Ego
1232 3004 1364 3042 vero
1399 3004 1600 3059 paucas
1631 2989 1894 3043 duntaxat
1928 3005 2069 3058 pra:-

500 3076 771 3131 dictiones
790 3078 1052 3146 quasdam
1070 3079 1530 3143 commemorabo,
1554 3089 1614 3133 ut
1631 3094 1697 3133 ex
1715 3095 1903 3133 eorum
1925 3095 2074 3134 com-

504 3165 790 3234 paratione
827 3165 1125 3222 discrimen
1165 3168 1471 3222 ostendam.
1504 3169 1690 3222 Primo
1725 3177 1908 3222 autem
1950 3169 2071 3222 loco
2099 3158 2140 3215 C

499 3272 595 3310 eas
643 3256 899 3321 referam,
945 3274 1066 3327 quae
1108 3259 1379 3314 idolorum
1430 3260 1771 3314 eversionem
1818 3275 2073 3329 praenun-

502 3347 731 3404 tiarunt.
767 3349 968 3404 Audite
1010 3350 1174 3420 igitur
1206 3351 1401 3405 Isaiam
1440 3349 1715 3404 dicentem
1760 3367 1772 3402 :
1815 3369 1832 3400 ι
1860 3350 1980 3404 Erit
2014 3350 2070 3404 in

500 3439 815 3494 novissimis
847 3440 1044 3496 diebus
1070 3441 1394 3496 manifestus
1422 3457 1582 3495 mons
1613 3441 1851 3505 Domini,
1887 3449 1943 3496 et
1975 3441 2072 3519 do-

501 3543 625 3582 mus
656 3529 751 3583 Dei
782 3529 837 3582 in
870 3531 1074 3585 vertice
1104 3531 1371 3589 montium
1406 3549 1419 3584 :
1453 3542 1508 3586 et
1533 3532 1868 3586 exaltabitur
1905 3547 2072 3600 super

501 3618 687 3683 colles,
712 3627 768 3673 et
789 3620 1010 3673 venient
1037 3619 1104 3674 ad
1131 3636 1259 3679 eum
1289 3635 1478 3674 omnes
1502 3630 1708 3689 gentes.
1734 3622 1802 3676 Et
1825 3621 2071 3675 ambula—

500 3709 638 3764 bunt
677 3710 861 3778 populi
907 3711 1087 3774 multi,
1125 3721 1180 3765 et
1209 3711 1394 3777 dicent
1423 3712 1675 3776 :Vcnite,
1712 3721 1768 3766 et
1800 3712 2066 3767 ascenda-

501 3814 623 3852 mus
653 3799 721 3852 ad
755 3810 995 3855 montem
1030 3802 1268 3866 Domini,
1297 3811 1351 3857 et
1385 3802 1452 3857 ad
1484 3803 1706 3857 domum
1731 3804 1825 3858 Dei
1856 3803 2026 3859 Iacob
2052 3821 2065 3857 :

499 3899 556 3943 et
579 3891 929 3947 annuntiabit
953 3893 1113 3947 nobis
1140 3895 1283 3949 viam
1309 3910 1480 3958 suam,
1509 3905 1564 3950 et
1584 3896 1987 3951 ambulabimus
2010 3895 2067 3949 in

497 3995 582 4034 ea.
610 3980 652 4035 E
677 3979 841 4036 Sione
869 3983 1014 4036 enim
1041 3984 1214 4038 exibit
1244 3985 1330 4039 lex
1360 3985 1478 4049 Dei,
1508 3995 1565 4040 et
1597 3986 1827 4040 verbum
1852 3985 2066 4039 Domini

497 4085 565 4124 ex
592 4071 985 4143 Hierosolyma.
1012 4075 1364 4145 Etjudicabit
1382 4076 1527 4131 inter
1552 4082 1763 4145 gentes,
1787 4083 1847 4129 et
1875 4083 2068 4144 arguet

495 4160 759 4229 populum
786 4162 1018 4217 multum
1045 4181 1057 4216 :
1085 4172 1140 4217 et
1161 4162 1479 4218 conﬂabunt
1501 4163 1709 4233 gladios
1731 4177 1861 4218 suos
1887 4163 1939 4216 in
1969 4178 2064 4216 vo-

497 4265 697 4316 meres,
742 4261 798 4308 et
829 4254 1048 4310 lanceas
1089 4272 1218 4313 suas
1255 4256 1309 4310 in
1347 4255 1512 4311 falces
1554 4272 1774 4324 :neque
1821 4265 2067 4311 assumet

2261 2532 2467 2586 Ὀποῖοι
2499 2531 2598 2602 μὲν
2629 2526 2723 2585 οὖν
2762 2531 2873 2584 τῶν
2900 2529 3180 2601 ὑμετέρων
3219 2529 3357 2583 θεῶν
3395 2530 3444 2582 oi
3485 2529 3745 2599 χρησμοὶ,

2176 2625 2327 2698 παρά
2358 2624 2468 2679 τῶν
2504 2625 2788 2696 ὑμετέρων
2821 2623 3179 2694 μεμαθήκατε
3222 2622 3525 2692 φιλοσόφων
3545 2640 3559 2653 ·
3589 2623 3747 2678 ὁποῖα

2173 2718 2230 2771 δὲ
2271 2719 2302 2770 6
2337 2718 2447 2771 τῶν
2470 2717 2608 2770 ὅλων
2657 2714 2912 2786 προλέγει
2966 2714 3118 2778 Θεὸς,
3172 2714 3267 2767 καὶ
3301 2714 3448 2776 ὅπως
3510 2713 3747 2783 βιωφελῆ

2174 2811 2268 2863 καὶ
2302 2809 2604 2880 ὀνησιφόρα
2633 2807 2726 2860 καὶ
2768 2807 2869 2873 τῆς
2920 2805 3176 2874 ἀληθείας
3236 2804 3465 2873 ἀφιέντα
3517 2804 3616 2873 τὴν
3661 2804 3744 2856 αἶς

2173 2901 2328 2970 γλην,
2383 2899 2560 2964 ἔξεστι
2615 2897 2695 2968 τῷ
2741 2895 3054 2968 βουλομένῳ
3117 2893 3450 2964 καταμαθεῖν
3506 2892 3747 2964 ἀκριϐῶς

2175 2994 2287 3054 τοῖς
2319 2990 2486 3052 θείοις
2523 2987 2904 3058 ἑντετυχηκότι
2946 2986 3146 3055 λόγοις.
3189 2985 3332 3053 Ἐγὼ
3364 2985 3420 3038 δὲ
3459 2986 3504 3017 ⁸⁸
3555 2984 3747 3052 ὀλίγων

2175 3083 2338 3136 τινῶν
2393 3079 2867 3151 ἀπομνημονεύσω
2933 3079 3328 3149 προρρήσεων,
3394 3078 3479 3130 ἵνα
3543 3078 3638 3130 καὶ
3686 3077 3746 3128 ἐκ

2174 3173 2520 3245 παραλλήλου
2593 3172 2656 3226 τὸ
2727 3171 2983 3240 διάφορον
3046 3168 3224 3235 δείξω.
3277 3168 3507 3238 Πρώτας
3569 3169 3750 3238 μέντοι

2173 3265 2388 3327 ἐκείνας
2425 3263 2558 3334 ἐρῶ,
2600 3263 2656 3318 αἳ
2703 3263 2803 3333 τὴν
2847 3260 2956 3315 τῶν
2991 3259 3227 3313 εἰδώλων
3255 3259 3406 3330 [MS]
3453 3261 3750 3314 κατάλυσιν

2174 3356 2608 3427 προηγόρευσαν.
2648 3353 2944 3407 Ἀκούσατε
2985 3353 3163 3406 τοίνυν
3203 3353 3426 3405 Ἠσαίου
3468 3351 3562 3404 τοῦ
3617 3368 3751 3421 προ-

2172 3448 2345 3515 φήτου
2382 3445 2635 3513 λέγοντος
2656 3459 2671 3474 °
2711 3465 2728 3497 ι
2752 3445 2947 3498 Ἔσται
2977 3445 3034 3496 ἐν
3064 3445 3184 3506 ταῖς
3219 3443 3478 3512 ἐσχάταις
3515 3443 3750 3512 ἡμέραις

2172 3535 2412 3606 ἐμφανὲς
2459 3536 2520 3589 τὸ
2566 3535 2691 3606 ὅρος
2741 3534 2944 3606 Κυρίου
2969 3533 3036 3598 ⁸⁷,
3069 3532 3165 3586 καὶ
3215 3533 3244 3584 6
3282 3530 3431 3595 οἶκος
3475 3531 3569 3584 τοῦ
3613 3531 3750 3584 Θεοῦ

2171 3627 2259 3680 ἐπ’
2281 3627 2467 3696 ἄκρων
2505 3625 2617 3679 τῶν
2648 3625 2845 3696 ὀρέων,
2894 3623 2989 3678 καὶ
3031 3621 3379 3692 ὑψωθήσεται
3423 3623 3679 3692 ὑπεράνω
3704 3622 3753 3654 ⁸⁸

2170 3718 2279 3772 τῶν
2320 3705 2668 3787 βουνῶνξκαὶ
2696 3716 2918 3786 ἥξουσιν
2940 3715 3025 3766 ἐπ’
3062 3713 3196 3766 αὐτὸ
3215 3713 3264 3765 ιι
3290 3713 3471 3766 πάντα
3498 3713 3565 3764 τά
3594 3711 3750 3779 ἔθνη,

2171 3810 2265 3863 καὶ
2288 3809 2646 3880 πορεύσονται
2671 3808 2794 3861 λαοὶ
2829 3805 3037 3870 πολλοὶ,
3069 3804 3164 3859 καὶ
3197 3805 3382 3874 ἐροῦσι
3405 3823 3418 3835 ·
3465 3804 3626 3856 Δεῦτε
3654 3806 3754 3856 καὶ

2171 3899 2461 3968 ἀναδῶμεν
2495 3901 2574 3962 είς
2599 3899 2661 3951 τὸ
2687 3898 2812 3968 ὅρος
2851 3896 3079 3966 Κυρίου,
3103 3894 3197 3947 καὶ
3220 3896 3300 3957 είς
3339 3893 3431 3946 τὸν
3466 3889 3612 3945 οἶκον
3655 3893 3754 3946 τοῦ

2169 3989 2305 4043 Θεοῦ
2350 3988 2570 4050 Ἰακὼϐ,
2619 3989 2712 4041 καὶ
2765 3986 3058 4054 ἀναγγελεῖ
3089 3986 3221 4053 ἡμῖν
3248 3985 3348 4052 τὴν
3387 3983 3503 4036 ὁδὸν
3545 3981 3752 4036 αὑτοῦ·

2169 4081 2266 4134 καὶ
2301 4077 2684 4148 πορευσόμεθα
2723 4077 2768 4109 ⁹⁰
2795 4078 2853 4129 ἐν
2892 4075 3046 4143 αὐτῇ.
3088 4074 3183 4126 Ἐκ
3211 4073 3319 4142 γὰρ
3362 4071 3501 4124 Σιὼν
3531 4071 3755 4135 ἐξελεύ-

2174 4187 2326 4223 σεται
2378 4171 2541 4237 νόμος
2571 4166 2754 4238 [Θεοῦ]
2783 4167 2848 4230 “,
2876 4165 2969 4219 καὶ
3011 4163 3167 4230 λόγος
3211 4163 3414 4234 Κυρίου
3450 4163 3509 4226 ἐξ
3546 4163 3754 4231 Ἰερου-

2170 4261 2351 4330 σαλήμ
2374 4277 2388 4292 ο
2422 4262 2518 4313 καὶ
2542 4261 2717 4328 κρινεῖ
2745 4255 2846 4309 ἀνά
2878 4257 3041 4325 μέσον
3065 4253 3174 4307 τῶν
3203 4253 3393 4314 ἐθνῶν,
3421 4253 3513 4305 καὶ
3539 4251 3755 4319 ἐλέγξει

493 4358 625 4412 gens
657 4353 848 4398 contra
870 4361 1085 4414 gentem
1108 4346 1369 4415 gladium,
1400 4362 1579 4415 neque
1598 4345 1811 4400 discent
1831 4347 2065 4416 amplius

2174 4351 2295 4406 λαὸν
2319 4350 2484 4403 πολύν
2505 4367 2516 4379 ·
2549 4350 2643 4404 καὶ
2677 4347 3006 4416 συγκόψουσι
3028 4347 3125 4409 τὰς
3157 4344 3432 4414 μαχαίρας
3459 4341 3641 4396 αὐτῶν
3669 4344 3756 4404 εἰς

492 4450 737 4505 pugnare
771 4439 817 4489 ε.
851 4457 868 4487 ι
913 4437 1105 4502 Qualia
1134 4438 1299 4507 igitur
1324 4439 1590 4508 propheta
1615 4438 1939 4494 vaticinatus
1969 4439 2060 4501 sit,

490 4527 743 4581 audistis.
779 4527 954 4581 Dicite
977 4537 1182 4592 autem,
1225 4546 1324 4599 per
1352 4531 1635 4585 veritatem
1672 4547 1951 4601 vos.rogo,
1989 4535 2056 4584 an

489 4615 656 4685 966
700 4616 985 4670 sinuosum
1040 4619 1093 4671 in
1127 4619 1213 4675 his
1256 4621 1554 4690 quidquam
1603 4623 1687 4676 vel
1739 4622 2059 4690 ambiguum

2167 4442 2394 4512 ἄροτρα,
2429 4441 2522 4493 καὶ
2548 4438 2646 4502 τὰς
2681 4437 2906 4503 ζιδύνας
2932 4437 2977 4468 ⁹²
3009 4436 3187 4490 αὐτῶν
3218 4437 3297 4498 είς
3331 4435 3609 4504 δρέπαναο
3654 4434 3756 4486 καὶ

2167 4533 2226 4584 οὐ
2261 4531 2488 4600 λήψεται
2535 4530 2686 4592 ἔθνος
2736 4530 2824 4581 ἐπ’
2857 4528 3009 4592 ἔθνος
3069 4529 3374 4598 μάχαιραν
3424 4526 3519 4578 καὶ
3565 4525 3625 4577 οὗ
3673 4525 3754 4595 μὴ

2169 4622 2412 4693 μάθωσιν
2453 4621 2533 4674 ἐτι
2593 4620 2866 4689 πολεμεῖν.
2909 4639 2927 4671 ι
2973 4620 3162 4672 Ὁποῖα
3208 4619 3305 4688 μὲν
3353 4613 3445 4671 οὖν
3502 4619 3756 4687 ἐχρησμ-

490 4702 670 4758 inesse
709 4705 887 4759 visum
928 4707 1017 4761 sit.
1057 4710 1127 4763 At
1159 4726 1270 4765 non
1309 4711 1524 4774 dicetis,
1565 4722 1647 4767 sat
1691 4712 1825 4766 seio.
1851 4711 2058 4764 Rerum

2174 4712 2371 4784 ᾤδησεν
2399 4715 2426 4765 ὀ
2456 4712 2761 4782 προφήτης,
2780 4709 3080 4780 ἠκούσατε·
3112 4709 3244 4779 πρὸς
3271 4709 3328 4762 δὲ
3354 4708 3455 4778 τῆς
3485 4707 3754 4777 ἀληθείας

488 4793 691 4863 quippe
718 4794 959 4863 ipsarum
977 4800 1348 4856 testimonium
1374 4802 1722 4856 reveremini.
1747 4800 2060 4855 Praedictio-

2166 4805 2356 4858 εἴπατε
2379 4805 2448 4864 θ’,
2483 4804 2537 4856 εί
2572 4820 2624 4854 τι
2666 4801 2816 4866 λοξὸν
2860 4803 2988 4870 ὑμῖν
3033 4803 3090 4853 ἐν
3118 4801 3327 4862 τούτοις
3366 4799 3399 4870 ἢ
3441 4798 3752 4868 ἀμφίϐολον

490 4889 576 4952 nis
596 4889 741 4943 enim
766 4900 1023 4947 eventum
1049 4897 1340 4965 perspicue
1380 4895 1625 4950 cernitis.
1650 4895 1844 4948 Annon
1867 4894 2066 4948 videtis

2174 4894 2474 4964 κατεφάνη.
2535 4892 2674 4945 Ἀλλ’
2721 4887 2834 4944 οἶδα
2871 4892 2946 4955 ὡς
2992 4892 3092 4943 οὐκ
3137 4892 3309 4962 ἐρεῖτε
3332 4907 3345 4920 ·
3381 4889 3490 4943 τῶν
3523 4889 3634 4957 γάρ
3663 4906 3752 4942 τοι

488 4977 750 5033 Ecclesia:
794 4981 1212 5049 sublimitatem,
1249 4993 1304 5038 et
1343 4991 1570 5038 cunctos
1619 4983 1697 5036 illi
1741 4982 2062 5052 suppliciter

2174 4985 2506 5055 πραγμάτων
2563 4983 2835 5054 ὑφορᾶσθε
2881 4983 2978 5052 τὴν
3022 4981 3358 5053 μαρτυρίαν·
3415 4982 3578 5050 ὁρᾶτε
3634 4981 3755 5050 γὰρ

487 5068 798 5136 inclinatos,
847 5073 1226 5143 honoremque
1278 5073 1628 5129 deferentes?
1678 5089 1741 5128 ac
1791 5073 2060 5143 plurimos

2174 5073 2411 5146 ἐναργῶς
2435 5074 2479 5105 ³⁵
2512 5073 2574 5128 τὸ
2608 5074 2711 5144 τῆς
2739 5075 3096 5145 προῤ,ρήσεως
3133 5071 3303 5136 τέλος.
3339 5073 3410 5125 Ἢ
3443 5071 3542 5142 οὐχ
3577 5073 3750 5142 ὁρᾶτε

561 5226 579 5264 τ
609 5228 710 5284 lsa.
751 5247 800 5294 L,
833 5233 887 5286 2.
970 5234 994 5270 ε
1024 5231 1127 5286 lsa.
1161 5246 1218 5292 ιι,
1251 5231 1374 5292 2-4,

1781 5343 2017 5398 VARI/Ii
2060 5341 2465 5398 LEC'I‘lONES.

553 5481 603 5514 ³⁸
626 5481 958 5546 αἰσθόμενοι.
1009 5479 1390 5550 αἰσθανόμενοι
1417 5479 1476 5535 C.
1583 5479 1628 5550 3"
1653 5476 2536 5550 βασιλεύς.νπαμῦασιλεὺςβᾉ⁸¹
2562 5475 2929 5550 Θεσπρὼτιος,
2964 5477 3366 5550 Θεσπρώτεδοςη
3385 5477 3448 5541 Β,
3599 5475 3750 5528 Tum

486 5552 740 5617 μαντεύει
762 5545 882 5622 ἵξὶέ
946 5551 993 5583 ³³
1022 5545 1302 5622 Κιρῤαῖὸς.
1337 5553 1565 5622 lingula;
1585 5545 1663 5622 C;
1721 5545 2516 5622 δξ-νεκυίαηνεκο-μαντεία-Ῡι).
2575 5546 2634 5622 1³
2669 5545 3045 5622 μετατεθῆναι.
3076 5545 3456 5622 μετατερεῖναι
3482 5545 3537 5622 (⁵η
3571 5561 3746 5622 supra

483 5615 552 5689 ει)
580 5622 640 5675 Β.
673 5619 811 5675 Vide
843 5615 1297 5676 TheodorTEa-l.
1332 5615 1469 5675 Ηὶέτ.
1501 5621 1590 5680 lll,
1624 5620 1675 5674 G.
1752 5619 1798 5650 ⁸⁸
1829 5618 1936 5684 ἐγὼ
1965 5617 2042 5671 δέ.
2077 5615 2186 5689 ἐγώ
2214 5617 2269 5670 δέ
2310 5633 2369 5683 γε
2403 5616 2497 5668 Va.
2556 5617 2618 5689 _"
2649 5617 2741 5689 τοῦ
2763 5615 3101 5689 κυρίουητοῦ
3130 5633 3239 5670 om.
3272 5617 3332 5679 B,
3365 5625 3422 5689 et
3463 5615 3543 5689 si_c
3572 5615 3746 5689 infra.

480 5685 831 5760 πύπεράνω.
865 5691 1047 5745 ἐπάνω
1072 5691 1166 5745 Va.
1242 5693 1288 5724 θ’
1318 5691 1495 5744 αὐτόν.
1529 5690 1660 5742 αὐτὸ
1786 5689 1871 5760 __’°
1903 5688 2296 5760 πορευσόμεθα.
2332 5686 2723 5760 rogans-(by.st
2763 5686 2820 5760 Β.
2848 5685 2856 5688 ⁷
2898 5688 2940 5760 ⁹Δ¹
2976 5687 3097 5738 θεοῦ
3129 5703 3374 5760 suprasc.
3397 5685 3560 5760 B,
3595 5685 3750 5760 forte

481 5775 508 5812 II
540 5775 594 5826 Ρ..
628 5754 698 5812 ni.
732 5775 841 5811 om.
872 5761 933 5824 (Ἰ,
968 5763 1155 5833 κυρίου
1188 5763 1286 5816 γι).
1366 5763 1409 5794 *³⁵⁸
1443 5761 1683 5825 ζυϐίνας.
1716 5756 1933 5822 ζιθύνας
1967 5757 2022 5810 Β.
2100 5759 2145 5789 ⁵³
2175 5757 2358 5810 εἴπατε
2391 5771 2635 5824 suprase.
2669 5755 2726 5819 Β,
2762 5758 2816 5810 ἐν
2842 5757 3045 5820 τούτοις
3079 5754 3314 5812 οιιιξνίι.
3393 5756 3436 5788 ’δ
3465 5754 3745 5829 ἐναργῶς.

483 5828 720 5890 ἀκριϐῶς
760 5829 855 5883 Vb.
