4066 6416
369 389 506 450 137T

1037 390 1478 452 GR/ECARUM
1513 393 1816 453 AFFECT.
1857 394 2382 454 CURATIO.-—X.
2426 395 2522 452 DE
2559 393 2950 452 ORACULIS.

3483 387 3619 454 1078

368 503 469 571 τῆς
507 500 838 572 Ἐκκλησίας
863 499 922 554 τὸ
948 499 1102 570 ὕψος,
1127 503 1221 554 καὶ
1249 501 1495 566 ἅπαντας
1513 503 1944 568 ὑποκύπτοντας,

2066 503 2277 574 quidem
2307 503 2401 572 qui
2445 511 2639 572 sponte
2667 502 2720 555 id
2757 501 2989 563 faciant,
3016 498 3153 553 alios
3175 513 3308 552 vero
3337 498 3613 575 contradi-

368 594 462 646 καὶ
516 591 687 662 ταύτῃ
718 591 778 643 τὸ
828 589 992 654 σέϐας
1038 591 1472 662 προσφέροντας,
1520 593 1612 643 καὶ
1670 592 1797 654 τούς
1850 593 1946 660 μὲν

369 683 660 746 πλείστους
682 681 985 746 ἐθέλοντας,
1013 684 1140 746 τούς
1160 682 1215 735 δὲ
1244 683 1646 750 ἀντιλέγοντας,
1678 684 1771 736 καὶ
1797 683 1948 753 παρά

369 776 596 844 γνώμην
629 775 1013 840 δουλεύσντας;
1051 775 1165 846 Οὐχ
1213 777 1377 846 ὁρᾶτε
1424 775 1532 828 τῶν
1575 777 1746 846 ὀρέων
1779 776 1878 839 τὰς
1901 777 1948 808 ⁸³⁸

369 867 616 935 κορυφὰς
652 865 746 918 τοῦ
800 866 1066 935 ὑμετέρου
1111 867 1806 938 μύσουςάπηλλαγμένας,
1854 866 1950 920 καὶ

367 960 491 1018 ταῖς
533 955 639 1008 τῶν
692 956 948 1026 ἀσκητῶν
1012 961 1364 1026 καταγωγαῖς
1417 958 1815 1029 κοσμουμένας,
1855 959 1953 1012 καὶ

371 1050 581 1107 πάντας
597 1049 643 1080 ’⁸
676 1049 1012 1118 πανταχόθεν
1041 1049 1385 1121 ξυρρέοντας,
1407 1053 1501 1104 καὶ
1532 1050 1622 1104 τὸν
1649 1051 1706 1102 ἐν
1725 1053 1790 1120 τῇ
1812 1049 1952 1104 Σιὼν

370 1139 704 1205 ἐπιφανέντα
731 1141 904 1208 Λόγον
929 1140 1332 1210 θεολογοῦντας,
1359 1143 1453 1195 καὶ
1480 1142 1569 1195 τὸν
1595 1142 1658 1195 ἐκ
1690 1143 1788 1212 τῆς
1813 1141 1952 1193 Σιὼν

371 1230 749 1284 ἀναϐλύσαντα
786 1233 949 1302 νόμον
976 1232 1022 1265 ’⁷
1055 1231 1490 1302 ἀσπαζομένους,
1541 1233 1634 1286 καὶ
1681 1233 1808 1295 τούς
1853 1231 1952 1302 μὲν

372 1321 647 1391 πολέμους
718 1325 1136 1393 πεπαυμένους,
1190 1325 1312 1379 ἀντὶ
1365 1324 1422 1377 δὲ
1473 1325 1581 1377 τῶν
1639 1323 1954 1395 πολεμικῶν

374 1412 553 1465 ὅπλων
581 1412 648 1465 τά
674 1414 773 1484 τῆς
803 1418 1114 1486 γεωργικῆς
1132 1417 1179 1449 ³⁸
1208 1416 1684 1488 μεταχειρίζοντας
1711 1416 1951 1486 δργανα;

379 1505 450 1556 ’Ἡ
485 1505 584 1557 οὐκ
614 1507 726 1558 ἴστε
767 1506 842 1568 ὡς
868 1506 1100 1572 ὁπηνίκα
1149 1507 1322 1560 ταῦτα
1364 1509 1392 1560 ὁ
1427 1511 1713 1579 προφήτης
1740 1507 1958 1560 ἐθέσπι-

377 1595 490 1658 ζεν,
524 1595 681 1658 ἄλλος
733 1598 830 1666 μὲν
870 1601 970 1668 τῆς
997 1599 1352 1674 Ἰερουσαλὴμ
1396 1598 1768 1661 ἐϐασίλευσεν,
1799 1599 1957 1662 ἄλλος

369 1686 432 1739 δὲ
469 1690 562 1756 τῆς
598 1675 930 1758 Σαμαρείας,
967 1680 1062 1741 καί
1107 1688 1263 1753 ἄλλος
1315 1690 1656 1760 Ἰδουμαίων,
1705 1690 1801 1744 καὶ
1834 1689 1954 1742 ἐτε-

376 1795 470 1847 ρος
499 1779 543 1809 ’³
577 1778 903 1846 Μωαϐιτῶν,
927 1780 1021 1832 καὶ
1064 1776 1130 1833 αὖ
1161 1781 1322 1834 πάλιν
1369 1782 1527 1845 ἄλλος
1570 1781 1954 1852 Ἀμμανιτῶνς

2048 605 2255 657 centes,
2286 601 2341 648 et
2374 602 2572 662 praeter
2597 593 2769 647 animi
2802 601 2989 645 votum
3044 589 3388 644 servientes?
3424 589 3618 644 Annon

2049 685 2250 740 videtis
2280 684 2552 737 montium
2579 683 2837 745 vertices,
2865 681 3276 762 abominatione
3302 689 3486 735 vestra
3521 681 3620 734 de—

2049 777 2228 847 pulsa,
2249 775 2644 830 monachorum
2673 755 2938 829 cmnobiis
2964 780 3255 828 exornatas
3273 813 3288 836 ,
3320 755 3622 844 omnesque

2051 867 2295 936 undique
2349 865 2709 928 conﬂuentes,
2752 874 2809 918 et
2849 864 3090 919 Verbum
3137 863 3285 932 quod
3340 862 3395 916 in
3454 861 3620 915 Sione

2051 957 2306 1028 apparuit
2331 957 2504 1012 Deum
2534 955 2928 1026 praedicantes,
2961 962 3019 1007 et
3041 954 3216 1023 legem
3245 968 3367 1022 quae
3394 967 3424 1006 e
3452 951 3635 1006 Sione-

2052 1047 2396 1120 promulgata
2427 1054 2510 1100 est
2529 1045 2947 1114 amplectentes,
2993 1052 3048 1097 et
3077 1043 3217 1096 bella
3247 1042 3468 1111 quidem
3497 1055 3618 1095 ces-

2053 1154 2224 1203 sasse,
2265 1155 2368 1209 pro
2408 1138 2623 1193 bellicis
2649 1151 2783 1191 vero
2812 1135 3001 1198 armis,
3035 1134 3381 1203 agriculturae
3416 1133 3625 1186 instru-

2053 1239 2239 1285 menta
2261 1214 2524 1285 tractari?
2546 1228 2628 1284 An
2651 1228 2898 1292 nescitis,
2918 1242 3028 1296 quo
3050 1234 3294 1294 tempore
3318 1224 3491 1296 Isaias
3507 1224 3625 1278 haec

2055 1322 2278 1386 cecinit,
2309 1321 2412 1376 sub
2436 1321 2543 1375 alio
2575 1335 2702 1390 rege
2730 1320 2897 1374 fuisse
2915 1318 3366 1388 Hierosolymam,
3394 1293 3504 1370 sui;
3519 1315 3626 1370 alio

2056 1412 2378 1478 Samariam,
2402 1413 2504 1467 sub
2526 1412 2635 1466 alio
2653 1412 2943 1473 Idumaeos,
2964 1409 3068 1464 sub
3091 1409 3200 1462 alio
3220 1408 3502 1471 Moabitas,
3524 1407 3628 1461 sub

2057 1505 2166 1559 alio
2191 1519 2386 1558 rursus
2417 1502 2794 1558 Ammonitas?
2820 1501 2966 1567 Quin
2989 1508 3046 1554 et
3074 1499 3302 1562 Arabes,
3336 1505 3394 1552 et
3420 1496 3629 1550 Madia-

2055 1595 2206 1660 niue,
2244 1603 2300 1650 et
2335 1595 2653 1650 Amalecila:
2685 1593 2809 1647 aliis
2845 1590 3189 1661 principibus
3226 1588 3494 1658 parebant
3526 1604 3543 1641 :
3572 1595 3632 1641 et

2058 1687 2222 1752 Gaza,
2254 1697 2311 1743 et
2338 1687 2592 1750 Ascalon,
2623 1694 2680 1739 et
2706 1686 2933 1745 Azotus,
2964 1693 3020 1737 et
3049 1681 3240 1744 Sidon,
3266 1688 3323 1736 et
3347 1679 3545 1750 Tyrus,
3572 1687 3639 1733 et

2059 1776 2375 1840 Damascus,
2420 1791 2451 1828 a
2494 1773 2728 1828 diversis
2781 1772 3011 1842 singulae
3045 1770 3396 1841 regebantur.
3435 1768 3644 1837 Neque

374 1871 487 1922 Καὶ
524 1870 763 1936 ’Ἄραϐες
797 1871 872 1932 δὲ,
927 1873 1021 1924 καὶ
1067 1873 1332 1926 Μαδιανοὶ
1363 1875 1404 1937 ί,
1445 1874 1542 1927 καὶ
1590 1874 1956 1944 Ἀμαληκῖται

2066 1867 2205 1920 enim
2227 1866 2355 1920 solae
2375 1865 2646 1929 civitates,
2665 1863 2763 1918 sed
2777 1862 2884 1917 vici
2904 1876 3124 1931 quoque
3140 1875 3205 1914 ac
3218 1858 3363 1930 pagi,
3379 1857 3630 1935 regulos;

377 1957 474 2008 ὐπ’
527 1958 708 2020 ἄλλοις
765 1959 1029 2028 ἡγεμόσιν
1078 1961 1326 2013 ἐτέλουν·
1377 1963 1472 2015 καὶ¹
1531 1961 1680 2025 Γάζα
1739 1962 1815 2025 δὲ,
1863 1962 1959 2014 καὶ

395 2048 698 2111 Ἀσκάλων,
739 2049 834 2102 καὶ
865 2050 1125 2115 Ἄζωτος,
1161 2052 1255 2104 καὶ
1287 2051 1474 2122 μέντοι
1507 2053 1600 2106 καὶ
1642 2051 1832 2118 Σιδὼν,
1863 2051 1960 2104 καὶ⁹

378 2137 576 2207 Τύρος,
611 2137 704 2190 καὶ
749 2139 1041 2208 Δαμασκὸς
1074 2140 1178 2192 ὑπὸ
1211 2138 1486 2212 διαφόρων
1527 2139 1804 2210 ἀρχόντων
1845 2138 1962 2192 ἰθύ-

376 2245 552 2282 νοντο.
587 2229 660 2282 Οὐ
689 2229 799 2296 γάρ
831 2227 894 2300 δὴ
929 2230 1087 2300 μόνον
1117 2231 1256 2283 κατά
1284 2230 1490 2296 πόλεις,
1533 2230 1670 2284 ἀλλὰ
1693 2230 1788 2284 καὶ
1815 2228 1961 2283 κατά

377 2318 572 2387 κώμας
625 2319 1023 2384 ἐϐασιλεύοντο.
1074 2321 1250 2385 Εὐθὺς
1289 2321 1347 2374 δὲ
1396 2321 1489 2374 τοῦ
1523 2322 1776 2392 Σωτῆρος
1801 2320 1960 2392 ἡμῶν

376 2410 521 2463 κατά
555 2412 733 2482 σάρκα
754 2411 1058 2482 τεχθέντος,
1098 2411 1406 2480 Αὔγουστος
1447 2414 1664 2481 Καῖσαρ
1704 2414 1960 2466 ἁπάντων

376 2503 676 2571 ἐκράτησε,
707 2504 803 2555 καὶ
830 2503 1140 2566 καταλύσας
1169 2505 1266 2566 τὰς
1296 2502 1583 2573 ἐθναρχίας
1608 2505 1702 2556 καὶ
1726 2503 1959 2574 μερικάς

378 2592 662 2660 βασιλείας
702 2597 814 2656 τοῖς
857 2595 1146 2664 Ῥωμαίων
1167 2595 1187 2624 ²
1218 2593 1464 2658 ἅπαντας
1505 2594 1771 2660 ὑπέταξεν
1793 2593 1954 2659 οἴαξι.

378 2683 572 2737 Ταῦτα
598 2685 850 2754 προορῶν
879 2686 906 2736 ὁ
943 2686 1228 2756 προφήτης
1261 2685 1329 2738 τά
1357 2685 1730 2756 προειρημένα
1756 2687 1777 2718 ³
1803 2685 1959 2739 τεθέ-

381 2791 569 2838 σπικε,
598 2774 694 2827 καὶ
725 2775 841 2843 μετ’
872 2775 1028 2842 ὀλίγα
1055 2775 1153 2845 τὴν
1184 2774 1293 2827 τῶν
1313 2778 1707 2845 χειροποιήτων
1728 2775 1960 2828 εἰδώλων

381 2867 682 2918 κατάλυσιν
713 2865 1082 2935 ὲτραγῴδησε.
1140 2884 1158 2916 ι
1183 2867 1370 2920 Πάντα
1410 2866 1542 2934 γάρ,
1576 2867 1731 2936 φησὶ,
1755 2867 1824 2919 τὰ
1846 2885 1962 2937 χει-

386 2957 651 3027 ροποίητα
685 2956 1151 3026 κατακρύψουσιν,
1184 2957 1586 3024 είσενεγκόντες
1619 2959 1700 3020 είς
1723 2957 1791 3010 τά
1820 2958 1964 3028 σπή-

382 3047 532 3108 λαια,
577 3049 670 3100 καὶ
700 3049 780 3110 εἰς
809 3047 907 3110 τὰς
941 3047 1176 3118 σχισμάς
1213 3047 1322 3100 τῶν
1349 3047 1586 3118 πετρῶν,
1626 3048 1720 3100 καὶ
1753 3049 1832 3110 είς
1863 3047 1963 3110 τάς

2060 1973 2191 2013 suos
2226 1957 2522 2011 habebant.
2555 1955 2751 2009 Statim
2781 1969 2911 2008 vero
2952 1961 3013 2006 ut
3039 1951 3296 2006 Servatur
3319 1957 3511 2002 noster
3540 1962 3631 2002 se-

2061 2048 2301 2104 cundum
2322 2058 2542 2101 carnem
2567 2053 2730 2100 natus
2752 2053 2857 2109 est,
2882 2043 3062 2099 Caesar
3087 2043 3366 2111 Augustus
3385 2039 3633 2092 omnium

2063 2139 2270 2211 politus
2307 2147 2410 2196 est.
2453 2136 2797 2204 sublatisque
2834 2131 3237 2204 principatibus
3281 2129 3548 2200 gentium,
3573 2135 3636 2183 et

2063 2229 2491 2302 particularibus
2533 2227 2695 2297 967
2740 2225 2944 2295 regnis,
2985 2223 3358 2277 Romanorum
3405 2218 3647 2289 imperio

2063 2321 2312 2378 subdidit
2336 2320 2642 2374 universos.
2672 2315 2798 2372 Haec
2827 2314 3136 2386 praevidens
3157 2311 3445 2383 propheta,
3476 2323 3645 2378 supe-

2063 2421 2213 2474 riora
2259 2419 2588 2473 vaticinatus
2630 2425 2733 2471 est.
2793 2417 2862 2471 Et
2908 2424 3033 2486 post
3074 2415 3179 2470 alia
3223 2428 3420 2484 pauca,
3472 2391 3640 2484 mani}

2063 2525 2284 2580 quoque
2319 2509 2591 2563 factorum
2619 2507 2893 2562 idolorum
2925 2506 3271 2561 eversionem
3299 2501 3593 2572 descripsit
3619 2516 3635 2552 :

2071 2620 2089 2653 ι
2117 2600 2335 2665 Omnia,
2362 2599 2562 2668 inquit,
2587 2613 2753 2652 manu
2779 2597 2922 2652 facta
2941 2597 3302 2661 abscondent,
3326 2593 3640 2648 deferentes

2063 2694 2120 2747 in
2141 2693 2450 2762 speluncas,
2487 2698 2543 2746 et
2575 2690 2630 2744 in
2671 2689 2938 2744 scissuras
2979 2696 3284 2758 petrarum,
3327 2692 3384 2740 et
3411 2686 3468 2739 in
3491 2682 3641 2738 fora-

2062 2780 2213 2834 mina
2241 2787 2422 2842 terrae,
2460 2793 2491 2831 a
2514 2777 2651 2831 facie
2677 2776 2891 2830 timoris
2915 2775 3158 2840 Domini,
3205 2781 3262 2830 et
3293 2789 3324 2828 a
3357 2771 3529 2844 gloria
3550 2785 3645 2826 ro-

2061 2871 2214 2926 boris
2241 2870 2434 2939 ipsius,
2467 2885 2590 2924 cum
2619 2868 2925 2925 surrexerit
2958 2876 3249 2936 percutere
3278 2874 3502 2920 terram.
3541 2863 3642 2917 Die

2064 2961 2212 3014 enim
2241 2960 2334 3013 illo
2364 2959 2551 3029 ejiciet
2589 2959 2758 3012 homo
2795 2956 3240 3011 abominationes
3265 2968 3415 3028 suas.
3450 2965 3650 3028 argen-

2067 3057 2181 3106 teas
2213 3059 2269 3104 et
2295 3065 2510 3113 aureas,
2545 3063 2682 3117 quas
2712 3047 2967 3103 fecerunt
2993 3045 3122 3110 sibi,
3146 3052 3208 3099 ut
3230 3045 3528 3099 adorarent
3556 3056 3646 3120 res

382 3138 639 3208 τρώγλας
669 3140 766 3208 τῆς
797 3139 899 3206 γῆς
926 3137 968 3201 ⁸,
1003 3138 1110 3191 ἀπὸ
1152 3137 1445 3207 προσώπου
1492 3138 1585 3190 τοῦ
1632 3137 1796 3207 φόϐου
1843 3139 1959 3190 Κυ-

2066 3158 2234 3196 vanas
2255 3149 2312 3195 et
2332 3139 2759 3210 vespertiliones
2784 3157 2798 3192 :
2825 3139 2898 3194 ita
2933 3145 2992 3192 ut
3016 3136 3402 3207 ingrediantur
3421 3135 3479 3189 in
3504 3134 3647 3188 fora»-

386 3229 529 3298 ρίου,
543 3229 638 3280 καὶ
658 3229 765 3280 ἀπὸ
787 3231 881 3299 τῆς
907 3227 1062 3298 δόξης
1084 3228 1180 3298 τῆς
1211 3229 1390 3298 ἰσχύος
1409 3227 1592 3289 αὐτοῦ,
1612 3231 1738 3281 ὅταν
1759 3229 1964 3298 ἀναστῇ

385 3318 623 3389 οραῦσαι
659 3319 756 3388 τὴν
797 3320 919 3389 γῆν.
953 3321 1032 3390 Τῇ
1076 3319 1184 3390 γὰρ
1233 3319 1419 3391 ἡμέρᾳ
1456 3321 1476 3351 ⁸
1520 3319 1703 3389 ἐκείνῃ
1746 3318 1971 3370 ἐκϐαλεῖ

385 3409 675 3480 ἄνθρωπος
706 3410 775 3463 τά
805 3409 1150 3480 βδελύγματα
1196 3409 1365 3463 αὐτοῦ
1415 3409 1483 3462 τά
1514 3409 1731 3479 ἀργυρᾶ
1777 3409 1871 3461 καὶ
1900 3407 1969 3459 τά

384 3505 589 3574 χρυσᾶ,
640 3503 674 3557 ἀ
705 3503 968 3572 ἐποίησαν
1017 3504 1232 3566 ἑαυτοῖς
1265 3503 1347 3566 είς
1397 3501 1458 3554 τὸ
1495 3503 1825 3572 προσκυνεῖν
1857 3503 1970 3564 τοῖς

386 3593 645 3661 ματαίοις
687 3595 782 3646 καὶ
812 3596 930 3656 ταῖς
960 3591 1259 3662 νυκτερίσι,
1295 3593 1391 3647 τοῦ
1432 3593 1698 3647 εἰσελθεῖν
1748 3595 1826 3656 είς
1869 3592 1970 3656 τὰς

381 3681 639 3752 τρώγλας
673 3683 771 3752 τῆς
819 3684 1044 3753 στερεᾶς
1077 3683 1306 3753 πέτρας,
1347 3685 1441 3736 καὶ
1476 3683 1556 3746 είς
1584 3681 1653 3735 τὰ
1693 3682 1970 3752 σχίσματα

384 3772 497 3824 τῶν
529 3771 766 3842 πετρῶν,
803 3772 911 3826 ἀπὸ
943 3770 1095 3844 [144]
1129 3772 1422 3845 προσώπου
1457 3773 1552 3824 τοῦ
1592 3771 1758 3841 φόϐου
1794 3772 1814 3802 ⁶
1853 3771 1970 3823 Κυ-

388 3863 535 3935 ρίου,
583 3864 678 3916 καὶ
722 3863 831 3915 ἀπὸ
873 3863 975 3932 τῆς
1019 3863 1178 3934 δόξης
1227 3865 1326 3935 τῆς
1378 3864 1560 3935 ἰσχύος
1613 3863 1798 3925 αὐτοῦ,
1842 3864 1970 3917 ὅταν

386 3955 595 4024 ἀναστῇ
647 3953 882 4024 θραῦσαι
915 3954 1014 4024 τὴν
1056 3957 1182 4024 γῆν.
1215 3973 1232 4006 ι
1273 3955 1492 4024 Ταύτης
1528 3953 1586 4006 δὲ
1617 3955 1716 4023 τῆς
1758 3969 1969 4023 προφη-

333 4059 336 4063 ·
386 4046 543 4106 τείας
561 4043 659 4114 τὴν
689 4044 986 4116 ἑρμηνείαν
1008 4045 1106 4114 οὐχ
1138 4046 1286 4114 ἡμᾶς
1324 4045 1589 4114 προσήκει
1613 4042 1967 4112 ποιήσασθαι,

387 4137 512 4191 ἀλλ’
539 4137 683 4206 ὑμᾶς
713 4135 997 4206 θαυμάσαι
1022 4135 1116 4188 τοῦ
1158 4135 1409 4206 χρησμοῦ
1439 4134 1537 4206 τὴν
1566 4134 1843 4205 ἀλήθειαν,
1876 4133 1972 4186 καλ⁸

389 4225 826 4302 ξυνομολογῆσαι
849 4224 916 4278 τὰ
955 4225 1084 4295 παρ’
1121 4225 1274 4296 ὑμῶν
1317 4224 1576 4286 πολλάκις
1607 4221 1970 4293 γεγενημένα.

402 4313 567 4366 Ἀλλά
600 4314 675 4384 μὴ
706 4313 1092 4385 ὲρυθριάσητε,
1127 4309 1171 4368 ὦ
1207 4314 1397 4384 ἄνδρες
1422 4328 1435 4343 ·
1470 4314 1734 4367 αἰδεῖσθαι
1760 4314 1870 4383 γὰρ
1908 4313 1970 4366 οὐ

389 4406 490 4476 τὴν
515 4405 802 4475 ὁμολογίαν
834 4405 934 4475 τῆς
966 4405 1259 4476 ἁμαρτίας,
1284 4405 1419 4458 ἀλλά
1443 4404 1540 4475 τὴν
1577 4400 1778 4475 πρᾶξιν
1807 4419 1974 4473 προσ-

2074 3233 2223 3286 mina
2245 3231 2413 3284 firmae
2440 3239 2630 3298 petrae,
2661 3238 2715 3284 et
2740 3229 2795 3282 in
2817 3228 3088 3282 scissuras
3109 3233 3416 3296 petrarum,
3447 3241 3478 3279 a
3507 3223 3648 3279 facie

2074 3320 2290 3375 timoris
2308 3319 2545 3383 Domini,
2577 3326 2633 3373 et
2654 3335 2684 3373 a
2709 3319 2881 3389 gloria
2902 3317 3121 3372 roboris
3140 3317 3246 3382 sui,
3279 3315 3500 3386 quando
3522 3330 3648 3368 sur-

2075 3411 2282 3465 rexerit
2304 3418 2592 3480 percutere
2621 3418 2823 3464 terram
2846 3409 2898 3461 h.
2933 3426 2952 3459 ι
2979 3407 3133 3462 Hanc
3150 3423 3282 3462 vero
3300 3404 3647 3476 prophetiam

2075 3517 2162 3555 me
2191 3501 2350 3556 vobis
2373 3499 2728 3572 interpretari
2766 3515 2878 3554 non
2911 3508 3001 3555 est
3022 3513 3182 3569 opus,
3211 3497 3310 3553 sed
3333 3511 3431 3550 vos
3454 3493 3642 3572 potius

2075 3591 2227 3646 illius
2258 3567 2546 3646 veritatem
2570 3590 2855 3655 admirari,
2889 3567 3090 3658 etquae
3114 3588 3315 3657 saepius
3342 3567 3646 3662 admisistis

2076 3681 2313 3752 ingenue
2363 3679 2634 3736 confiteri.
2686 3681 2878 3749 Neque
2917 3680 3008 3734 hic
3061 3677 3421 3741 erubescatis,
3453 3691 3487 3730 ο
3519 3674 3647 3730 viri.

2075 3770 2195 3825 Non
2225 3771 2373 3825 enim
2410 3770 2668 3840 pudenda
2709 3783 2794 3827 est
2817 3770 3030 3840 peccati
3058 3768 3353 3833 confessio,
3389 3767 3486 3822 sed
3518 3756 3646 3837 per-

2076 3861 2335 3932 petratio.
2362 3860 2516 3928 Quod
2553 3862 2599 3916 si
2635 3861 2795 3916 fateri
2831 3862 2936 3933 ipsi
2967 3877 3081 3916 non
3099 3860 3288 3924 vultis,
3313 3867 3367 3913 at
3393 3857 3653 3913 omnibus

2077 3960 2312 4016 constat,
2353 3951 2448 4021 qui
2477 3951 2610 4008 deos
2653 3960 2801 4008 terra
2841 3954 3072 4009 obrutos
3111 3964 3491 4021 saepenumero
3537 3948 3662 4002 suis.

2078 4043 2253 4098 oculis
2279 4042 2559 4108 viderunt,
2586 4044 2825 4114 indeque
2852 4045 2922 4100 ab
2947 4045 3016 4099 iis
3035 4044 3130 4114 qui
3152 4043 3417 4112 pietatem
3445 4039 3654 4094 didice-

2078 4141 2206 4188 rant
2227 4141 2438 4198 erutos,
2463 4141 2520 4188 et
2551 4135 2609 4187 in
2630 4135 2808 4188 lucem
2835 4134 3101 4206 prolatos.
3131 4131 3239 4185 Alii
3277 4129 3426 4185 enim
3451 4129 3654 4182 daemo-

2077 4245 2211 4285 num
2245 4229 2418 4283 cultui
2447 4229 2742 4299 mancipati
2765 4229 2934 4299 968
2957 4226 3307 4290 defoderunt,
3349 4223 3458 4287 diis
3490 4237 3651 4292 opem

2078 4335 2137 4375 se
2162 4320 2308 4374 ferre
2329 4319 2667 4375 arbitrantes
2691 4336 2704 4371 :
2729 4319 2824 4372 alii
2849 4317 2977 4371 talia
2997 4314 3373 4385 quaerentibus
3395 4313 3491 4366 ubi
3520 4312 3655 4365 late-

2079 4417 2204 4464 rent
2227 4408 2558 4462 indicarunt.
2581 4407 2646 4461 Hi
2671 4422 2801 4461 vero
2821 4414 3011 4461 erutos
3039 4404 3403 4472 inventosque
3435 4399 3655 4470 publice

389 4500 539 4567 ήκει.
566 4496 628 4549 El
658 4497 715 4549 δὲ
747 4498 904 4566 ὑμεῖς
925 4496 1104 4564 λέγειν
1130 4496 1190 4548 οὐ
1224 4494 1635 4566 βούλεσθε,’ἀλλ’
1675 4489 1766 4548 οὖν
1793 4494 1962 4547 ίσασικ

2081 4499 2407 4572 Spectandos
2436 4505 2864 4569 proposuerunt,
2887 4505 2948 4551 ut
2981 4494 3321 4550 mulierculis
3337 4490 3654 4547 adolescen-

392 4590 633 4651 ἅπαντες
656 4588 923 4641 αὐτόπται
953 4590 1235 4660 γενόμενοι
1253 4588 1272 4618 ’⁷
1292 4587 1398 4640 τῶν
1432 4589 1489 4640 ἐν
1514 4589 1580 4657 τῇ
1613 4588 1683 4656 γῇ
1718 4584 1976 4648 πολλάκις

2084 4588 2325 4658 tulisque
2353 4587 2592 4642 ludibrio
2623 4595 2810 4641 essent
2849 4585 2945 4655 qui
2979 4583 3057 4638 dii
3090 4582 3453 4637 vocabantur.
3482 4579 3654 4633 Erant

393 4679 861 4750 καταχωσθέντων
901 4681 1060 4746 θεῶν,
1097 4682 1194 4734 καὶ
1223 4679 1328 4733 ὐπὸ
1360 4679 1468 4732 τῶν
1502 4679 1746 4733 εὐσεϐεῖν
1777 4679 1962 4733 δεδιδα-

2080 4681 2228 4737 enim
2255 4679 2452 4750 partim
2480 4678 2782 4747 reptilium,
2811 4675 3012 4747 partim
3038 4672 3459 4746 quadrupedum
3487 4671 3656 4726 simu-

392 4771 614 4840 γμένων
649 4771 1109 4826 ἀνασπασθέντων
1144 4770 1376 4835 ἐκεῖθεν,
1406 4771 1500 4826 καὶ
1531 4771 1708 4841 δήλων
1751 4787 1977 4842 γεγενη-

396 4861 596 4932 μένων.
624 4863 687 4914 Οί
721 4869 818 4932 μὲν
855 4864 960 4933 γάρ
991 4865 1058 4933 τῇ
1090 4862 1381 4932 δυσσεϐείᾳ
1423 4861 1807 4932 δεδουλωμένοι
1843 4877 1979 4914 κατ-

393 4953 630 5022 έχωσαν,
666 4953 980 5023 ἐπικουρεῖν
1009 4951 1304 5024 ἡγούμενοι
1331 4954 1445 5016 τοῖς
1475 4950 1646 5015 θεοῖς’
1680 4953 1732 5004 οἱ
1760 4951 1818 5004 δὲ
1862 4952 1977 5013 τοῖς

391 5047 466 5099 τὰ
497 5045 720 5102 τοιαῦτα
771 5043 1103 5118 μαστεύουσι
1131 5046 1154 5079 ⁸
1181 5047 1597 5118 κατεμήνυσαν·
1628 5048 1677 5101 οῖ
1733 5046 1790 5100 δὲ
1832 5045 1965 5116 δρύ-

465 5227 493 5266 ιι
528 5226 632 5281 lsa.
669 5243 727 5292 ιι,
762 5227 946 5282 18-21.

2079 4773 2253 4828 iacra.
2275 4770 2740 4841 Vespertilionum
2763 4782 3004 4838 quoque,
3030 4781 3095 4822 ac
3119 4765 3358 4819 murium
3392 4761 3658 4832 imagines

2071 4853 2379 4919 ‘adorabant
2395 4878 2410 4928 ;
2429 4876 2662 4930 cumque
2676 4860 2929 4914 animalia
2943 4859 3080 4929 ipsa,
3093 4863 3397 4927 serpentes,
3413 4855 3656 4929 inquam,

2083 4964 2141 5012 et
2183 4953 2522 5024 scorpiones,
2566 4960 2624 5008 et
2661 4967 2866 5018 mures,
2913 4949 3449 5021 vespertilionesque
3484 4946 3660 5000 inter-

2089 5044 2340 5108 ficerent,
2376 5042 2578 5098 horum
2606 5047 2790 5095 tamen
2813 5037 3108 5095 simulacra
3133 5044 3196 5092 ut
3223 5036 3358 5092 deos
3379 5034 3658 5091 colebant.

1708 5293 1945 5351 VARIIE
1984 5293 2386 5349 LECTIONES.

492 5439 539 5470 ⁸⁸
568 5437 666 5500 τάς
696 5453 804 5492 om.
837 5437 898 5490 Β.
996 5439 1043 5469 ⁹⁶
1072 5439 1300 5500 πάντας.
1356 5437 1563 5498 πάντας

398 5506 452 5542 ⁸⁷
481 5507 664 5576 νόμον.
717 5507 873 5574 λόγον
900 5507 960 5567 Β,
993 5509 1090 5562 Va.
1123 5507 1287 5560 Deest
1317 5505 1417 5576 Vb.

399 5578 590 5646 ἕτερος
642 5576 701 5641 Β,
749 5577 840 5640 Va,
873 5577 1091 5631 omissis
1137 5591 1262 5630 mox
1314 5575 1472 5639 ἄλλος
1507 5575 1874 5646 Ἀμμανιτῶν.

414 5637 728 5717 Ῥωμαίοις
756 5637 835 5710 Β,
858 5647 954 5700 Va.
1032 5647 1053 5678 ³
1074 5637 1780 5717 προειρημέναζμεὶρήμένα
1816 5643 1914 5717 Xa,
1947 5643 2344 5717 εἰᾼσενεγκόντξς
2387 5637 2513 5717 om:
2547 5637 2758 5717 B,._Vb.

887 5717 907 5747 ⁸
935 5719 999 5786 τῇ
1026 5700 1135 5799 γάῤ
1165 5700 1542 5798 ήμέρᾲ-γῇν
1573 5700 1686 5799 ἱ)ιίὶᾶ
1715 5713 1774 5768 Β.
1816 5700 1954 5767 Tum
1990 5700 2239 5766 ἐκϐάλλει
2268 5700 2338 5765 (1.⁷
2385 5711 2404 5741 ⁶
2425 5709 2516 5762 τοῦ
2559 5700 2743 5776 φόϐου.
2785 5704 2877 5760 τοῦ
2907 5719 3018 5758 om.
3051 5700 3114 5756 C.
3190 5701 3210 5733 "
3243 5700 3544 5771 γενόμενοι.
3563 5717 3666 5769 γε·

401 5717 509 5786 γῆς
555 5730 664 5786 om.
691 5716 784 5786 Va.

401 5781 695 5854 γε’νημένοι
724 5785 784 5839 Β.
863 5785 883 5814 ⁸
909 5781 1255 5854 μαστεύουσι.
1276 5781 1620 5854 ’μαντεύουτι
1647 5781 1706 5837 C.

1521 5489 1568 5538 υἷ’
1597 5489 1891 5572 γεωργίας.
1917 5503 2228 5574 γεωργικῆς

1789 5564 1874 5627 ὧν.
1930 5564 1941 5573 ’
1997 5574 2012 5604 ⁸
2033 5564 2325 5626 Μαδιάνοί.
2357 5569 2654 5638 Μαδήναιοι
2686 5564 2758 5638 Β,
2789 5565 3110 5638 Μαδιηναίοι
3139 5564 3204 5638 γε

1611 5435 1708 5505 μὲν
1747 5435 1808 5488 Β.
1852 5435 1955 5490 Vb.
2000 5434 2123 5488 Mox
2155 5434 2211 5505 ἐν
2253 5435 2321 5505 τῇ
2345 5429 2506 5505 ᾼξιὼν
2542 5427 3025 5505 τκθεολογοὺντας
3068 5427 3234 5505 b_abet
3277 5425 3551 5505 i'n_r.narg.

2548 5499 2594 5530 9’
2624 5492 3183 5591 ἕτεροςῐινξωαϐετῶχτ
3212 5492 3324 5591 καί.
3353 5492 3662 5591 Ἇωαϐιέτῶν

2863 5566 3126 5695 ιδειξιῑι
3139 5564 3255 5694 ﬁt.
3281 5562 3663 5701 mea;
