4066 6422
376 374 503 444 1081

1039 376 1478 439 GRAECARUM
1514 374 1815 436 AFFECT.
1854 371 1946 431 CU

2050 371 2382 436 .TIO.—-X.
2424 378 2523 437 DE
2560 377 2955 437 ORACULIS.

3489 373 3624 439 1032

371 509 489 556 σου,
518 490 616 545 καὶ
643 487 912 558 ἑνισχύσω
940 504 997 541 σε
1020 503 1034 519 ο
1092 489 1187 542 καὶ
1225 486 1402 541 ἔδωκά
1435 503 1493 540 σε
1544 487 1623 550 είς
1668 483 1935 552 διαθήκην

2050 483 2341 555 colligatos,
2369 493 2456 543 et'
2479 506 2510 543 e
2533 488 2698 543 domo
2717 487 2980 544 custodite
3002 488 3257 544 sedentes
3274 488 3329 543 in
3352 489 3616 547 tenebris.

366 581 582 653 γένους,
610 581 690 644 εἰς
716 579 831 649 φῶς
861 578 1052 644 ἐθνῶν,
1088 580 1295 645 ἀνοῖξαι
1342 579 1658 648 ὀφθαλμοὺς
1699 573 1936 644 τυφλῶν,

365 675 660 742 ἐξαγαγεῖν
685 675 750 726 ἐκ
778 671 997 741 δεσμῶν
1024 672 1366 740 δεδεμένους,
1392 671 1485 724 καὶ
1509 669 1569 734 ἐξ
1596 670 1746 722 οῖκου
1773 667 1941 735 φυλα-

367 765 474 833 κῆς
501 762 846 833 καθημένους
893 764 950 816 ἒν
1006 763 1206 815 σκότει.
1276 762 1416 829 Ἐγὼ
1456 761 1659 833 Κύριος
1701 762 1729 813 ὁ
1782 758 1936 821 Θεὸς.

367 853 541 908 Τοῦτό
569 852 659 924 μοί
688 854 733 885 ⁸⁸
758 854 906 905 ἐστιν
947 852 1140 923 ὄνομα.
1195 851 1307 922 Τὴν
1340 852 1499 918 δόξαν
1525 868 1635 921 μου
1681 850 1850 920 ἑτέρῳ
1877 849 1937 901 οὐ

365 942 545 1006 δώσω,
572 941 694 995 οὐδὲ
715 940 816 1004 τὰς
844 942 1045 1011 ἀρετάς
1082 958 1183 1012 μου
1218 944 1330 1005 τοῖς
1371 942 1648 1009 γλυπτοῖς.
1692 959 1710 991 ι
1756 938 1939 992 Ταῦτα

364 1034 395 1087 ὀ
420 1032 530 1087 τῶν
550 1033 687 1087 ὅλων
719 1032 851 1096 Θεὸς
878 1032 1013 1103 πρὸς
1028 1033 1121 1085 τὸν
1150 1032 1430 1100 Δεσπότην
1458 1029 1690 1102 Χριστὸν
1708 1028 1783 1092 ὡς
1803 1028 1940 1099 πρὸς

364 1123 654 1194 ἄνθρωπον
690 1123 793 1194 ἔφη
816 1162 830 1186 ,
875 1123 983 1176 ἀπὸ
1022 1123 1122 1192 τῆς
1150 1123 1434 1194 ὁρωμένης
1478 1121 1692 1189 φύσεως
1746 1117 1938 1172 Ἰακὼό

365 1214 530 1267 αὑτὸν
556 1213 650 1267 καὶ
689 1212 903 1285 Ἰσραὴλ
923 1214 1197 1283 ὀνομάσας
1214 1230 1230 1245 ·
1260 1214 1317 1280 ἐξ
1344 1213 1552 1267 ἐκείνου
1577 1212 1686 1283 γὰρ
1705 1211 1769 1281 δὴ
1798 1208 1939 1264 κατά

366 1306 549 1376 σάρκα
566 1304 661 1357 τοῦ
692 1305 885 1372 γένους
911 1304 1171 1367 ἀνέτειλε,
1206 1306 1304 1358 καὶ
1332 1303 1532 1369 ἔδειξεν
1560 1302 1724 1356 αὐτοῦ
1750 1300 1937 1368 σαφῶς

363 1394 464 1467 τὴν
493 1396 800 1466 πραότητα,
824 1395 921 1450 καὶ
946 1395 1048 1466 τὴν
1075 1394 1481 1467 μακροθυμίαν,
1574 1392 1939 1463 παροινούμε-

366 1503 456 1549 νος
495 1488 626 1556 παρ’
690 1487 962 1541 Ἰουδαίων
988 1488 1278 1558 ἐχρήσατο.
1326 1486 1529 1539 Τοῦτον
1562 1487 1642 1548 είς
1671 1483 1938 1553 διαθήκην

363 1578 469 1648 ἔφη
492 1577 716 1648 δοθῆναι
743 1578 836 1631 τοῦ
870 1577 1084 1646 γένους.
1114 1579 1223 1631 Καὶ
1250 1578 1360 1648 γὰρ
1392 1580 1506 1640 τοῖς
1546 1576 1934 1647 πατριάρχαις,

364 1671 464 1723 καὶ
511 1670 695 1733 αὐτοῖς
751 1669 1049 1735 Ἰουδαίοις,
1082 1670 1181 1740 τὴν
1209 1670 1274 1723 δι’
1310 1669 1478 1723 αὐτοῦ
1528 1668 1803 1740 σωτηρίαν
1834 1668 1938 1720 ὐπ-

364 1759 576 1829 έσχετο.
612 1760 755 1830 Ἔφη
781 1759 839 1812 δὲ
871 1759 1032 1813 αὐτὸν
1064 1760 1157 1812 καὶ
1180 1761 1261 1823 είς
1289 1759 1404 1827 φῶς
1435 1758 1604 1811 ἐθνῶν
1633 1758 1934 1821 ἀνατεῖλαι,

363 1855 507 1908 ὥστε
533 1855 640 1909 τῶν
664 1854 883 1924 τυφλῶν
921 1855 1129 1921 ἀνοῖξαι
1166 1857 1291 1916 τοὺς
1320 1854 1653 1923 ὀφθαλμοὺς,
1687 1853 1782 1906 καὶ
1827 1850 1937 1905 τῶν

365 1945 760 2016 πεπεδημένων
788 1946 857 1999 τὰ
883 1946 1059 2016 δεσμά
1092 1945 1377 2017 διαρρῆξαι
1403 1987 1416 2009 ,
1471 1945 1568 1997 καὶ
1599 1946 1727 2005 τοὺς
1758 1945 1815 1995 ἐν
1858 1940 1939 2012 τῷ

367 2039 520 2109 ζόφῳ
542 2038 642 2108 τῆς
663 2036 886 2106 ἀγνοίας
904 2038 986 2100 ὡς
1016 2038 1074 2090 ὲν
1117 2037 1308 2106 εἱρκτῇ
1342 2035 1687 2105 καθημένους
1729 2031 1941 2085 ἐλευθε-

370 2129 546 2201 ρῶσαι
574 2127 667 2180 τοῦ
717 2126 963 2191 σκότους.
1002 2126 1253 2194 Τυφλοὺς
1285 2126 1342 2178 δὲ
1394 2126 1491 2178 καὶ
1529 2122 1941 2193 πεπεδημένους

366 2222 468 2275 καὶ
494 2223 553 2274 ὲν
600 2220 785 2275 σκότει
836 2218 1180 2288 καθημένους
1213 2218 1338 2280 τοὺς
1382 2217 1477 2287 τῆς
1517 2217 1560 2248 ³¹
1590 2215 1813 2284 ἀγνοίας
1841 2215 1939 2283 τὴν

368 2313 539 2384 ἀχλὺν
567 2309 990 2382 περικειμένους
1021 2309 1268 2369 ἐκάλεσε,
1305 2309 1547 2370 καὶτοὺς
1572 2309 1692 2370 ταῖς
1729 2309 1939 2377 σειραῖς

366 2406 470 2474 τῆς
509 2402 784 2472 ἁμαρτίας
810 2400 1243 2469 πεπεδημένους.
1274 2398 1398 2451 ’Ότι
1420 2399 1475 2452 δὲ
1502 2401 1625 2461 τοὺς
1647 2398 1724 2467 τῷ
1755 2398 1939 2470 πλάνῳ

366 2494 472 2566 τῆς
520 2492 939 2558 δεισιδαιμονίας
985 2490 1416 2559 δεδουλωμένους
1452 2488 1625 2552 οὕτως
1666 2490 1938 2559 ὠνόμασε,

372 2586 645 2656 μαρτυρεῖ
675 2582 743 2636 τὰ
769 2582 915 2651 ἑξῆς.
944 2600 963 2633 ι
1022 2578 1163 2648 Ἐγὼ
1183 2580 1313 2650 γὰρ,
1349 2578 1475 2648 ἔφη,
1509 2579 1712 2648 Κύριος
1742 2579 1937 2639 δθεόςσ

366 2674 527 2731 τοῦτό
562 2673 652 2745 μοί
686 2674 731 2705 ³⁸
773 2675 926 2726 ἐστιν
967 2672 1169 2741 ὄνομα*
1212 2671 1311 2741 τὴν
1338 2670 1495 2736 δόξαν
1532 2687 1631 2739 μου
1680 2670 1850 2739 ἑτέρῳ
1878 2669 1939 2723 οὐ

366 2766 550 2831 δώσω,
582 2766 703 2820 οὐδὲ
742 2763 841 2828 τὰς
882 2763 1080 2834 ἀρετὰς
1134 2778 1234 2831 μου
1266 2762 1378 2823 τοῖς
1416 2760 1694 2827 γλυπτοῖς.
1732 2781 1750 2813 ι
1791 2762 1941 2831 ’Ἅμα

367 2875 432 2912 τε
458 2858 568 2928 γάρ
606 2856 850 2926 ἐπεφάνη
889 2852 1114 2922 καὶτῆς
1163 2851 1535 2923 προσηγορίας
1577 2852 1776 2915 αὐτοὺς
1819 2852 1943 2919 ἐγις-

373 2966 589 3023 μνωσεν
618 2990 633 3007 .
682 2949 747 3016 ἣν
785 2944 1129 3016 ἁρπάσαντες
1176 2945 1389 3007 ἑαυτοῖς
1428 2942 1770 3012 περιέθεσαν.
1832 2943 1942 2996 Καὶ

374 3045 498 3113 μετ’
536 3040 691 3107 ὀλίγα
719 3039 776 3091 δὲ
797 3035 972 3090 ταῦτα
995 3035 1159 3090 πάλιν
1188 3035 1234 3068 ⁸³
1257 3034 1362 3104 ἔφη
1385 3051 1397 3064 ·
1438 3053 1455 3085 ι
1508 3034 1712 3105 Κύριος
1756 3035 1784 3088 ὁ
1813 3034 1942 3098 Θεὸς

2043 575 2156 646 Ego
2177 575 2442 632 Dominus
2480 581 2625 634 Deus
2658 597 2671 634 :
2705 580 2810 634 hoc
2852 579 2984 634 mihi
3017 586 3100 635 est
3129 596 3348 634 nomen.
3380 579 3616 636 Gloriam

2042 681 2218 721 meam
2244 667 2401 723 alteri
2423 685 2530 723 non
2561 669 2724 734 dabo,
2757 686 2933 740 neque
2959 671 3195 726 virtutes
3220 687 3370 726 meas
3394 672 3619 743 sculpti-

2041 755 2207 810 libus.
2244 775 2261 806 ι
2306 756 2402 811 His
2430 759 2613 813 verbis
2637 758 3020 815 universorum
3049 761 3194 816 Deus
3216 760 3492 817 Christum
3517 764 3620 819 Do-

2040 848 2252 902 minum
2282 856 2343 902 ut
2378 850 2656 905 hominem
2685 852 2955 908 allocutus
2980 862 3083 916 est,
3119 871 3185 909 ex
3211 856 3506 925 conspicua
3530 858 3617 910 vi-

2040 938 2300 1009 sibilique
2324 949 2516 995 natura
2537 941 2702 996 Iacob
2734 943 2885 997 illum
2906 953 2961 999 et
2992 945 3168 999 Israel
3192 947 3489 1015 appellans.
3536 948 3617 1001 Ex

2039 1046 2104 1085 ea
2165 1032 2311 1086 enim
2368 1033 2621 1104 prosapia
2668 1035 2971 1089 secundum
3018 1053 3237 1091 carnem
3294 1048 3450 1094 natus
3508 1048 3614 1094 est.

2038 1121 2400 1194 Ostenditque
2454 1126 2574 1196 ejus
2615 1128 3091 1182 mansuetudinem
3141 1137 3195 1183 et
3238 1131 3612 1197 tolerantiam,

2039 1230 2146 1284 qua
2176 1232 2308 1271 usus
2332 1226 2435 1280 est,
2460 1233 2584 1271 cum
2615 1218 2729 1287 ipse
2752 1230 2820 1272 ao
2842 1218 3045 1274 Judmis
3072 1219 3416 1275 illuderetur.
3460 1223 3615 1277 Hunc

2040 1306 2224 1375 itaque
2270 1308 2349 1361 ait
2405 1309 2461 1362 in
2505 1316 2892 1363 testamentum
2924 1310 3146 1380 generis
3194 1310 3381 1366 datum
3425 1311 3615 1377 fuisse,

2039 1395 2364 1464 patriarchis
2391 1396 2539 1451 enim
2574 1406 2629 1452 et
2657 1398 2862 1453 Iudaeis
2894 1399 3028 1468 ipsis
3067 1415 3166 1468 per
3208 1399 3355 1453 hunc
3384 1400 3617 1455 salutem

2040 1500 2099 1540 se
2122 1485 2378 1541 daturum
2408 1489 2678 1558 promisit.
2713 1489 2803 1543 Ait
2848 1504 2981 1544 vero
3010 1498 3067 1543 et
3105 1489 3252 1543 hunc
3271 1489 3527 1543 eumdem
3562 1490 3619 1544 in

2039 1576 2224 1632 lumen
2250 1578 2495 1649 gentium
2540 1587 2793 1637 exortum
2831 1595 2986 1644 esse,
3033 1589 3094 1634 ut
3124 1595 3396 1634 caecorum
3425 1581 3618 1635 oculos

2039 1670 2296 1741 aperiret,
2310 1671 2635 1741 vinculaque
2646 1672 2987 1741 captivorum
3001 1671 3344 1741 dim-ingeret
3356 1670 3369 1709 ι
3382 1711 3395 1736 ,
3411 1686 3617 1741 eosque

2039 1761 2135 1829 qui
2161 1761 2216 1815 in
2249 1762 2489 1816 tenebris
2515 1762 2834 1832 ignorantia:
2856 1772 3110 1832 tanquam
3141 1762 3194 1815 in
3222 1778 3441 1817 carcere
3464 1762 3618 1818 sede-

2041 1851 2195 1914 bant,
2229 1868 2259 1906 a
2287 1853 2829 1908 tenebrisliberaret.
2865 1853 3051 1908 Gaz-cos
3074 1863 3257 1908 autem
3290 1861 3346 1908 et
3377 1852 3615 1916 vinctos,

2045 1953 2207 2014 atque
2239 1942 2567 2001 in’tenebris
2612 1946 2889 2010 sedentes,
2916 1945 3055 2000 dixit
3092 1961 3209 2008 eos,
3256 1945 3351 2014 qui
3385 1943 3617 2014 caligine

2045 2033 2365 2103 ignorantiae
2409 2034 2658 2099 obsessi,
2693 2043 3157 2105 peccatorumque
3208 2033 3416 2088 catenis
3446 2033 3618 2087 vincti

2048 2123 2393 2177 tenebantur.
2426 2123 2581 2190 Quod
2606 2140 2737 2179 vero
2773 2125 2853 2179 sic
2893 2125 3182 2195 appellarit
3205 2141 3301 2179 eos
3332 2124 3425 2194 qui
3464 2124 3621 2188 vanis

2044 2208 2532 2283 superstitionibus
2576 2216 2908 2280 serviebant,
2967 2224 3237 2270 testantur
3280 2231 3344 2269 ea
3378 2230 3498 2284 qua:
3529 2229 3620 2268 se-

2044 2313 2292 2375 quuntur
2323 2324 2336 2358 :
2378 2324 2397 2356 ι
2434 2306 2548 2376 Ego
2571 2307 2740 2370 enim,
2770 2306 2969 2377 inquit,
2998 2307 3264 2361 Dominus
3294 2307 3440 2360 Deus
3476 2323 3488 2358 :
3517 2304 3622 2359 hoc

2043 2399 2203 2470 971
2240 2398 2374 2452 mihi
2397 2406 2481 2453 est
2526 2414 2747 2452 nomen.
2782 2397 3023 2454 Gloriam
3072 2414 3248 2452 meam
3300 2397 3459 2452 alteri
3511 2412 3622 2451 non

2046 2491 2208 2555 dabo,
2248 2506 2426 2560 neque
2449 2490 2682 2545 virtutes
2704 2507 2853 2545 meas
2890 2492 3238 2561 sculptilibus
3257 2500 3318 2545 ω.
3355 2511 3373 2542 ι
3406 2492 3622 2545 Etenim

2045 2580 2297 2651 protinus
2330 2590 2389 2634 ut
2419 2580 2473 2634 in
2491 2597 2656 2635 carne
2683 2583 2963 2651 apparuit,
3006 2598 3071 2636 ea
3126 2582 3403 2636 daemonas
3450 2581 3624 2635 nuda-

2045 2673 2124 2727 vit
2148 2673 2540 2742 appellatione,
2569 2689 2731 2743 quam
2760 2673 2866 2727 sibi
2893 2681 3100 2743 raptam
3135 2674 3527 2742 imposuerant.
3556 2671 3625 2725 Et

2047 2772 2170 2833 post
2191 2779 2361 2833 pauca
2388 2780 2580 2818 rursus
2609 2763 2726 2819 haec
2751 2763 2827 2818 ait
2858 2782 2872 2817 :
2907 2782 2925 2815 ι
2969 2762 3231 2817 Dominus
3268 2761 3411 2815 Deus
3444 2760 3624 2813 virtu-

2048 2862 2161 2909 tum
2188 2853 2502 2925 egredietur
2549 2864 2612 2909 ut
2656 2864 2905 2909 conterat
2945 2855 3173 2917 bellum,
3222 2863 3279 2908 et
3324 2854 3625 2908 exsuscitet

2050 2946 2250 3011 zelum,
2280 2952 2336 3000 et
2361 2945 2621 3000 clamabit
2650 2946 2913 3001 adversus
2937 2946 3192 3000 inimicos
3222 2961 3353 3000 suos
3374 2960 3499 3000 cum
3532 2959 3613 2998 ro-

2050 3039 2184 3095 bore
2210 3048 2259 3091 η.
2293 3056 2311 3088 ι
2354 3038 2522 3092 Docet
2552 3046 2734 3092 autem
2764 3053 2933 3107 quare
2961 3038 3067 3093 hoc
3102 3037 3233 3091 olim
3268 3053 3380 3091 non
3410 3036 3627 3091 fecerit.

369 3131 484 3185 τῶν
538 3129 823 3198 δυνάμεων
867 3125 1204 3191 ἐξελεύσεται
1245 3124 1534 3197 συντρῖψαι
1583 3125 1817 3195 πόλεμον
1850 3125 1946 3178 καὶ

2053 3129 2144 3184 Ait
2175 3130 2360 3198 itaque
2396 3146 2407 3181 :
2443 3148 2469 3182 ι
2501 3128 2667 3182 Tacui
2705 3145 2735 3182 a
2768 3129 2990 3193 saeculo,
3016 3127 3268 3198 nunquid
3296 3136 3626 3198 semper-ta—

372 3224 662 3293 ἐπεγεῖραι
691 3221 871 3290 ζῆλον,
908 3220 1000 3272 καὶ
1032 3218 1286 3289 βοήσεται
1314 3216 1407 3269 ἐπὶ
1438 3217 1562 3279 τοὺς
1590 3216 1818 3285 ἐχθροὺς
1852 3215 1949 3269 αὖ·

370 3313 469 3368 τοῦ
517 3313 655 3384 μετά
696 3312 901 3381 ἰσχύος.
933 3331 951 3361 ι
984 3311 1215 3363 Ἔπειτα
1271 3308 1509 3361 διδάσκει
1554 3307 1606 3360 τί
1643 3309 1840 3377 δήποτε
1875 3308 1948 3377 μὴ

373 3402 543 3480 παλαι
569 3401 724 3455 τοῦτο
753 3399 1040 3470 πεποίηκε,
1071 3398 1161 3451 καί
1191 3415 1353 3469 φησιν
1376 3414 1389 3427 ·
1433 3416 1451 3448 ι
1499 3397 1813 3467 Ἐσιώπησα
1842 3396 1950 3449 ἀπὸ

372 3492 575 3554 αἰῶνος
596 3507 609 3521 ·
637 3491 712 3562 μὴ
743 3490 839 3544 καὶ
866 3489 953 3543 ἀεὶ
978 3489 1326 3559 σιωπήσομαι
1348 3488 1443 3539 καὶ
1472 3486 1762 3556 ἀνέξομαι;
1789 3488 1952 3556 ὲκαρ-

371 3585 591 3654 τέρησα
623 3581 698 3644 ὡς
726 3582 758 3650 ὴ
796 3580 1081 3633 τίκτουσαο
1113 3577 1333 3646 ἐκφανῶ
1362 3578 1451 3631 καὶ
1492 3577 1745 3647 ὲκστήσω
1772 3576 1817 3609 ³⁵
1856 3576 1952 3631 καὶ

374 3672 603 3745 ξηρανῶ
632 3671 769 3743 ἅμα.
803 3690 821 3723 ι
861 3671 1104 3723 Κάκεῖνα
1132 3669 1187 3721 δὲ
1231 3668 1633 3738 μακροθυμίας,
1661 3668 1754 3721 καὶ
1782 3668 1953 3721 ταῦτα

374 3764 810 3834 φιλανθρωπίας.
843 3761 1231 3832 Μακροουμῶν
1258 3760 1367 3830 γὰρ
1390 3760 1447 3826 ἐξ
1480 3761 1655 3831 ἀρχῆς
1695 3760 1796 3813 οὐκ
1835 3760 1955 3813 ἐκό-

373 3856 576 3911 λασενο
627 3850 746 3908 εἶτα
792 3853 964 3923 φειδοῖ
1009 3852 1354 3924 χρησάμενος
1392 3852 1520 3914 τοὺς
1569 3851 1955 3922 πλανωμένους

376 3947 743 4011 ἐκάλεσε,καὶ
768 3947 891 4008 τοὺς
922 3943 1238 4009 πλανῶντας
1262 3943 1570 3998 ὲσκέδασεν.
1617 3961 1635 3993 ι
1672 3943 1955 4013 Ἐκστήσω

377 4039 512 4109 γὰρ,
547 4038 700 4110 φησὶ,
728 4037 824 4090 καὶ
849 4036 1067 4106 ξηρανῶ
1098 4036 1213 4107 ἅμα
1237 4051 1249 4064 ·
1277 4036 1551 4106 ὲρημώσω
1579 4035 1681 4106 ὅρη
1710 4037 1800 4088 καὶ
1831 4035 1955 4106 βου-

379 4133 530 4196 νοὺς,
563 4130 655 4183 καὶ
684 4129 834 4201 θήσω
862 4130 1142 4198 ποταμοὺς
1175 4131 1254 4191 εἰς
1290 4130 1506 4197 νήσους,
1542 4128 1636 4180 καὶ
1653 4127 1748 4198 ἕλη
1788 4128 1955 4198 ξηρα-

379 4221 483 4279 νῶ.
520 4241 541 4274 ι
570 4221 668 4275 Διά
697 4221 755 4274 δὲ
784 4219 989 4272 τούτων
1018 4217 1088 4271 τὰ
1124 4222 1181 4270 ἐν
1205 4217 1415 4281 τούτοις
1442 4217 1642 4287 τεμένη
1671 4218 1779 4271 τῶν
1806 4217 1958 4270 εἰδώ-

379 4314 493 4369 λων
524 4311 676 4384 [146]
708 4312 979 4382 ἐμήνυσεν
1007 4310 1074 4371 ³⁸,
1104 4310 1247 4379 ἆπερ
1286 4311 1567 4378 ἐπιφανεὶς
1598 4310 1955 4376 καταλέλυκε,

382 4406 481 4463 καὶ
517 4405 672 4474 δίκην
703 4403 859 4464 ἓλους
889 4400 1149 4472 ἐξήρανε·
1188 4421 1204 4451 ι
1241 4401 1350 4454 Καὶ
1384 4399 1496 4465 ἄξω
1524 4402 1759 4471 τυφλοὺς
1784 4400 1959 4471 ὲ·θόδῷ

2050 3221 2188 3276 cebo
2219 3229 2276 3275 et
2321 3219 2615 3275 tolerabo?
2655 3218 2902 3273 Sustinui
2944 3228 3204 3289 tanquam
3254 3220 3455 3274 mulier
3507 3234 3629 3287 qua:

2049 3311 2306 3381 parturit,
2336 3310 2701 3365 manifestabo
2725 3350 2739 3373 ,
2780 3317 2836 3364 et
2890 3309 3169 3380 dissipabo
3190 3350 3204 3375 ,
3234 3318 3290 3364 et
3338 3309 3629 3364 exsiccabo

2050 3402 2213 3457 simul
2235 3409 2283 3453 ο.
2310 3419 2327 3450 ι
2362 3400 2699 3457 Suntautem
2720 3401 2889 3455 verba
2916 3400 3005 3455 illa
3034 3400 3486 3471 longanimitatis,
3514 3400 3630 3455 haec

2049 3504 2182 3546 vero
2215 3489 2591 3543 humanitatis.
2627 3489 2844 3544 Patiens
2864 3489 3011 3543 enim
3051 3490 3194 3544 Deus
3227 3489 3296 3543 ab
3322 3488 3479 3543 initio
3515 3504 3629 3542 non

2051 3582 2234 3653 puniit
2262 3601 2273 3635 :
2307 3590 2493 3652 postea
2516 3590 2720 3646 autem,
2745 3597 2868 3635 cum
2885 3583 2996 3653 jam
3032 3582 3166 3636 satis
3191 3580 3510 3636 hominibus
3536 3595 3631 3649 pe-

2053 3673 2340 3743 percisset,
2371 3680 2621 3728 errantes
2659 3670 2726 3725 ad
2768 3687 2826 3727 se
2849 3672 3084 3736 vocavit,
3112 3679 3278 3741 atque
3319 3686 3415 3725 eos
3446 3669 3542 3739 qui
3574 3670 3630 3724 in

2053 3780 2300 3821 errorem
2327 3763 2623 3827 ducebant,
2660 3761 2936 3831 dispersit.
2973 3780 2992 3812 ε
3028 3760 3314 3831 Dissipabo
3333 3760 3503 3824 enim,
3543 3759 3631 3813 in-

2054 3857 2196 3928 quit,
2226 3862 2282 3909 et
2314 3853 2603 3909 exsiccabo
2647 3853 2828 3907 simul.
2866 3872 2883 3902 l
2942 3852 3045 3906 Et:
3081 3871 3097 3901 ι
3137 3851 3394 3914 Desertos
3438 3848 3634 3905 faciam

2057 3954 2273 4000 montes
2306 3952 2357 3999 et
2389 3943 2558 3997 colles
2598 3960 2611 3995 :
2650 3941 2844 3995 faciam
2873 3956 2941 3994 ex
2974 3938 3156 3993 fluviis
3189 3937 3417 3999 insulas,
3456 3945 3511 3990 et
3536 3949 3633 4004 pa-

2056 4036 2215 4090 ludes
2248 4034 2537 4089 arefaciam
2583 4043 2628 4085 Ρ.
2670 4051 2689 4083 ι
2718 4031 2930 4098 Quibus
2963 4046 3092 4085 sane
3132 4030 3320 4084 verbis
3360 4028 3634 4082 idolorum

2058 4126 2288 4181 delubra
2312 4124 2658 4194 significavit,
2687 4138 2808 4192 quae
2832 4122 2887 4176 in
2914 4125 2929 4142 ‘
2972 4120 3242 4192 ejusmodi
3284 4119 3419 4173 locis
3454 4125 3632 4171 crant.

2060 4216 2187 4272 Haec
2220 4216 2367 4270 enim
2421 4214 2627 4277 omnia,
2667 4220 2954 4282 postquam
2992 4210 3279 4280 apparuit,
3340 4206 3638 4262 demolitus

2058 4318 2162 4373 est,
2197 4314 2252 4363 et
2288 4315 2547 4376 tanquam
2591 4303 2817 4374 paludes
2848 4302 3091 4357 arefecit.
3120 4299 3287 4353 Addit
3330 4305 3632 4367 prmterea:

2069 4420 2086 4451 ‹
2123 4400 2190 4454 Et
2214 4399 2408 4453 ducam
2434 4410 2605 4451 caecos
2640 4395 2696 4448 in
2736 4393 2877 4447 viam
2905 4406 3070 4461 quam
3117 4388 3453 4451 nescierunt,
3483 4394 3539 4440 et
3579 4385 3638 4439 in

382 4490 420 4568 ᾖ
450 4495 551 4548 οὐκ
582 4493 802 4565 ᾔδεισαν
837 4492 883 4524 ³⁸
908 4506 923 4521 ·
960 4490 1055 4544 καὶ
1076 4489 1291 4561 τρίϐους
1315 4487 1379 4554 ἀς
1407 4491 1506 4543 οὐκ
1536 4489 1777 4559 ἔγνωσαν
1799 4492 1946 4560 ποιή-

2063 4492 2273 4548 semitis
2314 4506 2451 4559 quas
2500 4503 2610 4542 non
2642 4491 3056 4556 cognoverunt,
3108 4480 3388 4536 ambulare
3431 4493 3527 4533 eos
3554 4475 3638 4531 fa-

384 4603 471 4647 σω
516 4584 757 4654 πατῆσαι
796 4580 1012 4643 αὐτούς.
1049 4599 1069 4633 ι
1126 4580 1383 4646 Ἥγνόουν
1429 4580 1536 4651 γὰρ
1585 4580 1681 4652 [οἱ]
1714 4580 1759 4612 ³⁷
1793 4580 1960 4634 πάλαι

383 4674 732 4745 πλανώμενοι
764 4671 864 4742 τὴν
892 4671 989 4739 τῆς
1024 4669 1281 4738 ἀληθείας
1301 4668 1415 4722 ὁδόν
1435 4686 1449 4702 ο
1493 4668 1749 4738 ξεναγοὺς
1779 4669 1836 4724 δὲ
1867 4672 1961 4723 καὶ

385 4763 657 4831 πώηγοῦς
690 4761 784 4814 καὶ
807 4760 991 4830 μέντοι
1015 4760 1107 4814 καὶ
1128 4760 1495 4830 φωταγωγοὺς
1526 4760 1817 4831 ἐσχηκότες
1838 4762 1963 4825 τοὺς

383 4850 743 4913 ἀποστόλους,
774 4848 1060 4901 κατέλιπον
1098 4847 1195 4917 μὲν
1219 4849 1315 4901 τοῦ
1355 4848 1555 4902 πλάνου
1585 4848 1682 4911 τὰς
1716 4850 1958 4919 τρίϐους,

385 4942 704 5010 ἐπέγνωσαν
727 4939 784 4993 δὲ
810 4941 909 5010 τὴν
930 4939 1028 5009 τῆς
1068 4938 1326 5008 ἀληθείας
1372 4940 1509 4996 ὀδόν.
1543 4958 1563 4991 ι
1612 4942 1828 5010 Ποιήσω
1866 4943 1964 4995 αὖ-

386 5039 504 5098 τοίς
522 5035 582 5088 τὸ
609 5036 798 5096 σκότος
822 5033 902 5095 είς
930 5029 1066 5099 φῶς,
1103 5031 1199 5086 καὶ
1222 5032 1290 5083 τά
1324 5031 1511 5087 σκολιά
1544 5034 1622 5095 εἰς
1670 5034 1902 5086 εὐθεῖαν.
1940 5054 1958 5084 ο

400 5127 552 5181 Ἀντί
590 5125 701 5197 γὰρ
736 5125 802 5194 δὴ
849 5120 943 5175 τοῦ
974 5122 1017 5153 ³⁸
1068 5121 1329 5192 προτέρου
1360 5123 1601 5187 σκότους,
1650 5124 1744 5176 τοῦ
1778 5124 1963 5195 νοεροῦ

2066 4583 2205 4638 ciam
2231 4591 2279 4634 (ι.
2319 4602 2337 4631 ι
2373 4578 2657 4648 Siquidem
2688 4577 2817 4629 olim
2843 4575 3181 4635 aberrantes,
3222 4571 3365 4625 viam
3393 4566 3642 4623 veritatis

2067 4671 2404 4726 nesciebant.
2446 4667 2604 4723 Nacti
2636 4681 2767 4721 vero
2798 4663 3072 4733 apostolos
3118 4660 3363 4729 hospites
3387 4698 3403 4723 ,
3441 4657 3641 4722 duces,

2066 4762 2316 4830 lucisque
2350 4758 2652 4821 ministros,
2676 4754 2882 4809 erroris
2923 4750 3149 4807 semitas
3181 4748 3550 4817 reliquerunt,
3589 4755 3649 4802 et

2068 4852 2214 4906 viam
2242 4848 2487 4904 veritatis
2512 4852 2875 4917 agnoverunt.
2922 4862 2939 4893 ι
2974 4840 3190 4896 Faciam
3234 4838 3367 4909 ipsis
3392 4836 3652 4891 tenebras

2072 4944 2130 4998 in
2156 4942 2320 5013 972
2350 4941 2551 5003 lucem,
2577 4947 2633 4992 et
2661 4953 2784 5007 quae
2808 4942 2936 4991 sunt
2958 4933 3202 5001 obliqua,
3231 4930 3286 4984 in
3318 4936 3531 4983 rectum
3555 4936 3600 4981 τ.
3621 4944 3640 4977 ι

2073 5037 2177 5090 Pro
2216 5032 2460 5088 tenebris
2485 5031 2655 5094 enim,
2702 5028 2903 5098 quibus
2950 5032 3110 5078 antea
3139 5020 3372 5076 involuti
3407 5019 3647 5081 fuerant,

2074 5123 2445 5179 intellectuale
2477 5123 2662 5176 lumen
2696 5117 3041 5189 percipiunt,
3070 5112 3389 5182 relictisque
3409 5107 3650 5178 obliquis

468 5280 489 5321 ι
526 5282 629 5338 isa.
668 5297 798 5346 xm,
827 5279 939 5335 1-8.
1017 5287 1056 5316 π’
1094 5278 1227 5334 ibid.
1256 5280 1307 5334 8.
1386 5290 1412 5317 π
1444 5280 1576 5335 ibid.
1625 5280 1706 5334 15.
1785 5286 1811 5315 °
1836 5279 1969 5334 ibid.
2002 5280 2089 5334 14.
2166 5288 2194 5327 P
2221 5276 2356 5331 ibid.
2390 5277 2474 5331 15.
2549 5284 2576 5323 (ι
2607 5271 2740 5327 ibid.
2775 5271 2862 5325 16.
2936 5280 2957 5308 ι’
3001 5269 3135 5324 ibid.

1704 5409 1938 5466 VARUS
1978 5409 2387 5467 LECTIONES.
3124 5396 3133 5401 ’

467 5549 514 5581 ³⁸
548 5566 657 5619 μοι.
685 5565 786 5620 μου
812 5549 871 5601 Β.
982 5549 1023 5620 ³λ¹
1059 5547 1430 5620 τῆςειιρηιδο.
1466 5547 1525 5602 Β.

1614 5549 1656 5581 ³³
1691 5566 1801 5616 11°!-
1840 5568 1938 5619 μου
1972 5550 2031 5603 Β·
2108 5550 2154 5619 η
2191 5542 2368 5613 ὀλίγον
2402 5547 2456 5601 δὲ
2487 5546 2649 5619 πάλιν
2683 5543 2871 5619 ταῦτα.
2910 5543 3061 5619 ὀλίγα
3096 5540 3149 5592 δὲ
3183 5537 3353 5619 ταυτα
3387 5530 3646 5619 eam

391 5620 440 5659 δ’
479 5602 698 5688 ὲκζςανιῖἶ
729 5620 822 5690 καὶ
846 5602 1333 5690 Ϋέκστήσωῗῖσῶς,
1365 5602 1599 5689 ἐμφωνῶ
1640 5602 1733 5671 καὶ
1767 5602 2001 5690 ἐκτήσω.
2044 5618 2148 5674 Sed
2178 5602 2481 5690 impressus
2502 5634 2609 5690 non
2636 5616 2800 5690 habet
2825 5602 3082 5690 tueor/:5»,
3112 5623 3235 5661 cum
3262 5616 3440 5690 tamen

390 5691 625 5773 gorelus
647 5697 734 5773 “et
778 5689 917 5773 infra
951 5697 1247 5773 agnoscat.
1303 5687 1460 5773 uas.“
1504 5687 2324 5773 ³⁸,ὲμηνυσενέὶέμνημόνευτεει
2370 5687 2467 5742 Vb.

394 5759 616 5832 ἧόεισαν
647 5760 702 5811 Β.
813 5759 859 5789 ³⁷
896 5756 990 5827 [ei]
1014 5756 1129 5811 om.
1164 5758 1223 5811 C.
1329 5760 1371 5789 ³³
1400 5760 1461 5829 δὴ
1492 5756 1698 5830 τοῦζδὴ
1730 5775 1838 5812 om.
1875 5759 1932 5812 Β.

2568 5689 2613 5719 ³⁶
2648 5676 2868 5757 ἣδεισαν
2898 5676 2965 5722 ἐκ
3002 5681 3262 5747 ἔγνωσαν.
3317 5676 3646 5742 ἔγνωσαν-
