4066 6426
476 326 614 394 1ὓ83

1461 341 1947 402 TIIEODORETI
1985 343 2322 406 EPISCOPI
2362 350 2725 413 CYRENSIS

3587 353 3726 420 1084

471 449 703 514 semitis,
736 463 884 506 recta
907 452 1186 508 incedunt.
1215 455 1342 508 Post
1371 455 1485 510 haec
1507 472 1662 519 vero,
1687 457 1842 526 quasi
1865 456 2041 513 adhuc

2147 460 2322 526 φωτὸς
2359 461 2712 528 ἀπολαύουσι,
2741 463 2836 516 καὶ
2877 462 2974 526 τὰς
3007 462 3445 534 διεστραμμένας
3497 466 3723 520 καταλι-

469 551 724 594 errantes
765 542 1012 612 increpat
1040 561 1052 595 :
1091 564 1106 594 ι
1137 543 1548 600 Confundimini
1583 547 1926 612 confusione,
1960 550 2052 617 qui

473 629 748 683 conﬁditis
788 630 842 682 in
870 631 1238 698 sculptilibus,
1295 633 1390 702 qui
1424 635 1798 689 conﬁatilibus
1826 637 2047 692 dicitis:

472 718 581 771 Vos
606 720 738 772 estis
769 719 843 772 dii
870 720 1042 774 nostri
1075 731 1121 774 ³.
1161 742 1178 772 ›
1213 723 1281 776 Ει
1330 733 1455 793 post
1488 741 1660 794 pauca
1691 744 1703 779 :
1737 747 1754 776 ‹
1782 728 1921 782 Ecce
1952 745 2052 799 ego

472 809 611 860 facio
640 826 775 862 nova
804 827 924 879 quae
951 828 1097 866 nunc
1121 814 1390 878 orientur,
1425 825 1479 870 et
1503 820 1842 886 cognoscetis
1868 835 1959 884 ea;
1997 830 2052 874 et

472 898 660 950 faciam
694 900 745 953 in
779 901 999 956 deserto
1021 904 1186 967 viam,
1218 905 1351 959 etin
1383 907 1529 961 sicco
1549 908 1772 963 flumina
1795 928 1820 963 :.
1845 919 1905 963 ut
1925 911 2050 964 dem

471 998 657 1056 potum
680 993 866 1058 generi
894 1010 1014 1047 meo
1046 995 1242 1060 electo,
1282 1005 1337 1050 et
1371 1001 1574 1067 populo
1597 1018 1758 1070 quem
1783 1003 2048 1071 acquisivi

469 1077 625 1141 mihi,
675 1091 732 1133 ut
791 1095 1013 1138 enarret
1061 1086 1293 1140 virtutes
1323 1104 1471 1142 meas
1491 1091 1534 1142 ⁸.
1573 1110 1589 1141 ι
1642 1091 1826 1146 Genus
1867 1105 2046 1150 autem

469 1182 629 1221 suum
661 1187 808 1226 nunc
831 1175 1124 1242 appellavit
1155 1194 1249 1231 eos
1282 1180 1374 1248 qui
1406 1181 1780 1246 crediderunt,
1811 1200 2045 1252 quorum

471 1255 586 1325 ipse
627 1260 696 1312 ob
722 1272 1060 1332 assumptam
1101 1267 1494 1322 humanitatem
1534 1272 1932 1342 primogenitus
1957 1275 2045 1329 di-

469 1358 591 1401 ctus
617 1359 718 1403 est.
745 1350 899 1416 Quod
927 1371 1057 1407 vero
1081 1356 1148 1409 de
1178 1358 1434 1426 gentibus
1466 1361 1580 1413 haec
1609 1361 1827 1427 dixerit,
1856 1373 2042 1418 osten-

470 1438 609 1493 dunt
633 1457 754 1510 quae
770 1454 1076 1512 sequuntur
1107 1465 1118 1498 :
1152 1469 1169 1498 ‹
1194 1450 1412 1513 Audite,
1439 1452 1724 1515 insul:e,et
1749 1457 2039 1521 attendite,

470 1540 662 1596 gentes
695 1551 705 1584 :
735 1551 831 1602 per
853 1537 1083 1590 multum
1111 1546 1322 1608 tempus
1347 1550 1504 1605 state,
1527 1543 2034 1600 dicitDominusu.»

469 1620 711 1685 Quorum
746 1626 880 1678 nihil
909 1627 1110 1682 Judzeis
1134 1646 1456 1700 congruere,
1488 1634 1789 1688 insularum
1816 1644 1871 1690 et
1905 1654 2038 1707 gen-

471 1711 609 1764 tium
649 1730 844 1768 nomen
879 1717 1101 1772 indicat.
1135 1719 1201 1772 Et
1228 1737 1417 1776 rursus
1443 1741 1454 1776 :
1489 1744 1506 1773 ι
1529 1726 1726 1779 Audite
1752 1742 1860 1790 me,
1885 1729 2034 1794 audi,

2157 552 2346 615 πάντες
2390 553 2559 618 ὀδοὺς,
2587 553 2684 625 τὴν
2732 553 2944 606 εὐθεῖαν
2973 554 3242 607 ὁδεύουσιν
3282 555 3349 608 ⁸⁵.
3388 551 3521 608 Εἶτα
3541 554 3616 618 ὡς
3645 555 3725 609 ἔτι

2157 642 2524 712 πλανωμένοις
2555 646 2784 714 ἐπιτιμᾷ
2805 659 2818 672 ⁶
2844 665 2861 696 ι
2889 645 3224 714 Αίσχύνθητε
3249 646 3502 715 αἰσχύνῃ,
3537 646 3587 697 οἱ
3623 661 3724 698 πε-

2154 730 2398 792 ποιθότες
2421 731 2513 782 ἐπὶ
2553 735 2664 794 τοῖς
2699 733 2974 798 γλυπτοῖς,
3004 733 3054 785 οἱ
3091 733 3342 801 λέγοντες
3372 735 3484 794 τοῖς
3517 751 3722 802 χωνευ-

2151 821 2262 881 τοῖς
2280 835 2292 848 ·
2327 819 2513 888 Ὑμεῖς
2536 821 2655 872 ἐστε
2680 821 2790 873 θεοὶ
2816 821 2990 890 ἡμῶν.
3021 841 3038 871 ι
3069 821 3176 874 Καὶ
3202 825 3319 890 μετ’
3343 822 3524 889 ὀλίγα·
3552 842 3570 872 ι
3591 822 3722 875 Ἰδοὺ

2151 907 2261 975 ἐγὼ
2285 910 2422 961 ποιῶ
2446 909 2624 973 καινά,
2665 910 2701 964 ἃ.
2724 911 2816 963 νῦν
2845 912 3111 977 ἀνατελεῖ,
3141 914 3235 964 καὶ
3260 910 3537 980 γνώσεσθε
3561 914 3719 966 αὑτά·

2150 1000 2244 1052 καὶ
2286 1001 2494 1070 ποιήσω
2522 1000 2566 1032 ’⁵ο
2611 1003 2667 1053 ἐν
2691 1003 2765 1071 ,τῇ
2800 1003 2989 1080 ἐρήμῳ
3018 1003 3154 1065 ὁδὸν,
3189 1003 3282 1054 καὶ
3317 1003 3372 1052 ἐν
3399 1004 3464 1071 τῇ
3511 1000 3724 1071 ἀνύδρῳ

2150 1092 2448 1159 ποταμοὺς,
2496 1091 2709 1144 ποτίσαι
2766 1093 2827 1145 τὸ
2861 1093 3017 1160 γένος
3051 1109 3152 1161 μου
3191 1092 3250 1143 τὸ
3296 1091 3550 1144 ἐκλεκτὸν
3578 1091 3722 1158 ,κτὸν

2147 1181 2273 1235 λαόν
2307 1199 2406 1252 μου
2439 1183 2498 1235 ὃν
2533 1185 3028 1254 περιεποιησάμην,
3053 1184 3150 1246 τὰς
3174 1184 3376 1254 ἀρετάς
3403 1201 3502 1252 μου
3532 1185 3722 1254 διηγή-

2150 1273 2343 1326 σασθαι
2372 1273 2440 1328 δι.
2480 1295 2496 1325 ι
2534 1275 2695 1337 Γένος
2717 1274 2773 1326 δὲ
2800 1274 2892 1327 νῦν
2934 1273 3096 1326 αὑτοῦ
3130 1274 3254 1335 τοὺς
3291 1273 3723 1334 πεπιστευκότας

2147 1365 2622 1434 προσηγόρευσεν,
2674 1359 2747 1419 ὢν
2806 1363 3098 1434 ὠνομάσθη
3139 1365 3484 1431 πρωτότοκος
3541 1363 3608 1414 δι’
3654 1366 3722 1433 ἣν

2143 1455 2400 1524 ἀνείληφε
2432 1455 2630 1526 σάρκα.
2665 1456 2789 1508 Ὅτι
2819 1456 2876 1508 δὲ
2901 1457 3029 1525 περὶ
3061 1456 3167 1508 τῶν
3200 1453 3369 1506 ἐθνῶν
3399 1453 3572 1506 ταῦτα
3592 1453 3718 1523 ἔφη,

2142 1546 2210 1597 τὰ
2257 1547 2498 1615 ἐπόμενα
2534 1548 2837 1616 μαρτυρεῖ·
2881 1565 2899 1598 ι
2947 1546 3272 1609 Ἀκούσατε,
3307 1543 3410 1615 [αἱ]
3446 1543 3492 1573 ⁸³
3535 1544 3720 1612 νῆσοι,

2142 1639 2233 1691 καὶ
2269 1638 2563 1707 προσέχετε
2589 1677 2603 1700 ,
2643 1637 2800 1707 ἐθνη’
2843 1637 2930 1690 διὰ
2979 1635 3174 1688 πολλοῦ
3207 1637 3401 1705 χρόνου
3438 1634 3485 1666 ³³
3521 1633 3719 1702 στῆτε,

2142 1729 2289 1796 λέγει
2319 1729 2540 1799 Κύριος.
2581 1749 2599 1781 ι
2645 1729 2769 1781 Ὅτι
2797 1728 2853 1780 δὲ
2884 1729 3090 1780 τούτων
3119 1728 3270 1780 οὐδὲν
3315 1727 3588 1789 Ἰουδαίοις
3618 1727 3718 1795 ἁρ-

467 1804 668 1870 populc
690 1807 784 1870 mi,
813 1819 867 1861 et
891 1824 1065 1879 reges,
1099 1813 1325 1866 auribus
1351 1816 1650 1885 percipite:
1676 1820 1932 1887 quoniam
1956 1821 2041 1875 lex

2151 1822 2354 1890 μὸττει,
2385 1822 2477 1873 καὶ
2500 1820 2559 1872 τὸ
2593 1819 2698 1872 τῶν
2743 1821 2918 1889 νήσων
2965 1820 3134 1887 ὄνομα
3183 1819 3276 1870 καὶ
3325 1818 3383 1869 τὸ
3415 1817 3523 1869 τῶν
3549 1816 3720 1869 ἐθνῶν

467 1910 496 1947 a
529 1912 612 1949 me
636 1899 965 1967 egredietur,
999 1913 1054 1956 et
1093 1905 1361 1972 judicium
1393 1923 1572 1960 meum
1622 1910 1677 1962 in
1710 1911 1887 1965 lucem
1914 1928 2044 1981 gen-

469 1985 624 2039 tium.
651 1988 1068 2061 Appropinquat
1102 1994 1210 2047 cito
1236 1997 1446 2064 justitia
1482 2014 1624 2062 mea,
1647 2009 1701 2053 et
1728 2002 2042 2070 egredietur

465 2077 619 2144 quasi
646 2078 737 2131 lux
773 2082 1007 2136 salutare
1042 2100 1242 2138 meum.
1282 2087 1364 2140 Me
1393 2089 1584 2143 insulae
1623 2094 2039 2160 exspectabunt,

465 2175 522 2220 et
550 2167 604 2219 in
633 2168 915 2224 brachium
949 2189 1128 2227 meum
1153 2185 1342 2245 gentes
1370 2180 1670 2247 sperabunt
1694 2190 1740 2235 ν.
1772 2201 1790 2230 ι
1823 2183 1918 2237 llis
1946 2202 2043 2238 au-
2070 2240 2077 2247 _

465 2265 576 2310 tem
621 2261 876 2316 omnibus
923 2263 1162 2320 futuram
1209 2269 1456 2338 gentium
1507 2271 1739 2324 salutem
1767 2274 2038 2341 przedixit,

463 2347 750 2419 legemque
769 2357 1159 2425 evangelicam,
1188 2375 1251 2412 ac
1271 2360 1468 2415 divinae
1491 2363 2037 2433 cognitionislumen,

464 2438 611 2504 quod
665 2456 762 2507 per
811 2454 1030 2499 sanctos
1075 2447 1352 2515 apostolos
1397 2450 1670 2505 universis
1729 2452 2042 2510 hominibus

461 2526 622 2597 973
645 2531 844 2585 attulit.
879 2534 1161 2589 Braclzium
1185 2537 1366 2607 itaque
1387 2555 1497 2593 non
1520 2541 1788 2596 intellexit
1814 2543 2039 2599 humani

463 2622 709 2687 corporis
743 2624 1045 2678 membrum
1067 2667 1081 2689 ,
1133 2627 1364 2698 simplex
1394 2639 1480 2684 est
1513 2632 1658 2684 enim
1691 2633 1785 2686 Dei
1818 2644 2038 2701 natura,

462 2717 519 2761 et
546 2714 959 2778 compositionis
981 2731 1197 2785 expers,
1229 2719 1322 2772 sed
1349 2720 1577 2790 ﬁgurate
1604 2723 1771 2776 robur
1789 2724 2038 2778 divinum

463 2797 814 2870 signiﬁcavit.
847 2806 983 2870 Quia
1009 2810 1152 2861 enim
1175 2821 1231 2864 et
1260 2813 1458 2866 milites
1485 2815 1736 2870 manibus
1775 2826 2037 2888 pugnant,

462 2899 518 2945 et
544 2897 793 2964 agricolze
824 2907 1025 2952 terram
1049 2911 1287 2966 versant,
1307 2905 1508 2973 aliique
1532 2922 1722 2961 omnes
1739 2909 1831 2977 qui
1866 2919 2038 2964 artem

463 2986 773 3053 quampiam
813 2996 1065 3054 tractant,
1104 2993 1304 3047 merito
1341 2995 1557 3049 brachii
1607 3000 1830 3054 nomine
1869 3002 2039 3056 robur

464 3073 597 3127 illud
625 3076 971 3145 signiﬁcavit,
1001 3081 1015 3100 ‘
1044 3098 1152 3150 quo
1172 3083 1298 3137 freti
1329 3087 1696 3142 exclamamus
1731 3107 1743 3141 :
1778 3109 1794 3139 ι
1825 3091 1944 3144 Non
1973 3092 2040 3146 ti-

463 3163 626 3216 mebo
655 3167 813 3229 mala,
848 3171 1102 3237 quoniam
1135 3181 1190 3226 tu
1227 3190 1438 3230 mecum
1478 3194 1537 3233 es
1557 3187 1602 3232 κ.
1637 3200 1654 3229 ι
1692 3181 1904 3236 Rursus
1941 3200 2038 3237 au—

463 3259 573 3304 tem
601 3255 869 3310 exclamat
907 3276 918 3311 :
965 3279 981 3309 ι
1016 3261 1153 3316 Ecce
1192 3265 1563 3320 testimonium
1613 3271 1866 3338 gentibus
1915 3273 2042 3328 dedi

463 3357 612 3407 cum,
661 3347 966 3417 principem
1024 3361 1080 3406 et
1124 3364 1515 3424 prmeeptorem
1568 3361 1844 3429 gentibus.
1903 3364 2041 3420 Ecce

464 3442 652 3500 gentes
675 3452 794 3504 qure
818 3454 923 3492 non
949 3451 1223 3497 noverunt
1259 3454 1332 3507 te,
1371 3447 1707 3504 invocabunt
1736 3460 1787 3505 te
1815 3469 1827 3503 :
1855 3455 2040 3521 populi

464 3523 557 3590 qui
586 3526 837 3580 nesciunt
863 3537 934 3591 te,
973 3529 1040 3583 ad
1065 3539 1116 3584 te
1137 3533 1478 3604 confugient,
1508 3549 1732 3606 propter
1753 3541 2040 3597 Dominum

464 3614 634 3668 Deum
675 3626 850 3684 tuum,
888 3630 943 3673 et
975 3621 1233 3676 Sanctum
1268 3626 1517 3692 Israelis,
1549 3631 1804 3696 quoniam
1832 3633 2040 3702 gloriﬁ-

464 3707 606 3758 cavit
631 3714 680 3760 te
701 3717 750 3760 ἐν.
785 3729 800 3758 ι
831 3710 966 3764 Cum
993 3713 1176 3781 itaque
1198 3715 1428 3771 videatis
1451 3717 1726 3773 Christum
1750 3723 2039 3778 Dominum

465 3797 519 3850 in
548 3799 682 3852 orbe
713 3809 978 3875 terrarum
1006 3815 1345 3874 regnantem,
1378 3820 1675 3881 gentesque
1701 3829 1892 3869 omnes
1921 3819 2042 3887 ejus

462 3890 829 3960 principatum
852 3895 1212 3953 libentissime
1246 3902 1586 3969 conﬁtentes,
1621 3905 1904 3976 intelligite
1927 3909 2037 3976 jam

461 3982 837 4054 prophetiam,
875 3987 1102 4057 ejusque
1150 3992 1439 4046 veritatem
1497 3997 1779 4065 suspicite.
1839 3998 2039 4052 Audite

461 4085 593 4124 vero
623 4083 678 4128 et
709 4091 830 4144 qua:
856 4090 1163 4146 sequuntur
1197 4099 1209 4134 :
1245 4102 1261 4132 ι
1295 4084 1360 4137 Ει
1392 4085 1663 4140 timebunt
1683 4089 1777 4156 qui
1805 4097 1931 4142 sunt
1969 4089 2038 4142 ad

460 4160 832 4230 Occidentem,
867 4185 1064 4223 nomen
1123 4172 1356 4240 Domini,
1403 4184 1456 4230 ct
1499 4178 1592 4246 qui
1628 4177 1695 4231 ad
1734 4177 2035 4246 Orientem,

464 4251 720 4326 inclytum
753 4274 949 4315 nomen
975 4264 1094 4332 ejus
1131 4275 1174 4318 π.
1213 4285 1230 4315 ι
1263 4267 1576 4338 Iterumque
1612 4287 1624 4322 :
1663 4288 1680 4319 ‹
1717 4270 2038 4327 Manifestus

461 4347 685 4412 apparui
713 4347 779 4402 iis
802 4349 892 4417 qui
925 4367 1010 4405 me
1045 4369 1153 4406 non
1177 4355 1585 4426 interrogabant
1610 4377 1621 4411 :
1645 4359 1898 4415 inventus
1916 4379 2035 4416 sum

2149 1914 2437 1982 μαρτυρεῖ.
2466 1912 2572 1964 Καὶ
2602 1911 2759 1964 πάλιν
2779 1928 2792 1940 ·
2827 1929 2846 1961 ι
2892 1909 3184 1962 Ἀκούσατὲ
3211 1926 3332 1977 μου,
3356 1908 3624 1961 ἀκούσατε
3650 1907 3718 1972 ⁸⁸,

2145 2003 2272 2064 λαός
2305 2019 2404 2070 μου
2429 2019 2442 2032 ο
2466 2003 2559 2054 καὶ
2584 2002 2632 2053 οἱ
2661 2001 2928 2072 βασιλεῖς..
2963 2001 3098 2070 πρός
3130 2017 3194 2069 με
3233 1998 3566 2051 ἐνωτίσασθε
3589 2017 3602 2030 ⁸
3636 2000 3721 2052 δτι

2147 2093 2218 2164 [ὁ]
2244 2093 2287 2124 ’⁸⁸
2323 2095 2482 2162 νόμος
2507 2093 2632 2161 παρ’
2662 2091 2795 2161 ἐμοῦ
2824 2090 3194 2154 ἐξελεύσεται,
3223 2090 3314 2142 καὶ
3342 2091 3374 2158 ἡ
3412 2089 3592 2160 κρίσις
3618 2106 3719 2145 μου

2145 2190 2224 2249 εἰς
2253 2186 2364 2254 φῶς
2390 2185 2558 2238 ἐθνῶν
2580 2203 2592 2216 ο
2626 2185 2830 2252 ἐγγίζει
2865 2185 3001 2254 ταχὺ
3037 2186 3070 2254 ἡ
3103 2183 3417 2251 δικαιοσύνη
3458 2199 3592 2252 μου,
3626 2186 3721 2237 καὶ

2143 2277 2484 2340 ἐξελεύσεται
2515 2276 2588 2338 ὡς
2647 2276 2762 2343 φῶς
2811 2274 2872 2326 τὸ
2919 2274 3181 2344 σωτήριόν
3240 2289 3376 2342 μου·
3430 2271 3529 2341 ἐμὲ
3562 2271 3718 2341 νῆσοι

2145 2367 2474 2436 ὑπομενοῦσι
2500 2366 2565 2432 ⁸⁸⁸,
2593 2368 2687 2418 καὶ
2718 2367 2793 2428 εἰς
2816 2367 2905 2418 τὸν
2935 2365 3196 2434 βραχίονα
3223 2381 3323 2433 μου
3348 2363 3473 2432 ἔθνη
3509 2363 3722 2415 ἐλπιοῦ-

2145 2474 2216 2511 σι.
2254 2477 2270 2507 ι
2317 2459 2415 2510 Διά
2441 2456 2496 2509 δὲ
2534 2455 2736 2509 τούτων
2768 2457 3022 2508 ἁπάντων
3063 2454 3159 2523 τὴν
3184 2455 3292 2505 τῶν
3339 2452 3511 2505 ἐθνῶν
3552 2455 3720 2522 ἐχρη-

2143 2550 2393 2620 σμῴδησε
2419 2549 2710 2618 σωτηρίαν,
2750 2550 2843 2599 καὶ
2872 2547 2960 2598 τὸν
2995 2545 3346 2612 εύαγγελικὺν
3393 2544 3576 2612 νόμον,
3624 2545 3718 2596 καὶ
3756 2584 3774 2592 -

2139 2641 2199 2693 τὸ
2225 2640 2323 2708 τῆς
2355 2639 2608 2708 γνώσεως
2656 2637 2792 2706 φῶς,
2845 2637 2872 2688 ὃ
2911 2637 2997 2688 διὰ
3036 2636 3144 2687 τῶν
3190 2635 3351 2704 ἱερῶν
3403 2633 3717 2686 ἀποστόλων

2141 2731 2342 2784 ἅπασιν
2372 2729 2675 2801 ἀνθρώποις
2711 2730 3071 2798 προσήνεγκε,
3122 2725 3392 2797 Βραχίονα
3437 2724 3620 2792 μέντοι
3653 2723 3716 2774 οὐ

2143 2821 2448 2889 σωματικὸν
2473 2821 2717 2889 ὠνόμασε
2747 2820 2932 2888 μόριον
2976 2818 3139 2887 (ἁπλῆ
3168 2819 3274 2886 γάρ
3303 2815 3428 2888 [τοι]
3461 2815 3505 2846 ⁸⁷
3534 2817 3566 2884 ή
3599 2814 3716 2866 θεία

2141 2909 2319 2976 φύσις,
2350 2911 2444 2962 καὶ
2475 2907 2732 2978 ἐλευθέρα
2763 2906 3108 2974 ξυνθέσεως),
3135 2905 3268 2958 ἀλλὰ
3291 2904 3567 2975 τροπικῶς
3598 2904 3717 2972 ἐδή-

2140 2997 2279 3050 λωσε
2302 2998 2347 3031 ’⁸⁸
2381 2997 2477 3067 τὴν
2513 2997 2683 3066 ἰσχύν.
2730 2995 2946 3065 Ἐπειδὴ
2981 2995 3088 3064 γάρ
3120 2994 3208 3047 διὰ
3241 2993 3348 3046 τῶν
3385 2991 3585 3062 χειρῶν
3624 2991 3718 3043 καὶ

2070 3122 2113 3178 C
2145 3093 2193 3144 οί
2229 3089 2588 3160 πολεμοῦντες
2632 3087 3090 3155 παρατάττονται,
3130 3085 3224 3137 καὶ
3257 3085 3306 3136 οἱ
3348 3081 3719 3151 γεωργοῦντες

2145 3180 2486 3250 ἐργάζονται,
2518 3179 2610 3230 καὶ
2638 3177 2819 3247 μέντοι
2843 3175 2935 3227 καὶ
2963 3176 3010 3226 οἱ
3043 3173 3207 3242 ἄλλην
3250 3171 3372 3224 τινὰ
3405 3187 3718 3240 μεταχειρι-

2144 3269 2358 3340 ζόμενοι
2391 3268 2436 3298 δ’
2469 3268 2664 3336 τέχνην
2686 3305 2700 3328 ,
2737 3265 2959 3326 εἰκότως
3005 3263 3092 3314 διὰ
3118 3259 3212 3312 τοῦ
3245 3259 3529 3328 βραχίονος
3576 3273 3718 3326 παρ-

2144 3364 2376 3434 εδήλωσε
2407 3361 2502 3430 τὴν
2542 3361 2714 3427 ἰσχὺν,
2814 3354 3138 3426 θαρροῦντες
3162 3351 3372 3421 βοῶμεν
3392 3363 3410 3380 ο
3458 3369 3474 3399 ι
3509 3349 3583 3401 Ού
3603 3366 3717 3453 τ(ρο-

2144 3456 2450 3525 ϐηθήσομαι
2483 3451 2648 3513 κακά,
2686 3449 2765 3500 ὅτι
2797 3448 2858 3500 σὺ
2905 3448 3022 3513 μετ’
3063 3442 3196 3514 ἐμοῦ
3239 3438 3306 3494 εἷ.
3362 3460 3379 3490 ι
3421 3440 3526 3492 Καὶ
3563 3438 3718 3543 αὖθις

2144 3546 2274 3617 βοᾷ·
2311 3565 2328 3594 ι
2367 3544 2497 3596 Ἰδοὺ
2536 3540 2832 3612 μαρτύριον
2867 3539 2921 3589 ἐν
2949 3536 3123 3588 ἔθνεσι
3156 3533 3363 3585 δέδωκα
3402 3530 3586 3590 αὑτὸν,
3629 3530 3722 3599 ap-

2142 3603 2304 3708 ᾆοᾷτα
2334 3636 2427 3686 καὶ
2460 3632 2867 3702 προστάσσοντα
2919 3626 3146 3678 ἔθνεσιν.
3199 3623 3331 3675 Ἰδοὺ
3372 3621 3497 3690 ἔθνη
3542 3620 3578 3672 ἃ
3621 3621 3721 3672 οὐκ

2141 3696 2311 3779 οἴδασί
2337 3741 2423 3788 σε,
2461 3717 2871 3774 ἐπικαλέσονταί
2904 3733 2962 3767 σε
2984 3733 2997 3745 ·
3028 3713 3146 3765 λαοὶ
3187 3712 3236 3764 οἳ
3275 3713 3372 3764 οὐκ
3399 3710 3719 3762 ἐπίστανταί

2144 3835 2224 3881 σε,
2259 3815 2350 3867 ἐπὶ
2399 3813 2456 3865 σὲ
2489 3797 2917 3879 καταφεύξοντοῖι
2969 3807 3154 3859 ἐνεκεν
3192 3805 3397 3874 Κυρίου
3446 3801 3539 3854 τοῦ
3580 3799 3718 3853 Θεοῦ

2143 3926 2260 3972 σου,
2293 3907 2386 3958 καὶ
2412 3904 2505 3956 τοῦ
2539 3903 2692 3969 ἁγίου
2733 3898 2970 3971 Ἰσραὴλ,
2993 3899 3074 3950 ὅτι
3104 3893 3324 3960 ἐδόξασέ
3351 3910 3430 3946 σε.
3457 3912 3475 3944 ι
3513 3890 3718 3961 Ὀρῶν-

2141 4016 2231 4061 τες
2259 3997 2436 4050 τοίνυν
2470 3991 2818 4064 βασιλεύοντα
2840 3990 2938 4059 τῆς
2963 3985 3285 4056 οἰκουμένης
3310 3985 3402 4036 τὸν
3435 3982 3716 4051 Δεσπότην

2141 4088 2395 4160 Χριστὸν,
2428 4085 2521 4139 καὶ
2565 4085 2741 4137 πάντα
2771 4081 2840 4134 τὰ
2883 4080 3010 4150 ἐθνη
3038 4080 3228 4131 τούτου
3259 4075 3357 4144 τὴν
3399 4071 3716 4126 δεσποτείαν

2141 4181 2390 4253 ἁσμένως
2432 4175 2800 4257 ὁμολογοῦντα
2821 4213 2835 4238 ,
2883 4173 2979 4226 καὶ
3007 4172 3237 4268 νοήσατε
3284 4167 3350 4268 ⁵ο-
3369 4166 3717 4268 τὴνοπροφήῗ

2138 4247 2287 4327 τείαν
2326 4273 2392 4334 δι,
2424 4247 2516 4321 καὶ
2547 4247 2864 4336 θαυμάσατε
2890 4264 2985 4334 τὴν
3017 4262 3297 4333 ἀλήθειαν.
3337 4255 3632 4355 ᾏκιούσατε
3649 4253 3715 4355 δὲ

2141 4365 2233 4418 καὶ
2263 4363 2372 4416 τῶν
2409 4361 2564 4428 ἑξῆς·
2607 4378 2623 4408 ι
2665 4357 2772 4409 Καὶ
2816 4354 3213 4423 φοϐηθήσονται
3255 4353 3302 4403 οἱ
3348 4349 3456 4401 ἀπὸ
3497 4347 3717 4414 δυσμῶν

461 4433 620 4489 abiis
644 4439 736 4505 qui
762 4455 848 4493 me
865 4457 974 4494 non
991 4445 1324 4510 quzerebant.
1350 4447 1467 4501 Dixi
1498 4467 1509 4502 :
1534 4450 1672 4504 Ecce
1700 4467 1842 4516 sum,
1865 4455 2035 4523 genti,

2142 4455 2199 4508 τὸ
2230 4454 2400 4522 ὄνομα
2427 4448 2654 4518 Κυρίου,
2679 4446 2770 4498 καὶ
2798 4447 2845 4497 oi
2869 4443 2977 4497 ἀπὸ
2995 4441 3267 4495 ἀνατολῶν
3293 4439 3442 4510 ἡλίου
3463 4436 3524 4488 τὸ
3545 4434 3717 4504 ὄνομα

459 4542 582 4593 qua:
607 4545 716 4581 non
749 4530 1023 4587 invocavit
1048 4549 1245 4589 nomen
1281 4553 1460 4592 meum
1483 4553 1530 4594 ει.
1575 4562 1592 4592 ›
1635 4542 1772 4596 Tota
1796 4544 2036 4614 denique

460 4619 749 4685 prophetia
781 4620 1094 4690 bujusmodi
1128 4627 1420 4684 verborum
1451 4633 1611 4701 plena
1643 4643 1748 4688 est.

2135 4546 2296 4599 αὑτοῦ
2323 4543 2384 4596 τὸ
2404 4541 2629 4604 ἔνδοξον.
2663 4559 2680 4591 ι
2703 4539 2810 4591 Καὶ
2841 4537 3000 4591 πάλιν
3021 4551 3033 4563 ·
3058 4532 3208 4607 [147]
3233 4551 3251 4584 ε
3295 4528 3572 4600 Ἐμφανὴς
3595 4527 3716 4594 ἐγε-

2133 4640 2302 4707 νόμην
2336 4637 2381 4665 δ’
2422 4635 2532 4693 τοῖς
2557 4630 2653 4700 ἐμὲ
2691 4629 2764 4698 μὴ
2804 4625 3149 4698 ἐπερωτῶσιν
3170 4639 3184 4652 ’
3219 4622 3450 4692 εύρέθην
3477 4621 3590 4680 τοῖς
3613 4615 3715 4686 ἐμὲ

460 4705 537 4774 μὴ
601 4705 874 4776 ζητοῦσιν.
917 4707 1080 4764 Εἶπον
1103 4730 1114 4742 ·
1165 4715 1291 4769 Ἰδοὺ
1326 4721 1439 4790 εἰμὶ
1463 4761 1478 4785 ,
1520 4722 1648 4790 ἔθνη
1717 4722 1765 4773 οἳ
1797 4722 1844 4752 ³³
1875 4724 1974 4776 οὐκ
2009 4705 2412 4778 ἐπεκαλέσαντο
2443 4719 2502 4770 τδ
2533 4717 2702 4786 δνομά
2739 4734 2861 4785 μου·
2910 4735 2928 4766 ³
2965 4713 3074 4766 Καὶ
3113 4713 3261 4765 πᾶσα
3323 4710 3379 4762 δὲ
3438 4724 3472 4774 η
3504 4720 3716 4774 προῳψ

455 4794 577 4846 τεία
606 4795 772 4847 τῶνδε
809 4796 917 4848 τῶν
941 4799 1109 4868 λόγων
1129 4807 1432 4874 ἀνάπλεως.

531 4887 636 4943 Sed
668 4900 727 4944 ut
745 4892 881 4948 alios
900 4910 1118 4968 quoque.
1146 4905 1437 4973 prOphetas
1480 4907 1646 4977 974
1671 4908 2030 4963 ostendamus

459 5055 550 5174 ιυῗ
573 5045 1016 5189 “ﬁliifilii.

1044 5059 1060 5094 ί
1089 5056 1193 5112 lsa.
1223 5068 1371 5122 nm,
1401 5057 1581 5112 19-21.
1628 5067 1657 5095 υ
1693 5058 1829 5114 ibid.
1871 5070 1898 5099 ν
1929 5060 2128 5126 lsa.u,
2161 5062 2214 5125 4,
2247 5061 2300 5115 5.
2372 5072 2400 5100 ι
2431 5056 2728 5120 Psal.nu,
2763 5055 2816 5109 4.

2131 4905 2141 4918 ’
2219 4904 2359 4958 Ἀλλ’
2391 4903 2478 4955 ἵνα
2514 4899 2756 4964 καὶτοὺς
2801 4899 2990 4969 ἄλλους
3028 4899 3314 4968 προφήτας
3346 4894 3551 4964 ξυνῳδὰ
3583 4909 3716 4963 προ-

2892 5061 2923 5102 !
2952 5052 3055 5106 Isa.
3093 5066 3178 5115 LV,
3204 5050 3259 5116 4,
3291 5050 3344 5103 5.
3423 5057 3446 5084 ε
3480 5047 3710 5116 lsa.ux,

1767 5236 2000 5294 VARIIE
2042 5237 2442 5295 LECTIONES.

530 5376 576 5407 ³⁹
604 5375 898 5429 ὁδεύουσιν.
931 5374 1240 5427 όδεύσουσιν
1275 5376 1339 5438 C.
1388 5375 1489 5430 Vb.

457 5444 505 5478 ⁵³
538 5445 728 5498 πολλοῦ
765 5445 980 5515 χρόνου.
1006 5444 1196 5543 χρόνου
1230 5445 1423 5499 πολλοῦ
1453 5446 1512 5498 Β.

458 5513 506 5546 ιι
534 5514 661 5546 τ--.]
695 5531 782 5546 η...
846 5513 920 5546 νη
1068 5513 1089 5545 ε
1118 5512 1381 5546 πάθω..
1445 5515 1554 5546 εμπ

458 5513 506 5550 ιι
534 5514 551 5584 [
557 5514 661 5587 τοι]
695 5512 816 5569 om:
846 5513 944 5587 Y3.
1008 5512 1014 5513 7
1043 5512 1089 5545 ⁸⁸
1117 5512 1404 5587 δεδήλωκε.
1443 5515 1675 5585 ἐδήλωσε
1703 5515 1763 5570 Β.

459 5583 825 5655 κατανοήσατε
862 5583 924 5638 Β.
980 5583 1242 5655 suprach
1292 5585 1382 5637 καὶ
1407 5583 1635 5652 νοήσατε
1663 5601 1736 5639 m.
1791 5602 1900 5641 ree.
1954 5583 2050 5638 καὶ
2093 5583 2207 5655 om;
2247 5583 2349 5640 Vb.

1566 5375 1621 5446 “97
1645 5376 1802 5430 ποιῶ.
1852 5379 2065 5446 ποιήσω
2090 5377 2152 5439 Β,
2179 5377 2278 5432 Va.

1589 5445 1633 5476 ""
1656 5448 1926 5534 ἀκρύσαῇ
1962 5443 2062 5516 μου
2089 5462 2198 5499 0m.
2233 5446 2306 5534 1%.,
2369 5447 2416 5476 ⁸⁵
2448 5443 2521 5515 [ὁ]
2556 5458 2664 5497 om.
2703 5443 2856 5534 Du“:

1871 5516 1915 5548 ⁸⁹
1962 5508 2485 5586 μεταχειριζόμενοξ.
2507 5508 2521 5515 ’
2541 5511 3010 5586 μεταχειρίζοντες
3029 5508 3116 5586 _B.

2354 5374 2414 5448 “ﬁ
2427 5373 2804 5448 διηγήσασθαι.
2837 5371 3137 5448 διηγεῖσθαι
3294 5366 3348 5448 ,³⁵⁸
3374 5364 3477 5448 [αἱ]
3514 5382 3624 5421 om.
3649 5366 3712 5448 Β.

2837 5409 2885 5472 ἷέ
2912 5409 3262 5508 ίίπομενοῦσι.
3286 5409 3616 5505 ὑπόμένουσι
3648 5435 3708 5489 Β.

2541 5511 3008 5575 μεταχειρίζοντες
3055 5508 3116 5561 Β.
3221 5507 3267 5538 ⁸⁰
3314 5507 3408 5560 καὶ
3457 5505 3710 5575 νοήσατε.

2448 5585 2487 5614 δ’
2526 5575 2881 5657 προφητείαν.
2919 5578 3174 5657 ἀλήθειαν
3196 5576 3298 5657 γη.
3377 5576 3422 5607 ⁵³
3463 5575 3713 5657 ὲμῗανὴς

461 5644 728 5725 (suprasc.
778 5644 1064 5725 ebpée'qv):
1091 5653 1357 5725 ἐγενόμην
1404 5644 1514 5717 τοῖς
1555 5655 1655 5724 ἐμὲ
1701 5655 1775 5725 μὴ
1819 5656 1876 5709 Β.
1924 5655 2042 5710 Mox
2086 5654 2192 5710 ἰδού
2241 5656 2356 5725 εἰμι
2388 5654 2493 5709 bis.
2533 5644 2658 5707 εἶτα
2683 5644 2845 5706 Sirm.
2883 5665 2981 5720 pro
3009 5644 3178 5714 εἷπον,
3220 5655 3275 5701 ct
3302 5661 3424 5700 mox
3448 5644 3524 5716 τῷ
3547 5644 3712 5700 ἔθνει.

467 5723 512 5752 ’⁷⁸
539 5721 573 5771 ά
602 5724 720 5776 οὐκ.
762 5723 812 5775 οἳ
841 5721 939 5776 οὐκ
961 5721 1030 5779 Β.
