4066 6424
344 380 481 443 1085

1012 383 1451 447 GRJECARUM
1484 388 1784 448 AFFECT.
1822 385 2173 447 CURATIO.
2199 412 2268 422 -
2292 389 2364 447 Χ.
2404 389 2500 448 DE
2534 387 2929 448 ORACULIS.

3466 356 3606 451 1086

338 490 708 552 ὃεσπίσαντας
739 488 1023 557 δείξωμεν,
1057 492 1326 547 ἀκούσατε
1363 495 1626 566 Ἱερεμίου
1658 495 1908 567 βοῶντος·

2030 510 2257 550 :onsona
2280 497 2635 559 vaticinatos,
2673 496 2862 551 audite
2895 493 3192 551 Jercmiam
3234 493 3602 549 clamantem:

346 600 366 628 σ
412 581 498 635 Ἐν
523 579 603 649 τῷ
647 580 823 651 καιρῷ
850 582 1044 653 ἐκείνῳ
1066 582 1352 638 καλέσουσι
1392 586 1491 656 τήν
1545 586 1920 658 Ἰερουσαλὴμ,

338 671 545 743 Θρόνος
562 669 608 703 ³⁸
635 671 843 742 Κυρίου
863 688 876 702 ·
896 673 991 726 καὶ
1024 674 1418 746 συναχθήσεται
1438 680 1518 741 εἰς
1550 678 1721 749 αὐτὴν
1746 679 1923 731 πάντα

336 762 411 815 τὰ
438 762 565 833 ἔθνη
594 779 609 794 ’
637 762 734 816 καὶ
759 764 821 817 οὐ
854 763 1212 832 πορεύσονται
1254 765 1429 818 ὀπίσω
1463 765 1572 820 τῶν
1606 767 1925 838 ἐνθυμημά-

336 874 451 908 των
488 855 591 925 τῆς
630 856 860 927 καρδίας
892 856 1077 910 αὐτῶν
1095 857 1193 927 τῆς
1220 859 1483 927 πονηρᾶς.
1529 877 1550 911 3
1596 859 1918 929 ’Δθρήσατε,

337 941 387 1000 ὦ
410 946 624 1017 ἄνδρες,
645 946 754 999 τῶν
786 948 1046 1017 ῥημάτων
1075 947 1172 1018 τήν
1202 947 1536 1018 ξυμφωνίαν,
1571 950 1665 1002 καὶ
1698 949 1923 1020 βλέπετε

338 1037 553 1107 πάντας
585 1035 921 1105 πανταχόθεν
946 1035 1266 1107 ἀνθρώπους
1292 1038 1373 1098 εἰς
1398 1038 1613 1108 ἐκείνην
1644 1040 1742 1108 τὴν
1770 1040 1924 1093 πόλιν

340 1131 755 1201 ξυντρέχοντας,
793 1130 827 1201 ἢ
859 1130 919 1183 τὸ
957 1131 1286 1185 Δεσποτικὺν
1339 1132 1435 1185 καὶ
1482 1132 1750 1203 σωτήριον
1805 1132 1924 1185 ἐδέ-

341 1222 473 1288 ξατο
505 1221 698 1287 πάθος,
730 1223 826 1276 καὶ
844 1222 945 1293 τὴν
972 1222 1072 1291 μὲν
1094 1222 1204 1275 τῶν
1234 1223 1467 1276 εἰδώλων
1486 1223 1766 1295 ἐξαπάτην
1807 1223 1926 1291 βδε-

337 1315 722 1384 λυττομένους,
754 1313 830 1384 τῷ
862 1315 1269 1387 ἐσταυρωμένῳ
1312 1315 1370 1369 δέ
1410 1316 1472 1369 τὸ
1506 1316 1729 1369 ἐκείνων
1759 1315 1925 1379 σέϐας

341 1406 772 1478 προσερέωντας.
802 1406 910 1460 Τοῦ
941 1407 999 1459 δὲ
1051 1406 1216 1460 αὑτοῦ
1260 1410 1539 1477 προφήτου
1584 1408 1679 1461 καὶ
1707 1406 1882 1461 ταῦτα
1905 1423 1920 1438 ⁸

346 1519 367 1551 ι
398 1498 540 1553 Τάδε
568 1498 936 1570 λέγειΚύριος
956 1502 984 1553 ὁ
1011 1499 1144 1562 Θεός
1175 1500 1221 1531 ⁸⁵
1239 1516 1253 1532 ο
1289 1499 1460 1569 Στῆτε
1495 1500 1588 1553 ἐπὶ
1616 1501 1737 1561 ταῖς
1762 1498 1922 1562 όδοίς,

337 1593 437 1646 καὶ
461 1591 600 1645 ἴδετε
620 1608 633 1621 ·
659 1590 1000 1662 ἐκζητήσατε
1031 1591 1252 1661 τρίϐους
1284 1591 1493 1662 Κυρίου
1538 1590 1782 1653 αίωνίας,
1829 1591 1925 1645 καὶ

341 1680 484 1734 ἴδετε
511 1680 642 1734 ποία
663 1682 809 1735 ἐστὶν
838 1684 872 1753 ή
910 1681 1029 1744 ὁδὸς
1057 1682 1090 1752 ή
1133 1681 1310 1752 ἀγαθὴ
1332 1724 1348 1747 ,
1396 1684 1491 1735 καί
1542 1681 1838 1752 πορεύεσθε
1866 1682 1924 1734 ἐν

338 1771 507 1841 αὐτῇ,
540 1772 634 1824 καὶ
670 1773 932 1843 εὑρήσετε
976 1773 1023 1806 ⁸⁸
1050 1772 1297 1843 ἀγίασμα
1329 1775 1448 1835 ταῖς
1496 1772 1694 1842 ψυχαῖς
1743 1771 1917 1843 dium.

339 1829 632 1915 Kalueimv
652 1876 666 1890 ’
703 1829 1644 1933 (ίὺ’πορευσόμεθα.“Κατέστησαῧ⁸⁷
1773 1829 1921 1930 θμᾶς
1954 1836 1995 1891 Β

340 1950 584 2015 σκοπούς
609 1968 621 1981 ·
648 1952 916 2005 ἀκούσατε
953 1950 1053 2020 τῆς
1091 1951 1277 2022 φωνῆς
1304 1952 1407 2022 τῆς
1453 1953 1777 2020 σάλπιγγος.
1809 1951 1918 2005 Καὶ

336 2038 531 2097 εἷπον·
553 2042 669 2097 Οὐκ
694 2042 1061 2113 ἀκουσόμεθα.
1102 2044 1202 2097 Διὰ
1233 2045 1392 2098 τοῦτο
1432 2046 1629 2116 ἤκουσε
1660 2044 1729 2097 τὰ
1762 2044 1917 2113 ἔθνη,

335 2134 436 2187 καὶ
467 2136 517 2187 οἱ
549 2135 929 2205 ποιμαίνοντες
964 2135 1034 2189 τὰ
1062 2135 1314 2208 πρόϐατα
1358 2137 1419 2189 ἐν
1460 2138 1662 2200 αὐτοῖς.
1707 2155 1727 2186 3
1759 2134 1920 2207 Πρώ-

334 2242 456 2288 τοις
487 2225 585 2297 μὲν
616 2227 726 2297 γὰρ
785 2228 1059 2293 Ἰουδαίοις
1089 2229 1437 2300 προσηνέχθη
1491 2231 1585 2283 καὶ
1627 2227 1780 2300 παρὰ
1811 2227 1919 2282 τῶν
1940 2240 1957 2247 ’

336 2318 640 2389 προφητῶν
672 2319 765 2373 καὶ
808 2318 958 2390 παρὰ
992 2319 1102 2373 τῶν
1139 2320 1452 2374 ἀποστόλων
1495 2321 1563 2375 τὰ
1597 2320 1718 2374 θεία
1745 2318 1918 2390 κηρύ-

334 2426 559 2480 γματα·
603 2409 791 2481 ἐπειδὴ
834 2410 888 2463 δὲ
914 2413 1169 2465 ἀντεῖπον
1197 2413 1414 2475 ἐκείνοι,
1465 2412 1631 2464 πᾶσιν
1669 2411 1923 2482 ἐδωρήθη,

334 2502 452 2564 τοῖς
473 2500 651 2555 ἔθνεσι
679 2502 745 2554 τὰ.
767 2502 1022 2557 θεόσδοτα
1042 2502 1190 2573 δῶρα
1209 2520 1223 2533 ⁸
1249 2504 1342 2556 καὶ
1373 2503 1530 2556 καλεῖ
1550 2504 1650 2571 μέν
1680 2502 1860 2567 ὀδοὺς
1888 2504 1918 2556 ό

335 2591 437 2645 τοῦ
468 2593 751 2664 προφήτου
783 2592 916 2656 Θεὸς
954 2595 1080 2656 τοὺς
1125 2593 1387 2655 παλαιοὺς
1420 2595 1703 2663 προφήτας
1726 2634 1740 2653 ,
1773 2593 1919 2647 ὀδόν

335 2681 399 2736 δέ
428 2682 665 2751 ἀγαθὴν
690 2684 851 2737 αὐτὸν
876 2683 967 2737 τὸν
998 2685 1226 2755 Σωτῆρα
1259 2684 1354 2737 καὶ
1402 2684 1625 2756 Κύριον.
1652 2684 1919 2754 Καθάπερ

336 2772 452 2843 γὰρ
480 2774 558 2837 είς
588 2774 687 2845 τήν
722 2774 992 2844 βασίλειον
1030 2775 1308 2846 λεωφόρον
1341 2777 1397 2829 αί
1430 2775 1540 2829 ἀπὸ
1576 2776 1686 2828 τῶν
1714 2777 1919 2846 κωμῶν

337 2864 569 2921 καὶτῶν
602 2867 789 2939 ἀγρῶν
814 2867 1191 2922 είσδάλλουσιν
1213 2869 1469 2940 ἀτραποὶέ
1488 2868 1659 2932 οὕτως
1683 2869 1920 2934 ἅπαντες

338 2957 395 3009 οἱ
425 2959 703 3029 προφῆται
729 2959 936 3031 ταύτην
969 2963 1083 3024 τοῖς
1108 2960 1387 3014 πιστεύειν
1417 2961 1690 3014 ἐθέλουσιν
1718 2961 1920 3013 ἐπεδείο

339 3066 510 3103 κνυον
536 3049 634 3120 τὴν
686 3050 825 3104 ὀδόν.
868 3052 979 3105 Καὶ
1027 3053 1186 3116 αὐτὸς
1223 3054 1281 3107 δέ
1331 3053 1359 3105 ὁ
1393 3054 1670 3122 Δεσπότης
1710 3054 1769 3105 ἐν
1811 3055 1922 3117 τοῖς

342 3143 512 3244 tepet;
1083 3164 1100 3196 ι
1152 3147 1295 3214 Ἐγὼ
1348 3149 1464 3216 είμι
1506 3148 1538 3217 ἡ
1576 3147 1713 3209 ὁδὸς,
1762 3148 1854 3199 καὶ
1884 3148 1916 3217 ή
1948 3186 1990 3244 C

339 3232 482 3304 ζωὴ.
517 3235 612 3288 καὶ
641 3235 673 3305 ή
704 3234 948 3307 ἀλήθεια.
982 3256 1000 3286 3
1038 3238 1300 3304 Παραινεϊ
1321 3238 1499 3292 τοίνυν
1548 3239 1823 3301 Ἰουδαίοις
1853 3237 1923 3291 τὰ

337 3322 454 3379 τῶν
482 3324 777 3395 προφητῶν
811 3327 1119 3395 ἀναγνῶναι
1150 3328 1521 3398 θεσπίσματα,
1559 3331 1651 3382 καὶ
1685 3329 1920 3399 ζητῆσαι

336 3413 407 3466 τὸ
437 3412 846 3485 θεσπιζόμενον.
906 3417 1127 3490 Ἐπειδὴ
1163 3418 1219 3471 δὲ
1246 3420 1497 3472 ἀντεῖπον
1546 3423 1669 3482 ταῖς
1711 3438 1922 3492 προφη-

336 3506 520 3569 τείαις
545 3545 559 3567 ,
615 3508 715 3576 τὴν
764 3508 1127 3578 ἀποστολικὴν
1198 3511 1565 3580 προσενήνοχε
1622 3512 1917 3579 σάλπιγγα.

352 3589 579 3661 Ἐπειδὴ
612 3591 668 3644 δέ
701 3594 864 3646 πάλιν
895 3590 1048 3647 εἷπον
1080 3594 1148 3660 ⁸⁸,
1201 3599 1323 3651 οὐκ
1362 3598 1762 3667 ἀκουσόμεθα,
1791 3598 1926 3669 βοῶ-

342 3698 435 3737 σιν
470 3683 609 3752 πρὸς
630 3683 828 3749 αὐτοὺς
852 3687 901 3739 oi
926 3685 1059 3740 θεῖοι
1084 3687 1297 3758 ἄνδρες,
1328 3689 1404 3754 ὠς
1434 3692 1462 3743 ό
1493 3691 1705 3754 Λουκᾶς
1728 3693 1784 3745 ἐν
1807 3693 1926 3755 ταῖς

341 3772 622 3845 Πράξεσιν
680 3778 919 3847 ἱστορεῖ·
980 3796 998 3829 ι
1050 3779 1207 3848 Ὑμῖν
1254 3775 1322 3851 ἦν
1372 3782 1669 3850 ἀναγκαῖον
1712 3782 1927 3854 πρῶτον

323 3862 580 3935 ’λαλῆσαι
602 3868 692 3921 τὸν
720 3868 877 3937 λόγον
902 3869 997 3923 τοῦ
1030 3868 1166 3923 Θεοῦ
1184 3887 1198 3903 ·
1229 3871 1416 3942 ἐπειδὴ
1439 3871 1495 3926 δὲ
1530 3871 1782 3938 ἀναξίους
1802 3876 1929 3928 ἐαυ-

343 3957 481 4020 τοὺς
507 3959 722 4029 κρίνετε
758 3959 856 4030 τῆς
884 3961 1106 4014 αἰωνίου
1149 3960 1315 4031 ζωῆς,
1368 3962 1598 4032 καθαροὶ
1624 3965 1783 4034 ήμετς
1821 3964 1931 4018 ἀπὸ

341 4047 447 4103 τοῦ
474 4048 571 4102 νῦν
604 4050 688 4113 είς
722 4054 791 4103 τὰ
817 4049 945 4121 ἐθνη
986 4053 1385 4122 πορευσόμεθα.
1430 4073 1449 4104 3
1486 4053 1655 4106 Πάλιν
1687 4053 1869 4124 μέντοι
1903 4058 1931 4109 ό

356 4141 651 4211 προφήτης
682 4141 792 4194 τῶν
833 4140 1003 4195 ἐθνῶν
1057 4143 1155 4212 τὴν
1198 4143 1473 4213 σωτηρίαν
1509 4143 1779 4209 θεσπίζει,
1833 4147 1930 4199 καὶ

355 4230 498 4303 πρὸς
514 4232 606 4285 τὸν
632 4232 739 4285 τῶν
759 4233 896 4287 ὅλων
919 4233 1053 4287 Θεὸν
1079 4233 1262 4305 βοᾷ⁸⁹ο
1295 4252 1313 4285 ι
1346 4233 1537 4305 Κύριε,
1565 4235 1598 4306 ή
1634 4235 1784 4305 ισχύς
1808 4254 1931 4306 μου,

346 4325 446 4379 καὶ
468 4327 501 4397 ή
534 4324 756 4398 βοήθειά
784 4344 909 4398 μου,
929 4327 1024 4381 καὶ
1042 4326 1335 4397 καταφυγὴ
1360 4328 1406 4359 ⁸ο
1433 4328 1490 4380 ἐν
1513 4327 1695 4399 ἡμέρᾳ
1722 4329 1931 4392 κακῶν,

349 4416 492 4487 πρὸς
539 4419 598 4472 σὲ
651 4418 779 4489 ἔθνη
834 4419 1055 4488 ἥξουσιν
1089 4418 1198 4473 ἀπὸ
1239 4419 1468 4489 ἐσχάτου
1520 4420 1620 4491 τῆς
1676 4421 1799 4491 γῆς,
1840 4422 1936 4475 καὶ

2033 606 2052 639 ι
2089 586 2359 657 Tempore
2389 588 2483 642 illo
2513 588 2790 642 vocabunt
2822 586 3254 656 Hierosolymam
3276 585 3477 639 solium
3502 584 3609 639 Do-

2024 677 2195 733 mini:
2221 687 2278 732 et
2295 680 2770 749 congregabantur
2791 678 2846 732 in
2872 694 2936 733 ea
2964 693 3157 733 omnes
3185 686 3397 747 gentes,
3425 690 3607 747 neque

2023 769 2385 824 ambulabunt
2410 779 2533 839 post
2570 770 2929 839 cogitationes
2956 770 3127 824 malas
3151 768 3339 824 cordis
3376 765 3536 822 suib.
3579 787 3599 818 3

2023 861 2346 930 Perspicitc,
2390 876 2424 915 ο
2465 860 2592 923 viri,
2642 871 2846 930 quanta
2879 863 2952 916 sit
2979 862 3035 917 in
3065 861 3249 916 verbis
3283 860 3603 915 concordia.

2022 952 2239 1019 Videte,
2277 968 2472 1007 omnes
2511 940 2867 1022 undiquaque
2892 952 2958 1007 ad
2997 952 3274 1006 civitatem
3295 951 3440 1005 illam
3470 967 3608 1005 con-

2023 1052 2331 1108 currentes,
2358 1044 2413 1097 in
2441 1059 2550 1113 qua
2586 1044 2822 1098 salutare
2855 1043 3154 1097 Dominicze
3182 1043 3374 1096 mortis
3402 1049 3606 1112 myste-

2023 1135 2167 1188 rium
2196 1143 2636 1189 consummatum
2680 1143 2785 1195 est,
2815 1140 2874 1188 et
2921 1133 3194 1188 idolorum
3246 1132 3606 1202 imposturam

2023 1226 2443 1290 abominantes,
2510 1226 2846 1295 illorumque
2906 1223 3115 1277 cultum
3176 1223 3243 1276 ad
3273 1212 3607 1276 Crucifixum

2025 1317 2439 1373 transferentes.
2474 1317 2734 1386 Ejusdem
2754 1331 2889 1371 vero
2917 1315 3201 1385 propheta;
3228 1323 3358 1367 sunt
3377 1321 3433 1367 et
3456 1314 3561 1366 ista
3590 1329 3608 1366 :

2033 1429 2052 1461 ι
2098 1410 2222 1465 Haec
2244 1410 2379 1465 dicit
2403 1410 2672 1463 Dominus
2688 1410 2832 1463 Deus
2866 1407 3055 1464 :State
3074 1407 3142 1461 ad
3166 1406 3303 1471 vias,
3320 1414 3378 1460 et
3403 1405 3608 1459 videte.
3708 1392 3728 1409 ’

2024 1502 2263 1569 Quaerite
2290 1503 2514 1558 semitas
2545 1502 2759 1557 Domini
2789 1512 3051 1565 aeternas,
3083 1508 3140 1555 et
3165 1499 3349 1553 videte
3385 1512 3509 1567 quas
3540 1496 3613 1550 sit

2024 1594 2113 1648 via
2145 1594 2309 1657 bona,
2349 1602 2407 1649 et
2438 1594 2720 1649 ambulate
2757 1594 2815 1648 in
2840 1609 2927 1657 ea,
2961 1601 3019 1647 et
3051 1590 3349 1646 invenietis
3375 1586 3613 1643 sanctifi-

2025 1683 2613 1738 cationemanimabus
2636 1683 2836 1737 vestris
2862 1700 2875 1736 :
2909 1690 2967 1736 et
2993 1680 3255 1735 dixerunt
3296 1696 3309 1732 :
3343 1678 3465 1732 Non
3493 1692 3609 1730 am-

2026 1776 2361 1832 bulabimus.
2402 1774 2678 1831 Constitui
2724 1789 2893 1844 super
2928 1788 3028 1828 vos
3056 1772 3461 1842 speculatores,
3508 1785 3607 1823 au-

2024 1869 2136 1924 dite
2166 1882 2355 1922 vocem
2383 1867 2528 1922 tubae
2550 1882 2563 1918 :
2589 1874 2645 1921 et
2672 1866 2927 1920 dixerunt
2952 1883 2965 1918 :
2986 1864 3103 1918 Non
3135 1863 3444 1918 audiemus.
3478 1860 3613 1915 l’ro-

2024 1967 2149 2029 pter
2182 1958 2287 2012 hoc
2309 1958 2607 2012 audierunt
2633 1966 2844 2027 gentes,
2876 1965 2934 2011 et
2961 1955 3057 2026 qui
3095 1962 3331 2025 pascunt
3371 1951 3612 2022 pecudes

2025 2046 2083 2100 in
2110 2046 2257 2101 eise.
2298 2064 2316 2097 3
2354 2045 2556 2100 Primis
2575 2045 2723 2099 enim
2744 2043 2947 2099 .ludzcis
2974 2044 3137 2097 allata
3168 2050 3319 2106 sunt,
3347 2050 3450 2095 eta
3480 2052 3615 2108 pro.

2023 2137 2209 2208 pbetis
2230 2145 2287 2191 et
2329 2136 2401 2191 ab
2424 2135 2709 2206 apostolis,
2751 2135 2937 2188 divina
2968 2134 3268 2204 praeconia.
3311 2133 3611 2200 Postquam

2024 2244 2158 2283 vero
2179 2228 2217 2282 ii
2241 2243 2299 2283 se
2328 2237 2683 2283 contumaces
2699 2226 3079 2295 praebuerunt,
3104 2224 3291 2278 divina
3314 2223 3458 2277 dona
3475 2238 3616 2276 cun-

2025 2319 2130 2373 ctis
2155 2318 2414 2389 gentibus
2439 2317 2568 2373 data
2596 2326 2745 2372 sunt.
2777 2316 2845 2370 Et
2881 2318 2993 2369 vias
3026 2315 3251 2385 quidem
3283 2323 3445 2368 vocat
3468 2313 3617 2389 Deus

2023 2388 2327 2483 prophelae,
2359 2410 2617 2480 antiquos
2646 2408 2963 2479 prophetas,
2990 2410 3133 2463 viam
3159 2415 3344 2461 autem
3362 2406 3578 2468 bonum,
3598 2388 3619 2409 ”

2024 2503 2205 2573 ipsum
2230 2500 2580 2555 Servatorem
2604 2507 2661 2554 et
2684 2499 2999 2554 Dominum.
3033 2497 3188 2552 Sicut
3213 2497 3359 2551 enim
3392 2496 3447 2549 in
3470 2494 3617 2549 viam

2024 2592 2231 2663 regiam
2280 2591 2516 2646 tendunt
2546 2590 2912 2659 ferunturque
2955 2589 3204 2642 vicorum
3246 2594 3302 2642 et
3357 2598 3617 2656 agrorum

2024 2682 2254 2743 semitae,
2278 2680 2358 2734 sic
2382 2680 2665 2749 prapbetzc
2688 2692 2880 2731 omnes
2912 2677 3058 2731 viam
3089 2676 3240 2730 hanc
3260 2674 3491 2729 credere
3519 2686 3621 2726 vo-

2023 2772 2269 2827 lentibus
2307 2770 2642 2824 indicarunt.
2674 2768 2797 2838 ipse
2823 2767 2991 2822 etiam
3037 2765 3202 2837 9'75
3256 2764 3522 2819 Dominus
3561 2760 3615 2814 in

2026 2869 2198 2924 sacris
2222 2866 2531 2936 Evangeliis
2562 2866 2762 2920 clamat
2788 2881 2802 2917 :
2840 2882 2859 2913 ι
2894 2863 3007 2932 Ego
3029 2877 3150 2916 sum
3175 2861 3283 2925 via,
3310 2859 3422 2912 vita
3445 2866 3502 2912 et
3522 2871 3618 2910 ve-

2026 2958 2232 3014 ritasd.
2276 2978 2295 3010 3
2332 2957 2599 3012 Hortatur
2636 2955 2823 3025 itaque
2861 2954 3100 3016 Judaeos,
3132 2960 3197 3005 ul.
3222 2951 3618 3021 prophetarum

2027 3049 2249 3107 oracula
2281 3050 2486 3121 legant,
2510 3054 2870 3118 quaerantque
2902 3043 3051 3115 quod
3077 3043 3147 3097 ab
3169 3043 3259 3096 his
3288 3039 3623 3111 praenuntia-

2028 3148 2140 3198 tur.
2175 3143 2243 3197 Et
2264 3140 2523 3211 quoniam
2549 3137 2863 3209 prophetiis
2882 3135 3363 3196 contradixerunt,
3392 3137 3620 3201 aposto-

2028 3236 2189 3289 licam
2225 3234 2410 3288 tubam
2448 3231 2693 3286 inflabat.
2728 3230 2865 3298 Quia
2906 3245 3038 3284 vero
3060 3229 3265 3283 iterum
3302 3226 3567 3280 dixerunt
3600 3239 3617 3279 :

2027 3327 2145 3382 Non
2178 3326 2470 3389 audiemus,
2506 3324 2817 3378 exclamant
2861 3322 2917 3376 in
2967 3322 3117 3391 ipsos
3161 3318 3270 3373 viri
3307 3316 3506 3380 divini,
3559 3321 3624 3370 ut

2029 3419 2209 3473 Lucas
2237 3416 2294 3470 in
2323 3416 2553 3471 Actibus
2585 3420 2777 3468 narrat
2809 3430 2823 3467 :
2873 3432 2890 3463 ι
2927 3411 3227 3482 Oportebat
3256 3409 3494 3479 primum
3521 3422 3619 3461 vo-

2030 3510 2117 3564 bis
2143 3509 2293 3578 loqui
2318 3508 2549 3562 verbum
2579 3505 2699 3570 Dei,
2726 3503 2822 3559 sed
2846 3504 3109 3573 quoniam
3129 3500 3386 3570 indignos
3407 3512 3507 3551 vos
3532 3498 3623 3567 ju-

2031 3601 2231 3657 dicatis
2263 3600 2376 3655 vita
2409 3607 2633 3662 :eterna,
2662 3596 2786 3667 puri
2819 3611 2920 3650 nos
2967 3593 3093 3648 inde
3137 3592 3207 3646 ab
3237 3591 3342 3644 hoc
3376 3598 3625 3661 tempore,

2034 3693 2459 3765 proﬁciscemur
2484 3690 2554 3745 ad
2579 3698 2770 3762 gentes
2798 3699 2844 3743 ο.
2883 3708 2900 3738 3
2935 3688 3150 3742 Rursus
3183 3685 3328 3739 idem
3353 3683 3623 3754 propheta

2034 3787 2279 3860 gentium
2311 3785 2544 3841 salutem
2577 3781 2861 3860 praedicit,
2888 3780 3196 3848 clamatque
3238 3776 3305 3831 ad
3342 3774 3626 3829 universo-

2036 3855 2161 3932 rum
2185 3878 2358 3932 Deum
2391 3892 2405 3929 :
2444 3894 2463 3927 ι
2506 3855 2758 3938 Domine,
2784 3870 3053 3926 fortitudo
3102 3884 3241 3932 mea,
3275 3874 3332 3922 et
3360 3863 3625 3920 auxilium

2037 3975 2311 4033 meum,et
2341 3966 2613 4037 refugium
2637 3980 2840 4029 meum,
2861 3962 2951 4018 die
2979 3962 3271 4016 malorum.
3301 3958 3383 4014 Ad
3405 3970 3460 4013 te
3491 3948 3629 4028 gen-5

2038 4058 2366 4116 tes'venient
2393 4057 2461 4111 ab
2474 4066 2721 4111 extremo
2738 4063 2925 4118 terrm,
2949 4061 3004 4107 et
3028 4052 3249 4106 dicent:
3284 4048 3457 4115 Quam
3484 4042 3626 4101 vana

2037 4160 2093 4206 et
2119 4150 2251 4204 falsa
2272 4147 2641 4218 possederunt
2674 4154 2859 4216 patres
2892 4142 3066 4198 nostri
3096 4142 3260 4203 idola,
3293 4149 3349 4194 et
3376 4154 3485 4192 non
3510 4146 3629 4193 erat

2040 4242 2094 4296 in
2116 4240 2198 4296 eis
2218 4239 2461 4293 utilitas!
2498 4235 2757 4305 Nunquid
2791 4235 2954 4289 faciet
3010 4232 3114 4286 sibi
3152 4229 3256 4300 ipsi
3289 4230 3452 4282 homo
3471 4228 3625 4292 deos,

2039 4340 2097 4386 et
2124 4330 2227 4400 ipsi
2262 4344 2369 4382 non
2413 4336 2541 4382 sunt
2570 4326 2647 4380 dii
2676 4325 2745 4378 f?
2787 4345 2804 4377 3
2838 4323 2982 4391 Quid
3030 4322 3120 4376 his
3174 4320 3359 4374 verbis
3396 4317 3630 4373 manife-

2042 4421 2226 4477 stius?
2274 4420 2556 4488 Tanquam
2604 4430 2845 4487 praasens
2869 4414 3048 4477 enim,
3078 4421 3441 4483 spectansque
3476 4409 3627 4464 orbis

346 4506 570 4579 ἐροῦσιν
589 4522 603 4537 ·
638 4508 723 4570 Ὠς
744 4507 915 4579 ψευδῆ
933 4510 1233 4580 ἐκτήσαντο
1252 4511 1301 4562 οί
1331 4508 1565 4580 πατέρες
1595 4510 1752 4579 ήμῶν
1778 4510 1931 4562 εἴδω-

2045 4521 2314 4568 terrarum
2361 4508 2723 4564 mutationem
2745 4548 2759 4571 ,
2789 4515 2847 4561 ct
2892 4505 3047 4576 quasi
3092 4504 3308 4559 audiret
3337 4511 3526 4574 gentes
3556 4502 3624 4556 ad

371 4601 464 4664 λα,
493 4601 586 4653 καὶ
612 4601 713 4653 οὐκ
735 4596 803 4670 ἦν
836 4603 896 4654 ἐν
924 4602 1107 4665 αὐτοῖς
1126 4600 1382 4670 ὠφέλεια,
1407 4603 1457 4655 εί
1491 4602 1706 4673 ποιήσει
1739 4602 1779 4634 ⁸³
1811 4603 1940 4654 ἐαυ-

370 4692 457 4762 τῷ
509 4692 791 4764 ἄνθρωπος
823 4692 998 4760 θεοὺς,
1056 4692 1149 4746 καὶ
1177 4694 1330 4746 αὐτοὶ
1375 4694 1475 4746 οὐκ
1503 4693 1610 4746 είσὶ
1650 4692 1780 4745 θεοί.
1821 4712 1839 4745 3
1879 4693 1946 4745 Τί

349 4784 561 4839 τούτων
590 4782 987 4855 ἐναργέστερον
1019 4784 1131 4838 τῶν
1157 4785 1418 4856 ῥημάτων
1445 4802 1461 4850 ;
1504 4784 1592 4848 Ὦς
1616 4784 1726 4855 γὰρ
1752 4783 1944 4855 παρὼν

354 4877 385 4930 ό
412 4878 704 4946 προφήτης
731 4876 827 4927 καὶ
848 4874 1121 4945 θεώμενος
1143 4875 1241 4947 τὴν
1281 4876 1381 4945 τής
1410 4876 1737 4946 οἰκουμένης
1770 4892 1941 4945 μετα-

356 4965 543 5036 ϐολὴν,
573 4964 789 5034 καὶτῆς
814 4964 923 5017 τῶν
961 4965 1132 5019 ἐθνῶν
1176 4965 1540 5036 μεταμελείας
1581 4965 1814 5029 ἀκούων,
1841 4965 1936 5021 καὶ

356 5056 769 5127 κωμῳδούντων
799 5055 848 5128 [1
861 5054 954 5127 48]
984 5055 1190 5108 ἐπαΐων
1218 5057 1316 5127 τὴν
1337 5057 1447 5109 τῶν
1487 5054 1724 5110 εἰδώλων
1774 5055 1936 5109 ἀσθέ-

355 5165 532 5211 νειαν,
557 5145 732 5209 οὕτως
757 5144 1061 5217 ξυνέγραψε
1082 5143 1174 5197 τὸν
1202 5145 1473 5217 χρησμόν.
1516 5146 1627 5198 Καὶ
1668 5142 1847 5215 Ἀμὼς
1891 5145 1937 5181 σε

2046 4599 2426 4672 paenitentiam
2485 4612 2818 4661 conversas,
2873 4595 3301 4665 deridentesque
3353 4593 3625 4648 idolorum

2045 4691 2514 4753 imbecillitatem,
2561 4688 2642 4743 sic
2669 4688 2891 4743 oracula
2931 4702 3029 4741 sua
3072 4684 3418 4756 conscripsit.
3463 4684 3632 4738 Amos

2046 4798 2230 4839 autem
2265 4780 2566 4853 propheta,
2594 4796 2706 4835 non
2743 4781 2920 4834 solum
2950 4777 3194 4849 gentium
3237 4776 3490 4837 salutem.
3535 4774 3631 4830 sed

2043 4875 2359 4932 Iudaeorum
2382 4888 2603 4943 quoque
2623 4872 3026 4942 dispersionem
3051 4868 3321 4940 praedicit,
3339 4868 3425 4922 vel
3450 4866 3634 4937 potius

2045 4982 2144 5037 per
2193 4963 2435 5035 linguam
2484 4964 2603 5032 ejus
2631 4962 2749 5032 ipse
2797 4962 3184 5016 universorum
3228 4958 3394 5013 Deus.
3432 4976 3449 5007 ι
3491 4957 3634 5011 Ecce

2045 5056 2213 5119 enim,
2237 5052 2435 5124 inquit,
2462 5052 2628 5123 973
2647 5066 2748 5123 ego
2774 5051 2996 5113 mando,
3027 5058 3084 5104 et
3112 5048 3392 5103 ventilaho
3418 5047 3473 5101 in
3500 5062 3638 5101 cuni

2051 5146 2158 5200 etis
2192 5145 2451 5216 gentibus
2482 5142 2707 5198 domum
2737 5141 2976 5207 lsraelis,
3004 5139 3468 5211 quemadmodum
3497 5152 3633 5192 ven-

436 5305 464 5349 δ
486 5302 692 5360 Jerem.
717 5319 795 5369 In,
830 5302 916 5359 l7.
995 5313 1017 5344 ε
1047 5301 1250 5357 Jerem.
1290 5317 1362 5366 vl,
1390 5299 1576 5356 16-18.
1646 5299 1672 5341 ἀ
1699 5300 1856 5356 Joan.
1887 5316 1996 5365 xw,
2030 5299 2084 5355 6.
2165 5311 2189 5338 θ
2220 5300 2340 5354 Act.
2369 5316 2486 5363 xm,
2516 5298 2605 5352 46.
2684 5294 2703 5334 τ
2733 5295 2940 5352 Jcrem.
2982 5311 3090 5360 xvi,
3115 5268 3311 5359 l9,

1684 5442 1918 5498 VAllIIE
1955 5439 2360 5496 LEUTIONES.

427 5562 474 5595 ”
498 5559 697 5631 Θρόνον
730 5558 896 5615 εει-ω.
914 5560 981 5631 Ἓξ
1018 5557 1238 5631 Κύριος.
1263 5555 1519 5631 Κύριοςήό
1539 5554 1671 5631 Θεῇς
1692 5555 1798 5631 ,Βζ-
1826 5556 1873 5631 δξ
1901 5554 2033 5631 εὑρή

3034 5544 3080 5576 ⁵⁷
3131 5540 3463 5607 κατέστησα.
3503 5538 3640 5591 κιο-

2041 5570 2178 5607 σετε.
2217 5553 2489 5621 εὑρήσητε
2516 5550 2566 5616 (ε
2596 5563 2763 5621 supra
2788 5545 2857 5621 'q)_
2875 5545 2936 5600 Β.

361 5608 572 5686 ἐστασκᾶ
622 5629 761 5697 (sine
794 5628 1010 5697 acc.)B.
1049 5608 1288 5681 ⁸⁵⁸⁵ἐἷτέον.
1340 5608 1587 5697 ἀντεῖπον
1756 5626 1800 5656 ⁸³
1830 5625 1929 5697 Θεό

2139 5622 2254 5697 -βοᾷ
2282 5608 2495 5676 hair/8.
2572 5621 2617 5653 ⁸ο
2649 5608 2998 5697 Κύριέίρχιξς
3018 5630 3141 5697 μου,
3168 5609 3368 5697 βοηθός
3402 5623 3503 5697 μου
3537 5608 3640 5697 καὶ

360 5684 655 5802 καταφυγή
677 5684 986 5769 μου.κύριε
1053 5701 1108 5767 (ἡ
1136 5698 1408 5766 suprasc.)
1472 5695 1623 5765 ἰσχύς
1680 5704 1783 5764 μου
1832 5696 1925 5747 καὶ
1952 5684 2002 5766 ή’
2031 5684 2252 5765 βὸὴσειά
2319 5710 2419 5763 μου
2454 5693 2548 5747 καὶ
2602 5684 2893 5755 καταφυγὴ

363 5772 577 5838 βοηθός.
664 5772 938 5838 ίποιήσει.
976 5771 1172 5838 ποιήσῃ
1201 5770 1260 5823 (Σ.
1339 5769 1381 5800 τί
1430 5768 1626 5836 ’ἁμῶς
1660 5764 1839 5835 ’Λμὼς
1869 5763 1929 5820 Β.

254 5796 265 5805 ι
363 5788 577 5844 ροηυος.

664 5763 938 5841 ι’ποιήσ.ῖὶ.
976 5763 1172 5839 ποιήσῃ
1201 5763 1260 5823 C.
1339 5769 1381 5800 ε’
1430 5763 1626 5836 ’.κμῶςο
1660 5763 1839 5835 ’Λμὼς
1869 5763 1929 5820 Β·

2922 5677 2981 5747 Β,
3019 5677 3134 5735 ’καὶ
3167 5677 3412 5751 βοηθεία
3445 5677 3487 5733 C
3537 5692 3641 5747 pro
