4066 6450
444 362 581 431 1087

1429 375 1914 437 TIIEODORETI
1951 380 2287 442 EPISCOPI
2328 384 2682 447 CYRENSIS

3552 386 3688 454 1088

446 480 635 535 ..ἱίιιῑυτ
679 483 734 536 in
761 483 1070 538 ventilabro
1088 487 1132 538 ε.
1171 506 1188 536 ι
1219 486 1284 539 Et
1315 488 1477 555 paulo
1519 499 1642 558 post
1678 508 1690 543 :
1739 509 1756 542 ι
1794 495 1888 545 Die
1923 491 2015 546 illo

2127 498 2171 548 δὲ
2204 499 2231 550 ὁ
2272 506 2560 571 προφήτης
2599 504 2660 554 οὐ
2694 500 2852 572 μόνον
2894 501 2991 572 τήν
3023 501 3130 556 τῶν
3165 502 3333 557 ὲθνῶν
3388 505 3686 577 σωτηρίαν,

444 573 726 628 suscitabo
761 576 1174 632 tabernaculum
1213 577 1433 633 Davidis
1455 587 1600 649 quod
1633 583 1927 648 ceciderat,
1962 594 2018 638 et

447 661 648 716 iterum
681 665 962 720 aediﬁcabo
987 666 1172 720 ruinas
1188 669 1326 736 ejus,
1354 677 1408 722 et
1432 669 1646 725 defossa
1667 673 1785 742 ejus
1815 674 2016 730 iterum

444 754 746 808 aediﬁcabo.
784 757 852 808 Et
874 757 1158 812 aediﬁcabo
1182 759 1315 812 illud
1343 759 1523 814 denuo
1544 762 1686 816 sicut
1708 763 1902 820 diebus
1923 782 2021 821 an—

448 844 616 912 tiquis
653 861 666 896 :
704 854 767 898 ut
795 856 1044 914 quaerant
1075 862 1161 900 me
1186 848 1392 902 residui
1423 851 1729 917 hominum,
1754 863 1809 908 et
1829 871 2020 912 omnes

445 944 635 1003 gentes
667 951 833 1006 super
858 954 996 1007 quas
1018 949 1270 994 vocatum
1303 951 1386 995 est
1412 959 1611 997 nomen
1645 961 1826 1000 meum
1846 987 1860 1011 ,
1887 948 2022 1003 dicit

445 1027 708 1082 Dominus
741 1030 836 1098 qui
878 1030 1010 1084 facit
1064 1032 1180 1086 haec
1213 1033 1457 1087 omniah.
1501 1054 1518 1084 ι
1577 1034 1632 1089 Si
1662 1038 1787 1105 quis
1836 1047 2018 1093 autem

443 1126 688 1173 vestrum
721 1121 859 1175 scire
894 1121 1190 1186 desiderat,
1224 1124 1498 1192 quodnam
1537 1125 1609 1178 sit
1634 1127 1738 1182 hoc
1763 1129 2020 1184 taberna-

447 1211 654 1273 culum,
674 1212 1139 1268 audiatJoannem
1171 1216 1582 1270 sanctissimum
1617 1218 1696 1273 sic
1713 1219 2017 1276 dicentem:

456 1331 474 1360 ε
512 1314 753 1367 Verbum
780 1331 906 1369 caro
931 1316 1134 1370 factum
1163 1324 1266 1381 est,
1292 1327 1348 1371 et
1379 1318 1646 1373 habitavit
1676 1322 1728 1374 in
1763 1322 1942 1387 nobis,
1967 1333 2024 1379 et

281 1424 286 1431 -
347 1413 350 1416 '
445 1403 689 1458 vidimus
733 1405 961 1474 gloriam
1007 1407 1156 1476 ejus,
1194 1408 1421 1476 gloriam
1448 1410 1463 1428 ‘
1500 1410 1656 1477 quasi
1687 1411 1963 1481 Unigeniti
1991 1430 2022 1468 a

445 1494 628 1560 Patre,
666 1498 884 1565 plenum
914 1499 1102 1567 gratiae
1121 1501 1445 1556 etveritatis
1473 1501 1511 1556 ί.
1552 1523 1568 1553 ι
1605 1503 1814 1558 Clamat
1837 1516 2022 1561 autem

445 1594 502 1639 et
536 1587 842 1656 Sophonias
877 1606 889 1640 :
936 1608 953 1638 ι
983 1590 1284 1657 Apparebit
1333 1592 1597 1647 Dominus
1641 1610 1804 1663 super
1848 1596 2019 1666 ipsos,

445 1686 502 1728 et
544 1677 736 1744 perdet
785 1694 976 1733 omnes
1032 1679 1164 1734 deos
1209 1689 1366 1735 terra:
1398 1700 1410 1734 :
1446 1692 1503 1737 et
1535 1683 1846 1738 adorabunt
1889 1702 2017 1740 eum

446 1768 824 1836 unusquisque
874 1769 942 1822 de
1000 1770 1121 1823 loco
1165 1786 1286 1834 suo,
1329 1767 1385 1826 et
1431 1788 1622 1827 omnes
1658 1774 1848 1829 insulae
1886 1792 2020 1845 gen-

445 1859 582 1912 tium
607 1858 652 1913 ι.
696 1877 714 1911 ι
745 1860 882 1926 Quia
907 1863 1055 1916 enim
1099 1863 1302 1917 Judaais
1343 1866 1605 1933 praecepit
1625 1906 1639 1928 ,
1670 1877 1729 1920 ut
1757 1869 2020 1936 templum

447 1949 591 2017 quod
624 1961 705 2005 est
755 1951 1149 2022 Hierosolymis
1173 1995 1186 2016 ,
1223 1954 1659 2022 frequentarent,
1710 1961 2021 2013 necessario

445 2040 662 2095 addidit
705 2041 821 2096 fore
843 2051 920 2105 ut,
953 2043 1104 2098 falsis
1134 2043 1240 2097 diis
1260 2044 1327 2098 de
1359 2046 1540 2099 medio
1571 2046 1821 2112 sublatis,
1848 2065 2021 2103 unus-

446 2132 679 2200 quisque
703 2148 892 2187 verum
923 2135 1094 2188 Deum
1121 2135 1332 2199 adoret,
1365 2152 1466 2190 nec
1489 2145 1757 2207 cogantur
1791 2140 1858 2194 ad
1884 2141 2021 2195 illud

447 2223 708 2291 templum
734 2209 1050 2286 accurrere,
1073 2239 1198 2276 cum
1225 2224 1278 2278 in
1311 2225 1425 2280 suis
1452 2226 1704 2292 urbibus,
1737 2230 1900 2298 agris,
1928 2246 2024 2300 pa-

445 2312 550 2382 gis,
575 2313 780 2366 cultum
809 2313 918 2366 Deo
947 2314 1244 2370 exhibituri
1275 2318 1403 2371 sint.
1439 2317 1507 2372 Et
1543 2327 1666 2387 post
1696 2335 1868 2389 pauca
1897 2337 2022 2374 rur-

447 2417 544 2456 sus
563 2401 640 2454 ait
674 2424 685 2455 ;
736 2421 754 2452 ‹
793 2402 947 2456 Tunc
981 2415 1296 2458 convertam
1325 2407 1389 2459 ad
1423 2410 1654 2476 populos
1681 2410 1920 2479 linguam
1968 2413 2021 2466 in

447 2493 852 2562 generationem
881 2493 1034 2562 ipsis,
1068 2503 1127 2549 ut
1170 2497 1460 2551 invocetur
1484 2499 1647 2568 977
1682 2517 1881 2555 nomen
1912 2503 2021 2556 Do-

382 2577 386 2581 ’
447 2581 605 2645 mini,
664 2593 723 2636 ut
769 2584 1010 2639 serviant
1051 2585 1103 2639 ei
1148 2587 1250 2640 sub
1289 2589 1477 2658 jugum
1510 2606 1723 2644 unum:
1762 2608 1792 2646 a
1821 2592 2024 2648 ﬁnibus

448 2671 737 2726 ﬂuviorum
765 2673 1056 2744 Ethiopiae
1071 2677 1249 2730 ferent
1268 2679 1399 2731 mihi
1431 2681 1698 2736 sacriﬁcia
1723 2684 1770 2735 κ.
1804 2704 1820 2733 ι
1849 2685 2021 2738 Unam

447 2764 594 2818 enim
623 2766 997 2834 apostolorum
1049 2768 1313 2837 linguam,
1376 2786 1497 2838 quae
1533 2782 1649 2826 erat
1678 2773 1916 2838 Galilaaa,
1969 2776 2021 2828 in

448 2863 770 2907 cunctarum
798 2857 1044 2924 gentium
1067 2857 1282 2926 linguas
1307 2859 1514 2923 divisit,
1549 2863 1915 2932 omnibusque
1932 2865 2026 2918 de-

448 2945 577 2999 tulit
605 2945 903 2999 salutarem
935 2949 1301 3002 vocationem.
1348 2950 1452 3004 Sed
1478 2959 1534 3004 et
1579 2968 1678 3020 per
1708 2953 2024 3008 Zachariam

447 3049 665 3103 quoque
686 3050 924 3090 consona
955 3037 1044 3090 his
1071 3039 1318 3106 praedicit
1345 3059 1356 3092 :
1390 3060 1407 3090 ‹
1444 3041 1796 3096 Βθιοοιατθιιῑ
1821 3045 2022 3111 laetare,

2118 587 2251 642 ἀλλά
2272 593 2364 642 καὶ
2384 593 2480 661 τὴν
2502 594 2610 645 τῶν
2641 593 2904 646 Ἰουδαίων
2928 593 3180 664 προλέγει
3204 596 3523 667 διασπορὰν,
3551 601 3691 666 μᾶλυ

2119 677 2208 730 λον
2234 678 2288 730 δὲ
2339 680 2426 732 διὰ
2471 681 2571 749 τῆς
2623 682 2831 735 ἐκείνου
2887 683 3134 755 γλώττης
3168 685 3374 748 αὐτὸςό
3411 687 3520 740 τῶν
3553 689 3688 742 ὅλων

2122 768 2283 832 Θεός.
2319 789 2338 820 ι
2375 771 2505 824 Ἰδοὺ
2555 773 2683 842 γάρ,
2741 774 2924 842 φησὶν,
2974 773 3084 842 ἐγὼ
3117 775 3452 846 ἐντέλλομαι,
3487 779 3582 830 καὶ
3609 780 3691 831 λι⁴

2120 861 2317 927 κμήσω
2339 860 2396 910 ἐν
2421 861 2554 912 πᾶσι
2584 863 2693 922 τοῖς
2717 861 2894 916 ἔθνεσι
2922 863 3014 915 τὸν
3042 859 3188 915 οἷκον
3225 865 3460 934 Ἰσραὴλ,
3485 867 3545 918 ὃν
3565 869 3691 937 τρό-

2121 966 2220 1001 πον
2259 949 2520 1019 λικμᾶται
2551 952 2608 1002 ἐν
2637 951 2713 1021 τῷ
2736 952 2936 1022 λικμῷ.
2976 973 2994 1005 ι
3025 953 3135 1005 Καὶ
3169 955 3285 1024 μετ’
3315 955 3472 1023 ὀλίγα
3495 973 3507 987 ·
3549 975 3569 1008 ι
3595 957 3691 1011 Ἐν

2120 1042 2186 1108 τῇ
2241 1041 2423 1110 ἡμέρᾳ
2455 1043 2637 1114 ἐκείνῃ
2674 1044 2962 1112 ἀναστήσω
3013 1043 3111 1113 τὴν
3142 1044 3345 1115 σκηνὴν
3391 1047 3554 1100 Δαϐὶδ
3589 1049 3692 1118 τὴν

2122 1132 2508 1182 πεπτωκυῖαν·
2559 1132 2652 1183 καὶ
2700 1132 3106 1203 ἀνοικοδομήσω
3157 1133 3203 1165 ⁸⁸
3247 1135 3316 1186 τά
3360 1137 3693 1189 πεπτωκότα

2122 1220 2313 1288 αὐτῆς,
2345 1221 2441 1272 καὶ
2467 1221 2536 1274 τά
2567 1221 2993 1292 κατεσκαμμένα
3035 1225 3205 1293 αὐτῆς
3245 1225 3654 1298 ἀνοικοδομήσω
3674 1245 3691 1260 ο

2123 1312 2217 1363 καὶ
2245 1311 2652 1382 ἀνοικοδομήσω
2689 1313 2858 1380 αὐτὴν
2881 1311 3064 1375 καθὼς
3093 1315 3149 1365 αἱ
3195 1314 3399 1384 ἡμέραι
3439 1315 3534 1367 τοῦ
3561 1316 3696 1369 αίῶ-

2122 1420 2212 1466 νος
2233 1419 2246 1433 ·
2283 1403 2430 1466 ὅπως
2461 1401 2527 1455 ἂν
2564 1403 2911 1473 ἐκζητήσωσί
2941 1421 3010 1473 με
3037 1405 3086 1456 οί
3116 1406 3434 1459 κατάλοιποι
3463 1406 3571 1459 τῶν
3600 1408 3694 1458 άνο

2124 1493 2354 1564 θρώπων
2384 1496 2477 1547 καὶ
2503 1495 2680 1548 πάντα
2703 1495 2771 1546 τά
2801 1494 2949 1564 ἔθνη,
2992 1495 3076 1562 ἐφ’
3104 1495 3199 1558 οὓς
3231 1497 3586 1568 ἐπικέκληται
3633 1499 3696 1550 τὸ

2122 1584 2293 1654 ὄνομά
2327 1603 2426 1654 μου
2458 1586 2543 1638 ἐπ’
2570 1587 2800 1650 αὐτοὺς,
2845 1585 2994 1654 λέγει
3027 1585 3230 1655 Κύριος
3251 1589 3279 1639 ό
3308 1589 3475 1640 ποιῶν
3520 1589 3696 1640 ταῦτα

2123 1675 2301 1728 πάντα
2337 1674 2399 1727 ⁸³.
2437 1695 2455 1726 ι
2491 1676 2553 1728 Εἰ
2582 1675 2638 1728 δέ
2664 1694 2748 1739 τις
2779 1675 3026 1744 βούλεται
3063 1677 3253 1746 μαθεῖν
3296 1679 3378 1742 τίς
3416 1681 3448 1749 ἡ
3492 1681 3692 1750 σκηνὴ,

2124 1767 2412 1820 ἀκουσάτω
2449 1766 2542 1819 τού
2590 1767 2877 1819 θεσπεσίου
2936 1769 3182 1820 Ἰωάννου
3224 1769 3506 1837 λέγοντος·
3567 1791 3585 1822 ι
3634 1771 3696 1823 Ὁ

2124 1859 2296 1924 Λόγος
2320 1861 2365 1890 ³³
2399 1859 2536 1929 σὰρξ
2566 1860 2800 1927 ἐγένετο,
2839 1861 2931 1913 καὶ
2969 1862 3280 1928 ἐσκήνωσεν
3320 1863 3377 1914 ὲν
3411 1865 3539 1932 ἡμῖν
3573 1866 3694 1933 (καὶ

2121 1949 2468 2019 ἐθεασάμεθα
2511 1949 2608 2020 τὴν
2647 1950 2802 2014 δόξαν
2837 1949 3024 2012 αὑτοῦ,
3059 1951 3216 2015 δόξαν
3246 1951 3322 2014 ὡς
3355 1954 3696 2021 Μονογενοῦς

2122 2041 2273 2108 παρά
2296 2041 2548 2111 Πατρὸς)
2595 2041 2809 2112 πλήρης
2840 2042 3061 2111 χάριτος
3084 2044 3176 2095 καὶ
3204 2043 3477 2112 ἀληθείας.
3515 2064 3530 2094 ι
3585 2047 3697 2116 Βοᾷ

2121 2131 2178 2185 δὲ
2213 2133 2306 2184 καὶ
2357 2131 2615 2200 Σοφονίας
2640 2149 2654 2163 ’
2698 2151 2717 2182 ι
2761 2132 3185 2202 Ἐπιφανήσεται
3237 2135 3442 2202 Κύριος
3483 2137 3571 2187 ἐπ’
3595 2137 3700 2188 αὐ-

2121 2225 2269 2286 τοὺς,
2302 2223 2398 2276 καὶ
2426 2222 2796 2292 ὲξολοθρεύσει
2825 2223 3033 2284 πάντας
3069 2225 3196 2284 τοὺς
3228 2223 3384 2286 θεοὺς
3416 2225 3517 2292 τῆς
3553 2226 3658 2292 γῆς
3680 2242 3695 2255 ·

2122 2314 2218 2366 καὶ
2239 2315 2704 2383 προσκυνήσουσιν
2732 2312 2878 2383 αὐτῷ
2913 2314 3140 2376 ἕκαστος
3174 2315 3238 2365 ὲκ
3272 2314 3363 2366 τοῦ
3403 2315 3570 2366 τόπου
3593 2315 3696 2367 αύ-

2122 2403 2236 2465 τού,
2270 2405 2362 2455 καὶ
2385 2406 2554 2456 πᾶσαι
2587 2406 2641 2456 αἱ
2677 2405 2829 2473 νῆσοι
2878 2402 2987 2456 τῶν
3031 2403 3222 2456 ἐθνῶν.
3259 2423 3278 2454 ι
3337 2405 3553 2474 Ἐπειδὴ
3586 2405 3698 2474 γάρ

2135 2496 2421 2558 Ἰουδαίους
2455 2498 2532 2558 είς
2571 2495 2660 2547 τὸν
2689 2497 2746 2548 ὲν
2778 2494 3169 2564 Ἱεροσολύμοις
3218 2495 3352 2548 νεὼν
3383 2496 3699 2565 ξυντρέχειν

2124 2585 2424 2646 ἐκέλευσεν,
2459 2584 2766 2651 ἀναγκαίως
2801 2584 3180 2653 προστέθεικεν
3206 2583 3302 2648 ὡς,
3336 2584 3444 2637 τῶν
3494 2587 3697 2638 καλου-

2130 2677 2306 2746 μένων
2323 2676 2459 2728 θεῶν
2485 2675 2706 2744 ἀφανῶν
2727 2676 3157 2745 γενομένων,τδν
3187 2677 3438 2744 ἀληθινὸν
3467 2677 3702 2740 ἕκαστος

2126 2766 2488 2836 προσκυνήσει
2521 2765 2671 2824 Θεὸν,
2707 2765 2806 2816 οὐκ
2827 2768 2904 2826 είς
2933 2766 3145 2834 ἐκείνην
3174 2768 3386 2834 τρέχειν
3413 2765 3512 2834 τὴν
3545 2767 3698 2817 πόλιν

2125 2856 2588 2924 ἀναγκαζόμενος,
2639 2853 2754 2906 ἀλλ’
2783 2856 2839 2905 ὲν
2868 2856 2988 2914 ταῖς
3019 2853 3218 2916 οἰκίαις
3263 2854 3306 2884 ⁸⁸
3345 2854 3440 2904 καὶ
3484 2852 3695 2920 πόλεσι,

2126 2950 2221 3002 καὶ
2249 2947 2483 3015 κώμαις,
2509 2946 2602 2998 καὶ
2629 2946 2818 3014 ἀγροῖς
2841 2946 2900 2996 τὸ
2929 2944 3091 3002 σέϐας
3121 2944 3542 3015 προσφέροντες.
3587 2946 3698 2997 Καὶ

2131 3041 2245 3110 μετ’
2268 3038 2425 3105 ὀλίγα
2446 3035 2501 3088 δὲ
2532 3035 2693 3088 πάλιν
2727 3036 2768 3066 ⁸⁷
2805 3035 2970 3104 φησί’
3005 3054 3024 3084 ι
3060 3036 3194 3087 Τότε
3225 3035 3586 3105 μεταστρέψω
3606 3037 3700 3088 ἐπὶ

447 3123 562 3178 tilia
593 3123 794 3180 Sionis.
826 3126 966 3181 Ecce
1009 3143 1110 3198 ego
1143 3130 1340 3195 venio,
1377 3140 1434 3184 et
1471 3132 1732 3188 habitabo
1758 3136 1812 3189 in
1845 3137 2022 3192 medio

2127 3131 2287 3190 λαοὺς
2309 3128 2557 3196 γλῶσσαν
2579 3129 2657 3189 εἰς
2679 3125 2870 3193 γενεάν
2895 3125 3098 3186 αὐτοῖς,
3125 3125 3218 3177 τοῦ
3246 3126 3624 3178 ἐπικαλεῖσθαι
3652 3128 3699 3158 ⁸⁸

450 3213 552 3280 tui,
583 3214 718 3269 dicit
743 3216 1008 3272 Dominus
1036 3237 1049 3272 :
1076 3229 1133 3275 et
1161 3222 1478 3292 confugient
1510 3235 1699 3293 gentes
1740 3227 1924 3281 multa:
1955 3229 2024 3282 ad

449 3306 741 3362 Dominum
772 3309 860 3364 die
886 3311 999 3375 illo,
1023 3319 1079 3366 et
1100 3322 1262 3367 erunt
1291 3314 1392 3382 ipsi
1422 3314 1475 3368 in
1504 3316 1763 3384 populum
1790 3334 1802 3368 :
1835 3326 1892 3372 et
1923 3319 2023 3372 ha—

449 3397 706 3453 bitabunt
731 3400 783 3454 in
808 3402 989 3457 medio
1024 3403 1123 3467 tui,
1163 3415 1217 3458 et
1263 3420 1560 3475 cognosces
1587 3411 1880 3465 Dominum
1904 3427 2023 3466 om-

447 3486 790 3556 nipotentem
824 3490 1039 3545 misisse
1086 3509 1172 3546 me
1207 3494 1274 3547 ad
1304 3503 1355 3548 te
1380 3494 1420 3549 ι.
1455 3516 1472 3545 ι
1507 3498 1565 3550 In
1611 3500 1813 3567 quibus
1840 3502 2026 3556 verbis

450 3577 766 3647 unigenitus
797 3581 892 3634 Dei
927 3582 1130 3649 Filius,
1159 3595 1214 3638 et
1244 3600 1398 3639 suam
1439 3587 1613 3656 ipsius
1645 3598 1700 3642 et
1723 3591 1901 3645 Patris
1933 3609 2024 3648 os—

451 3669 627 3722 tendit
644 3686 954 3739 personam.
981 3674 1178 3728 Missus
1202 3691 1333 3729 vero
1363 3692 1483 3730 esse
1513 3677 1739 3745 dicitur,
1765 3681 1894 3749 quia
1913 3698 2024 3736 non

451 3759 595 3812 sicut
621 3761 784 3826 Deus,
814 3763 908 3817 sed
931 3765 1077 3818 sicut
1109 3763 1275 3817 homo
1303 3767 1574 3835 apparuit.
1611 3769 1881 3824 Convenit
1912 3788 2026 3826 au—

452 3860 563 3905 tem
587 3850 662 3917 ei,
695 3851 750 3905 in
780 3854 1017 3908 adventu
1046 3870 1148 3910 suo
1175 3855 1399 3925 implere
1422 3859 1692 3927 justitiam
1717 3877 1816 3930 pro
1845 3863 2024 3918 homi-

451 3940 640 4007 nibus,
687 3957 750 3997 ac
789 3953 1047 4012 praestare
1093 3945 1462 4002 obedientiam
1487 3991 1501 4015 ,
1542 3967 1704 4020 quam
1741 3960 2026 4024 tantopere

451 4034 874 4090 commendavit.
909 4037 976 4090 Et
1001 4053 1192 4092 rursus
1221 4058 1233 4092 :
1278 4058 1294 4088 ι
1320 4041 1485 4095 Valde
1513 4043 1732 4109 lateris,
1764 4044 1874 4098 ﬁlia
1903 4045 2026 4100 Sio-

451 4123 560 4188 nis,
581 4126 835 4194 prmdica,
859 4143 892 4180 ο
915 4127 1025 4182 ﬁlia
1053 4129 1440 4202 Hierosolyma:
1461 4151 1472 4184 :
1497 4135 1755 4203 quoniam
1773 4151 1901 4190 ecce
1929 4152 2024 4190 rex

453 4223 581 4269 tuus
606 4217 758 4271 venit
785 4218 852 4271 ad
880 4228 931 4272 te
957 4221 1139 4289 justus
1167 4231 1222 4276 et
1245 4222 1480 4278 salvator
1505 4243 1517 4278 :
1545 4226 1660 4294 ipse
1681 4235 2020 4293 mansuetus,

450 4305 650 4363 sedens
700 4324 865 4379 super
891 4311 1201 4380 jumentum
1243 4323 1299 4367 ct
1351 4315 1582 4384 pullum.
1634 4317 1702 4370 Et
1743 4317 2028 4387 disperdet

451 4411 650 4453 currus
679 4415 744 4452 ex
774 4401 1053 4470 Ephraim,
1089 4412 1146 4457 et
1171 4421 1371 4473 equum
1405 4423 1471 4460 ex
1503 4407 1878 4480 Hierosolyma
1911 4429 1923 4464 :
1971 4420 2026 4467 et

2127 3222 2186 3273 τὸ
2217 3221 2385 3287 ὄνομα
2416 3217 2640 3287 Κυρίου,
2670 3217 2763 3269 τοῦ
2789 3215 3054 3268 δουλεύειν
3077 3216 3224 3286 αὐτῷ
3252 3217 3358 3268 ὑπὸ
3388 3216 3550 3284 ζυγὸν
3581 3218 3696 3271 ἓναο

2128 3314 2191 3364 ὲκ
2207 3297 2457 3382 περάτων
2491 3309 2751 3378 ποταμῶν
2783 3307 3064 3370 Αἰθιοπίας
3085 3308 3290 3360 οξσουσι
3325 3308 3518 3371 θυσίας
3547 3326 3692 3378 μοι.»

2128 3403 2238 3472 Τὴν
2272 3403 2379 3472 γὰρ
2409 3401 2472 3470 δὴ
2513 3400 2642 3471 μίαν
2689 3399 2797 3452 τῶν
2847 3398 3157 3451 ἀποστόλων
3215 3399 3460 3466 γλῶτταν
3489 3439 3502 3462 ,
3540 3399 3701 3452 Γαλι-

2127 3495 2283 3548 λαίαν
2314 3495 2357 3525 ⁶⁹
2383 3491 2566 3557 οὖσαν,
2603 3494 2682 3554 εἰς
2705 3491 2802 3554 τὰς
2830 3491 3086 3544 ἁπάντων
3119 3491 3225 3543 τῶν
3265 3490 3434 3544 ἐθνῶν
3459 3491 3700 3560 κατεμέ-

2130 3601 2248 3654 ρισε
2277 3582 2539 3650 γλώττας,
2565 3581 2658 3633 καὶ
2686 3581 3084 3650 προσενήνοχεν
3111 3580 3282 3635 ἅπασι
3309 3581 3409 3649 τὴν
3432 3582 3701 3650 σωτήριον

2128 3675 2319 3745 κλῆσιν
2366 3673 2430 3724 ⁷⁰.
2480 3672 2587 3723 Καὶ
2623 3672 2802 3740 μέντοι
2833 3671 2929 3722 καὶ
2976 3670 3066 3723 διὰ
3115 3669 3384 3740 Ζαχαρίου
3431 3671 3702 3740 σύμφωνα

2131 3763 2513 3836 προθεσπίζειο
2581 3782 2599 3814 ι
2640 3763 2854 3832 Τέρπου
2916 3763 3010 3815 καὶ
3070 3764 3394 3834 εὐφραίνου,
3461 3761 3702 3832 θύγατερ

2129 3854 2265 3908 Σιών
2286 3873 2298 3884 ·
2327 3856 2456 3907 διότι
2493 3856 2600 3907 ἰδοὺ
2628 3855 2739 3920 ἐγὼ
2763 3854 3030 3924 ἔρχομαι,
3067 3856 3160 3908 καὶ
3194 3854 3605 3924 κατασκηνώσω
3642 3856 3702 3907 ὲν

2133 3947 2280 4017 μέσῳ
2332 3963 2460 4008 σου,
2497 3945 2644 4012 λέγει
2690 3945 2924 4015 Κύριος·
2970 3949 3065 4001 καὶ
3105 3948 3534 4017 καταφεύξονται
3571 3948 3702 4015 ἔθνη

2133 4033 2299 4086 πολλά
2328 4033 2420 4086 ἐπὶ
2448 4034 2537 4086 τὸν
2559 4033 2762 4104 Κύριον
2783 4037 2838 4086 ἐν
2865 4039 2930 4105 τῇ
2964 4037 3145 4108 ἡμέρα
3192 4039 3398 4110 ἐκείνῃ,
3436 4039 3532 4091 καὶ
3552 4039 3704 4091 ἔσον-

2131 4143 2221 4178 ται
2241 4125 2388 4196 αὐτῷ
2416 4127 2495 4187 εἰς
2518 4125 2643 4178 λαόν
2669 4142 2682 4156 ’
2707 4127 2800 4178 καὶ⁷
2818 4127 3232 4198 κατασκηνώσει
3255 4130 3296 4160 τί
3323 4131 3382 4181 ἐν
3409 4131 3558 4199 μέσῳ
3584 4146 3700 4182 σου·

2132 4220 2227 4272 καὶ
2259 4217 2442 4289 γνώσῃ
2483 4219 2563 4271 ὅτι
2596 4217 2800 4287 Κύριος
2847 4221 3240 4291 παντοκράτωρ
3271 4221 3582 4273 ἀπέσταλκέ
3633 4239 3702 4290 με

2129 4310 2266 4380 πρὸς
2305 4311 2384 4363 σέ.
2423 4329 2442 4362 ι
2495 4310 2581 4362 Ἐν
2604 4311 2659 4362 δὲ
2684 4311 2893 4373 τούτοις
2921 4313 2950 4363 ὁ
2979 4311 3287 4382 Μονογενὴς
3315 4313 3410 4364 καὶ
3427 4313 3488 4364 τὸ
3503 4315 3705 4364 οἰκεῖον

2131 4402 2226 4454 καὶ
2263 4400 2323 4452 τὸ
2343 4399 2436 4452 τοῦ
2465 4401 2675 4471 Πατρὸς
2705 4401 2946 4468 ἐπέδειξε
2971 4403 3012 4432 ⁷³
3042 4403 3350 4474 πρόσωπον.
3401 4404 3704 4457 Ἀπεστάλ-

451 4487 810 4557 dissipabitur
838 4507 999 4545 arcus
1019 4492 1170 4556 belli,
1207 4503 1262 4548 et
1285 4495 1580 4548 multitudo
1611 4498 1761 4566 pacis
1789 4514 1856 4552 ex
1890 4516 2022 4569 gen-

2132 4493 2220 4545 θαι
2247 4493 2303 4546 δὲ
2323 4494 2564 4563 εἴρηκεν,
2601 4494 2904 4565 ἐπειδήπερ
2937 4496 3036 4564 οὐχ
3066 4493 3142 4557 ὼς
3172 4494 3334 4557 Θεὸς,
3365 4495 3480 4548 ἀλλ’
3505 4495 3582 4558 ὡς
3611 4497 3706 4550 άν-

453 4581 618 4635 tibus.
650 4582 718 4634 Et
747 4581 1123 4637 dominabitur
1161 4601 1190 4639 a
1219 4589 1355 4641 mari
1385 4605 1558 4657 usque
1600 4590 1666 4643 ad
1703 4606 1873 4655 mare,
1912 4600 1970 4644 et
1993 4607 2024 4644 a

452 4671 776 4726 ﬂuminibus
803 4689 976 4742 usque
1007 4675 1075 4728 ad
1107 4675 1242 4732 ﬁnes
1268 4689 1424 4735 terra:
1447 4694 1506 4735 ω.
1549 4702 1565 4732 ›
1601 4682 1667 4737 Et
1693 4699 1886 4736 rursus
1902 4691 2026 4751 post

455 4763 626 4817 multa
653 4781 666 4816 :
705 4783 722 4813 ι
770 4764 838 4817 Ει
863 4765 1124 4821 Dominus
1156 4771 1260 4823 erit
1301 4788 1395 4826 rex
1423 4790 1588 4841 super
1619 4773 1785 4842 978
1806 4789 2024 4826 omnem

455 4863 680 4906 terram.
709 4854 807 4907 Die
838 4854 930 4909 illo
967 4857 1072 4911 erit
1102 4859 1366 4915 Dominus
1394 4877 1556 4925 unus,
1582 4871 1637 4925 et
1667 4876 1866 4914 nomen
1906 4861 2028 4928 ejus

458 4960 648 5008 unum,
670 4945 919 5002 ambiens
944 4949 999 5002 in
1020 4950 1254 5006 circuitu
1283 4969 1498 5006 omnem
1523 4961 1726 5006 terram
1757 4960 1813 5006 et
1841 4952 2030 5005 deser-

455 5043 573 5088 tum
593 5043 640 5088 υ.
672 5055 690 5086 ι
728 5035 995 5102 Quidnam
1020 5040 1240 5105 horum,
1267 5058 1300 5095 ο
1318 5043 1442 5105 viri,
1472 5051 1557 5096 est
1589 5042 1906 5105 obscurum,
1934 5049 2030 5095 aut

455 5126 804 5179 enarratione
851 5126 1100 5199 indiget?
1149 5128 1259 5184 Aut
1285 5137 1297 5149 '
1333 5130 1466 5200 quid
1494 5145 1685 5184 eorum
1720 5145 1842 5199 quae
1882 5130 2029 5186 dicta

530 5282 556 5320 ⁸
583 5281 749 5335 Amos
768 5297 839 5343 ιιι,
862 5281 913 5334 9.
991 5283 1017 5320 ιι
1046 5281 1180 5335 ibid.
1207 5282 1292 5347 11,
1321 5284 1406 5336 12.
1485 5282 1499 5323 ί
1531 5282 1688 5337 Joan.
1730 5299 1768 5346 ι,
1797 5284 1881 5336 Η.

459 5350 547 5403 11.
619 5363 658 5390 ιιι
691 5352 916 5405 Zachar.
943 5367 1017 5414 ιιι,
1055 5352 1108 5415 9,
1140 5351 1225 5405 10.
1305 5363 1331 5389 η
1356 5352 1584 5406 Zachar.
1615 5369 1721 5418 xw,
1752 5355 1805 5418 9,
1836 5354 1923 5407 10.

1963 5283 1976 5334 i
2014 5284 2259 5356 Sophon.
2284 5303 2342 5352 ιι,
2372 5286 2459 5340 Η.

2132 4587 2348 4656 Θρωπος
2367 4587 2609 4655 ἐπεφάνη
2629 4602 2642 4616 ·
2668 4587 2870 4656 πρέπει
2905 4587 2963 4640 δὲ
2992 4587 3138 4657 αὐτῷ
3162 4587 3259 4657 τὴν
3301 4588 3440 4659 ὑπὲρ
3481 4587 3588 4639 τῶν
3613 4588 3707 4639 άν-

2134 4677 2365 4746 θρώπων
2385 4678 2730 4747 δικαιοσύνην
2754 4680 3182 4749 παραγενομένῳ
3207 4679 3512 4748 πληρῶσαι,
3535 4678 3707 4742 δεῖξαι

2132 4768 2312 4821 δὲκαὶ
2363 4770 2410 4801 ⁷³
2445 4769 2542 4838 τὴν
2586 4771 2987 4841 ἐπαινουμένην
3037 4773 3306 4841 ὑπακοήν.
3358 4773 3469 4823 Καὶ
3512 4770 3703 4823 πάλιν·

2140 4875 2160 4908 ι
2194 4858 2366 4926 Χαῖρε
2404 4860 2639 4928 σφόδρα,
2681 4861 2916 4930 θύγατερ
2964 4860 3134 4913 Σιών’
3164 4862 3423 4930 κήρυσσε,
3468 4858 3710 4928 θύγατερ

2146 4951 2527 5021 Ἰερουσαλήμ·
2575 4952 2704 5005 Ἰδοὺ
2745 4954 2772 5004 ό
2808 4953 3055 5021 βασιλεύς
3110 4971 3203 5006 σου
3244 4954 3463 5023 ἔρχεταί
3505 4970 3588 5006 σοι
3641 4953 3713 5004 δί-

2133 5057 2289 5104 καιος
2314 5041 2409 5092 καὶ
2441 5041 2657 5106 σώζων
2692 5042 2853 5105 αὐτὸς
2884 5041 3088 5112 πραῢς,
3122 5043 3216 5096 καὶ
3248 5040 3593 5111 ἐπιϐεϐηκὼς
3615 5040 3716 5093 ἐπὶ

2137 5133 2430 5200 ὑποζύγιον
2456 5135 2550 5187 καὶ
2583 5134 2761 5186 πῶλον
2778 5134 2917 5187 νέον.
2952 5135 3064 5187 Καὶ⁸
3085 5133 3458 5203 ὲξολοθρεύσει
3485 5134 3716 5204 ἅρματα

2541 5284 2566 5324 ¹ι
2593 5286 2838 5357 Saphon.
2863 5303 2942 5354 ιιι,
2974 5287 3030 5354 9,
3065 5287 3150 5341 10.
3238 5286 3508 5341 lZachar.
3533 5301 3592 5352 ιι,
3621 5285 3712 5355 10,

1762 5444 1995 5499 VARUE
2033 5443 2428 5499 LECTIONES.

530 5558 704 5630 “xui.
729 5557 1611 5630 ἀνοικοδομήσω-ἀνοικοδομήσω
1636 5575 1744 5614 om.
1763 5561 1861 5622 Va,
1892 5559 2298 5630 ἀνοικοδομήσω
2335 5575 2443 5625 om.
2475 5560 2517 5613 B
2563 5569 2686 5629 post
2714 5576 2937 5630 κατεσκ.
2960 5559 3146 5629 αὐτῆς.

462 5628 508 5660 ⁸⁵
533 5630 562 5680 ὁ
585 5628 758 5692 λόγος.
791 5629 884 5680 καὶ
919 5631 945 5681 ὁ
978 5630 1026 5681 λ.
1063 5628 1124 5681 Β.
1198 5629 1243 5660 ⁸⁸
1268 5629 1494 5690 οἰκείαις
1518 5628 1684 5683 Sirm.

463 5697 762 5750 καλεῖσθαι.
800 5699 1174 5751 ἐπικαλεῖσθαι
1221 5700 1428 5761 πάντας
1461 5699 1519 5751 Β.

473 5767 877 5833 κατασκηνώσω
905 5769 960 5820 Β.

1779 5630 1821 5660 ⁶⁷
1848 5619 1904 5682 δὲ
1927 5629 2086 5682 πάλιν
2116 5619 2223 5682 ὀπί.
2267 5629 2326 5682 Β.
2357 5619 2494 5683 Tum
2532 5619 2622 5682 ἐπὶ
2653 5629 2877 5690 πολλοὺς
2915 5630 2974 5692 Β,
3011 5619 3100 5680 ἐπί
3131 5630 3294 5694 λαοὺς
3319 5630 3418 5684 Vb.

1616 5701 1660 5731 ⁶⁹
1696 5699 2001 5752 Γαλιλαίαν.
2050 5699 2330 5752 Γαλιλαῖον
2358 5700 2416 5753 Β.

1068 5769 1109 5798 ⁷²
1138 5768 1398 5833 ἐπέδειξε.
1452 5769 1614 5832 ἔδειξε
1648 5770 1705 5821 Β.
1763 5769 2069 5840 ἐπεδείξατο
2097 5769 2156 5821 C.

3225 5558 3269 5590 ⁶⁴
3305 5560 3481 5612 πάντα
3507 5575 3618 5613 om.
3653 5565 3711 5617 Β.

3225 5631 3294 5681 νὺς
3319 5630 3418 5681 Vb.
3511 5632 3555 5662 ⁸⁸
3593 5632 3711 5681 ἐπι-

3622 5647 3714 5681 πι-ι

2515 5700 2558 5732 ’⁷ο
2589 5699 2798 5767 κλῆσιν.
2831 5699 3004 5770 κλίσιν
3037 5699 3093 5753 Β.
3203 5701 3240 5729 ⁷¹
3279 5699 3709 5770 κατασκηνώσει.

2259 5771 2302 5799 ⁷³
2325 5769 2376 5820 δὲ
2403 5770 2512 5822 καί.
2559 5770 2612 5821 δὲ
2643 5785 2751 5821 om.
2793 5769 2850 5832 Ῑί,
2874 5769 2934 5823 C.
