4066 6416
299 359 432 427 1089

963 361 1404 426 ΘΒᾸΕΟΑΒΙῘΜ
1441 359 1742 420 AFFECT.
1783 360 1887 420 CUI

1987 360 2218 419 TIO.-
2242 362 2314 422 Χ.
2360 362 2457 422 DE
2488 360 2881 424 ORACULIS.

3420 359 3554 433 1090

292 476 354 544 ἐξ
386 474 537 549 [M9]
578 475 835 547 Ἐφραίμ,
873 476 970 529 καὶ
1021 477 1190 530 ἵππον
1232 475 1292 539 ἐξ
1329 475 1724 545 Ἰερουσαλήμ·
1771 472 1868 525 καὶ

1987 483 2119 538 sunt,
2153 489 2336 529 rerum
2371 476 2615 545 ipsarum
2656 475 3035 533 testimonium
3065 490 3173 531 non
3210 476 3414 532 habet?
3438 477 3553 531 Au-

295 565 811 637 ἐξολοθρευθήσεται
835 566 987 630 τόξον
1015 565 1338 635 πολεμικόν·
1368 566 1465 618 καὶ
1494 565 1700 635 πλῆθος
1729 563 1874 634 εἰρή-

295 674 394 728 νης
423 658 481 724 ἐξ
509 657 677 710 ἐθνῶν
700 672 717 688 ο
749 659 842 711 καὶ
876 657 1137 726 κατάρξει
1166 657 1275 710 ἀπὸ
1319 657 1596 724 θαλάσσης
1644 655 1747 717 ἕως
1776 654 1873 707 θα-

295 751 525 818 λάσσης,
548 749 643 802 καὶ
660 749 767 802 ἀπὸ
796 748 1057 817 ποταμῶν
1085 747 1189 810 ἐως
1222 746 1515 800 διεκϐολῶν
1547 747 1671 817 γῆς.
1711 764 1729 796 ι
1760 744 1871 797 Καὶ

301 842 442 911 μετὰ
472 840 726 893 πλεῖστα·
765 857 784 890 ι
819 840 925 892 Καὶ
963 838 1113 892 ἔσται
1156 838 1359 910 Κύριος
1401 839 1481 900 εἰς
1524 837 1745 907 βασιλέα
1775 836 1869 890 ἐπὶ

276 934 481 987 --πᾶσαν
511 931 610 1001 τὴν
637 932 776 1000 γῆνο
811 930 870 982 ἐν
915 932 984 1001 τῇ
1018 930 1204 1001 ἡμέρᾳ
1236 929 1422 1001 ἐκείνῃ
1469 927 1619 981 ἔσται
1666 927 1871 998 Κύριος

298 1021 404 1087 εἰς,
433 1022 615 1077 καὶτὸ
647 1022 818 1091 ὄνομα
845 1020 1007 1075 αὐτοῦ
1041 1020 1128 1083 ἐν,
1163 1018 1393 1087 κυκλοῦν
1438 1019 1615 1073 πᾶσαν
1637 1018 1734 1088 τὴν
1767 1017 1872 1086 γῆν

299 1117 396 1168 καί
422 1115 522 1184 τὴν
551 1114 781 1184 ἔρημον.
810 1131 829 1163 ι
852 1113 918 1165 Τί
938 1111 1165 1176 τούτων,
1189 1104 1461 1180 ὧάνδρες.
1491 1106 1875 1177 ξυνεσκιασμέο

301 1226 416 1271 νον,
444 1208 477 1278 ἢ
512 1209 811 1277 σαφηνείας
837 1194 1120 1275 δεόμενονς
1146 1203 1301 1257 Ποῖον
1333 1203 1389 1255 δὲ
1420 1201 1463 1232 ⁷⁸
1497 1201 1605 1253 τῶν
1653 1199 1873 1270 εἰρημέ-

302 1314 412 1350 νων
434 1297 536 1350 οὐκ
559 1295 671 1365 ἔχει
700 1294 908 1364 βοῶσαν
924 1294 1033 1346 τῶν
1049 1291 1389 1363 πραγμάτων
1417 1289 1515 1359 τὴν
1544 1288 1871 1360 μαρτυρίαν;

1979 562 2092 617 dite
2122 579 2222 633 per
2245 581 2307 619 os
2349 566 2630 622 Malachize
2672 567 2844 621 Deum
2882 568 3267 621 universorum
3292 568 3553 622 lsraelcm

1978 655 2399 723 compellantem
2432 675 2444 711 :
2487 677 2505 709 ι
2535 658 2656 713 Non
2683 667 2768 715 est
2808 660 2942 713 mihi
2989 660 3244 714 voluntas
3275 659 3331 713 in
3372 660 3552 723 vobis,

1978 744 2117 800 dicit
2137 746 2405 802 Dominus
2439 765 2453 800 :
2481 765 2660 818 neque
2690 750 3021 805 sacrificium
3055 750 3317 820 accipiam
3346 750 3413 805 de
3434 765 3554 804 ma-

1976 836 2143 891 nibus
2183 838 2401 903 vestris,
2450 840 2710 908 quoniam
2749 842 2819 895 ab
2860 850 2986 895 ortu
3028 840 3159 895 solis
3195 850 3250 895 et
3282 856 3455 910 usque
3486 840 3555 895 ad

1977 944 2253 992 occasum,
2271 943 2471 985 nomen
2498 946 2681 985 meum
2698 931 3055 1002 gloriﬁcatum
3088 942 3172 987 est
3190 932 3245 985 in
3269 931 3552 1003 gentibus:

1978 1026 2036 1072 et
2064 1019 2119 1072 in
2149 1021 2301 1073 omni
2336 1020 2457 1075 loco
2494 1021 2791 1092 thymiama
2819 1021 3049 1076 otl'ertur
3080 1022 3288 1075 nomini
3324 1037 3468 1085 meo,
3498 1029 3557 1074 et

1979 1108 2310 1163 sacriﬁcium
2340 1125 2562 1179 purum,
2594 1111 2724 1180 quia
2757 1126 3013 1176 magnum
3040 1118 3125 1164 est
3148 1126 3346 1164 nomen
3370 1124 3555 1163 meum

1982 1195 2039 1250 in
2070 1198 2348 1267 gentibus,
2374 1197 2510 1253 dicit
2538 1198 2804 1253 Dominus
2826 1197 3175 1266 omnipotens
3209 1210 3342 1250 :vos
3373 1203 3555 1248 autem

1980 1287 2282 1357 profanatis
2318 1288 2454 1343 illud
2476 1297 2524 1342 °.
2565 1308 2583 1339 ι

317 1384 611 1437 Ἀκούσατε
636 1384 701 1453 δὴ
735 1383 829 1436 καὶ
855 1383 943 1436 διὰ
971 1382 1252 1452 Μαλαχίου
1290 1379 1385 1433 τοῦ
1427 1379 1562 1433 Θεοῦ
1594 1379 1704 1431 τῶν
1736 1378 1871 1431 ὅλων
1908 1379 2048 1447 πρὸς
2087 1377 2177 1431 τὸν
2200 1379 2419 1450 Ἰσραὴλ
2469 1379 2752 1446 λέγοντος·
2785 1397 2803 1430 ι
2842 1378 2956 1431 Οὐκ
3023 1376 3139 1430 ἐστι
3209 1393 3299 1446 μοι
3348 1375 3561 1446 θέλημα

307 1477 365 1529 ἐν
384 1477 537 1545 ὑμῖν,
590 1474 735 1543 λέγει
778 1474 981 1539 Κύριος
1000 1489 1015 1505 ο
1052 1474 1147 1527 καὶ
1197 1471 1388 1525 θυσίαν
1449 1471 1512 1524 οὐ
1578 1469 1942 1541 προσδέξομαι
1982 1469 2047 1522 ἐκ
2074 1469 2183 1522 τῶν
2203 1470 2403 1540 χειρῶν
2422 1469 2576 1541 ὑμῶν
2595 1486 2610 1502 ·
2638 1469 2774 1524 διότι
2795 1468 2902 1521 ἀπὸ
2923 1467 3198 1523 ἀνατολῶν
3213 1467 3361 1537 ἡλίου
3388 1470 3483 1521 καὶ
3512 1467 3556 1501 ’³

303 1569 414 1632 ἕως
444 1568 662 1638 δυσμῶν
686 1568 747 1621 τὸ
767 1569 937 1638 ὄνομά
968 1586 1067 1637 μου
1095 1566 1408 1633 δεδόξασται
1437 1566 1495 1618 ἐν
1524 1568 1636 1629 τοῖς
1675 1563 1873 1617 ἔθνεσι·
1918 1564 2012 1615 καὶ
2045 1565 2103 1615 ἐν
2134 1566 2298 1617 παντὶ
2361 1566 2508 1635 τόπῳ
2571 1564 2821 1635 θυμίαμα
2853 1562 3219 1634 προσφέρεται
3238 1562 3314 1629 τῷ
3335 1562 3560 1633 ὀνόματί

309 1678 438 1729 μου,
460 1663 554 1714 καὶ
584 1661 742 1713 ουσία
768 1661 1004 1730 καθαρά.
1064 1660 1207 1713 Διότι
1244 1658 1387 1730 μέγα
1426 1658 1487 1711 τὺ
1552 1655 1723 1727 δνομά
1759 1671 1862 1726 μου
1894 1655 1951 1708 ὲν
1987 1658 2102 1720 τοῖς
2124 1655 2321 1719 ἔθνεσι,
2342 1656 2493 1724 λέγει
2518 1657 2722 1727 Κύριος
2752 1654 3144 1725 παντοκράτωρ
3164 1667 3180 1681 ⁸
3201 1653 3359 1724 ὑμεῖς
3384 1653 3440 1706 δὲ
3472 1653 3559 1722 βε-

306 1751 541 1821 ϐηλοῦτε
568 1752 718 1805 αὐτό.
757 1771 776 1802 ι

382 1844 685 1915 Παράθετε,
712 1837 757 1896 ὦ
777 1842 1016 1912 φιλότης,
1043 1841 1171 1905 τούς
1186 1840 1380 1907 λόγους
1430 1843 1542 1899 τοῖς
1566 1838 1874 1910 πράγμασι,

2054 1834 2400 1905 Comparate,
2453 1836 2635 1902 amici,
2687 1836 2855 1891 verba
2889 1836 3005 1893 haec
3031 1851 3157 1891 cum
3202 1836 3369 1892 rebus
3402 1835 3556 1905 ipsis,

306 1933 406 1986 καὶ
438 1926 658 2000 βλέπετε
684 1930 777 1983 καὶ
803 1919 899 2002 τὴν
926 1931 1193 1983 Ἰουδαίων
1208 1929 1535 1997 ἀντιλογίαν,
1556 1928 1650 1982 καί
1661 1926 1758 1997 τὴν
1776 1925 1885 1979 τῶν

306 2023 480 2077 ἐθνῶν
493 2022 802 2093 ὁμολογίαν,
821 2023 913 2075 καὶ
928 2020 1025 2094 τὴν
1046 2022 1293 2092 πανταχῆ
1309 2021 1355 2052 ⁷⁸
1371 2021 1472 2090 γῆς
1500 2020 1593 2073 καὶ
1618 2018 1886 2086 θαλάττης

305 2116 767 2187 προσφερομένην
802 2113 993 2167 θυσίαν
1032 2112 1109 2182 τῷ
1143 2112 1262 2184 Θεῷ
1294 2111 1403 2165 τῶν
1424 2110 1562 2164 ὅλων
1588 2124 1886 2178 πνευματι-

304 2207 436 2279 κὴν,
470 2207 564 2259 καὶ
600 2206 878 2276 ὐμνήσατε
916 2203 1008 2258 τὸν
1040 2203 1211 2268 οὕτως
1245 2202 1488 2273 ἐναργῶς
1539 2200 1711 2255 ταῦτα
1754 2217 1889 2272 προ-

305 2295 764 2366 αγορεύσανταττ.
786 2293 847 2345 ΕΞ
867 2293 922 2345 δὲ
950 2291 1224 2362 βούλεσθε.
1238 2291 1330 2344 καὶ
1346 2289 1435 2343 τοῦ
1451 2289 1666 2358 Δανιὴλ,
1683 2290 1776 2341 καὶ
1790 2287 1885 2341 τοῦ

318 2385 583 2455 Ἰεζεκιὴλ
599 2383 801 2438 καὶτοῦ
832 2383 984 2456 ’ἰωὴλ
999 2382 1069 2443 ⁷⁸,
1087 2390 1179 2435 καὶ
1195 2382 1453 2451 Μιχαίου,
1473 2381 1566 2433 καὶ
1588 2378 1770 2447 Ὠσηὲ,
1790 2378 1886 2431 καὶ

302 2475 416 2529 τῶν
431 2476 605 2530 ἄλλων
624 2472 916 2545 προφητῶν
929 2474 1202 2539 ἁνάγνωτε
1216 2472 1283 2524 τὰ
1304 2469 1664 2539 θεσπίσματα.
1682 2468 1887 2520 Ἀπαν-

305 2584 402 2630 τες
431 2566 538 2638 γάρ
559 2583 641 2619 τοι
657 2565 703 2597 ’⁷⁸
719 2567 816 2636 τὴν
831 2564 938 2616 τῶν
956 2561 1124 2616 ἐθνῶν
1144 2561 1569 2632 προαγορεύουσι
1590 2557 1883 2628 σωτηρίαν.

307 2658 425 2709 Καὶ
446 2657 629 2726 μέντοι
646 2657 740 2708 καὶ
758 2654 894 2724 πρὸς
908 2654 997 2706 τὸν
1011 2651 1354 2722 πατριάρχην
1382 2648 1634 2718 Ἀδραὰμ
1650 2648 1746 2711 τὰς
1764 2664 1888 2701 συν-

310 2747 487 2816 θήκας
533 2745 879 2816 ποιούμενος,
926 2743 1016 2797 διὰ
1039 2742 1133 2796 τοῦ
1167 2744 1475 2813 σπέρματος
1500 2739 1663 2793 αὐτοῦ
1696 2738 1887 2792 δώσειν

308 2842 425 2901 τοῖς
452 2837 627 2890 ἔθνεσι
660 2838 759 2907 τὴν
788 2835 1034 2902 εὐλογίαν
1087 2833 1371 2903 ὑπέσχετο.
1413 2853 1431 2883 ι
1461 2831 1750 2899 Εὐλογήσω
1779 2829 1887 2899 γάρ

310 2948 398 2995 σε,
430 2929 557 2999 ἔφη,
577 2927 672 3009 ita}
692 2926 978 2998 μεγαλυνῶ
1006 2927 1066 2979 τὸ
1088 2926 1258 2995 ὄνομά
1282 2941 1397 2987 σου,
1430 2924 1524 2976 καὶ
1548 2922 1646 2993 ἔσῃ
1668 2922 1890 2991 εὐλογη-

316 3022 508 3092 μένος,
540 3020 634 3074 καὶ
668 3020 950 3089 εὐλογήσω
988 3019 1112 3081 τοὺς
1138 3015 1488 3082 εὐλογοῦντάς
1524 3030 1604 3075 σε,
1641 3014 1735 3065 καὶ
1766 3011 1889 3074 τοὺς

310 3110 741 3181 καταρωμένους
758 3125 817 3161 σε
839 3108 1241 3178 καταράσομαι,
1259 3105 1353 3157 καὶ
1374 3101 1889 3173 ἐνευλογηθήσονται

311 3202 375 3254 ἐν
415 3166 494 3269 τῶ
537 3166 813 3267 σπέρματί
856 3212 950 3248 σου
982 3166 1158 3248 πάντα
1182 3166 1250 3247 τά
1278 3191 1404 3262 ἔθνη
1429 3192 1526 3261 τῆς
1724 3209 1743 3241 ι
1781 3192 1890 3244 Καὶ
1916 3166 1962 3228 c

311 3289 524 3357 ταύτην
546 3287 695 3358 αὐτῷ
725 3289 821 3357 οὐχ
847 3284 1015 3352 ἅπαξ,
1044 3283 1178 3338 ἀλλὰ
1207 3284 1300 3337 καὶ
1333 3284 1379 3314 ⁸ο
1409 3282 1664 3344 πολλάκις
1692 3281 1889 3334 δέδωκε

310 3381 421 3454 τὴν
463 3379 782 3450 ὑπόσχεσιν·
818 3378 911 3430 καὶ
949 3376 1129 3446 μέντοι
1156 3375 1247 3428 καὶ
1278 3374 1416 3443 μετὰ
1442 3374 1540 3451 τὴν
1570 3374 1776 3425 ἐκείνου
1801 3390 1891 3425 τε·

310 3472 512 3544 λευτὴν
695 3471 741 3503 ⁸¹
768 3470 937 3541 αὐτὴν
965 3467 1203 3539 παρέσχε
1231 3468 1325 3520 καὶ
1347 3465 1425 3535 τῷ
1465 3464 1649 3517 Ἰσαὰκ
1677 3462 1821 3536 ιτὴν]
1843 3463 1890 3496 ⁸³

313 3565 591 3633 εὐλογίαν,
622 3564 717 3618 καὶ
748 3563 864 3634 μετ’
892 3563 1095 3615 ἐκεῖνον
1125 3558 1285 3615 πάλιν
1315 3558 1393 3628 τῷ
1425 3554 1636 3611 Ἰακώϐ.
1672 3556 1893 3629 Ἐπειδὴ

312 3657 431 3728 γὰρ
466 3658 531 3710 ἐκ
565 3653 661 3708 τοῦ
714 3654 1029 3725 σπέρματος
1077 3649 1173 3704 τοῦ
1219 3649 1268 3682 ⁸³
1298 3649 1522 3703 ἐκείνων
1548 3647 1648 3720 τὴν
1677 3646 1892 3719 ἀνθρω-

314 3749 482 3803 πείαν
524 3745 685 3815 φύσιν
736 3743 916 3797 λαϐὼν
961 3746 990 3797 ὁ
1033 3740 1342 3812 Μονογενὴς
1379 3740 1795 3821 ἐνηνθρώπηρεν
1822 3740 1890 3805 αδ,

317 3838 750 3910 ἐνανθρωπήσας
799 3835 879 3899 δὲ,
937 3836 1034 3888 καὶ
1066 3833 1167 3903 τὴν
1203 3832 1513 3902 οἰκονομίαν
1541 3831 1786 3898 τελέσας,
1814 3834 1894 3897 εἰς

316 3929 538 3985 ἃπασαν
580 3927 681 3999 τὴν
739 3923 1062 3994 οἰκουμένην
1088 3924 1214 3987 τοὺς
1244 3922 1572 3985 ἀποστόλους
1596 3920 1892 3992 ἐξέπεμψε,

317 4022 418 4074 καὶ
466 4015 765 4091 προσέταξε
826 4013 1164 4086 μαθητεῦσαι
1222 4013 1398 4066 πάντα
1440 4011 1510 4063 τά
1560 4010 1686 4082 ἔθνη
1727 4012 1808 4074 εἰς
1834 4011 1895 4065 τὸ

317 4113 493 4183 ὄνομα
544 4110 639 4164 τοῦ
687 4108 921 4179 Πατρὸς,
974 4106 1069 4161 καὶ
1121 4104 1214 4160 τοῦ
1255 4104 1408 4168 Tia-3,
1464 4104 1557 4158 καὶ
1597 4105 1693 4158 τοῦ
1738 4104 1891 4173 ἁγίου

318 4203 660 4274 Πνεύματος,
684 4199 1050 4254 πιστεύσαντα
1077 4198 1135 4251 δὲ
1161 4196 1230 4249 τὰ
1262 4196 1388 4267 ἐθνη
1426 4195 1475 4228 ⁸⁸
1502 4197 1599 4265 τῆς
1623 4194 1894 4267 σωτηρίας

321 4294 635 4348 ἀπέλαυσεν
690 4292 775 4325 ἠ’
826 4289 1053 4353 εἰκότως
1103 4288 1211 4360 ἄρα
1245 4288 1339 4340 καὶ
1388 4284 1467 4358 τῷ
1509 4284 1758 4357 Ἀϐραὰμ
1800 4286 1895 4340 καὶ

317 4386 437 4447 τοῖς
489 4381 551 4447 ἐξ
607 4380 818 4435 ἐκείνου
853 4378 1013 4449 τήνδε
1070 4375 1312 4447 παρέσχε
1363 4375 1461 4445 τὴν
1492 4374 1763 4443 εὐλογίαν,
1802 4375 1895 4428 καὶ

1986 1944 2049 1983 ac
2074 1928 2257 1983 videte
2297 1936 2412 1983 tum
2444 1930 2753 1985 Judaeorum
2793 1931 3190 1986 contumaciam
3216 1971 3230 1995 ,
3262 1940 3377 1985 tum
3422 1947 3557 2001 gen-

1988 2019 2123 2073 tium
2160 2020 2560 2075 confessionem
2587 2061 2601 2084 ,
2649 2030 2705 2075 et
2734 2021 2938 2091 ubique
2964 2030 3108 2077 terra
3141 2036 3204 2076 ac
3225 2022 3364 2075 mari
3393 2021 3558 2092 spiri-

1989 2112 2133 2166 tuale
2174 2112 2405 2166 Domino
2441 2111 2770 2167 sacrificium
2797 2113 2984 2167 offerri
3014 2131 3026 2165 :
3054 2128 3290 2183 eumque
3316 2112 3557 2174 laudate,

1987 2205 2082 2273 qui
2101 2204 2216 2258 haec
2243 2211 2352 2257 tam
2398 2203 2686 2259 manifeste
2728 2204 2999 2275 pradixit.
3031 2203 3186 2270 Quod
3210 2205 3254 2258 si
3287 2204 3474 2270 vultis,
3504 2213 3562 2259 et

1987 2294 2249 2357 Danielis,
2303 2304 2360 2347 et
2409 2293 2736 2358 Ezechielis,
2791 2302 2847 2347 et
2878 2293 3068 2357 Joelis,
3119 2302 3173 2347 et
3209 2292 3463 2358 Mic’hzeat,
3506 2304 3565 2347 et

1987 2382 2161 2448 Oscae,
2188 2383 2534 2452 aliorumque
2566 2384 2961 2454 prophetarum
2990 2383 3231 2438 oraculis
3260 2385 3448 2438 oculos
3469 2384 3565 2438 ad-

1987 2483 2221 2529 movetc.
2255 2474 2459 2529 Omnes
2487 2475 2635 2530 enim
2666 2474 2911 2545 gentium
2959 2474 3186 2529 salutem
3235 2475 3559 2544 prmdicunt.

1987 2562 2132 2629 Quin
2173 2571 2228 2618 et
2258 2564 2404 2619 Deus
2445 2563 2561 2633 ipse
2592 2579 2716 2618 cum
2747 2563 3059 2633 patriarcha
3084 2563 3395 2619 Abrahamo
3428 2564 3564 2620 insi-

1987 2669 2092 2725 gne
2130 2654 2263 2709 illud
2292 2654 2472 2711 foedus
2495 2657 2832 2724 percutiens,
2865 2655 2921 2709 in
2946 2656 3152 2711 semine
3198 2656 3372 2725 ipsius
3398 2656 3561 2711 datu-

1989 2760 2114 2799 rum
2157 2760 2215 2800 se
2247 2746 2506 2815 gentibus
2532 2745 2975 2801 benedictionem
3016 2747 3286 2817 promisit.
3332 2765 3350 2797 ι
3382 2746 3561 2802 Bene-

1988 2835 2166 2891 dicam
2200 2835 2320 2900 tibi,
2351 2836 2550 2905 inquit,
2581 2843 2637 2890 et
2678 2822 3039 2907 magniﬁcabo
3069 2853 3270 2892 nomen
3303 2846 3477 2902 tuum,
3505 2847 3565 2894 et

1988 2930 2101 2984 eris
2130 2929 2454 2984 benedictus
2482 2948 2496 2983 :
2525 2938 2582 2983 et
2606 2928 2929 2984 benedicam
2961 2930 3421 2985 benedicentihus
3438 2930 3561 2996 tibi,

1988 3019 2155 3090 979
2184 3029 2240 3074 et
2268 3019 2723 3074 maledicentibus
2760 3020 2860 3075 tibi
2895 3022 3217 3078 maledicam
3252 3040 3268 3077 :
3307 3033 3364 3078 et
3393 3023 3566 3080 bene-

1991 3111 2246 3167 dicentur
2293 3110 2348 3165 in
2402 3112 2611 3166 semine
2657 3121 2755 3167 tuo
2808 3129 3001 3169 omnes
3033 3123 3225 3186 gentes
3277 3125 3437 3172 terra!
3454 3126 3502 3171 ιι.
3538 3135 3559 3170 ι

1990 3199 2181 3270 Neque
2214 3199 2317 3255 hoc
2350 3200 2428 3254 illi
2462 3202 2652 3268 semel,
2682 3218 2874 3258 verum
2900 3204 3101 3275 sapius
3127 3216 3212 3262 est
3243 3207 3520 3278 pollicitus
3548 3224 3564 3261 :

1992 3292 2126 3359 quin
2153 3299 2207 3345 et
2246 3305 2313 3345 co
2342 3290 2621 3355 defuncto,
2652 3295 2900 3350 eamdem
2941 3296 3385 3352 benedictionem
3414 3296 3570 3352 dedit

1991 3378 2105 3433 ﬁlio
2127 3380 2246 3449 ejus
2274 3380 2475 3442 Isaaco,
2507 3389 2739 3450 postque
2778 3384 2933 3438 illum
2978 3385 3201 3441 Iacobo.
3237 3385 3376 3453 Quia
3416 3388 3567 3443 enim

1991 3486 2059 3525 ex
2088 3472 2304 3527 illorum
2341 3474 2551 3527 semine
2585 3485 2863 3546 assumpta
2899 3486 3094 3531 natura
3133 3478 3393 3544 humana,
3433 3480 3567 3536 [lni—

1992 3564 2211 3633 gcnitus
2233 3564 2409 3620 factus
2442 3576 2528 3621 est
2554 3567 2741 3633 homo,
2782 3576 2839 3622 et
2870 3568 3035 3621 homo
3058 3568 3254 3634 factus,
3280 3568 3567 3639 dispensa-

1994 3656 2253 3727 tioneque
2290 3658 2533 3728 perfecta
2553 3700 2568 3725 ,
2605 3659 2662 3713 in
2690 3674 2908 3714 omnem
2938 3668 3141 3713 terram
3167 3660 3443 3729 apostolos
3468 3660 3572 3714 mi-

1994 3748 2088 3814 sit,
2133 3757 2432 3820 gentesque
2476 3767 2669 3807 omnes
2702 3751 2903 3806 docere
2948 3753 3229 3823 praecepit,
3275 3759 3331 3807 et
3381 3752 3486 3807 illa:
3515 3752 3571 3808 in

1993 3838 2217 3893 nomine
2249 3837 2450 3903 Patris,
2487 3849 2543 3893 et
2573 3839 2718 3904 Filii,
2739 3846 2796 3893 et
2819 3837 3059 3909 Spiritus
3080 3838 3254 3894 sancti
3283 3838 3575 3893 credentes

1996 3927 2227 3982 salutem
2261 3936 2570 3984 consecuta:
2600 3937 2729 3984 sunt
2751 3939 2800 3994 «ι,
2824 3930 2949 4001 jure
2983 3937 3039 3983 et
3072 3928 3385 3983 Abrahamo
3416 3936 3473 3981 et
3506 3927 3576 3981 iis

1996 4015 2093 4086 qui
2127 4031 2195 4071 ex
2226 4030 2294 4069 eo
2332 4026 2463 4070 sunt
2490 4017 2693 4087 geniti,
2738 4017 3178 4072 benedictionem
3230 4017 3372 4071 hanc
3400 4015 3572 4079 dedit,

1994 4106 2314 4175 eisdemque
2340 4105 2525 4161 futura
2552 4107 2947 4177 praenuntians,
2973 4106 3403 4177 magnitudinem
3437 4122 3577 4176 pra:-

1993 4198 2090 4252 mii
2116 4197 2379 4262 ostendit,
2407 4212 2472 4251 ac
2499 4197 2814 4252 divinorum
2846 4197 3144 4252 verborum
3166 4197 3445 4251 auditores
3477 4212 3573 4267 spe

1994 4289 2191 4344 salutis
2228 4288 2547 4343 consolatus
2583 4297 2687 4343 est.
2733 4288 2970 4343 Iacobus
3021 4288 3186 4342 etiam
3239 4286 3571 4357 patriarcha,

1996 4395 2122 4435 cum
2163 4379 2317 4435 Iudae
2355 4379 2726 4443 benediceret,
2757 4379 2826 4434 de
2875 4377 3120 4449 gentium
3183 4377 3575 4432 benedictione

320 4474 509 4536 αὐτοῖς
550 4470 687 4542 δῆλα
728 4469 898 4523 ποιῶν
931 4467 998 4521 τὰ
1030 4466 1283 4537 ἐσόμενα,
1311 4467 1406 4520 καὶ
1440 4469 1502 4519 τὸ
1541 4465 1773 4535 μέγεθος
1800 4464 1887 4518 τοῦ

1997 4484 2109 4523 non
2140 4469 2329 4523 tacuit.
2368 4488 2387 4520 ι
2413 4469 2533 4524 Non
2562 4467 2783 4524 deﬁciet
2809 4468 2979 4533 enim,
3013 4468 3230 4539 inquit,
3277 4469 3534 4539 princeps
3554 4518 3572 4546 ,

319 4562 503 4632 γέρως
550 4560 597 4593 ⁸⁷
648 4558 975 4620 ἐπιδεικνὺς,
1015 4554 1256 4617 καὶτοὺς
1284 4554 1393 4607 τῶν
1419 4554 1579 4607 θείων
1607 4555 1887 4617 ἐπαΐοντας

1996 4573 2065 4613 ex
2100 4557 2259 4624 Juda,
2289 4573 2469 4628 neque
2515 4557 2627 4612 dux
2672 4557 2741 4613 de
2781 4557 3083 4613 femoribus
3111 4558 3252 4627 ejus,
3285 4557 3461 4611 donec
3485 4572 3580 4611 ve-

321 4651 521 4721 λογίων
564 4652 632 4721 τῇ
683 4649 785 4720 τῆς
841 4648 1117 4719 σωτηρίας
1169 4646 1347 4699 ἐλπίδι
1386 4645 1752 4717 ψυχαγωγῶν.
1786 4647 1887 4700 Kal

1991 4649 2110 4705 niat
2144 4649 2236 4703 ille
2262 4649 2354 4703 cui
2379 4649 2681 4718 repositum
2710 4656 2817 4713 est,
2848 4657 2905 4703 et
2943 4647 3060 4719 ipse
3088 4649 3421 4718 exspectatio
3442 4664 3578 4720 gen-

335 4737 532 4794 ’ῐακὼὸ
570 4738 627 4792 δὲ
676 4741 706 4793 ὁ
754 4738 1117 4809 πατριάρχης,
1148 4735 1385 4804 εὐλογῶν
1415 4737 1507 4791 τὸν
1539 4736 1759 4803 Ἰούδαν,
1797 4737 1887 4808 τῆς

1992 4743 2131 4797 tium
2154 4751 2198 4796 τ.
2232 4760 2251 4793 ι
2303 4741 2528 4813 Magnus
2573 4741 2705 4797 item
2758 4741 2932 4797 Moses
2983 4742 3251 4796 exclamat
3290 4758 3304 4796 :
3344 4761 3362 4792 ι
3402 4740 3580 4797 Laeta—

319 4831 434 4886 τῶν
473 4829 645 4884 ἐθνῶν
682 4830 1088 4901 ἐμνημόνευσεν
1127 4829 1394 4898 εὐλογίας.
1457 4847 1476 4880 ι
1505 4829 1621 4883 Οὐκ
1660 4828 1887 4899 ἐκλείψει

2004 4838 2163 4901 mini,
2209 4843 2420 4906 gentes,
2450 4849 2577 4891 cum
2625 4835 2830 4905 populo
2878 4835 2999 4906 ejus
3022 4841 3069 4887 ⁸.
3117 4853 3136 4887 ι
3172 4833 3352 4889 Divini
3397 4845 3581 4889 autem

320 4922 454 4993 γάρ,
508 4920 633 4992 ἔφη,
688 4922 872 4990 ἄρχων
915 4919 977 4985 ἐξ
1025 4919 1214 4986 Ἰούδα,
1255 4921 1347 4974 καὶ
1377 4918 1678 4991 ἡγούμενος
1702 4921 1766 4973 ἐκ
1787 4919 1887 4974 τῶι.

2009 4924 2240 4980 Davidis
2265 4924 2585 4994 prophetias
2607 4925 2734 4994 quis
2760 4924 2919 4980 facile
2947 4924 3203 4995 colliget?
3247 4924 3307 4979 In
3339 4925 3583 4980 secundo

323 5011 522 5084 μηρῶν
544 5010 732 5078 αὐτοῦ,
764 5011 868 5075 ἕως
892 5009 957 5066 ἂν
981 5009 1112 5081 ἔλθῃ
1138 5004 1182 5078 ᾧ
1208 5011 1256 5043 ⁸⁸
1278 5011 1563 5066 ἀπόκειται
1583 5028 1596 5043 ο
1623 5013 1715 5066 καὶ
1736 5012 1887 5076 αὐτὸς

2004 5016 2153 5071 enim
2182 5017 2395 5086 psalmo
2418 5015 2717 5071 Salvatoris
2742 5015 2919 5071 nostri
2942 5030 3229 5086 personam
3255 5031 3579 5072 assumens:

324 5104 627 5177 προσδοκία
687 5101 880 5157 ἐθνῶν.
920 5121 938 5152 ι
996 5103 1104 5155 Καὶ
1167 5102 1196 5155 ὀ
1245 5101 1489 5172 Μωῦσῆς
1545 5102 1604 5156 δὲ
1653 5105 1682 5157 ὁ
1726 5104 1887 5173 μέγας

2012 5125 2033 5158 ‹
2061 5107 2345 5173 Dominus,
2370 5107 2571 5177 inquit,
2606 5106 2746 5160 dixit
2771 5105 2840 5161 ad
2869 5121 2957 5161 me
2989 5123 3003 5160 :
3036 5105 3204 5177 980
3230 5108 3403 5164 Filius
3427 5118 3584 5163 meus

396 5266 425 5295 ο
444 5257 674 5313 Malach.
704 5274 744 5324 ι,
780 5256 965 5312 10-12.
1042 5265 1069 5305 Ρ
1099 5254 1235 5310 Gen.
1260 5270 1356 5319 xu,
1393 5254 1448 5320 2,
1477 5254 1531 5309 5.
1608 5266 1635 5305 (ι
1661 5256 1852 5311 Matth.

1987 5274 2075 5325 ιιι,
2112 5259 2198 5314 l9.
2276 5269 2299 5298 τ
2501 5274 2645 5325 nix,
2680 5257 2767 5312 10.
2844 5269 2866 5298 ·
2897 5258 3057 5314 Deut.
3090 5276 3257 5326 nm,
3279 5261 3368 5315 43.

1635 5366 1874 5423 ΥΑΒΙᾹΞ
1913 5368 2320 5427 LECTIONES.
2360 5422 2365 5429 .

406 5461 453 5495 ’⁸
482 5464 635 5563 πρίον
664 5462 723 5515 δὲ
740 5462 839 5533 τὴν
866 5462 1170 5563 μέρτυρίαν
1200 5462 1300 5515 οὐκ
1333 5460 1446 5531 ἔχει
1469 5461 1577 5516 τῶν
1606 5462 1910 5533 εἰρημένων
1937 5464 2147 5536 βοῶσαν
2391 5462 2783 5563 ’[Ικαέτέθνεσὲ]
2805 5479 2940 5563 3ωὸ
2957 5466 3018 5521 C.
3039 5466 3121 5563 "7‘
3143 5466 3236 5518 καὶ
3265 5464 3363 5536 τὴν
3388 5482 3593 5563 ξαντα-

362 5535 395 5563 2
453 5549 522 5563 υ-
578 5533 853 5563 --.ιι--..λε
1092 5532 1570 5563 ’λλ-υληεΑι--..ι-ι-
1626 5533 2140 5563 ,ληρ-υ--..ι-........
2432 5554 2472 5563 .,.
2591 5535 2681 5563 ..π
2760 5554 2801 5563 .,_
3104 5540 3210 5563 ..ιη
3229 5551 3306 5563 ι.-.
3362 5550 3396 5563 ,ι
3443 5552 3468 5563 ι.
3492 5540 3548 5563 -.ν

322 5535 421 5607 χῆ.
453 5533 550 5586 καὶ
578 5532 958 5614 πανταχοῦήιξζ
1025 5532 1069 5563 ⁷⁷
1092 5532 1595 5603 προαγορεύσαντα.
1626 5532 2142 5606 προσαγορεύσαντα
2167 5535 2230 5590 C.
2308 5535 2351 5567 ⁷³
2391 5532 2563 5605 Ἶωήλ.
2591 5535 2683 5589 τοῦ
2719 5532 2870 5605 Ἰῶὴλ
2899 5532 2958 5588 Β.
3035 5536 3081 5617 ζ’
3104 5540 3210 5605 γάρ
3229 5532 3330 5587 τοις
3362 5535 3469 5637 γὰρ
3489 5540 3583 5594 οὗ.

322 5601 524 5678 1:0er
548 5616 579 5656 ο
616 5618 760 5678 conj.
792 5611 854 5678 ut
879 5603 1116 5678 Videtur.
1149 5675 1160 5678 _
1217 5602 1263 5634 ⁸⁸
1279 5602 1440 5678 una.
1477 5600 1614 5678 ἀλλά
1643 5601 1820 5678 καὶΑΒ.
1890 5605 1938 5678 ξι
1965 5604 2107 5678 [τὴν]
2127 5620 2237 5678 om.
2261 5602 2331 5678 (ἲς.
2354 5605 2444 5678 __"
2473 5602 2592 5678 [τὴν
2622 5621 2732 5678 om.
2755 5605 2819 5678 Β.
2894 5603 3062 5678 “ﬁcu
3088 5620 3202 5678 om.
3227 5605 3287 5659 Β.
3364 5676 3373 5678 _
3433 5609 3587 5678 ἐνην-

327 5657 1120 5775 θρώιτξησξνὲδέὗανθρωπίλσαςί
1137 5670 1567 5775 ἐνηνθρὼπισεζν
1594 5657 2005 5775 ἐζὲιιθρὶοτιξίσοῖς
2136 5657 2327 5729 "ii-Ei
2351 5657 2730 5747 ἔθνηΙι
2753 5657 2849 5733 ἦ.
2925 5657 3324 5745 ’θάπήλαυᾶιδ
3351 5657 3587 5732 ἀπέλᾶυ-

330 5741 427 5795 σὲν
450 5741 512 5805 Β,
548 5741 849 5795 ὰπόλαυσεν
868 5743 931 5797 ν.
981 5741 1025 5775 ⁸⁸⁷
1049 5741 1244 5813 γέρως.
1276 5743 1463 5812 γήρως
1487 5741 1555 5797 (ἶ.
1630 5742 1675 5774 ⁸⁸
1700 5741 1815 5811 qua
1843 5742 1903 5797 Β.
