4066 6422
491 343 622 410 1091

1488 335 1973 395 THEODORETI
2017 334 2353 393 EPISCOPI
2393 334 2758 392 CYRENSIS

3611 326 3747 390 1092

488 471 549 509 es
575 463 633 507 tu
663 471 676 506 :
709 467 809 522 ego
849 451 1013 506 hodie
1052 448 1215 520 genui
1257 456 1328 500 te.
1360 447 1582 501 Postula
1615 462 1646 500 a
1696 462 1804 507 me,
1837 456 1894 499 et
1935 445 2077 499 dabo

2188 447 2280 516 βοᾷ
2321 447 2389 478 “-
2429 464 2446 495 ι
2479 445 2853 515 Εὐφράνθητε,
2892 442 3038 513 ἔθνη,
3076 442 3212 513 μετὰ
3231 441 3325 495 τοῦ
3346 441 3473 495 λαοῦ
3505 441 3689 495 αὑτοῦ.
3720 461 3738 493 ο

495 542 592 599 tibi
611 553 800 615 gentes
825 541 1194 596 hazreditatem
1219 548 1387 602 tuam,
1413 545 1470 591 et
1499 536 1901 606 possessionem
1928 547 2074 590 tuam

493 640 759 692 terminos
805 645 959 690 terrae
985 639 1024 688 ι.
1053 655 1070 685 ›
1109 635 1165 687 1η
1196 643 1390 688 octavo
1415 641 1599 687 autem
1633 633 1842 702 psalmo
1869 650 1880 683 :
1919 651 1936 682 ‹
1967 632 2075 684 Do—

490 713 664 788 mine,
693 725 888 792 inquit,
924 723 1188 776 Dominus
1212 730 1419 785 noster,
1445 737 1607 790 quam
1644 721 1968 775 admirabile
1994 729 2078 775 est

495 831 694 869 nomen
731 824 883 866 tuum
911 813 966 864 in
991 812 1248 865 universa
1273 811 1452 864 terra!
1480 810 1738 879 quoniam
1763 809 1974 864 elevata
1992 818 2076 864 est

495 900 897 970 magniﬁcentia
923 907 1014 952 tua
1047 915 1213 966 super
1237 898 1446 952 caelos?
1479 899 1557 951 Ex
1581 913 1676 952 ore
1708 897 2001 950 infantium
2023 906 2079 951 et

492 990 813 1045 lactentium
859 989 1136 1058 perfecisti
1190 987 1480 1043 laudem".
1517 1007 1533 1037 ι
1582 988 1845 1042 Videmus
1894 995 2076 1041 autem

495 1083 612 1136 haec
659 1081 906 1150 quotidie
959 1079 1203 1133 evenire.
1263 1079 1322 1132 In
1378 1095 1524 1133 nono
1563 1080 1727 1134 etiam
1772 1080 1980 1148 psalmo
2010 1079 2078 1132 ad

494 1173 669 1225 Deum
702 1173 1088 1225 universorum
1139 1187 1476 1224 conversus:
1518 1191 1534 1220 ι
1564 1172 1840 1241 Exsurge,
1877 1171 2074 1240 inquit,

496 1263 748 1324 Domine,
783 1278 892 1315 non
919 1263 1258 1315 confortetur
1305 1261 1468 1314 homo
1501 1279 1513 1314 :
1546 1262 1864 1332 judicentur
1891 1271 2080 1331 gentes

500 1354 556 1406 in
597 1362 893 1422 cormpectu
927 1361 1038 1405 tuo.
1091 1352 1401 1418 Constitue,
1437 1353 2078 1423 Deiliine,legislatorcn1

501 1459 669 1511 super
699 1459 814 1506 eos,
850 1450 909 1494 ut
947 1443 1122 1495 sciant
1151 1452 1344 1511 gentes
1374 1441 1521 1510 quod
1552 1443 1803 1498 homines
1843 1443 1954 1497 sint
1971 1453 2016 1497 τ.
2055 1463 2072 1494 ι

500 1533 638 1598 Quia
665 1534 809 1586 enim
843 1533 908 1586 ad
942 1543 1242 1586 extremam
1285 1534 1552 1587 insaniam
1575 1550 1746 1605 genus
1779 1534 2081 1587 humanum

502 1624 785 1692 delapsum
821 1633 959 1686 erat,
1003 1624 1321 1678 necessario
1361 1624 1496 1692 petit
1537 1625 1654 1679 dari
1690 1625 1772 1678 eis
1804 1625 2080 1695 legislato-

502 1730 641 1775 rem,
670 1723 729 1766 ut
757 1723 1007 1766 naturam
1039 1729 1194 1767 suam
1230 1724 1546 1783 agnoscant,
1573 1724 1629 1767 et
1663 1715 1867 1768 ferinos
1899 1729 2080 1768 mores

2180 539 2222 589 Τ
2226 538 2290 600 ὰς
2328 537 2383 590 δὲ
2416 536 2510 590 τοῦ
2541 537 2825 588 θεσπεσίου
2867 535 3030 587 Δαϐιδ
3071 535 3402 606 προφητείας
3434 535 3518 596 τίς
3550 535 3615 586 ἂν
3647 537 3745 603 ῥα-

2177 627 2301 690 δίως
2350 625 2685 691 συλλέξειενς
2737 627 2827 680 Ἑν
2869 627 2966 696 μὲν
3008 626 3116 694 γὰρ
3154 625 3230 694 τῷ
3264 625 3500 693 δευτέρῳ
3523 623 3742 693 ψαλμῷ,

2176 717 2343 770 τὸτοῦ
2362 719 2610 786 Σωτῆρος
2635 719 2680 748 ⁹⁰
2704 717 2991 788 πρόσωπον
3017 715 3339 785 ἀνειληφὼς,
3363 716 3542 783 λέγει·
3583 735 3600 765 ι
3634 715 3744 768 Κύ-

2179 821 2292 874 ριος
2341 801 2460 856 εἷπε
2510 805 2644 874 πρός
2688 822 2784 875 με·
2831 805 2956 866 Υἱός
3009 822 3109 874 μου
3148 800 3198 856 εἷ
3233 804 3329 856 σύ·
3361 803 3471 872 ἐγὼ
3510 805 3745 874 σήμερον

2181 895 2486 964 γεγέννηκά
2505 911 2562 948 σε
2587 912 2600 924 ·
2631 897 2850 964 αἴτησαι
2867 897 2997 965 παρ’
3024 894 3181 964 ἐμοῦ,
3214 895 3307 948 xui.
3338 894 3492 948 δώσω
3515 913 3595 947 σοι
3618 895 3744 965 ἔθνη

2178 987 2278 1055 τὴν
2317 985 2678 1056 κληρονομίαν
2735 1003 2850 1049 σου,
2903 987 2997 1040 xui.
3048 987 3146 1057 τὴν
3193 987 3520 1056 κατάσχεσίν
3557 1004 3648 1039 σου
3678 987 3748 1039 τὰ

2181 1079 2393 1146 πέρατα
2423 1079 2522 1147 τῆς
2551 1079 2670 1146 γῆς.
2701 1097 2718 1126 ι
2779 1077 2866 1128 Ἑν
2898 1076 2954 1128 δὲ
2989 1075 3066 1146 τῷ
3103 1077 3272 1146 ὀγδόῳ
3322 1077 3454 1146 φησί
3480 1094 3492 1108 ·
3532 1096 3548 1126 ι
3574 1075 3747 1146 Κύριε

2181 1170 2208 1221 6
2235 1170 2364 1233 Θεὸς
2388 1172 2428 1202 θ’
2459 1170 2632 1240 ἡμῶν,
2665 1169 2739 1228 ὡς
2769 1168 3162 1237 θαυμαστοψτὸ
3190 1168 3358 1237 ὄνομά
3391 1185 3481 1221 σου
3513 1169 3568 1219 ὲν
3599 1169 3751 1238 πάσῃ

2179 1263 2245 1329 τῇ
2306 1261 2410 1331 γῇῐ
2455 1261 2538 1312 ὅτι
2580 1259 2792 1329 ἐπήρθη
2829 1261 2861 1329 ἡ
2901 1259 3345 1328 μεγαλοπρέπεια
3379 1276 3470 1311 σου
3493 1258 3751 1327 ὑπεράνω

2179 1349 2287 1401 τῶν
2317 1348 2580 1418 οὐρανῶν.
2625 1349 2716 1400 Ἐκ
2755 1347 3021 1416 στόματος
3049 1347 3258 1417 νηπίων
3289 1347 3382 1399 xui.
3411 1345 3751 1416 θηλαζόντων

2181 1439 2491 1509 κατηρτίσω
2520 1434 2690 1492 αἶνον.
2725 1457 2743 1488 ι
2796 1437 3044 1506 Ὀρῶμεν
3074 1437 3129 1489 δὲ
3155 1437 3328 1489 ταῦτα
3363 1435 3483 1488 καθ’
3514 1436 3752 1504 ἑκάστην

2180 1532 2497 1600 τελούμενα.
2562 1531 2651 1582 Ἐν
2706 1529 2763 1582 δὲ
2815 1528 2891 1598 τῷ
2924 1527 3131 1597 ἐννὰτῳ
3169 1527 3330 1580 πάλιν
3357 1527 3490 1595 πρὸς
3518 1527 3608 1579 τον
3643 1527 3752 1579 τῶν

2181 1623 2316 1675 ὃλιιν
2352 1623 2499 1688 λέγει
2521 1620 2682 1673 Θεόν’
2725 1638 2742 1670 ι
2784 1618 3090 1689 Ἀνάστηθι,
3119 1617 3322 1686 Κύριε·
3356 1618 3429 1688 μὴ
3459 1617 3755 1687 κραταιού-

2183 1713 2294 1765 σθω
2345 1711 2625 1781 ἄνθρωπος
2657 1725 2671 1739 °
2742 1709 3084 1780 κριθήτωσαν
3131 1708 3257 1779 έθνη
3303 1707 3530 1760 ἐνώπιόν
3551 1726 3645 1761 σου
3666 1711 3753 1740 η·

500 1800 799 1868 deponant.
830 1801 886 1852 In
910 1800 1171 1856 vicesimo
1203 1810 1382 1855 autem
1407 1803 1585 1871 primo
1618 1821 1630 1855 :
1665 1823 1682 1852 ‹
1715 1803 2086 1857 lieminiseen-

2188 1805 2552 1872 κατάστησον,
2593 1801 2791 1872 Κύριε,
2823 1800 3119 1877 νομοθέτην
3154 1801 3238 1852 ἐπ’
3270 1801 3466 1862 αὐτούς
3487 1816 3500 1829 ·
3533 1798 3758 1868 γνώτω-

503 1897 592 1941 ιιιι·
625 1899 679 1942 et
729 1900 1120 1944 convertentur
1169 1893 1236 1945 ad
1298 1893 1587 1946 Dominum
1646 1893 1890 1947 universi
1950 1891 2086 1948 ﬁnes

501 1988 604 2033 teri
634 1997 680 2044 δ,
712 1991 767 2034 et
805 1980 1114 2035 adorabunt
1143 1982 1196 2034 in
1227 1990 1524 2051 conspectu
1551 1983 1671 2052 ejus
1705 1983 1973 2037 universa:
2008 1983 2087 2037 fa-

501 2070 666 2124 milia:
715 2071 956 2140 gentium
991 2072 1290 2140 :quoniam
1343 2073 1559 2126 Domini
1612 2080 1697 2126 est
1749 2089 1998 2142 regnum,
2031 2081 2088 2127 et

502 2160 619 2229 ipse
670 2160 985 2214 dominatur
1037 2163 1292 2231 gentibus
1320 2177 1363 2216 ι.
1401 2184 1417 2214 ι
1476 2165 1542 2217 Et
1592 2180 1712 2233 qua:
1758 2172 2085 2232 sequuntur,

501 2251 754 2305 eamdem
802 2251 1011 2306 habent
1049 2254 1404 2307 sententiam.
1430 2255 1686 2308 Praedicit
1715 2256 1862 2308 enim
1894 2273 1924 2309 e
1955 2271 2088 2309 cun-

503 2341 608 2394 ctis
634 2342 890 2410 gentibus
913 2357 1118 2396 novum
1162 2345 1443 2413 populum.
1490 2345 1664 2413 Atque
1693 2355 1751 2399 ut
1775 2346 1929 2414 plura
1952 2362 2089 2414 pra:-
2113 2391 2118 2393 .

503 2434 837 2498 termittam,
884 2435 1072 2489 audite
1107 2436 1285 2504 ipsum
1339 2436 1393 2489 in
1427 2437 1844 2505 quadragesimo
1889 2445 2087 2505 quarto

493 2521 712 2591 psalmo
747 2525 827 2579 sic
857 2525 1130 2580 dicentem
1167 2547 1180 2580 :
1224 2546 1241 2577 ι
1272 2527 1376 2580 Pro
1402 2527 1654 2595 patribus
1687 2527 1796 2580 tuis
1827 2527 2089 2581 natisunt

505 2613 602 2667 tibi
645 2613 740 2667 ﬁlii
775 2633 788 2667 :
818 2615 1123 2671 constitues
1175 2632 1271 2671 eos
1325 2617 1603 2686 principes
1656 2633 1822 2686 super
1868 2633 2086 2671 onmem

504 2713 707 2757 terram
735 2713 783 2758 γ.
818 2724 836 2756 ι
871 2705 1004 2759 Item
1028 2705 1084 2759 in
1108 2707 1528 2777 quadragesimo
1548 2708 1776 2777 quinto:
1815 2727 1832 2757 ‹
1863 2709 2086 2773 Vacate,

501 2803 558 2847 et
603 2796 936 2865 cognoscite,
993 2797 1139 2865 quod
1187 2813 1289 2867 ego
1324 2797 1426 2851 sim
1473 2797 1664 2851 Deus:
1705 2797 1988 2851 exaltahor
2033 2799 2089 2852 in

501 2885 779 2954 gentibus,
804 2892 860 2938 et
893 2886 1175 2938 exaltabor
1206 2886 1259 2938 in
1302 2896 1446 2939 terra
1475 2896 1518 2939 ι.
1561 2905 1577 2936 ι
1632 2886 1734 2951 Qui
1767 2903 1896 2940 vero
1925 2888 2084 2956 981

503 2975 653 3029 hunc
685 2976 934 3044 sequitur
964 2976 1224 3046 psalmus,
1257 2978 1488 3030 salutem
1519 2980 1762 3048 gentium
1785 2988 1933 3033 totus
1955 2995 2092 3048 pra:-

505 3062 640 3116 dicit
672 3081 684 3115 :
724 3082 741 3113 (
774 3062 976 3117 Omnes
1006 3072 1230 3133 gentes,
1265 3065 1462 3134 inquit,
1519 3068 1763 3136 plaudite
1812 3069 2085 3132 manibus,

501 3155 734 3224 jubilate
764 3155 877 3208 Deo
911 3171 1034 3208 cum
1068 3171 1202 3209 voce
1235 3157 1636 3212 exsultationis.
1683 3157 1952 3224 Quoniam
1981 3160 2088 3213 Do-

506 3245 688 3300 minus
717 3245 1024 3300 altissimus
1070 3247 1356 3312 terribilis,
1395 3264 1488 3301 rex
1518 3265 1746 3318 magnus
1773 3266 1940 3318 super
1972 3265 2090 3302 om-

506 3352 632 3389 nem
666 3344 868 3390 terram
887 3349 935 3390 ι.
975 3356 991 3388 ι
1034 3337 1140 3394 Sed
1165 3346 1221 3391 et
1257 3339 1753 3409 (quadragesimus)
1796 3341 2086 3408 septimus,

505 3436 562 3481 et
590 3435 837 3491 octavus,
866 3436 923 3482 et
952 3443 1150 3491 nonus,
1179 3443 1481 3497 omnesque
1518 3444 1656 3496 pene
1685 3429 1862 3482 dicam
1893 3429 2088 3498 psalmi

506 3516 773 3579 Davidici,
807 3517 957 3570 orbis
991 3526 1151 3571 terra:
1197 3518 1554 3570 mutationem
1599 3519 1924 3587 praedicunt,
1957 3535 2088 3588 gen-

508 3608 756 3677 tiumque
789 3608 1121 3676 pradicant“
1151 3617 1207 3662 et
1257 3608 1601 3662 vocationem
1653 3617 1709 3662 et
1759 3609 1954 3671 ﬁdem,
1991 3609 2087 3663 Dei

509 3707 775 3766 praaterea
801 3707 856 3752 et
879 3698 1180 3752 Salvatoris
1205 3699 1378 3751 nostri
1406 3699 1776 3753 exsislentiam
1804 3699 1946 3753 illam
1969 3715 2090 3770 qua:

509 3796 593 3841 est
623 3799 750 3842 ante
778 3789 996 3851 sacula,
1021 3789 1430 3858 generationem
1467 3806 1533 3844 ex
1566 3791 1745 3854 Patre,
1783 3796 1995 3860 partum
2023 3806 2091 3844 ex

442 3861 458 3871 ’
507 3879 753 3949 Virgine,
790 3879 1052 3933 miracula
1079 3919 1094 3942 ,
1127 3879 1420 3948 supplicia,
1448 3880 1757 3934 Iudaeorum
1793 3881 2092 3936 increduli-

509 3977 700 4034 tatem,
730 3971 1190 4024 resurrectionem
1217 3987 1283 4025 ex
1306 3971 1558 4035 mortuis,
1586 3973 1638 4025 in
1671 3973 1868 4027 cmlum
1899 3987 2091 4027 ascen-

509 4060 743 4126 sionem,
782 4061 1024 4132 Spiritus
1066 4063 1239 4118 sancti
1271 4064 1586 4128 adventum,
1622 4065 1997 4134 apostolorum
2032 4065 2088 4120 in

511 4153 828 4208 universum
863 4154 1050 4209 orbem
1088 4165 1231 4209 terra
1261 4156 1509 4226 marique
1542 4156 1874 4213 discursuro.

2190 1912 2287 1947 σαν
2331 1895 2458 1962 ἔθνη
2505 1895 2586 1946 ὅτι
2634 1891 2909 1963 ἄνθρωποί
2969 1891 3126 1944 εἰσιν.
3158 1905 3186 1940 ἰ
3253 1889 3470 1958 Ἐπειδὴ
3521 1890 3630 1957 γὰρ
3675 1891 3757 1950 εἰς

2187 1985 2407 2052 ἀλογίαν
2445 1985 2678 2056 ἐσχάτην
2705 1983 2928 2048 ἐξέπεσε
2959 1983 3003 2013 9³
3031 1982 3136 2036 τῶν
3164 1980 3464 2051 ἀνθρώπων
3487 1979 3547 2032 τὸ
3573 1981 3756 2046 γένος.

2187 2075 2495 2144 ἀναγκαίως
2549 2075 2730 2140 αὐτοῖς
2775 2075 2995 2145 δοθῆναι
3051 2073 3346 2144 νομοθέτην
3401 2073 3562 2134 αἰτεῖ,
3612 2070 3756 2124 ὥστε

2187 2168 2280 2220 καὶ
2312 2167 2410 2232 τὴν
2445 2166 2603 2235 φύσιν
2625 2167 2920 2234 ἐπιγνῶναι
2950 2165 3043 2219 xui.
3071 2165 3171 2234 τῆς
3200 2163 3492 2235 θηριωδίας
3518 2161 3761 2215 ἁπαλλαυ

2187 2256 2368 2326 γῆναι.
2417 2257 2504 2309 Ἐν
2532 2257 2588 2310 δὲ
2620 2257 2696 2328 τῷ
2731 2256 2934 2328 πρώτῳ
2985 2255 3080 2308 xui.
3123 2254 3384 2320 εἰκοστῷ·
3434 2271 3453 2304 ι
3501 2251 3760 2322 Μνησθή-

2192 2366 2373 2401 σονται
2400 2349 2494 2401 xui.
2533 2348 3034 2419 ὲπιστραφήσονται
3060 2344 3194 2415 πρὸς
3235 2344 3438 2414 Κύριον
3475 2343 3653 2396 πάντα
3688 2342 3758 2394 τὰ

2189 2441 2400 2510 πέρατα
2428 2442 2525 2509 τῆς
2553 2440 2675 2510 γῆς,
2705 2439 2800 2492 xui.
2832 2437 3300 2508 προσκυνήσουσιν
3327 2434 3554 2489 ἐνώπιον
3590 2433 3760 2488 αὑτοῦ

2190 2531 2358 2581 πᾶσαι
2376 2527 2430 2580 αἱ
2464 2526 2686 2597 πατριαὶ
2702 2526 2806 2578 τῶν
2824 2525 3009 2578 ὲθνῶψ
3025 2525 3208 2578 ὄτιτοῦ
3223 2524 3472 2595 Κυρίουὴ
3492 2523 3756 2592 βασιλεία,

2191 2619 2282 2671 xui.
2301 2617 2461 2680 αὐτὸς
2491 2617 2547 2669 δε
2557 2616 2745 2680 σπόζει
2761 2615 2869 2668 τῶν
2886 2615 3072 2668 ἐθνῶν.
3101 2635 3117 2665 ι
3137 2613 3326 2667 Καὶτὰ
3340 2613 3465 2682 ἑξῆς
3481 2614 3536 2666 δὲ
3554 2613 3650 2682 τὴν
3660 2615 3758 2666 αύ-

2189 2707 2287 2777 τὴν
2321 2705 2554 2758 διάνοιαν
2585 2703 2696 2774 ἔχει
2716 2704 2790 2734 ’δ’
2825 2703 3075 2772 προλέγει
3101 2703 3208 2772 γὰρ
3236 2702 3326 2754 τὸν
3356 2703 3400 2734 ³⁸
3430 2702 3488 2768 ἐξ
3505 2701 3758 2754 ἁπάντων

2190 2797 2296 2851 τῶν
2313 2795 2480 2849 ἐθνῶν
2501 2795 2617 2848 νέον
2630 2795 2774 2848 λαόν.
2796 2793 2903 2847 Kui.
2917 2795 3003 2847 ἵνα
3017 2794 3083 2846 τὰ
3103 2793 3320 2845 πλείονα
3347 2791 3673 2861 παραλείπω
3687 2791 3758 2857 ³⁵,

2191 2885 2458 2940 ἀκούσατε
2475 2885 2636 2938 αὑτοῦ
2651 2885 2706 2936 ἐν
2721 2883 2798 2954 τῷ
2819 2883 2898 2953 μδ⁹
2915 2883 3112 2953 ψαλμῷ
3127 2882 3398 2949 λέγοντος*
3428 2901 3447 2933 ι
3488 2883 3632 2935 Ἀντὶ
3651 2881 3760 2953 γὰρ

2191 2975 2300 3028 τῶν
2313 2973 2566 3043 πατέρων
2585 2991 2677 3026 σου
2698 2974 3124 3044 ἐγεννήθησαν-⁸⁷
3145 2973 3192 3025 οἱ
3215 2973 3317 3025 υἱοί
3349 2990 3401 3025 σ(
3428 2989 3463 3022 ι·
3489 2974 3762 3042 καταστη-

2194 3083 2305 3128 σεις
2328 3065 2520 3127 αὐτοὺς
2550 3064 2813 3134 ἄρχοντας
2841 3063 2932 3116 ἐπὶ
2963 3066 3140 3117 πᾶσαν
3161 3065 3258 3134 τὴν
3284 3065 3406 3133 γῆν.
3433 3083 3450 3113 ι
3475 3065 3586 3117 Καὶ
3602 3064 3762 3118 πάλιν

2194 3157 2252 3208 ὲν
2270 3156 2343 3226 τῷ
2361 3161 2461 3225 μεθ’
2488 3173 2505 3205 ι
2525 3155 2827 3224 Σχολάσατε
2847 3154 2939 3207 xui
2952 3155 3120 3223 γνῶτε
3136 3155 3216 3207 ὅτι
3235 3153 3342 3221 ἐγώ
3356 3157 3468 3224 εἰμι
3488 3157 3516 3208 6
3531 3154 3718 3218 Θεὸς⁹⁸
3744 3171 3763 3186 ο

2195 3246 2626 3317 ύψωθήσομαιὲν
2640 3247 2749 3308 τοῖς
2783 3245 3010 3298 ἔθνεσιν·
3049 3245 3407 3315 ύψωθήσομαι
3434 3249 3489 3299 ἐν
3518 3248 3584 3318 τῇ
3615 3250 3708 3318 γῇ.
3736 3267 3756 3300 ι

2209 3337 2270 3390 '0
2294 3337 2350 3389 δὲ
2391 3335 2530 3406 μετὰ
2558 3333 2744 3388 τοῦτον
2768 3335 2886 3399 ὅλος
2902 3335 2998 3405 τὴν
3015 3333 3122 3388 τῶν
3139 3335 3306 3389 ἐθνῶν
3323 3336 3369 3367 ⁹⁹
3402 3339 3767 3408 προαγορεύει

2195 3427 2488 3498 σωτηρίαν.
2517 3427 2736 3480 (Πάντα
2753 3426 2880 3498 γὰρ,
2901 3428 3054 3497 φησι,
3071 3427 3139 3480 τὰ
3154 3426 3301 3499 ἔθνη,
3330 3430 3634 3500 κροτήσατε
3654 3433 3770 3501 χεῖ-

2199 3537 2294 3590 ρας
2316 3536 2328 3548 ’
2349 3519 2651 3582 ἀλαλάξατε
2677 3517 2753 3588 τῷ
2768 3517 2886 3588 Θεῷ
2905 3520 2961 3571 ὲν
2975 3522 3122 3590 φωνῇ
3142 3519 3531 3588 ἀγαλλιάσεως
3551 3523 3633 3576 ὅτι
3647 3521 3768 3576 Κύ-

2198 3627 2310 3680 ριος
2347 3609 2566 3679 ὕψιστος
2588 3609 2834 3680 φοϐερὸς,
2876 3610 3122 3680 βασιλεὺς
3156 3612 3327 3682 μέγας
3352 3614 3444 3665 ἐπὶ
3465 3615 3642 3667 πᾶσαν
3665 3615 3769 3682 τὴν

2195 3700 2319 3769 γῆν.
2353 3719 2372 3749 ι
2423 3700 2530 3751 Καὶ
2574 3702 2602 3752 6
2641 3700 2866 3769 ἕϐδομος
2901 3700 2916 3730 ί
2947 3700 3002 3754 δὲ
3037 3703 3130 3754 καὶ
3161 3703 3189 3753 6
3215 3703 3418 3768 ὄγδοος,
3454 3705 3547 3757 καὶ
3581 3704 3771 3774 μέντοι

2197 3795 2290 3846 xui.
2332 3792 2360 3843 6
2387 3791 2592 3854 ἔνατος,
2626 3793 2719 3845 xui
2745 3793 2962 3855 πάντες,
2993 3793 3066 3856 ὡς
3104 3794 3232 3857 ἔπος
3257 3797 3453 3860 εἰπεῖν,
3487 3798 3536 3848 οἱ
3561 3796 3772 3867 ψαλμοὶ

2196 3883 2294 3955 τὴν
2339 3885 2436 3953 τῆς
2479 3883 2804 3952 οἰκουμένης
2861 3883 3164 3954 μεταϐολὴν
3191 3885 3634 3955 προθεσπίζουσι,
3671 3887 3773 3941 καὶ

2195 3974 2293 4044 τὴν
2345 3974 2452 4026 τῶν
2503 3972 2670 4026 ἐθνῶν
2723 3973 3160 4044 προκηρύττουσι
3214 3973 3356 4046 [xui]
3389 3975 3410 4004 ²
3448 3975 3638 4044 κλῆσιν
3670 3977 3776 4030 καὶ

2197 4066 2399 4127 πίστιν,
2428 4066 2522 4118 xui
2561 4063 2695 4134 πρός
2720 4082 2782 4132 γε
2818 4064 3027 4128 τούτοις
3057 4067 3150 4118 τοῦ
3192 4065 3212 4096 ³
3238 4065 3370 4119 Θεοῦ
3397 4067 3492 4120 xui
3512 4067 3776 4139 Σωτῆρος·

2195 4156 2353 4228 ἡμῶν
2396 4157 2495 4225 τὴν
2542 4154 2861 4224 προαιὼνιον
2905 4153 3160 4226 ὓπαρξιν,
3193 4155 3291 4228 τὴν
3337 4157 3400 4209 ἐκ
3433 4158 3524 4211 τοῦ
3555 4159 3777 4228 [lu-.96;

507 4247 779 4318 γέννησιν,
830 4247 920 4301 τὸν
985 4250 1048 4302 ἐκ
1097 4249 1238 4322 [τῆς]
1293 4250 1316 4281 ⁸
1381 4250 1655 4322 Παρθένου
1680 4251 1856 4316 τόκον,
1876 4251 1944 4305 τὰ
1977 4250 2321 4323 θαύματα,τὰ
2351 4250 2668 4320 παθήματα,
2703 4251 2810 4303 τῶν
2857 4251 3122 4306 Ἰουδαίων
3143 4253 3242 4322 τὴν
3272 4253 3546 4318 ἀπιστίαν,
3578 4254 3672 4324 τὴν
3705 4255 3780 4308 ὲκ

508 4339 714 4410 νεκρῶν
753 4341 1078 4404 ἀνάστασιν,
1131 4341 1228 4411 τὴν
1287 4343 1365 4405 είς
1414 4342 1675 4412 οὐρανοὺς
1721 4343 2002 4409 ἀνάϐασιν,
2059 4345 2157 4415 τὴν
2202 4341 2297 4394 τοῦ
2340 4341 2654 4412 Πνεύματος
2683 4341 3044 4414 ὲπιφοίτησιν,
3073 4343 3164 4397 τὸν
3192 4347 3271 4410 εἰς
3295 4347 3473 4399 πᾶσαν
3497 4345 3517 4376 ⁸
3545 4345 3649 4413 γῆν
3676 4347 3782 4400 καὶ

509 4436 776 4490 θάλατταν
799 4437 905 4489 τῶν
932 4438 1245 4490 ἀποστόλων
1269 4438 1491 4508 δρόμον.

578 4524 780 4578 Eadem
813 4541 941 4578 vero
968 4523 1083 4578 haec
1112 4525 1202 4578 alii
1240 4527 1517 4594 propheta:
1552 4526 1923 4582 valicinantur
1960 4527 2087 4580 uni-

2263 4526 2372 4580 Kui.
2407 4524 2507 4595 μὲν
2536 4525 2599 4594 δὴ
2630 4525 2724 4577 xui.
2751 4525 2800 4576 οί
2833 4523 2980 4578 ἄλλοι
3006 4525 3025 4555 ⁸
3066 4526 3338 4597 προφῆται
3367 4527 3536 4580 ταῦτα
3573 4529 3779 4599 προλέ-

511 4613 680 4668 versi.
708 4614 818 4682 Ego
860 4624 1040 4666 autem
1086 4615 1468 4683 praedictiones
1493 4633 1684 4672 omnes
1709 4619 1966 4687 colligere
1993 4633 2088 4670 su-

515 4702 783 4771 perﬂuum
812 4702 1017 4772 putavi.
1046 4703 1227 4757 Multis
1251 4705 1396 4758 enim
1423 4705 1554 4758 mihi
1580 4705 1736 4759 libris
1761 4719 1898 4774 Opus
1921 4713 2086 4766 esset,

513 4792 560 4847 si
593 4807 782 4847 omnes
811 4792 1201 4858 describerem,
1227 4802 1283 4849 et
1307 4794 1374 4848 de
1407 4795 1638 4864 singulis
1661 4802 1968 4864 opportuna
1996 4794 2090 4848 de-

587 4945 607 4982 ι
635 4945 779 4999 Psal.
815 4933 957 5010 ",7,
979 4946 1031 5000 8-

512 5029 634 5076 ιμ’,
662 5016 684 5068 1
701 5017 746 5068 1.

1139 4956 1166 4984 ιι
1193 4946 1332 5000 Psal.
1367 4962 1461 5009 vu,
1493 4946 1548 5009 2,
1578 4946 1630 4998 5.

822 5029 847 5057 ⁸
879 5016 1020 5071 Psal.
1059 5033 1198 5079 XLVI,
1223 5017 1278 5079 2,
1309 5015 1364 5068 5.

1735 4954 1761 4982 ν
1788 4943 1928 4998 Psal.
1963 4960 2037 5006 ιχ,
2062 4942 2151 5009 20,
2183 4944 2274 4998 2|.
2316 4958 2339 4984 ι
2369 4945 2511 4999 Psal.

2195 4633 2382 4683 γουσιν
2435 4615 2695 4677 ἅπαντες.
2757 4614 2897 4683 Ἐγὼ
2951 4616 3006 4670 δὲ
3050 4616 3230 4681 πάσας
3287 4621 3612 4685 συναγαγεῖν
3670 4620 3783 4683 τὰς

2197 4705 2532 4776 προρρήσεις
2591 4704 2867 4773 πάρεργον
2917 4705 3231 4775 ὑπείληφα·
3285 4705 3494 4759 πολλῶν
3546 4708 3656 4779 γὰρ
3703 4709 3782 4761 ἂν

2195 4793 2421 4863 ἐδεήθην
2471 4793 2490 4823 ⁷
2544 4792 2786 4862 βιϐλίων,
2843 4795 2936 4848 καὶ
2984 4795 3165 4858 πάσας
3194 4797 3421 4868 γράφων
3445 4797 3488 4861 ⁸,
3517 4800 3610 4851 xui.
3640 4801 3783 4868 περὶ

2584 4963 2693 5012 xxr,
2722 4949 2811 5014 28,
2837 4950 2925 5004 29.

2999 4959 3028 4999 y
3054 4951 3198 5005 Psal.
3238 4967 3379 5016 xuv,
3409 4953 3494 5006 I7.
3572 4963 3593 4990 ι
3625 4955 3780 5011 Psal.

1825 5150 2056 5206 VARUE
2098 5149 2278 5210 LECT
2282 5153 2397 5208 1οΝ
2407 5155 2505 5210 ES.

580 5294 626 5327 υ
670 5293 956 5372 ὲϐὅαηβοκᾷ
984 5295 1076 5372 Β.-
1115 5295 1168 5372 _’°
1198 5291 1430 5372 Πατρός.
1474 5291 1667 5372 Σρς-Β,
1838 5291 1887 5372 ⁹¹Α
1929 5291 2207 5372 ὁ-Κύριᾳς.
2243 5294 2432 5372 ὁρβεθξς
2461 5295 2534 5372 Β..
2565 5294 2898 5372 ⁹²Α[ὲνῴπιόν
2928 5253 3045 5372 σού]
3071 5316 3183 5372 om.
3219 5301 3280 5364 B,
3307 5301 3367 5357 C.
3444 5302 3490 5333 ³³
3523 5299 3782 5372 ἐξέπεσε,

507 5361 672 5445 ἔπεσε
693 5365 751 5418 Β.
779 5432 801 5445 Α
829 5360 873 5394 ’ί
907 5360 1029 5445 ἔχει·
1048 5363 1303 5445 διάνοιαν.
1324 5360 1565 5445 ’διένοιριν
1588 5360 1700 5445 Elei
1733 5361 1772 5445 [ξ
1802 5363 2038 5445 anteﬁxi.
2074 5360 2193 5445 ἄνθ.
2269 5365 2324 5445 ‘1
2343 5366 2450 5445 γὰρ
2477 5365 2589 5445 τον.
2617 5360 2677 5445 δὲ
2703 5367 2795 5445 τὸν
2819 5369 2880 5422 Β.
2960 5360 3354 5445 ’δίιέαραλεί-ιτω⁸
3385 5360 3680 5445 παραλίπω
3710 5371 3782 5428 Β.

506 5432 557 5462 ⁸⁷
581 5431 968 5501 ἐγεννήθησανζ
1015 5432 1346 5501 ἐγενήθησαν
1381 5431 1440 5492 Β,
1469 5431 1530 5486 C.

1608 5433 1652 5462 '3
1678 5432 1705 5482 6
1733 5430 1883 5492 Θεὸς.
1911 5433 2116 5500 Κύριος
2143 5431 2204 5486 C.

2280 5434 2324 5508 ’ξ’
2365 5434 2837 5508 τῶνμέθνῶνητῶν
2869 5455 2980 5493 om.
3020 5434 3106 5493 Β.’
3165 5444 3179 5472 ¹
3217 5442 3245 5492 6
3267 5434 3512 5508 ἕϐδομος.
3547 5440 3642 5492 καὶ
3669 5442 3697 5488 6
3721 5442 3789 5504 ὲ,

508 5501 581 5578 (1,.
610 5503 702 5555 ubi
730 5502 1037 5578 moxfi‘gqo;
1058 5501 1483 5578 —€vur_o;._xui
1524 5501 1652 5578 item
1687 5501 1749 5554 (1.
1775 5501 1870 5578 xui
1897 5503 1935 5578 6_
1958 5501 2378 5578 έϐδομηκοστος,
2402 5503 2660 5578 ,ἕϐδομος
2706 5506 2763 5558 δὲ
2798 5509 2891 5562 xui.
2928 5510 2956 5561 6
2995 5501 3406 5578 ἑϐδομηκοστὸς
3427 5501 3632 5576 ὄγδοος,
3679 5501 3790 5564 καὶ

558 5571 698 5642 ἐντοι
727 5573 820 5624 xui.
863 5572 890 5624 6
925 5571 1543 5642 éfiéouqxoqtbghévugo;
1567 5571 1667 5642 Vb.

560 5680 598 5710 ,ν
648 5641 669 5672 ⁸
717 5643 915 5695 πᾶσαν.
947 5637 1164 5696 ἃπασαν
1213 5641 1273 5703 Β,
1305 5640 1404 5694 Vb.
1441 5641 1577 5694 Tum
1605 5640 1702 5710 τὴν
1726 5637 1914 5710 γῆνϐ.

516 5709 732 5781 ἐθέλητε
763 5727 886 5766 cum
909 5713 1008 5766 Vb.

1775 5571 1794 5600 ³
1828 5569 1966 5641 [καὶ]
2005 5569 2112 5624 om.
2137 5569 2199 5631 Β,
2241 5573 2330 5626 ubi
2367 5573 2543 5626 κλισιν

1775 5639 1828 5670 ;ιιι
1854 5637 1892 5670 ρ
1993 5641 2013 5670 8
2064 5641 2276 5670 ΑῗιΕἸἸΑ.
2336 5643 2381 5670 ,ι
2415 5659 2499 5670 ην».

1109 5661 1164 5695 αν
1213 5641 1273 5703 Β,
1305 5641 1404 5694 Vb.
1441 5641 1577 5694 Tum
1605 5641 1702 5710 τὴν
1726 5641 1828 5706 γῆν
1854 5641 1914 5693 C.
1993 5641 2013 5670 ⁸
2064 5641 2300 5695 οὲἄλλοι.
2335 5643 2382 5694 oi.
2413 5659 2522 5696 om.
2556 5641 2656 5698 Vb.

1109 5714 1129 5742 κ
1161 5711 1339 5773 πάσας
1369 5711 1612 5781 γράφων.
1652 5708 1860 5762 πολλῶν
1884 5710 2108 5778 γραφῶν
2140 5710 2238 5774 Vh,
2268 5712 2362 5780 qui
2393 5728 2501 5766 om.
2533 5713 2588 5766 δέ
2625 5731 2706 5779 γε.

2596 5577 2648 5644 (η
2685 5591 2849 5645 supra
2885 5580 2943 5645 t).
3022 5581 3042 5611 ³
3082 5577 3313 5634 τοῦίοηι.
3351 5581 3410 5634 Β.
3487 5579 3508 5610 ⁸
3533 5579 3632 5646 τῆς
3657 5595 3786 5633 (Im.

2732 5647 2750 5675 ⁷
2784 5647 3028 5719 ἐδεήθην.
3069 5649 3299 5721 ὲθεήθην
3338 5649 3394 5704 Β.
3449 5657 3504 5705 et
3551 5665 3601 5702 ν.
3651 5663 3789 5716 seq.
