4066 6422
491 317 631 379 1095

1467 316 1951 376 THEODORETI
1992 312 2325 373 EPISCOPI
2362 311 2728 373 CYRENSIS

3598 313 3618 375 l
3630 314 3735 378 096

490 434 765 489 didacton.
796 430 902 484 hoc
929 440 1045 493 est,
1092 432 1275 482 m'atris
1310 429 1654 499 discipulum,
1689 427 2057 498 appellabant.

2173 423 2351 476 ουσίαν
2390 421 2708 490 φιλοσοφίας
2752 422 2846 473 καὶ
2877 421 3012 491 μόνα
3037 437 3135 492 της
3168 421 3370 493 μητρὸς
3410 422 3477 478 τὰ
3512 425 3730 479 παιδεύ·

488 519 691 574 "crum
721 519 798 574 illi
828 519 1049 587 quidem
1085 518 1151 572 ad
1181 519 1620 588 consequendam
1655 518 2060 588 philosophiam

489 612 600 665 sola
628 610 816 664 matris
839 609 1164 663 documenta
1191 609 1322 662 satis
1345 609 1570 664 fuerunt
1594 627 1607 662 :
1631 624 1728 662 vos
1753 622 1905 671 vero,
1933 607 2062 661 licet

493 710 574 753 tot
596 700 707 770 jam
752 699 1044 768 prophetas
1073 706 1128 751 et
1161 700 1434 767 apostolos
1478 698 1785 763 audieritis,
1820 712 1921 751 nec
1949 713 2059 750 non

490 799 546 844 et
566 806 660 843 eos
685 790 776 858 qui
811 790 912 842 bos
940 790 1113 843 secuti
1138 789 1388 844 doctrina
1412 790 1747 853 claruerunt,
1774 788 2057 841 veritatem

491 890 671 935 tamen
700 879 1013 949 perdiscere
1043 896 1153 933 non
1182 880 1365 933 vultis.
1395 879 1508 934 Hoc
1536 862 1716 933 autem
1747 878 1902 932 vobis
1933 876 2059 931 inde

489 970 683 1024 vitium
722 970 977 1034 advenit,
1012 969 1157 1038 quod
1192 969 1406 1023 inutilia
1446 969 1677 1023 fortasse
1719 967 2058 1022 arbitramini

491 1061 609 1115 haec
638 1078 757 1117 esse
788 1060 1056 1117 instituta.
1088 1062 1207 1116 Non
1233 1061 1381 1115 enim
1418 1060 1787 1132 Syracusanas
1815 1058 2059 1121 delicias,

491 1168 601 1207 non
630 1153 920 1207 remissum
953 1168 1015 1207 ac
1042 1152 1419 1206 mollissimum
1445 1152 1572 1205 vitae
1600 1166 1770 1221 genus
1799 1149 2055 1218 pollicen-

493 1255 604 1308 tur,
647 1260 748 1299 nec
775 1244 1137 1298 exsecrandas
1170 1244 1408 1307 divitias,
1447 1257 1743 1310 earumque
1772 1240 1949 1293 ﬂuxus
1976 1240 2063 1293 lu-

494 1336 708 1390 bricum
756 1335 1043 1403 euripum,
1091 1335 1185 1387 sed
1229 1332 1458 1387 sudores
1498 1341 1555 1386 et
1593 1332 1837 1395 labores,
1871 1330 2067 1383 vitam-

495 1444 600 1496 que
632 1425 798 1497 984
841 1426 1027 1479 multis
1055 1423 1312 1479 aerumnis
1358 1423 1680 1492 expositam.
1732 1421 1869 1475 Sunt
1915 1421 2061 1474 enim

495 1518 612 1572 hzec
639 1517 796 1571 vobis
822 1516 1109 1585 perspicua
1135 1533 1147 1567 :
1172 1516 1365 1568 horum
1391 1522 1571 1567 autem
1600 1512 1724 1567 linis
1748 1528 1857 1566 non
1882 1511 2063 1565 cerni-

498 1619 604 1662 tur.
640 1608 856 1662 Assueti
889 1606 1034 1661 enim
1077 1621 1140 1660 ea
1176 1606 1287 1659 sola
1320 1604 1522 1659 intueri
1564 1619 1686 1673 quae
1732 1612 2061 1667 cernuntur,

495 1698 634 1752 scire
664 1714 771 1751 non
808 1697 1035 1766 potestis
1060 1711 1250 1750 eorum
1276 1703 1530 1750 naturam
1560 1710 1681 1764 qua:
1706 1708 1817 1747 non
1841 1694 2062 1763 conspi-

2165 528 2327 583 ματα·
2360 511 2515 579 ὑμεῖς
2571 509 2649 573 δὲ,
2686 508 2779 562 καί⁵
2816 509 3110 579 προφητῶν
3139 510 3408 563 τοσούτων
3445 509 3563 583 [καὶ
3597 513 3733 565 ἀπο-

2165 601 2386 670 στόλων]
2407 599 2452 631 “
2472 598 2781 662 ἀκούοντες,
2801 599 2893 651 καὶ
2919 598 3100 669 μέντοι
3115 600 3209 652 καὶ
3229 598 3337 654 τῶν
3360 600 3479 669 μετ’
3498 601 3735 665 ἐκείνους

2165 696 2245 768 [ὲν
2271 697 2317 729 ’⁸
2340 693 2658 764 διδασκαλίᾳ
2680 693 3030 764 λαμψάντων,
3059 693 3249 763 μαθεῖν
3270 695 3331 747 οὐ
3364 693 3616 764 βούλεσθε
3637 694 3737 764 τὴν

2164 784 2437 854 ἀλήθειαν.
2475 782 2647 835 Τοῦτο
2678 782 2735 835 δὲ
2775 782 2923 854 [152]
2960 784 3089 852 ὑμῖν
3123 783 3408 854 ξυμϐαίνει
3446 783 3506 836 τὸ
3543 784 3734 847 πάθος,

2162 875 2394 945 ἐπείπερ
2417 873 2651 943 ἀνόνητα
2681 873 2842 943 τυχὸν
2873 874 3031 927 ταυτὶ
3059 872 3308 944 νομίζετε
3329 875 3397 928 τά
3420 874 3736 945 μαθήματα.

2164 969 2239 1022 Οὐ
2269 967 2377 1037 γὰρ
2408 965 2781 1036 Συρακουσίαν
2820 965 3024 1036 χλιδὴν,
3060 966 3180 1019 οὐδέ
3220 982 3283 1033 γε
3322 966 3604 1035 ἀνειμένον
3642 966 3740 1020 καὶ

2163 1057 2504 1129 ἁδροὸίαιτον
2536 1055 2927 1125 ἐπαγγέλλεται
2954 1056 3088 1125 βίον,
3124 1057 3242 1110 οὐδὲ
3270 1056 3362 1108 τὸν
3396 1055 3741 1127 πολυάρατον

2165 1150 2416 1208 πλοῦτον,
2457 1148 2550 1200 καὶ
2584 1148 2692 1200 τῶν
2727 1149 2771 1180 ⁸ο
2809 1148 3018 1201 ἐκείνου
3051 1148 3337 1219 ῥευμάτων
3370 1148 3459 1204 τὸν
3491 1147 3739 1220 εὔριπον,

2165 1240 2278 1294 ἀλλ’
2310 1240 2540 1311 ιδρῶτας
2570 1241 2636 1305 ³⁸,
2679 1239 2772 1292 καὶ
2809 1241 3024 1304 πόνους,
3054 1241 3146 1293 καὶ
3192 1240 3467 1293 πολιτείαν
3500 1240 3738 1312 πολύμο·

2163 1332 2313 1402 χθον.
2344 1334 2530 1386 Ταυτα
2558 1331 2664 1403 γὰρ
2688 1331 2814 1400 ὑμῖν
2847 1330 3143 1402 κατάδηλα,
3166 1329 3227 1383 τὸ
3246 1330 3300 1382 δέ
3327 1347 3391 1399 γε
3419 1329 3623 1384 τούτων
3650 1330 3741 1385 τέ-

2165 1422 2255 1486 λος
2283 1423 2531 1476 ἀθέατον.
2568 1423 2720 1477 Μόνα
2749 1421 2794 1453 ³³
2838 1419 2946 1491 γάρ
2970 1439 3074 1473 που
3102 1419 3351 1484 εἰωθότες
3379 1422 3448 1475 τὰ
3484 1420 3740 1492 ὁρώμενα

2168 1514 2404 1585 βλέπειν,
2445 1514 2570 1567 ἰδεῖν
2609 1513 2670 1565 οὐ
2719 1511 2950 1566 δύνασθε
2992 1510 3100 1564 τῶν
3139 1512 3385 1583 ἀοράτων
3414 1512 3514 1583 τὴν
3555 1512 3737 1581 φύσιν·
3792 1553 3800 1569 τ

2163 1607 2292 1667 τοὺς
2320 1605 2632 1676 ὀφθαλμοὺς
2673 1605 2781 1675 γὰρ
2822 1602 3063 1665 ἐκείνους
3089 1602 3189 1656 οὐκ
3212 1603 3363 1672 ἔχετε
3395 1597 3469 1657 ὧν
3496 1605 3529 1675 ή
3558 1604 3746 1667 πίστις

2169 1696 2521 1767 δημιουργός.
2568 1695 2711 1762 Ἐγὼ
2758 1695 2815 1748 δὲ
2863 1697 3009 1765 ὑμῖν,
3043 1695 3119 1758 ὡς
3159 1694 3349 1763 ἔμοιγε
3392 1694 3615 1748 δυνατὸν
3647 1697 3747 1747 καὶ

496 1789 736 1843 ciuntur.
764 1786 951 1842 Oculis
983 1786 1126 1840 enim
1156 1786 1263 1839 illis
1291 1784 1489 1840 caretis
1509 1826 1522 1848 ,
1554 1800 1789 1855 quorum
1823 1784 1959 1838 ﬁdes
1983 1790 2067 1838 est

2173 1789 2297 1857 ὑμῖν
2320 1787 2587 1858 χωρητὸν,
2622 1784 2848 1856 δηλώσω
2887 1787 2980 1840 καὶ¹
3016 1785 3207 1846 ταῦτα,
3234 1787 3301 1856 τῇ
3325 1785 3432 1838 τῶν
3466 1785 3626 1838 θείων
3660 1786 3749 1839 λο-

494 1878 694 1947 opifex.
727 1878 838 1946 Ego
862 1891 1014 1939 vero,
1042 1875 1223 1944 quoad
1259 1874 1312 1928 in
1342 1890 1428 1928 me
1459 1874 1566 1928 erit
1593 1882 1649 1928 et
1673 1873 1830 1927 vobis
1871 1887 2067 1941 capere

2173 1877 2302 1944 γίων
2330 1877 2492 1931 πάλιν
2527 1874 2809 1947 χρώμενος
2841 1874 3111 1946 δᾳδουχίᾳ.
3156 1873 3443 1947 Προθργου
3487 1875 3545 1928 δέ
3590 1871 3748 1944 οῑμαι

496 1973 511 1988 ’
541 1968 748 2033 licebit,
778 1983 1057 2022 sacrorum
1103 1967 1193 2021 hic
1221 1981 1438 2036 quoque
1470 1965 1809 2019 voluminum
1856 1963 2068 2018 facibus

2173 1964 2339 2028 δεῖξαι
2362 1966 2456 2017 καὶ
2480 1965 2575 2017 νῦν
2606 1966 2670 2017 ἐκ
2698 1963 3044 2034 παραλλήλου
3066 1963 3177 2016 τῶν
3209 1964 3516 2033 φιλοσόφων
3541 1964 3640 2027 τὰς
3662 1963 3748 2016 δό-

495 2059 750 2124 admotis,
788 2059 902 2114 hmo
944 2058 1108 2113 etiam
1139 2057 1443 2111 ostendam.
1481 2055 1673 2125 Operae
1715 2064 1896 2109 autem
1939 2070 2067 2124 pre-

2173 2056 2267 2121 ξας
2299 2056 2391 2108 καλ⁷
2415 2055 2524 2108 τῶν
2553 2055 2711 2108 θείων
2738 2054 3086 2123 Εὐαγγελίων
3109 2054 3176 2107 τὰ
3205 2054 3469 2123 δόγματα,
3495 2055 3583 2108 ἵνα
3608 2055 3751 2122 γνῶ-

495 2152 633 2205 tium
663 2164 812 2203 nunc
838 2148 1003 2203 etiam
1036 2147 1305 2202 facturum
1345 2163 1430 2201 me
1454 2156 1607 2216 puto,
1638 2146 1684 2200 si
1711 2146 2066 2216 philosopho—

2173 2163 2232 2198 τε
2259 2146 2305 2178 ⁸³
2326 2146 2378 2198 τί
2404 2147 2501 2216 μὲν
2526 2147 2722 2199 ἐκεῖνοι
2756 2145 2907 2209 τέλος
2932 2145 3223 2216 ὡρίσαντο,
3256 2145 3385 2200 τίδὲ
3411 2147 3458 2199 οἱ
3490 2145 3623 2199 θεῖοι
3645 2147 3748 2199 ἐπ-

498 2258 622 2298 rum
651 2242 937 2311 opiniones
965 2255 1028 2294 ac
1056 2239 1236 2293 divina
1268 2238 1691 2309 Evangeliorum
1721 2238 1970 2309 dogmata
2001 2253 2067 2291 ex

2174 2236 2528 2305 ἀγγέλλονται
2559 2236 2728 2305 λόγοι.

498 2333 729 2387 adverso
771 2332 1119 2395 constituam,
1152 2339 1213 2385 ut
1277 2346 1344 2386 ex
1395 2330 1800 2400 comparatione
1860 2330 2202 2404 cognoscatis
2229 2344 2521 2401 quemnam
2570 2328 2650 2385 illi
2717 2329 2881 2384 ﬁnem
2912 2329 3238 2397 statuerint,
3265 2338 3324 2385 et
3364 2346 3531 2401 quem
3573 2329 3748 2387 divini

498 2439 781 2481 sermones
819 2424 1199 2495 polliceantur.

570 2518 843 2588 Epicurus
884 2534 1014 2588 ergo
1056 2517 1451 2588 iucundissima
1478 2518 1590 2573 vita
1632 2517 1795 2573 ﬁnem
1825 2515 2068 2573 metitur.

502 2606 830 2678 Supremum
881 2608 1028 2661 enim
1076 2607 1315 2673 bonum,
1349 2610 1519 2663 solam
1569 2624 1690 2664 esse
1734 2609 2071 2679 voluptatem

500 2696 756 2766 Opinatus
782 2706 885 2750 est.
937 2695 1279 2751 Democritus
1324 2705 1506 2751 autem
1555 2696 1863 2762 Abderites,
1908 2697 2075 2767 hujus

501 2787 814 2857 dogmatum
861 2795 1051 2857 pater,
1100 2802 1199 2856 pro
1241 2787 1519 2856 voluptate
1573 2788 2071 2857 concupiscentiam

501 2878 704 2947 posuit,
730 2893 841 2931 non
874 2877 1176 2941 sententiae,
1199 2877 1296 2931 sed
1326 2878 1609 2931 nominum
1639 2878 1901 2933 duntaxat
1932 2879 2073 2932 facta

504 2968 824 3022 mutatione.
874 2966 1181 3021 Heraclitus
1215 2967 1341 3021 item
1392 2968 1682 3037 Ephesius,
1716 2985 1916 3023 nomen
1947 2969 2071 3038 qui-

505 3057 630 3111 dem
662 3056 910 3119 mutavit,
934 3055 1028 3110 sed
1058 3070 1278 3110 sensum
1305 3057 1545 3112 servavit
1571 3076 1584 3111 :
1611 3074 1736 3111 nam
1785 3074 1885 3128 pro
1921 3059 2076 3114 volu-

2265 2511 2324 2564 'O
2365 2510 2462 2581 μὲν
2500 2507 2595 2563 οὖν
2624 2508 2669 2542 ³⁸
2712 2509 3031 2580 Ἐπίκουρος
3057 2511 3117 2562 τὸ
3157 2509 3349 2580 ⁴ἥδιστα
3386 2509 3486 2581 ζῇν
3512 2510 3753 2583 ὡρίσατο

2178 2605 2352 2668 τέλος·
2390 2602 2569 2657 τέλεον
2601 2602 2713 2671 γὰρ
2740 2601 2945 2668 ἀγαθὸν
2975 2601 3142 2672 μόνην
3179 2603 3367 2671 ἠγεῖτο
3396 2604 3495 2674 τὴν
3532 2604 3748 2676 ἡδονήν.

2178 2694 2518 2765 Δημόκριτος
2542 2692 2599 2745 δὲ
2623 2693 2651 2744 6
2687 2691 3028 2761 Ἀϐδηρίτης,
3064 2693 3091 2743 6
3116 2691 3222 2744 τῶν
3251 2691 3441 2745 τούτου
3463 2694 3753 2763 δογμάτων

2179 2787 2380 2857 πατὴρ,
2418 2785 2539 2838 ἀντὶ
2573 2787 2670 2854 τῆς
2712 2784 2904 2855 ἡδονῆς
2940 2784 3038 2856 τὴν
3068 2783 3362 2854 ἐπιθυμίαν
3392 2786 3437 2818 ⁸⁵
3468 2786 3749 2849 τέθεικεν·

2178 2878 2480 2948 ὀνομάτων,
2507 2878 2567 2929 οὐ
2606 2877 2890 2945 δογμάτων
2933 2874 3231 2946 ἐναλλαγὴν
3264 2877 3310 2908 ³⁸
3359 2877 3751 2948 ποιησάμενος.

2178 2969 2289 3022 Καὶ
2322 2968 2671 3038 Ἡράκλειτος
2696 2968 2749 3019 δὲ
2781 2969 2809 3020 6
2854 2966 3098 3035 Ἐφέσιος
3125 2966 3221 3038 τὴν
3256 2966 3353 3038 μὲν
3377 2969 3753 3040 προσηγορίαν

2186 3059 2471 3130 μετέϐαλε,
2499 3058 2594 3129 τὴν
2628 3058 2685 3111 δὲ
2717 3059 2953 3112 διάνοιαν
2981 3058 3025 3090 ³⁷
3052 3059 3463 3112 καταλέλοιπεν·
3499 3061 3620 3113 ἀντὶ
3641 3060 3757 3130 γὰρ

508 3157 680 3219 ptate,
704 3145 1111 3217 beneplacitum
1139 3147 1292 3201 dixit.
1311 3148 1485 3205 Habet
1511 3158 1688 3204 tamen
1709 3160 1762 3204 et
1779 3150 1939 3205 aliam
1967 3151 2069 3205 vim

2180 3151 2281 3219 τῆς
2321 3151 2514 3221 ἡδονῆς
2550 3150 2907 3231 εὐαρέστησιν
2944 3150 2988 3182 ³⁸
3017 3149 3284 3204 τέθεικεν.
3318 3151 3471 3221 Ἔχει
3523 3151 3578 3203 δέ
3629 3168 3756 3204 τινα

507 3239 797 3310 quamdam
839 3239 954 3293 hmo
986 3239 1255 3293 deﬁnitio.
1286 3240 1422 3294 Nam
1452 3241 1730 3297 indeﬁnite
1759 3242 2075 3313 beneplaci-

509 3339 621 3385 tum
654 3328 869 3400 posuit,
916 3329 1234 3398 qualitatem
1270 3345 1399 3384 vero
1441 3330 1588 3385 illius
1628 3348 1739 3386 non
1781 3332 2071 3401 expressit.

509 3414 647 3470 Sunt
677 3423 858 3470 autem
904 3416 1005 3470 hac
1050 3416 1105 3470 in
1141 3433 1199 3471 re
1243 3419 1407 3472 variae
1452 3419 1758 3484 hominum,
1813 3420 2073 3476 differen-

509 3512 698 3573 tesque
719 3504 1023 3558 sententiae.
1044 3504 1323 3574 Siquidem
1349 3507 1469 3561 aliis
1490 3508 1667 3577 placet
1692 3510 2071 3578 temperantia,

506 3594 628 3648 aliis
647 3609 778 3648 vero
799 3595 993 3649 vitium
1019 3595 1147 3650 huic
1178 3598 1543 3662 contrarium;
1577 3597 1698 3651 aliis
1727 3597 2074 3653 incontinen-

510 3685 582 3738 tia
610 3685 808 3754 placet,
833 3684 997 3755 985
1022 3685 1144 3739 aliis
1178 3687 1514 3741 continentia
1537 3702 1551 3751 ;
1588 3688 1707 3742 aliis
1735 3689 1842 3742 vita
1875 3689 2075 3759 iniqui-

511 3774 604 3828 tati
628 3782 684 3827 et
705 3776 945 3831 avaritia:
971 3776 1175 3841 dedita,
1205 3777 1568 3848 aliisjustitia:
1592 3788 1767 3834 tenax.
1793 3780 1947 3847 Quod
1976 3782 2076 3836 ita-

509 3880 616 3934 que
662 3864 956 3934 unicuique
1003 3866 1213 3937 placet,
1246 3867 1499 3938 quodque
1547 3870 1850 3940 jucundum
1894 3881 1978 3928 est
2020 3881 2076 3928 et

508 3953 762 4017 amabile,
793 3952 845 4008 id
886 3954 976 4009 ille
1004 3955 1223 4011 videtur
1270 3956 1431 4011 ﬁnem
1465 3958 1794 4025 definivisse,
1830 3976 1936 4030 pro
1974 3977 2072 4015 vo-

508 4044 734 4113 luptatis
760 4046 979 4099 nomine
1008 4045 1410 4116 beneplacitum
1437 4050 1733 4120 appellans.
1763 4050 2073 4108 Celeberri-

507 4151 630 4189 mus
654 4143 833 4191 autem
864 4137 1196 4208 Pythagoras
1225 4140 1476 4195 ultimum
1515 4142 1720 4197 bonum
1751 4143 1804 4198 in
1839 4145 2076 4200 exactis-

506 4225 642 4281 sima
677 4228 1001 4283 numerandi
1045 4230 1275 4285 scientia
1305 4232 1559 4301 opinatus
1598 4244 1682 4289 est
1725 4250 1874 4302 esse;
1904 4236 2076 4291 Heca-

509 4326 642 4372 taeus
683 4317 740 4371 in
779 4334 964 4374 rerum
1006 4319 1364 4389 sufﬁcientia;
1394 4324 1751 4381 Antisthenes
1799 4327 1856 4382 in
1904 4328 2073 4382 animi

508 4410 804 4477 modestia;
846 4412 1193 4486 Anaxagoras
1233 4431 1364 4471 vero
1410 4417 1809 4484 Clazomenius,
1853 4420 1908 4474 in
1948 4422 2075 4477 vitae

2177 3243 2271 3296 καὶ
2302 3244 2492 3312 ἑτέραν
2514 3242 2752 3313 ἔμφασιν
2782 3234 2936 3305 οὗτος
2967 3243 2996 3294 6
3023 3242 3166 3311 δρος.
3200 3242 3491 3312 ’Δορίστως
3514 3242 3624 3311 γάρ
3653 3243 3755 3313 τὴν

2175 3335 2534 3405 εὐαρέστησιν
2558 3332 2798 3394 τέθεικε,
2832 3331 2895 3385 τὸ
2932 3332 2989 3384 δὲ
3015 3332 3216 3401 ταύτης
3253 3332 3297 3365 ³⁹
3323 3333 3475 3385 ποιὸν
3503 3334 3565 3385 οὐ
3597 3334 3718 3405 δεδή
3738 3365 3756 3375 -

2173 3423 2337 3482 λωκε.
2375 3428 2630 3497 Διάφοροι
2657 3424 2713 3479 δὲ
2745 3425 2853 3478 τῶν
2878 3424 3181 3495 ἀνθρώπων
3208 3425 3264 3477 αἱ
3289 3423 3523 3495 γνῶμαι·
3569 3428 3680 3487 τοῖς
3703 3425 3755 3456 ’⁸⁸

2181 3520 2280 3590 μὲν
2310 3519 2419 3588 γὰρ
2445 3517 2669 3586 ἀρέσκει
2704 3513 3046 3584 σωφροσύνη,
3073 3517 3184 3576 τοῖς
3210 3514 3267 3567 δὲ
3294 3517 3326 3585 ἡ
3363 3515 3567 3585 ταύτης
3594 3517 3752 3568 ἐνανο

2174 3611 2263 3663 τία
2285 3610 2454 3662 κακία
2481 3607 2525 3639 ⁶¹
2550 3624 2564 3637 ·
2602 3606 2698 3660 καὶ
2719 3608 2828 3670 τοῖς
2855 3606 2972 3678 μὲν,
3008 3606 3267 3677 ἀκρασία·
3303 3610 3416 3671 τοῖς
3443 3607 3520 3672 δὲ,
3547 3607 3755 3677 ἐγκρά-

2173 3716 2314 3754 τεια·
2368 3699 2461 3752 καὶ
2517 3697 2727 3763 τούτοις
2774 3696 2821 3728 δ’
2870 3698 2988 3768 μὲν,
3020 3698 3202 3761 ἄδικος
3235 3700 3327 3750 καὶ
3368 3699 3753 3763 πλεονεκτικδς

2177 3790 2311 3860 βίος·
2343 3788 2574 3852 ἐκείνοις
2613 3789 2691 3853 δὲ,
2731 3788 2955 3852 δίκαιος.
2994 3790 3067 3842 Τὸ
3091 3791 3271 3843 τοίνυν
3304 3792 3519 3862 ἑκάστῳ
3547 3790 3596 3823 ⁵³
3620 3792 3760 3863 ἀρέ-

2177 3898 2325 3943 σκον,
2350 3879 2445 3950 ἡδύ
2466 3896 2525 3932 τε
2547 3880 2643 3932 καὶ
2669 3879 3008 3951 ἀξιέραστον,
3047 3874 3201 3945 οὗτος
3220 3880 3266 3913 ⁸⁸
3289 3883 3527 3953 ὡρίσατο
3572 3883 3725 3945 τέλος
3740 3927 3753 3948 ,

2174 3971 2295 4024 ἀντὶ
2336 3971 2434 4038 τῆς
2478 3969 2672 4039 ἡδονῆς
2708 3968 2807 4041 τὴν
2847 3970 3206 4043 εὐαρέστησιν
3258 3973 3539 4037 τεθεικώς.
3588 3975 3648 4028 ’0
3691 3974 3755 4044 δὲ

2177 4061 2578 4131 πολυθρύλητος
2619 4061 2941 4134 Πυθαγόρας
2972 4065 3071 4134 τὴν
3103 4066 3441 4137 τελεωτάτην
3484 4067 3591 4121 τῶν
3627 4048 3757 4140 ἀριέ

2175 4151 2327 4222 θμῶν
2381 4153 2689 4223 ἐπιστήμην
2752 4152 2976 4223 ἔσχατον
3038 4156 3311 4210 ὑπέλαϐεν
3338 4157 3386 4190 ⁸⁵
3424 4159 3650 4228 ἀγαθόν·
3720 4159 3753 4209 6

2186 4243 2471 4306 Ἑκαταῖος
2506 4243 2585 4308 δὲ,
2620 4242 2718 4315 τὴν
2749 4244 3100 4314 αὐτάρκειαν·
3131 4249 3159 4301 6
3187 4246 3624 4320 δὲ’Δντισθένης,
3650 4249 3756 4319 τὴν

2176 4331 2429 4399 ἀτυφίαν·
2461 4331 2824 4402 Ἀναξαγόρας
2852 4333 2911 4386 δὲ
2934 4334 2962 4385 6
2987 4334 3371 4406 Κλαζομένιος,
3396 4338 3495 4409 τὴν
3515 4338 3755 4408 θεωρίαν

2177 4422 2270 4475 τοῦ
2304 4423 2439 4492 βίου,
2463 4424 2556 4477 καὶ
2581 4423 2680 4494 τὴν
2713 4425 2822 4477 ἀπὸ
2857 4426 3060 4496 ταύτης
3090 4427 3423 4499 ἐλευθερίαν,
3474 4428 3755 4499 φιλοσόφῳ

507 4501 897 4570 speculatione,
930 4480 1207 4575 animique
1246 4506 1497 4561 libertate
1534 4523 1657 4577 qua:
1691 4524 1759 4563 ex
1789 4480 1875 4564 illa
1911 4511 2069 4581 proﬂ-

2175 4511 2237 4581 δὴ
2267 4480 2547 4580 πρέποντα
2572 4480 2898 4585 ὁρισάμενος
2921 4480 3063 4586 ὄρονῖ
3094 4480 3498 4590 Μέγιστον
3528 4480 3751 4591 ἀληθώς

511 4593 756 4658 ciscitur,
778 4610 905 4649 com
918 4596 1191 4650 enientem
1212 4595 1536 4666 phil050pbo
1559 4597 1930 4653 deﬁnitionem
1953 4615 2081 4653 con-

510 4682 757 4737 stituens.
795 4684 1087 4738 Maximum
1113 4684 1315 4753 quippe
1359 4685 1558 4739 bonum
1591 4695 1676 4741 est
1704 4696 1959 4742 naturam
1987 4703 2077 4741 re-

510 4788 630 4825 rum
675 4773 900 4837 callere,
932 4781 987 4826 et
1021 4789 1141 4842 qua:
1173 4773 1315 4827 ﬂuxa
1358 4783 1486 4827 sunt
1526 4785 1910 4840 contemnere,
1961 4777 2079 4829 ani-

508 4876 765 4931 mumque
807 4862 876 4916 ab
926 4860 1076 4916 omni
1127 4865 1389 4918 servitute
1440 4865 1674 4918 liberum
1726 4880 2071 4920 conservare.

507 4951 661 5007 Plato
688 4961 892 5016 autem,
920 4954 1188 5009 Aristonis
1216 4955 1360 5010 filius
1387 4955 1533 5027 (Rep.
1560 4972 1613 5026 p.
1642 4955 1744 5009 615
1770 4955 1860 5027 A),
1889 4957 2077 5011 altitu-

508 5040 635 5095 dine
666 5056 729 5096 ac
771 5043 1169 5115 magniﬁcentia
1214 5045 1550 5101 deﬁnitionis
1584 5045 1734 5100 illum
1769 5048 2069 5117 superavit.

2178 4601 2380 4669 ἀγαθὸν
2420 4601 2480 4655 τὸ
2514 4601 2742 4668 ξυνιδεῖν
2780 4604 2889 4655 τῶν
2921 4606 3259 4675 πραγμάτων
3305 4607 3404 4676 τὴν
3441 4607 3625 4675 φύσιν,
3656 4608 3757 4660 καὶ

2180 4689 2287 4743 τῶν
2319 4691 2550 4761 ῥεόντων
2582 4694 3016 4764 καταφρονῆσαι,
3053 4696 3149 4749 καὶ
3181 4696 3279 4768 τὴν
3305 4697 3483 4768 ψυχὴν
3512 4698 3756 4752 ἀδούλω-

2178 4795 2269 4832 τον
2297 4780 2389 4833 καὶ
2415 4779 2703 4851 ἐλευθέραν
2722 4782 3064 4855 διατηρῆσαι.
3102 4787 3326 4843 Πλάτων
3345 4788 3401 4841 δὲ
3426 4790 3456 4841 6
3486 4790 3755 4862 Ἀρίστω-

2181 4886 2269 4933 νος
2297 4873 2361 4942 τῇ
2400 4871 2722 4945 μεγαλονοίᾳ
2747 4876 2838 4928 τοῦ
2864 4877 2990 4946 ὅρου
3013 4878 3107 4930 καὶ
3132 4878 3322 4933 τοῦτον
3350 4882 3656 4952 ἀπέκρυψε·
3689 4884 3759 4936 τὸ

2183 4959 2311 5028 γὰρ,
2345 4963 2698 5032 ὁμοιωθῆναι
2734 4965 2856 5031 Θεῷ
2899 4965 2946 4998 ⁸³
2975 4968 3125 5022 κατὰ
3171 4969 3235 5021 τὸ
3284 4968 3568 5037 δυνατὸν,
3597 4972 3757 5035 τέλος

2180 5051 2417 5122 ὡρίσατο
2462 5052 2571 5106 τῶν
2616 5055 2859 5124 ἀγαθῶν.
2903 5058 3236 5125 Ἀξιέπαινος
3298 5062 3399 5136 μὲν
3456 5059 3552 5119 οὖν
3591 5064 3687 5118 καὶ
3718 5066 3758 5135 ἠ

1813 5202 2040 5258 VARle
2082 5203 2488 5264 LECTIONES.

576 5354 622 5386 ια
644 5354 750 5429 ’,αἱ
779 5355 1095 5429 ᾁποςτᾷ),ων
1120 5356 1331 5429 ρηικβ.
1398 5357 1453 5429 ξ’
1485 5355 1586 5429 [ἐν]
1616 5374 1724 5429 om.
1750 5359 1812 5415 C.

576 5362 622 5386 "
657 5362 750 5407 καὶ
782 5362 1095 5409 ἀποστόλων
1128 5371 1238 5409 om.
1274 5362 1331 5409 Β.
1395 5362 1453 5438 ξδ’
1485 5362 1586 5429 [ἐν]
1616 5374 1724 5445 om.
1750 5362 1812 5415 C.
1908 5362 1954 5393 '°
1984 5364 2078 5415 καὶ
2108 5363 2239 5415 τῶν.
2271 5365 2365 5417 καὶ
2391 5364 2483 5417 τὸν
2512 5365 2574 5418 Β.
2606 5364 2725 5420 Mox
2755 5366 3026 5438 εῠριππον
3055 5369 3116 5425 C.
3189 5372 3231 5404 ³⁸
3258 5373 3505 5444 ἱδρῶτας.
3540 5376 3767 5445 ίδρότας

505 5424 564 5501 1}.
641 5425 685 5456 “
726 5426 877 5501 μόνοι.
919 5426 1076 5501 μόνον
1108 5425 1207 5501 (3.⁸
1247 5427 1293 5457 ³³
1310 5443 1510 5501 ςγνωτεἒ
1534 5431 1841 5501 λγνωσησθεί
1869 5430 1911 5483 Β
1937 5431 2054 5493 ,Va.
2138 5431 2181 5464 ”
2208 5433 2307 5501 μὲν
2331 5429 2444 5487 οὖν.
2476 5450 2539 5499 γε
2566 5435 2672 5501 μὴν
2702 5435 2805 5489 Vb.
2873 5436 2917 5469 ³⁸
2948 5438 3261 5501 ἐπιθυμίαν.
3283 5442 3547 5501 εὐθυμίαν
3586 5446 3759 5501 Sirm.

2566 5435 2672 5512 μῂν
2702 5435 2832 5512 ῩΔὺς
2873 5436 3261 5512 ξ’μέπιθυμίαν.
3283 5435 3547 5512 εὐθυμίαν
3586 5435 3759 5502 Sinin:

507 5493 1606 5590 etesiae-.9152:entheas.
1633 5498 1685 5551 5-
1717 5493 1772 5551 'v-
1798 5500 2005 5590 ιιειιεμε·
2034 5502 2110 5590 si
2137 5493 2433 5590 υἱιταετει,
2451 5493 2539 5557 Ix
2698 5493 3763 5590 3°..evmamvaetum-tmr1661

505 5572 631 5647 ante
657 5564 1010 5650 ξαέαλέλριπε
1042 5580 1149 5650 om.
1185 5566 1242 5649 B:
1285 5567 1328 5597 ³⁸
1353 5568 1730 5650 εὐαρέστησιν.
1762 5564 2008 5650 εὐδοξιῶν
2034 5570 2135 5650 γρ,
2159 5580 2215 5625 et
2244 5571 2321 5626 sic
2351 5572 2508 5650 infra.
2533 5643 2543 5650 _
2588 5578 2631 5613 "
2662 5574 2724 5627 τὸ
2744 5576 2799 5650 δὲ
2828 5564 3054 5648 ταύτηςί
3086 5581 3138 5632 τί
3167 5564 3222 5633 δέ
3247 5564 3418 5650 αὐτῆς
3545 5583 3590 5614 ⁵⁸

507 5634 631 5722 τεὺς
660 5632 786 5722 Β
840 5634 899 5722 ιζί
922 5635 1163 5722 magia.”
1176 5637 1320 5703 κάκη
1341 5632 1473 5722 ,Βκς
1490 5634 1537 5722 ⁸2
1560 5632 1787 5722 τούτοις.
1814 5638 2054 5722 τούτουςλ
2075 5640 2136 5722 ιξ,
2173 5649 2249 5721 ct_
2263 5655 2386 5695 mox
2428 5643 2686 5722 ἐκείνους.
2750 5644 2799 5677 ’⁵³
2824 5632 3057 5719 έκὰστῷ.
3100 5632 3545 5722 ὲκείνῷᾞίιῖήλδ
3570 5632 3763 5719 ὡῖόξζ

506 5699 675 5766 οὕτως
704 5700 766 5755 C.
839 5703 884 5737 ⁸³
913 5699 1597 5775 ὐπελάμὼνενζύπέλαϐεν
1630 5706 1688 5772 Β,
1719 5707 1780 5761 C.
1856 5707 1902 5740 *θ
1926 5707 2002 5778 τῷ
2020 5699 2154 5780 θεῷ.
2182 5709 2259 5779 τῷ
2283 5726 2392 5765 om.
2425 5711 2486 5778 Β,
2516 5722 2571 5768 et
2601 5699 2723 5769 mox
2753 5730 2862 5771 om.
2887 5699 3003 5789 τού]
