4066 6422
344 391 477 457 1097

869 391 1308 451 ΟΒλΕΟΑΒΗΜ
1346 391 1644 450 AFFECT.
1680 390 1910 451 CURA’]

2020 390 2213 449 .-XI.
2256 391 2353 449 DE
2390 392 2569 451 FINE
2610 392 2703 452 ET
2742 392 3066 453 JUDICIO.

3460 393 3597 462 1093

342 501 470 573 περὶ
520 499 621 568 τὴν
673 498 905 569 μίμησιν
942 499 1051 551 τῶν
1097 497 1257 550 θείων
1302 496 1346 527 ⁸⁷
1387 495 1727 567 παραίνεσις*
1777 497 1810 565 ὴ
1855 495 1910 549 δὲ

2016 493 2291 549 Bonorum
2319 495 2466 550 enim
2489 496 2654 549 finem
2678 497 2891 561 statuit,
2913 496 3048 561 Deo,
3073 496 3254 566 quoad
3281 513 3594 568 possumus,

346 586 514 661 [1:06],
547 587 698 641 κατὰ
724 587 791 640 τὸ
827 586 1113 652 δυνατὸν,
1143 585 1427 658 προσθήκη
1459 586 1916 657 ἀξιαγαστότερον

336 680 433 732 τὸν
461 680 586 749 ὅρον
612 677 891 749 ἀπέφηνεν
912 678 978 732 ⁸⁸.
1002 679 1078 732 υύ
1106 679 1215 751 γὰρ
1240 678 1285 711 ⁸⁸
1317 679 1457 732 κατά
1490 680 1667 733 πάντα
1693 677 1916 731 δυνατὸν

339 765 493 839 [155]
531 767 864 838 ὁμοιωθῆναι
889 767 1027 840 Θεῷ.
1073 768 1198 833 Πῶς
1232 768 1341 839 γὰρ
1370 768 1435 822 ἄν
1475 786 1560 832 τις
1593 769 1786 839 ὁρατὸς
1840 767 1915 822 ὢν

333 860 629 931 ὁμοιωθείη
661 861 706 893 ⁸ο
735 859 814 933 τῷ
847 860 1086 931 ἀοράτῳο
1130 860 1222 913 καὶ
1254 859 1459 931 βραχὺς
1497 858 1593 923 ὢν,
1638 861 1732 913 καὶ
1766 860 1916 930 τόπῳ

336 949 560 1021 σμικρῷ
606 951 1120 1022 περιγεγραμμένος
1164 951 1234 1015 δ’,
1286 951 1365 1021 τῷ
1406 951 1770 1022 ἀπεριγράφῳ
1822 951 1916 1004 καὶ

331 1040 436 1112 τὴν
487 1042 664 1095 κτίσιν
717 1041 764 1073 ⁸⁸
796 1042 1095 1111 συνέχοντιο
1128 1041 1225 1095 καὶ
1266 1037 1334 1095 αὖ
1374 1041 1534 1096 πάλιν
1579 1042 1658 1112 τῷ
1686 1041 1911 1113 αἰωνίῳ,

332 1132 652 1203 πρόσφατος
700 1132 795 1185 ὤν’
832 1134 927 1188 καὶ
974 1132 1053 1204 τῷ
1093 1134 1162 1187 τὰ
1205 1135 1251 1166 ⁸³
1281 1135 1461 1189 πάντα
1504 1134 1909 1205 τεκτηναμένῳ,

335 1223 476 1294 μηδὲ
508 1225 777 1294 πηχυαῖον
805 1223 851 1256 δ”
884 1224 1112 1299 ούρανὺν
1148 1226 1550 1298 δημιουργῆσαι
1581 1225 1910 1296 δυνάμενος;

334 1315 631 1386 Τοιγάρτοι
656 1314 777 1369 οὔτε
797 1315 896 1386 τὴν
927 1316 1086 1385 φύσιν
1116 1318 1353 1389 ἐκείνην,
1385 1317 1509 1371 οὗτε
1538 1317 1637 1387 τὴν
1659 1316 1909 1386 δύναμιν,

332 1403 458 1458 οὕτε
498 1406 605 1477 μὴν
638 1406 737 1478 τὴν
765 1406 957 1475 σοφίαν
994 1408 1338 1477 μιμήσασθαι
1374 1408 1618 1461 δυνατόν’
1647 1407 1741 1461 τοῦ
1780 1408 1913 1475 ἀγα-

335 1495 429 1548 θοῦ
474 1496 660 1566 μέντοι
692 1498 784 1550 καὶ
810 1497 1017 1551 δικαίου
1051 1499 1145 1551 καὶ
1176 1499 1384 1570 ἡμέρου
1411 1499 1506 1551 καὶ
1528 1496 1911 1566 φιλανθρώπου

329 1584 538 1648 τύπους
563 1587 828 1658 ἁμηγέπη
856 1587 1009 1651 τινὰς
1034 1589 1376 1658 ὲκμάξασθαι
1397 1583 1507 1641 οἷόν
1527 1605 1606 1642 τε.
1629 1587 1738 1641 Καὶ
1752 1588 1860 1658 γὰρ
1885 1589 1914 1641 6

328 1678 610 1747 Δεσπότης
636 1679 869 1750 Χριστὸς
889 1679 1092 1749 ταύτην
1114 1684 1227 1745 τοῖς
1250 1681 1584 1752 τελειότητος
1605 1679 1914 1750 ἐφιεμένοις

326 1771 434 1841 τὴν
464 1770 697 1841 μίμησιν
724 1771 1023 1842 προύθηκε·
1065 1790 1083 1823 ι
1112 1771 1328 1825 Γίνεσθε
1350 1773 1477 1843 γάρ,
1506 1772 1690 1840 φησὶν,
1715 1769 1915 1842 οίκτίρ-

2019 585 2226 641 similes
2263 586 2402 641 ﬁeri.
2446 587 2761 643 Laudabilis
2793 603 2925 643 sane
2958 587 3293 655 adhortatio,
3327 606 3450 661 quae
3494 609 3598 649 nos

2017 678 2085 734 ad
2111 678 2424 733 divinorum
2462 680 2823 735 imitationem
2858 680 3070 736 invitat.
3104 682 3199 737 Illa
3232 691 3415 738 tamen
3438 685 3595 741 addi—

2018 768 2116 834 tio,
2149 769 2325 841 quoad
2367 785 2661 840 possumus,
2704 770 3169 826 admirabiliorem
3218 771 3594 830 definitionem

2017 858 2221 913 reddit.
2278 860 2465 930 Neque
2513 860 2661 930 enim
2707 860 2825 916 fieri
2868 869 3050 930 potest
3098 869 3162 915 ut
3200 878 3594 934 usquequaque
3696 856 3705 863 ’

2017 951 2035 970 ¹
2066 951 2179 1006 Deo
2213 951 2419 1007 similes
2459 953 2775 1006 evadamus.
2822 951 2942 1018 Quo
2985 953 3135 1007 enim
3174 964 3333 1022 pacto
3380 956 3475 1025 qui
3507 966 3594 1012 est

2015 1041 2252 1097 visibilis
2281 1042 2613 1119 invisibilem
2636 1042 2939 1112 exprimat;
2976 1050 3032 1098 et
3055 1044 3151 1112 qui
3177 1044 3363 1101 brevis
3392 1054 3496 1110 est,
3527 1061 3593 1101 ac

2016 1132 2212 1202 exiguo
2254 1132 2378 1187 loco
2422 1133 2794 1198 concluditur,
2839 1134 3016 1198 illum,
3045 1134 3139 1203 qui
3172 1142 3326 1189 extra
3373 1152 3591 1192 omnem

2017 1224 2313 1279 terminum
2355 1225 2692 1280 constitutus
2738 1226 2855 1294 ipse
2900 1226 3146 1280 continet
3189 1228 3480 1294 universa;
3529 1245 3594 1285 ac

2017 1328 2209 1368 rursus
2234 1314 2326 1384 qui
2368 1330 2562 1369 recens
2592 1324 2696 1380 est,
2725 1324 3023 1381 aeternum;
3054 1324 3111 1370 et
3132 1332 3317 1373 rerum
3347 1318 3592 1374 omnium

2015 1403 2357 1458 conditorem
2396 1405 2443 1459 is
2484 1404 2577 1475 qui
2628 1421 2698 1459 ne
2736 1405 2901 1460 unius
2953 1407 3175 1475 quidem
3217 1408 3360 1465 ulna:
3391 1409 3593 1464 caelum

2015 1494 2189 1564 possit
2237 1495 2515 1551 condere?
2554 1496 2722 1568 986
2749 1496 2897 1551 Nulli
2928 1504 3013 1552 est
3059 1513 3193 1567 ergo
3243 1514 3348 1554 nec
3394 1510 3594 1555 natura
3630 1534 3639 1542 ο

2016 1586 2128 1651 illa,
2156 1601 2259 1641 nec
2288 1586 2551 1656 potentia,
2584 1603 2685 1642 nec
2727 1586 2994 1656 sapientia
3038 1586 3341 1643 imitabilis.
3374 1589 3593 1645 Bonita-

2015 1677 2087 1731 tis
2111 1692 2263 1743 sane,
2290 1678 2650 1747 iustitiaeque,
2676 1692 2742 1732 ac
2770 1678 3229 1744 mansuetudinis,
3258 1688 3315 1734 et
3338 1680 3594 1735 humani-

2015 1768 2143 1823 tatis
2185 1768 2384 1825 divinze
2428 1778 2581 1840 typos
2615 1768 2830 1838 aliquos
2860 1783 3082 1837 quoquo
3125 1769 3290 1825 modo
3335 1769 3591 1841 eﬂingere

328 1880 518 1934 μονες,
569 1862 752 1926 καθὼς
805 1864 901 1917 καὶ
944 1865 990 1896 ⁵⁵
1049 1866 1078 1917 6
1123 1863 1314 1934 Πατὴρ
1373 1864 1527 1933 ὑμῶν
1583 1865 1612 1916 6
1660 1863 1909 1933 οὐράνιος

2013 1860 2140 1915 licet
2157 1900 2173 1926 ,
2206 1860 2653 1930 quandoquidem
2680 1860 2934 1915 Christus
2959 1860 3224 1917 Dominus
3256 1861 3325 1916 iis
3347 1862 3442 1931 qui
3465 1878 3590 1932 per-

325 1953 632 2024 οἰκτίρμων
662 1954 829 2008 ἐστίν⁹
873 1955 956 2007 ὅτι
990 1954 1270 2008 ἀνατέλλει
1303 1954 1393 2007 τὸν
1428 1957 1579 2027 ἥλιον
1609 1955 1774 2009 αὐτοῦ
1818 1955 1912 2008 ἐπὶ

328 2041 601 2110 πονηροὺς
645 2042 738 2095 καὶ
783 2041 1041 2110 ἀγαθοὺς,
1084 2044 1177 2097 καὶ
1206 2043 1390 2115 βρέχει
1413 2044 1509 2097 ἐπὶ
1536 2045 1784 2107 δικαίους
1817 2045 1911 2098 καὶ

326 2130 569 2192 ἀδίκους.
604 2151 623 2182 ι
662 2132 772 2185 Καὶ
799 2133 828 2185 6
859 2134 955 2187 τοῦ
991 2134 1279 2199 Πλάτωνος
1307 2135 1362 2188 δὲ
1392 2135 1711 2200 διδάσκαλος
1743 2139 1771 2191 6
1795 2138 1909 2190 Σω-

326 2223 627 2290 φρονίσκου
656 2223 974 2294 Σωκράτης,
997 2226 1059 2278 ού
1094 2225 1188 2279 τὸν
1217 2224 1434 2295 πλούτῳ
1459 2227 1908 2297 περιρρεόμενον,

326 2315 429 2367 καὶ
484 2312 545 2376 ἐξ
601 2315 799 2387 ούρίων
853 2316 1174 2386 φερόμενον,
1242 2316 1381 2391 ἅλλα
1436 2317 1529 2372 τὸν
1592 2318 1911 2393 δικαιοσύνῃ

328 2403 733 2473 κοσμούμενον,
762 2405 1056 2477 εὐδαίμονα
1079 2406 1267 2460 είωθεν
1292 2408 1338 2440 ⁸⁸
1360 2407 1562 2462 καλεῖν·
1581 2409 1676 2463 καὶ
1695 2410 1911 2474 ἀσεϐεῖς

324 2491 580 2562 ὠνόμαζε
611 2495 739 2557 τοὺς
776 2495 837 2547 τὸ
873 2495 1148 2567 ξυμφέρον
1173 2496 1268 2550 τοῦ
1296 2497 1509 2551 δικαίου
1548 2498 1906 2569 χωρίζονταςο

329 2583 496 2651 μόνον
526 2582 631 2655 γὰρ
658 2578 1099 2656 εἶναι’ξυμφέρον
1123 2586 1183 2639 τὸ
1211 2586 1417 2642 δίκαιον
1448 2588 1651 2657 ἔλεγεν.
1678 2590 1740 2643 Ol
1759 2588 1816 2644 δέ
1844 2606 1907 2659 γε

326 2674 556 2747 ῥήτορες
580 2673 783 2728 τούτων
823 2677 1032 2730 ἐπαΐειν
1066 2676 1175 2731 τῶν
1200 2677 1373 2747 λόγων
1402 2679 1503 2732 οὐκ
1529 2679 1718 2751 ἤθελον
1738 2694 1750 2709 ·
1780 2679 1908 2736 ἄλλο

325 2765 441 2833 γάρ
490 2782 542 2817 τι
587 2768 736 2837 παρὰ
773 2766 833 2819 τὸ
877 2768 1151 2840 ξυμφέρον
1193 2764 1333 2822 εἶναι
1375 2769 1436 2824 τὸ
1458 2769 1664 2823 δίκαιον
1698 2770 1904 2840 ελεγον,

325 2855 648 2927 ἀξύμφορον
697 2857 868 2930 ταύτῃ
926 2876 1005 2929 πη
1059 2859 1120 2913 τὸ
1175 2860 1449 2932 ξυμφέρον
1485 2861 1793 2927 δεικνύντες
1822 2863 1902 2895 ⁸⁷·

325 2946 517 3001 ἄδικον
545 2949 654 3019 γὰρ
685 2948 976 3019 δήπουθεν,
1021 2950 1081 3004 τὸ
1110 2950 1202 3004 τοῦ
1233 2952 1441 3008 δικαίου
1479 2952 1903 3022 κεχωρισμένον*

325 3038 393 3091 τὺ
418 3038 475 3091 δέ
506 3056 570 3107 γε
596 3039 802 3104 ἄδικον,
839 3040 1125 3112 βλαϐερόν·
1155 3042 1216 3095 τὸ
1239 3042 1294 3094 δὲ
1320 3042 1582 3114 βλαϐερὸν
1611 3044 1679 3108 ⁸⁸,
1704 3044 1804 3097 οὐκ
1839 3043 1907 3098 ἂν

324 3130 557 3196 εἰκότως
599 3132 823 3205 κληθείη
852 3133 1147 3206 ξυμφέρον.
1186 3133 1244 3187 Ὀ
1283 3135 1383 3205 μὲν
1418 3131 1512 3189 οὖν
1552 3135 1779 3190 Πλάτων
1812 3136 1907 3190 καὶ
1932 3174 1976 3231 c

325 3222 629 3293 Σωκράτης
687 3224 780 3279 καὶ
845 3223 1108 3296 ξύμφωνα
1171 3226 1377 3297 ἐφάτην
1443 3225 1539 3280 καλ⁵
1594 3225 1903 3292 ἀξιέπαινα⁶

340 3312 720 3386 Ἀριστοτέλης
751 3315 827 3382 δὲ,
856 3316 954 3386 τῆς
990 3318 1270 3381 Πλάτωνος
1298 3316 1641 3381 διδασκαλίας
1672 3317 1908 3387 μεταλαο

326 3405 464 3478 χὼν,
488 3408 691 3461 τούτων
725 3409 827 3461 ούκ
854 3407 1108 3463 ἀπώνατο
1131 3409 1239 3464 τῶν
1264 3411 1572 3481 δογμάτων,
1596 3409 1733 3463 ἀλλὰ
1767 3409 1830 3477 ξυ
1838 3426 1907 3479 μ-

327 3497 673 3569 π>.ηροῦσθαι
691 3500 787 3569 τὴν
815 3499 1165 3570 εὐδαιμονίαν
1185 3502 1249 3556 ὲκ
1276 3500 1582 3571 τριγενείας
1611 3500 1656 3532 ⁸⁹
1688 3499 1815 3572 ἔφη,
1844 3501 1909 3553 ὲκ

327 3588 440 3642 τῶν
475 3588 616 3640 κατὰ
647 3588 846 3661 ψυχὴν,
878 3591 941 3644 ἐκ
964 3592 1071 3644 τῶν
1108 3591 1249 3645 κατὰ
1281 3592 1462 3662 σῶμα,
1497 3594 1564 3646 ὲκ
1594 3590 1704 3645 τῶν
1730 3591 1905 3655 ἐκτόςο

325 3679 529 3750 χρῆναι
557 3679 664 3751 γὰρ
692 3681 783 3734 τὸν
803 3682 1093 3752 εὐδαίμονα
1121 3682 1271 3752 ἔλεγε
1302 3683 1377 3755 μὴ
1408 3683 1569 3754 μόνον
1607 3684 1773 3757 ἀρετῇ
1818 3701 1909 3739 κο-

332 3768 614 3838 σμεῖσθαι,
644 3768 776 3822 ἀλλὰ
802 3771 893 3823 κα)⁸
914 3771 1105 3842 ῥώμην
1131 3772 1276 3843 ἔχειν
1302 3772 1368 3839 ⁸ο,
1385 3774 1481 3826 καὶ
1501 3773 1620 3845 ὥρᾳ
1646 3773 1906 3844 λάμπειν,

329 3858 429 3911 καὶ
458 3858 674 3929 πλούτῳ
713 3862 1116 3933 περιρῤεῖσθαν
1148 3863 1240 3917 τὸν
1268 3863 1324 3917 δέ
1352 3880 1496 3927 τινος
1523 3863 1727 3917 τούτων
1757 3867 1910 3917 ἐστε-

332 3948 575 4020 ρημένον
596 3950 796 4020 ἥκιστα
833 3951 1117 4007 καλεῖσθαι
1146 3954 1456 4024 εὐδαίμονα.
1488 3954 1709 4009 Μᾶλλον
1740 3954 1797 4006 δὲ
1817 3946 1908 4006 οἶ)-

329 4056 447 4104 τος,
473 4039 549 4103 ὡς
587 4040 782 4108 ἔοικεν,
815 4043 1146 4115 ἠκολούθησε
1177 4046 1219 4077 ⁸³
1254 4046 1522 4117 Σιμωνίδῃ
1568 4044 1644 4115 τῷ
1685 4047 1904 4116 ποιητῇ.

343 4129 586 4195 Ἐκεῖνος
619 4133 727 4201 γὰρ
748 4132 872 4204 ἔφη’

2012 1949 2304 2007 fectionem
2327 1952 2544 2021 assequi
2567 1951 2882 2021 cupiebant,
2906 1950 3267 2006 imitationem
3291 1952 3435 2006 hanc
3462 1968 3590 2023 pro-

2012 2042 2236 2112 posuit:
2276 2061 2294 2094 ι
2334 2042 2521 2097 Estote
2551 2041 2954 2106 misericordes,
2991 2042 3191 2111 inquit,
3222 2041 3366 2097 sicut
3396 2050 3452 2097 et
3489 2042 3592 2098 Pa-

2013 2139 2098 2186 ter
2126 2141 2311 2187 vester
2338 2131 2578 2187 caelestis
2622 2130 2934 2186 misericors
2976 2138 3060 2185 cst
3093 2148 3107 2183 :
3142 2131 3253 2201 qui.
3279 2130 3413 2186 oriri
3460 2130 3591 2187 facit
3674 2200 3679 2205 η

2012 2221 2184 2276 solem
2214 2237 2375 2277 suum
2406 2236 2572 2291 super
2609 2220 2781 2275 malos
2818 2228 2874 2274 et
2918 2220 3113 2286 bonos,
3144 2229 3200 2275 et
3240 2221 3382 2291 pluit
3423 2236 3590 2291 super

2006 2312 2186 2383 justos
2221 2319 2277 2367 et
2312 2313 2547 2383 injustos
2591 2311 2639 2367 ἀ.
2695 2330 2714 2364 ι
2764 2310 3006 2368 Platonis
3037 2327 3255 2383 quoque
3286 2319 3592 2382 praeceptor

2012 2404 2284 2467 Socrates,
2314 2404 2459 2459 filius
2481 2402 2859 2473 Sophronisci,
2880 2418 2994 2458 non
3014 2402 3225 2459 divitiis
3249 2402 3587 2471 afﬂuentem,

2009 2508 2188 2564 neque
2215 2495 2458 2549 secundo
2485 2502 2651 2571 vento
2685 2501 2950 2557 utentem,
2987 2493 3085 2548 sed
3122 2494 3336 2564 justitia
3359 2508 3589 2550 exorna-

2010 2594 2148 2651 tum,
2178 2585 2392 2641 felicem
2426 2584 2640 2640 solebat
2666 2584 2940 2654 appellare
2968 2601 2980 2636 :
3016 2583 3323 2653 impiosque
3354 2583 3589 2639 vocabat

2008 2692 2125 2743 eos,
2169 2677 2264 2747 qui
2307 2677 2602 2732 utilitatem
2649 2692 2680 2731 a
2719 2675 2934 2747 justitia
2979 2676 3332 2746 sejungerent
3363 2693 3377 2729 :
3407 2676 3585 2736 solum

2008 2769 2155 2824 enim
2189 2769 2324 2824 utile
2352 2769 2460 2824 hoc
2483 2767 2723 2823 ducebat
2773 2766 2921 2837 quod
2940 2767 3171 2836 justum.
3200 2765 3462 2823 Oratores
3487 2781 3588 2822 au-

2009 2867 2121 2914 tem
2160 2859 2249 2914 his
2274 2859 2437 2913 dictis
2471 2873 2635 2914 aures
2673 2857 3090 2912 accommodare
3125 2858 3446 2913 noluerunt.
3488 2857 3586 2913 Di-

2011 2966 2229 3007 versum
2253 2951 2398 3005 enim
2438 2950 2506 3005 ab
2536 2950 2658 3005 utili
2681 2950 2891 3020 justum
2918 2964 3037 3004 esse
3064 2948 3340 3014 dicebant,
3373 2948 3479 3004 hac
3501 2964 3589 3003 ra-

2010 3041 2159 3097 tione
2205 3041 2500 3097 utilitatem
2545 3041 2694 3096 omni
2728 3040 2965 3096 utilitate
2985 3055 3197 3095 cassam
3225 3041 3587 3111 assignantes.

2011 3132 2146 3188 Nam
2167 3132 2431 3204 iniustum
2452 3132 2697 3203 profecto
2714 3140 2799 3187 est
2817 3130 2965 3201 quod
2986 3131 3199 3202 justitia
3223 3138 3374 3186 caret
3399 3148 3413 3186 :
3441 3130 3590 3202 quod

2011 3237 2145 3277 vero
2178 3221 2461 3292 injustam,
2490 3222 2635 3277 idem
2656 3230 2713 3276 et
2739 3221 2966 3276 noxium
2996 3238 3009 3274 :
3037 3219 3185 3291 quod
3207 3236 3338 3275 vero
3364 3220 3591 3276 noxium

2012 3321 2117 3374 cst,
2163 3309 2296 3364 utile
2332 3309 2519 3365 vocari
2546 3318 2913 3380 congruenter
2936 3323 3046 3362 non
3078 3316 3278 3379 potest.
3307 3309 3461 3363 Plato
3485 3308 3594 3379 igi-

2016 3407 2127 3465 tur,
2155 3408 2210 3455 et
2244 3399 2526 3465 Socrates,
2567 3409 2624 3455 et
2647 3415 2915 3466 consona,
2943 3406 3001 3455 et
3041 3399 3203 3455 laude
3236 3399 3400 3471 digna
3438 3399 3593 3455 dixe-

2016 3499 2164 3545 runt.
2209 3491 2535 3547 Aristoteles
2578 3500 2762 3547 autem
2796 3491 2895 3562 (l),
2937 3490 3181 3547 Platonis
3217 3490 3436 3546 auditor
3463 3506 3588 3546 cum
3639 3513 3649 3521 -

2014 3581 2202 3649 fuerit,
2237 3598 2305 3638 ex
2336 3584 2499 3656 hujus
2545 3583 2793 3639 doctrina
2835 3598 3029 3653 parum
3068 3581 3302 3652 profecit
3336 3599 3350 3636 :
3383 3581 3479 3637 sed
3520 3597 3590 3640 ex

2016 3674 2219 3745 triplici
2247 3674 2517 3729 bonorum
2542 3687 2762 3744 genere,
2793 3672 2847 3726 id
2870 3678 2972 3737 est,
2998 3671 3213 3736 animae,
3235 3671 3501 3741 corporis,
3524 3686 3591 3727 ac

2011 3763 2178 3835 987
2208 3764 2449 3821 externis
2477 3762 2656 3827 bonis,
2683 3761 2897 3833 plenam
2938 3760 3254 3816 felicitatem
3300 3759 3416 3815 fieri
3446 3759 3591 3815 alIir-

2012 3856 2200 3912 mavit.
2245 3856 2443 3913 Aiebat
2482 3856 2652 3920 enim,
2682 3854 2779 3924 qui
2822 3868 2953 3909 vere
2995 3852 3123 3908 felix
3169 3852 3458 3908 habendus
3498 3852 3588 3918 sit,

2012 3964 2141 4004 eum
2165 3963 2276 4003 non
2314 3946 2479 4004 modo
2503 3946 2707 4001 virtute
2739 3944 3017 4000 excultum
3049 3959 3168 3999 esse
3194 3950 3467 4013 oportere,
3493 3942 3592 3998 sed

2012 4048 2071 4095 et
2096 4038 2318 4093 robusta
2344 4036 2633 4107 praeditum
2660 4034 2994 4099 valetudine,
3020 4045 3077 4088 et
3099 4033 3272 4088 forma
3296 4033 3588 4104 insignem,

2013 4137 2071 4187 et
2105 4128 2312 4185 divitiis
2339 4127 2652 4183 afﬂuentem
2681 4143 2692 4177 :
2719 4126 2815 4194 qui
2846 4132 3031 4180 autem
3058 4124 3255 4178 horum
3280 4130 3464 4178 careat
3491 4123 3591 4178 ali-

329 4237 468 4292 quo,
497 4223 713 4278 felicem
755 4227 1140 4299 appellandum
1187 4245 1298 4285 non
1336 4244 1478 4285 esse.
1512 4229 1610 4285 Ilic
1651 4243 1803 4292 vero,
1849 4235 1910 4282 ut
1946 4223 2168 4295 quidem
2226 4220 2466 4282 videtur,
2495 4216 2791 4272 Simonidae
2849 4216 3032 4288 potius
3058 4221 3232 4284 poeta:
3261 4213 3589 4270 sententiam

329 4326 556 4375 secutus
583 4329 685 4373 est.
719 4320 771 4375 Is
804 4322 950 4377 enim
985 4323 1065 4379 sic
1094 4323 1171 4377 ait
1198 4342 1211 4377 :

523 4434 842 4507 Ὑγιαίνειν
865 4439 982 4506 μὲν
1010 4439 1261 4507 ἄριστον
1285 4439 1458 4507 ἀνδρί
1476 4440 1552 4473 οι.

511 4505 906 4579 Δάιειξτιιιυοιιέδὲ,
938 4505 1100 4577 φυὰν
1125 4512 1319 4564 καλὸν
1348 4505 1623 4579 γενέσθαι
1646 4524 1658 4538 ο

520 4576 724 4643 Τρίτον
752 4576 840 4643 δὲ,
870 4576 1156 4631 πλουτεῖν
1193 4576 1447 4647 ἀδόλως.

330 4685 448 4741 Καὶ
483 4685 513 4737 6
540 4686 760 4758 Θέογνις
779 4688 822 4721 ⁸³
849 4690 907 4749 δὲ
951 4691 1051 4761 τὴν
1090 4692 1279 4746 πενίαν
1319 4691 1540 4762 φεύγειν
1594 4691 1904 4761 παρεγγυᾷ,

327 4777 429 4830 καί
457 4795 587 4849 φησι
611 4794 628 4808 ·

328 4865 700 4961 Wffin?
726 4871 1595 4961 εξείπςίῑτςῖιιιαὲέςιίειαέιήτξιξ
1610 4870 1910 4961 ,ξένιον

429 4935 695 5007 Ρίπτειν,
720 4935 819 4993 καὶ
841 4935 1092 5008 πετρῶν,
1115 4935 1326 5010 Κύρνε,
1341 4935 1485 4995 ’κατδ
1515 4941 1835 5009 ἠλιϐάτων.

330 5046 400 5101 Ol
419 5046 474 5102 δὲ
492 5049 719 5105 Στωϊκοὶ
743 5053 960 5106 ἐναντία
979 5051 1185 5114 τούτοις
1200 5052 1245 5083 ⁸⁸
1267 5052 1525 5123 ἄντικρυς
1550 5051 1906 5122 ἐψηφίσαντο.

404 5162 435 5205 δ
460 5162 598 5221 Luc.
621 5181 698 5233 vi,
728 5168 816 5223 36.

2156 4431 2424 4502 Optimum
2451 4436 2527 4483 est
2566 4426 2886 4502 ΙιοιηίηὶηιιιΔ
2910 4424 3033 4477 bene
3064 4422 3273 4485 valeat;

2157 4494 2485 4562 Proximum,
2513 4506 2571 4551 ut
2600 4496 2734 4550 bona
2762 4495 2829 4548 sit
2858 4494 3065 4563 forma;
3134 4529 3142 4541 .

2157 4570 2410 4633 Tertium,
2442 4576 2500 4620 ut
2526 4568 2637 4620 sine
2669 4563 2787 4618 dolo
2816 4562 2883 4618 sit
2912 4562 3072 4616 dives.
3116 4622 3121 4633 ι

2016 4682 2293 4755 Theognis
2362 4680 2493 4735 item
2538 4685 2699 4749 poeta
2760 4683 3139 4747 paupertatem
3182 4671 3344 4728 vitari
3386 4670 3590 4728 adhor—

2016 4785 2164 4831 tatur
2190 4793 2203 4830 :

2012 4874 2027 4889 ‘
2058 4867 2390 4937 Puuperiem_
2405 4864 2631 4937 fugitare
2657 4862 2818 4937 decet,
2851 4859 3127 4937 pelagique
3151 4858 3245 4914 sub
3271 4858 3462 4921 undas,

2089 4931 2286 4992 Ver'tice
2310 4934 2390 4990 vel
2405 4931 2607 4988 'm'ontis
2634 4933 2839 4985 mittere
2864 4931 3201 5001 praecipitem.

2016 5047 2185 5103 Stoici
2222 5061 2353 5101 vero
2398 5044 2484 5098 his
2509 5042 2785 5098 contraria
2818 5048 3007 5112 aperte
3042 5048 3341 5097 sanxerunt
3372 5056 3386 5092 :
3426 5038 3593 5094 linem

1649 5226 1874 5283 VARUS
1912 5223 2315 5280 LECTIONES.

403 5322 455 5357 δ’
479 5323 658 5381 θείων.
692 5326 801 5397 θεῷ
822 5325 967 5397 addit
992 5322 1157 5397 C505
1177 5322 1340 5397 __Oaiou
1365 5323 1467 5378 Vb.
1498 5336 1600 5392 pro
1621 5320 1730 5374 τῶν
1765 5318 1952 5397 θείωνἰ
2017 5315 2067 5397 _"°
2099 5314 2400 5397 an‘écp'qvev:
2428 5315 2715 5397 ἀπέφηναν
2879 5313 2925 5397 δέ
2952 5304 3014 5366 οὗ
3042 5309 3150 5397 γάρ
3165 5307 3587 5397 -ιθειῖιῃοῃι

334 5396 385 5431 ⁸⁸
422 5397 739 5468 ὁμοιωθείη.
765 5385 1006 5468 δμοιωθῇ
1033 5395 1095 5451 C.
1173 5394 1218 5426 "
1248 5385 1542 5464 περιγεγρ.
1573 5407 1731 5473 γεγρ.
1765 5387 1828 5445 C.
1907 5388 1953 5419 ⁸⁸
1977 5387 2079 5455 τὴν
2100 5385 2299 5440 κτίσιν.
2332 5386 2600 5510 ignium.
2623 5385 2686 5441 C.
2776 5385 2825 5416 ⁸⁸
2853 5385 2922 5436 τὰ
2946 5396 3058 5437 om.
3085 5385 3145 5433 Β.
3230 5385 3587 5459 ⁵ζπιιιχυαῑον.

334 5468 572 5523 πηγαῖον
593 5467 655 5522 C.
757 5468 801 5501 ⁸⁵
831 5465 972 5523 litati
999 5480 1112 5522 om.
1144 5463 1185 5520 C
1211 5463 1305 5523 aui
1340 5478 1466 5517 mox
1491 5465 1667 5523 ἡμων.
1743 5459 1789 5492 ⁵⁸
1818 5456 2021 5523 εἰώθει,
2052 5455 2240 5511 εἴωθεν
2272 5455 2336 5518 B,
2415 5472 2467 5511 a.
2512 5456 2636 5509 Mox
2659 5453 2903 5517 εὐσεϐεῖς
2929 5453 2995 5523 Β.
3032 5519 3053 5523 Α
3073 5450 3119 5482 ⁵⁷
3144 5445 3587 5523 agmenagm-

331 5463 572 5550 πηχαὼν
757 5463 814 5501 ⁵⁵⁷
831 5463 1112 5550 natlem.
1144 5463 1185 5520 C
1211 5463 1305 5550 qui
1330 5463 1570 5550 ιῐιειηημ

335 5535 565 5608 κνύντες
593 5537 654 5608 Β.
680 5535 857 5608 δυρτᾶ
889 5535 1074 5608 ᾁξύμφ

1390 5534 1436 5566 ⁸⁸
1467 5528 1745 5603 βλαϐερὸν
1764 5544 1891 5603 om._
1910 5528 1970 5603 Β.

2424 5378 2686 5441 κτίσὲιὈ.
2776 5384 2825 5416 ⁸⁸
2853 5383 2922 5436 τὰ
2946 5378 3062 5437 om.
3085 5378 3145 5433 Β.
3230 5378 3275 5411 ⁵⁸
3296 5378 3588 5447 πηχυαῖον.

2074 5525 2119 5559 ⁸9
2151 5527 2216 5580 ὲκ
2258 5512 2568 5596 τριγενείας
2606 5541 2718 5596 om.
2746 5524 2849 5579 Vb.
2876 5512 2899 5596 ί
2957 5512 3206 5596 “Exuit;
3243 5517 3427 5596 ἔλεγεν
3452 5512 3517 5569 C.

336 5552 565 5599 κνυντες
593 5552 654 5592 b.
680 5552 857 5608 supra
889 5552 1201 5661 acuutpegov
1222 5552 1284 5589 ι...
1390 5552 1436 5566 ἠ’
1467 5552 1727 5603 ρλαοερον
1764 5552 1875 5586 oin.
1911 5552 1970 5583 υ.
2074 5552 2115 5559 -ν
2151 5552 2216 5580 εκ
2258 5552 2567 5596 τριγενειας
2608 5552 2718 5580 υιιι.
2758 5552 2849 5579 νυ.
2966 5552 2997 5554 η
3026 5552 3191 5589 eis".
3243 5552 3425 5599 ςτσμη
3454 5552 3517 5569 ν.

336 5605 771 5679 ⁶⁸μῆἕρλούθησι
804 5606 1067 5679 ἠκολούθη
1144 5646 1157 5660 .
1233 5605 1278 5639 ⁶¹
1313 5603 1486 5675 ἀνδρί.
1516 5601 1685 5671 ἄνδρα
1713 5599 1774 5655 Β.
1849 5600 1895 5632 ⁸³
1923 5600 1951 5653 6
1979 5598 2218 5666 Θέογνις.
2249 5598 2277 5649 ὁ
2308 5610 2418 5651 om.
2444 5594 2505 5649 Β.
2578 5595 2622 5627 ⁸³⁸
2653 5594 2795 5665 μέγα
2825 5594 2992 5664 κήτεα
3013 5589 3071 5642 B.
3145 5587 3191 5619 ⁸⁸
3211 5601 3441 5647 τούτοις.
3469 5579 3590 5637 τού-

330 5674 416 5747 τῷ
443 5675 547 5732 Vb.

403 5777 479 5854 (ί)
504 5784 641 5842 Vide
676 5771 850 5840 Clem.
888 5780 1043 5837 Alex.
1084 5779 1281 5837 Strom.
1333 5795 1392 5843 ιι,
1436 5794 1493 5849 p.
1519 5776 1656 5845 496;
1696 5793 1768 5844 tv,
1797 5791 1853 5847 p.
1883 5775 2008 5832 575.

658 5879 929 5940 ΡΑτιιοι..
955 5875 1076 5937 Gn.
1108 5873 1445 5936 LXXXIII.

3200 5854 3274 5919 35
