4066 6428
504 396 640 459 1099

1489 345 1984 454 THEODORETl
2017 392 2355 453 EPISCOPI
2383 395 2750 456 CYRENSIS

3618 395 3758 459 118-0

500 508 649 563 enim
698 507 937 562 hominis
986 506 1354 572 deﬁnierunt,
1409 517 1660 561 naturam
1713 507 1838 560 vita:
1885 504 2076 559 ducem

2187 507 2258 559 Τὸ
2285 507 2394 577 γὰρ
2423 507 2731 572 ἀκολούθως
2763 510 2828 578 τῇ
2855 506 3014 578 φύσει
3046 507 3145 579 ζῇν
3175 508 3442 576 ὡρίσαντο
3463 507 3636 570 τέλος,
3661 509 3760 562 καὶ

502 600 678 670 sequi.
713 601 962 654 Animam
991 615 1209 669 quoque
1237 599 1403 653 iidem
1436 598 1713 660 dixerunt,
1744 612 1924 665 neque
1968 596 2079 649 uti-

500 693 671 748 litatis
697 709 727 745 a
758 707 1007 760 corpore,
1038 706 1216 760 neque
1257 689 1572 744 detrimenti
1606 689 1902 758 quidquam
1936 687 2082 741 acci-

505 799 653 853 pere.
681 783 815 837 Nam
850 798 1028 851 neque
1062 783 1130 836 ad
1164 783 1425 836 virtutem
1459 780 1851 850 capessendam
1879 779 2083 834 sanitas

504 876 776 930 nolentem
803 875 1083 943 compellit
1107 891 1120 926 :
1143 889 1324 942 neque
1354 872 1421 927 ad
1448 872 1641 926 vitium
1667 880 1868 940 praeter
1891 871 2077 924 volun-

504 975 670 1021 tatem
699 951 870 1020 trahit
899 965 1189 1034 argritudo.
1226 964 1352 1018 Haec
1389 964 1537 1018 enim
1567 963 1936 1018 indifferentia
1965 962 2082 1017 aie-

503 1059 635 1112 bant
670 1073 811 1113 esse.
855 1057 993 1110 Illud
1034 1071 1166 1110 vero
1203 1056 1524 1110 eorumdem
1572 1056 1834 1110 audacius
1878 1061 1963 1108 est
1995 1054 2084 1107 di-

502 1158 650 1202 ctum
681 1164 694 1200 :
729 1147 822 1201 Dei
851 1147 998 1201 enim
1026 1159 1083 1200 et
1122 1147 1362 1201 hominis
1395 1147 1642 1201 eamdem
1673 1145 1932 1200 virtutem
1961 1159 2083 1198 esse

503 1237 840 1292 asserebant.
871 1236 940 1291 At
977 1237 1266 1306 Epicurus,
1314 1237 1399 1291 his
1432 1237 1762 1291 contrariam
1809 1236 1953 1291 viam
1995 1235 2081 1288 in-

504 1343 743 1398 gressus,
787 1328 1104 1383 felicitatem
1150 1329 1390 1382 hominis
1421 1343 1540 1382 eam
1571 1327 1838 1392 deﬁnivit,
1875 1337 1935 1380 ut
1981 1341 2084 1379 nec

504 1421 724 1484 famem,
754 1435 856 1474 nec
885 1420 1032 1474 sitim
1062 1419 1329 1488 patiatur;
1360 1428 1411 1473 et
1439 1435 1565 1474 eum
1617 1420 1711 1490 qui
1752 1420 1839 1474 his
1867 1419 2083 1474 fruere-

507 1519 626 1572 tur,
673 1509 891 1563 dicehat
925 1509 1010 1562 vel
1059 1523 1183 1562 cum
1221 1508 1390 1578 988
1437 1509 1571 1564 Jove
1623 1519 1778 1578 patre
1837 1524 2082 1579 pugnare

503 1617 663 1671 posse
693 1619 704 1653 :
737 1599 803 1654 ad
831 1609 1034 1654 tantam
1062 1600 1214 1653 illum
1247 1600 1585 1669 impietatem
1606 1601 1906 1670 voluptatis
1928 1615 2084 1654 amor

502 1689 725 1745 erudiit.
775 1689 964 1758 Neque
1015 1688 1163 1742 enim
1213 1689 1391 1742 solum
1439 1688 1494 1742 id
1543 1703 1745 1742 nomen
1791 1689 2082 1758 quisquam

501 1789 730 1849 spectet,
763 1779 907 1849 quod
947 1781 1035 1834 ille
1077 1779 1386 1844 deridebat,
1431 1780 1622 1835 Jovem
1656 1780 1934 1836 videlicet.
1970 1782 2081 1836 To-

2182 598 2280 668 τὴν
2307 597 2486 668 ψυχὴν
2511 598 2719 665 ἔφασαν
2752 598 2916 668 μηδὲν
2948 599 3052 651 ύπδ
3081 597 3176 651 τοῦ
3205 598 3454 669 σώματος
3485 599 3517 669 ἢ
3543 599 3588 629 ⁸⁸
3614 600 3761 667 ὠφε-

2181 689 2391 742 λεῖσθαι
2419 690 2450 759 ἥ
2489 689 2820 758 βλάπτεσθαι
2841 705 2854 719 ’
2881 688 3003 742 οὔτε
3039 691 3149 758 γὰρ
3174 690 3255 752 είς
3290 689 3492 760 ἀρετὴν
3523 690 3692 760 αὐτὴν
3722 691 3757 758 ἡ

2183 778 2340 846 ὑγεία
2365 779 2407 810 ⁸⁷
2440 780 2516 849 μὴ
2558 778 2886 849 βουλομένην
2932 779 3198 848 βιάζεται,
3249 777 3373 832 οὕτε
3425 782 3506 842 είς
3558 781 3764 834 κακίαν

2183 870 2336 941 παρὰ
2363 869 2639 942 γνώμηνὴ
2665 871 2820 934 νόσος
2846 871 3101 925 καθέλκει
3123 889 3138 903 ο
3163 871 3430 942 ἀδιάφορα
3449 873 3556 942 γὰρ
3586 873 3762 926 ταῦτα

2183 961 2370 1028 ἔλεγον
2404 957 2562 1015 εἶναι.
2611 963 2817 1014 Ἐκεῖνο
2843 961 2900 1015 δέ
2929 979 2991 1030 γε
3017 962 3196 1014 αὐτῶν
3227 962 3420 1032 κομιδῇ
3453 962 3726 1032 τολμηρόν
3745 979 3758 993 ’

2183 1049 2471 1120 ἀνθρώπου
2515 1049 2665 1121 [154]
2712 1050 2822 1118 γάρ
2873 1049 3000 1121 [τοι]
3036 1049 3084 1083 ⁸⁸
3131 1051 3224 1102 καὶ
3261 1050 3396 1103 Θεοῦ
3441 1051 3540 1122 τὴν
3589 1050 3765 1120 αὐτὴν

2183 1139 2368 1208 ἔλεγον
2398 1141 2620 1212 ἀρετήν.
2663 1141 2980 1212 Ἐπίκουρος
3014 1141 3091 1204 δὲ,
3126 1140 3225 1212 τὴν
3259 1142 3509 1195 ἐναντίαν
3547 1141 3765 1205 τούτοις

2183 1231 2430 1297 ὁδεύσας,
2477 1232 2538 1284 τὸ
2586 1235 2722 1304 μήτε
2781 1235 2974 1302 πεινῇν
3017 1235 3153 1304 μήτε
3205 1232 3364 1303 διψῇν
3406 1233 3764 1302 εὐδαιμονίαν

2180 1322 2442 1394 ὡρίσατο·
2494 1325 2585 1377 καὶ
2630 1324 2837 1377 τούτων
2853 1326 2897 1357 ⁸⁸
2936 1325 3028 1378 τὸν
3061 1324 3403 1378 ἀπολαύοντα
3449 1323 3602 1392 ἔλεγε
3657 1324 3768 1378 κᾶν

2182 1416 2266 1469 Διὶ
2295 1417 2459 1487 πατρὶ
2500 1416 2766 1487 μάχεσθαι
2787 1433 2799 1444 ·
2829 1415 3002 1480 οὕτως
3031 1417 3192 1470 αὐτὸν
3220 1415 3281 1468 τὸ
3304 1416 3581 1486 φιλήδονον
3605 1419 3764 1469 ἐπαι-

2179 1505 2496 1578 δοτρίϐησεν
2537 1509 2616 1570 είς
2663 1507 2938 1561 ἀσέϐειαν.
2984 1507 3075 1578 Μὴ
3105 1507 3213 1578 γὰρ
3257 1507 3317 1577 δή
3361 1525 3444 1570 τις
3485 1508 3642 1578 μόνον
3674 1508 3766 1578 ἴδῃ

2177 1599 2239 1652 τὸ
2269 1600 2396 1669 παρ’
2419 1597 2582 1652 αὐτοῦ
2610 1599 3040 1670 κωμῳδούμενον
3069 1599 3262 1670 ὄνομα,
3302 1601 3392 1654 τὸν
3439 1601 3537 1652 Δία
3571 1601 3718 1668 λέγω
3743 1618 3763 1632 ο

2182 1690 2272 1744 τὸν
2297 1690 2406 1759 γὰρ
2437 1689 2500 1760 δὴ
2540 1690 2649 1743 τῶν
2696 1691 2831 1744 ὅλων
2862 1691 2994 1745 Θεὸν
3031 1691 3173 1744 οὕτω
3217 1691 3354 1744 νοῶν
3399 1691 3607 1756 ἐκεῖνος
3661 1694 3771 1762 τὴν

2185 1780 2532 1850 βλασφημίαν
2571 1780 2857 1850 ἐτόλμησε.
2913 1781 3082 1835 Τοῦτο
3129 1782 3186 1834 δὲ
3223 1782 3488 1835 πέπονθεν
3536 1785 3564 1836 ὁ
3605 1801 3756 1853 τρισι

501 1873 612 1927 tius
651 1872 799 1926 enim
841 1870 1032 1925 mundi
1062 1871 1314 1940 opiﬁcem
1345 1871 1656 1942 intelligens
1683 1871 1795 1936 ille,
1825 1873 1906 1927 sic
1956 1874 2076 1928 bla-

2183 1871 2385 1934 άθλιος,
2417 1869 2496 1940 τῷ
2529 1871 2821 1942 αὐτομάτῳ
2853 1872 2946 1925 καὶ
2991 1875 3105 1935 τοῖς
3143 1873 3430 1940 ἀτόμοιςτο
3464 1875 3770 1939 πιστεύων,

503 1965 795 2033 sphemarc
845 1971 930 2017 est
975 1978 1163 2017 ausus.
1214 1963 1329 2017 Hoc
1355 1975 1538 2017 autem
1593 1963 1797 2018 misero
1847 1965 2078 2031 accidit,

480 2054 642 2123 -quod
679 2061 733 2107 et
763 2052 914 2106 casui
962 2059 1020 2106 et
1067 2053 1264 2106 atomis
1316 2053 1546 2106 nimium
1594 2054 1905 2117 tribuebat,
1960 2057 2084 2110 nul-

483 2143 719 2210 Jiusque
751 2141 919 2195 ductu
957 2148 1013 2194 et
1041 2139 1391 2209 providentia
1425 2142 1541 2210 regi
1583 2151 1780 2197 cuncta
1817 2143 2083 2213 opinaba-

501 2244 624 2297 tur,
653 2233 863 2286 nullum
910 2246 1096 2286 rerum
1133 2233 1190 2285 in
1232 2231 1346 2285 vita
1389 2241 1666 2301 gestarum
1714 2249 1942 2288 examen
1983 2249 2081 2289 ex-

499 2331 773 2392 spectans,
818 2319 914 2374 sed
945 2321 1326 2389 sepulcrorum
1360 2326 1522 2374 tenus
1555 2321 1844 2376 hominum
1877 2331 2079 2377 statum

496 2413 749 2484 protendi
772 2412 1113 2467 existimans.
1144 2411 1299 2466 Plato
1336 2421 1519 2467 autem
1546 2423 1602 2468 et
1641 2415 1752 2468 vita
1773 2414 1976 2469 functis
1993 2416 2082 2487 ju—

491 2505 642 2559 dicia
665 2504 952 2558 imminere
989 2501 1366 2572 suppliciaque
1387 2505 1826 2575 ostendit,atque
1851 2505 1904 2560 in
1935 2506 2083 2560 deci-

497 2611 589 2649 mo
603 2594 921 2665 Reipublicae
937 2594 1079 2648 libro
1098 2594 1212 2648 haec
1227 2593 1446 2665 scripsit
1463 2596 1538 2665 (p.
1561 2597 1664 2652 6l5
1684 2596 1747 2669 C)
1774 2615 1786 2650 :
1820 2617 1838 2648 ι
1861 2597 1959 2652 Hic
1980 2599 2083 2654 ita-

496 2702 602 2756 que
628 2686 859 2742 aderaut
892 2685 1104 2741 feroces
1129 2686 1353 2756 quidam
1380 2687 1486 2741 viri
1530 2701 1863 2759 aspectuque
1891 2691 2034 2761 ignei
2062 2709 2077 2744 :

489 2779 616 2846 qui,
658 2792 783 2833 cum
825 2792 1022 2831 sonum
1053 2777 1468 2847 percepissent,
1495 2779 1633 2833 alios
1671 2780 1896 2850 quidem
1930 2797 2084 2836 seor-

489 2886 622 2925 sum
644 2876 932 2939 correptos
951 2869 1331 2939 perducebant
1358 2887 1373 2936 ;
1399 2870 1673 2925 Aridaum
1692 2889 1824 2926 vero
1846 2883 1902 2928 et
1921 2874 2078 2942 alios,

491 2967 712 3020 vinctos
734 2979 930 3018 manus
959 2979 1024 3018 ac
1045 2964 1234 3033 pedes,
1262 2964 1495 3019 decusso
1519 2967 1718 3036 capite,
1742 2983 1806 3023 ac
1836 2968 2080 3026 detracta

487 3057 816 3127 cute,juxta
839 3055 985 3109 viam
1020 3055 1330 3124 raptabant,
1365 3054 1576 3111 deﬂexo
1605 3074 1704 3127 per
1738 3060 2082 3116 acutissimas

492 3149 680 3219 spinas
709 3147 925 3201 itinere.
961 3164 977 3197 ι
1016 3146 1076 3200 ln
1102 3145 1363 3201 Phazdone
1387 3163 1605 3217 quoque
1630 3149 1811 3205 afﬁnia
1836 3152 1922 3206 his
1944 3153 2081 3207 scri-

492 3236 605 3306 psit
631 3237 728 3306 A(p.
767 3235 869 3288 H5
905 3235 991 3304 A).
1030 3254 1049 3285 ‹
1084 3235 1324 3301 Tertius,
1370 3237 1568 3307 inquit,
1605 3238 1804 3294 ﬂuvius
1835 3241 1936 3295 hos
1965 3257 2080 3295 me-

489 3329 621 3384 dius
649 3327 1014 3392 interlabitur,
1039 3343 1102 3382 ac
1126 3343 1235 3382 non
1265 3328 1423 3399 longe
1453 3346 1796 3401 progressus,
1817 3332 1938 3390 loco
1963 3349 2078 3388 am-

493 3420 766 3492 plissimo,
803 3419 898 3489 qui
928 3419 1103 3483 multo
1144 3419 1256 3490 igni
1282 3420 1469 3486 ardet,
1522 3421 1726 3477 cadens
1769 3424 2072 3492 excipitur,

492 3511 861 3583 paludemque
895 3518 1086 3564 nostro
1110 3510 1215 3564 hoc
1247 3512 1385 3565 mari
1419 3513 1682 3582 majorem
1723 3511 1908 3580 eﬂicit,
1937 3531 2076 3584 aqua

492 3617 761 3672 caenoque
807 3601 1152 3655 bullientem.
1200 3600 1336 3656 inde
1389 3609 1574 3657 autem
1615 3603 1826 3658 ambitu
1878 3621 2075 3677 magno

491 3691 956 3754 circumvolutus,
987 3699 1100 3744 tum
1139 3690 1204 3744 ad
1238 3690 1344 3745 alia
1383 3693 1635 3761 pervenit
1673 3695 1811 3760 loca,
1845 3703 1959 3749 tum
2006 3697 2074 3750 ad

491 3790 764 3837 extremos
782 3780 1099 3835 Acherusia:
1123 3781 1341 3850 paludis
1362 3781 1518 3847 ﬁnes,
1537 3783 1706 3854 989
1735 3786 1893 3856 cujus
1917 3787 2076 3857 aquis

492 3885 603 3924 non
654 3869 1080 3934 commiscetur,
1137 3869 1234 3924 sed
1280 3870 1571 3940 multiplici
1619 3872 1761 3928 ﬂexu
1812 3875 1916 3929 sub
1963 3886 2074 3931 ter-

492 3976 610 4015 ram
636 3960 776 4014 intra
804 3959 1096 4014 Tartarum
1125 3961 1383 4031 erumpit.
1421 3963 1520 4018 l-lic
1553 3974 1638 4020 est
1668 3974 1873 4027 autem.
1906 3984 2072 4038 quem

491 4051 1065 4123 Pyriphlegethontem
1104 4053 1378 4122 appellant
1427 4073 1440 4108 :
1486 4058 1643 4127 cujus
1682 4059 1847 4114 etiam
1895 4062 1914 4082 ‘
1967 4061 2070 4115 rivi

490 4144 710 4199 avulsos
737 4159 1004 4214 aquarum
1028 4145 1226 4201 ductus
1253 4163 1350 4217 per
1377 4148 1567 4204 obvias
1594 4157 1770 4207 terras
1793 4162 2064 4209 eructant.

489 4235 568 4289 Ex
615 4234 846 4290 adverso
891 4245 1075 4291 autem
1118 4238 1301 4309 hujus,
1346 4249 1573 4310 quartus
1603 4243 1740 4297 item
1781 4244 1982 4300 ﬂuvius
2012 4247 2067 4300 in

488 4325 808 4381 horribilem
833 4335 995 4396 atque
1025 4330 1388 4398 asperrimum
1418 4332 1599 4387 locum
1625 4334 1826 4401 inﬂuit,
1859 4337 1977 4407 qui,
2008 4347 2069 4393 ut

486 4415 683 4483 fertur,
709 4418 909 4472 coloris
936 4426 1082 4474 totus
1106 4428 1191 4476 est
1216 4424 1439 4493 acyanei,
1473 4423 1802 4497 Stygiosque
1842 4430 2066 4484 nomine

2185 1961 2277 2014 καὶ
2308 1963 2717 2032 ἀνηγεμόνευτα
2751 1958 2890 2016 εἶναι
2934 1963 3029 2016 καὶ
3057 1964 3372 2034 ἀτημέλητα
3407 1965 3475 2018 τὰ
3511 1967 3690 2020 πάντα
3715 1967 3770 1998 ’⁷⁸

2183 2053 2505 2122 ἡγούμενος,
2531 2055 2623 2107 καὶ
2646 2055 2754 2108 τῶν
2808 2055 3156 2126 βεϐιωμένων
3185 2058 3246 2109 ού
3269 2059 3650 2128 προσμένωνπ
3675 2059 3768 2124 ἐξο

2183 2144 2391 2210 έτασιν,
2419 2145 2555 2198 ἀλλὰ
2582 2146 2743 2217 μέχρι
2773 2145 2878 2200 τῶν
2903 2148 3091 2217 τάφων
3119 2145 3257 2202 εἶναι
3280 2149 3514 2219 νομίζων
3541 2151 3651 2204 τῶν
3668 2152 3775 2204 ἀνο

2185 2232 2416 2304 θρὼπων
2457 2235 2556 2306 τὴν
2590 2234 2862 2300 ξύστασιν.
2917 2238 2976 2291 '0
3022 2239 3078 2292 δέ
3132 2257 3196 2307 γε
3223 2240 3268 2271 ⁷³
3302 2241 3527 2294 Πλάτων
3569 2242 3664 2296 καὶ
3693 2243 3774 2296 τὰ

2182 2326 2508 2399 δικαστήρια
2529 2328 2597 2382 τά
2619 2330 2735 2382 ἐκεῖ
2761 2331 2853 2382 καὶ
2887 2330 2954 2383 τὰ
2990 2333 3323 2403 κολαστήρια
3359 2333 3622 2398 δείκνυσι,
3665 2336 3773 2389 καί

2183 2433 2350 2486 φησιν
2384 2419 2441 2470 ἐν
2472 2419 2548 2488 τῷ
2577 2418 2788 2490 δεκάτῳ
2821 2421 2918 2491 τῆς
2947 2425 3260 2490 Πολιτείας
3287 2443 3301 2456 ο
3333 2443 3352 2477 ‹
3391 2426 3656 2479 Ἐνταῦθα
3695 2427 3772 2499 δὴ

2182 2507 2374 2577 ἄνδρες
2397 2509 2599 2578 ἄγριοι,
2625 2509 2878 2581 διάπυροι
2914 2513 3062 2574 ἰδεῖν,
3093 2516 3445 2586 παρεστῶτες
3468 2519 3561 2571 καὶ
3587 2536 3729 2573 κατα
3747 2550 3771 2559 -

2186 2601 2551 2670 μανθάνοντες
2579 2602 2641 2656 τὸ
2668 2604 2909 2675 φθέγμα,
2945 2609 3071 2670 τοὺς
3105 2607 3205 2676 μὲν
3250 2609 3354 2679 ἰδίᾳ
3394 2612 3775 2682 παραλαμϐά⁴

2183 2708 2366 2754 νοντες
2388 2687 2543 2763 ἦγον,
2573 2693 2664 2748 τὸν
2693 2694 2750 2748 δὲ
2793 2695 3062 2766 Ἀρίδαιον
3085 2698 3154 2729 ἠ’
3180 2698 3272 2751 καὶ
3304 2699 3522 2765 ἄλλους,
3555 2701 3774 2771 ξυμπο-

2181 2783 2426 2847 δίσαντες
2450 2786 2637 2858 χεῖράς
2670 2804 2729 2840 τε
2759 2789 2853 2842 καὶ
2880 2789 3044 2852 πόδας
3085 2792 3177 2843 καὶ
3205 2792 3472 2862 κεφαλὴν,
3517 2795 3774 2848 καταϐα-

2179 2871 2362 2938 λόντες
2389 2874 2435 2905 ⁷⁸
2459 2876 2550 2928 καὶ⁵
2575 2877 2918 2948 ἐκδείραντες
2944 2872 3122 2932 εἷλκον
3146 2882 3295 2951 παρά
3323 2881 3422 2952 τὴν
3443 2883 3560 2936 ὁδὸν
3579 2885 3772 2949 ἐκτὸς,

2181 2961 2268 3014 ἐπ’
2293 2963 2622 3019 ἀσπαλάθων
2655 2965 2982 3029 κνάπτοντες
3003 2969 3070 3022 ⁷⁵.
3105 2989 3122 3020 ι
3159 2971 3275 3022 Κάν
3307 2969 3384 3040 τῷ
3406 2972 3660 3025 Φαίδωνι
3703 2974 3775 3027 δὲ

2183 3055 2248 3106 τὰ
2273 3056 2633 3128 παραπλήσια
2666 3056 2835 3126 λέγει.
2883 3077 2902 3111 ι
2940 3059 3134 3128 Τρίτος
3169 3060 3299 3131 γὰρ,
3334 3063 3550 3131 φησὶ⁷⁶,
3587 3080 3772 3116 ποτα-

2186 3143 2285 3214 μδς
2303 3145 2509 3199 τούτων
2536 3147 2678 3200 κατὰ
2703 3147 2865 3215 μέσον
2890 3149 3182 3216 εἰσϐάλλει,
3208 3151 3301 3204 καὶ
3327 3153 3494 3222 ἐγγὺς
3515 3153 3612 3224 τῆς
3636 3156 3729 3208 είσ
3751 3186 3771 3195 -

2181 3233 2342 3305 ϐολῆς
2376 3237 2638 3306 ἐμπίπτει
2669 3239 2713 3270 ⁷⁷
2744 3239 2825 3302 είς
2846 3239 3008 3292 τόπον
3036 3240 3212 3310 μέγαν
3238 3243 3374 3312 πυρὶ
3397 3243 3576 3314 πολλῷ
3604 3247 3777 3298 καιό-

2180 3342 2359 3394 μενον.
2397 3327 2491 3380 καὶ
2533 3327 2728 3399 λίμνην
2753 3332 2898 3382 ποιεῖ
2929 3331 3100 3401 μείζω
3120 3332 3165 3363 ⁷⁸
3198 3333 3296 3402 τῆς
3343 3337 3470 3405 παρ’
3497 3337 3627 3406 ἡμῖν
3659 3335 3774 3391 θα.-

2176 3415 2402 3488 λάσσης,
2438 3417 2668 3482 ζέουσαν
2695 3419 2884 3482 ὕδατος
2911 3421 3004 3474 καὶ
3033 3421 3230 3486 πηλοῦ.
3254 3422 3534 3477 Ἐντεῦθεν
3563 3424 3616 3478 δὲ
3647 3444 3774 3496 χω-

2179 3511 2263 3580 ρεῖ
2291 3510 2476 3580 κύκλῳ
2509 3511 2725 3583 θολερὸς
2751 3514 2843 3566 καὶ
2881 3512 3136 3584 πηλώδης
3159 3532 3172 3545 ·
3206 3515 3680 3587 περιελιττόμενος
3699 3517 3775 3573 δὲ

2175 3604 2366 3658 ἄλλοσέ
2407 3623 2464 3658 τε
2482 3607 2526 3638 τ’
2571 3607 2898 3675 ἀφικνεῖται,
2933 3607 3027 3661 καὶ
3060 3609 3190 3679 παρ’
3223 3608 3425 3679 ἔσχατα
3462 3611 3559 3680 τῆς
3598 3611 3774 3681 Ἀχε-

2180 3697 2398 3767 ρουσίας
2445 3696 2677 3768 λίμνης’
2735 3700 2829 3752 καὶ
2859 3700 2920 3752 ού
2961 3699 3336 3771 ξυμμίγνυται
3377 3703 3454 3774 τῷ
3500 3703 3725 3756 ὕδατιθθ
3753 3723 3773 3738 ο

2175 3792 2538 3864 περιελιχθεὶς
2567 3793 2622 3845 δὲ
2654 3793 2909 3858 πολλάκις
2939 3795 3043 3848 ὑπὸ
3080 3795 3184 3865 γῆν
3222 3797 3529 3851 ἐκϐάλλει⁸¹
3570 3815 3770 3852 κατω-

2173 3885 2317 3956 τέρω
2357 3885 2448 3939 τοῦ
2475 3887 2781 3957 Ταρτάρου,
2815 3882 2982 3951 Οὗτος
3014 3887 3068 3940 δέ
3095 3889 3241 3942 ἐστιν
3269 3890 3328 3943 δν
3356 3891 3773 3960 ἐπονομάζουσι

2172 3977 2680 4048 Πυριφλεγέθοντα·
2735 3974 2796 4033 οὗ
2846 3981 2940 4032 καὶ
2994 3982 3041 4033 οἱ
3106 3982 3306 4051 ρύακες
3344 3984 3771 4054 ἀποσπάσματα

2171 4068 2542 4137 ἀναφυσῶσιν,
2569 4070 2701 4123 ὅπου
2741 4070 2808 4123 ἂν
2840 4071 3042 4141 τύχωσι
3071 4073 3169 4143 τῆς
3201 4073 3324 4143 γῆς.
3369 4074 3569 4128 Τούτου
3597 4076 3655 4129 δὲ
3682 4074 3768 4132 αὖ

2170 4159 2500 4230 κατάντικρυ
2517 4161 2561 4191 ⁸⁸
2585 4161 2612 4213 ὁ
2641 4159 2898 4230 τέταρτος
2925 4161 3180 4214 ἐκπίπτει
3209 4163 3289 4226 εἰς
3314 4162 3476 4215 τόπον
3498 4163 3671 4216 δεινόν
3691 4183 3766 4218 τε

2169 4249 2262 4303 καὶ
2298 4249 2512 4321 ἀγριον.
2559 4250 2790 4318 Λέγεται
2830 4249 2885 4303 δὲ
2939 4250 3136 4321 χρῶμα
3177 4251 3320 4321 ἔχειν
3355 4250 3518 4324 [ὅλον]
3569 4247 3679 4306 οἷον
3732 4258 3768 4308 ὁ

2167 4342 2364 4404 κυανός
2387 4357 2401 4372 ο
2429 4342 2487 4395 ὃν
2504 4342 2549 4373 ⁸³
2571 4341 2633 4412 δὴ
2671 4341 3070 4412 ἐπονομάζουσι
3106 4343 3363 4411 στυγνόνο
3408 4344 3504 4397 καὶ
3531 4343 3630 4416 τὴν
3667 4345 3766 4397 λί-

2171 4451 2309 4504 μνην
2340 4432 2452 4506 [ἦν]
2471 4433 2516 4465 ⁸⁵
2546 4437 2690 4488 ποιεῖ
2717 4437 2746 4488 ὁ
2771 4434 3016 4505 ποταμὸς
3047 4434 3350 4505 ἐμϐάλλων,
3383 4437 3584 4502 Στύγα.
3614 4437 3670 4490 Ὀ
3691 4437 3764 4493 δὲ

485 4507 792 4603 appellatur
836 4527 849 4562 :
893 4526 1055 4578 quam
1091 4527 1223 4567 vero
1272 4513 1509 4571 inﬂuens
1555 4518 1810 4586 paludem
1863 4519 2064 4576 ﬂuvius

2178 4525 2428 4595 ἐμπεσὼν
2454 4525 2708 4592 ἐνταῦθα,
2737 4525 2830 4578 καί
2858 4544 3008 4591 τινας
3024 4527 3070 4558 ⁸⁵
3096 4527 3356 4598 δυνάμεις
3384 4529 3564 4584 λαϐὼν
3589 4533 3647 4584 ἐν
3671 4533 3767 4603 τῷ

484 4590 647 4656 facit,
693 4592 910 4664 Stygem
961 4598 1252 4667 appellant.
1290 4602 1340 4656 ls
1368 4611 1552 4658 autem
1594 4605 1650 4658 in
1677 4622 1801 4660 eam
1827 4607 2060 4673 cadens,

485 4691 542 4736 et
569 4681 714 4736 vires
738 4684 1030 4754 accipiens,
1057 4704 1118 4743 ac
1139 4699 1297 4746 terrae
1323 4691 1544 4748 demum
1568 4695 1878 4760 immersus,
1907 4698 2062 4767 lapsu

485 4773 723 4827 erratico
765 4777 1065 4844 revolutus,
1121 4780 1297 4839 fertur
1336 4793 1526 4838 contra
1576 4785 2066 4856 Pyriphlegethon-

484 4871 618 4929 tem,
649 4863 815 4935 ﬁtque
859 4868 935 4922 illi
969 4870 1164 4925 obvius
1193 4888 1259 4930 ex
1294 4874 1524 4929 adverso
1554 4877 1607 4929 in
1637 4877 1941 4934 Acherusia
1963 4895 2061 4948 pa—

482 4953 633 5011 lude.
667 4957 855 5028 Neque
888 4973 1020 5014 vero
1066 4961 1232 5032 hujus
1278 4979 1418 5032 aqua
1452 4967 1707 5035 cuiquam
1759 4967 2023 5022 miscetur
2046 5011 2060 5033 ,

484 5046 578 5101 sed
609 5048 703 5102 hic
727 5065 946 5120 quoque
986 5051 1126 5106 ﬂexo
1156 5054 1436 5109 volumine
1467 5056 1521 5110 in
1559 5057 1850 5112 circuitum
1878 5059 2063 5130 lapsus

2172 4611 2344 4678 ὕδατι,
2376 4613 2470 4676 δὺς
2495 4615 2636 4668 κατά
2657 4615 2753 4685 τῆς
2779 4615 2904 4684 γῆς,
2936 4618 3030 4670 καὶ
3060 4618 3550 4690 περιελιττόμενος,
3579 4629 3764 4694 χωρεῖ

2171 4701 2407 4764 ἐναντίος
2425 4702 2470 4734 ⁸⁸
2521 4701 2598 4771 τῷ
2644 4702 3127 4772 Πυριφλεγέθοντι,
3179 4707 3275 4760 καὶ
3319 4707 3536 4780 ἀπαντᾷ
3579 4711 3638 4765 ἐν
3679 4717 3760 4785 τῇ

2183 4791 2504 4861 Ἀχερουσία
2537 4789 2702 4864 λίμνῃ
2734 4791 2792 4858 ἐξ
2825 4793 3093 4857 ἐναντίας.
3132 4796 3242 4848 Καὶ
3281 4796 3401 4850 οὐδὲ
3442 4798 3501 4851 τὸ
3543 4799 3761 4872 ταύτης

2171 4881 2318 4952 ὕδωρ
2347 4882 2523 4934 οὐδενὶ
2560 4882 2834 4953 μίγνυται,
2878 4885 3014 4938 ἀλλὰ
3057 4887 3151 4939 καὶ
3188 4881 3341 4951 οὗτος
3374 4887 3559 4959 κύκλῳ
3593 4906 3763 4959 περι-

2169 4970 2339 5023 ελθὼν
2360 4971 2620 5041 ἐμϐάλλει
2652 4973 2733 5036 είς
2760 4973 2852 5026 τὸν
2875 4975 3160 5047 Τάρταρον
3184 4976 3442 5039 ἐναντίως
3464 4978 3508 5008 ⁸⁷
3539 4976 3617 5047 τῷ
3639 4979 3760 5030 Πυ-

2173 5061 2562 5132 ριφλεγέθοντι.
2601 5080 2619 5113 ι
2649 5063 2758 5116 Ka‘t
2798 5063 2882 5117 ίνα
2922 5064 2997 5136 μὴ
3040 5065 3222 5120 πάντα
3261 5066 3435 5136 λέγων
3472 5067 3756 5138 μακροτέ-

1787 5197 2020 5254 VARle
2061 5198 2464 5256 LECTIONES.

555 5303 604 5387 “7
631 5300 808 5387 ἔδω.
845 5299 906 5387 Ea
932 5369 953 5387 ,Α
973 5301 1026 5387 ᾼθξ
1060 5302 1091 5371 ἡ
1123 5303 1321 5387 ὑγίεια.
1346 5306 1618 5387 asyla?
1647 5310 1843 5387 C,_Vb.
1900 5317 1968 5387 f3
2000 5315 2127 5387 [τοὶ]
2162 5332 2272 5371 om.
2301 5315 2366 5378 C,
2388 5314 2494 5387 Vb.
2575 5316 2620 5347 ⁶⁹
2647 5315 2850 5369 τούτων
2869 5348 2943 5358 --
2964 5319 3085 5372 κᾶν.
3122 5319 3396 5373 τοῦτον-
3421 5322 3515 5373 καὶ
3547 5320 3588 5376 C
3647 5324 3748 5376 καὶ

483 5369 615 5424 item
639 5370 738 5424 Vb.

481 5456 565 5504 γε.
597 5456 662 5507 γε
704 5453 813 5492 om.
843 5438 904 5492 Β.

848 5370 890 5448 ff
923 5369 1175 5448 ἀτάμόις.
1199 5369 1527 5448 αὐτομάτοις
1552 5380 1593 5433 Β
1640 5369 1862 5448 ἀτόποις
1885 5384 1947 5440 C.
2000 5369 2070 5417 ‘7‘
2104 5369 2184 5440 éa‘
2204 5369 2503 5440 πάντάξτὰ
2535 5400 2644 5440 om.
2686 5387 2744 5440 Β.

2857 5388 2967 5440 ἠπ

2973 5391 3268 5460 ροσμένων.
3301 5391 3434 5460 πρός
3467 5391 3526 5444 Β.
3617 5393 3660 5424 ⁷³
3687 5395 3749 5447 δέ

1007 5440 1390 5526 ⁷³”,ἀριδαῖον’.“
1409 5440 1688 5526 ἀρισταῖον
1734 5440 1857 5508 Vb:
1889 5457 2032 5510 alius
2087 5456 2258 5510 codex
2304 5456 2546 5526 ἀρδιαῖον
2656 5455 2699 5486 ⁷⁸
2735 5440 3652 5526 καταϐαλόντες.Ἶκατοίϐάλλοντες

483 5509 1413 5610 ’³-2(ζάἑὲἨοντξεςιπξ“1ἒῗο“¹τενξβο
1442 5509 1505 5610 Ρ·
1551 5520 1933 5610 Zama?!-
1966 5526 2162 5610 msh
2198 5509 2424 5608 φηςιἹτο
2491 5526 2544 5610 ἵζ’
2575 5509 3187 5610 έεπίπτει-έετεῑτέπξει
3222 5531 3422 5610 Βο.Υ.ι>ο
3549 5509 3742 5602 μεῖξωο

484 5578 706 5657 μείζονα
725 5578 783 5631 Β.
873 5579 1131 5657 “sum
1162 5600 1241 5637 τε.
1275 5578 1463 5640 ἄλλοσέ
1492 5606 1555 5657 γε
1579 5578 1647 5652 Βξ
1665 5578 1762 5647 ν’ωζ

1855 5584 2002 5670 εξοτῴ
2035 5584 2308 5670 meum
2334 5611 2443 5650 om.
2491 5595 2554 5658 Β,
2603 5584 2732 5670 νειᾷ
2782 5598 2824 5628 ει
2861 5584 3740 5670 ἐκβάλλειηέμϐάλλει(ςκδίτὶίζ

479 5651 523 5746 ἒξ
565 5649 897 5736 κατάντικριέ
921 5651 966 5702 δ·
995 5651 1357 5757 ζεατάντικξυς
1394 5658 1453 5719 Β.
1477 5649 1572 5729 qui
1596 5649 1722 5715 mox
1752 5649 2011 5717 Setvbv—I
2034 5667 2228 5728 κυανὸς
2262 5649 2434 5734 marg.
2469 5676 2523 5718 et
2543 5649 2830 5720 ὀιὴίὸλον.
2896 5649 2950 5700 δέ

546 5734 692 5757 ﬂuat
752 5718 931 5757 Saturn-
963 5719 1105 5757 Qurnn
1233 5725 1254 5757 8
1320 5728 1576 5757 1..-...1..-
1630 5734 1868 5757 1...-.._.---
1897 5734 1936 5757 π)
1999 5735 2115 5757 ιι-..
2145 5735 2330 5757 ..-.ρ--.,
2365 5736 2509 5757 οε..--
2565 5751 2663 5757 -..-
2707 5737 2866 5757 ____v___
2899 5756 2904 5757 ,
3037 5740 3081 5757 ατ
3115 5742 3126 5757 ιι
3259 5740 3292 5757 κο
3409 5742 3450 5757 n
3486 5747 3497 5757 .
3650 5743 3659 5757 .

480 5718 523 5781 ἕδ
546 5734 714 5778 τινας.
752 5718 931 5781 δεινὰς
963 5719 1128 5774 Sirm.
1233 5725 1254 5757 ³

480 5780 685 5838 Euseb.
712 5799 842 5841 mss.

1318 5731 1596 5792 ἐναντίως.
1630 5734 1868 5796 ἐναντίος
1897 5734 1956 5787 Β.
1998 5735 2119 5790 Mox
2143 5735 2335 5790 τούτου
2365 5731 2532 5792 Sirm.
2565 5751 2669 5805 pro
2704 5737 2929 5807 ταύτης.

3035 5740 3081 5771 ⁸⁷
3112 5740 3375 5805 ἐναντίος.
3409 5742 3451 5796 Β
3471 5740 3739 5806 ἐναντίως
