4066 6424
382 371 515 439 11θί

910 372 1349 433 GR/ECARUM
1384 372 1685 434 AFFECT.
1726 368 2264 435 CUMTIO.—XI.
2301 372 2398 431 DE
2436 374 2615 435 FINE
2655 376 2749 436 ET
2787 377 3107 441 JUDICIO.

3504 380 3642 449 1102

384 502 488 558 ραν
505 485 553 517 ’⁸
575 484 898 555 ὲργάσωμαι
924 483 1022 554 τὴν
1042 483 1295 551 διάλεξιν,
1330 485 1532 555 ῥᾴδιον,
1565 479 1610 539 ὦ
1637 484 1846 558 ἄνδρες,
1873 485 1956 539 ἔνο

2064 483 2240 541 inﬂuit
2264 484 2317 539 in
2343 485 2653 551 Tartarum,
2673 502 2739 542 ex
2772 489 3004 545 adverso
3025 490 3582 564 Pyriphlegethontis.
3614 519 3632 549 ι

379 574 729 648 τυχεῖν,τῷδε
760 573 840 645 τῷ
867 573 1134 645 διαλόγῳ,
1175 575 1270 628 καὶ
1314 574 1514 643 γνῶναι
1559 576 1767 647 σαφῶς,
1810 579 1962 644 ὅπως

380 668 479 721 καὶ
506 665 566 717 τὸ
591 664 940 735 δικαστήριον
972 664 1326 727 ἐπιδείκνυσι,
1374 666 1470 719 καὶ
1509 665 1618 719 τῶν
1651 666 1720 719 τά
1749 672 1962 741 σμικρά

380 754 783 825 ἡμαρτηκότων
821 753 890 806 τά
935 753 1220 825 ξύμμετρα
1271 755 1540 826 ἐπιτίμια,
1595 757 1690 810 καὶ
1736 758 1845 813 τῶν
1891 762 1963 814 τὰ

381 845 596 915 μεγάλα
623 845 718 897 καὶ
744 844 968 897 πλεῖστα
995 844 1346 915 ἠσεϐηκότων
1373 845 1469 910 τὰς
1498 847 1836 917 ἀνηκέστους
1863 868 1958 904 κο-

376 935 586 1000 λάσεις.
629 935 852 1005 Ὀλίγων
881 937 938 990 δέ
972 937 1048 1008 πή
1078 954 1239 991 τινων
1269 938 1744 1008 ἀπομνημονεύσω
1765 941 1921 1011 κάγώ
1942 962 1956 974 ·

378 1028 530 1096 λέγει
570 1028 627 1082 δὲ
648 1028 821 1091 οὕτως
857 1044 871 1059 ·
910 1048 928 1081 ι
950 1029 1012 1083 Οἳ
1039 1028 1082 1081 δ’
1103 1028 1168 1083 ἂν
1198 1030 1422 1097 δόξωσιν
1449 1031 1769 1103 ἀνηκέστως
1814 1035 1959 1105 ἔχειν

374 1121 466 1175 διὰ
488 1120 556 1174 τὰ
586 1120 790 1190 μεγέθη
824 1119 975 1192 [155]
1001 1119 1107 1174 τῶν
1130 1122 1563 1193 ἁμαρτημάτων,
1592 1126 1625 1195 ἢ
1656 1126 1960 1196 ἱεροσυλίας

379 1211 582 1273 πολλὰς
604 1209 649 1242 ⁸⁹
684 1212 778 1264 καὶ
807 1211 1066 1281 μεγάλας,
1093 1210 1127 1283 ἢ
1157 1212 1351 1279 φόνους
1375 1214 1421 1248 ⁸⁸
1457 1215 1685 1278 πολλοὺς
1711 1217 1808 1270 καὶ⁵
1845 1216 1952 1270 ἀδί-

379 1320 509 1366 κους
563 1303 658 1356 καὶ
713 1304 1064 1373 παρανόμους
1116 1301 1563 1374 ἐξειργασμένοι,
1609 1306 1642 1376 ἢ
1686 1307 1821 1361 ἄλλα
1858 1308 1959 1363 ὅσα

380 1393 642 1464 τυγχάνει
693 1393 915 1449 τοιαῦτα
973 1394 1122 1458 ὄντα,
1162 1393 1382 1457 τούτους
1425 1394 1482 1447 δὲ
1534 1397 1567 1466 ή
1609 1398 1959 1467 προσήκουσα

382 1487 547 1554 μοῖρα
592 1485 771 1555 ῥίπτει
812 1486 891 1547 εἰς
917 1484 1007 1537 τὸν
1035 1485 1339 1556 Τάρταρον.
1387 1485 1510 1539 ὅθεν
1539 1485 1723 1540 οὔποτ’
1758 1487 1952 1542 ὲκϐαἰ-

377 1593 587 1629 νουσιν.
613 1576 676 1629 Οἳ
721 1575 764 1628 δ’
797 1576 840 1609 ⁹¹
874 1574 940 1629 ἂν
977 1576 1168 1646 ἰάσιμα
1192 1577 1238 1608 ⁹²
1272 1576 1369 1647 μὲν
1410 1576 1623 1647 μεγάλα
1648 1577 1703 1631 δὲ
1735 1576 1960 1642 δόξωσιν

378 1666 758 1737 ἡμαρτηκέναι
809 1667 1221 1737 ἁμαρτήματα,
1286 1661 1398 1720 οἷον
1460 1668 1595 1737 πρὸς
1652 1667 1859 1739 πατέρα
1923 1667 1957 1739 ἦ

380 1754 567 1827 Ῐτιρδς]
585 1757 631 1789 ⁸³
662 1755 875 1827 μητέρα
903 1756 993 1808 ὑπ’
1023 1756 1191 1827 ὀργῆς
1218 1755 1389 1826 βίαιόν
1417 1774 1470 1808 τι
1496 1755 1829 1826 πράξαντες,
1861 1756 1960 1810 καὶ

2065 585 2143 637 Ac
2167 599 2236 638 ne
2268 591 2463 638 cuncta
2505 578 2752 639 referetis
2814 579 3116 655 longiorem
3162 596 3471 639 sermonem
3513 601 3641 656 pro-

2067 673 2303 737 traham,
2330 674 2491 729 facile
2509 683 2615 739 est,
2642 689 2676 728 ο
2698 674 2827 738 viri,
2853 675 3129 745 dialogum
3154 674 3332 744 ipsum
3358 674 3414 729 in
3442 691 3638 730 manus

2062 778 2300 830 sumere,
2331 774 2495 835 atque
2525 780 2590 819 ex
2622 765 2769 820 illius
2797 766 3032 821 lectione
3071 774 3260 836 aperte
3283 781 3636 836 cognoscere.

2062 856 2526 926 quemadmodum
2560 856 2801 912 tribunal
2842 857 3158 921 constituat,
3204 871 3504 927 eorumque
3542 856 3638 926 qui

2061 948 2259 1003 leviter
2288 955 2589 1017 peccarunt
2612 962 2898 1016 compares
2933 962 3123 1016 poenas
3148 946 3427 1011 decernat,
3455 946 3639 1017 gravi-

2063 1050 2148 1094 ter
2210 1046 2395 1094 autem
2447 1038 2751 1106 crebroque
2810 1036 3260 1106 delinquentibus
3310 1037 3639 1093 insanabilia

2061 1129 2350 1199 supplicia.
2380 1129 2495 1198 Ego
2524 1142 2658 1183 vero
2684 1143 2857 1197 pauca
2889 1126 3136 1197 quaedam
3175 1128 3635 1182 commemorabo.

2060 1221 2141 1276 Ita
2166 1227 2349 1274 autem
2376 1220 2454 1273 ait
2486 1218 2562 1289 (p.
2601 1218 2704 1272 115
2733 1217 2799 1289 Α)
2836 1235 2849 1270 :
2892 1235 2911 1267 ι
2946 1216 3052 1284 Qui
3091 1227 3277 1272 autem
3300 1217 3401 1271 visi
3431 1217 3639 1271 fuerint

2060 1311 2395 1366 insanabiles
2427 1325 2548 1365 esse
2581 1309 2654 1363 ob
2700 1308 3133 1379 magnitudinem
3183 1306 3508 1361 delictorum
3532 1347 3546 1369 ,
3581 1315 3643 1360 ut

2058 1403 2155 1473 qui
2188 1402 2473 1473 sacrilegia
2521 1401 2693 1456 multa
2740 1408 2797 1454 et
2838 1400 3057 1470 gravia,
3104 1407 3200 1454 aut
3233 1398 3411 1453 caedes
3442 1398 3642 1451 multas

2059 1502 2258 1563 praeter
2278 1493 2359 1549 fas
2387 1494 2708 1565 justumque
2740 1489 3336 1560 admiscrint,990et
3362 1504 3483 1559 qua:
3511 1498 3641 1542 sunt

2058 1582 2164 1637 alia
2193 1583 2409 1654 generis
2449 1583 2729 1654 ejusdem,
2775 1582 2876 1636 hos
2908 1596 3100 1635 omnes
3143 1596 3297 1649 aequa
3342 1589 3399 1634 et
3442 1593 3641 1633 conve-

2060 1673 2218 1727 niens
2261 1688 2381 1728 sors
2427 1671 2482 1726 in
2528 1672 2816 1726 Tartarum
2865 1668 3133 1732 demittit,
3165 1667 3311 1721 unde
3355 1680 3639 1736 nunquam

2061 1771 2369 1834 emergunt.
2400 1763 2503 1830 Qui
2534 1777 2668 1817 vero
2709 1760 2971 1816 sanabilia
3013 1759 3265 1829 quidem,
3315 1758 3410 1813 sed
3454 1766 3637 1812 tamen

381 1846 689 1919 μετάμελον
715 1847 899 1911 αὐτοῖς
931 1845 1023 1899 τὸν
1063 1846 1221 1900 ἄλλον
1258 1846 1371 1916 βίον
1401 1846 1591 1916 βιῶσιν
1609 1847 1679 1912 ’⁸,
1711 1847 1744 1918 ἦ
1773 1848 1959 1919 ἀνδρο-

2061 1855 2247 1926 gravia
2272 1854 2376 1909 visi
2403 1854 2611 1909 fuerint
2647 1861 2871 1923 peccata
2901 1849 3259 1915 commisisse,
3287 1849 3447 1919 quale
3475 1856 3561 1903 est
3586 1849 3634 1903 si

379 1937 585 2007 φόνοιή
622 1936 843 2005 τοιούτῳ
888 1937 995 1988 τινὶ
1026 1936 1171 2006 ἀλλῳ
1212 1936 1400 2007 τρόπῳ
1421 1936 1706 2005 γένωνται,
1736 1936 1957 2000 τούτους

377 2027 461 2079 δεῖ
480 2028 525 2058 ’⁵
558 2029 818 2096 ἐμπεσεῖν
848 2025 947 2095 μὲν
977 2026 1057 2087 είς
1080 2024 1173 2077 τὸν
1201 2023 1506 2094 Τάρταρον,
1534 2024 1876 2093 ἐμπεσόντας
1902 2023 1960 2076 δὲ

376 2118 603 2181 αὐτοὺς,
636 2116 730 2170 καὶ
761 2115 1006 2169 ἐνιαυτὸν
1030 2118 1146 2169 ἐκεῖ
1171 2116 1496 2186 γενομένους
1519 2116 1589 2179 ’⁸,
1614 2115 1864 2169 ἐκϐάλλει
1898 2115 1961 2168 τὸ

379 2207 562 2277 κῦμα,
608 2208 733 2270 τοὺς
780 2207 879 2277 μὲν
913 2206 1292 2278 ἀνδροφόνους,
1346 2206 1488 2260 κατά
1527 2207 1616 2260 τὸν
1657 2207 1957 2260 Κωκυτόν·

300 2320 315 2325 ’
376 2302 509 2365 τοὺς
552 2300 609 2353 δὲ
662 2299 1017 2370 πατραλοίας,
1073 2299 1215 2353 κατά
1263 2300 1355 2353 τὸν
1402 2299 1895 2372 Πυριφλεγέθοντα.
1934 2318 1954 2351 ι

378 2390 521 2448 Εἶτα
559 2393 798 2447 διδάσκει
840 2393 989 2455 ὅπως
1037 2391 1200 2461 βοῶσί
1242 2409 1302 2445 τε
1347 2393 1443 2446 καὶ
1493 2391 1792 2445 ἱκετεύουσι
1833 2393 1962 2454 τοὺς

375 2484 742 2555 ἠδικημένους
772 2483 952 2537 δοῦναι
988 2482 1138 2553 σφίσι
1172 2483 1504 2553 συγγνώμην
1543 2499 1556 2513 ·
1597 2483 1788 2536 ἔπειτα
1820 2482 1962 2535 ὲκεί-

379 2593 489 2631 νων
515 2573 902 2640 ἀνανευόντων,
920 2573 1066 2635 ὅπως
1095 2574 1173 2635 εἰς
1195 2571 1292 2642 τὴν
1311 2570 1511 2642 λίμνην
1528 2567 1682 2634 αὖθις
1707 2572 1958 2641 ἀναπεμ-

379 2667 610 2738 πόμενοι
635 2663 731 2730 τὰς
762 2664 932 2728 αὐτὰς
989 2663 1322 2733 ὑπομένουσι
1370 2662 1658 2733 τιμωρίας.
1686 2660 1857 2715 Ὀὕτω
1894 2660 1958 2732 δὴ

376 2756 448 2811 τὰ
482 2756 816 2827 κολαστήρια
843 2755 1043 2821 δείξας,
1077 2752 1381 2825 παραδηλοῖ
1410 2754 1502 2806 καὶ
1530 2754 1641 2807 τῶν
1671 2749 1729 2806 εὖ
1760 2752 1956 2823 βεϐιω-

377 2847 560 2899 κότων
599 2847 724 2910 τοὺς
754 2843 986 2917 χώρους,
1034 2837 1136 2897 ὧδέ
1172 2860 1248 2914 πη
1294 2843 1466 2912 λέγων
1488 2844 1534 2879 ⁸⁷
1581 2861 1595 2874 ο
1647 2862 1665 2895 ι
1699 2842 1761 2896 Οἳ
1810 2842 1853 2895 δ’
1894 2842 1960 2896 ἂν

294 2960 309 2965 ’
377 2938 574 3003 δόξωσι
601 2937 965 3008 διαφερόντως
999 2936 1134 3006 πρὸς
1157 2936 1218 2989 τὸ
1250 2934 1410 2998 ὁσίως
1437 2933 1723 2987 διαϐιῶναι
1751 2949 1957 3005 προκε-

378 3027 623 3099 κρῖσθαι,
654 3021 798 3082 οὗτοί
818 3028 955 3080 εἰσιν
989 3027 1039 3079 οἰ
1065 3025 1229 3080 τῶνδε
1261 3027 1361 3096 μὲν
1391 3025 1500 3079 τῶν
1527 3025 1710 3077 τόπων
1753 3023 1862 3076 τῶν
1902 3024 1959 3075 ὲν

377 3123 448 3192 τῇ
500 3122 571 3191 γῇ
622 3117 1064 3189 ὲλευθερούμενοι
1109 3118 1205 3171 καὶ
1251 3115 1717 3187 ἀπαλλαττόμενοι
1771 3113 1958 3183 ὥσπερ

2059 1945 2151 2015 qui
2181 1961 2280 2015 per
2308 1945 2445 2000 iram
2467 1945 2737 2000 violenter
2761 1944 2818 1998 in
2842 1952 3050 2014 patrem
3072 1950 3165 1997 aut
3192 1941 3248 1995 in
3274 1951 3504 1997 matrem
3529 1941 3633 1996 ali-

2059 2035 2192 2105 quid
2221 2051 2348 2090 eum
2382 2034 2634 2099 fecerint,
2665 2032 2991 2104 poenitentia
3014 2031 3164 2087 ducti
3195 2047 3292 2087 eos
3323 2030 3377 2086 in
3418 2031 3634 2100 reliquo

2060 2125 2237 2195 spatio
2269 2126 2397 2181 vitae
2435 2124 2729 2189 coluerint,
2761 2132 2857 2178 aut
2889 2123 3178 2178 homicidae
3215 2122 3322 2177 alio
3364 2122 3633 2191 quaepiam

2060 2215 2225 2270 simili
2257 2216 2420 2271 modo
2444 2216 2670 2280 fuerint,
2697 2217 2799 2272 hos
2824 2233 3040 2287 quoque
3064 2217 3212 2287 ipsos
3247 2216 3419 2271 nihilo
3453 2214 3636 2271 secius

2060 2304 2118 2360 in
2143 2306 2430 2362 Tartarum
2453 2323 2680 2363 necesse
2708 2308 2982 2379 est.dejici
3011 2326 3025 2361 :
3051 2324 3177 2363 eum
3210 2316 3392 2363 autem
3429 2322 3634 2362 annum

2060 2396 2135 2450 ibi
2168 2404 2342 2451 totum
2399 2400 2735 2470 peregerint,
2780 2400 2849 2454 ab
2878 2401 3040 2455 undis
3076 2400 3381 2470 ejectantur
3410 2417 3422 2453 :
3454 2399 3639 2455 homi-

2058 2487 2195 2543 cidae
2227 2488 2473 2559 quidem,
2526 2490 2596 2544 ad
2633 2489 2927 2561 Cocytum;
2976 2491 3071 2561 qui
3113 2506 3245 2546 vero
3286 2491 3340 2544 in
3380 2488 3639 2561 parentes

2059 2587 2390 2647 peccarunt,
2459 2578 2528 2634 ad
2581 2580 3177 2651 Pyriphlegethontem.
3213 2599 3232 2633 ι
3258 2580 3455 2637 Narrat
3510 2591 3640 2653 post

2059 2666 2175 2721 haec
2231 2683 2341 2737 quo
2396 2677 2559 2737 pacto
2608 2669 2824 2724 veniam
2876 2669 2945 2724 ab
2994 2671 3062 2725 iis
3105 2686 3300 2742 magna
3353 2687 3486 2728 voce
3540 2688 3639 2743 pe-

2059 2766 2177 2814 tant
2198 2774 2336 2829 quos
2360 2759 2640 2823 laeserunt,
2672 2768 2865 2830 utque,
2890 2760 3002 2815 illis
3027 2762 3409 2828 renuentibus,
3431 2763 3635 2818 iterum

2059 2849 2114 2902 in
2137 2849 2315 2903 lacum
2347 2848 2727 2911 devolvantur,
2752 2849 2942 2903 eadem
2966 2865 3088 2918 quae
3124 2850 3275 2920 prius
3297 2851 3478 2907 adhuc
3501 2867 3637 2924 sup-

2058 2940 2221 3009 plicia
2253 2939 2465 2993 luituri.
2509 2940 2579 2994 Et
2613 2948 2903 3009 postquam
2934 2939 3050 2994 haec
3079 2948 3479 2997 tormentorum
3516 2945 3637 3001 loca

2059 3031 2321 3095 ostendit,
2348 3038 2464 3086 tum
2492 3046 2687 3086 eorum
2724 3030 2890 3086 etiam
2918 3031 3013 3101 qui
3055 3033 3194 3087 bene
3236 3034 3493 3090 vixerunt
3520 3037 3639 3092 loca

2060 3122 2401 3177 demonstrat
2427 3123 2514 3178 his
2537 3122 2722 3177 verbis
2765 3121 2840 3192 (p.
2887 3123 2989 3177 1M
3014 3122 3075 3193 Β)
3108 3140 3120 3177 :
3157 3142 3176 3174 ι
3205 3122 3309 3190 Qui
3341 3133 3523 3180 autem
3552 3129 3637 3181 vi-

377 3209 795 3282 δεσμωτηρίων,
855 3210 968 3263 ἄνω
1020 3210 1075 3264 δὲ
1138 3211 1218 3273 εἰς
1281 3209 1381 3279 τὴν
1444 3206 1691 3276 καθαρὰν
1746 3204 1958 3275 οἴκησιν

2065 3212 2224 3267 vendi
2253 3212 2542 3267 sanctitate
2568 3212 2894 3268 excelluisse
2923 3221 3149 3267 caeteros
3172 3212 3273 3268 visi
3314 3213 3541 3281 fuerint,
3581 3217 3642 3270 hi

378 3302 811 3375 ἀφικνούμενοι,
847 3303 943 3355 καὶ
975 3302 1069 3355 ἐπὶ
1105 3302 1202 3371 τῆς
1227 3299 1332 3369 γῆς
1369 3297 1700 3368 αἰκιζόμενοι
1721 3295 1787 3350 ⁵⁸.
1827 3293 1963 3347 Τού-

379 3416 492 3453 των
515 3398 572 3452 ss
600 3396 779 3451 αὐτῶν
807 3398 856 3450 οἱ
883 3396 1172 3467 φιλοσοφία
1197 3392 1397 3456 ἱκανῶς
1430 3391 1802 3461 καθηράμενοι
1829 3388 1959 3443 ἄνευ

296 3517 302 3525 -
377 3508 440 3544 τε
468 3489 730 3559 καμάτων
756 3488 887 3552 ζῶσι
923 3487 984 3540 τὸ
1014 3485 1274 3557 παράπαν
1302 3484 1380 3547 εἰς
1406 3482 1497 3535 τὸν
1520 3481 1713 3534 ἔπειτα
1743 3478 1956 3551 χρόνον,

377 3580 481 3634 καὶ
509 3580 588 3641 εἰς
625 3579 868 3649 οἰκήσεις
910 3574 1038 3648 [ἔτι]
1061 3577 1108 3608 ⁸⁵
1142 3574 1347 3628 τούτων
1384 3572 1635 3633 καλλίους
1675 3568 1963 3639 ἀφικνοῦν-

376 3687 497 3733 ται,
529 3668 596 3733 ἃς
623 3667 745 3722 οὔτε
770 3668 949 3739 ῥᾴδιον
979 3666 1240 3738 δηλῶσαι,
1265 3663 1388 3718 οὔτε
1419 3666 1447 3718 ὁ
1467 3663 1657 3735 χρόνος
1688 3661 1874 3724 ἱκανὸς
1901 3662 1960 3714 ὲν

376 3758 463 3830 τῷ
491 3758 756 3829 παρόντι·
798 3756 934 3811 ἀλλά
975 3755 1181 3809 τούτων
1224 3754 1321 3825 μὲν
1364 3755 1431 3825 δὴ
1478 3753 1662 3806 εἵνεκα
1710 3751 1837 3824 χρὴ,
1886 3743 1962 3805 ὧν

377 3850 794 3921 διεληλύθαμεν,
821 3843 867 3902 ὧ
909 3847 1138 3919 Σιμμία,
1171 3847 1405 3917 πάμπαν
1436 3847 1608 3898 ποιεῖν
1649 3843 1790 3897 ὥστε
1829 3844 1961 3915 ἀρε-

378 3942 483 4011 τῆς
508 3941 600 3994 καὶ
630 3941 944 4011 φρονήσεως
988 3941 1294 4010 μετασχεῖν.
1341 3936 1518 3990 Καλὸν
1549 3935 1658 4006 γὰρ
1688 3934 1747 3988 τὸ
1777 3930 1958 3998 ἆθλον,

381 4033 534 4102 καὶὴ
564 4031 719 4093 ἐλπὶς
747 4029 979 4100 μεγάλη.
1021 4048 1039 4079 ι
1084 4029 1200 4081 Κάν
1238 4027 1314 4098 τῷ
1344 4027 1563 4096 Γοργίᾳ
1598 4026 1654 4079 δὲ
1676 4026 1744 4080 τὰ
1777 4041 1959 4096 παρα-

379 4123 589 4192 πλήσια
621 4120 799 4190 λέγει·
849 4140 865 4170 ι
901 4121 1100 4173 Ἄκουε
1131 4118 1195 4188 δὴ
1229 4118 1372 4188 μάλα
1399 4117 1564 4170 καλοῦ
1595 4116 1774 4184 λόγου,
1810 4115 1870 4169 δν
1896 4117 1959 4169 σὺ

384 4213 486 4284 μὲν
519 4213 702 4283 ἡγήσῃ
736 4209 925 4281 μῦθον,
958 4210 1034 4273 ὡς
1067 4208 1176 4277 ἐγὼ
1207 4205 1380 4280 οἶμαι,
1414 4206 1524 4277 ἐγὼ
1553 4206 1629 4268 δὲ,
1666 4206 1821 4275 λόγον
1841 4223 1854 4238 ·
1886 4205 1962 4266 ὡς

380 4305 559 4376 ἀληθῆ
584 4304 692 4375 γὰρ
721 4303 849 4356 ὄντα
890 4319 972 4355 σοι
1009 4300 1253 4370 λεγέσθω
1285 4299 1321 4353 ἃ
1359 4298 1537 4370 μέλλω
1567 4298 1765 4365 λέγειν.
1798 4316 1816 4350 ι
1851 4299 1962 4351 Καὶ

383 4398 502 4470 μετ’
543 4396 731 4465 ὀλίγα*
770 4415 788 4447 ι
825 4395 929 4447 Τὸν
962 4394 1019 4446 δὲ
1063 4390 1288 4452 δικαίως
1324 4389 1416 4442 τὸν
1459 4388 1571 4459 βίον
1617 4387 1963 4460 διεληλυθότα

381 4490 480 4543 καὶ
518 4488 699 4554 ὁσίως,
728 4486 945 4540 ἐπειδὰν
977 4484 1296 4555 τελευτήσῃ,
1345 4486 1424 4544 εἰς
1466 4481 1730 4553 μακάρων
1761 4482 1959 4551 νήσους

379 4583 617 4637 ἀπιόντα
637 4582 806 4635 οἰκεῖν
829 4583 885 4633 ὲν
910 4579 1059 4651 πάσῃ
1087 4575 1401 4647 εὐδαιμονία
1435 4574 1589 4637 ἐκτὸς
1624 4574 1810 4628 κακῶν
1829 4590 1842 4603 ’
1869 4574 1960 4627 τὸν

380 4675 440 4730 δὲ
462 4651 659 4739 ἀδίκῶς
681 4674 775 4729 καὶ
799 4675 997 4738 ἀθέως,
1033 4674 1113 4737 εἰς
1133 4672 1193 4725 τὸ
1218 4672 1317 4741 τῆς
1338 4667 1572 4739 κρίσεώς
1601 4687 1660 4721 τε
1693 4669 1784 4722 καὶ
1806 4668 1962 4738 δίκης

379 4767 776 4837 δεσμωτήριον,
815 4765 844 4818 ὃ
882 4765 947 4836 δὴ
972 4765 1254 4836 Τάρταρον
1300 4763 1576 4823 καλοῦσιν.
1612 4760 1768 4816 ἰέναι.
1799 4778 1818 4811 ι
1852 4760 1961 4814 Καὶ

380 4855 542 4920 αὖθις
565 4873 579 4887 ⁸
615 4876 634 4910 ι
666 4858 898 4910 Ἔπειτα
927 4858 1165 4925 γυμνοὺς
1193 4855 1410 4925 κριτέον
1444 4853 1697 4908 ἁπάντων
1730 4850 1955 4905 τούτων.

381 4945 700 5010 Τεθνεῶτας
740 4943 850 5014 γὰρ
884 4945 965 4997 δεῖ
987 4947 1003 4975 ¹
1049 4943 1327 5016 κρίνεσθαι
1364 4961 1378 4975 ·
1413 4942 1507 4995 καὶ
1534 4942 1626 4995 τὸν
1659 4941 1851 5012 κριτὴν
1881 4940 1963 4994 δεῖ

380 5020 592 5108 γυμνὸν
621 5031 760 5090 εἶναι
786 5033 1076 5096 τεθνεῶτα,
1105 5034 1243 5104 αὐτῇ
1276 5036 1342 5104 τῇ
1368 5036 1512 5104 ψυχῇ
1539 5033 1708 5103 αὐτὴν
1736 5032 1834 5104 τήν
1856 5033 1962 5101 ψυ-

380 5129 486 5201 χὴν
504 5126 814 5201 θεωροῦντα
832 5126 1089 5197 ἐξαίφνης
1107 5125 1466 5188 ἀποθανόντος
1487 5125 1739 5186 ἑκάστου,
1755 5124 1963 5195 ἔρημον

380 5223 603 5278 πάντων
624 5219 924 5290 συγγενῶν,
944 5216 1308 5271 καταλιπόντα
1327 5218 1419 5269 ἐπὶ
1436 5216 1540 5286 γῆς
1564 5215 1742 5271 πάντα
1756 5216 1963 5268 ἐκεῖνον

378 5314 478 5372 τὸν
498 5314 723 5385 κόσμον,
746 5314 833 5367 ἵνα
858 5311 1039 5366 δικαία
1068 5312 1102 5382 ή
1133 5309 1313 5381 κρῖσις
1450 5328 1468 5358 ι
1504 5308 1690 5371 Οὕτως
1715 5305 1959 5379 ἀκριϐῶς

2059 3307 2187 3356 sunt
2211 3300 2307 3371 qui
2338 3300 2407 3355 ab
2438 3300 2588 3355 hisce
2617 3298 2850 3355 terrenis
2876 3299 3032 3365 locis,
3065 3308 3321 3370 tanquam
3347 3318 3379 3356 a
3400 3302 3641 3357 vinculis

2059 3392 2292 3448 exsoluti
2325 3406 2659 3462 prorsusquc
2705 3390 2944 3455 liberati,
2991 3391 3058 3445 ad
3102 3392 3443 3461 superiorem
3488 3394 3636 3448 illam

2058 3498 2255 3552 puram
2279 3484 2296 3501 '
2317 3481 2712 3536 habitationem
2736 3480 3088 3551 perveniunt,
3118 3491 3282 3551 atque
3305 3482 3382 3536 ibi
3405 3483 3462 3537 in
3492 3491 3638 3538 terra

2059 3574 2266 3644 optima
2295 3573 2653 3628 collocantur.
2677 3572 2758 3626 Ex
2778 3572 2863 3626 his
2892 3580 3074 3627 autem
3097 3572 3251 3643 ipsis,
3283 3572 3377 3642 qui
3397 3589 3496 3643 per
3516 3575 3640 3644 phi-

2058 3665 2364 3736 losophiam
2389 3665 2523 3720 satis
2545 3664 2760 3735 purgati
2786 3663 3010 3728 fuerint,
3038 3663 3075 3717 ii
3099 3672 3155 3718 et
3182 3663 3452 3733 reliquum
3474 3681 3637 3720 omne

2061 3769 2277 3830 tempus
2299 3760 2506 3830 absque
2537 3759 2665 3814 ullis
2699 3759 2919 3828 penitus
2952 3757 3232 3813 laboribus
3256 3757 3468 3823 vivunt,
3497 3769 3555 3814 et
3582 3759 3638 3813 in

2059 3854 2423 3923 pulchriores,
2439 3869 2603 3923 quam
2618 3852 2702 3908 hae
2718 3851 2849 3915 sint,
2863 3850 3230 3905 habitationes
3253 3866 3310 3905 se
3326 3850 3634 3906 conferunt.

2059 3942 2189 4009 Quae
2216 3942 2525 4014 cujusmodi
2559 3942 2688 4006 sint,
2712 3941 2857 3996 haud
2893 3941 3052 3996 facile
3082 3941 3371 4011 quisquam
3411 3940 3634 4005 dixerit,

2058 4033 2218 4104 991
2247 4049 2426 4103 neque
2462 4050 2704 4103 praesens
2724 4042 2939 4103 tempus
2971 4032 3038 4086 ad
3070 4031 3368 4087 dicendum
3410 4031 3629 4087 suffice-

2062 4134 2163 4179 ret.
2198 4124 2304 4180 Sed
2338 4126 2537 4179 horum
2566 4125 2741 4195 gratia
2775 4139 2898 4195 qua;
2923 4123 3071 4179 dicta
3118 4131 3267 4187 sunt,
3311 4138 3344 4177 o
3381 4123 3633 4187 Simmia,

2061 4216 2212 4271 omni
2248 4216 2432 4271 studio
2460 4226 2545 4271 est
2572 4216 2958 4279 adnitendum,
3002 4223 3063 4269 ut
3093 4214 3356 4270 virtutem
3406 4230 3472 4269 ac
3500 4231 3636 4284 pru-

2068 4307 2311 4363 dentiam
2346 4322 2783 4377 consequamur:
2818 4307 3110 4375 pulchrum
3157 4306 3307 4360 enim
3349 4306 3635 4375 praemium

2061 4407 2146 4454 est
2194 4399 2526 4469 repositum,
2566 4413 2671 4452 nec
2706 4396 2899 4466 exigua
2930 4395 3302 4465 consequendi
3340 4410 3487 4464 spes.
3517 4416 3535 4447 ι
3573 4397 3631 4451 In

2065 4490 2258 4561 Gorgia
2277 4503 2497 4559 quoque
2520 4487 2608 4543 his
2628 4486 2810 4541 aﬂinia
2846 4493 3035 4540 narrat
3062 4485 3138 4556 (p.
3173 4485 3277 4540 525
3304 4474 3403 4555 A)!
3427 4504 3446 4536 ι
3469 4487 3633 4545 Audi.

2066 4581 2162 4645 ait,
2192 4579 2587 4651 perpulchrum
2642 4591 2977 4641 sermonem,
3001 4590 3166 4645 quem
3196 4585 3252 4630 tu
3287 4576 3535 4646 quidem,
3577 4586 3640 4631 ut

2065 4672 2282 4742 opinor,
2315 4670 2552 4725 fabulam
2588 4666 2963 4730 existimabis,
2998 4682 3100 4737 ego
3142 4675 3328 4722 autem
3375 4677 3639 4723 constan-

2067 4773 2176 4820 tem
2205 4777 2541 4818 sermonem.
2566 4762 2754 4831 Itaque
2781 4759 3041 4814 dicantur
3070 4767 3331 4827 tanquam
3350 4774 3501 4824 vera,
3519 4775 3642 4830 qum

2067 4856 2318 4911 dicturus
2338 4870 2480 4909 sum.
2507 4872 2525 4905 ι
2560 4852 2629 4906 Et
2647 4859 2773 4923 post
2805 4867 2979 4922 pauca
3009 4868 3021 4904 :
3069 4851 3246 4906 «Eum
3269 4865 3402 4906 vero
3430 4852 3525 4921 qui
3553 4852 3642 4905 vi-

2070 4956 2179 5002 tam
2208 4947 2354 5017 juste
2387 4960 2452 5000 ac
2489 4952 2677 4999 sancte
2738 4942 3100 5013 transegerit,
3157 4950 3336 4996 morte
3389 4940 3537 4996 obita
3582 4940 3638 4995 in

2069 5038 2360 5092 beatorum
2385 5036 2592 5091 insulas
2619 5033 2844 5098 deferri,
2883 5047 3087 5103 easque
3130 5032 3487 5097 incolentem,
3528 5031 3639 5086 frui

2069 5128 2219 5184 omni
2242 5127 2527 5189 felicitate,
2546 5133 2603 5180 et
2628 5134 2903 5180 exsortem
2919 5139 3040 5179 esse
3064 5124 3334 5178 malarum
3360 5122 3636 5189 omnium;

2069 5220 2166 5289 qui
2203 5234 2336 5273 vero
2380 5218 2583 5289 injuste
2618 5226 2783 5287 atque
2818 5216 3018 5286 impie,
3059 5216 3117 5271 in
3147 5214 3343 5288 judicii
3378 5229 3443 5269 ac
3471 5215 3638 5285 justi-

2072 5308 2162 5362 tia:
2192 5321 2470 5361 carcerem
2496 5305 2738 5369 detrudi,
2757 5320 2923 5375 quem
2949 5305 3243 5360 Tartarum
3271 5311 3489 5360 vocant.
3515 5320 3533 5354 ι
3570 5298 3640 5358 Et

1628 5447 1864 5503 VARIIE
1889 5445 2180 5501 LECTION
2190 5445 2293 5502 ES.

456 5590 503 5623 ⁸⁸
533 5588 893 5661 μακροτέραν.

1156 5582 1289 5653 ἀτην
1322 5582 1382 5654 Β.
1412 5582 1551 5638 Tum
1589 5582 1893 5654 ἐργάσομαι
1922 5582 1983 5638 C.
2058 5584 2105 5654 P9
2137 5582 2230 5635 καὶ
2266 5581 2484 5654 πολλάς.
2522 5583 2615 5634 καί
2643 5597 2751 5636 om.
2774 5580 2842 5654 Β,
2869 5580 2929 5636 C.
2986 5581 3031 5611 ’°
3063 5579 3276 5654 φόνους·
3317 5573 3543 5654 ερεὶόνους
3573 5574 3636 5654 ἓν

456 5600 503 5623 ’⁸
533 5600 893 5661 μακροτέραν.
945 5600 1289 5707 μακροτατην
1322 5600 1382 5637 rs.
1413 5600 1551 5638 tum
1589 5600 1893 5654 εργασομαι
1922 5600 1983 5638 υ.
2061 5600 2105 5617 οδ
2137 5600 2230 5635 και
2266 5600 2484 5644 nonac.
2522 5600 2615 5634 και
2643 5600 2751 5636 om.
2780 5600 2842 5647 η,
2869 5600 2929 5636 ιι.
2988 5600 3030 5611 --
3063 5600 3276 5649 φονους.
3317 5600 3540 5642 φυονυυς
3574 5600 3633 5636 η,

382 5661 484 5716 uui
524 5672 634 5715 om.
684 5659 777 5712 καὶ
817 5664 943 5711 ante
991 5653 1056 5707 ἀδ
1080 5670 1228 5717 κους.
1286 5654 1330 5684 ⁹¹
1362 5653 1405 5706 δ’
1432 5668 1541 5709 om.
1574 5653 1635 5707 (Ξ.
1712 5654 1757 5723 ’ξ
1798 5653 2010 5707 ἀνίατα.
2043 5652 2109 5706 ἂν
2147 5653 2339 5723 ἰάσιμα
2373 5651 2538 5707 Sirm.
2572 5660 2629 5707 et
2662 5654 2742 5706 sic
2771 5652 3061 5723 interpres.
3142 5648 3191 5723 ’ξ
3217 5642 3397 5717 [πρὸς]
3431 5658 3540 5697 om.

380 5730 433 5765 “
455 5727 967 5800 ﬂtmgwctv._§ubatv
990 5724 1195 5800 pLVll.
1271 5723 1329 5800 ’_‘_
1349 5724 1447 5800 δεῖ.
1572 5724 1613 5777 Β
1656 5724 1712 5777 δὲ
1736 5722 1913 5778 Sirm“.
1939 5722 2126 5800 addito
2163 5722 2373 5800 ἀνάγκη

383 5792 511 5863 νους
541 5798 601 5855 C.
676 5798 721 5831 ’7
755 5792 946 5864 λέγων.
988 5793 1124 5864 βοῶν
1148 5793 1208 5846 Β.
1285 5793 1330 5825 ’⁸
1351 5792 1698 5864 οἰκιξόμενοι.
1724 5793 2157 5863 κατοικιζόμενοι
2194 5793 2253 5845 Β.
2285 5839 2296 5855 ,
2335 5792 2378 5824 ’⁸

2443 5729 2527 5775 ost
2556 5723 2861 5790 Τάρταρον.
2910 5710 2970 5790 γῗθ
2996 5710 3344 5790 γενομένους.
3382 5710 3640 5783 γιγνομέ-

2443 5734 2527 5775 ost
2556 5734 2860 5790 Ταρταρον.
2926 5734 2970 5751 ὐ
2996 5734 3122 5785 γενο
3171 5734 3187 5768 ε

2404 5737 2535 5863 [in]
2566 5806 2674 5846 om.
2706 5790 2775 5845 Ο.
2851 5789 2865 5820 ί
2902 5789 2999 5842 δεῖ.
3028 5786 3093 5858 δὴ
