4066 6444
459 370 597 436 1103

1445 375 1938 436 THEODORETI
1965 373 2304 434 EPISCOPI
2337 372 2704 432 CYRENSIS

3587 370 3724 436 1104

459 495 655 534 rursus
683 497 694 532 :
724 480 1020 536 «Przeterea
1035 479 1318 552 iudicandi
1338 489 1466 534 sunt
1486 480 1618 535 nudi
1634 481 1721 535 his
1737 480 1904 536 rebus
1927 495 2039 533 om-

2147 477 2428 530 ἐπίστευεν
2482 477 2509 528 ὁ
2560 476 2818 528 Πλάτων¹
2872 471 3012 528 εῖναι
3054 474 3122 528 τὰ
3160 476 3217 528 ἐν
3266 473 3392 546 ᾅδου
3442 478 3724 548 κριτήρια.

463 571 632 625 nibus
658 589 670 624 :
704 573 908 626 mortui
934 574 1080 626 enim
1098 572 1381 642 iudicandi
1413 581 1560 626 sunt.
1574 571 1795 625 Nudum
1812 585 2032 640 quoque

457 671 678 733 oportet
713 664 954 733 judicem
1009 679 1130 718 esse
1161 674 1464 728 mortuum,
1510 663 1603 733 qui
1655 663 1838 716 anima
1891 662 2029 732 ipsa,

456 770 620 824 quam
649 756 1002 825 judicaturus
1023 765 1107 810 est
1133 757 1372 810 animam
1400 755 1714 824 speculetur
1739 753 2034 822 cujuslibet

456 843 570 896 vita
602 843 942 909 excedentis,
992 845 1270 913 privatum
1316 843 1533 897 cunctis
1582 841 2028 908 consanguineis,

457 931 550 1000 qui
580 947 798 986 omnem
834 933 988 987 illum
1023 941 1280 987 ornatum
1316 933 1648 987 exteriorem
1672 932 1727 985 in
1769 940 1915 985 terra
1947 947 2032 987 rc-

454 1023 700 1092 liquerit,
741 1031 801 1077 ut
836 1025 1048 1093 justum
1100 1023 1172 1077 sit
1216 1023 1634 1092 legitimumque
1682 1023 1976 1092 judicium.
2007 1041 2023 1071 ι

455 1113 608 1167 Adeo
622 1114 836 1167 Platoni
866 1130 988 1168 esse
1013 1114 1159 1182 apud
1182 1112 1390 1167 inferos
1415 1112 1751 1183 judiciorum
1769 1113 1889 1165 loca
1908 1126 2034 1179 per—

458 1221 682 1259 suasum
709 1205 834 1259 fuit.
861 1206 920 1259 ln
948 1205 1182 1276 [Egypto
1213 1205 1359 1260 enim
1413 1220 1536 1258 cum
1578 1204 1821 1259 llebrteis
1843 1219 2032 1258 versa-

459 1304 570 1360 tus,
604 1297 927 1366 prophetica
977 1298 1199 1351 oracula
1240 1311 1467 1365 prorsus
1497 1296 1770 1358 audierat,
1798 1304 1854 1349 et
1892 1296 2032 1364 ignis

2157 568 2425 640 Ἐντυχὼν
2455 569 2564 639 γὰρ
2611 569 2883 640 Ἑϐραίοις
2911 570 2969 622 ὲν
2999 569 3256 639 Αἰγύπτῳ
3302 569 3411 622 τῶν
3451 587 3719 640 προφητι-

2140 662 2253 714 κῶν
2300 661 2517 724 πάντως
2564 659 2758 728 λογίων
2803 661 3110 731 ἐπήκουσε,
3151 662 3244 713 καὶ
3290 661 3380 712 τὸν
3417 661 3510 714 τοῦ
3551 663 3723 730 πυρὸς

2141 753 2309 822 ἔμαθε
2338 753 2600 820 ποταμδν,
2636 753 2695 805 ὃν
2721 753 2748 804 ὁ
2778 752 3061 814 θεσπέσιος
3095 753 3356 806 ἐθεάσατο
3378 753 3592 822 Δανιὴλ,
3625 753 3720 806 καὶ

2140 843 2266 907 τοὺς
2308 843 2530 896 Ἡσαΐου
2558 842 2651 895 τοῦ
2680 843 2957 896 θειοτάτου
2982 843 3001 873 ³
3028 844 3303 914 κατέμαθε
3327 843 3478 914 [1561
3502 844 3717 910 λόγους.

2155 936 2391 998 Ἐκεῖνος
2443 936 2550 1005 γάρ
2597 951 2700 988 που
2754 934 2880 1006 περὶ
2927 934 3036 988 τῶν
3086 931 3462 1005 κολαζομένων
3514 935 3716 1003 φησίν·

2147 1045 2165 1076 ‹
2211 1026 2269 1078 Ὀ
2299 1027 2516 1096 σκώληξ
2553 1026 2730 1078 αὐτῶν
2776 1027 2839 1078 οὐ
2882 1024 3216 1096 τελευτήσει,
3263 1026 3355 1078 καὶ
3384 1027 3446 1077 τὸ
3479 1025 3588 1096 πῦρ
3623 1025 3722 1077 αὑ-

2139 1115 2246 1168 τῶν
2274 1117 2334 1168 οὑ
2363 1118 2738 1187 σϐεσθήσεται.
2776 1137 2794 1168 ι
2822 1116 2932 1170 Καὶ
2955 1116 3114 1170 πάλιν
3139 1134 3152 1146 ο
3186 1136 3203 1167 ι
3233 1115 3366 1188 [Τίς
3385 1118 3404 1146 ⁸
3429 1115 3724 1184 ἀναγγελεῖ

2141 1208 2275 1276 ἡμῖν
2313 1209 2395 1260 ὅτι
2433 1207 2543 1278 πῦρ
2575 1208 2819 1272 καίεταις
2850 1207 2858 1278 1
2901 1207 2982 1269 τίς
3029 1209 3320 1276 ἀναγγελεῖ
3355 1209 3487 1278 ήμίν
3516 1207 3607 1259 τὸν
3635 1207 3723 1259 τό·

2144 1314 2241 1350 πον
2271 1299 2362 1350 τὸν
2399 1298 2646 1363 αἰώνιον;
2679 1318 2697 1350 ι

460 1392 688 1447 ﬂuvium
735 1392 1025 1456 didicerat,
1049 1407 1210 1460 quem
1243 1391 1466 1444 divinus
1514 1391 1703 1444 Daniel
1771 1407 1800 1444 a
1868 1405 1928 1444 se
1996 1401 2355 1461 conspectum
2393 1402 2655 1446 narrate.
2685 1393 2963 1447 Didicerat
2999 1401 3056 1446 et
3126 1392 3300 1446 divini
3341 1393 3492 1448 Isaia:
3527 1393 3715 1447 verba.

461 1485 508 1540 Is
543 1486 690 1539 enim
719 1485 786 1538 de
809 1499 1025 1538 reorum
1061 1483 1239 1552 pomis
1285 1483 1524 1553 quodam
1567 1484 1622 1537 in
1661 1484 1782 1537 loco
1820 1485 1897 1538 sic
1935 1485 2222 1552 loquitur:
2261 1507 2277 1536 ι
2305 1485 2516 1541 Vermis
2553 1500 2744 1539 eorum
2785 1501 2893 1538 non
2924 1486 3209 1548 morietur,
3249 1500 3427 1553 neque
3473 1485 3719 1553 ipsorum

459 1576 601 1646 ignis
648 1576 810 1645 992
859 1575 1244 1644 exstinguetur
1269 1574 1311 1627 ί.
1339 1595 1356 1626 ι
1400 1575 1469 1629 Ει
1518 1576 1762 1630 iterum:
1811 1596 1828 1626 ι
1853 1575 1987 1642 Quis
2026 1577 2378 1631 annuntiabit
2414 1578 2571 1632 vobis
2608 1573 2754 1647 quod
2795 1577 2936 1648 ignis
2995 1576 3221 1630 ardeat?
3253 1576 3378 1645 quis
3426 1576 3726 1630 annuntia-

459 1668 538 1721 bit
571 1667 726 1721 vobis
761 1668 940 1720 locum
967 1675 1232 1721 aeternum
1256 1676 1280 1714 ε
1298 1667 1320 1718 ?
1340 1685 1359 1718 ›

525 1759 646 1813 Alia
666 1774 796 1812 vero
817 1759 1049 1826 plurima
1069 1758 1122 1810 in
1141 1758 1283 1812 hanc
1304 1760 1633 1812 sententiam
1650 1759 1794 1828 apud
1813 1759 2039 1828 prephe-

2219 1761 2329 1813 Καὶ
2355 1760 2487 1812 ἄλλα
2510 1760 2564 1812 δὲ
2595 1760 2819 1812 τοιαῦτα
2850 1761 3076 1812 πλεῖστα
3115 1760 3230 1812 ἐστι
3261 1760 3412 1832 παρὰ
3444 1763 3555 1822 τοῖς
3586 1779 3724 1831 προ-

455 1861 538 1906 tas
551 1851 791 1920 reperire
808 1851 953 1902 licet.
969 1849 1122 1902 Plato
1133 1856 1339 1913 autem,
1352 1849 1596 1918 quaedam
1616 1849 1741 1904 inde
1754 1866 2039 1905 assumens

453 1952 511 2000 et
561 1943 670 1996 alia
708 1942 944 1995 miscens
966 1957 1033 1994 ex
1065 1940 1377 1996 Graecorum
1430 1941 1652 2004 fabulis,
1685 1957 1814 1996 suos
1847 1942 1935 1995 his
1971 1941 2038 1996 de

449 2035 623 2088 rebus
645 2048 929 2087 sermones
967 2032 1204 2102 scripsit.
1231 2032 1362 2098 Quae
1393 2048 1524 2087 vero
1542 2044 1872 2102 sequuntur,
1892 2048 2041 2086 eam-

455 2125 580 2180 dem
615 2124 824 2178 habent
850 2125 1182 2178 sententiam
1213 2124 1289 2194 (p.
1325 2123 1428 2178 526
1465 2123 1549 2194 B).
1590 2144 1606 2176 ι
1630 2125 1709 2178 Ex
1750 2125 2035 2194 judicibus

449 2219 628 2282 enim,
668 2217 814 2286 quod
863 2216 1136 2280 dicebam,
1176 2217 1387 2285 primus
1419 2216 1643 2285 quidem
1696 2217 2042 2272 Rhadaman-

453 2311 588 2364 thus
630 2310 742 2372 ille,
781 2310 825 2362 si
850 2325 1012 2378 quem
1039 2309 1201 2362 talem
1227 2308 1586 2378 judicandum
1623 2309 1876 2382 accipiat,
1902 2306 2040 2361 nihil

456 2401 613 2455 aliud
649 2405 663 2419 '
698 2401 842 2454 illius
873 2400 1114 2454 hominis
1142 2401 1319 2463 novit,
1359 2415 1463 2454 nec
1510 2400 1634 2468 quis
1685 2399 1776 2463 sit,
1823 2415 1922 2452 nec
1972 2415 2040 2453 ex

453 2493 668 2562 quibus
704 2499 882 2554 ortus,
921 2492 1016 2545 sed
1045 2492 1221 2546 solum
1257 2492 1402 2561 quod
1431 2493 1607 2545 malus
1627 2491 1729 2545 sit:
1758 2507 1868 2561 quo
1893 2506 2043 2544 com-

459 2595 638 2656 perto,
667 2585 732 2638 ad
747 2584 1038 2637 Tartarum
1059 2583 1320 2647 demittit,
1352 2584 1507 2653 signo
1532 2582 1802 2647 indicans,
1825 2581 2042 2636 sanabi-

465 2675 609 2728 lisne
653 2689 722 2726 an
759 2672 1086 2726 insanabilis
1102 2672 1396 2727 videatur:
1436 2675 1526 2727 ille
1559 2681 1744 2727 autem
1776 2688 1842 2726 eo
1866 2681 2044 2726 trans-

457 2769 663 2823 missus
678 2767 1036 2837 congruentia
1061 2767 1288 2836 patitur.
1308 2766 1713 2834 Nonnunquam
1731 2778 1865 2818 vero
1881 2763 2042 2816 aliam

455 2858 832 2928 conspicatus,
871 2873 992 2926 quae
1024 2865 1211 2910 sancte
1242 2856 1410 2909 vitam
1449 2856 1749 2924 peregerit,
1789 2862 1883 2906 aut
1926 2852 2040 2922 pri-

463 2952 585 3005 vati
619 2949 883 3013 hominis,
917 2958 1013 3002 aut
1038 2948 1266 3002 alterius
1319 2948 1413 3017 qui
1453 2947 1745 3001 veritatem
1789 2945 2039 3009 coluerit,

460 3058 528 3097 ac
565 3042 893 3111 pnesertim,
931 3050 992 3094 ut
1022 3041 1280 3109 equidem
1311 3041 1514 3103 sentio,
1541 3055 1573 3092 o
1601 3039 1878 3104 Callicles,
1921 3039 2042 3108 phi-

2142 1853 2338 1922 φήταις
2367 1853 2562 1921 εὑρεῖν.
2615 1852 2670 1903 Ὀ
2702 1851 2758 1904 δὲ
2793 1851 3082 1920 φιλόσοφος
3123 1852 3192 1903 τὰ
3235 1851 3333 1920 μὲν
3379 1851 3589 1902 ἐκεῖθεν
3624 1852 3726 1903 λα-

2142 1942 2274 2004 ϐὼν,
2327 1944 2396 1994 τὰ
2446 1943 2502 1994 δὲ
2557 1945 2620 1994 ἐκ
2671 1943 2777 1996 τῶν
2819 1941 3145 2012 Ἑλληνικῶν
3186 1942 3455 2010 ἀναμίξας
3513 1943 3723 2009 μύθων,

2139 2036 2265 2097 τοὺς
2299 2030 2426 2104 περὶ
2459 2035 2662 2087 τούτων
2693 2036 2988 2105 ἐποιήσατο
3015 2034 3207 2102 λόγους
3232 2051 3244 2064 ·
3285 2037 3378 2087 καὶ
3414 2036 3480 2087 τά
3519 2032 3724 2104 ἐφεξῆς

2141 2126 2317 2195 δὲτὴν
2357 2127 2523 2196 αὐτὴν
2565 2128 2675 2195 ἔχει
2719 2126 2979 2178 διάνοιαν.
3023 2145 3039 2176 ι
3068 2125 3187 2176 Τῶν
3215 2125 3345 2196 γὰρ,
3379 2127 3542 2194 φησι,
3573 2127 3729 2180 δικα-

2144 2219 2306 2281 στῶν,
2373 2219 2550 2288 ὅπερε⁵
2587 2218 2792 2284 ἔλεγον,
2845 2217 3059 2284 πρῶτος
3110 2217 3207 2286 μὲν
3255 2221 3282 2270 ὁ
3349 2217 3728 2286 Ῥαδάμανθυς

2141 2311 2368 2374 ἐκεῖνος,
2395 2309 2458 2361 ἂν
2483 2309 2722 2360 τοιοῦτόν
2750 2325 2870 2360 τινα
2893 2307 3054 2378 λάϐῃ,
3084 2307 3210 2361 ἄλλο
3233 2308 3330 2376 μὲν
3359 2307 3487 2375 περὶ
3517 2305 3683 2359 αὑτοῦ
3704 2308 3726 2337 ⁸

2141 2402 2240 2454 οὐκ
2283 2397 2422 2454 οἶδεν
2462 2400 2634 2462 οὐδὲν,
2685 2398 2808 2451 οὔτε
2853 2399 3022 2461 ὅστις,
3067 2398 3188 2450 οὔτε
3234 2392 3491 2458 ὧντινων,
3542 2401 3625 2450 ὃτι
3667 2397 3724 2449 δὲ

2143 2493 2377 2560 πονηρός
2401 2509 2481 2555 τις
2505 2508 2516 2518 '
2552 2491 2646 2543 καὶ
2681 2490 2838 2543 τοῦτο
2869 2489 3098 2543 κατιδὼν
3146 2489 3478 2559 ἀπέπεμψεν
3506 2491 3584 2551 εἰς
3631 2488 3725 2541 τὸν

2142 2585 2446 2654 Τάρταρον,
2481 2583 2998 2652 ἐπισημαινόμενος,
3041 2583 3134 2634 ἐάν
3167 2599 3222 2634 τε
3263 2583 3500 2651 ἰάσιμος,
3543 2582 3638 2634 ἐάν
3665 2598 3724 2633 τε

2142 2675 2359 2737 ἀνίατος
2411 2668 2550 2724 εἶναι
2597 2673 2749 2742 δοκῇ.
2784 2672 2846 2725 Ὀ
2901 2672 2978 2733 δὲ,
3025 2672 3202 2723 ἐκεῖσε
3253 2672 3605 2740 ἀφικόμενος,
3657 2670 3726 2724 τὰ

2143 2767 2490 2837 προσήκοντα
2521 2765 2739 2832 πάσχει.
2783 2763 2986 2816 Ἑνίοτε
3027 2762 3106 2828 δὲ,
3153 2762 3447 2831 Ἕλληνοςτ
3483 2762 3605 2816 ίδὼν
3639 2762 3727 2832 βε-

2143 2858 2403 2910 ϐιωκυίαν
2434 2857 2633 2919 ὁσίως⁸
2667 2856 2762 2909 καὶ
2790 2855 2927 2925 μετὰ
2967 2854 3242 2924 ἀληθείας,
3285 2855 3475 2926 ἀνδρὸς
3507 2854 3719 2908 ἰδιώτου

2142 2949 2176 3020 ἢ
2222 2948 2379 3003 ἄλλοι)
2429 2948 2592 3011 τινθις,
2640 2948 2874 3018 μάλιστα
2923 2947 3044 3016 μὲν,
3083 2947 3198 3010 ώςυ
3245 2947 3420 3015 ἔγωγέ
3463 2965 3626 3018 φημι,
3681 2941 3726 3000 ὦ

2147 3040 2488 3103 Καλλίκλεις,
2523 3041 2812 3108 φιλοσόφου
2851 3039 2920 3092 τὰ
2968 3039 3132 3092 αὐτοῦ
3179 3039 3486 3110 πράξαντος
3538 3040 3631 3092 καὶ
3664 3039 3725 3091 οὗ

464 3133 706 3202 losophi,
749 3131 842 3201 qui
869 3132 972 3185 soli
1026 3132 1129 3185 sibi
1184 3132 1483 3196 vacaverit,
1523 3147 1703 3201 neque
1742 3132 2039 3185 multarum

2148 3133 2776 3202 πολυπραγμονήσαντος
2819 3132 2878 3183 ἐν
2905 3131 2982 3200 τῷ
3013 3131 3132 3201 βίῳ,
3175 3131 3390 3200 ἠγάσθη
3419 3147 3478 3183 τε
3515 3132 3610 3183 καὶ
3647 3130 3729 3194 είς

466 3239 662 3278 rerum
687 3223 742 3276 in
773 3223 884 3277 vita
915 3223 1190 3277 sollicitus
1215 3223 1402 3288 fuerit,
1438 3231 1686 3277 amanter
1719 3223 1862 3277 hanc
1893 3223 2042 3277 exci-

464 3316 568 3387 pit,
600 3324 759 3384 atque
789 3315 857 3369 ad
889 3316 1176 3370 beatorum
1215 3316 1421 3370 insulas
1453 3315 1642 3369 mittit.
1677 3336 1694 3366 ι
1747 3316 1816 3370 Ει
1847 3316 2041 3385 paucis

467 3407 768 3476 interiectis
789 3405 1072 3476 adjunxit:
1108 3426 1125 3456 ‹
1151 3406 1279 3460 Mihi
1302 3407 1549 3476 quidem,
1573 3423 1606 3462 ο
1641 3407 1917 3471 Callicles,
1955 3406 2043 3460 his

467 3497 779 3552 rationibus
813 3513 1138 3567 persuasum
1163 3508 1269 3564 est,
1331 3499 1494 3567 idque
1528 3514 1699 3552 unum
1738 3507 1946 3567 specto,
1983 3507 2044 3552 ut

466 3605 628 3659 quam
667 3590 1006 3644 sanissimam
1041 3591 1279 3645 animam
1307 3591 1480 3662 judiei
1517 3591 1824 3644 ostendam.
1854 3589 2044 3645 Missas

467 3681 635 3751 igitur
660 3682 868 3736 faciens
888 3698 1025 3751 quas
1054 3684 1211 3736 multi
1240 3692 1508 3753 appetunt
1544 3682 1860 3752 dignitates,
1893 3682 2043 3737 veri-

467 3773 673 3840 tatique
703 3771 1048 3836 incumbens,
1069 3774 1250 3826 enitar
1264 3789 1366 3842 pro
1387 3772 1622 3836 viribus,
1649 3781 1711 3827 ut
1727 3779 1782 3827 et
1799 3773 2042 3843 optimus

466 3862 646 3917 vivam
676 3872 750 3926 et,
783 3878 905 3916 cum
925 3864 1273 3918 moriendum
1311 3864 1440 3929 erit,
1471 3864 1696 3919 moriar.
1725 3865 1928 3920 llortor
1948 3882 2045 3920 au-

466 3960 649 4006 temet
670 3960 897 4006 caeteros
919 3955 1201 4019 mortales,
1228 3953 1390 4024 993
1413 3954 1594 4024 quoad
1619 3970 1862 4024 possum,
1882 3965 2044 4025 teque

469 4045 649 4112 ipsum
686 4044 738 4096 in
775 4045 986 4114 primis,
1047 4045 1114 4100 ad
1146 4045 1252 4101 hoc
1309 4055 1416 4102 tam
1471 4047 1764 4117 pulchrum
1823 4049 2045 4104 virtutis

463 4145 768 4201 certamen,
817 4138 966 4206 quod
1018 4154 1130 4209 prae
1186 4140 1401 4194 cunctis
1451 4141 1866 4206 certaminibus,
1922 4157 2045 4210 qua

467 4225 606 4279 adiri
637 4236 867 4295 possunt
891 4227 1092 4293 invita,
1121 4227 1423 4298 optandum
1457 4245 1578 4284 esse
1606 4229 1834 4284 ailirmo.
1857 4231 2044 4300 Teque

468 4333 618 4372 nunc
664 4319 890 4389 increpo
920 4328 977 4374 et
1024 4335 1244 4385 accuso,
1277 4336 1458 4391 neque
1495 4322 1643 4376 enim
1681 4323 1779 4376 tibi
1834 4323 2045 4392 poteris

468 4409 749 4487 suppetias
776 4410 994 4475 aiferre,
1021 4427 1147 4465 cum
1199 4411 1297 4466 tibi
1331 4428 1498 4467 causa
1543 4413 1619 4466 ibi
1652 4413 1843 4479 fuerit,
1875 4423 1931 4468 et
1957 4415 2046 4484 ju-

467 4499 679 4555 dicium
715 4501 864 4570 quod
901 4501 1065 4556 modo
1096 4503 1637 4558 commemorabam:
1666 4503 1763 4559 sed
1796 4519 1922 4559 cum
1953 4519 2048 4559 ve-

466 4591 618 4644 neris
663 4593 729 4645 ad
778 4593 1020 4663 iudicem
1058 4595 1213 4650 illum
1258 4595 1468 4665 Eginm
1508 4595 1705 4660 ﬁlium,
1744 4605 1908 4666 teque
1953 4597 2044 4652 ille

469 4689 786 4749 correptum
816 4699 883 4737 eo
912 4685 1196 4753 perducet,
1242 4686 1420 4741 hiabis
1465 4686 1752 4752 attenitus,
1778 4697 1834 4741 et
1874 4687 2045 4741 verti-

468 4770 674 4839 ginem,
731 4788 896 4842 quam
928 4777 1017 4830 hic
1047 4794 1168 4848 ego,
1204 4787 1260 4832 tu
1298 4779 1413 4834 illic
1435 4778 1698 4847 patieris:
1751 4795 1816 4834 ac
1849 4787 1900 4833 te
1935 4779 2041 4833 for-

471 4868 615 4916 tasse
659 4863 750 4918 ille
772 4867 1064 4934 percutiet,
1099 4870 1458 4940 colaphisque
1505 4869 1767 4934 incussis,
1810 4869 2044 4939 ignomi-

546 5001 571 5029 ε
597 4990 733 5046 Dan.
762 5010 855 5057 vn,
886 4993 970 5048 10.
1051 4993 1068 5033 τ
1109 4995 1212 5052 Isa.
1245 5013 1383 5062 mm,
1408 4999 1497 5051 2i.

1583 5001 1608 5038 ⁸
1640 4999 1741 5053 lsa.
1779 5016 1964 5064 xxxm,
2001 5003 2083 5055 Μ.

2152 3225 2416 3294 μακάρων
2473 3225 2669 3293 νήσους
2716 3224 3030 3293 ἀπέπεμψε.
3071 3245 3088 3275 ›
3163 3224 3273 3276 Καὶ
3329 3221 3464 3292 μετὰ
3520 3220 3732 3292 βραχέα

2150 3317 2429 3386 ἐπήγαγεν
2456 3331 2468 3344 ·
2509 3333 2526 3367 ι
2565 3314 2708 3382 Ἐγὼ
2749 3315 2868 3382 μὲν,
2909 3307 2952 3367 ὦ
2990 3314 3332 3380 Καλλίκλεις,
3385 3314 3490 3367 ὑπὸ
3522 3312 3732 3366 τούτων

2148 3406 2256 3459 τῶν
2282 3405 2457 3474 λόγων
2491 3407 2813 3476 πέπεισμαι,
2838 3407 2932 3459 καὶ
2957 3405 3142 3459 σκοπῶ
3169 3407 3315 3468 ὅπως
3337 3404 3728 3474 ἀποφανοῦμαι

2150 3499 2227 3569 τῷ
2259 3501 2420 3569 κριτῇ
2465 3497 2538 3560 ὡς
2572 3499 2899 3568 ὑγιεστάτην
2931 3500 3029 3570 τήν
3066 3498 3328 3568 ψυχήνίθ.
3376 3497 3606 3566 Χαίρειν
3637 3491 3735 3548 οὖν

2150 3589 2316 3652 ἐάσας
2353 3588 2449 3650 τὰς
2481 3588 2645 3657 τιμὰς
2681 3587 2784 3640 τῶν
2832 3587 3040 3640 πολλῶν
3091 3588 3416 3656 ἀνθρώπων,
3460 3588 3558 3658 τὴν
3599 3585 3734 3659 ἀλή-

2151 3679 2301 3734 θειαν
2335 3679 2542 3742 ἀσκῶν,
2590 3679 2921 3750 πειράσομαι
2955 3678 3030 3750 τῷ
3104 3697 3206 3744 ντι,
3246 3679 3320 3742 ὡς
3364 3679 3430 3732 ἂν
3460 3679 3734 3749 δύνωμαι,

2153 3771 2424 3842 βέλτιστος
2455 3770 2549 3834 ὣν,
2588 3770 2680 3824 καὶ
2704 3769 2822 3842 ζῇν,
2851 3771 2944 3824 καὶ
2969 3771 3187 3824 ἐπειδὰν
3221 3770 3570 3842 ἀποθνήσκω,
3594 3773 3742 3825 ἀπο-

2153 3863 2424 3933 θνήσκειν.
2471 3862 2778 3933 Παρακαλῶ
2809 3862 2862 3914 δὲ
2887 3864 2979 3914 καὶ
3009 3867 3132 3927 τοὺς
3161 3863 3353 3926 ἄλλους
3381 3861 3734 3935 [ἂπαντας]¹¹

2151 3954 2493 4025 ἀνθρώπους,
2529 3953 2649 4007 καθ’
2679 3955 2802 4006 ὅσον
2833 3952 3098 4024 δύναμαι·
3141 3956 3232 4006 καὶ
3268 3954 3330 4023 δὴ
3362 3954 3452 4007 καὶ
3491 3953 3548 4006 σὲ
3580 3956 3748 4006 ἀντι-

2153 4046 2455 4119 παρακαλῶ
2505 4049 2596 4100 ἐπὶ
2639 4045 2832 4100 τοῦτον
2880 4045 2970 4098 τὸν
3007 4045 3119 4115 βίον
3154 4044 3292 4117 [καὶ]
3322 4046 3364 4078 ¹¹
3403 4046 3495 4099 τὸν
3543 4045 3737 4114 ἀγῶνα

2149 4142 2361 4203 τοῦτον,
2408 4141 2466 4194 ὃν
2499 4158 2638 4212 φημι
2678 4142 2800 4194 ἀντὶ
2832 4140 3049 4193 πάντων
3075 4140 3185 4192 τῶν
3233 4138 3464 4212 [ἐνθάδε]
3504 4137 3738 4207 ἀγώνων

2155 4233 2333 4308 [ἡμῖν]
2359 4233 2402 4264 ’³
2435 4231 2578 4286 εἶναι
2614 4250 2624 4263 ·
2671 4233 2767 4286 καὶ
2807 4233 3048 4297 ὀνειδίζω
3087 4238 3145 4285 σε
3182 4231 3267 4286 ὅτι
3308 4233 3405 4300 οὐχ
3434 4226 3542 4293 οἶός
3582 4248 3640 4282 τε
3684 4226 3741 4282 εἷ

2153 4327 2335 4397 σαυτῷ
2376 4326 2661 4397 βοηθῆσαι,
2692 4328 2819 4380 ὅταν
2923 4327 3045 4394 δίκη
3077 4343 3156 4378 σοι
3260 4326 3354 4378 καὶ
3385 4326 3417 4395 ή
3453 4323 3632 4394 κρίσις
3667 4323 3738 4391 ῆν

2152 4417 2246 4472 νῦν
2276 4419 2478 4487 ἔλεγον.
2517 4419 2655 4473 Ἀλλ’
2681 4419 2905 4471 nam,"
2935 4419 3087 4490 παρὰ
3113 4419 3204 4470 τὸν
3235 4416 3495 4486 δικαστὴν
3523 4416 3738 4467 ἐκεῖνον

2151 4510 2241 4563 τὸν
2281 4510 2381 4579 τῆς
2435 4510 2659 4579 Αἰγίνης
2707 4509 2842 4573 υἱὸν,
2902 4510 3122 4562 ἐπειδάν
3176 4525 3234 4560 σε
3273 4506 3738 4575 ὲπιλαὸόμενος¹⁵

2153 4605 2358 4665 ἐκεῖνος
2388 4603 2518 4673 ἄγῃ,
2551 4604 2826 4674 χασμήσει
2860 4603 2954 4654 καὶ
3001 4602 3323 4670 ἰλιγγιάσεις
3347 4601 3410 4664 ’⁸,
3447 4599 3598 4652 οὐδὲν
3636 4593 3736 4670 ἦτ-

2151 4707 2244 4743 τον
2281 4692 2313 4761 ῆ
2357 4691 2468 4759 ἐγὼ
2502 4691 2709 4754 ἐνθάδε,
2734 4693 2827 4745 καὶ
2855 4693 2919 4745 σὺ
2948 4692 3095 4744 ἐκεῖ·
3128 4690 3221 4744 καί
3263 4707 3318 4742 σε
3359 4690 3488 4750 ἴσως
3523 4687 3738 4756 τυπτή-

2155 4797 2235 4833 σει
2261 4782 2323 4843 ’⁷,
2358 4780 2453 4832 καὶ
2479 4780 2570 4832 ἐπὶ
2600 4781 2807 4852 κόρρης
2831 4781 3118 4850 ἀτιμώσει,
3143 4781 3237 4848 καὶ
3267 4779 3484 4840 πάντως
3513 4792 3738 4846 προπη-

2152 4873 2348 4928 λακιεῖ.
2405 4872 2558 4942 Τάχα
2595 4872 2640 4926 δ’
2680 4869 2772 4928 οὖν
2815 4873 3036 4928 ταυτὶη
3070 4871 3235 4943 μῦθός
3271 4889 3350 4924 σοι
3391 4870 3538 4924 δοκεῖ
3577 4867 3740 4934 λέγε-

1750 5137 1985 5194 mum;
2030 5139 2435 5196 LECTIONES.
2465 5221 2472 5226 ἱ

541 5266 562 5298 ²
585 5267 924 5345 ἐπίστευενρ
951 5269 1044 5323 ΙΙλ.
1068 5272 1226 5345 am.
1257 5273 1539 5327 ἐπίστευεν
1571 5276 1629 5329 Β.
1660 5275 1978 5333 ἐπίστευσεν
2006 5279 2035 5331 ὁ
2059 5280 2126 5333 Π.
2158 5278 2220 5333 C.
2288 5279 2307 5309 ³
2328 5277 2422 5331 τοῦ
2452 5277 2740 5332 θεσπεσίου
2771 5279 3016 5333 Ἡσαΐου.
3054 5279 3179 5345 τοὺς
3215 5279 3437 5333 Ἠσαίου
3471 5279 3564 5334 τοῦ
3593 5280 3740 5335 θειο-

470 5339 632 5393 τάτου
657 5337 717 5392 Β.
793 5340 814 5371 ⁸
837 5341 1229 5405 τίς-,καίεται
1261 5359 1370 5396 om.
1402 5345 1461 5398 B.

472 5478 492 5509 ’
521 5478 597 5541 ὡς
632 5478 743 5532 om.
780 5480 840 5533 Β.

470 5547 537 5611 Β,
560 5549 621 5602 C.
659 5551 867 5612 πάντας
893 5547 1045 5603 addit
1073 5547 1112 5605 Ε

1142 5562 1264 5627 post
1295 5556 1743 5627 ἀντιπαρακαλῶ.

473 5619 654 5686 ἔλεγον
676 5619 845 5671 ἐλθὼν
877 5620 949 5676 Va
960 5663 971 5674 .

482 5346 717 5439 ξάξιορὶῧ.
793 5346 814 5371 ⁵
837 5346 1229 5439 ’ἰῇ-,καίεται
1261 5359 1388 5439 οὲιἈ
1402 5346 1461 5398 Β.
1538 5347 1558 5377 ⁵
1585 5346 1857 5419 ὧσπερ-
1877 5349 2359 5439 πρῶτον.ντξπερ-ῖ
2383 5347 2598 5439 πρῶητοξ
2624 5348 2686 5439 Ε.
2725 5350 2862 5436 ὅπερ
2895 5349 3026 5439 item
3055 5349 3115 5405 C.

531 5409 821 5510 Z“’.".L"°%
845 5409 1021 5509 ἀλξιν,
1057 5410 1222 5510 δὶπηε
1267 5414 1526 5510 "mw
1559 5409 1957 5510 οοπιιιίιθεςιὶ-
1985 5436 2039 5489 ιη

2147 5409 2274 5510 λἹλην
2310 5409 2520 5510 sis-ns
2548 5409 2886 5510 ’ἕεϐιωκυῖάν

996 5483 1172 5560 ψυχὴν
1201 5484 1358 5553 ἔχων.
1392 5483 1529 5554 ἔχων
1557 5503 1666 5540 om.
1703 5483 1763 5542 Β.
1826 5489 1866 5518 ¹¹
1895 5483 2039 5559 [ἀπα

996 5557 1045 5603 ,ιι
1073 5551 1112 5605 C
1142 5562 1264 5613 post
1295 5556 1743 5613 ἁντιπαρακαλῶ.
1843 5560 1886 5590 ¹³
1919 5558 2039 5613 litui

2147 5488 2188 5560 ;]
2215 5483 2324 5543 om.
2355 5487 2419 5552 B,
2451 5488 2511 5543 C.
2548 5489 2686 5543 Tum
2714 5489 2807 5542 καὶ
2829 5499 2952 5559 post
2973 5490 3035 5556 δὴ
3068 5506 3176 5544 om.
3211 5490 3270 5543 B.
3369 5483 3410 5519 ¹’²
3443 5491 3537 5560 [κα

2147 5576 2237 5613 im.
2269 5559 2329 5613 B.
2361 5558 2423 5613 C.
2489 5559 2530 5589 υ
2559 5560 2764 5613 ἔλεγον.
2802 5561 2916 5613 ἀλλ’
2961 5560 3150 5613 ἐλθών.
3187 5561 3372 5613 ἔλεγον
3423 5562 3537 5613 dive)

1077 5557 1112 5605 υ
1142 5562 1264 5622 post
1295 5557 1743 5627 ἁντιπαρακαλῶ.
1843 5557 2039 5632 1³[ήμῖ

1077 5622 1119 5652 ¹⁶
1152 5624 2039 5699 ἐπιλαβόμενος.Πὲπιλαμϐανόμεν

2147 5557 2237 5613 im.
2269 5559 2329 5622 B,
2361 5558 2423 5613 C.
2489 5559 2530 5589 ”
2559 5560 2764 5627 ἔλεγον.
2802 5557 2916 5613 ἀλλ’
2961 5560 3150 5622 ἐλθών,
3187 5561 3372 5627 ἔλεγον
3423 5557 3549 5613 ἆνελ

2147 5631 2183 5693 l,
2214 5631 2310 5685 Va.
2347 5698 2350 5699 ν
2417 5630 2461 5660 ’⁸
2501 5633 2759 5699 χασμήση
2791 5631 2884 5682 καὶ
2915 5629 3078 5698 ἰλιγγ.
3106 5633 3380 5699 χασμήσει
3425 5633 3517 5682 καὶ

3195 5351 3215 5382 ⁶
3245 5351 3429 5403 αὑτοῦ.
3469 5351 3633 5404 αὑτὸν
3669 5349 3737 5407 C.

2500 5419 2520 5449 ⁸
2560 5419 2886 5483 βεϐιωκυῖαν
2935 5421 3116 5482 ὁσίως.
3158 5419 3321 5483 ὁσίως
3379 5419 3740 5488 βεϐιωκυῖαν.

3369 5491 3410 5519 ¹²
3443 5489 3582 5611 [καλὲ
3619 5505 3737 5545 om.

3369 5579 3372 5601 >
3423 5562 3549 5611 ἀνελ
3587 5566 3661 5611 ὼν
3692 5560 3737 5611 Β

3587 5566 3661 5613 ὼν
3692 5560 3742 5612 Β

2417 5630 2472 5700 ’δέ
2501 5633 2759 5699 χασμήση
2791 5631 2884 5700 καὶ
2915 5629 3078 5698 ἰλιγγ.
3106 5633 3380 5700 χασμήσει
3425 5633 3517 5682 καὶ
3564 5631 3663 5682 είλ.

472 5687 593 5770 ἄγει
626 5705 774 5770 pax.
812 5691 1118 5763 ἰλιγγιάσης
1143 5692 1202 5749 C.
1283 5695 1325 5725 ¹⁷
1357 5687 1450 5748 καί
1482 5687 1538 5750 σε
1569 5698 1698 5761 ἴσως
1731 5687 1891 5754 τυπτ.
1926 5687 2034 5753 om.
2068 5687 2110 5753 Β
2137 5687 2229 5754 καὶ
2275 5698 2368 5754 ἐπὶ
2413 5687 2624 5770 κόρρης
2660 5687 2928 5770 ἀτιμώσει
2958 5687 3052 5755 vh'.
3107 5687 3176 5732 ’³⁸
3200 5687 3376 5754 ταυτί.
3408 5702 3568 5754 ταυτὶ
3596 5700 3659 5763 Β,
3687 5699 3736 5752 ν

470 5756 641 5823 ταὺτη
674 5754 736 5809 C.
