4066 6422
338 417 474 481 1105

868 421 1307 483 ῧΒΛΞΟΛΙῖυΜ
1344 421 1646 482 AFFECT.
1685 417 1902 480 CURA'

2009 418 2231 478 L—XI.
2265 418 2363 478 DE
2394 418 2572 504 FINE
2606 418 2701 478 ET
2738 416 3058 479 JUDICIO.

3449 415 3587 483 1106

336 526 482 592 σθαι,
515 524 706 599 ὥσπερ
735 527 839 582 ὑπὸ
872 530 1059 601 γραὸς,
1107 532 1201 585 καὶ
1226 533 1586 599 καταφρονεῖς
1610 531 1651 563 ‘9
1687 528 1902 583 αὐτῶν·

2015 524 2104 579 nia
2127 535 2184 581 et
2214 526 2482 582 dedecore
2504 525 2721 582 aﬂiciet.
2778 527 2906 583 Haec
2962 537 3146 583 autem
3202 528 3303 584 tibi
3352 528 3585 588 fortasse

334 619 427 673 καὶ
449 617 603 673 οὐδέν
634 635 696 687 γε
733 618 799 673 ἂν
836 615 904 692 ἦν
934 618 1243 691 θαυμαστὸν
1286 624 1646 693 καταφρονεῖν
1676 620 1905 686 τούτων,

332 712 383 763 εί
435 709 821 779 ἐπιζητοῦντες
854 710 1071 782 εἴχομεν
1111 713 1316 768 τούτων
1350 714 1541 784 βελτίω
1574 713 1667 767 καὶ
1709 711 1908 781 ἀληθέ-

338 816 503 868 στερα
544 800 758 870 εὑρεῖν⁹
795 800 888 855 νῦν
932 802 990 855 δὲ
1027 804 1179 874 ὁρᾷς,
1221 804 1302 858 ὅτι
1350 807 1501 875 τρεῖς
1545 803 1701 869 ὄντες
1745 804 1908 874 ὑμεῖς

331 881 504 961 οτπερ’
537 889 837 959 σοφώτατοί
852 890 899 925 ¹⁰
938 894 1062 947 ἐστε
1105 895 1215 948 τῶν
1268 896 1556 967 Ἑλλήνων,
1604 895 1669 949 σύ
1707 912 1767 948 τε
1813 887 1909 948 καὶ

333 980 521 1043 Πῶλος
550 984 644 1035 καὶ
673 982 923 1053 Γοργίας,
955 985 1056 1037 οὐκ
1086 984 1240 1055 ἔχετε
1274 987 1552 1052 ἀποδεῖξαι
1576 986 1651 1051 ὡς
1678 984 1784 1057 χρὴ
1812 984 1908 1039 ἄλ·-

333 1070 426 1125 λον
450 1072 574 1124 τινὰ
606 1071 719 1141 βίον
754 1072 854 1143 ζῇν
881 1074 913 1143 ἢ
943 1075 1148 1142 τοῦτον,
1181 1076 1410 1147 ὅσπερ²¹
1447 1080 1625 1131 ὲκεῖσε
1654 1076 1905 1146 φαίνεται

334 1162 649 1234 ξυμφέρων.
686 1182 705 1214 ι
758 1165 993 1220 Τοιαῦτα
1036 1169 1138 1221 κάν
1183 1167 1317 1238 τῷδε
1361 1166 1497 1238 τῷ²¹
1542 1167 1774 1237 διαλόγῳ
1810 1167 1908 1221 καὶ

333 1253 463 1319 περὶ
486 1252 594 1306 τῶν
620 1253 806 1306 αὐτόθι
834 1253 1101 1325 διεξῆλθε,
1125 1257 1217 1309 καὶ
1235 1256 1416 1324 σοφῶς
1437 1256 1585 1326 μάλα
1602 1255 1905 1326 παρῄνεσεν

266 1336 269 1341 ⁴
333 1344 733 1415 ἐπιμεληθῆναι
763 1346 979 1407 ,τούτων
1006 1346 1043 1401 ἂ
1080 1348 1187 1401 τῶν
1217 1349 1333 1402 ἐκεῖ
1360 1348 1731 1419 κολαστηρίων
1762 1346 1907 1400 ἐλευ-

335 1433 501 1506 θεροῖ.
533 1437 650 1490 Κάν
684 1437 763 1507 τῷ
791 1437 1038 1506 Κρίτωνι
1085 1438 1142 1491 δὲ
1190 1440 1314 1504 τοὺς
1348 1440 1544 1511 νόμους
1572 1442 1779 1508 εἰσάγει
1816 1439 1906 1493 λέ-

331 1542 527 1595 γοντας
561 1526 640 1596 τῷ
681 1527 959 1599 Σωκράτει
989 1544 1003 1559 °
1040 1548 1061 1581 ι
1108 1530 1269 1594 Ἀλλ’,
1295 1524 1341 1585 ὦ
1376 1530 1685 1602 Σώκρατες,
1719 1529 1901 1583 πειθό-

333 1634 497 1687 μενος
540 1618 672 1688 ήμῖν
723 1621 836 1683 τοῖς
874 1620 989 1682 σοῖς
1041 1619 1322 1690 τροφεῦσι,
1360 1623 1498 1692 μήτε
1538 1622 1733 1686 παῖδας
1766 1620 1904 1693 περὶ

328 1707 575 1770 πλείονος
629 1709 808 1776 ποιοῦ,
866 1712 1002 1781 μήτε
1055 1711 1118 1764 τὸ
1167 1711 1287 1782 ζῇν,
1345 1713 1480 1783 μήτε
1534 1713 1663 1767 ἄλλο
1711 1712 1900 1784 μηδὲν,

328 1796 440 1866 πρὸ
465 1796 614 1868 [157]
649 1798 889 1852 δικαίου·
932 1799 1018 1853 ίνα
1059 1802 1138 1863 είς
1180 1800 1307 1871 ᾆδον
1341 1801 1511 1857 ἐλθὼν
1552 1802 1682 1873 ἔχῃς
1728 1802 1903 1856 ταῦτα

328 1886 510 1942 πάντα
553 1888 990 1959 ἀπολογήσασθαι
1026 1893 1139 1955 τοῖς
1168 1894 1285 1945 ἐκεῖ
1316 1892 1594 1963 ἄρχουσιν.
1636 1912 1654 1945 ι
1715 1893 1805 1947 Ἐν
1844 1893 1902 1947 δὲ

325 1979 398 2048 τῇ
442 1978 753 2048 Ἀπολογίᾳ
779 1981 873 2033 καὶ
900 1981 1102 2049 ἀγαθὸν
1134 1978 1274 2036 εἶναι
1322 1983 1469 2052 λέγει
1511 1984 1603 2038 τὸν
1648 1983 1899 2039 θάνατον.

333 2087 355 2121 ι
399 2069 770 2141 Ἐννοήσωμεν
798 2072 928 2144 γὰρ,
955 2073 1078 2145 ἔφη,
1111 2076 1204 2129 καὶ
1240 2076 1384 2147 τῇδε,
1416 2075 1494 2140 ὡς
1528 2075 1700 2147 πολλὴ
1745 2077 1902 2141 ἐλπίς

328 2159 527 2234 [ἐστιν]
569 2163 772 2231 ἀγαθὸν
822 2166 984 2219 αὑτὸν
1011 2167 1057 2198 ⁸³
1109 2163 1271 2222 εἶναι.
1324 2170 1478 2222 Δυοῖν
1524 2168 1633 2239 γὰρ
1678 2168 1901 2241 οάτερόν

326 2255 448 2306 ἐστι
476 2253 539 2306 τὸ
563 2255 816 2309 τεθνάναι
851 2274 866 2289 ’
900 2256 933 2328 ἢ
968 2257 1075 2329 γάρ
1114 2254 1224 2312 οἷον
1257 2259 1423 2330 μηδέν
1468 2277 1522 2313 τι
1568 2256 1729 2326 εἶναι,
1767 2261 1901 2332 μηδὲ

326 2341 582 2414 αἴσθησιν
615 2344 881 2417 μηδεμίαν
914 2348 1140 2418 μηδενὸς
1171 2349 1315 2419 ἔχειν
1341 2350 1387 2382 ³⁸
1410 2350 1500 2406 τὸν
1528 2352 1833 2406 τεθνεῶτα·
1865 2352 1898 2423 ἢ

328 2432 496 2507 [Ital],
555 2436 698 2491 κατὰ
739 2437 809 2490 τά
862 2437 1150 2508 λεγόμενα,
1196 2440 1465 2511 μεταϐολή
1514 2459 1596 2505 τις
1644 2443 1899 2512 τυγχάνει

324 2520 467 2580 οὖσα
490 2525 586 2581 καὶ
630 2528 946 2599 μετοίκησις
972 2530 1072 2600 τῆς
1105 2528 1282 2603 ψυχῆς
1313 2529 1428 2602 [τοῦ
1461 2531 1628 2587 τόπου
1658 2532 1776 2604 τοῦ]
1820 2537 1899 2588 ὲν-

325 2615 481 2670 θένδε
501 2619 583 2681 είς
613 2617 789 2672 ἄλλον.
822 2637 841 2669 ι

411 2789 570 2844 Ἀλλὰ
593 2790 765 2845 ταῦτα
796 2792 893 2860 μὲν
915 2792 1078 2846 αὑτοῦ
1108 2794 1435 2864 ἐπαινετέον,
1459 2796 1507 2850 εί
1536 2796 1627 2852 καί
1647 2814 1766 2853 τινα
1789 2799 1900 2853 ἐπι-

329 2879 515 2952 μιξίαν
556 2882 668 2952 ἔχει
708 2884 816 2936 τῶν
859 2885 1027 2938 νόθων
1062 2875 1365 2957 δᾶγμάτων,
1401 2891 1492 2944 τὸν
1526 2882 1926 2963 Ῥαδάμανθυν’

327 2974 425 3026 καὶ
455 2973 544 3026 τὸν
573 2975 747 3039 Μίνω,
782 2977 878 3029 καὶ
916 2978 1012 3041 τὰς
1050 2980 1311 3050 μακάρων
1343 2982 1557 3052 νήσους,
1593 2986 1686 3038 καὶ
1718 2986 1900 3055 μέντοι

326 3064 515 3117 καὶτὸ
540 3065 708 3136 μόνας
747 3067 1071 3132 κολάζεσθαι
1126 3071 1224 3135 τὰς
1270 3071 1448 3143 ψυχάς
1485 3074 1591 3128 τῶν
1634 3078 1900 3149 σωμάτων

326 3156 763 3227 κεχωρισμένας.
795 3159 980 3212 Ταῦτα
1014 3160 1121 3236 γάρ
1146 3161 1258 3235 [δή]
1293 3165 1339 3196 ³⁸
1371 3182 1470 3218 που
1499 3165 1607 3221 τῶν
1640 3168 1737 3239 τῆς
1769 3169 1900 3240 άλη-

325 3244 481 3310 οείας
501 3247 785 3317 δογμάτων
814 3248 1089 3321 ἀλλότρια·
1114 3252 1223 3323 ἔχει
1248 3254 1304 3307 δέ
1334 3273 1452 3310 τινα
1486 3257 1722 3327 σμικρὰν
1752 3259 1899 3329 ἀμη-

324 3336 475 3407 γέπη
520 3338 867 3410 ξυγγνώμην,
921 3342 1019 3412 τῆς
1064 3344 1429 3416 ἁποστολικῆς
1458 3347 1804 3412 διδασκαλίας
1838 3350 1899 3402 ού

328 3430 637 3500 μετασχών.
670 3431 778 3494 Τὰς
805 3432 861 3485 δὲ
893 3434 1430 3503 μετενσωματὼσεις,
1453 3436 1520 3502 ἃς
1547 3440 1611 3492 ὲκ
1634 3438 1742 3492 τῶν
1767 3440 1900 3494 Πυθ-

322 3519 530 3590 αγόρου
570 3518 852 3591 δογμάτων
885 3523 1089 3587 ἐκεῖνος
1135 3524 1400 3593 ὑφείλετο,
1450 3527 1819 3591 παντάπασιν,
1855 3523 1901 3583 ὧ

320 3607 541 3680 ἄνδρες,
578 3612 839 3679 φευκτέον
870 3614 935 3667 ³⁸.
971 3614 1180 3684 Κομιδῇ
1226 3616 1332 3687 γάρ
1369 3634 1449 3670 τοι
1480 3620 1663 3671 ἐκεῖνα
1700 3620 1766 3673 τὰ
1812 3621 1901 3674 66-

322 3719 515 3773 γματα
542 3703 939 3772 καταγέλαστα.
973 3707 1106 3776 Περὶ
1138 3706 1245 3777 γὰρ
1269 3707 1333 3779 δὴ
1371 3707 1417 3738 η
1439 3708 1548 3761 τῶν
1577 3710 1766 3780 ψυχῶν
1794 3712 1901 3766 τῶν

323 3796 410 3858 είς
446 3795 514 3847 τά
544 3794 773 3863 σώματα
800 3814 1005 3850 καταπε
1016 3799 1305 3868 μττομένων
1332 3801 1389 3853 ἐν
1418 3800 1494 3871 τῷ
1519 3802 1770 3857 Φαίδωνι
1796 3804 1900 3875 ἔφη

320 3885 403 3950 ὡς
433 3885 706 3939 ἐνδύονται
735 3888 781 3918 ³³
811 3880 990 3953 αὗται,
1024 3887 1211 3960 ὥσπερ
1240 3890 1406 3953 εἰκὸς,
1462 3894 1543 3956 είς
1584 3894 1650 3947 τὰ
1676 3896 1901 3948 τοιαῦτα

324 3970 435 4042 ᾖθη
475 3967 565 4024 οἷα
596 3974 732 4025 άττα
777 3972 843 4027 ἂν
890 3976 985 4027 καὶ
1020 3976 1446 4050 μεμελετηκυῖαι
1483 3985 1821 4053 τυγχάνωσιν
1853 3987 1899 4018 ²⁹

322 4062 387 4114 ιν
418 4060 553 4133 τῷδε
595 4062 674 4133 τῷ
707 4064 827 4135 βίῳ·
870 4084 888 4115 ι
924 4065 1003 4118 Τὰ
1034 4069 1160 4122 ποῖα
1195 4067 1258 4141 δὴ
1285 4070 1452 4126 ταῦτα
1482 4072 1679 4140 λέγεις,
1712 4068 1757 4127 ὧ
1786 4075 1901 4128 Σώ-

324 4169 563 4224 κρατες;
590 4149 736 4223 Οἷον,
762 4155 888 4221 τοὺς
918 4158 1017 4229 μὲν
1042 4162 1487 4233 γαστριμάργους
1510 4180 1567 4217 τε
1598 4165 1694 4218 καὶ
1716 4164 1899 4237 ὕϐρεις

323 4243 424 4299 καλΙ
454 4245 772 4316 φιλοποσίας
805 4250 1265 4320 μεμελετηκότας,
1294 4254 1461 4323 μηδὲν
1490 4256 1533 4287 ³ο
1566 4256 1899 4329 εὐλαϐουμέ-

324 4356 474 4403 νους,
506 4342 586 4403 είς
608 4340 675 4393 τά
697 4340 804 4394 τῶν
828 4341 961 4395 ὄνων
983 4342 1133 4413 γένη,
1163 4345 1343 4398 καὶτὰ
1366 4347 1407 4378 ³¹
1435 4346 1544 4401 τῶν
1567 4348 1823 4404 τοιούτων
1854 4352 1898 4384 ³⁸

323 4430 555 4501 θηρίων,
600 4431 746 4495 εἰκὸς
784 4432 1081 4487 ἐνδύεσθαι.
1119 4429 1194 4487 Ἦ
1242 4435 1392 4506 οὐχί;
1446 4438 1591 4492 Πάνυ
1643 4457 1707 4508 γε
1754 4442 1902 4507 elato;

2012 619 2358 676 anicularum
2410 618 2606 673 fabula:
2642 620 2922 685 videmur,
2948 630 3004 676 et
3026 622 3365 691 contemptui
3391 622 3581 679 habes.

2011 710 2200 780 Neque
2232 724 2362 764 sane
2420 708 2805 765 admirandum
2835 719 2981 766 esset
3011 712 3127 767 haec
3189 713 3491 779 contemni,
3533 714 3581 769 si

2011 808 2325 873 quaerentes
2367 817 2652 872 possemus
2688 803 2914 858 meliora
2944 820 3008 859 ac
3060 805 3275 858 veriora
3308 804 3578 861 invenire.

2013 891 2172 947 Nunc
2200 898 2387 945 autem
2421 889 2599 951 vides,
2636 891 2783 961 quod
2815 890 2910 960 qui
2952 899 3066 947 tres
3098 893 3231 946 estis
3261 892 3580 948 Grmcorum
3689 918 3701 929 α

2012 978 2427 1047 sapientissimi,
2453 988 2533 1042 tu,
2552 978 2796 1048 inquam,
2816 980 2982 1034 Polus
2999 989 3053 1035 et
3070 982 3317 1052 Gorgias,
3342 983 3579 1052 probare

2012 1085 2362 1142 nequaquam
2420 1070 2653 1142 potestis
2699 1070 2859 1124 aliam
2909 1072 3071 1127 nobis
3119 1072 3408 1128 vivendam
3457 1089 3578 1130 esse

2010 1162 2202 1228 vitam,
2232 1171 2433 1232 praeter
2465 1162 2605 1217 hanc
2658 1178 2780 1234 qua:
2808 1162 3031 1217 videtur
3066 1163 3132 1217 ad
3176 1180 3294 1218 eam
3347 1165 3580 1220 felicita—

2009 1263 2120 1310 tem
2142 1254 2552 1326 percipiendam
2585 1256 2895 1326 profutura.
2929 1274 2946 1307 ι
2979 1255 3133 1309 Talia
3159 1264 3213 1310 et
3244 1256 3299 1310 in
3336 1256 3442 1311 hoc
3458 1257 3579 1313 dia-

2007 1345 2154 1417 logo,
2182 1354 2240 1401 et
2276 1345 2345 1402 de
2378 1346 2546 1400 rebus
2577 1345 2686 1401 illis
2722 1345 3006 1409 disseruit,
3068 1345 3454 1415 sapienterque
3486 1346 3581 1401 ad-

2009 1433 2235 1489 modum
2282 1434 2537 1489 hortatus
2592 1443 2696 1498 est,
2730 1442 2790 1488 ut
2831 1449 2896 1489 ea
2949 1449 3209 1489 curemus
3243 1449 3341 1503 per
3393 1451 3515 1505 qua:
3548 1451 3579 1490 a

2007 1525 2296 1597 suppliciis
2325 1525 2434 1581 illis
2458 1525 2838 1599 expediamur.
2874 1524 3043 1597 99E.
3070 1525 3130 1579 In
3156 1524 3368 1580 Critone
3400 1527 3568 1582 etiam

2005 1615 2157 1687 leges
2207 1616 2443 1679 inducit,
2484 1615 2559 1669 ita
2592 1614 2874 1670 Socratem
2938 1615 3321 1686 alloquentes:
3369 1616 3494 1683 «At,
3542 1634 3581 1673 ο

2007 1705 2283 1771 Socrates,
2318 1705 2479 1760 nobis
2507 1704 2673 1759 crede
2700 1704 2813 1759 tuis
2843 1704 3154 1769 altricibus,
3192 1722 3373 1776 neque
3410 1708 3577 1778 justi-

2008 1798 2085 1853 tia
2116 1798 2343 1864 liberos,
2401 1812 2580 1867 neque
2619 1796 2813 1879 vitam,
2853 1811 3037 1867 neque
3086 1797 3386 1867 quidquam
3424 1798 3574 1852 aliud

2006 1889 2183 1960 pluris
2237 1890 2425 1955 facito,
2469 1898 2531 1944 ut
2565 1904 2691 1944 cum
2726 1890 2795 1944 acl
2855 1888 3063 1945 inferos
3104 1890 3345 1955 veneris,
3398 1890 3580 1961 possis

2012 1984 2128 2039 haec
2148 1982 2332 2037 omnia
2362 1984 2379 2002 ⁶
2400 1982 2469 2037 iis
2500 1982 2596 2053 qui
2635 1982 2749 2037 illic
2803 1990 3045 2052 praesunt
3084 1982 3438 2053 respondere.
3465 2002 3483 2034 ι
3514 1984 3575 2037 In

2008 2072 2269 2143 Apologia
2311 2081 2516 2137 autem,
2566 2081 2803 2143 mortem
2836 2073 3001 2126 etiam
3048 2072 3247 2126 bonam
3278 2088 3401 2128 esse
3436 2073 3577 2127 dixit

2010 2163 2087 2235 (p.
2124 2163 2192 2218 40
2212 2162 2308 2235 C):
2335 2182 2353 2214 ι
2375 2163 2695 2234 Cogitemus
2720 2163 2892 2227 enim,
2923 2163 3019 2227 ait,
3037 2163 3128 2217 hic
3152 2163 3341 2227 etiam,
3360 2164 3575 2234 sperari

2007 2254 2303 2309 admodum
2339 2269 2521 2325 posse,
2549 2254 2751 2309 bonam
2794 2254 2941 2308 illam
2966 2270 3110 2309 esse.
3139 2255 3384 2310 Duorum
3427 2255 3601 2310 enim,

2006 2346 2243 2415 alterum
2282 2360 2348 2401 ea
2383 2345 2477 2411 sit,
2533 2353 2776 2416 oportet,
2816 2356 2873 2400 ut
2904 2346 2989 2401 vel
3016 2347 3156 2401 nihil
3210 2347 3446 2417 amplius
3480 2347 3573 2412 sit,

2005 2436 2320 2506 nulliusque
2369 2437 2448 2492 rei
2484 2452 2707 2493 sensum
2746 2436 2947 2491 habeat
2987 2438 3080 2506 qui
3139 2436 3434 2493 defunctus
3464 2447 3573 2504 est,

2009 2527 2097 2581 vel
2133 2542 2202 2580 ex
2234 2526 2304 2581 iis
2325 2542 2446 2596 quae
2484 2526 2725 2581 diximus
2754 2526 2986 2581 mutatio
3037 2526 3288 2598 quaedam
3325 2528 3416 2592 sit,
3449 2528 3577 2582 ani-

2005 2632 2215 2687 masque
2251 2616 2321 2673 de
2350 2617 2455 2673 hoc
2484 2618 2605 2673 loco
2637 2617 2693 2672 in
2725 2618 2893 2672 alium
2917 2618 3212 2687 quemdam
3247 2620 3575 2691 commigra-

2005 2710 2099 2766 tio.
2122 2728 2141 2761 ι

2074 2797 2217 2853 Sunt
2245 2797 2361 2853 haec
2382 2805 2565 2853 autem
2591 2798 2712 2869 ejus
2763 2796 2907 2851 dicta
2930 2796 3093 2855 laude
3132 2797 3317 2868 digna,
3356 2798 3609 2853 tametsi

2005 2889 2237 2944 admista
2272 2890 2524 2960 quaedam
2554 2889 2893 2961 habeantcx
2930 2888 3258 2944 adulterinis
3282 2888 3571 2958 dogmatis,

2006 2992 2068 3037 ut
2121 2981 2621 3044 Rhadamanthum,
2654 2980 2911 3043 Minoem,
2934 2988 2990 3034 ct
3024 2980 3231 3035 insulas
3263 2980 3572 3046 beatorum,
3600 3028 3609 3035 .

2007 3075 2263 3143 solasque
2317 3074 2529 3127 animas
2584 3072 2770 3144 puniri
2810 3088 2843 3126 a
2899 3071 3224 3141 corporibus
3273 3080 3574 3141 separatas.

2009 3165 2149 3220 Sunt
2176 3164 2325 3219 enim
2364 3163 2481 3218 haec
2527 3178 2558 3217 a
2610 3162 2861 3217 veritatis
2910 3161 3182 3232 dogmatis
3214 3161 3411 3216 aliena.
3475 3161 3574 3215 Est

2006 3262 2191 3308 autem
2224 3253 2304 3308 illi
2341 3252 2748 3322 quodammodo
2793 3252 3206 3322 ignoscendum,
3263 3252 3356 3321 qui
3399 3252 3573 3321 parti-

2006 3358 2136 3413 ceps
2162 3343 2476 3413 apostolica:
2504 3342 2767 3397 doctrina:
2796 3357 2907 3397 non
2964 3341 3155 3396 fuerit.
3189 3341 3599 3411 Transmigra~

2008 3436 2186 3491 tiones
2214 3443 2400 3490 autem
2434 3434 2490 3490 in
2538 3434 2643 3488 alia
2678 3447 2929 3503 corpora,
2979 3448 3116 3501 quas
3159 3432 3248 3486 ille
3281 3432 3348 3486 de
3376 3432 3581 3502 Pytha-

2006 3541 2299 3598 goreorum
2323 3525 2539 3596 placitis
2558 3526 2811 3595 sumpsit,
2837 3524 3078 3595 penitus,
3095 3540 3127 3578 ο
3147 3524 3273 3588 viri,
3301 3523 3585 3598 fugiendas

2007 3626 2156 3674 sunt.
2194 3617 2336 3673 Sunt
2366 3616 2512 3671 enim
2536 3615 2739 3687 oppido
2776 3615 3011 3670 ridicula
3048 3615 3165 3672 hanc
3192 3615 3464 3688 dogmata.
3498 3620 3591 3674 De

2007 3710 2297 3766 animabus
2318 3709 2487 3773 enim,
2516 3723 2638 3778 qua:
2675 3707 2728 3761 in
2763 3722 2996 3779 corpora
3028 3709 3496 3774 transmittuntur,
3518 3710 3581 3763 in

2007 3804 2270 3859 Phaedone
2294 3802 2451 3863 dicit,
2517 3799 2747 3857 induere
2809 3801 2948 3866 illas,
3011 3809 3073 3856 ut
3099 3817 3199 3871 par
3249 3810 3354 3864 est,
3393 3815 3587 3854 mores

2004 3896 2229 3953 eosdem
2254 3908 2393 3966 quos
2429 3896 2486 3949 in
2509 3895 2611 3949 hac
2640 3892 2806 3967 995
2840 3893 2950 3947 vita
2978 3892 3259 3947 coluerint
3281 3891 3359 3961 (p.
3382 3890 3441 3944 81
3470 3890 3535 3961 Ε)
3560 3908 3585 3943 ι

2016 3990 2255 4055 «Quales
2289 4002 2419 4041 vero
2454 4001 2636 4040 mores
2677 3985 2777 4040 hos
2812 3984 2981 4047 dicis,
3013 3999 3047 4038 ο
3085 3982 3370 4038 Socrates?
3392 3981 3452 4037 Si
3481 3984 3574 4052 qui

2005 4080 2161 4136 verbi
2216 4076 2389 4149 gratia
2443 4076 2583 4145 gulae
2631 4074 2991 4139 indulserint,
3044 4073 3461 4143 petulantesque
3516 4087 3575 4127 se

2006 4177 2104 4224 aut
2154 4166 2493 4223 temulentos
2538 4162 2900 4232 praebuerint,
2958 4162 3109 4216 nulla
3135 4162 3440 4215 honestatis
3475 4161 3576 4215 ha-

2006 4261 2122 4316 bita
2158 4258 2392 4321 ratione,
2444 4253 2547 4309 hos
2572 4252 2855 4307 asinorum
2903 4253 3115 4323 species
3160 4267 3228 4307 ac
3270 4251 3572 4306 bestiarum

2007 4352 2198 4408 subire
2232 4363 2365 4403 vero
2422 4345 2600 4402 simile
2637 4351 2740 4407 est.
2776 4344 2969 4399 Annon
3022 4343 3131 4397 ita?
3164 4343 3393 4397 Maxime
3444 4359 3581 4398 con-

2007 4458 2202 4517 gruum
2224 4448 2311 4495 est
2341 4439 2489 4509 quod
2520 4437 2620 4492 ais.
2653 4434 2763 4502 Qui
2789 4450 2925 4489 vero
2948 4434 3200 4505 injurias,
3232 4434 3569 4505 tyrannides,

322 4521 528 4591 λέγεις,
562 4523 696 4587 Τοὺς
730 4524 785 4576 δὲ
810 4524 1022 4588 ἀδικίας
1058 4526 1151 4578 καὶ
1173 4528 1492 4598 τυραννίδας
1522 4532 1615 4585 καὶ
1641 4534 1897 4604 ἁρπαγάς

2010 4536 2340 4606 rapinasque
2375 4528 2754 4601 ρτωοριειτὶιιι,
2775 4528 2832 4583 in
2873 4528 3055 4598 lupos,
3109 4527 3422 4598 accipitres,
3456 4527 3572 4581 mil-

324 4614 817 4685 προτετιμηκότας,
844 4619 923 4678 ei;
953 4617 1019 4670 τά
1048 4618 1092 4649 ³³
1117 4617 1226 4670 τῶν
1254 4618 1431 4675 λύκων
1457 4638 1516 4674 τε
1541 4624 1632 4677 καὶ
1662 4625 1896 4695 ἱεράκων

2009 4641 2212 4697 vosque
2253 4620 2530 4679 transire?
2567 4636 2694 4675 nam
2717 4634 2828 4690 quo
2867 4619 2977 4673 alio
2997 4619 3248 4673 dicamus
3278 4633 3399 4673 sese
3435 4618 3572 4673 tales

321 4705 420 4756 καὶ
484 4705 698 4757 ίκτίνων
740 4704 892 4775 γένη,
933 4705 964 4776 ἥ
1000 4709 1093 4760 ποῖ
1128 4707 1193 4760 ἂν
1240 4709 1427 4764 ἄλλοσε
1478 4715 1679 4782 φαῖμεν
1718 4714 1762 4747 ³⁸
1796 4715 1895 4779 τὰς

2009 4718 2214 4773 animas
2274 4711 2627 4783 recepturas?
2685 4711 2747 4765 1n
2807 4710 2923 4765 haec
2968 4709 3220 4783 profecto
3280 4709 3570 4771 animalia,

323 4796 585 4860 τοιαύτας
640 4798 773 4853 ἰέναι
797 4799 882 4863 ⁸⁸;
935 4801 1172 4870 Ἀμέλει,
1227 4803 1329 4876 ἔφη
1385 4807 1413 4859 ὀ
1462 4806 1666 4879 Κέϐης,
1708 4811 1787 4874 εἰς
1827 4811 1896 4865 τὰ

2009 4804 2506 4880 inquitCebes.»Ne
2529 4819 2663 4858 vero
2682 4809 2880 4857 cuncta
2901 4816 3238 4873 percenseas
3260 4816 3591 4855 sermonem

321 4886 572 4941 τοιαῦτα.
611 4906 630 4938 ι
668 4888 778 4941 Καὶ
811 4890 897 4942 ἶνα
928 4889 1002 4959 μὴ
1042 4891 1218 4947 πάντα
1262 4894 1306 4925 ³⁸
1343 4893 1515 4963 λέγων
1547 4897 1773 4968 μηκύνω
1803 4899 1895 4953 τὸν

2009 4902 2220 4972 longius
2278 4896 2618 4970 protraham,
2672 4895 2771 4966 qui
2812 4909 2941 4949 eum
2992 4894 3156 4964 leget,
3213 4891 3572 4947 allirmantem

321 4978 486 5040 λόγον
516 4978 580 5043 ³⁷,
617 4979 765 5034 ἐστιν
798 4982 979 5051 εὑρεῖν
1006 4982 1168 5036 αὑτὸν
1196 4983 1444 5053 λέγοντα,
1476 4988 1586 5043 τῶν
1618 4990 1716 5061 τὴν
1744 4992 1897 5046 πολι-

2009 4992 2272 5055 inveniet,
2332 4988 2544 5044 animas
2600 5001 2791 5041 eorum
2850 4985 2945 5054 qui
2981 4984 3249 5038 virtutem
3291 4983 3575 5052 politicam

316 5064 485 5136 τικὴν
536 5068 739 5138 ἀρετὴν
793 5069 1114 5139 ἠσκηκότων
1165 5070 1263 5135 τὰς
1306 5071 1487 5142 ψυχὰς
1521 5077 1602 5139 είς
1645 5079 1899 5147 μελίττας

2009 5090 2391 5146 exercuerunt,
2419 5078 2759 5149 apicularum
2817 5091 3079 5145 corpora,
3109 5090 3471 5145 vesparumve
3508 5090 3575 5129 ac

1609 5229 1840 5287 νΑΒΙιΕ
1876 5232 2280 5290 LECTIONES.

328 5446 343 5463 ε
398 5374 446 5406 ⁸⁸
469 5378 862 5471 καταφρονεῖςὶ
882 5381 1313 5471 καταῇρονήὲειξ
1352 5379 1419 5448 Β,
1441 5384 1874 5471 καταφρονήσεις
1901 5386 2002 5441 Va.
2055 5387 2214 5471 Tum“
2238 5384 2403 5471 αύτοῦ
2431 5385 2507 5471 C.‘
2569 5385 2818 5471 ’σύμεῖὶ
2842 5385 3000 5455 οἷπερ
3050 5382 3583 5471 σοφώτατοιελὺμεῖς

319 5447 779 5540 ὕπερῖοφὼτατοι
836 5447 988 5529 ξντες
1036 5447 1097 5503 C-
1182 5447 1239 5531 "j
1272 5447 1483 5532 ὥσπερ.
1516 5447 1688 5520 ὄσπὲρ
1736 5447 1816 5541 (ὦ
1855 5447 2031 5526 supra
2064 5459 2133 5526 ὅ)
2174 5457 2237 5512 Β.
2281 5456 2450 5525 ὅσπερ
2487 5454 2586 5518 Va,
2627 5447 2727 5509 Vb.
2770 5456 2901 5509 Mox.
2938 5447 3164 5532 omnes,
3219 5447 3585 5531 utjidetur;

319 5530 628 5574 συμφςρον.
732 5516 778 5547 ²⁹
802 5533 879 5574 τω
907 5518 1137 5574 δεκάτῳ.
1172 5535 1248 5574 τω
1271 5518 1328 5571 δὲ
1363 5538 1440 5574 τω
1473 5520 1532 5574 Β.
1635 5522 1683 5554 ’³
1704 5525 1884 5574 αυτόν.
1933 5527 2064 5574 αὐτὸ
2086 5526 2147 5574 Β.
2225 5524 2269 5554 ’⁵
2291 5525 2434 5574 Evam
2465 5533 2521 5574 et
2563 5539 2686 5574 mox
2723 5523 2863 5574 [καὶι
2904 5532 2963 5574 et
2990 5522 3106 5574 [του
3137 5538 3187 5573 τ.
3219 5519 3335 5574 του]
3362 5536 3471 5574 om.
3500 5518 3585 5574 (Ξ.-

318 5518 510 5615 animos
550 5532 628 5569 ον.
732 5518 778 5547 ”
802 5518 879 5588 τῷ
907 5518 1137 5589 δεκάτῳ.
1172 5519 1248 5589 τῷ
1271 5518 1328 5571 δὲ
1363 5518 1441 5591 τῷ
1473 5520 1532 5574 Β.
1635 5518 1683 5554 ’³
1704 5518 1884 5577 αὗτόν.
1933 5518 2064 5578 αὐτὸ
2086 5518 2147 5579 Β.
2225 5524 2269 5554 ’⁷⁵
2291 5518 2434 5603 ἔχειῇ
2465 5533 2521 5578 et
2563 5539 2686 5578 mox
2722 5523 2863 5608 [καὶ]
2904 5522 3106 5603 ρι⁸[τοῠ
3137 5538 3187 5573 τ.
3219 5519 3335 5591 τοῦ]
3362 5536 3471 5577 om.
3500 5518 3585 5574 C..

318 5653 369 5666 __
413 5531 673 5666 ριιιο
707 5585 769 5651 Β,
803 5585 865 5642 C-
1009 5588 1290 5666 <PEUXTégv.
1320 5593 1609 5666 (pguxtaiov
1637 5589 1725 5666 B._
1757 5593 1802 5623 ’⁷
1922 5611 2034 5650 om.
2065 5596 2125 5648 B.
2161 5665 2167 5666 γ
2216 5594 2267 5625 ’⁸
2288 5592 2580 5666 ἐνδουνται.
2617 5594 2891 5666 ἐνδυονται
2932 5592 3095 5647 Strm.
3141 5604 3304 5666 quem
3345 5603 3583 5666 sequor-

317 5653 370 5735 ξ’
405 5653 785 5735 τυγχάνωσιν..
810 5653 1166 5735 τυγχάνουσιν
1332 5653 1608 5735 fomes.
1644 5662 1738 5714 καὶ
1786 5653 1951 5735 μὴ
2046 5666 2093 5735 ³ιῄ
2117 5665 2186 5718 τὰ
2229 5678 2342 5735 sec:
2386 5678 2495 5735 om.
2526 5664 2588 5735 Β.
2655 5664 2700 5693 ³³
2734 5662 3125 5735 τοιούτωνρμ).
3154 5653 3215 5721 Β,
3248 5659 3344 5735 lla.
3373 5653 3589 5735 stath

320 5722 605 5824 2523113.
668 5724 817 5808 “ft;
845 5722 1039 5824 εξξ
1060 5734 1167 5824 Ιτὲξς
1194 5728 1265 5824 [ξἰῐ
1336 5722 1601 5824 ’δ’ἄλλοσί
1621 5722 2276 5824 φῇμῲίξλλωςέφαμεν
2303 5732 2344 5787 C
2378 5731 2561 5824 ἄλλοσέ
2614 5749 2790 5824 (gap?)
2820 5733 2882 5787 D.
2975 5730 3016 5761 ³⁸
3051 5729 3217 5782 ἰέναι.
3243 5722 3474 5793 εἷναιϐ,
3500 5727 3579 5782 Bt

410 5791 604 5847 πάντα.
639 5794 813 5848 ταῦτα
844 5796 906 5849 D.
994 5796 1034 5829 υ
1060 5791 1176 5867 [sev
1209 5796 1398 5870 λόγον1
1420 5816 1527 5855 om.
1562 5791 1864 5857 Bioe'sinit
1886 5804 1926 5857 Β
1958 5791 2257 5859 νὶιϊςύηι
2289 5819 2342 5857 v.
2388 5791 2719 5866 κολάζεσθαί
