4066 6420
307 399 325 460 l
348 399 442 459 i09

827 397 1264 459 GR:ECARUM
1305 400 1604 460 AFFECT.
1642 396 2177 460 CURATIO.-XI.
2222 398 2316 457 DE
2357 398 2536 458 FINE
2576 397 2669 456 ET
2705 396 3026 457 JUDICIO.

3423 392 3442 454 l
3463 393 3476 454 1
3493 390 3576 455 ill

304 506 482 574 λόγων
523 503 860 573 καταμαθεῖν
906 505 1150 568 εὐπετές.
1194 506 1289 568 Τίς
1338 507 1444 576 γάρ
1503 523 1603 558 που
1651 505 1812 558 aut-2v
1835 503 1878 535 ³⁸

1990 505 2265 575 regionem
2293 506 2541 570 sublatae,
2587 509 2601 526 ⁶
2636 515 2804 577 agunt
2855 520 2954 574 pro
3005 503 3152 556 illius
3187 502 3310 556 vitae
3345 505 3568 558 meritis-

306 597 405 660 τὰς
436 595 544 647 τῶν
576 594 712 647 ἐτῶν
750 595 949 659 ἐδίδαξε
985 595 1271 664 μυριάδας,
1307 597 1400 649 καὶ
1447 597 1526 649 ὅτι
1561 597 1768 668 μυρίων
1797 595 1876 648 δι-

305 685 640 758 εληλυθότων
673 685 808 738 ἑτῶν
835 685 952 738 τότε
978 685 1084 739 τῶν
1101 686 1290 756 ψυχῶν
1323 688 1528 758 ἑκάστη
1557 690 1633 751 εἰς
1663 685 1798 759 [τὸν]
1830 687 1873 718 δ’

306 778 440 831 ῐδιον
475 777 834 848 ἐπανέρχεται
874 777 1088 847 χῶρον;
1117 778 1184 830 τὰ
1208 779 1264 830 δὲ
1291 779 1494 848 μεταξὺ
1524 779 1725 831 τούτων
1751 776 1874 830 οὐδὲ

301 873 415 930 τοῖς
460 869 599 936 ἄγαν
650 867 1069 934 ἁσελγεστὰτοις
1111 869 1350 939 ἥρμοττε
1377 869 1574 938 λέγειν,
1615 870 1797 939 μήπου
1831 869 1876 900 ⁸ο

301 977 368 1025 γε
407 959 703 1029 φιλοσόφῳ.
748 959 871 1022 Τοῖς
916 961 1024 1030 γὰρ
1077 961 1175 1031 τὴν
1225 961 1504 1032 ἀκραιφνῆ
1561 961 1878 1031 φιλοσοφίαν

301 1050 699 1122 κατωρθωκόσι
733 1051 859 1114 τοὺς
891 1052 1221 1116 ἀκολάστους
1251 1055 1345 1108 καὶ
1367 1053 1732 1124 παιδεραστὰς
1761 1053 1881 1120 ξυν-

301 1143 510 1208 έξευξε,
533 1142 626 1196 καὶ
646 1142 867 1205 τούτους
888 1144 1173 1206 κάκείνους
1199 1143 1308 1196 τῶν
1340 1144 1519 1198 αὐτῶν
1542 1144 1717 1199 ἄθλων
1743 1145 1879 1216 ἔφης

303 1252 398 1287 σεν
425 1234 843 1288 ἀπολαύσεσθαι.
881 1234 1039 1289 Ἀλλά
1073 1237 1114 1267 ⁸³
1144 1235 1351 1290 τούτων
1382 1236 1541 1290 πάλιν
1567 1236 1675 1289 τῶν
1705 1237 1877 1306 λόγων

301 1325 694 1394 ἐπιλαθόμενος
729 1325 840 1395 (τὸν
872 1325 979 1396 γὰρ
1009 1326 1233 1396 οὐρανὸν
1262 1328 1305 1358 ⁶²
1338 1330 1457 1389 ταῖς
1486 1328 1758 1391 τοιαύταις
1785 1329 1878 1397 ψυ-

305 1417 428 1484 χαῖς
457 1413 851 1484 ἀπεκλήρωσεν
881 1415 937 1465 ἐν
960 1415 1025 1483 τῇ
1053 1414 1352 1481 Πολιτείᾳ)
1377 1413 1473 1489 τὴν
1506 1413 1746 1485 Ὀρφέως
1778 1413 1880 1482 ψυ-

304 1508 406 1578 χὴν
430 1507 678 1560 κύκνειον
705 1509 751 1539 ⁸³
775 1507 877 1578 ἔφη
919 1507 1076 1577 σῶμα
1101 1506 1306 1576 λαχεῖνο
1337 1509 1431 1560 καὶ
1464 1507 1619 1560 ἀετὸν
1649 1507 1748 1578 μὲν
1776 1507 1878 1578 ἔφη

300 1599 561 1668 γενέσθαι
601 1601 690 1652 τὸν
733 1600 1135 1668 Ἀγαμέμνονα,
1167 1599 1355 1652 λέοντα
1407 1599 1464 1652 δὲ
1517 1599 1607 1652 τὸν
1653 1601 1877 1660 Αἴαντα.

301 1689 545 1760 ἀθλητὴν
578 1690 634 1742 δὲ
667 1691 764 1760 τὴν
803 1689 1155 1761 Ἀταλάντην,
1181 1691 1276 1743 καὶ
1307 1690 1538 1760 πίθηκον
1571 1692 1661 1744 τὸν
1684 1691 1883 1762 Θερσί-

300 1797 427 1852 την·
456 1780 595 1853 [καὶ]
625 1783 724 1834 οὐκ
753 1777 870 1834 οἶδα
908 1783 1031 1834 ὅτου
1061 1783 1220 1852 χάριν
1261 1782 1426 1834 τῶνδε
1461 1781 1504 1813 ⁶⁴⁵
1533 1783 1641 1836 τῶν
1680 1783 1884 1851 δογμὰ-

1986 611 2147 663 quam
2173 597 2301 649 olim
2329 597 2471 651 inter
2504 599 2754 653 homines
2805 597 3144 651 victitarunt.
3169 615 3184 645 ι
3225 595 3430 648 Horum
3463 612 3560 648 au-

1991 693 2096 738 tem
2128 701 2319 740 rursus
2372 688 2666 742 verborum
2722 704 2841 758 qua:
2881 687 2952 741 sit
2988 687 3240 749 stultitia,
3291 685 3447 740 facile
3475 695 3559 739 est

1988 777 2323 846 perspicere.
2359 777 2493 844 Quis
2521 780 2668 833 enim
2710 781 2862 833 illum
2904 780 3043 833 dena
3076 778 3263 833 docuit
3290 791 3556 832 annorum

1989 867 2178 929 millia,
2202 876 2258 921 et
2292 883 2560 921 annorum
2585 869 2772 923 decem
2801 870 3045 923 millibus
3069 869 3325 931 evolutis,
3369 881 3560 920 unam-

1983 975 2257 1029 quamque
2295 960 2534 1014 animam
2577 961 2632 1014 in
2688 977 2847 1014 suum
2900 961 3079 1016 locum
3135 960 3375 1016 reverti?
3428 959 3565 1024 Quae
3632 1019 3645 1033 κ

1984 1059 2169 1106 autem
2211 1053 2355 1108 inter
2400 1053 2516 1107 haec
2569 1053 2749 1123 posita
2791 1062 2952 1116 sunt,
2996 1069 3062 1108 ea
3105 1068 3174 1106 ne
3215 1070 3244 1106 a
3274 1049 3558 1121 ﬂagitiosis

1985 1143 2208 1214 quidem
2232 1145 2574 1209 hominibus,
2595 1145 2796 1199 nedum
2822 1161 2853 1198 a
2884 1144 3235 1214 philosopho,
3269 1143 3380 1196 dici
3424 1157 3558 1196 con-

1985 1246 2230 1290 venerat.
2302 1236 2541 1291 Sincera:
2599 1237 2748 1290 enim
2802 1237 3164 1306 philosophia:
3233 1233 3558 1292 cultoribus,

1985 1325 2218 1381 lascivos
2263 1343 2560 1396 puerorum
2618 1339 2891 1384 amatores
2946 1328 3214 1398 adjunxit,
3263 1327 3564 1397 eademque

1986 1417 2209 1486 praemia
2231 1417 2316 1471 his
2350 1426 2404 1472 et
2445 1417 2552 1472 illis
2579 1420 2818 1488 reposita
2843 1434 2966 1473 esse
3007 1419 3166 1472 dixit.
3221 1417 3328 1472 Sed
3361 1417 3560 1470 horum

1986 1522 2206 1577 quoque
2270 1508 2568 1562 verborum
2596 1489 2845 1564 'oblitus
2903 1509 3073 1579 998
3136 1509 3282 1579 (nam
3361 1508 3564 1562 cmlum

1986 1597 2298 1669 hujusmodi
2331 1600 2640 1653 animarum
2664 1600 2852 1655 sedem
2884 1615 3006 1654 esse
3048 1599 3104 1653 in
3135 1597 3418 1670 Republica
3460 1598 3560 1652 do-

1985 1690 2144 1760 cuit),
2195 1689 2401 1760 Orphei
2437 1692 2676 1745 animam
2729 1691 2887 1762 cycni
2941 1706 3146 1760 corpus
3176 1691 3420 1744 induisse
3461 1689 3566 1752 ait,

1985 1766 2455 1850 Agamemnonem
2515 1797 2650 1837 vero
2707 1783 2948 1852 aquilam
3013 1784 3284 1846 evasisse,
3339 1782 3562 1852 Ajacem

299 1892 415 1927 των
439 1875 536 1944 τὴν
562 1873 784 1941 ἀλογίαν
825 1874 1055 1926 ἐνθεῖναι
1078 1875 1188 1935 τοῖς
1215 1872 1484 1940 διαλόγοις
1511 1873 1882 1944 καταδεξάμε-

1990 1869 2225 1932 leonem,
2257 1869 2564 1925 Atalantam
2593 1870 2875 1935 athletam,
2909 1871 3123 1925 simiam
3170 1887 3303 1925 vero
3333 1871 3560 1925 Thersi-

300 1980 418 2026 νος’
444 1961 602 2032 δῆλος
635 1963 815 2031 μέντοι
846 1962 961 2014 ἐστὶ
993 1960 1205 2026 παίζων
1250 1961 1449 2030 μᾶλλον
1492 1961 1524 2030 ἢ
1569 1961 1884 2025 σπουδάζων

300 2053 365 2104 ἐν
393 2046 474 2114 οἷς
501 2051 598 2114 τὰς
633 2051 1154 2121 μετενσωματώσεις
1179 2050 1450 2114 διέξεισιν·
1486 2049 1752 2122 πολλαχοῦ
1778 2051 1885 2122 γὰρ

298 2143 374 2196 τὰ
405 2145 464 2195 ὲν
493 2142 615 2213 ᾅδου
643 2144 685 2173 ⁸⁸
718 2143 1050 2213 κολαστήρια
1073 2142 1365 2196 δείκνυσιν.
1407 2141 1548 2210 Ἐγὼ
1576 2141 1620 2194 δ’
1653 2145 1733 2206 εἰς
1763 2142 1887 2195 ταῦ-

299 2251 374 2287 τα
395 2234 443 2266 “
473 2233 740 2305 τρέψομαι
786 2231 967 2296 πάλιν,
1000 2233 1086 2284 ἵνα
1119 2232 1193 2302 μὴ
1240 2231 1392 2304 [159]
1430 2234 1518 2286 ἐπ’
1544 2232 1767 2286 ἐκείνων
1821 2233 1884 2304 δὴ

299 2326 416 2380 τῶν
470 2325 695 2394 γελοίων
752 2325 842 2376 τὸν
896 2324 1182 2392 φιλόσοφον
1234 2325 1546 2378 καταλείπω
1597 2324 1642 2356 ⁸⁷
1689 2324 1882 2393 λόγων.

315 2417 614 2471 ’Λκούσατε
648 2415 824 2468 τοίνυν
861 2415 1026 2468 αὑτοῦ
1061 2415 1332 2483 λέγοντος·
1373 2435 1393 2468 ι
1429 2415 1571 2468 Ἀλλ’
1596 2415 1656 2468 οὐ
1685 2417 1730 2448 ⁸⁸
1757 2416 1885 2485 μέν·

297 2527 388 2564 τοι
417 2527 519 2570 σοι.
547 2504 615 2578 ἦν
661 2507 705 2560 δ’
739 2509 869 2576 ἐγὼ,
919 2507 1162 2560 Ἀλκίνου
1194 2525 1254 2576 γε
1283 2507 1547 2576 ἀπόλογον
1586 2508 1717 2579 ἐρῶ,
1749 2507 1885 2561 ἀλλὰ

299 2601 540 2670 ἀλκίμου
575 2600 673 2670 μὲν
698 2599 910 2667 ἀνδρὸς,
943 2599 1103 2669 Ἠρὸς
1147 2599 1240 2652 τοῦ
1283 2600 1590 2670 Ἀρμενίου,
1625 2601 1686 2652 τὸ
1728 2601 1884 2668 γένος

299 2694 360 2746 δὲ
388 2693 706 2762 Παμφύλου⁴
737 2692 794 2755 ὃς
827 2693 884 2743 ὲν
913 2691 990 2761 τῷ
1023 2692 1244 2762 πολέμῳ
1288 2691 1634 2765 τελευτήσας,
1667 2695 1885 2764 ἀναιρε-

300 2784 509 2838 θέντων
547 2784 848 2836 δεκαταίων
880 2783 1088 2854 νεκρῶν
1127 2784 1224 2855 ἤδη
1274 2785 1692 2856 πεφθαρμένων,
1726 2786 1884 2857 ὑγιὴς

305 2876 409 2946 μὲν
450 2875 710 2946 ἀνῃρέθη.
761 2875 1042 2944 κομισθεὶς
1083 2875 1141 2928 δὲ
1191 2875 1394 2938 οἴκαδε,
1435 2875 1642 2945 μέλλων
1680 2876 1880 2930 θάπτε-

302 2964 456 3026 σθαι,
495 2965 854 3027 δωδεκαταῖος
911 2965 1005 3017 ἐπὶ
1053 2967 1118 3034 τῇ
1171 2966 1319 3036 πυρᾷ
1361 2965 1611 3036 κείμενος
1661 2967 1881 3030 ἀνεϐίω,

300 3053 565 3118 ἀναϐιοὺς
594 3053 648 3106 δὲ
685 3053 865 3121 ἔλεγεν
897 3052 932 3106 ἃ
972 3055 1087 3105 ἐκεῖ
1112 3048 1270 3108 εἶδεν.
1301 3054 1443 3124 Ἔφη
1488 3054 1566 3117 δὲ,
1601 3054 1784 3125 ἐπειδή
1835 3055 1886 3106 οἱ

1988 1968 2120 2015 tem.
2161 1962 2272 2016 Nec
2301 1963 2416 2017 scio
2434 1978 2586 2027 sane,
2630 1963 2787 2033 cujus
2840 1963 2919 2017 rei
2975 1963 3148 2033 gratia
3197 1971 3306 2016 tam
3354 1963 3562 2016 insulsa

1987 2051 2240 2121 dogmata
2279 2052 2394 2107 suis
2429 2053 2664 2124 dialogis
2709 2053 2917 2107 inserta
2969 2053 3226 2108 voluerit.
3277 2053 3354 2107 Ac
3384 2052 3560 2123 jocari

1988 2141 2148 2210 plane
2189 2142 2374 2211 potius
2419 2158 2582 2211 quam
2641 2144 2787 2198 serio
2851 2159 3014 2214 agere
3066 2145 3306 2208 videtur,
3367 2145 3460 2198 ubi
3493 2145 3564 2199 de

1987 2232 2294 2285 animarum
2333 2232 2906 2302 transmigrationibus
2929 2235 3174 2289 disserit.
3212 2235 3396 2290 Multis
3412 2237 3569 2290 enim

1987 2322 2123 2376 locis
2162 2338 2451 2391 pcenarum
2491 2324 2650 2379 sedes
2681 2325 2826 2394 apud
2883 2325 3088 2380 inferos
3143 2334 3562 2381 commemorat.

1987 2411 2100 2482 Ego
2135 2413 2319 2482 itaque
2343 2413 2410 2468 ad
2441 2430 2534 2469 eas
2565 2415 2764 2469 iterum
2791 2431 2877 2471 me
2903 2426 3240 2482 convertam,
3273 2433 3343 2471 ne
3383 2417 3566 2488 philo-

1986 2506 2222 2574 sophum
2281 2506 2338 2560 in
2369 2507 2619 2562 ridiculis
2669 2508 2940 2578 ejusmodi
2985 2508 3336 2563 sermonibus
3398 2509 3567 2564 relino

1985 2611 2171 2666 quam.
2205 2597 2404 2652 Audite
2463 2597 2631 2668 igitur
2671 2599 2751 2653 sic
2797 2599 3114 2668 loquentem
3169 2602 3245 2671 (p.
3297 2601 3402 2655 6H
3455 2601 3516 2671 Β)
3545 2618 3563 2655 :

1994 2706 2011 2738 ι
2033 2687 2234 2742 Verum
2269 2689 2369 2742 tibi
2409 2704 2512 2758 ego
2540 2705 2650 2743 non
2683 2690 2897 2744 Alcinoi
2935 2691 3228 2760 apologum
3286 2692 3565 2758 referam;

1985 2783 2080 2837 sed
2108 2782 2268 2837 fortis
2321 2781 2448 2845 viri,
2493 2780 2613 2836 Eris
2663 2781 2932 2843 Armenii,
2986 2798 3209 2853 genuse
3246 2783 3560 2854 Pamphylia

1985 2873 2260 2937 ducentis,
2297 2889 2610 2928 sermonem
2650 2873 2890 2927 narrabo
2930 2891 2942 2927 :
2981 2875 3074 2942 qui
3114 2891 3237 2929 eum
3287 2875 3341 2928 in
3375 2875 3598 2944 praelia.

1985 2967 2296 3032 cecidisset,
2328 2967 2652 3035 decimoque
2707 2975 2829 3036 post
2884 2967 2992 3028 die,
3049 2967 3282 3021 aliorum
3339 2967 3588 3037 quidem'

1986 3074 2243 3128 corpora,
2295 3057 2391 3128 qui
2446 3057 2610 3112 simul
2657 3057 3052 3122 occubuerant,
3105 3060 3216 3129 jam
3267 3060 3589 3114 marcentia.

303 3141 472 3217 [ἐκεῖ]
498 3145 542 3177 ⁶⁹
565 3145 794 3215 ὲκσῆναι
818 3144 916 3216 τὴν
943 3146 1140 3216 ψυχὴν,
1172 3145 1498 3216 πορεύεσθαι
1531 3147 1630 3218 ἥδη
1668 3148 1710 3179 ⁷⁰
1749 3148 1884 3218 μετὰ

1990 3160 2208 3220 recepta
2225 3160 2431 3215 essent,
2460 3150 2672 3220 integer
2691 3144 2869 3204 adhuc
2903 3149 3152 3204 sublatus
3184 3159 3287 3216 est,
3317 3149 3570 3206 domum-

302 3239 540 3303 πολλῶν,
571 3241 666 3294 καὶ
700 3241 1045 3310 ἀφικνεῖσθαι
1072 3241 1262 3313 [σφᾶς]
1301 3242 1379 3305 είς
1419 3242 1581 3295 τόπον
1617 3241 1738 3294 τινὰ
1767 3241 1883 3294 δαι-

305 3331 517 3399 μόνιον,
549 3332 606 3382 ὲν
713 3332 812 3400 τῆς
844 3349 901 3384 τε
931 3331 1032 3401 γῆς
1065 3325 1204 3384 εῖναι
1231 3331 1323 3384 δύο
1360 3331 1619 3402 χάσματα
1651 3330 1884 3400 ἐχόμενα

302 3421 580 3492 ἀλλήλοιν,
618 3424 711 3476 καὶ
748 3423 840 3477 τοῦ
881 3423 1109 3495 ούρανοῦ
1145 3419 1209 3477 αὖ
1243 3425 1300 3476 ὲν
1343 3423 1421 3494 τῷ
1454 3423 1566 3477 ἄνω
1599 3423 1734 3476 ἄλλα
1755 3439 1887 3476 κατ-

301 3516 559 3586 οινιτικρύ⁶
585 3515 844 3580 δικαστὰς
882 3517 940 3571 δὲ
977 3517 1178 3587 μεταξὺ
1217 3516 1420 3570 τούτων
1447 3517 1738 3588 καθῆσθαι,
1768 3517 1884 3580 οὓς,

303 3607 530 3660 ἐπειδὰν
584 3607 884 3671 δικάσαιεν,
931 3607 1057 3670 τοὺς
1099 3607 1196 3675 μὲν
1229 3608 1470 3671 δικαίους
1499 3607 1741 3661 κελεύειν
1791 3625 1888 3660 πο-

305 3693 568 3765 ρεύεσθαι
598 3696 696 3767 τὴν
725 3696 766 3725 τι
802 3697 880 3759 είς
908 3694 1086 3760 δεξιάν
1119 3713 1176 3749 τε
1221 3698 1315 3750 καὶ
1353 3698 1464 3752 ἄνω
1497 3696 1628 3770 [διὰ]
1661 3699 1757 3751 τοῦ
1797 3699 1889 3752 οὐ·

306 3785 498 3857 ρανοῧ,
547 3789 747 3855 σημεῖα
794 3787 1306 3859 περιρῤάψανταςπ
1335 3788 1439 3842 τῶν
1488 3789 1888 3860 δεδικασμένων

305 3880 368 3932 ἐν
395 3878 476 3947 τῷ
508 3879 759 3950 πρόσθεν·
789 3882 914 3942 τοὺς
937 3879 994 3931 δὲ
1028 3880 1246 3944 ἀδίκους
1279 3881 1324 3913 ⁷³
1359 3881 1458 3950 τὴν
1486 3883 1565 3945 είς
1595 3881 1892 3953 ἀριστεράν

305 3988 370 4026 τε
403 3973 498 4024 καὶ
521 3971 691 4037 κάτω,
724 3971 945 4041 ἔχοντας
977 3973 1072 4026 καί
1101 3972 1322 4036 τούτους
1351 3974 1410 4026 ἐν
1439 3972 1514 4043 τῷ
1541 3973 1762 4026 ὄπισθεν
1791 3991 1889 4044 ση-

311 4066 467 4134 μεῖον
489 4064 744 4117 ἁπάντων
771 4057 846 4118 ὧν
877 4063 1138 4134 ἔπραξαν.
1183 4064 1357 4118 Αύτοῦ
1393 4065 1450 4117 δὲ
1483 4064 1888 4135 προσελθόντος,

306 4157 490 4209 εἰπεῖν
534 4156 614 4208 ὃτι
663 4154 770 4208 δέοι
822 4155 983 4208 αὐτὸν
1029 4155 1258 4224 ἄγγελον
1301 4156 1607 4227 ἀνθρώποις
1641 4157 1892 4222 γενέσθαι

303 4247 421 4302 τῶν
452 4249 589 4310 ἐκεῖ,
639 4248 731 4301 καὶ
779 4248 1183 4302 διακελεύεσθαι
1223 4249 1493 4303 διακούειν
1527 4265 1583 4301 τε
1619 4247 1712 4300 καὶ
1763 4247 1894 4301 θεᾶ-

310 4340 440 4392 σθαι
478 4338 522 4369 "
561 4339 739 4402 πάντα
771 4338 840 4391 τὰ
874 4341 932 4392 ὲν
959 4339 1036 4410 τῷ
1061 4340 1226 4410 τόπῳ.
1272 4359 1291 4392 ι
1319 4335 1476 4393 Οὗτοι
1505 4338 1719 4408 ἀληθῶς
1753 4339 1894 4404 ἄξιοι

305 4431 412 4502 τῆς
440 4430 755 4500 φιλοσοφίας
780 4431 828 4483 oi
853 4430 1022 4498 λόγοι.
1056 4431 1130 4483 Οὐ
1162 4435 1269 4501 γὰρ
1300 4433 1379 4493 εἰς
1411 4430 1622 4497 ἀλόγων
1663 4428 1895 4499 σώματα

1988 3257 2097 3311 que
2126 3239 2363 3294 delatus.
2398 3238 2646 3308 Cumque
2710 3239 3037 3293 duodecimo
3083 3239 3151 3293 ab
3204 3239 3432 3294 interitu
3477 3241 3614 3295 die»

1989 3329 2348 3384 tumulandus
2383 3338 2549 3392 esset,
2584 3337 2712 3383 ante
2744 3330 2934 3401 pyr‘am
2966 3332 3301 3386 constitutus
3330 3333 3564 3387 revixit:

1989 3436 2353 3491 reversusque
2408 3420 2476 3474 ad
2516 3436 2655 3484 sese,
2712 3423 2961 3475 narravit
3018 3438 3139 3492 qua:
3184 3422 3329 3492 apud
3351 3422 3568 3478 inferos

1988 3514 2242 3570 vidisset.
2272 3515 2420 3570 Dixit
2473 3530 2604 3584 ergo
2653 3513 2892 3568 animam
2933 3531 2964 3570 e
3009 3531 3240 3584 corpore
3285 3531 3560 3586 egressam

1990 3623 2117 3662 cum
2147 3607 2336 3662 multis
2365 3607 2489 3661 aliis
2509 3608 2829 3676 pervenisse
2855 3607 2923 3661 ad
2968 3607 3356 3662 admirabilem
3376 3623 3571 3678 quem-

1991 3698 2116 3753 dam
2148 3699 2352 3763 locum,
2407 3698 2463 3752 in
2519 3712 2632 3768 quo
2688 3697 2800 3753 duo
2864 3698 3050 3753 hiatus
3079 3707 3241 3753 terrae
3291 3707 3566 3768 paterent,

1992 3792 2096 3847 sibi
2131 3792 2366 3848 invicem
2397 3791 2754 3855 cohaerentes,
2803 3778 3120 3860 tum
3150 3799 3205 3845 et
3252 3791 3377 3846 coeli
3435 3807 3572 3861 quo-

1992 3900 2098 3954 que
2127 3884 2442 3955 apertiones
2470 3883 2614 3948 duae,
2645 3884 2902 3952 quaeillis
2930 3898 3171 3954 superne
3196 3899 3264 3937 ex
3316 3883 3583 3953 opposito

1993 3973 2369 4027 imminerent.
2395 3971 2547 4026 Inter
2571 3971 2673 4026 hos
2695 3972 2882 4026 hiatus
2943 3971 3108 4026 medii
3141 3969 3360 4038 judices
3416 3969 3578 4024 sedc;

1995 4061 2160 4116 bant:
2191 4061 2287 4130 qui
2313 4070 2538 4130 peracto
2554 4061 2765 4130 judicio
2790 4061 3066 4132 justorum
3098 4059 3323 4131 quidem
3363 4061 3574 4114 animas

1991 4153 2254 4224 juberent
2319 4165 2417 4219 per
2465 4149 2748 4204 dexteram
2807 4151 3148 4220 apertionem
3204 4149 3272 4203 ad
3307 4157 3573 4219 “superna

1997 4243 2123 4298 C(eli
2178 4240 2572 4304 conscendere,
2629 4241 2834 4310 quibus
2883 4241 2940 4294 in
2993 4248 3215 4310 pectore
3264 4239 3456 4310 judicii
3488 4239 3571 4294 sui
3635 4261 3640 4263 ·

1995 4344 2157 4390 notas
2199 4333 2412 4405 judices
2470 4331 2573 4401 ipsi
2633 4343 2922 4391 assuerant
2958 4349 2972 4385 :
3009 4333 3338 4401 injustorum
3388 4340 3573 4385 autem

1998 4426 2211 4480 animas
2231 4415 2490 4495 juberent
2540 4438 2638 4492 per
2687 4422 2916 4477 laevam‘
2948 4421 3016 4476 ad
3059 4419 3272 4475 inferna
3324 4420 3578 4490 przecipi-

306 4525 738 4592 καταπέμπουσι
773 4523 873 4587 τὰς
911 4522 1108 4592 ψυχὰς,
1144 4523 1260 4576 ἀλλ’
1288 4524 1367 4586 είς
1399 4523 1627 4593 οὐρανὸν
1657 4522 1758 4592 μὲν
1794 4521 1884 4585 τὰς

1999 4515 2126 4580 tari,
2154 4523 2212 4569 et
2243 4515 2298 4568 hi
2360 4527 2578 4583 quoque
2615 4511 2673 4566 in
2729 4518 2884 4582 tergo
2937 4518 3201 4565 anteactae
3250 4509 3376 4564 vitae
3420 4509 3575 4579 signa

307 4611 374 4670 εὖ
426 4615 771 4684 βεϐιωκυίας,
825 4615 974 4670 κάτω
1021 4615 1078 4669 δὲ
1130 4617 1209 4679 είς
1243 4615 1368 4687 ᾅδου
1418 4615 1516 4678 τὰς
1559 4613 1818 4668 τάναντία
1848 4614 1892 4645 ⁷⁵

308 4707 703 4778 προελομένας.
769 4707 937 4777 Δῆλος
987 4707 1166 4762 τοίνυν
1221 4706 1392 4769 ἐστὶν,
1443 4706 1518 4770 ὡς
1560 4708 1741 4758 ἐκεῖνα
1794 4705 1894 4776 μὲν

312 4795 548 4860 παίζων,
573 4795 746 4849 ταῦτα
779 4787 846 4849 δὲ’
863 4795 1008 4865 λέγει
1033 4795 1368 4860 σπουδάζων.
1405 4795 1516 4849 Καὶ
1545 4794 1727 4864 μέντοι
1753 4795 1845 4847 καὶ
1867 4795 1894 4844 ὁ

309 4889 683 4958 Πλούταρχος,
719 4890 778 4940 ὲν
807 4883 887 4952 οἷς
928 4889 1056 4957 περὶ
1083 4887 1260 4957 ψυχῆς
1299 4886 1532 4960 ἔγραψε,
1574 4886 1669 4940 καὶ
1699 4885 1790 4939 τὸν
1819 4885 1897 4939 δι-

305 4979 527 5048 καστὴν
549 4977 796 5043 ὑπέδειξε
825 4978 891 5039 ⁷⁸.
918 4978 1014 5030 καὶ
1044 4977 1138 5029 τοῦ
1160 4977 1508 5048 δικαστηρίου
1557 4977 1683 5039 τοὺς
1714 4977 1893 5046 ὑπηρ-

306 5071 465 5135 έτας,
494 5069 745 5141 διήγημα
773 5087 823 5124 τι
849 5068 1090 5123 τοιοῦτον
1135 5067 1311 5132 ἐνθεὶς
1356 5068 1433 5136 τῷ
1476 5067 1890 5138 ξυγγράμματιο

1999 4607 2308 4681 gestabant.
2366 4605 2495 4660 Sibi-
2523 4619 2654 4660 vero
2707 4603 2891 4659 aiebat
2944 4603 3002 4657 in
3036 4610 3394 4672 conspectum
3445 4617 3576 4671 pro-

2000 4715 2186 4772 gresso
2234 4697 2438 4752 dixisse
2488 4696 2727 4767 judices,
2783 4704 3040 4765 oportere
3103 4694 3256 4747 illum
3323 4693 3578 4748 nuntiare

2001 4790 2322 4847 hominibus
2370 4804 2498 4859 qua:
2539 4788 2614 4842 ibi
2651 4786 2867 4851 fierent,
2900 4786 3241 4858 jussisscque
3271 4784 3423 4840 illum
3462 4800 3579 4838 om-

2003 4886 2094 4940 nia
2123 4883 2417 4955 diligenter
2438 4881 2628 4936 auditu
2648 4880 2884 4949 visuque
2918 4879 3224 4948 percipere.
3256 4897 3273 4928 »
3315 4878 3570 4932 Philoso-

2005 4977 2132 5048 phia
2186 4991 2317 5030 vere
2367 4973 2520 5044 digni
2571 4980 2701 5027 sunt
2731 4971 2788 5025 hi
2852 4984 3157 5025 sermones.
3209 4967 3399 5038 Neque
3429 4969 3579 5022 enim

2003 5067 2228 5121 animas.
2271 5066 2327 5120 in
2369 5065 2660 5119 brutorum
2713 5076 2943 5131 corpora
2973 5059 3328 5123 submittunt,
3380 5059 3474 5114 sed
3524 5059 3586 5114 in.

1590 5247 1826 5304 VARIAQ
1870 5245 2275 5302 LECTIONES.

426 5432 473 5467 ⁸⁸
490 5429 674 5486 αὐτόν.
721 5431 899 5486 αὐτῶν
924 5433 1020 5486 Va.
1053 5432 1103 5502 7"
1136 5429 1404 5502 [τδνιοηι.
1455 5429 1553 5502 _Va.

308 5521 473 5558 ουνον
503 5503 566 5556 D.
649 5503 695 5534 ⁸³
716 5503 955 5556 κύκνιον.
1000 5501 1246 5554 κύκνειον
1273 5501 1334 5554 Ι).

312 5577 365 5607 ⁶⁶
391 5572 588 5626 ταῦτα.
617 5573 756 5626 αὐτὰ
785 5573 884 5632 Va.
922 5581 976 5626 ct
1019 5588 1130 5626 om.
1167 5570 1349 5624 πάλιν.
1391 5570 1522 5623 αὐτὸ
1557 5571 1618 5624 D.

1637 5429 1681 5460 σο
1706 5431 1912 5499 μήπω.

1432 5500 1476 5532 ⁶¹⁵
1511 5498 1686 5567 τήνδε.
1711 5498 1714 5499 ⁷
1737 5499 1845 5550 τῶν
1872 5498 1927 5550 δὲ

1950 5428 2091 5550 ww;
2132 5427 2194 5488 D,
2245 5425 2338 5478 Va.

2007 5513 2057 5549 a.
2111 5493 2289 5550 Sunra

1737 5516 1845 5550 των
1872 5513 1927 5550 Οε
1968 5513 2057 5550 va.
2111 5513 2289 5564 bupra
2349 5513 2441 5545 και
2491 5513 2600 5545 om.
2629 5513 2690 5543 υ.
2783 5513 2824 5520 ’⁷
2849 5513 2907 5539 εν
2947 5513 3126 5538 ιὶιυυυ.
3163 5513 3220 5536 ιν
3260 5513 3368 5535 υιιι.
3414 5513 3489 5559 υἷι
3507 5513 3580 5532 ιιι.

1703 5569 1746 5599 ⁸⁷
1775 5567 2107 5621 καταλείπω.
2143 5564 2427 5617 καταλίπω
2472 5562 2568 5623 Va,
2605 5557 2885 5627 καταλίψω
2912 5551 3372 5627 νὺκκαταλείψω
3413 5547 3580 5627 ξιτψ.

2431 5423 2470 5452 ⁶¹
2508 5419 2659 5475 ἀλλά.
2710 5418 2802 5474 καὶ
2845 5417 2905 5471 D.
2984 5418 3028 5449 ⁶²
3056 5415 3145 5467 τὸν
3183 5415 3290 5484 γὰρ
3330 5410 3576 5484 οὐρανόνὶ

2111 5480 2289 5564 Supra
2349 5494 2441 5545 καὶ
2473 5507 2600 5564 ῨῼΙῐὶ.
2629 5491 2690 5543 1).
2849 5487 3126 5564 ὲν-έᾼῑδου.
3163 5480 3220 5564 ὲν
3260 5480 3368 5564 om.
3413 5480 3600 5564 §irm.-

832 5618 1683 5710 Ϋ.νῖ⁸νᾶλλ’
1713 5654 1764 5690 v.
1937 5651 2048 5691 om.
2084 5652 2170 5710 γε,
2205 5643 2259 5688 et
2283 5648 2407 5710 mox
2447 5618 2568 5702 ἥρω
2621 5633 2671 5710 (ο
2697 5618 2861 5710 supra
2883 5627 2970 5710 ait.
3021 5618 3485 5710 εἶιέκεῖλοιιιζς),
3517 5619 3599 5710 εξ-.

318 5714 364 5746 ὀ
392 5713 496 5796 ἦδῃ
509 5782 521 5796 ι
539 5728 649 5766 om.
686 5713 746 5796 D‘.

317 5782 692 5920 Ξῗίέἒῗίὲἔὶξξ
707 5782 896 5916 ibi».

828 5713 868 5742 τι
903 5712 998 5780 τὴν
1035 5727 1145 5764 οιιι.
1176 5699 1238 5766 [Σ.

918 5771 964 5813 ⁷⁵
994 5782 1230 5844 ἀδίκους.
1272 5771 1690 5851 ἁδοκίμὸυςνά.
1749 5778 1789 5809 τ’*
1823 5771 2064 5830 θεᾶσθαι.
2105 5771 2399 5828 θεάσασθαι
2428 5771 2488 5825 C.

1331 5711 1373 5741 τ’
1409 5688 2406 5782 περιρρἓψανταςδπεριρέὶιξκαντεςλίὶ,
2434 5688 2892 5782 περιγράψαντας
2912 5695 3012 5782 νυ,

2595 5759 2636 5800 ⁷³
2673 5759 2950 5821 τάναντία.
2987 5759 3198 5815 ἐναντία
3227 5759 3313 5814 Ι).
3369 5759 3414 5789 τ’
3451 5759 3592 5810 ὺπέρ
