  <div class='ocr_page' id='page_1' title='image "/cluster/home/n/w/nwhite01/storage/ocr_20150623/83:no.4/coo.31924054869841/563.png"; bbox 0 0 4056 6444; ppageno 0'>
   <div class='ocr_carea' id='block_1_1' title="bbox 403 397 532 464">
    <p class='ocr_par' dir='ltr' id='par_1_1' title="bbox 403 397 532 464">
     <span class='ocr_line' id='line_1_1' title="bbox 403 397 532 464; baseline -0.016 0"><span class='ocrx_word' id='word_1_1' title='bbox 403 397 532 464; x_wconf 86' lang='grc'>1111</span> 
     </span>
    </p>
   </div>
   <div class='ocr_carea' id='block_1_2' title="bbox 1381 399 2650 464">
    <p class='ocr_par' dir='ltr' id='par_1_2' title="bbox 1381 399 2650 464">
     <span class='ocr_line' id='line_1_2' title="bbox 1381 399 2650 464; baseline 0.004 -5"><span class='ocrx_word' id='word_1_2' title='bbox 1381 399 1868 460; x_wconf 69' lang='lat' dir='ltr'><strong>THEODORETI</strong></span> <span class='ocrx_word' id='word_1_3' title='bbox 1911 402 2244 464; x_wconf 82' lang='lat' dir='ltr'><strong>EPISCOPI</strong></span> <span class='ocrx_word' id='word_1_4' title='bbox 2287 404 2650 464; x_wconf 82' lang='lat' dir='ltr'><strong>CYRENSIS</strong></span> 
     </span>
    </p>
   </div>
   <div class='ocr_carea' id='block_1_3' title="bbox 3516 399 3645 466">
    <p class='ocr_par' dir='ltr' id='par_1_3' title="bbox 3516 399 3645 466">
     <span class='ocr_line' id='line_1_3' title="bbox 3516 399 3645 466; baseline -0.016 0"><span class='ocrx_word' id='word_1_5' title='bbox 3516 399 3645 466; x_wconf 76' lang='grc'>1112</span> 
     </span>
    </p>
   </div>
   <div class='ocr_carea' id='block_1_4' title="bbox 404 513 1993 589">
    <p class='ocr_par' dir='ltr' id='par_1_4' title="bbox 404 513 1973 584">
     <span class='ocr_line' id='line_1_4' title="bbox 404 513 1973 584; baseline -0.002 -12"><span class='ocrx_word' id='word_1_6' title='bbox 404 518 602 573; x_wconf 63' lang='lat' dir='ltr'><strong>malum</strong></span> <span class='ocrx_word' id='word_1_7' title='bbox 641 513 861 584; x_wconf 83' lang='lat' dir='ltr'><strong>quidem</strong></span> <span class='ocrx_word' id='word_1_8' title='bbox 896 530 989 569; x_wconf 85' lang='lat' dir='ltr'><strong>eas</strong></span> <span class='ocrx_word' id='word_1_9' title='bbox 1023 530 1142 584; x_wconf 71' lang='lat' dir='ltr'><strong>qua:</strong></span> <span class='ocrx_word' id='word_1_10' title='bbox 1191 515 1330 568; x_wconf 86' lang='lat' dir='ltr'><strong>bene</strong></span> <span class='ocrx_word' id='word_1_11' title='bbox 1377 514 1635 575; x_wconf 81' lang='lat' dir='ltr'><strong>vixerint,</strong></span> <span class='ocrx_word' id='word_1_12' title='bbox 1677 530 1799 583; x_wconf 85' lang='lat' dir='ltr'><strong>quae</strong></span> <span class='ocrx_word' id='word_1_13' title='bbox 1838 531 1973 569; x_wconf 87' lang='lat' dir='ltr'><strong>vero</strong></span> 
     </span>
    </p>
   </div>
   <div class='ocr_carea' id='block_1_5' title="bbox 2100 513 3651 589">
    <p class='ocr_par' dir='ltr' id='par_1_5' title="bbox 2100 513 3651 589">
     <span class='ocr_line' id='line_1_5' title="bbox 2100 513 3651 589; baseline 0.002 -21"><span class='ocrx_word' id='word_1_14' title='bbox 2100 538 2101 542; x_wconf 47' lang='grc' dir='ltr'><strong>η</strong></span> <span class='ocrx_word' id='word_1_15' title='bbox 2143 516 2427 586; x_wconf 79' lang='grc' dir='ltr'><strong>Ἀντύλλῳ,</strong></span> <span class='ocrx_word' id='word_1_16' title='bbox 2469 517 2622 586; x_wconf 77' lang='grc' dir='ltr'>φησὶ,</span> <span class='ocrx_word' id='word_1_17' title='bbox 2672 513 2844 584; x_wconf 78' lang='grc' dir='ltr'>τούτῳ</span> <span class='ocrx_word' id='word_1_18' title='bbox 2895 515 2988 567; x_wconf 74' lang='grc' dir='ltr'><strong>καὶ</strong></span> <span class='ocrx_word' id='word_1_19' title='bbox 3037 515 3185 568; x_wconf 62' lang='grc' dir='ltr'>αὐτοὶ</span> <span class='ocrx_word' id='word_1_20' title='bbox 3246 516 3498 587; x_wconf 80' lang='grc' dir='ltr'>παρῆμεν</span> <span class='ocrx_word' id='word_1_21' title='bbox 3537 518 3651 589; x_wconf 79' lang='grc' dir='ltr'><strong>ἅμα</strong></span> 
     </span>
    </p>
   </div>
   <div class='ocr_carea' id='block_1_6' title="bbox 406 603 1975 674">
    <p class='ocr_par' dir='ltr' id='par_1_6' title="bbox 406 603 1975 674">
     <span class='ocr_line' id='line_1_6' title="bbox 406 603 1975 674; baseline -0.002 -12"><span class='ocrx_word' id='word_1_22' title='bbox 406 605 681 662; x_wconf 88' lang='lat' dir='ltr'><strong>contraria</strong></span> <span class='ocrx_word' id='word_1_23' title='bbox 711 605 1088 674; x_wconf 66' lang='lat' dir='ltr'><strong>praeoptarint,</strong></span> <span class='ocrx_word' id='word_1_24' title='bbox 1130 604 1198 658; x_wconf 89' lang='lat' dir='ltr'><strong>ad</strong></span> <span class='ocrx_word' id='word_1_25' title='bbox 1264 603 1492 668; x_wconf 83' lang='lat' dir='ltr'><strong>inferos,</strong></span> <span class='ocrx_word' id='word_1_26' title='bbox 1535 615 1594 658; x_wconf 93' lang='lat' dir='ltr'><strong>ut</strong></span> <span class='ocrx_word' id='word_1_27' title='bbox 1622 605 1975 659; x_wconf 75' lang='lat' dir='ltr'><strong>manifestum</strong></span> 
     </span>
    </p>
   </div>
   <div class='ocr_carea' id='block_1_7' title="bbox 407 696 1974 767">
    <p class='ocr_par' dir='ltr' id='par_1_7' title="bbox 407 696 1974 767">
     <span class='ocr_line' id='line_1_7' title="bbox 407 696 1974 767; baseline 0.001 -19"><span class='ocrx_word' id='word_1_28' title='bbox 407 696 498 760; x_wconf 92' lang='lat' dir='ltr'><strong>sit,</strong></span> <span class='ocrx_word' id='word_1_29' title='bbox 521 698 622 751; x_wconf 90' lang='lat' dir='ltr'><strong>alia</strong></span> <span class='ocrx_word' id='word_1_30' title='bbox 655 698 807 750; x_wconf 89' lang='lat' dir='ltr'><strong>illum</strong></span> <span class='ocrx_word' id='word_1_31' title='bbox 845 698 993 767; x_wconf 87' lang='lat' dir='ltr'><strong>joco,</strong></span> <span class='ocrx_word' id='word_1_32' title='bbox 1039 696 1156 750; x_wconf 78' lang='lat' dir='ltr'><strong>haec</strong></span> <span class='ocrx_word' id='word_1_33' title='bbox 1186 706 1370 750; x_wconf 90' lang='lat' dir='ltr'><strong>autem</strong></span> <span class='ocrx_word' id='word_1_34' title='bbox 1411 698 1558 750; x_wconf 89' lang='lat' dir='ltr'><strong>serio</strong></span> <span class='ocrx_word' id='word_1_35' title='bbox 1596 697 1811 751; x_wconf 81' lang='lat' dir='ltr'><strong>dicere.</strong></span> <span class='ocrx_word' id='word_1_36' title='bbox 1846 697 1974 750; x_wconf 53' lang='lat' dir='ltr'><strong>Plu-</strong></span> 
     </span>
    </p>
   </div>
   <div class='ocr_carea' id='block_1_8' title="bbox 409 787 1978 857">
    <p class='ocr_par' dir='ltr' id='par_1_8' title="bbox 409 787 1978 857">
     <span class='ocr_line' id='line_1_8' title="bbox 409 787 1978 857; baseline 0 -17"><span class='ocrx_word' id='word_1_37' title='bbox 409 787 627 840; x_wconf 76' lang='lat' dir='ltr'><strong>tarchus</strong></span> <span class='ocrx_word' id='word_1_38' title='bbox 657 802 897 857; x_wconf 88' lang='lat' dir='ltr'><strong>quoque,</strong></span> <span class='ocrx_word' id='word_1_39' title='bbox 936 788 992 841; x_wconf 92' lang='lat' dir='ltr'><strong>in</strong></span> <span class='ocrx_word' id='word_1_40' title='bbox 1024 788 1092 841; x_wconf 91' lang='lat' dir='ltr'><strong>iis</strong></span> <span class='ocrx_word' id='word_1_41' title='bbox 1133 802 1256 856; x_wconf 71' lang='lat' dir='ltr'><strong>quae</strong></span> <span class='ocrx_word' id='word_1_42' title='bbox 1296 787 1365 842; x_wconf 88' lang='lat' dir='ltr'><strong>de</strong></span> <span class='ocrx_word' id='word_1_43' title='bbox 1414 788 1594 841; x_wconf 87' lang='lat' dir='ltr'><strong>anima</strong></span> <span class='ocrx_word' id='word_1_44' title='bbox 1627 789 1866 856; x_wconf 75' lang='lat' dir='ltr'><strong>scripsit,</strong></span> <span class='ocrx_word' id='word_1_45' title='bbox 1921 795 1978 842; x_wconf 89' lang='lat' dir='ltr'><strong>et</strong></span> 
     </span>
    </p>
   </div>
   <div class='ocr_carea' id='block_1_9' title="bbox 401 878 1976 950">
    <p class='ocr_par' dir='ltr' id='par_1_9' title="bbox 401 878 1976 950">
     <span class='ocr_line' id='line_1_9' title="bbox 401 878 1976 950; baseline 0.001 -18"><span class='ocrx_word' id='word_1_46' title='bbox 401 878 641 948; x_wconf 87' lang='lat' dir='ltr'><strong>judicem</strong></span> <span class='ocrx_word' id='word_1_47' title='bbox 673 879 934 945; x_wconf 78' lang='lat' dir='ltr'><strong>ostendit,</strong></span> <span class='ocrx_word' id='word_1_48' title='bbox 962 888 1019 935; x_wconf 90' lang='lat' dir='ltr'><strong>et</strong></span> <span class='ocrx_word' id='word_1_49' title='bbox 1033 880 1228 950; x_wconf 90' lang='lat' dir='ltr'><strong>judicii</strong></span> <span class='ocrx_word' id='word_1_50' title='bbox 1263 881 1568 944; x_wconf 84' lang='lat' dir='ltr'><strong>ministros,</strong></span> <span class='ocrx_word' id='word_1_51' title='bbox 1605 882 1976 935; x_wconf 78' lang='lat' dir='ltr'><strong>narrationem</strong></span> 
     </span>
    </p>
   </div>
   <div class='ocr_carea' id='block_1_10' title="bbox 409 969 1979 1042">
    <p class='ocr_par' dir='ltr' id='par_1_10' title="bbox 409 969 1979 1042">
     <span class='ocr_line' id='line_1_10' title="bbox 409 969 1979 1042; baseline 0.001 -20"><span class='ocrx_word' id='word_1_52' title='bbox 409 969 550 1023; x_wconf 89' lang='lat' dir='ltr'><strong>hanc</strong></span> <span class='ocrx_word' id='word_1_53' title='bbox 601 972 753 1039; x_wconf 87' lang='lat' dir='ltr'><strong>operi</strong></span> <span class='ocrx_word' id='word_1_54' title='bbox 807 987 909 1026; x_wconf 88' lang='lat' dir='ltr'><strong>suo</strong></span> <span class='ocrx_word' id='word_1_55' title='bbox 971 972 1223 1026; x_wconf 80' lang='lat' dir='ltr'><strong>intexens</strong></span> <span class='ocrx_word' id='word_1_56' title='bbox 1254 972 1479 1042; x_wconf 84' lang='lat' dir='ltr'><strong>(Euseb.</strong></span> <span class='ocrx_word' id='word_1_57' title='bbox 1537 972 1602 1025; x_wconf 91' lang='lat' dir='ltr'><strong>P.</strong></span> <span class='ocrx_word' id='word_1_58' title='bbox 1650 971 1715 1025; x_wconf 90' lang='lat' dir='ltr'><strong>E.</strong></span> <span class='ocrx_word' id='word_1_59' title='bbox 1770 987 1824 1041; x_wconf 93' lang='lat' dir='ltr'><strong>p.</strong></span> <span class='ocrx_word' id='word_1_60' title='bbox 1877 972 1979 1026; x_wconf 77' lang='lat'><strong>565</strong></span> 
     </span>
    </p>
   </div>
   <div class='ocr_carea' id='block_1_11' title="bbox 409 1055 1982 1134">
    <p class='ocr_par' dir='ltr' id='par_1_11' title="bbox 409 1055 1982 1134">
     <span class='ocr_line' id='line_1_11' title="bbox 409 1055 1982 1134; baseline 0.002 -23"><span class='ocrx_word' id='word_1_61' title='bbox 409 1055 510 1128; x_wconf 90' lang='lat' dir='ltr'><strong>D):</strong></span> <span class='ocrx_word' id='word_1_62' title='bbox 564 1079 581 1110; x_wconf 78' lang='grc' dir='ltr'><strong>ι</strong></span> <span class='ocrx_word' id='word_1_63' title='bbox 610 1060 768 1127; x_wconf 83' lang='lat' dir='ltr'><strong>Huic,</strong></span> <span class='ocrx_word' id='word_1_64' title='bbox 799 1063 999 1131; x_wconf 82' lang='lat' dir='ltr'><strong>inquit,</strong></span> <span class='ocrx_word' id='word_1_65' title='bbox 1042 1063 1261 1132; x_wconf 84' lang='lat' dir='ltr'><strong>Antyllo</strong></span> <span class='ocrx_word' id='word_1_66' title='bbox 1299 1073 1356 1116; x_wconf 90' lang='lat' dir='ltr'><strong>et</strong></span> <span class='ocrx_word' id='word_1_67' title='bbox 1401 1078 1501 1116; x_wconf 88' lang='lat' dir='ltr'><strong>nos</strong></span> <span class='ocrx_word' id='word_1_68' title='bbox 1526 1063 1770 1134; x_wconf 78' lang='lat' dir='ltr'><strong>narranti</strong></span> <span class='ocrx_word' id='word_1_69' title='bbox 1811 1062 1982 1116; x_wconf 90' lang='lat' dir='ltr'><strong>inter-</strong></span> 
     </span>
    </p>
   </div>
   <div class='ocr_carea' id='block_1_12' title="bbox 407 1148 1980 1216">
    <p class='ocr_par' dir='ltr' id='par_1_12' title="bbox 407 1148 1980 1216">
     <span class='ocr_line' id='line_1_12' title="bbox 407 1148 1980 1216; baseline 0 -13"><span class='ocrx_word' id='word_1_70' title='bbox 407 1148 634 1216; x_wconf 86' lang='lat' dir='ltr'><strong>fuimus,</strong></span> <span class='ocrx_word' id='word_1_71' title='bbox 692 1168 820 1206; x_wconf 90' lang='lat' dir='ltr'><strong>cum</strong></span> <span class='ocrx_word' id='word_1_72' title='bbox 863 1152 1096 1207; x_wconf 90' lang='lat' dir='ltr'><strong>Sositele</strong></span> <span class='ocrx_word' id='word_1_73' title='bbox 1121 1161 1178 1207; x_wconf 90' lang='lat' dir='ltr'><strong>et</strong></span> <span class='ocrx_word' id='word_1_74' title='bbox 1215 1152 1574 1207; x_wconf 87' lang='lat' dir='ltr'><strong>Heracleone.</strong></span> <span class='ocrx_word' id='word_1_75' title='bbox 1607 1153 1656 1206; x_wconf 91' lang='lat' dir='ltr'><strong>ls</strong></span> <span class='ocrx_word' id='word_1_76' title='bbox 1678 1151 1825 1205; x_wconf 88' lang='lat' dir='ltr'><strong>enim</strong></span> <span class='ocrx_word' id='word_1_77' title='bbox 1852 1165 1980 1204; x_wconf 91' lang='lat' dir='ltr'><strong>cum</strong></span> 
     </span>
    </p>
   </div>
   <div class='ocr_carea' id='block_1_13' title="bbox 409 1241 1978 1313">
    <p class='ocr_par' dir='ltr' id='par_1_13' title="bbox 409 1241 1978 1313">
     <span class='ocr_line' id='line_1_13' title="bbox 409 1241 1978 1313; baseline 0.001 -20"><span class='ocrx_word' id='word_1_78' title='bbox 409 1241 641 1295; x_wconf 91' lang='lat' dir='ltr'><strong>medicis</strong></span> <span class='ocrx_word' id='word_1_79' title='bbox 686 1245 796 1313; x_wconf 89' lang='lat' dir='ltr'><strong>jam</strong></span> <span class='ocrx_word' id='word_1_80' title='bbox 873 1244 1142 1297; x_wconf 84' lang='lat' dir='ltr'><strong>exanimis</strong></span> <span class='ocrx_word' id='word_1_81' title='bbox 1171 1244 1474 1307; x_wconf 78' lang='lat' dir='ltr'><strong>videretur,</strong></span> <span class='ocrx_word' id='word_1_82' title='bbox 1520 1244 1740 1312; x_wconf 89' lang='lat' dir='ltr'><strong>paulum</strong></span> <span class='ocrx_word' id='word_1_83' title='bbox 1795 1243 1860 1296; x_wconf 90' lang='lat' dir='ltr'><strong>ad</strong></span> <span class='ocrx_word' id='word_1_84' title='bbox 1920 1258 1978 1296; x_wconf 90' lang='lat' dir='ltr'><strong>se</strong></span> 
     </span>
    </p>
   </div>
   <div class='ocr_carea' id='block_1_14' title="bbox 411 1333 1978 1403">
    <p class='ocr_par' dir='ltr' id='par_1_14' title="bbox 411 1333 1978 1403">
     <span class='ocr_line' id='line_1_14' title="bbox 411 1333 1978 1403; baseline 0.002 -19"><span class='ocrx_word' id='word_1_85' title='bbox 411 1346 666 1386; x_wconf 80' lang='lat' dir='ltr'><strong>reversus</strong></span> <span class='ocrx_word' id='word_1_86' title='bbox 686 1349 754 1386; x_wconf 88' lang='lat' dir='ltr'><strong>ex</strong></span> <span class='ocrx_word' id='word_1_87' title='bbox 781 1334 1018 1403; x_wconf 92' lang='lat' dir='ltr'><strong>quadam</strong></span> <span class='ocrx_word' id='word_1_88' title='bbox 1050 1351 1158 1387; x_wconf 91' lang='lat' dir='ltr'><strong>non</strong></span> <span class='ocrx_word' id='word_1_89' title='bbox 1189 1351 1380 1403; x_wconf 85' lang='lat' dir='ltr'><strong>parum</strong></span> <span class='ocrx_word' id='word_1_90' title='bbox 1407 1334 1678 1403; x_wconf 76' lang='lat' dir='ltr'><strong>profunda</strong></span> <span class='ocrx_word' id='word_1_91' title='bbox 1711 1333 1978 1387; x_wconf 90' lang='lat' dir='ltr'><strong>dormita-</strong></span> 
     </span>
    </p>
   </div>
   <div class='ocr_carea' id='block_1_15' title="bbox 411 1423 1979 1496">
    <p class='ocr_par' dir='ltr' id='par_1_15' title="bbox 411 1423 1979 1496">
     <span class='ocr_line' id='line_1_15' title="bbox 411 1423 1979 1496; baseline 0.003 -21"><span class='ocrx_word' id='word_1_92' title='bbox 411 1423 582 1488; x_wconf 89' lang='lat' dir='ltr'><strong>tione,</strong></span> <span class='ocrx_word' id='word_1_93' title='bbox 612 1425 748 1479; x_wconf 86' lang='lat' dir='ltr'><strong>nihil</strong></span> <span class='ocrx_word' id='word_1_94' title='bbox 776 1441 906 1482; x_wconf 85' lang='lat' dir='ltr'><strong>sane</strong></span> <span class='ocrx_word' id='word_1_95' title='bbox 951 1425 1099 1480; x_wconf 86' lang='lat' dir='ltr'><strong>aliud</strong></span> <span class='ocrx_word' id='word_1_96' title='bbox 1131 1426 1264 1480; x_wconf 78' lang='lat' dir='ltr'><strong>fecit</strong></span> <span class='ocrx_word' id='word_1_97' title='bbox 1295 1435 1390 1480; x_wconf 90' lang='lat' dir='ltr'><strong>aut</strong></span> <span class='ocrx_word' id='word_1_98' title='bbox 1423 1426 1581 1489; x_wconf 80' lang='lat' dir='ltr'><strong>dixit,</strong></span> <span class='ocrx_word' id='word_1_99' title='bbox 1609 1425 1757 1496; x_wconf 88' lang='lat' dir='ltr'><strong>quod</strong></span> <span class='ocrx_word' id='word_1_100' title='bbox 1785 1434 1979 1480; x_wconf 57' lang='lat' dir='ltr'><strong>emotae</strong></span> 
     </span>
    </p>
   </div>
   <div class='ocr_carea' id='block_1_16' title="bbox 414 1515 1976 1584">
    <p class='ocr_par' dir='ltr' id='par_1_16' title="bbox 414 1515 1976 1584">
     <span class='ocr_line' id='line_1_16' title="bbox 414 1515 1976 1584; baseline 0.003 -19"><span class='ocrx_word' id='word_1_101' title='bbox 414 1515 616 1568; x_wconf 87' lang='lat' dir='ltr'><strong>mentis</strong></span> <span class='ocrx_word' id='word_1_102' title='bbox 664 1516 880 1584; x_wconf 88' lang='lat' dir='ltr'><strong>signum</strong></span> <span class='ocrx_word' id='word_1_103' title='bbox 936 1526 1099 1570; x_wconf 83' lang='lat' dir='ltr'><strong>esset.</strong></span> <span class='ocrx_word' id='word_1_104' title='bbox 1155 1517 1424 1571; x_wconf 80' lang='lat' dir='ltr'><strong>Narrabat</strong></span> <span class='ocrx_word' id='word_1_105' title='bbox 1481 1525 1665 1570; x_wconf 91' lang='lat' dir='ltr'><strong>autem</strong></span> <span class='ocrx_word' id='word_1_106' title='bbox 1738 1533 1796 1572; x_wconf 87' lang='lat' dir='ltr'><strong>se</strong></span> <span class='ocrx_word' id='word_1_107' title='bbox 1863 1518 1976 1571; x_wconf 83' lang='lat' dir='ltr'><strong>vita</strong></span> 
     </span>
    </p>
   </div>
   <div class='ocr_carea' id='block_1_17' title="bbox 2087 605 3652 680">
    <p class='ocr_par' dir='ltr' id='par_1_17' title="bbox 2087 605 3652 680">
     <span class='ocr_line' id='line_1_17' title="bbox 2087 605 3652 680; baseline 0.002 -21"><span class='ocrx_word' id='word_1_108' title='bbox 2087 607 2368 660; x_wconf 82' lang='grc' dir='ltr'>Σωσιτέλει</span> <span class='ocrx_word' id='word_1_109' title='bbox 2412 607 2505 660; x_wconf 76' lang='grc' dir='ltr'><strong>καὶ</strong></span> <span class='ocrx_word' id='word_1_110' title='bbox 2554 605 2882 675; x_wconf 84' lang='grc' dir='ltr'>Ἦρακλέωνι</span> <span class='ocrx_word' id='word_1_111' title='bbox 2940 605 3284 676; x_wconf 80' lang='grc' dir='ltr'><strong>διηγουμένῳ</strong></span> <span class='ocrx_word' id='word_1_112' title='bbox 3316 607 3380 659; x_wconf 87' lang='grc'><strong>⁷⁷.</strong></span> <span class='ocrx_word' id='word_1_113' title='bbox 3436 608 3521 669; x_wconf 83' lang='grc' dir='ltr'>Ὦς</span> <span class='ocrx_word' id='word_1_114' title='bbox 3545 609 3652 680; x_wconf 78' lang='grc' dir='ltr'>γὰρ</span> 
     </span>
    </p>
   </div>
   <div class='ocr_carea' id='block_1_18' title="bbox 2085 696 3654 769">
    <p class='ocr_par' dir='ltr' id='par_1_18' title="bbox 2085 696 3654 769">
     <span class='ocr_line' id='line_1_18' title="bbox 2085 696 3654 769; baseline 0.001 -17"><span class='ocrx_word' id='word_1_115' title='bbox 2085 696 2330 759; x_wconf 75' lang='grc' dir='ltr'>ἀϐιώτως</span> <span class='ocrx_word' id='word_1_116' title='bbox 2356 697 2499 767; x_wconf 77' lang='grc' dir='ltr'>ἔχειν</span> <span class='ocrx_word' id='word_1_117' title='bbox 2521 696 2691 748; x_wconf 75' lang='grc' dir='ltr'>ἐδόκει</span> <span class='ocrx_word' id='word_1_118' title='bbox 2725 699 2834 758; x_wconf 86' lang='grc' dir='ltr'>τοῖς</span> <span class='ocrx_word' id='word_1_119' title='bbox 2866 696 3086 767; x_wconf 76' lang='grc' dir='ltr'><strong>ἰατροῖς,</strong></span> <span class='ocrx_word' id='word_1_120' title='bbox 3121 696 3428 765; x_wconf 74' lang='grc' dir='ltr'><strong>ἀνενεχθεὶς</strong></span> <span class='ocrx_word' id='word_1_121' title='bbox 3461 699 3654 769; x_wconf 79' lang='grc' dir='ltr'>μικρὸν</span> 
     </span>
    </p>
   </div>
   <div class='ocr_carea' id='block_1_19' title="bbox 2085 783 3652 855">
    <p class='ocr_par' dir='ltr' id='par_1_19' title="bbox 2085 783 3652 855">
     <span class='ocr_line' id='line_1_19' title="bbox 2085 783 3652 855; baseline 0 -15"><span class='ocrx_word' id='word_1_122' title='bbox 2085 788 2148 840; x_wconf 76' lang='grc' dir='ltr'>ἐκ</span> <span class='ocrx_word' id='word_1_123' title='bbox 2201 803 2343 848; x_wconf 85' lang='grc' dir='ltr'>τινος</span> <span class='ocrx_word' id='word_1_124' title='bbox 2399 786 2460 838; x_wconf 83' lang='grc' dir='ltr'><strong>οὐ</strong></span> <span class='ocrx_word' id='word_1_125' title='bbox 2513 784 2686 854; x_wconf 77' lang='grc' dir='ltr'>βιαίου</span> <span class='ocrx_word' id='word_1_126' title='bbox 2737 783 2778 816; x_wconf 80' lang='grc'><strong>⁷⁸</strong></span> <span class='ocrx_word' id='word_1_127' title='bbox 2831 786 3168 855; x_wconf 78' lang='grc' dir='ltr'>καταφορᾶς,</span> <span class='ocrx_word' id='word_1_128' title='bbox 3215 785 3340 838; x_wconf 78' lang='grc' dir='ltr'>ἄλλο</span> <span class='ocrx_word' id='word_1_129' title='bbox 3387 786 3486 852; x_wconf 79' lang='grc' dir='ltr'><strong>μὲν</strong></span> <span class='ocrx_word' id='word_1_130' title='bbox 3529 787 3652 840; x_wconf 75' lang='grc' dir='ltr'>οὔτε</span> 
     </span>
    </p>
   </div>
   <div class='ocr_carea' id='block_1_20' title="bbox 2085 872 3652 947">
    <p class='ocr_par' dir='ltr' id='par_1_20' title="bbox 2085 872 3652 947">
     <span class='ocr_line' id='line_1_20' title="bbox 2085 872 3652 947; baseline 0 -18"><span class='ocrx_word' id='word_1_131' title='bbox 2085 875 2340 947; x_wconf 81' lang='grc' dir='ltr'>ἔπραξεν,</span> <span class='ocrx_word' id='word_1_132' title='bbox 2363 874 2484 929; x_wconf 73' lang='grc' dir='ltr'>οὔτε</span> <span class='ocrx_word' id='word_1_133' title='bbox 2514 872 2632 929; x_wconf 81' lang='grc' dir='ltr'>εἷπε</span> <span class='ocrx_word' id='word_1_134' title='bbox 2651 875 3100 946; x_wconf 79' lang='grc' dir='ltr'>παρακινητικὸν·</span> <span class='ocrx_word' id='word_1_135' title='bbox 3127 875 3277 941; x_wconf 76' lang='grc' dir='ltr'>ἔλεγε</span> <span class='ocrx_word' id='word_1_136' title='bbox 3301 875 3356 929; x_wconf 83' lang='grc' dir='ltr'>δὲ</span> <span class='ocrx_word' id='word_1_137' title='bbox 3379 875 3652 940; x_wconf 86' lang='grc' dir='ltr'>τεθνάναι,</span> 
     </span>
    </p>
   </div>
   <div class='ocr_carea' id='block_1_21' title="bbox 2087 966 3657 1038">
    <p class='ocr_par' dir='ltr' id='par_1_21' title="bbox 2087 966 3657 1038">
     <span class='ocr_line' id='line_1_21' title="bbox 2087 966 3657 1038; baseline 0 -17"><span class='ocrx_word' id='word_1_138' title='bbox 2087 968 2179 1021; x_wconf 73' lang='grc' dir='ltr'><strong>καὶ</strong></span> <span class='ocrx_word' id='word_1_139' title='bbox 2209 967 2369 1020; x_wconf 83' lang='grc' dir='ltr'>πάλιν</span> <span class='ocrx_word' id='word_1_140' title='bbox 2400 966 2653 1036; x_wconf 81' lang='grc' dir='ltr'><strong>ἀφεῖσθαι</strong></span> <span class='ocrx_word' id='word_1_141' title='bbox 2683 966 2748 1029; x_wconf 70' lang='grc'>⁷⁸,</span> <span class='ocrx_word' id='word_1_142' title='bbox 2780 967 2872 1018; x_wconf 76' lang='grc' dir='ltr'><strong>καὶ</strong></span> <span class='ocrx_word' id='word_1_143' title='bbox 2905 967 2978 1037; x_wconf 85' lang='grc' dir='ltr'>μὴ</span> <span class='ocrx_word' id='word_1_144' title='bbox 3003 966 3355 1036; x_wconf 85' lang='grc' dir='ltr'>τεθνήξεσθαι</span> <span class='ocrx_word' id='word_1_145' title='bbox 3390 968 3450 1019; x_wconf 86' lang='grc' dir='ltr'><strong>τὸ</strong></span> <span class='ocrx_word' id='word_1_146' title='bbox 3481 970 3657 1038; x_wconf 84' lang='grc' dir='ltr'>παρά-</span> 
     </span>
    </p>
   </div>
   <div class='ocr_carea' id='block_1_22' title="bbox 2088 1058 3659 1129">
    <p class='ocr_par' dir='ltr' id='par_1_22' title="bbox 2088 1058 3659 1129">
     <span class='ocr_line' id='line_1_22' title="bbox 2088 1058 3659 1129; baseline -0.001 -16"><span class='ocrx_word' id='word_1_147' title='bbox 2088 1075 2196 1113; x_wconf 81' lang='grc' dir='ltr'><strong>παν</strong></span> <span class='ocrx_word' id='word_1_148' title='bbox 2237 1059 2342 1112; x_wconf 82' lang='grc' dir='ltr'>ὑπὸ</span> <span class='ocrx_word' id='word_1_149' title='bbox 2379 1058 2476 1127; x_wconf 75' lang='grc' dir='ltr'>τῆς</span> <span class='ocrx_word' id='word_1_150' title='bbox 2514 1059 2826 1129; x_wconf 79' lang='grc' dir='ltr'>ἀρρωστίας</span> <span class='ocrx_word' id='word_1_151' title='bbox 2854 1059 3084 1129; x_wconf 74' lang='grc' dir='ltr'>ἐκείνης,</span> <span class='ocrx_word' id='word_1_152' title='bbox 3108 1059 3242 1124; x_wconf 76' lang='grc' dir='ltr'>ἀλλὰ</span> <span class='ocrx_word' id='word_1_153' title='bbox 3273 1061 3366 1112; x_wconf 74' lang='grc' dir='ltr'><strong>καὶ</strong></span> <span class='ocrx_word' id='word_1_154' title='bbox 3397 1060 3442 1091; x_wconf 78' lang='grc' dir='ltr'><strong>⁸ο</strong></span> <span class='ocrx_word' id='word_1_155' title='bbox 3474 1061 3659 1124; x_wconf 86' lang='grc' dir='ltr'>κακῶς</span> 
     </span>
    </p>
   </div>
   <div class='ocr_carea' id='block_1_23' title="bbox 2088 1148 3657 1222">
    <p class='ocr_par' dir='ltr' id='par_1_23' title="bbox 2088 1148 3657 1222">
     <span class='ocr_line' id='line_1_23' title="bbox 2088 1148 3657 1222; baseline 0.001 -19"><span class='ocrx_word' id='word_1_156' title='bbox 2088 1151 2386 1220; x_wconf 82' lang='grc' dir='ltr'><strong>ἀκηκοέναι</strong></span> <span class='ocrx_word' id='word_1_157' title='bbox 2409 1150 2535 1212; x_wconf 83' lang='grc' dir='ltr'>τοὺς</span> <span class='ocrx_word' id='word_1_158' title='bbox 2559 1149 2864 1216; x_wconf 83' lang='grc' dir='ltr'>ἀγαγόντας</span> <span class='ocrx_word' id='word_1_159' title='bbox 2898 1149 2941 1181; x_wconf 78' lang='grc'><strong>⁸¹</strong></span> <span class='ocrx_word' id='word_1_160' title='bbox 2982 1148 3140 1203; x_wconf 67' lang='grc' dir='ltr'>αὑτὸν</span> <span class='ocrx_word' id='word_1_161' title='bbox 3168 1150 3271 1202; x_wconf 84' lang='grc' dir='ltr'><strong>ὑπὸ</strong></span> <span class='ocrx_word' id='word_1_162' title='bbox 3305 1149 3399 1202; x_wconf 89' lang='grc' dir='ltr'><strong>τοῦ</strong></span> <span class='ocrx_word' id='word_1_163' title='bbox 3445 1152 3657 1222; x_wconf 80' lang='grc' dir='ltr'>κυρίου·</span> 
     </span>
    </p>
   </div>
   <div class='ocr_carea' id='block_1_24' title="bbox 2088 1239 3660 1312">
    <p class='ocr_par' dir='ltr' id='par_1_24' title="bbox 2088 1239 3660 1312">
     <span class='ocr_line' id='line_1_24' title="bbox 2088 1239 3660 1312; baseline 0.002 -18"><span class='ocrx_word' id='word_1_164' title='bbox 2088 1241 2434 1311; x_wconf 76' lang='grc' dir='ltr'>πεμφθέντας</span> <span class='ocrx_word' id='word_1_165' title='bbox 2486 1239 2594 1311; x_wconf 79' lang='grc' dir='ltr'>γὰρ</span> <span class='ocrx_word' id='word_1_166' title='bbox 2645 1241 2737 1292; x_wconf 77' lang='grc' dir='ltr'><strong>ἐπὶ</strong></span> <span class='ocrx_word' id='word_1_167' title='bbox 2788 1241 3078 1304; x_wconf 74' lang='grc' dir='ltr'>Νικανδᾶὶν,</span> <span class='ocrx_word' id='word_1_168' title='bbox 3134 1243 3294 1295; x_wconf 77' lang='grc' dir='ltr'>αὐτὸν</span> <span class='ocrx_word' id='word_1_169' title='bbox 3339 1245 3495 1312; x_wconf 82' lang='grc' dir='ltr'>ἥκειν</span> <span class='ocrx_word' id='word_1_170' title='bbox 3542 1247 3660 1297; x_wconf 82' lang='grc' dir='ltr'>ἀντ’</span> 
     </span>
    </p>
   </div>
   <div class='ocr_carea' id='block_1_25' title="bbox 2087 1329 3656 1405">
    <p class='ocr_par' dir='ltr' id='par_1_25' title="bbox 2087 1329 3656 1405">
     <span class='ocr_line' id='line_1_25' title="bbox 2087 1329 3656 1405; baseline 0.001 -19"><span class='ocrx_word' id='word_1_171' title='bbox 2087 1334 2295 1386; x_wconf 77' lang='grc' dir='ltr'>ἐκείνου</span> <span class='ocrx_word' id='word_1_172' title='bbox 2331 1332 2654 1402; x_wconf 76' lang='grc' dir='ltr'>κομίζοντας</span> <span class='ocrx_word' id='word_1_173' title='bbox 2673 1351 2685 1363; x_wconf 89' lang='grc'><strong>·</strong></span> <span class='ocrx_word' id='word_1_174' title='bbox 2720 1333 2748 1384; x_wconf 91' lang='grc' dir='ltr'><em>ὁ</em></span> <span class='ocrx_word' id='word_1_175' title='bbox 2777 1333 2831 1384; x_wconf 81' lang='grc' dir='ltr'><strong>δὲ</strong></span> <span class='ocrx_word' id='word_1_176' title='bbox 2853 1333 3125 1396; x_wconf 82' lang='grc' dir='ltr'>Νικανδᾶς</span> <span class='ocrx_word' id='word_1_177' title='bbox 3145 1329 3212 1403; x_wconf 81' lang='grc' dir='ltr'>ἦν</span> <span class='ocrx_word' id='word_1_178' title='bbox 3255 1337 3606 1405; x_wconf 83' lang='grc' dir='ltr'>σκυτοτόμος.</span> <span class='ocrx_word' id='word_1_179' title='bbox 3637 1355 3656 1387; x_wconf 75' lang='grc' dir='ltr'><strong>ι</strong></span> 
     </span>
    </p>
   </div>
   <div class='ocr_carea' id='block_1_26' title="bbox 2085 1421 3665 1500">
    <p class='ocr_par' dir='ltr' id='par_1_26' title="bbox 2085 1421 3665 1496">
     <span class='ocr_line' id='line_1_26' title="bbox 2085 1421 3665 1496; baseline 0 -20"><span class='ocrx_word' id='word_1_180' title='bbox 2085 1424 2247 1491; x_wconf 70' lang='grc' dir='ltr'>Λέγει</span> <span class='ocrx_word' id='word_1_181' title='bbox 2297 1423 2353 1475; x_wconf 81' lang='grc' dir='ltr'>δὲ</span> <span class='ocrx_word' id='word_1_182' title='bbox 2402 1422 2493 1474; x_wconf 72' lang='grc' dir='ltr'><strong>καὶ</strong></span> <span class='ocrx_word' id='word_1_183' title='bbox 2543 1423 2618 1484; x_wconf 85' lang='grc' dir='ltr'>ὡς</span> <span class='ocrx_word' id='word_1_184' title='bbox 2662 1421 2755 1473; x_wconf 90' lang='grc' dir='ltr'><strong>τοῦ</strong></span> <span class='ocrx_word' id='word_1_185' title='bbox 2798 1421 3040 1475; x_wconf 83' lang='grc' dir='ltr'>Νικανδᾶ</span> <span class='ocrx_word' id='word_1_186' title='bbox 3070 1423 3494 1494; x_wconf 83' lang='grc' dir='ltr'>τελευτήσαντος</span> <span class='ocrx_word' id='word_1_187' title='bbox 3521 1441 3665 1496; x_wconf 62' lang='grc' dir='ltr'>παρη</span> 
     </span>
    </p>
   </div>
   <div class='ocr_carea' id='block_1_27' title="bbox 2083 1511 2958 1584">
    <p class='ocr_par' dir='ltr' id='par_1_27' title="bbox 2083 1511 2958 1584">
     <span class='ocr_line' id='line_1_27' title="bbox 2083 1511 2958 1584; baseline -0.002 -16"><span class='ocrx_word' id='word_1_188' title='bbox 2083 1516 2281 1568; x_wconf 87' lang='grc' dir='ltr'>αυτίκα</span> <span class='ocrx_word' id='word_1_189' title='bbox 2305 1518 2332 1568; x_wconf 84' lang='grc' dir='ltr'>ὁ</span> <span class='ocrx_word' id='word_1_190' title='bbox 2371 1512 2657 1576; x_wconf 73' lang='grc' dir='ltr'>’Ἄντυλλος</span> <span class='ocrx_word' id='word_1_191' title='bbox 2691 1511 2958 1584; x_wconf 78' lang='grc' dir='ltr'>ἐρρώσθη.</span> 
     </span>
    </p>
   </div>
   <div class='ocr_carea' id='block_1_28' title="bbox 412 1603 3663 1678">
    <p class='ocr_par' dir='ltr' id='par_1_28' title="bbox 412 1603 3663 1678">
     <span class='ocr_line' id='line_1_28' title="bbox 412 1603 3663 1678; baseline 0.001 -19"><span class='ocrx_word' id='word_1_192' title='bbox 412 1606 659 1661; x_wconf 80' lang='lat' dir='ltr'><strong>functum</strong></span> <span class='ocrx_word' id='word_1_193' title='bbox 706 1608 907 1662; x_wconf 87' lang='lat' dir='ltr'><strong>iterum</strong></span> <span class='ocrx_word' id='word_1_194' title='bbox 942 1607 998 1660; x_wconf 91' lang='lat' dir='ltr'><strong>in</strong></span> <span class='ocrx_word' id='word_1_195' title='bbox 1027 1603 1206 1660; x_wconf 57' lang='lat' dir='ltr'><strong>&#39;vitam</strong></span> <span class='ocrx_word' id='word_1_196' title='bbox 1254 1608 1465 1676; x_wconf 80' lang='lat'><strong>1000</strong></span> <span class='ocrx_word' id='word_1_197' title='bbox 1511 1609 1768 1673; x_wconf 89' lang='lat' dir='ltr'><strong>rediisse,</strong></span> <span class='ocrx_word' id='word_1_198' title='bbox 1817 1624 1999 1678; x_wconf 89' lang='lat' dir='ltr'><strong>neque</strong></span> <span class='ocrx_word' id='word_1_199' title='bbox 2051 1624 2278 1678; x_wconf 83' lang='lat' dir='ltr'><strong>prorsus</strong></span> <span class='ocrx_word' id='word_1_200' title='bbox 2329 1622 2396 1660; x_wconf 75' lang='lat' dir='ltr'><strong>ex</strong></span> <span class='ocrx_word' id='word_1_201' title='bbox 2448 1621 2510 1660; x_wconf 88' lang='lat' dir='ltr'><strong>ea</strong></span> <span class='ocrx_word' id='word_1_202' title='bbox 2554 1603 2880 1674; x_wconf 65' lang='lat' dir='ltr'><strong>aegritudine</strong></span> <span class='ocrx_word' id='word_1_203' title='bbox 2930 1605 3256 1659; x_wconf 88' lang='lat' dir='ltr'><strong>moriturum</strong></span> <span class='ocrx_word' id='word_1_204' title='bbox 3291 1624 3303 1659; x_wconf 92' lang='lat'>:</span> <span class='ocrx_word' id='word_1_205' title='bbox 3338 1606 3447 1660; x_wconf 91' lang='lat' dir='ltr'><strong>imo</strong></span> <span class='ocrx_word' id='word_1_206' title='bbox 3497 1607 3663 1662; x_wconf 93' lang='lat' dir='ltr'><strong>mini-</strong></span> 
     </span>
    </p>
   </div>
   <div class='ocr_carea' id='block_1_29' title="bbox 416 1696 3665 1772">
    <p class='ocr_par' dir='ltr' id='par_1_29' title="bbox 416 1696 3665 1772">
     <span class='ocr_line' id='line_1_29' title="bbox 416 1696 3665 1772; baseline 0.001 -21"><span class='ocrx_word' id='word_1_207' title='bbox 416 1705 580 1758; x_wconf 87' lang='lat' dir='ltr'><strong>stros,</strong></span> <span class='ocrx_word' id='word_1_208' title='bbox 607 1696 700 1765; x_wconf 87' lang='lat' dir='ltr'><strong>qui</strong></span> <span class='ocrx_word' id='word_1_209' title='bbox 728 1698 904 1767; x_wconf 91' lang='lat' dir='ltr'><strong>ipsum</strong></span> <span class='ocrx_word' id='word_1_210' title='bbox 931 1698 997 1751; x_wconf 88' lang='lat' dir='ltr'><strong>ad</strong></span> <span class='ocrx_word' id='word_1_211' title='bbox 1032 1698 1237 1752; x_wconf 81' lang='lat' dir='ltr'><strong>inferos</strong></span> <span class='ocrx_word' id='word_1_212' title='bbox 1261 1699 1627 1766; x_wconf 82' lang='lat' dir='ltr'><strong>deduxerant,</strong></span> <span class='ocrx_word' id='word_1_213' title='bbox 1661 1702 1730 1756; x_wconf 91' lang='lat' dir='ltr'><strong>ab</strong></span> <span class='ocrx_word' id='word_1_214' title='bbox 1761 1702 2005 1771; x_wconf 89' lang='lat' dir='ltr'><strong>ipsorum</strong></span> <span class='ocrx_word' id='word_1_215' title='bbox 2035 1700 2265 1772; x_wconf 62' lang='lat' dir='ltr'><strong>praeside</strong></span> <span class='ocrx_word' id='word_1_216' title='bbox 2291 1699 2588 1768; x_wconf 88' lang='lat' dir='ltr'><strong>increpitos</strong></span> <span class='ocrx_word' id='word_1_217' title='bbox 2613 1698 2780 1754; x_wconf 87' lang='lat' dir='ltr'><strong>fuisse</strong></span> <span class='ocrx_word' id='word_1_218' title='bbox 2808 1701 3010 1764; x_wconf 84' lang='lat' dir='ltr'><strong>aiebat,</strong></span> <span class='ocrx_word' id='word_1_219' title='bbox 3046 1702 3140 1771; x_wconf 88' lang='lat' dir='ltr'><strong>qui</strong></span> <span class='ocrx_word' id='word_1_220' title='bbox 3172 1719 3271 1771; x_wconf 90' lang='lat' dir='ltr'><strong>pro</strong></span> <span class='ocrx_word' id='word_1_221' title='bbox 3299 1701 3564 1764; x_wconf 87' lang='lat' dir='ltr'><strong>Nicanda,</strong></span> <span class='ocrx_word' id='word_1_222' title='bbox 3595 1700 3665 1753; x_wconf 90' lang='lat' dir='ltr'><strong>ad</strong></span> 
     </span>
    </p>
   </div>
   <div class='ocr_carea' id='block_1_30' title="bbox 414 1779 3667 1860">
    <p class='ocr_par' dir='ltr' id='par_1_30' title="bbox 414 1779 3667 1860">
     <span class='ocr_line' id='line_1_30' title="bbox 414 1779 3667 1860; baseline 0.002 -24"><span class='ocrx_word' id='word_1_223' title='bbox 414 1797 575 1851; x_wconf 86' lang='lat' dir='ltr'><strong>quem</strong></span> <span class='ocrx_word' id='word_1_224' title='bbox 607 1784 990 1842; x_wconf 82' lang='lat' dir='ltr'><strong>deducendum</strong></span> <span class='ocrx_word' id='word_1_225' title='bbox 1038 1787 1190 1842; x_wconf 88' lang='lat' dir='ltr'><strong>missi</strong></span> <span class='ocrx_word' id='word_1_226' title='bbox 1237 1788 1477 1855; x_wconf 82' lang='lat' dir='ltr'><strong>fuerant,</strong></span> <span class='ocrx_word' id='word_1_227' title='bbox 1522 1792 1698 1860; x_wconf 91' lang='lat' dir='ltr'><strong>ipsum</strong></span> <span class='ocrx_word' id='word_1_228' title='bbox 1747 1779 2124 1847; x_wconf 77' lang='lat' dir='ltr'><strong>adduxissent.</strong></span> <span class='ocrx_word' id='word_1_229' title='bbox 2168 1793 2301 1846; x_wconf 88' lang='lat' dir='ltr'><strong>Erat</strong></span> <span class='ocrx_word' id='word_1_230' title='bbox 2345 1805 2510 1860; x_wconf 90' lang='lat' dir='ltr'><strong>porro</strong></span> <span class='ocrx_word' id='word_1_231' title='bbox 2559 1788 2828 1844; x_wconf 84' lang='lat' dir='ltr'><strong>Nicandas</strong></span> <span class='ocrx_word' id='word_1_232' title='bbox 2867 1801 3022 1845; x_wconf 87' lang='lat' dir='ltr'><strong>sutor</strong></span> <span class='ocrx_word' id='word_1_233' title='bbox 3061 1792 3352 1846; x_wconf 89' lang='lat' dir='ltr'><strong>coriarius.</strong></span> <span class='ocrx_word' id='word_1_234' title='bbox 3387 1811 3406 1843; x_wconf 76' lang='grc' dir='ltr'><strong>ι</strong></span> <span class='ocrx_word' id='word_1_235' title='bbox 3467 1791 3667 1845; x_wconf 86' lang='lat' dir='ltr'><strong>Narrat</strong></span> 
     </span>
    </p>
   </div>
   <div class='ocr_carea' id='block_1_31' title="bbox 415 1881 2611 1956">
    <p class='ocr_par' dir='ltr' id='par_1_31' title="bbox 415 1881 2611 1956">
     <span class='ocr_line' id='line_1_31' title="bbox 415 1881 2611 1956; baseline 0.003 -27"><span class='ocrx_word' id='word_1_236' title='bbox 415 1886 596 1931; x_wconf 89' lang='lat' dir='ltr'><strong>autem</strong></span> <span class='ocrx_word' id='word_1_237' title='bbox 639 1888 926 1947; x_wconf 68' lang='lat' dir='ltr'><strong>praeterea,</strong></span> <span class='ocrx_word' id='word_1_238' title='bbox 963 1895 1087 1934; x_wconf 89' lang='lat' dir='ltr'><strong>cum</strong></span> <span class='ocrx_word' id='word_1_239' title='bbox 1130 1881 1406 1936; x_wconf 89' lang='lat' dir='ltr'><strong>Nicandas</strong></span> <span class='ocrx_word' id='word_1_240' title='bbox 1429 1883 1752 1949; x_wconf 90' lang='lat' dir='ltr'><strong>interiisset,</strong></span> <span class='ocrx_word' id='word_1_241' title='bbox 1782 1885 2060 1956; x_wconf 79' lang='lat' dir='ltr'><strong>Antyllum</strong></span> <span class='ocrx_word' id='word_1_242' title='bbox 2091 1899 2214 1938; x_wconf 78' lang='lat' dir='ltr'><strong>mox</strong></span> <span class='ocrx_word' id='word_1_243' title='bbox 2245 1883 2611 1937; x_wconf 83' lang='lat' dir='ltr'><strong>convaluisse.</strong></span> 
     </span>
    </p>
   </div>
   <div class='ocr_carea' id='block_1_32' title="bbox 482 1968 2058 2045">
    <p class='ocr_par' dir='ltr' id='par_1_32' title="bbox 482 1968 2058 2045">
     <span class='ocr_line' id='line_1_32' title="bbox 482 1968 2058 2045; baseline 0.006 -24"><span class='ocrx_word' id='word_1_244' title='bbox 482 1968 674 2033; x_wconf 86' lang='lat' dir='ltr'><strong>Qualia</strong></span> <span class='ocrx_word' id='word_1_245' title='bbox 701 1968 812 2024; x_wconf 91' lang='lat' dir='ltr'><strong>sint</strong></span> <span class='ocrx_word' id='word_1_246' title='bbox 836 1970 1003 2040; x_wconf 80' lang='lat' dir='ltr'><strong>igitur</strong></span> <span class='ocrx_word' id='word_1_247' title='bbox 1025 1972 1477 2042; x_wconf 89' lang='lat' dir='ltr'><strong>philosophorum</strong></span> <span class='ocrx_word' id='word_1_248' title='bbox 1504 1974 1779 2045; x_wconf 81' lang='lat' dir='ltr'><strong>dogmata,</strong></span> <span class='ocrx_word' id='word_1_249' title='bbox 1811 1986 1984 2045; x_wconf 88' lang='lat' dir='ltr'><strong>utque</strong></span> <span class='ocrx_word' id='word_1_250' title='bbox 2019 1981 2058 2038; x_wconf 83' lang='grc' dir='ltr'><strong>Β</strong></span> 
     </span>
    </p>
   </div>
   <div class='ocr_carea' id='block_1_33' title="bbox 414 2057 1982 2131">
    <p class='ocr_par' dir='ltr' id='par_1_33' title="bbox 414 2057 1982 2131">
     <span class='ocr_line' id='line_1_33' title="bbox 414 2057 1982 2131; baseline 0.005 -20"><span class='ocrx_word' id='word_1_251' title='bbox 414 2057 657 2128; x_wconf 90' lang='lat' dir='ltr'><strong>ipsorum</strong></span> <span class='ocrx_word' id='word_1_252' title='bbox 695 2061 787 2114; x_wconf 89' lang='lat' dir='ltr'><strong>alii</strong></span> <span class='ocrx_word' id='word_1_253' title='bbox 833 2062 1055 2131; x_wconf 87' lang='lat' dir='ltr'><strong>quidem</strong></span> <span class='ocrx_word' id='word_1_254' title='bbox 1096 2073 1290 2118; x_wconf 88' lang='lat' dir='ltr'><strong>ventre</strong></span> <span class='ocrx_word' id='word_1_255' title='bbox 1330 2065 1627 2119; x_wconf 78' lang='lat' dir='ltr'><strong>humanam</strong></span> <span class='ocrx_word' id='word_1_256' title='bbox 1665 2066 1982 2120; x_wconf 81' lang='lat' dir='ltr'><strong>felicitatem</strong></span> 
     </span>
    </p>
   </div>
   <div class='ocr_carea' id='block_1_34' title="bbox 414 2151 1982 2226">
    <p class='ocr_par' dir='ltr' id='par_1_34' title="bbox 414 2151 1982 2226">
     <span class='ocr_line' id='line_1_34' title="bbox 414 2151 1982 2226; baseline 0.005 -22"><span class='ocrx_word' id='word_1_257' title='bbox 414 2151 588 2206; x_wconf 88' lang='lat' dir='ltr'><strong>mensi</strong></span> <span class='ocrx_word' id='word_1_258' title='bbox 622 2153 749 2217; x_wconf 90' lang='lat' dir='ltr'><strong>sint,</strong></span> <span class='ocrx_word' id='word_1_259' title='bbox 769 2154 857 2207; x_wconf 86' lang='lat' dir='ltr'><strong>alii</strong></span> <span class='ocrx_word' id='word_1_260' title='bbox 882 2155 1180 2224; x_wconf 82' lang='lat' dir='ltr'><strong>perfectius</strong></span> <span class='ocrx_word' id='word_1_261' title='bbox 1193 2157 1453 2226; x_wconf 90' lang='lat' dir='ltr'><strong>quiddam</strong></span> <span class='ocrx_word' id='word_1_262' title='bbox 1477 2158 1543 2212; x_wconf 92' lang='lat' dir='ltr'><strong>de</strong></span> <span class='ocrx_word' id='word_1_263' title='bbox 1563 2174 1628 2212; x_wconf 89' lang='lat' dir='ltr'><strong>ea</strong></span> <span class='ocrx_word' id='word_1_264' title='bbox 1649 2160 1759 2214; x_wconf 89' lang='lat' dir='ltr'><strong>sint</strong></span> <span class='ocrx_word' id='word_1_265' title='bbox 1779 2160 1945 2214; x_wconf 90' lang='lat' dir='ltr'><strong>loculi</strong></span> <span class='ocrx_word' id='word_1_266' title='bbox 1969 2178 1982 2212; x_wconf 75' lang='grc' dir='ltr'><strong>ε</strong></span> 
     </span>
    </p>
   </div>
   <div class='ocr_carea' id='block_1_35' title="bbox 417 2244 1984 2318">
    <p class='ocr_par' dir='ltr' id='par_1_35' title="bbox 417 2244 1984 2318">
     <span class='ocr_line' id='line_1_35' title="bbox 417 2244 1984 2318; baseline 0.006 -21"><span class='ocrx_word' id='word_1_267' title='bbox 417 2253 582 2313; x_wconf 89' lang='lat' dir='ltr'><strong>utque</strong></span> <span class='ocrx_word' id='word_1_268' title='bbox 611 2244 703 2298; x_wconf 91' lang='lat' dir='ltr'><strong>alii</strong></span> <span class='ocrx_word' id='word_1_269' title='bbox 737 2246 1033 2301; x_wconf 89' lang='lat' dir='ltr'><strong>humanam</strong></span> <span class='ocrx_word' id='word_1_270' title='bbox 1065 2249 1234 2302; x_wconf 86' lang='lat' dir='ltr'><strong>vitam</strong></span> <span class='ocrx_word' id='word_1_271' title='bbox 1261 2250 1639 2318; x_wconf 78' lang='lat' dir='ltr'><strong>scpulcrorum</strong></span> <span class='ocrx_word' id='word_1_272' title='bbox 1673 2260 1832 2306; x_wconf 88' lang='lat' dir='ltr'><strong>tenus</strong></span> <span class='ocrx_word' id='word_1_273' title='bbox 1863 2268 1984 2306; x_wconf 86' lang='lat' dir='ltr'><strong>esse</strong></span> 
     </span>
    </p>
   </div>
   <div class='ocr_carea' id='block_1_36' title="bbox 414 2336 1986 2413">
    <p class='ocr_par' dir='ltr' id='par_1_36' title="bbox 414 2336 1986 2413">
     <span class='ocr_line' id='line_1_36' title="bbox 414 2336 1986 2413; baseline 0.004 -24"><span class='ocrx_word' id='word_1_274' title='bbox 414 2336 769 2400; x_wconf 89' lang='lat' dir='ltr'><strong>censuerint,</strong></span> <span class='ocrx_word' id='word_1_275' title='bbox 815 2338 907 2391; x_wconf 79' lang='lat' dir='ltr'><strong>alii</strong></span> <span class='ocrx_word' id='word_1_276' title='bbox 936 2354 1124 2393; x_wconf 89' lang='lat' dir='ltr'><strong>rerum</strong></span> <span class='ocrx_word' id='word_1_277' title='bbox 1174 2340 1229 2393; x_wconf 92' lang='lat' dir='ltr'><strong>in</strong></span> <span class='ocrx_word' id='word_1_278' title='bbox 1270 2342 1380 2396; x_wconf 85' lang='lat' dir='ltr'><strong>vita</strong></span> <span class='ocrx_word' id='word_1_279' title='bbox 1420 2352 1696 2413; x_wconf 87' lang='lat' dir='ltr'><strong>gestarum</strong></span> <span class='ocrx_word' id='word_1_280' title='bbox 1743 2345 1986 2398; x_wconf 88' lang='lat' dir='ltr'><strong>retribu-</strong></span> 
     </span>
    </p>
   </div>
   <div class='ocr_carea' id='block_1_37' title="bbox 416 2428 1991 2504">
    <p class='ocr_par' dir='ltr' id='par_1_37' title="bbox 416 2428 1991 2504">
     <span class='ocr_line' id='line_1_37' title="bbox 416 2428 1991 2504; baseline 0.005 -24"><span class='ocrx_word' id='word_1_281' title='bbox 416 2428 596 2482; x_wconf 88' lang='lat' dir='ltr'><strong>tiones</strong></span> <span class='ocrx_word' id='word_1_282' title='bbox 617 2429 961 2494; x_wconf 88' lang='lat' dir='ltr'><strong>somniarint,</strong></span> <span class='ocrx_word' id='word_1_283' title='bbox 980 2442 1036 2486; x_wconf 93' lang='lat' dir='ltr'><strong>et</strong></span> <span class='ocrx_word' id='word_1_284' title='bbox 1055 2432 1364 2497; x_wconf 88' lang='lat' dir='ltr'><strong>horribilia,</strong></span> <span class='ocrx_word' id='word_1_285' title='bbox 1383 2444 1646 2504; x_wconf 89' lang='lat' dir='ltr'><strong>quantum</strong></span> <span class='ocrx_word' id='word_1_286' title='bbox 1664 2439 1884 2489; x_wconf 82' lang='lat' dir='ltr'><strong>valuere</strong></span> <span class='ocrx_word' id='word_1_287' title='bbox 1907 2435 1991 2488; x_wconf 79' lang='lat' dir='ltr'><strong>di-</strong></span> 
     </span>
    </p>
   </div>
   <div class='ocr_carea' id='block_1_38' title="bbox 415 2519 1988 2595">
    <p class='ocr_par' dir='ltr' id='par_1_38' title="bbox 415 2519 1988 2595">
     <span class='ocr_line' id='line_1_38' title="bbox 415 2519 1988 2595; baseline 0.004 -24"><span class='ocrx_word' id='word_1_288' title='bbox 415 2519 609 2582; x_wconf 89' lang='lat' dir='ltr'><strong>cendo,</strong></span> <span class='ocrx_word' id='word_1_289' title='bbox 626 2520 1019 2588; x_wconf 89' lang='lat' dir='ltr'><strong>suppliciorum</strong></span> <span class='ocrx_word' id='word_1_290' title='bbox 1039 2523 1157 2577; x_wconf 89' lang='lat' dir='ltr'><strong>loca</strong></span> <span class='ocrx_word' id='word_1_291' title='bbox 1181 2523 1539 2595; x_wconf 83' lang='lat' dir='ltr'><strong>designarint,</strong></span> <span class='ocrx_word' id='word_1_292' title='bbox 1556 2542 1623 2579; x_wconf 89' lang='lat' dir='ltr'><strong>ne</strong></span> <span class='ocrx_word' id='word_1_293' title='bbox 1641 2526 1753 2580; x_wconf 82' lang='lat' dir='ltr'><strong>haec</strong></span> <span class='ocrx_word' id='word_1_294' title='bbox 1768 2526 1988 2595; x_wconf 83' lang='lat' dir='ltr'><strong>quidem</strong></span> 
     </span>
    </p>
   </div>
   <div class='ocr_carea' id='block_1_39' title="bbox 414 2608 1989 2686">
    <p class='ocr_par' dir='ltr' id='par_1_39' title="bbox 414 2608 1989 2686">
     <span class='ocr_line' id='line_1_39' title="bbox 414 2608 1989 2686; baseline 0.004 -24"><span class='ocrx_word' id='word_1_295' title='bbox 414 2608 614 2664; x_wconf 76' lang='lat' dir='ltr'><strong>fabulis</strong></span> <span class='ocrx_word' id='word_1_296' title='bbox 634 2611 808 2666; x_wconf 89' lang='lat' dir='ltr'><strong>libera</strong></span> <span class='ocrx_word' id='word_1_297' title='bbox 830 2613 1228 2682; x_wconf 89' lang='lat' dir='ltr'><strong>relinquentes,</strong></span> <span class='ocrx_word' id='word_1_298' title='bbox 1247 2631 1315 2669; x_wconf 82' lang='lat' dir='ltr'><strong>ex</strong></span> <span class='ocrx_word' id='word_1_299' title='bbox 1339 2617 1406 2670; x_wconf 87' lang='lat' dir='ltr'><strong>iis</strong></span> <span class='ocrx_word' id='word_1_300' title='bbox 1426 2632 1548 2686; x_wconf 71' lang='lat' dir='ltr'><strong>quae</strong></span> <span class='ocrx_word' id='word_1_301' title='bbox 1565 2617 1822 2686; x_wconf 90' lang='lat' dir='ltr'><strong>superius</strong></span> <span class='ocrx_word' id='word_1_302' title='bbox 1846 2617 1989 2672; x_wconf 85' lang='lat' dir='ltr'><strong>dixi-</strong></span> 
     </span>
    </p>
   </div>
   <div class='ocr_carea' id='block_1_40' title="bbox 416 2700 1992 2772">
    <p class='ocr_par' dir='ltr' id='par_1_40' title="bbox 416 2700 1992 2772">
     <span class='ocr_line' id='line_1_40' title="bbox 416 2700 1992 2772; baseline 0.002 -21"><span class='ocrx_word' id='word_1_303' title='bbox 416 2713 535 2752; x_wconf 91' lang='lat' dir='ltr'><strong>mus</strong></span> <span class='ocrx_word' id='word_1_304' title='bbox 559 2700 904 2769; x_wconf 90' lang='lat' dir='ltr'><strong>percepistis.</strong></span> <span class='ocrx_word' id='word_1_305' title='bbox 926 2701 1288 2772; x_wconf 85' lang='lat' dir='ltr'><strong>Tempusjam</strong></span> <span class='ocrx_word' id='word_1_306' title='bbox 1306 2711 1410 2767; x_wconf 87' lang='lat' dir='ltr'><strong>est,</strong></span> <span class='ocrx_word' id='word_1_307' title='bbox 1426 2711 1485 2756; x_wconf 92' lang='lat' dir='ltr'><strong>ut</strong></span> <span class='ocrx_word' id='word_1_308' title='bbox 1507 2704 1618 2757; x_wconf 90' lang='lat' dir='ltr'><strong>Deo</strong></span> <span class='ocrx_word' id='word_1_309' title='bbox 1636 2702 1992 2772; x_wconf 82' lang='lat' dir='ltr'><strong>congruentia</strong></span> 
     </span>
    </p>
   </div>
   <div class='ocr_carea' id='block_1_41' title="bbox 415 2785 1990 2860">
    <p class='ocr_par' dir='ltr' id='par_1_41' title="bbox 415 2785 1990 2860">
     <span class='ocr_line' id='line_1_41' title="bbox 415 2785 1990 2860; baseline 0.004 -24"><span class='ocrx_word' id='word_1_310' title='bbox 415 2797 697 2838; x_wconf 85' lang='lat' dir='ltr'><strong>sacrorum</strong></span> <span class='ocrx_word' id='word_1_311' title='bbox 744 2785 1164 2857; x_wconf 86' lang='lat' dir='ltr'><strong>Evangeliorum</strong></span> <span class='ocrx_word' id='word_1_312' title='bbox 1214 2790 1466 2859; x_wconf 84' lang='lat' dir='ltr'><strong>dogmata</strong></span> <span class='ocrx_word' id='word_1_313' title='bbox 1520 2789 1990 2860; x_wconf 73' lang='lat' dir='ltr'><strong>contemplamini.</strong></span> 
     </span>
    </p>
   </div>
   <div class='ocr_carea' id='block_1_42' title="bbox 415 2868 1988 2944">
    <p class='ocr_par' dir='ltr' id='par_1_42' title="bbox 415 2868 1988 2944">
     <span class='ocr_line' id='line_1_42' title="bbox 415 2868 1988 2944; baseline 0.005 -20"><span class='ocrx_word' id='word_1_314' title='bbox 415 2868 636 2926; x_wconf 85' lang='lat' dir='ltr'><strong>Initium</strong></span> <span class='ocrx_word' id='word_1_315' title='bbox 667 2891 795 2944; x_wconf 89' lang='lat' dir='ltr'><strong>ergo</strong></span> <span class='ocrx_word' id='word_1_316' title='bbox 825 2875 1096 2931; x_wconf 84' lang='lat' dir='ltr'><strong>bonorum</strong></span> <span class='ocrx_word' id='word_1_317' title='bbox 1129 2894 1249 2932; x_wconf 85' lang='lat' dir='ltr'><strong>esse</strong></span> <span class='ocrx_word' id='word_1_318' title='bbox 1279 2879 1434 2932; x_wconf 90' lang='lat' dir='ltr'><strong>aiunt</strong></span> <span class='ocrx_word' id='word_1_319' title='bbox 1463 2878 1792 2932; x_wconf 87' lang='lat' dir='ltr'><strong>laudabilem</strong></span> <span class='ocrx_word' id='word_1_320' title='bbox 1826 2879 1988 2933; x_wconf 43' lang='lat' dir='ltr'><strong>timor</strong></span> 
     </span>
    </p>
   </div>
   <div class='ocr_carea' id='block_1_43' title="bbox 419 2964 1988 3036">
    <p class='ocr_par' dir='ltr' id='par_1_43' title="bbox 419 2964 1988 3036">
     <span class='ocr_line' id='line_1_43' title="bbox 419 2964 1988 3036; baseline 0.005 -24"><span class='ocrx_word' id='word_1_321' title='bbox 419 2975 533 3015; x_wconf 90' lang='lat' dir='ltr'><strong>rem</strong></span> <span class='ocrx_word' id='word_1_322' title='bbox 554 2964 650 3016; x_wconf 87' lang='lat' dir='ltr'><strong>Dei</strong></span> <span class='ocrx_word' id='word_1_323' title='bbox 675 2980 687 3015; x_wconf 85' lang='lat'>:</span> <span class='ocrx_word' id='word_1_324' title='bbox 726 2984 742 3013; x_wconf 78' lang='grc' dir='ltr'><strong>ι</strong></span> <span class='ocrx_word' id='word_1_325' title='bbox 769 2964 988 3019; x_wconf 86' lang='lat' dir='ltr'><strong>Initium</strong></span> <span class='ocrx_word' id='word_1_326' title='bbox 1017 2968 1163 3020; x_wconf 91' lang='lat' dir='ltr'><strong>enim</strong></span> <span class='ocrx_word' id='word_1_327' title='bbox 1197 2969 1479 3036; x_wconf 74' lang='lat' dir='ltr'><strong>sapientiae</strong></span> <span class='ocrx_word' id='word_1_328' title='bbox 1509 2970 1672 3024; x_wconf 90' lang='lat' dir='ltr'><strong>timor</strong></span> <span class='ocrx_word' id='word_1_329' title='bbox 1704 2969 1944 3036; x_wconf 84' lang='lat' dir='ltr'><strong>Domini,</strong></span> <span class='ocrx_word' id='word_1_330' title='bbox 1971 2989 1988 3020; x_wconf 77' lang='lat' dir='ltr'><strong>I</strong></span> 
     </span>
    </p>
   </div>
   <div class='ocr_carea' id='block_1_44' title="bbox 418 3050 1994 3126">
    <p class='ocr_par' dir='ltr' id='par_1_44' title="bbox 418 3050 1994 3126">
     <span class='ocr_line' id='line_1_44' title="bbox 418 3050 1994 3126; baseline 0.006 -22"><span class='ocrx_word' id='word_1_331' title='bbox 418 3059 480 3104; x_wconf 92' lang='lat' dir='ltr'><strong>ut</strong></span> <span class='ocrx_word' id='word_1_332' title='bbox 527 3050 784 3106; x_wconf 89' lang='lat' dir='ltr'><strong>Salomon</strong></span> <span class='ocrx_word' id='word_1_333' title='bbox 828 3062 883 3107; x_wconf 90' lang='lat' dir='ltr'><strong>et</strong></span> <span class='ocrx_word' id='word_1_334' title='bbox 927 3056 1044 3124; x_wconf 85' lang='lat' dir='ltr'><strong>ejus</strong></span> <span class='ocrx_word' id='word_1_335' title='bbox 1091 3067 1248 3126; x_wconf 92' lang='lat' dir='ltr'><strong>pater</strong></span> <span class='ocrx_word' id='word_1_336' title='bbox 1287 3058 1515 3123; x_wconf 87' lang='lat' dir='ltr'><strong>docent;</strong></span> <span class='ocrx_word' id='word_1_337' title='bbox 1560 3057 1587 3096; x_wconf 69' lang='grc' dir='ltr'>ιι</span> <span class='ocrx_word' id='word_1_338' title='bbox 1622 3059 1784 3115; x_wconf 81' lang='lat' dir='ltr'><strong>ﬁnem</strong></span> <span class='ocrx_word' id='word_1_339' title='bbox 1831 3076 1994 3124; x_wconf 83' lang='lat' dir='ltr'><strong>vero,</strong></span> 
     </span>
    </p>
   </div>
   <div class='ocr_carea' id='block_1_45' title="bbox 419 3140 1994 3222">
    <p class='ocr_par' dir='ltr' id='par_1_45' title="bbox 419 3140 1994 3222">
     <span class='ocr_line' id='line_1_45' title="bbox 419 3140 1994 3222; baseline 0.008 -29"><span class='ocrx_word' id='word_1_340' title='bbox 419 3140 587 3194; x_wconf 84' lang='lat' dir='ltr'><strong>vitam</strong></span> <span class='ocrx_word' id='word_1_341' title='bbox 609 3142 812 3198; x_wconf 88' lang='lat' dir='ltr'><strong>divinis</strong></span> <span class='ocrx_word' id='word_1_342' title='bbox 831 3144 1042 3216; x_wconf 79' lang='lat' dir='ltr'><strong>legibus</strong></span> <span class='ocrx_word' id='word_1_343' title='bbox 1061 3150 1364 3202; x_wconf 75' lang='lat' dir='ltr'><strong>excultam:</strong></span> <span class='ocrx_word' id='word_1_344' title='bbox 1399 3169 1415 3200; x_wconf 86' lang='grc'><em>‹</em></span> <span class='ocrx_word' id='word_1_345' title='bbox 1441 3151 1590 3204; x_wconf 89' lang='lat' dir='ltr'><strong>Beati</strong></span> <span class='ocrx_word' id='word_1_346' title='bbox 1614 3153 1781 3214; x_wconf 88' lang='lat' dir='ltr'><strong>enim,</strong></span> <span class='ocrx_word' id='word_1_347' title='bbox 1798 3151 1994 3222; x_wconf 87' lang='lat' dir='ltr'><strong>inquit,</strong></span> 
     </span>
    </p>
   </div>
   <div class='ocr_carea' id='block_1_46' title="bbox 419 3229 1997 3310">
    <p class='ocr_par' dir='ltr' id='par_1_46' title="bbox 419 3229 1997 3310">
     <span class='ocr_line' id='line_1_46' title="bbox 419 3229 1997 3310; baseline 0.009 -28"><span class='ocrx_word' id='word_1_348' title='bbox 419 3229 752 3286; x_wconf 88' lang='lat' dir='ltr'><strong>immaculati</strong></span> <span class='ocrx_word' id='word_1_349' title='bbox 773 3233 826 3286; x_wconf 91' lang='lat' dir='ltr'><strong>in</strong></span> <span class='ocrx_word' id='word_1_350' title='bbox 851 3235 1064 3304; x_wconf 73' lang='lat' dir='ltr'><strong>via,qui</strong></span> <span class='ocrx_word' id='word_1_351' title='bbox 1083 3238 1364 3294; x_wconf 88' lang='lat' dir='ltr'><strong>ambulant</strong></span> <span class='ocrx_word' id='word_1_352' title='bbox 1387 3240 1437 3295; x_wconf 88' lang='lat' dir='ltr'><strong>in</strong></span> <span class='ocrx_word' id='word_1_353' title='bbox 1460 3241 1575 3310; x_wconf 85' lang='lat' dir='ltr'><strong>lege</strong></span> <span class='ocrx_word' id='word_1_354' title='bbox 1588 3241 1820 3296; x_wconf 90' lang='lat' dir='ltr'><strong>Domini.</strong></span> <span class='ocrx_word' id='word_1_355' title='bbox 1846 3242 1997 3296; x_wconf 88' lang='lat' dir='ltr'><strong>Beati</strong></span> 
     </span>
    </p>
   </div>
   <div class='ocr_carea' id='block_1_47' title="bbox 2168 1971 3669 2044">
    <p class='ocr_par' dir='ltr' id='par_1_47' title="bbox 2168 1971 3669 2044">
     <span class='ocr_line' id='line_1_47' title="bbox 2168 1971 3669 2044; baseline 0 -17"><span class='ocrx_word' id='word_1_356' title='bbox 2168 1976 2356 2028; x_wconf 79' lang='grc' dir='ltr'><strong>Ὀποῖα</strong></span> <span class='ocrx_word' id='word_1_357' title='bbox 2415 1974 2513 2044; x_wconf 78' lang='grc' dir='ltr'><strong>μὲν</strong></span> <span class='ocrx_word' id='word_1_358' title='bbox 2556 1971 2648 2027; x_wconf 80' lang='grc' dir='ltr'>οὖν</span> <span class='ocrx_word' id='word_1_359' title='bbox 2679 1973 2788 2028; x_wconf 84' lang='grc' dir='ltr'><strong>τῶν</strong></span> <span class='ocrx_word' id='word_1_360' title='bbox 2822 1973 3126 2042; x_wconf 77' lang='grc' dir='ltr'>φιλοσόφων</span> <span class='ocrx_word' id='word_1_361' title='bbox 3175 1973 3242 2027; x_wconf 80' lang='grc' dir='ltr'>τὰ</span> <span class='ocrx_word' id='word_1_362' title='bbox 3267 1974 3537 2042; x_wconf 71' lang='grc' dir='ltr'>δόγματα,</span> <span class='ocrx_word' id='word_1_363' title='bbox 3573 1977 3669 2027; x_wconf 69' lang='grc' dir='ltr'><strong>καὶ</strong></span> 
     </span>
    </p>
   </div>
   <div class='ocr_carea' id='block_1_48' title="bbox 2090 2064 3670 2134">
    <p class='ocr_par' dir='ltr' id='par_1_48' title="bbox 2090 2064 3670 2134">
     <span class='ocr_line' id='line_1_48' title="bbox 2090 2064 3670 2134; baseline -0.001 -18"><span class='ocrx_word' id='word_1_364' title='bbox 2090 2065 2164 2127; x_wconf 82' lang='grc' dir='ltr'>ὡς</span> <span class='ocrx_word' id='word_1_365' title='bbox 2197 2066 2245 2117; x_wconf 91' lang='grc' dir='ltr'><strong>οί</strong></span> <span class='ocrx_word' id='word_1_366' title='bbox 2277 2066 2374 2133; x_wconf 79' lang='grc' dir='ltr'><strong>μὲν</strong></span> <span class='ocrx_word' id='word_1_367' title='bbox 2404 2064 2582 2116; x_wconf 75' lang='grc' dir='ltr'>αὐτῶν</span> <span class='ocrx_word' id='word_1_368' title='bbox 2616 2066 2681 2133; x_wconf 82' lang='grc' dir='ltr'>τῇ</span> <span class='ocrx_word' id='word_1_369' title='bbox 2717 2067 2914 2134; x_wconf 75' lang='grc' dir='ltr'>γαστρὶ</span> <span class='ocrx_word' id='word_1_370' title='bbox 2937 2065 3032 2132; x_wconf 74' lang='grc' dir='ltr'>τὴν</span> <span class='ocrx_word' id='word_1_371' title='bbox 3063 2064 3404 2133; x_wconf 83' lang='grc' dir='ltr'>εὐδαιμονίαν</span> <span class='ocrx_word' id='word_1_372' title='bbox 3436 2065 3670 2134; x_wconf 78' lang='grc' dir='ltr'>ἐμέτρη-</span> 
     </span>
    </p>
   </div>
   <div class='ocr_carea' id='block_1_49' title="bbox 2095 2151 3670 2223">
    <p class='ocr_par' dir='ltr' id='par_1_49' title="bbox 2095 2151 3670 2223">
     <span class='ocr_line' id='line_1_49' title="bbox 2095 2151 3670 2223; baseline -0.002 -16"><span class='ocrx_word' id='word_1_373' title='bbox 2095 2171 2212 2216; x_wconf 91' lang='grc' dir='ltr'>σαν,</span> <span class='ocrx_word' id='word_1_374' title='bbox 2244 2155 2292 2206; x_wconf 79' lang='grc' dir='ltr'>οἱ</span> <span class='ocrx_word' id='word_1_375' title='bbox 2321 2153 2376 2205; x_wconf 80' lang='grc' dir='ltr'>δὲ</span> <span class='ocrx_word' id='word_1_376' title='bbox 2410 2154 2501 2205; x_wconf 77' lang='grc' dir='ltr'><strong>καὶ</strong></span> <span class='ocrx_word' id='word_1_377' title='bbox 2532 2153 2874 2223; x_wconf 79' lang='grc' dir='ltr'>τελειοτὲρων</span> <span class='ocrx_word' id='word_1_378' title='bbox 2896 2151 3100 2220; x_wconf 69' lang='grc' dir='ltr'>ἥψαντο</span> <span class='ocrx_word' id='word_1_379' title='bbox 3131 2153 3327 2219; x_wconf 85' lang='grc' dir='ltr'>λόγων,</span> <span class='ocrx_word' id='word_1_380' title='bbox 3358 2153 3450 2205; x_wconf 74' lang='grc' dir='ltr'><strong>καὶ</strong></span> <span class='ocrx_word' id='word_1_381' title='bbox 3487 2155 3534 2204; x_wconf 91' lang='grc' dir='ltr'>οἱ</span> <span class='ocrx_word' id='word_1_382' title='bbox 3569 2154 3670 2222; x_wconf 77' lang='grc' dir='ltr'><strong>μὲν</strong></span> 
     </span>
    </p>
   </div>
   <div class='ocr_carea' id='block_1_50' title="bbox 2098 2237 3670 2313">
    <p class='ocr_par' dir='ltr' id='par_1_50' title="bbox 2098 2237 3670 2313">
     <span class='ocr_line' id='line_1_50' title="bbox 2098 2237 3670 2313; baseline 0 -19"><span class='ocrx_word' id='word_1_383' title='bbox 2098 2242 2256 2313; x_wconf 84' lang='grc' dir='ltr'>μέχρι</span> <span class='ocrx_word' id='word_1_384' title='bbox 2283 2242 2389 2293; x_wconf 88' lang='grc' dir='ltr'><strong>τῶν</strong></span> <span class='ocrx_word' id='word_1_385' title='bbox 2432 2241 2614 2310; x_wconf 84' lang='grc' dir='ltr'>τάφων</span> <span class='ocrx_word' id='word_1_386' title='bbox 2654 2243 2909 2311; x_wconf 79' lang='grc' dir='ltr'>ἐνόμισαν</span> <span class='ocrx_word' id='word_1_387' title='bbox 2943 2237 3080 2294; x_wconf 79' lang='grc' dir='ltr'>εἶναι</span> <span class='ocrx_word' id='word_1_388' title='bbox 3122 2242 3226 2295; x_wconf 86' lang='grc' dir='ltr'><strong>τῶν</strong></span> <span class='ocrx_word' id='word_1_389' title='bbox 3251 2242 3550 2313; x_wconf 85' lang='grc' dir='ltr'>ἀνθρώπων</span> <span class='ocrx_word' id='word_1_390' title='bbox 3576 2243 3670 2296; x_wconf 84' lang='grc' dir='ltr'>τὸν</span> 
     </span>
    </p>
   </div>
   <div class='ocr_carea' id='block_1_51' title="bbox 2097 2331 3670 2404">
    <p class='ocr_par' dir='ltr' id='par_1_51' title="bbox 2097 2331 3670 2404">
     <span class='ocr_line' id='line_1_51' title="bbox 2097 2331 3670 2404; baseline 0.003 -20"><span class='ocrx_word' id='word_1_391' title='bbox 2097 2334 2228 2403; x_wconf 82' lang='grc' dir='ltr'>βίον,</span> <span class='ocrx_word' id='word_1_392' title='bbox 2262 2334 2312 2385; x_wconf 73' lang='grc' dir='ltr'>οἱ</span> <span class='ocrx_word' id='word_1_393' title='bbox 2353 2333 2408 2385; x_wconf 77' lang='grc' dir='ltr'><strong>δὲ</strong></span> <span class='ocrx_word' id='word_1_394' title='bbox 2447 2335 2539 2386; x_wconf 75' lang='grc' dir='ltr'><strong>καὶ</strong></span> <span class='ocrx_word' id='word_1_395' title='bbox 2571 2335 2669 2395; x_wconf 79' lang='grc' dir='ltr'>τὰς</span> <span class='ocrx_word' id='word_1_396' title='bbox 2698 2333 2804 2385; x_wconf 88' lang='grc' dir='ltr'><strong>τῶν</strong></span> <span class='ocrx_word' id='word_1_397' title='bbox 2840 2333 3186 2402; x_wconf 78' lang='grc' dir='ltr'>βεϐιωμένων</span> <span class='ocrx_word' id='word_1_398' title='bbox 3225 2331 3670 2404; x_wconf 78' lang='grc' dir='ltr'>ὠνειροπὸλησαν</span> 
     </span>
    </p>
   </div>
   <div class='ocr_carea' id='block_1_52' title="bbox 2096 2425 3671 2495">
    <p class='ocr_par' dir='ltr' id='par_1_52' title="bbox 2096 2425 3671 2495">
     <span class='ocr_line' id='line_1_52' title="bbox 2096 2425 3671 2495; baseline -0.002 -16"><span class='ocrx_word' id='word_1_399' title='bbox 2096 2427 2406 2489; x_wconf 67' lang='grc' dir='ltr'>άντιδῦσεις,</span> <span class='ocrx_word' id='word_1_400' title='bbox 2441 2427 2532 2477; x_wconf 74' lang='grc' dir='ltr'><strong>καὶ</strong></span> <span class='ocrx_word' id='word_1_401' title='bbox 2563 2425 2864 2489; x_wconf 80' lang='grc' dir='ltr'>ὑπέδειξαν,</span> <span class='ocrx_word' id='word_1_402' title='bbox 2891 2425 2965 2487; x_wconf 84' lang='grc' dir='ltr'>ὡς</span> <span class='ocrx_word' id='word_1_403' title='bbox 2989 2425 3114 2494; x_wconf 75' lang='grc' dir='ltr'>ἐνῆν</span> <span class='ocrx_word' id='word_1_404' title='bbox 3143 2425 3219 2495; x_wconf 81' lang='grc' dir='ltr'><strong>τῷ</strong></span> <span class='ocrx_word' id='word_1_405' title='bbox 3252 2425 3417 2494; x_wconf 83' lang='grc' dir='ltr'>λόγῳ,</span> <span class='ocrx_word' id='word_1_406' title='bbox 3446 2425 3515 2478; x_wconf 72' lang='grc' dir='ltr'>τὰ</span> <span class='ocrx_word' id='word_1_407' title='bbox 3546 2425 3671 2495; x_wconf 74' lang='grc' dir='ltr'>φρίσ</span> 
     </span>
    </p>
   </div>
   <div class='ocr_carea' id='block_1_53' title="bbox 2053 2516 3673 2587">
    <p class='ocr_par' dir='ltr' id='par_1_53' title="bbox 2053 2516 3673 2587">
     <span class='ocr_line' id='line_1_53' title="bbox 2053 2516 3673 2587; baseline -0.002 -17"><span class='ocrx_word' id='word_1_408' title='bbox 2053 2521 2196 2587; x_wconf 83' lang='grc' dir='ltr'>’κης</span> <span class='ocrx_word' id='word_1_409' title='bbox 2247 2521 2482 2586; x_wconf 79' lang='grc' dir='ltr'>γέμοντα</span> <span class='ocrx_word' id='word_1_410' title='bbox 2529 2516 2880 2587; x_wconf 75' lang='grc' dir='ltr'>κολαστήρια,</span> <span class='ocrx_word' id='word_1_411' title='bbox 2931 2517 3052 2569; x_wconf 74' lang='grc' dir='ltr'>οὐδὲ</span> <span class='ocrx_word' id='word_1_412' title='bbox 3099 2517 3270 2569; x_wconf 83' lang='grc' dir='ltr'>ταῦτα</span> <span class='ocrx_word' id='word_1_413' title='bbox 3327 2517 3432 2569; x_wconf 85' lang='grc' dir='ltr'><strong>τῶν</strong></span> <span class='ocrx_word' id='word_1_414' title='bbox 3486 2516 3673 2586; x_wconf 82' lang='grc' dir='ltr'>μύθων</span> 
     </span>
    </p>
   </div>
   <div class='ocr_carea' id='block_1_54' title="bbox 2097 2602 3672 2679">
    <p class='ocr_par' dir='ltr' id='par_1_54' title="bbox 2097 2602 3672 2679">
     <span class='ocr_line' id='line_1_54' title="bbox 2097 2602 3672 2679; baseline 0 -17"><span class='ocrx_word' id='word_1_415' title='bbox 2097 2609 2544 2670; x_wconf 83' lang='grc' dir='ltr'>καταλελοιπὸτες</span> <span class='ocrx_word' id='word_1_416' title='bbox 2572 2608 2845 2678; x_wconf 77' lang='grc' dir='ltr'>ἐλεύθερα,</span> <span class='ocrx_word' id='word_1_417' title='bbox 2876 2607 2943 2659; x_wconf 90' lang='grc' dir='ltr'>δι’</span> <span class='ocrx_word' id='word_1_418' title='bbox 2975 2602 3048 2660; x_wconf 85' lang='grc' dir='ltr'>ὧν</span> <span class='ocrx_word' id='word_1_419' title='bbox 3076 2609 3377 2678; x_wconf 76' lang='grc' dir='ltr'>εἰρήκαμεν</span> <span class='ocrx_word' id='word_1_420' title='bbox 3419 2609 3672 2679; x_wconf 84' lang='grc' dir='ltr'>μεμαθή-</span> 
     </span>
    </p>
   </div>
   <div class='ocr_carea' id='block_1_55' title="bbox 2101 2696 3672 2771">
    <p class='ocr_par' dir='ltr' id='par_1_55' title="bbox 2101 2696 3672 2771">
     <span class='ocr_line' id='line_1_55' title="bbox 2101 2696 3672 2771; baseline -0.001 -18"><span class='ocrx_word' id='word_1_421' title='bbox 2101 2718 2251 2754; x_wconf 87' lang='grc' dir='ltr'>κατε.</span> <span class='ocrx_word' id='word_1_422' title='bbox 2279 2701 2419 2770; x_wconf 79' lang='grc' dir='ltr'><strong>Ὥρα</strong></span> <span class='ocrx_word' id='word_1_423' title='bbox 2468 2699 2522 2751; x_wconf 79' lang='grc' dir='ltr'>δὲ</span> <span class='ocrx_word' id='word_1_424' title='bbox 2565 2697 2712 2770; x_wconf 75' lang='lat' dir='ltr'><strong>[H30]</strong></span> <span class='ocrx_word' id='word_1_425' title='bbox 2756 2696 2938 2750; x_wconf 76' lang='grc' dir='ltr'>λοιπὸν</span> <span class='ocrx_word' id='word_1_426' title='bbox 2971 2699 3112 2768; x_wconf 80' lang='grc' dir='ltr'>ὑμᾶς</span> <span class='ocrx_word' id='word_1_427' title='bbox 3155 2701 3247 2752; x_wconf 77' lang='grc' dir='ltr'>καὶ</span> <span class='ocrx_word' id='word_1_428' title='bbox 3291 2700 3358 2753; x_wconf 87' lang='grc' dir='ltr'><strong>τά</strong></span> <span class='ocrx_word' id='word_1_429' title='bbox 3392 2701 3672 2771; x_wconf 79' lang='grc' dir='ltr'>θεοπρεπῆ</span> 
     </span>
    </p>
   </div>
   <div class='ocr_carea' id='block_1_56' title="bbox 2099 2791 3675 2864">
    <p class='ocr_par' dir='ltr' id='par_1_56' title="bbox 2099 2791 3675 2864">
     <span class='ocr_line' id='line_1_56' title="bbox 2099 2791 3675 2864; baseline -0.001 -18"><span class='ocrx_word' id='word_1_430' title='bbox 2099 2793 2206 2846; x_wconf 83' lang='grc' dir='ltr'><strong>τῶν</strong></span> <span class='ocrx_word' id='word_1_431' title='bbox 2243 2791 2400 2863; x_wconf 79' lang='grc' dir='ltr'>ἱερῶν</span> <span class='ocrx_word' id='word_1_432' title='bbox 2425 2791 2766 2859; x_wconf 81' lang='grc' dir='ltr'>Εὐαγγελίων</span> <span class='ocrx_word' id='word_1_433' title='bbox 2788 2791 2834 2820; x_wconf 70' lang='grc'>⁸³</span> <span class='ocrx_word' id='word_1_434' title='bbox 2863 2791 3105 2858; x_wconf 68' lang='grc' dir='ltr'>δὸγματα</span> <span class='ocrx_word' id='word_1_435' title='bbox 3136 2792 3432 2861; x_wconf 84' lang='grc' dir='ltr'>θεωρῆσαι.</span> <span class='ocrx_word' id='word_1_436' title='bbox 3476 2792 3675 2864; x_wconf 74' lang='grc' dir='ltr'>Ἀρχὴν</span> 
     </span>
    </p>
   </div>
   <div class='ocr_carea' id='block_1_57' title="bbox 2101 2878 3677 2952">
    <p class='ocr_par' dir='ltr' id='par_1_57' title="bbox 2101 2878 3677 2952">
     <span class='ocr_line' id='line_1_57' title="bbox 2101 2878 3677 2952; baseline -0.001 -13"><span class='ocrx_word' id='word_1_437' title='bbox 2101 2887 2275 2939; x_wconf 74' lang='grc' dir='ltr'>τοίνυν</span> <span class='ocrx_word' id='word_1_438' title='bbox 2295 2885 2402 2937; x_wconf 88' lang='grc' dir='ltr'><strong>τῶν</strong></span> <span class='ocrx_word' id='word_1_439' title='bbox 2433 2883 2650 2952; x_wconf 80' lang='grc' dir='ltr'>ἀγαθῶν</span> <span class='ocrx_word' id='word_1_440' title='bbox 2680 2878 2822 2936; x_wconf 74' lang='grc' dir='ltr'>οὗτοί</span> <span class='ocrx_word' id='word_1_441' title='bbox 2855 2899 2918 2950; x_wconf 84' lang='grc' dir='ltr'><strong>γε</strong></span> <span class='ocrx_word' id='word_1_442' title='bbox 2963 2879 3099 2935; x_wconf 83' lang='grc' dir='ltr'>εἷναί</span> <span class='ocrx_word' id='word_1_443' title='bbox 3127 2901 3257 2952; x_wconf 81' lang='grc' dir='ltr'>φασι</span> <span class='ocrx_word' id='word_1_444' title='bbox 3290 2885 3380 2937; x_wconf 68' lang='grc' dir='ltr'>τὸν</span> <span class='ocrx_word' id='word_1_445' title='bbox 3415 2887 3677 2938; x_wconf 80' lang='grc' dir='ltr'>ἐπαινοῦ-</span> 
     </span>
    </p>
   </div>
   <div class='ocr_carea' id='block_1_58' title="bbox 2107 2976 3668 3049">
    <p class='ocr_par' dir='ltr' id='par_1_58' title="bbox 2107 2976 3668 3049">
     <span class='ocr_line' id='line_1_58' title="bbox 2107 2976 3668 3049; baseline 0 -19"><span class='ocrx_word' id='word_1_446' title='bbox 2107 2995 2260 3049; x_wconf 85' lang='grc' dir='ltr'>μενον</span> <span class='ocrx_word' id='word_1_447' title='bbox 2292 2978 2472 3046; x_wconf 71' lang='grc' dir='ltr'>φόϐον·</span> <span class='ocrx_word' id='word_1_448' title='bbox 2510 2997 2527 3028; x_wconf 81' lang='grc' dir='ltr'><strong>ι</strong></span> <span class='ocrx_word' id='word_1_449' title='bbox 2569 2976 2734 3047; x_wconf 80' lang='grc' dir='ltr'>Ἀρχὴ</span> <span class='ocrx_word' id='word_1_450' title='bbox 2762 2977 2866 3046; x_wconf 75' lang='grc' dir='ltr'><strong>γάρ</strong></span> <span class='ocrx_word' id='word_1_451' title='bbox 2922 2976 3130 3045; x_wconf 85' lang='grc' dir='ltr'>σοφίας,</span> <span class='ocrx_word' id='word_1_452' title='bbox 3183 2977 3346 3044; x_wconf 78' lang='grc' dir='ltr'>φόϐος</span> <span class='ocrx_word' id='word_1_453' title='bbox 3385 2979 3611 3047; x_wconf 80' lang='grc' dir='ltr'>Κυρίου,</span> <span class='ocrx_word' id='word_1_454' title='bbox 3651 2997 3668 3030; x_wconf 74' lang='grc' dir='ltr'><strong>ι</strong></span> 
     </span>
    </p>
   </div>
   <div class='ocr_carea' id='block_1_59' title="bbox 2107 3065 3680 3138">
    <p class='ocr_par' dir='ltr' id='par_1_59' title="bbox 2107 3065 3680 3138">
     <span class='ocr_line' id='line_1_59' title="bbox 2107 3065 3680 3138; baseline 0 -18"><span class='ocrx_word' id='word_1_455' title='bbox 2107 3067 2246 3121; x_wconf 84' lang='grc' dir='ltr'>κατά</span> <span class='ocrx_word' id='word_1_456' title='bbox 2266 3085 2327 3135; x_wconf 90' lang='grc' dir='ltr'><strong>γε</strong></span> <span class='ocrx_word' id='word_1_457' title='bbox 2349 3067 2438 3120; x_wconf 77' lang='grc' dir='ltr'><strong>τὸν</strong></span> <span class='ocrx_word' id='word_1_458' title='bbox 2467 3065 2784 3136; x_wconf 86' lang='grc' dir='ltr'>Σολομῶντα</span> <span class='ocrx_word' id='word_1_459' title='bbox 2815 3067 2908 3119; x_wconf 72' lang='grc' dir='ltr'><strong>καὶ</strong></span> <span class='ocrx_word' id='word_1_460' title='bbox 2933 3067 3023 3120; x_wconf 84' lang='grc' dir='ltr'><strong>τὸν</strong></span> <span class='ocrx_word' id='word_1_461' title='bbox 3042 3067 3246 3119; x_wconf 76' lang='grc' dir='ltr'>ἐκείνου</span> <span class='ocrx_word' id='word_1_462' title='bbox 3268 3068 3402 3120; x_wconf 85' lang='grc' dir='ltr'>πατέ</span> <span class='ocrx_word' id='word_1_463' title='bbox 3413 3084 3499 3138; x_wconf 89' lang='grc' dir='ltr'>ρα·</span> <span class='ocrx_word' id='word_1_464' title='bbox 3523 3068 3680 3130; x_wconf 76' lang='grc' dir='ltr'>τέλος</span> 
     </span>
    </p>
   </div>
   <div class='ocr_carea' id='block_1_60' title="bbox 2105 3157 3676 3228">
    <p class='ocr_par' dir='ltr' id='par_1_60' title="bbox 2105 3157 3676 3228">
     <span class='ocr_line' id='line_1_60' title="bbox 2105 3157 3676 3228; baseline 0 -16"><span class='ocrx_word' id='word_1_465' title='bbox 2105 3159 2180 3224; x_wconf 81' lang='grc' dir='ltr'><strong>δὲ,</strong></span> <span class='ocrx_word' id='word_1_466' title='bbox 2212 3158 2300 3211; x_wconf 81' lang='grc' dir='ltr'><strong>τὸν</strong></span> <span class='ocrx_word' id='word_1_467' title='bbox 2322 3161 2431 3221; x_wconf 82' lang='grc' dir='ltr'>τοῖς</span> <span class='ocrx_word' id='word_1_468' title='bbox 2459 3158 2622 3221; x_wconf 80' lang='grc' dir='ltr'>θείοις</span> <span class='ocrx_word' id='word_1_469' title='bbox 2644 3157 2827 3227; x_wconf 87' lang='grc' dir='ltr'>νόμοις</span> <span class='ocrx_word' id='word_1_470' title='bbox 2849 3158 3315 3228; x_wconf 78' lang='grc' dir='ltr'>διακοσμούμενον</span> <span class='ocrx_word' id='word_1_471' title='bbox 3352 3158 3484 3228; x_wconf 79' lang='grc' dir='ltr'>βίον’</span> <span class='ocrx_word' id='word_1_472' title='bbox 3514 3177 3531 3210; x_wconf 84' lang='grc' dir='ltr'><strong>ι</strong></span> <span class='ocrx_word' id='word_1_473' title='bbox 3550 3160 3676 3212; x_wconf 77' lang='lat' dir='ltr'><strong>Ma-</strong></span> 
     </span>
    </p>
   </div>
   <div class='ocr_carea' id='block_1_61' title="bbox 2109 3251 3683 3322">
    <p class='ocr_par' dir='ltr' id='par_1_61' title="bbox 2109 3251 3683 3322">
     <span class='ocr_line' id='line_1_61' title="bbox 2109 3251 3683 3322; baseline -0.002 -15"><span class='ocrx_word' id='word_1_474' title='bbox 2109 3254 2288 3322; x_wconf 88' lang='grc' dir='ltr'>κάριοι</span> <span class='ocrx_word' id='word_1_475' title='bbox 2310 3252 2439 3320; x_wconf 81' lang='grc' dir='ltr'>γὰρ,</span> <span class='ocrx_word' id='word_1_476' title='bbox 2454 3253 2636 3321; x_wconf 79' lang='grc' dir='ltr'>φησὶν,</span> <span class='ocrx_word' id='word_1_477' title='bbox 2657 3253 2705 3303; x_wconf 83' lang='grc' dir='ltr'>οἱ</span> <span class='ocrx_word' id='word_1_478' title='bbox 2730 3251 2948 3321; x_wconf 80' lang='grc' dir='ltr'>ἄμωμοι</span> <span class='ocrx_word' id='word_1_479' title='bbox 2971 3254 3026 3304; x_wconf 79' lang='grc' dir='ltr'>ἐν</span> <span class='ocrx_word' id='word_1_480' title='bbox 3044 3251 3168 3320; x_wconf 80' lang='grc' dir='ltr'>ὁδῷ,</span> <span class='ocrx_word' id='word_1_481' title='bbox 3183 3252 3231 3302; x_wconf 84' lang='grc' dir='ltr'>οἱ</span> <span class='ocrx_word' id='word_1_482' title='bbox 3251 3253 3604 3320; x_wconf 77' lang='grc' dir='ltr'>πορευόμενοι</span> <span class='ocrx_word' id='word_1_483' title='bbox 3620 3253 3683 3304; x_wconf 86' lang='grc' dir='ltr'>ὲν</span> 
     </span>
    </p>
   </div>
   <div class='ocr_carea' id='block_1_62' title="bbox 421 3323 1993 3414">
    <p class='ocr_par' dir='ltr' id='par_1_62' title="bbox 421 3323 1962 3402">
     <span class='ocr_line' id='line_1_62' title="bbox 421 3323 1962 3402; baseline 0.008 -26"><span class='ocrx_word' id='word_1_484' title='bbox 421 3323 516 3392; x_wconf 92' lang='lat' dir='ltr'><strong>qui</strong></span> <span class='ocrx_word' id='word_1_485' title='bbox 540 3334 856 3379; x_wconf 85' lang='lat' dir='ltr'><strong>scrutantur</strong></span> <span class='ocrx_word' id='word_1_486' title='bbox 891 3329 1202 3383; x_wconf 85' lang='lat' dir='ltr'><strong>testimonia</strong></span> <span class='ocrx_word' id='word_1_487' title='bbox 1229 3332 1368 3402; x_wconf 85' lang='lat' dir='ltr'><strong>ejus,</strong></span> <span class='ocrx_word' id='word_1_488' title='bbox 1392 3341 1504 3387; x_wconf 93' lang='lat' dir='ltr'><strong>toto</strong></span> <span class='ocrx_word' id='word_1_489' title='bbox 1527 3331 1691 3388; x_wconf 90' lang='lat' dir='ltr'><strong>corde</strong></span> <span class='ocrx_word' id='word_1_490' title='bbox 1713 3344 1962 3402; x_wconf 66' lang='lat' dir='ltr'><strong>quaerent</strong></span> 
     </span>
    </p>
   </div>
   <div class='ocr_carea' id='block_1_63' title="bbox 2100 3323 3685 3414">
    <p class='ocr_par' dir='ltr' id='par_1_63' title="bbox 2100 3341 3685 3414">
     <span class='ocr_line' id='line_1_63' title="bbox 2100 3341 3685 3414; baseline -0.001 -18"><span class='ocrx_word' id='word_1_491' title='bbox 2100 3344 2245 3414; x_wconf 84' lang='grc' dir='ltr'>νόμῳ</span> <span class='ocrx_word' id='word_1_492' title='bbox 2267 3343 2494 3412; x_wconf 82' lang='grc' dir='ltr'>Κυρίου.</span> <span class='ocrx_word' id='word_1_493' title='bbox 2517 3342 2793 3412; x_wconf 78' lang='grc' dir='ltr'>Μακάριοι</span> <span class='ocrx_word' id='word_1_494' title='bbox 2816 3344 2864 3394; x_wconf 87' lang='grc' dir='ltr'>οἱ</span> <span class='ocrx_word' id='word_1_495' title='bbox 2893 3341 3276 3412; x_wconf 72' lang='grc' dir='ltr'>ἐξερευνῶντες</span> <span class='ocrx_word' id='word_1_496' title='bbox 3306 3341 3374 3394; x_wconf 82' lang='grc' dir='ltr'>τὰ</span> <span class='ocrx_word' id='word_1_497' title='bbox 3398 3342 3685 3414; x_wconf 78' lang='grc' dir='ltr'>μαρτύρια</span> 
     </span>
    </p>
   </div>
   <div class='ocr_carea' id='block_1_64' title="bbox 423 3414 1995 3494">
    <p class='ocr_par' dir='ltr' id='par_1_64' title="bbox 423 3414 1995 3494">
     <span class='ocr_line' id='line_1_64' title="bbox 423 3414 1995 3494; baseline 0.006 -26"><span class='ocrx_word' id='word_1_498' title='bbox 423 3429 549 3468; x_wconf 91' lang='lat' dir='ltr'><strong>eum</strong></span> <span class='ocrx_word' id='word_1_499' title='bbox 590 3414 631 3468; x_wconf 74' lang='grc' dir='ltr'>ί.</span> <span class='ocrx_word' id='word_1_500' title='bbox 673 3436 690 3468; x_wconf 76' lang='grc' dir='ltr'><strong>ι</strong></span> <span class='ocrx_word' id='word_1_501' title='bbox 732 3417 845 3472; x_wconf 85' lang='lat' dir='ltr'><strong>Hoc</strong></span> <span class='ocrx_word' id='word_1_502' title='bbox 868 3419 1013 3474; x_wconf 89' lang='lat' dir='ltr'><strong>idem</strong></span> <span class='ocrx_word' id='word_1_503' title='bbox 1041 3437 1142 3476; x_wconf 91' lang='lat' dir='ltr'><strong>nos</strong></span> <span class='ocrx_word' id='word_1_504' title='bbox 1173 3422 1227 3476; x_wconf 91' lang='lat' dir='ltr'><strong>in</strong></span> <span class='ocrx_word' id='word_1_505' title='bbox 1260 3424 1432 3478; x_wconf 87' lang='lat' dir='ltr'><strong>sacris</strong></span> <span class='ocrx_word' id='word_1_506' title='bbox 1462 3424 1772 3494; x_wconf 84' lang='lat' dir='ltr'><strong>Evangeliis</strong></span> <span class='ocrx_word' id='word_1_507' title='bbox 1805 3425 1995 3480; x_wconf 87' lang='lat' dir='ltr'><strong>docuit</strong></span> 
     </span>
    </p>
   </div>
   <div class='ocr_carea' id='block_1_65' title="bbox 425 3507 1993 3580">
    <p class='ocr_par' dir='ltr' id='par_1_65' title="bbox 425 3507 1993 3580">
     <span class='ocr_line' id='line_1_65' title="bbox 425 3507 1993 3580; baseline 0.008 -21"><span class='ocrx_word' id='word_1_508' title='bbox 425 3507 809 3564; x_wconf 83' lang='lat' dir='ltr'><strong>universorum</strong></span> <span class='ocrx_word' id='word_1_509' title='bbox 842 3510 1124 3567; x_wconf 89' lang='lat' dir='ltr'><strong>Servator.</strong></span> <span class='ocrx_word' id='word_1_510' title='bbox 1155 3515 1348 3568; x_wconf 88' lang='lat' dir='ltr'><strong>Beatos</strong></span> <span class='ocrx_word' id='word_1_511' title='bbox 1374 3515 1520 3569; x_wconf 87' lang='lat' dir='ltr'><strong>enim</strong></span> <span class='ocrx_word' id='word_1_512' title='bbox 1556 3525 1734 3580; x_wconf 89' lang='lat' dir='ltr'><strong>vocat,</strong></span> <span class='ocrx_word' id='word_1_513' title='bbox 1768 3533 1876 3571; x_wconf 90' lang='lat' dir='ltr'><strong>non</strong></span> <span class='ocrx_word' id='word_1_514' title='bbox 1907 3518 1993 3571; x_wconf 86' lang='lat' dir='ltr'><strong>di—</strong></span> 
     </span>
    </p>
   </div>
   <div class='ocr_carea' id='block_1_66' title="bbox 422 3597 1998 3676">
    <p class='ocr_par' dir='ltr' id='par_1_66' title="bbox 422 3597 1998 3676">
     <span class='ocr_line' id='line_1_66' title="bbox 422 3597 1998 3676; baseline 0.008 -26"><span class='ocrx_word' id='word_1_515' title='bbox 422 3597 585 3662; x_wconf 84' lang='lat' dir='ltr'><strong>vites,</strong></span> <span class='ocrx_word' id='word_1_516' title='bbox 614 3608 671 3653; x_wconf 91' lang='lat' dir='ltr'><strong>et</strong></span> <span class='ocrx_word' id='word_1_517' title='bbox 697 3599 913 3655; x_wconf 88' lang='lat' dir='ltr'><strong>deliciis</strong></span> <span class='ocrx_word' id='word_1_518' title='bbox 934 3602 1202 3666; x_wconf 83' lang='lat' dir='ltr'><strong>fruentes,</strong></span> <span class='ocrx_word' id='word_1_519' title='bbox 1231 3614 1285 3658; x_wconf 90' lang='lat' dir='ltr'><strong>et</strong></span> <span class='ocrx_word' id='word_1_520' title='bbox 1308 3605 1510 3674; x_wconf 89' lang='lat' dir='ltr'><strong>quibus</strong></span> <span class='ocrx_word' id='word_1_521' title='bbox 1534 3621 1797 3676; x_wconf 82' lang='lat' dir='ltr'><strong>prospere</strong></span> <span class='ocrx_word' id='word_1_522' title='bbox 1820 3607 1998 3662; x_wconf 84' lang='lat' dir='ltr'><strong>ﬂuunt</strong></span> 
     </span>
    </p>
   </div>
   <div class='ocr_carea' id='block_1_67' title="bbox 425 3690 1996 3766">
    <p class='ocr_par' dir='ltr' id='par_1_67' title="bbox 425 3690 1996 3766">
     <span class='ocr_line' id='line_1_67' title="bbox 425 3690 1996 3766; baseline 0.006 -23"><span class='ocrx_word' id='word_1_523' title='bbox 425 3690 632 3753; x_wconf 90' lang='lat' dir='ltr'><strong>omnia,</strong></span> <span class='ocrx_word' id='word_1_524' title='bbox 674 3691 770 3745; x_wconf 92' lang='lat' dir='ltr'><strong>sed</strong></span> <span class='ocrx_word' id='word_1_525' title='bbox 811 3708 1083 3762; x_wconf 89' lang='lat' dir='ltr'><strong>pauperes</strong></span> <span class='ocrx_word' id='word_1_526' title='bbox 1121 3695 1341 3766; x_wconf 86' lang='lat' dir='ltr'><strong>spiritu,</strong></span> <span class='ocrx_word' id='word_1_527' title='bbox 1378 3703 1433 3750; x_wconf 87' lang='lat' dir='ltr'><strong>et</strong></span> <span class='ocrx_word' id='word_1_528' title='bbox 1468 3697 1648 3760; x_wconf 88' lang='lat' dir='ltr'><strong>mites,</strong></span> <span class='ocrx_word' id='word_1_529' title='bbox 1689 3706 1743 3751; x_wconf 88' lang='lat' dir='ltr'><strong>et</strong></span> <span class='ocrx_word' id='word_1_530' title='bbox 1777 3698 1996 3752; x_wconf 87' lang='lat' dir='ltr'><strong>miseri-</strong></span> 
     </span>
    </p>
   </div>
   <div class='ocr_carea' id='block_1_68' title="bbox 425 3780 1995 3857">
    <p class='ocr_par' dir='ltr' id='par_1_68' title="bbox 425 3780 1995 3857">
     <span class='ocr_line' id='line_1_68' title="bbox 425 3780 1995 3857; baseline 0.005 -23"><span class='ocrx_word' id='word_1_531' title='bbox 425 3780 729 3844; x_wconf 69' lang='lat' dir='ltr'><strong>cordes,,et</strong></span> <span class='ocrx_word' id='word_1_532' title='bbox 752 3783 843 3851; x_wconf 91' lang='lat' dir='ltr'><strong>qui</strong></span> <span class='ocrx_word' id='word_1_533' title='bbox 869 3784 1123 3838; x_wconf 90' lang='lat' dir='ltr'><strong>esuriunt</strong></span> <span class='ocrx_word' id='word_1_534' title='bbox 1144 3785 1447 3855; x_wconf 83' lang='lat' dir='ltr'><strong>sitiuntque</strong></span> <span class='ocrx_word' id='word_1_535' title='bbox 1476 3788 1680 3856; x_wconf 80' lang='lat'><strong>1001</strong></span> <span class='ocrx_word' id='word_1_536' title='bbox 1701 3789 1995 3857; x_wconf 86' lang='lat' dir='ltr'><strong>justitiam,</strong></span> 
     </span>
    </p>
   </div>
   <div class='ocr_carea' id='block_1_69' title="bbox 427 3869 2001 3950">
    <p class='ocr_par' dir='ltr' id='par_1_69' title="bbox 427 3869 2001 3950">
     <span class='ocr_line' id='line_1_69' title="bbox 427 3869 2001 3950; baseline 0.008 -28"><span class='ocrx_word' id='word_1_537' title='bbox 427 3869 633 3939; x_wconf 89' lang='lat' dir='ltr'><strong>quique</strong></span> <span class='ocrx_word' id='word_1_538' title='bbox 656 3871 725 3926; x_wconf 91' lang='lat' dir='ltr'><strong>ob</strong></span> <span class='ocrx_word' id='word_1_539' title='bbox 748 3873 973 3941; x_wconf 88' lang='lat' dir='ltr'><strong>aliquod</strong></span> <span class='ocrx_word' id='word_1_540' title='bbox 1002 3874 1207 3929; x_wconf 90' lang='lat' dir='ltr'><strong>bonum</strong></span> <span class='ocrx_word' id='word_1_541' title='bbox 1232 3877 1450 3931; x_wconf 81' lang='lat' dir='ltr'><strong>adversi</strong></span> <span class='ocrx_word' id='word_1_542' title='bbox 1475 3879 1755 3948; x_wconf 86' lang='lat' dir='ltr'><strong>quidpiam</strong></span> <span class='ocrx_word' id='word_1_543' title='bbox 1781 3881 2001 3950; x_wconf 87' lang='lat' dir='ltr'><strong>patiun-</strong></span> 
     </span>
    </p>
   </div>
   <div class='ocr_carea' id='block_1_70' title="bbox 430 3960 1999 4035">
    <p class='ocr_par' dir='ltr' id='par_1_70' title="bbox 430 3960 1999 4035">
     <span class='ocr_line' id='line_1_70' title="bbox 430 3960 1999 4035; baseline 0.006 -23"><span class='ocrx_word' id='word_1_544' title='bbox 430 3967 540 4023; x_wconf 88' lang='lat' dir='ltr'><strong>tur,</strong></span> <span class='ocrx_word' id='word_1_545' title='bbox 575 3960 725 4014; x_wconf 88' lang='lat' dir='ltr'><strong>etiis</strong></span> <span class='ocrx_word' id='word_1_546' title='bbox 760 3962 853 4030; x_wconf 89' lang='lat' dir='ltr'><strong>qui</strong></span> <span class='ocrx_word' id='word_1_547' title='bbox 892 3964 946 4015; x_wconf 91' lang='lat' dir='ltr'><strong>in</strong></span> <span class='ocrx_word' id='word_1_548' title='bbox 979 3964 1064 4018; x_wconf 88' lang='lat' dir='ltr'><strong>his</strong></span> <span class='ocrx_word' id='word_1_549' title='bbox 1105 3963 1334 4034; x_wconf 87' lang='lat' dir='ltr'><strong>aliisque</strong></span> <span class='ocrx_word' id='word_1_550' title='bbox 1381 3967 1646 4035; x_wconf 83' lang='lat' dir='ltr'><strong>ejusmodi</strong></span> <span class='ocrx_word' id='word_1_551' title='bbox 1683 3969 1897 4023; x_wconf 89' lang='lat' dir='ltr'><strong>naviter</strong></span> <span class='ocrx_word' id='word_1_552' title='bbox 1941 3984 1999 4022; x_wconf 89' lang='lat' dir='ltr'><strong>se</strong></span> 
     </span>
    </p>
   </div>
   <div class='ocr_carea' id='block_1_71' title="bbox 429 4049 2000 4126">
    <p class='ocr_par' dir='ltr' id='par_1_71' title="bbox 429 4049 2000 4126">
     <span class='ocr_line' id='line_1_71' title="bbox 429 4049 2000 4126; baseline 0.006 -25"><span class='ocrx_word' id='word_1_553' title='bbox 429 4049 722 4119; x_wconf 77' lang='lat' dir='ltr'><strong>gesserint,</strong></span> <span class='ocrx_word' id='word_1_554' title='bbox 752 4053 1015 4108; x_wconf 73' lang='lat' dir='ltr'><strong>cmlornm</strong></span> <span class='ocrx_word' id='word_1_555' title='bbox 1049 4071 1275 4125; x_wconf 82' lang='lat' dir='ltr'><strong>regnum</strong></span> <span class='ocrx_word' id='word_1_556' title='bbox 1307 4058 1619 4126; x_wconf 87' lang='lat' dir='ltr'><strong>pollicetur.</strong></span> <span class='ocrx_word' id='word_1_557' title='bbox 1653 4059 1694 4112; x_wconf 90' lang='lat' dir='ltr'><strong>E</strong></span> <span class='ocrx_word' id='word_1_558' title='bbox 1723 4075 1782 4113; x_wconf 90' lang='lat' dir='ltr'><strong>re</strong></span> <span class='ocrx_word' id='word_1_559' title='bbox 1816 4067 2000 4113; x_wconf 89' lang='lat' dir='ltr'><strong>autem</strong></span> 
     </span>
    </p>
   </div>
   <div class='ocr_carea' id='block_1_72' title="bbox 433 4138 2004 4216">
    <p class='ocr_par' dir='ltr' id='par_1_72' title="bbox 433 4138 2004 4216">
     <span class='ocr_line' id='line_1_72' title="bbox 433 4138 2004 4216; baseline 0.008 -26"><span class='ocrx_word' id='word_1_560' title='bbox 433 4138 679 4194; x_wconf 80' lang='lat' dir='ltr'><strong>futurum</strong></span> <span class='ocrx_word' id='word_1_561' title='bbox 718 4142 974 4199; x_wconf 84' lang='lat' dir='ltr'><strong>existimo</strong></span> <span class='ocrx_word' id='word_1_562' title='bbox 998 4187 1011 4209; x_wconf 90' lang='lat'><strong>,</strong></span> <span class='ocrx_word' id='word_1_563' title='bbox 1058 4146 1104 4200; x_wconf 92' lang='lat' dir='ltr'><strong>si</strong></span> <span class='ocrx_word' id='word_1_564' title='bbox 1138 4148 1282 4216; x_wconf 89' lang='lat' dir='ltr'><strong>ipsas</strong></span> <span class='ocrx_word' id='word_1_565' title='bbox 1316 4149 1474 4203; x_wconf 85' lang='lat' dir='ltr'><strong>vobis</strong></span> <span class='ocrx_word' id='word_1_566' title='bbox 1506 4149 1608 4204; x_wconf 89' lang='lat' dir='ltr'><strong>sub</strong></span> <span class='ocrx_word' id='word_1_567' title='bbox 1644 4149 2004 4204; x_wconf 89' lang='lat' dir='ltr'><strong>beatitudinis</strong></span> 
     </span>
    </p>
   </div>
   <div class='ocr_carea' id='block_1_73' title="bbox 433 4232 2004 4311">
    <p class='ocr_par' dir='ltr' id='par_1_73' title="bbox 433 4232 2004 4311">
     <span class='ocr_line' id='line_1_73' title="bbox 433 4232 2004 4311; baseline 0.008 -27"><span class='ocrx_word' id='word_1_568' title='bbox 433 4232 613 4300; x_wconf 91' lang='lat' dir='ltr'><strong>specie</strong></span> <span class='ocrx_word' id='word_1_569' title='bbox 652 4245 945 4305; x_wconf 89' lang='lat' dir='ltr'><strong>conceptas</strong></span> <span class='ocrx_word' id='word_1_570' title='bbox 990 4239 1136 4308; x_wconf 82' lang='lat' dir='ltr'><strong>leges</strong></span> <span class='ocrx_word' id='word_1_571' title='bbox 1168 4241 1392 4294; x_wconf 89' lang='lat' dir='ltr'><strong>recitem</strong></span> <span class='ocrx_word' id='word_1_572' title='bbox 1429 4259 1440 4294; x_wconf 89' lang='lat'>:</span> <span class='ocrx_word' id='word_1_573' title='bbox 1486 4262 1503 4292; x_wconf 77' lang='grc' dir='ltr'><strong>ι</strong></span> <span class='ocrx_word' id='word_1_574' title='bbox 1545 4241 1697 4296; x_wconf 88' lang='lat' dir='ltr'><strong>Beati</strong></span> <span class='ocrx_word' id='word_1_575' title='bbox 1734 4257 2004 4311; x_wconf 89' lang='lat' dir='ltr'><strong>pauperes</strong></span> 
     </span>
    </p>
   </div>
   <div class='ocr_carea' id='block_1_74' title="bbox 431 4322 2000 4403">
    <p class='ocr_par' dir='ltr' id='par_1_74' title="bbox 431 4322 2000 4403">
     <span class='ocr_line' id='line_1_74' title="bbox 431 4322 2000 4403; baseline 0.009 -29"><span class='ocrx_word' id='word_1_576' title='bbox 431 4322 653 4392; x_wconf 87' lang='lat' dir='ltr'><strong>spiritu,</strong></span> <span class='ocrx_word' id='word_1_577' title='bbox 707 4327 967 4395; x_wconf 88' lang='lat' dir='ltr'><strong>quoniam</strong></span> <span class='ocrx_word' id='word_1_578' title='bbox 1018 4331 1265 4399; x_wconf 56' lang='lat' dir='ltr'><strong>ipeorum</strong></span> <span class='ocrx_word' id='word_1_579' title='bbox 1313 4341 1398 4388; x_wconf 86' lang='lat' dir='ltr'><strong>est</strong></span> <span class='ocrx_word' id='word_1_580' title='bbox 1439 4349 1670 4403; x_wconf 90' lang='lat' dir='ltr'><strong>regnum</strong></span> <span class='ocrx_word' id='word_1_581' title='bbox 1715 4333 2000 4388; x_wconf 81' lang='lat' dir='ltr'><strong>caelorum.</strong></span> 
     </span>
    </p>
   </div>
   <div class='ocr_carea' id='block_1_75' title="bbox 432 4412 2000 4492">
    <p class='ocr_par' dir='ltr' id='par_1_75' title="bbox 432 4412 2000 4492">
     <span class='ocr_line' id='line_1_75' title="bbox 432 4412 2000 4492; baseline 0.008 -26"><span class='ocrx_word' id='word_1_582' title='bbox 432 4412 583 4468; x_wconf 89' lang='lat' dir='ltr'><strong>Beati</strong></span> <span class='ocrx_word' id='word_1_583' title='bbox 627 4416 810 4482; x_wconf 87' lang='lat' dir='ltr'><strong>mites,</strong></span> <span class='ocrx_word' id='word_1_584' title='bbox 864 4421 1123 4489; x_wconf 89' lang='lat' dir='ltr'><strong>quoniam</strong></span> <span class='ocrx_word' id='word_1_585' title='bbox 1175 4423 1278 4492; x_wconf 85' lang='lat' dir='ltr'><strong>ipsi</strong></span> <span class='ocrx_word' id='word_1_586' title='bbox 1322 4424 1728 4480; x_wconf 71' lang='lat' dir='ltr'><strong>litereditabunt</strong></span> <span class='ocrx_word' id='word_1_587' title='bbox 1775 4432 2000 4479; x_wconf 89' lang='lat' dir='ltr'><strong>terram.</strong></span> 
     </span>
    </p>
   </div>
   <div class='ocr_carea' id='block_1_76' title="bbox 440 4505 2002 4585">
    <p class='ocr_par' dir='ltr' id='par_1_76' title="bbox 440 4505 2002 4585">
     <span class='ocr_line' id='line_1_76' title="bbox 440 4505 2002 4585; baseline 0.008 -28"><span class='ocrx_word' id='word_1_588' title='bbox 440 4505 590 4559; x_wconf 86' lang='lat' dir='ltr'><strong>Beati</strong></span> <span class='ocrx_word' id='word_1_589' title='bbox 629 4508 722 4576; x_wconf 88' lang='lat' dir='ltr'><strong>qui</strong></span> <span class='ocrx_word' id='word_1_590' title='bbox 770 4511 1022 4564; x_wconf 90' lang='lat' dir='ltr'><strong>esuriunt</strong></span> <span class='ocrx_word' id='word_1_591' title='bbox 1066 4522 1122 4566; x_wconf 92' lang='lat' dir='ltr'><strong>et</strong></span> <span class='ocrx_word' id='word_1_592' title='bbox 1163 4515 1358 4569; x_wconf 89' lang='lat' dir='ltr'><strong>sitiunt</strong></span> <span class='ocrx_word' id='word_1_593' title='bbox 1399 4515 1692 4585; x_wconf 89' lang='lat' dir='ltr'><strong>justitiam,</strong></span> <span class='ocrx_word' id='word_1_594' title='bbox 1741 4517 2002 4585; x_wconf 88' lang='lat' dir='ltr'><strong>quoniam</strong></span> 
     </span>
    </p>
   </div>
   <div class='ocr_carea' id='block_1_77' title="bbox 435 4595 2003 4676">
    <p class='ocr_par' dir='ltr' id='par_1_77' title="bbox 435 4595 2003 4676">
     <span class='ocr_line' id='line_1_77' title="bbox 435 4595 2003 4676; baseline 0.008 -29"><span class='ocrx_word' id='word_1_595' title='bbox 435 4595 540 4664; x_wconf 92' lang='lat' dir='ltr'><strong>ipsi</strong></span> <span class='ocrx_word' id='word_1_596' title='bbox 574 4599 991 4654; x_wconf 90' lang='lat' dir='ltr'><strong>saturabuntur.</strong></span> <span class='ocrx_word' id='word_1_597' title='bbox 1024 4603 1177 4658; x_wconf 85' lang='lat' dir='ltr'><strong>Beati</strong></span> <span class='ocrx_word' id='word_1_598' title='bbox 1212 4606 1446 4674; x_wconf 82' lang='lat' dir='ltr'><strong>paciﬁci,</strong></span> <span class='ocrx_word' id='word_1_599' title='bbox 1482 4607 1742 4676; x_wconf 84' lang='lat' dir='ltr'><strong>quoniam</strong></span> <span class='ocrx_word' id='word_1_600' title='bbox 1780 4607 1877 4660; x_wconf 82' lang='lat' dir='ltr'><strong>ﬁlii</strong></span> <span class='ocrx_word' id='word_1_601' title='bbox 1907 4607 2003 4660; x_wconf 89' lang='lat' dir='ltr'><strong>Dei</strong></span> 
     </span>
    </p>
   </div>
   <div class='ocr_carea' id='block_1_78' title="bbox 433 4687 2010 4768">
    <p class='ocr_par' dir='ltr' id='par_1_78' title="bbox 433 4687 2010 4768">
     <span class='ocr_line' id='line_1_78' title="bbox 433 4687 2010 4768; baseline 0.01 -31"><span class='ocrx_word' id='word_1_602' title='bbox 433 4687 799 4744; x_wconf 87' lang='lat' dir='ltr'><strong>vocabuntur.</strong></span> <span class='ocrx_word' id='word_1_603' title='bbox 825 4691 975 4747; x_wconf 87' lang='lat' dir='ltr'><strong>Beati</strong></span> <span class='ocrx_word' id='word_1_604' title='bbox 995 4697 1088 4764; x_wconf 92' lang='lat' dir='ltr'><strong>qui</strong></span> <span class='ocrx_word' id='word_1_605' title='bbox 1115 4699 1553 4766; x_wconf 84' lang='lat' dir='ltr'><strong>persecutionem</strong></span> <span class='ocrx_word' id='word_1_606' title='bbox 1575 4701 1861 4768; x_wconf 87' lang='lat' dir='ltr'><strong>patiuntur</strong></span> <span class='ocrx_word' id='word_1_607' title='bbox 1881 4713 2010 4766; x_wconf 84' lang='lat' dir='ltr'><strong>pro-</strong></span> 
     </span>
    </p>
   </div>
   <div class='ocr_carea' id='block_1_79' title="bbox 437 4780 2006 4860">
    <p class='ocr_par' dir='ltr' id='par_1_79' title="bbox 437 4780 2006 4860">
     <span class='ocr_line' id='line_1_79' title="bbox 437 4780 2006 4860; baseline -0.001 -15"><span class='ocrx_word' id='word_1_608' title='bbox 437 4785 558 4845; x_wconf 70' lang='lat' dir='ltr'><strong>Pler</strong></span> <span class='ocrx_word' id='word_1_609' title='bbox 582 4780 876 4851; x_wconf 88' lang='lat' dir='ltr'><strong>justitiam,</strong></span> <span class='ocrx_word' id='word_1_610' title='bbox 910 4789 1168 4856; x_wconf 89' lang='lat' dir='ltr'><strong>quoniam</strong></span> <span class='ocrx_word' id='word_1_611' title='bbox 1196 4791 1439 4860; x_wconf 90' lang='lat' dir='ltr'><strong>ipsorum</strong></span> <span class='ocrx_word' id='word_1_612' title='bbox 1468 4800 1554 4845; x_wconf 90' lang='lat' dir='ltr'><strong>est</strong></span> <span class='ocrx_word' id='word_1_613' title='bbox 1583 4807 1810 4860; x_wconf 75' lang='lat' dir='ltr'><strong>regnum</strong></span> <span class='ocrx_word' id='word_1_614' title='bbox 1836 4792 2006 4844; x_wconf 69' lang='lat' dir='ltr'><strong>cmlo-</strong></span> 
     </span>
    </p>
   </div>
   <div class='ocr_carea' id='block_1_80' title="bbox 439 4868 2009 4948">
    <p class='ocr_par' dir='ltr' id='par_1_80' title="bbox 439 4868 2009 4948">
     <span class='ocr_line' id='line_1_80' title="bbox 439 4868 2009 4948; baseline 0.009 -31"><span class='ocrx_word' id='word_1_615' title='bbox 439 4881 578 4921; x_wconf 90' lang='lat' dir='ltr'><strong>rum.</strong></span> <span class='ocrx_word' id='word_1_616' title='bbox 616 4868 765 4926; x_wconf 89' lang='lat' dir='ltr'><strong>Beati</strong></span> <span class='ocrx_word' id='word_1_617' title='bbox 810 4876 1220 4944; x_wconf 89' lang='lat' dir='ltr'><strong>misericordes,</strong></span> <span class='ocrx_word' id='word_1_618' title='bbox 1261 4878 1519 4948; x_wconf 88' lang='lat' dir='ltr'><strong>quoniam</strong></span> <span class='ocrx_word' id='word_1_619' title='bbox 1557 4879 1660 4948; x_wconf 92' lang='lat' dir='ltr'><strong>ipsi</strong></span> <span class='ocrx_word' id='word_1_620' title='bbox 1695 4879 2009 4932; x_wconf 89' lang='lat' dir='ltr'><strong>misericor-</strong></span> 
     </span>
    </p>
   </div>
   <div class='ocr_carea' id='block_1_81' title="bbox 440 4956 2010 5038">
    <p class='ocr_par' dir='ltr' id='par_1_81' title="bbox 440 4956 2010 5038">
     <span class='ocr_line' id='line_1_81' title="bbox 440 4956 2010 5038; baseline 0.008 -29"><span class='ocrx_word' id='word_1_621' title='bbox 440 4956 583 5014; x_wconf 90' lang='lat' dir='ltr'><strong>diam</strong></span> <span class='ocrx_word' id='word_1_622' title='bbox 620 4976 1047 5036; x_wconf 90' lang='lat' dir='ltr'><strong>consequentur.</strong></span> <span class='ocrx_word' id='word_1_623' title='bbox 1081 4971 1232 5024; x_wconf 85' lang='lat' dir='ltr'><strong>Beati</strong></span> <span class='ocrx_word' id='word_1_624' title='bbox 1277 4971 1468 5024; x_wconf 89' lang='lat' dir='ltr'><strong>mundi</strong></span> <span class='ocrx_word' id='word_1_625' title='bbox 1511 4970 1700 5035; x_wconf 83' lang='lat' dir='ltr'><strong>corde,</strong></span> <span class='ocrx_word' id='word_1_626' title='bbox 1746 4970 2010 5038; x_wconf 87' lang='lat' dir='ltr'><strong>quoniam</strong></span> 
     </span>
    </p>
   </div>
   <div class='ocr_carea' id='block_1_82' title="bbox 442 5050 2008 5124">
    <p class='ocr_par' dir='ltr' id='par_1_82' title="bbox 442 5050 2008 5124">
     <span class='ocr_line' id='line_1_82' title="bbox 442 5050 2008 5124; baseline 0.004 -19"><span class='ocrx_word' id='word_1_627' title='bbox 442 5050 544 5118; x_wconf 88' lang='lat' dir='ltr'><strong>ipsi</strong></span> <span class='ocrx_word' id='word_1_628' title='bbox 571 5054 737 5110; x_wconf 89' lang='lat' dir='ltr'><strong>Deum</strong></span> <span class='ocrx_word' id='word_1_629' title='bbox 769 5059 1035 5115; x_wconf 88' lang='lat' dir='ltr'><strong>videbunt</strong></span> <span class='ocrx_word' id='word_1_630' title='bbox 1063 5060 1106 5113; x_wconf 85' lang='lat' dir='ltr'><strong>i.</strong></span> <span class='ocrx_word' id='word_1_631' title='bbox 1145 5081 1162 5112; x_wconf 70' lang='grc' dir='ltr'><strong>ι</strong></span> <span class='ocrx_word' id='word_1_632' title='bbox 1203 5061 1323 5115; x_wconf 86' lang='lat' dir='ltr'><strong>Alia</strong></span> <span class='ocrx_word' id='word_1_633' title='bbox 1355 5061 1508 5124; x_wconf 89' lang='lat' dir='ltr'><strong>item,</strong></span> <span class='ocrx_word' id='word_1_634' title='bbox 1542 5076 1574 5113; x_wconf 86' lang='grc' dir='ltr'><strong>ο</strong></span> <span class='ocrx_word' id='word_1_635' title='bbox 1606 5061 1734 5124; x_wconf 85' lang='lat' dir='ltr'><strong>viri,</strong></span> <span class='ocrx_word' id='word_1_636' title='bbox 1774 5060 1830 5112; x_wconf 92' lang='lat' dir='ltr'><strong>in</strong></span> <span class='ocrx_word' id='word_1_637' title='bbox 1858 5075 2008 5113; x_wconf 87' lang='lat' dir='ltr'><strong>eam-</strong></span> 
     </span>
    </p>
   </div>
   <div class='ocr_carea' id='block_1_83' title="bbox 441 5140 2010 5206">
    <p class='ocr_par' dir='ltr' id='par_1_83' title="bbox 441 5140 2010 5206">
     <span class='ocr_line' id='line_1_83' title="bbox 441 5140 2010 5206; baseline 0.008 -13"><span class='ocrx_word' id='word_1_638' title='bbox 441 5140 562 5195; x_wconf 90' lang='lat' dir='ltr'><strong>dem</strong></span> <span class='ocrx_word' id='word_1_639' title='bbox 598 5148 828 5204; x_wconf 88' lang='lat' dir='ltr'><strong>tendunt</strong></span> <span class='ocrx_word' id='word_1_640' title='bbox 865 5151 1216 5206; x_wconf 89' lang='lat' dir='ltr'><strong>sententiam.</strong></span> <span class='ocrx_word' id='word_1_641' title='bbox 1271 5150 1377 5204; x_wconf 91' lang='lat' dir='ltr'><strong>Sed</strong></span> <span class='ocrx_word' id='word_1_642' title='bbox 1425 5151 1540 5204; x_wconf 69' lang='lat' dir='ltr'><strong>haec</strong></span> <span class='ocrx_word' id='word_1_643' title='bbox 1584 5151 1719 5204; x_wconf 86' lang='lat' dir='ltr'><strong>satis</strong></span> <span class='ocrx_word' id='word_1_644' title='bbox 1755 5159 1918 5203; x_wconf 91' lang='lat' dir='ltr'><strong>erunt</strong></span> <span class='ocrx_word' id='word_1_645' title='bbox 1951 5159 2010 5205; x_wconf 89' lang='lat' dir='ltr'><strong>ut</strong></span> 
     </span>
    </p>
   </div>
   <div class='ocr_carea' id='block_1_84' title="bbox 440 5237 2007 5311">
    <p class='ocr_par' dir='ltr' id='par_1_84' title="bbox 440 5237 2007 5311">
     <span class='ocr_line' id='line_1_84' title="bbox 440 5237 2007 5311; baseline 0.005 -26"><span class='ocrx_word' id='word_1_646' title='bbox 440 5237 795 5294; x_wconf 89' lang='lat' dir='ltr'><strong>ostendamus</strong></span> <span class='ocrx_word' id='word_1_647' title='bbox 821 5240 1175 5311; x_wconf 87' lang='lat' dir='ltr'><strong>Legislatoris</strong></span> <span class='ocrx_word' id='word_1_648' title='bbox 1222 5241 1606 5306; x_wconf 90' lang='lat' dir='ltr'><strong>intentionem,</strong></span> <span class='ocrx_word' id='word_1_649' title='bbox 1638 5248 1694 5295; x_wconf 89' lang='lat' dir='ltr'><strong>et</strong></span> <span class='ocrx_word' id='word_1_650' title='bbox 1731 5240 1796 5294; x_wconf 89' lang='lat' dir='ltr'><strong>ad</strong></span> <span class='ocrx_word' id='word_1_651' title='bbox 1844 5256 2007 5309; x_wconf 88' lang='lat' dir='ltr'><strong>quem</strong></span> 
     </span>
    </p>
   </div>
   <div class='ocr_carea' id='block_1_85' title="bbox 514 5342 1348 5412">
    <p class='ocr_par' dir='ltr' id='par_1_85' title="bbox 514 5342 1348 5412">
     <span class='ocr_line' id='line_1_85' title="bbox 514 5342 1348 5412; baseline 0.002 -15"><span class='ocrx_word' id='word_1_652' title='bbox 514 5342 540 5378; x_wconf 75' lang='grc'>³³</span> <span class='ocrx_word' id='word_1_653' title='bbox 572 5344 742 5400; x_wconf 91' lang='lat' dir='ltr'><strong>Eccli.</strong></span> <span class='ocrx_word' id='word_1_654' title='bbox 775 5363 810 5412; x_wconf 83' lang='grc' dir='ltr'><strong>ι,</strong></span> <span class='ocrx_word' id='word_1_655' title='bbox 842 5349 940 5411; x_wconf 77' lang='grc'><strong>16;</strong></span> <span class='ocrx_word' id='word_1_656' title='bbox 977 5347 1118 5401; x_wconf 86' lang='lat' dir='ltr'><strong>Psal.</strong></span> <span class='ocrx_word' id='word_1_657' title='bbox 1149 5365 1234 5409; x_wconf 79' lang='lat' dir='ltr'><strong>cx,</strong></span> <span class='ocrx_word' id='word_1_658' title='bbox 1264 5348 1348 5401; x_wconf 85' lang='lat' dir='ltr'><strong>lO.</strong></span> 
     </span>
    </p>
   </div>
   <div class='ocr_carea' id='block_1_86' title="bbox 453 5409 625 5483">
    <p class='ocr_par' dir='ltr' id='par_1_86' title="bbox 453 5409 625 5483">
     <span class='ocr_line' id='line_1_86' title="bbox 453 5409 625 5483; baseline 0.029 -21"><span class='ocrx_word' id='word_1_659' title='bbox 453 5409 625 5483; x_wconf 88' lang='lat' dir='ltr'><strong>dine).</strong></span> 
     </span>
    </p>
   </div>
   <div class='ocr_carea' id='block_1_87' title="bbox 1432 5349 2089 5414">
    <p class='ocr_par' dir='ltr' id='par_1_87' title="bbox 1432 5349 2089 5414">
     <span class='ocr_line' id='line_1_87' title="bbox 1432 5349 2089 5414; baseline 0.002 -13"><span class='ocrx_word' id='word_1_660' title='bbox 1432 5350 1446 5387; x_wconf 82' lang='grc' dir='ltr'><strong>ί</strong></span> <span class='ocrx_word' id='word_1_661' title='bbox 1492 5349 1632 5402; x_wconf 85' lang='lat' dir='ltr'><strong>Psal.</strong></span> <span class='ocrx_word' id='word_1_662' title='bbox 1678 5367 1870 5412; x_wconf 79' lang='lat' dir='ltr'><strong>cxvm,</strong></span> <span class='ocrx_word' id='word_1_663' title='bbox 1932 5350 1992 5414; x_wconf 83' lang='lat' dir='ltr'><strong>l,</strong></span> <span class='ocrx_word' id='word_1_664' title='bbox 2037 5352 2089 5403; x_wconf 71' lang='lat'><strong>2.</strong></span> 
     </span>
    </p>
   </div>
   <div class='ocr_carea' id='block_1_88' title="bbox 2111 3433 3685 3505">
    <p class='ocr_par' dir='ltr' id='par_1_88' title="bbox 2111 3433 3685 3505">
     <span class='ocr_line' id='line_1_88' title="bbox 2111 3433 3685 3505; baseline -0.002 -18"><span class='ocrx_word' id='word_1_665' title='bbox 2111 3434 2296 3488; x_wconf 80' lang='grc' dir='ltr'>αὐτοῦ·</span> <span class='ocrx_word' id='word_1_666' title='bbox 2324 3437 2382 3487; x_wconf 83' lang='grc' dir='ltr'>ὲν</span> <span class='ocrx_word' id='word_1_667' title='bbox 2411 3434 2505 3505; x_wconf 80' lang='grc' dir='ltr'><strong>ὅλῃ</strong></span> <span class='ocrx_word' id='word_1_668' title='bbox 2536 3435 2730 3505; x_wconf 78' lang='grc' dir='ltr'>καρδίᾳ</span> <span class='ocrx_word' id='word_1_669' title='bbox 2755 3434 3146 3504; x_wconf 76' lang='grc' dir='ltr'>ὲκζητήσουσιν</span> <span class='ocrx_word' id='word_1_670' title='bbox 3175 3434 3352 3488; x_wconf 75' lang='grc' dir='ltr'>αὐτόν.</span> <span class='ocrx_word' id='word_1_671' title='bbox 3380 3453 3397 3483; x_wconf 76' lang='grc' dir='ltr'><strong>ι</strong></span> <span class='ocrx_word' id='word_1_672' title='bbox 3435 3433 3603 3485; x_wconf 87' lang='grc' dir='ltr'>Τοῦτο</span> <span class='ocrx_word' id='word_1_673' title='bbox 3623 3433 3685 3486; x_wconf 75' lang='grc' dir='ltr'>δὲ</span> 
     </span>
    </p>
   </div>
   <div class='ocr_carea' id='block_1_89' title="bbox 2099 3521 3686 3593">
    <p class='ocr_par' dir='ltr' id='par_1_89' title="bbox 2099 3521 3686 3593">
     <span class='ocr_line' id='line_1_89' title="bbox 2099 3521 3686 3593; baseline -0.003 -14"><span class='ocrx_word' id='word_1_674' title='bbox 2099 3528 2199 3579; x_wconf 87' lang='grc' dir='ltr'><strong>κάν</strong></span> <span class='ocrx_word' id='word_1_675' title='bbox 2236 3528 2348 3588; x_wconf 84' lang='grc' dir='ltr'>τοῖς</span> <span class='ocrx_word' id='word_1_676' title='bbox 2381 3525 2545 3588; x_wconf 89' lang='grc' dir='ltr'>θείοις</span> <span class='ocrx_word' id='word_1_677' title='bbox 2576 3525 2929 3593; x_wconf 84' lang='grc' dir='ltr'>Εὐαγγελίοις</span> <span class='ocrx_word' id='word_1_678' title='bbox 2972 3527 2999 3578; x_wconf 83' lang='grc' dir='ltr'>ὁ</span> <span class='ocrx_word' id='word_1_679' title='bbox 3049 3524 3157 3576; x_wconf 85' lang='grc' dir='ltr'><strong>τῶν</strong></span> <span class='ocrx_word' id='word_1_680' title='bbox 3201 3525 3336 3577; x_wconf 84' lang='grc' dir='ltr'>ὅλων</span> <span class='ocrx_word' id='word_1_681' title='bbox 3369 3524 3557 3593; x_wconf 81' lang='grc' dir='ltr'>Σωτὴρ</span> <span class='ocrx_word' id='word_1_682' title='bbox 3592 3521 3686 3587; x_wconf 73' lang='grc' dir='ltr'><strong>ἐξ·</strong></span> 
     </span>
    </p>
   </div>
   <div class='ocr_carea' id='block_1_90' title="bbox 2099 3612 3690 3684">
    <p class='ocr_par' dir='ltr' id='par_1_90' title="bbox 2099 3612 3690 3684">
     <span class='ocr_line' id='line_1_90' title="bbox 2099 3612 3690 3684; baseline -0.003 -15"><span class='ocrx_word' id='word_1_683' title='bbox 2099 3617 2402 3669; x_wconf 82' lang='grc' dir='ltr'>επαίδευσε.</span> <span class='ocrx_word' id='word_1_684' title='bbox 2432 3614 2740 3684; x_wconf 81' lang='grc' dir='ltr'>Μακαρίζει</span> <span class='ocrx_word' id='word_1_685' title='bbox 2775 3614 2880 3684; x_wconf 73' lang='grc' dir='ltr'>γὰρ</span> <span class='ocrx_word' id='word_1_686' title='bbox 2918 3615 2978 3667; x_wconf 76' lang='grc' dir='ltr'><strong>οὐ</strong></span> <span class='ocrx_word' id='word_1_687' title='bbox 3012 3615 3138 3676; x_wconf 72' lang='grc' dir='ltr'>τοὺς</span> <span class='ocrx_word' id='word_1_688' title='bbox 3167 3612 3549 3676; x_wconf 82' lang='grc' dir='ltr'>πλουτοῦντας.</span> <span class='ocrx_word' id='word_1_689' title='bbox 3580 3613 3690 3665; x_wconf 74' lang='grc' dir='ltr'><strong>καὶ</strong></span> 
     </span>
    </p>
   </div>
   <div class='ocr_carea' id='block_1_91' title="bbox 2099 3704 3690 3777">
    <p class='ocr_par' dir='ltr' id='par_1_91' title="bbox 2099 3704 3690 3777">
     <span class='ocr_line' id='line_1_91' title="bbox 2099 3704 3690 3777; baseline -0.002 -18"><span class='ocrx_word' id='word_1_690' title='bbox 2099 3705 2437 3777; x_wconf 82' lang='grc' dir='ltr'>τρυφῶντας,</span> <span class='ocrx_word' id='word_1_691' title='bbox 2481 3706 2574 3758; x_wconf 71' lang='grc' dir='ltr'><strong>καὶ</strong></span> <span class='ocrx_word' id='word_1_692' title='bbox 2617 3706 2758 3758; x_wconf 73' lang='grc' dir='ltr'>κατὰ</span> <span class='ocrx_word' id='word_1_693' title='bbox 2807 3705 2932 3774; x_wconf 77' lang='grc' dir='ltr'>ῥοῦν</span> <span class='ocrx_word' id='word_1_694' title='bbox 2986 3704 3338 3774; x_wconf 80' lang='grc' dir='ltr'>φερομένους,</span> <span class='ocrx_word' id='word_1_695' title='bbox 3370 3704 3520 3756; x_wconf 66' lang='lat' dir='ltr'><strong>am</strong></span> <span class='ocrx_word' id='word_1_696' title='bbox 3550 3705 3690 3766; x_wconf 83' lang='grc' dir='ltr'>τοὺς</span> 
     </span>
    </p>
   </div>
   <div class='ocr_carea' id='block_1_92' title="bbox 2103 3777 3690 3866">
    <p class='ocr_par' dir='ltr' id='par_1_92' title="bbox 2103 3795 3690 3866">
     <span class='ocr_line' id='line_1_92' title="bbox 2103 3795 3690 3866; baseline -0.002 -17"><span class='ocrx_word' id='word_1_697' title='bbox 2103 3797 2351 3865; x_wconf 83' lang='grc' dir='ltr'>πτωχοὺς</span> <span class='ocrx_word' id='word_1_698' title='bbox 2384 3795 2464 3864; x_wconf 78' lang='grc' dir='ltr'>τῷ</span> <span class='ocrx_word' id='word_1_699' title='bbox 2495 3795 2785 3866; x_wconf 84' lang='grc' dir='ltr'>πνεύματι,</span> <span class='ocrx_word' id='word_1_700' title='bbox 2834 3795 2925 3847; x_wconf 70' lang='grc' dir='ltr'>καὶ</span> <span class='ocrx_word' id='word_1_701' title='bbox 2977 3795 3103 3857; x_wconf 75' lang='grc' dir='ltr'>τοὺς</span> <span class='ocrx_word' id='word_1_702' title='bbox 3158 3797 3373 3865; x_wconf 83' lang='grc' dir='ltr'>πραεῖς,</span> <span class='ocrx_word' id='word_1_703' title='bbox 3416 3797 3506 3848; x_wconf 65' lang='grc' dir='ltr'><strong>καὶ</strong></span> <span class='ocrx_word' id='word_1_704' title='bbox 3549 3795 3690 3858; x_wconf 66' lang='grc' dir='ltr'>τοὺς</span> 
     </span>
    </p>
   </div>
   <div class='ocr_carea' id='block_1_93' title="bbox 2102 3885 3689 3958">
    <p class='ocr_par' dir='ltr' id='par_1_93' title="bbox 2102 3885 3689 3958">
     <span class='ocr_line' id='line_1_93' title="bbox 2102 3885 3689 3958; baseline -0.001 -20"><span class='ocrx_word' id='word_1_705' title='bbox 2102 3887 2421 3958; x_wconf 80' lang='grc' dir='ltr'>ἐλεήμονας,</span> <span class='ocrx_word' id='word_1_706' title='bbox 2465 3887 2558 3939; x_wconf 68' lang='grc' dir='ltr'><strong>καὶ</strong></span> <span class='ocrx_word' id='word_1_707' title='bbox 2585 3888 2708 3948; x_wconf 80' lang='grc' dir='ltr'>τοὺς</span> <span class='ocrx_word' id='word_1_708' title='bbox 2741 3887 3040 3949; x_wconf 83' lang='grc' dir='ltr'>πεινῶντας</span> <span class='ocrx_word' id='word_1_709' title='bbox 3084 3887 3178 3938; x_wconf 76' lang='grc' dir='ltr'><strong>καὶ</strong></span> <span class='ocrx_word' id='word_1_710' title='bbox 3210 3885 3477 3954; x_wconf 69' lang='grc' dir='ltr'>διψῶντας</span> <span class='ocrx_word' id='word_1_711' title='bbox 3505 3886 3551 3916; x_wconf 82' lang='grc'><strong>⁸³</strong></span> <span class='ocrx_word' id='word_1_712' title='bbox 3580 3885 3689 3955; x_wconf 82' lang='grc' dir='ltr'>τὴν</span> 
     </span>
    </p>
   </div>
   <div class='ocr_carea' id='block_1_94' title="bbox 2103 3973 3692 4046">
    <p class='ocr_par' dir='ltr' id='par_1_94' title="bbox 2103 3973 3692 4046">
     <span class='ocr_line' id='line_1_94' title="bbox 2103 3973 3692 4046; baseline -0.003 -16"><span class='ocrx_word' id='word_1_713' title='bbox 2103 3976 2467 4046; x_wconf 82' lang='grc' dir='ltr'>δικαιοσύνην,</span> <span class='ocrx_word' id='word_1_714' title='bbox 2507 3976 2600 4029; x_wconf 70' lang='grc' dir='ltr'><strong>καὶ</strong></span> <span class='ocrx_word' id='word_1_715' title='bbox 2627 3977 2749 4038; x_wconf 81' lang='grc' dir='ltr'>τοὺς</span> <span class='ocrx_word' id='word_1_716' title='bbox 2778 3976 2914 4044; x_wconf 80' lang='grc' dir='ltr'>ὑπὲρ</span> <span class='ocrx_word' id='word_1_717' title='bbox 2947 3973 3149 4042; x_wconf 78' lang='grc' dir='ltr'>ἀγαθοῦ</span> <span class='ocrx_word' id='word_1_718' title='bbox 3182 3992 3322 4037; x_wconf 86' lang='grc' dir='ltr'>τινος</span> <span class='ocrx_word' id='word_1_719' title='bbox 3365 3974 3547 4036; x_wconf 85' lang='grc' dir='ltr'>κακῶς</span> <span class='ocrx_word' id='word_1_720' title='bbox 3573 3975 3692 4026; x_wconf 84' lang='grc' dir='ltr'>πά-</span> 
     </span>
    </p>
   </div>
   <div class='ocr_carea' id='block_1_95' title="bbox 2107 4064 3692 4137">
    <p class='ocr_par' dir='ltr' id='par_1_95' title="bbox 2107 4064 3692 4137">
     <span class='ocr_line' id='line_1_95' title="bbox 2107 4064 3692 4137; baseline 0.001 -19"><span class='ocrx_word' id='word_1_721' title='bbox 2107 4085 2252 4137; x_wconf 88' lang='grc' dir='ltr'>σχειν</span> <span class='ocrx_word' id='word_1_722' title='bbox 2278 4068 2657 4137; x_wconf 80' lang='grc' dir='ltr'>ἀνεχομένους,</span> <span class='ocrx_word' id='word_1_723' title='bbox 2701 4067 2794 4118; x_wconf 78' lang='grc' dir='ltr'><strong>καὶ</strong></span> <span class='ocrx_word' id='word_1_724' title='bbox 2834 4069 2948 4128; x_wconf 84' lang='grc' dir='ltr'>τοῖς</span> <span class='ocrx_word' id='word_1_725' title='bbox 2986 4065 3158 4118; x_wconf 86' lang='grc' dir='ltr'>ταῦτα</span> <span class='ocrx_word' id='word_1_726' title='bbox 3205 4066 3298 4118; x_wconf 75' lang='grc' dir='ltr'><strong>καὶ</strong></span> <span class='ocrx_word' id='word_1_727' title='bbox 3345 4067 3412 4117; x_wconf 74' lang='grc' dir='ltr'>τὰ</span> <span class='ocrx_word' id='word_1_728' title='bbox 3455 4064 3692 4119; x_wconf 87' lang='grc' dir='ltr'>τοιαῦτα</span> 
     </span>
    </p>
   </div>
   <div class='ocr_carea' id='block_1_96' title="bbox 2106 4157 3688 4229">
    <p class='ocr_par' dir='ltr' id='par_1_96' title="bbox 2106 4157 3688 4229">
     <span class='ocr_line' id='line_1_96' title="bbox 2106 4157 3688 4229; baseline 0 -19"><span class='ocrx_word' id='word_1_729' title='bbox 2106 4158 2456 4229; x_wconf 82' lang='grc' dir='ltr'>κατορθοῦσιν</span> <span class='ocrx_word' id='word_1_730' title='bbox 2484 4159 2821 4228; x_wconf 81' lang='grc' dir='ltr'>ὑπισχνεῖται</span> <span class='ocrx_word' id='word_1_731' title='bbox 2846 4157 2944 4227; x_wconf 84' lang='grc' dir='ltr'>τὴν</span> <span class='ocrx_word' id='word_1_732' title='bbox 2973 4157 3083 4209; x_wconf 86' lang='grc' dir='ltr'><strong>τῶν</strong></span> <span class='ocrx_word' id='word_1_733' title='bbox 3111 4158 3356 4228; x_wconf 82' lang='grc' dir='ltr'>οὐρανῶν</span> <span class='ocrx_word' id='word_1_734' title='bbox 3383 4157 3688 4226; x_wconf 83' lang='grc' dir='ltr'>βασιλείαν.</span> 
     </span>
    </p>
   </div>
   <div class='ocr_carea' id='block_1_97' title="bbox 2108 4246 3694 4321">
    <p class='ocr_par' dir='ltr' id='par_1_97' title="bbox 2108 4246 3694 4321">
     <span class='ocr_line' id='line_1_97' title="bbox 2108 4246 3694 4321; baseline -0.001 -18"><span class='ocrx_word' id='word_1_735' title='bbox 2108 4250 2386 4321; x_wconf 78' lang='grc' dir='ltr'>Προῦργου</span> <span class='ocrx_word' id='word_1_736' title='bbox 2419 4250 2473 4302; x_wconf 77' lang='grc' dir='ltr'>δὲ</span> <span class='ocrx_word' id='word_1_737' title='bbox 2501 4246 2651 4318; x_wconf 80' lang='grc' dir='ltr'>οἶμαι</span> <span class='ocrx_word' id='word_1_738' title='bbox 2686 4249 2780 4301; x_wconf 81' lang='grc' dir='ltr'>καὶ</span> <span class='ocrx_word' id='word_1_739' title='bbox 2804 4249 2998 4312; x_wconf 76' lang='grc' dir='ltr'>αὐτοὺς</span> <span class='ocrx_word' id='word_1_740' title='bbox 3023 4249 3150 4318; x_wconf 80' lang='grc' dir='ltr'>ὑμῖν</span> <span class='ocrx_word' id='word_1_741' title='bbox 3172 4249 3297 4312; x_wconf 70' lang='grc' dir='ltr'>τοὺς</span> <span class='ocrx_word' id='word_1_742' title='bbox 3327 4251 3384 4299; x_wconf 83' lang='grc' dir='ltr'>ὲν</span> <span class='ocrx_word' id='word_1_743' title='bbox 3407 4247 3694 4317; x_wconf 75' lang='grc' dir='ltr'>εὐφημίας</span> 
     </span>
    </p>
   </div>
   <div class='ocr_carea' id='block_1_98' title="bbox 2107 4340 3694 4412">
    <p class='ocr_par' dir='ltr' id='par_1_98' title="bbox 2107 4340 3694 4412">
     <span class='ocr_line' id='line_1_98' title="bbox 2107 4340 3694 4412; baseline -0.002 -17"><span class='ocrx_word' id='word_1_744' title='bbox 2107 4343 2235 4395; x_wconf 84' lang='grc' dir='ltr'>εἴδει</span> <span class='ocrx_word' id='word_1_745' title='bbox 2292 4341 2599 4412; x_wconf 82' lang='grc' dir='ltr'>γραφέντας</span> <span class='ocrx_word' id='word_1_746' title='bbox 2652 4341 2959 4408; x_wconf 88' lang='grc' dir='ltr'>ἀναγνῶναι</span> <span class='ocrx_word' id='word_1_747' title='bbox 3011 4341 3228 4408; x_wconf 79' lang='grc' dir='ltr'>νόμους’</span> <span class='ocrx_word' id='word_1_748' title='bbox 3275 4358 3290 4389; x_wconf 84' lang='grc' dir='ltr'><strong>ι</strong></span> <span class='ocrx_word' id='word_1_749' title='bbox 3325 4340 3602 4408; x_wconf 84' lang='grc' dir='ltr'>Μακάριοι</span> <span class='ocrx_word' id='word_1_750' title='bbox 3639 4341 3694 4392; x_wconf 78' lang='grc' dir='ltr'>οἱ</span> 
     </span>
    </p>
   </div>
   <div class='ocr_carea' id='block_1_99' title="bbox 2108 4430 3693 4503">
    <p class='ocr_par' dir='ltr' id='par_1_99' title="bbox 2108 4430 3693 4503">
     <span class='ocr_line' id='line_1_99' title="bbox 2108 4430 3693 4503; baseline -0.003 -16"><span class='ocrx_word' id='word_1_751' title='bbox 2108 4435 2312 4502; x_wconf 70' lang='grc' dir='ltr'>πτωχοὶ</span> <span class='ocrx_word' id='word_1_752' title='bbox 2345 4433 2422 4503; x_wconf 83' lang='grc' dir='ltr'><strong>τῷ</strong></span> <span class='ocrx_word' id='word_1_753' title='bbox 2443 4434 2729 4501; x_wconf 79' lang='grc' dir='ltr'>πνεύματι,</span> <span class='ocrx_word' id='word_1_754' title='bbox 2759 4432 2838 4483; x_wconf 82' lang='grc' dir='ltr'>ὅτι</span> <span class='ocrx_word' id='word_1_755' title='bbox 2870 4430 3049 4484; x_wconf 76' lang='grc' dir='ltr'>αὐτῶν</span> <span class='ocrx_word' id='word_1_756' title='bbox 3077 4432 3278 4500; x_wconf 71' lang='grc' dir='ltr'>ἐστινὴ</span> <span class='ocrx_word' id='word_1_757' title='bbox 3310 4431 3549 4499; x_wconf 83' lang='grc' dir='ltr'>βασιλεία</span> <span class='ocrx_word' id='word_1_758' title='bbox 3574 4430 3693 4482; x_wconf 84' lang='grc' dir='ltr'><strong>τῶν</strong></span> 
     </span>
    </p>
   </div>
   <div class='ocr_carea' id='block_1_100' title="bbox 2108 4519 3695 4592">
    <p class='ocr_par' dir='ltr' id='par_1_100' title="bbox 2108 4519 3695 4592">
     <span class='ocr_line' id='line_1_100' title="bbox 2108 4519 3695 4592; baseline -0.003 -19"><span class='ocrx_word' id='word_1_759' title='bbox 2108 4519 2370 4592; x_wconf 71' lang='grc' dir='ltr'>οὐρανῶν.</span> <span class='ocrx_word' id='word_1_760' title='bbox 2405 4519 2751 4588; x_wconf 84' lang='grc' dir='ltr'>Μακάριοιοὶ</span> <span class='ocrx_word' id='word_1_761' title='bbox 2783 4522 2997 4589; x_wconf 86' lang='grc' dir='ltr'>πραεῖς,</span> <span class='ocrx_word' id='word_1_762' title='bbox 3034 4520 3115 4572; x_wconf 84' lang='grc' dir='ltr'><strong>ὅτι</strong></span> <span class='ocrx_word' id='word_1_763' title='bbox 3153 4520 3303 4572; x_wconf 75' lang='grc' dir='ltr'>αὐτοὶ</span> <span class='ocrx_word' id='word_1_764' title='bbox 3348 4520 3695 4590; x_wconf 76' lang='grc' dir='ltr'>κληρονομή-</span> 
     </span>
    </p>
   </div>
   <div class='ocr_carea' id='block_1_101' title="bbox 2114 4607 3695 4678">
    <p class='ocr_par' dir='ltr' id='par_1_101' title="bbox 2114 4607 3695 4678">
     <span class='ocr_line' id='line_1_101' title="bbox 2114 4607 3695 4678; baseline 0 -17"><span class='ocrx_word' id='word_1_765' title='bbox 2114 4626 2266 4661; x_wconf 82' lang='grc' dir='ltr'>σουσι</span> <span class='ocrx_word' id='word_1_766' title='bbox 2303 4609 2402 4678; x_wconf 81' lang='grc' dir='ltr'>τὴν</span> <span class='ocrx_word' id='word_1_767' title='bbox 2433 4609 2556 4676; x_wconf 78' lang='grc' dir='ltr'>γῆν.</span> <span class='ocrx_word' id='word_1_768' title='bbox 2588 4609 2865 4678; x_wconf 80' lang='grc' dir='ltr'>Μακάριοι</span> <span class='ocrx_word' id='word_1_769' title='bbox 2887 4610 2935 4661; x_wconf 84' lang='grc' dir='ltr'>οἱ</span> <span class='ocrx_word' id='word_1_770' title='bbox 2971 4609 3261 4671; x_wconf 84' lang='grc' dir='ltr'>πεινῶντες</span> <span class='ocrx_word' id='word_1_771' title='bbox 3303 4611 3394 4662; x_wconf 73' lang='grc' dir='ltr'>καὶ</span> <span class='ocrx_word' id='word_1_772' title='bbox 3426 4607 3695 4676; x_wconf 70' lang='grc' dir='ltr'>διψῶντες</span> 
     </span>
    </p>
   </div>
   <div class='ocr_carea' id='block_1_102' title="bbox 2115 4700 3696 4772">
    <p class='ocr_par' dir='ltr' id='par_1_102' title="bbox 2115 4700 3696 4772">
     <span class='ocr_line' id='line_1_102' title="bbox 2115 4700 3696 4772; baseline 0.001 -18"><span class='ocrx_word' id='word_1_773' title='bbox 2115 4703 2212 4770; x_wconf 83' lang='grc' dir='ltr'><strong>τὴν</strong></span> <span class='ocrx_word' id='word_1_774' title='bbox 2233 4700 2597 4769; x_wconf 76' lang='grc' dir='ltr'>δικαιοσύνην,</span> <span class='ocrx_word' id='word_1_775' title='bbox 2625 4701 2705 4753; x_wconf 83' lang='grc' dir='ltr'><strong>ὅτι</strong></span> <span class='ocrx_word' id='word_1_776' title='bbox 2726 4704 2880 4755; x_wconf 71' lang='grc' dir='ltr'>αὐτοὶ</span> <span class='ocrx_word' id='word_1_777' title='bbox 2911 4702 3372 4772; x_wconf 80' lang='grc' dir='ltr'>χορτασθήσονται</span> <span class='ocrx_word' id='word_1_778' title='bbox 3402 4701 3465 4754; x_wconf 70' lang='grc'><strong>⁸⁵.</strong></span> <span class='ocrx_word' id='word_1_779' title='bbox 3499 4702 3696 4755; x_wconf 71' lang='grc' dir='ltr'>Μακά-</span> 
     </span>
    </p>
   </div>
   <div class='ocr_carea' id='block_1_103' title="bbox 2117 4791 3701 4863">
    <p class='ocr_par' dir='ltr' id='par_1_103' title="bbox 2117 4791 3701 4863">
     <span class='ocr_line' id='line_1_103' title="bbox 2117 4791 3701 4863; baseline 0.004 -19"><span class='ocrx_word' id='word_1_780' title='bbox 2117 4808 2222 4861; x_wconf 91' lang='grc' dir='ltr'>ριοι</span> <span class='ocrx_word' id='word_1_781' title='bbox 2253 4792 2302 4843; x_wconf 80' lang='grc' dir='ltr'>οἱ</span> <span class='ocrx_word' id='word_1_782' title='bbox 2324 4791 2676 4859; x_wconf 64' lang='grc' dir='ltr'>εἰρηνοποιοί,</span> <span class='ocrx_word' id='word_1_783' title='bbox 2710 4793 2792 4845; x_wconf 82' lang='grc' dir='ltr'><strong>ὅτι</strong></span> <span class='ocrx_word' id='word_1_784' title='bbox 2819 4794 2971 4846; x_wconf 75' lang='grc' dir='ltr'>αὐτοὶ</span> <span class='ocrx_word' id='word_1_785' title='bbox 2997 4794 3102 4846; x_wconf 75' lang='grc' dir='ltr'>υἱοὶ</span> <span class='ocrx_word' id='word_1_786' title='bbox 3134 4793 3267 4846; x_wconf 85' lang='grc' dir='ltr'>Θεοῦ</span> <span class='ocrx_word' id='word_1_787' title='bbox 3300 4794 3701 4863; x_wconf 68' lang='grc' dir='ltr'>κληθήσονται.</span> 
     </span>
    </p>
   </div>
   <div class='ocr_carea' id='block_1_104' title="bbox 2117 4881 3706 4956">
    <p class='ocr_par' dir='ltr' id='par_1_104' title="bbox 2117 4881 3706 4956">
     <span class='ocr_line' id='line_1_104' title="bbox 2117 4881 3706 4956; baseline 0.003 -22"><span class='ocrx_word' id='word_1_788' title='bbox 2117 4881 2390 4950; x_wconf 85' lang='grc' dir='ltr'>Μακάριοι</span> <span class='ocrx_word' id='word_1_789' title='bbox 2423 4883 2470 4934; x_wconf 74' lang='lat' dir='ltr'><strong>oi</strong></span> <span class='ocrx_word' id='word_1_790' title='bbox 2499 4881 2844 4952; x_wconf 82' lang='grc' dir='ltr'>δεδιωγμένοι</span> <span class='ocrx_word' id='word_1_791' title='bbox 2867 4885 3052 4938; x_wconf 70' lang='grc' dir='ltr'>ἕνεκεν</span> <span class='ocrx_word' id='word_1_792' title='bbox 3073 4885 3439 4956; x_wconf 77' lang='grc' dir='ltr'>δικαιοσύνης,</span> <span class='ocrx_word' id='word_1_793' title='bbox 3470 4888 3549 4938; x_wconf 83' lang='grc' dir='ltr'>ὅτι</span> <span class='ocrx_word' id='word_1_794' title='bbox 3587 4889 3658 4939; x_wconf 80' lang='grc' dir='ltr'><strong>αὐ</strong></span> <span class='ocrx_word' id='word_1_795' title='bbox 3681 4920 3706 4932; x_wconf 66' lang='grc' dir='ltr'><strong>ο</strong></span> 
     </span>
    </p>
   </div>
   <div class='ocr_carea' id='block_1_105' title="bbox 2117 4970 3708 5048">
    <p class='ocr_par' dir='ltr' id='par_1_105' title="bbox 2117 4970 3708 5048">
     <span class='ocr_line' id='line_1_105' title="bbox 2117 4970 3708 5048; baseline 0.008 -28"><span class='ocrx_word' id='word_1_796' title='bbox 2117 4970 2224 5022; x_wconf 84' lang='grc' dir='ltr'><strong>τῶν</strong></span> <span class='ocrx_word' id='word_1_797' title='bbox 2279 4972 2424 5024; x_wconf 80' lang='grc' dir='ltr'>ἐστιν</span> <span class='ocrx_word' id='word_1_798' title='bbox 2475 4973 2506 5041; x_wconf 84' lang='grc' dir='ltr'><strong>ἡ</strong></span> <span class='ocrx_word' id='word_1_799' title='bbox 2567 4972 2811 5041; x_wconf 85' lang='grc' dir='ltr'>βασιλεία</span> <span class='ocrx_word' id='word_1_800' title='bbox 2851 4976 2960 5029; x_wconf 87' lang='grc' dir='ltr'><strong>τῶν</strong></span> <span class='ocrx_word' id='word_1_801' title='bbox 3000 4978 3261 5048; x_wconf 85' lang='grc' dir='ltr'>οὐρανῶν.</span> <span class='ocrx_word' id='word_1_802' title='bbox 3315 4979 3590 5048; x_wconf 79' lang='grc' dir='ltr'>Μακάριοι</span> <span class='ocrx_word' id='word_1_803' title='bbox 3643 4983 3708 5034; x_wconf 84' lang='grc' dir='ltr'>οἱ</span> 
     </span>
    </p>
   </div>
   <div class='ocr_carea' id='block_1_106' title="bbox 2117 5059 3711 5138">
    <p class='ocr_par' dir='ltr' id='par_1_106' title="bbox 2117 5059 3711 5138">
     <span class='ocr_line' id='line_1_106' title="bbox 2117 5059 3711 5138; baseline 0.008 -28"><span class='ocrx_word' id='word_1_804' title='bbox 2117 5059 2422 5131; x_wconf 76' lang='grc' dir='ltr'>ἐλεήμονες,</span> <span class='ocrx_word' id='word_1_805' title='bbox 2468 5063 2546 5115; x_wconf 83' lang='grc' dir='ltr'>ὅτι</span> <span class='ocrx_word' id='word_1_806' title='bbox 2581 5063 2733 5117; x_wconf 61' lang='grc' dir='ltr'><strong>αὐτοὶ¹</strong></span> <span class='ocrx_word' id='word_1_807' title='bbox 2768 5065 3170 5136; x_wconf 74' lang='grc' dir='ltr'>ἐλεηθήσονται,</span> <span class='ocrx_word' id='word_1_808' title='bbox 3199 5069 3476 5138; x_wconf 85' lang='grc' dir='ltr'>Μακάριοι</span> <span class='ocrx_word' id='word_1_809' title='bbox 3509 5070 3558 5119; x_wconf 76' lang='grc' dir='ltr'><strong>οἱ</strong></span> <span class='ocrx_word' id='word_1_810' title='bbox 3593 5087 3711 5122; x_wconf 59' lang='grc' dir='ltr'>κα-</span> 
     </span>
    </p>
   </div>
   <div class='ocr_carea' id='block_1_107' title="bbox 2117 5149 3711 5225">
    <p class='ocr_par' dir='ltr' id='par_1_107' title="bbox 2117 5149 3711 5225">
     <span class='ocr_line' id='line_1_107' title="bbox 2117 5149 3711 5225; baseline 0.006 -23"><span class='ocrx_word' id='word_1_811' title='bbox 2117 5149 2273 5218; x_wconf 69' lang='grc' dir='ltr'>θαροὶ</span> <span class='ocrx_word' id='word_1_812' title='bbox 2304 5153 2369 5219; x_wconf 82' lang='grc' dir='ltr'>τῇ</span> <span class='ocrx_word' id='word_1_813' title='bbox 2401 5151 2616 5221; x_wconf 79' lang='grc' dir='ltr'>καρδίᾳ,</span> <span class='ocrx_word' id='word_1_814' title='bbox 2657 5154 2737 5205; x_wconf 85' lang='grc' dir='ltr'>ὅτι</span> <span class='ocrx_word' id='word_1_815' title='bbox 2769 5154 2922 5206; x_wconf 77' lang='grc' dir='ltr'>αὐτοὶ</span> <span class='ocrx_word' id='word_1_816' title='bbox 2947 5155 3037 5208; x_wconf 82' lang='grc' dir='ltr'><strong>τὸν</strong></span> <span class='ocrx_word' id='word_1_817' title='bbox 3069 5157 3201 5208; x_wconf 72' lang='grc' dir='ltr'>Θεὸν</span> <span class='ocrx_word' id='word_1_818' title='bbox 3243 5156 3481 5225; x_wconf 70' lang='grc' dir='ltr'>ὄψονται.</span> <span class='ocrx_word' id='word_1_819' title='bbox 3524 5175 3541 5206; x_wconf 74' lang='grc' dir='ltr'><strong>ι</strong></span> <span class='ocrx_word' id='word_1_820' title='bbox 3585 5159 3711 5212; x_wconf 68' lang='grc' dir='ltr'>Καὶ</span> 
     </span>
    </p>
   </div>
   <div class='ocr_carea' id='block_1_108' title="bbox 2119 5236 3708 5318">
    <p class='ocr_par' dir='ltr' id='par_1_108' title="bbox 2119 5236 3708 5318">
     <span class='ocr_line' id='line_1_108' title="bbox 2119 5236 3708 5318; baseline 0.004 -25"><span class='ocrx_word' id='word_1_821' title='bbox 2119 5240 2186 5294; x_wconf 80' lang='grc' dir='ltr'><strong>τά</strong></span> <span class='ocrx_word' id='word_1_822' title='bbox 2219 5241 2353 5294; x_wconf 79' lang='grc' dir='ltr'>ἄλλα</span> <span class='ocrx_word' id='word_1_823' title='bbox 2378 5241 2456 5306; x_wconf 76' lang='grc' dir='ltr'>δὲ,</span> <span class='ocrx_word' id='word_1_824' title='bbox 2479 5236 2522 5294; x_wconf 82' lang='grc' dir='ltr'><strong>ὦ</strong></span> <span class='ocrx_word' id='word_1_825' title='bbox 2545 5243 2754 5313; x_wconf 85' lang='grc' dir='ltr'>ἄνδρες,</span> <span class='ocrx_word' id='word_1_826' title='bbox 2786 5244 2882 5314; x_wconf 82' lang='grc' dir='ltr'>τὴν</span> <span class='ocrx_word' id='word_1_827' title='bbox 2907 5247 3075 5318; x_wconf 80' lang='grc' dir='ltr'>αὐτὴν</span> <span class='ocrx_word' id='word_1_828' title='bbox 3111 5247 3221 5316; x_wconf 76' lang='grc' dir='ltr'>ἔχει</span> <span class='ocrx_word' id='word_1_829' title='bbox 3255 5248 3510 5300; x_wconf 85' lang='grc' dir='ltr'>διάνοιαν.</span> <span class='ocrx_word' id='word_1_830' title='bbox 3551 5248 3708 5300; x_wconf 73' lang='grc' dir='ltr'>Ἀλλ’</span> 
     </span>
    </p>
   </div>
   <div class='ocr_carea' id='block_1_109' title="bbox 2189 5349 3707 5423">
    <p class='ocr_par' dir='ltr' id='par_1_109' title="bbox 2189 5349 3707 5423">
     <span class='ocr_line' id='line_1_109' title="bbox 2189 5349 3707 5423; baseline 0.009 -23"><span class='ocrx_word' id='word_1_831' title='bbox 2189 5362 2202 5398; x_wconf 69' lang='grc' dir='ltr'><strong>ι</strong></span> <span class='ocrx_word' id='word_1_832' title='bbox 2249 5349 2440 5404; x_wconf 83' lang='lat' dir='ltr'><strong>Matth.</strong></span> <span class='ocrx_word' id='word_1_833' title='bbox 2474 5368 2526 5418; x_wconf 73' lang='grc' dir='ltr'>γ,</span> <span class='ocrx_word' id='word_1_834' title='bbox 2589 5353 2723 5408; x_wconf 81' lang='grc'><strong>5-10</strong></span> <span class='ocrx_word' id='word_1_835' title='bbox 2789 5354 2906 5423; x_wconf 88' lang='lat' dir='ltr'><strong>(sed</strong></span> <span class='ocrx_word' id='word_1_836' title='bbox 2962 5365 3171 5411; x_wconf 86' lang='lat' dir='ltr'><strong>mutato</strong></span> <span class='ocrx_word' id='word_1_837' title='bbox 3224 5368 3555 5412; x_wconf 92' lang='lat' dir='ltr'><strong>commatum</strong></span> <span class='ocrx_word' id='word_1_838' title='bbox 3597 5373 3707 5413; x_wconf 76' lang='lat' dir='ltr'><strong>or—</strong></span> 
     </span>
    </p>
   </div>
   <div class='ocr_carea' id='block_1_110' title="bbox 1711 5473 2402 5544">
    <p class='ocr_par' dir='ltr' id='par_1_110' title="bbox 1711 5473 2402 5544">
     <span class='ocr_line' id='line_1_110' title="bbox 1711 5473 2402 5544; baseline 0.014 -10"><span class='ocrx_word' id='word_1_839' title='bbox 1711 5479 1950 5536; x_wconf 69' lang='grc' dir='ltr'>νΑιιῑΑῑ</span> <span class='ocrx_word' id='word_1_840' title='bbox 1993 5473 2402 5544; x_wconf 76' lang='lat' dir='ltr'><strong>LECTIONES.</strong></span> 
     </span>
    </p>
   </div>
   <div class='ocr_carea' id='block_1_111' title="bbox 517 5621 2129 5696">
    <p class='ocr_par' dir='ltr' id='par_1_111' title="bbox 517 5621 2129 5696">
     <span class='ocr_line' id='line_1_111' title="bbox 517 5621 2129 5696; baseline 0.002 -21"><span class='ocrx_word' id='word_1_841' title='bbox 517 5621 559 5696; x_wconf 61' lang='grc' dir='ltr'><strong>⁷ἶ</strong></span> <span class='ocrx_word' id='word_1_842' title='bbox 590 5621 1330 5696; x_wconf 15' lang='grc' dir='ltr'>Ἦ-ρακλὲωνιίδιηγουμένῳ.</span> <span class='ocrx_word' id='word_1_843' title='bbox 1397 5623 1806 5696; x_wconf 13' lang='grc' dir='ltr'>Ἠρακλεωνίδῃί</span> <span class='ocrx_word' id='word_1_844' title='bbox 1847 5627 2129 5696; x_wconf 82' lang='grc' dir='ltr'>ἡγουμένῳ</span> 
     </span>
    </p>
   </div>
   <div class='ocr_carea' id='block_1_112' title="bbox 486 5691 2705 5768">
    <p class='ocr_par' dir='ltr' id='par_1_112' title="bbox 486 5691 2705 5768">
     <span class='ocr_line' id='line_1_112' title="bbox 486 5691 2705 5768; baseline 0.003 -22"><span class='ocrx_word' id='word_1_845' title='bbox 486 5691 621 5768; x_wconf 66' lang='grc' dir='ltr'>ιοξίου</span> <span class='ocrx_word' id='word_1_846' title='bbox 731 5692 894 5768; x_wconf 73' lang='lat' dir='ltr'><strong>Sirm__.</strong></span> <span class='ocrx_word' id='word_1_847' title='bbox 926 5691 1056 5749; x_wconf 66' lang='grc' dir='ltr'><strong>Μοι⁷</strong></span> <span class='ocrx_word' id='word_1_848' title='bbox 1078 5691 1366 5768; x_wconf 39' lang='grc' dir='ltr'>ἔπραξέ-τι</span> <span class='ocrx_word' id='word_1_849' title='bbox 1406 5691 1508 5746; x_wconf 77' lang='lat' dir='ltr'><strong>Vl).</strong></span> <span class='ocrx_word' id='word_1_850' title='bbox 1547 5694 1589 5724; x_wconf 75' lang='lat'><strong>7’</strong></span> <span class='ocrx_word' id='word_1_851' title='bbox 1607 5691 2355 5768; x_wconf 39' lang='grc' dir='ltr'>,ἀφεῖσθαι.-ἀφίξεσθαιίνιλ</span> <span class='ocrx_word' id='word_1_852' title='bbox 2379 5691 2456 5752; x_wconf 77' lang='grc' dir='ltr'><strong>Ἰ).</strong></span> <span class='ocrx_word' id='word_1_853' title='bbox 2484 5700 2604 5753; x_wconf 80' lang='lat' dir='ltr'><strong>Mox</strong></span> <span class='ocrx_word' id='word_1_854' title='bbox 2633 5701 2705 5768; x_wconf 82' lang='grc' dir='ltr'>μὴ</span> 
     </span>
    </p>
   </div>
   <div class='ocr_carea' id='block_1_113' title="bbox 3038 5632 3702 5703">
    <p class='ocr_par' dir='ltr' id='par_1_113' title="bbox 3038 5632 3702 5703">
     <span class='ocr_line' id='line_1_113' title="bbox 3038 5632 3702 5703; baseline 0.008 -20"><span class='ocrx_word' id='word_1_855' title='bbox 3038 5632 3081 5664; x_wconf 80' lang='grc'><strong>⁷⁸</strong></span> <span class='ocrx_word' id='word_1_856' title='bbox 3097 5634 3156 5684; x_wconf 74' lang='grc' dir='ltr'>οὐ</span> <span class='ocrx_word' id='word_1_857' title='bbox 3181 5632 3380 5702; x_wconf 84' lang='grc' dir='ltr'>βιαίου.</span> <span class='ocrx_word' id='word_1_858' title='bbox 3406 5635 3464 5686; x_wconf 83' lang='grc' dir='ltr'>οὐ</span> <span class='ocrx_word' id='word_1_859' title='bbox 3497 5634 3702 5703; x_wconf 72' lang='grc' dir='ltr'>μικρὸν</span> 
     </span>
    </p>
   </div>
   <div class='ocr_carea' id='block_1_114' title="bbox 2181 5630 3692 5758">
    <p class='ocr_par' dir='ltr' id='par_1_114' title="bbox 2181 5630 3692 5758">
     <span class='ocr_line' id='line_1_114' title="bbox 2181 5630 3692 5703; baseline 0.004 -21"><span class='ocrx_word' id='word_1_860' title='bbox 2181 5630 2242 5692; x_wconf 80' lang='lat' dir='ltr'><strong>C,</strong></span> <span class='ocrx_word' id='word_1_861' title='bbox 2307 5630 2676 5699; x_wconf 79' lang='grc' dir='ltr'>Ἡρακλεονίδι</span> <span class='ocrx_word' id='word_1_862' title='bbox 2729 5633 2819 5698; x_wconf 57' lang='grc' dir='ltr'>ίγ.</span> <span class='ocrx_word' id='word_1_863' title='bbox 2859 5631 2955 5686; x_wconf 83' lang='lat' dir='ltr'><strong>Va.</strong></span> <span class='ocrx_word' id='word_1_864' title='bbox 3038 5632 3081 5664; x_wconf 80' lang='grc'><strong>⁷⁸</strong></span> <span class='ocrx_word' id='word_1_865' title='bbox 3097 5634 3156 5684; x_wconf 74' lang='grc' dir='ltr'>οὐ</span> <span class='ocrx_word' id='word_1_866' title='bbox 3181 5632 3380 5702; x_wconf 84' lang='grc' dir='ltr'>βιαίου.</span> <span class='ocrx_word' id='word_1_867' title='bbox 3406 5635 3464 5686; x_wconf 83' lang='grc' dir='ltr'>οὐ</span> <span class='ocrx_word' id='word_1_868' title='bbox 3497 5634 3692 5703; x_wconf 62' lang='grc' dir='ltr'>μικρὸν</span> 
     </span>
     <span class='ocr_line' id='line_1_115' title="bbox 2181 5663 3692 5758; baseline 0.005 -8"><span class='ocrx_word' id='word_1_869' title='bbox 2181 5714 2225 5750; x_wconf 77' lang='grc' dir='ltr'>ιι</span> <span class='ocrx_word' id='word_1_870' title='bbox 2253 5698 2355 5758; x_wconf 80' lang='lat' dir='ltr'><strong>Vb,</strong></span> <span class='ocrx_word' id='word_1_871' title='bbox 2395 5700 2456 5752; x_wconf 80' lang='grc' dir='ltr'>ι).</span> <span class='ocrx_word' id='word_1_872' title='bbox 2484 5700 2604 5753; x_wconf 80' lang='lat' dir='ltr'><strong>Mox</strong></span> <span class='ocrx_word' id='word_1_873' title='bbox 2633 5701 2704 5758; x_wconf 77' lang='grc' dir='ltr'>μὴ</span> <span class='ocrx_word' id='word_1_874' title='bbox 2741 5663 2797 5753; x_wconf 70' lang='grc' dir='ltr'>ἐι</span> <span class='ocrx_word' id='word_1_875' title='bbox 2826 5693 2928 5756; x_wconf 71' lang='lat' dir='ltr'><strong>Vb.</strong></span> <span class='ocrx_word' id='word_1_876' title='bbox 2965 5703 3011 5734; x_wconf 71' lang='lat'><strong>8°</strong></span> <span class='ocrx_word' id='word_1_877' title='bbox 3046 5703 3180 5755; x_wconf 79' lang='grc' dir='ltr'>ἀλλά</span> <span class='ocrx_word' id='word_1_878' title='bbox 3207 5704 3318 5755; x_wconf 83' lang='grc' dir='ltr'>καί.</span> <span class='ocrx_word' id='word_1_879' title='bbox 3354 5705 3446 5756; x_wconf 72' lang='grc' dir='ltr'><strong>και</strong></span> <span class='ocrx_word' id='word_1_880' title='bbox 3479 5719 3588 5757; x_wconf 92' lang='lat' dir='ltr'><strong>om.</strong></span> <span class='ocrx_word' id='word_1_881' title='bbox 3622 5703 3692 5758; x_wconf 65' lang='grc' dir='ltr'><strong>ι).</strong></span> 
     </span>
    </p>
   </div>
   <div class='ocr_carea' id='block_1_115' title="bbox 476 5759 3687 5840">
    <p class='ocr_par' dir='ltr' id='par_1_115' title="bbox 476 5759 3687 5840">
     <span class='ocr_line' id='line_1_116' title="bbox 476 5759 3687 5840; baseline 0.003 -30"><span class='ocrx_word' id='word_1_882' title='bbox 476 5760 492 5789; x_wconf 74' lang='grc'>⁸</span> <span class='ocrx_word' id='word_1_883' title='bbox 514 5759 831 5840; x_wconf 64' lang='grc' dir='ltr'>ἀγαγόντας.</span> <span class='ocrx_word' id='word_1_884' title='bbox 863 5765 1091 5840; x_wconf 74' lang='grc' dir='ltr'>ἄγοντας</span> <span class='ocrx_word' id='word_1_885' title='bbox 1113 5759 1176 5840; x_wconf 56' lang='grc' dir='ltr'><strong>(ξ,</strong></span> <span class='ocrx_word' id='word_1_886' title='bbox 1200 5759 1262 5818; x_wconf 83' lang='lat' dir='ltr'><strong>D.</strong></span> <span class='ocrx_word' id='word_1_887' title='bbox 1293 5762 1413 5840; x_wconf 48' lang='lat' dir='ltr'><strong>M0}</strong></span> <span class='ocrx_word' id='word_1_888' title='bbox 1448 5759 1784 5840; x_wconf 58' lang='grc' dir='ltr'>πεμφθέντες</span> <span class='ocrx_word' id='word_1_889' title='bbox 1809 5761 1867 5818; x_wconf 87' lang='lat' dir='ltr'><strong>C.</strong></span> <span class='ocrx_word' id='word_1_890' title='bbox 1905 5759 2348 5840; x_wconf 36' lang='grc' dir='ltr'><strong>⁸³π’ᾕΕῦοιγγελίῳν.⁷</strong></span> <span class='ocrx_word' id='word_1_891' title='bbox 2373 5769 2578 5840; x_wconf 75' lang='grc' dir='ltr'>ἀνδρῶν</span> <span class='ocrx_word' id='word_1_892' title='bbox 2609 5759 2708 5824; x_wconf 60' lang='lat' dir='ltr'><strong>Vb.</strong></span> <span class='ocrx_word' id='word_1_893' title='bbox 2754 5772 2799 5803; x_wconf 82' lang='grc'><strong>⁸³</strong></span> <span class='ocrx_word' id='word_1_894' title='bbox 2829 5772 3116 5838; x_wconf 70' lang='grc' dir='ltr'>διψῶντας.</span> <span class='ocrx_word' id='word_1_895' title='bbox 3159 5775 3282 5834; x_wconf 73' lang='grc' dir='ltr'>τοὺς</span> <span class='ocrx_word' id='word_1_896' title='bbox 3319 5772 3586 5840; x_wconf 75' lang='grc' dir='ltr'>διψῶντας</span> <span class='ocrx_word' id='word_1_897' title='bbox 3618 5773 3687 5838; x_wconf 76' lang='lat' dir='ltr'><strong>lt,</strong></span> 
     </span>
    </p>
   </div>
   <div class='ocr_carea' id='block_1_116' title="bbox 449 5827 3601 5914">
    <p class='ocr_par' dir='ltr' id='par_1_116' title="bbox 449 5827 3601 5914">
     <span class='ocr_line' id='line_1_117' title="bbox 449 5827 3601 5914; baseline 0.006 -38"><span class='ocrx_word' id='word_1_898' title='bbox 449 5827 544 5895; x_wconf 87' lang='lat' dir='ltr'><strong>qui</strong></span> <span class='ocrx_word' id='word_1_899' title='bbox 575 5827 714 5880; x_wconf 83' lang='lat' dir='ltr'><strong>infra</strong></span> <span class='ocrx_word' id='word_1_900' title='bbox 742 5827 934 5898; x_wconf 72' lang='grc' dir='ltr'>νόμους</span> <span class='ocrx_word' id='word_1_901' title='bbox 960 5827 1280 5902; x_wconf 71' lang='grc' dir='ltr'>ἀναγνῶναι.</span> <span class='ocrx_word' id='word_1_902' title='bbox 1363 5833 1406 5862; x_wconf 59' lang='grc' dir='ltr'><strong>ελ</strong></span> <span class='ocrx_word' id='word_1_903' title='bbox 1439 5827 1911 5900; x_wconf 72' lang='grc' dir='ltr'>χορτασθήσονται.</span> <span class='ocrx_word' id='word_1_904' title='bbox 1941 5833 2064 5888; x_wconf 79' lang='lat' dir='ltr'><strong>Post</strong></span> <span class='ocrx_word' id='word_1_905' title='bbox 2099 5827 2152 5887; x_wconf 71' lang='lat' dir='ltr'><strong>h.</strong></span> <span class='ocrx_word' id='word_1_906' title='bbox 2187 5852 2236 5889; x_wconf 85' lang='lat' dir='ltr'><strong>v.</strong></span> <span class='ocrx_word' id='word_1_907' title='bbox 2274 5827 2531 5891; x_wconf 53' lang='lat' dir='ltr'><strong>inserit&#39;D</strong></span> <span class='ocrx_word' id='word_1_908' title='bbox 2555 5840 2825 5911; x_wconf 84' lang='grc' dir='ltr'>Μακάριοι</span> <span class='ocrx_word' id='word_1_909' title='bbox 2856 5827 2904 5892; x_wconf 67' lang='lat' dir='ltr'><strong>oi</strong></span> <span class='ocrx_word' id='word_1_910' title='bbox 2949 5827 3330 5912; x_wconf 59' lang='grc' dir='ltr'>ἐλεήμονεςίυ</span> <span class='ocrx_word' id='word_1_911' title='bbox 3361 5827 3601 5914; x_wconf 52' lang='grc' dir='ltr'>ἧᾲονταί.</span> 
     </span>
    </p>
   </div>
  </div>
