4056 6418
362 381 498 449 H13

887 387 1324 451 GRAECARUM
1362 390 1662 451 AFFECT.
1701 386 2234 456 CURATIO.—XL
2276 397 2373 458 DE
2412 396 2591 456 FINE
2630 396 2725 455 ET
2762 394 3078 455 JUDICIO.

3472 388 3606 456 1114

361 500 524 570 ἀρκεῖ
551 499 647 552 καὶ⁹
684 497 853 553 ταῦτα
883 500 1122 571 δηλῶσαι
1147 502 1238 555 τὸν
1262 503 1355 555 τοῦ
1380 502 1668 573 νομοθέτου
1707 501 1928 565 σκοπὸν,

2044 520 2136 559 nos
2163 518 2412 576 spectare
2452 508 2615 562 ﬁnem
2646 506 2953 561 edocuerit.
2984 504 3175 573 Neque
3206 501 3352 556 enim
3378 496 3607 556 divitias

362 589 456 642 καὶ
486 587 623 659 πρὸς
650 591 801 642 ποῖον
824 592 970 661 ἡμᾶς
996 592 1204 665 ἅφορᾷν
1230 593 1432 658 ἐδίδαξε
1454 593 1626 657 τέλος.
1660 592 1797 647 Οὔτε
1825 592 1934 664 γὰρ

338 680 594 757 Ιπλοῦτον
629 682 957 752 καραδοκεῖν
988 684 1293 748 ἐκέλευσεν,
1339 684 1461 738 οὗτε
1493 685 1742 756 σώματος
1783 684 1932 755 ὥραν

362 774 459 828 καὶ
507 774 714 841 ὑγείαν,
764 774 897 828 ἀλλὰ
946 776 1070 839 τοὺς
1110 778 1208 846 τῆς
1238 777 1439 847 ἀρετῆς
1471 778 1516 809 ⁸⁵
1548 776 1798 848 ἱδρῶτας,
1840 776 1935 829 καὶ

362 864 489 928 τοὺς
521 865 662 936 ὑπὲρ
700 865 901 935 ταύτης
934 866 1229 932 κινδύνους,
1267 868 1360 920 καὶ
1393 868 1461 920 τὰ
1506 866 1737 937 μέγιστα
1765 867 1934 936 αὐτῆς

363 948 502 1005 ἆθλα
536 955 628 1006 καὶ
653 953 885 1025 ἄρρητα.
910 954 1003 1018 Τίς
1025 954 1134 1026 γάρ
1171 956 1352 1019 ἱκανὸς
1378 956 1534 1024 λόγος
1556 954 1934 1025 τεκμηριῶσαι

365 1043 646 1113 βασιλείαν
686 1045 932 1115 οὐρανῶν
977 1045 1281 1115 ἀνῶλεθρόν
1322 1064 1381 1101 τε
1426 1048 1519 1101 καὶ
1560 1048 1805 1120 ἄπειρον,
1838 1047 1935 1100 καὶ

366 1134 480 1202 βίον
508 1135 730 1208 ἀγήρων
766 1135 812 1168 ⁸⁸
844 1136 940 1189 καὶ
974 1136 1198 1204 ἄλυπον,
1242 1136 1337 1191 καὶ
1389 1137 1683 1209 φροντίδων
1730 1136 1938 1190 ἐλεύθε-

366 1240 496 1293 ρον;
541 1226 677 1294 Περὶ
727 1223 930 1278 τούτων
978 1228 1006 1278 ό
1057 1225 1341 1291 Θεσπέσιος
1395 1225 1601 1291 Παῦλος
1654 1224 1771 1296 βοᾷο
1813 1244 1831 1276 ι
1870 1224 1938 1277 "A

362 1314 640 1385 ὀφθαλμὸς
668 1317 769 1369 οὐκ
800 1312 929 1383 εἶδε,
966 1318 1059 1371 καὶ
1089 1314 1182 1381 οῦς
1228 1318 1328 1371 οὐκ
1370 1318 1593 1388 ἤκουσε,
1639 1318 1732 1371 καὶ
1769 1319 1861 1370 ἐπὶ
1889 1318 1936 1350 ⁸⁷

365 1404 594 1474 καρδίαν
645 1404 930 1474 ἀνθρώπου
965 1406 1065 1460 οὐκ
1095 1405 1284 1477 ἀνέϐη,
1323 1406 1359 1461 ἃ
1405 1407 1697 1478 ἡτοίμασεν
1742 1410 1769 1461 ό
1805 1407 1934 1471 Θεὸς

362 1497 478 1558 τοῖς
520 1495 807 1564 ἀγαπῶσιν
851 1497 1034 1552 αὐτόν.
1066 1517 1084 1548 ι
1120 1499 1184 1551 El
1223 1498 1280 1551 δὲ
1323 1500 1351 1552 ό
1383 1499 1587 1552 τούτων
1624 1500 1865 1570 ἐπόπτης
1891 1499 1937 1531 ⁸⁸

363 1588 464 1639 οὐκ
495 1586 709 1658 ἴσχυσεν
733 1590 909 1642 εἰπεῖν
938 1589 1079 1659 άπερ
1105 1589 1231 1642 ίδείν
1263 1589 1308 1622 ⁸9
1339 1589 1567 1660 ἠξιώθη,
1599 1590 1758 1661 σχολῇ
1793 1590 1844 1658 γ’
1871 1590 1937 1645 ἂν

364 1679 523 1742 ἄλλος
578 1678 683 1732 τῶν
732 1679 1025 1751 ἀφράστων
1066 1679 1557 1752 κατατολμήσοιθθ.
1595 1682 1718 1735 Ὅτι
1761 1682 1819 1734 δὲ
1844 1682 1937 1735 καὶ

364 1771 526 1833 αὐτὸς
556 1770 710 1834 τέλος
740 1771 975 1843 ὡρίσατο
1000 1774 1108 1825 τῶν
1130 1772 1349 1841 ἀγαθῶν
1376 1774 1475 1843 τὴν
1502 1772 1645 1844 ζωὴν
1679 1773 1776 1843 τὴν
1808 1773 1937 1825 αἰώ-

363 1879 503 1923 νιον,
540 1862 809 1915 ἀκούσατε
863 1862 1028 1916 αὐτοῦ
1090 1861 1383 1934 Ῥωμαίοις
1410 1864 1731 1934 γράφοντος·
1764 1883 1783 1915 r
1807 1864 1935 1917 Ὅτε

363 1949 475 2019 γὰρ
505 1946 601 2021 ἦτε
629 1951 802 2004 δοῦλοι
838 1952 937 2021 τῆς
981 1952 1275 2022 ἁμαρτίας,
1303 1952 1576 2024 ἐλεύθεροι
1622 1949 1721 2024 ἦτε
1755 1956 1822 2025 τῇ
1861 1953 1938 2006 δι-

364 2043 647 2111 καιοσύνῃ.
673 2044 805 2096 Τίνα
848 2039 939 2097 οὖν
980 2038 1190 2114 καρπὸν
1224 2043 1397 2114 εἴχετε
1448 2043 1568 2096 τότε
1608 2043 1696 2114 ἐφ’
1724 2037 1804 2107 οἷς
1842 2043 1938 2098 νῦν

362 2132 795 2204 ἑπαισχύνεσθες
848 2134 921 2186 Τὸ
959 2135 1057 2204 μὲν
1087 2135 1196 2206 γὰρ
1237 2135 1388 2196 τέλος
1432 2136 1746 2202 ὲκείνωνθί,
1778 2135 1941 2190 θάνα-

361 2241 475 2288 τος·
511 2227 628 2278 νυνὶ
650 2224 727 2287 δὲ,
758 2223 1213 2294 ἐλευθερωθέντες
1248 2223 1411 2296 [ἅμα]
1441 2224 1486 2256 ⁹²
1512 2225 1619 2278 ἀπὸ
1649 2224 1749 2296 τῆς
1770 2225 1942 2295 ἁμαρ-

360 2316 506 2382 τίας,
555 2315 912 2378 δουλωθέντες
960 2316 1017 2368 δὲ
1063 2315 1139 2385 τῷ
1184 2315 1322 2386 Θεῷ,
1376 2315 1527 2387 ἔχετε
1586 2316 1676 2369 τὸν
1724 2317 1941 2388 καρπὸν

362 2408 518 2478 ὑμῶν
546 2409 627 2471 είς
656 2408 924 2476 άγιασμδν
954 2409 1021 2475 9³,
1046 2408 1107 2460 τὸ
1134 2407 1191 2461 δὲ
1216 2408 1388 2472 τέλος,
1421 2408 1566 2482 ζωὴν
1595 2408 1832 2464 αἰώνιον.
1860 2408 1942 2461 Τά

360 2498 473 2568 γὰρ
510 2496 714 2565 ὀψώνια
756 2496 856 2567 τῆς
887 2498 1180 2569 ἁμαρτίας,
1220 2498 1469 2562 θάνατος’
1508 2499 1570 2552 τὸ
1610 2499 1667 2552 δὲ
1695 2499 1940 2569 χάρισμα

358 2587 458 2640 τοῦ
489 2586 649 2653 Θεοῦ,
683 2586 795 2658 ζωὴ
830 2586 1048 2651 αἰώνιος
1091 2590 1149 2642 ὲν
1174 2588 1392 2659 Χριστῷ
1427 2588 1600 2660 Ἰησοῦ
1643 2590 1721 2660 τῷ
1753 2589 1941 2660 Κυρίῳ

359 2680 544 2750 ἡμῶν.
583 2699 601 2731 ι
649 2681 838 2751 Ἀρκεῖ
858 2680 980 2751 μὲν,
1021 2681 1175 2751 φησὶ,
1208 2679 1359 2751 [161]
1383 2681 1483 2739 ,καὶ
1508 2679 1647 2752 αὐτὴ
1687 2679 1809 2735 καθ’
1844 2681 1943 2734 αὑ·

359 2772 462 2842 τὴν
515 2773 545 2843 ἡ
582 2772 681 2843 τῆς
718 2771 1032 2843 ἐλευθερίας
1082 2771 1263 2843 δωρεὰ
1312 2771 1402 2826 τὸν
1447 2772 1548 2843 τῆς
1589 2771 1871 2835 εὐσεϐείας
1897 2769 1943 2804 ⁹⁴

362 2864 493 2934 ὑμῖν
521 2865 567 2896 ’³
592 2863 853 2927 ἐπιδεῖξαι
883 2864 1114 2935 καρπὸν,
1168 2864 1233 2917 ἐκ
1264 2863 1573 2933 φιλοτιμίας
1616 2862 1674 2916 δὲ
1721 2863 1872 2935 ὅμως
1913 2864 1943 2917 ὁ

365 2953 666 3025 φιλόδωρος
703 2954 795 3007 καὶ
824 2953 1198 3027 μεγαλόδωρος
1232 2953 1438 3025 Κύριος
1471 2953 1565 3007 καὶ
1596 2953 1694 3024 τὴν
1728 2953 1945 3009 αἰώνιον

369 3047 503 3117 ὑμῖν
544 3045 796 3114 δωρεῖται
832 3046 976 3116 ζωὴν
1000 3047 1069 3110 9⁸,
1100 3046 1187 3099 ἵνα
1229 3045 1498 3117 ἁμαρτίας
1532 3045 1626 3099 καὶ
1671 3044 1945 3099 δικαιοσύ-

2034 606 2352 665 exspectare
2384 613 2485 651 nos
2517 597 2702 667 jussit,
2743 610 2849 649 nec
2888 591 3359 664 pulchritudinem
3398 589 3603 644 sanita-

2036 695 2255 755 temque
2279 688 2548 757 corporis,
2572 686 2669 741 sed
2691 687 2913 741 virtutis
2939 685 3191 748 sudores,
3217 693 3274 736 et
3299 680 3605 750 suscipien-

2034 778 2103 833 da
2134 779 2205 833 ob
2244 779 2391 840 illam
2434 778 2776 841 discrimina,
2821 778 3169 845 maximaque
3215 784 3270 827 et
3300 770 3604 840 inexplica-

2036 870 2168 924 bilia
2192 871 2342 924 illius
2370 871 2612 940 praemia.
2638 870 2771 934 Quae
2792 868 2945 922 enim
2976 866 3194 935 assequi
3223 864 3399 934 possit
3427 861 3606 917 oratio

2036 960 2342 1014 immortale
2370 959 2502 1014 illud
2527 958 2914 1025 inﬁnitumque
2941 970 3167 1025 regnum
3194 953 3481 1025 etmalorum,
3517 950 3604 1004 vi-

2035 1060 2255 1121 tamque
2278 1051 2455 1115 senio,
2482 1050 2632 1106 curis
2669 1057 2724 1104 et
2752 1048 3036 1103 doloribus
3055 1045 3376 1100 carentem?
3415 1044 3491 1097 De
3518 1042 3607 1097 his

2036 1141 2196 1196 divus
2217 1142 2417 1196 Paulus
2434 1142 2704 1197 exclamat
2730 1156 2744 1193 :
2775 1159 2792 1189 ι
2818 1139 2954 1205 Quae
2974 1137 3167 1191 oculus
3186 1151 3295 1189 non
3321 1134 3480 1198 vidit,
3505 1148 3609 1189 nec

2035 1229 2188 1285 auris
2217 1231 2445 1296 audivit,
2472 1245 2579 1285 nec
2606 1230 2661 1283 in
2686 1244 2782 1283 eor
2814 1225 3056 1282 hominis
3077 1222 3462 1286 ascenderunt,
3487 1236 3609 1290 quae

2035 1325 2247 1394 paravit
2269 1324 2415 1378 Deus
2440 1322 2800 1393 diligentibus
2831 1333 2961 1374 eum
3006 1318 3055 1370 ιι.
3098 1336 3115 1367 ι
3157 1314 3313 1382 Quod
3358 1314 3404 1368 si
3440 1314 3485 1368 is
3514 1312 3608 1382 qui

2036 1421 2313 1484 spectator
2348 1413 2475 1478 fuit,
2527 1428 2753 1467 narrare
2808 1411 2902 1465 illa
2950 1423 3062 1462 non
3113 1406 3315 1477 potuit,
3373 1418 3610 1474 quorum

2036 1506 2351 1575 spectaculo
2369 1504 2567 1575 dignus
2589 1512 2675 1559 est
2698 1502 2893 1567 lactus,
2917 1515 3062 1571 aegre
3085 1498 3227 1553 alius
3280 1513 3345 1551 ea
3377 1495 3613 1551 tentabit

2035 1613 2159 1668 quae
2199 1597 2461 1667 explicari
2503 1612 2616 1651 non
2654 1594 2864 1665 1002
2901 1599 3152 1664 possunt.
3195 1589 3352 1656 Quod
3394 1604 3522 1643 vero
3554 1595 3613 1643 et

2038 1692 2153 1763 ipse
2183 1692 2347 1746 ﬁnem
2381 1691 2659 1745 bonorum
2695 1688 2863 1743 vitam
2893 1696 3153 1741 aeternam
3178 1698 3299 1738 esse
3333 1681 3607 1744 statuerit,

2038 1783 2225 1838 audite
2256 1782 2324 1836 ad
2361 1782 2639 1836 Romanos
2670 1780 2785 1834 haec
2818 1773 3153 1832 scribentem
3188 1792 3201 1827 ε
3244 1794 3260 1824 ι
3293 1772 3428 1828 Cum
3461 1772 3610 1826 enim

2038 1872 2180 1927 servi
2203 1871 2399 1926 essetis
2417 1869 2651 1940 peccati,
2668 1866 2830 1922 liberi
2851 1866 3033 1920 fuistis
3051 1865 3155 1935 ipsi
3171 1863 3415 1935 justitize.
3436 1860 3607 1928 Quem

2038 1978 2166 2033 ergo
2195 1962 2433 2015 fructum
2468 1960 2742 2014 habuistis
2768 1968 2900 2014 tunc
2930 1958 2986 2011 in
3014 1956 3143 2019 illis,
3185 1969 3422 2024 quorum
3449 1967 3611 2007 causa

2038 2067 2187 2107 nunc
2218 2050 2585 2106 erubescitis?
2612 2065 2737 2103 nam
2764 2047 2890 2102 ﬁnis
2910 2048 3128 2102 illorum
3152 2060 3300 2100 mors
3326 2052 3431 2099 est.
3453 2043 3613 2096 Nunc

2040 2152 2225 2199 autem
2271 2142 2493 2197 liberati
2529 2156 2559 2194 a
2594 2147 2840 2209 peccato,
2889 2137 3035 2192 servi
3078 2147 3260 2190 autem
3312 2134 3438 2188 facti
3476 2133 3610 2196 Deo,

2040 2233 2257 2288 habetis
2289 2232 2529 2287 fructum
2553 2240 2800 2285 vestrum
2839 2229 2893 2283 in
2910 2227 3421 2290 sanctiﬁcationem,
3449 2223 3614 2278 ﬁnem

2039 2340 2174 2381 vero
2226 2324 2392 2379 vitam
2444 2331 2727 2378 :eternam.
2778 2319 3062 2389 Stipendia
3108 2317 3254 2372 enim
3318 2315 3551 2387 peccati,
3596 2317 3614 2336 '

2040 2431 2189 2471 mors
2214 2433 2227 2469 :
2253 2415 2427 2487 gratia
2448 2421 2632 2469 autem
2654 2412 2771 2476 Dei,
2801 2412 2911 2467 vita
2932 2419 3140 2467 aeterna
3166 2411 3222 2464 in
3242 2408 3464 2463 Christo
3485 2407 3614 2463 Iesu

2040 2506 2273 2561 Domino
2303 2514 2496 2561 nostro
2532 2502 2576 2559 1.
2609 2523 2627 2555 ι
2660 2503 2805 2558 Satis
2831 2509 2937 2568 est,
2976 2501 3177 2571 inquit,
3215 2500 3394 2569 ipsum
3427 2512 3524 2567 per
3555 2512 3615 2551 se

2040 2596 2312 2651 libertatis
2328 2596 2555 2661 donum,
2576 2604 2639 2649 ut
2655 2594 2892 2648 fructum
2910 2592 3067 2647 vobis
3086 2591 3309 2661 pietatis
3326 2588 3613 2643 ostendat:

2041 2696 2226 2742 tamen
2251 2702 2321 2742 ex
2360 2702 2459 2741 sua
2483 2685 2817 2739 liberalitate
2861 2681 3158 2738 muniﬁcus
3194 2686 3251 2734 et
3295 2680 3618 2750 magniﬁcus

2041 2779 2308 2835 Dominus
2359 2787 2619 2833 aeternam
2667 2776 2827 2830 vobis
2884 2774 3257 2844 superiugerit
3311 2772 3501 2833 vitam,
3557 2777 3621 2825 ut

2042 2869 2252 2941 peccati
2275 2884 2340 2924 ac
2355 2868 2585 2939 justitiaz
2605 2866 2973 2922 differentiam
2999 2864 3344 2934 cognoscatis
3371 2881 3384 2916 :
3416 2876 3618 2931 pecca-

2044 2970 2161 3016 tum
2182 2960 2329 3015 enim
2354 2957 2517 3012 ﬁnem
2546 2956 2741 3012 habuit
2764 2963 3029 3020 mortem;
3048 2953 3259 3023 justitia
3283 2967 3434 3016 vero,
3452 2951 3620 3005 vitam

2044 3060 2327 3109 eternam.
2363 3048 2572 3104 Deinde
2606 3054 2732 3117 post
2763 3046 2868 3100 alia
2898 3045 3156 3115 plurima,
3185 3043 3485 3097 maximum
3519 3041 3620 3095 do-

362 3156 462 3208 νης
491 3137 552 3190 τὸ
580 3137 833 3209 διάφορον
858 3137 1230 3208 καταμάθητε.
1275 3137 1339 3189 Ἦ
1374 3136 1474 3207 μὲν
1507 3137 1614 3207 γάρ
1645 3137 1796 3200 τέλος
1819 3136 1943 3208 ἔσχε

2048 3160 2245 3200 norum
2269 3142 2515 3198 ostendit
2547 3159 2560 3193 :
2603 3160 2620 3191 ι
2638 3139 2964 3207 Quicunque
2990 3138 3161 3202 enim,
3188 3135 3390 3205 inquit,
3414 3134 3622 3204 Spiritu

362 3227 459 3281 τὸν
493 3228 744 3295 θάνατον,
780 3231 813 3299 ἠ
842 3228 919 3292 δὲ,
953 3229 1053 3298 τὴν
1078 3228 1222 3298 ζωὴν
1245 3226 1344 3297 τὴν
1373 3228 1608 3281 αἰώνιον.
1643 3222 1779 3280 Εἶτα
1805 3227 1941 3298 μετὰ

363 3320 597 3374 ’πλεῖστα
648 3322 740 3374 καὶ
784 3320 845 3373 τὸ
896 3320 1150 3389 μέγιστον
1179 3318 1510 3372 ἐπιδείκνυσι
1558 3317 1664 3371 τῶν
1710 3316 1945 3387 δωρεῶν.

371 3431 392 3463 ι
425 3411 578 3464 Ὅσοι
600 3412 727 3481 γὰρ,
762 3412 919 3480 φησὶ,
949 3410 1226 3480 ιῐνεύματι
1255 3410 1391 3464 Θεοῦ
1416 3409 1658 3478 ἄγονται,
1687 3402 1835 3464 οὗτοί
1867 3411 1947 3463 εί-

367 3519 456 3557 σιν
480 3504 581 3556 υἱοὶ
603 3503 757 3555 θεοῦο
782 3503 841 3554 οὐ
881 3502 989 3573 γὰρ
1012 3502 1233 3556 ἐλάϐετε
1270 3502 1485 3571 πνεῦμα
1515 3502 1756 3566 δουλείας
1788 3503 1947 3557 πάλιν

365 3598 451 3659 εις
481 3594 666 3663 φόϐον,
692 3594 804 3647 ἀλλ’
839 3594 1061 3647 ἐλάϐετε
1087 3595 1306 3665 Πνεῦμα
1339 3595 1634 3659 υἱοθεσίας,
1666 3595 1724 3648 ὲν
1748 3587 1792 3662 ᾧ
1818 3595 1950 3665 κρά-

366 3687 556 3757 ζομενο
593 3685 780 3747 Ἀϐϐᾶ,
805 3687 833 3738 ὀ
858 3686 1065 3756 Πατήρ
1091 3687 1219 3739 αὐτὸ
1235 3686 1294 3739 τὸ
1318 3686 1542 3757 Πνεῦμα
1568 3687 1952 3757 συμμαρτυρεῖ

365 3777 450 3846 τῷ
486 3776 755 3846 πνεύματι
794 3776 971 3847 ἡμῶν,
999 3777 1080 3830 ὅτι
1113 3778 1277 3848 ἐσμὲν
1310 3778 1475 3832 τέκνα
1502 3778 1658 3831 Θεοῦ.
1690 3778 1751 3830 Ei
1779 3777 1836 3830 δὲ
1862 3777 1949 3831 τέ·

367 3884 476 3920 τινα
502 3866 570 3931 ’⁷,
597 3866 690 3919 καὶ
717 3866 1065 3938 κληρονόμοι·
1113 3867 1435 3939 κληρονόμοι
1485 3868 1585 3939 μὲν
1630 3867 1788 3931 Θεοῦ,
1816 3883 1951 3935 συγ-

370 3956 701 4027 κληρονόμοι
726 3956 781 4009 δὲ
809 3957 1065 4025 Χριστοῦ
1100 3958 1259 4027 εἴπερ
1288 3958 1703 4029 συμπάσχομεν,
1743 3957 1830 4011 ἵνα
1857 3958 1950 4012 καὶ

371 4047 843 4119 συνδοξασθῶμεν.
882 4066 900 4098 ι
941 4051 1052 4102 Καὶ
1096 4049 1367 4114 Γαλάταις
1409 4051 1465 4103 δὲ
1510 4051 1838 4104 ἐπιστέλλων
1881 4051 1950 4104 τὰ

370 4139 734 4210 παραπλήσια
760 4139 885 4209 ἔφη’
923 4158 942 4191 ι
966 4140 1133 4193 Ὥστε
1156 4141 1337 4194 οὐκέτι
1360 4136 1411 4193 εἴ
1437 4140 1640 4208 δοῦλος,
1673 4141 1786 4194 ἀλλ’
1812 4141 1947 4205 υἱός

370 4234 425 4285 εἰ
454 4232 512 4284 δὲ
545 4231 678 4295 υίὸς,
720 4232 813 4284 καὶ
835 4230 1167 4302 κληρονόμος
1201 4231 1336 4284 Θεοῦ
1367 4232 1454 4285 διὰ
1476 4231 1709 4304 [Ἰησοῦ]
1742 4233 1787 4265 ’⁸
1814 4234 1950 4303 Χρι-

370 4323 490 4377 τοῦ.
519 4323 631 4377 Καὶ
670 4323 920 4394 Τιμοθέῳ
960 4325 1018 4378 δὲ
1059 4323 1157 4394 τὴν
1204 4325 1371 4395 αὐτὴν
1414 4325 1651 4378 διάνοιαν
1681 4326 1947 4395 γέγραφεο

300 4431 321 4445 '
379 4436 400 4469 ι
430 4417 628 4480 Πιστὸς
649 4419 676 4468 ὀ
699 4416 874 4484 λόγος’
907 4418 956 4468 εί
985 4417 1092 4486 γὰρ
1124 4416 1262 4489 [καὶ]
1292 4417 1338 4449 θ’
1363 4418 1826 4487 συναπεθάνομεν,
1857 4419 1950 4471 καὶ

2050 3234 2146 3289 Dei
2180 3239 2439 3304 aguntur,
2461 3230 2518 3283 hi
2553 3234 2681 3282 sunt
2716 3225 2814 3279 ﬁlii
2850 3225 2967 3279 Dei.
3003 3224 3125 3279 Non
3156 3224 3303 3278 enim
3336 3222 3627 3292 accepistis

2050 3324 2305 3396 spiritum
2337 3318 2619 3376 servitutis
2654 3318 2851 3372 iterum
2884 3316 2942 3369 in
2968 3315 3244 3379 timorem,
3279 3314 3373 3369 sed
3408 3313 3626 3383 accepi-

2049 3416 2150 3470 stis
2175 3412 2437 3484 Spiritum
2455 3407 2772 3479 adoptionis
2799 3406 3036 3460 ﬁliorum
3063 3405 3182 3468 Dei,
3216 3404 3271 3457 in
3297 3419 3407 3473 quo
3428 3404 3629 3458 clama—

2049 3523 2194 3570 mus,
2229 3504 2402 3568 Abba,
2437 3501 2618 3557 Pater.
2645 3499 2768 3570 Ipse
2798 3498 2946 3552 enim
2984 3496 3224 3566 Spiritus
3253 3492 3627 3549 testimonium

2051 3596 2234 3653 reddit
2270 3610 2397 3650 cum
2421 3592 2622 3663 spiritu
2654 3596 2866 3651 nostro,
2894 3588 3040 3657 quod
3076 3587 3250 3639 simus
3293 3584 3386 3638 ﬁlii
3413 3583 3507 3638 Dei
3540 3582 3627 3637 :si

2051 3697 2235 3744 autem
2258 3686 2376 3749 lilii,
2402 3694 2458 3738 et
2483 3682 2753 3744 hacredes,
2790 3677 3036 3734 haeredes
3057 3676 3277 3746 quidem
3304 3675 3425 3738 Dei,
3445 3673 3629 3728 οοιιω-

2052 3781 2212 3836 rcdes
2246 3787 2431 3832 autem
2462 3772 2692 3836 Christi,
2721 3771 2767 3825 si
2792 3785 2900 3824 una
2920 3769 3182 3838 patimur,
3214 3774 3277 3820 ut
3301 3774 3357 3819 et
3383 3780 3489 3819 una
3513 3765 3632 3835 glo—

2051 3870 2333 3925 riﬁcemur
2364 3877 2426 3919 In.
2463 3884 2481 3916 ι
2516 3862 2599 3918 Ad
2625 3861 2845 3917 Galatas
2875 3873 3095 3929 quoque
3124 3856 3400 3920 scribens,
3433 3855 3520 3909 his
3553 3855 3631 3908 si-

2051 3961 2202 4017 milia
2227 3959 2362 4013 dicit
2395 3975 2408 4010 :
2445 3976 2462 4008 ‹
2500 3956 2688 4025 Itaque
2708 3954 2821 4025 jam
2850 3967 2961 4005 non
2982 3966 3043 4005 es
3064 3964 3282 4013 servus,
3317 3947 3411 4002 sed
3440 3946 3584 4001 ﬁlius
3611 3964 3626 4013 ;

2051 4054 2097 4108 si
2143 4050 2353 4120 1003
2394 4054 2578 4102 autem
2632 4044 2800 4107 ﬁlius,
2850 4050 2906 4097 et
2953 4041 3128 4095 hmres
3170 4038 3268 4093 Dei
3314 4053 3412 4108 per
3445 4037 3633 4092 Jesum

2051 4143 2332 4200 Christum
2369 4149 2416 4191 η.
2445 4157 2461 4188 ι
2502 4136 2563 4189 In
2587 4134 2836 4189 eamdem
2869 4145 3089 4201 quoque
3117 4128 3446 4182 sententiam
3478 4135 3533 4181 et
3564 4127 3633 4181 ad

2052 4229 2403 4286 Timotheum
2429 4222 2625 4279 scribit
2664 4239 2676 4273 :
2717 4239 2735 4271 ι
2772 4219 2906 4274 Fide
2942 4219 3141 4287 dignus
3165 4230 3368 4278 sermo,
3405 4214 3448 4268 si
3484 4215 3633 4268 enim

2050 4300 2162 4378 una
2186 4316 2390 4374 mortui
2421 4328 2634 4376 sumus,
2662 4326 2772 4365 una
2813 4323 3033 4378 quoque
3060 4305 3311 4359 vivemus
3341 4321 3353 4355 :
3386 4303 3432 4357 si
3458 4306 3629 4357 susti-

2051 4427 2269 4475 nemus,
2289 4422 2399 4463 una
2429 4405 2598 4460 etiam
2631 4399 2988 4472 regnabimus
3018 4405 3068 4449 °.
3102 4415 3120 4446 ι
3154 4395 3260 4449 Sed
3290 4402 3346 4449 et
3374 4393 3535 4447 aliam
3565 4393 3634 4448 ad

374 4507 707 4579 συζήσεμεν·
741 4509 788 4560 εί
819 4508 1182 4579 ὑπομένομεν,
1220 4509 1313 4561 καὶ
1357 4508 1885 4578 συμϐασιλεύσομεν.
1927 4528 1943 4561 ι

2056 4519 2184 4561 eum
2210 4500 2461 4557 scribens
2482 4494 2808 4566 Epistolam,
2829 4491 2946 4545 haec
2975 4502 3196 4559 quoque
3229 4486 3284 4539 in
3309 4501 3373 4540 ea
3402 4484 3587 4554 posuit
3619 4503 3632 4539 :

370 4602 489 4655 Καὶ
517 4601 683 4670 ἄλλην
727 4600 784 4653 δὲ
825 4601 1043 4671 γράψας
1091 4600 1239 4671 αὐτῷ
1276 4600 1292 4631 ί
1325 4601 1612 4671 ἐπιστολὴν
1648 4601 1744 4654 καὶ
1781 4600 1943 4655 ταῦτα

2066 4617 2085 4650 ‹
2118 4597 2231 4667 Ego
2256 4592 2403 4647 enim
2433 4591 2546 4661 jam
2579 4586 2744 4649 libor,
2782 4591 2840 4638 et
2875 4590 3091 4650 tempus
3122 4594 3255 4633 mem
3285 4575 3640 4633 resolutionis

372 4690 683 4745 ἐντέθεικεν
707 4692 727 4722 ²
751 4708 763 4721 ο
803 4709 821 4740 ι
858 4689 999 4758 Ἐγὼ
1025 4691 1131 4761 γὰρ
1162 4692 1262 4762 ἤδη
1292 4692 1618 4762 σπένδομαι⁸
1651 4693 1744 4746 καὶ
1781 4694 1809 4745 ό
1834 4711 1953 4746 και-

2060 4689 2248 4743 instat.
2287 4683 2498 4737 Bonum
2538 4684 2817 4733 certamen
2845 4672 3074 4735 eertavi,
3109 4685 3333 4725 cursum
3379 4682 3627 4723 consum-

377 4779 471 4850 ρὸς
494 4779 594 4850 τῆς
620 4778 759 4850 ἐμῆς
781 4760 1129 4842 άναλύσεωςέ
1152 4760 1443 4848 ὲξρέστηκε.
1462 4760 1564 4834 Τὸν
1587 4781 1749 4833 καλὸν
1769 4782 1943 4850 άγῶνο

2062 4779 2229 4843 mavi,
2262 4775 2424 4830 ﬁdem
2458 4769 2671 4827 servavi
2707 4786 2720 4821 :
2750 4766 2898 4838 quod
2931 4765 3206 4835 reliquum
3242 4770 3359 4825 est,
3398 4760 3640 4830 reposita

372 4869 710 4942 ἠγώνισμαι,
741 4871 830 4923 τὶν
851 4870 1048 4941 δρόμον
1076 4870 1354 4932 τετέλεκα,
1387 4872 1485 4943 τὴν
1515 4871 1694 4925 πίστιν
1722 4873 1853 4943 τετή
1864 4889 1957 4943 ρη-

371 4977 470 5016 κα·
492 4962 677 5015 λοιπὸν
706 4961 995 5015 ἀπόκειταί
1025 4978 1113 5031 μοι
1137 4963 1165 5015 ὁ
1184 4963 1281 5031 τῆς
1303 4961 1650 5034 δικαιοσύνης
1676 4963 1957 5031 στέφανος·

370 5053 436 5107 ὃν
469 5052 739 5107 ἀποδώσει
770 5069 859 5122 μοι
888 5050 960 5124 [ὁ]
990 5051 1194 5121 Κύριος
1226 5052 1284 5104 ὲν
1307 5052 1489 5123 ἐκείνῃ
1515 5055 1581 5124 τῇ
1614 5053 1815 5124 ἡμέρᾳ,
1841 5052 1963 5105 ὁδί-

450 5206 475 5246 ll
507 5207 529 5262 Ι
559 5207 686 5263 Cor.
718 5224 791 5272 ιι,
832 5207 887 5262 9.
965 5205 984 5244 ι
1015 5206 1175 5262 Rom.
1231 5222 1319 5271 vr,
1366 5205 1553 5261 20οὲ5.

376 5288 409 5329 P
433 5280 477 5333 ll
522 5278 764 5332 Timoth.
793 5293 865 5343 tv,
904 5275 1017 5331 6-8.

1666 5217 1707 5246 ω
1738 5207 1899 5261 Rom.
1945 5221 2074 5273 vm,
2122 5203 2313 5259 14-17.

2064 4877 2149 4925 est
2163 4867 2298 4922 mihi
2320 4877 2524 4919 corona
2545 4858 2794 4932 iustitiae,
2814 4871 2978 4927 quam
3003 4853 3198 4908 reddet
3218 4852 3353 4907 mihi
3375 4851 3643 4905 Dominus

2067 4962 2123 5015 in
2152 4957 2248 5011 illo
2273 4952 2562 5024 diejustus
2580 4947 2750 5020 judex
2774 4988 2788 5012 ,
2815 4959 2924 4998 non
2947 4943 3127 4998 solum
3152 4950 3335 4996 autem
3360 4940 3518 5006 mihi,
3543 4939 3642 4995 sed

2067 5058 2125 5105 et
2153 5045 2413 5103 omnibus
2450 5042 2521 5096 iis
2556 5040 2651 5109 qui
2701 5036 3018 5091 dilexerunt
3049 5032 3347 5087 adventum
3386 5031 3506 5102 ejus
3535 5038 3582 5083 ι’.
3615 5047 3635 5081 ι

2426 5195 2652 5252 InGalat.
2698 5206 2791 5258 ιν,
2841 5189 2894 5244 7.
3010 5195 3036 5223 ο
3065 5187 3112 5242 ΙΙ
3155 5187 3395 5245 Timoth.
3438 5201 3512 5254 rt,
3551 5184 3641 5240 12.

1656 5314 1897 5415 vitam
1936 5356 2342 5416 LECTIONES.

453 5510 500 5542 ⁸⁵
527 5508 652 5572 τοὺς
674 5508 769 5576 τῆς
801 5503 1149 5576 ἀρετῆςητῆς
1174 5500 1376 5576 αρετῆς
1400 5500 1525 5576 τοὺς
1548 5499 1612 5556 Ι).
1675 5502 1721 5576 δέ
1745 5502 1986 5576 ἀγήρων.
2021 5499 2218 5576 ἀγήρω
2370 5495 2416 5528 ⁸⁷
2439 5495 2538 5576 καὶ
2561 5494 2676 5576 ἐίιεξίζ
2707 5495 2828 5576 οὐδὲ
2851 5496 2943 5549 ἐπὶ
3097 5492 3151 5576 3:
3172 5489 3435 5576 ἐπόπτης,
3494 5486 3627 5567 αὐητιο

378 5553 651 5649 qué'ff.
686 5553 1229 5649 ’ἐν
1405 5570 1469 5649 _’°
1503 5553 1928 5649 Ξεᾶτάτολέέῆἆρέζ
1969 5553 2413 5649 κατξαίξόλμῂσαιλ
2439 5565 2505 5649 Ι)Ζ
2588 5566 2913 5649 “istaiku-
2927 5564 3077 5648 τέλος
3113 5560 3176 5649 D,
3207 5567 3327 5649 ‘etn
3352 5553 3478 5649 m9}
3493 5553 3631 5649 ννῦέ.

382 5625 761 5720 δί’[ἓῖιαῖοωί
790 5625 856 5720 ἐξ
873 5625 1157 5720 imitate
1178 5641 1578 5720 ditissimi-51$
1595 5655 1712 5720 ειη·
1743 5625 1816 5720 L125
1866 5625 2234 5720 πεῦξεδεὲηαςῖ
2262 5625 2575 5720 ξέευοερξεις
2608 5634 2711 5720 Υδν
2745 5635 2812 5720 1?;
2868 5636 2914 5667 ”
2944 5633 3092 5719 ὑμῖϊ·
3119 5630 3349 5717 ηεξῖνλλ
3397 5627 3458 5720 ἔξ
3489 5625 3636 5720 mit"

380 5695 915 5789 5.052%;
940 5695 1190 5789 δττέκνα.
1227 5695 1446 5789 uio}.
1483 5710 1529 5743 ⁸⁸
1559 5695 1796 5789 ῙἸησοῦ]
1822 5725 1940 5789 om.
2089 5708 2158 5789 ff
2181 5695 2323 5779 [καὶ]
2353 5695 2464 5789 om;
2599 5705 2645 5789 ’ί
2673 5695 2893 5789 γράψξς
2914 5695 3104 5789 (αὐτῷ.
3137 5695 3288 5771 αὐτῷ
3319 5695 3536 5770 γράψας
3569 5695 3635 5761 Ι),

384 5772 540 5859 αὐτῷ
567 5772 797 5844 om."Va.
848 5784 868 5815 ²
892 5782 1212 5839 ἐντέθεικεν.
1241 5782 1298 5834 ὲν
1322 5772 1600 5835 σύνθεικὲν
1628 5772 1691 5834 Β.
1743 5772 1796 5814 ’δ’
1819 5781 1957 5851 ὲμῆς
1985 5772 2323 5840 ἀναλύσεως.
2344 5772 2655 5837 ἀναλύσεώς
2684 5772 2876 5844 μουῐ),

2914 5771 3080 5827 Sirm.
