4056 6426
398 419 532 484 1115

1379 421 1868 484 THEODORETI
1900 421 2241 482 EPISCOPI
2281 421 2647 483 CYRENSIS

3519 417 3656 484 H16

395 533 522 588 Pari
549 533 712 588 modo
734 539 790 587 et
814 533 883 589 de
907 534 1316 589 resurrectione
1346 551 1664 606 corporum,
1700 545 1756 590 et
1781 535 1976 591 Corin-

2086 552 2234 599 καιος
2270 537 2482 607 κριτής·
2533 537 2594 588 οὐ
2634 537 2793 606 μόνον
2823 535 2880 588 δέ
2908 536 3053 606 ἐμοὶ.
3093 536 3229 592 ἀλλά
3261 539 3354 592 καὶ
3383 539 3518 594 πᾶσι
3544 544 3656 605 τοῖς

400 623 552 688 thiis,
597 634 654 679 et
678 625 1288 692 Thessalonicensibus,
1321 638 1378 683 et
1407 629 1879 699 Philippensibus,
1919 636 1976 682 et

401 715 588 768 multis
623 715 744 769 aliis
785 715 1025 784 scripsit.
1061 717 1128 770 Et
1169 733 1316 771 nunc
1356 716 1580 786 quidem
1616 735 1630 770 :
1675 738 1692 768 ι
1728 716 1978 771 Semina-

400 815 509 869 tur,
575 808 776 876 inquit,
830 809 884 862 in
940 810 1321 879 corruptione,
1379 817 1630 880 resurget
1687 810 1742 863 in
1792 811 1976 864 incor-

401 899 658 966 ruptione
691 917 704 951 :
735 900 1044 954 seminatur
1077 902 1132 955 in
1164 901 1530 971 ignobilitate,
1562 910 1751 971 surget
1783 904 1836 956 in
1861 903 1977 971 glo-

401 987 478 1041 ria
511 1005 523 1040 :
558 990 863 1044 seminatur
910 991 965 1045 in
1002 992 1344 1056 inﬁrmitate,
1387 1000 1575 1062 surget
1617 993 1672 1046 in
1723 992 1928 1045 virtute
1961 1009 1973 1044 :

401 1081 708 1135 seminatur
729 1098 933 1152 corpus
954 1084 1217 1147 animale,
1250 1092 1439 1154 surget
1460 1084 1748 1153 spirituale
1771 1095 1819 1136 ει.
1857 1103 1873 1134 ι
1913 1085 1979 1138 Et

402 1187 638 1226 rursus:
679 1193 696 1224 ι
731 1174 904 1229 Canct
950 1175 1097 1229 enim
1139 1176 1301 1240 tuba,
1342 1184 1398 1230 et
1443 1175 1648 1229 mortui
1689 1184 1980 1244 resurgent

402 1265 749 1335 incorrupti,
790 1275 845 1321 et
907 1284 1007 1321 nos
1064 1268 1500 1322 immutabimur.
1551 1266 1779 1336 Oportet
1831 1267 1977 1320 enim

401 1358 764 1425 corruptibile
801 1359 904 1412 hoc
944 1359 1173 1413 induere
1212 1358 1714 1427 incorruptionem,
1747 1365 1801 1411 et
1835 1373 1982 1410 mor-

404 1447 511 1500 tale
555 1447 659 1501 hoc
696 1449 926 1503 induere
973 1449 1441 1504 immortalitatem
1479 1460 1520 1502 τ.
1553 1469 1570 1500 ι
1619 1449 1688 1503 Ει
1730 1450 1931 1503 iterum
1963 1467 1975 1502 :

411 1553 428 1581 ι
470 1535 666 1591 Nostra
699 1548 881 1593 autem
917 1541 1266 1594 conversatio
1308 1540 1360 1592 in
1406 1540 1560 1595 cmlis
1605 1549 1708 1603 est,
1744 1541 1887 1594 unde
1927 1549 1984 1594 et

404 1625 738 1682 Salvatorem
763 1640 1146 1700 exspectamus
1173 1636 1187 1652 '
1213 1632 1504 1685 Dominum
1531 1633 1742 1695 Jesum,
1771 1633 1863 1702 qui
1893 1647 1982 1686 re-

404 1718 662 1773 formabil
695 1737 897 1789 corpus
929 1721 1140 1793 1005
1169 1731 1419 1776 nostrum
1445 1723 1674 1786 humile,
1716 1733 1775 1777 ut
1803 1723 1983 1778 simile

406 1811 672 1865 reddatur
710 1815 931 1884 corpori
966 1815 1154 1885 gloria:
1178 1817 1298 1886 ejus
1323 1827 1369 1868 ε.
1404 1835 1420 1866 ι
1461 1816 1582 1886 lpse
1619 1833 1838 1886 quoque
1881 1818 1985 1870 Do-

2080 626 2392 697 ὴγαπηκόσι
2424 628 2522 696 τὴν
2546 627 2866 694 ἐπιφάνειαν
2894 627 3081 681 αὑτοῦ.
3114 648 3130 680 ι
3173 629 3359 694 Οὕτως
3397 632 3492 684 καὶ
3529 633 3658 704 ’περὶ⁵

2079 717 2178 785 τῆς
2220 715 2328 769 τῶν
2373 718 2640 788 σωμάτων
2681 717 3028 781 ἀναστάσεως
3083 719 3177 772 καὶ
3211 721 3520 791 Κορινθίοις
3563 724 3658 774 καὶ

2080 806 2532 861 Θεσσαλιονικεῦσι
2560 809 2650 861 καὶ
2671 809 2910 880 Φιλιππη
2921 808 3052 872 σίοις
3071 809 3092 840 ⁸
3116 810 3212 863 καὶ
3241 812 3454 873 πολλοῖς
3477 813 3659 875 ἄλλοις

2081 899 2362 952 ἐπέστειλε
2383 901 2404 931 ³
2425 917 2438 930 ο
2469 901 2580 953 Kai
2608 901 2702 954 νῦν
2731 902 2849 971 μὲν,
2886 902 3042 973 φησὶ,
3087 920 3105 953 ι
3128 903 3413 974 σπείρεται
3438 904 3496 956 ἐν
3529 901 3659 970 φθο-

2083 994 2170 1062 ρᾷ,
2217 993 2488 1062 ἐγείρεται
2541 993 2598 1045 ὲν
2645 993 2945 1065 ἀφθαρσίᾳ·
3001 994 3281 1064 σπείρεται
3327 997 3385 1048 ἐν
3441 996 3657 1066 ἀτιμίᾳ,

2082 1082 2352 1150 ἐγείρεται
2384 1084 2440 1135 ἐν
2465 1081 2612 1154 δόξῃ·
2657 1083 2939 1154 σπείρεται
2975 1085 3033 1137 ἐν
3061 1083 3336 1154 ἀσθενείᾳ,
3387 1085 3659 1156 ἐγείρεται

2081 1172 2136 1222 ἐν
2163 1172 2411 1241 δυνάμει·
2443 1173 2724 1244 σπείρεται
2752 1174 2906 1244 σῶμα
2931 1173 3179 1244 ψυχικὸν,
3201 1175 3471 1246 ἐγείρεται
3500 1175 3663 1245 σῶμα

2083 1265 2472 1333 πνευματικόν.
2518 1285 2536 1318 ›
2575 1266 2686 1318 Καὶ
2713 1261 2868 1327 αὖθις
2895 1267 2946 1297 ⁸·
2985 1286 3002 1315 σ
3032 1266 3291 1319 Σαλπίσει
3327 1265 3457 1336 γάρ,
3495 1265 3588 1317 καὶ
3612 1267 3660 1317 οἱ

2083 1356 2267 1425 νεκροὶ
2299 1355 2689 1426 ἐγερθήσονται
2720 1357 3009 1426 ἄφθαρτοι,
3045 1359 3140 1410 καὶ
3177 1360 3338 1428 ἡμεῖς
3360 1357 3664 1426 ἀλλαγησόυ

2087 1448 2246 1519 μεθα·
2275 1449 2356 1502 δεῖ
2383 1448 2492 1518 γὰρ
2531 1447 2592 1500 rb
2625 1449 2864 1519 φθαρτὸν
2891 1449 3052 1502 τοῦτο
3085 1450 3409 1503 ἐνδύσασθαι
3449 1449 3665 1521 ἀφθαρ-

2087 1538 2227 1601 σίαν,
2265 1537 2448 1591 καὶτὸ
2479 1538 2669 1607 θνητὸν
2720 1539 2878 1592 τοῦτο
2916 1538 3238 1591 ἐνδύσασθαι
3289 1539 3607 1592 ἀθανασίαν.
3641 1557 3661 1590 ι

2088 1630 2194 1682 Καὶ
2222 1629 2405 1682 πάλινο
2437 1647 2455 1678 ι
2497 1628 2686 1699 Ἥμῶν
2714 1629 2770 1681 δὲ
2798 1629 2858 1680 rb
2889 1629 3187 1698 πολίτευμα
3219 1629 3276 1680 ἐν
3299 1628 3668 1694 οὐρανοῖςὺπ-

2087 1721 2264 1792 ἀρχει·
2305 1722 2360 1788 ἐξ
2388 1713 2448 1774 οὗ
2483 1721 2576 1774 καὶ
2610 1721 2838 1790 Σωτῆρα
2869 1721 3283 1790 ἀπεκδεχόμεθα
3321 1721 3525 1791 Κύριον
3564 1722 3671 1789 ἰη-

2089 1815 2235 1878 σοῦν,
2279 1814 2340 1878 ὃς
2370 1813 2838 1884 μετασχηματίσει
2870 1813 2931 1866 rb
2969 1813 3126 1883 σῶμα
3156 1813 3254 1882 τῆς
3286 1812 3672 1877 ταπεινώσεως

405 1901 584 1954 minus
605 1901 822 1958 Iudaeos
845 1903 1133 1973 alloquens
1163 1922 1175 1957 :
1211 1904 1373 1971 «Quia
1407 1906 1576 1960 Filius
1611 1907 1848 1960 hominis
1878 1914 1981 1971 est,

2088 1907 2246 1976 ἡμῶν
2297 1909 2378 1970 είς
2414 1906 2474 1958 rb
2501 1905 2758 1974 γενέσθαι
2803 1904 2930 1958 αύτδ
2971 1905 3291 1975 σύμμορφον
3333 1904 3408 1973 τῷ
3452 1903 3671 1972 σώματι

404 1991 576 2045 nolite
611 1994 799 2047 mirari
835 1995 941 2049 hoc
974 2013 986 2048 :
1015 1996 1141 2065 quia
1171 1997 1324 2050 venit
1363 1997 1520 2061 hora,
1561 1997 1614 2050 in
1651 2013 1757 2066 qua
1794 2013 1987 2051 omnes

402 2081 496 2149 qui
544 2083 598 2135 in
647 2087 1024 2140 monumentis
1067 2095 1217 2152 sunt,
1261 2088 1490 2143 audient
1525 2105 1712 2143 vocem
1753 2091 1893 2158 cjus,
1931 2098 1987 2143 et

402 2173 727 2240 procedent,
771 2176 862 2244 qui
911 2176 1055 2230 bona
1096 2177 1371 2243 fecerunt,
1420 2178 1476 2231 in
1521 2180 1983 2233 resurrectionem

403 2264 550 2326 vitae,
578 2266 670 2334 qui
700 2284 832 2320 vero
864 2269 1004 2322 mala
1037 2281 1288 2340 egerunt,
1321 2271 1377 2324 in
1411 2270 1872 2325 resurrectionem
1899 2273 1986 2341 ju-

403 2355 536 2410 dicii
566 2359 610 2411 ί.
648 2379 664 2408 ι
701 2360 1043 2430 Rursusque,
1088 2379 1212 2416 cum
1252 2364 1319 2418 de
1353 2363 1630 2417 communi
1666 2363 1771 2417 ﬁne
1805 2364 1982 2419 disse—

404 2455 571 2510 reret,
594 2448 708 2503 hzec
731 2451 894 2504 etiam
923 2452 1136 2506 addidit
1171 2471 1182 2506 :
1216 2472 1233 2504 ι
1266 2453 1460 2507 Statim
1488 2469 1621 2508 vero
1651 2462 1775 2524 post
1803 2453 1985 2507 tribu-

403 2537 662 2594 lationem
699 2542 914 2596 dierum
943 2543 1185 2609 illorum,
1217 2547 1298 2600 sol
1326 2545 1740 2611 obscurabitur,
1772 2555 1828 2601 et
1855 2547 1981 2601 luna

402 2647 512 2685 non
548 2631 700 2686 dabit
727 2635 907 2689 lumen
938 2652 1122 2701 suum,
1146 2646 1200 2691 et
1221 2638 1393 2692 stellae
1415 2637 1614 2692 cadent
1646 2639 1712 2692 de
1737 2639 1897 2700 ccelo,
1931 2649 1986 2693 et

402 2722 635 2778 virtutes
681 2727 944 2780 cmlorum
989 2729 1504 2794 commovebuntur,
1549 2739 1606 2784 et
1648 2738 1778 2784 tunc
1813 2747 1983 2802 appa-

402 2814 546 2869 rebit
587 2817 802 2888 signum
849 2819 970 2874 Filii
1019 2821 1262 2874 hominis
1307 2821 1362 2874 in
1416 2823 1574 2885 ccelo,
1622 2833 1678 2877 et
1726 2823 1986 2893 plangent

401 2925 595 2964 omnes
630 2913 807 2966 tribus
837 2922 998 2968 terra:
1026 2926 1072 2967 ιι.
1114 2934 1132 2964 ι
1170 2915 1266 2969 His
1298 2923 1482 2970 autem
1517 2917 1703 2971 verbis
1743 2917 1986 2971 ostendit

401 2999 609 3055 luctum
645 3019 838 3057 eorum
873 3005 967 3073 qui
992 3021 1101 3058 non
1129 3005 1489 3061 crediderint.
1517 3007 1656 3061 Tum
1689 3009 1851 3062 allata
1885 3025 1984 3078 pa—

404 3091 588 3146 rabola
611 3094 677 3148 de
701 3095 1010 3165 virginibus
1033 3105 1079 3162 ',
1103 3112 1338 3168 quarum
1360 3099 1478 3154 alia:
1497 3116 1621 3153 cum
1638 3099 1985 3170 lampadibus

403 3187 667 3258 ingressze
710 3198 836 3243 sunt
880 3190 1204 3257 thalamum,
1233 3191 1397 3247 fatuae
1433 3209 1568 3248 vero
1610 3200 1766 3247 extra
1808 3193 1982 3247 thala-

403 3293 553 3332 mum
581 3290 980 3348 rcmanserunt,
1001 3282 1147 3352 quod
1171 3299 1361 3339 earum
1393 3284 1676 3354 lampades
1698 3284 1982 3340 exstinctae

404 3371 547 3437 sint;
570 3379 770 3427 etcum
796 3375 1127 3430 talentorum
1157 3377 1476 3447 parabolam
1510 3375 1832 3440 addidisset,
1865 3393 1984 3430 ser-

403 3477 709 3533 vorumque
732 3464 1152 3530 industriorum,
1176 3482 1242 3521 ac
1260 3467 1456 3521 inertis
1474 3467 1621 3520 illius
1662 3466 1756 3536 qui
1780 3467 1986 3521 talento

403 3556 676 3611 occultato
722 3557 924 3612 missus
967 3567 1051 3613 est
1086 3559 1142 3612 in
1194 3560 1448 3614 tenebras
1487 3559 1813 3623 exteriores,
1853 3559 1985 3614 sub-

397 3647 625 3716 junxit:
667 3649 850 3704 «Cum
905 3659 1089 3705 autem
1156 3651 1373 3706 venerit
1421 3650 1593 3704 Filius
1637 3651 1881 3706 hominis
1930 3653 1986 3706 in

403 3740 689 3809 majestate
719 3757 838 3806 sua,
876 3753 932 3797 et
966 3760 1160 3798 omnes
1191 3743 1366 3798 sancti
1395 3742 1571 3812 angeli
1603 3743 1721 3812 ejus
1745 3759 1868 3797 cum
1897 3759 1983 3809 eo,

407 3841 539 3886 tunc
571 3832 786 3888 sedebit
820 3851 986 3904 super
1019 3835 1204 3888 sedem
1247 3833 1553 3904 majestatis
1590 3850 1723 3898 suae,
1762 3843 1817 3888 ct
1857 3851 1988 3889 cou-

405 3923 780 3993 gregabuntur
831 3925 1042 3995 1005
1095 3935 1222 3979 ante
1271 3940 1398 3978 eum
1442 3940 1635 3979 omnes
1667 3934 1899 3995 gentes:
1932 3935 1987 3980 ct

405 4015 681 4083 separabit
701 4033 794 4070 eos
815 4018 884 4071 ab
914 4016 1171 4080 invicem,
1203 4017 1346 4070 sicut
1377 4025 1564 4085 pastor
1585 4028 1834 4088 segregat
1857 4035 1987 4074 oves

404 4104 475 4159 ab
513 4105 684 4162 haedis
723 4125 735 4160 :
782 4116 837 4163 et
872 4117 1078 4163 statuet
1116 4124 1248 4163 oves
1283 4108 1507 4180 quidem
1545 4127 1575 4164 a
1605 4111 1814 4165 dextris
1847 4113 1982 4176 suis,

404 4197 589 4253 luedos
637 4211 822 4254 autem
856 4216 886 4254 a
922 4201 1182 4256 sinistris.
1215 4201 1369 4256 Tune
1410 4202 1557 4257 dicet
1585 4204 1698 4258 Rex
1732 4204 1798 4258 iis
1829 4205 1922 4274 qui
1953 4221 1983 4260 a

403 4288 613 4345 dextris
654 4292 772 4361 ejus
811 4299 978 4345 erunt
1017 4309 1029 4344 :
1071 4293 1284 4360 Venite,
1323 4293 1600 4348 benedicti
1644 4295 1821 4349 Patris
1853 4295 1982 4358 mei,

402 4380 670 4450 percipite
715 4397 966 4452 regnum,
1011 4383 1158 4452 quod
1191 4395 1441 4452 paratum
1481 4392 1565 4438 est
1591 4384 1750 4439 vobis
1783 4400 1810 4438 a
1848 4401 1982 4439 con-

402 4473 687 4528 stitutione
731 4474 945 4529 mundi.
993 4475 1211 4530 Esurivi
1261 4477 1432 4540 enim,
1477 4485 1532 4531 et
1573 4477 1804 4532 dedistis
1847 4477 1983 4530 mihi

2085 1999 2184 2068 τῆς
2214 1998 2370 2069 δόξης
2398 1997 2584 2052 αὑτοῦ.
2621 2017 2638 2048 ι
2681 1998 2790 2050 Καὶ
2818 1997 2981 2057 αὐτὸς
3015 1997 3070 2049 δὲ
3099 1999 3126 2049 ὁ
3153 1997 3352 2066 Κύριος
3383 1996 3517 2066 πρὸς
3540 1997 3672 2059 τοὺς

2099 2091 2386 2152 Ἰουδαίους
2409 2092 2532 2160 ἔφη’
2573 2109 2590 2141 ι
2619 2090 2738 2142 Ὀτι
2768 2087 2862 2160 [εί]
2897 2090 2916 2119 ⁷
2949 2087 3074 2151 Υἱὸς
3105 2087 3390 2159 ἀνθρώπου
3422 2087 3558 2149 ἐστὶ,
3594 2086 3671 2156 μὴ

2087 2181 2396 2252 θαυμάζετε
2427 2181 2606 2234 τοῦτο·
2642 2181 2719 2233 ὅτι
2746 2179 2968 2251 ἔρχεται
2987 2179 3107 2251 ῶρα
3145 2181 3199 2232 ἐν
3302 2179 3500 2242 πάντες
3527 2179 3577 2230 οἱ
3611 2180 3672 2232 ἐν

2085 2276 2198 2337 τοῖς
2237 2273 2526 2344 μνημείοις
2557 2273 2878 2327 ἀκούσονται
2913 2273 3010 2342 τῆς
3035 2273 3216 2341 φωνῆς
3238 2272 3424 2336 αὑτοῦ,
3461 2273 3555 2325 καὶ
3579 2273 3674 2324 Ex-

2087 2364 2447 2438 πορεύσονται
2487 2366 2536 2419 οί
2575 2364 2643 2418 τὰ
2681 2365 2863 2434 ἁγαθά
2902 2366 3225 2436 ποιήσαντες
3258 2366 3338 2428 είς
3369 2365 3674 2419 ἀνάστασιν

2087 2455 2252 2525 ζωῆς·
2286 2456 2334 2508 οἱ
2367 2455 2422 2508 δὲ
2451 2455 2518 2508 τὰ
2547 2454 2726 2522 φαῦλα
2762 2453 3085 2525 πράξαντες,
3111 2453 3191 2516 εἰς
3220 2453 3515 2506 ἀνάστασιν
3549 2454 3672 2523 κρί-

2089 2561 2247 2607 σεως.
2289 2564 2305 2595 ι
2339 2544 2448 2596 Kal.
2475 2544 2657 2608 πάλιν,
2691 2544 2758 2596 τὰ
2808 2542 2935 2612 περὶ
2967 2539 3061 2595 τοῦ
3097 2540 3276 2594 κοινοῦ
3311 2541 3672 2612 διηγούμενος

2086 2634 2294 2698 τέλους,
2329 2635 2422 2687 καὶ
2461 2633 2636 2687 ταῦτα
2680 2631 3088 2704 προστέθεικεν
3128 2651 3147 2684 ι
3186 2630 3404 2694 Εὐθέως
3431 2631 3487 2685 δὲ
3530 2631 3672 2702 μετά

2085 2725 2186 2796 τὴν
2218 2725 2397 2795 θλίψιν
2427 2724 2535 2778 τῶν
2567 2724 2795 2795 ἡμερῶν
2823 2723 3047 2778 ἐκείνων
3074 2725 3103 2777 6
3135 2722 3285 2794 ἥλιος
3318 2722 3672 2792 σκοτισθήσε-

2087 2835 2179 2872 ται
2205 2817 2356 2888 καὶὴ
2404 2816 2600 2888 σελήνη
2643 2816 2701 2869 οὐ
2743 2813 2904 2868 δώσει
2931 2813 2992 2867 rb
3020 2815 3222 2884 φέγγος
3276 2813 3466 2884 αὐτῆς,
3495 2813 3589 2866 καὶ
3609 2813 3662 2866 οἱ

2087 2910 2314 2980 ἀστέρες
2340 2908 2630 2962 πεσοῦνται
2657 2906 2764 2961 ἀπὸ
2781 2906 2872 2961 τοῦ
2892 2908 2914 2940 ⁸
2934 2905 3184 2978 οὐρανοῦ,
3205 2906 3299 2959 καὶ
3327 2909 3381 2960 αῖ
3409 2905 3670 2975 δυνάμεις

2087 3003 2196 3056 τῶν
2232 3001 2480 3072 οὐρανῶν
2514 3001 2964 3072 σαλευθήσονταιο
2997 2999 3092 3053 καὶ
3118 2999 3239 3052 τότε
3285 2999 3584 3070 φανήσεται
3607 2997 3670 3049 rb

2090 3095 2318 3164 σημεῖον
2363 3091 2456 3145 τοῦ
2490 3091 2605 3146 υίοῦ
2655 3091 2748 3145 τοῦ
2783 3090 3070 3162 ἀνθρώπου
3109 3091 3168 3142 ἐν
3200 3089 3276 3159 τῷ
3302 3087 3538 3159 οὐρανῷ·
3575 3088 3673 3141 καὶ

2088 3185 2209 3240 τότε
2267 3185 2518 3253 κόψονται
2570 3181 2789 3256 [πᾶσαι]
2841 3184 2896 3237 αἱ
2937 3183 3103 3253 φυλαὶ
3132 3182 3233 3252 τῆς
3262 3183 3386 3251 γῆς.
3421 3201 3438 3231 ι
3472 3182 3570 3235 Διὰ
3612 3181 3672 3234 δὲ

2088 3274 2294 3328 τούτων
2347 3275 2496 3344 δηλοῖ
2539 3275 2645 3327 τῶν
2686 3273 2834 3346 [162]
2867 3274 3250 3344 ἠπιστηκότων
3303 3274 3396 3326 τὸν
3446 3272 3673 3344 θρῆνον.

2090 3366 2221 3422 Εἶτα
2261 3367 2359 3438 τὴν
2393 3368 2518 3435 περὶ
2548 3366 2654 3419 τῶν
2691 3365 2973 3437 παρθένων
3003 3364 3316 3436 παραϐολὴν
3351 3362 3540 3428 εἰπὼν,
3578 3368 3674 3417 καὶ

2087 3460 2162 3523 ὡς
2205 3461 2261 3513 ai
2296 3459 2394 3530 μὲν
2437 3459 2686 3527 εἰσῆλθον
2732 3460 2809 3522 εἰς
2854 3457 2945 3510 τὶν
2977 3457 3243 3528 νυμφῶνα
3277 3456 3537 3526 φέρουσαι
3572 3454 3676 3519 τὰς

2089 3553 2402 3622 λαμπάδας,
2439 3553 2492 3604 αἱ
2531 3551 2588 3604 δὲ
2630 3551 2808 3621 μωραὶ
2838 3549 2938 3619 τῆς
2972 3548 3243 3610 παστάδος
3285 3547 3673 3616 ἀπεστερήθη-

2091 3661 2212 3707 σαν,
2249 3643 2548 3713 ἐπειδήπερ
2589 3642 2644 3694 αί
2683 3640 2966 3711 λαμπάδες
3013 3637 3370 3709 ὲσϐέσθησαν·
3413 3637 3674 3709 προσθεὶς

2089 3737 2145 3791 δὲ
2177 3737 2267 3788 καὶ
2295 3735 2360 3788 τὰ
2387 3733 2495 3787 τῶν
2522 3732 2798 3786 ταλάντων
2841 3732 2937 3784 καὶ
2971 3729 3080 3782 τῶν
3106 3728 3329 3782 οἰκετῶν
3361 3727 3468 3780 τῶν
3501 3746 3676 3780 σπου-

2089 3831 2252 3885 δαίων
2274 3827 2370 3881 καὶ
2389 3824 2483 3879 τοῦ
2513 3823 2686 3896 ἀργοῦ
2712 3821 2805 3876 τοῦ
2839 3821 2901 3875 rb
2931 3820 3194 3874 τάλαντον
3216 3819 3676 3892 κατακρύψαντος

2089 3923 2183 3975 καὶ
2217 3919 2294 3985 τῷ
2334 3916 2588 3988 ἐξωτάτω
2629 3915 2811 3967 σκότει
2857 3909 3355 3984 παραπεμφθέντος
3380 3911 3423 3973 9,
3461 3911 3676 3978 ἐπήγα-

2087 4030 2203 4083 γεν·
2243 4032 2260 4063 ι
2293 4012 2460 4064 Ὅταν
2493 4010 2548 4062 δὲ
2576 4008 2704 4080 ἔλθῃ
2733 4009 2761 4059 6
2786 4006 2911 4069 Υίδς
2939 4003 3031 4057 τοῦ
3060 4002 3349 4074 ἀνθρώπου
3373 4004 3428 4055 ἐν
3457 4006 3522 4072 τῇ
3543 4003 3677 4074 δόξῃ

2089 4104 2276 4168 αὐτοῦ,
2313 4103 2407 4158 καὶ
2439 4101 2638 4164 πάντες
2680 4101 2728 4152 οἱ
2769 4098 2912 4166 ἆγιοι
2954 4095 3174 4165 ἄγγελοι
3219 4093 3430 4166 [αὐτοῦ]
3462 4096 3504 4126 ¹⁰
3550 4093 3676 4164 μετ’

2087 4195 2276 4261 αὐτοῦ,
2310 4195 2431 4249 τότε
2463 4191 2766 4261 καθήσεται
2805 4190 2897 4242 ἐπὶ
2945 4188 3138 4259 θρόνου
3167 4185 3322 4255 δόξης
3359 4185 3546 4248 αὑτοῦ,
3573 4185 3673 4239 καὶ

2089 4289 2513 4359 συναχθήσονται
2566 4287 2608 4316 ¹¹
2657 4282 2963 4356 ἔμπροσθεν
3013 4279 3179 4334 αὐτοῦ
3212 4280 3389 4333 πάντα
3421 4279 3489 4331 τὰ
3515 4277 3668 4348 ἔθνη·

2087 4382 2182 4437 καὶ
2212 4379 2466 4450 ἀφορίσει
2498 4378 2695 4440 αὐτοὺς
2733 4375 2829 4428 ἀπ’
2857 4372 3120 4445 ἀλλήλων,
3167 4372 3356 4440 ὥσπερ
3405 4371 3434 4422 6
3468 4369 3672 4439 ποιμὴν

2087 4474 2336 4545 ἀφορίζει
2360 4471 2429 4525 τὰ
2460 4469 2710 4540 πρόϐατα
2739 4466 2845 4520 ἀπὸ
2875 4466 2982 4518 τῶν
3005 4465 3230 4536 ἐρίφων·
3259 4463 3353 4517 καὶ
3390 4463 3577 4532 στήσει
3602 4461 3672 4515 τὰ

401 4563 547 4631 quod
602 4564 1024 4630 manducarem;
1081 4565 1252 4629 sitivi,
1298 4574 1354 4619 et
1404 4567 1705 4622 bibendum
1753 4567 1981 4623 dedistis

2093 4565 2192 4636 μὲν
2229 4562 2473 4634 πρόϐατα
2511 4563 2574 4614 ἐκ
2594 4557 2783 4622 δεξιῶν
2832 4555 3020 4621 αὐτοῦ,
3063 4555 3131 4608 τὰ
3174 4554 3230 4606 δὲ
3277 4553 3464 4623 ἐρίφια
3487 4553 3546 4616 ἐξ
3576 4553 3668 4602 εὐ-

403 4653 573 4720 mihi;
607 4655 806 4725 hospes
835 4673 1010 4719 eram,
1052 4665 1108 4709 et
1159 4659 1481 4727 suscepistis
1521 4676 1643 4724 me;
1686 4660 1889 4723 nudus,
1927 4669 1983 4714 et

402 4746 771 4814 eooperuistis
823 4763 943 4812 me;
1007 4747 1279 4813 inﬁrmus,
1331 4759 1388 4804 et
1437 4751 1704 4804 visitastis
1752 4767 1877 4817 me;
1925 4750 1980 4805 in

401 4852 624 4890 carcere
643 4853 815 4898 eram,
841 4847 897 4891 et
933 4839 1163 4892 venistis
1189 4839 1256 4893 ad
1287 4857 1375 4896 me
1399 4850 1447 4895 ³.
1472 4860 1488 4891 ›
1521 4841 1586 4894 Et
1612 4841 1720 4895 illis
1745 4841 1981 4896 dicenti-

400 4927 526 4993 bus,
559 4945 617 4982 se
644 4927 781 4980 nihil
806 4928 1001 4982 horum
1035 4945 1273 4999 unquam
1309 4931 1631 5001 praestitisse
1669 4933 1979 5001 (proprium

399 5027 485 5074 est
521 5020 668 5074 enim
711 5019 931 5074 virtutis
969 5022 1302 5078 athletarum
1336 5032 1396 5077 ut
1437 5022 1715 5077 modestos
1743 5039 1800 5076 se
1837 5039 1977 5092 prte-

398 5111 586 5173 heant,
620 5126 857 5180 suasque
883 5128 1015 5180 Opes
1048 5115 1380 5182 occultent),
1412 5114 1495 5167 eis
1523 5114 1635 5166 Rex
1663 5124 1857 5168 contra
1887 5131 1971 5169 re-

400 5201 731 5271 spondebit:
769 5223 786 5252 ι
816 5204 1132 5259 Amcndieo
1157 5205 1333 5269 vobis,
1381 5204 1527 5275 quod
1552 5204 1759 5260 fecistis
1784 5205 1874 5260 uni
1910 5223 1975 5262 ex

465 5383 529 5436 (1|
559 5381 684 5436 Cor.
718 5397 806 5444 xv,
844 5381 1032 5434 εἰεί-44.

403 5460 426 5488 ν
459 5452 650 5506 Matth.
689 5468 812 5517 xxv,
847 5451 869 5503 l
907 5466 1061 5518 seqq.

1114 5389 1134 5415 τ
1170 5381 1303 5434 ibid.
1338 5381 1425 5440 5‘2,
1461 5380 1550 5434 55.

1142 5458 1165 5484 ⁸
1201 5451 1335 5505 ibid.
1371 5452 1558 5506 51-36.

1628 5394 1648 5421 ⁸
1685 5383 1918 5453 Phiiipp.
1957 5398 2033 5448 tu,
2065 5383 2155 5446 20,
2187 5382 2275 5435 9-1.

2091 4654 2198 4709 ωνύ
2211 4672 2346 4724 μων.
2381 4653 2514 4705 Τότε
2543 4653 2657 4720 ἐρεῖ
2684 4653 2712 4702 ὁ
2745 4648 2998 4719 βασιλεὺς
3030 4649 3142 4710 τοῖς
3170 4647 3234 4698 ἐκ
3263 4645 3452 4709 δεξιῶν
3478 4643 3666 4697 αὐτοῦ·

2090 4745 2336 4810 Δεῦτε,οἱ
2371 4741 2726 4811 εὐλογημένοι
2748 4740 2839 4794 τοῦ
2867 4737 3077 4810 Πατρός
3104 4753 3226 4808 μου,
3254 4736 3670 4806 κληρονομήσα-

2089 4855 2147 4890 τε
2181 4837 2279 4907 τὴν
2311 4833 2717 4906 ἡτοιμασμένην
2754 4833 2881 4903 ύμῖν
2933 4829 3206 4898 βασιλείαν
3235 4827 3342 4880 ἀπὸ
3364 4825 3669 4892 καταϐολῆς

2088 4928 2317 4998 κόσμου·
2361 4923 2621 4978 ὲπείνασα
2674 4925 2804 4994 γὰρ,
2860 4921 2954 4976 καὶ
3007 4917 3249 4974 ἐδώκατέ
3307 4935 3396 4988 μοι
3449 4917 3664 4984 φαγεῖνο

2086 5021 2336 5090 ἐδίψησα,
2363 5019 2457 5072 καὶ
2485 5015 2771 5071 ἐποτίσατέ
2797 5031 2882 5086 με·
2919 5013 3066 5078 ξένος
3095 5011 3264 5081 ήμην,
3305 5009 3398 5062 καὶ
3434 5006 3669 5076 συνηγά-

2084 5116 2210 5184 γετέ
2263 5131 2330 5184 με
2353 5130 2365 5143 ·
2400 5112 2623 5182 γυμνὸς,
2652 5109 2745 5163 καὶ
2777 5104 3128 5177 περιεϐάλετέ
3159 5120 3225 5173 με
3245 5118 3258 5131 ⁸
3288 5101 3541 5170 ἀσθενὴς,
3571 5097 3667 5150 καὶ

2085 5203 2463 5276 ἐπεσκέψασθέ
2494 5219 2581 5274 με·
2605 5203 2663 5254 ἐν
2710 5199 2922 5270 φυλακῇ
2951 5197 3120 5267 ἥμην,
3165 5193 3258 5248 καὶ
3287 5191 3478 5263 ἠλθετε
3529 5191 3664 5260 πρὸς

2366 5384 2378 5416 ι
2412 5380 2570 5434 Joan.
2604 5393 2654 5442 v,
2686 5375 2777 5441 ‘28,
2808 5373 2895 5428 ‘29.
2973 5381 2997 5408 υ
3033 5367 3222 5424 Matth.
3275 5382 3417 5431 xxn',
3449 5365 3538 5420 29.
3571 5363 3661 5419 50.

1745 5563 1978 5618 VARle
2021 5561 2427 5617 Llitl'l'lONES.

469 5711 488 5741 ⁸
513 5711 838 5770 Φιλιππίοις.
873 5708 1253 5774 Φιλιππησίοις
1284 5709 1343 5761 πὶ.

409 5778 443 5849 Ὺ,
485 5776 577 5849 [si]
614 5793 725 5849 om,
764 5779 826 5830 D.
861 5779 882 5809 ⁸
909 5779 1014 5831 ἀπὸ
1039 5777 1239 5849 τοῦεέκ
1261 5779 1352 5830 ruri
1379 5779 1473 5849 Via.

1437 5709 1456 5736 ⁵
1482 5707 1779 5761 ἐπέστειλε.
1817 5703 2102 5756 ἐπέστελλε
2132 5701 2230 5765 Va,
2261 5703 2370 5761 τοῖς
2399 5715 2498 5769 pro
2521 5698 2734 5758 πολλοῖς
2759 5697 2856 5769 Vb.

1557 5779 1576 5804 ε’
1617 5773 2132 5843 παραπεμφθέντος.
2169 5765 2558 5843 παραδοθέντος
2587 5777 2642 5822 et
2667 5783 2792 5823 mox
2827 5766 2968 5818 ἔλθοι
3003 5765 3064 5818 ι).

2941 5697 2960 5725 θ
2989 5693 3079 5744 καὶ
3111 5689 3284 5754 αὖθις.
3327 5689 3480 5754 αὖθις
3509 5690 3564 5742 δὲ
3597 5689 3663 5744 Il.

3152 5765 3196 5795 ¹⁹
3225 5758 3662 5832 [215105]me

410 5847 448 5876 “
484 5839 935 5914 συναχθήσονται.
979 5847 1369 5917 συναχθήσεται
1398 5848 1458 5910 D,
1486 5847 1576 5914 qui
1602 5839 1722 5899 tuos
1764 5839 1872 5897 (nn.
1899 5845 1981 5896 ἀπὶ

2086 5843 2137 5894 ira
2168 5839 2597 5910 ὲφζ-πρόϐατα.
