4056 6416
344 412 478 477 1127

870 406 1308 470 (ΞΒᾹΞΟΑΒΠΜ
1345 409 1647 470 AFFECT.
1687 408 1938 471 CURAT

2034 405 2222 468 .·--ΧΙ.
2261 404 2361 467 DE
2396 400 2576 465 FINE
2615 402 2710 462 ET
2743 398 3065 463 JUDICIO.

3468 397 3602 459 IIIS

343 544 435 597 με.
465 541 484 575 ι
536 517 790 574 Ἑκείνων
823 516 880 570 δὲ
926 515 1142 585 φάντων
1179 513 1343 585 μηδὲν
1375 516 1582 569 τούτων
1622 515 1844 569 πώποτε
1873 516 1917 547 ⁸⁸

2034 514 2111 569 his
2135 512 2380 567 minimis
2416 512 2685 567 fratribus
2708 507 2866 574 meis,
2902 508 2998 580 qui
3028 507 3084 561 in
3108 520 3196 560 me
3219 502 3598 563 crediderunt.

339 609 656 684 δεδρακέναι
684 607 836 679 (ῖδιον
861 604 972 677 γὰρ
1008 603 1069 658 τὸ
1097 603 1411 680 μετριάζειν
1441 602 1551 656 τῶν
1592 603 1691 673 τῆς
1717 602 1917 674 ἀρετῆς

338 701 591 775 ἀθλητῶν
611 702 677 766 ¹³,
707 700 803 753 καὶ
836 696 1246 767 κατακρύπτειν
1290 694 1379 749 τὸν
1427 694 1657 748 πλοῦτον
1689 694 1776 763 ι³ο),
1804 696 1921 765 ἐρεῖ

337 795 539 861 τοίνυν,
564 792 750 861 φησὶν,
784 789 922 861 πρὸς
942 787 1139 847 αὐτοὺς
1164 789 1193 840 ὁ
1215 786 1496 848 Βασιλεύς
1529 805 1548 838 ι
1571 786 1743 857 Ἀμὴν
1776 785 1919 854 λέγω

341 888 493 956 ὑμῖν,
531 882 617 953 ἐφ’
648 883 771 936 ὅσον
817 880 1106 951 ἐποιήσατε
1155 877 1238 930 ἑνὶ
1280 876 1487 931 τούτων
1524 877 1634 931 τῶν
1676 877 1919 947 ἀδελφῶν

343 997 447 1049 μου
512 976 620 1031 τῶν
670 976 969 1044 ἐλαχίστων
1027 970 1138 1026 τῶν
1187 972 1551 1025 πιστευόντων
1597 971 1640 1003 ¹⁵
1688 972 1766 1032 εἰς
1797 971 1918 1041 ἐμὲ,

338 1070 459 1140 ἐμοὶ
514 1067 830 1136 ἐποιήσατε.
869 1082 887 1115 ι
946 1061 1102 1116 Οὕτω
1135 1061 1358 1124 τούτους
1410 1061 1785 1132 ἀνακηρύξας,
1827 1060 1921 1114 καὶ

337 1159 587 1223 δεδωκὼς
633 1158 703 1211 τὰ
731 1156 871 1228 γέρα
906 1154 1013 1208 τῶν
1050 1154 1249 1229 πόνων,
1302 1154 1437 1223 ὲρεῖ,
1481 1153 1637 1223 φησὶ,
1673 1153 1769 1206 καὶ
1809 1154 1923 1215 τοῖς

338 1253 402 1320 ἐξ
450 1249 768 1321 εὐωνύμων·
821 1265 841 1298 ι
889 1244 1189 1318 Πορεύεσθε
1223 1244 1319 1297 ἀπ’
1344 1241 1502 1314 ἐμοῦ,
1529 1245 1576 1296 oi
1607 1243 1925 1313 κατηραμέο

339 1361 442 1406 νοι,
474 1345 555 1406 είς
588 1342 648 1395 τὸ
679 1338 790 1412 πῦρ
817 1337 876 1391 τὸ
909 1335 1147 1398 αίὼνιον,
1172 1335 1234 1388 τὺ
1266 1334 1669 1405 ἡτοιμασμένον
1703 1334 1780 1404 τῷ
1816 1335 1927 1389 δια-

343 1437 484 1507 ϐόλῳ
513 1435 738 1494 καὶτοῖς
761 1429 1016 1498 ἀγγέλοις
1044 1426 1231 1481 αὑτοῦ.
1266 1444 1284 1475 ι
1320 1426 1493 1496 Δὴλας
1521 1424 1576 1478 δὲ
1603 1426 1695 1479 καὶ
1717 1426 1928 1490 τούτοις

348 1527 461 1581 τῶν
498 1522 779 1595 τιμωριῶν
808 1521 906 1583 τὰς
944 1517 1123 1581 αἰτίας
1155 1518 1334 1570 ποιεῖ·
1369 1515 1546 1578 οὐδεὶς
1568 1516 1676 1586 γὰρ
1705 1514 1928 1586 ἔδρασεν

2025 605 2160 659 mihi
2185 603 2394 659 fecistis
2424 612 2472 658 I.
2506 623 2524 655 ι
2569 603 2639 657 Et
2670 611 2960 673 postquam
2996 600 3099 654 hos
3137 595 3290 652 vocis
3320 610 3432 651 suae
3463 611 3606 666 pne-

2024 695 2189 752 conio
2224 696 2586 763 laborumque
2625 693 2868 763 pranniis
2904 689 3234 753 honestarit,
3271 687 3421 743 dicet
3451 695 3507 741 et
3536 685 3605 739 iis

2025 787 2121 857 qui
2148 785 2374 841 stabunt
2393 799 2423 837 a
2453 783 2694 838 sinistris
2718 801 2730 835 :
2768 802 2786 833 ι
2816 780 3088 835 Discedite
3112 794 3143 831 a
3168 791 3274 840 me,
3300 773 3602 835 maledicti,

2027 880 2085 934 in
2114 883 2131 899 '
2161 879 2342 948 ignem
2366 885 2657 937 aeternum,
2689 873 2783 942 qui
2813 880 3035 943 paratus
3064 877 3148 924 est
3165 867 3396 922 diabolo
3422 874 3478 919 ct
3502 879 3602 918 an-

2027 968 2164 1040 gelis
2184 969 2304 1037 ejus
2330 976 2374 1019 ι.
2407 985 2424 1016 ι
2449 964 2698 1034 Explicat
2726 970 2909 1016 autem
2940 960 3026 1014 his
3053 973 3270 1028 quoque
3300 953 3601 1025 supplicio-

2028 1073 2150 1112 rum
2178 1070 2372 1112 causas
2397 1073 2410 1108 :
2436 1054 2583 1124 quod
2623 1052 2808 1106 nullus
2836 1064 3027 1104 eorum
3052 1062 3116 1101 ea
3136 1044 3459 1116 praestiterit
3479 1057 3602 1112 qua:

2022 1150 2299 1221 justorum
2328 1147 2535 1201 chorus
2565 1141 2842 1214 praestitit,
2865 1154 3046 1209 neque
3086 1151 3355 1191 summam
3379 1133 3601 1187 illorum
3663 1134 3667 1140 ’

2025 1240 2353 1295 modestiam
2384 1238 2582 1293 imitati
2615 1234 2843 1290 fuerint.
2872 1231 2953 1287 Illi
2975 1230 3124 1286 enim
3147 1227 3311 1284 etiam
3336 1226 3477 1280 bona
3504 1240 3604 1279 ne-

2026 1331 2229 1403 gabant
2264 1345 2323 1385 se
2353 1329 2549 1385 fecisse
2578 1342 2701 1398 qua:
2733 1325 2982 1379 fecerant
3019 1337 3031 1374 :
3070 1320 3127 1373 hi
3152 1332 3307 1377 vero,
3340 1330 3462 1385 quae
3495 1328 3602 1366 non

2026 1426 2300 1491 fecerunt,
2340 1440 2399 1481 se
2429 1423 2626 1479 fecisse
2658 1419 3024 1475 mentiuntur.
3064 1414 3196 1469 Iure
3233 1425 3365 1481 ergo
3394 1406 3609 1477 1006

2030 1517 2456 1579 convinCentur,
2478 1522 2535 1568 et
2560 1511 2739 1583 poenis
2766 1505 3164 1579 suppliciisque
3189 1500 3501 1557 tradentur.

340 1589 570 1672 ἐκείνων
591 1614 627 1668 ἃ.
649 1589 764 1666 *τῶν
796 1610 1021 1665 δικαίων
1063 1608 1380 1662 ἐπετέλεσεν
1403 1609 1431 1661 ό
1471 1607 1661 1678 χορὸς,
1697 1607 1791 1660 καὶ.
1821 1606 1945 1661 οὐδὲ
1983 1608 2083 1679 τὴν
2118 1609 2354 1679 ἐσχάτην
2395 1605 2621 1659 ἐκείνων
2655 1603 2700 1633 ¹⁸
2730 1599 2984 1671 ζηλοῦσιν
3025 1594 3329 1649 εὐλάϐειαν.
3379 1589 3607 1642 Ἐκεῖνοι

342 1709 447 1779 μὲν
468 1707 597 1778 γὰρ,
628 1704 807 1759 πάντα
833 1703 1019 1755 ὲκεῖνα
1045 1699 1425 1771 πεποιηκότες,
1462 1676 1797 1771 ἡίρνὴθησανο
1829 1693 1975 1753 οὗτοι
1995 1676 2074 1766 δέ,
2104 1676 2365 1772 καῖ-μὴίίτ
2389 1698 2728 1769 δεδρακότες,
2756 1689 3115 1763 πεποιηκέναι
3140 1684 3322 1757 φασίν*
3348 1680 3484 1737 ἀλλὰ
3511 1676 3608 1732 καὶ

339 1800 436 1854 τὸν
468 1799 692 1868 ἔλεγχον
717 1794 980 1860 δέξονται,
1002 1792 1097 1847 καὶ
1125 1795 1192 1863 τῇ
1219 1791 1459 1864 τιμωρίᾳ
1481 1790 1966 1863 παραδοθήσονται.

414 1878 621 1952 Ταῦτα,
656 1879 702 1939 ὦ
729 1884 941 1956 ἄνδρες,
981 1882 1331 1954 παραόἀλετε
1361 1883 1474 1945 τοῖς
1508 1882 1919 1968 ἐπαινουμένοις

2099 1884 2226 1939 Haec
2250 1900 2369 1947 vos,
2395 1899 2429 1938 ο
2460 1880 2594 1945 viri,
2619 1878 2868 1935 conferte
2903 1890 3026 1931 cum
3059 1870 3302 1928 Platonis
3333 1865 3606 1923 sermoni-

340 1981 441 2038 τοῦ
474 1980 764 2042 Πλάτωνος
810 1976 1010 2045 λόγοις.
1049 1976 1106 2029 ’0
1132 1975 1240 2045 γάρ
1288 1991 1371 2028 τοι
1423 1972 1584 2037 ἄλλος
1630 1972 1794 2045 λῆρος
1832 1974 1927 2027 καὶ

339 2073 497 2131 τοῦδε
528 2070 753 2125 καὶτῶν
789 2068 966 2123 ἄλλων
996 2066 1089 2121 τοῦ
1142 2067 1370 2129 σκότους
1416 2064 1627 2118 ἐκείνου
1656 2081 1719 2133 γε
1749 2064 1932 2132 ἀξιού-

342 2166 458 2220 σθω
481 2164 524 2196 ¹⁸
541 2182 554 2195 ·
576 2162 612 2217 ἃ
638 2161 694 2215 δέ
721 2178 785 2229 γε
816 2160 909 2214 καὶ
930 2160 1094 2230 ἡμεῖς
1133 2157 1487 2229 ἐπῃνέσαμεν
1508 2155 1620 2227 ἔχει
1643 2155 1768 2209 τινὰ
1795 2156 1932 2225 πρὸς

339 2257 520 2313 ταῦτα
566 2254 905 2323 ξυγγένειαν.
952 2252 1065 2314 Τὰς
1096 2251 1230 2321 ,γάρ
1268 2266 1352 2303 τοι
1382 2248 1659 2313 κολάσεις,
1692 2248 1789 2301 καὶ
1830 2248 1931 2311 τὰς

342 2349 457 2402 τῶν
480 2344 700 2414 ἀγαθῶν
725 2342 1047 2408 ἀντιδόσεις,
1064 2342 1315 2402 κάκεῖνος
1335 2335 1475 2393 εἶναι
1493 2337 1929 2408 ξυνωμολόγησε,

342 2441 444 2496 καὶ
464 2439 531 2494 τὰ
562 2438 682 2492 θεῖα
712 2434 955 2499 ἐπέδειξε
988 2435 1031 2466 ⁸⁸
1050 2433 1241 2501 Λόγια,
1284 2431 1380 2486 καὶ
1418 2431 1486 2484 τὰ
1520 2429 1682 2484 καινὰ
1731 2430 1828 2483 καὶ
1863 2429 1932 2482 τὰ

343 2532 581 2589 Μλαιά³
608 2528 868 2591 δικαστὰς
908 2526 967 2581 δὲ
1012 2528 1218 2589 ἐκεῖνος
1264 2525 1363 2595 μὲν
1390 2524 1488 2576 καὶ
1550 2523 1775 2593 ἑτέρους
1819 2523 1932 2599 etq-

346 2628 549 2697 ήγαγε,
601 2622 694 2675 τὸν
740 2618 963 2685 Αἰακὸν,
1008 2616 1225 2671 καὶτὸν
1261 2615 1438 2679 Μίνω,
1483 2613 1577 2667 καὶ
1605 2613 1696 2667 τὸν
1742 2612 1933 2666 Ῥαδά-

348 2715 581 2788 μανθυν,
605 2714 804 2784 ἄνδρας
829 2712 952 2765 οὐδὲ
981 2709 1050 2763 τὰ
1081 2708 1258 2761 πάντα
1277 2707 1324 2738 ²⁰
1355 2704 1800 2776 ἐπαινουμένους,
1830 2702 1926 2758 τοῦ

357 2806 419 2860 δὲ
448 2805 605 2860 Μίνω
636 2805 733 2857 καὶ
772 2799 943 2855 πολλὰ
975 2798 1111 2854 ἄττα
1150 2794 1515 2867 κατηγοροῦσί
1551 2811 1695 2859 τινες
1715 2811 1729 2824 ·
1771 2796 1933 2865 ἡμεῖς

349 2898 411 2952 δὲ
437 2894 823 2969 προσμένομεν
853 2890 1118 2961 δικαστὴν
1141 2888 1235 2942 τὸν
1256 2889 1524 2960 ἡμέτερον
1561 2885 1811 2956 ποιητὴν,
1843 2886 1933 2939 τὸν

348 2988 447 3042 καὶ
485 2987 585 3057 τὴν
654 2985 816 3055 φύσιν
864 2985 931 3054 ἡν
980 2981 1218 3036 ἔπλασεν
1263 2978 1510 3050 ἀκριϐῶς
1545 2977 1932 3049 ἐπιστάμενον,

350 3082 451 3135 καὶ
476 3078 683 3149 ταύτης
742 3078 804 3131 οὐ
837 3076 998 3147 μόνον
1027 3073 1128 3137 τὰς
1171 3071 1402 3145 πράξεις
1451 3058 1546 3126 καὶ
1578 3071 1707 3134 τοὺς
1745 3069 1936 3138 λόγους

351 3170 716 3240 γινώσκοντα,
749 3168 884 3222 ἀλλὰ
935 3166 1029 3221 καὶ
1081 3165 1223 3219 αὐτὰ
1265 3163 1335 3218 τὰ
1368 3160 1520 3234 [163]
1564 3160 1666 3232 τῆς
1723 3159 1936 3223 ἑννοίας

2031 1977 2158 2041 bus,
2175 1975 2270 2047 qui
2292 1974 2526 2029 maxime
2543 1972 2860 2027 laudantur.
2882 1969 3105 2024 Caetera
3119 1964 3264 2020 enim
3283 1972 3399 2016 tum
3419 1960 3605 2029 hujus,

2032 2076 2150 2124 tum
2182 2067 2415 2121 aliorum
2444 2081 2621 2135 nugae,
2664 2061 2907 2118 tenebris
2938 2059 3048 2115 illis
3086 2057 3265 2127 digna:
3302 2058 3451 2108 sunt.
3477 2050 3610 2117 Quae

2031 2174 2165 2214 vero
2198 2154 2691 2219 nos'laudavimus,
2721 2154 2932 2208 habent
2963 2152 3200 2221 aliquam
3228 2160 3353 2201 cum
3381 2142 3470 2197 his
3498 2139 3611 2197 alli-

2031 2251 2283 2305 nitatem.
2314 2246 2594 2319 Supplicia
2615 2245 2764 2301 enim
2809 2259 2874 2298 ac
2892 2242 3166 2296 honorum
3215 2233 3612 2291 retributiones

2032 2350 2089 2398 et
2118 2341 2208 2395 ille
2231 2339 2518 2394 confessus
2545 2344 2650 2402 est,
2680 2344 2736 2390 et
2768 2349 2925 2390 sacra
2945 2330 3108 2386 nobis
3131 2338 3245 2383 tum
3274 2333 3465 2381 vetera
3495 2328 3611 2375 tum

2031 2446 2173 2486 nova
2188 2429 2418 2499 Eloquia
2435 2426 2754 2483 ostendunt.
2775 2425 3000 2481 Judices
3019 2435 3151 2477 vero
3173 2418 3263 2473 ille
3287 2416 3425 2471 alios
3445 2413 3610 2469 etiam

2033 2524 2271 2587 induxit,
2304 2521 2532 2576 Eacum
2552 2560 2566 2584 ,
2593 2528 2649 2574 et
2680 2519 2918 2573 Minoem
2941 2556 2956 2581 ,
2997 2522 3054 2571 et
3091 2507 3572 2568 Rhadamanthum
3595 2545 3608 2566 .

2031 2616 2285 2671 homines
2335 2628 2447 2667 non
2486 2624 2881 2681 usquequaque
2928 2602 3280 2668 laudandos;
3323 2600 3380 2653 in
3431 2598 3611 2652 Minoe

2034 2712 2217 2759 autem
2250 2711 2380 2759 sunt
2415 2709 2473 2756 et
2517 2699 2613 2770 qui
2657 2698 2828 2753 multa
2865 2694 3250 2751 criminentur.
3276 2689 3388 2744 Nos
3425 2693 3612 2741 autem

2031 2797 2277 2869 judicem
2309 2802 2695 2865 exspectamus
2723 2804 2850 2845 eum
2875 2788 2970 2858 qui
3002 2802 3102 2841 nos
3124 2785 3274 2847 fecit,
3303 2781 3398 2852 qui
3430 2788 3485 2834 et
3509 2792 3610 2832 na-

2038 2896 2215 2943 turam
2250 2886 2457 2956 optime
2496 2884 2652 2939 novit
2687 2897 2853 2952 quam
2891 2879 3009 2949 ipse
3045 2876 3220 2940 ﬁnxit,
3277 2887 3456 2943 neque
3493 2870 3614 2940 ejus

2035 2979 2180 3034 facta
2223 2977 2400 3032 solum
2429 2975 2691 3044 dictaque
2729 2972 2912 3036 callet,
2956 2968 3053 3025 sed
3088 2968 3240 3039 ipsos
3277 2978 3495 3036 quoque
3527 2962 3614 3016 in-

2037 3082 2209 3129 ternae
2237 3068 2590 3142 cogitationis
2614 3075 2818 3123 motus.
2841 3063 3123 3121 Judicahit
3146 3071 3332 3117 autem
3362 3073 3485 3123 nos,
3508 3057 3614 3111 hu-

2038 3163 2319 3219 manitatis
2332 3170 2535 3216 nostra:
2556 3168 2765 3215 vestem
2794 3157 3024 3212 indutus
3048 3173 3061 3209 :
3085 3152 3391 3209 divinitatis
3414 3150 3617 3221 quippe

354 3264 659 3335 κινήματα.
696 3261 918 3315 Δικάσει
967 3258 1047 3324 δὲ,
1079 3255 1179 3327 τὴν
1235 3255 1336 3325 τῆς
1392 3252 1670 3324 ἡμετέρας
1720 3249 1936 3320 φύσεως

2041 3262 2236 3310 natura
2287 3253 2462 3308 oculis
2511 3251 2663 3308 cerni
2718 3265 2827 3304 non
2873 3255 3076 3319 potest.
3106 3244 3248 3300 Hinc
3280 3251 3337 3298 et
3374 3243 3617 3311 seip'sum

356 3354 556 3425 στολὴν
607 3351 994 3423 περικείμενος
1015 3365 1029 3379 ·
1072 3348 1304 3418 ἀόρατος
1334 3345 1443 3415 γὰρ
1473 3345 1506 3414 ἡ
1539 3344 1639 3414 τῆς
1684 3341 1934 3412 θεότητος

350 3444 546 3516 φύσις.
577 3442 667 3514 Τῷ
701 3458 784 3495 τοι
829 3440 924 3494 καὶ
952 3438 1085 3492 Υἱδν
1116 3435 1405 3506 ἀνθρώπου
1437 3432 1628 3487 ἑαυτὸν
1667 3429 1939 3503 προσηγόο

353 3551 554 3607 ρευσεν
576 3550 590 3565 ο
622 3531 810 3603 ἐπειδὴ
841 3529 1047 3600 ταύτην
1079 3530 1128 3582 οἱ
1174 3526 1492 3598 κρινόμενοι
1535 3524 1802 3595 θεωροῦσι
1840 3523 1938 3594 τὴν

351 3626 542 3696 φύσιν.
560 3624 651 3678 Διὸ
676 3623 742 3694 δὴ
765 3622 858 3677 καὶ
886 3622 914 3674 ὁ
937 3621 1078 3685 θεῖος
1117 3617 1440 3681 ’Λπόστολος
1466 3618 1523 3670 ὲν
1565 3616 1869 3687 Ἀθηναίοις
1892 3616 1936 3646 ²¹

348 3713 685 3787 δημηγορῶν
716 3711 892 3776 οὕτως
929 3710 1032 3781 ἔφη
1063 3727 1077 3740 ·
1113 3728 1131 3761 ι
1164 3709 1303 3769 Τοὺς
1333 3708 1431 3777 μὲν
1464 3702 1558 3762 οὖν
1588 3706 1817 3778 χρόνους
1841 3705 1941 3775 τῆς

350 3806 582 3877 ἀγνοίας
631 3800 909 3874 ὑπεριδὼν
949 3801 978 3855 ό
1020 3797 1154 3860 Θεὸς
1182 3796 1347 3850 τανῦν
1381 3794 1751 3866 παραγγέλλει
1807 3794 1942 3846 πᾶσι

355 3875 640 3963 πανταχοῦ
699 3891 1003 3963 μετανοεῖν,
1048 3885 1239 3941 καθότι
1273 3884 1501 3955 ἔστησεν
1552 3883 1766 3955 ἡμέραν
1811 3882 1870 3934 ὲν

355 3983 546 4056 μέλλει
593 3981 796 4055 κρίνειν
843 3978 944 4050 τὴν
996 3976 1342 4047 οἰκουμένην,
1378 3977 1458 4047 ,ὲν
1486 3970 1809 4042 δικαιοσύνῃ
1831 4011 1847 4036 ,
1884 3971 1942 4023 ὲν

353 4074 517 4146 ἀνδρὶ
546 4066 592 4142 ᾧ
616 4072 808 4142 ὥρισε,
836 4065 1340 4138 πίστινπαρασχὼν
1364 4063 1576 4137 [πᾶσιν]
1607 4065 1678 4131 ’³,
1706 4062 1944 4134 ἀναστή-

356 4182 462 4229 σας
495 4164 655 4219 αύτδν
686 4164 752 4216 ἐκ
782 4158 1012 4232 νεκρῶν.
1042 4176 1060 4209 ι

435 4213 501 4311 ἐι
522 4213 941 4319 δέντιςαπιστεῖ
974 4252 1087 4314 τοῖς
1115 4248 1448 4320 λεγομένοις,
1474 4247 1570 4300 καὶ
1601 4245 1768 4317 λῆρον
1797 4245 1946 4315 ἡγεῖ·
1972 4213 1978 4219 ”

359 4367 459 4405 ται
503 4347 613 4403 τῶν
671 4344 985 4400 ἀποστόλων
1025 4343 1094 4396 τὰ
1134 4342 1376 4413 ῥήματα,
1410 4340 1535 4411 τῇδε
1587 4337 1807 4409 μαθέτω
1848 4334 1946 4406 τὴν

357 4440 571 4497 τούτων
604 4437 884 4509 ἀλήθειαν.
918 4432 1098 4488 Πολλὰ
1128 4432 1175 4464 ³³
1222 4431 1351 4503 περὶ
1383 4429 1477 4484 τοῦ
1518 4428 1805 4499 μέλλοντος
1833 4425 1947 4497 βίου

360 4535 462 4591 καὶ¹
501 4535 530 4587 ὁ
557 4531 836 4600 Δεσπότης
882 4525 1114 4598 Χριστὸς
1146 4524 1242 4577 καὶ
1284 4521 1334 4575 οἱ
1372 4519 1565 4573 τούτου
1599 4534 1663 4587 γε
1709 4519 1950 4589 κήρυκες

357 4627 783 4700 προηγόρευσαν
804 4638 819 4653 ·
855 4619 1148 4675 ὲθέσπισαν
1181 4615 1239 4670 δὲ
1290 4614 1385 4668 καὶ
1434 4612 1569 4667 ἄλλα
1622 4611 1779 4676 ἄττα,
1802 4609 1946 4663 ὲκεί-

357 4739 443 4791 νῳ
474 4720 574 4792 μὲν
612 4713 885 4786 οὐδαμῶς,
923 4709 1003 4781 τῷ
1052 4709 1110 4763 δὲ
1155 4708 1256 4779 βίῳ
1305 4704 1480 4776 τούτῳ
1498 4702 1544 4734 ’³
1573 4703 1941 4772 προσήκοντα.

373 4791 703 4874 Ἐξετόισατε
734 4803 940 4864 τοίνυν,
970 4794 1016 4855 ὧ
1053 4798 1270 4869 ἄνδρες,
1307 4796 1406 4858 τὰς
1449 4792 1604 4848 τοῦδε
1637 4791 1764 4863 πέρι
1796 4806 1951 4861 γεγε-

357 4897 611 4971 νημένας
644 4895 979 4967 προρρήσεις
1001 4906 1016 4921 ⁸
1052 4890 1154 4945 κᾶν
1198 4887 1396 4962 εὕρητε
1433 4885 1677 4957 ἀληθεῖς,
1717 4883 1812 4937 καὶ
1839 4884 1949 4945 τοῖς

358 4990 689 5061 πράγμασιν
738 4981 987 5055 ἐναργῶς
1033 4978 1461 5052 ξυμϐαινούσας,
1492 4974 1722 5043 δέξασθε
1761 4972 1952 5044 ἀδηρί-

359 5098 476 5145 τως
506 5082 689 5134 ἐκεῖνα
714 5079 760 5110 ’⁸
786 5075 854 5130 τὰ
883 5073 1013 5145 περὶ
1038 5071 1147 5125 τῶν
1184 5070 1486 5141 μελλόντων
1519 5063 1948 5133 τεθεσπισμένα.

361 5171 544 5227 Τοῦτο
576 5170 635 5223 δὲ
676 5163 781 5225 ὧδέ
819 5184 895 5237 πη
929 5160 1288 5219 διασκεπτέον
1316 5176 1331 5191 ·
1359 5159 1472 5229 Τὴν
1508 5156 1618 5210 τῶν
1651 5149 1952 5225 Ἰεροσολύ-

444 5264 693 5341 inanti.
726 5279 973 5348 xxv,40.
1051 5274 1367 5332 =ibid.H.
1444 5271 1784 5333 αΑοι.ινιι,
1816 5264 2028 5330 50,51.

2036 3345 2259 3400 hominis
2295 3342 2485 3397 Filium
2527 3340 2796 3411 appellat,
2834 3339 2965 3408 quia
2998 3338 3142 3392 hanc
3190 3326 3452 3390 videlicet
3520 3330 3617 3401 qui

2032 3435 2430 3508 judicahuntur
2490 3441 2748 3488 naturam
2823 3429 3111 3485 videbunt.
3166 3425 3323 3483 Unde
3396 3422 3621 3477 divinus

2038 3528 2356 3599 Apostolus,
2376 3541 2500 3581 cum
2525 3524 2668 3595 apud
2682 3522 3046 3577 Athenienses
3068 3518 3511 3576 concionaretur,
3538 3512 3619 3567 sic

2041 3620 2120 3675 ait
2152 3637 2165 3673 :
2205 3638 2224 3670 ι
2252 3618 2523 3687 Tempora
2555 3615 2718 3685 hujus
2749 3611 3069 3684 ignorantiae
3111 3606 3424 3677 despiciens
3450 3603 3615 3666 Deus,

2041 3722 2191 3761 nunc
2217 3704 2508 3761 annuntiat
2539 3701 2795 3757 omnibus
2818 3698 3023 3768 ubique
3051 3695 3389 3757 hominibus,
3416 3700 3477 3746 ut
3500 3704 3619 3761 pm-

2042 3797 2331 3853 nitentiam
2357 3802 2522 3866 agant
2550 3812 2562 3847 :
2589 3808 2656 3849 eo
2687 3791 2835 3863 quod
2861 3789 3056 3846 statuit
3085 3788 3255 3851 diem,
3277 3800 3387 3855 quo
3403 3782 3621 3854 judica-

2044 3896 2204 3942 turus
2227 3893 2313 3941 est
2342 3884 2535 3940 orbem
2559 3884 2612 3937 in
2640 3881 2921 3953 aequitate,
2958 3894 3059 3950 per
3083 3877 3264 3931 virum
3298 3874 3353 3928 in
3378 3887 3488 3943 quo
3515 3879 3624 3925 sta-

2046 3979 2173 4043 tuit,
2197 3977 2361 4032 ﬁdem
2384 3978 2632 4047 praebens
2654 3975 2936 4040 omnibus,
2958 3970 3232 4027 suscitans
3259 3966 3468 4037 1007
3494 3978 3623 4020 eum

2045 4085 2077 4123 a
2100 4067 2338 4123 mortuis
2367 4078 2415 4119 η.
2457 4085 2476 4117 ι
3018 4051 3026 4061 ’

2118 4245 2176 4301 Si
2203 4244 2328 4315 quis
2351 4252 2537 4299 autem
2566 4242 2655 4297 his
2683 4240 2911 4295 minime
2939 4236 3138 4301 credit,
3161 4241 3426 4305 putatque
3452 4244 3626 4297 nugas

2047 4353 2170 4394 esse
2200 4335 2578 4406 apostolorum
2610 4332 2801 4396 verba,
2840 4331 3060 4385 illorum
3085 4326 3373 4382 veritatem
3407 4322 3510 4375 hac
3539 4336 3626 4375 ra-

2049 4427 2200 4482 tione
2250 4424 2550 4495 perdiscat.
2580 4422 2747 4476 Multa
2788 4421 2857 4476 de
2899 4419 3104 4473 futurae
3137 4416 3264 4470 vita:
3293 4422 3462 4475 statu,
3506 4418 3624 4464 tum

2049 4518 2303 4575 Christus
2327 4515 2614 4577 Dominus,
2642 4523 2756 4568 tum
2776 4513 2895 4583 ejus
2924 4506 3180 4579 discipuli
3212 4504 3623 4576 praedixerunt:

1977 4589 2024 4647 Ῑ)
2049 4609 2223 4663 multa
2247 4614 2303 4662 et
2336 4606 2442 4660 alia
2474 4600 2941 4675 praenuntiatum,
2967 4615 3090 4670 quae
3117 4597 3255 4652 nihil
3279 4595 3347 4650 ad
3374 4594 3518 4648 illam
3542 4590 3621 4645 fu-

2051 4709 2234 4756 turam
2279 4699 2470 4762 vitam,
2519 4696 2616 4753 sed
2655 4694 2724 4751 ad
2772 4695 2917 4749 hanc
2957 4693 3222 4748 duntaxat
3264 4687 3630 4759 pertinerent.

2053 4791 2361 4864 Expendite
2394 4790 2584 4861 igitur,
2618 4804 2652 4844 ο
2680 4787 2807 4851 viri,
2849 4792 3161 4856 spectantes
3191 4781 3259 4836 ad
3285 4781 3428 4835 hanc
3460 4777 3631 4831 vitam

2054 4882 2439 4954 praedictiones
2475 4898 2487 4934 :
2514 4885 2531 4900 '
2553 4886 2610 4935 et
2640 4878 2687 4933 si
2710 4877 2880 4933 fuisse
2908 4890 3072 4930 veras
3104 4870 3398 4928 invenietis
3447 4882 3511 4922 ac
3540 4882 3633 4922 re-

2057 4991 2181 5030 rum
2211 4980 2414 5029 eventu
2446 4971 2850 5041 comprobatas,
2873 4984 2939 5023 ea
2965 4982 3084 5037 qua:
3113 4965 3182 5021 de
3226 4962 3430 5018 futuris
3465 4959 3636 5015 rebus

2056 5063 2315 5135 pradicta
2347 5070 2495 5128 sunt,
2532 5061 2652 5117 sine
2684 5058 3085 5128 disceptatione
3115 5053 3371 5124 accipite.
3410 5050 3470 5107 Id
3500 5062 3634 5103 vero

2057 5152 2159 5209 hac
2176 5152 2411 5208 maxime
2428 5151 2642 5208 ratione
2658 5147 3102 5223 perspiciendum
3113 5152 3227 5203 est:
3243 5141 3637 5211 Hierosolyma:
3736 5200 3741 5205 ς

1614 5403 1852 5460 VARUE
1887 5401 2180 5459 LEC'l'lON
2189 5400 2295 5456 ES.

437 5538 484 5569 ι’
513 5535 717 5589 τούτων
751 5531 991 5586 πώποτε.
1015 5528 1232 5585 πώποτε
1265 5523 1467 5581 τούτων
1501 5522 1563 5577 D.
1617 5520 1662 5554 ”
1685 5515 2151 5589 τῶν-ἀθλητῶν.
2185 5513 2312 5589 τοὺς
2330 5541 2400 5551 -
2424 5509 2664 5580 ἀθλητὰς
2692 5507 2877 5589 (1,1513;
2899 5505 3105 5589 έρετῆς
3148 5500 3257 5589 τῶν
3298 5496 3634 5589 ἀθλητῶν

524 5570 716 5589 tuo..."
757 5570 991 5586 "ww...
1023 5570 1232 5585 ..........-
1276 5570 1460 5581 .-πω
1503 5570 1563 5577 ν-
1893 5570 1915 5572 _,
2293 5570 2304 5575 _

378 5608 428 5642 ⁸⁵
449 5609 542 5661 τὸν
575 5604 824 5660 πλοῦτον.
871 5602 932 5655 τὸ
971 5601 1222 5655 πλουτεῖν
1274 5598 1339 5658 Ι),
1375 5602 1431 5650 et
1478 5608 1589 5646 om.
1640 5590 1899 5661 τοίνυν.--
1936 5570 2394 5661 ίδῇιξτιστευόνςεων..
2422 5570 2867 5661 πεπιστευκότων
2889 5570 2997 5661 Εἰ..
3027 5570 3530 5661 τξξστξυόνξωξξηὲθ
3556 5570 3638 5661 ﬁ;

378 5679 485 5739 ἐμὲ
515 5676 617 5733 Vb.
696 5676 741 5708 "
770 5671 1013 5726 ἐκείνων.
1039 5670 1253 5739 ἐκείνην
1280 5667 1409 5739 γε.⁸
1453 5663 1614 5739 ¹⁷ῌκαὶ
1646 5662 1739 5732 μή.

382 5727 589 5802 δῖούδξ
605 5727 691 5799 *τὰ
720 5743 920 5797 πάντα.
966 5742 1087 5802 οὐχὶ
1113 5727 1319 5802 πάντας
1349 5735 1452 5790 Vb.
1491 5727 1670 5802 Supra
1708 5727 1814 5802 Stat
1833 5728 2034 5802 ᾇνδρας
2065 5727 2129 5802 Ιλ.

1069 5759 1087 5794 ι
1113 5759 1319 5802 παντας
1359 5759 1452 5790 τυ.
1493 5759 1670 5802 ῠυμηι
1710 5759 1802 5785 λιιι
1834 5759 1929 5783 υινν
1968 5759 2032 5790 ut,
2067 5759 2129 5781 υ.
2306 5759 2615 5791 τινιμυυωνν
2685 5759 2751 5771 ..υ

1031 5759 1161 5871 XVI).
1248 5804 1294 5841 “
1325 5806 1424 5877 βίῳ
1464 5801 1657 5874 τούτῳ.
1684 5798 1762 5872 τῷ
1792 5798 1889 5870 βίῳ
1913 5759 2010 5853 Χῖα.
2078 5796 2145 5869 ιη
2175 5794 2375 5849 ἐκεῖνα.
2402 5791 2626 5846 κάκεῖνα
2650 5788 2751 5843 γι).

384 5818 437 5853 ⁸⁸
477 5815 665 5871 πολλά.
704 5812 873 5869 πολλὰ
916 5810 1025 5883 γὰρ

1780 5636 1945 5727 esset
1977 5636 2121 5712 v5.“
2172 5650 2534 5727 "ﬁgtoﬁcﬁm.
2569 5649 2716 5727 ἄξιος
2735 5651 2807 5727 p.
2889 5647 2932 5678 ιο
2954 5636 3633 5727 ἐπέδειξε.⁴ἀτξέδειξε“ρ.

2212 5724 2253 5753 at
2291 5706 2635 5791 ῗΑοηναίοις,”
2651 5706 2921 5791 Δ’Ᾱθήναις
2953 5715 3016 5771 D.
3106 5711 3152 5742 ”
3178 5706 3359 5783 [πᾶσι]
3392 5721 3504 5763 om.
3534 5706 3632 5763 Va.
