4056 6452
443 409 578 480 1119

1427 415 1913 476 THEODORETI
1953 414 2290 476 EPISCOPI
2327 419 2688 479 CYRENSIS

3554 421 3691 489 1120

441 527 597 582 urbis
617 522 962 580 obsidionem
985 521 1238 579 Christus
1257 524 1530 594 praedixit,
1557 529 1932 599 templumque
1955 529 2017 582 il-

2121 543 2236 596 μων
2263 531 2292 582 6
2333 531 2611 601 Δεσπότης
2646 529 2879 601 Χριστὸς
2925 532 3153 600 προεῖπε
3206 532 3544 603 πολιορκίαν,
3594 541 3690 596 καὶ

438 619 535 674 lud
585 617 1010 672 celeberrimum
1061 616 1314 672 funditus
1363 620 1747 686 evertendum,
1799 623 2017 678 Judzeos

439 711 628 774 etiam,
673 708 765 778 qui
812 708 991 777 ipsum
1041 709 1358 774 crucifixuri
1403 721 1582 776 erant,
1611 722 1858 768 extorres
1904 725 2017 770 toto

441 801 575 856 orbe
601 800 1018 870 dispergendos.
1045 801 1343 855 Videamus
1373 802 1538 871 igitur
1572 819 1642 857 an
1677 805 1794 860 haec
1814 805 2016 874 praedi-

441 891 549 945 ctio
586 891 654 944 ad
679 899 941 945 eventum
979 891 1316 960 pervenerit.
1344 892 1424 947 Ac
1460 893 1527 947 de
1550 893 1757 949 Judazis
1793 897 2015 964 quidem

439 999 539 1038 vos
571 984 926 1040 dubitaturos
965 1002 1077 1040 non
1118 996 1254 1055 puto
1290 1005 1303 1041 :
1338 982 1407 1042 ab
1436 989 1528 1043 illa
1566 991 1715 1044 enim
1754 992 1889 1045 urbe
1916 1007 2013 1046 ex-

442 1077 584 1146 pulsi
639 1086 788 1142 sunt,
840 1086 896 1132 et
944 1087 1216 1132 terrarum
1276 1081 1524 1135 omnium
1568 1081 1696 1135 facti
1737 1083 2012 1151 inquilini.

442 1169 654 1237 Templi
684 1185 814 1223 vero
842 1169 1216 1234 solitudinem,
1239 1179 1295 1225 et
1318 1187 1348 1224 a
1378 1171 1748 1225 fundamentis
1769 1173 2016 1227 eversio-

440 1274 588 1321 nem,
639 1259 734 1328 qui
783 1259 885 1328 ipsi
920 1261 1156 1326 vidistis,
1206 1262 1545 1316 confitemini
1583 1280 1595 1315 :
1636 1263 1834 1332 reliqui
1883 1280 2016 1319 vero

441 1349 794 1404 narrantibus
815 1351 1042 1406 credite.
1070 1353 1182 1422 Ego
1203 1353 1349 1406 enim
1375 1353 1525 1409 hisce
1546 1356 1722 1410 oculis
1742 1357 1857 1410 vidi
1882 1357 1982 1412 soli
1999 1387 2015 1400 -

444 1436 690 1491 tudinem
745 1439 893 1492 illam
937 1449 991 1494 et
1026 1441 1460 1509 praedictionem,
1503 1461 1666 1514 quam
1698 1447 1889 1501 auditu
1919 1464 2013 1502 ac-

442 1544 719 1596 ceperam,
773 1531 948 1583 oculis
990 1548 1108 1585 sum
1151 1534 1403 1599 intuitus,
1443 1536 1847 1607 veritatemque
1891 1539 2014 1593 lau-

444 1620 565 1674 davi
609 1630 773 1691 atque
818 1622 1063 1677 adoravi.
1118 1625 1416 1680 Veritatem
1459 1645 1593 1698 ergo
1641 1631 2016 1698 praedictionis

443 1709 606 1780 hujus
649 1727 736 1766 res
775 1714 905 1782 ipsa).
951 1715 1252 1770 clarissima
1291 1734 1427 1772 voce
1478 1727 1767 1775 testantur.
1812 1722 1918 1777 Sed
1960 1731 2017 1778 et

440 1803 745 1871 prophetiae
799 1806 1028 1861 alterius
1077 1809 1288 1862 exitum
1338 1811 1701 1881 inquiramus.
1759 1815 2016 1871 Prtedixit

446 1893 659 1964 1008
707 1899 966 1964 apostolis
1009 1899 1266 1957 Christus
1305 1904 1572 1959 Dominus
1617 1908 1917 1962 certamina
1961 1918 2017 1963 et

440 1985 688 2052 pericula
717 2002 838 2055 qua:
866 1989 1104 2044 subituri
1135 2003 1314 2058 erant,
1357 2011 1485 2049 cum
1515 1997 1720 2052 Judaais
1750 2006 1806 2052 et
1836 2000 2014 2069 genti-

440 2072 544 2129 bus
568 2077 875 2132 doctrinam
901 2080 1162 2139 afferrent
1189 2102 1201 2137 :
1235 2104 1253 2135 ι
1283 2085 1424 2140 Ecce
1453 2089 1622 2153 enim,
1651 2089 1729 2143 ait
1753 2090 1883 2155 illis,
1913 2108 2016 2162 ego

439 2166 599 2221 mitto
651 2184 750 2223 vos
797 2170 939 2226 sicut
977 2189 1108 2228 oves
1153 2175 1206 2229 in
1250 2177 1433 2231 medio
1479 2179 1734 2248 luporum
1771 2182 1820 2234 ι’.
1868 2201 1885 2233 ι
1947 2183 2016 2237 Et

443 2257 685 2313 iterum:
731 2282 747 2311 ι
784 2262 1027 2319 Tradent
1070 2282 1168 2322 vos
1211 2271 1484 2336 conciliis,
1530 2280 1586 2325 et
1633 2272 1689 2326 in
1728 2274 2016 2345 synagogis

441 2347 559 2403 suis
601 2348 953 2419 ﬂagellabunt
987 2370 1106 2417 vos,
1145 2365 1202 2411 et
1241 2359 1309 2411 ad
1353 2359 1614 2427 praesides
1653 2369 1709 2416 et
1751 2363 1817 2416 ad
1857 2380 2016 2433 reges

440 2437 717 2496 ducemini
745 2455 970 2512 propter
997 2463 1105 2511 me,
1142 2448 1196 2502 in
1223 2450 1594 2506 testimonium
1623 2453 1731 2507 illis
1755 2463 1811 2508 et
1831 2456 2013 2525 genti-

439 2530 544 2585 bus
587 2542 632 2585 ο.
680 2553 696 2584 ι
751 2535 1030 2604 Pauloque
1079 2546 1206 2606 post
1245 2556 1260 2592 :
1304 2558 1320 2589 ι
1366 2539 1568 2596 Tradet
1610 2551 1794 2597 autem
1848 2545 2014 2599 frater

439 2623 662 2679 fratrem
688 2626 755 2680 ad
785 2637 1046 2698 mortem,
1065 2641 1121 2685 et
1149 2639 1302 2700 pater
1335 2633 1496 2697 ﬁlios,
1525 2643 1581 2688 et
1606 2646 1894 2706 assurgent
1917 2638 2012 2692 lilii

439 2723 628 2770 contra
669 2728 946 2786 parentes,
987 2730 1044 2775 et
1085 2731 1263 2778 morte
1296 2740 1392 2779 eos
1431 2726 1668 2781 allicient
1706 2746 1718 2780 :
1757 2737 1814 2782 et
1857 2729 2015 2783 eritis

439 2805 568 2861 odio
613 2809 871 2864 omnibus
918 2811 1234 2868 hominibus
1275 2827 1503 2886 propter
1551 2833 1753 2872 nomen
1805 2835 2010 2872 meum.

439 2895 543 2963 Qui
567 2907 750 2954 autem
787 2906 1227 2970 perseveraverit
1263 2923 1436 2975 usque
1475 2909 1528 2961 in
1567 2908 1751 2972 finem,
1791 2909 1882 2964 hic
1906 2911 2014 2964 sal-

439 3005 544 3043 vus
579 2991 687 3044 erit
719 2990 769 3044 ἀ.
811 3011 828 3042 ι
881 2993 1169 3063 Itemque:
1206 3015 1224 3046 (
1263 2995 1321 3051 Si.
1362 2997 1578 3052 Patrem
1600 2999 1834 3054 familias
1858 3000 2014 3056 Beel-

441 3079 619 3134 zebub
635 3091 991 3147 vocaverunt,
1011 3093 1217 3144 quanto
1236 3087 1410 3156 magis
1427 3087 1760 3144 domesticos
1771 3093 1891 3160 ejus
1909 3102 1932 3127 θ
1947 3092 1970 3145 ⁴ἰ
1988 3109 2008 3142 ›

440 3172 688 3241 Itemque
720 3190 734 3226 :
765 3193 783 3224 ι
812 3175 992 3229 Nolite
1029 3172 1286 3232 arbitrari
1309 3195 1397 3234 me
1429 3179 1645 3236 venisse
1661 3191 1721 3237 ut
1739 3184 2014 3240 mitterem
2042 3217 2084 3272 ρ

440 3279 630 3333 pacem
658 3265 711 3319 in
742 3274 964 3321 terram.
991 3269 1110 3323 Non
1137 3272 1262 3325 veni
1295 3273 1512 3327 mittere
1538 3290 1750 3344 pacem,
1776 3278 1872 3332 sed
1897 3278 2014 3348 gla-

441 3352 615 3408 dium.
660 3357 795 3411 Veni
834 3358 982 3412 enim
1027 3367 1087 3412 ut
1127 3362 1397 3416 concitem
1434 3363 1712 3420 hominem
1750 3366 2016 3422 adversus

440 3454 653 3514 patrem
687 3463 869 3513 suum,
905 3457 960 3504 et
997 3450 1162 3505 filiam
1177 3434 1454 3508 adversus
1483 3466 1712 3510 matrem
1743 3474 1922 3523 suam,
1960 3469 2017 3515 et

440 3551 642 3592 nurum
689 3540 954 3596 adversus
993 3557 1213 3598 socrum
1252 3560 1429 3609 suam,
1453 3555 1509 3600 et
1540 3547 1749 3603 inimici
1776 3551 2017 3607 hominis

441 3626 727 3685 domestici
764 3633 885 3702 ejus
929 3632 972 3686 ί.
1012 3654 1030 3685 ι
1081 3635 1208 3689 Haec
1254 3644 1439 3690 autem
1479 3637 1714 3706 singula,
1758 3657 1791 3693 o
1829 3642 2014 3707 amici,

441 3718 621 3788 reipsa
641 3722 922 3777 cernimus
947 3724 1217 3779 evenisse.
1241 3725 1377 3780 Cum
1402 3726 1489 3780 his
1510 3727 1658 3781 enim
1680 3729 1942 3797 periculis
1961 3740 2018 3786 et

440 3811 674 3879 apostoli
704 3811 885 3866 lucem
916 3815 1037 3868 orbi
1067 3826 1340 3871 terrarum
1365 3819 1690 3884 attulerunt,
1717 3831 1772 3875 et
1798 3822 2013 3877 illorum

443 3916 792 3957 successores
838 3906 1157 3975 religionem
1213 3909 1282 3961 ab
1325 3909 1408 3963 eis
1460 3921 1736 3980 acceptam
1789 3928 2015 3968 conser-

439 4004 661 4050 varunt.
679 3994 846 4066 Cujus
869 3997 945 4051 rei
968 3998 1129 4053 fidem
1148 3999 1357 4055 faciunt
1380 4003 1392 4021 ‘
1417 4004 1667 4071 sepulcra
1688 4015 2013 4077 martyrum,

440 4102 564 4156 quae
580 4087 785 4157 ubique
807 4099 952 4144 terra
969 4091 1214 4161 marique
1234 4095 1606 4163 resplendent,
1619 4096 2017 4168 veritatemque

440 4177 744 4247 prmdicant
789 4180 1099 4236 divinarum
1146 4185 1586 4253 praedictionum.
1635 4189 1824 4258 Neque
1867 4189 2016 4244 enim

441 4269 550 4324 illis
579 4272 694 4326 sola
737 4273 950 4343 1009
979 4274 1320 4342 discrimina,
1355 4279 1450 4333 sed
1484 4281 1769 4336 victoriam
1797 4298 2018 4352 quoque

440 4361 715 4430 praedixit.
759 4383 776 4413 ‹
807 4363 986 4434 Super
1013 4366 1155 4420 hanc
1186 4369 1357 4432 enim,
1394 4369 1594 4439 inquit,
1617 4381 1824 4439 petram
1849 4372 2020 4427 adifi-

439 4452 577 4506 cabo
594 4454 894 4510 Ecclesiam
928 4472 1128 4522 meam,
1158 4469 1213 4513 et
1231 4471 1405 4529 portze
1430 4463 1591 4517 inferi
1617 4480 1726 4518 non
1755 4466 2016 4534 praevale-

2116 616 2192 678 ὡς
2222 617 2249 667 ὁ
2281 616 2414 680 νεὼς
2437 619 2643 681 ἐκεῖνος
2667 619 2696 670 6
2747 616 3073 688 περιϐόητος
3105 617 3274 689 ἄρδην
3319 619 3690 692 καταλυθήσε-

2113 722 2222 767 ται,
2255 710 2346 762 καὶ
2399 711 2475 772 ὡς
2535 711 2614 773 εἰς
2666 709 2884 763 ἅπασαν
2939 709 3038 779 τὴν
3090 709 3416 780 οἰκουμένην
3466 710 3526 764 τὸ
3579 712 3691 766 τῶν

2115 800 2541 869 ἐσταυρωκότων
2617 799 2782 852 αὑτὸν
2856 801 3346 870 κατασπαρήσεται
3407 801 3454 832 ⁸⁸
3507 801 3686 868 γένος.

2119 891 2347 959 Ἷδωμεν
2377 892 2554 944 τοίνυν
2585 892 2632 944 εἰ
2673 891 2745 962 μὴ
2781 890 2843 943 τὸ
2879 891 3048 962 πέρας
3079 892 3106 942 ὁ
3135 891 3290 958 λόγος
3325 891 3562 955 ἐδέξατο.
3581 895 3691 946 Καὶ

2115 982 2245 1050 περὶ
2275 981 2370 1050 μὲν
2405 981 2674 1034 Ἰουδαίων
2710 982 2808 1034 οὐκ
2845 977 3000 1050 οἶμαι
3031 982 3174 1050 ὑμᾶς
3214 981 3685 1052 ἀμφισϐητήσειν

2116 1076 2332 1145 ἐκείνης
2383 1091 2441 1127 τε
2490 1075 2599 1146 γὰρ
2646 1075 2748 1145 τῆς
2777 1073 2982 1136 πόλεως
3031 1071 3403 1145 ἐξελήλανται,
3452 1076 3544 1128 καὶ
3589 1076 3692 1145 τῆς

2115 1165 2440 1236 οἰκουμένης
2477 1168 2791 1238 γεγένηνται
2831 1167 3072 1237 μέτοικοι
3090 1183 3102 1197 ’
3140 1166 3233 1220 τοῦ
3261 1166 3364 1219 νεὼ
3391 1168 3448 1220 δέ
3473 1169 3565 1220 καὶ
3588 1168 3690 1240 τὴν

2115 1255 2350 1326 ἐρημίαν
2377 1255 2472 1308 καὶ
2497 1259 2596 1326 τὴν
2625 1257 2689 1308 ἐκ
2715 1255 2932 1326 βάθρων
2963 1257 3259 1310 κατάλυσιν
3283 1258 3333 1308 οἰ
3375 1257 3473 1326 μὲν
3497 1258 3688 1312 τεθεα-

2119 1347 2271 1416 μένοι
2309 1346 2616 1418 φιλαλήθως
2654 1347 3048 1418 όμολογήσατε,
3073 1349 3124 1400 οἱ
3156 1347 3212 1400 δὲ
3244 1347 3420 1400 λοιποὶ
3462 1351 3572 1411 τοῖς
3609 1350 3692 1402 δι-

2115 1439 2439 1508 ηγουμένοις
2489 1437 2846 1491 πιστεύσατεο
2893 1438 3169 1508 αὐτόπτης
3221 1439 3330 1509 γάρ
3387 1456 3490 1491 που
3533 1440 3692 1508 κάγὼ

2116 1526 2213 1596 τῆς
2254 1527 2490 1599 ἐρημίας
2529 1528 2744 1598 ἐκείνης
2785 1528 3109 1598 γεγένημαι,
3162 1529 3256 1581 καὶ
3287 1528 3384 1600 τὴν
3438 1532 3690 1600 πρόρρη-

2116 1636 2200 1672 σιν
2226 1621 2272 1651 ²⁷
2303 1622 2368 1692 ἣν
2407 1623 2527 1684 ταῖς
2559 1622 2751 1685 ἀκοαῖς
2797 1621 3088 1691 ἐδεξάμην,
3134 1621 3448 1692 ἐθεασάμην
3490 1624 3535 1654 ’⁸
3575 1625 3693 1686 τοῖς

2115 1707 2437 1778 ὀφθαλμοῖς,
2469 1710 2564 1762 καὶ
2602 1710 2701 1780 τὴν
2739 1710 2996 1782 ἀλήθειαν
3029 1709 3251 1780 ὖμνησά
3280 1728 3341 1764 τε
3374 1713 3469 1764 καὶ
3516 1729 3690 1784 προσ-

2117 1798 2380 1870 εκύνησα.
2411 1803 2531 1853 Ὀτι
2565 1801 2661 1871 μὲν
2689 1796 2782 1855 οὖν
2807 1802 3046 1871 ἀψευδὴς
3085 1796 3236 1866 οὗτος
3275 1803 3303 1854 6
3337 1803 3512 1871 λόγος,
3548 1801 3691 1874 [καὶ]

2117 1890 2187 1942 τά
2214 1890 2515 1960 πράγματα
2555 1891 2675 1961 βοᾷ,
2739 1893 2972 1962 μεγίστῃ
3019 1894 3337 1964 κεχρημένα
3384 1897 3451 1963 τῇ
3502 1897 3688 1963 φωνῇ·

2119 1979 2541 2053 ἐπιζητήσωμεν
2573 1983 2631 2036 δὲ
2677 1983 2772 2036 καὶ
2815 1983 2980 2052 ἄλλης
3021 1985 3357 2056 προφητείας
3398 1986 3459 2038 τὸ
3493 1986 3689 2056 πέρας·

2117 2074 2354 2143 Προείπε
2397 2078 2510 2138 τοῖς
2539 2075 2861 2139 ἀποστόλοις
2906 2077 2935 2129 6
2976 2076 3257 2144 Δεσπότης
3297 2078 3534 2147 Χριστὸς
3562 2079 3694 2142 τοὺς

2115 2165 2333 2232 ἀγῶνας
2365 2166 2457 2219 καὶ
2504 2167 2631 2231 τοὺς
2663 2167 2963 2233 κινδύνους,
2993 2167 3087 2232 οὒς
3124 2169 3344 2240 ἔμελλον
3383 2169 3692 2234 πείσεσθαι,

2117 2259 2212 2310 καὶ
2243 2260 2354 2321 τοῖς
2387 2259 2565 2313 ἔθνεσι
2592 2260 2688 2314 καὶ
2731 2261 3004 2324 Ἰουδαίοις
3027 2261 3127 2332 τὴν
3149 2261 3498 2314 διδασκαλίαν
3521 2279 3692 2332 προσ-

2117 2349 2395 2420 φέροντες.
2435 2371 2453 2401 ι
2493 2350 2622 2404 Ἰδοὺ
2654 2351 2784 2421 γὰρ,
2817 2351 2919 2423 ἔφη
2950 2352 3088 2424 πρὸς
3127 2353 3343 2418 αὐτοὺς,
3373 2354 3696 2407 ἀποστέλλω

2116 2440 2259 2511 ὑμᾶς
2309 2441 2386 2505 ὼς
2431 2443 2682 2512 πρόϐατα
2731 2446 2789 2495 ἐν
2837 2445 2987 2515 μέσῳ
3027 2443 3228 2499 λύκων.
3265 2465 3283 2496 ι
3333 2445 3445 2498 Καὶ
3485 2446 3689 2498 πάλιν·

2122 2554 2138 2583 ι
2175 2533 2592 2605 Παραδώσουσιν
2624 2536 2771 2606 ὑμᾶς
2792 2537 2872 2600 εἰς
2900 2537 3174 2607 συνέδρια,
3202 2539 3297 2590 καὶ
3324 2538 3382 2590 ἐν
3411 2540 3530 2600 ταῖς
3565 2553 3692 2591 συν-

2115 2627 2359 2693 αγωγαῖς
2400 2627 2580 2679 αὐτῶν
2625 2626 3061 2697 μαστιγώσουσιν
3098 2630 3263 2698 ὑμᾱίς,
3301 2629 3395 2681 καὶ
3428 2629 3521 2680 ἐπὶ
3563 2632 3686 2697 ὴγει

2118 2717 2285 2786 μόνας
2314 2720 2408 2771 καὶ
2432 2717 2668 2787 βασιλεῖς
2701 2719 3006 2788 ἀχθήσεσθε
3043 2720 3230 2773 ἕνεκεν
3263 2719 3396 2789 ἐμοῦ
3437 2721 3517 2781 εἰς
3552 2737 3693 2788 μαρο

2113 2809 2296 2880 τύριον
2343 2809 2526 2871 αὐτοῖς
2571 2809 2665 2862 καί
2710 2812 2822 2872 τοῖς
2865 2808 3096 2862 ἔθνεσιν.
3131 2826 3150 2861 ο
3187 2809 3295 2861 Καὶ
3333 2810 3451 2878 μετ’
3499 2807 3696 2876 ὀλίγαν

2121 2921 2138 2952 ι
2169 2900 2490 2972 Παραδώσει
2526 2901 2581 2953 δέ
2621 2899 2846 2968 ἀδελφὸς
2895 2900 3120 2969 ἀδελφὸν
3172 2902 3252 2963 εἰς
3295 2899 3548 2962 θάνατον,
3599 2904 3696 2956 καὶ

2115 2994 2298 3062 πατὴρ
2319 2991 2515 3046 τέκνα⁸
2545 2992 2638 3045 καὶ
2682 2993 3118 3062 ἐπαναστήσεται
3145 2992 3314 3045 τέκνα
3355 2993 3449 3044 ἐπὶ
3492 2995 3700 3060 γονεὶς.

2115 3085 2208 3139 καὶ
2253 3083 2656 3137 θανατώσουσιν
2698 3083 2934 3148 αὐτούς’
2993 3087 3089 3137 καὶ
3137 3083 3326 3136 ἔσεσθε
3377 3082 3698 3153 μισούμενοι

2117 3175 2224 3229 ὑπὸ
2254 3177 2470 3230 πάντων
2498 3175 2586 3229 διὰ
2617 3175 2677 3228 τὸ
2715 3176 2887 3246 ὄνομά
2929 3191 3054 3245 μου.
3099 3176 3157 3228 'U
3185 3175 3240 3228 δὲ
3277 3174 3578 3245 ὑπομείνας
3614 3177 3697 3235 εἰς

2116 3268 2289 3332 τέλος,
2313 3264 2470 3332 οὗτος
2494 3266 2821 3336 σωθήσεται.
2865 3286 2883 3317 ι
2913 3254 3212 3329 Καὶάὗθις
3234 3281 3247 3294 ·
3286 3285 3304 3316 ι
3328 3267 3390 3319 Εἰ
3422 3264 3512 3316 τὸν
3550 3265 3696 3316 οἱκοο

2115 3359 2378 3427 δεσπότην
2406 3357 2734 3420 Βεελζεϐοὺλ
2755 3357 3112 3420 ἐπεκάλεσαν,
3142 3356 3293 3426 πόσῳ
3315 3354 3462 3426 [164]
3496 3353 3694 3424 μᾶλλον

2117 3452 2240 3516 τοὺς
2264 3452 2540 3514 οἰκιακοὺς
2569 3451 2613 3480 ’³
2643 3447 2829 3502 αὐτοῦ.
2861 3468 2877 3500 ι
2909 3449 3018 3501 Καὶ
3045 3448 3236 3500 πάλινο
3271 3467 3288 3497 ι
3318 3445 3410 3517 Μὴ
3433 3446 3696 3514 νομίσητε

2117 3543 2198 3596 ὅτι
2233 3539 2396 3611 ἦλθον
2445 3541 2633 3612 βαλεῖν
2677 3542 2900 3610 εἰρήνην
2945 3541 3036 3592 ἐπί
3071 3541 3170 3610 τὴν
3201 3540 3324 3608 γῆν.
3379 3539 3490 3592 Οὐκ
3530 3535 3698 3608 ἦλθον

2119 3635 2303 3704 βαλεῖν
2350 3635 2596 3704 εἰρήνην,
2640 3631 2779 3684 ἀλλὰ
2827 3631 3123 3702 μάχαιραν.
3155 3626 3358 3683 Ἦλθον
3389 3631 3496 3700 γάρ
3545 3629 3696 3699 διχά-

2119 3744 2208 3779 σαι
2234 3726 2278 3758 ³⁰
2313 3725 2600 3793 ἄνθρωπον
2635 3725 2779 3776 κατά
2799 3723 2892 3776 τοῦ
2919 3724 3124 3794 πατρὸς
3159 3723 3347 3785 αὑτοῦ,
3389 3724 3483 3774 καὶ
3523 3723 3694 3789 θυγα-

2115 3818 2249 3888 τέρα
2281 3817 2423 3870 κατὰ
2454 3817 2553 3885 τῆς
2595 3815 2799 3886 μητρὸς
2833 3815 3022 3884 αὐτῆς,
3057 3817 3149 3868 καὶ
3185 3815 3400 3885 νύμφην
3433 3815 3573 3867 κατὰ
3598 3815 3699 3883 τῆς

2119 3911 2388 3980 πενθερᾶς
2419 3911 2588 3980 αὐτῆς
2611 3925 2624 3939 ·
2658 3909 2752 3962 καὶ
2776 3909 2958 3978 ἐχθροὶ⁸
2993 3907 3087 3960 τοῦ
3118 3907 3407 3978 ἀνθρώπου
3431 3907 3481 3958 οἱ
3517 3908 3694 3960 οἰκια-

2118 4004 2204 4057 κοὶ
2229 4002 2415 4055 αὑτοῦ.
2448 4021 2467 4054 ι
2503 4000 2720 4056 Τούτων
2754 4000 3004 4063 ἕκαστον,
3043 3993 3088 4052 ὧ
3135 3999 3377 4069 φιλότης,
3415 3997 3563 4070 ἔργῳ
3601 4015 3698 4050 πε-

2118 4081 2478 4160 πληρωμένον
2519 4089 2664 4141 ἔστιν
2706 4088 2854 4141 ἰδεῖν.
2888 4086 3046 4140 Μετὰ
3074 4086 3180 4158 γὰρ
3226 4087 3390 4140 τῶνδε
3438 4087 3548 4139 τῶν
3580 4105 3698 4138 κιν-

2117 4183 2288 4236 δύνων
2316 4184 2410 4235 καὶ
2453 4182 2503 4233 οἱ
2538 4179 2826 4233 ἀπόστολοι
2879 4180 2976 4250 τὴν
3023 4180 3348 4248 οἰκουμένην
3400 4179 3693 4246 ἐφώτισαν,

2121 4275 2215 4329 καὶ
2241 4275 2290 4327 οἱ
2329 4274 2446 4344 μετ’
2477 4272 2741 4333 ἐκείνους,
2774 4271 2841 4341 ἢν
2888 4269 3221 4341 παρέλαϐον,
3257 4269 3581 4338 διεφύλαξαν
3611 4269 3699 4322 πί-

2120 4385 2235 4420 στιν
2256 4385 2268 4397 ο
2295 4365 2389 4418 καὶ
2420 4363 2754 4434 μαρτυροῦσι
2777 4361 2885 4414 τῶν
2919 4362 3211 4432 μαρτύρων
3249 4363 3304 4412 αἱ
3343 4361 3530 4428 θῆκαι,
3562 4378 3700 4412 παν-

2117 4456 2283 4529 ταχοῦ
2305 4457 2406 4527 γῆς
2429 4456 2522 4508 καὶ
2547 4454 2819 4522 Θαλάττης
2843 4453 3271 4523 ἀστράπτουσαι,
3296 4452 3386 4503 καὶ
3407 4451 3512 4502 τῶν
3539 4450 3700 4502 θείων

439 4543 580 4600 bunt
602 4547 866 4602 adversus
889 4566 1009 4602 eam
1047 4553 1092 4603 ε.
1129 4571 1146 4602 ι
1173 4553 1289 4607 Jam
1316 4555 1480 4609 etiam
1510 4556 1696 4611 videre
1729 4565 1834 4622 est,
1869 4558 2015 4628 quod

2121 4551 2481 4622 προρρήσεων
2525 4545 2894 4617 κηρύττουσαι
2939 4545 3038 4614 τὴν
3067 4542 3344 4614 ἀλήθειαν.
3385 4544 3460 4595 Ού
3490 4543 3598 4614 γὰρ
3635 4542 3699 4611 δὴ

441 4634 558 4689 fore
579 4631 852 4705 prmdiiiit,
880 4638 1074 4694 domos
1099 4641 1445 4714 familiasque
1479 4645 1704 4700 divisas.
1730 4647 1837 4701 Aut
1869 4649 2020 4702 enim

2123 4644 2282 4714 μόνον
2324 4642 2450 4702 τοὺς
2482 4638 2784 4702 κινδύνους,
2829 4638 2966 4690 ἀλλὰ
3022 4637 3119 4689 καὶ
3167 4636 3266 4705 τὴν
3321 4635 3478 4703 νίκην
3517 4635 3701 4698 αὐτοῖς

441 4724 572 4786 viri,
601 4727 728 4781 tidei
760 4743 958 4798 sagena
985 4732 1150 4801 capti,
1178 4750 1304 4788 cum
1338 4735 1600 4789 uxoribus
1635 4736 1816 4790 adhuc
1841 4738 2017 4792 incre-

2119 4735 2550 4807 προηγόρευσεν.
2585 4752 2602 4784 ι
2627 4732 2753 4784 Ἐπὶ
2785 4731 2961 4804 ταύτῃ
2987 4731 3097 4800 γὰρ
3125 4729 3230 4798 ἔφη
3256 4733 3322 4799 τῇ
3347 4730 3522 4800 πέτρα
3553 4731 3692 4782 οἰκος

443 4816 592 4870 dulis
621 4817 934 4889 depugnant
960 4839 971 4875 :
997 4832 1093 4875 aut
1114 4838 1334 4887 uxores,
1361 4833 1588 4893 accepto
1616 4825 1839 4893 pietatis
1869 4828 2020 4896 jugo,

444 4906 594 4962 viros
623 4908 806 4964 adhuc
829 4921 1076 4968 errantes
1116 4915 1336 4970 irretire
1368 4915 1731 4978 contendunt,
1764 4930 2017 4969 necessa-

453 4999 640 5069 riaque
666 5001 735 5055 ad
768 5004 999 5059 salutem
1025 5007 1298 5063 dissensio
1335 5007 1670 5062 laudabilem
1704 5007 1849 5076 parit
1880 5022 2017 5060 con-

445 5091 803 5148 "unctionem.
869 5097 1046 5168 Atque
1103 5109 1165 5153 ut
1217 5099 1607 5168 praedictiones
1644 5100 1786 5153 alias.
1827 5100 2021 5155 missas

447 5181 663 5248 faciam,
690 5187 888 5241 mulier
919 5191 1166 5258 quaedam
1203 5192 1269 5244 ad
1313 5199 1533 5244 sanctos
1563 5192 1682 5260 ejus
1719 5191 1887 5260 pedes
1923 5209 2020 5246 un-

447 5283 709 5343 guentum
753 5279 934 5333 attulit
971 5298 982 5331 :
1018 5282 1176 5350 cujus
1207 5280 1366 5335 fidem
1410 5282 1750 5350 suscipiens,
1788 5285 2018 5338 astanti-

448 5363 552 5419 bus
577 5366 866 5436 discipulis
887 5369 1060 5422 dixit:
1095 5390 1112 5418 ι
1147 5370 1320 5423 Amen
1344 5371 1470 5425 dico
1496 5373 1676 5437 vobis,
1705 5373 2020 5444 ubicunque

521 5521 547 5561 ί)
577 5521 767 5578 Matth.
800 5541 855 5588 Χ,
891 5524 974 5579 16.
1054 5537 1076 5563 ε
1114 5525 1247 5580 ibid.
1288 5529 1370 5592 17,
1404 5529 1489 5584 18.
1567 5531 1592 5570 (ι
1626 5530 1764 5586 ibid.
1797 5530 1884 5593 ‘21,
1918 5529 2006 5582 2:2.

2089 5541 2110 5568 θ
2146 5529 2280 5583 ibid.
2485 5530 2503 5567 τ
2543 5527 2678 5583 ibid.
2713 5526 2902 5584 ,τοι-εδ.

2119 4827 2340 4897 δομήσω
2365 4841 2466 4893 μου
2490 4822 2589 4893 τὴν
2628 4823 2977 4890 Ἐκκλησίαν,
3008 4823 3100 4874 καὶ
3137 4821 3302 4874 πύλαι
3337 4821 3462 4892 ᾅδου
3489 4823 3550 4874 οὑ
3571 4839 3704 4873 κατυ

2125 4914 2438 4986 ισχύσουσιν
2491 4913 2683 4982 αὐτῆς.
2725 4932 2743 4964 ι
2788 4915 2944 4967 Ἔστι
2983 4913 3042 4965 δὲ
3093 4913 3218 4965 ἰδεῖν
3259 4912 3356 4965 καὶ
3405 4912 3546 4964 κατὰ
3604 4913 3704 4982 τὴν

2119 5006 2428 5077 πρόρρησιν
2477 5006 2885 5075 μεμερισμένας
2941 5004 3084 5077 [τὰς]
3133 5005 3343 5067 οἰκίας·
3390 5004 3422 5073 ἢ
3483 5004 3593 5074 γάρ
3650 5005 3702 5056 οἰ

2122 5100 2315 5170 ἄνδρες
2355 5097 2462 5150 ὑπὸ
2509 5097 2611 5162 τῆς
2655 5097 2888 5160 πίστεως
2922 5096 3301 5167 ζωγρηθέντες
3345 5095 3704 5158 ἀπιστούσαις

2125 5192 2206 5244 ἔτι
2235 5192 2353 5253 ταῖς
2382 5187 2598 5257 γυναιξὶ
2635 5187 3016 5259 διαμάχονται,
3041 5187 3074 5258 ἢ
3104 5187 3161 5240 αἰ
3203 5188 3458 5254 γυναῖκες
3488 5186 3580 5238 τδν
3605 5187 3704 5254 τῆς

2125 5285 2406 5346 εὐσεϐείας
2451 5281 2740 5350 δεξάμεναι
2776 5279 2938 5348 ζυγὸν
2985 5279 3300 5348 ἀλωμένους
3339 5276 3419 5329 ἔτι
3451 5277 3578 5338 τοὺς
3607 5275 3704 5328 ἄν·

2127 5375 2259 5444 δρας
2288 5369 2611 5443 σαγηνεύειν
2644 5370 3026 5432 σπουδάζουσι.
3073 5369 3184 5421 Καὶ
3211 5369 3244 5436 ἡ
3271 5367 3544 5434 ἀναγκαία
3573 5365 3702 5418 διαί·

2987 5530 3012 5566 ε
3043 5527 3234 5582 Matth.
3265 5540 3375 5589 xvr,
3410 5523 3496 5578 18.

1704 5663 1936 5718 VARIAS
1977 5663 2375 5718 LECTIONES.

529 5767 574 5845 ’ξ
603 5773 1106 5845 κατασπαρήσεται.
1129 5775 1563 5845 διασπαρήσεται
1598 5776 1697 5830 Vb.
1737 5777 1781 5806 "
1807 5776 2007 5845 καὶτήν
2037 5793 2093 5828 τε
2120 5794 2177 5829 π.
2213 5779 2336 5839 παῖς
2367 5777 2422 5829 ἀ.
2446 5778 2492 5827 ἑ.
2523 5775 2615 5828 καὶ
2652 5775 2731 5829 ἐθ.
2759 5775 2863 5830 Vb.
2923 5776 2968 5806 ’⁸
3001 5773 3331 5843 ἐθεασάμην.
3367 5771 3461 5824 καὶ
3506 5769 3567 5825 ἐθ
3603 5771 3706 5826 Vl).

456 5837 502 5869 “
525 5837 819 5903 οἰκιακούς.
845 5837 1151 5908 οἰκειακοὺς
1177 5844 1238 5900 C.

1326 5847 1370 5878 ³ο
1393 5846 1628 5914 διχάσαι.
1656 5848 2006 5917 διχοτομῆσαι
2031 5847 2091 5899 D.
