4056 6412
365 360 497 426 “Si

903 359 1341 422 GRECARUM
1376 357 1677 418 AFFECT.
1713 353 2247 417 CURATIO.—-Xl.
2286 353 2383 414 DE
2422 356 2599 415 FINE
2640 356 2735 416 ET
2773 356 3096 417 JUDlCIO.

3419 306 3633 410 ‘112-2

364 490 516 544 ρεσις
567 471 761 525 ἕνωσιν
812 470 1129 535 ἀξιέπαινον
1184 467 1658 540 πραγματεύεται.
1703 465 1811 518 Καὶ
1860 464 1942 517 ἵνα

2050 462 2408 532 ριίοιιίοειιιιιι]
2448 464 2619 520 fuerit
2641 465 3001 537 Evangelium
3029 466 3134 521 hoc
3165 465 3340 536 regni,
3368 467 3631 535 pradica-

362 565 462 628 τὰς
494 562 993 628 ἀλλαςκαταλίπω
1028 563 1069 595 ³¹
1115 560 1474 633 προρρήσεις,
1513 558 1649 630 γυνή
1693 573 1779 620 τις
1809 555 1940 610 ἀλά-

363 655 598 727 ϐαστρον
624 654 797 726 μύρου
837 656 950 717 τοῖς
982 653 1158 722 ἁγίοις
1193 649 1357 705 αὐτοῦ
1386 648 1518 702 ποσὶ
1556 648 1939 719 προσενήνοχε.

308 800 316 805 ,
362 746 581 818 Ταύτης
612 747 711 817 τὴν
764 746 946 799 πίστιν
989 743 1387 814 ἀποδεχόμενος
1433 742 1477 774 ⁸²
1522 740 1659 812 πρὸς
1705 739 1797 793 τὸν
1833 738 1942 791 τῶν

364 836 625 908 μαθητῶν
664 837 766 907 ἔφη
806 836 998 907 χορόν·
1033 854 1052 886 ι
1092 834 1262 906 Ἀμὴν
1298 833 1440 901 λέγω
1488 833 1636 902 ὑμῖν,
1671 831 1754 883 ὅτι
1803 830 1941 883 ὅπου

2046 554 2200 609 bitur
2231 564 2287 609 et
2309 555 2456 624 quod
2490 556 2691 611 fecerit
2723 557 2859 617 haec,
2882 559 2934 611 in
2963 558 3342 612 testimonium
3375 559 3495 628 ejus
3518 560 3569 613 ιι.
3601 579 3621 611 r

2048 646 2204 701 Hanc
2229 662 2359 701 vero
2379 647 2791 717 pmdictionem
2815 649 2926 719 jam
2961 664 3110 703 nunc
3135 650 3414 718 impletam
3439 649 3630 705 videre

2047 746 2150 792 est.
2180 738 2394 807 Ubique
2416 740 2563 793 enim
2589 749 2739 795 terra
2774 741 3024 811 marique
3052 749 3110 795 et
3134 756 3355 797 sacrum
3383 742 3628 812 Evange-

2048 831 2187 885 lium
2219 831 2440 901 legitur,
2464 840 2522 887 et
2548 833 2798 888 mulieris
2825 831 2991 906 hujus
3014 834 3150 889 ﬁdes
3176 834 3532 905 praedicatur.

361 930 430 981 ἂν
457 928 704 999 κηρυχθῇ
738 927 799 980 τὸ
834 927 1165 995 Εὐαγγέλιον
1196 924 1354 977 τοῦτο
1383 924 1485 993 τῆς
1520 922 1819 994 βασιλείας,
1851 921 2260 993 κηρυχθήσεται
2297 922 2391 975 καὶ
2446 922 2475 975 ὃ
2519 924 2775 995 ἐποίησεν
2841 927 2876 995 ἡ
2924 927 3061 994 γυνὴ
3099 927 3236 996 αῦτη
3263 928 3309 959 ³³
3335 929 3415 991 είς
3482 944 3624 998 μαρ-

359 1018 544 1089 τύριον
586 1018 778 1088 αὐτῆς.
818 1038 837 1070 ι
864 1018 1081 1087 Ταύτην
1122 1016 1179 1069 δὲ
1221 1015 1319 1087 τὴν
1366 1016 1671 1087 πρόρρησιν
1735 1014 1832 1066 καὶ
1882 1011 1977 1066 νῦν
2016 1012 2129 1066 ἔστι
2182 1014 2599 1084 περατουμένην
2676 1015 2824 1068 ίδείν.
2877 1016 3159 1085 Πανταχοῦ
3206 1018 3316 1088 γὰρ
3379 1018 3482 1089 γῆς
3534 1017 3628 1070 καὶ

360 1110 634 1181 θαλάττης
661 1111 755 1163 καὶ
776 1110 836 1162 τὸ
855 1109 1194 1177 Εύαγγέλιον
1220 1108 1282 1161 τὺ
1314 1106 1458 1160 θεῖον
1485 1103 1941 1174 ἀναγινώσκεται,
1974 1103 2070 1156 καὶ
2096 1104 2197 1173 τῆς
2226 1106 2488 1173 γυναικὸς
2513 1108 2546 1176 ή
2581 1106 2766 1169 πίστις
2796 1106 3251 1176 ἀνακηρύττεται.

442 1201 665 1272 Ἐπειδὴ
697 1201 877 1254 τοίνυν
925 1202 1019 1254 καὶ
1048 1199 1223 1253 ταῦτα
1267 1201 1527 1270 προεῖπεν
1565 1199 1596 1251 6
1641 1196 1941 1265 Δεσπότης,

358 1292 455 1347 καὶ
482 1290 594 1363 [τὰ]
633 1294 692 1346 ἐν
742 1291 935 1362 ἐκείνῳ
967 1310 1031 1359 γε
1082 1290 1160 1361 τῷ
1221 1289 1320 1360 βίῳ
1352 1289 1396 1322 ⁸⁸
1430 1288 1770 1358 γενησόμενα
1812 1302 1949 1357 προ-

363 1383 912 1455 ηγόρευσεν,όρῶμεν
934 1383 988 1436 δὲ
1005 1382 1305 1451 ἀναφανδὸν
1321 1382 1418 1453 τὴν
1438 1380 1643 1433 τούτων
1665 1378 1942 1449 ἀλήθειαν,

361 1474 866 1546 ἀναμφισϐητήτως
901 1476 1130 1527 κάκεῖνα
1155 1475 1200 1506 ³⁸
1223 1471 1528 1543 δεξώμεθα,
1560 1470 1669 1523 ἀπὸ
1705 1469 1814 1523 τῶν
1840 1468 1941 1539 ἤδη

360 1566 750 1636 γεγενημένων
783 1564 1181 1635 ποδηγούμενα
1223 1565 1359 1634 πρὸς
1397 1565 1581 1616 ἐκεῖνα
1616 1561 1708 1615 καὶ
1737 1577 1940 1630 κεχρη-

365 1660 517 1727 μένοι
560 1657 774 1720 τούτοις
814 1658 1136 1729 τεκμηρίοις
1189 1656 1431 1709 ἐκείνων.
1480 1654 1684 1707 Τούτου
1724 1652 1832 1723 γὰρ
1875 1649 1939 1722 δὴ

362 1750 549 1802 εἵνεκα
570 1749 674 1801 ’καὶ
711 1749 888 1803 ταῦτα
928 1750 1155 1802 κάκεῖνα
1188 1748 1541 1820 προείρηκεν,
1577 1747 1664 1799 ἵνα
1696 1745 1785 1799 διὰ
1816 1743 1939 1799 τού-

360 1857 470 1894 των
492 1841 784 1911 ἐμπεδώσῃ
811 1842 1060 1893 κάκεῖνα.
1094 1840 1204 1893 Καὶ
1240 1838 1404 1909 τιμὰς
1442 1837 1508 1901 ἃς
1544 1838 1642 1907 οὐχ
1673 1838 1943 1906 ὑπέσχετο

360 1935 473 1995 τοῖς
501 1934 580 1995 εἰς
610 1932 775 1984 αὑτὸν
813 1931 1204 1984 πεπιστευκόσι
1262 1930 1561 2000 φιλοτίμως
1604 1930 1937 1999 ἀπένειμεν⁸

361 2023 459 2076 καὶ
488 2023 547 2076 ού
580 2024 739 2093 μόνον
760 2023 806 2055 ³⁸
839 2024 950 2085 τοῖς
976 2021 1111 2085 ζῶσι
1156 2022 1483 2092 παμπόλλην
1514 2020 1681 2074 ἔδωκε
1714 2020 1945 2091 περιφά-

362 2132 535 2179 νειαν,
574 2114 715 2167 ἀλλά
742 2115 839 2167 καὶ
865 2117 978 2176 τοῖς
1010 2115 1208 2184 ἄριστα
1233 2113 1647 2181 τετελευτηκόσι
1694 2112 1944 2165 πλεῖστον

364 2206 744 2276 ξυνεκλήρωσε
775 2206 820 2238 ³⁷
853 2206 1041 2269 σέϐας,
1078 2205 1163 2258 ἴνα
1189 2205 1254 2258 δι’
1286 2198 1360 2259 ὧν
1389 2206 1487 2275 ούχ
1524 2204 1791 2273 ὑπέσχετο
1821 2202 1941 2274 μὲν,

363 2297 536 2351 ἔδωκε
556 2297 634 2360 δὲ,
672 2298 1057 2368 πιστεύσωμεν
1097 2291 1179 2359 οἷς
1210 2297 1254 2328 ⁸⁸
1290 2296 1578 2365 ὑπέσχετο.
1627 2294 1685 2348 ’0
1721 2296 1828 2366 γάρ
1861 2311 1943 2347 τοι

359 2390 432 2442 τὰ
457 2392 577 2451 ταῖς
620 2389 913 2459 συνθήκαις
961 2390 1059 2442 οὐκ
1098 2387 1388 2457 ἐγκείμενα
1413 2386 1823 2456 δωρησάμενος,
1849 2387 1944 2440 καὶ⁵

362 2479 650 2550 φιλοτιμίᾳ
681 2480 781 2543 τὰς
814 2479 1134 2549 ὑποσχέσεις
1164 2476 1509 2549 ὑπερϐαλὼν,
1550 2478 1710 2531 δώσει
1739 2479 1784 2511 δ’
1808 2479 1943 2534 πάν-

360 2587 471 2633 τως
506 2570 649 2640 άπερ
677 2569 968 2638 ὑπέσχετο,
996 2569 1115 2641 [καὶ
1152 2568 1187 2623 ἃ
1218 2572 1330 2631 τοῖς
1363 2567 1788 2639 ἀγωνιζομένοις
1848 2570 1943 2622 ἐπ-

362 2659 567 2725 έδειξεν
616 2657 1082 2732 ἆθλα].Σχέτλιον
1114 2662 1222 2734 γὰρ
1278 2662 1404 2725 τοὺς
1453 2663 1551 2732 μέν
1602 2662 1944 2732 γυμνασιάρ-

362 2769 495 2823 χους
530 2752 578 2784 ⁵⁸
607 2753 871 2825 παρέχειν
906 2755 1018 2815 τοῖς
1054 2752 1314 2824 ἀθληταῖς
1347 2752 1439 2806 τὸν
1487 2753 1867 2825 ὑπεσχημένον
1895 2754 1939 2787 ⁸⁸

364 2842 581 2913 μισθὸν,
623 2845 718 2897 καὶ
759 2844 885 2907 τοὺς
922 2844 1015 2897 ἐπί
1050 2860 1129 2915 τῳ
1178 2844 1329 2907 τινας
1370 2842 1765 2915 μισθουμένους
1806 2846 1944 2915 μετὰ

360 2932 458 2988 τὸν
492 2936 654 2989 πόνον
692 2935 936 3005 πληροῦν
965 2937 1034 2988 τὰ
1069 2933 1419 3004 ξυγκείμενα·
1455 2936 1547 2989 τὸν
1573 2936 1631 2989 δέ
1668 2935 1778 2991 τῶν
1807 2937 1944 2991 ὅλων

360 3025 725 3095 Δημιουργδν,
756 3025 816 3087 ὃς
841 3025 916 3079 δι’
964 3023 1115 3097 [165]
1149 3024 1461 3096 ἀγαθὸτητα
1488 3026 1658 3097 μόνην
1687 3027 1782 3081 καὶ
1830 3029 1945 3092 τοῖς

368 3114 448 3184 μὴ
482 3110 601 3167 οὖσι
641 3115 703 3167 τδ
736 3110 875 3168 εἶναι
920 3115 1160 3186 παρέσχε
1183 3114 1252 3181 ⁸⁸,
1284 3115 1378 3169 καὶ
1411 3116 1471 3169 τὸ
1507 3117 1605 3187 τῆς
1635 3117 1944 3187 οἰκονομίας

2117 1196 2347 1262 Quando
2383 1198 2551 1267 igitur
2579 1206 2635 1252 et
2671 1198 2787 1254 haec
2818 1200 3085 1253 Dominus
3113 1200 3382 1269 praedixit,
3414 1209 3471 1255 et
3504 1218 3627 1272 quae

2048 1286 2105 1341 in
2124 1288 2218 1342 illo
2233 1291 2434 1344 saaculo
2451 1289 2634 1344 futura
2652 1299 2832 1355 erant,
2849 1291 3259 1361 praenuntiavit,
3281 1307 3406 1346 cum
3429 1293 3628 1348 horum

2045 1381 2392 1450 perSpicuam
2430 1382 2717 1437 videamus
2759 1382 3074 1445 veritatem,
3118 1382 3209 1436 illa
3252 1397 3475 1453 quoque
3509 1384 3627 1439 sine

2048 1475 2425 1529 controversia
2457 1475 2808 1545 recipiamus,
2834 1475 2904 1529 ab
2926 1475 2995 1528 iis
3021 1491 3143 1544 qua:
3162 1475 3275 1544 jam
3307 1475 3449 1529 facta
3476 1483 3627 1540 sunt,

2044 1566 2274 1636 gradum
2314 1568 2380 1621 ad
2426 1568 2517 1621 illa
2560 1568 2843 1632 facientes,
2881 1577 2937 1622 et
2972 1568 3059 1621 his
3094 1577 3355 1637 tanquam
3406 1569 3628 1623 illorum

2042 1659 2382 1728 argumentis
2416 1668 2653 1715 utentes.
2678 1660 2789 1715 Hac
2815 1661 2962 1715 enim
2988 1677 3152 1715 causa
3192 1663 3403 1731 1010
3420 1672 3477 1718 et
3505 1663 3629 1719 haec

2043 1758 2100 1805 et
2133 1751 2222 1806 illa
2250 1751 2502 1808 Christus
2526 1752 2801 1822 praedixit,
2835 1762 2894 1806 ut
2916 1769 3014 1822 per
3041 1753 3158 1807 haec
3193 1754 3283 1808 illa
3311 1755 3584 1809 stabiliret
3610 1773 3624 1809 :

1973 1875 2016 1930 Β
2044 1850 2100 1897 et
2130 1843 2393 1908 honores,
2424 1860 2563 1914 quos
2593 1845 2649 1898 in
2682 1857 2740 1898 se
2769 1844 3128 1899 credentibus
3156 1860 3267 1898 non
3296 1855 3381 1900 est
3406 1846 3625 1916 pollici—

2047 1940 2170 1998 tus,
2220 1934 2528 1988 liberaliter
2558 1943 2741 1990 tamen
2785 1935 2960 1989 dedit.
3012 1935 3204 2005 Neque
3246 1937 3388 1991 vivis
3442 1938 3624 1993 solum

2046 2025 2361 2095 splendoris
2399 2028 2633 2080 multum
2682 2026 2897 2091 tribuit,
2942 2027 3037 2081 sed
3088 2027 3293 2096 optime
3333 2028 3624 2085 defunctos

2044 2115 2287 2185 plurimo
2312 2116 2523 2172 honore
2550 2115 2756 2182 affecit,
2819 2126 2879 2172 ut
2911 2134 2977 2172 ex
3014 2118 3083 2171 iis
3108 2134 3229 2188 quae
3255 2134 3365 2172 non
3409 2119 3626 2189 pollici-

2046 2213 2136 2261 tus
2152 2207 2323 2268 dedit,
2345 2218 2612 2263 eventura
2628 2208 2914 2263 credamus
2929 2224 3050 2278 qua:
3068 2217 3150 2263 cst
3168 2209 3466 2279 pollicitus.
3486 2212 3625 2265 Nam

2047 2298 2141 2366 qui
2169 2313 2233 2352 ea
2258 2297 2487 2352 donavit
2509 2315 2631 2368 quae
2656 2315 2722 2354 ex
2743 2299 3207 2354 conventionibus
3234 2317 3345 2355 non
3368 2302 3625 2369 debebat,

2043 2396 2099 2441 et
2127 2388 2462 2444 liberalitate
2491 2405 2588 2444 sua
2612 2390 3008 2459 promissiones
3028 2392 3283 2456 excessit,
3310 2392 3463 2446 dabit
3494 2410 3627 2464 pro-

2044 2475 2133 2528 cul
2182 2475 2353 2531 dubio
2404 2493 2527 2547 qua:
2583 2479 2871 2547 promisit,
2925 2496 3156 2549 qumque
3207 2481 3624 2538 decertantibus

2043 2568 2269 2635 praamia
2287 2566 2548 2620 ostendit.
2565 2567 2749 2637 Turpe
2772 2567 2919 2620 enim
2943 2568 3014 2621 sit
3052 2569 3455 2639 gymnasiorum
3482 2587 3625 2640 prae-

2042 2653 2217 2709 fectos
2265 2656 2489 2711 athletis
2529 2658 2859 2727 promissam
2897 2658 3208 2713 mercedem
3248 2661 3526 2730 praebere,
3568 2671 3627 2718 et

2043 2748 2134 2816 qui
2164 2748 2448 2817 operarios
2485 2765 2844 2820 quoscunque
2882 2751 3271 2815 conduxerint,
3308 2768 3471 2822 opera
3500 2767 3630 2824 per.

2043 2834 2248 2890 functis
2274 2837 2539 2891 exhibere
2573 2853 2695 2906 qua:
2733 2838 2877 2908 pacti
2914 2848 3044 2895 sunt
3076 2856 3089 2892 :
3121 2840 3313 2894 mundi
3364 2856 3497 2897 vero
3534 2852 3621 2895 to-

2045 2927 2158 2982 tius
2194 2929 2480 2998 Opiﬁcem,
2507 2945 2537 2984 a
2568 2945 2677 2999 quo
2710 2945 2810 2999 per
2835 2930 3007 2985 solam
3033 2930 3337 2986 bonitatem
3362 2933 3527 2987 etiam
3560 2949 3627 2988 ea

2047 3036 2168 3090 qua:
2191 3035 2303 3074 non
2327 3030 2487 3075 erant
2521 3029 2706 3075 creata
2738 3030 2890 3087 sunt,
2915 3022 3123 3092 quique
3144 3022 3443 3078 salutiferae
3471 3027 3485 3043 ‘
3514 3025 3629 3080 dis-

2044 3113 2385 3182 pensationis
2448 3114 2771 3184 mysterium
2826 3116 3273 3181 consummavit,
3335 3124 3392 3170 et
3445 3117 3627 3173 lucem

366 3206 667 3289 μυστήριον
706 3205 1012 3269 ἐπετέλεσε,
1049 3205 1280 3268 καὶτοῖς
1320 3206 1419 3275 οὐχ
1457 3204 1626 3275 ὁρῶσι
1656 3206 1716 3259 τδ
1758 3206 1873 3275 φῶς
1901 3205 1942 3241 ιι

2049 3217 2160 3256 non
2193 3203 2552 3258 cernentibus
2583 3204 2782 3259 divinae
2815 3205 3151 3275 cognitionis
3175 3208 3365 3262 lumen
3401 3208 3628 3278 infudit,

359 3291 429 3346 τὸ
457 3292 554 3363 τῆς
576 3293 908 3361 θεογνωσίας
947 3293 1242 3364 ἐχαρίσατο
1270 3293 1406 3362 φῶς,
1435 3294 1625 3346 τοῦτον
1653 3295 1819 3364 φάναι
1845 3295 1945 3359 τὰς

359 3386 575 3449 οἰκείας
622 3385 698 3457 μὴ
745 3384 1058 3456 πληρώσειν
1098 3384 1454 3453 ἐπαγγελίας.
1506 3385 1568 3437 El
1616 3385 1672 3439 δὲ
1717 3386 1942 3457 ἀληθὴς,

359 3476 558 3548 ὥσπερ
588 3473 681 3532 οὖν
710 3477 914 3547 ἀληθὴς
954 3476 1096 3536 (θεία
1123 3477 1284 3547 γὰρὴ
1322 3476 1662 3545 ὑπόσχεσις),
1693 3478 1793 3531 οὐκ
1818 3478 1943 3532 ἀνό-

362 3585 531 3641 νητα,
553 3564 600 3624 ὧ
640 3570 786 3639 φίλοι
810 3570 1022 3639 ἄνδρες,
1060 3568 1127 3621 τὰ
1156 3569 1254 3636 τῆς
1290 3567 1439 3630 θείας
1461 3568 1811 3631 διδασκαλίας
1844 3586 1946 3639 μα-

362 3662 613 3734 θήματα.
641 3661 901 3734 Οὐρανῶν
924 3663 1033 3732 γὰρ
1063 3659 1361 3731 βασιλείαν,
1400 3660 1494 3714 καὶ
1528 3659 1671 3732 ζωὴν
1700 3661 1856 3724 τέλος
1881 3661 1943 3715 οὐ

360 3754 687 3824 δεχομένην,
740 3754 835 3807 καὶ
870 3751 983 3821 φῶς
1032 3752 1220 3820 νοερὸν
1244 3750 1315 3814 ⁸⁸,
1347 3752 1443 3804 καὶ
1502 3751 1602 3811 τὴν
1662 3751 1803 3822 μετᾶ
1834 3752 1946 3806 τῶν

363 3846 681 3916 ἀσωμάτων
742 3843 958 3915 χορείαν
983 3882 997 3906 ,
1062 3845 1176 3907 τοῖς
1236 3841 1583 3913 πειθομένοις
1633 3832 1902 3913 ὑπέσχετο
1926 3882 1943 3908 ,

361 3937 561 4008 ὥσπερ
590 3932 656 3989 αὖ
690 3937 914 3990 κόλασιν
961 3933 1178 3989 αἰώνιον
1217 3936 1332 3997 τοῖς
1363 3933 1683 3987 ἀπιστοῦσιν
1710 3934 1946 4004 ἠπείλη-

364 4044 493 4083 σεν·
525 4028 685 4082 τοῦτο
725 4027 834 4099 γάρ
859 4026 925 4097 δὴ
959 4027 1053 4080 καὶ
1080 4029 1145 4098 τῇ
1197 4025 1481 4096 παραόολῇ
1529 4024 1639 4079 τῶν
1690 4024 1945 4090 ζιζανίων

358 4118 658 4190 δεδήλωκε.
693 4118 911 4187 Ταύτην
939 4118 1049 4186 γὰρ
1082 4115 1428 4186 ἑρμηνεύσας
1452 4115 1760 4188 ἐπήγαγεν·
1788 4133 1806 4166 ι
1832 4115 1941 4169 Οὖ-

363 4226 476 4273 τως
504 4209 657 4262 ἔσται
696 4211 754 4261 ὲν
782 4211 848 4279 τῇ
882 4207 1161 4277 συντελείᾳ
1196 4205 1291 4258 τοῦ
1325 4204 1521 4267 αἰῶνος
1553 4204 1741 4257 τούτου
1762 4220 1775 4233 ·
1808 4205 1945 4258 ἀπο-

361 4302 550 4355 στελεῖ
589 4303 618 4355 6
647 4301 773 4363 Υἱὸς
812 4299 904 4352 τοῦ
952 4298 1242 4371 ἀνθρώπου
1284 4298 1410 4360 τοὺς
1451 4294 1715 4366 ἀγγέλους
1752 4294 1942 4363 αὑτοῦ,

360 4393 464 4447 καὶ
491 4392 813 4457 συνάξουσιν
857 4393 922 4444 ἐκ
965 4391 1066 4462 τῆς
1108 4389 1384 4461 βασιλείας
1430 4386 1597 4441 αὐτοῦ
1651 4386 1830 4440 πάντα
1876 4386 1946 4440 τά

362 4483 646 4536 σκάνδαλα
675 4482 770 4535 καὶ
804 4481 934 4544 τοὺς
974 4479 1259 4544 ποιοῦντας
1283 4480 1384 4548 τὴν
1425 4476 1677 4546 ἀνομίαν,
1707 4477 1803 4531 καὶ
1844 4475 1941 4546 βα-

2048 3292 2194 3347 huuc
2235 3292 2485 3349 dicamus
2535 3310 2598 3349 ea
2649 3311 2772 3366 quae
2817 3297 3071 3366 promisit
3118 3314 3230 3353 non
3273 3300 3625 3356 eﬁecturum.

2044 3381 2201 3448 Quod
2221 3383 2267 3437 si
2293 3397 2422 3438 vera
2446 3392 2550 3449 est,
2582 3384 2744 3439 sicuti
2779 3402 2907 3442 vera
2934 3395 3018 3442 est
3046 3389 3163 3460 (Dei
3190 3391 3339 3444 enim
3369 3401 3454 3447 est
3494 3409 3626 3464 pro-

2045 3472 2280 3544 missio),
2307 3489 2417 3529 non
2443 3475 2656 3531 inutilis
2676 3484 2781 3537 est.
2809 3477 2914 3532 viri
2946 3479 3280 3543 charissimi,
3311 3482 3511 3537 divinae
3544 3483 3627 3537 in-

2026 3565 2353 3621 stitutionis
2372 3567 3068 3637 disciplina.Credentibus
3100 3573 3246 3626 enim
3273 3589 3499 3643 regnum
3517 3590 3630 3630 cm-

2045 3658 2249 3724 lorum,
2268 3659 2549 3730 vitamque
2573 3661 2785 3715 nullum
2810 3662 2971 3716 linem
2993 3663 3329 3729 habituram,
3356 3674 3412 3719 et
3437 3666 3626 3721 lumen

2047 3748 2441 3816 intellectuale,
2462 3759 2518 3807 et
2544 3752 2792 3822 corporis
2814 3753 3124 3823 expertium
3151 3756 3473 3810 societatem
3501 3755 3626 3827 pol-

2045 3840 2267 3909 licetur,
2312 3841 2475 3898 sicuti
2512 3860 2544 3899 c
2586 3845 2865 3899 contrario
2904 3845 3207 3901 incredulis
3241 3855 3447 3901 aeterna
3495 3863 3627 3918 sup-

2045 3933 2213 4002 plicia
2260 3935 2651 3991 comminatur.
2690 3935 2806 3992 Hoc
2850 3937 2999 3992 enim
3053 3937 3233 4007 ipsum
3270 3939 3327 3992 in
3365 3938 3629 4008 parabola

2046 4023 2383 4077 zizaniorum
2432 4026 2695 4081 ostendit.
2751 4025 2927 4093 Quam
2972 4042 3099 4081 cum
3140 4027 3625 4104 interpretaretur,

2044 4114 2254 4170 addidit
2284 4130 2297 4170 :
2329 4134 2348 4165 ι
2380 4116 2471 4171 Sic
2493 4118 2599 4172 erit
2626 4118 2680 4171 in
2712 4118 2920 4187 ιοιι
2943 4119 3419 4173 consummatione
3440 4121 3626 4175 saeculi

2044 4206 2229 4279 hujus.
2254 4207 2432 4263 Mittet
2448 4209 2623 4265 Filius
2634 4208 2876 4263 hominis
2890 4210 3114 4280 angelos
3130 4224 3278 4273 suos,
3303 4217 3358 4263 et
3370 4209 3628 4279 colligent

2045 4299 2114 4355 de
2133 4313 2301 4370 regno
2321 4302 2442 4372 ejus
2473 4302 2658 4355 omnia
2677 4301 2953 4363 scandala,
2975 4311 3031 4356 et
3055 4316 3151 4355 eos
3177 4300 3271 4370 qui
3292 4299 3503 4355 faciunt
3527 4298 3630 4353 ini-

2045 4389 2335 4459 quitatem,
2359 4397 2416 4444 et
2444 4389 2666 4446 mittent
2684 4405 2780 4445 eos
2808 4390 2864 4444 in
2895 4390 3173 4445 caminum
3202 4390 3381 4461 ignis:
3412 4390 3485 4443 ibi
3517 4389 3630 4445 erit

2046 4480 2209 4537 ﬂetus
2230 4490 2286 4535 et
2308 4480 2513 4537 stridor
2536 4481 2808 4536 dentium.
2842 4480 2999 4535 Tunc
3014 4481 3145 4552 justi
3168 4480 3461 4551 fulgebunt
3484 4478 3629 4535 sicut

358 4574 551 4629 λοῦσιν
581 4574 781 4638 αὐτοὺς
811 4575 891 4637 είς
917 4572 1017 4644 τὴν
1041 4572 1271 4642 κάμινον
1296 4569 1390 4623 τοῦ
1412 4569 1583 4641 πυρός
1604 4585 1618 4599 ·
1648 4570 1767 4623 ἐκεῖ
1791 4567 1942 4622 ἔσται

2049 4572 2128 4627 sol
2174 4571 2230 4626 in
2266 4588 2435 4642 regno
2471 4571 2652 4627 Patris
2701 4584 2918 4625 eorum.
2959 4590 2977 4622 ι
3015 4548 3277 4637 'Quibusv
3317 4568 3482 4623 dictis
3535 4567 3631 4622 ad-

356 4666 395 4719 6
429 4665 708 4735 κλαυθμδς
742 4664 836 4718 καὶ
870 4666 897 4717 6
931 4662 1175 4736 βρυγμὸς
1199 4660 1308 4715 τῶν
1328 4660 1581 4716 ὀδόντων.
1612 4660 1748 4714 Τότε
1780 4660 1832 4713 οί
1866 4659 1942 4714 δί-

2044 4660 2179 4733 jecit
2204 4678 2219 4715 :
2251 4680 2269 4712 ι
2298 4660 2401 4728 Qui
2418 4662 2584 4716 habet
2605 4675 2766 4716 aures
2788 4661 3072 4725 audiendi,
3093 4659 3280 4714 audiat
3307 4659 3352 4712 ί.
3379 4676 3397 4711 ι
3425 4657 3630 4713 Eadem

358 4774 512 4811 καιοι
545 4757 918 4826 ἐκλάμψουσιν
957 4756 1034 4819 ὡς
1077 4757 1108 4809 6
1151 4755 1305 4827 ἥλιος
1338 4756 1397 4808 ὲν
1426 4756 1491 4824 τῇ
1552 4752 1798 4824 βασιλείᾳ
1849 4752 1942 4806 τοῦ

2049 4761 2109 4809 et
2127 4753 2307 4821 vobis,
2334 4770 2367 4809 o
2389 4754 2575 4819 amici,
2600 4754 2958 4809 adhortantes
2983 4752 3241 4811 dicimus.
3264 4751 3453 4821 Neque
3480 4749 3632 4805 enim
3656 4806 3661 4813 ,

361 4850 581 4920 Πατρὸς
649 4849 850 4905 αὐτῶν.
902 4869 921 4901 ι
982 4849 1167 4903 Ταῦτα
1226 4848 1397 4901 είπὼν
1445 4847 1759 4919 ἐπήγαγεν·
1814 4865 1832 4899 ι
1885 4847 1942 4900 Ὁ

2051 4846 2257 4902 invitos
2290 4847 2540 4917 cogimus
2569 4846 2755 4901 divina
2782 4845 2929 4900 dona
2955 4845 3267 4916 percipere,
3304 4842 3400 4898 sed
3434 4840 3636 4897 adbor-
3665 4836 3671 4892 2

359 4940 508 5011 ἔχων
553 4935 668 4995 ὦτα
718 4940 961 5007 ἀκούειν,
1022 4940 1286 4994 ἀκουέτω.
1320 4958 1339 4991 ι
1384 4938 1570 4992 Ταῦτα
1626 4939 1720 4991 καὶ
1785 4940 1942 5009 ἡμεῖς

2055 4944 2256 5003 tantes,
2302 4945 2360 4992 et
2392 4938 2770 5001 obsecrantes,
2811 4935 3125 5005 horumque
3159 4933 3318 4988 vobis
3363 4929 3635 5001 magnitu-

363 5034 522 5104 ὑμῖν,
554 5029 601 5088 ὧ
641 5034 783 5104 φίλοι
815 5030 1028 5105 ἄνδρες,
1070 5029 1464 5103 παραινοῦντες
1506 5047 1704 5101 φαμεν.
1734 5031 1809 5083 Οὐ
1839 5030 1942 5100 γὰρ

2054 5031 2244 5089 dinem
2268 5032 2734 5088 demonstrantes.
2779 5030 2970 5101 Itaque
2998 5042 3124 5085 cum
3158 5027 3266 5087 hoc
3289 5025 3510 5081 Domini
3532 5023 3633 5084 Dei

440 5172 471 5215 ιι
500 5172 692 5228 Matth.
723 5187 870 5247 xsvi,
902 5171 991 5225 15.
1076 5170 1090 5209 ί
1126 5168 1317 5223 Matth.
1351 5184 1466 5235 xm,
1497 5167 1690 5223 40-45.

1655 5288 1893 5349 VABUE
1935 5288 2347 5347 LECTIONES.

441 5472 485 5505 ³¹
516 5469 820 5525 καταλίπω.
845 5465 1161 5522 καταλείπω
1191 5464 1258 5519 D.
1346 5461 1391 5494 "
1420 5457 1839 5528 ἀποδεχόμενος.
1879 5454 2281 5528 ἀποδεξάμενος
2302 5457 2410 5528 Ἦ).
2506 5457 2552 5489 ³³
2585 5456 2947 5528 αὐτῆςεαύτὴ
2974 5456 3039 5528 D.
3135 5451 3394 5528 “leuga
3434 5450 3632 5528 ἐκείνῳ

361 5558 431 5595 τε
847 5515 916 5572 ’δῖ
932 5515 1450 5612 κάκείναίκάκεῖνο
1464 5528 1571 5612 Ἦ).
1592 5515 1679 5612 :3"
1714 5515 1893 5612 μόνονε
1919 5515 2087 5598 μόνην
2109 5515 2212 5612 Xa;
2341 5515 2745 5612 ξυνεκλςήρωσεξ
2770 5515 3154 5612 ξυνετέλιήρωσε
3525 5515 3627 5612 οξξ.

366 5592 581 5674 ista;
602 5592 711 5673 Vb,
732 5592 827 5676 qui
856 5624 1020 5676 supra
1041 5607 1261 5660 δέδωκε.
1292 5601 1406 5656 Hoc
1438 5600 1568 5676 item
1598 5599 1663 5653 D.
1714 5592 1808 5676 ξπ
1834 5592 2013 5676 δεήσει.
2041 5592 2223 5676 πολλῷ
2253 5592 2426 5676 δήπου
2475 5592 2682 5676 μᾶλλον
2703 5597 2891 5676 8.__Vb._
2959 5592 3500 5676 ⁸ξγυιαχασιάρχους.
3523 5607 3630 5676 "72.

735 5658 1369 5745 vva.~u;0v”6neq.—
1394 5670 1532 5741 μετὰ
1567 5684 1678 5724 om.
1718 5668 1781 5722 D.
1867 5666 1914 5699 ¹⁵²
1948 5658 2215 5738 παρέσχεζ
2250 5658 2556 5739 παρέσχετο
2590 5666 2686 5722 Va.
2762 5666 2810 5699 “
2844 5665 2904 5720 τὸ
2939 5658 3072 5732 φῶς.
3104 5658 3223 5715 τόδε
3266 5658 3328 5714 τδ
3356 5658 3483 5731 ’ἑρῶς
3523 5658 3626 5718 Vb.

459 5754 643 5784 ..κωκυ
688 5749 876 5784 MM)“.
904 5750 979 5784 Vn

459 5749 661 5823 νοερόν.
688 5749 876 5820 νοητὸν
904 5750 1002 5806 Ya.
