4056 6426
497 373 643 438 1123

1481 377 1968 440 THEODORETI
2009 371 2348 435 EPISCOPI
2385 374 2750 434 CYRENSIS

3609 376 3727 442 iiii

492 484 671 540 nostri
712 484 860 539 dicto
903 483 1327 540 concludimus:
1363 504 1379 537 ι
1410 487 1513 553 Qui
1559 489 1726 543 babet
1764 501 1928 542 aures
1973 500 2072 538 au-

2185 481 2248 551 δὴ
2291 481 2522 544 ἄκοντας
2552 482 2651 544 τὰς
2687 482 2839 548 θείας
2885 482 3072 537 λαϐεῖν
3099 482 3481 554 ἀναγκάζομεν
3520 486 3724 560 δωρεας,

493 575 702 640 diendi,
729 575 935 629 audiat.
970 595 988 626 ›

2187 572 2326 626 ἀλλὰ
2359 573 2807 643 παρακαλοῦντες
2839 577 2933 628 καὶ
2977 574 3396 646 παραινοῦντες,
3431 579 3521 632 καλ⁸
3558 581 3615 632 τὸ
3645 583 3729 652 μέο

491 667 654 734 γεθος
695 665 896 718 τούτων
925 666 1351 730 ἐπιδεικνύντες.
1385 669 1484 722 Διά
1531 687 1614 722 τοι
1644 669 1804 722 τοῦτο
1851 669 1946 722 καὶ
2012 665 2110 736 τὴν
2149 663 2489 734 Δεσποτικὴν
2517 665 2724 735 ταύτην
2770 667 2863 720 καὶ
2931 665 3242 736 Θαυμασίαν
3295 667 3607 740 ἐπιλέγομεν
3645 671 3732 743 ῥῆ-

494 771 581 809 σιν
602 771 616 786 ⁶
655 773 673 806 ι
713 757 772 808 Ὀ
797 755 934 825 ἔχων
961 751 1074 809 ὦτα
1100 757 1339 821 ἀκούειν,
1366 760 1632 813 ἀκουέτω.
1678 781 1695 812 ι

1093 868 1324 923 SERMO
1356 869 1472 923 ΧΠ.

1024 979 1100 1033 De
1129 982 1324 1034 virtute
1345 983 1540 1036 activa.

563 1093 806 1148 Arbores
842 1093 1065 1162 quidem
1092 1093 1278 1147 ferunt
1303 1095 1568 1164 aluntque
1603 1095 1838 1156 radices.
1877 1101 2078 1148 ornant

492 1198 625 1240 vero
651 1183 789 1236 rami
817 1191 872 1237 et
896 1183 1048 1248 folia,
1077 1193 1133 1238 et
1162 1184 1256 1253 qui
1286 1185 1430 1240 inter
1456 1186 1572 1240 brec
1603 1186 1804 1255 pendet
1840 1185 2072 1239 fructus.

495 1273 554 1330 Si
587 1274 712 1344 quis
747 1274 896 1327 enim
931 1290 1113 1329 ramos
1150 1277 1388 1340 excidat,
1430 1292 1754 1346 comamque
1791 1277 2073 1347 decerpat,

496 1364 635 1418 [lunt
668 1365 912 1429 inutiles,
951 1374 1006 1419 et
1036 1367 1236 1420 decore
1268 1368 1594 1436 spoliantur,
1633 1383 1696 1422 ac
1730 1368 2074 1438 superﬂuum

495 1471 722 1527 prorsus
745 1457 962 1510 videtur
993 1457 1241 1511 radicum
1271 1458 1717 1514 fundamentum.
1754 1461 1834 1514 Ita
1866 1467 1922 1514 et
1952 1475 2078 1513 eor-

497 1561 602 1633 pus
654 1546 860 1616 indiget
896 1547 1119 1615 quidem
1173 1549 1371 1614 oculis,
1432 1550 1528 1619 qui
1565 1550 1791 1605 videant
1838 1559 1895 1605 et
1944 1550 2081 1604 alios

497 1654 694 1694 sensus
751 1647 940 1708 regant
967 1657 978 1692 :
1005 1639 1214 1708 indiget
1261 1655 1394 1694 vero
1441 1649 1498 1694 et
1534 1641 1793 1710 pedibus,
1827 1641 1921 1710 qui
1961 1657 2078 1694 am-

2785 865 3004 918 ΛΟΓΟΣ
3059 864 3160 918 IB’.

2587 974 2725 1042 Περὶ
2756 975 3088 1044 πρακτικῆς
3112 972 3348 1042 ἀρετῆς.

2257 1088 2339 1140 Τὰ
2375 1087 2569 1158 δένδρα
2609 1087 2836 1158 φέρουσι
2887 1087 2989 1156 μὲν
3037 1089 3094 1140 αί
3129 1087 3280 1158 ῥίζαι
3347 1088 3440 1140 καὶ
3477 1088 3737 1160 τρέφουσι,

2179 1179 2449 1248 κοσμοῦσι
2485 1179 2542 1232 δὲ
2576 1179 2624 1231 οἱ
2659 1178 2846 1232 κλάδοι
2870 1179 2964 1231 καὶ
3009 1179 3076 1232 τά
3119 1178 3312 1247 φύλλα,
3346 1180 3438 1232 καὶ
3475 1182 3502 1233 ό
3552 1183 3741 1251 μεταξὺ

2177 1267 2386 1321 τούτων
2423 1267 2746 1337 ᾑωρημένος
2769 1266 2814 1298 ⁸⁸
2846 1266 3079 1336 καρπός.
3133 1265 3196 1318 Et
3237 1267 3345 1336 γάρ
3366 1267 3428 1338 δή
3475 1284 3557 1330 τις
3601 1269 3742 1323 ὲκτέ-

2180 1375 2302 1430 μνοι
2326 1357 2371 1390 ⁵⁸
2393 1359 2520 1420 τοὺς
2541 1357 2765 1420 κλάδους
2787 1358 2880 1410 καὶ
2901 1357 3128 1426 ψιλὼσοι
3151 1358 3250 1426 τὴν
3277 1357 3474 1428 κόμην,
3505 1358 3742 1429 ἄχρηστα

2179 1453 2392 1520 γίνεται
2431 1451 2526 1502 καὶ
2548 1449 2851 1520 γυμνοῦται
2878 1453 2977 1520 τῆς
3009 1450 3364 1521 εὐπρεπείας,
3407 1452 3502 1502 καὶ
3533 1457 3746 1523 περιττὴ

2183 1542 2462 1606 παντεὶῶς
2506 1540 2667 1611 ἡτῶν
2716 1540 2880 1612 ῥιζῶν
2929 1541 3289 1610 ἀποφαίνεται
3341 1540 3514 1612 βάσις.
3552 1545 3656 1595 Καὶ
3698 1544 3749 1596 τὸ

2184 1636 2344 1704 σῶμα
2383 1635 2437 1687 δὲ
2493 1632 2755 1696 ὡσαύτως
2799 1633 2971 1685 δεῖται
3003 1633 3104 1702 μὲν
3141 1633 3441 1704 ὀφθαλμῶν
3488 1634 3746 1704 ὁρώντων,

495 1730 687 1784 bulent
718 1739 774 1783 et
809 1746 1012 1799 corpus
1039 1729 1240 1795 ferant,
1274 1739 1331 1786 et
1365 1733 1640 1796 manibus,
1681 1749 1804 1802 qua:
1830 1749 1968 1802 opus
2002 1733 2079 1786 fa-

2185 1730 2279 1782 xal.
2312 1729 2410 1791 τὰς
2437 1728 2602 1790 ἄλλας
2632 1726 3010 1796 ποδηγούντων
3049 1727 3357 1797 αἰσθήσεις,
3382 1727 3554 1780 δεῖται
3580 1728 3635 1779 δὲ
3669 1729 3753 1780 καὶ

493 1819 639 1873 ciant
724 1819 1096 1889 membrisque
1156 1821 1416 1874 omnibus
1468 1821 1654 1875 cibum
1733 1838 1796 1875 ac
1863 1832 2078 1890 potum,

496 1923 694 1978 resque
750 1909 884 1963 alias
952 1912 1296 1965 necessarias
1360 1912 1803 1966 subministrent.
1872 1914 2081 1982 1012

497 1997 614 2053 Jam
662 2013 793 2052 vero
835 2008 891 2052 et
935 2000 1173 2062 tunicas,
1218 2008 1275 2054 et
1315 2001 1502 2066 laenas,
1533 2011 1590 2055 et
1637 2002 1844 2071 sagula,
1894 2009 2080 2070 atque,

500 2099 560 2145 ut
603 2091 775 2146 verbo
816 2091 1035 2155 dicam,
1078 2092 1410 2146 vestimenta
1469 2094 1686 2156 omnia,
1739 2099 1755 2113 '
1811 2109 1919 2147 non
1969 2102 2082 2148 sta-

498 2181 648 2234 mina
682 2181 799 2235 sola
834 2179 1138 2234 conﬁciunt
1170 2198 1182 2232 :
1217 2189 1301 2234 est
1344 2181 1492 2235 enim
1532 2197 1674 2250 opus
1711 2181 2080 2252 subtegmine,

498 2272 646 2342 quod
709 2270 1040 2325 staminibus
1107 2271 1386 2326 intexatur
1440 2281 1496 2326 et
1551 2273 1842 2327 coluereat.
1907 2273 2086 2339 Quor-

495 2376 618 2416 sum
670 2376 801 2415 vero
852 2361 968 2416 hzec
1021 2361 1169 2415 dixi?
1230 2363 1347 2416 Non
1402 2363 1561 2429 ideo,
1608 2365 1753 2428 viri,
1793 2365 1940 2434 quod
1999 2365 2081 2419 lo-

496 2467 698 2522 quaces
728 2441 904 2523 nugas
941 2468 1142 2518 amem,
1191 2455 1286 2508 sed
1315 2464 1374 2508 ut
1408 2471 1508 2524 per
1553 2455 1652 2510 has
1685 2455 2081 2510 similitudines

495 2545 855 2599 exactissima:
881 2545 1244 2615 philosophia:
1264 2547 1550 2600 materiam
1573 2547 1882 2602 ostendam.
1907 2549 2079 2602 Maxi-

497 2653 644 2690 mum
679 2637 824 2692 enim
855 2653 1251 2707 usquequaque
1280 2638 1486 2692 bonum
1521 2647 1607 2694 est
1637 2639 1951 2694 divinarum
1990 2655 2080 2694 re—

495 2743 620 2784 rum
660 2729 918 2799 cognitio.
960 2729 1068 2783 Sed
1111 2729 1244 2784 satis
1276 2730 1397 2784 haec
1434 2747 1544 2785 non
1574 2740 1689 2794 est,
1723 2740 1784 2785 ut
1819 2747 2079 2786 consum-

498 2829 708 2875 matum
743 2819 1024 2874 hominem
1060 2835 1186 2874 eum
1225 2821 1421 2874 reddat
1454 2822 1549 2892 qui
1577 2836 1640 2875 ea
1669 2822 1741 2876 sit
1765 2823 2030 2892 praeditus
2063 2839 2077 2875 :

499 2917 722 2978 Oportet
742 2909 891 2963 enim
923 2909 1099 2964 bonas
1125 2909 1290 2962 etiam
1322 2911 1571 2964 actiones
1603 2910 1670 2964 ad
1707 2911 2079 2982 cognitionem

499 3000 749 3071 adiungi.
779 2999 935 3066 Quod
958 3001 1106 3054 enim
1134 3001 1289 3055 radix
1313 3011 1398 3055 est
1416 3001 1621 3065 arbori,
1650 3011 1706 3055 et
1730 3003 1926 3057 oculus
1951 3019 2077 3058 cor-

2184 1821 2360 1872 ποδῶν
2394 1818 2849 1890 μεταϐαινόντων,
2895 1820 2990 1869 καὶ
3040 1819 3099 1871 τὸ
3146 1819 3304 1888 σῶμα
3350 1819 3641 1890 φερόντων,
3668 1821 3753 1872 καὶ

2184 1909 2385 1980 χειρῶν
2418 1908 2824 1977 ἐργαζομένων,
2881 1909 2975 1958 καὶ
3030 1910 3143 1967 τοῖς
3182 1908 3393 1977 μορίοις
3450 1907 3620 1960 ἅπασι
3669 1907 3756 1961 καὶ

2184 2000 2393 2072 τροφὴν
2418 1999 2511 2053 καὶ
2547 1999 2708 2052 πόσιν
2739 1998 2833 2052 καὶ
2858 1997 2956 2068 τὴν
2977 1998 3142 2066 ἄλλην
3179 1999 3372 2068 χρείαν
3400 1998 3751 2069 ποριζουσῶν.

2183 2092 2294 2145 Καὶ
2321 2091 2502 2160 μέντοι
2527 2091 2622 2143 καὶ
2651 2089 2884 2161 χιτῶνας
2914 2092 3009 2144 καὶ
3041 2089 3268 2160 χλαίνας
3293 2091 3393 2144 καὶ
3423 2090 3754 2163 ἐφεστρίδας,

2183 2183 2279 2234 καὶ
2306 2181 2601 2252 ξυλλήϐδην
2641 2183 2816 2234 εἰπεῖν
2848 2182 3062 2235 ἅπαντα
3085 2181 3151 2234 τὰ
3177 2181 3485 2252 ἐσθήματα,
3514 2183 3575 2234 ού
3608 2181 3757 2252 μόνον

2185 2272 2431 2326 ποιοῦσιν
2475 2272 2525 2325 oi
2567 2273 2867 2343 στήμονες·
2925 2273 3081 2342 χρεία
3108 2273 3216 2343 γάρ
3266 2290 3373 2326 που
3423 2275 3517 2326 καὶ
3565 2273 3758 2344 κρόκης

2182 2359 2614 2429 ὲνυφαινομένης
2647 2361 2740 2414 καὶ
2768 2359 3249 2432 ξυναρμοζομένης
3281 2365 3396 2425 τοῖς
3423 2363 3677 2432 στήμοσι.
3699 2360 3759 2414 Τί

2181 2454 2382 2522 δήποτε
2422 2451 2531 2524 [δὴ]
2572 2452 2615 2482 ’⁸⁷
2663 2451 2836 2505 ταῦτα
2885 2452 3195 2520 διεξῆλθον;
3228 2453 3288 2504 ού
3346 2453 3441 2505 τὸν
3492 2452 3684 2518 ὕθλον,
3719 2444 3761 2504 ὣ

2185 2543 2402 2614 ἄνδρες,
2431 2542 2697 2614 στέργων,
2733 2542 2871 2595 ἀλλά
2915 2542 3003 2595 διὰ
3047 2542 3214 2595 τῶνδε
3261 2541 3375 2596 τῶν
3412 2543 3635 2597 εἰκόνων
3671 2543 3760 2609 τῆς

2181 2635 2522 2704 τελεωτάτης
2571 2634 2890 2703 φιλοσοφίας
2943 2636 3042 2697 τὰς
3085 2633 3217 2696 ὕλας
3259 2634 3601 2698 ἐπιδεικνύς.
3650 2635 3758 2688 Μέ-

2181 2742 2370 2794 γιστον
2398 2724 2498 2794 μὲν
2527 2725 2636 2793 γάρ
2667 2723 2886 2794 ἀληθῶς
2908 2724 3003 2777 καὶ
3032 2725 3397 2795 παμμέγεθες
3433 2726 3640 2794 ἀγαθὸν
3664 2727 3762 2779 τῶν

2182 2819 2340 2873 θείων
2369 2821 2401 2888 ἡ
2435 2816 2637 2885 γνῶσις
2657 2832 2672 2847 ⁸
2711 2817 2826 2870 ἀλλ’
2859 2817 2960 2870 οὐκ
2993 2818 3208 2888 ἀπόχρη
3245 2819 3458 2872 τέλειον
3489 2820 3762 2890 ἀποφῆναι

2181 2909 2278 2963 τὸν
2309 2908 2514 2976 ταύτης
2545 2907 2891 2976 ἀξιούμενον.
2916 2909 3010 2959 Δεῖ
3033 2908 3142 2978 γάρ
3168 2925 3268 2961 που
3302 2911 3403 2963 καὶ
3436 2909 3537 2981 τὴν
3566 2911 3764 2978 ἀγαθὴν
3811 2970 3813 2973 ι

2185 2999 2384 3070 πρᾶξιν
2419 2999 2464 3030 ’⁵⁸
2508 2999 2846 3068 ξυναφθῆναι
2898 3001 2965 3069 τῇ
3021 2997 3241 3066 γνώσει.
3277 3000 3464 3070 Ὅπερ
3499 3002 3609 3072 γάρ
3661 3003 3766 3053 ἐστι

499 3089 644 3159 pori,
681 3089 940 3158 quodque
991 3089 1228 3143 texturis
1269 3098 1397 3143 sunt
1431 3091 1687 3152 stamina,
1733 3090 1838 3144 hoc
1881 3092 2079 3147 animis

2183 3091 2384 3162 δένδρῳ
2419 3089 2564 3159 ῥίζα,
2589 3089 2683 3142 καὶ
2709 3088 2990 3159 ὀφθαλμὸς
3021 3087 3252 3157 σώματι,
3289 3090 3390 3142 καὶ
3425 3091 3478 3143 οἱ
3512 3091 3770 3159 στήμονες

499 3166 749 3234 veritatis
797 3179 1072 3248 cognitio,
1129 3180 1453 3250 stabilisque
1503 3189 1587 3235 est
1638 3181 1793 3236 ﬁdes.
1849 3181 2078 3251 Oportet

499 3279 687 3325 autem
711 3287 821 3325 non
850 3271 1025 3324 solum
1054 3271 1198 3326 seire
1222 3272 1355 3341 quid
1381 3272 1446 3326 dc
1471 3273 1582 3327 Deo
1607 3274 1957 3328 sentiendum
1986 3274 2077 3338 sit,

498 3377 693 3416 verum
718 3362 883 3415 etiam
922 3361 989 3416 ad
1020 3362 1169 3416 illius
1207 3363 1355 3433 leges
1393 3363 1561 3417 vitam
1594 3381 1888 3434 moresque
1917 3365 2079 3419 insti-

499 3463 678 3508 tuere.
706 3454 861 3507 Sicut
900 3453 1046 3508 enim
1081 3454 1174 3522 qui
1203 3456 1501 3524 picturam,
1544 3463 1639 3510 aut
1674 3458 1960 3521 sutoriam,
1993 3456 2079 3510 vel

498 3546 751 3618 quamvis
789 3546 950 3600 aliam
977 3557 1150 3600 artem
1191 3547 1484 3613 docentur,
1523 3565 1633 3602 non
1665 3551 1843 3604 solum
1887 3557 1947 3603 ut
1986 3564 2081 3603 eas

499 3638 696 3702 sciant,
720 3637 829 3692 illis
848 3637 981 3691 dant
1003 3653 1250 3707 operam,
1292 3639 1387 3694 sed
1415 3641 1578 3694 etiam
1606 3650 1667 3695 ut
1692 3656 1891 3695 manus
1916 3657 2078 3696 exer-

499 3739 683 3794 ceant,
717 3745 886 3798 seque
929 3730 1322 3799 magistrorum
1376 3732 1681 3786 imitatores
1736 3733 1905 3787 rebus
1947 3733 2081 3802 ipsis

501 3819 801 3875 ostendant
831 3838 842 3872 :
877 3820 950 3873 ita
977 3820 1137 3874 decet
1173 3823 1458 3890 operarios
1490 3823 1731 3892 pietatis,
1759 3839 1867 3877 non
1902 3824 2079 3878 solum

504 3913 832 3983 theologiam
903 3920 1222 3981 natumque
1306 3914 1576 3968 rationem
1653 3914 1907 3979 edoceri,
1983 3915 2080 3969 sed

503 4002 761 4073 practicce
804 4017 1026 4071 quoque
1070 4002 1293 4057 virtutis
1343 4004 1493 4073 leges
1518 4004 1853 4072 perdiscere,
1893 4014 1950 4059 et
1981 4005 2082 4058 has

503 4108 604 4163 pro
637 4093 848 4147 viribus
885 4108 1127 4156 servare,
1175 4093 1240 4145 ad
1268 4109 1471 4164 easque
1504 4094 1693 4148 conari
1725 4093 1921 4148 animae
1955 4110 2080 4164 spe-

501 4183 644 4239 ciem
671 4200 1003 4254 componere
1031 4200 1092 4238 ac
1116 4183 1392 4256 efﬁngere.
1430 4186 1531 4252 Qui
1567 4187 1713 4240 enim
1741 4187 1820 4242 sic
1839 4186 2080 4241 animam

501 4276 782 4345 componit
833 4286 997 4345 atque
1045 4276 1320 4341 informat,
1382 4293 1493 4332 non
1539 4279 1716 4332 solum
1768 4280 2081 4333 divinarum

503 4366 688 4438 legum
746 4368 1010 4437 exprimit
1057 4368 1440 4434 characteres,
1506 4370 1717 4439 1013
1767 4370 1863 4425 sed
1908 4371 2082 4440 ipsius

501 4474 720 4529 quoque
741 4459 1068 4530 legislatoris
1090 4461 1214 4515 viva
1239 4461 1486 4532 quaedam
1515 4461 1695 4531 imago
1716 4468 1772 4515 et
1797 4461 2081 4516 rationalis

499 4550 754 4606 eﬁicitur.
782 4551 897 4605 Hoc
927 4559 984 4606 et
1017 4568 1247 4622 magnus
1277 4553 1366 4607 ille
1393 4552 1646 4606 veritatis
1670 4568 1848 4621 praeco
1877 4553 2082 4608 docens

502 4644 773 4698 exclamat
808 4660 821 4695 :
857 4661 875 4694 ι
906 4644 1094 4698 Estote
1121 4643 1431 4697 imitatores
1452 4643 1548 4696 Dei
1579 4643 1623 4698 i.
1656 4664 1674 4694 ι
1708 4645 1838 4713 Ejus
1861 4660 2082 4713 quoque

504 4736 772 4790 Dominus
792 4735 1046 4788 hortatur
1071 4735 1260 4788 dicens
1283 4751 1295 4786 :
1328 4754 1346 4784 ‹
1374 4735 1561 4788 Estote
1581 4737 1887 4788 imitatores
1904 4734 2084 4789 Patris

504 4826 672 4880 vestri
711 4824 805 4895 qui
846 4825 900 4877 in
945 4825 1100 4880 caalis
1136 4833 1221 4878 est
1241 4823 1288 4878 ιι.
1326 4844 1342 4876 ι
1391 4826 1460 4879 Ει
1509 4827 1713 4880 iterum
1768 4843 1782 4879 :
1832 4847 1849 4876 ι
1899 4827 2089 4881 Estote

505 4913 758 4986 perfecti,
778 4914 925 4967 sicut
949 4915 1112 4968 Pater
1134 4920 1318 4966 vester
1340 4914 1582 4969 caelestis
1595 4915 1872 4984 perfectus
1889 4925 1974 4971 est
1991 4912 2007 4951 ι
2022 4955 2034 4968 .
2062 4934 2080 4966 ι

505 5003 756 5058 Imitatur
781 5012 987 5066 autem,
1016 5009 1282 5072 quantum
1309 5003 1460 5067 licet,
1487 5006 1870 5060 universorum
1900 5007 2077 5060 Deum

505 5091 556 5147 is
589 5092 680 5161 qui
717 5107 781 5145 ea
810 5090 1007 5161 diligit,
1036 5091 1273 5161 odioque
1308 5093 1517 5162 pariter
1547 5093 1925 5164 prosequitur,
1963 5110 2085 5163 qua:

583 5245 597 5297 i
637 5247 841 5318 Ephes.
872 5254 926 5314 ν,
959 5247 982 5300 1
1010 5265 1025 5316 ;
1057 5247 1293 5324 Philipp,
1328 5266 1406 5318 ιιι,
1444 5251 1530 5304 l7.
1612 5251 1637 5290 ιι
1671 5250 1862 5305 Matth.
1895 5269 1948 5316 v,
1981 5252 2070 5306 45.

2184 3185 2291 3246 τοῖς
2329 3183 2637 3252 ὑφάσμασι,
2679 3180 2838 3233 τοῦτο
2877 3182 2973 3234 καὶ
3002 3180 3046 3212 ⁸⁸
3080 3183 3206 3243 ταῖς
3255 3180 3468 3251 ψυχαῖς
3508 3182 3609 3250 τῆς
3643 3179 3768 3248 ἀλη-

2183 3276 2387 3346 θείαςή
2423 3275 2623 3344 γνῶσις
2656 3276 2750 3328 καὶ
2777 3274 2931 3346 [166]
2961 3276 2992 3344 ἠ
3027 3274 3223 3342 βεϐαία
3267 3276 3530 3343 γίγνεται
3573 3275 3770 3337 πίστις.

2182 3370 2304 3441 Χρὴ
2336 3368 2392 3421 δὲ
2431 3368 2490 3420 ού
2527 3367 2684 3438 μόνον
2717 3366 2918 3419 εἰδέναι
2957 3365 3009 3418 τί
3041 3366 3309 3436 προσήκει
3337 3367 3474 3436 περὶ
3508 3364 3607 3418 τοῦ
3635 3364 3771 3418 θείου

2183 3461 2448 3526 δοξάζειν,
2479 3459 2616 3514 ἀλλὰ
2647 3458 2741 3512 καὶ
2780 3459 2924 3511 κατὰ
2972 3459 3100 3521 τοὺς
3139 3457 3350 3510 ἐκείνου
3392 3455 3779 3510 πολιτεύεσθαι

2182 3552 2402 3620 νόμους.
2424 3550 2636 3638 ’Ὡσπεὶρ
2656 3548 2764 3618 γὰρ
2794 3549 2842 3601 οί
2872 3546 3250 3618 ζωγραφικὴν,
3276 3547 3308 3617 ἢ
3348 3545 3772 3638 σκυτοτομικὴν,

2182 3640 2216 3710 ἢ
2251 3639 2414 3709 ἄλλην
2452 3638 2573 3692 τινὰ
2598 3637 2982 3706 παιδευόμενοι
3024 3637 3242 3706 τέχνην,
3275 3637 3380 3708 οὐχ
3421 3639 3578 3700 ὅπως
3618 3637 3777 3705 μόνον

2184 3730 2508 3783 ὲπιστῶνται
2546 3726 2763 3800 [ταῦτα]
2800 3728 3092 3798 μανθάνειν
3125 3727 3534 3792 σπουδάζουσιν
3561 3729 3629 3789 ⁵ο,
3668 3725 3777 3778 ἀλλ’

2185 3821 2270 3874 ἵνα
2301 3820 2395 3872 καὶ
2432 3817 2815 3889 χειρουργῶσι,
2848 3817 2941 3869 καὶ
2989 3816 3235 3886 μιμητὰς
3271 3819 3420 3885 σφᾶς
3447 3819 3491 3849 ⁸¹
3535 3812 3780 3888 [αὐτοὺς]

2182 3912 2288 3964 τῶν
2311 3910 2646 3963 διδασκάλων
2687 3911 2798 3971 τοῖς
2852 3907 3037 3976 ἔργοις
3084 3905 3412 3960 δεικνύωσιν
3443 3925 3458 3939 ο
3514 3907 3663 3960 οὕτω
3708 3905 3781 3958 δεῖ

2185 4004 2279 4057 καὶ
2313 4005 2410 4072 τῆς
2440 3999 2721 4062 εὐσεϐείας
2751 3999 2876 4062 τοὺς
2904 3999 3138 4068 ἐραστὰς
3176 3998 3249 4069 μὴ
3283 3999 3453 4068 μόνον
3500 3998 3782 4065 θεολογίαν

2185 4096 2278 4148 καὶ
2317 4091 2672 4162 φυσιολογίαν
2708 4092 2754 4122 ⁸¹
2792 4090 3166 4157 παιδεύεσθαι,
3196 4090 3332 4143 ἀλλά
3379 4092 3479 4144 καὶ
3515 4092 3646 4152 τοὺς
3686 4089 3780 4158 τῆς

2185 4184 2500 4257 πρακτικῆς
2538 4183 2738 4253 ἀρετῆς
2777 4182 3202 4237 ὲκπαιδεύεσθαι
3247 4182 3481 4251 νόμους,
3523 4182 3626 4236 καὶ
3670 4180 3787 4233 τού·

2185 4293 2310 4336 τους
2338 4276 2628 4343 φυλάττειν
2663 4275 2740 4336 εἰς
2779 4271 3030 4343 δύναμιν,
3067 4274 3162 4326 καὶ
3208 4272 3348 4344 πρὸς
3393 4272 3636 4336 τούτους
3671 4286 3786 4324 πει-

2190 4367 2393 4438 ρᾶσθαι
2441 4367 2541 4435 τῆς
2589 4365 2767 4435 ψυχῆς
2830 4363 3102 4416 ὲκτυποῦν
3141 4363 3236 4416 καὶ
3293 4364 3602 4429 σκευάζειν
3641 4364 3690 4396 ⁵⁸
3732 4361 3790 4414 τὸ

2115 4443 2157 4498 Ῐ)
2189 4454 2347 4520 εἶδος.
2391 4458 2450 4509 Ὀ
2490 4455 2600 4527 γὰρ
2639 4455 2704 4526 δὴ
2735 4454 2879 4506 οὕτω
2907 4453 3184 4525 ῥυθμίζων
3214 4471 3274 4505 τε
3320 4454 3421 4506 καὶ
3453 4452 3782 4524 διαμορφῶν

2187 4551 2286 4619 τὴν
2317 4548 2496 4618 ψυχὴν
2535 4547 2594 4599 ού
2636 4546 2800 4616 μόνον
2849 4545 2957 4598 τῶν
3008 4544 3167 4597 θείων
3205 4544 3388 4613 νόμων
3439 4546 3576 4608 τοὺς
3619 4561 3791 4614 χαρα-

2192 4641 2398 4708 κτῆρας
2439 4638 2794 4706 ἐκμάττεται,
2841 4636 2978 4688 ἀλλά
3025 4637 3120 4688 καὶ
3153 4634 3318 4687 αὑτοῦ
3354 4652 3423 4703 γε
3472 4637 3575 4689 τοῦ
3631 4652 3792 4704 νομο·

2199 4731 2354 4783 θέτου
2381 4729 2532 4794 ζῶσά
2551 4745 2634 4790 τις
2663 4725 2827 4779 εἰκὼν
2855 4729 2947 4780 καὶ
2971 4727 3161 4798 λογικὴ
3187 4725 3470 4794 γίγνεται.
3499 4727 3684 4781 Τοῦτό
3712 4743 3793 4779 τοι

2190 4821 2456 4874 διδάσκων
2489 4820 2579 4872 καὶ
2604 4821 2632 4872 ὁ
2665 4819 2838 4889 μέγας
2865 4818 3037 4889 κῆρυξ
3061 4819 3159 4888 τῆς
3187 4819 3456 4888 ἀληθείας
3485 4820 3592 4890 βοᾷ
3615 4835 3628 4848 ·
3665 4838 3685 4868 ε
3712 4819 3794 4870 Γί-

2189 4911 2345 4964 νεσθε
2387 4907 2480 4964 οὖν
2536 4912 2771 4981 μιμηταὶ
2819 4911 2914 4964 τοῦ
2959 4910 3117 4965 Θεοῦ.
3161 4930 3178 4963 ι
3217 4911 3327 4963 Καὶ
3366 4912 3572 4982 μέντοι
3622 4910 3722 4965 καὶ
3769 4910 3796 4960 ὁ

2188 5003 2378 5056 τούτου
2406 5002 2680 5071 Δεσπότης
2713 5004 2968 5072 παραινεῖ
2991 5000 3163 5068 λέγων
3187 5019 3199 5032 ·
3231 5022 3248 5052 ι
3275 5001 3514 5055 Γίνεσθε
3551 5001 3795 5071 μιμηταὶ

2187 5096 2282 5150 τοῦ
2318 5095 2531 5166 Πατρδς
2563 5095 2717 5166 ὑμῶν
2759 5093 2852 5148 τοῦ
2901 5098 2957 5147 ὲν
2989 5097 3236 5166 οὐρανοῖς
3260 5095 3325 5150 ⁸⁸.
3358 5112 3377 5145 ο
3433 5096 3557 5150 Καὶ
3589 5094 3756 5149 πάλιν
3783 5108 3790 5117 ·

2155 5250 2173 5290 1
2209 5251 2344 5307 ibid.
2379 5253 2468 5307 48.

1776 5409 2010 5463 VARl/E
2053 5407 2454 5464 LECTIONES.

577 5521 1374 5604 .ηωρηιιέ.νος.ιῂωρισμένος
1421 5521 1596 5604 [ἴσως]
1624 5525 1730 5604 δτι),
1765 5542 1796 5592 η
1824 5524 2109 5604 ’ῶριμένος
2136 5525 2234 5604 νει..

2318 5526 2364 5558 ⁸⁸
2402 5527 2654 5593 ἑκτέμνοι
2688 5556 2758 5567 —-
2790 5526 3036 5595 ψιλώσοι.
3073 5529 3425 5598 ἐκτέμνει-
3458 5527 3700 5596 ψιλώσει
3729 5526 3790 5581 Ι).

506 5590 556 5677 *ξ
579 5591 688 5663 [δὴι
727 5590 836 5677 om.
963 5670 973 5677 Δ
1005 5590 1295 5677 “avorti-hy
1333 5590 1681 5677 13853W.j‘t'hv
1705 5590 1918 5677 ἀγαθὴν
1954 5590 2180 5677 πρᾶξιν.
2203 5598 2281 5665 (ἦ,
2313 5597 2374 5677 ὴ,
2397 5590 2642 5677 :t-su'pra
2670 5590 2815 5677 11,31,
2849 5602 2918 5664 ιν)
2946 5599 3010 5664 D,
3045 5590 3294 5677 quinjox
3337 5598 3413 5668 τῆ
3452 5590 3793 5677 ivgis-squ

506 5672 564 5716 et
595 5681 642 5714 ιν
665 5676 829 5734 supra
925 5670 980 5716 et
1016 5664 1132 5734 Et)._
1183 5663 1229 5734 ‘f"
1263 5663 1532 5734 [inlitum
1564 5663 1623 5717 C.
1703 5664 1747 5695 ⁵ο

511 5747 731 5782 στανται
768 5732 924 5798 μόνον
975 5731 1363 5796 σπουδάζουσιν
1386 5731 1455 5789 Ὀ.
1482 5731 1798 5786 ἐπίστανταί
1831 5733 1958 5785 item
1990 5734 2050 5785 D.

1784 5668 1944 5733 μόνον
1984 5665 2315 5718 ἐπιστῶνται

2147 5737 2186 5766 ⁸¹
2234 5735 2374 5802 σφᾶς
2403 5751 2513 5788 om.
2570 5735 2663 5790 Va.

505 5797 548 5826 ⁸³
577 5797 878 5859 σκευάζειν.
917 5801 1291 5866 διασκευάζειν
1328 5804 1381 5856 Ι).
1469 5804 1511 5832 ⁵⁵
1545 5804 1812 5873 οὐρανοῖς.
1838 5806 1945 5866 τοῖς
1973 5797 2450 5875 (ςιιμιίιεθ.)ὀίορπε

2357 5665 2578 5737 [ταῦταΙ
2597 5735 2607 5737 _
2627 5667 2920 5735 μανθάνειν
2972 5665 3411 5732 σπουδάζουσιν(
3432 5665 3626 5720 ταῦτα
3673 5665 3793 5737 ἐτεί-

2771 5739 2816 5767 "
2873 5737 3239 5806 φυσιολογίαν.
3308 5737 3658 5806 φιλοσοφίαν
3723 5735 3788 5789 D.

2451 5810 2567 5871 λοίς,
2598 5816 2650 5861 ct
2679 5802 2770 5860 οὖν
2798 5806 2920 5860 add.
2971 5802 3339 5878 ροδιγίνεσθε
3373 5805 3444 5860 D.
