4056 6422
461 363 603 426 1125

991 364 1430 425 GIUECARUM
1461 364 1761 424 AFFECT.
1798 365 2364 426 CUliATIO.-XII.
2405 366 2501 427 DE
2537 367 2872 429 VIRTUTE
2910 366 3198 428 ACTIVA.

3576 369 3710 431 1126

469 498 489 530 ι
511 475 735 530 Γίνεσθε
756 473 971 538 τέλειοι,
1005 474 1188 539 καθὼς
1221 474 1362 528 καὶὸ
1406 472 1592 544 Πατὴρ
1619 473 1773 544 ὑμῶν
1806 476 1834 527 6
1870 474 2016 545 οὐρά

2139 474 2404 531 Dominus
2436 477 2553 547 ipse
2594 476 2773 547 diligit
2805 486 2861 532 et
2897 478 3028 532 odio
3072 474 3257 531 habet.
3290 475 3421 543 Quae
3457 493 3590 534 vero
3628 480 3709 535 illi

463 582 574 628 νιος
597 564 801 627 τέλειός
833 565 971 617 ἐστι.
998 583 1016 616 ι
1045 565 1314 634 Μιμεῖται
1350 564 1426 622 δὲ.
1464 564 1540 627 ὠς
1570 562 1768 629 ἔνεστι,
1803 563 1895 616 τὸν
1922 562 2033 615 τῶν

466 656 605 708 ὅλων
635 654 767 708 Θεὸν
814 657 843 707 6
881 654 1060 707 ποθῶν
1093 656 1276 708 ἐκεῖνα
1329 653 1425 707 καὶ⁸
1465 653 1765 724 ἐχθραίνων
1809 653 2030 722 ὁμοίως,

461 745 605 816 ἆπερ
642 746 736 798 καὶ
779 745 942 808 αὑτὸς
971 746 998 799 6
1036 745 1316 814 Δεσπότης
1345 743 1620 815 ἐχθραίνει
1647 745 1690 775 ⁸⁸
1718 760 1775 797 τε
1808 743 1902 797 καὶ
1940 760 2032 812 φι-

459 837 561 893 λεῖ.
587 838 723 892 Τίνα
773 838 830 892 δὲ
862 838 1010 908 αὑτῷ
1056 838 1316 910 δυσμενῆ,
1349 841 1439 892 καὶ
1483 839 1603 894 τίνα
1632 835 1699 893 αὖ
1732 839 2029 909 προσφιλῆ,

460 927 603 1001 [καὶ]
629 929 675 962 ⁸⁸
702 929 1003 1001 διαρρήδην
1025 931 1073 982 οἱ
1104 929 1237 983 θεῖοι
1264 930 1574 984 διδάσκουσι
1599 931 1775 1001 νόμοι.
1793 930 2033 985 Ἀκούω-

460 1037 563 1090 μεν
606 1018 716 1089 γὰρ
743 1020 837 1072 τοῦ
892 1019 1178 1073 θεσπεσίου
1212 1019 1443 1089 βοῶντος
1470 1021 1636 1075 Δαϐίδ
1655 1038 1668 1052 ·
1708 1043 1726 1073 ι
1756 1022 1881 1075 Ὅτι
1909 1022 2031 1092 οὐχὶ

455 1109 588 1175 Θεὺς
616 1111 783 1164 θέλων
810 1111 1042 1181 ἀνομίαν
1066 1111 1112 1145 ⁸⁷
1142 1112 1207 1164 σὺ
1237 1108 1289 1165 εἷ
1312 1129 1324 1143 ·
1349 1112 1411 1165 οὑ
1446 1114 1774 1183 παροικήσει
1812 1130 1895 1167 σοι
1928 1130 2027 1166 πο-

454 1202 857 1273 νηρευόμενοςθ
912 1201 1034 1255 οὐδὲ
1080 1202 1126 1235 ⁸⁸
1173 1200 1485 1273 διαμενοῦσι
1543 1203 1850 1273 παράνομοι
1899 1221 2028 1257 κατ-

454 1290 635 1346 έναντι
663 1292 772 1346 τῶν
812 1291 1107 1363 ὀφθαλμῶν
1135 1310 1227 1347 σου
1252 1310 1265 1325 ·
1298 1293 1567 1364 ἐμίσησας
1597 1294 1803 1357 πάντας
1826 1295 1870 1327 ⁸³
1901 1297 2027 1360 τοὺς

451 1381 857 1453 ἐργαζομένους
903 1381 1000 1452 τὴν
1044 1381 1277 1451 ἀνομίαν
1303 1397 1314 1415 ³
1354 1381 1576 1446 ἀπολεῖς
1637 1382 1844 1447 πάντας
1899 1385 2027 1448 τοὺς

450 1471 750 1535 λαλοῦντας
802 1472 862 1525 τὺ
901 1471 1119 1541 ψεῦδος.
1167 1472 1371 1544 ’Ἄνδρα
1420 1474 1670 1544 αἱμάτων
1701 1474 1794 1527 καὶ
1853 1474 2024 1529 δόλιον

452 1562 810 1633 βδελύσσεται
856 1562 1064 1635 Κύριος
1092 1563 1159 1616 ⁶⁶.
1193 1581 1211 1613 ι
1262 1563 1352 1615 Ἐν
1388 1562 1598 1628 τούτοις
1639 1564 1695 1617 δὲ
1728 1566 1858 1635 ἡμῖν
1903 1567 2024 1619 ἐπι-

447 1653 627 1721 δείξας
645 1656 738 1723 τὴν
769 1652 863 1708 τοῦ
893 1654 1182 1724 νομοθέτου
1209 1654 1468 1719 διάθεσιν,
1503 1656 1559 1707 ἐν
1591 1654 1755 1726 ἐτέρᾳ
1787 1656 2024 1727 μελῳδίᾳ

448 1745 744 1816 πρόσωπον
801 1746 1062 1815 είσήγαγε
1116 1746 1340 1810 τούτους
1379 1747 1422 1779 ⁶¹
1475 1747 1601 1811 τοὺς
1668 1748 2025 1819 χαρακτῆρας

446 1835 694 1908 ἀκριϐῶς
734 1837 1137 1908 ἐκμαξάμενον,
1171 1839 1263 1892 καὶ
1294 1837 1372 1908 τῷ
1420 1837 1686 1910 νομοθέτῃ
1722 1839 2022 1909 προσευχό-

448 1943 613 1997 μενον
648 1926 743 1980 καὶ
781 1926 1042 1995 λέγοντα*
1080 1947 1099 1979 ι
1125 1928 1527 1999 Διεπορευόμην
1566 1929 1625 1980 ἐν
1664 1929 1873 2000 ἀκακία
1920 1928 2022 1998 τῆς

444 2018 675 2089 καρδίας
696 2018 739 2050 ⁸²
775 2034 877 2088 μου
912 2020 971 2072 ἐν
1008 2019 1157 2089 μέσῳ
1189 2018 1283 2071 τοῦ
1333 2018 1482 2071 οἴκου
1516 2035 1610 2071 σου
1631 2035 1646 2049 ο
1689 2019 1749 2072 οὑ
1799 2035 2021 2090 προετι-

446 2106 504 2160 θέ
512 2125 620 2179 μην
640 2107 745 2177 πρὸ
769 2107 1062 2180 ὀφθαλμῶν
1081 2126 1183 2178 μου
1203 2110 1436 2180 πρᾶγμα
1455 2108 2022 2181 παράνομον.11οιοῦν-

441 2215 543 2262 τας
587 2199 929 2270 παραϐάσεις
989 2199 1247 2271 ἐμίσησα.
1288 2201 1402 2254 Οὑκ
1449 2201 1713 2272 ἐκολλήθη
1762 2218 1851 2271 μοι
1886 2218 2021 2270 καρ-

439 2290 532 2344 δία
564 2290 785 2363 σκαμὸή
810 2306 823 2321 °
873 2292 1212 2356 ἐκκλίνοντος
1251 2293 1298 2324 ⁶³
1327 2294 1422 2346 ἀπ’
1473 2291 1609 2362 ἐμοῦ
1650 2292 1743 2345 τοῦ
1778 2290 2018 2362 πονηροῦ

438 2382 544 2436 οὐκ
574 2382 894 2451 ἐγίνωσκον.
942 2382 1046 2435 Τὸν
1078 2382 1482 2436 καταλαλοῦντα
1523 2382 1701 2452 λάθρα
1742 2382 1834 2436 τὸν
1883 2384 2020 2454 πλη-

442 2472 561 2526 σίον
585 2471 632 2505 ⁸⁸
654 2472 844 2538 αὑτοῦ,
869 2474 1059 2528 τοῦτον
1082 2474 1364 2538 ἐξεδίωκον
1386 2489 1400 2503 ·
1441 2472 1778 2545 ὑπερηφάνῳ
1816 2473 2018 2542 ὀφθαλ-

443 2562 555 2636 μῷ,
594 2566 689 2618 καὶ
720 2564 987 2636 ἀπλήστῳ
1031 2564 1248 2636 καρδίᾳ,
1277 2563 1486 2627 τούτοις
1518 2564 1563 2595 ⁸⁸
1602 2563 1664 2615 οὑ
1705 2563 2012 2635 συνήσθιον.

440 2656 505 2710 Οί
534 2654 801 2726 ὀφθαλμοί
851 2672 955 2725 μου
1007 2656 1098 2709 ἐπὶ
1144 2657 1270 2719 τοὺς
1308 2656 1504 2725 πραεῖς
1532 2656 1577 2688 ⁸⁸
1611 2654 1710 2725 τῆς
1759 2655 1884 2725 γῆς,
1918 2654 2013 2708 τοῦ

443 2745 821 2817 συγκαθήσθαι
848 2746 1044 2810 αὐτοὺς
1079 2747 1198 2817 μετ’
1227 2746 1362 2818 ἐμοῦ
1383 2765 1398 2779 ·
1438 2746 1799 2818 πορευόμενος
1826 2749 1884 2800 ἐν
1910 2745 2014 2818 ὁδῷ

438 2835 678 2906 ἀμώμῳ,
711 2831 864 2901 οὗτός
897 2853 990 2908 μοι
1023 2836 1379 2908 ἐλειτούργει·
1401 2837 1462 2890 οὑ
1500 2835 1737 2907 κατῴκει
1770 2837 1828 2889 ἐν
1863 2837 2013 2907 μέσῳ

435 2923 539 2992 τῆς
565 2923 742 2988 οἰκίας
769 2942 869 2994 μου
899 2925 1069 2978 ποιῶν
1096 2925 1495 2996 ὑπερηφανίαν.
1537 2925 1731 2979 Λαλῶν
1758 2924 1917 2979 ἄδικα
1946 2926 2009 2978 ού

435 3014 771 3071 κατεύθυνεν
816 3014 1047 3070 ἐνώπιον
1086 3015 1194 3070 τῶν
1241 3015 1535 3086 ὀφθαλμῶν
1580 3032 1707 3087 μου.
1751 3034 1771 3069 ι
1818 3015 1917 3069 Διά
1949 3014 2006 3069 δέ

432 3105 645 3159 τούτων
673 3106 732 3160 οὑ
777 3106 935 3176 μόνον
961 3109 993 3178 ή
1004 3108 1109 3177 μᾶς
1146 3105 1384 3172 ἐδίδαξεν
1431 3106 1513 3161 ὅτι
1544 3105 1886 3178 μιμήσασθαι
1916 3106 2007 3160 δυ-

433 3196 599 3251 νατὸν
625 3197 715 3251 τὸν
750 3197 1001 3268 παναλκῆ
1033 3198 1126 3251 καὶ
1166 3197 1440 3266 πάνσοφον
1469 3196 1697 3267 Κύριον,
1738 3194 1877 3249 ἀλλά
1919 3194 2012 3249 καὶ

434 3288 601 3342 αὑτὸν
631 3291 762 3359 ἡμῖν
812 3288 1060 3357 ὑπέδειξε
1090 3289 1181 3343 τὸν
1212 3290 1309 3359 τῆς
1338 3288 1640 3359 ’μιμήσεως
1681 3287 1905 3358 τρόπον.
1933 3287 2009 3339 Οὑ

434 3380 549 3452 γάρ
578 3397 660 3434 τοι
688 3380 917 3452 οὐρανὸν
947 3382 1095 3452 ἡμᾶς
1140 3381 1236 3433 καὶ
1267 3381 1372 3448 γῆν
1401 3378 1496 3432 καὶ
1540 3378 1692 3448 ἥλιον
1726 3377 1822 3431 καὶ
1854 3376 2011 3448 σελή-

432 3489 536 3542 νην
567 3472 662 3526 καὶ
689 3472 757 3525 τὰ
788 3471 925 3526 ἄλλα
951 3471 1302 3544 δημιουργεῖν
1333 3469 1641 3535 ἐκέλευσεν,
1672 3468 1793 3522 οὐδὲ
1832 3469 2010 3540 ἁπλῆν

416 3563 579 3634 ἔχειν
603 3564 698 3617 καὶ
722 3562 1101 3635 ἀπερίγραφον
1131 3562 1290 3631 φύσιν
1317 3561 1392 3626 ⁸⁷,
1427 3560 1561 3615 ἀλλὰ
1591 3560 1750 3629 μόνον
1786 3560 2007 3632 ἐχθραί-

428 3672 547 3709 νειν
566 3655 709 3726 ἅπερ
742 3656 946 3719 ἐκεῖνος
971 3654 1263 3725 μεμίσηκε,
1289 3653 1383 3706 καὶ
1417 3651 1590 3721 φιλεῖν
1625 3651 1769 3721 ειπερ
1801 3652 2006 3715 ἐκεῖνος

427 3747 496 3818 δὴ
536 3747 680 3818 μάλα
722 3746 1010 3816 πεφίληκε.
1045 3743 1196 3817 [167]
1241 3743 1456 3815 Ταύτην
1502 3740 1855 3813 κατορθώσας
1907 3741 2006 3812 τὴν

428 3836 635 3909 ἀρετὴν
669 3839 697 3891 6
744 3836 1032 3908 προφήτης
1066 3834 1201 3906 πρὸς
1231 3833 1322 3887 τὸν
1365 3832 1641 3905 Δεσπότην
1672 3832 1768 3898 ξὺν
1792 3834 2006 3904 παρρη-

431 3926 528 3997 σίᾳ
557 3924 683 3995 βοᾷ·
719 3943 736 3976 ι
779 3923 935 3994 Ἐμοὶ
972 3924 1029 3976 δὲ
1059 3922 1178 3976 λίαν
1227 3920 1565 3992 ἐτιμήθησαν
1607 3922 1655 3974 oi
1700 3920 1844 3989 φίλοι
1884 3937 2002 3983 σου,

425 4020 458 4072 ὁ
487 4016 619 4081 Θεός
639 4032 652 4046 ⁶
682 4016 802 4070 λίαν
831 4013 1280 4085 ἐκραταιώθησαν
1317 4016 1374 4068 αἱ
1404 4013 1570 4084 ἀρχαὶ
1599 4011 1798 4066 αὐτῶν.
1837 4031 1855 4062 ι
1898 4012 2003 4065 Καὶ

429 4107 552 4180 μετ’
582 4106 740 4175 ὀλίγα
760 4122 774 4136 ο
823 4125 841 4157 ι
876 4106 1011 4176 Οὐχὶ
1042 4107 1169 4169 τοὺς
1213 4103 1507 4174 μισοῦντάς
1539 4120 1619 4168 σε,
1651 4101 1846 4172 Κύριε,
1878 4101 2002 4172 ἐμί-

428 4215 594 4269 σησα,
622 4200 717 4252 καὶ
745 4198 836 4250 ἐπὶ
868 4200 982 4260 τοῖς
1018 4196 1230 4268 ἐχθροῖς
1260 4214 1354 4251 σου
1391 4193 1760 4264 ἐξετηκόμην;
1796 4193 2003 4247 τέλειον

432 4293 594 4360 μῖσος
629 4290 852 4361 ἐμίσουν
895 4286 1091 4351 αὑτούς
1116 4304 1131 4319 ⁸
1172 4287 1250 4349 είς
1276 4284 1503 4357 ἐχθροὺς
1548 4283 1797 4353 ἐγένοντό
1829 4300 1938 4354 μοι.
1976 4301 1995 4335 ι

425 4383 542 4437 Καὶ
566 4381 726 4435 πάλιν
746 4397 760 4410 ⁶
786 4380 1043 4451 «Ἄνδρες
1072 4378 1341 4450 αἱμάτων,
1369 4375 1651 4431 ἐκκλίνατε
1679 4376 1773 4428 ἀπ’
1803 4373 1995 4446 ἐμοῦ.»

2139 565 2338 631 invisa,
2379 583 2569 637 quaeve
2606 579 2757 639 grata
2803 568 2935 633 sint,
2984 568 3185 623 divinae
3222 567 3372 639 leges
3419 571 3709 626 manifeste

2136 655 2354 711 docent.
2391 657 2729 713 Ciamantem
2758 659 2905 713 enim
2932 659 3189 713 audimus
3218 659 3468 714 divinum
3498 661 3667 717 David
3693 681 3706 716 :

2144 765 2160 797 ι
2201 745 2472 812 Quoniam
2523 765 2633 804 non
2680 751 2826 805 Deus
2867 752 3057 806 volens
3111 752 3462 821 iniquitatem
3520 761 3576 808 tu
3625 769 3706 809 es.

2133 830 2323 909 Neque
2347 841 2619 896 habitabit
2636 843 2789 912 juxta
2812 852 2865 897 te
2888 842 3181 912 malignus,
3212 859 3395 912 neque
3416 859 3711 914 permane-

2133 930 2275 985 bunt
2322 931 2512 1002 injusli
2552 940 2679 986 ante
2723 934 2913 987 oculos
2961 942 3103 988 tuos.
3134 933 3309 989 Odisti
3340 949 3535 990 omnes
3570 950 3707 1005 ope-

2133 1032 2321 1078 rantes
2357 1023 2732 1094 iniquitatem,
2778 1025 2977 1094 perdes
3018 1041 3210 1082 omnes
3238 1028 3351 1098 qui
3403 1028 3708 1097 loquuntur

2134 1115 2508 1170 mendacium.
2542 1116 2735 1173 Virum
2767 1117 3096 1187 sanguinum
3132 1125 3188 1172 et
3216 1118 3467 1173 dolosum
3494 1119 3709 1174 abomi-

2131 1206 2357 1262 nabitur
2379 1207 2646 1263 Dominus
2673 1217 2765 1262 ³.»
2802 1208 3053 1278 Cumque
3084 1209 3438 1280 Legislatoris
3463 1211 3481 1230 '
3512 1208 3704 1279 dispo-

2132 1298 2391 1352 sitionem
2411 1308 2578 1369 alque
2603 1298 2860 1354 affectum
2883 1300 2941 1353 in
2966 1300 3056 1353 bis
3081 1300 3267 1355 verbis
3289 1302 3560 1366 ostendat,
3594 1302 3705 1358 alio

2130 1387 2185 1441 in
2221 1388 2431 1458 psalmo
2464 1403 2754 1458 personam
2784 1391 2906 1460 ejus
2937 1390 3150 1445 inducit
3181 1391 3275 1460 qui
3306 1391 3406 1447 has
3434 1400 3594 1447 notas
3623 1392 3706 1447 di-

2128 1478 2362 1549 ligenter
2387 1480 2741 1550 expresserit,
2770 1482 3063 1536 Dominum
3091 1483 3144 1537 in
3168 1484 3285 1538 haec
3310 1483 3477 1538 verba
3503 1483 3704 1554 depre-

2127 1571 2306 1625 cantis
2344 1589 2356 1624 :
2392 1590 2407 1617 ι
2437 1572 2893 1627 Peranibulabam
2923 1573 2977 1626 in
3012 1573 3324 1629 innocentia
3348 1575 3534 1629 cordis
3569 1574 3701 1640 mei,

2128 1659 2185 1713 in
2223 1660 2409 1716 medio
2460 1661 2658 1717 domus
2693 1672 2819 1716 tuae.
2866 1664 2984 1717 Non
3032 1665 3305 1733 ponebam
3346 1674 3471 1720 ante
3508 1665 3701 1721 oculos

2127 1766 2279 1806 meos
2291 1767 2405 1806 rem
2427 1753 2681 1823 injustam
2708 1769 2721 1805 :
2747 1752 3012 1808 facientes
3030 1755 3507 1824 praevaricationes
3525 1755 3697 1810 odivi.

2123 1841 2243 1895 Non
2266 1842 2496 1897 adhaesit
2537 1844 2671 1898 mihi
2703 1859 2799 1898 cor
2835 1862 3063 1915 pravum
3094 1863 3107 1898 :
3141 1846 3510 1902 declinantem
3549 1861 3578 1899 a
3609 1861 3698 1902 me

2124 1933 2423 2003 malignum
2453 1951 2561 1989 non
2601 1936 3023 2005 cognoscebam.
3055 1937 3443 1991 Delrahentem
3481 1944 3697 1991 secreto

2122 2025 2373 2094 proximo
2411 2041 2532 2090 suo,
2576 2026 2791 2098 1014
2817 2027 2966 2082 hunc
2998 2027 3389 2098 persequebar.
3428 2025 3567 2081 Cum
3598 2041 3696 2081 su-

2121 2113 2296 2183 perbo
2322 2115 2486 2169 oculo
2514 2122 2571 2169 et
2600 2116 2898 2170 insatiabili
2931 2116 3118 2181 corde,
3148 2132 3273 2172 cum
3303 2116 3409 2171 hoc
3429 2131 3543 2170 non
3567 2116 3699 2171 ede-

2122 2203 2270 2258 bam.
2294 2202 2449 2259 Oculi
2470 2205 2578 2259 mei
2597 2205 2666 2259 ad
2691 2215 3011 2261 mansuetos
3038 2214 3219 2271 terrae,
3243 2214 3304 2259 ut
3323 2205 3551 2260 sedeant
3577 2220 3695 2260 me-

2121 2310 2282 2361 cum;
2347 2295 2639 2351 ambulans
2699 2297 2753 2351 in
2812 2297 2898 2351 via
2959 2297 3331 2361 immaculata,
3401 2297 3494 2351 hic
3557 2296 3691 2353 mihi

2119 2386 2490 2442 ministrabat.
2530 2387 2652 2442 Non
2699 2388 2987 2443 habitabat
3024 2389 3081 2442 in
3114 2387 3297 2443 medio
3323 2387 3522 2443 domus
3559 2401 3698 2442 mete

2118 2477 2326 2532 faciens
2361 2478 2676 2548 superbiam
2713 2495 2728 2532 :
2764 2479 2859 2547 qui
2886 2479 3137 2548 loquitur
3160 2480 3382 2548 injuste,
3422 2494 3530 2532 non
3560 2491 3693 2548 pro-

2116 2567 2443 2635 sperabatur
2463 2567 2517 2621 in
2540 2574 2841 2637 conspectu
2859 2569 3143 2623 oculorum
3167 2584 3417 2623 meorum
3436 2578 3485 2623 ιι.
3518 2589 3537 2620 ι
3562 2567 3694 2635 Qui-

2116 2653 2220 2709 bus
2256 2669 2386 2709 sane
2425 2655 2612 2711 verbis
2642 2671 2750 2710 non
2787 2656 2965 2711 solum
2997 2673 3098 2712 nos
3136 2657 3342 2723 docuit,
3387 2674 3548 2728 posse
3587 2672 3693 2713 nos

2115 2744 2317 2800 imitari
2362 2745 2808 2814 potentissimum
2862 2762 2927 2801 ac
2967 2737 3434 2818 sapientissimum
3489 2748 3686 2813 Deum,

2114 2837 2211 2899 sed
2239 2839 2419 2909 ipsum
2442 2839 2608 2895 etiam
2635 2840 2961 2895 imitationis
2985 2839 3206 2894 modum
3235 2839 3398 2895 nobis
3421 2839 3685 2895 ostendit.

2112 2927 2301 2998 Neque
2331 2930 2479 2984 enim
2510 2931 2677 3001 jussit
2701 2947 2805 2987 nos
2838 2931 3060 2994 cat-lum,
3088 2938 3143 2985 et
3173 2930 3368 2995 solem,
3395 2937 3452 2985 et
3477 2930 3687 2993 lunam,

2113 3025 2171 3073 et
2205 3034 2295 3074 res
2324 3020 2460 3075 alias
2483 3035 2673 3076 creare
2711 3039 2725 3074 :
2755 3036 2933 3092 neque
2961 3031 3023 3077 ut
3057 3020 3294 3091 simplici
3327 3035 3576 3076 essemus
3605 3022 3690 3076 in-

2114 3109 2642 3181 circumscriptaque
2667 3119 2867 3166 natura
2900 3128 2913 3164 :
2948 3111 3040 3166 sed
3075 3111 3193 3167 haec
3219 3112 3394 3166 solum
3431 3110 3560 3166 odio
3592 3110 3690 3166 ha-

2114 3199 2284 3266 bere,
2321 3217 2444 3272 quae
2483 3202 2562 3256 illi
2607 3217 2770 3257 exosa
2814 3202 3059 3266 fuerunt,
3097 3210 3154 3257 et
3188 3218 3374 3259 amare
3407 3218 3529 3273 quae
3591 3202 3690 3258 ad—

2113 3290 2344 3345 amavit.
2393 3292 2475 3346 Ad
2523 3293 2688 3363 hujus
2713 3292 2938 3347 virtutis
2961 3294 3172 3363 apicem
3213 3303 3510 3373 provect_us
3548 3293 3686 3349 Pro-

2111 3382 2277 3452 pheta
2324 3383 2393 3439 ad
2436 3384 2729 3440 Dominum
2790 3386 3135 3442 conﬁdenter
3179 3388 3379 3442 clamat
3424 3406 3438 3442 :
3489 3407 3507 3438 ι
3552 3387 3685 3443 Mihi

2116 3485 2303 3530 autem
2325 3476 2485 3532 valde
2510 3478 2766 3533 honorati
2803 3489 2935 3535 sunt
2981 3479 3144 3534 amici
3178 3480 3277 3545 tui,
3315 3480 3462 3534 Deus
3487 3497 3500 3532 :
3524 3479 3685 3536 valde

2109 3565 2454 3621 confortatus
2484 3576 2570 3622 est
2598 3568 2943 3639 principatus
2966 3584 3159 3625 eorum
3186 3577 3232 3622 ο.
3270 3588 3288 3619 ›
3330 3569 3401 3623 Ει
3431 3569 3633 3625 iterum
3665 3586 3680 3625 :

2117 3674 2137 3707 ι
2165 3656 2358 3713 Nonne
2387 3658 2480 3728 qui
2513 3658 2753 3714 oderunt
2788 3668 2861 3726 te,
2891 3660 3140 3724 Domine,
3166 3660 3410 3725 oderam,
3429 3668 3486 3714 et
3517 3675 3686 3730 super

2109 3742 2364 3799 inimicos
2405 3754 2530 3801 tuos
2567 3746 2954 3803 tabescebam?
3000 3748 3251 3804 Perfecto
3290 3748 3420 3803 odio
3456 3748 3681 3803 oderam

2108 3833 2254 3899 illos,
2277 3845 2333 3890 et
2353 3836 2542 3892 hostes
2565 3837 2697 3892 facti
2718 3848 2847 3896 sunt
2867 3839 3000 3893 mihi
3035 3850 3083 3892 ρ.
3119 3859 3137 3891 ι
3165 3841 3234 3895 Et
3255 3849 3484 3895 rursus:
3517 3860 3536 3891 ι
3566 3839 3681 3895 Viri

2107 3927 2461 3997 sanguinum,
2498 3928 2770 3985 declinate
2801 3947 2830 3985 a
2866 3947 2953 3986 me
2975 3942 3023 3987 τι.
3061 3951 3080 3984 ι
3121 3933 3190 3987 Et
3221 3951 3234 3986 :
3274 3952 3293 3985 ι
3327 3933 3609 3988 Declinate
3646 3947 3680 3988 a

2105 4033 2215 4085 me,
2243 4019 2485 4089 maligni,
2511 4028 2568 4075 et
2596 4021 2888 4076 scrutabor
2918 4022 3176 4077 mandata
3205 4022 3303 4076 Dei
3335 4021 3443 4076 mei
3472 4032 3515 4075 ι’.
3555 4041 3572 4072 ι
3614 4021 3682 4077 Et

2107 4108 2310 4163 iterum
2344 4126 2358 4162 :
2394 4127 2413 4159 ‹
2447 4110 2673 4180 lniquos
2717 4112 2847 4166 odio
2886 4111 3077 4176 habui,
3112 4122 3168 4166 et
3206 4112 3382 4181 legem
3415 4118 3563 4165 tuam
3592 4110 3683 4164 di-

2104 4197 2272 4252 lexiS.
2300 4218 2319 4250 ›
2341 4198 2405 4253 Et
2436 4216 2449 4252 :
2483 4218 2501 4251 ι
2534 4199 2820 4266 Quomodo
2837 4200 3003 4255 dilexi
3022 4201 3198 4270 legem
3221 4209 3393 4265 tuam,
3412 4200 3675 4256 Domine!

2106 4276 2215 4344 tota
2258 4290 2348 4345 die
2378 4291 2664 4346 meditatio
2687 4307 2808 4346 mea
2838 4301 2923 4346 est
2956 4294 2996 4344 τ.
3037 4313 3055 4342 ι
3089 4292 3197 4346 Et:
3236 4309 3255 4341 ‹
3290 4290 3463 4356 Quam
3493 4290 3677 4347 dulcia

2104 4378 2359 4434 faucibus
2388 4381 2527 4437 meis
2558 4379 2776 4449 eloquia
2809 4389 2902 4434 tua
2926 4381 2939 4434 Ξ
2968 4396 3138 4449 super
3168 4379 3276 4434 mel
3305 4380 3388 4434 ori
3416 4394 3539 4434 meo
3562 4391 3611 4434 υ.
3646 4400 3667 4432 ι

425 4473 541 4528 Καὶ
571 4469 730 4536 αὖθις
750 4490 763 4503 ·
793 4492 810 4524 ι
833 4469 1150 4525 Ἐκκλίνατε
1183 4470 1278 4523 ἀπ’
1307 4467 1445 4540 ἐμοῦ
1473 4466 1518 4500 ⁸⁸
1550 4466 1998 4538 πονηρευόμενοι,

2119 4469 2225 4525 Uia
2269 4471 2358 4527 bis
2397 4470 2573 4525 multo
2616 4471 2777 4541 plura
2818 4472 2877 4527 in
2929 4471 3123 4527 eodem
3176 4471 3385 4541 psalmo
3426 4470 3673 4541 reperire

426 4565 527 4619 καί¹
559 4564 896 4635 ἐξερευνήσω
925 4562 1021 4627 τὰς
1058 4560 1280 4624 ἐντολὰς
1329 4558 1422 4613 τοῦ
1480 4558 1615 4612 Θεοῦ
1668 4575 1793 4629 μου.
1829 4577 1848 4610 ι
1890 4558 2001 4611 Καὶ

2119 4567 2186 4615 ξεί
2214 4577 2229 4613 :
2253 4560 2415 4631 plena
2454 4568 2539 4615 est
2577 4561 2724 4616 enim
2761 4560 3051 4631 prophetia
3092 4561 3301 4632 1015
3334 4561 3439 4615 hoc
3474 4576 3674 4632 genere

427 4657 595 4711 πάλιν
619 4658 663 4688 ⁸⁸
689 4673 703 4688 ο
734 4675 753 4708 ι
778 4654 1138 4726 Παρανόμους
1184 4653 1445 4724 ἐμίσησα,
1474 4650 1563 4705 τὸν
1595 4649 1652 4704 δέ
1699 4650 1863 4721 νόμον
1905 4663 1997 4702 σου

2119 4652 2382 4708 loctrinae.
2413 4651 2590 4708 Moses
2618 4668 2838 4723 quoque
2858 4652 3141 4723 legislator
3165 4653 3220 4706 in
3246 4652 3460 4722 legibus
3482 4661 3673 4707 osten-

420 4749 709 4820 ἠγάπησα.
744 4769 762 4802 ι
794 4748 920 4801 ’Καὶ
951 4748 1142 4802 πάλιν·
1183 4766 1202 4800 ι
1254 4745 1341 4811 Ὡς
1388 4746 1655 4817 ἠγάπησα
1700 4745 1794 4798 τὸν
1834 4743 1998 4814 νόμον

2119 4745 2180 4801 Iit
2219 4744 2355 4816 quid
2379 4745 2494 4800 Deo
2523 4746 2910 4801 universorum
2941 4745 3175 4816 placeat,
3214 4752 3271 4799 et
3307 4744 3440 4814 quid
3479 4757 3675 4799 rursus

424 4858 546 4903 σου,
578 4839 787 4911 Κύριει
828 4839 957 4910 ὃλην
1003 4837 1105 4908 τὴν
1157 4838 1371 4910 ἡμέραν
1403 4836 1603 4909 μελέτη
1649 4852 1753 4907 μου
1799 4834 1936 4888 ἐστί.
1970 4851 1990 4884 ι

2119 4836 2223 4892 »(1ίο
2246 4836 2470 4891 habeat.
2489 4835 2570 4891 Ad
2592 4836 2710 4892 haec
2730 4836 2919 4902 Isaias,
2936 4834 3296 4899 etJeremias,
3316 4844 3373 4890 ct
3387 4832 3670 4900 Ezechiel,

420 4934 568 4987 Καίσ
598 4932 725 4996 (Ὡς
774 4931 982 5001 γλυκέα
1020 4930 1099 5002 τῷ
1140 4928 1374 5001 λάρυγγί
1419 4946 1523 5000 μου
1562 4929 1631 4983 τά
1670 4927 1827 4996 λόγιά
1862 4925 1991 4981 coal

2119 4937 2152 4983 at
2178 4928 2390 4991 Daniel,
2421 4938 2477 4983 et
2500 4928 2682 4983 omnis
2707 4929 3102 4999 prophetarum
3133 4928 3336 4982 chorus
3358 4926 3463 4981 hoc
3483 4940 3669 4981 rerum

483 5108 543 5182 '_"_
563 5108 791 5182 Psalgr,
822 5109 940 5182 5-1.
968 5178 979 5182 Α
1003 5114 1040 5182 ,³³
1068 5108 1212 5182 Psal.
1244 5107 1440 5182 c,__277_.
1487 5107 1710 5182 _f_Psal.
1744 5125 1999 5176 cxxxvm,

2119 5156 2120 5159 γ
2200 5109 2390 5166 Pibid.
2421 5109 2633 5176 21,22.
2708 5108 2903 5164 «ibid.
2938 5106 3025 5163 19.
3104 5078 3665 5182 "Psal.cxvm,ll5.

412 5178 441 5208 ⁸
469 5178 607 5234 ibid.
641 5175 783 5235 115.
852 5182 868 5216 ι
907 5175 1044 5233 ibid.
1074 5177 1165 5232 97.
1249 5186 1274 5213 ιι
1308 5177 1443 5233 ibid.
1478 5178 1597 5233 105.

1735 5312 1969 5371 "ARIES
2009 5312 2410 5370 LECTIONES.

526 5456 573 5488 "
607 5449 1128 5524 Exlipalvst._6pofw;
1174 5448 1341 5524 ἐχθρζ
1458 5516 1469 5524 _
1504 5449 1563 5524 ⁸¹ξ⁸
1589 5444 1866 5524 [_xal.]_om_.
2039 5447 2085 5480 ⁸⁷
2113 5447 2363 5524 ἀνομίαν.
2395 5445 2609 5524 ἀδικίαν
2628 5445 2705 5524 .D.
2782 5446 2829 5480 ⁸⁸
2849 5447 2932 5524 οὑ.
2971 5445 3091 5524 οὑδὲ
3264 5444 3310 5478 ⁸⁹
3336 5442 3564 5524 πάντας.
3596 5461 3662 5524 κε

416 5511 729 5589 πάνταςἾΪ.
805 5521 850 5553 ⁸⁸
878 5511 1355 5592 Κύριοςζαίίξίῖίρ
1381 5516 1490 5588 ἐγὼ
1505 5518 1577 5592 *δὲ
1592 5511 1660 5570 ’ἐν
1688 5511 1767 5592 τῇ)
1808 5518 2148 5592 πλήθει-,τοῦ
2175 5511 2356 5592 ἐλέους
2392 5516 2813 5592 σου-ἐλεύσομαι
2860 5519 2940 5592 είς
2964 5511 3233 5592 τὸν-,οἶκόν
3271 5530 3380 5592 σου.
3418 5581 3432 5592 .
3466 5511 3510 5545 ⁸¹
3539 5514 3665 5592 τού-

416 5613 564 5659 τους.
598 5581 786 5647 τοὺσδε
816 5592 880 5649 D.
907 5581 1075 5661 Si'rm.
1181 5590 1226 5622 ⁸²
1260 5589 1360 5661 τῆς
1390 5581 1636 5661 καρδίας.
1677 5581 1915 5661 τῆέοῐηξ
1938 5589 2054 5643 D.“
2083 5589 2438 5661 ἐκκλίνοντος.
2499 5581 2841 5661 ἐπικλίνοντας
2877 5588 2967 5661 D._
3052 5585 3215 5661 “__':bv
3266 5581 3509 5661 πλησίον.
3552 5582 3663 5636 τῶν

414 5652 646 5752 πλησίον
683 5663 767 5752 υἱ·
801 5731 826 5752 ι
858 5652 1373 5752 ’ξιτούτοιλςὶλτοιξὲῳ
1395 5652 1673 5752 ΡξδίΓῐξιὶ
1731 5652 2033 5752 Ὅθέτραεῖς.
2066 5658 2382 5752 ξισέοὑςρῐ).
2495 5658 2540 5752 :7
2575 5656 2880 5752 φύσιν.ιτὴν
2894 5656 3060 5752 φύσιν
3075 5652 3366 5752 ὶυηιίιηίξέ
3402 5666 3658 5752 squgm.

416 5721 647 5796 ἐκεῖνος.
721 5732 767 5764 ⁸⁸
794 5731 891 5785 ἀπ’
920 5721 1255 5801 ἐμοῦ.Ᾰ(1ᾱίι
1278 5730 1322 5784 Ι)
1345 5721 1545 5794 πάντες
1579 5731 1628 5783 οἱ
1653 5721 2005 5800 ἐργαζόμενοι
2032 5729 2130 5801 τὴν
2154 5721 2402 5799 ἀνομίαν.
2430 5729 2521 5782 καὶ
2548 5721 2727 5784 πάλιν·
2757 5721 3036 5781 ἐκκλίνατε
3073 5724 3168 5777 ἀπ’
3192 5721 3347 5794 ἐμοῦ.
3421 5721 3469 5753 θ’
3490 5721 3662 5779 πάλιν

416 5820 531 5862 om.
559 5803 604 5859 D
639 5811 696 5859 et
719 5801 846 5873 ὃλην
876 5831 947 5841 -
968 5817 1065 5872 μου
1097 5802 1237 5853 ἐστι.
