4056 6450
455 383 594 446 1127

1451 381 1935 442 TIIEODORETI
1973 381 2311 466 EPISCOPI
2351 380 2714 438 CYBENSIS

3559 383 3704 446 1128

451 485 749 544 discrimen
778 505 880 544 nos
924 489 1130 544 docuit.
1177 488 1304 557 Ipse
1333 487 1502 541 etiam
1534 488 1754 541 illorum
1792 489 1936 541 Deus
1964 486 2018 540 in

2132 485 2264 555 ὓπερ
2310 485 2430 555 μέλι
2463 485 2507 514 ⁷⁸
2537 485 2614 554 τῷ
2657 485 2886 554 στόματί
2913 501 3035 555 μου.
3077 505 3095 536 ι
3134 487 3245 539 Kal
3295 486 3457 558 ἔτερα
3489 489 3545 540 δὲ
3587 508 3697 544 των

451 580 764 650 Evangeliis
794 582 872 634 ait
904 599 916 633 :
951 601 968 632 ι
1001 581 1118 634 Non
1145 579 1325 634 omnis
1353 579 1444 648 qui
1468 579 1705 632 dixerit‘
1736 579 1893 645 mihi,
1919 582 2026 634 Do-

453 670 625 734 mine,
682 669 932 729 Domine.
986 670 1214 724 intrabit
1259 669 1315 723 in
1363 685 1590 740 regnum
1621 671 1740 734 Dei,
1787 670 1883 725 sed
1931 671 2026 740 qui

455 760 648 813 fecerit.
687 763 1022 815 voluntatem
1049 763 1227 815 Patris
1259 762 1366 815 mei
1411 761 1504 830 qui
1535 761 1590 814 in
1619 762 1772 816 caelis
1801 772 1886 818 est
1910 772 1958 818 ν.
1999 781 2017 814 ι

453 850 521 902 Ει
553 868 564 902 :
607 869 624 900 ι
663 850 764 916 Qui
804 851 996 905 fecerit
1028 861 1085 906 et
1115 852 1386 912 docuerit,
1431 851 1521 906 hic
1551 867 1778 922 magnus
1805 853 2027 907 vocabi-

456 948 544 992 tur
578 940 632 993 in
676 956 843 1010 regno
886 941 1153 995 caelorum
1193 950 1238 993 ι.
1273 960 1291 991 ι
1354 941 1422 994 Et
1455 957 1467 994 :
1505 960 1523 991 ι
1557 940 1660 1006 Qui
1700 941 1876 1011 diligit
1914 957 2022 1008 me,

454 1032 707 1085 mandata
740 1048 860 1085 mea
896 1033 1138 1086 servabit
1161 1042 1208 1084 Υ.
1246 1053 1262 1082 ι
1293 1033 1351 1085 In
1382 1035 1639 1102 parabola
1662 1035 1824 1087 etiam
1852 1035 2025 1088 talen-

455 1127 634 1173 torum
669 1129 898 1175 testatus
925 1128 1009 1173 est
1043 1131 1088 1182 ι,
1125 1137 1182 1175 se
1212 1137 1323 1175 non
1354 1124 1530 1176 solum
1563 1122 1790 1175 totidem
1819 1122 2025 1190 repeti-

455 1220 639 1264 turum
684 1211 830 1280 quod
878 1212 1053 1275 dedit,
1115 1214 1208 1266 sed
1256 1215 1412 1268 fenus
1450 1215 1614 1267 etiam
1657 1222 2023 1267 exacturum:

452 1302 598 1369 quod
635 1302 728 1370 qui
760 1303 989 1356 reddere
1024 1319 1133 1356 non
1168 1304 1430 1371 potuerit,
1482 1305 1630 1357 hunc
1671 1304 1834 1357 sortis
1880 1303 2028 1358 dono

454 1394 728 1462 privatum
750 1393 1106 1461 vinctumque
1127 1394 1179 1446 in
1205 1394 1459 1447 tenebras
1481 1394 2028 1460 demissurum.Quin

454 1494 509 1538 et
550 1485 793 1554 virgines
829 1485 948 1538 illas
979 1501 1099 1553 qua:
1140 1485 1415 1538 suliiciens
1461 1487 1643 1537 oleum
1672 1500 1784 1538 non
1823 1486 2025 1539 attule-

455 1582 595 1635 rant,
635 1582 786 1628 extra
819 1574 1114 1627 thalamum
1145 1575 1387 1642 reliquit,
1429 1574 1592 1642 idque
1625 1591 1748 1629 cum
1784 1577 2027 1646 virgines

453 1677 546 1716 eas
574 1674 796 1718 vocaret
822 1676 867 1716 ο.
900 1664 1057 1716 Illum
1085 1664 1250 1716 etiam
1280 1665 1374 1732 qui
1405 1664 1632 1717 indutus
1666 1675 1785 1720 erat
1815 1675 2024 1720 vestem

455 1754 660 1822 nuptiis
695 1755 918 1807 minime
948 1762 1364 1823 congruentem,
1389 1755 1599 1824 nuptiis
1621 1758 1857 1811 exclusit
1890 1773 2025 1811 con-

2127 577 2430 646 είρημένων
2455 567 2832 629 πολλαπλάσια
2855 576 3005 646 εὖροι
3037 594 3119 639 τις
3143 577 3208 629 ἂν
3237 578 3293 629 ἐν
3311 578 3437 647 τῇδε
3459 581 3524 648 τῇ
3563 580 3696 649 μελ-

2125 669 2292 739 ῳδίᾳ·
2325 667 2577 737 ἔμπλεως
2638 668 2747 739 γὰρ
2780 669 2812 738 ἡ
2858 670 3164 738 προφητεία
3194 670 3296 738 τῆς
3329 672 3584 741 τοιαύτης
3613 671 3697 724 δι-

2126 759 2441 822 δασκαλίας.
2465 758 2574 810 Kal
2615 759 2854 828 Μωῦσῆς
2877 759 2932 811 δὲ
2954 759 2981 810 ὁ
3014 759 3308 830 νομοθέτης
3336 760 3604 815 δείκνυσιν
3638 765 3697 815 ἐν

2125 853 2237 912 τοῖς
2282 852 2468 920 νόμοις
2510 850 2563 900 τί
2615 850 2710 919 μὲν
2760 850 2989 920 ἀρέσκει
3042 851 3119 919 τῷ
3153 851 3259 902 τῶν
3305 852 3441 904 ὅλων
3475 851 3612 921 Θεῷ,
3645 852 3700 906 τί

2125 941 2169 993 δ’
2203 937 2269 993 αὖ
2319 940 2482 994 πάλιν
2531 940 2808 1010 ἐχθραίνει
2835 941 2903 994 ⁷⁸.
2933 941 3042 993 Kal
3089 941 3270 1010 μέντοι
3317 942 3410 995 καὶ
3451 943 3698 1008 Ἡσαΐας,

2127 1032 2222 1085 καὶ
2258 1031 2552 1102 Ἱερεμίας,
2583 1032 2676 1083 καὶ
2713 1031 2996 1100 Ἰεζεκιὴλ,
3029 1032 3122 1084 καὶ
3153 1032 3371 1102 Δανιὴλ,
3403 1034 3498 1086 καὶ
3536 1037 3644 1098 πᾶς
3670 1038 3700 1088 6

2128 1122 2238 1174 τῶν
2273 1122 2568 1192 προφητῶν
2602 1122 2760 1192 χορὸς
2793 1125 2997 1192 ταύτην
3022 1124 3054 1192 ή
3066 1125 3171 1192 μᾶς
3197 1126 3294 1192 τὴν
3323 1124 3583 1194 διαφοράν
3614 1127 3701 1189 ἐξ·

2127 1214 2438 1266 επαίδευσε.
2498 1215 2607 1267 Καὶ
2647 1213 2808 1275 αὐτὸς
2863 1215 2918 1266 δὲ
2948 1215 2975 1266 6
3003 1213 3208 1266 τούτων
3243 1214 3374 1278 Θεὸς
3410 1216 3452 1246 ⁷³
3487 1218 3542 1268 ἐν
3585 1220 3701 1279 τοῖς

2127 1302 2484 1370 Εὑαγγελίοις
2518 1303 2620 1373 ἔφη
2647 1320 2661 1334 ο
2717 1321 2734 1352 ι
2775 1304 2848 1355 Οὐ
2884 1307 2990 1367 πᾶς
3037 1307 3064 1356 ὁ
3110 1305 3285 1372 λέγων
3334 1323 3444 1375 μοι.
3501 1305 3705 1376 Κύριε,

2126 1395 2332 1466 Κύριε,
2379 1394 2746 1447 εἰσελεύσεται
2786 1396 2865 1458 είς
2910 1395 3008 1464 τὴν
3056 1394 3332 1464 βασιλείαν
3367 1395 3500 1465 [τοῦ
3537 1398 3698 1464 Θεοῦ,

2125 1487 2240 1539 ἀλλ’
2275 1490 2302 1539 ό
2325 1486 2492 1539 ποιῶν
2514 1487 2574 1538 τὸ
2595 1485 2810 1556 θέλημα
2837 1486 2930 1538 τοῦ
2961 1487 3171 1556 Πατρός
3199 1504 3298 1555 μου
3329 1486 3424 1541 τοῦ
3456 1489 3513 1539 ἐν
3538 1490 3705 1558 ούρα-

2127 1580 2256 1640 νοῖς.
2287 1597 2305 1628 ι
2344 1577 2450 1630 Kal
2485 1577 2680 1630 πάλινο
2726 1597 2742 1626 ‹
2796 1578 2852 1628 '0
2883 1579 3114 1646 ποιήσας
3145 1580 3238 1629 καὶ
3259 1577 3495 1642 διδάξας,
3528 1581 3705 1649 μέγας

2127 1668 2461 1739 κληθήσεται
2513 1669 2570 1721 ἐν
2623 1671 2688 1738 τῇ
2747 1667 3034 1738 βασιλείᾳ]
3073 1669 3180 1720 τῶν
3225 1669 3491 1738 οὐρανῶν.
3527 1688 3544 1720 ›
3594 1671 3706 1724 Kal

2128 1761 2292 1814 πάλιν
2313 1778 2326 1792 ο
2348 1779 2365 1810 ι
2389 1759 2446 1812 Ὀ
2474 1759 2704 1826 ἀγαπῶν
2736 1776 2801 1828 με
2823 1758 2924 1821 τάς
2955 1759 3176 1822 ἐντολάς
3205 1777 3304 1830 μου
3336 1761 3562 1830 τηρήσει
3584 1761 3649 1812 ⁷⁸.
3676 1778 3696 1810 ι

452 1845 711 1914 vivioque
738 1846 919 1915 abegit
948 1847 1008 1910 b;
1041 1855 1096 1899 et
1134 1854 1312 1900 tamen
1355 1847 1445 1901 ille
1482 1864 1590 1902 non
1622 1859 1816 1918 sponte
1844 1865 1902 1904 se
1939 1849 2024 1902 in-

2132 1851 2237 1902 Καὶ
2270 1849 2451 1919 μέντοι
2477 1852 2579 1901 κάν
2603 1851 2668 1918 τῇ
2710 1848 2993 1920 παραϐολῇ
3032 1848 3141 1902 τῶν
3173 1848 3450 1902 ταλάντων
3479 1848 3702 1913 ἔδειξεν,

453 1951 666 2006 gerens,
694 1937 787 1989 sed
815 1945 1038 1990 vocatus
1065 1937 1344 2006 ingressus
1368 1947 1454 1992 est
1491 1955 1502 1993 :
1533 1940 1628 1994 sed
1655 1941 1782 2010 quia
1815 1956 1880 1993 ex
1912 1941 2028 1994 sola

454 2028 639 2097 sponsi
677 2028 1009 2082 liberalitate
1046 2029 1347 2084 accersitus
1382 2040 1590 2085 vestem
1629 2047 1740 2085 non
1775 2031 2025 2095 mutavit,

455 2120 660 2174 idcirco
684 2136 748 2174 ea
770 2136 1064 2188 perpessus
1085 2129 1169 2175 est
1214 2136 1334 2190 quae
1356 2137 1652 2191 perpessus
1675 2132 1777 2176 est.
1805 2121 1945 2174 Hine
1973 2128 2029 2174 et

454 2209 753 2276 Apostolus
787 2227 797 2260 :
830 2229 848 2258 ι
879 2210 1218 2276 Voluntarie,
1265 2210 1464 2279 inquit,
1493 2210 1850 2279 peccantibus
1869 2210 2030 2264 nobis

455 2310 579 2369 post
605 2310 882 2369 acceptam
917 2302 1176 2355 notitiam
1205 2302 1333 2355 doni
1361 2302 1556 2365 divini,
1588 2303 1698 2371 jam
1726 2318 1834 2356 non
1865 2303 2030 2355 relin-

455 2392 646 2460 quitur
695 2407 792 2459 pro
838 2401 1063 2460 peccato
1111 2392 1440 2446 sacrificium
1479 2411 1491 2444 :
1530 2393 1790 2447 terribilis
1844 2405 2028 2448 autem

455 2480 702 2548 qumdam
741 2482 952 2550 1016
985 2481 1322 2549 exspectatio
1343 2479 1562 2550 judicii,
1588 2487 1642 2534 et
1666 2480 1805 2550 ignis
1825 2481 2027 2545 fervor,

455 2571 549 2640 qui
612 2580 1041 2640 consumpturus
1085 2580 1171 2625 est
1219 2571 1566 2626 adversarios
1609 2581 1653 2624 ο.
1698 2590 1716 2623 ι
1771 2571 1906 2624 Tum
1961 2571 2029 2625 ab

456 2663 708 2732 exemplo
730 2662 894 2715 verba
930 2663 1261 2716 confirmans
1297 2679 1309 2714 :
1355 2681 1372 2711 ‹
1412 2661 1648 2725 lrritam,
1673 2661 1768 2723 ait,
1792 2660 1916 2728 quis
1948 2659 2028 2712 fa-

458 2752 609 2806 ciens
630 2753 802 2822 legem
831 2753 1014 2818 Musis,
1039 2754 1157 2807 sine
1181 2753 1561 2808 misericordia
1586 2754 1804 2807 duobus
1829 2754 1913 2807 vel
1940 2753 2033 2806 tri-

461 2841 567 2894 bus
595 2842 830 2895 testibus
881 2842 1114 2895 moritur
1149 2860 1160 2893 :
1194 2851 1400 2911 quanto
1432 2843 1604 2911 magis
1642 2842 1851 2911 putatis
1876 2841 2030 2895 dete—

461 2931 607 2983 riora
626 2931 824 2983 mercri
851 2931 1140 3000 supplicia,
1161 2932 1254 3000 qui
1277 2933 1370 2989 Dei
1392 2933 1587 2988 Filium
1605 2933 2029 2998 conculcaverit,

458 3028 516 3072 rt
549 3021 644 3088 qui
673 3021 994 3089 sanguinem
1021 3021 1357 3076 Testamenti
1401 3023 1668 3091 pollutum
1700 3022 1939 3085 duxerit,
1977 3023 2032 3076 in

458 3125 569 3178 quo
593 3109 965 3164 sanctificatus
986 3119 1089 3174 est,
1109 3120 1164 3164 et
1187 3111 1414 3180 Spiritui
1439 3113 1626 3182 gratiae
1646 3114 2031 3168 contumeliam

459 3177 689 3254 fecerit?
713 3201 926 3255 Scimus
955 3203 1100 3256 enim
1133 3177 1240 3273 qui
1260 3205 1397 3258 dixit
1426 3177 1604 3258 :vMihi
1636 3205 1900 3271 vindicta,
1934 3221 2035 3276 ego
2063 3177 2107 3236 Ο

462 3291 799 3356 retribuam,
851 3291 984 3345 dicit
1034 3293 1330 3359 Dominus;
1382 3301 1437 3348 et
1487 3294 1730 3348 iterum:
1763 3294 2042 3349 Judicabit

467 3383 736 3437 Dominus
766 3385 1027 3452 populum
1060 3401 1220 3438 suum
1250 3385 1297 3440 ἀ.
1333 3405 1350 3437 ›
1398 3386 1536 3439 Tum
1572 3394 1628 3439 et
1660 3386 1869 3440 otiosos
1895 3386 2044 3439 iner-

466 3484 655 3543 tesque
683 3483 976 3542 perterret,
1001 3476 1192 3530 dicens
1219 3493 1230 3528 :
1265 3495 1282 3526 ι
1313 3477 1662 3530 Horrendum
1684 3486 1768 3530 est
1797 3475 2043 3529 incidere

461 3565 518 3618 in
575 3582 770 3618 manus
821 3566 917 3619 Dei
969 3567 1208 3620 viventis
1253 3579 1298 3619 ο.
1351 3586 1368 3617 ι
1424 3567 1492 3620 Ει
1556 3581 1753 3620 rursus
1799 3567 2040 3619 clamat:

468 3677 485 3708 ι
518 3657 720 3712 Omnes
747 3661 1007 3712 sistemur
1047 3667 1174 3713 ante
1215 3659 1455 3713 tribunal
1487 3658 1713 3721 Christi,
1747 3665 1806 3711 ut
1833 3657 2035 3711 referat

386 3803 388 3805 ›
462 3769 840 3838 unusquisque
863 3770 1084 3838 propria
1111 3770 1367 3838 corporis
1390 3778 1555 3838 prout
1584 3769 1772 3838 gessit,
1796 3769 1910 3824 sive
1935 3768 2033 3821 bo.

461 3875 616 3919 num,
652 3859 768 3914 sire
799 3861 1000 3913 malum
1041 3860 1083 3912 ί.
1118 3879 1135 3910 ›

2129 1940 2203 2002 ὼς
2227 1941 2286 1992 οὑ
2331 1940 2490 2009 μόνον
2543 1933 2616 1991 ὧν
2673 1939 2903 1992 δέδωκεν
2962 1941 3255 2010 ἀπαιτήσει
3290 1939 3379 1992 τὸν
3439 1940 3701 2010 ἀριθμὸν,

2131 2031 2268 2084 ἀλλὰ
2298 2033 2391 2084 καὶ
2417 2032 2516 2100 τὴν
2559 2030 2820 2101 ἐργασίαν
2844 2030 2886 2061 ⁷³
2918 2029 3270 2101 εἰσπράξεται
3294 2046 3307 2058 ·
3340 2029 3435 2083 καὶ
3461 2030 3552 2082 τὸν
3575 2031 3707 2082 ταύ-

2130 2145 2229 2196 την
2277 2129 2377 2180 οὐκ
2425 2127 2639 2196 ἔχοντα,
2667 2125 2963 2195 γυμνώσας
3012 2129 3111 2197 τῆς
3159 2127 3402 2195 χάριτος,
3447 2126 3520 2196 τῷ
3553 2125 3706 2194 ξόὶεῳ

2131 2221 2445 2292 παραδώσει
2480 2221 2874 2290 πεπεδημένον.
2913 2221 3022 2274 Kal
3060 2221 3156 2284 τὰς
3187 2221 3489 2292 παρθένους
3522 2222 3578 2273 δὲ
3605 2221 3706 2283 τάς

2132 2312 2337 2383 ἀρκοῦν
2369 2314 2467 2366 οὑκ
2495 2313 2790 2382 ἐσχηκυίας
2830 2312 2890 2365 τὸ
2929 2311 3110 2366 ἔλαιον
3144 2312 3249 2377 ἔξω
3294 2312 3388 2364 τοῦ
3418 2311 3708 2380 νυμφῶνος

2132 2406 2391 2459 κατέλιπε
2419 2406 2487 2470 π,
2523 2406 2620 2457 καὶ
2665 2405 2840 2458 ταῦτα
2879 2404 3181 2475 παρθένους
3223 2403 3424 2457 καλῶν.
3458 2405 3569 2456 Kal
3613 2403 3708 2456 τὸν

2131 2497 2335 2566 ἐσθῆτα
2359 2495 2827 2566 περιϐεϐλημένον
2862 2497 2958 2564 οὐχ
2993 2496 3369 2565 ἁρμόττουσαν
3400 2495 3563 2563 γάμῳ
3597 2494 3708 2546 τῶν

2131 2587 2468 2657 δαιτυμόνων
2493 2586 2746 2657 ἐχώρισε,
2782 2588 2878 2640 καὶ
2906 2588 3003 2657 τῆς
3032 2587 3264 2657 εὐωχίας
3292 2585 3520 2656 ἐξήλασε
3540 2603 3553 2616 ’
3588 2586 3708 2639 καί-

2131 2693 2214 2728 τοι
2247 2675 2468 2746 κληθεὶς
2498 2675 2541 2707 ⁷⁵
2582 2676 2948 2744 εἰσελήλυθεν,
2987 2675 3100 2728 ἀλλ’
3133 2677 3232 2728 οὐκ
3262 2677 3566 2745 αὐτόματος
3596 2676 3708 2729 sia-

2134 2769 2440 2838 επήδησενο
2478 2766 2593 2820 ἀλλ’
2639 2769 2824 2837 ἐπειδὴ
2853 2768 2940 2820 διὰ
2983 2768 3147 2837 μόνην
3176 2750 3284 2838 τὴν
3318 2769 3407 2820 τοῦ
3463 2767 3700 2838 νυμφίου

2135 2858 2445 2927 φιλοτιμίαν
2472 2857 2790 2918 ἀπολαύσας
2825 2860 2922 2927 τῆς
2952 2857 3198 2929 κλήσεως
3227 2859 3326 2910 οὐκ
3373 2859 3574 2928 ἤμειψε
3605 2859 3705 2930 τὴν

2136 2950 2348 3019 στολὴν,
2383 2949 2586 3002 ἔπαθεν
2635 2950 2778 3020 ἅπερ
2813 2950 3004 3005 ἔπαθε.
3055 2950 3154 3003 Διά
3184 2950 3338 3003 τοῦτο
3368 2952 3460 3003 καὶ
3510 2953 3537 3002 6
3567 2952 3710 3014 θεῖος

2147 3041 2466 3100 ’Λπόστολος
2495 3040 2736 3112 κέκραγε
2772 3041 2944 3108 λέγων
2965 3056 2978 3069 ·
3012 3059 3030 3091 ι
3052 3041 3354 3104 Ἑκουσίως
3384 3042 3490 3112 γὰρ
3528 3043 3712 3112 όιμαρ⁴

2137 3129 2404 3182 τανόντων
2436 3129 2594 3198 ἡμῶν
2629 3130 2766 3200 μετά
2802 3131 2863 3183 τὸ
2912 3129 3097 3184 λαϐεῖν
3130 3132 3228 3201 τὴν
3277 3132 3571 3200 ἐπίγνωσιν
3611 3134 3714 3201 τῆς

2140 3219 2289 3282 θείας
2318 3221 2523 3290 δωρεᾶς
2547 3221 2612 3286 ⁷⁷,
2652 3221 2834 3274 οὐκέτι
2866 3223 2996 3293 περὶ
3045 3223 3316 3294 ἁμαρτίας
3336 3213 3714 3277 ’ἀπολείπεται

2137 3310 2318 3374 θυσία,
2355 3310 2565 3382 φοϐερά
2620 3311 2676 3365 δέ
2731 3328 2814 3374 τις
2857 3312 3049 3382 ἐκδοχὴ
3100 3312 3351 3381 κρίσεως,
3400 3313 3491 3366 καὶ
3542 3310 3716 3383 πυρὸς

2139 3400 2298 3471 ζῆλος
2333 3401 2533 3454 ἐσθίειν
2573 3401 2782 3472 μέλλων
2822 3403 2865 3435 ’⁷⁸
2904 3405 3032 3466 τοὺς
3086 3403 3463 3466 ὑπεναντίους.
3512 3424 3529 3456 ι
3581 3401 3714 3460 Εἶτα

2139 3493 2203 3542 ἐκ
2233 3489 2675 3560 παραδείγματος
2699 3489 2848 3542 τόνδε
2884 3489 3141 3560 κρατύνει
3174 3489 3265 3543 τὸν
3296 3489 3452 3558 λόγον
3471 3505 3486 3521 ο
3518 3509 3535 3540 ί
3559 3489 3714 3542 Ἀθε-

2139 3584 2312 3653 τήσας
2359 3601 2441 3645 τις
2495 3584 2658 3652 νόμον
2718 3582 3000 3645 Μωῡσέως
3054 3582 3224 3652 χωρὶς
3267 3582 3567 3651 οἰκτιρμῶν
3621 3581 3716 3634 ἐπὶ

2140 3676 2291 3728 δυσὶν
2325 3675 2357 3743 ἢ
2390 3674 2538 3743 τρισὶ
2593 3675 2859 3745 μάρτυσιν
2907 3674 3261 3749 ἀποθνήσκει.
3315 3675 3472 3744 Πόσῳ
3507 3674 3717 3725 δοκεῖτε

2142 3765 2384 3836 χείρονος
2413 3764 2778 3834 ἀξιωθήσεται
2803 3765 3072 3835 τιμωρίας
3102 3767 3129 3817 ό
3161 3765 3249 3819 τὸν
3294 3765 3422 3816 Υἰὸν
3447 3763 3542 3817 τοῦ
3579 3761 3716 3815 Θεοῦ

2142 3857 2554 3923 καταπατήσας,
2588 3857 2681 3907 καὶ
2708 3855 2767 3905 τὸ
2797 3849 2934 3924 αἷμα
2959 3855 3056 3926 τῆς
3085 3855 3348 3925 διαθήκης
3371 3854 3546 3907 κοινὸν
3575 3855 3717 3923 ήγη-

467 3954 727 4020 σάμενος,
753 3957 809 4006 ἐν
833 3948 877 4021 ᾧ
903 3952 1162 4022 ἡγιάσθη,
1200 3954 1293 4006 καὶ
1328 3952 1388 4004 τὸ
1435 3950 1658 4022 Πνεῦμα
1683 3953 1780 4020 τῆς
1809 3952 2030 4022 χάριτος
2070 3950 2390 4021 ἐνυϐρίσας
2457 3949 2692 4018 Οἴδαμεν
2727 3947 2836 4019 γὰρ
2902 3949 2990 4001 τὸν
3028 3949 3279 4002 εἰπόντα·
3318 3949 3468 4018 Ἐμοὶ¹
3501 3949 3720 4016 ἐκδίκη⁴

468 4060 571 4105 σις,
647 4042 756 4111 ἐγὼ
816 4041 1212 4106 ἀνταποδώσω,
1253 4042 1400 4110 λέγει
1449 4043 1674 4115 Κύριος.
1701 4064 1720 4097 ι
1746 4043 1857 4097 Kal
1893 4041 2087 4096 πάλιν’
2136 4039 2238 4112 [ὅτι
2263 4039 2354 4111 τ¹’],
2391 4058 2408 4090 ι
2447 4040 2636 4108 Κρινεῖ
2658 4038 2860 4110 Κύριος
2879 4039 2969 4092 τὸν
2990 4039 3116 4093 λαὸν
3154 4041 3338 4093 αὐτοῦ.
3384 4059 3401 4091 ι
3430 4035 3564 4092 Εἶτα
3591 4039 3719 4100 τοὺς

469 4132 717 4204 ῥᾳστώνῃ
741 4132 1012 4196 ξυζῶντας
1034 4132 1324 4185 δεδίττεταί
1347 4151 1406 4186 τε
1435 4134 1526 4186 καί
1557 4150 1721 4203 φησιο
1786 4131 2060 4201 «Φοϐερὸν
2097 4129 2158 4182 τὸ
2198 4129 2458 4197 ἐμπεσεῖν
2507 4130 2586 4190 εἱς
2643 4131 2831 4198 χεῖρας
2881 4128 3014 4181 Θεοῦ
3089 4127 3238 4200 [168]
3280 4128 3502 4192 ζῶντος.
3540 4147 3558 4179 ι
3604 4127 3722 4180 Kal

466 4225 692 4295 ἑτέρωθι
745 4225 873 4295 βοᾷ·
919 4242 938 4274 ι
977 4226 1184 4288 Πάντες
1237 4225 1388 4297 [γὰρΙ
1449 4225 1918 4297 παραστησόμεθα
1960 4221 2038 4292 τῷ
2079 4223 2282 4292 βήματι
2311 4217 2407 4272 τοῦ
2455 4218 2713 4291 Χριστοῦ,
2749 4220 2834 4272 ἵνα
2899 4219 3194 4290 κομίσηται
3249 4219 3481 4282 ἕκαστος
3517 4218 3589 4271 τὰ
3630 4218 3719 4272 διά

466 4321 558 4376 τοῦ
613 4321 866 4389 σώματος
933 4319 1068 4390 πρὸς
1119 4320 1154 4377 ἃ.
1205 4320 1466 4391 ἔπραξεν,
1514 4321 1626 4376 εἴτε
1674 4320 1914 4388 ἀγαθὸν,
1961 4320 2072 4371 εἴτε
2111 4316 2302 4372 κακόν.
2337 4334 2355 4367 ι

537 4410 787 4480 indigere
826 4411 1009 4479 itaque
1043 4411 1326 4469 scientiam
1355 4413 1596 4482 praetica
1629 4411 1858 4476 virtute,
1901 4410 2031 4465 satis

2221 4407 2338 4460 Ὅτι
2369 4406 2466 4476 μὲν
2495 4401 2586 4459 οὖν
2618 4405 2786 4459 δεῖται
2819 4407 2850 4476 ή
2883 4405 3084 4473 γνῶσις
3110 4406 3208 4476 τῆς
3240 4405 3551 4476 πρακτικῆς
3588 4407 3720 4478 ἀρε-

470 4502 606 4567 haec,
629 4503 844 4570 Opinor,
868 4511 1099 4570 possunt
1120 4503 1434 4558 ostendere.
1451 4502 1558 4556 Sed
1579 4502 1867 4556 videamus
1907 4499 2031 4570 quid

2149 4499 2248 4568 τῆς
2270 4497 2429 4550 ἱκανὰ
2456 4498 2550 4551 καὶ
2594 4496 2769 4550 ταῦτα
2794 4497 2839 4528 ⁸ο
2879 4496 3154 4567 δηλῶσαι·
3198 4497 3399 4568 ίδωμεν
3431 4497 3486 4549 δὲ
3519 4491 3720 4550 viva“

471 4593 538 4652 de
591 4594 677 4648 his
713 4609 931 4662 quoque
970 4593 1138 4648 rebus
1182 4595 1459 4648 senserint
1502 4593 1813 4646 Graecorum
1860 4591 2031 4660 philo-

2151 4588 2244 4671 καὶ
2272 4586 2437 4641 τῶνδε
2482 4587 2610 4656 πέρι
2647 4589 2762 4648 τοῖς
2813 4585 2964 4659 [τῶν]
3012 4586 3284 4658 Ἑλλήνων
3329 4586 3472 4650 ἔδοξε
3507 4586 3725 4654 φιλοσό-

470 4685 652 4754 sophi.
695 4685 1042 4739 Inveniemus
1085 4686 1231 4744 enim
1267 4686 1571 4746 Platonem,
1618 4684 1865 4750 aliosque
1907 4697 2031 4733 non-

2149 4695 2286 4746 φοις.
2339 4676 2611 4746 Ὀψόμεθα
2655 4679 2761 4747 γάρ
2794 4694 2876 4730 τοι
2909 4678 3000 4731 τὸν
3029 4677 3291 4732 Πλάτωνα
3318 4676 3411 4730 καί
3443 4693 3596 4738 τινας
3629 4676 3726 4730 ἄλει

471 4779 672 4840 nullos,
699 4778 790 4845 qui
820 4779 939 4847 ejus
963 4777 1367 4846 philosophiam
1392 4775 1586 4830 sectati
1609 4766 1898 4837 sunt,huic
1921 4787 2031 4826 scr-

2145 4768 2289 4830 λους,
2322 4767 2420 4836 τὴν
2469 4766 2659 4820 τούτου
2706 4767 2752 4798 ⁸⁸
2800 4768 3116 4837 φιλοσοφίαν
3169 4767 3531 4836 ἐζηλωκότας,
3585 4765 3724 4835 τῷδε

470 4866 620 4920 πιθηί
643 4866 1070 4920 consentientes.
1092 4866 1141 4919 ls
1173 4865 1322 4918 enim
1357 4865 1411 4917 in
1438 4863 1660 4932 Legibus
1687 4865 1766 4916 sic
1797 4861 2031 4929 loquitur

2149 4857 2569 4928 ξυμφωνοῦντας
2608 4857 2884 4929 τῷλόγῳ·
2919 4861 3012 4912 καὶ
3069 4858 3178 4928 γὰρ
3231 4859 3287 4910 ἐν
3339 4860 3452 4920 τοῖς
3506 4858 3728 4925 Νόμοις

474 4956 548 5027 (p.
579 4955 680 5010 716
703 4955 764 5026 C)
797 4975 808 5008 :
848 4974 865 5004 ι
905 4955 1018 5007 Deo
1052 4953 1238 5022 itaque
1265 4962 1481 5024 gratum
1514 4953 1864 5020 amicumque
1898 4953 1914 4969 ‘
1940 4949 2031 5002 ho-

2146 4948 2288 5004 οὕτω
2318 4948 2365 4980 ⁸³
2397 4949 2564 5017 φησί·
2601 4966 2618 4998 ι
2661 4948 2763 5001 Τὸν
2801 4945 2893 5002 οὖν
2925 4949 3002 5019 τῷ
3044 4947 3161 5018 Θεῷ
3194 4947 3465 5018 προσφιλῆ
3500 4946 3730 5016 γενόμεσ

539 5118 576 5169 ν,
598 5108 787 5162 Matth.
820 5125 889 5161 vn
908 5149 922 5174 ,
952 5107 1013 5159 2|
1030 5146 1044 5158 .

473 5179 501 5226 ιι
533 5177 668 5239 ibid.
700 5193 790 5243 xx,
842 5178 901 5231 11
939 5191 1092 5244 seqq.

1155 5115 1181 5142 ι
1212 5106 1399 5160 Matth.
1432 5122 1499 5171 v,
1535 5105 1619 5160 19.

1212 5106 1399 5160 Matth.
1432 5122 1499 5171 v,
1535 5105 1619 5160 19.
1731 5113 1755 5152 3
1791 5104 1945 5158 Joan.
2004 5117 2127 5168 xw,
2162 5100 2345 5155 15-25.
2461 5109 2482 5136 ι
2519 5099 2708 5155 Matth.
2742 5117 2845 5155 xxv
2869 5143 2883 5167 ,
2917 5102 2984 5156 14
3014 5116 3164 5170 seqq.

1187 5189 1208 5215 ε
1243 5175 1410 5230 Hebr.
1443 5193 1496 5230 x.
1529 5177 1616 5228 ‘27.
1662 5191 1665 5193 ·
1710 5175 1735 5213 d
1771 5173 1904 5226 ibid.
1936 5172 2122 5227 28-50.
2233 5182 2256 5208 °
2288 5170 2422 5226 ibid.
2455 5170 2544 5226 21.
2659 5170 2675 5209 ί
2710 5171 2754 5230 ll
2783 5170 2908 5226 Cor.
2941 5189 2995 5230 ν.
3030 5173 3130 5230 10;
3161 5197 3164 5216 ι

1291 5193 1410 5230 enr.
1443 5193 1496 5239 κ,
1529 5193 1616 5228 2:.

3270 5113 3295 5142 ει
3329 5100 3466 5156 ibid.
3493 5099 3516 5151 ι
3556 5113 3711 5168 seqq.

1662 5191 1665 5193 ·
1710 5175 1735 5213 d
1771 5173 1904 5226 ibid.
1936 5172 2122 5227 28-50.
2233 5182 2256 5208 °
2288 5170 2422 5226 ibid.
2455 5170 2544 5226 ΩΙ.

2659 5170 2675 5209 ί
2710 5171 2754 5230 ιι
2783 5170 2908 5226 Cor.
2941 5189 2995 5236 v,
3030 5173 3130 5238 40;
3161 5171 3287 5225 coll.
3324 5187 3439 5235 xiv,
3480 5170 3564 5223 10.

1834 5344 2063 5402 ῩΑΠΙᾹΞ
2097 5344 2496 5400 LECTIONES.

549 5495 596 5528 vo
635 5494 775 5564 μέλι,
807 5495 851 5548 ι)
885 5491 1039 5549 addit
1072 5493 1183 5564 ,καὶ
1222 5492 1430 5563 κηρίον.
1508 5490 1548 5564 "'_‘
1585 5487 1879 5564 ἐχθραίνει.
1928 5485 2304 5564 εἰσεχθραίνει.
2372 5481 2987 5564 βῇτούτωχθεόςηθεὸς
3019 5485 3221 5539 τούτων
3251 5487 3314 5564 1)ἶ
3405 5489 3449 5518 ⁷³
3477 5487 3732 5564 τηρήσει.

477 5553 878 5637 πληρῶσεινα.
957 5564 1000 5637 τί
1032 5553 1447 5637 τὴνᾼέργασίαιν.
1482 5559 1587 5637 τὰς
1610 5553 1893 5637 ςέργασίας
1925 5553 2272 5637 1),ίι⁷ι]ἱ’,ιηοχ
2319 5553 2475 5633 addit
2513 5553 2608 5634 τήν
2634 5554 2940 5637 ἐργασίαν.
2964 5566 3089 5637 post
3131 5556 3453 5637 γυμνῴσας.
3487 5553 3733 5637 fiam-

477 5623 620 5691 λιπὲ.
655 5636 936 5688 κατέλειπε
968 5636 1028 5688 1).
1089 5623 1100 5634 ’
1142 5623 1452 5702 ⁷⁶’κ’ληθείς.
1482 5630 1524 5683 D
1560 5623 1718 5682 addit
1759 5627 1854 5679 καὶ
1885 5626 1982 5702 (ζῦκ
2015 5623 2336 5702 αύτόματος,
2368 5623 2587 5702 omissis
2634 5623 2774 5677 infra
2828 5623 3068 5702 ambs;
3099 5623 3222 5679 αὐτ.
3267 5628 3372 5702 sic,
3398 5697 3422 5702 _
3487 5625 3529 5655 '"
3556 5623 3731 5690 θείας,

480 5707 706 5773 δωρεᾶς,
759 5708 1014 5773 ἀληθείας
1044 5705 1108 5758 D.
1220 5703 1263 5733 ⁷⁸
1305 5692 1530 5771 μέλλων.
1585 5699 1865 5769 μέλλοντος
1897 5697 1971 5773 D.‘
2035 5693 2077 5723 ⁷³
2107 5692 2231 5773 [63:]
2264 5707 2372 5745 om.
2413 5694 2475 5773 Di,
2509 5699 2564 5772 et
2605 5708 2904 5773 moxhomq
2931 5695 3221 5773 δεδίττεται
3253 5697 3555 5773 -ςοζῶντ-ος
3593 5709 3727 5773 eum

483 5755 704 5853 l'ac‘una';
762 5755 971 5826 πάθ’
997 5755 1196 5826 Eadm.
1235 5755 1330 5824 καλ
1350 5786 1460 5824 om.
1490 5771 1551 5823 D.
1585 5755 1598 5769 ’
1630 5769 1671 5798 ⁸¹
1707 5755 1860 5820 τιναί
1880 5765 1971 5816 καί
2002 5755 2120 5817 τινα
2146 5755 2283 5824 Diei
2312 5777 2422 5815 om.
2457 5761 2632 5835 [τῶι]
2741 5764 2784 5794 θ²
2817 5764 3026 5819 τούτου.
3062 5765 3264 5818 τούτων
3301 5755 3396 5823 ντί.
3487 5755 3724 5820 ⁸³ίοῦτω.

485 5840 586 5891 ὦδε
616 5840 676 5892 D.
