  <div class='ocr_page' id='page_1' title='image "/cluster/home/n/w/nwhite01/storage/ocr_20150623/83:no.4/coo.31924054869841/573.png"; bbox 0 0 4056 6416; ppageno 0'>
   <div class='ocr_carea' id='block_1_1' title="bbox 492 396 623 465">
    <p class='ocr_par' dir='ltr' id='par_1_1' title="bbox 492 396 623 465">
     <span class='ocr_line' id='line_1_1' title="bbox 492 396 623 465; baseline -0.038 0"><span class='ocrx_word' id='word_1_1' title='bbox 492 396 623 465; x_wconf 81' lang='grc'><strong>1131</strong></span> 
     </span>
    </p>
   </div>
   <div class='ocr_carea' id='block_1_2' title="bbox 1477 388 2739 451">
    <p class='ocr_par' dir='ltr' id='par_1_2' title="bbox 1477 388 2739 451">
     <span class='ocr_line' id='line_1_2' title="bbox 1477 388 2739 451; baseline -0.001 0"><span class='ocrx_word' id='word_1_2' title='bbox 1477 390 1963 451; x_wconf 82' lang='lat' dir='ltr'><strong>TIIEODORETI</strong></span> <span class='ocrx_word' id='word_1_3' title='bbox 2002 388 2341 449; x_wconf 79' lang='lat' dir='ltr'><strong>EPISCOPI</strong></span> <span class='ocrx_word' id='word_1_4' title='bbox 2381 388 2739 450; x_wconf 76' lang='lat' dir='ltr'><strong>CYRENSIS</strong></span> 
     </span>
    </p>
   </div>
   <div class='ocr_carea' id='block_1_3' title="bbox 3607 387 3740 454">
    <p class='ocr_par' dir='ltr' id='par_1_3' title="bbox 3607 387 3740 454">
     <span class='ocr_line' id='line_1_3' title="bbox 3607 387 3740 454; baseline 0.008 -1"><span class='ocrx_word' id='word_1_5' title='bbox 3607 387 3740 454; x_wconf 73' lang='lat'><strong>1139.</strong></span> 
     </span>
    </p>
   </div>
   <div class='ocr_carea' id='block_1_4' title="bbox 493 481 2071 573">
    <p class='ocr_par' dir='ltr' id='par_1_4' title="bbox 493 481 2065 573">
     <span class='ocr_line' id='line_1_4' title="bbox 493 481 2065 573; baseline -0.01 -11"><span class='ocrx_word' id='word_1_6' title='bbox 493 524 556 564; x_wconf 86' lang='lat' dir='ltr'><strong>ac</strong></span> <span class='ocrx_word' id='word_1_7' title='bbox 586 503 743 561; x_wconf 86' lang='lat' dir='ltr'><strong>nihili</strong></span> <span class='ocrx_word' id='word_1_8' title='bbox 776 501 960 573; x_wconf 91' lang='lat' dir='ltr'><strong>potius</strong></span> <span class='ocrx_word' id='word_1_9' title='bbox 995 499 1294 563; x_wconf 64' lang='lat' dir='ltr'><strong>aestimans,</strong></span> <span class='ocrx_word' id='word_1_10' title='bbox 1328 481 1520 551; x_wconf 78' lang='lat' dir='ltr'><strong>omnes</strong></span> <span class='ocrx_word' id='word_1_11' title='bbox 1550 498 1604 551; x_wconf 90' lang='lat' dir='ltr'><strong>in</strong></span> <span class='ocrx_word' id='word_1_12' title='bbox 1642 504 1829 567; x_wconf 91' lang='lat' dir='ltr'><strong>partes</strong></span> <span class='ocrx_word' id='word_1_13' title='bbox 1861 495 2065 557; x_wconf 81' lang='lat' dir='ltr'><strong>evolat,</strong></span> 
     </span>
    </p>
   </div>
   <div class='ocr_carea' id='block_1_5' title="bbox 2172 481 3746 573">
    <p class='ocr_par' dir='ltr' id='par_1_5' title="bbox 2174 493 3746 569">
     <span class='ocr_line' id='line_1_5' title="bbox 2174 493 3746 569; baseline 0.003 -23"><span class='ocrx_word' id='word_1_14' title='bbox 2174 496 2200 547; x_wconf 85' lang='grc' dir='ltr'>ὁ</span> <span class='ocrx_word' id='word_1_15' title='bbox 2232 493 2457 547; x_wconf 79' lang='grc' dir='ltr'>Πλάτων</span> <span class='ocrx_word' id='word_1_16' title='bbox 2481 495 2581 561; x_wconf 80' lang='grc' dir='ltr'><strong>τὴν</strong></span> <span class='ocrx_word' id='word_1_17' title='bbox 2605 495 2712 547; x_wconf 85' lang='grc' dir='ltr'><strong>τῶν</strong></span> <span class='ocrx_word' id='word_1_18' title='bbox 2738 495 3021 566; x_wconf 83' lang='grc' dir='ltr'><strong>ἡμετέρων</strong></span> <span class='ocrx_word' id='word_1_19' title='bbox 3051 494 3356 565; x_wconf 84' lang='grc' dir='ltr'>φιλοσόφων</span> <span class='ocrx_word' id='word_1_20' title='bbox 3388 495 3746 569; x_wconf 74' lang='grc' dir='ltr'>ὲζωγράφησε</span> 
     </span>
    </p>
   </div>
   <div class='ocr_carea' id='block_1_6' title="bbox 494 589 2067 667">
    <p class='ocr_par' dir='ltr' id='par_1_6' title="bbox 494 589 2067 667">
     <span class='ocr_line' id='line_1_6' title="bbox 494 589 2067 667; baseline -0.011 -14"><span class='ocrx_word' id='word_1_21' title='bbox 494 608 553 654; x_wconf 86' lang='lat' dir='ltr'><strong>ut</strong></span> <span class='ocrx_word' id='word_1_22' title='bbox 580 595 826 667; x_wconf 76' lang='lat' dir='ltr'><strong>loquitur</strong></span> <span class='ocrx_word' id='word_1_23' title='bbox 844 591 1140 657; x_wconf 76' lang='lat' dir='ltr'><strong>Pindarus,</strong></span> <span class='ocrx_word' id='word_1_24' title='bbox 1166 590 1380 661; x_wconf 78' lang='lat'><strong>1019</strong></span> <span class='ocrx_word' id='word_1_25' title='bbox 1403 597 1457 644; x_wconf 91' lang='lat' dir='ltr'><strong>et</strong></span> <span class='ocrx_word' id='word_1_26' title='bbox 1481 604 1601 659; x_wconf 67' lang='lat' dir='ltr'><strong>qua:</strong></span> <span class='ocrx_word' id='word_1_27' title='bbox 1624 589 1727 641; x_wconf 86' lang='lat' dir='ltr'><strong>sub</strong></span> <span class='ocrx_word' id='word_1_28' title='bbox 1747 599 1894 641; x_wconf 86' lang='lat' dir='ltr'><strong>terra</strong></span> <span class='ocrx_word' id='word_1_29' title='bbox 1917 592 2067 648; x_wconf 86' lang='lat' dir='ltr'><strong>sunt,</strong></span> 
     </span>
    </p>
   </div>
   <div class='ocr_carea' id='block_1_7' title="bbox 492 678 2071 760">
    <p class='ocr_par' dir='ltr' id='par_1_7' title="bbox 492 678 2071 760">
     <span class='ocr_line' id='line_1_7' title="bbox 492 678 2071 760; baseline -0.009 -14"><span class='ocrx_word' id='word_1_30' title='bbox 492 701 546 748; x_wconf 88' lang='lat' dir='ltr'><strong>ct</strong></span> <span class='ocrx_word' id='word_1_31' title='bbox 590 704 711 760; x_wconf 83' lang='lat' dir='ltr'><strong>quae</strong></span> <span class='ocrx_word' id='word_1_32' title='bbox 747 702 915 757; x_wconf 82' lang='lat' dir='ltr'><strong>super</strong></span> <span class='ocrx_word' id='word_1_33' title='bbox 958 694 1165 740; x_wconf 84' lang='lat' dir='ltr'><strong>terram</strong></span> <span class='ocrx_word' id='word_1_34' title='bbox 1218 683 1536 745; x_wconf 90' lang='lat' dir='ltr'><strong>dimeticns,</strong></span> <span class='ocrx_word' id='word_1_35' title='bbox 1574 691 1967 749; x_wconf 78' lang='lat' dir='ltr'><strong>astrorumque</strong></span> <span class='ocrx_word' id='word_1_36' title='bbox 2011 678 2071 732; x_wconf 88' lang='lat' dir='ltr'><strong>in</strong></span> 
     </span>
    </p>
   </div>
   <div class='ocr_carea' id='block_1_8' title="bbox 490 774 2073 850">
    <p class='ocr_par' dir='ltr' id='par_1_8' title="bbox 490 774 2073 850">
     <span class='ocr_line' id='line_1_8' title="bbox 490 774 2073 850; baseline -0.012 -7"><span class='ocrx_word' id='word_1_37' title='bbox 490 786 632 842; x_wconf 84' lang='lat' dir='ltr'><strong>coelo</strong></span> <span class='ocrx_word' id='word_1_38' title='bbox 675 782 925 837; x_wconf 82' lang='lat' dir='ltr'><strong>rationes</strong></span> <span class='ocrx_word' id='word_1_39' title='bbox 966 779 1271 850; x_wconf 74' lang='lat' dir='ltr'><strong>explicans,</strong></span> <span class='ocrx_word' id='word_1_40' title='bbox 1308 785 1366 832; x_wconf 89' lang='lat' dir='ltr'><strong>ct</strong></span> <span class='ocrx_word' id='word_1_41' title='bbox 1405 789 1594 831; x_wconf 88' lang='lat' dir='ltr'><strong>rerum</strong></span> <span class='ocrx_word' id='word_1_42' title='bbox 1628 774 1878 827; x_wconf 89' lang='lat' dir='ltr'><strong>omnium</strong></span> <span class='ocrx_word' id='word_1_43' title='bbox 1909 778 2073 825; x_wconf 89' lang='lat' dir='ltr'><strong>natu-</strong></span> 
     </span>
    </p>
   </div>
   <div class='ocr_carea' id='block_1_9' title="bbox 489 862 2071 941">
    <p class='ocr_par' dir='ltr' id='par_1_9' title="bbox 489 862 2071 941">
     <span class='ocr_line' id='line_1_9' title="bbox 489 862 2071 941; baseline -0.007 -15"><span class='ocrx_word' id='word_1_44' title='bbox 489 886 608 926; x_wconf 91' lang='lat' dir='ltr'><strong>ram</strong></span> <span class='ocrx_word' id='word_1_45' title='bbox 633 868 1036 941; x_wconf 86' lang='lat' dir='ltr'><strong>pervestigans.</strong></span> <span class='ocrx_word' id='word_1_46' title='bbox 1064 885 1082 918; x_wconf 71' lang='grc' dir='ltr'><strong>ι</strong></span> <span class='ocrx_word' id='word_1_47' title='bbox 1106 867 1206 922; x_wconf 83' lang='lat' dir='ltr'><strong>His</strong></span> <span class='ocrx_word' id='word_1_48' title='bbox 1231 875 1416 921; x_wconf 90' lang='lat' dir='ltr'><strong>autem</strong></span> <span class='ocrx_word' id='word_1_49' title='bbox 1438 865 1622 919; x_wconf 86' lang='lat' dir='ltr'><strong>verbis</strong></span> <span class='ocrx_word' id='word_1_50' title='bbox 1645 863 1797 918; x_wconf 82' lang='lat' dir='ltr'><strong>Plato</strong></span> <span class='ocrx_word' id='word_1_51' title='bbox 1822 862 2071 932; x_wconf 91' lang='lat' dir='ltr'><strong>philoso-</strong></span> 
     </span>
    </p>
   </div>
   <div class='ocr_carea' id='block_1_10' title="bbox 489 950 2071 1031">
    <p class='ocr_par' dir='ltr' id='par_1_10' title="bbox 489 950 2071 1031">
     <span class='ocr_line' id='line_1_10' title="bbox 489 950 2071 1031; baseline -0.008 -17"><span class='ocrx_word' id='word_1_52' title='bbox 489 962 726 1031; x_wconf 91' lang='lat' dir='ltr'><strong>phorum</strong></span> <span class='ocrx_word' id='word_1_53' title='bbox 780 965 1104 1012; x_wconf 90' lang='lat' dir='ltr'><strong>nostrorum</strong></span> <span class='ocrx_word' id='word_1_54' title='bbox 1159 956 1329 1009; x_wconf 90' lang='lat' dir='ltr'><strong>vitam</strong></span> <span class='ocrx_word' id='word_1_55' title='bbox 1385 952 1598 1008; x_wconf 78' lang='lat' dir='ltr'><strong>ciﬁnxit</strong></span> <span class='ocrx_word' id='word_1_56' title='bbox 1636 970 1648 1005; x_wconf 88' lang='lat'><strong>:</strong></span> <span class='ocrx_word' id='word_1_57' title='bbox 1686 966 1869 1021; x_wconf 89' lang='lat' dir='ltr'><strong>neque</strong></span> <span class='ocrx_word' id='word_1_58' title='bbox 1919 950 2071 1004; x_wconf 90' lang='lat' dir='ltr'><strong>enim</strong></span> 
     </span>
    </p>
   </div>
   <div class='ocr_carea' id='block_1_11' title="bbox 489 1042 2071 1121">
    <p class='ocr_par' dir='ltr' id='par_1_11' title="bbox 489 1042 2071 1121">
     <span class='ocr_line' id='line_1_11' title="bbox 489 1042 2071 1121; baseline -0.005 -16"><span class='ocrx_word' id='word_1_59' title='bbox 489 1049 637 1121; x_wconf 90' lang='lat' dir='ltr'><strong>apud</strong></span> <span class='ocrx_word' id='word_1_60' title='bbox 685 1048 810 1102; x_wconf 92' lang='lat' dir='ltr'><strong>illos</strong></span> <span class='ocrx_word' id='word_1_61' title='bbox 857 1046 984 1102; x_wconf 91' lang='lat' dir='ltr'><strong>talis</strong></span> <span class='ocrx_word' id='word_1_62' title='bbox 1030 1046 1177 1100; x_wconf 87' lang='lat' dir='ltr'><strong>ullus</strong></span> <span class='ocrx_word' id='word_1_63' title='bbox 1218 1045 1451 1100; x_wconf 80' lang='lat' dir='ltr'><strong>exstitit.</strong></span> <span class='ocrx_word' id='word_1_64' title='bbox 1491 1043 1748 1098; x_wconf 85' lang='lat' dir='ltr'><strong>Socrates</strong></span> <span class='ocrx_word' id='word_1_65' title='bbox 1792 1042 1941 1098; x_wconf 90' lang='lat' dir='ltr'><strong>enim</strong></span> <span class='ocrx_word' id='word_1_66' title='bbox 1978 1042 2071 1097; x_wconf 90' lang='lat' dir='ltr'><strong>ille</strong></span> 
     </span>
    </p>
   </div>
   <div class='ocr_carea' id='block_1_12' title="bbox 488 1134 2071 1213">
    <p class='ocr_par' dir='ltr' id='par_1_12' title="bbox 488 1134 2071 1213">
     <span class='ocr_line' id='line_1_12' title="bbox 488 1134 2071 1213; baseline -0.006 -17"><span class='ocrx_word' id='word_1_67' title='bbox 488 1140 951 1213; x_wconf 83' lang='lat' dir='ltr'><strong>philosophorum</strong></span> <span class='ocrx_word' id='word_1_68' title='bbox 1007 1139 1348 1209; x_wconf 74' lang='lat' dir='ltr'><strong>coryplueus,</strong></span> <span class='ocrx_word' id='word_1_69' title='bbox 1392 1144 1448 1191; x_wconf 88' lang='lat' dir='ltr'><strong>ct</strong></span> <span class='ocrx_word' id='word_1_70' title='bbox 1484 1137 1539 1189; x_wconf 91' lang='lat' dir='ltr'><strong>in</strong></span> <span class='ocrx_word' id='word_1_71' title='bbox 1577 1134 1895 1205; x_wconf 79' lang='lat' dir='ltr'><strong>gymnasiis,</strong></span> <span class='ocrx_word' id='word_1_72' title='bbox 1925 1142 1981 1189; x_wconf 89' lang='lat' dir='ltr'><strong>et</strong></span> <span class='ocrx_word' id='word_1_73' title='bbox 2014 1134 2071 1187; x_wconf 91' lang='lat' dir='ltr'><strong>in</strong></span> 
     </span>
    </p>
   </div>
   <div class='ocr_carea' id='block_1_13' title="bbox 490 1225 2071 1298">
    <p class='ocr_par' dir='ltr' id='par_1_13' title="bbox 490 1225 2071 1298">
     <span class='ocr_line' id='line_1_13' title="bbox 490 1225 2071 1298; baseline -0.005 -10"><span class='ocrx_word' id='word_1_74' title='bbox 490 1231 770 1288; x_wconf 82' lang='lat' dir='ltr'><strong>artiﬁcum</strong></span> <span class='ocrx_word' id='word_1_75' title='bbox 792 1229 1049 1295; x_wconf 77' lang='lat' dir='ltr'><strong>ofﬁcinis,</strong></span> <span class='ocrx_word' id='word_1_76' title='bbox 1072 1229 1297 1284; x_wconf 88' lang='lat' dir='ltr'><strong>assidue</strong></span> <span class='ocrx_word' id='word_1_77' title='bbox 1317 1228 1665 1298; x_wconf 86' lang='lat' dir='ltr'><strong>disputabat;</strong></span> <span class='ocrx_word' id='word_1_78' title='bbox 1693 1225 1857 1281; x_wconf 90' lang='lat' dir='ltr'><strong>modo</strong></span> <span class='ocrx_word' id='word_1_79' title='bbox 1882 1235 2071 1281; x_wconf 89' lang='lat' dir='ltr'><strong>autem</strong></span> 
     </span>
    </p>
   </div>
   <div class='ocr_carea' id='block_1_14' title="bbox 489 1320 2070 1384">
    <p class='ocr_par' dir='ltr' id='par_1_14' title="bbox 489 1320 2070 1384">
     <span class='ocr_line' id='line_1_14' title="bbox 489 1320 2070 1384; baseline -0.006 -3"><span class='ocrx_word' id='word_1_80' title='bbox 489 1335 548 1382; x_wconf 88' lang='lat' dir='ltr'><strong>et</strong></span> <span class='ocrx_word' id='word_1_81' title='bbox 577 1326 635 1380; x_wconf 90' lang='lat' dir='ltr'><strong>in</strong></span> <span class='ocrx_word' id='word_1_82' title='bbox 659 1323 884 1380; x_wconf 86' lang='lat' dir='ltr'><strong>civitate</strong></span> <span class='ocrx_word' id='word_1_83' title='bbox 910 1339 1122 1380; x_wconf 90' lang='lat' dir='ltr'><strong>moram</strong></span> <span class='ocrx_word' id='word_1_84' title='bbox 1149 1322 1423 1384; x_wconf 85' lang='lat' dir='ltr'><strong>trahebat,</strong></span> <span class='ocrx_word' id='word_1_85' title='bbox 1457 1320 1621 1374; x_wconf 91' lang='lat' dir='ltr'><strong>modo</strong></span> <span class='ocrx_word' id='word_1_86' title='bbox 1652 1328 1707 1374; x_wconf 88' lang='lat' dir='ltr'><strong>et</strong></span> <span class='ocrx_word' id='word_1_87' title='bbox 1739 1320 1805 1374; x_wconf 91' lang='lat' dir='ltr'><strong>ad</strong></span> <span class='ocrx_word' id='word_1_88' title='bbox 1833 1320 2070 1374; x_wconf 81' lang='lat' dir='ltr'><strong>Piraeum</strong></span> 
     </span>
    </p>
   </div>
   <div class='ocr_carea' id='block_1_15' title="bbox 490 1408 2074 1486">
    <p class='ocr_par' dir='ltr' id='par_1_15' title="bbox 490 1408 2074 1486">
     <span class='ocr_line' id='line_1_15' title="bbox 490 1408 2074 1486; baseline -0.006 -15"><span class='ocrx_word' id='word_1_89' title='bbox 490 1414 837 1471; x_wconf 86' lang='lat' dir='ltr'><strong>descendens</strong></span> <span class='ocrx_word' id='word_1_90' title='bbox 866 1429 1099 1486; x_wconf 84' lang='lat' dir='ltr'><strong>pompas</strong></span> <span class='ocrx_word' id='word_1_91' title='bbox 1128 1412 1444 1481; x_wconf 86' lang='lat' dir='ltr'><strong>spectabat;</strong></span> <span class='ocrx_word' id='word_1_92' title='bbox 1474 1409 1703 1465; x_wconf 87' lang='lat' dir='ltr'><strong>armatis</strong></span> <span class='ocrx_word' id='word_1_93' title='bbox 1733 1410 1901 1464; x_wconf 89' lang='lat' dir='ltr'><strong>etiam</strong></span> <span class='ocrx_word' id='word_1_94' title='bbox 1925 1408 2074 1463; x_wconf 89' lang='lat' dir='ltr'><strong>mili-</strong></span> 
     </span>
    </p>
   </div>
   <div class='ocr_carea' id='block_1_16' title="bbox 491 1501 2072 1578">
    <p class='ocr_par' dir='ltr' id='par_1_16' title="bbox 491 1501 2072 1578">
     <span class='ocr_line' id='line_1_16' title="bbox 491 1501 2072 1578; baseline -0.003 -18"><span class='ocrx_word' id='word_1_95' title='bbox 491 1507 640 1563; x_wconf 89' lang='lat' dir='ltr'><strong>tibus</strong></span> <span class='ocrx_word' id='word_1_96' title='bbox 688 1507 983 1578; x_wconf 88' lang='lat' dir='ltr'><strong>ascriptus,</strong></span> <span class='ocrx_word' id='word_1_97' title='bbox 1028 1512 1085 1559; x_wconf 86' lang='lat' dir='ltr'><strong>et</strong></span> <span class='ocrx_word' id='word_1_98' title='bbox 1131 1503 1188 1558; x_wconf 91' lang='lat' dir='ltr'><strong>in</strong></span> <span class='ocrx_word' id='word_1_99' title='bbox 1213 1503 1479 1567; x_wconf 75' lang='lat' dir='ltr'><strong>Potidaea,</strong></span> <span class='ocrx_word' id='word_1_100' title='bbox 1531 1511 1587 1557; x_wconf 91' lang='lat' dir='ltr'><strong>ct</strong></span> <span class='ocrx_word' id='word_1_101' title='bbox 1629 1503 1685 1556; x_wconf 90' lang='lat' dir='ltr'><strong>in</strong></span> <span class='ocrx_word' id='word_1_102' title='bbox 1720 1501 1855 1557; x_wconf 87' lang='lat' dir='ltr'><strong>Delo</strong></span> <span class='ocrx_word' id='word_1_103' title='bbox 1892 1502 2072 1555; x_wconf 90' lang='lat' dir='ltr'><strong>insula</strong></span> 
     </span>
    </p>
   </div>
   <div class='ocr_carea' id='block_1_17' title="bbox 493 1593 2071 1665">
    <p class='ocr_par' dir='ltr' id='par_1_17' title="bbox 493 1593 2071 1665">
     <span class='ocr_line' id='line_1_17' title="bbox 493 1593 2071 1665; baseline -0.005 -10"><span class='ocrx_word' id='word_1_104' title='bbox 493 1600 770 1655; x_wconf 82' lang='lat' dir='ltr'><strong>militavit.</strong></span> <span class='ocrx_word' id='word_1_105' title='bbox 796 1598 941 1665; x_wconf 85' lang='lat' dir='ltr'><strong>Quin</strong></span> <span class='ocrx_word' id='word_1_106' title='bbox 968 1604 1024 1654; x_wconf 91' lang='lat' dir='ltr'><strong>et</strong></span> <span class='ocrx_word' id='word_1_107' title='bbox 1044 1595 1295 1652; x_wconf 79' lang='lat' dir='ltr'><strong>convivia</strong></span> <span class='ocrx_word' id='word_1_108' title='bbox 1321 1593 1706 1664; x_wconf 83' lang='lat' dir='ltr'><strong>frequentans,</strong></span> <span class='ocrx_word' id='word_1_109' title='bbox 1749 1593 2071 1662; x_wconf 80' lang='lat' dir='ltr'><strong>AriStopha-</strong></span> 
     </span>
    </p>
   </div>
   <div class='ocr_carea' id='block_1_18' title="bbox 490 1685 2074 1755">
    <p class='ocr_par' dir='ltr' id='par_1_18' title="bbox 490 1685 2074 1755">
     <span class='ocr_line' id='line_1_18' title="bbox 490 1685 2074 1755; baseline -0.004 -10"><span class='ocrx_word' id='word_1_110' title='bbox 490 1691 577 1747; x_wconf 90' lang='lat' dir='ltr'><strong>nis</strong></span> <span class='ocrx_word' id='word_1_111' title='bbox 612 1689 821 1745; x_wconf 90' lang='lat' dir='ltr'><strong>comica</strong></span> <span class='ocrx_word' id='word_1_112' title='bbox 861 1686 1103 1741; x_wconf 89' lang='lat' dir='ltr'><strong>ludibria</strong></span> <span class='ocrx_word' id='word_1_113' title='bbox 1132 1686 1463 1751; x_wconf 86' lang='lat' dir='ltr'><strong>sustinebat,</strong></span> <span class='ocrx_word' id='word_1_114' title='bbox 1495 1695 1552 1741; x_wconf 88' lang='lat' dir='ltr'><strong>et</strong></span> <span class='ocrx_word' id='word_1_115' title='bbox 1578 1685 1883 1740; x_wconf 82' lang='lat' dir='ltr'><strong>Alcibiadis</strong></span> <span class='ocrx_word' id='word_1_116' title='bbox 1916 1690 2074 1755; x_wconf 90' lang='lat' dir='ltr'><strong>petu-</strong></span> 
     </span>
    </p>
   </div>
   <div class='ocr_carea' id='block_1_19' title="bbox 488 1776 2067 1848">
    <p class='ocr_par' dir='ltr' id='par_1_19' title="bbox 488 1776 2067 1848">
     <span class='ocr_line' id='line_1_19' title="bbox 488 1776 2067 1848; baseline -0.005 -11"><span class='ocrx_word' id='word_1_117' title='bbox 488 1782 712 1837; x_wconf 89' lang='lat' dir='ltr'><strong>lantiam</strong></span> <span class='ocrx_word' id='word_1_118' title='bbox 761 1797 775 1833; x_wconf 92' lang='lat'><strong>:</strong></span> <span class='ocrx_word' id='word_1_119' title='bbox 816 1779 928 1834; x_wconf 88' lang='lat' dir='ltr'><strong>hoc</strong></span> <span class='ocrx_word' id='word_1_120' title='bbox 970 1778 1118 1833; x_wconf 92' lang='lat' dir='ltr'><strong>enim</strong></span> <span class='ocrx_word' id='word_1_121' title='bbox 1174 1778 1336 1834; x_wconf 86' lang='lat' dir='ltr'><strong>docet</strong></span> <span class='ocrx_word' id='word_1_122' title='bbox 1391 1776 1638 1834; x_wconf 87' lang='lat' dir='ltr'><strong>Platonis</strong></span> <span class='ocrx_word' id='word_1_123' title='bbox 1695 1776 2067 1848; x_wconf 79' lang='lat' dir='ltr'><strong>Symposium.</strong></span> 
     </span>
    </p>
   </div>
   <div class='ocr_carea' id='block_1_20' title="bbox 489 1867 2070 1938">
    <p class='ocr_par' dir='ltr' id='par_1_20' title="bbox 489 1867 2070 1938">
     <span class='ocr_line' id='line_1_20' title="bbox 489 1867 2070 1938; baseline -0.004 -11"><span class='ocrx_word' id='word_1_124' title='bbox 489 1872 792 1930; x_wconf 86' lang='lat' dir='ltr'><strong>Theatrum</strong></span> <span class='ocrx_word' id='word_1_125' title='bbox 840 1871 1005 1926; x_wconf 89' lang='lat' dir='ltr'><strong>etiam</strong></span> <span class='ocrx_word' id='word_1_126' title='bbox 1048 1868 1431 1925; x_wconf 88' lang='lat' dir='ltr'><strong>conscendens</strong></span> <span class='ocrx_word' id='word_1_127' title='bbox 1481 1868 1645 1923; x_wconf 91' lang='lat' dir='ltr'><strong>ludos</strong></span> <span class='ocrx_word' id='word_1_128' title='bbox 1684 1883 1811 1923; x_wconf 89' lang='lat' dir='ltr'><strong>cum</strong></span> <span class='ocrx_word' id='word_1_129' title='bbox 1860 1867 2070 1938; x_wconf 90' lang='lat' dir='ltr'><strong>populo</strong></span> 
     </span>
    </p>
   </div>
   <div class='ocr_carea' id='block_1_21' title="bbox 489 1960 2072 2038">
    <p class='ocr_par' dir='ltr' id='par_1_21' title="bbox 489 1960 2072 2038">
     <span class='ocr_line' id='line_1_21' title="bbox 489 1960 2072 2038; baseline -0.004 -17"><span class='ocrx_word' id='word_1_130' title='bbox 489 1966 787 2038; x_wconf 89' lang='lat' dir='ltr'><strong>spectabat.</strong></span> <span class='ocrx_word' id='word_1_131' title='bbox 804 1963 1020 2018; x_wconf 86' lang='lat' dir='ltr'><strong>Minime</strong></span> <span class='ocrx_word' id='word_1_132' title='bbox 1035 1962 1203 2033; x_wconf 81' lang='lat' dir='ltr'><strong>igitur</strong></span> <span class='ocrx_word' id='word_1_133' title='bbox 1215 1961 1426 2017; x_wconf 90' lang='lat' dir='ltr'><strong>Socrati</strong></span> <span class='ocrx_word' id='word_1_134' title='bbox 1440 1960 1775 2016; x_wconf 87' lang='lat' dir='ltr'><strong>conveniunt</strong></span> <span class='ocrx_word' id='word_1_135' title='bbox 1788 1975 1910 2031; x_wconf 64' lang='lat' dir='ltr'><strong>qum</strong></span> <span class='ocrx_word' id='word_1_136' title='bbox 1924 1960 2072 2016; x_wconf 86' lang='lat' dir='ltr'><strong>dicta</strong></span> 
     </span>
    </p>
   </div>
   <div class='ocr_carea' id='block_1_22' title="bbox 490 2051 2070 2121">
    <p class='ocr_par' dir='ltr' id='par_1_22' title="bbox 490 2051 2070 2121">
     <span class='ocr_line' id='line_1_22' title="bbox 490 2051 2070 2121; baseline -0.003 -9"><span class='ocrx_word' id='word_1_137' title='bbox 490 2067 619 2112; x_wconf 91' lang='lat' dir='ltr'><strong>sunt</strong></span> <span class='ocrx_word' id='word_1_138' title='bbox 643 2073 674 2111; x_wconf 91' lang='lat' dir='ltr'><strong>a</strong></span> <span class='ocrx_word' id='word_1_139' title='bbox 695 2056 944 2111; x_wconf 87' lang='lat' dir='ltr'><strong>Platone.</strong></span> <span class='ocrx_word' id='word_1_140' title='bbox 984 2052 1139 2120; x_wconf 87' lang='lat' dir='ltr'><strong>Quod</strong></span> <span class='ocrx_word' id='word_1_141' title='bbox 1163 2051 1208 2106; x_wconf 90' lang='lat' dir='ltr'><strong>si</strong></span> <span class='ocrx_word' id='word_1_142' title='bbox 1238 2051 1369 2105; x_wconf 85' lang='lat' dir='ltr'><strong>huic</strong></span> <span class='ocrx_word' id='word_1_143' title='bbox 1391 2066 1503 2105; x_wconf 89' lang='lat' dir='ltr'><strong>non</strong></span> <span class='ocrx_word' id='word_1_144' title='bbox 1539 2051 1892 2117; x_wconf 81' lang='lat' dir='ltr'><strong>conveniant,</strong></span> <span class='ocrx_word' id='word_1_145' title='bbox 1927 2066 2070 2121; x_wconf 82' lang='lat' dir='ltr'><strong>aegre</strong></span> 
     </span>
    </p>
   </div>
   <div class='ocr_carea' id='block_1_23' title="bbox 427 2142 2070 2214">
    <p class='ocr_par' dir='ltr' id='par_1_23' title="bbox 427 2142 2070 2214">
     <span class='ocr_line' id='line_1_23' title="bbox 427 2142 2070 2214; baseline -0.005 -9"><span class='ocrx_word' id='word_1_146' title='bbox 427 2163 435 2173; x_wconf 83' lang='lat'><strong><em>‘</em></strong></span> <span class='ocrx_word' id='word_1_147' title='bbox 489 2149 590 2205; x_wconf 89' lang='lat' dir='ltr'><strong>ulli</strong></span> <span class='ocrx_word' id='word_1_148' title='bbox 617 2147 777 2203; x_wconf 88' lang='lat' dir='ltr'><strong>alteri</strong></span> <span class='ocrx_word' id='word_1_149' title='bbox 807 2145 1159 2202; x_wconf 87' lang='lat' dir='ltr'><strong>convenient.</strong></span> <span class='ocrx_word' id='word_1_150' title='bbox 1194 2144 1263 2198; x_wconf 86' lang='lat' dir='ltr'><strong>At</strong></span> <span class='ocrx_word' id='word_1_151' title='bbox 1295 2143 1390 2214; x_wconf 90' lang='lat' dir='ltr'><strong>qui</strong></span> <span class='ocrx_word' id='word_1_152' title='bbox 1415 2143 1789 2214; x_wconf 87' lang='lat' dir='ltr'><strong>evangelicam</strong></span> <span class='ocrx_word' id='word_1_153' title='bbox 1821 2142 2070 2213; x_wconf 86' lang='lat' dir='ltr'><strong>philoso-</strong></span> 
     </span>
    </p>
   </div>
   <div class='ocr_carea' id='block_1_24' title="bbox 490 2233 2069 2311">
    <p class='ocr_par' dir='ltr' id='par_1_24' title="bbox 490 2233 2069 2311">
     <span class='ocr_line' id='line_1_24' title="bbox 490 2233 2069 2311; baseline -0.004 -17"><span class='ocrx_word' id='word_1_154' title='bbox 490 2240 677 2311; x_wconf 88' lang='lat' dir='ltr'><strong>phiam</strong></span> <span class='ocrx_word' id='word_1_155' title='bbox 704 2237 1055 2301; x_wconf 89' lang='lat' dir='ltr'><strong>adamarunt,</strong></span> <span class='ocrx_word' id='word_1_156' title='bbox 1085 2234 1282 2307; x_wconf 90' lang='lat' dir='ltr'><strong>procul</strong></span> <span class='ocrx_word' id='word_1_157' title='bbox 1310 2249 1368 2288; x_wconf 91' lang='lat' dir='ltr'><strong>se</strong></span> <span class='ocrx_word' id='word_1_158' title='bbox 1391 2233 1459 2289; x_wconf 91' lang='lat' dir='ltr'><strong>ab</strong></span> <span class='ocrx_word' id='word_1_159' title='bbox 1480 2234 1631 2289; x_wconf 92' lang='lat' dir='ltr'><strong>omni</strong></span> <span class='ocrx_word' id='word_1_160' title='bbox 1660 2233 1902 2289; x_wconf 90' lang='lat' dir='ltr'><strong>civitatis</strong></span> <span class='ocrx_word' id='word_1_161' title='bbox 1927 2242 2069 2289; x_wconf 89' lang='lat' dir='ltr'><strong>stre-</strong></span> 
     </span>
    </p>
   </div>
   <div class='ocr_carea' id='block_1_25' title="bbox 491 2324 2068 2401">
    <p class='ocr_par' dir='ltr' id='par_1_25' title="bbox 491 2324 2068 2401">
     <span class='ocr_line' id='line_1_25' title="bbox 491 2324 2068 2401; baseline -0.003 -17"><span class='ocrx_word' id='word_1_162' title='bbox 491 2331 609 2401; x_wconf 90' lang='lat' dir='ltr'><strong>pitu</strong></span> <span class='ocrx_word' id='word_1_163' title='bbox 657 2335 1010 2398; x_wconf 89' lang='lat' dir='ltr'><strong>receperunt,</strong></span> <span class='ocrx_word' id='word_1_164' title='bbox 1055 2326 1444 2395; x_wconf 89' lang='lat' dir='ltr'><strong>montiumque</strong></span> <span class='ocrx_word' id='word_1_165' title='bbox 1485 2324 1770 2396; x_wconf 88' lang='lat' dir='ltr'><strong>occupatis</strong></span> <span class='ocrx_word' id='word_1_166' title='bbox 1813 2324 2068 2396; x_wconf 79' lang='lat' dir='ltr'><strong>fastigiis,</strong></span> 
     </span>
    </p>
   </div>
   <div class='ocr_carea' id='block_1_26' title="bbox 492 2417 2069 2482">
    <p class='ocr_par' dir='ltr' id='par_1_26' title="bbox 492 2417 2069 2482">
     <span class='ocr_line' id='line_1_26' title="bbox 492 2417 2069 2482; baseline -0.003 -6"><span class='ocrx_word' id='word_1_167' title='bbox 492 2429 587 2476; x_wconf 87' lang='lat' dir='ltr'><strong>aut</strong></span> <span class='ocrx_word' id='word_1_168' title='bbox 606 2420 871 2475; x_wconf 87' lang='lat' dir='ltr'><strong>solitariis</strong></span> <span class='ocrx_word' id='word_1_169' title='bbox 892 2420 947 2473; x_wconf 94' lang='lat' dir='ltr'><strong>in</strong></span> <span class='ocrx_word' id='word_1_170' title='bbox 960 2417 1099 2474; x_wconf 91' lang='lat' dir='ltr'><strong>locis</strong></span> <span class='ocrx_word' id='word_1_171' title='bbox 1117 2417 1455 2482; x_wconf 88' lang='lat' dir='ltr'><strong>habitantes,</strong></span> <span class='ocrx_word' id='word_1_172' title='bbox 1470 2432 1657 2472; x_wconf 89' lang='lat' dir='ltr'><strong>rerum</strong></span> <span class='ocrx_word' id='word_1_173' title='bbox 1680 2433 1738 2473; x_wconf 90' lang='lat' dir='ltr'><strong>se</strong></span> <span class='ocrx_word' id='word_1_174' title='bbox 1755 2417 2069 2473; x_wconf 87' lang='lat' dir='ltr'><strong>divinarum</strong></span> 
     </span>
    </p>
   </div>
   <div class='ocr_carea' id='block_1_27' title="bbox 493 2507 2069 2581">
    <p class='ocr_par' dir='ltr' id='par_1_27' title="bbox 493 2507 2069 2581">
     <span class='ocr_line' id='line_1_27' title="bbox 493 2507 2069 2581; baseline -0.003 -14"><span class='ocrx_word' id='word_1_175' title='bbox 493 2508 965 2581; x_wconf 89' lang='lat' dir='ltr'><strong>contemplationi,</strong></span> <span class='ocrx_word' id='word_1_176' title='bbox 1003 2524 1068 2563; x_wconf 90' lang='lat' dir='ltr'><strong>ac</strong></span> <span class='ocrx_word' id='word_1_177' title='bbox 1104 2507 1231 2563; x_wconf 84' lang='lat' dir='ltr'><strong>vitae</strong></span> <span class='ocrx_word' id='word_1_178' title='bbox 1257 2523 1377 2578; x_wconf 70' lang='lat' dir='ltr'><strong>qua:</strong></span> <span class='ocrx_word' id='word_1_179' title='bbox 1418 2508 1563 2563; x_wconf 88' lang='lat' dir='ltr'><strong>hanc</strong></span> <span class='ocrx_word' id='word_1_180' title='bbox 1602 2507 1795 2563; x_wconf 89' lang='lat' dir='ltr'><strong>deceat</strong></span> <span class='ocrx_word' id='word_1_181' title='bbox 1840 2508 2069 2563; x_wconf 81' lang='lat' dir='ltr'><strong>addixe-</strong></span> 
     </span>
    </p>
   </div>
   <div class='ocr_carea' id='block_1_28' title="bbox 494 2599 2072 2667">
    <p class='ocr_par' dir='ltr' id='par_1_28' title="bbox 494 2599 2072 2667">
     <span class='ocr_line' id='line_1_28' title="bbox 494 2599 2072 2667; baseline -0.003 -9"><span class='ocrx_word' id='word_1_182' title='bbox 494 2611 643 2667; x_wconf 87' lang='lat' dir='ltr'><strong>runt,</strong></span> <span class='ocrx_word' id='word_1_183' title='bbox 679 2603 828 2657; x_wconf 82' lang='lat' dir='ltr'><strong>nulla</strong></span> <span class='ocrx_word' id='word_1_184' title='bbox 861 2616 1116 2667; x_wconf 82' lang='lat' dir='ltr'><strong>uxorum,</strong></span> <span class='ocrx_word' id='word_1_185' title='bbox 1156 2608 1213 2654; x_wconf 93' lang='lat' dir='ltr'><strong>ct</strong></span> <span class='ocrx_word' id='word_1_186' title='bbox 1248 2600 1512 2666; x_wconf 84' lang='lat' dir='ltr'><strong>ﬁliorum,</strong></span> <span class='ocrx_word' id='word_1_187' title='bbox 1546 2599 1892 2654; x_wconf 82' lang='lat' dir='ltr'><strong>honorumve</strong></span> <span class='ocrx_word' id='word_1_188' title='bbox 1936 2613 2072 2653; x_wconf 88' lang='lat' dir='ltr'><strong>cura</strong></span> 
     </span>
    </p>
   </div>
   <div class='ocr_carea' id='block_1_29' title="bbox 493 2689 2070 2761">
    <p class='ocr_par' dir='ltr' id='par_1_29' title="bbox 493 2689 2070 2761">
     <span class='ocr_line' id='line_1_29' title="bbox 493 2689 2070 2761; baseline -0.004 -12"><span class='ocrx_word' id='word_1_189' title='bbox 493 2693 768 2759; x_wconf 90' lang='lat' dir='ltr'><strong>distracti,</strong></span> <span class='ocrx_word' id='word_1_190' title='bbox 793 2691 889 2748; x_wconf 89' lang='lat' dir='ltr'><strong>sed</strong></span> <span class='ocrx_word' id='word_1_191' title='bbox 924 2691 1138 2745; x_wconf 91' lang='lat' dir='ltr'><strong>animas</strong></span> <span class='ocrx_word' id='word_1_192' title='bbox 1169 2689 1238 2743; x_wconf 93' lang='lat' dir='ltr'><strong>ad</strong></span> <span class='ocrx_word' id='word_1_193' title='bbox 1268 2689 1585 2744; x_wconf 87' lang='lat' dir='ltr'><strong>divinarum</strong></span> <span class='ocrx_word' id='word_1_194' title='bbox 1615 2690 1798 2761; x_wconf 82' lang='lat' dir='ltr'><strong>legum</strong></span> <span class='ocrx_word' id='word_1_195' title='bbox 1822 2690 2070 2759; x_wconf 84' lang='lat' dir='ltr'><strong>regulam</strong></span> 
     </span>
    </p>
   </div>
   <div class='ocr_carea' id='block_1_30' title="bbox 492 2762 2072 2857">
    <p class='ocr_par' dir='ltr' id='par_1_30' title="bbox 492 2762 2072 2857">
     <span class='ocr_line' id='line_1_30' title="bbox 492 2762 2072 2857; baseline -0.003 -18"><span class='ocrx_word' id='word_1_196' title='bbox 492 2784 815 2857; x_wconf 77' lang='lat' dir='ltr'><strong>dirigentes,</strong></span> <span class='ocrx_word' id='word_1_197' title='bbox 845 2790 902 2837; x_wconf 91' lang='lat' dir='ltr'><strong>et</strong></span> <span class='ocrx_word' id='word_1_198' title='bbox 927 2782 1187 2851; x_wconf 84' lang='lat' dir='ltr'><strong>tanquam</strong></span> <span class='ocrx_word' id='word_1_199' title='bbox 1224 2762 1464 2850; x_wconf 75' lang='lat' dir='ltr'><strong>pictores</strong></span> <span class='ocrx_word' id='word_1_200' title='bbox 1500 2780 1717 2851; x_wconf 87' lang='lat' dir='ltr'><strong>optimi,</strong></span> <span class='ocrx_word' id='word_1_201' title='bbox 1751 2780 1819 2834; x_wconf 92' lang='lat' dir='ltr'><strong>ad</strong></span> <span class='ocrx_word' id='word_1_202' title='bbox 1849 2780 2072 2836; x_wconf 86' lang='lat' dir='ltr'><strong>virtutis</strong></span> 
     </span>
    </p>
   </div>
   <div class='ocr_carea' id='block_1_31' title="bbox 492 2871 2069 2947">
    <p class='ocr_par' dir='ltr' id='par_1_31' title="bbox 492 2871 2069 2947">
     <span class='ocr_line' id='line_1_31' title="bbox 492 2871 2069 2947; baseline -0.003 -17"><span class='ocrx_word' id='word_1_203' title='bbox 492 2876 792 2947; x_wconf 86' lang='lat' dir='ltr'><strong>archetypa</strong></span> <span class='ocrx_word' id='word_1_204' title='bbox 828 2873 1151 2943; x_wconf 89' lang='lat' dir='ltr'><strong>spirituales</strong></span> <span class='ocrx_word' id='word_1_205' title='bbox 1180 2872 1449 2943; x_wconf 87' lang='lat' dir='ltr'><strong>imagines</strong></span> <span class='ocrx_word' id='word_1_206' title='bbox 1479 2887 1608 2927; x_wconf 87' lang='lat' dir='ltr'><strong>suas</strong></span> <span class='ocrx_word' id='word_1_207' title='bbox 1637 2871 1850 2941; x_wconf 79' lang='lat'><strong>1020</strong></span> <span class='ocrx_word' id='word_1_208' title='bbox 1884 2872 2069 2942; x_wconf 84' lang='lat' dir='ltr'><strong>expri-</strong></span> 
     </span>
    </p>
   </div>
   <div class='ocr_carea' id='block_1_32' title="bbox 494 2964 2072 3034">
    <p class='ocr_par' dir='ltr' id='par_1_32' title="bbox 494 2964 2072 3034">
     <span class='ocr_line' id='line_1_32' title="bbox 494 2964 2072 3034; baseline -0.003 -11"><span class='ocrx_word' id='word_1_209' title='bbox 494 2976 730 3025; x_wconf 89' lang='lat' dir='ltr'><strong>mentes.</strong></span> <span class='ocrx_word' id='word_1_210' title='bbox 780 2964 937 3032; x_wconf 84' lang='lat' dir='ltr'><strong>Quod</strong></span> <span class='ocrx_word' id='word_1_211' title='bbox 975 2964 1123 3020; x_wconf 90' lang='lat' dir='ltr'><strong>enim</strong></span> <span class='ocrx_word' id='word_1_212' title='bbox 1163 2965 1253 3020; x_wconf 91' lang='lat' dir='ltr'><strong>his</strong></span> <span class='ocrx_word' id='word_1_213' title='bbox 1294 2979 1524 3034; x_wconf 86' lang='lat' dir='ltr'><strong>prorsus</strong></span> <span class='ocrx_word' id='word_1_214' title='bbox 1572 2964 1904 3018; x_wconf 84' lang='lat' dir='ltr'><strong>conveniant</strong></span> <span class='ocrx_word' id='word_1_215' title='bbox 1950 2979 2072 3034; x_wconf 80' lang='lat' dir='ltr'><strong>quae</strong></span> 
     </span>
    </p>
   </div>
   <div class='ocr_carea' id='block_1_33' title="bbox 494 3054 2070 3126">
    <p class='ocr_par' dir='ltr' id='par_1_33' title="bbox 494 3054 2070 3126">
     <span class='ocr_line' id='line_1_33' title="bbox 494 3054 2070 3126; baseline -0.004 -11"><span class='ocrx_word' id='word_1_216' title='bbox 494 3059 641 3115; x_wconf 87' lang='lat' dir='ltr'><strong>dicta</strong></span> <span class='ocrx_word' id='word_1_217' title='bbox 664 3063 794 3113; x_wconf 89' lang='lat' dir='ltr'><strong>sunt</strong></span> <span class='ocrx_word' id='word_1_218' title='bbox 812 3072 843 3111; x_wconf 92' lang='lat' dir='ltr'><strong>a</strong></span> <span class='ocrx_word' id='word_1_219' title='bbox 870 3056 1116 3123; x_wconf 91' lang='lat' dir='ltr'><strong>Platone,</strong></span> <span class='ocrx_word' id='word_1_220' title='bbox 1140 3055 1373 3126; x_wconf 90' lang='lat' dir='ltr'><strong>ipsemet</strong></span> <span class='ocrx_word' id='word_1_221' title='bbox 1395 3060 1648 3119; x_wconf 89' lang='lat' dir='ltr'><strong>testatur,</strong></span> <span class='ocrx_word' id='word_1_222' title='bbox 1672 3063 1797 3123; x_wconf 92' lang='lat' dir='ltr'><strong>post</strong></span> <span class='ocrx_word' id='word_1_223' title='bbox 1817 3054 1924 3108; x_wconf 91' lang='lat' dir='ltr'><strong>alia</strong></span> <span class='ocrx_word' id='word_1_224' title='bbox 1943 3054 2070 3124; x_wconf 88' lang='lat' dir='ltr'><strong>plu-</strong></span> 
     </span>
    </p>
   </div>
   <div class='ocr_carea' id='block_1_34' title="bbox 2176 585 3749 659">
    <p class='ocr_par' dir='ltr' id='par_1_34' title="bbox 2176 585 3749 659">
     <span class='ocr_line' id='line_1_34' title="bbox 2176 585 3749 659; baseline 0.001 -19"><span class='ocrx_word' id='word_1_225' title='bbox 2176 585 2449 640; x_wconf 80' lang='grc' dir='ltr'><strong>πολιτείαν</strong></span> <span class='ocrx_word' id='word_1_226' title='bbox 2473 602 2487 615; x_wconf 76' lang='grc' dir='ltr'><strong>ο</strong></span> <span class='ocrx_word' id='word_1_227' title='bbox 2523 588 2583 639; x_wconf 79' lang='grc' dir='ltr'><strong>οὐ</strong></span> <span class='ocrx_word' id='word_1_228' title='bbox 2610 587 2720 658; x_wconf 79' lang='grc' dir='ltr'><strong>γάρ</strong></span> <span class='ocrx_word' id='word_1_229' title='bbox 2747 588 2810 658; x_wconf 87' lang='grc' dir='ltr'>δή</span> <span class='ocrx_word' id='word_1_230' title='bbox 2841 604 2926 652; x_wconf 86' lang='grc' dir='ltr'><strong>τις</strong></span> <span class='ocrx_word' id='word_1_231' title='bbox 2954 590 3085 659; x_wconf 84' lang='grc' dir='ltr'>παρ’</span> <span class='ocrx_word' id='word_1_232' title='bbox 3110 589 3342 651; x_wconf 72' lang='grc' dir='ltr'>ἐκείνοις</span> <span class='ocrx_word' id='word_1_233' title='bbox 3367 588 3609 648; x_wconf 81' lang='grc' dir='ltr'>τοιοῦτος</span> <span class='ocrx_word' id='word_1_234' title='bbox 3629 591 3749 658; x_wconf 82' lang='grc' dir='ltr'>ὲγέ-</span> 
     </span>
    </p>
   </div>
   <div class='ocr_carea' id='block_1_35' title="bbox 2160 677 3749 753">
    <p class='ocr_par' dir='ltr' id='par_1_35' title="bbox 2160 677 3749 753">
     <span class='ocr_line' id='line_1_35' title="bbox 2160 677 3749 753; baseline 0.001 -24"><span class='ocrx_word' id='word_1_235' title='bbox 2160 693 2314 753; x_wconf 24' lang='grc' dir='ltr'>ἣνετο.</span> <span class='ocrx_word' id='word_1_236' title='bbox 2350 677 2409 730; x_wconf 81' lang='grc' dir='ltr'><strong>Ὀ</strong></span> <span class='ocrx_word' id='word_1_237' title='bbox 2445 677 2541 747; x_wconf 77' lang='grc' dir='ltr'>μὲν</span> <span class='ocrx_word' id='word_1_238' title='bbox 2573 677 2677 749; x_wconf 80' lang='grc' dir='ltr'><strong>γάρ</strong></span> <span class='ocrx_word' id='word_1_239' title='bbox 2704 678 3019 749; x_wconf 80' lang='grc' dir='ltr'><strong>Σωκράτης,</strong></span> <span class='ocrx_word' id='word_1_240' title='bbox 3053 678 3165 731; x_wconf 90' lang='grc' dir='ltr'><strong>τῶν</strong></span> <span class='ocrx_word' id='word_1_241' title='bbox 3201 678 3508 749; x_wconf 83' lang='grc' dir='ltr'>φιλοσόφων</span> <span class='ocrx_word' id='word_1_242' title='bbox 3534 681 3564 732; x_wconf 83' lang='grc' dir='ltr'><strong>ὁ</strong></span> <span class='ocrx_word' id='word_1_243' title='bbox 3583 695 3749 750; x_wconf 71' lang='grc' dir='ltr'>κορυο</span> 
     </span>
    </p>
   </div>
   <div class='ocr_carea' id='block_1_36' title="bbox 2175 770 3749 843">
    <p class='ocr_par' dir='ltr' id='par_1_36' title="bbox 2175 770 3749 843">
     <span class='ocr_line' id='line_1_36' title="bbox 2175 770 3749 843; baseline 0.001 -22"><span class='ocrx_word' id='word_1_244' title='bbox 2175 771 2353 838; x_wconf 83' lang='grc' dir='ltr'>φαῖος,</span> <span class='ocrx_word' id='word_1_245' title='bbox 2409 770 2512 823; x_wconf 87' lang='grc' dir='ltr'><strong>κάν</strong></span> <span class='ocrx_word' id='word_1_246' title='bbox 2549 772 2659 832; x_wconf 81' lang='grc' dir='ltr'>τοῖς</span> <span class='ocrx_word' id='word_1_247' title='bbox 2706 770 3032 841; x_wconf 74' lang='grc' dir='ltr'><strong>γυμνασίοις</strong></span> <span class='ocrx_word' id='word_1_248' title='bbox 3063 771 3167 825; x_wconf 85' lang='grc' dir='ltr'><strong>κάν</strong></span> <span class='ocrx_word' id='word_1_249' title='bbox 3205 774 3318 833; x_wconf 86' lang='grc' dir='ltr'>τοῖς</span> <span class='ocrx_word' id='word_1_250' title='bbox 3364 772 3749 843; x_wconf 70' lang='grc' dir='ltr'><strong>ἐργαστηρίοις</strong></span> 
     </span>
    </p>
   </div>
   <div class='ocr_carea' id='block_1_37' title="bbox 2174 858 3751 934">
    <p class='ocr_par' dir='ltr' id='par_1_37' title="bbox 2174 858 3751 934">
     <span class='ocr_line' id='line_1_37' title="bbox 2174 858 3751 934; baseline 0.001 -23"><span class='ocrx_word' id='word_1_251' title='bbox 2174 858 2551 930; x_wconf 85' lang='grc' dir='ltr'>διαλεγόμενος</span> <span class='ocrx_word' id='word_1_252' title='bbox 2577 861 2804 915; x_wconf 77' lang='grc' dir='ltr'><strong>διετέλει</strong></span> <span class='ocrx_word' id='word_1_253' title='bbox 2824 877 2838 890; x_wconf 89' lang='grc'><strong>·</strong></span> <span class='ocrx_word' id='word_1_254' title='bbox 2863 862 2957 917; x_wconf 72' lang='grc' dir='ltr'><strong>καὶ</strong></span> <span class='ocrx_word' id='word_1_255' title='bbox 2980 862 3111 915; x_wconf 82' lang='grc' dir='ltr'>ποτὲ</span> <span class='ocrx_word' id='word_1_256' title='bbox 3153 862 3251 933; x_wconf 74' lang='grc' dir='ltr'>μὲν</span> <span class='ocrx_word' id='word_1_257' title='bbox 3279 863 3335 915; x_wconf 82' lang='grc' dir='ltr'>ὲν</span> <span class='ocrx_word' id='word_1_258' title='bbox 3373 862 3527 915; x_wconf 77' lang='grc' dir='ltr'>ἄστει</span> <span class='ocrx_word' id='word_1_259' title='bbox 3553 861 3751 934; x_wconf 86' lang='grc' dir='ltr'>διέτρι-</span> 
     </span>
    </p>
   </div>
   <div class='ocr_carea' id='block_1_38' title="bbox 2176 949 3749 1026">
    <p class='ocr_par' dir='ltr' id='par_1_38' title="bbox 2176 949 3749 1026">
     <span class='ocr_line' id='line_1_38' title="bbox 2176 949 3749 1026; baseline 0.002 -23"><span class='ocrx_word' id='word_1_260' title='bbox 2176 949 2261 1015; x_wconf 85' lang='grc' dir='ltr'>6ε,</span> <span class='ocrx_word' id='word_1_261' title='bbox 2291 952 2421 1005; x_wconf 85' lang='grc' dir='ltr'>ποτὲ</span> <span class='ocrx_word' id='word_1_262' title='bbox 2455 953 2511 1006; x_wconf 83' lang='grc' dir='ltr'>δὲ</span> <span class='ocrx_word' id='word_1_263' title='bbox 2537 954 2616 1017; x_wconf 79' lang='grc' dir='ltr'>εἰς</span> <span class='ocrx_word' id='word_1_264' title='bbox 2637 954 2869 1026; x_wconf 76' lang='grc' dir='ltr'>Πειραιᾶ</span> <span class='ocrx_word' id='word_1_265' title='bbox 2892 954 3097 1009; x_wconf 87' lang='grc' dir='ltr'>κατιὼν</span> <span class='ocrx_word' id='word_1_266' title='bbox 3116 954 3217 1018; x_wconf 80' lang='grc' dir='ltr'>τὰς</span> <span class='ocrx_word' id='word_1_267' title='bbox 3246 952 3471 1025; x_wconf 86' lang='grc' dir='ltr'>πομπάς</span> <span class='ocrx_word' id='word_1_268' title='bbox 3505 952 3749 1026; x_wconf 75' lang='grc' dir='ltr'><strong>ἐθεώρει·</strong></span> 
     </span>
    </p>
   </div>
   <div class='ocr_carea' id='block_1_39' title="bbox 2175 1041 3752 1118">
    <p class='ocr_par' dir='ltr' id='par_1_39' title="bbox 2175 1041 3752 1118">
     <span class='ocr_line' id='line_1_39' title="bbox 2175 1041 3752 1118; baseline 0.001 -24"><span class='ocrx_word' id='word_1_269' title='bbox 2175 1041 2269 1094; x_wconf 79' lang='lat' dir='ltr'><strong>ml.</strong></span> <span class='ocrx_word' id='word_1_270' title='bbox 2293 1045 2404 1107; x_wconf 85' lang='grc' dir='ltr'>τοῖς</span> <span class='ocrx_word' id='word_1_271' title='bbox 2432 1043 2675 1109; x_wconf 79' lang='grc' dir='ltr'><strong>ὁπλίταις</strong></span> <span class='ocrx_word' id='word_1_272' title='bbox 2704 1044 2761 1098; x_wconf 78' lang='grc' dir='ltr'>δὲ</span> <span class='ocrx_word' id='word_1_273' title='bbox 2791 1045 3236 1117; x_wconf 81' lang='grc' dir='ltr'>ξυνταττόμενος,</span> <span class='ocrx_word' id='word_1_274' title='bbox 3259 1044 3399 1118; x_wconf 68' lang='grc' dir='ltr'>[καὶ]</span> <span class='ocrx_word' id='word_1_275' title='bbox 3417 1047 3475 1099; x_wconf 83' lang='grc' dir='ltr'>ὲν</span> <span class='ocrx_word' id='word_1_276' title='bbox 3495 1044 3752 1116; x_wconf 74' lang='grc' dir='ltr'><strong>Ποτιδαίᾳ</strong></span> 
     </span>
    </p>
   </div>
   <div class='ocr_carea' id='block_1_40' title="bbox 2175 1136 3751 1210">
    <p class='ocr_par' dir='ltr' id='par_1_40' title="bbox 2175 1136 3751 1210">
     <span class='ocr_line' id='line_1_40' title="bbox 2175 1136 3751 1210; baseline 0.002 -24"><span class='ocrx_word' id='word_1_277' title='bbox 2175 1136 2266 1187; x_wconf 73' lang='grc' dir='ltr'><strong>καὶ</strong></span> <span class='ocrx_word' id='word_1_278' title='bbox 2300 1136 2357 1187; x_wconf 87' lang='grc' dir='ltr'>ὲν</span> <span class='ocrx_word' id='word_1_279' title='bbox 2390 1137 2543 1207; x_wconf 80' lang='grc' dir='ltr'><strong>Δήλῳ</strong></span> <span class='ocrx_word' id='word_1_280' title='bbox 2573 1138 2962 1207; x_wconf 85' lang='grc' dir='ltr'>παρετάττετο.</span> <span class='ocrx_word' id='word_1_281' title='bbox 2995 1139 3106 1191; x_wconf 72' lang='grc' dir='ltr'><strong>Καὶ</strong></span> <span class='ocrx_word' id='word_1_282' title='bbox 3150 1138 3333 1210; x_wconf 85' lang='grc' dir='ltr'>μέντοι</span> <span class='ocrx_word' id='word_1_283' title='bbox 3383 1139 3478 1191; x_wconf 72' lang='grc' dir='ltr'><strong>καὶ</strong></span> <span class='ocrx_word' id='word_1_284' title='bbox 3516 1140 3595 1201; x_wconf 88' lang='grc' dir='ltr'><strong>είς</strong></span> <span class='ocrx_word' id='word_1_285' title='bbox 3622 1136 3751 1202; x_wconf 81' lang='grc' dir='ltr'>ξυσ-</span> 
     </span>
    </p>
   </div>
   <div class='ocr_carea' id='block_1_41' title="bbox 2177 1222 3754 1299">
    <p class='ocr_par' dir='ltr' id='par_1_41' title="bbox 2177 1222 3754 1299">
     <span class='ocr_line' id='line_1_41' title="bbox 2177 1222 3754 1299; baseline 0.004 -25"><span class='ocrx_word' id='word_1_286' title='bbox 2177 1222 2323 1276; x_wconf 88' lang='grc' dir='ltr'>σίτια</span> <span class='ocrx_word' id='word_1_287' title='bbox 2355 1224 2531 1278; x_wconf 84' lang='grc' dir='ltr'>ἀπιὼν</span> <span class='ocrx_word' id='word_1_288' title='bbox 2552 1227 2800 1296; x_wconf 76' lang='grc' dir='ltr'>ἠνείχετο</span> <span class='ocrx_word' id='word_1_289' title='bbox 2828 1228 2924 1281; x_wconf 72' lang='grc' dir='ltr'>καὶ</span> <span class='ocrx_word' id='word_1_290' title='bbox 2974 1229 3396 1299; x_wconf 77' lang='grc' dir='ltr'><strong>Ἀριστοφάνους</strong></span> <span class='ocrx_word' id='word_1_291' title='bbox 3430 1228 3754 1299; x_wconf 80' lang='grc' dir='ltr'>κωμῳδοῦν-</span> 
     </span>
    </p>
   </div>
   <div class='ocr_carea' id='block_1_42' title="bbox 2174 1315 3755 1391">
    <p class='ocr_par' dir='ltr' id='par_1_42' title="bbox 2174 1315 3755 1391">
     <span class='ocr_line' id='line_1_42' title="bbox 2174 1315 3755 1391; baseline 0.005 -26"><span class='ocrx_word' id='word_1_292' title='bbox 2174 1330 2285 1377; x_wconf 85' lang='grc' dir='ltr'>τος,</span> <span class='ocrx_word' id='word_1_293' title='bbox 2322 1315 2419 1369; x_wconf 75' lang='grc' dir='ltr'>καὶ</span> <span class='ocrx_word' id='word_1_294' title='bbox 2464 1316 2803 1370; x_wconf 75' lang='grc' dir='ltr'>Ἀλκιϐιάδου</span> <span class='ocrx_word' id='word_1_295' title='bbox 2849 1319 3231 1389; x_wconf 72' lang='grc' dir='ltr'>κωμάζοντος·</span> <span class='ocrx_word' id='word_1_296' title='bbox 3276 1319 3436 1373; x_wconf 80' lang='grc' dir='ltr'>τοῦτο</span> <span class='ocrx_word' id='word_1_297' title='bbox 3473 1321 3496 1355; x_wconf 80' lang='grc'>⁸</span> <span class='ocrx_word' id='word_1_298' title='bbox 3533 1319 3643 1391; x_wconf 85' lang='grc' dir='ltr'>γὰρ</span> <span class='ocrx_word' id='word_1_299' title='bbox 3674 1321 3755 1373; x_wconf 84' lang='grc' dir='ltr'>δι-</span> 
     </span>
    </p>
   </div>
   <div class='ocr_carea' id='block_1_43' title="bbox 2173 1405 3755 1484">
    <p class='ocr_par' dir='ltr' id='par_1_43' title="bbox 2173 1405 3755 1484">
     <span class='ocr_line' id='line_1_43' title="bbox 2173 1405 3755 1484; baseline 0.005 -27"><span class='ocrx_word' id='word_1_300' title='bbox 2173 1405 2360 1459; x_wconf 83' lang='grc' dir='ltr'>δάσκει</span> <span class='ocrx_word' id='word_1_301' title='bbox 2388 1406 2482 1459; x_wconf 78' lang='grc' dir='ltr'>τοῦ</span> <span class='ocrx_word' id='word_1_302' title='bbox 2505 1407 2791 1470; x_wconf 84' lang='grc' dir='ltr'>Πλάτωνος</span> <span class='ocrx_word' id='word_1_303' title='bbox 2808 1409 2867 1462; x_wconf 75' lang='grc' dir='ltr'><strong>τὸ</strong></span> <span class='ocrx_word' id='word_1_304' title='bbox 2897 1412 3247 1479; x_wconf 75' lang='grc' dir='ltr'>Συμπόσιον</span> <span class='ocrx_word' id='word_1_305' title='bbox 3265 1427 3277 1440; x_wconf 80' lang='grc'><em>’</em></span> <span class='ocrx_word' id='word_1_306' title='bbox 3303 1412 3398 1465; x_wconf 68' lang='grc' dir='ltr'><strong>καὶ</strong></span> <span class='ocrx_word' id='word_1_307' title='bbox 3431 1413 3511 1475; x_wconf 86' lang='grc' dir='ltr'><strong>είς</strong></span> <span class='ocrx_word' id='word_1_308' title='bbox 3529 1410 3755 1484; x_wconf 86' lang='grc' dir='ltr'>θέατρον</span> 
     </span>
    </p>
   </div>
   <div class='ocr_carea' id='block_1_44' title="bbox 2175 1496 3758 1573">
    <p class='ocr_par' dir='ltr' id='par_1_44' title="bbox 2175 1496 3758 1573">
     <span class='ocr_line' id='line_1_44' title="bbox 2175 1496 3758 1573; baseline 0.004 -25"><span class='ocrx_word' id='word_1_309' title='bbox 2175 1496 2480 1551; x_wconf 76' lang='grc' dir='ltr'>ἀναϐαίνων</span> <span class='ocrx_word' id='word_1_310' title='bbox 2509 1497 2797 1563; x_wconf 82' lang='grc' dir='ltr'>ξυνεθεᾶτο</span> <span class='ocrx_word' id='word_1_311' title='bbox 2826 1500 2904 1570; x_wconf 80' lang='grc' dir='ltr'>τῷ</span> <span class='ocrx_word' id='word_1_312' title='bbox 2932 1501 3105 1572; x_wconf 85' lang='grc' dir='ltr'>δήμῳ.</span> <span class='ocrx_word' id='word_1_313' title='bbox 3131 1502 3369 1555; x_wconf 87' lang='grc' dir='ltr'>Ἤκιστα</span> <span class='ocrx_word' id='word_1_314' title='bbox 3402 1503 3581 1557; x_wconf 81' lang='grc' dir='ltr'>τοίνυν</span> <span class='ocrx_word' id='word_1_315' title='bbox 3606 1503 3758 1573; x_wconf 78' lang='grc' dir='ltr'>αὐτῷ</span> 
     </span>
    </p>
   </div>
   <div class='ocr_carea' id='block_1_45' title="bbox 2176 1588 3758 1664">
    <p class='ocr_par' dir='ltr' id='par_1_45' title="bbox 2176 1588 3758 1664">
     <span class='ocr_line' id='line_1_45' title="bbox 2176 1588 3758 1664; baseline 0.004 -25"><span class='ocrx_word' id='word_1_316' title='bbox 2176 1588 2439 1659; x_wconf 81' lang='grc' dir='ltr'>προσήκει</span> <span class='ocrx_word' id='word_1_317' title='bbox 2469 1588 2539 1643; x_wconf 84' lang='grc' dir='ltr'>τὰ</span> <span class='ocrx_word' id='word_1_318' title='bbox 2566 1590 2716 1660; x_wconf 73' lang='grc' dir='ltr'>παρὰ</span> <span class='ocrx_word' id='word_1_319' title='bbox 2743 1591 3028 1655; x_wconf 80' lang='grc' dir='ltr'>Πλάτωνος</span> <span class='ocrx_word' id='word_1_320' title='bbox 3054 1592 3340 1664; x_wconf 78' lang='grc' dir='ltr'>εἰρημένα.</span> <span class='ocrx_word' id='word_1_321' title='bbox 3370 1593 3433 1646; x_wconf 80' lang='lat' dir='ltr'><strong>Ei</strong></span> <span class='ocrx_word' id='word_1_322' title='bbox 3450 1593 3505 1647; x_wconf 84' lang='grc' dir='ltr'>δὲ</span> <span class='ocrx_word' id='word_1_323' title='bbox 3535 1595 3557 1626; x_wconf 77' lang='grc'>⁸</span> <span class='ocrx_word' id='word_1_324' title='bbox 3582 1594 3758 1664; x_wconf 82' lang='grc' dir='ltr'>τούτῳ</span> 
     </span>
    </p>
   </div>
   <div class='ocr_carea' id='block_1_46' title="bbox 2175 1679 3759 1757">
    <p class='ocr_par' dir='ltr' id='par_1_46' title="bbox 2175 1679 3759 1757">
     <span class='ocr_line' id='line_1_46' title="bbox 2175 1679 3759 1757; baseline 0.004 -26"><span class='ocrx_word' id='word_1_325' title='bbox 2175 1679 2236 1732; x_wconf 80' lang='grc' dir='ltr'><strong>οὐ</strong></span> <span class='ocrx_word' id='word_1_326' title='bbox 2259 1680 2530 1751; x_wconf 80' lang='grc' dir='ltr'>προσῆκε,</span> <span class='ocrx_word' id='word_1_327' title='bbox 2580 1682 2741 1753; x_wconf 84' lang='grc' dir='ltr'>σχολῇ</span> <span class='ocrx_word' id='word_1_328' title='bbox 2776 1683 2827 1751; x_wconf 81' lang='grc' dir='ltr'>γ’</span> <span class='ocrx_word' id='word_1_329' title='bbox 2868 1683 2934 1736; x_wconf 83' lang='grc' dir='ltr'><strong>ἂν</strong></span> <span class='ocrx_word' id='word_1_330' title='bbox 2960 1683 3103 1755; x_wconf 81' lang='grc' dir='ltr'>ἄλλῳ</span> <span class='ocrx_word' id='word_1_331' title='bbox 3153 1702 3230 1755; x_wconf 84' lang='grc' dir='ltr'>τῳ</span> <span class='ocrx_word' id='word_1_332' title='bbox 3264 1686 3571 1757; x_wconf 86' lang='grc' dir='ltr'>ἀρμόσειεν.</span> <span class='ocrx_word' id='word_1_333' title='bbox 3603 1687 3669 1739; x_wconf 90' lang='grc' dir='ltr'><strong>Οἱ</strong></span> <span class='ocrx_word' id='word_1_334' title='bbox 3700 1688 3759 1738; x_wconf 83' lang='grc' dir='ltr'>δὲ</span> 
     </span>
    </p>
   </div>
   <div class='ocr_carea' id='block_1_47' title="bbox 2174 1766 3759 1855">
    <p class='ocr_par' dir='ltr' id='par_1_47' title="bbox 2174 1766 3759 1855">
     <span class='ocr_line' id='line_1_47' title="bbox 2174 1766 3759 1855; baseline 0.007 -30"><span class='ocrx_word' id='word_1_335' title='bbox 2174 1772 2278 1843; x_wconf 82' lang='grc' dir='ltr'>τῆς</span> <span class='ocrx_word' id='word_1_336' title='bbox 2301 1766 2665 1846; x_wconf 78' lang='grc' dir='ltr'>εὐαγγελικῆς</span> <span class='ocrx_word' id='word_1_337' title='bbox 2688 1777 3013 1848; x_wconf 74' lang='grc' dir='ltr'>ἐρασθέντες</span> <span class='ocrx_word' id='word_1_338' title='bbox 3042 1779 3359 1850; x_wconf 77' lang='grc' dir='ltr'>φιλοσοφίας</span> <span class='ocrx_word' id='word_1_339' title='bbox 3390 1784 3578 1854; x_wconf 79' lang='grc' dir='ltr'>πόρρω</span> <span class='ocrx_word' id='word_1_340' title='bbox 3608 1784 3628 1815; x_wconf 88' lang='grc'><strong>⁷</strong></span> <span class='ocrx_word' id='word_1_341' title='bbox 3654 1786 3759 1855; x_wconf 77' lang='grc' dir='ltr'><strong>μὲν</strong></span> 
     </span>
    </p>
   </div>
   <div class='ocr_carea' id='block_1_48' title="bbox 2102 1848 3759 1946">
    <p class='ocr_par' dir='ltr' id='par_1_48' title="bbox 2102 1848 3759 1946">
     <span class='ocr_line' id='line_1_48' title="bbox 2102 1848 3759 1946; baseline 0.005 -28"><span class='ocrx_word' id='word_1_342' title='bbox 2102 1848 2144 1903; x_wconf 79' lang='grc' dir='ltr'>Β</span> <span class='ocrx_word' id='word_1_343' title='bbox 2170 1864 2279 1920; x_wconf 86' lang='grc' dir='ltr'><strong>τῶν</strong></span> <span class='ocrx_word' id='word_1_344' title='bbox 2302 1866 2594 1922; x_wconf 85' lang='grc' dir='ltr'>πολιτικῶν</span> <span class='ocrx_word' id='word_1_345' title='bbox 2616 1860 2863 1940; x_wconf 70' lang='grc' dir='ltr'>θορύϐων</span> <span class='ocrx_word' id='word_1_346' title='bbox 2882 1848 3207 1943; x_wconf 82' lang='grc' dir='ltr'>γεγένηνται</span> <span class='ocrx_word' id='word_1_347' title='bbox 3233 1848 3254 1905; x_wconf 12' lang='grc' dir='ltr'><strong>’ἡ</strong></span> <span class='ocrx_word' id='word_1_348' title='bbox 3275 1874 3376 1938; x_wconf 85' lang='grc' dir='ltr'>τὰς</span> <span class='ocrx_word' id='word_1_349' title='bbox 3401 1848 3590 1928; x_wconf 39' lang='grc' dir='ltr'>δὲ-τῶν</span> <span class='ocrx_word' id='word_1_350' title='bbox 3612 1848 3759 1946; x_wconf 82' lang='grc' dir='ltr'>δρῶν</span> 
     </span>
    </p>
   </div>
   <div class='ocr_carea' id='block_1_49' title="bbox 2173 1956 3764 2038">
    <p class='ocr_par' dir='ltr' id='par_1_49' title="bbox 2173 1956 3764 2038">
     <span class='ocr_line' id='line_1_49' title="bbox 2173 1956 3764 2038; baseline 0.004 -28"><span class='ocrx_word' id='word_1_351' title='bbox 2173 1956 2520 2029; x_wconf 83' lang='grc' dir='ltr'>ἀκρωνυχίας</span> <span class='ocrx_word' id='word_1_352' title='bbox 2542 1960 2958 2033; x_wconf 79' lang='grc' dir='ltr'>κατειληφότες,</span> <span class='ocrx_word' id='word_1_353' title='bbox 2993 1964 3025 2035; x_wconf 80' lang='grc' dir='ltr'>ἦ</span> <span class='ocrx_word' id='word_1_354' title='bbox 3054 1964 3146 2018; x_wconf 82' lang='grc' dir='ltr'><strong>τὸν</strong></span> <span class='ocrx_word' id='word_1_355' title='bbox 3172 1967 3230 2018; x_wconf 80' lang='grc' dir='ltr'>ὲν</span> <span class='ocrx_word' id='word_1_356' title='bbox 3272 1966 3502 2038; x_wconf 78' lang='grc' dir='ltr'>ἐρήμοις</span> <span class='ocrx_word' id='word_1_357' title='bbox 3536 1967 3764 2038; x_wconf 81' lang='grc' dir='ltr'>χωρίοις</span> 
     </span>
    </p>
   </div>
   <div class='ocr_carea' id='block_1_50' title="bbox 2173 2047 3763 2130">
    <p class='ocr_par' dir='ltr' id='par_1_50' title="bbox 2173 2047 3763 2130">
     <span class='ocr_line' id='line_1_50' title="bbox 2173 2047 3763 2130; baseline 0.007 -28"><span class='ocrx_word' id='word_1_358' title='bbox 2173 2047 2563 2121; x_wconf 81' lang='grc' dir='ltr'>ἀγαπήσαντες</span> <span class='ocrx_word' id='word_1_359' title='bbox 2589 2050 2722 2123; x_wconf 87' lang='grc' dir='ltr'>βίον,</span> <span class='ocrx_word' id='word_1_360' title='bbox 2747 2055 2813 2126; x_wconf 80' lang='grc' dir='ltr'>τῇ</span> <span class='ocrx_word' id='word_1_361' title='bbox 2844 2055 3051 2128; x_wconf 70' lang='grc' dir='ltr'>θεωρία</span> <span class='ocrx_word' id='word_1_362' title='bbox 3075 2057 3187 2110; x_wconf 88' lang='grc' dir='ltr'><strong>τῶν</strong></span> <span class='ocrx_word' id='word_1_363' title='bbox 3211 2057 3371 2112; x_wconf 88' lang='grc' dir='ltr'>θείων</span> <span class='ocrx_word' id='word_1_364' title='bbox 3397 2058 3491 2113; x_wconf 76' lang='grc' dir='ltr'><strong>καὶ</strong></span> <span class='ocrx_word' id='word_1_365' title='bbox 3521 2059 3601 2130; x_wconf 78' lang='grc' dir='ltr'>τῷ</span> <span class='ocrx_word' id='word_1_366' title='bbox 3625 2062 3763 2113; x_wconf 79' lang='grc' dir='ltr'>ταύ-</span> 
     </span>
    </p>
   </div>
   <div class='ocr_carea' id='block_1_51' title="bbox 2173 2140 3760 2224">
    <p class='ocr_par' dir='ltr' id='par_1_51' title="bbox 2173 2140 3760 2224">
     <span class='ocr_line' id='line_1_51' title="bbox 2173 2140 3760 2224; baseline 0.008 -31"><span class='ocrx_word' id='word_1_367' title='bbox 2173 2156 2240 2212; x_wconf 82' lang='grc' dir='ltr'>τῃ</span> <span class='ocrx_word' id='word_1_368' title='bbox 2273 2140 2297 2174; x_wconf 78' lang='grc'>⁸</span> <span class='ocrx_word' id='word_1_369' title='bbox 2319 2140 2750 2217; x_wconf 81' lang='grc' dir='ltr'>ξυνηρμοσμένῳ</span> <span class='ocrx_word' id='word_1_370' title='bbox 2788 2148 2929 2215; x_wconf 81' lang='grc' dir='ltr'>σφᾶς</span> <span class='ocrx_word' id='word_1_371' title='bbox 2962 2148 3161 2213; x_wconf 72' lang='grc' dir='ltr'>αὐτοὺς</span> <span class='ocrx_word' id='word_1_372' title='bbox 3182 2149 3587 2222; x_wconf 81' lang='grc' dir='ltr'>ἀπεκλήρωσαν</span> <span class='ocrx_word' id='word_1_373' title='bbox 3623 2151 3760 2224; x_wconf 52' lang='lat' dir='ltr'><strong>pie-.-</strong></span> 
     </span>
    </p>
   </div>
   <div class='ocr_carea' id='block_1_52' title="bbox 2171 2233 3766 2314">
    <p class='ocr_par' dir='ltr' id='par_1_52' title="bbox 2171 2233 3766 2314">
     <span class='ocr_line' id='line_1_52' title="bbox 2171 2233 3766 2314; baseline 0.008 -27"><span class='ocrx_word' id='word_1_374' title='bbox 2171 2233 2233 2287; x_wconf 78' lang='grc' dir='ltr'>οὐ</span> <span class='ocrx_word' id='word_1_375' title='bbox 2265 2236 2543 2305; x_wconf 81' lang='grc' dir='ltr'>γυναικῶν</span> <span class='ocrx_word' id='word_1_376' title='bbox 2574 2237 2669 2293; x_wconf 78' lang='grc' dir='ltr'>καὶ</span> <span class='ocrx_word' id='word_1_377' title='bbox 2696 2239 2904 2294; x_wconf 80' lang='grc' dir='ltr'>παίδων</span> <span class='ocrx_word' id='word_1_378' title='bbox 2937 2239 3032 2294; x_wconf 78' lang='grc' dir='ltr'>καὶ</span> <span class='ocrx_word' id='word_1_379' title='bbox 3066 2241 3364 2312; x_wconf 85' lang='grc' dir='ltr'>κτημάτων</span> <span class='ocrx_word' id='word_1_380' title='bbox 3396 2243 3766 2314; x_wconf 69' lang='grc' dir='ltr'>ἐπιμελούμε-</span> 
     </span>
    </p>
   </div>
   <div class='ocr_carea' id='block_1_53' title="bbox 2172 2326 3765 2399">
    <p class='ocr_par' dir='ltr' id='par_1_53' title="bbox 2172 2326 3765 2399">
     <span class='ocr_line' id='line_1_53' title="bbox 2172 2326 3765 2399; baseline 0.004 -19"><span class='ocrx_word' id='word_1_381' title='bbox 2172 2342 2273 2391; x_wconf 84' lang='grc' dir='ltr'>νοι,</span> <span class='ocrx_word' id='word_1_382' title='bbox 2306 2326 2441 2381; x_wconf 82' lang='grc' dir='ltr'>ἀλλὰ</span> <span class='ocrx_word' id='word_1_383' title='bbox 2474 2326 2575 2392; x_wconf 83' lang='grc' dir='ltr'>τὰς</span> <span class='ocrx_word' id='word_1_384' title='bbox 2600 2327 2777 2399; x_wconf 77' lang='grc' dir='ltr'>ψυχὰς</span> <span class='ocrx_word' id='word_1_385' title='bbox 2815 2332 2959 2384; x_wconf 88' lang='grc' dir='ltr'>κατά</span> <span class='ocrx_word' id='word_1_386' title='bbox 2987 2346 3052 2399; x_wconf 87' lang='grc' dir='ltr'><strong>γε</strong></span> <span class='ocrx_word' id='word_1_387' title='bbox 3097 2330 3189 2385; x_wconf 80' lang='grc' dir='ltr'><strong>τὸν</strong></span> <span class='ocrx_word' id='word_1_388' title='bbox 3230 2332 3432 2386; x_wconf 87' lang='grc' dir='ltr'>κανόνα</span> <span class='ocrx_word' id='word_1_389' title='bbox 3458 2333 3569 2386; x_wconf 88' lang='grc' dir='ltr'><strong>τῶν</strong></span> <span class='ocrx_word' id='word_1_390' title='bbox 3600 2334 3765 2388; x_wconf 79' lang='grc' dir='ltr'>θείων</span> 
     </span>
    </p>
   </div>
   <div class='ocr_carea' id='block_1_54' title="bbox 2172 2416 3765 2497">
    <p class='ocr_par' dir='ltr' id='par_1_54' title="bbox 2172 2416 3765 2497">
     <span class='ocr_line' id='line_1_54' title="bbox 2172 2416 3765 2497; baseline 0.007 -27"><span class='ocrx_word' id='word_1_391' title='bbox 2172 2416 2540 2483; x_wconf 86' lang='grc' dir='ltr'>διευθύνοντες</span> <span class='ocrx_word' id='word_1_392' title='bbox 2576 2418 2780 2491; x_wconf 88' lang='grc' dir='ltr'>νόμων,</span> <span class='ocrx_word' id='word_1_393' title='bbox 2812 2422 2907 2474; x_wconf 73' lang='grc' dir='ltr'><strong>καὶ</strong></span> <span class='ocrx_word' id='word_1_394' title='bbox 2934 2417 3046 2476; x_wconf 76' lang='grc' dir='ltr'>οἷόν</span> <span class='ocrx_word' id='word_1_395' title='bbox 3072 2440 3217 2487; x_wconf 86' lang='grc' dir='ltr'>τινες</span> <span class='ocrx_word' id='word_1_396' title='bbox 3234 2424 3444 2496; x_wconf 78' lang='grc' dir='ltr'>ἄριστοι</span> <span class='ocrx_word' id='word_1_397' title='bbox 3480 2423 3765 2497; x_wconf 75' lang='grc' dir='ltr'>ζωγράφοι</span> 
     </span>
    </p>
   </div>
   <div class='ocr_carea' id='block_1_55' title="bbox 2174 2506 3764 2583">
    <p class='ocr_par' dir='ltr' id='par_1_55' title="bbox 2174 2506 3764 2583">
     <span class='ocr_line' id='line_1_55' title="bbox 2174 2506 3764 2583; baseline 0.004 -23"><span class='ocrx_word' id='word_1_398' title='bbox 2174 2507 2314 2580; x_wconf 74' lang='grc' dir='ltr'>πρὸς</span> <span class='ocrx_word' id='word_1_399' title='bbox 2359 2506 2427 2562; x_wconf 82' lang='grc' dir='ltr'>τὰ</span> <span class='ocrx_word' id='word_1_400' title='bbox 2465 2506 2751 2581; x_wconf 78' lang='grc' dir='ltr'>ἀρχέτυπα</span> <span class='ocrx_word' id='word_1_401' title='bbox 2787 2509 2888 2581; x_wconf 82' lang='grc' dir='ltr'><strong>τῆς</strong></span> <span class='ocrx_word' id='word_1_402' title='bbox 2930 2510 3135 2580; x_wconf 81' lang='grc' dir='ltr'>ἀρετῆς</span> <span class='ocrx_word' id='word_1_403' title='bbox 3187 2511 3290 2575; x_wconf 71' lang='grc' dir='ltr'>τὰς</span> <span class='ocrx_word' id='word_1_404' title='bbox 3331 2510 3528 2583; x_wconf 79' lang='grc' dir='ltr'>νοεράς</span> <span class='ocrx_word' id='word_1_405' title='bbox 3578 2513 3764 2566; x_wconf 78' lang='grc' dir='ltr'>αὐτῶν</span> 
     </span>
    </p>
   </div>
   <div class='ocr_carea' id='block_1_56' title="bbox 2174 2595 3764 2673">
    <p class='ocr_par' dir='ltr' id='par_1_56' title="bbox 2174 2595 3764 2673">
     <span class='ocr_line' id='line_1_56' title="bbox 2174 2595 3764 2673; baseline 0.005 -23"><span class='ocrx_word' id='word_1_406' title='bbox 2174 2595 2593 2669; x_wconf 79' lang='grc' dir='ltr'>ζωγραφοῦντες</span> <span class='ocrx_word' id='word_1_407' title='bbox 2613 2598 2847 2662; x_wconf 80' lang='grc' dir='ltr'>εἰκόνας.</span> <span class='ocrx_word' id='word_1_408' title='bbox 2877 2600 3001 2654; x_wconf 82' lang='grc' dir='ltr'>’Ότι</span> <span class='ocrx_word' id='word_1_409' title='bbox 3031 2601 3140 2672; x_wconf 83' lang='grc' dir='ltr'><strong>γάρ</strong></span> <span class='ocrx_word' id='word_1_410' title='bbox 3167 2602 3232 2673; x_wconf 84' lang='grc' dir='ltr'><strong>δὴ</strong></span> <span class='ocrx_word' id='word_1_411' title='bbox 3256 2602 3468 2668; x_wconf 83' lang='grc' dir='ltr'>τούτοις</span> <span class='ocrx_word' id='word_1_412' title='bbox 3494 2603 3764 2673; x_wconf 84' lang='grc' dir='ltr'>ἁρμόττει</span> 
     </span>
    </p>
   </div>
   <div class='ocr_carea' id='block_1_57' title="bbox 2171 2688 3765 2768">
    <p class='ocr_par' dir='ltr' id='par_1_57' title="bbox 2171 2688 3765 2768">
     <span class='ocr_line' id='line_1_57' title="bbox 2171 2688 3765 2768; baseline 0.006 -26"><span class='ocrx_word' id='word_1_413' title='bbox 2171 2688 2241 2743; x_wconf 80' lang='grc' dir='ltr'>τὰ</span> <span class='ocrx_word' id='word_1_414' title='bbox 2291 2688 2443 2760; x_wconf 78' lang='grc' dir='ltr'>παρὰ</span> <span class='ocrx_word' id='word_1_415' title='bbox 2492 2690 2782 2755; x_wconf 87' lang='grc' dir='ltr'>Πλάτωνος</span> <span class='ocrx_word' id='word_1_416' title='bbox 2813 2691 3103 2763; x_wconf 78' lang='grc' dir='ltr'>εἰρημένα,</span> <span class='ocrx_word' id='word_1_417' title='bbox 3144 2693 3354 2766; x_wconf 85' lang='grc' dir='ltr'>μάρτυς</span> <span class='ocrx_word' id='word_1_418' title='bbox 3404 2695 3568 2757; x_wconf 74' lang='grc' dir='ltr'>αὐτὸς</span> <span class='ocrx_word' id='word_1_419' title='bbox 3621 2699 3765 2768; x_wconf 78' lang='grc' dir='ltr'>μετά</span> 
     </span>
    </p>
   </div>
   <div class='ocr_carea' id='block_1_58' title="bbox 2174 2778 3762 2852">
    <p class='ocr_par' dir='ltr' id='par_1_58' title="bbox 2174 2778 3762 2852">
     <span class='ocr_line' id='line_1_58' title="bbox 2174 2778 3762 2852; baseline 0.006 -19"><span class='ocrx_word' id='word_1_420' title='bbox 2174 2778 2398 2833; x_wconf 81' lang='grc' dir='ltr'>πλεῖστα</span> <span class='ocrx_word' id='word_1_421' title='bbox 2429 2779 2599 2833; x_wconf 87' lang='grc' dir='ltr'>είπών</span> <span class='ocrx_word' id='word_1_422' title='bbox 2626 2797 2640 2812; x_wconf 90' lang='grc'><strong>·</strong></span> <span class='ocrx_word' id='word_1_423' title='bbox 2676 2799 2696 2833; x_wconf 80' lang='grc' dir='ltr'><strong>ι</strong></span> <span class='ocrx_word' id='word_1_424' title='bbox 2724 2781 3018 2852; x_wconf 82' lang='grc' dir='ltr'>Ἀγροικον</span> <span class='ocrx_word' id='word_1_425' title='bbox 3064 2782 3123 2836; x_wconf 78' lang='grc' dir='ltr'>δὲ</span> <span class='ocrx_word' id='word_1_426' title='bbox 3170 2784 3265 2837; x_wconf 73' lang='grc' dir='ltr'><strong>καὶ</strong></span> <span class='ocrx_word' id='word_1_427' title='bbox 3314 2786 3640 2841; x_wconf 78' lang='grc' dir='ltr'>ἀπαίδευτον</span> <span class='ocrx_word' id='word_1_428' title='bbox 3667 2790 3762 2843; x_wconf 77' lang='grc' dir='ltr'>ὑπ’</span> 
     </span>
    </p>
   </div>
   <div class='ocr_carea' id='block_1_59' title="bbox 2174 2867 3762 2949">
    <p class='ocr_par' dir='ltr' id='par_1_59' title="bbox 2174 2867 3762 2949">
     <span class='ocr_line' id='line_1_59' title="bbox 2174 2867 3762 2949; baseline 0.008 -24"><span class='ocrx_word' id='word_1_429' title='bbox 2174 2870 2431 2941; x_wconf 75' lang='grc' dir='ltr'>ἀσχολίας</span> <span class='ocrx_word' id='word_1_430' title='bbox 2451 2872 2603 2927; x_wconf 80' lang='grc' dir='ltr'>οὐδὲν</span> <span class='ocrx_word' id='word_1_431' title='bbox 2625 2867 2791 2945; x_wconf 83' lang='grc' dir='ltr'>ἦττον</span> <span class='ocrx_word' id='word_1_432' title='bbox 2819 2874 2927 2927; x_wconf 87' lang='grc' dir='ltr'><strong>τῶν</strong></span> <span class='ocrx_word' id='word_1_433' title='bbox 2957 2876 3167 2946; x_wconf 81' lang='grc' dir='ltr'>νομέων</span> <span class='ocrx_word' id='word_1_434' title='bbox 3197 2878 3289 2932; x_wconf 81' lang='grc' dir='ltr'><strong>τὸν</strong></span> <span class='ocrx_word' id='word_1_435' title='bbox 3315 2877 3558 2934; x_wconf 81' lang='grc' dir='ltr'>τοιοῦτον</span> <span class='ocrx_word' id='word_1_436' title='bbox 3590 2882 3762 2949; x_wconf 78' lang='grc' dir='ltr'>ἀναγ-</span> 
     </span>
    </p>
   </div>
   <div class='ocr_carea' id='block_1_60' title="bbox 2174 2962 3763 3043">
    <p class='ocr_par' dir='ltr' id='par_1_60' title="bbox 2174 2962 3763 3043">
     <span class='ocr_line' id='line_1_60' title="bbox 2174 2962 3763 3043; baseline 0.006 -31"><span class='ocrx_word' id='word_1_437' title='bbox 2174 2962 2328 3014; x_wconf 90' lang='grc' dir='ltr'>καῖον</span> <span class='ocrx_word' id='word_1_438' title='bbox 2352 2962 2661 3031; x_wconf 86' lang='grc' dir='ltr'>γίγνεσθαι,</span> <span class='ocrx_word' id='word_1_439' title='bbox 2689 2964 2856 3034; x_wconf 77' lang='grc' dir='ltr'>σηκὸν</span> <span class='ocrx_word' id='word_1_440' title='bbox 2894 2968 2952 3019; x_wconf 77' lang='grc' dir='ltr'><strong>ἒν</strong></span> <span class='ocrx_word' id='word_1_441' title='bbox 2988 2966 3105 3038; x_wconf 79' lang='grc' dir='ltr'>ὄρει</span> <span class='ocrx_word' id='word_1_442' title='bbox 3144 2969 3203 3022; x_wconf 78' lang='grc' dir='ltr'><strong>τὸ</strong></span> <span class='ocrx_word' id='word_1_443' title='bbox 3251 2971 3429 3041; x_wconf 82' lang='grc' dir='ltr'>τεῖχος</span> <span class='ocrx_word' id='word_1_444' title='bbox 3450 2971 3471 3003; x_wconf 85' lang='grc'><strong>⁹</strong></span> <span class='ocrx_word' id='word_1_445' title='bbox 3498 2971 3763 3043; x_wconf 72' lang='grc' dir='ltr'>περιϐαλο</span> 
     </span>
    </p>
   </div>
   <div class='ocr_carea' id='block_1_61' title="bbox 2173 3051 3763 3133">
    <p class='ocr_par' dir='ltr' id='par_1_61' title="bbox 2173 3051 3763 3133">
     <span class='ocr_line' id='line_1_61' title="bbox 2173 3051 3763 3133; baseline 0.008 -29"><span class='ocrx_word' id='word_1_446' title='bbox 2173 3051 2419 3122; x_wconf 86' lang='grc' dir='ltr'>λόμενον.</span> <span class='ocrx_word' id='word_1_447' title='bbox 2452 3053 2561 3123; x_wconf 83' lang='grc' dir='ltr'><strong>Γῆς</strong></span> <span class='ocrx_word' id='word_1_448' title='bbox 2588 3054 2646 3107; x_wconf 78' lang='grc' dir='ltr'>δὲ</span> <span class='ocrx_word' id='word_1_449' title='bbox 2678 3054 2806 3110; x_wconf 81' lang='grc' dir='ltr'>ὅταν</span> <span class='ocrx_word' id='word_1_450' title='bbox 2843 3058 3014 3129; x_wconf 83' lang='grc' dir='ltr'>μυρία</span> <span class='ocrx_word' id='word_1_451' title='bbox 3051 3059 3261 3133; x_wconf 85' lang='grc' dir='ltr'>πλέθρα</span> <span class='ocrx_word' id='word_1_452' title='bbox 3292 3062 3324 3133; x_wconf 77' lang='grc' dir='ltr'>ἦ</span> <span class='ocrx_word' id='word_1_453' title='bbox 3352 3062 3407 3115; x_wconf 78' lang='grc' dir='ltr'><strong>εί</strong></span> <span class='ocrx_word' id='word_1_454' title='bbox 3430 3063 3475 3096; x_wconf 71' lang='grc' dir='ltr'><strong>ιο</strong></span> <span class='ocrx_word' id='word_1_455' title='bbox 3506 3081 3560 3116; x_wconf 86' lang='grc' dir='ltr'><strong>τι</strong></span> <span class='ocrx_word' id='word_1_456' title='bbox 3596 3064 3763 3117; x_wconf 81' lang='grc' dir='ltr'>πλέον</span> 
     </span>
    </p>
   </div>
   <div class='ocr_carea' id='block_1_62' title="bbox 496 3141 2071 3243">
    <p class='ocr_par' dir='ltr' id='par_1_62' title="bbox 496 3141 2069 3218">
     <span class='ocr_line' id='line_1_62' title="bbox 496 3141 2069 3218; baseline -0.005 -14"><span class='ocrx_word' id='word_1_457' title='bbox 496 3150 635 3204; x_wconf 88' lang='lat' dir='ltr'><strong>rima</strong></span> <span class='ocrx_word' id='word_1_458' title='bbox 653 3148 773 3203; x_wconf 69' lang='lat' dir='ltr'><strong>haec</strong></span> <span class='ocrx_word' id='word_1_459' title='bbox 791 3145 1002 3202; x_wconf 87' lang='lat' dir='ltr'><strong>addens</strong></span> <span class='ocrx_word' id='word_1_460' title='bbox 1017 3145 1091 3218; x_wconf 91' lang='lat' dir='ltr'><strong>(p.</strong></span> <span class='ocrx_word' id='word_1_461' title='bbox 1112 3144 1235 3217; x_wconf 75' lang='grc'><strong>174)</strong></span> <span class='ocrx_word' id='word_1_462' title='bbox 1258 3162 1271 3197; x_wconf 91' lang='lat'>:</span> <span class='ocrx_word' id='word_1_463' title='bbox 1296 3143 1541 3199; x_wconf 69' lang='lat' dir='ltr'><strong>«Rudem</strong></span> <span class='ocrx_word' id='word_1_464' title='bbox 1559 3157 1691 3197; x_wconf 89' lang='lat' dir='ltr'><strong>vero</strong></span> <span class='ocrx_word' id='word_1_465' title='bbox 1713 3151 1768 3197; x_wconf 92' lang='lat' dir='ltr'><strong>et</strong></span> <span class='ocrx_word' id='word_1_466' title='bbox 1788 3141 2069 3196; x_wconf 90' lang='lat' dir='ltr'><strong>indoctum</strong></span> 
     </span>
    </p>
   </div>
   <div class='ocr_carea' id='block_1_63' title="bbox 2172 3141 3764 3243">
    <p class='ocr_par' dir='ltr' id='par_1_63' title="bbox 2177 3143 3764 3228">
     <span class='ocr_line' id='line_1_63' title="bbox 2177 3143 3764 3228; baseline 0.009 -30"><span class='ocrx_word' id='word_1_467' title='bbox 2177 3143 2384 3216; x_wconf 81' lang='grc' dir='ltr'>ᾁκούσῃ</span> <span class='ocrx_word' id='word_1_468' title='bbox 2413 3144 2489 3210; x_wconf 81' lang='grc' dir='ltr'>ὥς</span> <span class='ocrx_word' id='word_1_469' title='bbox 2522 3162 2605 3210; x_wconf 90' lang='grc' dir='ltr'><strong>τις</strong></span> <span class='ocrx_word' id='word_1_470' title='bbox 2634 3147 2740 3218; x_wconf 79' lang='grc' dir='ltr'>ἄρα</span> <span class='ocrx_word' id='word_1_471' title='bbox 2769 3151 3106 3222; x_wconf 80' lang='grc' dir='ltr'>κεκτημένος</span> <span class='ocrx_word' id='word_1_472' title='bbox 3132 3152 3420 3226; x_wconf 80' lang='grc' dir='ltr'>θαυμαστὰ</span> <span class='ocrx_word' id='word_1_473' title='bbox 3456 3155 3637 3228; x_wconf 86' lang='grc' dir='ltr'>πλήθη</span> <span class='ocrx_word' id='word_1_474' title='bbox 3669 3158 3764 3211; x_wconf 85' lang='grc' dir='ltr'>κέ·-</span> 
     </span>
    </p>
   </div>
   <div class='ocr_carea' id='block_1_64' title="bbox 493 3234 2069 3312">
    <p class='ocr_par' dir='ltr' id='par_1_64' title="bbox 493 3234 2069 3312">
     <span class='ocr_line' id='line_1_64' title="bbox 493 3234 2069 3312; baseline -0.004 -17"><span class='ocrx_word' id='word_1_475' title='bbox 493 3254 607 3312; x_wconf 73' lang='lat' dir='ltr'><strong>prae</strong></span> <span class='ocrx_word' id='word_1_476' title='bbox 635 3239 722 3294; x_wconf 91' lang='lat' dir='ltr'><strong>sui</strong></span> <span class='ocrx_word' id='word_1_477' title='bbox 753 3236 956 3310; x_wconf 83' lang='lat' dir='ltr'><strong>negotii</strong></span> <span class='ocrx_word' id='word_1_478' title='bbox 992 3235 1325 3299; x_wconf 90' lang='lat' dir='ltr'><strong>attentione,</strong></span> <span class='ocrx_word' id='word_1_479' title='bbox 1358 3235 1520 3289; x_wconf 88' lang='lat' dir='ltr'><strong>talem</strong></span> <span class='ocrx_word' id='word_1_480' title='bbox 1554 3234 1675 3289; x_wconf 76' lang='lat' dir='ltr'><strong>fleri</strong></span> <span class='ocrx_word' id='word_1_481' title='bbox 1714 3248 1940 3289; x_wconf 89' lang='lat' dir='ltr'><strong>necesse</strong></span> <span class='ocrx_word' id='word_1_482' title='bbox 1964 3241 2069 3299; x_wconf 91' lang='lat' dir='ltr'><strong>est,</strong></span> 
     </span>
    </p>
   </div>
   <div class='ocr_carea' id='block_1_65' title="bbox 494 3324 2075 3400">
    <p class='ocr_par' dir='ltr' id='par_1_65' title="bbox 494 3324 2075 3400">
     <span class='ocr_line' id='line_1_65' title="bbox 494 3324 2075 3400; baseline -0.005 -14"><span class='ocrx_word' id='word_1_483' title='bbox 494 3346 608 3386; x_wconf 91' lang='lat' dir='ltr'><strong>non</strong></span> <span class='ocrx_word' id='word_1_484' title='bbox 642 3344 803 3385; x_wconf 88' lang='lat' dir='ltr'><strong>secus</strong></span> <span class='ocrx_word' id='word_1_485' title='bbox 831 3344 894 3385; x_wconf 91' lang='lat' dir='ltr'><strong>ac</strong></span> <span class='ocrx_word' id='word_1_486' title='bbox 915 3337 1192 3400; x_wconf 89' lang='lat' dir='ltr'><strong>pastores,</strong></span> <span class='ocrx_word' id='word_1_487' title='bbox 1217 3328 1233 3347; x_wconf 79' lang='lat'><em>‘</em></span> <span class='ocrx_word' id='word_1_488' title='bbox 1260 3333 1452 3396; x_wconf 90' lang='lat' dir='ltr'><strong>utpote</strong></span> <span class='ocrx_word' id='word_1_489' title='bbox 1486 3325 1581 3395; x_wconf 91' lang='lat' dir='ltr'><strong>qui</strong></span> <span class='ocrx_word' id='word_1_490' title='bbox 1609 3325 1841 3396; x_wconf 86' lang='lat' dir='ltr'><strong>perinde</strong></span> <span class='ocrx_word' id='word_1_491' title='bbox 1876 3324 2075 3380; x_wconf 87' lang='lat' dir='ltr'><strong>moeni-</strong></span> 
     </span>
    </p>
   </div>
   <div class='ocr_carea' id='block_1_66' title="bbox 494 3415 2075 3489">
    <p class='ocr_par' dir='ltr' id='par_1_66' title="bbox 494 3415 2075 3489">
     <span class='ocr_line' id='line_1_66' title="bbox 494 3415 2075 3489; baseline -0.005 -12"><span class='ocrx_word' id='word_1_492' title='bbox 494 3421 599 3477; x_wconf 89' lang='lat' dir='ltr'><strong>bus</strong></span> <span class='ocrx_word' id='word_1_493' title='bbox 621 3428 682 3477; x_wconf 91' lang='lat' dir='ltr'><strong>ut</strong></span> <span class='ocrx_word' id='word_1_494' title='bbox 702 3420 778 3477; x_wconf 90' lang='lat' dir='ltr'><strong>illi</strong></span> <span class='ocrx_word' id='word_1_495' title='bbox 813 3419 986 3485; x_wconf 84' lang='lat' dir='ltr'><strong>caulae</strong></span> <span class='ocrx_word' id='word_1_496' title='bbox 1014 3426 1172 3489; x_wconf 87' lang='lat' dir='ltr'><strong>septo</strong></span> <span class='ocrx_word' id='word_1_497' title='bbox 1197 3418 1254 3471; x_wconf 90' lang='lat' dir='ltr'><strong>in</strong></span> <span class='ocrx_word' id='word_1_498' title='bbox 1285 3423 1473 3471; x_wconf 90' lang='lat' dir='ltr'><strong>monte</strong></span> <span class='ocrx_word' id='word_1_499' title='bbox 1504 3416 1899 3471; x_wconf 88' lang='lat' dir='ltr'><strong>circumdetur.</strong></span> <span class='ocrx_word' id='word_1_500' title='bbox 1934 3415 2075 3472; x_wconf 89' lang='lat' dir='ltr'><strong>Cum</strong></span> 
     </span>
    </p>
   </div>
   <div class='ocr_carea' id='block_1_67' title="bbox 493 3506 2074 3580">
    <p class='ocr_par' dir='ltr' id='par_1_67' title="bbox 493 3506 2074 3580">
     <span class='ocr_line' id='line_1_67' title="bbox 493 3506 2074 3580; baseline -0.004 -13"><span class='ocrx_word' id='word_1_501' title='bbox 493 3528 626 3569; x_wconf 88' lang='lat' dir='ltr'><strong>vero</strong></span> <span class='ocrx_word' id='word_1_502' title='bbox 650 3512 845 3568; x_wconf 89' lang='lat' dir='ltr'><strong>decem</strong></span> <span class='ocrx_word' id='word_1_503' title='bbox 878 3509 1053 3565; x_wconf 90' lang='lat' dir='ltr'><strong>millia</strong></span> <span class='ocrx_word' id='word_1_504' title='bbox 1082 3509 1340 3580; x_wconf 69' lang='lat' dir='ltr'><strong>iugerum</strong></span> <span class='ocrx_word' id='word_1_505' title='bbox 1364 3515 1460 3561; x_wconf 91' lang='lat' dir='ltr'><strong>aut</strong></span> <span class='ocrx_word' id='word_1_506' title='bbox 1484 3508 1645 3578; x_wconf 91' lang='lat' dir='ltr'><strong>plura</strong></span> <span class='ocrx_word' id='word_1_507' title='bbox 1674 3506 1949 3562; x_wconf 88' lang='lat' dir='ltr'><strong>nominari</strong></span> <span class='ocrx_word' id='word_1_508' title='bbox 1973 3522 2074 3561; x_wconf 90' lang='lat' dir='ltr'><strong>au-</strong></span> 
     </span>
    </p>
   </div>
   <div class='ocr_carea' id='block_1_68' title="bbox 494 3600 2076 3674">
    <p class='ocr_par' dir='ltr' id='par_1_68' title="bbox 494 3600 2076 3674">
     <span class='ocr_line' id='line_1_68' title="bbox 494 3600 2076 3674; baseline -0.001 -14"><span class='ocrx_word' id='word_1_509' title='bbox 494 3605 599 3671; x_wconf 90' lang='lat' dir='ltr'><strong>dit,</strong></span> <span class='ocrx_word' id='word_1_510' title='bbox 629 3618 871 3674; x_wconf 87' lang='lat' dir='ltr'><strong>eumque</strong></span> <span class='ocrx_word' id='word_1_511' title='bbox 894 3602 989 3673; x_wconf 90' lang='lat' dir='ltr'><strong>qui</strong></span> <span class='ocrx_word' id='word_1_512' title='bbox 1013 3602 1106 3656; x_wconf 90' lang='lat' dir='ltr'><strong>illa</strong></span> <span class='ocrx_word' id='word_1_513' title='bbox 1122 3600 1404 3671; x_wconf 89' lang='lat' dir='ltr'><strong>possideat</strong></span> <span class='ocrx_word' id='word_1_514' title='bbox 1420 3600 1915 3671; x_wconf 89' lang='lat' dir='ltr'><strong>locupletissimum</strong></span> <span class='ocrx_word' id='word_1_515' title='bbox 1935 3616 2076 3670; x_wconf 75' lang='lat' dir='ltr'><strong>prae-</strong></span> 
     </span>
    </p>
   </div>
   <div class='ocr_carea' id='block_1_69' title="bbox 496 3690 2076 3762">
    <p class='ocr_par' dir='ltr' id='par_1_69' title="bbox 496 3690 2076 3762">
     <span class='ocr_line' id='line_1_69' title="bbox 496 3690 2076 3762; baseline -0.003 -13"><span class='ocrx_word' id='word_1_516' title='bbox 496 3695 690 3759; x_wconf 91' lang='lat' dir='ltr'><strong>dicari,</strong></span> <span class='ocrx_word' id='word_1_517' title='bbox 712 3692 871 3748; x_wconf 87' lang='lat' dir='ltr'><strong>valde</strong></span> <span class='ocrx_word' id='word_1_518' title='bbox 893 3691 1092 3761; x_wconf 81' lang='lat' dir='ltr'><strong>exigua</strong></span> <span class='ocrx_word' id='word_1_519' title='bbox 1112 3690 1220 3744; x_wconf 89' lang='lat' dir='ltr'><strong>sibi</strong></span> <span class='ocrx_word' id='word_1_520' title='bbox 1243 3690 1438 3745; x_wconf 89' lang='lat' dir='ltr'><strong>audire</strong></span> <span class='ocrx_word' id='word_1_521' title='bbox 1459 3690 1703 3756; x_wconf 90' lang='lat' dir='ltr'><strong>videtur,</strong></span> <span class='ocrx_word' id='word_1_522' title='bbox 1730 3690 1826 3762; x_wconf 89' lang='lat' dir='ltr'><strong>qui</strong></span> <span class='ocrx_word' id='word_1_523' title='bbox 1850 3691 2076 3746; x_wconf 88' lang='lat' dir='ltr'><strong>univer-</strong></span> 
     </span>
    </p>
   </div>
   <div class='ocr_carea' id='block_1_70' title="bbox 496 3780 2075 3850">
    <p class='ocr_par' dir='ltr' id='par_1_70' title="bbox 496 3780 2075 3850">
     <span class='ocr_line' id='line_1_70' title="bbox 496 3780 2075 3850; baseline -0.002 -10"><span class='ocrx_word' id='word_1_524' title='bbox 496 3799 617 3841; x_wconf 81' lang='lat' dir='ltr'><strong>sum</strong></span> <span class='ocrx_word' id='word_1_525' title='bbox 642 3790 805 3837; x_wconf 69' lang='lat' dir='ltr'><strong>terra:</strong></span> <span class='ocrx_word' id='word_1_526' title='bbox 828 3780 1017 3835; x_wconf 88' lang='lat' dir='ltr'><strong>orbem</strong></span> <span class='ocrx_word' id='word_1_527' title='bbox 1040 3789 1291 3850; x_wconf 89' lang='lat' dir='ltr'><strong>spectare</strong></span> <span class='ocrx_word' id='word_1_528' title='bbox 1319 3780 1391 3835; x_wconf 86' lang='lat' dir='ltr'><strong>sit</strong></span> <span class='ocrx_word' id='word_1_529' title='bbox 1410 3781 1623 3838; x_wconf 90' lang='lat' dir='ltr'><strong>solitus.</strong></span> <span class='ocrx_word' id='word_1_530' title='bbox 1656 3800 1673 3833; x_wconf 73' lang='grc' dir='ltr'>ι</span> <span class='ocrx_word' id='word_1_531' title='bbox 1706 3780 1862 3848; x_wconf 84' lang='lat' dir='ltr'><strong>Quod</strong></span> <span class='ocrx_word' id='word_1_532' title='bbox 1888 3790 2075 3837; x_wconf 88' lang='lat' dir='ltr'><strong>autem</strong></span> 
     </span>
    </p>
   </div>
   <div class='ocr_carea' id='block_1_71' title="bbox 493 3866 2077 3938">
    <p class='ocr_par' dir='ltr' id='par_1_71' title="bbox 493 3866 2077 3938">
     <span class='ocr_line' id='line_1_71' title="bbox 493 3866 2077 3938; baseline 0.002 -14"><span class='ocrx_word' id='word_1_533' title='bbox 493 3869 681 3924; x_wconf 87' lang='lat' dir='ltr'><strong>nullus</strong></span> <span class='ocrx_word' id='word_1_534' title='bbox 730 3866 1050 3922; x_wconf 83' lang='lat' dir='ltr'><strong>Graecorum</strong></span> <span class='ocrx_word' id='word_1_535' title='bbox 1090 3866 1547 3938; x_wconf 81' lang='lat' dir='ltr'><strong>philOSOphorum</strong></span> <span class='ocrx_word' id='word_1_536' title='bbox 1596 3879 1920 3926; x_wconf 89' lang='lat' dir='ltr'><strong>montanum</strong></span> <span class='ocrx_word' id='word_1_537' title='bbox 1966 3879 2077 3927; x_wconf 78' lang='lat' dir='ltr'><strong>sta-</strong></span> 
     </span>
    </p>
   </div>
   <div class='ocr_carea' id='block_1_72' title="bbox 493 3956 2076 4021">
    <p class='ocr_par' dir='ltr' id='par_1_72' title="bbox 493 3956 2076 4021">
     <span class='ocr_line' id='line_1_72' title="bbox 493 3956 2076 4021; baseline 0 -6"><span class='ocrx_word' id='word_1_538' title='bbox 493 3960 692 4016; x_wconf 89' lang='lat' dir='ltr'><strong>bulum</strong></span> <span class='ocrx_word' id='word_1_539' title='bbox 721 3956 1006 4021; x_wconf 85' lang='lat' dir='ltr'><strong>habitarit,</strong></span> <span class='ocrx_word' id='word_1_540' title='bbox 1034 3958 1170 4012; x_wconf 89' lang='lat' dir='ltr'><strong>satis</strong></span> <span class='ocrx_word' id='word_1_541' title='bbox 1203 3966 1453 4013; x_wconf 87' lang='lat' dir='ltr'><strong>veterum</strong></span> <span class='ocrx_word' id='word_1_542' title='bbox 1490 3968 1847 4015; x_wconf 88' lang='lat' dir='ltr'><strong>monumenta</strong></span> <span class='ocrx_word' id='word_1_543' title='bbox 1881 3971 2076 4015; x_wconf 80' lang='lat' dir='ltr'><strong>osten—</strong></span> 
     </span>
    </p>
   </div>
   <div class='ocr_carea' id='block_1_73' title="bbox 466 4046 2074 4122">
    <p class='ocr_par' dir='ltr' id='par_1_73' title="bbox 466 4046 2074 4122">
     <span class='ocr_line' id='line_1_73' title="bbox 466 4046 2074 4122; baseline 0.001 -16"><span class='ocrx_word' id='word_1_544' title='bbox 466 4049 655 4107; x_wconf 85' lang='lat' dir='ltr'><strong>dunt.</strong></span> <span class='ocrx_word' id='word_1_545' title='bbox 706 4046 857 4104; x_wconf 84' lang='lat' dir='ltr'><strong>Idem</strong></span> <span class='ocrx_word' id='word_1_546' title='bbox 894 4063 1029 4103; x_wconf 90' lang='lat' dir='ltr'><strong>vero</strong></span> <span class='ocrx_word' id='word_1_547' title='bbox 1063 4056 1120 4104; x_wconf 89' lang='lat' dir='ltr'><strong>et</strong></span> <span class='ocrx_word' id='word_1_548' title='bbox 1156 4065 1255 4105; x_wconf 92' lang='lat' dir='ltr'><strong>vos</strong></span> <span class='ocrx_word' id='word_1_549' title='bbox 1311 4052 1607 4119; x_wconf 88' lang='lat' dir='ltr'><strong>testamini,</strong></span> <span class='ocrx_word' id='word_1_550' title='bbox 1658 4054 1752 4122; x_wconf 88' lang='lat' dir='ltr'><strong>qui</strong></span> <span class='ocrx_word' id='word_1_551' title='bbox 1798 4054 1906 4108; x_wconf 92' lang='lat' dir='ltr'><strong>hoc</strong></span> <span class='ocrx_word' id='word_1_552' title='bbox 1948 4054 2074 4109; x_wconf 76' lang='lat' dir='ltr'><strong>vitae</strong></span> 
     </span>
    </p>
   </div>
   <div class='ocr_carea' id='block_1_74' title="bbox 495 4141 2075 4214">
    <p class='ocr_par' dir='ltr' id='par_1_74' title="bbox 495 4141 2075 4214">
     <span class='ocr_line' id='line_1_74' title="bbox 495 4141 2075 4214; baseline 0.003 -19"><span class='ocrx_word' id='word_1_553' title='bbox 495 4156 671 4214; x_wconf 81' lang='lat' dir='ltr'><strong>genus</strong></span> <span class='ocrx_word' id='word_1_554' title='bbox 715 4141 1049 4196; x_wconf 87' lang='lat' dir='ltr'><strong>docentibus</strong></span> <span class='ocrx_word' id='word_1_555' title='bbox 1093 4141 1334 4212; x_wconf 86' lang='lat' dir='ltr'><strong>graviter</strong></span> <span class='ocrx_word' id='word_1_556' title='bbox 1385 4145 1744 4211; x_wconf 88' lang='lat' dir='ltr'><strong>succensetis,</strong></span> <span class='ocrx_word' id='word_1_557' title='bbox 1789 4160 1915 4199; x_wconf 87' lang='lat' dir='ltr'><strong>cum</strong></span> <span class='ocrx_word' id='word_1_558' title='bbox 1966 4146 2075 4200; x_wconf 92' lang='lat' dir='ltr'><strong>hoc</strong></span> 
     </span>
    </p>
   </div>
   <div class='ocr_carea' id='block_1_75' title="bbox 495 4232 2074 4291">
    <p class='ocr_par' dir='ltr' id='par_1_75' title="bbox 495 4232 2074 4291">
     <span class='ocr_line' id='line_1_75' title="bbox 495 4232 2074 4291; baseline 0.001 -3"><span class='ocrx_word' id='word_1_559' title='bbox 495 4240 678 4288; x_wconf 87' lang='lat' dir='ltr'><strong>tamen</strong></span> <span class='ocrx_word' id='word_1_560' title='bbox 707 4232 862 4288; x_wconf 92' lang='lat' dir='ltr'><strong>Plato</strong></span> <span class='ocrx_word' id='word_1_561' title='bbox 891 4232 1051 4287; x_wconf 87' lang='lat' dir='ltr'><strong>valde</strong></span> <span class='ocrx_word' id='word_1_562' title='bbox 1071 4232 1407 4287; x_wconf 90' lang='lat' dir='ltr'><strong>laudandum</strong></span> <span class='ocrx_word' id='word_1_563' title='bbox 1433 4235 1653 4290; x_wconf 79' lang='lat' dir='ltr'><strong>dixerit.</strong></span> <span class='ocrx_word' id='word_1_564' title='bbox 1686 4234 2074 4291; x_wconf 89' lang='lat' dir='ltr'><strong>Consentanea</strong></span> 
     </span>
    </p>
   </div>
   <div class='ocr_carea' id='block_1_76' title="bbox 492 4323 2071 4397">
    <p class='ocr_par' dir='ltr' id='par_1_76' title="bbox 492 4323 2071 4397">
     <span class='ocr_line' id='line_1_76' title="bbox 492 4323 2071 4397; baseline 0.002 -20"><span class='ocrx_word' id='word_1_565' title='bbox 492 4339 628 4379; x_wconf 89' lang='lat' dir='ltr'><strong>vero</strong></span> <span class='ocrx_word' id='word_1_566' title='bbox 650 4334 708 4378; x_wconf 88' lang='lat' dir='ltr'><strong>et</strong></span> <span class='ocrx_word' id='word_1_567' title='bbox 724 4323 779 4378; x_wconf 90' lang='lat' dir='ltr'><strong>in</strong></span> <span class='ocrx_word' id='word_1_568' title='bbox 807 4323 1050 4378; x_wconf 90' lang='lat' dir='ltr'><strong>secundo</strong></span> <span class='ocrx_word' id='word_1_569' title='bbox 1069 4323 1387 4394; x_wconf 76' lang='lat' dir='ltr'><strong>Reipublicw</strong></span> <span class='ocrx_word' id='word_1_570' title='bbox 1402 4325 1547 4380; x_wconf 89' lang='lat' dir='ltr'><strong>libro</strong></span> <span class='ocrx_word' id='word_1_571' title='bbox 1567 4326 1759 4381; x_wconf 88' lang='lat' dir='ltr'><strong>scribit</strong></span> <span class='ocrx_word' id='word_1_572' title='bbox 1774 4325 1848 4397; x_wconf 89' lang='lat' dir='ltr'><strong>(p.</strong></span> <span class='ocrx_word' id='word_1_573' title='bbox 1868 4326 1963 4381; x_wconf 80' lang='lat' dir='ltr'><strong>56l</strong></span> <span class='ocrx_word' id='word_1_574' title='bbox 1985 4325 2071 4397; x_wconf 91' lang='lat' dir='ltr'><strong>B).</strong></span> 
     </span>
    </p>
   </div>
   <div class='ocr_carea' id='block_1_77' title="bbox 502 4414 2070 4488">
    <p class='ocr_par' dir='ltr' id='par_1_77' title="bbox 502 4414 2070 4488">
     <span class='ocr_line' id='line_1_77' title="bbox 502 4414 2070 4488; baseline 0.003 -20"><span class='ocrx_word' id='word_1_575' title='bbox 502 4436 519 4467; x_wconf 78' lang='grc' dir='ltr'><strong>ι</strong></span> <span class='ocrx_word' id='word_1_576' title='bbox 548 4415 665 4469; x_wconf 92' lang='lat' dir='ltr'><strong>Tali</strong></span> <span class='ocrx_word' id='word_1_577' title='bbox 689 4414 914 4469; x_wconf 88' lang='lat' dir='ltr'><strong>homine</strong></span> <span class='ocrx_word' id='word_1_578' title='bbox 938 4414 1108 4470; x_wconf 87' lang='lat' dir='ltr'><strong>semel</strong></span> <span class='ocrx_word' id='word_1_579' title='bbox 1135 4432 1165 4470; x_wconf 92' lang='lat' dir='ltr'><strong>a</strong></span> <span class='ocrx_word' id='word_1_580' title='bbox 1196 4417 1357 4471; x_wconf 91' lang='lat' dir='ltr'><strong>nobis</strong></span> <span class='ocrx_word' id='word_1_581' title='bbox 1384 4417 1584 4486; x_wconf 88' lang='lat' dir='ltr'><strong>posito,</strong></span> <span class='ocrx_word' id='word_1_582' title='bbox 1618 4417 1819 4485; x_wconf 88' lang='lat' dir='ltr'><strong>inquit,</strong></span> <span class='ocrx_word' id='word_1_583' title='bbox 1857 4418 2070 4488; x_wconf 86' lang='lat' dir='ltr'><strong>justum</strong></span> 
     </span>
    </p>
   </div>
   <div class='ocr_carea' id='block_1_78' title="bbox 2178 3238 3763 3313">
    <p class='ocr_par' dir='ltr' id='par_1_78' title="bbox 2178 3238 3763 3313">
     <span class='ocr_line' id='line_1_78' title="bbox 2178 3238 3763 3313; baseline 0.01 -25"><span class='ocrx_word' id='word_1_584' title='bbox 2178 3252 2395 3307; x_wconf 86' lang='grc' dir='ltr'>κτηται,</span> <span class='ocrx_word' id='word_1_585' title='bbox 2430 3238 2571 3291; x_wconf 89' lang='grc' dir='ltr'>πάνυ</span> <span class='ocrx_word' id='word_1_586' title='bbox 2595 3242 2806 3311; x_wconf 77' lang='grc' dir='ltr'>σμικρά</span> <span class='ocrx_word' id='word_1_587' title='bbox 2835 3242 2983 3295; x_wconf 82' lang='grc' dir='ltr'>δοκεῖ</span> <span class='ocrx_word' id='word_1_588' title='bbox 3019 3244 3261 3313; x_wconf 83' lang='grc' dir='ltr'>ἀκούειν,</span> <span class='ocrx_word' id='word_1_589' title='bbox 3283 3248 3364 3310; x_wconf 83' lang='grc' dir='ltr'><strong>είς</strong></span> <span class='ocrx_word' id='word_1_590' title='bbox 3396 3248 3614 3302; x_wconf 80' lang='grc' dir='ltr'>ἅπασαν</span> <span class='ocrx_word' id='word_1_591' title='bbox 3637 3251 3763 3304; x_wconf 86' lang='grc' dir='ltr'>είω-</span> 
     </span>
    </p>
   </div>
   <div class='ocr_carea' id='block_1_79' title="bbox 2176 3325 3763 3415">
    <p class='ocr_par' dir='ltr' id='par_1_79' title="bbox 2176 3325 3763 3415">
     <span class='ocr_line' id='line_1_79' title="bbox 2176 3325 3763 3415; baseline 0.011 -37"><span class='ocrx_word' id='word_1_592' title='bbox 2176 3325 2285 3390; x_wconf 85' lang='grc' dir='ltr'><strong>θὼς</strong></span> <span class='ocrx_word' id='word_1_593' title='bbox 2312 3327 2410 3397; x_wconf 83' lang='grc' dir='ltr'>τὴν</span> <span class='ocrx_word' id='word_1_594' title='bbox 2450 3328 2553 3399; x_wconf 83' lang='grc' dir='ltr'>γῆν</span> <span class='ocrx_word' id='word_1_595' title='bbox 2590 3328 2830 3399; x_wconf 86' lang='grc' dir='ltr'>βλέπειν.</span> <span class='ocrx_word' id='word_1_596' title='bbox 2869 3351 2887 3385; x_wconf 73' lang='grc' dir='ltr'>ι</span> <span class='ocrx_word' id='word_1_597' title='bbox 2932 3334 3055 3388; x_wconf 75' lang='grc' dir='ltr'>Ὀτι</span> <span class='ocrx_word' id='word_1_598' title='bbox 3104 3335 3159 3389; x_wconf 84' lang='grc' dir='ltr'><strong>δὲ</strong></span> <span class='ocrx_word' id='word_1_599' title='bbox 3208 3337 3317 3391; x_wconf 90' lang='grc' dir='ltr'><strong>τῶν</strong></span> <span class='ocrx_word' id='word_1_600' title='bbox 3357 3339 3487 3410; x_wconf 83' lang='grc' dir='ltr'>παρ’</span> <span class='ocrx_word' id='word_1_601' title='bbox 3536 3340 3763 3415; x_wconf 79' lang='grc' dir='ltr'>Ἕλλησι</span> 
     </span>
    </p>
   </div>
   <div class='ocr_carea' id='block_1_80' title="bbox 2179 3418 3763 3505">
    <p class='ocr_par' dir='ltr' id='par_1_80' title="bbox 2179 3418 3763 3505">
     <span class='ocr_line' id='line_1_80' title="bbox 2179 3418 3763 3505; baseline 0.011 -34"><span class='ocrx_word' id='word_1_602' title='bbox 2179 3418 2695 3492; x_wconf 81' lang='grc' dir='ltr'>πεφιλοσοφηκότων</span> <span class='ocrx_word' id='word_1_603' title='bbox 2737 3426 2915 3491; x_wconf 75' lang='grc' dir='ltr'>οὐδεὶς</span> <span class='ocrx_word' id='word_1_604' title='bbox 2954 3428 3012 3480; x_wconf 87' lang='grc' dir='ltr'>ὲν</span> <span class='ocrx_word' id='word_1_605' title='bbox 3043 3428 3159 3501; x_wconf 80' lang='grc' dir='ltr'>ὄρει</span> <span class='ocrx_word' id='word_1_606' title='bbox 3217 3431 3384 3502; x_wconf 75' lang='grc' dir='ltr'>σηκὸν</span> <span class='ocrx_word' id='word_1_607' title='bbox 3431 3432 3763 3505; x_wconf 84' lang='grc' dir='ltr'>δειμάμενος</span> 
     </span>
    </p>
   </div>
   <div class='ocr_carea' id='block_1_81' title="bbox 2176 3508 3764 3597">
    <p class='ocr_par' dir='ltr' id='par_1_81' title="bbox 2176 3508 3764 3597">
     <span class='ocr_line' id='line_1_81' title="bbox 2176 3508 3764 3597; baseline 0.011 -35"><span class='ocrx_word' id='word_1_608' title='bbox 2176 3508 2411 3583; x_wconf 77' lang='grc' dir='ltr'>ᾤκησεν,</span> <span class='ocrx_word' id='word_1_609' title='bbox 2450 3514 2607 3569; x_wconf 74' lang='grc' dir='ltr'>ἱκανὰ</span> <span class='ocrx_word' id='word_1_610' title='bbox 2635 3517 2733 3585; x_wconf 81' lang='grc' dir='ltr'>μὲν</span> <span class='ocrx_word' id='word_1_611' title='bbox 2759 3516 2854 3573; x_wconf 80' lang='grc' dir='ltr'><strong>καὶ</strong></span> <span class='ocrx_word' id='word_1_612' title='bbox 2879 3517 2945 3571; x_wconf 81' lang='grc' dir='ltr'><strong>τά</strong></span> <span class='ocrx_word' id='word_1_613' title='bbox 2974 3519 3181 3573; x_wconf 84' lang='grc' dir='ltr'>παλαιὰ</span> <span class='ocrx_word' id='word_1_614' title='bbox 3204 3520 3441 3591; x_wconf 84' lang='grc' dir='ltr'>δηλῶσαι</span> <span class='ocrx_word' id='word_1_615' title='bbox 3472 3523 3764 3597; x_wconf 83' lang='grc' dir='ltr'>ξυγγράμ-</span> 
     </span>
    </p>
   </div>
   <div class='ocr_carea' id='block_1_82' title="bbox 2178 3607 3762 3685">
    <p class='ocr_par' dir='ltr' id='par_1_82' title="bbox 2178 3607 3762 3685">
     <span class='ocr_line' id='line_1_82' title="bbox 2178 3607 3762 3685; baseline 0.008 -28"><span class='ocrx_word' id='word_1_616' title='bbox 2178 3621 2344 3674; x_wconf 85' lang='grc' dir='ltr'>ματα,</span> <span class='ocrx_word' id='word_1_617' title='bbox 2380 3609 2709 3678; x_wconf 85' lang='grc' dir='ltr'>μαρτυρεῖτε</span> <span class='ocrx_word' id='word_1_618' title='bbox 2747 3607 2805 3661; x_wconf 79' lang='grc' dir='ltr'>δὲ</span> <span class='ocrx_word' id='word_1_619' title='bbox 2829 3608 2922 3662; x_wconf 72' lang='grc' dir='ltr'>καὶ</span> <span class='ocrx_word' id='word_1_620' title='bbox 2952 3610 3132 3681; x_wconf 84' lang='grc' dir='ltr'>ὑμεῖς,</span> <span class='ocrx_word' id='word_1_621' title='bbox 3163 3615 3277 3677; x_wconf 85' lang='grc' dir='ltr'>τοῖς</span> <span class='ocrx_word' id='word_1_622' title='bbox 3302 3613 3493 3669; x_wconf 77' lang='grc' dir='ltr'>τοῦτον</span> <span class='ocrx_word' id='word_1_623' title='bbox 3523 3615 3564 3647; x_wconf 79' lang='grc'>¹¹</span> <span class='ocrx_word' id='word_1_624' title='bbox 3627 3633 3762 3685; x_wconf 77' lang='grc' dir='ltr'>μετ-</span> 
     </span>
    </p>
   </div>
   <div class='ocr_carea' id='block_1_83' title="bbox 2176 3693 3765 3770">
    <p class='ocr_par' dir='ltr' id='par_1_83' title="bbox 2176 3693 3765 3770">
     <span class='ocr_line' id='line_1_83' title="bbox 2176 3693 3765 3770; baseline 0.008 -23"><span class='ocrx_word' id='word_1_625' title='bbox 2176 3693 2318 3748; x_wconf 81' lang='grc' dir='ltr'>ιοῦσι</span> <span class='ocrx_word' id='word_1_626' title='bbox 2343 3697 2680 3766; x_wconf 85' lang='grc' dir='ltr'>νεμεσῶντες</span> <span class='ocrx_word' id='word_1_627' title='bbox 2730 3697 2822 3751; x_wconf 74' lang='grc' dir='ltr'>τὸν</span> <span class='ocrx_word' id='word_1_628' title='bbox 2876 3697 3011 3770; x_wconf 84' lang='grc' dir='ltr'>βίον.</span> <span class='ocrx_word' id='word_1_629' title='bbox 3082 3702 3268 3757; x_wconf 83' lang='grc' dir='ltr'>Ἀλλ’ὁ</span> <span class='ocrx_word' id='word_1_630' title='bbox 3302 3704 3527 3758; x_wconf 87' lang='grc' dir='ltr'>Πλάτων</span> <span class='ocrx_word' id='word_1_631' title='bbox 3570 3706 3765 3760; x_wconf 80' lang='grc' dir='ltr'>τοῦτον</span> 
     </span>
    </p>
   </div>
   <div class='ocr_carea' id='block_1_84' title="bbox 2175 3786 3763 3867">
    <p class='ocr_par' dir='ltr' id='par_1_84' title="bbox 2175 3786 3763 3867">
     <span class='ocr_line' id='line_1_84' title="bbox 2175 3786 3763 3867; baseline 0.009 -29"><span class='ocrx_word' id='word_1_632' title='bbox 2175 3786 2395 3857; x_wconf 77' lang='grc' dir='ltr'>εἴρηκεν</span> <span class='ocrx_word' id='word_1_633' title='bbox 2430 3787 2892 3856; x_wconf 82' lang='grc' dir='ltr'>ἀξιαγαστὸτατον</span> <span class='ocrx_word' id='word_1_634' title='bbox 2949 3790 3101 3865; x_wconf 83' lang='grc'><strong>[170]</strong></span> <span class='ocrx_word' id='word_1_635' title='bbox 3158 3790 3316 3849; x_wconf 81' lang='grc' dir='ltr'>εἷναι.</span> <span class='ocrx_word' id='word_1_636' title='bbox 3369 3797 3650 3867; x_wconf 62' lang='grc' dir='ltr'>Ξύμςωνα</span> <span class='ocrx_word' id='word_1_637' title='bbox 3703 3800 3763 3852; x_wconf 81' lang='grc' dir='ltr'>δὲ</span> 
     </span>
    </p>
   </div>
   <div class='ocr_carea' id='block_1_85' title="bbox 2175 3876 3767 3959">
    <p class='ocr_par' dir='ltr' id='par_1_85' title="bbox 2175 3876 3767 3959">
     <span class='ocr_line' id='line_1_85' title="bbox 2175 3876 3767 3959; baseline 0.009 -31"><span class='ocrx_word' id='word_1_638' title='bbox 2175 3876 2277 3929; x_wconf 86' lang='grc' dir='ltr'><strong>κάν</strong></span> <span class='ocrx_word' id='word_1_639' title='bbox 2295 3876 2373 3947; x_wconf 82' lang='grc' dir='ltr'>τῷ</span> <span class='ocrx_word' id='word_1_640' title='bbox 2410 3876 2647 3949; x_wconf 84' lang='grc' dir='ltr'>δευτέρῳ</span> <span class='ocrx_word' id='word_1_641' title='bbox 2677 3880 2773 3949; x_wconf 82' lang='grc' dir='ltr'>τῆς</span> <span class='ocrx_word' id='word_1_642' title='bbox 2791 3884 3103 3951; x_wconf 78' lang='grc' dir='ltr'>Πολιτείας</span> <span class='ocrx_word' id='word_1_643' title='bbox 3126 3884 3250 3957; x_wconf 80' lang='grc' dir='ltr'>ἔφη’</span> <span class='ocrx_word' id='word_1_644' title='bbox 3276 3904 3296 3937; x_wconf 85' lang='grc'><em>‹</em></span> <span class='ocrx_word' id='word_1_645' title='bbox 3325 3886 3429 3940; x_wconf 83' lang='grc' dir='ltr'><strong>Τὸν</strong></span> <span class='ocrx_word' id='word_1_646' title='bbox 3457 3886 3565 3959; x_wconf 80' lang='grc' dir='ltr'><strong>γάρ</strong></span> <span class='ocrx_word' id='word_1_647' title='bbox 3593 3880 3767 3941; x_wconf 53' lang='grc' dir='ltr'>τοιού-</span> 
     </span>
    </p>
   </div>
   <div class='ocr_carea' id='block_1_86' title="bbox 2173 3968 3763 4051">
    <p class='ocr_par' dir='ltr' id='par_1_86' title="bbox 2173 3968 3763 4051">
     <span class='ocr_line' id='line_1_86' title="bbox 2173 3968 3763 4051; baseline 0.009 -32"><span class='ocrx_word' id='word_1_648' title='bbox 2173 3982 2288 4034; x_wconf 85' lang='grc' dir='ltr'>τον,</span> <span class='ocrx_word' id='word_1_649' title='bbox 2316 3970 2468 4038; x_wconf 71' lang='grc' dir='ltr'>φησὶ,</span> <span class='ocrx_word' id='word_1_650' title='bbox 2503 3968 2704 4032; x_wconf 87' lang='grc' dir='ltr'>θέντες,</span> <span class='ocrx_word' id='word_1_651' title='bbox 2728 3971 2819 4025; x_wconf 69' lang='grc' dir='ltr'>τὸν</span> <span class='ocrx_word' id='word_1_652' title='bbox 2848 3972 3057 4028; x_wconf 87' lang='grc' dir='ltr'>δίκαιον</span> <span class='ocrx_word' id='word_1_653' title='bbox 3082 3972 3147 4029; x_wconf 79' lang='grc' dir='ltr'><strong>αὖ</strong></span> <span class='ocrx_word' id='word_1_654' title='bbox 3174 3976 3305 4047; x_wconf 84' lang='grc' dir='ltr'>παρ’</span> <span class='ocrx_word' id='word_1_655' title='bbox 3328 3978 3490 4032; x_wconf 75' lang='grc' dir='ltr'>αὐτὸν</span> <span class='ocrx_word' id='word_1_656' title='bbox 3522 3980 3763 4051; x_wconf 75' lang='grc' dir='ltr'>ἱστῶμεν</span> 
     </span>
    </p>
   </div>
   <div class='ocr_carea' id='block_1_87' title="bbox 2174 4056 3760 4141">
    <p class='ocr_par' dir='ltr' id='par_1_87' title="bbox 2174 4056 3760 4141">
     <span class='ocr_line' id='line_1_87' title="bbox 2174 4056 3760 4141; baseline 0.01 -31"><span class='ocrx_word' id='word_1_657' title='bbox 2174 4056 2252 4128; x_wconf 83' lang='grc' dir='ltr'>τῷ</span> <span class='ocrx_word' id='word_1_658' title='bbox 2270 4057 2436 4128; x_wconf 84' lang='grc' dir='ltr'>λόγῳ,</span> <span class='ocrx_word' id='word_1_659' title='bbox 2466 4060 2636 4131; x_wconf 83' lang='grc' dir='ltr'>ἄνδρα</span> <span class='ocrx_word' id='word_1_660' title='bbox 2668 4061 2874 4117; x_wconf 79' lang='grc' dir='ltr'>ἁπλοῦν</span> <span class='ocrx_word' id='word_1_661' title='bbox 2908 4065 3001 4119; x_wconf 78' lang='grc' dir='ltr'><strong>καὶ</strong></span> <span class='ocrx_word' id='word_1_662' title='bbox 3025 4071 3289 4135; x_wconf 84' lang='grc' dir='ltr'>γενναῖον,</span> <span class='ocrx_word' id='word_1_663' title='bbox 3328 4070 3445 4123; x_wconf 84' lang='grc' dir='ltr'>κατ’</span> <span class='ocrx_word' id='word_1_664' title='bbox 3468 4071 3760 4141; x_wconf 70' lang='grc' dir='ltr'>Αἰσχύλον,</span> 
     </span>
    </p>
   </div>
   <div class='ocr_carea' id='block_1_88' title="bbox 2174 4146 3763 4236">
    <p class='ocr_par' dir='ltr' id='par_1_88' title="bbox 2174 4146 3763 4236">
     <span class='ocr_line' id='line_1_88' title="bbox 2174 4146 3763 4236; baseline 0.013 -36"><span class='ocrx_word' id='word_1_665' title='bbox 2174 4148 2443 4221; x_wconf 12' lang='grc' dir='ltr'>οὺγδοκείν</span> <span class='ocrx_word' id='word_1_666' title='bbox 2498 4151 2617 4205; x_wconf 75' lang='grc' dir='ltr'>ἀλλ’</span> <span class='ocrx_word' id='word_1_667' title='bbox 2645 4146 2784 4209; x_wconf 72' lang='grc' dir='ltr'>εἶναι</span> <span class='ocrx_word' id='word_1_668' title='bbox 2832 4157 3036 4225; x_wconf 81' lang='grc' dir='ltr'>ἀγαθὸν</span> <span class='ocrx_word' id='word_1_669' title='bbox 3081 4160 3357 4218; x_wconf 83' lang='grc' dir='ltr'>ἐθέλοντα.</span> <span class='ocrx_word' id='word_1_670' title='bbox 3409 4162 3763 4236; x_wconf 79' lang='grc' dir='ltr'>Ἀφαιρετέον</span> 
     </span>
    </p>
   </div>
   <div class='ocr_carea' id='block_1_89' title="bbox 2175 4236 3763 4318">
    <p class='ocr_par' dir='ltr' id='par_1_89' title="bbox 2175 4236 3763 4318">
     <span class='ocr_line' id='line_1_89' title="bbox 2175 4236 3763 4318; baseline 0.013 -29"><span class='ocrx_word' id='word_1_671' title='bbox 2175 4236 2232 4289; x_wconf 82' lang='grc' dir='ltr'>δὲ</span> <span class='ocrx_word' id='word_1_672' title='bbox 2262 4237 2329 4291; x_wconf 75' lang='grc' dir='ltr'>τὸ</span> <span class='ocrx_word' id='word_1_673' title='bbox 2360 4236 2583 4293; x_wconf 80' lang='grc' dir='ltr'>δοκεῖν.</span> <span class='ocrx_word' id='word_1_674' title='bbox 2618 4240 2680 4294; x_wconf 80' lang='lat' dir='ltr'><strong>Ei</strong></span> <span class='ocrx_word' id='word_1_675' title='bbox 2707 4243 2815 4313; x_wconf 79' lang='grc' dir='ltr'><strong>γὰρ</strong></span> <span class='ocrx_word' id='word_1_676' title='bbox 2845 4244 2985 4310; x_wconf 75' lang='grc' dir='ltr'>δόξει</span> <span class='ocrx_word' id='word_1_677' title='bbox 3016 4247 3058 4279; x_wconf 82' lang='grc'>²²</span> <span class='ocrx_word' id='word_1_678' title='bbox 3088 4249 3295 4314; x_wconf 84' lang='grc' dir='ltr'>δίκαιος</span> <span class='ocrx_word' id='word_1_679' title='bbox 3340 4247 3498 4318; x_wconf 79' lang='grc' dir='ltr'>εἶναι,</span> <span class='ocrx_word' id='word_1_680' title='bbox 3546 4255 3763 4310; x_wconf 82' lang='grc' dir='ltr'>ἔσονται</span> 
     </span>
    </p>
   </div>
   <div class='ocr_carea' id='block_1_90' title="bbox 2175 4324 3764 4415">
    <p class='ocr_par' dir='ltr' id='par_1_90' title="bbox 2175 4324 3764 4415">
     <span class='ocr_line' id='line_1_90' title="bbox 2175 4324 3764 4415; baseline 0.013 -36"><span class='ocrx_word' id='word_1_681' title='bbox 2175 4324 2322 4397; x_wconf 79' lang='grc' dir='ltr'>αὐτῷ</span> <span class='ocrx_word' id='word_1_682' title='bbox 2344 4329 2500 4398; x_wconf 75' lang='grc' dir='ltr'>τιμαὶ</span> <span class='ocrx_word' id='word_1_683' title='bbox 2528 4330 2618 4382; x_wconf 82' lang='lat' dir='ltr'><strong>ml.</strong></span> <span class='ocrx_word' id='word_1_684' title='bbox 2640 4331 2859 4402; x_wconf 76' lang='grc' dir='ltr'>δωρεαὶ,</span> <span class='ocrx_word' id='word_1_685' title='bbox 2881 4335 3123 4391; x_wconf 85' lang='grc' dir='ltr'>δοκοῦντι</span> <span class='ocrx_word' id='word_1_686' title='bbox 3146 4340 3372 4412; x_wconf 82' lang='grc' dir='ltr'>τοιούτῳ</span> <span class='ocrx_word' id='word_1_687' title='bbox 3401 4337 3561 4396; x_wconf 76' lang='grc' dir='ltr'>εἶναι.</span> <span class='ocrx_word' id='word_1_688' title='bbox 3592 4345 3764 4415; x_wconf 84' lang='grc' dir='ltr'>Ἀδη-</span> 
     </span>
    </p>
   </div>
   <div class='ocr_carea' id='block_1_91' title="bbox 2174 4415 3763 4506">
    <p class='ocr_par' dir='ltr' id='par_1_91' title="bbox 2174 4415 3763 4506">
     <span class='ocr_line' id='line_1_91' title="bbox 2174 4415 3763 4506; baseline 0.013 -36"><span class='ocrx_word' id='word_1_689' title='bbox 2174 4417 2266 4471; x_wconf 88' lang='grc' dir='ltr'><strong>λον</strong></span> <span class='ocrx_word' id='word_1_690' title='bbox 2296 4415 2410 4481; x_wconf 79' lang='grc' dir='ltr'>οὖν,</span> <span class='ocrx_word' id='word_1_691' title='bbox 2443 4421 2553 4474; x_wconf 77' lang='grc' dir='ltr'>εἴτε</span> <span class='ocrx_word' id='word_1_692' title='bbox 2582 4423 2676 4477; x_wconf 77' lang='grc' dir='ltr'>τοῦ</span> <span class='ocrx_word' id='word_1_693' title='bbox 2699 4425 2931 4494; x_wconf 79' lang='grc' dir='ltr'>δικαίου,</span> <span class='ocrx_word' id='word_1_694' title='bbox 2953 4428 3062 4481; x_wconf 78' lang='grc' dir='ltr'>εἴτε</span> <span class='ocrx_word' id='word_1_695' title='bbox 3088 4429 3197 4482; x_wconf 89' lang='grc' dir='ltr'><strong>τῶν</strong></span> <span class='ocrx_word' id='word_1_696' title='bbox 3217 4431 3433 4502; x_wconf 84' lang='grc' dir='ltr'>δωρεῶν</span> <span class='ocrx_word' id='word_1_697' title='bbox 3461 4435 3553 4488; x_wconf 77' lang='grc' dir='ltr'>καὶ</span> <span class='ocrx_word' id='word_1_698' title='bbox 3581 4436 3763 4506; x_wconf 82' lang='grc' dir='ltr'>τιμῶν</span> 
     </span>
    </p>
   </div>
   <div class='ocr_carea' id='block_1_92' title="bbox 494 4505 2071 4597">
    <p class='ocr_par' dir='ltr' id='par_1_92' title="bbox 494 4505 2071 4576">
     <span class='ocr_line' id='line_1_92' title="bbox 494 4505 2071 4576; baseline 0.001 -16"><span class='ocrx_word' id='word_1_699' title='bbox 494 4520 689 4560; x_wconf 88' lang='lat' dir='ltr'><strong>rursus</strong></span> <span class='ocrx_word' id='word_1_700' title='bbox 717 4506 871 4576; x_wconf 73' lang='lat' dir='ltr'><strong>juxta</strong></span> <span class='ocrx_word' id='word_1_701' title='bbox 899 4505 1047 4559; x_wconf 88' lang='lat' dir='ltr'><strong>hunc</strong></span> <span class='ocrx_word' id='word_1_702' title='bbox 1086 4514 1415 4571; x_wconf 84' lang='lat' dir='ltr'><strong>statuamus,</strong></span> <span class='ocrx_word' id='word_1_703' title='bbox 1446 4507 1628 4560; x_wconf 84' lang='lat' dir='ltr'><strong>virum</strong></span> <span class='ocrx_word' id='word_1_704' title='bbox 1670 4506 1977 4576; x_wconf 86' lang='lat' dir='ltr'><strong>simplicem</strong></span> <span class='ocrx_word' id='word_1_705' title='bbox 2014 4516 2071 4562; x_wconf 91' lang='lat' dir='ltr'><strong>et</strong></span> 
     </span>
    </p>
   </div>
   <div class='ocr_carea' id='block_1_93' title="bbox 2172 4505 3765 4597">
    <p class='ocr_par' dir='ltr' id='par_1_93' title="bbox 2175 4505 3765 4597">
     <span class='ocr_line' id='line_1_93' title="bbox 2175 4505 3765 4597; baseline 0.012 -35"><span class='ocrx_word' id='word_1_706' title='bbox 2175 4509 2361 4565; x_wconf 71' lang='grc' dir='ltr'>ἕνεκεν</span> <span class='ocrx_word' id='word_1_707' title='bbox 2389 4513 2628 4577; x_wconf 78' lang='grc' dir='ltr'>τοιοῦτος</span> <span class='ocrx_word' id='word_1_708' title='bbox 2667 4517 2776 4586; x_wconf 75' lang='grc' dir='ltr'>εἴη,</span> <span class='ocrx_word' id='word_1_709' title='bbox 2804 4517 3123 4588; x_wconf 89' lang='grc' dir='ltr'>Γυμνωτέος</span> <span class='ocrx_word' id='word_1_710' title='bbox 3151 4521 3215 4592; x_wconf 80' lang='grc' dir='ltr'>δὴ</span> <span class='ocrx_word' id='word_1_711' title='bbox 3262 4524 3478 4577; x_wconf 83' lang='grc' dir='ltr'>πάντων</span> <span class='ocrx_word' id='word_1_712' title='bbox 3505 4505 3652 4597; x_wconf 83' lang='grc' dir='ltr'>πλὴν</span> <span class='ocrx_word' id='word_1_713' title='bbox 3681 4527 3765 4580; x_wconf 82' lang='grc' dir='ltr'>δι-</span> 
     </span>
    </p>
   </div>
   <div class='ocr_carea' id='block_1_94' title="bbox 493 4595 2072 4667">
    <p class='ocr_par' dir='ltr' id='par_1_94' title="bbox 493 4595 2072 4667">
     <span class='ocr_line' id='line_1_94' title="bbox 493 4595 2072 4667; baseline 0.003 -18"><span class='ocrx_word' id='word_1_714' title='bbox 493 4609 845 4666; x_wconf 87' lang='lat' dir='ltr'><strong>generosum,</strong></span> <span class='ocrx_word' id='word_1_715' title='bbox 883 4595 1001 4663; x_wconf 85' lang='lat' dir='ltr'><strong>qui,</strong></span> <span class='ocrx_word' id='word_1_716' title='bbox 1034 4604 1097 4648; x_wconf 89' lang='lat' dir='ltr'><strong>nt</strong></span> <span class='ocrx_word' id='word_1_717' title='bbox 1132 4595 1210 4649; x_wconf 90' lang='lat' dir='ltr'><strong>ait</strong></span> <span class='ocrx_word' id='word_1_718' title='bbox 1248 4596 1563 4667; x_wconf 67' lang='lat' dir='ltr'><strong>Aﬂschylus,</strong></span> <span class='ocrx_word' id='word_1_719' title='bbox 1594 4610 1705 4650; x_wconf 90' lang='lat' dir='ltr'><strong>non</strong></span> <span class='ocrx_word' id='word_1_720' title='bbox 1738 4596 1937 4662; x_wconf 81' lang='lat' dir='ltr'><strong>videri,</strong></span> <span class='ocrx_word' id='word_1_721' title='bbox 1974 4597 2072 4653; x_wconf 87' lang='lat' dir='ltr'><strong>sed</strong></span> 
     </span>
    </p>
   </div>
   <div class='ocr_carea' id='block_1_95' title="bbox 491 4684 2068 4754">
    <p class='ocr_par' dir='ltr' id='par_1_95' title="bbox 491 4684 2068 4754">
     <span class='ocr_line' id='line_1_95' title="bbox 491 4684 2068 4754; baseline 0 -14"><span class='ocrx_word' id='word_1_722' title='bbox 491 4699 612 4741; x_wconf 86' lang='lat' dir='ltr'><strong>esse</strong></span> <span class='ocrx_word' id='word_1_723' title='bbox 632 4684 812 4738; x_wconf 88' lang='lat' dir='ltr'><strong>bonus</strong></span> <span class='ocrx_word' id='word_1_724' title='bbox 831 4692 1069 4753; x_wconf 88' lang='lat' dir='ltr'><strong>appetat.</strong></span> <span class='ocrx_word' id='word_1_725' title='bbox 1095 4685 1232 4739; x_wconf 86' lang='lat' dir='ltr'><strong>Illud</strong></span> <span class='ocrx_word' id='word_1_726' title='bbox 1254 4686 1400 4741; x_wconf 90' lang='lat' dir='ltr'><strong>enim</strong></span> <span class='ocrx_word' id='word_1_727' title='bbox 1426 4686 1590 4739; x_wconf 80' lang='lat' dir='ltr'><strong>videri</strong></span> <span class='ocrx_word' id='word_1_728' title='bbox 1605 4700 1838 4754; x_wconf 92' lang='lat' dir='ltr'><strong>prorsus</strong></span> <span class='ocrx_word' id='word_1_729' title='bbox 1868 4687 2068 4741; x_wconf 86' lang='lat' dir='ltr'><strong>tollen-</strong></span> 
     </span>
    </p>
   </div>
   <div class='ocr_carea' id='block_1_96' title="bbox 492 4773 2066 4847">
    <p class='ocr_par' dir='ltr' id='par_1_96' title="bbox 492 4773 2066 4847">
     <span class='ocr_line' id='line_1_96' title="bbox 492 4773 2066 4847; baseline 0.003 -19"><span class='ocrx_word' id='word_1_730' title='bbox 492 4774 625 4829; x_wconf 91' lang='lat' dir='ltr'><strong>dum</strong></span> <span class='ocrx_word' id='word_1_731' title='bbox 670 4787 889 4828; x_wconf 88' lang='lat' dir='ltr'><strong>censeo.</strong></span> <span class='ocrx_word' id='word_1_732' title='bbox 939 4773 1073 4829; x_wconf 85' lang='lat' dir='ltr'><strong>Nam</strong></span> <span class='ocrx_word' id='word_1_733' title='bbox 1121 4776 1169 4830; x_wconf 93' lang='lat' dir='ltr'><strong>si</strong></span> <span class='ocrx_word' id='word_1_734' title='bbox 1202 4778 1386 4847; x_wconf 86' lang='lat' dir='ltr'><strong>justus</strong></span> <span class='ocrx_word' id='word_1_735' title='bbox 1424 4776 1746 4831; x_wconf 88' lang='lat' dir='ltr'><strong>hominibus</strong></span> <span class='ocrx_word' id='word_1_736' title='bbox 1787 4776 2066 4842; x_wconf 87' lang='lat' dir='ltr'><strong>videatur,</strong></span> 
     </span>
    </p>
   </div>
   <div class='ocr_carea' id='block_1_97' title="bbox 491 4864 2067 4937">
    <p class='ocr_par' dir='ltr' id='par_1_97' title="bbox 491 4864 2067 4937">
     <span class='ocr_line' id='line_1_97' title="bbox 491 4864 2067 4937; baseline 0.004 -20"><span class='ocrx_word' id='word_1_737' title='bbox 491 4864 733 4918; x_wconf 88' lang='lat' dir='ltr'><strong>honores</strong></span> <span class='ocrx_word' id='word_1_738' title='bbox 751 4864 904 4918; x_wconf 89' lang='lat' dir='ltr'><strong>illum</strong></span> <span class='ocrx_word' id='word_1_739' title='bbox 930 4873 987 4920; x_wconf 89' lang='lat' dir='ltr'><strong>et</strong></span> <span class='ocrx_word' id='word_1_740' title='bbox 1010 4880 1241 4920; x_wconf 90' lang='lat' dir='ltr'><strong>munera</strong></span> <span class='ocrx_word' id='word_1_741' title='bbox 1267 4866 1652 4937; x_wconf 88' lang='lat' dir='ltr'><strong>insequentur,</strong></span> <span class='ocrx_word' id='word_1_742' title='bbox 1675 4867 1770 4936; x_wconf 91' lang='lat' dir='ltr'><strong>qui</strong></span> <span class='ocrx_word' id='word_1_743' title='bbox 1795 4867 1922 4923; x_wconf 88' lang='lat' dir='ltr'><strong>talis</strong></span> <span class='ocrx_word' id='word_1_744' title='bbox 1944 4884 2067 4925; x_wconf 86' lang='lat' dir='ltr'><strong>esse</strong></span> 
     </span>
    </p>
   </div>
   <div class='ocr_carea' id='block_1_98' title="bbox 490 4956 2068 5029">
    <p class='ocr_par' dir='ltr' id='par_1_98' title="bbox 490 4956 2068 5029">
     <span class='ocr_line' id='line_1_98' title="bbox 490 4956 2068 5029; baseline 0.003 -19"><span class='ocrx_word' id='word_1_745' title='bbox 490 4956 765 5012; x_wconf 89' lang='lat' dir='ltr'><strong>videatur.</strong></span> <span class='ocrx_word' id='word_1_746' title='bbox 782 4957 1060 5014; x_wconf 83' lang='lat' dir='ltr'><strong>Incertum</strong></span> <span class='ocrx_word' id='word_1_747' title='bbox 1082 4958 1269 5028; x_wconf 87' lang='lat' dir='ltr'><strong>itaque</strong></span> <span class='ocrx_word' id='word_1_748' title='bbox 1295 4959 1627 5023; x_wconf 72' lang='lat' dir='ltr'><strong>erit,utrum</strong></span> <span class='ocrx_word' id='word_1_749' title='bbox 1656 4958 1967 5029; x_wconf 68' lang='lat' dir='ltr'><strong>isjustitite,</strong></span> <span class='ocrx_word' id='word_1_750' title='bbox 1996 4976 2068 5015; x_wconf 90' lang='lat' dir='ltr'><strong>an</strong></span> 
     </span>
    </p>
   </div>
   <div class='ocr_carea' id='block_1_99' title="bbox 490 5046 2069 5120">
    <p class='ocr_par' dir='ltr' id='par_1_99' title="bbox 490 5046 2069 5120">
     <span class='ocr_line' id='line_1_99' title="bbox 490 5046 2069 5120; baseline 0.004 -18"><span class='ocrx_word' id='word_1_751' title='bbox 490 5046 841 5119; x_wconf 68' lang='lat' dir='ltr'><strong>praemiorum</strong></span> <span class='ocrx_word' id='word_1_752' title='bbox 870 5065 936 5105; x_wconf 92' lang='lat' dir='ltr'><strong>ac</strong></span> <span class='ocrx_word' id='word_1_753' title='bbox 957 5049 1287 5120; x_wconf 86' lang='lat' dir='ltr'><strong>dignitatum</strong></span> <span class='ocrx_word' id='word_1_754' title='bbox 1309 5063 1474 5103; x_wconf 82' lang='lat' dir='ltr'><strong>causa</strong></span> <span class='ocrx_word' id='word_1_755' title='bbox 1499 5049 1570 5104; x_wconf 89' lang='lat' dir='ltr'><strong>sit</strong></span> <span class='ocrx_word' id='word_1_756' title='bbox 1592 5049 1738 5104; x_wconf 86' lang='lat' dir='ltr'><strong>talis.</strong></span> <span class='ocrx_word' id='word_1_757' title='bbox 1764 5047 2069 5109; x_wconf 84' lang='lat' dir='ltr'><strong>Nudandus</strong></span> 
     </span>
    </p>
   </div>
   <div class='ocr_carea' id='block_1_100' title="bbox 490 5139 2069 5211">
    <p class='ocr_par' dir='ltr' id='par_1_100' title="bbox 490 5139 2069 5211">
     <span class='ocr_line' id='line_1_100' title="bbox 490 5139 2069 5211; baseline 0.003 -17"><span class='ocrx_word' id='word_1_758' title='bbox 490 5139 653 5210; x_wconf 85' lang='lat' dir='ltr'><strong>plane</strong></span> <span class='ocrx_word' id='word_1_759' title='bbox 697 5150 783 5197; x_wconf 87' lang='lat' dir='ltr'><strong>est</strong></span> <span class='ocrx_word' id='word_1_760' title='bbox 812 5140 983 5196; x_wconf 87' lang='lat' dir='ltr'><strong>rebus</strong></span> <span class='ocrx_word' id='word_1_761' title='bbox 1011 5139 1295 5206; x_wconf 88' lang='lat' dir='ltr'><strong>omnibus,</strong></span> <span class='ocrx_word' id='word_1_762' title='bbox 1331 5148 1563 5211; x_wconf 76' lang='lat' dir='ltr'><strong>excepta</strong></span> <span class='ocrx_word' id='word_1_763' title='bbox 1598 5142 1835 5211; x_wconf 74' lang='lat' dir='ltr'><strong>iustitia,</strong></span> <span class='ocrx_word' id='word_1_764' title='bbox 1882 5151 1940 5199; x_wconf 90' lang='lat' dir='ltr'><strong>et</strong></span> <span class='ocrx_word' id='word_1_765' title='bbox 1964 5142 2069 5198; x_wconf 82' lang='lat' dir='ltr'><strong>ﬁn-</strong></span> 
     </span>
    </p>
   </div>
   <div class='ocr_carea' id='block_1_101' title="bbox 490 5231 2071 5306">
    <p class='ocr_par' dir='ltr' id='par_1_101' title="bbox 490 5231 2071 5306">
     <span class='ocr_line' id='line_1_101' title="bbox 490 5231 2071 5306; baseline 0.003 -18"><span class='ocrx_word' id='word_1_766' title='bbox 490 5233 704 5305; x_wconf 82' lang='lat' dir='ltr'><strong>gendus</strong></span> <span class='ocrx_word' id='word_1_767' title='bbox 737 5232 1019 5289; x_wconf 89' lang='lat' dir='ltr'><strong>contrario</strong></span> <span class='ocrx_word' id='word_1_768' title='bbox 1044 5232 1213 5287; x_wconf 89' lang='lat' dir='ltr'><strong>modo</strong></span> <span class='ocrx_word' id='word_1_769' title='bbox 1248 5231 1484 5289; x_wconf 80' lang='lat' dir='ltr'><strong>atl‘ectus</strong></span> <span class='ocrx_word' id='word_1_770' title='bbox 1513 5250 1681 5305; x_wconf 90' lang='lat' dir='ltr'><strong>quam</strong></span> <span class='ocrx_word' id='word_1_771' title='bbox 1717 5235 1895 5306; x_wconf 89' lang='lat' dir='ltr'><strong>prior.</strong></span> <span class='ocrx_word' id='word_1_772' title='bbox 1927 5236 2071 5293; x_wconf 89' lang='lat' dir='ltr'><strong>Cum</strong></span> 
     </span>
    </p>
   </div>
   <div class='ocr_carea' id='block_1_102' title="bbox 489 5322 2066 5400">
    <p class='ocr_par' dir='ltr' id='par_1_102' title="bbox 489 5322 2066 5400">
     <span class='ocr_line' id='line_1_102' title="bbox 489 5322 2066 5400; baseline 0.005 -21"><span class='ocrx_word' id='word_1_773' title='bbox 489 5323 675 5395; x_wconf 80' lang='lat' dir='ltr'><strong>itaque</strong></span> <span class='ocrx_word' id='word_1_774' title='bbox 696 5324 838 5379; x_wconf 83' lang='lat' dir='ltr'><strong>nihil</strong></span> <span class='ocrx_word' id='word_1_775' title='bbox 856 5324 1060 5378; x_wconf 86' lang='lat' dir='ltr'><strong>habeat</strong></span> <span class='ocrx_word' id='word_1_776' title='bbox 1082 5322 1434 5395; x_wconf 70' lang='lat' dir='ltr'><strong>(iiijustitiae),</strong></span> <span class='ocrx_word' id='word_1_777' title='bbox 1464 5333 1646 5383; x_wconf 81' lang='lat' dir='ltr'><strong>tamen</strong></span> <span class='ocrx_word' id='word_1_778' title='bbox 1668 5327 2066 5400; x_wconf 85' lang='lat' dir='ltr'><strong>injustissimus</strong></span> 
     </span>
    </p>
   </div>
   <div class='ocr_carea' id='block_1_103' title="bbox 2177 4601 3764 4689">
    <p class='ocr_par' dir='ltr' id='par_1_103' title="bbox 2177 4601 3764 4689">
     <span class='ocr_line' id='line_1_103' title="bbox 2177 4601 3764 4689; baseline 0.009 -33"><span class='ocrx_word' id='word_1_779' title='bbox 2177 4601 2491 4674; x_wconf 89' lang='grc' dir='ltr'>καιοσύνης,</span> <span class='ocrx_word' id='word_1_780' title='bbox 2525 4606 2619 4658; x_wconf 81' lang='grc' dir='ltr'>καὶ</span> <span class='ocrx_word' id='word_1_781' title='bbox 2646 4608 2897 4676; x_wconf 84' lang='grc' dir='ltr'>ποιητέος</span> <span class='ocrx_word' id='word_1_782' title='bbox 2924 4611 3183 4674; x_wconf 74' lang='grc' dir='ltr'>ἐναντίως</span> <span class='ocrx_word' id='word_1_783' title='bbox 3230 4612 3573 4685; x_wconf 86' lang='grc' dir='ltr'>διακείμενος</span> <span class='ocrx_word' id='word_1_784' title='bbox 3605 4617 3651 4649; x_wconf 78' lang='grc'><strong><em>³³</em></strong></span> <span class='ocrx_word' id='word_1_785' title='bbox 3680 4618 3764 4689; x_wconf 82' lang='grc' dir='ltr'>τῷ</span> 
     </span>
    </p>
   </div>
   <div class='ocr_carea' id='block_1_104' title="bbox 2177 4694 3766 4779">
    <p class='ocr_par' dir='ltr' id='par_1_104' title="bbox 2177 4694 3766 4779">
     <span class='ocr_line' id='line_1_104' title="bbox 2177 4694 3766 4779; baseline 0.012 -34"><span class='ocrx_word' id='word_1_786' title='bbox 2177 4694 2448 4765; x_wconf 84' lang='grc' dir='ltr'>προτέρῳ.</span> <span class='ocrx_word' id='word_1_787' title='bbox 2468 4696 2650 4765; x_wconf 81' lang='grc' dir='ltr'>Μηδὲν</span> <span class='ocrx_word' id='word_1_788' title='bbox 2675 4697 2781 4768; x_wconf 71' lang='grc' dir='ltr'><strong>γάρ</strong></span> <span class='ocrx_word' id='word_1_789' title='bbox 2804 4698 2944 4769; x_wconf 78' lang='grc' dir='ltr'>ἔχων</span> <span class='ocrx_word' id='word_1_790' title='bbox 2971 4699 3127 4766; x_wconf 80' lang='grc' dir='ltr'>δόξαν</span> <span class='ocrx_word' id='word_1_791' title='bbox 3156 4702 3326 4774; x_wconf 86' lang='grc' dir='ltr'>ὲχέτω</span> <span class='ocrx_word' id='word_1_792' title='bbox 3352 4707 3614 4779; x_wconf 83' lang='grc' dir='ltr'>μεγίστην</span> <span class='ocrx_word' id='word_1_793' title='bbox 3646 4710 3766 4764; x_wconf 78' lang='grc' dir='ltr'>ἁδι-</span> 
     </span>
    </p>
   </div>
   <div class='ocr_carea' id='block_1_105' title="bbox 2176 4784 3763 4872">
    <p class='ocr_par' dir='ltr' id='par_1_105' title="bbox 2176 4784 3763 4872">
     <span class='ocr_line' id='line_1_105' title="bbox 2176 4784 3763 4872; baseline 0.009 -36"><span class='ocrx_word' id='word_1_794' title='bbox 2176 4784 2321 4850; x_wconf 87' lang='grc' dir='ltr'>κίας,</span> <span class='ocrx_word' id='word_1_795' title='bbox 2344 4784 2429 4838; x_wconf 78' lang='grc' dir='ltr'><strong>ἵνα</strong></span> <span class='ocrx_word' id='word_1_796' title='bbox 2458 4784 2971 4864; x_wconf 78' lang='grc' dir='ltr'>βεϐασανισμένοςῇ</span> <span class='ocrx_word' id='word_1_797' title='bbox 3006 4795 3083 4857; x_wconf 84' lang='grc' dir='ltr'><strong>είς</strong></span> <span class='ocrx_word' id='word_1_798' title='bbox 3107 4795 3474 4872; x_wconf 78' lang='grc' dir='ltr'>δικαιοσύνην,</span> <span class='ocrx_word' id='word_1_799' title='bbox 3501 4798 3579 4870; x_wconf 82' lang='grc' dir='ltr'>τῷ</span> <span class='ocrx_word' id='word_1_800' title='bbox 3610 4802 3687 4872; x_wconf 77' lang='grc' dir='ltr'>μὴ</span> <span class='ocrx_word' id='word_1_801' title='bbox 3716 4802 3763 4833; x_wconf 69' lang='grc' dir='ltr'><strong>ιι</strong></span> 
     </span>
    </p>
   </div>
   <div class='ocr_carea' id='block_1_106' title="bbox 2174 4876 3766 4963">
    <p class='ocr_par' dir='ltr' id='par_1_106' title="bbox 2174 4876 3766 4963">
     <span class='ocr_line' id='line_1_106' title="bbox 2174 4876 3766 4963; baseline 0.009 -32"><span class='ocrx_word' id='word_1_802' title='bbox 2174 4876 2421 4931; x_wconf 85' lang='grc' dir='ltr'>τίθεσθαι</span> <span class='ocrx_word' id='word_1_803' title='bbox 2441 4877 2546 4931; x_wconf 85' lang='grc' dir='ltr'><strong>ὑπὸ</strong></span> <span class='ocrx_word' id='word_1_804' title='bbox 2572 4879 2615 4911; x_wconf 82' lang='grc'><strong>²⁸</strong></span> <span class='ocrx_word' id='word_1_805' title='bbox 2655 4882 2994 4950; x_wconf 79' lang='grc' dir='ltr'>κακοδοξίας,</span> <span class='ocrx_word' id='word_1_806' title='bbox 3029 4887 3125 4941; x_wconf 75' lang='grc' dir='ltr'>καὶ</span> <span class='ocrx_word' id='word_1_807' title='bbox 3154 4888 3263 4943; x_wconf 88' lang='grc' dir='ltr'><strong>τῶν</strong></span> <span class='ocrx_word' id='word_1_808' title='bbox 3313 4891 3412 4945; x_wconf 79' lang='grc' dir='ltr'><strong>ἀπ’</strong></span> <span class='ocrx_word' id='word_1_809' title='bbox 3441 4892 3612 4963; x_wconf 82' lang='grc' dir='ltr'>αὐτῆς</span> <span class='ocrx_word' id='word_1_810' title='bbox 3674 4909 3766 4963; x_wconf 87' lang='grc' dir='ltr'><strong>γι-</strong></span> 
     </span>
    </p>
   </div>
   <div class='ocr_carea' id='block_1_107' title="bbox 2176 4967 3760 5054">
    <p class='ocr_par' dir='ltr' id='par_1_107' title="bbox 2176 4967 3760 5054">
     <span class='ocr_line' id='line_1_107' title="bbox 2176 4967 3760 5054; baseline 0.014 -36"><span class='ocrx_word' id='word_1_811' title='bbox 2176 4967 2489 5054; x_wconf 78' lang='grc' dir='ltr'>γνομένωνο</span> <span class='ocrx_word' id='word_1_812' title='bbox 2529 4968 2648 5023; x_wconf 80' lang='grc' dir='ltr'>ἀλλ’</span> <span class='ocrx_word' id='word_1_813' title='bbox 2683 4971 2824 5027; x_wconf 74' lang='grc' dir='ltr'>ἔστω</span> <span class='ocrx_word' id='word_1_814' title='bbox 2862 4974 3242 5045; x_wconf 82' lang='grc' dir='ltr'>ἀμετάστατος</span> <span class='ocrx_word' id='word_1_815' title='bbox 3282 4980 3444 5054; x_wconf 81' lang='grc' dir='ltr'>μέχρι</span> <span class='ocrx_word' id='word_1_816' title='bbox 3495 4982 3760 5050; x_wconf 86' lang='grc' dir='ltr'>θανάτου,</span> 
     </span>
    </p>
   </div>
   <div class='ocr_carea' id='block_1_108' title="bbox 2175 5053 3763 5136">
    <p class='ocr_par' dir='ltr' id='par_1_108' title="bbox 2175 5053 3763 5136">
     <span class='ocr_line' id='line_1_108' title="bbox 2175 5053 3763 5136; baseline 0.013 -25"><span class='ocrx_word' id='word_1_817' title='bbox 2175 5057 2349 5112; x_wconf 82' lang='grc' dir='ltr'>δοκῶν</span> <span class='ocrx_word' id='word_1_818' title='bbox 2376 5053 2515 5114; x_wconf 75' lang='grc' dir='ltr'>εἶναι</span> <span class='ocrx_word' id='word_1_819' title='bbox 2552 5060 2734 5127; x_wconf 80' lang='grc' dir='ltr'>ἄδικος</span> <span class='ocrx_word' id='word_1_820' title='bbox 2764 5062 2852 5118; x_wconf 82' lang='grc' dir='ltr'>διὰ</span> <span class='ocrx_word' id='word_1_821' title='bbox 2886 5065 3023 5136; x_wconf 79' lang='grc' dir='ltr'>βίου.</span> <span class='ocrx_word' id='word_1_822' title='bbox 3066 5086 3086 5120; x_wconf 73' lang='grc' dir='ltr'>ι</span> <span class='ocrx_word' id='word_1_823' title='bbox 3126 5070 3238 5124; x_wconf 74' lang='grc' dir='ltr'><strong>Καὶ</strong></span> <span class='ocrx_word' id='word_1_824' title='bbox 3270 5053 3445 5127; x_wconf 85' lang='grc' dir='ltr'>ταῦτα</span> <span class='ocrx_word' id='word_1_825' title='bbox 3486 5074 3545 5128; x_wconf 83' lang='grc' dir='ltr'>δὲ</span> <span class='ocrx_word' id='word_1_826' title='bbox 3574 5075 3763 5131; x_wconf 82' lang='grc' dir='ltr'>ὡσαύ-</span> 
     </span>
    </p>
   </div>
   <div class='ocr_carea' id='block_1_109' title="bbox 2174 5151 3759 5239">
    <p class='ocr_par' dir='ltr' id='par_1_109' title="bbox 2174 5151 3759 5239">
     <span class='ocr_line' id='line_1_109' title="bbox 2174 5151 3759 5239; baseline 0.014 -38"><span class='ocrx_word' id='word_1_827' title='bbox 2174 5164 2282 5213; x_wconf 88' lang='grc' dir='ltr'><strong>τως</strong></span> <span class='ocrx_word' id='word_1_828' title='bbox 2303 5151 2417 5214; x_wconf 83' lang='grc' dir='ltr'>τοτς</span> <span class='ocrx_word' id='word_1_829' title='bbox 2445 5152 2734 5224; x_wconf 76' lang='grc' dir='ltr'>ἡμετέροις</span> <span class='ocrx_word' id='word_1_830' title='bbox 2775 5156 3037 5229; x_wconf 80' lang='grc' dir='ltr'>ἁρμόττει</span> <span class='ocrx_word' id='word_1_831' title='bbox 3070 5161 3172 5233; x_wconf 81' lang='grc' dir='ltr'>τῆς</span> <span class='ocrx_word' id='word_1_832' title='bbox 3217 5162 3421 5237; x_wconf 82' lang='grc' dir='ltr'>ἀρετῆς</span> <span class='ocrx_word' id='word_1_833' title='bbox 3466 5165 3759 5239; x_wconf 81' lang='grc' dir='ltr'>ἀθληταῖς.</span> 
     </span>
    </p>
   </div>
   <div class='ocr_carea' id='block_1_110' title="bbox 2173 5239 3761 5327">
    <p class='ocr_par' dir='ltr' id='par_1_110' title="bbox 2173 5239 3761 5327">
     <span class='ocr_line' id='line_1_110' title="bbox 2173 5239 3761 5327; baseline 0.011 -34"><span class='ocrx_word' id='word_1_834' title='bbox 2173 5239 2250 5294; x_wconf 82' lang='grc' dir='ltr'><strong>οὐ</strong></span> <span class='ocrx_word' id='word_1_835' title='bbox 2287 5239 2398 5313; x_wconf 83' lang='grc' dir='ltr'>γὰρ</span> <span class='ocrx_word' id='word_1_836' title='bbox 2438 5242 2789 5311; x_wconf 82' lang='grc' dir='ltr'>Ἀντισθένει,</span> <span class='ocrx_word' id='word_1_837' title='bbox 2821 5247 2916 5301; x_wconf 80' lang='grc' dir='ltr'><strong>καὶ</strong></span> <span class='ocrx_word' id='word_1_838' title='bbox 2936 5250 3202 5319; x_wconf 89' lang='grc' dir='ltr'>Διογένει,</span> <span class='ocrx_word' id='word_1_839' title='bbox 3234 5253 3330 5307; x_wconf 78' lang='grc' dir='ltr'>καὶ</span> <span class='ocrx_word' id='word_1_840' title='bbox 3364 5255 3616 5327; x_wconf 83' lang='grc' dir='ltr'>Κράτητι</span> <span class='ocrx_word' id='word_1_841' title='bbox 3651 5274 3761 5310; x_wconf 88' lang='grc' dir='ltr'>πα-</span> 
     </span>
    </p>
   </div>
   <div class='ocr_carea' id='block_1_111' title="bbox 2172 5331 3759 5417">
    <p class='ocr_par' dir='ltr' id='par_1_111' title="bbox 2172 5331 3759 5417">
     <span class='ocr_line' id='line_1_111' title="bbox 2172 5331 3759 5417; baseline 0.012 -32"><span class='ocrx_word' id='word_1_842' title='bbox 2172 5331 2490 5406; x_wconf 85' lang='grc' dir='ltr'>ραπλησίως</span> <span class='ocrx_word' id='word_1_843' title='bbox 2527 5336 2691 5408; x_wconf 85' lang='grc' dir='ltr'>κενῆς</span> <span class='ocrx_word' id='word_1_844' title='bbox 2720 5338 2882 5392; x_wconf 67' lang='grc' dir='ltr'>ἕνεκα</span> <span class='ocrx_word' id='word_1_845' title='bbox 2909 5339 3091 5411; x_wconf 80' lang='grc' dir='ltr'>δόξης,</span> <span class='ocrx_word' id='word_1_846' title='bbox 3117 5343 3235 5398; x_wconf 82' lang='grc' dir='ltr'>ἀλλ’</span> <span class='ocrx_word' id='word_1_847' title='bbox 3261 5344 3429 5400; x_wconf 77' lang='grc' dir='ltr'>αὐτοῦ</span> <span class='ocrx_word' id='word_1_848' title='bbox 3472 5363 3537 5417; x_wconf 84' lang='grc' dir='ltr'><strong>γε</strong></span> <span class='ocrx_word' id='word_1_849' title='bbox 3566 5348 3759 5404; x_wconf 80' lang='grc' dir='ltr'>εἵνεκα</span> 
     </span>
    </p>
   </div>
   <div class='ocr_carea' id='block_1_112' title="bbox 1805 5460 2480 5522">
    <p class='ocr_par' dir='ltr' id='par_1_112' title="bbox 1805 5460 2480 5522">
     <span class='ocr_line' id='line_1_112' title="bbox 1805 5460 2480 5522; baseline 0.009 -8"><span class='ocrx_word' id='word_1_850' title='bbox 1805 5460 1888 5516; x_wconf 78' lang='lat' dir='ltr'><strong>VA</strong></span> <span class='ocrx_word' id='word_1_851' title='bbox 1898 5462 2035 5518; x_wconf 68' lang='lat' dir='ltr'><strong>BHE</strong></span> <span class='ocrx_word' id='word_1_852' title='bbox 2075 5462 2480 5522; x_wconf 77' lang='lat' dir='ltr'><strong>LECTIONES.</strong></span> 
     </span>
    </p>
   </div>
   <div class='ocr_carea' id='block_1_113' title="bbox 558 5593 2021 5667">
    <p class='ocr_par' dir='ltr' id='par_1_113' title="bbox 558 5593 2021 5667">
     <span class='ocr_line' id='line_1_113' title="bbox 558 5593 2021 5667; baseline 0.01 -21"><span class='ocrx_word' id='word_1_853' title='bbox 558 5593 582 5667; x_wconf 82' lang='lat'>&#39;_</span> <span class='ocrx_word' id='word_1_854' title='bbox 609 5595 1176 5667; x_wconf 78' lang='grc' dir='ltr'>τοῦτο-συμπόσιον</span> <span class='ocrx_word' id='word_1_855' title='bbox 1205 5614 1317 5654; x_wconf 89' lang='lat' dir='ltr'><strong>om.</strong></span> <span class='ocrx_word' id='word_1_856' title='bbox 1344 5598 1407 5653; x_wconf 89' lang='lat' dir='ltr'><strong>D.</strong></span> <span class='ocrx_word' id='word_1_857' title='bbox 1483 5602 1503 5633; x_wconf 84' lang='grc'>⁸</span> <span class='ocrx_word' id='word_1_858' title='bbox 1533 5602 1583 5656; x_wconf 80' lang='grc' dir='ltr'><strong>εί</strong></span> <span class='ocrx_word' id='word_1_859' title='bbox 1608 5602 1685 5659; x_wconf 84' lang='grc' dir='ltr'>δέ.</span> <span class='ocrx_word' id='word_1_860' title='bbox 1753 5605 1871 5659; x_wconf 80' lang='grc' dir='ltr'>οὐδὲ</span> <span class='ocrx_word' id='word_1_861' title='bbox 1923 5608 2021 5663; x_wconf 81' lang='lat' dir='ltr'><strong>Va.</strong></span> 
     </span>
    </p>
   </div>
   <div class='ocr_carea' id='block_1_114' title="bbox 2076 5608 3752 5695">
    <p class='ocr_par' dir='ltr' id='par_1_114' title="bbox 2076 5608 3752 5695">
     <span class='ocr_line' id='line_1_114' title="bbox 2076 5608 3752 5695; baseline 0.01 -33"><span class='ocrx_word' id='word_1_862' title='bbox 2076 5608 2200 5665; x_wconf 80' lang='lat' dir='ltr'><strong>Mox</strong></span> <span class='ocrx_word' id='word_1_863' title='bbox 2238 5611 2505 5695; x_wconf 46' lang='lat' dir='ltr'><strong>Ozolﬁmﬁ’</strong></span> <span class='ocrx_word' id='word_1_864' title='bbox 2543 5613 2606 5668; x_wconf 80' lang='grc' dir='ltr'><strong>Β.</strong></span> <span class='ocrx_word' id='word_1_865' title='bbox 2636 5683 2655 5695; x_wconf 36' lang='grc' dir='ltr'><strong>Α</strong></span> <span class='ocrx_word' id='word_1_866' title='bbox 2684 5615 2958 5695; x_wconf 37' lang='grc' dir='ltr'>ξπόῤῥω.</span> <span class='ocrx_word' id='word_1_867' title='bbox 3020 5619 3318 5695; x_wconf 46' lang='grc' dir='ltr'>πόῤῥωθειξ</span> <span class='ocrx_word' id='word_1_868' title='bbox 3350 5622 3416 5679; x_wconf 90' lang='lat' dir='ltr'><strong>D.</strong></span> <span class='ocrx_word' id='word_1_869' title='bbox 3492 5624 3522 5695; x_wconf 21' lang='grc'><strong><em>⁸4</em></strong></span> <span class='ocrx_word' id='word_1_870' title='bbox 3553 5623 3752 5695; x_wconf 80' lang='grc' dir='ltr'>ταύτῃ.</span> 
     </span>
    </p>
   </div>
   <div class='ocr_carea' id='block_1_115' title="bbox 487 5664 3755 5790">
    <p class='ocr_par' dir='ltr' id='par_1_115' title="bbox 487 5664 3755 5790">
     <span class='ocr_line' id='line_1_115' title="bbox 487 5664 3755 5790; baseline -0.002 -58"><span class='ocrx_word' id='word_1_871' title='bbox 487 5664 689 5731; x_wconf 64' lang='grc' dir='ltr'>ταύτης</span> <span class='ocrx_word' id='word_1_872' title='bbox 716 5666 813 5721; x_wconf 71' lang='lat' dir='ltr'><strong>Va-</strong></span> <span class='ocrx_word' id='word_1_873' title='bbox 845 5664 986 5723; x_wconf 63' lang='lat' dir='ltr'><strong>Tum</strong></span> <span class='ocrx_word' id='word_1_874' title='bbox 1020 5666 1482 5790; x_wconf 57' lang='grc' dir='ltr'>ξυνρρμοσαμένῳ</span> <span class='ocrx_word' id='word_1_875' title='bbox 1517 5672 1579 5737; x_wconf 90' lang='lat' dir='ltr'><strong>D,</strong></span> <span class='ocrx_word' id='word_1_876' title='bbox 1599 5681 1675 5753; x_wconf 44' lang='grc' dir='ltr'>,ει</span> <span class='ocrx_word' id='word_1_877' title='bbox 1708 5674 1847 5729; x_wconf 81' lang='lat' dir='ltr'><strong>infra</strong></span> <span class='ocrx_word' id='word_1_878' title='bbox 1884 5680 2177 5747; x_wconf 83' lang='grc' dir='ltr'>κτημάτων</span> <span class='ocrx_word' id='word_1_879' title='bbox 2204 5664 2304 5733; x_wconf 68' lang='grc' dir='ltr'>καῖ</span> <span class='ocrx_word' id='word_1_880' title='bbox 2332 5664 2604 5738; x_wconf 36' lang='grc' dir='ltr'>πᾶίδωνί</span> <span class='ocrx_word' id='word_1_881' title='bbox 2636 5683 2656 5715; x_wconf 82' lang='grc'><strong>⁹</strong></span> <span class='ocrx_word' id='word_1_882' title='bbox 2991 5664 3466 5762; x_wconf 50' lang='grc' dir='ltr'><strong>τέἓὲῗξοῖᾶῖλο</strong></span> <span class='ocrx_word' id='word_1_883' title='bbox 3497 5693 3530 5766; x_wconf 68' lang='grc' dir='ltr'>ἢ</span> 
     </span>
     <span class='ocr_line' id='line_1_116' title="bbox 489 5727 3728 5790; baseline 0.002 -7"><span class='ocrx_word' id='word_1_884' title='bbox 489 5727 552 5784; x_wconf 79' lang='lat' dir='ltr'><strong>C.</strong></span> <span class='ocrx_word' id='word_1_885' title='bbox 580 5730 719 5786; x_wconf 84' lang='lat' dir='ltr'><strong>Tum</strong></span> <span class='ocrx_word' id='word_1_886' title='bbox 751 5736 1020 5790; x_wconf 76' lang='grc' dir='ltr'>ἀκουσίως</span> <span class='ocrx_word' id='word_1_887' title='bbox 1043 5738 1113 5790; x_wconf 88' lang='grc' dir='ltr'><strong>πλ</strong></span> <span class='ocrx_word' id='word_1_888' title='bbox 1145 5755 1202 5790; x_wconf 89' lang='grc' dir='ltr'><strong>ον</strong></span> <span class='ocrx_word' id='word_1_889' title='bbox 1225 5756 1307 5790; x_wconf 70' lang='grc' dir='ltr'><strong>τις</strong></span> <span class='ocrx_word' id='word_1_890' title='bbox 1325 5739 1386 5790; x_wconf 82' lang='lat' dir='ltr'><strong>D.</strong></span> <span class='ocrx_word' id='word_1_891' title='bbox 1466 5743 1507 5772; x_wconf 77' lang='lat'>“</span> <span class='ocrx_word' id='word_1_892' title='bbox 1533 5759 1739 5790; x_wconf 81' lang='grc' dir='ltr'>τουτον-</span> <span class='ocrx_word' id='word_1_893' title='bbox 1771 5746 2006 5790; x_wconf 70' lang='grc' dir='ltr'>τοιοῦτον</span> <span class='ocrx_word' id='word_1_894' title='bbox 2066 5748 2107 5790; x_wconf 81' lang='lat' dir='ltr'><strong>D</strong></span> <span class='ocrx_word' id='word_1_895' title='bbox 2204 5750 2244 5779; x_wconf 73' lang='grc' dir='ltr'><strong>ι’</strong></span> <span class='ocrx_word' id='word_1_896' title='bbox 2273 5749 2415 5790; x_wconf 65' lang='grc' dir='ltr'>δόβηι</span> <span class='ocrx_word' id='word_1_897' title='bbox 2461 5753 2600 5790; x_wconf 58' lang='grc' dir='ltr'>λάβε.</span> <span class='ocrx_word' id='word_1_898' title='bbox 2650 5754 2694 5790; x_wconf 88' lang='lat' dir='ltr'><strong>n</strong></span> <span class='ocrx_word' id='word_1_899' title='bbox 2758 5764 2810 5790; x_wconf 74' lang='grc' dir='ltr'>ιιι</span> <span class='ocrx_word' id='word_1_900' title='bbox 2876 5772 2999 5790; x_wconf 55' lang='lat' dir='ltr'><strong>ml“.</strong></span> <span class='ocrx_word' id='word_1_901' title='bbox 3044 5760 3203 5790; x_wconf 54' lang='grc' dir='ltr'><strong>τμη..-</strong></span> <span class='ocrx_word' id='word_1_902' title='bbox 3308 5764 3351 5790; x_wconf 74' lang='grc' dir='ltr'>η</span> <span class='ocrx_word' id='word_1_903' title='bbox 3382 5763 3728 5790; x_wconf 61' lang='lat' dir='ltr'><strong>e._.._r..-..--</strong></span> 
     </span>
    </p>
   </div>
   <div class='ocr_carea' id='block_1_116' title="bbox 489 5727 1113 5799">
    <p class='ocr_par' dir='ltr' id='par_1_116' title="bbox 489 5727 1113 5799">
     <span class='ocr_line' id='line_1_117' title="bbox 489 5727 1113 5799; baseline 0.013 -16"><span class='ocrx_word' id='word_1_904' title='bbox 489 5727 552 5799; x_wconf 68' lang='grc' dir='ltr'><strong>β.</strong></span> <span class='ocrx_word' id='word_1_905' title='bbox 580 5727 719 5786; x_wconf 83' lang='lat' dir='ltr'><strong>Tum</strong></span> <span class='ocrx_word' id='word_1_906' title='bbox 751 5736 1020 5799; x_wconf 84' lang='grc' dir='ltr'>ἀκουσίως</span> <span class='ocrx_word' id='word_1_907' title='bbox 1031 5727 1113 5790; x_wconf 57' lang='grc' dir='ltr'>’πλ</span> 
     </span>
    </p>
   </div>
   <div class='ocr_carea' id='block_1_117' title="bbox 1173 5739 3750 5834">
    <p class='ocr_par' dir='ltr' id='par_1_117' title="bbox 1173 5739 3750 5834">
     <span class='ocr_line' id='line_1_118' title="bbox 1173 5739 3750 5834; baseline 0.002 -18"><span class='ocrx_word' id='word_1_908' title='bbox 1173 5739 1396 5834; x_wconf 47' lang='lat' dir='ltr'><strong>mgf};</strong></span> <span class='ocrx_word' id='word_1_909' title='bbox 1454 5739 1507 5834; x_wconf 61' lang='grc' dir='ltr'>ξς</span> <span class='ocrx_word' id='word_1_910' title='bbox 1533 5741 1739 5834; x_wconf 52' lang='grc' dir='ltr'><strong>τοξξοξ</strong></span> <span class='ocrx_word' id='word_1_911' title='bbox 1771 5739 2126 5834; x_wconf 45' lang='grc' dir='ltr'><strong>τοιιοῦῖόῌξς</strong></span> <span class='ocrx_word' id='word_1_912' title='bbox 2204 5749 2619 5834; x_wconf 48' lang='grc' dir='ltr'><strong>πλδᾴξαειπδάξεε</strong></span> <span class='ocrx_word' id='word_1_913' title='bbox 2650 5739 2814 5823; x_wconf 60' lang='lat' dir='ltr'><strong>me.</strong></span> <span class='ocrx_word' id='word_1_914' title='bbox 2857 5739 3252 5817; x_wconf 46' lang='lat' dir='ltr'><strong>“mastigia:</strong></span> <span class='ocrx_word' id='word_1_915' title='bbox 3286 5739 3351 5796; x_wconf 63' lang='lat'><strong>‘13</strong></span> <span class='ocrx_word' id='word_1_916' title='bbox 3381 5739 3750 5834; x_wconf 54' lang='grc' dir='ltr'><strong>διακέιξὶένᾶἐ</strong></span> 
     </span>
    </p>
   </div>
   <div class='ocr_carea' id='block_1_118' title="bbox 491 5796 2639 5885">
    <p class='ocr_par' dir='ltr' id='par_1_118' title="bbox 491 5796 2639 5885">
     <span class='ocr_line' id='line_1_119' title="bbox 491 5796 2639 5885; baseline 0.014 -36"><span class='ocrx_word' id='word_1_917' title='bbox 491 5796 813 5871; x_wconf 72' lang='grc' dir='ltr'>διακειμένῳ</span> <span class='ocrx_word' id='word_1_918' title='bbox 841 5803 902 5870; x_wconf 88' lang='lat' dir='ltr'><strong>C,</strong></span> <span class='ocrx_word' id='word_1_919' title='bbox 928 5796 1144 5861; x_wconf 46' lang='lat' dir='ltr'><strong>DfMox</strong></span> <span class='ocrx_word' id='word_1_920' title='bbox 1173 5796 1429 5878; x_wconf 78' lang='grc' dir='ltr'>μεγίστης</span> <span class='ocrx_word' id='word_1_921' title='bbox 1453 5810 1517 5863; x_wconf 90' lang='lat' dir='ltr'><strong>D.</strong></span> <span class='ocrx_word' id='word_1_922' title='bbox 1597 5813 1640 5843; x_wconf 77' lang='lat'><em>“</em></span> <span class='ocrx_word' id='word_1_923' title='bbox 1673 5812 1749 5882; x_wconf 82' lang='grc' dir='ltr'>τῷ</span> <span class='ocrx_word' id='word_1_924' title='bbox 1776 5815 1871 5882; x_wconf 81' lang='grc' dir='ltr'><strong>μή.</strong></span> <span class='ocrx_word' id='word_1_925' title='bbox 1892 5796 2144 5885; x_wconf 26' lang='grc' dir='ltr'>τδγμὴήό.</span> <span class='ocrx_word' id='word_1_926' title='bbox 2226 5796 2639 5878; x_wconf 60' lang='grc' dir='ltr'><strong>η’ίῐῖτὶῗάἒὲἴὸ.</strong></span> 
     </span>
    </p>
   </div>
  </div>
