4056 6432
476 410 612 486 12.15
1463 413 1950 476 THEODORETI
1992 411 2329 472 EPISCOPl
2367 410 2733 472 CYRENSIS
3605 407 3743 473 1136

474 536 781 596 decertant,
822 529 918 585 sed
969 529 1352 598 incorporeum
1391 527 1476 599 (ac
1513 527 1882 598 spiritualem)
1928 527 2052 580 vita:

2170 523 2212 573 ιιί
2248 521 2405 576 ἄλλαι
2439 523 2493 574 αἱ
2529 521 2668 574 κατά
2699 523 2759 574 τὸ
2795 520 2953 590 σῶμα
3008 521 3195 589 ἡδοναὶ
3251 521 3740 593 ἀπομαραίνονται,

476 628 745 682 rationem
789 619 1161 678 annulantur?
1201 619 1406 674 Contra
1448 621 1596 674 enim
1635 635 1697 673 ac
1740 619 1922 674 facitis
1956 634 2055 672 vos

2170 613 2407 667 τοσοῦτον
2437 612 2693 677 αὔξονται
2719 613 2774 664 αἱ
2807 612 2935 682 περὶ
2971 614 3099 676 τοὺς
3127 613 3318 682 λόγους
3365 614 3649 683 ἐπιθυμίαι
3679 631 3740 666 τε

479 717 659 770 facere
687 719 991 784 oporteret,
1038 718 1099 763 ut
1129 717 1185 764 et
1214 709 1337 764 illos
1366 709 1689 774 laudaretis,
1726 709 1929 778 quippe
1961 707 2054 777 qui

479 815 688 858 natura:
725 803 861 855 lines
896 799 1228 864 transiliam,
1269 805 1326 852 et
1358 797 1446 852 his
1470 797 1686 852 veniam
1718 796 1928 866 1023
1958 795 2056 849 ali—

481 910 644 962 quam
674 891 1016 956 tribueretis,
1054 901 1114 944 ut
1147 888 1242 959 qui
1273 904 1304 942 a
1329 897 1529 942 natura
1557 887 1737 942 insitis
1765 886 2054 956 perturba-

484 985 726 1038 tionibus
760 982 1127 1052 abripiantur.
1161 979 1337 1046 Quam
1361 979 1471 1033 sint
1508 979 1657 1033 enim
1683 979 1768 1032 hac
1796 976 1860 1030 ad
1891 991 2056 1045 supe-

484 1072 716 1126 randum
753 1070 1036 1133 diﬂiciles,
1066 1067 1170 1138 ipsi
1200 1081 1311 1120 non
1347 1065 1613 1136 ignoratis
1649 1081 1662 1116 :
1696 1077 1874 1132 neque
1907 1061 2058 1114 enim

481 1182 510 1218 c
541 1179 774 1233 quercu,
801 1172 862 1216 ut
895 1169 1072 1230 poeta:
1114 1157 1303 1212 verbis
1347 1164 1492 1220 utar,
1532 1155 1619 1209 vel
1654 1169 1684 1208 e
1725 1154 1860 1224 pinu
1885 1151 2058 1222 geniti

484 1256 792 1330 prodiistis.
826 1254 944 1308 Hoc
981 1268 1112 1308 vero
1138 1261 1195 1306 et
1222 1252 1377 1306 Plato
1409 1249 1700 1304 manifeste
1733 1245 1975 1302 ostendit
2002 1246 2059 1300 in

484 1351 665 1421 primo
691 1347 1006 1418 Reipublij
1032 1343 1196 1410 lib‘ro,
1223 1343 1526 1414 Cephalum
1547 1358 1673 1396 cum
1695 1341 1920 1396 Socrate
1946 1340 2059 1394 dis-

487 1450 765 1496 serentem
802 1439 1089 1502 inducens,
1130 1445 1185 1490 et
1208 1435 1481 1490 dicentem
1519 1433 1593 1505 (p.
1625 1433 1730 1488 528
1759 1432 1823 1502 D)
1861 1450 1872 1485 :
1919 1452 1936 1483 ι
1977 1432 2060 1485 Τιι

487 1533 567 1587 sic
589 1531 790 1586 habeto
813 1549 825 1584 ι
857 1529 1071 1595 Quanto
1095 1532 1110 1549 '
1145 1529 1319 1598 magis
1347 1527 1482 1580 mihi
1509 1526 1627 1580 alim
1658 1539 1936 1594 corporeae
1963 1538 2061 1577 vo-

486 1624 726 1692 luptates
742 1626 1120 1674 emarccseunt
1141 1618 1197 1671 in
1221 1617 1359 1681 dies,
1383 1617 1664 1688 magisque
1678 1615 2061 1690 debilitantur,

491 1721 640 1768 tanto
680 1712 852 1781 magis
890 1711 1135 1781 augescit
1161 1708 1499 1763 desiderium
1547 1705 1920 1776 colloquendi,
1951 1720 2068 1759 scr-

489 1805 774 1874 monisque
822 1803 1100 1872 voluptas.
1140 1821 1158 1852 ι
1215 1802 1356 1856 Tum
1389 1800 1613 1857 Socrate
1663 1795 2103 1874 interrogante,:

488 1912 557 1950 an
581 1905 636 1950 et
658 1867 1002 1965 voluptatum
1028 1894 1257 1949 affectus
1283 1893 1463 1948 adhuc
1487 1891 1871 1962 insurgerent?
1888 1867 1926 1942 ⁷‹
1957 1890 2066 1944 Me-
2097 1867 2141 1922 Β

488 1987 647 2052 liora,
681 1985 881 2056 inquit,
923 1986 1171 2055 loquere.
1220 1984 1335 2055 Ego
1373 1984 1520 2038 enlm
1560 1982 1927 2037 libentissime
1966 1981 2067 2035 has

489 2079 833 2148 voluptatum
885 2075 1336 2146 perturbationes
1377 2074 1544 2145 effugi
1585 2091 1597 2126 :
1641 2089 1750 2127 non
1800 2088 1959 2127 secus
2004 2087 2068 2127 ac

491 2167 868 2222 truculentum
923 2163 1218 2235 quemdam
1266 2164 1739 2233 szevissimumque
1781 2163 2066 2217 dominum

491 2258 805 2328 ell‘ugerim.
845 2275 863 2306 ›
900 2255 981 2310 Eo
1004 2263 1188 2309 autem
1214 2255 1338 2309 loco
1371 2254 1438 2308 de
1468 2254 1617 2324 turpi
1645 2254 1922 2323 voluptate
1953 2254 2069 2307 haec

494 2349 652 2402 dixit.
679 2347 740 2402 ln
762 2346 956 2416 Gorgia
985 2361 1140 2411 vero,
1166 2343 1234 2399 de
1257 2343 1470 2415 justitia
1499 2352 1555 2396 et
1583 2343 1853 2413 injustitia
1880 2342 1960 2396 sic
1986 2342 2068 2395 lo-

494 2439 682 2508 quitur
711 2440 786 2506 (p.
821 2435 925 2490 526
952 2434 1017 2505 D)
1061 2452 1074 2488 :
1110 2454 1127 2486 ι
1155 2434 1404 2499 Dillicile,
1443 2450 1476 2488 o
1500 2433 1772 2498 Callicles,
1802 2448 1866 2487 ac
1907 2431 2070 2486 laude

495 2529 652 2583 valde
699 2527 926 2598 dignum
966 2535 1070 2592 est,
1116 2525 1398 2580 hominem
1442 2526 1589 2596 juste
1620 2525 1829 2589 vivere,
1873 2523 1969 2592 qui
2014 2522 2072 2576 in

496 2628 764 2691 potestate
795 2635 988 2690 magna
1013 2620 1370 2682 constitutus,
1399 2619 1622 2686 impune
1654 2624 1820 2686 queat
1846 2632 1967 2671 csse
1990 2615 2070 2669 in-

492 2716 692 2783 justus.
721 2710 893 2766 Pauci
919 2710 1066 2764 enim
1108 2711 1246 2766 tales
1283 2708 1642 2764 inveniuntur
1673 2707 1799 2760 viri.
1846 2707 1984 2760 Nam
2016 2715 2073 2761 et

497 2805 586 2858 hic
623 2812 679 2857 et
721 2802 851 2856 alibi
893 2801 1063 2856 fuisse
1108 2817 1219 2855 non
1255 2817 1417 2870 nego,
1465 2808 1708 2870 putoquc
1734 2798 1900 2850 etiam
1931 2798 2069 2861 fore,

499 2895 701 2950 virtute
727 2894 831 2947 hac
860 2893 1124 2946 honestos
1144 2891 1431 2960 bonosque
1463 2890 1738 2953 homines,
1774 2888 1819 2942 si
1848 2889 2072 2958 eajustc

498 2986 819 3054 dispensent
857 2999 979 3052 quce
1019 2982 1124 3036 sibi
1164 2982 1456 3036 commissa
1493 2981 1621 3035 sint.
1666 3000 1682 3031 ι
1732 2980 1800 3033 Ει
1842 2993 2070 3032 rursus:

509 3097 526 3127 ι
557 3075 664 3129 Sed
702 3074 873 3138 enim,
921 3088 1045 3126 cum
1073 3087 1140 3126 ex
1169 3079 1250 3124 tot
1281 3070 1632 3125 sermonibus
1654 3071 1766 3140 jam
1790 3069 1947 3122 multi
1984 3084 2073 3122 rc-

502 3164 719 3235 darguti
745 3162 968 3228 fuerint,
996 3161 1146 3216 solus
1168 3162 1259 3216 hic
1289 3177 1471 3216 sermo
1501 3161 1661 3216 nobis
1691 3160 2074 3215 honestissime

501 3253 874 3323 conquiescit,
929 3268 1038 3322 quo
1097 3251 1452 3306 decernimus
1499 3251 1804 3306 cavendum
1861 3249 2075 3320 1024

501 3345 673 3416 magis
697 3359 816 3398 esse
837 3359 904 3398 ne
937 3343 1122 3414 injurii
1157 3343 1280 3397 aliis
1310 3343 1414 3412 ipsi
1450 3342 1642 3407 simus,
1665 3358 1828 3412 quam
1852 3357 1919 3394 ne
1943 3341 2075 3410 quid

501 3438 571 3492 ab
602 3437 727 3491 aliis
763 3435 978 3507 injuria:
1006 3435 1280 3504 patiamur
1322 3451 1334 3487 :
1376 3450 1594 3503 pra-que
1623 3434 1790 3488 rebus
1819 3432 2077 3486 omnibus

500 3530 552 3583 ei
576 3529 670 3599 qui
702 3543 830 3583 vere
859 3527 930 3581 sit
950 3527 1054 3591 vir,
1087 3527 1191 3579 hoc
1215 3525 1524 3580 curandum
1555 3540 1697 3589 esse,
1732 3539 1842 3578 non
1873 3531 2076 3577 utesse

501 3620 778 3684 videatur,
807 3618 905 3673 sed
929 3628 988 3671 ut
1017 3617 1195 3685 reipsa
1222 3615 1293 3670 sit
1321 3616 1520 3680 bonus,
1545 3625 1599 3669 et
1629 3613 1847 3684 publice
1877 3624 1932 3667 et
1959 3612 2075 3682 pri-

503 3713 690 3766 vatim.
726 3731 743 3762 ›
777 3709 1014 3764 Eosdem
1047 3723 1238 3762 rursus
1261 3723 1544 3762 sermones
1573 3723 1697 3761 eum
1725 3706 1948 3761 Critone
1973 3703 2076 3758 So-

504 3811 685 3860 crates
728 3801 939 3857 habuit.
997 3801 1127 3855 Post
1173 3800 1341 3854 multa
1383 3799 1530 3853 enim
1577 3799 1683 3852 alia
1726 3797 1843 3851 htee
1878 3795 2080 3866 adjecit

507 3897 584 3966 (p.
602 3891 669 3950 49
694 3895 754 3966 Β)
781 3913 795 3948 ι
825 3914 842 3946 ι
863 3893 1025 3948 Nullo
1049 3892 1216 3963 igitur
1238 3900 1398 3962 pacto
1419 3899 1637 3961 oportet
1665 3891 1868 3961 injuria
1888 3903 2081 3958 quem-

504 4004 668 4060 quam
699 3986 935 4051 aﬂieere,
960 4001 1139 4055 neque
1164 3985 1208 4039 si
1238 3984 1337 4037 tibi
1363 3983 1656 4045 inferatur,
1680 3997 1801 4035 eam
1829 3979 2077 4033 vicissim

505 4079 732 4142 referre,
761 4077 922 4132 sicuti
948 4077 1150 4130 multos
1170 4076 1375 4130 sentire
1400 4074 1562 4128 video
1587 4089 1600 4126 :
1628 4073 1780 4127 nullo
1803 4071 2078 4142 siquidem

505 4180 665 4242 pacto
697 4170 855 4225 decet
883 4185 1004 4225 esse
1031 4169 1318 4240 iniurium.
1352 4167 1495 4232 Quid
1522 4176 1728 4230 autem,
1755 4165 1929 4230 Crito,
1960 4179 2079 4217 mae

504 4263 629 4316 lone
678 4275 1007 4331 quemquam
1034 4261 1164 4314 licet
1190 4258 1426 4322 allicere,
1475 4274 1544 4311 an
1574 4272 1686 4310 non
1717 4256 1886 4311 licet?
1916 4255 2078 4310 Nullo

505 4352 835 4417 modolicet,
869 4367 902 4405 ο
927 4349 1203 4405 Socrates.
1230 4349 1430 4402 Malum
1453 4362 1585 4403 vero
1612 4347 1668 4400 in
1687 4362 1814 4401 eum
1845 4346 2075 4413 referre,

505 4460 538 4500 a
567 4460 677 4514 quo
713 4442 866 4514 prior
901 4456 1097 4510 passus
1126 4440 1321 4504 fueris,
1369 4440 1524 4494 l‘asne
1554 4448 1659 4504 est,
1696 4446 1758 4494 ut
1791 4441 1950 4496 multi
1997 4439 2079 4494 di-

2158 706 2251 758 καὶ
2277 704 2480 773 ἡδοναί.
2515 724 2534 756 ι
2563 700 2697 757 Εἶτα
2732 701 3038 773 πυθομένου
3073 703 3167 755 τοῦ
3216 704 3540 774 Σωκράτους
3578 709 3625 756 εἰ
3659 705 3742 757 ἔτι

2156 797 2218 849 τὸ
2239 795 2347 849 τῶν
2375 796 2574 866 ἡδονῶν
2608 796 2966 848 ἐπανίσταται
3013 794 3186 858 πάθος
3211 835 3225 860 ,
3263 795 3550 850 ὑπολαϐὼν
3602 797 3742 865 ἐφη·

2164 907 2181 938 ι
2207 887 2480 956 Εὐφήμει,
2503 887 2757 957 ἄνθρωπε
2779 904 2792 916 ·
2815 888 3192 957 ἀσμενέστατα
3225 886 3324 956 μὲν
3352 887 3419 939 τά
3452 885 3682 940 τοιαῦτα
3698 887 3745 919 ’⁸

2159 977 2460 1045 ἀπέφυγον,
2485 976 2671 1048 ῶσπερ
2698 978 2744 1008 ³⁵
2767 977 3046 1032 λυττῶντά
3076 994 3196 1031 τινα
3215 979 3308 1031 καὶ
3340 977 3530 1048 ἄγριον
3553 979 3751 1031 δεσπόο

2159 1087 2258 1139 την
2282 1069 2600 1138 ἀποφυγών.
2642 1090 2658 1122 ι
2709 1069 2969 1123 Ἐνταῦθα
2995 1070 3092 1140 μὲν
3115 1065 3206 1124 οὗν
3229 1072 3358 1140 περὶ
3385 1074 3484 1141 τῆς
3508 1073 3750 1142 αἰσχρᾶς

2160 1161 2353 1232 ἡδονῆς
2374 1161 2598 1214 τοιαῦτα
2624 1161 2933 1232 διελήλυθεν
2969 1162 3015 1194 ³⁰
3043 1179 3056 1194 ·
3083 1165 3140 1215 ὲν
3171 1162 3226 1215 δὲ
3261 1162 3338 1233 τῷ
3363 1164 3585 1232 Γοργίᾳ
3617 1163 3755 1230 περὶ

2162 1254 2505 1325 δικαιοσύνης
2536 1255 2632 1308 καὶ
2671 1255 2884 1319 ἀδικίας
2931 1248 3034 1309 ὧδέ
3088 1271 3253 1324 φησι·
3293 1272 3311 1305 ι
3346 1254 3596 1307 Χαλεπὸν
3649 1251 3755 1322 μὲν

2163 1345 2292 1416 γὰρ,
2325 1339 2370 1398 ὦ
2396 1345 2738 1410 Καλλίκλεις,
2765 1347 2861 1400 καὶ
2883 1344 3078 1398 πολλοῦ
3107 1346 3328 1398 ἐπαίνου
3358 1343 3528 1408 ἀξιον,
3564 1345 3620 1397 ἐν
3652 1359 3758 1413 με-

2164 1437 2306 1507 γάλη
2331 1437 2547 1508 ἐξουσίᾳ
2571 1437 2861 1507 γενόμενον
2885 1437 2979 1490 τοῦ
3015 1438 3241 1501 ἀδικεῖν,
3266 1437 3490 1500 δικαίως
3521 1436 3759 1490 διαϐιῶ-

2171 1547 2277 1582 ναι.
2320 1529 2518 1596 Ὀλίγοι
2543 1529 2600 1581 δὲ
2627 1529 2868 1597 γίνονται
2897 1530 2946 1581 οἱ
2971 1529 3220 1583 τοιοῦτοι.
3265 1527 3419 1582 Ἐπεὶ
3449 1528 3542 1581 καὶ
3565 1526 3757 1581 ἐνθάδε

2167 1619 2262 1672 καὶ⁸
2312 1617 2496 1674 ἄλλοθι
2549 1619 2840 1687 γεγόνασιν
2867 1660 2882 1686 ,
2927 1614 3081 1689 οἶμαι
3121 1619 3178 1671 δέ
3227 1618 3440 1672 ἔσονται
3475 1618 3631 1671 καλοὶ
3659 1621 3760 1672 καὶ

2167 1707 2363 1776 ἀγαθοὶ
2391 1706 2594 1777 ταύτην
2625 1705 2722 1778 τὴν
2759 1708 2983 1779 ἀρετὴν,
3017 1708 3082 1778 ἧν
3112 1725 3197 1760 τοι
3237 1708 3459 1771 δικαίως
3488 1707 3762 1777 διαχειρί-

2168 1798 2334 1863 ζωσιν
2357 1799 2398 1830 ³⁸
2431 1799 2465 1852 δι
2488 1799 2552 1852 ἄν
2585 1816 2669 1862 τις
2700 1800 2991 1870 ἐπιτρέπῃ.
3034 1818 3053 1850 ι
3090 1800 3199 1852 Καὶ
3233 1795 3299 1854 αὖ
3341 1799 3534 1852 πάλιν
3567 1818 3585 1850 ι
3610 1799 3758 1851 Ἀλλ’

2169 1893 2225 1943 ἐν
2254 1892 2525 1955 τοσούτοις
2557 1891 2734 1958 λόγοις
2774 1891 2984 1946 πολλῶν
3009 1891 3382 1962 ἐλεγχομένων
3415 1891 3572 1961 μόνος
3597 1882 3757 1953 οὗτος

2169 1983 2369 2054 ἠρεμεῖ
2403 1985 2430 2035 ό
2457 1983 2635 2050 λόγος,
2668 1983 2740 2046 ὡς
2775 1982 3104 2054 εὐλαϐητέον
3141 1982 3259 2035 ἐστὶ
3287 1984 3347 2035 τδ
3374 1983 3577 2036 ἀδικεῖν
3612 1982 3756 2052 μᾶλ-

2170 2074 2282 2137 λον,
2307 2075 2340 2145 ἢ
2381 2073 2442 2126 τὸ
2469 2072 2795 2138 ἀδικεῖσθαι,
2829 2075 2924 2127 καὶ
2955 2075 3156 2138 παντὸς
3187 2074 3386 2144 μᾶλλον
3412 2075 3566 2143 ἀνδρὶ
3594 2075 3758 2144 μελε-

2169 2164 2359 2234 τητέον
2411 2164 2471 2217 ού
2521 2164 2582 2216 τὸ
2617 2164 2794 2216 δοκεῖν
2839 2160 2977 2217 εἶναι
3010 2163 3234 2232 ἀγαθὸν,
3271 2164 3407 2217 άλλά
3457 2164 3519 2216 τὸ
3552 2164 3758 2232 ἀγαθὸν

2171 2251 2332 2318 εἶναι,
2359 2255 2451 2308 καὶ
2487 2255 2591 2325 ἰδίᾳ
2616 2254 2710 2308 καὶ
2731 2255 2794 2325 δη
2805 2255 2985 2326 μοσίᾳ.
3015 2275 3032 2307 ι
3063 2256 3174 2308 Καὶ
3196 2257 3416 2320 τούτους
3440 2256 3497 2309 δέ
3523 2256 3686 2310 πάλιν
3708 2255 3758 2291 ⁸³

2171 2349 2297 2410 τοὺς
2325 2347 2515 2415 λόγους
2561 2349 2587 2399 ὀ
2637 2347 2932 2418 Σωκράτης
2964 2345 3039 2417 τῷ
3078 2347 3318 2417 Κρίτωνι
3361 2349 3755 2418 προσενήνοχε.

2172 2441 2326 2494 Μετά
2356 2441 2462 2509 γὰρ
2512 2439 2738 2502 πολλοὺς
2785 2440 3000 2510 ἐτέρους
3055 2439 3149 2491 καὶ
3179 2439 3303 2492 τάδε
3337 2438 3718 2511 προστέθεικεν
3739 2457 3757 2471 '

2178 2551 2195 2581 ι
2235 2528 2500 2599 Οὐδαμῶς
2529 2529 2637 2598 ἄρα
2681 2529 2761 2581 δεῖ
2793 2528 3018 2581 ἀδικεῖν.
3074 2527 3212 2581 Ούδέ
3249 2528 3600 2598 ἀδικούμενον
3647 2531 3758 2598 ἄρα

2174 2620 2500 2684 ἀνταδικεῖν,
2527 2619 2601 2682 ὡς
2626 2621 2674 2671 οἱ
2709 2617 2897 2671 πολλοὶ
2925 2618 3154 2670 οἴονται·
3177 2619 3473 2688 ἐπειδήπερ
3499 2618 3756 2687 οὐδαμῶς

2175 2713 2254 2766 δεῖ
2281 2714 2506 2765 ἀδικεῖν.
2538 2711 2602 2763 Τί
2631 2711 2686 2763 δέ
2723 2711 2786 2782 δή
2820 2711 2900 2775 ³³;
2937 2714 3266 2781 κακουργεῖν
3293 2711 3393 2773 δεῖ,
3425 2705 3469 2763 ὦ
3510 2711 3754 2780 Κρίτων,

2177 2804 2208 2877 ἢ
2238 2805 2296 2857 ού
2324 2822 2338 2870 ;
2375 2806 2448 2859 Οὐ
2480 2801 2601 2874 [δεῖ]
2628 2803 2798 2871 δήπου
2829 2802 2895 2865 ³³,
2923 2794 2967 2854 ὦ
2992 2800 3298 2872 Σώκρατες.
3344 2801 3408 2852 Τί
3449 2800 3508 2854 δέ
3544 2802 3624 2867 ³⁵;
3666 2803 3759 2855 ἀν-

2172 2896 2555 2964 τικακουργεῖν
2584 2891 2769 2954 κακῶς
2810 2893 3109 2962 πάσχοντα,
3148 2890 3223 2954 ὡς
3277 2892 3325 2943 οἱ
3367 2891 3552 2943 πολλοί
3591 2909 3751 2962 φατι,

2174 2986 2400 3050 δίκαιον,
2425 2985 2458 3057 ἢ
2488 2986 2548 3037 οὐ
2591 2984 2833 3049 δίκαιον;
2867 2982 3152 3052 Οὐδαμῶς.
3190 2982 3262 3035 Τὸ
3300 2982 3406 3052 γάρ
3444 2999 3548 3034 που
3588 2982 3759 3035 κακὸν

2176 3083 2348 3133 ποιεῖν
2375 3076 2705 3147 ἀνθρώποις,
2729 3075 2822 3128 τοῦ
2846 3075 3050 3128 ἀδικεῖν
3084 3074 3235 3127 οὐδὲν
3264 3073 3530 3143 διαφέρει.
3563 3073 3760 3138 Καλῶς

2103 3207 2145 3263 C
2178 3170 2374 3239 λέγεις.
2404 3167 2539 3221 Ούτε
2574 3163 2664 3226 οὖν
2691 3167 2798 3238 ἀρα
2827 3168 3133 3221 ἀνταδικεῖν
3175 3167 3220 3198 ⁸⁸
3257 3166 3372 3230 δεῖ,
3414 3165 3535 3220 οὔτε
3572 3165 3760 3230 κακῶς

2179 3261 2353 3310 ποιεῖν
2385 3257 2575 3311 οὐδένα
2608 3256 2932 3327 ἀνθρώπων,
2987 3257 3095 3309 οὐδ’
3128 3257 3191 3312 ἂν
3233 3257 3412 3311 ὁτιοῦν
3461 3259 3648 3329 πάσχῃ
3677 3273 3760 3321 τις

2180 3351 2273 3402 ὑπ’
2305 3348 2503 3401 αὐτῶν.
2546 3368 2563 3400 ι
2599 3347 2868 3417 Τοιαύτην
2924 3349 3022 3418 μὲν
3061 3347 3214 3419 [I72]
3246 3343 3338 3401 οὖν
3373 3349 3587 3410 ἀδικίας
3628 3347 3759 3418 πέρι

2179 3442 2275 3493 καὶ
2305 3440 2653 3510 δικαιοσύνης
2688 3440 2988 3510 Σωκράτης
3020 3441 3114 3493 καὶ
3149 3440 3373 3494 Πλάτων
3414 3440 3761 3493 διδασκαλίαν

2179 3532 2532 3602 ἐποιησάτην,
2568 3531 2884 3597 ἀξιέπαινον
2915 3531 3131 3601 ἀληθῶς
3165 3533 3259 3584 καὶ
3303 3531 3523 3603 λογικὴν
3567 3533 3662 3586 καὶ
3694 3535 3760 3604 τῇ

2181 3622 2341 3692 φύσει
2369 3626 2435 3693 τῇ
2481 3621 2796 3692 ἀνθρωπίνῃ
2844 3621 3272 3692 ξυμϐαίνουσανο
3326 3623 3395 3675 τὰ
3448 3623 3557 3694 γὰρ
3594 3623 3762 3693 ἡθικά

2184 3714 2484 3784 μαθήματα
2524 3714 2732 3776 πάντας
2785 3714 3105 3784 ἀνθρώπους
3154 3717 3186 3784 ή
3245 3714 3407 3782 φύσις
3447 3714 3758 3768 ἐπαίδευσε.

2181 3806 2492 3868 Διαπλάσας
2521 3805 2643 3875 γάρ’
2662 3822 2742 3857 τοι
2769 3804 2875 3857 τῶν
2905 3805 3207 3876 ἀνθρώπων
3235 3805 3295 3857 τὸ
3325 3806 3481 3873 γένος
3510 3807 3539 3858 ὁ
3590 3807 3761 3876 Ποιηο

2181 3897 2298 3968 τὴς,
2340 3896 2607 3950 ἐντέθεικε
2630 3898 2695 3967 τῇ
2725 3896 2883 3964 φύσει
2907 3895 3004 3966 τὴν
3025 3896 3132 3950 τῶν
3153 3895 3373 3964 ἀγαθῶν
3406 3897 3499 3949 καὶ
3529 3897 3629 3967 τὴν
3654 3897 3760 3950 τῶν

2182 3989 2438 4044 ἐναντίων
2491 3989 2779 4056 διάγνωσιν
2837 3988 2901 4040 ³⁷.
2944 3988 3108 4041 Ὅθεν
3160 3989 3220 4041 ού
3257 3989 3417 4058 μόνον
3464 3989 3763 4061 Σωκράτης

2181 4082 2273 4135 καὶ
2298 4081 2522 4134 Πλάτων
2552 4081 2647 4133 καὶ
2689 4079 3024 4151 Ἀριστείδης
3058 4082 3085 4133 ό
3112 4079 3430 4150 Λυσιμάχου
3466 4080 3560 4132 καὶ
3609 4080 3762 4136 ἄλλοι

2179 4171 2321 4234 τινὲς
2373 4171 2481 4223 τῶν
2534 4169 2801 4240 Ἑλλήνων
2835 4170 2926 4222 τὸν
2980 4169 3161 4223 ἄδικον
3215 4169 3566 4236 ἐϐδελύξαντο
3625 4171 3762 4241 βίον,

2181 4263 2316 4318 ἀλλά
2338 4263 2433 4316 καὶ
2467 4261 2575 4314 τῶν
2604 4260 2895 4331 βαρϐάρων
2925 4261 3132 4315 πολλοί.
3166 4261 3276 4315 Καὶ
3301 4261 3409 4333 γὰρ
3451 4262 3762 4328 Ἑλλάνικος

2180 4357 2240 4410 ἐν
2273 4356 2393 4417 ταῖς
2420 4353 2681 4423 ἱστορίαις
2718 4351 2820 4423 ἔφη
2847 4369 2861 4384 ο
2899 4372 2917 4405 ι
2959 4354 3099 4417 Τοὺς
3149 4354 3548 4424 Ὑπερϐορέους
3589 4356 3762 4411 οἰκεῖν

2186 4445 2282 4515 μὲν
2308 4443 2446 4513 ὑπὲρ
2469 4441 2536 4495 τὰ
2577 4441 2797 4494 Ῥίπαια
2818 4441 2939 4513 ὅρη,
2977 4443 3166 4496 άσκεῖν
3195 4443 3250 4496 δὲ
3281 4443 3654 4515 δικαιοσύνην,
3687 4446 3765 4516 μὴ

505 4545 658 4600 cunt,
699 4551 768 4588 an
797 4532 988 4586 nefas?
1021 4531 1184 4584 Nullo
1212 4531 1434 4600 quidem
1472 4530 1636 4584 modo
1679 4531 1760 4586 fas
1803 4541 1906 4588 est.
1939 4531 2071 4586 Male

2186 4531 2606 4604 κρηφαγοῦντας
2637 4532 2705 4598 ³⁸,
2739 4531 2855 4586 ἀλλ’
2880 4533 3205 4604 ἀκροδρύοις
3233 4535 3572 4605 χρωμένους.
3609 4555 3630 4588 ι
3656 4539 3767 4590 Καὶ

504 4627 654 4681 enim
692 4640 1024 4694 quemquam
1059 4623 1284 4688 allicias,
1319 4639 1389 4677 an
1424 4623 1501 4679 sis
1533 4622 1610 4677 illi
1648 4625 1907 4695 injurius,
1939 4622 2071 4678 nihil

2184 4625 2310 4687 τοὺς
2337 4624 2668 4694 Βραχμᾶνας
2697 4623 3001 4694 ἱστοροῦσιν
3031 4624 3207 4696 ἕτεροι
3236 4627 3292 4679 ἐν
3342 4628 3464 4689 ταῖς
3496 4624 3651 4690 ὕλαις
3679 4627 3763 4681 δι-

507 4719 716 4774 diﬂ'ert.
750 4717 918 4771 Recte
951 4715 1108 4771 dicis.
1145 4716 1334 4786 Neque
1363 4715 1531 4786 igitur
1559 4716 1822 4787 injuriam
1849 4715 2071 4780 referre,

2187 4715 2360 4782 άγειν,
2390 4713 2610 4781 φύλλοις
2641 4714 2703 4766 τὸ
2735 4714 2895 4785 σῶμα
2922 4715 3312 4779 καλύπτοντας.
3355 4717 3464 4769 Καὶ
3495 4717 3769 4789 Ἀνάχαρ-

506 4823 686 4877 neque
717 4806 922 4861 malum
949 4804 1152 4861 inferre
1193 4805 1482 4860 hominum
1524 4808 1784 4876 cuiquam
1824 4806 1978 4868 licet,
2008 4820 2071 4858 ne

2188 4824 2272 4859 σιν
2293 4806 2348 4858 δὲ
2377 4805 2468 4857 τὸν
2497 4805 2710 4876 Σκύθην
2750 4806 3036 4876 φιλόσοφον
3073 4807 3408 4878 γεγενῆσθαί
3441 4827 3626 4879 φασιν.
3656 4812 3770 4866 Οὖ-

509 4899 733 4968 quidem
762 4897 807 4952 si
836 4899 903 4953 ab
945 4899 1026 4953 eis
1059 4899 1351 4968 quisquam
1379 4900 1532 4969 prior
1567 4898 1832 4966 patiatur.
1864 4916 1883 4948 ι
1929 4897 2071 4951 Hanc

2185 4914 2292 4960 τως
2326 4896 2381 4948 δὲ
2413 4896 2573 4949 αὑτὸν
2593 4899 2620 4949 ὁ
2640 4899 2737 4966 τῆς
2772 4898 3089 4968 φιλοσοφίας
3123 4900 3504 4972 ἐπυρπόλησεν
3527 4903 3572 4935 ³⁸
3599 4902 3768 4974 ἔρως,

509 4989 676 5058 igitur
729 4988 796 5043 de
833 4989 1048 5060 justitia
1095 4997 1152 5043 et
1199 4988 1472 5059 injustitia
1511 4985 1770 5040 Socrates
1825 5000 1890 5039 ac
1929 4985 2071 5039 Platc

2181 4987 2256 5050 ὡς
2279 4989 2707 5057 ὀνομαστότατον
2731 4989 2985 5058 γενέσθαι
3013 4992 3104 5044 καὶ
3135 4993 3285 5062 παρὰ
3308 4993 3474 5046 πᾶσιν
3495 4994 3767 5065 ἀοίδιμον.

507 5078 816 5132 doctrinam
851 5077 1218 5140 tradiderunt,
1273 5073 1609 5129 laudabilem
1650 5073 1799 5126 illam
1829 5087 2071 5140 prorsus,

2184 5078 2258 5129 Ού
2292 5079 2401 5147 γάρ
2435 5077 2593 5147 μόνον
2625 5078 2942 5149 ἐγρηγορὼς
2983 5080 3120 5151 πρὸς
3153 5081 3220 5133 τὰ
3248 5080 3349 5150 τῆς
3385 5081 3566 5151 ψυχῆς
3612 5085 3768 5154 ἠγω-

509 5169 819 5240 rationique
848 5178 1301 5232 consentaneam,
1327 5174 1383 5219 et
1417 5165 1671 5218 humana:
1702 5171 1910 5219 natura:
1945 5179 2071 5219 con-

2184 5166 2360 5232 νίζετο
2401 5167 2568 5238 πάθη,
2601 5169 2737 5221 ἀλλά
2775 5170 2869 5222 καὶ
2907 5171 3270 5225 καθεύδωντά
3304 5175 3402 5242 τῆς
3430 5173 3766 5244 ἐγκρατείας

506 5268 811 5333 gruentem.
852 5259 1115 5315 Moralem
1139 5257 1414 5328 siquidem
1448 5253 1793 5324 disciplinam
1823 5256 2071 5311 mortale!

2185 5257 2487 5328 παρεδήλου
2517 5263 2718 5330 σημεῖα
2739 5273 2752 5290 '
2781 5260 2960 5315 εἰώθει
2979 5261 3088 5333 γὰρ
3113 5265 3176 5333 τῇ
3211 5263 3311 5333 μὲν
3339 5263 3468 5334 λαιᾷ
3497 5263 3565 5316 τά
3588 5265 3768 5318 αἰδοῖα

1819 5396 2051 5452 VARUE
2085 5397 2488 5454 LECTlONES.

577 5535 752 5613 "xiv
779 5552 862 5587 τοι
889 5532 1047 5613 αὐτά,
1083 5532 1400 5613 τεῌτοιαῦτὶα
1429 5532 1494 5613 ρ,
1530 5533 1610 5613 τὰ.
1628 5532 1849 5613 τοιαῦτα
1872 5535 1934 5588 Ι).
2094 5536 2300 5613 ὥσπερ.
2327 5536 2493 5613 sic.
2571 5539 2634 5613 "1
2648 5538 2980 5609 διελήλυθεν.
3005 5541 3372 5613 διεξελήλυθεν
3408 5542 3470 5597 ι),
3579 5543 3622 5576 ιι
3648 5544 3770 5598 δια,

507 5601 1412 5688 χειρίζωγτωκδιαχξιρίςουσιᾗσι
1433 5602 1536 5688 Y‘b,
1583 5603 1992 5688 δεαχωρίςοχσιν
2011 5606 2124 5667 Va,~
2173 5601 2570 5688 διαχειρίζωσιν
2604 5601 3278 5688 Βηριξῐιλφιμέπιτρέττοι.
3372 5613 3418 5644 ³¹
3468 5613 3648 5666 πάλιν.
3693 5609 3767 5668 αὖ

510 5671 670 5758 πάλιν
697 5674 769 5758 Ι)ζ
825 5672 918 5758 ﬂ”
943 5671 996 5758 τί
1226 5673 1355 5758 τῇδε
1386 5674 1418 5758 ᾗ
1623 5673 1665 5704 ³³
1695 5671 1761 5758 οξ)
1788 5671 1910 5758 [δεῖ]
1931 5675 2124 5758 δήπου.
2158 5675 2218 5727 ού
2251 5671 2422 5744 δήπου
2445 5676 2508 5746 δὴ
2530 5678 2592 5730 D.
2633 5671 2718 5758 ‘7’:
2741 5679 2791 5730 τί
2932 5681 3010 5732 δεῖ
3044 5671 3180 5742 δὲ’(ἷ.
3216 5683 3276 5736 D.
3357 5683 3402 5714 ⁸⁸
3431 5683 3763 5738 ἀνταδικεῖν.

509 5741 798 5824 ἀντιδικεῖν
823 5741 971 5824 Cnet
996 5743 1072 5797 sic
1154 5741 1234 5812 pr.
1265 5741 1287 5746 ⁷⁷
1312 5744 1355 5824 εξ
1371 5741 1696 5824 ,διάγνωσινὲ
1721 5741 1990 5824 διάκορίσιν
2011 5745 2227 5824 (γνωςιν
2259 5741 2422 5824 supra
2449 5741 2649 5818 κριςιν)
2683 5749 2744 5803 D.
2825 5750 2867 5782 ³⁸
2899 5741 3338 5822 κρηφαγοῦντας.
3377 5751 3768 5824 κρεωφαγοῦν-

513 5825 608 5868 τας
655 5809 718 5862 D.
823 5811 866 5840 ³9
896 5809 1292 5882 ἐπυρπόλησενκ
1334 5809 1627 5877 ἐξέκαυσεν
1659 5813 1722 5877 D,
1761 5813 1853 5882 qui
1901 5809 2233 5884 ιιιοίμόνον
2275 5809 2402 5884 γάρ.
