4056 6422
319 356 461 424 H37

849 351 1292 418 GRJECARUM
1327 348 1630 413 AFFECT.
1670 349 2237 414 CURATIO."XII.
2279 355 2379 415 DE
2418 355 2753 419 VIRTUTE
2791 358 3081 419 ACTIVA.

3451 356 3590 424 1138

318 462 601 536 κατέχειν,
634 459 702 533 τῇ
748 458 897 533 δεξιᾷ
922 461 978 515 δὲ
1000 460 1070 515 τὰ
1106 460 1263 532 χείλη
1303 459 1550 530 συνέχειν
1572 475 1585 489 ο
1617 457 1792 529 ταύτῃ
1827 473 1902 528 πη

2025 472 2200 514 ιωηεε
2249 468 2448 517 natura
2487 463 2605 534 ipsa
2642 465 2954 535 perdocuit.
2990 464 3221 521 Creator
3246 462 3393 518 enim
3419 465 3588 532 Deus,

316 556 520 627 δηλῶν,
557 554 633 619 ὡς
662 553 844 625 πολλῷ
872 553 1075 626 μείζων
1102 553 1250 607 ἐστὶν
1276 554 1311 623 ἡ
1360 550 1571 621 ἀγωνία
1598 551 1698 623 τῆς
1728 549 1907 621 γλώτ-

316 665 443 719 της,
476 645 570 701 καὶ
610 645 858 717 μείζονος
894 644 1215 716 ἐπικουρίας
1250 645 1330 709 είς
1372 643 1673 714 ἀσφάλειαν
1713 644 1907 698 δεῖται.

318 738 438 793 Καὶ
468 736 719 809 Χείρωνα
747 737 804 790 δέ
835 734 927 790 τὸν
972 735 1286 805 Κένταυρον
1319 735 1638 807 Ἕρμιππός
1681 751 1845 806 φησιν
1880 734 1910 787 6

319 829 590 903 Βηρύτιος
616 826 966 898 δικαιοσύνης
984 827 1242 896 γενέσθαι
1263 826 1603 892 διδάσκαλον,
1620 828 1715 881 καὶ
1729 828 1908 899 Ὅμη-

327 937 426 991 ρος
451 921 508 974 δὲ
536 920 700 974 αὐτὸν
738 938 757 970 ι
798 918 1141 974 δικαιότατον
1171 919 1282 974 τῶν
1315 918 1645 992 Κενταύρων
1666 939 1685 974 ι
1719 920 1909 975 ἐκάλε-

319 1028 438 1065 σεν.
473 1011 546 1064 Οὐ
578 1009 757 1064 τοίνυν
787 1009 932 1080 μάλα
954 1011 1223 1080 προσήκει
1244 1008 1547 1080 θαυμάζειν
1567 1009 1691 1064 οὔτε
1726 1010 1909 1065 Ἡσίο-

316 1103 437 1168 δον,
460 1105 719 1174 τραχεῖαν
751 1102 981 1171 λέγοντα
1003 1103 1102 1174 τῆς
1130 1102 1333 1174 ἀρετῆς
1354 1102 1452 1174 τὴν
1472 1102 1589 1157 ὁδὸν
1613 1104 1708 1158 καὶ
1738 1121 1910 1177 προσ-

317 1193 459 1264 άντη
509 1193 604 1247 καὶ
633 1193 921 1257 δύσϐατον,
976 1191 1098 1245 οὕτε
1154 1193 1457 1264 Σιμωνίδην
1530 1192 1675 1265 [Τὰν
1694 1195 1912 1264 ἀρετὰν

316 1283 584 1356 εἰρηκότα
606 1284 800 1353 ναίειν
822 1283 868 1316 ⁸⁸
903 1282 1226 1350 δυσϐάτοις
1258 1283 1360 1337 ἐπὶ
1384 1283 1675 1357 πέτραις]
1714 1286 1781 1338 Ἀ
1802 1288 1911 1360 γὰρ

316 1375 389 1446 δὴ
419 1374 498 1446 τῷ
535 1375 770 1447 Χείρωνι
800 1375 894 1429 καὶ
922 1376 1034 1438 τοῖς
1086 1373 1477 1445 Ἰππημολγοῖς
1523 1376 1911 1448 προσεμαρτύ-

320 1483 496 1538 ρησεν
520 1468 791 1538 Ὄμηρος,
819 1467 914 1522 καὶ
941 1467 1085 1540 ἆπερ
1123 1466 1452 1543 Ἀνάχαρσις
1471 1469 1500 1521 6
1525 1468 1736 1537 Σκύθης
1764 1469 1913 1541 ἔργῳ

322 1557 590 1627 μετῆλθε,
629 1557 803 1611 ταῦτα
854 1557 1002 1629 λόγῳ
1052 1557 1370 1630 παρῄνεσαν
1421 1560 1472 1613 oi
1528 1559 1911 1632 ἐπαινούμενοι

322 1647 577 1717 ποιηταί.
621 1647 733 1701 Καὶ
787 1648 1133 1719 Ἀντισθένης
1169 1648 1227 1702 δέ
1261 1651 1290 1702 ό
1334 1649 1570 1712 Κυνικὸς
1613 1650 1911 1721 (Σωκρατι-

324 1737 428 1800 κὸς
449 1736 494 1767 ⁸³
526 1736 582 1790 δέ
619 1738 713 1791 καὶ
742 1731 917 1808 οὗτος)
947 1736 1041 1792 τοῦ
1069 1738 1294 1810 ἥδεσθαι
1328 1739 1388 1793 τὸ
1416 1740 1699 1810 μαίνεσθαι
1731 1744 1913 1812 κρεῖτ-

2010 565 2138 606 cum
2171 551 2455 609 hominem
2486 554 2802 624 formasset,
2830 567 3048 614 natura;
3080 556 3285 612 indidit
3315 556 3592 613 bonorum

2011 642 2395 715 malorumque
2418 647 2847 706 discretionem-
2870 649 2991 718 Quo
3020 650 3245 716 factum,
3271 656 3334 705 ut
3358 665 3471 705 non
3504 665 3593 706 so-

2010 734 2128 790 lum
2178 734 2461 805 Socrates,
2512 748 2571 795 et
2614 739 2808 807 Plato,
2855 746 2915 795 et
2957 740 3233 795 Aristides
3275 738 3591 811 Lysimachi

2010 826 2178 895 ﬁlius,
2226 837 2284 884 et
2322 829 2417 885 alii
2445 830 3070 901 quidam'Graecorum,
3097 832 3426 903 injustitiam
3453 831 3593 887 abo-

2011 917 2205 972 minati
2233 918 2375 987 (sint,
2418 917 2515 974 sed
2552 919 2916 977 barbarorum
2928 923 3095 978 etiam
3113 922 3361 992 plurimi.
3384 922 3593 977 Auctor

2011 1010 2159 1067 enim
2179 1019 2265 1067 est
2292 1012 2349 1067 in
2385 1013 2597 1085 1025
2622 1014 2871 1070 historiis
2888 1016 3007 1072 suis
3024 1016 3362 1081 Hellanicus,
3377 1014 3591 1087 Hyper-

2011 1098 2232 1166 boreos,
2255 1100 2350 1171 qui
2378 1101 2524 1157 ultra
2545 1111 2762 1159 montes
2783 1103 3004 1175 Ripaeos
3025 1104 3297 1170 habitant,
3320 1088 3611 1176 justitiam.

2012 1193 2217 1258 colere,
2267 1208 2373 1249 nec
2414 1192 2677 1250 carnibus
2716 1194 2890 1261 vesci,
2934 1194 3032 1251 sed
3080 1193 3330 1249 arboreis
3376 1200 3590 1248 tantum

2010 1282 2302 1339 fructibus.
2346 1283 2417 1339 Et
2447 1284 2819 1343 Brachmanas
2858 1285 3215 1341 alii.narrant
3237 1284 3296 1339 in
3322 1283 3476 1339 silvis
3500 1282 3596 1338 de-

2011 1390 2160 1448 gere,
2186 1391 2391 1447 corpus
2410 1375 2706 1434 frondibus
2724 1378 3045 1434 vestientes.
3073 1374 3436 1432 Anacharsim
3459 1389 3597 1444 quo-

2012 1482 2120 1537 que
2140 1465 2397 1539 Scytham
2412 1467 2805 1539 philosophum
2829 1467 2987 1523 aiunt
3001 1466 3172 1523 fuisse
3197 1484 3211 1520 :
3237 1472 3389 1521 tanto
3411 1470 3595 1520 autem

2014 1559 2168 1613 illum
2194 1559 2558 1630 philosophiae
2582 1576 2771 1618 amore
2800 1560 3082 1626 inarsisse,
3116 1564 3180 1613 ut
3200 1556 3597 1615 celeberrimus

2013 1652 2271 1719 evaserit,
2308 1660 2365 1708 et
2395 1652 2540 1723 apud
2571 1668 2764 1709 omnes
2795 1651 3047 1708 illustris.
3076 1650 3200 1706 Non
3225 1648 3406 1705 solum
3444 1646 3595 1703 enim

2013 1742 2280 1799 adversus
2314 1742 2482 1798 animi
2515 1739 3272 1814 perturbationesvigilando
3292 1736 3599 1811 pugnabat,

322 1844 425 1881 τον
444 1828 665 1899 εἴρηκεν
691 1824 829 1882 εἶναι
850 1845 864 1859 ·
888 1828 970 1882 διὸ
998 1831 1091 1883 καὶ
1126 1830 1361 1902 παρῄνει
1388 1830 1434 1862 δ’
1468 1834 1580 1895 τοῖς
1612 1834 1912 1903 γνωρίμοις

2025 1848 2210 1889 verum
2246 1833 2413 1888 etiam
2455 1833 2740 1899 dormiens
2790 1832 3148 1889 continentiae
3189 1830 3344 1901 signa
3384 1827 3593 1889 dabat:

331 1918 475 1991 μηδέ
500 1918 761 1973 δάκτυλον
792 1921 1028 1974 ἐκτεῖναι
1055 1937 1184 1974 ποτε
1212 1921 1396 1976 εἵνεκα
1418 1920 1628 1992 ἡδονῆς.
1654 1923 1767 1994 Τῆς
1791 1922 1913 1976 τού-

2025 1932 2382 1980 consueverat
2404 1925 2551 1980 enim
2582 1926 2806 1981 sinistra
2830 1925 3054 1996 quidem
3077 1922 3261 1979 virilia
3284 1920 3594 1983 continere,

328 2027 430 2063 του
450 2010 798 2077 διδασκαλίας
825 2012 1093 2085 τετύχηκε
1120 2015 1373 2086 Διογένης
1400 2017 1428 2068 6
1456 2015 1913 2086 Σινωπεὺς,λόγῳ

2025 2015 2212 2070 dextra
2270 2029 2404 2069 vero
2453 2014 2608 2070 labra
2658 2015 3030 2085 comprimere
3081 2030 3096 2067 :
3147 2012 3228 2068 sic
3297 2008 3599 2067 ostendens

331 2104 441 2173 μὲν
484 2104 578 2156 καὶ
621 2105 785 2169 αὐτὸς
818 2106 916 2177 τὴν
950 2106 1269 2176 φιλοσοφίαν
1308 2104 1581 2175 ζηλώσας,
1615 2105 1810 2177 ἡδονῆς
1857 2106 1915 2159 δὲ

2025 2105 2248 2175 majoris
2282 2119 2404 2160 esse
2444 2104 2653 2176 negotii
2689 2103 2931 2175 linguam
2971 2118 3252 2168 coercere,
3290 2100 3599 2173 maiorique

328 2193 525 2258 δοῦλος
555 2195 869 2265 γενόμενος,
898 2199 992 2250 καὶ
1030 2196 1264 2268 δημοσία
1287 2199 1408 2260 ταῖς
1450 2196 1693 2268 ἑταίραις
1723 2196 1919 2267 μιγνύ-

2025 2195 2224 2252 auxilio
2258 2209 2382 2250 esse
2410 2209 2571 2265 opus,
2597 2202 2659 2249 ut
2687 2194 2758 2250 ab
2777 2210 2843 2250 ea
2870 2195 2973 2249 tuti
2995 2209 3117 2249 esse
3143 2191 3440 2264 possimus.
3464 2188 3599 2246 Chi-

336 2302 526 2355 μενος,
563 2285 659 2338 καὶ
688 2286 949 2341 κάκιστον
978 2290 1089 2351 τοῖς
1118 2286 1414 2358 θεωμένοις
1458 2287 1783 2359 προσφέρων
1816 2306 1920 2341 πα-

2025 2301 2215 2342 ronem
2237 2301 2459 2356 quoque
2494 2284 2847 2341 Centaurum
2876 2284 3208 2355 Hermippus
3240 2280 3500 2353 Berytius
3524 2278 3604 2333 ait
3678 2310 3683 2313 -

337 2372 631 2443 ράδειγμα.
659 2374 796 2428 Φασὶ
840 2375 896 2429 δὲ
927 2376 1090 2431 αὐτὸν
1115 2416 1131 2442 ,
1166 2376 1525 2447 μεμψαμένου
1557 2377 1702 2441 τινὸς
1744 2379 1805 2432 τὸ
1837 2395 1912 2447 γι-

2025 2377 2248 2449 Ῑιιειὶιίω
2312 2376 2637 2447 magistrum
2718 2375 2946 2431 fuisse:
2994 2374 3262 2444 illumque
3328 2369 3604 2427 Homerus

331 2463 625 2535 γνόμενον,
661 2467 754 2519 καὶ
777 2466 1082 2538 εἰρηκότος,
1126 2486 1144 2519 ι
1182 2467 1248 2521 Τί
1297 2470 1491 2532 ποιεῖς,
1521 2462 1566 2522 ὦ
1588 2470 1866 2538 Διόγενες;
1894 2488 1913 2521 ι

2033 2488 2052 2522 ι
2077 2468 2481 2524 Centaurorum
2508 2466 2878 2539 iustissimum
2908 2484 2927 2518 ι
2958 2464 3215 2536 appellat.
3253 2460 3411 2518 Haud
3434 2460 3606 2530 igitur

331 2555 510 2625 φάναι
544 2559 772 2623 ἐκεῖνον,
806 2561 871 2628 τῇ
907 2559 1128 2630 συνήθει
1155 2559 1397 2631 λοιδορία
1419 2561 1793 2632 χρησάμενον
1819 2555 1918 2613 (Ὦ

2026 2559 2215 2615 mirari
2237 2558 2399 2615 valde
2430 2558 2709 2623 convenit,
2743 2558 2833 2614 vel
2867 2555 3190 2620 Hesiodum,
3222 2553 3318 2624 qui
3349 2564 3605 2623 asperam

333 2644 625 2715 κάθαρμα,
659 2649 706 2698 εί
732 2647 1043 2719 ἐπιτύχοιμι
1074 2648 1143 2715 *³,
1173 2647 1480 2719 ἄνθρωπον.
1528 2669 1546 2701 ι
1587 2649 1770 2714 υΰτως
1798 2648 1919 2703 ἀνέ-

2025 2649 2247 2705 virtutis
2275 2648 2421 2703 viam
2450 2663 2572 2704 esse
2593 2647 2750 2713 dicit,
2792 2655 2849 2702 et
2880 2645 3132 2712 arduam,
3159 2651 3329 2713 atque
3354 2642 3605 2697 inacces-

333 2734 435 2804 δην
483 2735 762 2805 ἐλάγνευε.
816 2738 1017 2791 Τούτου
1068 2738 1294 2809 Κράτης
1340 2740 1368 2792 6
1410 2737 1643 2810 Θηϐαῖος
1683 2739 1773 2793 τὸν
1804 2739 1917 2809 βίον

2026 2758 2142 2799 sam
2174 2760 2187 2796 :
2216 2741 2300 2797 vel
2334 2739 2695 2804 Simonidem,
2733 2738 2829 2809 qui
2856 2738 3117 2811 (habitare
3145 2736 3394 2790 virtutem
3430 2731 3511 2787 ait
3547 2731 3606 2785 in

333 2826 617 2897 ἐζήλωσε,
669 2830 762 2883 καὶ
803 2830 1027 2895 πολλαῖς
1078 2831 1195 2902 μὲν·
1226 2831 1523 2902 εὐφημίαις
1572 2831 1670 2903 τὴν
1718 2832 1918 2904 ἀρετὴν

2028 2834 2187 2908 petris
2229 2833 2381 2888 inviis
2415 2848 2477 2886 ac
2513 2827 2854 2901 diﬂicilibus.)
2893 2829 3025 2896 Qua:
3054 2827 3205 2883 enim
3243 2825 3314 2880 de
3353 2822 3602 2879 Chirone

335 2920 721 2989 ἐστεφάνωσεν
740 2940 754 2953 ’
779 2923 945 2976 αὐτοῦ
971 2924 1080 2995 γὰρ
1098 2924 1161 2994 δὴ
1195 2924 1279 2977 ὅδε
1301 2927 1329 2977 6
1356 2923 1402 2956 “
1423 2924 1606 2995 λόγος*

2027 2925 2331 2987 Centauro,
2355 2922 2537 2991 deque
2554 2920 2936 2992 Hippomolgis
2952 2918 3226 2974 Homerus
3244 2922 3482 2971 testatus
3501 2919 3607 2978 est,

335 3026 577 3081 quaeque
644 3014 981 3071 Anacharsis
1019 3014 1220 3086 Scytha
1264 3017 1443 3087 reipsa
1481 3017 1757 3085 praestitit,
1795 3017 1863 3073 ad
1924 3033 1989 3074 ea
2028 3016 2145 3072 suis
2198 3014 2540 3070 carminibus
2588 3012 2797 3067 hortati
2839 3018 2967 3066 sunt
3014 3005 3367 3065 celeberrimi
3407 3010 3606 3075 poetae.

336 3103 703 3161 Antisthenes
737 3122 871 3161 vero
937 3106 1177 3180 Cynicus
1242 3107 1434 3179 (Clem.
1476 3109 1634 3165 Alex.
1680 3108 1878 3165 Slrom.
1919 3125 1980 3174 ιι,
2021 3125 2078 3179 p.
2115 3105 2265 3178 492),
2307 3105 2403 3175 qui
2439 3113 2494 3159 et
2523 3103 2841 3159 Socraticus
2884 3101 3027 3166 fuit,
3054 3106 3319 3170 praestare
3356 3094 3495 3150 dixit
3529 3093 3614 3148 in-

338 3198 552 3261 sanire,
588 3213 751 3267 quam
777 3197 1064 3252 obiectari.
1101 3198 1313 3253 Idcirco
1338 3209 1394 3254 et
1425 3199 1639 3254 amicos
1689 3198 2041 3262 hortabatur,
2070 3204 2132 3251 ut
2190 3210 2259 3249 ne
2325 3193 2559 3264 digitum
2596 3191 2821 3262 quidem
2858 3189 3159 3259 voluptatis
3194 3201 3363 3243 causa
3418 3191 3614 3239 exten~

338 3287 565 3342 derent.
625 3289 798 3360 Hujus
862 3288 1118 3344 doctrina
1187 3291 1435 3346 imbutus
1489 3291 1591 3345 fuit
1652 3290 1922 3360 Diogenes
1962 3285 2308 3356 Sinopensis,
2348 3283 2562 3353 1026
2599 3281 2696 3351 qui
2734 3279 2906 3335 verbo
2968 3277 3193 3349 quidem
3261 3283 3317 3331 et
3347 3274 3466 3344 ipse
3493 3270 3619 3342 phi-

340 3381 657 3451 losophiam
693 3390 791 3436 est.
836 3390 1220 3447 consectatus,
1264 3382 1361 3436 sed
1401 3397 1595 3436 servus
1636 3381 1815 3435 factus
1857 3378 2176 3447 voluptatis,
2206 3375 2428 3447 publice
2484 3388 2609 3427 cum
2670 3369 3064 3426 meretricibus
3128 3363 3613 3439 congrediebatur,

342 3479 763 3550 pessimumque
810 3480 1121 3550 exemplum
1175 3480 1582 3549 spectatoribus
1623 3479 1925 3550 praebebat.
1966 3476 2137 3531 Aiunt
2180 3480 2365 3527 autem
2404 3470 2579 3535 illum,
2628 3483 2755 3523 eum
2819 3467 2940 3538 ejus
2984 3466 3188 3522 factum
3259 3461 3484 3534 quidam
3530 3474 3619 3515 re-

341 3572 702 3645 prehendens
749 3573 961 3629 diceret
990 3592 1003 3627 :
1047 3594 1064 3626 ι
1097 3573 1239 3641 Quid
1306 3574 1440 3629 facis
1464 3615 1478 3639 ,
1549 3590 1583 3629 ο
1624 3573 1937 3645 Diogenes?
1971 3591 1990 3624 ι
2035 3566 2388 3640 respondisse
2409 3580 2535 3621 cum
2555 3562 2718 3620 solita
2739 3561 3110 3618 contumelia:
3149 3577 3168 3611 ι
3197 3557 3241 3614 Ο
3266 3556 3475 3613 scelus!
3501 3552 3615 3609 Ho-

341 3665 582 3729 minem,
626 3666 672 3719 si
700 3682 946 3735 possum.
995 3684 1014 3718 ›
1059 3666 1211 3722 Adeo
1250 3666 1599 3736 impudenter
1636 3667 1928 3723 libidinem
1967 3660 2281 3720 exercebat.
2324 3657 2502 3729 Hujus
2534 3655 2702 3711 vitam
2740 3654 2988 3710 imitatus
3048 3651 3240 3708 Crates
3296 3645 3617 3711 Thebanus,

344 3755 545 3811 multis
576 3755 742 3811 etiam
785 3757 1045 3814 laudibus
1078 3759 1339 3814 virtutem
1406 3758 1641 3813 ornavit.
1678 3757 1965 3829 Siquidem
2003 3754 2125 3826 ejus
2180 3758 2265 3807 est
2295 3750 2413 3805 haec
2436 3746 2712 3820 sententia
2741 3764 2756 3801 :

2037 3869 2083 3925 Α
2114 3866 2290 3923 servili
2315 3865 2601 3936 voluptatis
2627 3863 2849 3936 imperio
2881 3861 3031 3917 liberi
3052 3867 3100 3914 et
3127 3858 3333 3931 inﬂexi,

357 3874 589 3945 Ἡδονῇ
618 3874 1063 3943 ἁνδραποδὼδει
1089 3875 1421 3930 ἀδούλωτοι
1449 3874 1859 3943 καὶᾶκαμπτοι
2037 3874 2083 3945 ᾼ
2114 3874 2290 3923 servili
2311 3874 2601 3945 poluptatis
2627 3874 2671 3945 ιχ

2039 3936 2350 3994 [mmor-tale
2380 3932 2604 4007 regnum
2635 3932 3029 4004 libertatemque
3057 3936 3264 3986 amant.

360 3944 685 3999 Ἂθάνατον
700 3946 1029 4010 ,βασιλείαν
1050 3945 1401 4014 ἐλευθερίαν
1422 3946 1469 3999 τ’
1491 3945 1825 4015 ἀγαπῶσιν.

347 4051 529 4118 Οὗτος
563 4058 745 4113 εἰώθει
768 4058 968 4128 λέγειν,
1014 4058 1113 4129 τῆς
1164 4061 1243 4121 εἰς
1291 4057 1361 4111 τὰ
1422 4057 1710 4127 ἀφροδίσια
1758 4055 1923 4128 ὁρμῆς

2039 4050 2142 4106 Hic
2178 4050 2364 4105 dicere
2381 4046 2593 4103 solebat
2611 4045 2838 4101 venerei
2859 4045 3142 4116 appetitus
3164 4040 3475 4098 remedium
3498 4053 3622 4095 esse

348 4151 517 4225 [173]
557 4151 891 4221 κατάπαυμα
936 4149 984 4183 ⁸⁵
1009 4150 1171 4220 λιμὸν
1196 4148 1339 4203 εἶναι
1360 4165 1375 4180 ο
1407 4149 1456 4202 εί
1493 4148 1558 4220 δὴ
1589 4147 1683 4219 μὴ,
1718 4146 1923 4218 βρόχον.

2039 4142 2262 4207 famem,
2279 4139 2367 4195 sin
2387 4137 2592 4202 minus,
2611 4136 2893 4206 laqueum.
2908 4135 3201 4199 Caeterum,
3219 4133 3268 4188 is
3285 4130 3517 4186 libidine
3540 4129 3625 4183 in-

366 4219 536 4295 ;Al‘tdt
592 4241 687 4295 τοῦ
737 4219 943 4305 πάθους
995 4219 1418 4305 ἐπαναστάντος,
1456 4241 1782 4313 ’ἱππαρχίαν
1836 4240 1923 4311 τὴι

2043 4241 2324 4305 surgente,
2340 4229 2732 4301 Hipparchiam
2755 4226 3138 4284 Maronitidem
3158 4223 3442 4295 propalam
3466 4219 3625 4313 duait

352 4333 707 4403 Μαρωνεῖτιν
744 4330 791 4365 ⁴⁶
835 4332 1070 4403 δημοσίᾳ
1097 4332 1293 4402 ἔγημε,
1328 4332 1513 4386 καὶτὰ
1545 4310 1851 4401 κυνογάμια
1881 4310 1923 4386 ἐι

2045 4338 2293 4389 uxorem,
2340 4328 2399 4376 et
2441 4319 2663 4391 cynicas
2687 4317 2911 4389 nuptias
2942 4317 3000 4373 in
3039 4316 3194 4371 varia
3230 4312 3449 4385 porticu
3480 4310 3627 4366 cele-

353 4425 430 4493 τῇ
462 4400 710 4495 *Ποικίλῃ
764 4400 1057 4488 ἐτέλεσεν,⁷
1089 4400 1367 4495 ἐρῥίῦσθαι
1420 4422 1594 4476 πολλὰ
1626 4400 1840 4492 φράσας
1870 4425 1923 4492 ei

2044 4413 2249 4479 bravit,
2272 4411 2579 4483 magniﬁcis
2611 4410 2722 4465 illis
2752 4407 2870 4464 suis
2891 4407 3057 4462 dictis
3089 4404 3408 4495 valedicens
3430 4400 3623 4495 (Clem.

356 4492 644 4585 ὑψηγοριᾳ
686 4492 792 4568 τῶν
844 4515 1038 4583 λόγων.
1070 4492 1181 4568 κει
1228 4514 1583 4586 Ἀρίστιππος
1610 4514 1665 4567 δὲ
1693 4515 1722 4567 6
1754 4515 1923 4586 Κυρη·

2045 4506 2203 4561 Alex.
2222 4504 2419 4560 Strom.
2438 4519 2514 4570 IV,
2530 4519 2587 4574 p.
2606 4499 2754 4573 619).
2780 4498 3096 4570 Aristippus
3111 4511 3246 4552 vero
3266 4492 3625 4586 Cyrenaicus,

357 4582 575 4669 ναῖκδςν,
617 4582 1008 4674 όνειδιζόμενος
1049 4606 1129 4658 ὅτι
1169 4604 1235 4676 δὴ
1271 4582 1319 4635 δι’
1352 4603 1504 4674 θαμὰ
1538 4582 1923 4673 ξυνεγίνετοτῇ

2048 4613 2177 4655 cum
2218 4597 2272 4653 ei
2305 4596 2514 4667 probro
2551 4594 2796 4660 daretur,
2837 4591 2989 4663 quod
3018 4589 3254 4645 amicam
3281 4582 3630 4642 Corinthlam

360 4696 562 4767 ἐταίρα
618 4698 684 4766 τῇ
743 4694 1045 4766 Κορινθία,
1096 4714 1116 4747 ι
1154 4696 1326 4764 Ἕχω,
1376 4693 1551 4762 ἐλεγε,
1599 4693 1794 4759 Λαΐδα,
1850 4694 1923 4747 κα

2047 4689 2315 4761 frequens
2336 4686 2515 4743 adiret
2549 4703 2564 4740 :
2601 4704 2620 4738 ι
2651 4684 2860 4750 Habeo,
2882 4682 3083 4753 inquit,
3108 4679 3358 4743 Laidem,
3385 4689 3473 4730 me
3496 4687 3632 4767 vero

361 4763 718 4857 obx‘E-xottat
779 4763 870 4839 ὑπ’
910 4763 1102 4857 αύτῆς.
1144 4806 1164 4839 ι
1196 4763 1308 4840 Καὶ
1340 4787 1388 4840 οἱ
1430 4785 1861 4856 Περιπατητικοὶ
1891 4784 1921 4838 δ

2051 4782 2180 4837 Lais
2208 4795 2322 4837 non
2348 4779 2519 4834 habet
2543 4777 2736 4851 (Clem.
2770 4776 2924 4831 Alex.
2950 4790 3008 4845 p.
3030 4771 3177 4843 490).
3218 4787 3238 4821 ι
3280 4767 3420 4837 Quin
3446 4774 3502 4822 et
3525 4763 3635 4835 ipsi

361 4878 516 4951 λόγῳ
549 4878 647 4950 μὲν
680 4878 960 4950 εὐφήμουν
1008 4877 1106 4948 τὴν
1145 4876 1365 4951 ἀρετὴν,
1399 4877 1678 4931 ἐκύδαινον
1709 4876 1767 4949 se
1803 4875 1952 4948 ἔργῳ

362 4969 472 5041 τὴν
505 4970 698 5040 ἡδονήν
719 4985 735 5000 °
779 4970 872 5022 ml.
918 4968 1092 5022 ταῦτα
1142 4966 1322 5021 αὐτῶν
1369 4968 1471 5020 οὐκ
1519 4966 1668 5021 ἄλλοι
1716 4983 1954 5037 κατηγο·-

370 5053 584 5127 ροῦσιν,
628 5054 744 5109 ἀλλ’
789 5055 945 5108 αὐτοὶ
988 5055 1116 5125 περὶ
1152 5053 1248 5107 τοῦ
1286 5053 1436 5124 σφῶν
1469 5054 1792 5108 διδασκάλου
1823 5054 1954 5123 ξυγ-

365 5145 703 5216 γράφουσιν.
749 5142 1104 5215 Ἀριστοκλῆς
1134 5142 1245 5213 γάρ
1292 5158 1395 5196 που
1437 5143 1466 5195 6
1512 5141 1952 5213 Περιπατητικὸς

362 5234 610 5292 Λύκωνα
641 5234 747 5307 ἐφη
794 5235 889 5289 τὸν
934 5233 1305 5304 Πυθαγόρειον
1351 5234 1481 5305 περὶ
1549 5232 1954 5305 Ἀριστοτέλους

369 5324 568 5395 φάναι,
599 5327 682 5379 ὅτι
704 5328 761 5380 ἐν
788 5326 951 5397 ἐλαίῳ
982 5324 1169 5397 θερμῷ
1198 5324 1487 5396 λουόμενος
1518 5323 1695 5392 τοῦτο,
1727 5324 1954 5397 ὕστερον

2054 4872 2435 4945 Peripatetici,
2465 4871 2657 4927 verbis
2674 4868 2899 4940 quidem
2925 4866 3191 4922 virtutem
3223 4860 3543 4920 laudabant,
3572 4869 3636 4908 re

2055 4973 2241 5021 autem
2275 4965 2394 5035 ipsa
2422 4961 2696 5032 voluptati
2738 4958 3039 5015 studebant
3072 4973 3086 5011 :
3116 4967 3297 5025 neque
3329 4951 3435 5005 hac
3475 4948 3534 5001 in
3574 4960 3637 4999 re

2058 5055 2129 5110 ab
2158 5053 2285 5108 aliis
2313 5056 2666 5115 accusantur,
2693 5046 2793 5104 sed
2817 5047 3038 5118 ipsimet
3062 5044 3132 5099 de
3170 5047 3511 5114 praeceptore
3534 5049 3637 5091 suo

2058 5145 2329 5200 scribunt.
2372 5141 2672 5198 Aristocles
2724 5140 2876 5195 enim
2923 5134 3325 5207 Peripateticus
3360 5131 3640 5203 Lyconem

2059 5236 2464 5309 Pythagoreum
2485 5233 2554 5293 de
2576 5232 2872 5289 Aristotele
2898 5228 3090 5286 testari
3115 5227 3194 5282 ait
3226 5222 3451 5299 (Euseb.
3474 5218 3539 5273 P.
3565 5216 3635 5271 E.

2059 5344 2117 5400 p.
2140 5327 2290 5398 792),
2319 5339 2533 5381 morem
2568 5324 2648 5380 illi
2688 5322 2881 5388 fuisse,
2903 5329 2968 5377 ut
2992 5321 3179 5384 oleum
3202 5314 3490 5375 venderet,
3515 5322 3636 5383 quo

1603 5475 1841 5534 VAHDE
1874 5476 2284 5538 LECTIONES.

280 5689 287 5695 ι
370 5623 428 5695 ὐξ
457 5620 853 5695 ναίεινζναίε-ιν
1066 5690 1079 5695 _
1104 5618 1149 5651 “
1184 5616 1552 5695 Σωκρατικός.
1587 5617 1885 5695 Σωκράτης
1918 5616 2009 5695 D._
2056 5617 2104 5695 ξ’
2133 5619 2385 5695 παρῄνει.
2424 5614 2681 5695 παραίνει
2709 5588 2781 5670 Ι),
2805 5681 2817 5693 .

278 5689 287 5707 ³
375 5693 445 5748 τὸ
477 5694 626 5747 νατον
652 5692 719 5749 D.
794 5690 843 5723 “
870 5690 963 5763 ὅδε
978 5693 1026 5745 6.
1056 5690 1086 5744 6
1117 5704 1227 5745 om.
1256 5677 1324 5744 ΒΣ
1342 5757 1352 5763 _
1398 5686 1446 5721 ⁸⁸
1479 5677 2368 5763 κςατάπαύμαξ’καταπλασμαὙαυ
2396 5677 2561 5763 supra
2581 5686 2688 5741 λασ
2713 5681 2938 5752 scripto)
2973 5677 3037 5735 ι).

378 5764 715 5836 κυνογάμια.
737 5762 1049 5836 Μαρωνίτιν
1067 5757 1465 5838 -έκοινογάμια
1491 5757 1558 5815 D.
1628 5756 1675 5791 ’⁸⁷
1704 5756 1769 5828 δὴ
1791 5772 1901 5813 om.
1927 5757 1989 5812 Ι).

2885 5610 2935 5643 ⁸³
2958 5605 3268 5706 ἐπιτύχοιμι
3285 5631 3358 5643 ουτ
3377 5597 3511 5669 βίον.
3546 5592 3639 5647 ἐπὶ

2887 5681 2938 5706 ,Α
2973 5677 3018 5706 n
3162 5675 3184 5706 ο
3212 5673 3300 5706 lla
3313 5669 3639 5706 ηηυετειυ-

3162 5675 3184 5707 ⁸
3209 5669 3303 5729 Ma
3311 5669 3555 5742 ρωνεϊτιν
3569 5693 3641 5707 --
