4056 6424
498 363 642 433 1139
1512 367 1997 425 TIIEODURETI
2041 366 2372 426 EPISCOPI
2413 367 2778 426 CYRENSIS
3614 377 3734 445 1140

497 491 559 533 se
602 475 761 548 prius
803 475 981 532 calido
1022 476 1369 547 perunxisset
1407 495 1418 530 :
1464 491 1702 550 cumque
1745 479 1790 533 is
1827 479 1880 533 in
1926 479 2086 534 Chal-

2134 482 2160 540 ι
2190 481 2470 536 ἀπεδίδοτο
2516 482 2558 514 ⁸⁸
2588 498 2598 509 ·
2655 481 2746 533 καὶ
2777 481 2939 550 ἡνίκα
2967 481 3022 534 δὲ
3055 482 3131 546 είς
3159 481 3396 537 Χαλκίδα
3422 485 3599 557 ἀπῄει,
3624 491 3736 555 τοὺς

498 569 680 624 cidem
721 569 934 639 1027
973 570 1181 634 abiret,
1229 571 1582 640 publicanos,
1639 572 1926 641 explorato
1965 575 2084 644 ejus

2185 573 2419 636 τελώνας
2446 573 2546 643 ἐφη
2571 573 3031 643 διερευνωμένους
3083 572 3142 625 τὸ
3199 574 3376 629 πλοῖον
3419 577 3592 647 εὑρεῖν
3644 579 3736 649 (ἐν)

498 661 743 733 navigio,
794 661 1069 715 invenisse
1109 663 1338 731 patellas
1376 679 1547 718 mreas
1596 666 1715 734 ejus
1755 674 1993 734 quatuor
2022 682 2085 720 ac

2186 663 2333 733 αύτῷ
2361 664 2585 718 λοπάδια
2623 665 2797 734 χαλκᾶ
2823 664 3056 734 τέτταρα
3099 665 3189 719 καὶ
3227 666 3588 738 ἐϐδομήκοντα
3609 688 3622 702 ο
3657 673 3740 725 ἀλ-

502 754 846 824 septuaginta
877 770 889 806 :
923 762 1182 808 auctores
1217 765 1402 810 autem
1446 757 1714 826 quosdam
1757 758 1896 813 alios
1941 775 2082 821 esse,

2185 755 2309 816 λους
2343 754 2398 806 δέ
2443 753 2592 817 τινας
2635 755 2937 825 εἰρηκέναι,
2978 755 3294 826 τριακοσίας
3325 755 3369 788 δ’
3407 757 3566 810 αὑτὸν
3593 760 3636 791 ⁸⁸
3665 763 3743 814 έσ-

503 844 736 914 patellas
766 845 924 899 illum
961 845 1224 902 habuisse
1251 855 1547 903 trecentas.
1582 849 1720 904 Puta
1748 861 1929 904 autem
1963 851 2087 905 illos

2187 847 2414 917 χηκέναι
2441 846 2698 910 λοπάδας.
2750 847 2861 899 Καὶ
2901 842 3054 916 οἶμαι
3094 847 3290 911 αὐτοὺς
3337 847 3411 920 μὴ
3450 851 3742 907 παντάπασι

503 937 649 991 haud
695 951 928 1007 prorsus
970 940 1219 994 mentiri.
1263 941 1321 994 ln
1375 941 1693 1013 hujusmodi
1731 943 1878 998 enim
1920 945 2086 999 rebus

2186 939 2495 1009 ψεύδεσθαι.
2559 939 2646 992 Ἐν
2681 938 2890 1000 τούτοις
2921 936 3029 1009 γὰρ
3055 937 3119 1008 δὴ
3155 937 3358 1000 ἐκεῖνος
3386 939 3483 1009 τὴν
3513 940 3744 1011 εὐδαιμο-

502 1029 824 1085 felicitatem
866 1031 959 1087 ille
986 1034 1265 1089 statuebat
1301 1054 1312 1086 :
1353 1035 1558 1104 quippe
1591 1035 1686 1104 qui
1719 1036 1916 1091 solitus
1941 1046 2086 1092 esset

2188 1032 2306 1087 νίαν
2348 1032 2592 1102 ὡρίζετο.
2633 1031 2827 1085 Εἰώθει
2877 1031 2979 1101 γὰρ
3020 1031 3222 1100 λέγειν,
3261 1030 3359 1085 οὐκ
3384 1031 3556 1096 ἄλλως
3586 1034 3745 1088 εὐδαί-

503 1122 710 1186 dicere,
745 1138 861 1179 non
905 1124 1066 1180 aliter
1107 1141 1267 1195 posse
1312 1141 1644 1196 quemquam
1686 1125 1803 1180 ﬁeri
1839 1128 2084 1193 beatum,

2194 1124 2334 1194 μονά
2364 1139 2486 1177 τινα
2515 1123 2820 1192 γίγνεσθαι.
2854 1124 2886 1193 ἢ
2931 1122 3017 1176 διὰ
3052 1123 3148 1192 τῆς
3177 1122 3272 1176 τοῦ
3317 1123 3562 1192 σώματος
3593 1125 3747 1179 εύπα-

503 1228 670 1284 quam
704 1229 772 1268 ex
809 1214 1056 1285 jucundo
1105 1218 1356 1287 corporis
1402 1226 1582 1281 statu,
1623 1225 2087 1289 externarumque

2191 1217 2362 1282 θείας,
2387 1217 2476 1270 καὶ
2507 1217 2606 1287 τῆς
2639 1216 2747 1270 τῶν
2775 1217 2928 1278 ἐκτὸς
2963 1217 3280 1288 περιουσίας
3315 1233 3329 1246 ⁸
3351 1210 3424 1270 ὧν
3445 1218 3568 1271 ἄνευ
3599 1217 3749 1288 μηδὲν

504 1318 694 1358 rerum
740 1304 1042 1369 afﬂuentia,
1092 1307 1210 1361 sine
1253 1307 1457 1376 quibus
1499 1307 1635 1361 nihil
1674 1293 1866 1377 juvare
1909 1310 2090 1364 aiebat

2189 1311 2289 1377 τὴν
2314 1308 2510 1379 ἀρετὴν
2541 1307 2792 1374 ὠφελεῖν.
2828 1308 2938 1362 Καὶ
2967 1307 3124 1362 τοῦτο
3300 1306 3493 1377 σαφῶς
3531 1308 3750 1372 Ἀττικὸς

505 1395 794 1450 virtutem.
825 1396 1009 1466 Atque
1046 1397 1161 1452 hzec
1188 1397 1404 1453 Atticus
1429 1399 1744 1454 Platonicus
1778 1400 1832 1454 in
1878 1401 1945 1455 iis
1969 1416 2091 1470 quae

2190 1403 2218 1455 ὁ
2243 1400 2587 1464 Πλατωνικὸς
2616 1400 2673 1451 ὲν
2703 1393 2784 1462 οἷς
2821 1399 2957 1469 πρὸς
3009 1397 3392 1469 Ἀριστοτέλην
3429 1399 3627 1468 γράφει
3673 1399 3747 1452 δε-

507 1493 702 1540 contra
768 1484 1124 1541 Aristotelem
1194 1487 1420 1550 scribit,
1492 1489 1780 1544 manifeste
1849 1489 2092 1545 ostendit

2191 1493 2420 1564 δήλωκε.
2475 1492 2556 1545 Τὰ
2603 1493 2781 1544 τοίνυν
2820 1491 2942 1545 κατ’
2971 1489 3136 1544 αὑτοῦ
3170 1489 3438 1559 λεγόμενα
3465 1489 3751 1558 βεδαιοῦσιν

511 1579 586 1647 (v.
621 1576 826 1632 Euseb.
859 1593 951 1642 xv,
989 1578 1064 1648 4).
1103 1578 1235 1645 Quae
1265 1579 1450 1651 itaque
1479 1589 1670 1635 contra
1707 1581 1860 1634 illum
1891 1581 2091 1637 dicun-

2193 1587 2240 1638 οί
2280 1585 2462 1652 λόγοι·
2497 1586 2524 1636 ὁ
2568 1584 2624 1637 δὲ
2651 1582 2877 1636 Πλάτων
2929 1582 3190 1654 ἄντικρυς
3246 1580 3467 1634 ἐναντία
3515 1580 3751 1635 διδάσκει.

509 1679 639 1734 tur,
685 1667 988 1725 multorum
1035 1685 1295 1727 sermone
1348 1673 1763 1726 confirmantur.
1821 1673 1891 1727 At
1939 1673 2093 1729 Plato

2207 1675 2294 1730 Ἐν
2327 1675 2434 1748 γὰρ
2465 1674 2544 1745 τῷ
2576 1675 2743 1746 τρίτῳ
2774 1675 2869 1743 τῆς
2907 1674 3219 1738 Πολιτείας
3267 1671 3640 1741 ἐπιμελεῖσθαι
3677 1689 3755 1725 κε-

509 1761 790 1818 contraria
818 1776 1050 1831 prorsus
1087 1762 1268 1819 docet.
1305 1765 1363 1818 In
1393 1764 1557 1818 tertio
1591 1765 1740 1819 enim
1775 1765 2094 1836 Reipublica:

2153 1820 2170 1838 _
2194 1769 2341 1821 λεύει
2381 1768 2475 1822 τοῦ
2522 1765 2794 1838 σώματος,
2848 1763 3029 1836 ψυχῆς
3076 1765 3262 1817 εἵνεκα
3290 1762 3583 1833 ἁρμονίας,
3618 1763 3679 1816 δι’
3703 1755 3755 1816 οὗ

512 1849 709 1921 (Clem.
732 1817 887 1907 Alex.
915 1869 989 1918 IV,
1025 1869 1078 1924 p.
1106 1817 1253 1923 57l).
1281 1817 2091 1924 propter

2157 1821 2172 1878 ι
2368 1817 2588 1921 tri-Evoti:
2606 1817 2708 1910 ζέει
2728 1817 2902 1928 ὀρθῶς
2929 1817 3122 1924 ῧβίοῦν,
3175 1817 3639 1923 καταγγέλλοντας
3672 1857 3759 1923 τῆς

513 1943 762 2013 corporis
803 1945 1073 2000 rationem
1119 1947 1325 2002 habere
1355 1948 1534 2018 jubet,
1578 1966 1677 2019 per
1716 1950 1862 2020 quod
1905 1951 2092 2007 vivere

2195 1950 2450 2021 ἀληθείας
2487 1949 2548 2001 τὸ
2577 1950 2858 2019 κήρυγμα.
2892 1947 3062 2000 Τοῦτο
3085 1947 3139 1999 δὲ
3165 1947 3254 2000 καὶ
3281 1949 3309 1998 ό
3331 1947 3478 2011 θεῖος
3523 1945 3758 1999 Ἀπόστο-

511 2044 598 2090 est
620 2035 960 2104 hominibus,
996 2053 1062 2093 ac
1088 2048 1259 2104 recte,
1289 2040 1355 2094 iis
1379 2041 1471 2110 qui
1505 2057 1624 2095 sese
1660 2042 1715 2095 in
1743 2043 2092 2111 praedicanda

2195 2043 2284 2105 λος
2303 2043 2558 2111 παραινεῖ
2591 2040 2785 2107 λέγων·
2819 2059 2836 2089 ι
2885 2039 2950 2094 Ἠ
2977 2037 3075 2102 νὺξ
3096 2038 3422 2108 προέκοψεν,
3455 2039 3488 2108 ἡ
3516 2037 3568 2090 δὲ
3595 2036 3761 2108 ἡμέρα

511 2127 747 2183 veritate
779 2139 1093 2185 exerceant.
1129 2131 1210 2185 Ad
1235 2131 1350 2186 haec
1387 2143 1571 2188 autem
1605 2143 1660 2186 ct
1693 2133 1916 2188 divinus
1944 2135 2091 2205 Apo-

2196 2134 2442 2203 ἤγγικεν.
2492 2129 2851 2199 ’Δποθώμεθα
2883 2125 2976 2182 οὖν
3003 2129 3072 2181 τὰ
3102 2127 3238 2200 ἔργα
3265 2127 3364 2180 τοῦ
3404 2128 3644 2190 σκότους,
3680 2125 3762 2179 καὶ

515 2217 691 2274 stolus
732 2219 1008 2287 hortatur,
1057 2237 1180 2276 cum
1231 2222 1308 2276 ait
1350 2240 1364 2275 :
1416 2242 1433 2272 ι
1466 2223 1583 2277 Nox
1629 2225 1916 2292 processit,
1973 2226 2095 2282 dies

2196 2223 2543 2292 ἐνδυσώμεθα
2565 2223 2632 2275 τὰ
2655 2223 2792 2275 ὅπλα
2818 2221 2912 2276 τοῦ
2930 2220 3118 2290 ’φωτός
3137 2235 3150 2252 '
3184 2219 3259 2284 ὡς
3296 2222 3358 2274 ὲν
3380 2221 3563 2291 ἡμέρᾳ
3589 2220 3763 2289 εὐσχη-

514 2316 700 2364 autem
736 2311 1222 2382 appropinquavit.
1261 2313 1602 2383 Abjiciamus
1637 2330 1770 2386 ergo
1810 2330 1978 2384 opera
2017 2325 2095 2371 te-

2200 2316 2374 2386 μόνως
2425 2316 2908 2385 περιπατήσωμεν,
2946 2314 3020 2384 μὴ
3066 2310 3272 2382 κώμοις
3320 2312 3423 2364 καὶ
3460 2310 3666 2381 μέθαις,
3701 2307 3764 2379 μὴ

514 2397 835 2465 nebrarum,
881 2408 938 2456 et
985 2401 1281 2458 induamus
1309 2418 1460 2457 arma
1499 2403 1658 2459 lucis.
1691 2406 1845 2461 Sicut
1883 2407 1938 2463 in
1981 2409 2090 2475 die,

2199 2407 2408 2469 κοίταις
2444 2405 2538 2458 καὶ
2562 2404 2891 2473 ἀσελγείαις,
2930 2403 3004 2474 μὴ
3035 2401 3170 2473 ἔριδι
3203 2401 3298 2456 καὶ
3336 2401 3488 2474 ζήλῳ
3510 2419 3523 2432 ’
3556 2401 3665 2454 ἀλλ’
3688 2401 3762 2453 ὲν-

516 2486 747 2544 honeste
780 2486 1134 2546 ambulemus
1177 2509 1189 2545 :
1225 2507 1336 2547 non
1390 2493 1446 2547 in
1497 2497 1992 2555 comessationibus
2040 2510 2095 2556 et

2197 2496 2434 2550 δύσασθε
2467 2495 2558 2548 τὸν
2605 2494 2809 2564 Κύριον
2862 2491 3069 2564 Ἰησοῦν
3094 2491 3355 2562 Χριστὸν,
3398 2491 3492 2544 καῖ¹
3524 2489 3619 2560 τῆς
3653 2506 3764 2559 σαρ-

515 2578 902 2647 ebrietatibus,
943 2599 1056 2638 non
1080 2583 1135 2638 in
1163 2584 1442 2640 cubilibus
1479 2596 1534 2641 et
1570 2587 1953 2658 impudicitiis,
1983 2609 2094 2648 non

2198 2589 2291 2652 κὸς
2349 2589 2607 2658 πρόνοιαν
2640 2587 2712 2656 μὴ
2748 2584 2988 2639 ποιεῖσθε
3027 2585 3107 2648 είς
3151 2581 3476 2652 ἐπιθυμίας.
3516 2601 3534 2634 ι
3573 2581 3644 2634 Ού
3672 2580 3765 2650 γὰρ

514 2664 577 2724 in
599 2672 962 2726 contentione
997 2681 1053 2726 et
1093 2672 1444 2729 azmulatione
1478 2693 1490 2728 :
1521 2675 1616 2731 scd
1655 2676 1951 2733 induimini
1983 2682 2093 2735 Do-

2195 2677 2460 2746 τοσαύτην
2485 2675 2633 2744 αὐτῷ
2662 2675 2986 2744 προσφέρειν
3013 2675 3056 2706 ⁸¹
3078 2671 3157 2727 δεῖ
3176 2671 3502 2744 θεραπείαν,
3529 2671 3662 2724 ὥστε
3685 2687 3769 2724 κα-

516 2757 729 2814 minum
773 2760 962 2817 Jcsum
989 2761 1292 2831 Christum,
1332 2773 1388 2820 et
1424 2767 1607 2821 carnis
1638 2784 1827 2823 curam
1860 2787 1928 2824 ne
1952 2771 2096 2826 fece-

2194 2771 2492 2839 τασκιρτᾷν
2518 2768 2616 2837 τῆς
2644 2766 2846 2838 ψυχῆςο
2865 2767 2981 2820 ἀλλ’
3001 2767 3086 2820 ἵνα
3107 2766 3386 2838 ὑπουργῇ,
3418 2765 3510 2820 καὶ
3529 2765 3766 2834 συνεργῇ,

514 2847 640 2905 ritis
681 2851 740 2905 in
781 2851 1076 2908 desideriis
1103 2857 1151 2910 ιι.
1195 2875 1213 2908 ι
1251 2857 1442 2927 Neque
1463 2859 1612 2913 enim
1645 2861 1721 2914 sic
1753 2863 1968 2934 1028
2001 2881 2096 2920 cu-

2197 2863 2289 2916 xal.
2319 2865 2430 2926 τοῖς
2460 2861 2673 2930 ἐκείνης
2721 2860 2920 2930 ἕπηται
2951 2857 3202 2930 νεύμασι.
3232 2856 3649 2927 Ξυμπεφώνηκε
3675 2853 3768 2907 τοί-

516 2938 754 2993 randum
775 2949 859 2995 est
882 2956 1106 3012 corpus,
1136 2953 1196 2998 ut
1221 2955 1412 3000 contra
1442 2948 1456 2966 ’
1477 2948 1714 3003 animam
1741 2952 1976 3017 exsiliat,
1998 2955 2092 3009 sed

2197 2971 2290 3006 νυν
2332 2951 2410 3024 [ἐν
2429 2949 2659 3022 τούτοις]
2690 2951 2734 2982 δ’
2763 2951 2791 3002 ὁ
2813 2949 3037 3004 Πλάτων
3061 2950 3169 3012 τοῖς
3191 2949 3513 3020 ἡμετέροις,
3542 2947 3638 3014 τὴν
3659 2945 3769 2998 ἀνα-

516 3034 579 3083 ut
620 3029 931 3086 subserviat
959 3039 1016 3086 et
1059 3034 1301 3104 adjuvet,
1349 3037 1578 3107 ejusque
1621 3041 1847 3096 nutibus
1885 3044 2096 3098 ohtem-

2197 3042 2395 3112 γκαίαν
2418 3041 2732 3112 ἐπιμέλειαν
2757 3039 3027 3094 ποιεῖσθαι
3055 3039 3458 3112 παρεγγυήσας
3482 3035 3572 3090 τοῦ
3600 3035 3769 3105 σώμα-

516 3122 695 3186 peret.
741 3117 959 3174 Nostris
1005 3135 1138 3191 engo
1177 3123 1280 3178 hac
1315 3124 1372 3180 in
1406 3135 1560 3195 parte
1601 3131 1879 3184 consentit
1918 3133 2087 3198 Plato,

2196 3151 2306 3197 τος.
2349 3130 2620 3196 Ἐπέδειξε
2651 3133 2708 3185 δὲ
2761 3132 2855 3186 καὶ
2882 3132 3029 3195 ὅπως
3049 3131 3274 3202 ἄρχεταί
3292 3147 3358 3183 τε
3385 3131 3482 3184 καὶ
3501 3130 3547 3162 ⁸³
3571 3127 3770 3192 αὔξεται

515 3207 890 3263 necessariam
937 3213 1191 3282 corporis
1237 3230 1427 3269 curam
1485 3217 1796 3273 habendam
1840 3237 2090 3279 monens.

2198 3223 2297 3290 τῆς
2348 3221 2644 3292 ἐπιθυμίας
2668 3223 2728 3275 τὸ
2757 3223 2950 3286 πάθος.
3000 3241 3017 3274 ι
3065 3222 3254 3292 Ἡμεῖς
3282 3221 3419 3294 γὰρ,
3449 3221 3575 3292 ἔφη,
3609 3218 3772 3283 λέξαι-

513 3295 860 3352 Adhortatur
889 3301 1034 3356 enim
1079 3319 1182 3358 nos
1224 3314 1284 3359 ut
1317 3309 1687 3362 necessariam
1719 3313 1964 3380 corporis
1996 3330 2096 3368 cu—

2204 3330 2301 3382 μεν
2333 3312 2397 3366 ἂν
2425 3311 2554 3375 ἴσως
2581 3312 2678 3366 ούκ
2707 3312 2942 3377 ἀτόπως,
2972 3314 3053 3365 ὅτι
3084 3311 3241 3383 ἄρχει
3270 3311 3376 3382 μὲν
3416 3312 3619 3383 ἔρωτος
3661 3311 3773 3377 ὅρα·

517 3401 636 3441 ram
655 3387 976 3446 habeamus.
1000 3392 1254 3450 Ostendit
1275 3406 1461 3452 autem
1481 3407 1535 3453 et
1558 3415 1668 3468 quo
1690 3413 1848 3470 pacto
1873 3403 2097 3473 incipiat

2204 3421 2309 3466 σις,
2348 3403 2500 3466 αὕξει
2522 3403 2578 3456 δὲ
2602 3404 2661 3456 τὸ
2684 3402 2856 3465 πάθος
2884 3403 3060 3467 ἐλπὶς,
3085 3401 3275 3472 τρέφει
3295 3402 3359 3454 δὲ
3392 3404 3606 3472 μνήμη,
3635 3397 3776 3469 τηρεῖ

515 3487 892 3550 augeaturque
913 3481 1166 3539 libidinis
1187 3487 1484 3556 appetitus.
1517 3508 1533 3538 ι
1561 3490 1672 3544 Nos
1694 3492 1866 3558 enim,
1893 3495 2094 3566 inquit,

2199 3495 2254 3548 δὲ
2294 3497 2572 3565 συνήθεια.
2606 3515 2622 3546 ι
2679 3495 2852 3547 Τοῦτο
2897 3495 2954 3546 δὲ
2989 3494 3119 3547 αὐτὸ
3149 3495 3245 3547 καὶ
3287 3495 3424 3564 περὶ
3457 3493 3558 3564 τῆς
3590 3491 3775 3563 ἀρετῆς

516 3567 704 3625 dicere
735 3569 971 3628 fortasse
1000 3573 1147 3629 haud
1173 3576 1414 3632 absurde
1439 3579 1735 3648 possimus,
1766 3583 1943 3638 visum
1973 3602 2096 3642 esse

2200 3587 2409 3658 εἴρηκε.
2473 3606 2490 3637 ι
2521 3587 2728 3649 Παντὸς
2765 3585 2895 3654 γὰρ,
2933 3584 3056 3654 ἔφη,
3085 3582 3251 3653 φυτοῦ
3277 3584 3309 3652 ἡ
3335 3584 3532 3656 πρώτη
3563 3582 3773 3655 βλάστη.

515 3663 723 3718 amoris
759 3663 1119 3734 principium,
1161 3683 1256 3737 spe
1289 3684 1423 3724 vero
1453 3671 1610 3724 illum
1645 3676 1855 3744 augeri,
1893 3681 2095 3735 nutriri

2201 3678 2382 3740 καλῶς
2428 3675 2737 3748 ὀρθωθεῖσα
2780 3675 2916 3745 πρὸς
2957 3675 3180 3746 ἀρετὴν,
3211 3675 3311 3746 τῆς
3343 3676 3546 3730 ἑαυτοῦ
3578 3672 3776 3744 φύσεως

514 3753 803 3818 memoria,
834 3769 938 3809 usu
961 3764 1017 3810 et
1042 3759 1400 3813 assuetudine
1421 3765 1787 3818 conservari.»
1827 3766 1940 3822 Hoc
1966 3785 2098 3825 vero

2201 3769 2512 3838 κυριωτάτη
2551 3767 2701 3829 τέλος
2731 3765 2998 3818 ἐπιθεῖναι
3052 3766 3111 3818 τὸ
3154 3765 3491 3837 πρόσφορον.
3528 3783 3546 3818 ι
3599 3761 3705 3816 Καὶ
3753 3760 3777 3813 ό

517 3840 698 3911 ipsum
744 3844 913 3898 etiam
963 3844 1032 3900 de
1079 3846 1286 3901 virtute
1325 3847 1464 3902 dixit
1504 3850 1683 3922 (Legg.
1727 3869 1781 3923 p.
1839 3856 1940 3910 ’765
1987 3858 2092 3928 E):

2201 3857 2496 3926 Σωκράτης
2529 3855 2584 3908 δὲ
2610 3853 2972 3924 φυλάττεσθαι
3005 3853 3051 3926 [ί
3066 3853 3153 3926 74]
3190 3853 3453 3908 ἐκέλευσε
3484 3853 3530 3887 ⁵⁸
3565 3852 3631 3908 τὰ
3655 3853 3778 3905 ἀνα-

523 3948 543 3980 ι
581 3929 774 3986 Omnis
813 3932 984 3999 enim,
1033 3935 1232 4004 inquit,
1283 3938 1483 4006 plantae
1527 3941 1699 4009 prima
1741 3945 2093 4013 germinatio,

2201 3946 2455 4000 πείθοντα
2505 3945 2581 4016 μὴ
2630 3943 2934 4006 πεινῶντας
2990 3943 3211 4006 ἐσθίειν,
3261 3944 3360 3997 καὶ
3410 3944 3488 4015 μὴ
3521 3942 3777 4013 διψῶντας

516 4020 659 4078 bene
683 4022 752 4078 ad
774 4023 1038 4080 virtutem
1067 4025 1300 4093 directa,
1329 4037 1539 4086 natura;
1568 4048 1681 4089 sum
1705 4044 1966 4106 tanquam
1994 4054 2094 4108 po-

2199 4037 2377 4090 πίνειν
2403 4054 2415 4066 ·
2471 4037 2564 4088 καὶ
2609 4035 2676 4087 τὰ
2731 4033 3020 4104 βλέμματα
3055 4035 3150 4086 καὶ
3181 4032 3249 4086 τὰ
3289 4034 3336 4066 ⁵⁸
3371 4034 3659 4105 φιλήματα
3681 4027 3779 4084 τῶν

515 4109 824 4167 tentissima
843 4112 1065 4170 domina
1081 4122 1187 4181 est,
1205 4117 1613 4190 plurimumque
1634 4124 1779 4178 valet
1801 4125 1868 4178 ad
1890 4142 2095 4196 oppor-

2201 4128 2402 4191 καλῶν,
2463 4128 2536 4190 ὡς
2595 4125 2974 4197 χαλεπώτερον
3007 4125 3282 4196 σκορπίων
3337 4126 3436 4180 καὶ
3473 4121 3777 4194 φαλαγγίων

515 4206 711 4255 tunum
758 4200 924 4257 ﬁnem
968 4207 1445 4275 consequendum.
1493 4228 1512 4260 ι
1571 4210 1825 4268 Socrates
1873 4232 2095 4286 quoque

2203 4222 2279 4274 ίὸν
2317 4221 2518 4275 ἐνιέναι
2565 4218 2870 4287 πεφυκότα.
2933 4217 3096 4272 Ἀλλά
3127 4215 3301 4270 ταῦτα
3339 4215 3458 4288 [τὰ]
3493 4218 3541 4250 ⁵⁸
3573 4217 3779 4288 ῥήματα

517 4288 793 4362 (Xenoph.
836 4293 990 4350 Mem.
1029 4311 1068 4362 ι,
1103 4297 1158 4368 5)
1197 4314 1392 4355 cavere
1423 4301 1584 4372 jubet
1622 4303 1938 4373 illecebras,
1969 4326 2092 4379 qua:

2198 4306 2289 4382 ἧν,
2316 4310 2491 4374 ἄλλως
2523 4310 2700 4380 ἔργων
2725 4309 3148 4380 γεγυμνωμένα.
3184 4307 3277 4369 Εἰς
3317 4308 3431 4379 γὰρ
3463 4308 3528 4378 δὴ
3570 4307 3639 4360 τὰ
3696 4320 3781 4372 γυ-

515 4385 769 4452 suadent,
818 4396 880 4442 ut
931 4404 1042 4444 non
1098 4391 1409 4448 esurientes
1455 4396 1831 4464 comedamus,
1875 4411 1931 4457 et
1981 4418 2094 4460 non

2201 4401 2402 4470 μνάσια
2423 4400 2530 4453 τῶν
2550 4399 2686 4454 νέων
2716 4399 2901 4452 εἵνεκα
2921 4397 3016 4450 καὶ
3041 4396 3220 4450 καλῶν
3250 4395 3434 4451 εἰώθει
3464 4399 3679 4469 φοιτᾷν,
3700 4392 3783 4448 καὶ

514 4477 766 4534 sitientes
785 4479 1073 4536 bibamus:
1095 4489 1153 4538 et
1177 4484 1538 4554 pulchrorum
1561 4489 1790 4546 obtutus
1805 4501 1862 4548 et
1883 4497 2092 4561 oscula,

2199 4494 2326 4556 τοὺς
2356 4492 2666 4563 ὀφθαλμοὺς
2700 4490 2876 4544 εἱστία
2904 4491 2970 4560 τῇ
3011 4490 3154 4560 κακῇ
3205 4488 3431 4561 θεωρίᾳ.
3483 4488 3600 4543 Καὶ
3653 4500 3782 4558 μαρ-

516 4580 576 4627 ιιι
602 4588 725 4643 quae
761 4574 918 4644 pejus
947 4575 1160 4630 soleant
1189 4586 1246 4632 et
1276 4580 1666 4650 scorpionibus
1695 4592 1753 4639 et
1789 4585 2098 4659 phalangiis

2197 4587 2353 4656 τυρεῖ
2391 4586 2671 4651 Φίληϐος,
2720 4583 2814 4636 καὶ
2871 4580 3149 4649 Φαῖδρος,
3213 4579 3310 4634 καὶ
3389 4576 3783 4648 Ἀντερασταὶ,

513 4677 790 4718 venenum
815 4663 1128 4723 infundere.
1159 4668 1266 4725 Sed
1295 4687 1445 4726 mera
1475 4675 1644 4730 verba
1671 4675 1788 4731 haec
1810 4687 1988 4741 erant,
2013 4695 2099 4734 re-

2201 4677 2295 4730 καὶ
2331 4675 2654 4744 Χαρμίδης,
2707 4674 2803 4728 καὶ
2834 4673 2982 4730 ἄλλοι
3022 4671 3206 4725 πολλοὶ
3249 4671 3518 4740 διάλογοι,
3569 4666 3784 4723 τοιαῦτα

513 4752 634 4838 bus
655 4755 924 4826 factisque
966 4761 1230 4816 carentia.
1279 4760 1504 4818 Solebat
1544 4765 1693 4819 enim
1733 4767 2093 4835 pulchrorum

2200 4768 2416 4838 ἔχοντες
2436 4767 2772 4837 διηγήματα.
2821 4767 2888 4819 Ἃ
2925 4766 2983 4819 δὲ
3037 4764 3382 4833 Ἀλκιϐιάδης
3423 4764 3486 4816 ὲν
3519 4761 3602 4832 τῷ
3645 4763 3788 4826 Συμ-

512 4836 952 4904 adoiescentium
975 4867 1141 4909 causa
1156 4855 1440 4925 gymnasia
1460 4855 1837 4926 frequentare,
1863 4858 2098 4930 ﬂagitio-

2201 4836 2398 4924 ,τιοσίῳ
2439 4836 2567 4929 περὶ
2593 4858 2918 4929 Σωκράτους
2956 4856 3093 4926 ἔφη,
3117 4855 3343 4909 Πλάτων
3391 4854 3496 4924 μὲν
3531 4850 3785 4923 ἔγραψεν,

513 4949 687 5007 noque
713 4942 1030 5010 spectaculo
1051 4944 1539 5015 pascebatoculos.
1562 4947 1865 5017 Testcsque
1889 4957 2019 5003 sunt
2039 4959 2096 5005 et

2204 4947 2316 5018 ἐγὼ
2339 4949 2396 5002 δὲ
2428 4949 2599 5019 φειδοῖ
2621 4947 2714 5002 τοῦ
2743 4948 3068 5018 Σωκράτους
3121 4948 3292 4999 εἰπεῖν
3345 4946 3453 4998 οὐκ
3506 4943 3785 5012 ἀνέξομαι.

513 5024 784 5096 Philebus,
827 5041 883 5088 et
907 5032 1183 5100 Phazdrus,
1221 5044 1278 5090 et
1301 5034 1535 5104 Rivales,
1570 5047 1627 5093 et
1668 5038 1998 5105 Charmides,
2038 5050 2096 5097 et

2206 5041 2490 5112 Τοσαύτην
2536 5040 2752 5110 ἔχουσιν
2783 5040 3011 5092 ἀτοπίαν
3042 5039 3138 5092 καὶ
3166 5034 3458 5108 παροινίαν
3483 5035 3531 5067 ⁸⁷
3567 5029 3785 5102 Σωκρά-

512 5116 606 5174 alii
628 5119 872 5178 Platonis
894 5123 1095 5194 dialogi
1119 5121 1459 5194 complures,
1489 5127 1654 5199 hujus
1674 5129 1896 5200 generis
1924 5132 2095 5188 multa

2202 5152 2332 5198 τους
2389 5133 2486 5188 καὶ
2538 5132 2716 5202 λώδην
2759 5134 2868 5195 τοῖς
2893 5129 3214 5202 ὀξυρρόποις
3243 5127 3370 5197 περὶ
3399 5126 3464 5178 τὸ
3492 5124 3712 5179 πταίειν
3744 5119 3787 5172 οἱ

514 5219 822 5270 narrantes.
849 5213 983 5283 Quae
1007 5231 1140 5274 vero
1167 5215 1482 5278 Alcibiades
1508 5219 1566 5277 in
1598 5220 1873 5296 Symposio
1901 5225 1970 5282 de
1992 5225 2094 5282 So-

2205 5228 2352 5300 λόγοι
2387 5227 2584 5282 ἐκεῖνοι
2615 5225 2672 5279 ἐν
2717 5222 2911 5294 ἐκείνῳ
2957 5220 3032 5292 τῷ
3059 5220 3312 5290 διαλόγῳ.
3349 5218 3466 5272 Καὶ
3501 5214 3786 5284 ἑσπερίσαι

585 5371 611 5410 ιι
646 5371 804 5425 Rom.
843 5387 956 5434 xm,
993 5372 1176 5430 1244.

1833 5468 2073 5525 VARle
2114 5469 2524 5529 LECTIONES.

583 5577 964 5661 θδίξάίπεδίδοτο.ἒ
1011 5580 1308 5661 ἀπεδίδωτο
1344 5581 1428 5661 ,ἢ
1505 5579 1550 5661 ‘3
1574 5585 1946 5661 -τριακοσίας
1977 5585 2060 5661 Ab
2109 5587 2186 5661 Ιιζ
2230 5587 2268 5642 l.
2302 5605 2500 5661 “usque
2571 5590 2640 5645 ad
2673 5591 2843 5661 ἐφῆκε
2909 5604 2962 5661 p.
3009 5587 3134 5661 ιιι,
3160 5585 3216 5651 5,
3261 5585 3470 5661 lacuna
3528 5586 3614 5634 est
3641 5578 3697 5631 in

513 5646 560 5734 ξς
590 5647 751 5734 αὐῖδν
782 5663 904 5734 om:
926 5650 1000 5734 DA
1066 5652 1110 5683 ⁵¹
1132 5652 1478 5734 ,προσφέρειν
1516 5651 1615 5734 δεῖ.
1645 5643 1753 5734 ’.δεῖ
1780 5643 2110 5734 προσφέρειν
2143 5657 2220 5734 _D.
2299 5659 2344 5690 "
2372 5643 2726 5734 lii'zqdébtgj
2765 5643 2882 5734 om.
2909 5643 2982 5714 ID.
3044 5643 3215 5734 iure,
3240 5654 3358 5734 καίἶ
3423 5669 3488 5703 τε
3549 5663 3661 5734 om.

516 5713 562 5803 εξ
588 5716 860 5803 ἐκέλευσε.
889 5719 1103 5803 exerens
1253 5790 1266 5803 '
1287 5713 1333 5753 ⁸⁷⁵
1363 5713 1464 5773 ’καὶ
1497 5721 1584 5776 τά.
1610 5722 1678 5776 τὰ
1707 5713 1906 5784 οιῐι.Ἰ),
1936 5713 1947 5725 ’
1995 5713 2044 5758 ³⁸
2077 5728 2190 5803 [τὰ]
2231 5744 2340 5784 om.
2370 5713 2432 5796 Π,
2470 5713 2566 5800 qui
2781 5713 2964 5784 ἕνεκα.
3042 5728 3086 5761 ⁸⁷
3142 5722 3452 5796 παροινίαν.
3489 5719 3788 5790 παράνοιαν

516 5779 582 5840 1),
619 5784 713 5840 ubi
742 5801 865 5844 mox
899 5789 1094 5844 ἐκεῖνοι
1126 5791 1176 5844 οί
1207 5790 1380 5860 λόγοι.
