4056 6412
1438 313 1927 383 THEODORETI
1967 323 2312 394 EPISCOPI
2348 332 2714 403 CYRENSIS

442 417 586 462 rare.
629 405 914 464 Decimum
957 427 1090 470 vero
1129 429 1190 473 ac
1240 420 1538 490 septimum
1587 431 1771 499 agenti
1816 447 1992 488 annur

443 499 744 537 ιρι-Ἀρείου)
790 504 1109 537 Δι-ιιὶιοιηηνη
1158 509 1484 537 Α..υ...,...-;...
1544 519 1588 537 λα
1635 521 1671 537 _-
1755 523 1769 537 .

3578 405 3706 428 Al“

2095 433 2270 496 ,εἶναι
2309 446 2630 514 παρέλιπον.
2679 451 2769 518 Ἐξ
2807 446 2882 510 ὧν
2923 459 3360 527 καταμανθάνειν
3388 461 3596 532 ἔξεστιν
3645 472 3706 537 ⁷⁵,

443 499 744 557 accessisse
782 504 1111 562 Archelaum
1150 509 1489 584 Anaxagora:
1535 519 1892 591 discipulum,
1928 526 2025 595 qui

439 604 502 644 se
549 585 758 647 diceret
796 609 982 651 amore
1016 599 1137 670 ejus
1173 613 1492 675 correptum
1524 609 1844 668 :Socratem
1891 631 2024 672 vero

447 681 655 751 1031
697 687 957 742 amatoris
991 703 1284 748 occursum
1331 711 1395 751 ac
1433 698 1870 760 familiaritatem
1914 708 2022 762 mi-

440 771 593 827 nime
616 784 948 844 aversatum,
969 783 1175 838 multos
1197 784 1273 839 illi
1297 803 1473 844 annos
1489 793 1818 861 convixisse,
1844 814 2021 869 eoque

443 870 602 931 pacto
618 863 687 918 ab
699 865 972 926 Archelao
984 871 1051 926 ad
1068 874 1476 948 philosophiam
1498 885 1813 941 traductum
1839 863 1974 944 esse.
1996 912 2013 942 ι

447 951 646 1010 Deinde
674 966 799 1027 post
831 975 1008 1030 pauca
1035 982 1048 1019 :
1087 985 1106 1018 ι
1143 969 1294 1025 Inter
1324 982 1523 1030 caetera
1556 986 1738 1033 autem
1761 1023 1774 1046 ,
1815 982 2021 1051 quibus

439 1042 696 1104 Socrates
723 1053 1108 1123 accusabatur,
1136 1060 1253 1116 haec
1276 1073 1457 1131 erant,
1487 1068 1634 1137 quod
1676 1071 1732 1124 in
1768 1072 2017 1130 conferta

437 1139 628 1207 populi
679 1143 843 1198 turba
889 1148 1320 1220 conflictaretur,
1370 1157 1627 1228 quodque
1669 1162 1738 1216 ad
1793 1178 2018 1220 mensas

435 1229 695 1301 ipsosque
716 1234 949 1293 Hermas
971 1239 1028 1293 in
1053 1243 1230 1299 triviis
1253 1247 1668 1307 dissertationes
1690 1267 2016 1327 moramque

433 1321 806 1386 protraheret.
839 1346 858 1380 ι
889 1329 909 1350 ¹
933 1329 1058 1412 Haec
1087 1333 1156 1389 de
1183 1335 1408 1394 Socrate
1438 1341 1774 1414 Porphyrius
1799 1321 2010 1415 narrat,

431 1413 487 1461 et
519 1409 624 1464 alia
652 1415 924 1483 quaedam,
951 1407 1080 1505 quae
1105 1423 1284 1481 sciens
1325 1429 1625 1502 volensque
1659 1440 2008 1506 praetermisi.

428 1498 511 1554 Ex
551 1501 620 1564 iis
663 1515 848 1563 autem
887 1497 1204 1583 quae'dixi,
1235 1497 1594 1594 intelligitur,
1653 1497 1777 1585 illos
1823 1534 2012 1590 verbis

427 1593 650 1663 quidem
677 1598 932 1658 laudasse
959 1605 1242 1675 virtutem,
1273 1628 1332 1666 re
1375 1593 1560 1671 autem
1603 1619 1719 1689 ipsa
1756 1623 2012 1695 volupta-

426 1692 536 1738 tem
563 1695 803 1745 sectatos
826 1705 969 1759 esse,
993 1698 1471 1774 cupiditatumque
1501 1710 1826 1768 servitutem
1858 1692 2009 1772 ultro

423 1789 735 1844 perpessos.
776 1781 913 1838 Nam
952 1787 1022 1853 si,
1050 1797 1110 1842 ut
1146 1790 1486 1866 Porphyrius
1515 1799 1612 1867 ait,
1643 1801 1699 1857 in
1731 1805 2005 1864 Venerem

421 1869 751 1936 propensius
773 1871 1077 1943 ferebatur,
1109 1897 1290 1952 neque
1317 1886 1552 1943 duarum
1578 1892 1740 1948 simul
1771 1912 2004 1955 uxorum

420 1958 787 2017 contubernio
815 1967 1142 2034 satiabatur,
1172 1975 1270 2029 sed
1307 1979 1550 2046 publicis
1583 1984 1752 2040 etiam
1779 1987 2006 2045 feminis

420 2044 776 2118 impudenter
802 2057 1086 2125 utebatur,
1117 2044 1507 2138 nudorumque
1541 2071 1596 2126 in
1629 2076 1885 2144 palaestra
1911 2081 2003 2150 ju-

417 2151 616 2194 venum
638 2155 889 2213 aspectu,
916 2149 1144 2208 Platone
1169 2164 1328 2223 teste,
1359 2159 1740 2221 delectabatur
1767 2185 1779 2222 :
1807 2170 1854 2224 si
1876 2149 2004 2241 pro-

413 2227 542 2282 nior
595 2242 714 2288 erat
767 2236 837 2290 ad
895 2239 1261 2311 iracundiam,
1307 2256 1363 2302 et
1419 2251 1804 2325 insurgentem
1864 2263 2002 2318 iram

413 2323 782 2392 comprimere
818 2329 906 2384 vix
939 2341 1179 2403 poterat,
1220 2339 1267 2393 si
1301 2340 1509 2399 dicacis
1543 2358 1664 2404 erat
1703 2351 1903 2424 linguae
1937 2371 2001 2412 ac

413 2410 666 2481 infrenis,
704 2419 983 2487 quodnam
1008 2425 1054 2480 is
1083 2429 1302 2484 tandem
1321 2433 1685 2506 philosophiae
1707 2410 1879 2510 genus
1903 2410 1998 2500 ex;

411 2505 622 2562 coluit?
642 2508 799 2576 Quod
825 2529 960 2572 vero
983 2518 1269 2578 Platonem
1307 2505 1829 2598 quoqueiaccusent
1854 2541 1996 2595 anti-

409 2610 649 2665 quorum
672 2606 949 2674 nonnulli,
978 2618 1039 2664 ut
1073 2615 1165 2683 qui
1193 2617 1366 2672 multa
1399 2619 1597 2676 fecerit
1621 2639 1743 2694 qua:
1773 2628 1996 2700 indigna

408 2688 931 2788 sint-philosophia,
968 2699 1396 2774 Xenophontem
1433 2688 1712 2769 audite-in
1748 2688 1996 2788 Episfola

406 2776 474 2835 ad
491 2775 812 2839 Eschinem
831 2787 913 2842 sic
933 2789 1250 2860 loquentem
1271 2797 1496 2868 (Euseb.
1523 2802 1586 2856 P.
1605 2803 1670 2858 E.
1696 2775 1872 2876 p.7-1l5
1892 2810 1952 2880 D)
1979 2828 1992 2863 :

412 2885 432 2918 ι
461 2867 754 2941 Αὲἒεγριιιῐη
785 2877 942 2932 enim
975 2867 1323 2952 adamarunt,
1363 2890 1573 2962 1032
1601 2867 1996 2955 monstrosaru-

401 2975 512 3038 que
550 2963 873 3042 Pythagorae
917 2971 1350 3049 philosophiam.
1398 2980 1646 3047 Quorum
1690 2988 1988 3058 luxuriam,

401 3052 922 3130 inconstantemque
977 3065 1223 3122 animum
1277 3073 1421 3141 apud
1460 3074 1743 3134 Socratem
1780 3084 1986 3152 perdu-

399 3145 584 3212 randi,
615 3151 861 3207 ostendit
889 3169 1045 3211 amor
1073 3158 1165 3214 ille
1205 3177 1315 3231 quo
1350 3171 1645 3237 tyrannum
1679 3145 1982 3246 proseque-

398 3234 588 3304 batur,
625 3255 840 3312 proque
878 3243 1024 3318 frugi
1071 3265 1135 3305 ac
1169 3267 1337 3322 parco
1367 3234 1516 3314 victu
1568 3234 1750 3318 Sicula
1789 3234 1982 3324 mensa

395 3326 540 3396 gula
573 3338 738 3401 atque
769 3333 1062 3394 edacitatis
1091 3341 1400 3402 immodicae
1438 3352 1701 3420 appetita.
1743 3377 1761 3407 ι
1796 3358 1982 3416 lnnuit

398 3427 584 3478 autem
619 3421 709 3478 his
742 3427 928 3484 verbis
969 3444 1094 3491 cum
1116 3435 1379 3508 Dionysio
1419 3448 1655 3512 tyranno
1696 3446 1749 3502 in
1791 3450 1980 3506 Sicilia

396 3515 878 3574 consuetudinem.
918 3521 1154 3580 Athenis
1193 3529 1342 3583 enim
1380 3532 1612 3600 relictis,
1649 3540 1794 3608 apud
1823 3541 1978 3597 illum

395 3599 630 3672 degebat
668 3603 1030 3678 Syracusanis
1071 3614 1262 3673 fruens
1300 3619 1539 3688 deliciis,
1573 3633 1628 3679 et
1670 3599 1795 3697 post
1831 3631 1979 3689 illius

393 3704 653 3762 mortem,
692 3699 840 3768 apud
870 3702 991 3772 ejus
1027 3703 1224 3763 ﬁlium.
1263 3709 1500 3768 Tantum
1531 3732 1665 3772 vero
1692 3720 1807 3777 suis
1831 3725 1977 3794 apud

395 3792 692 3855 tyranuum
716 3790 1205 3857 adhortationibus
1228 3805 1484 3874 profecit,
1513 3819 1574 3865 ut
1607 3812 1826 3872 vinctus
1861 3790 1979 3873 fue-

392 3875 488 3941 rit,
511 3893 576 3933 ac
590 3880 906 3952 lapicidinis
925 3887 1181 3948 addictus
1207 3912 1219 3946 :
1243 3897 1464 3953 tandem
1481 3917 1634 3968 vero,
1655 3921 1755 3961 ceu
1781 3908 1979 3965 barba-

393 3981 519 4031 rum
544 3973 906 4045 mancipium,
935 3979 1004 4035 ad
1027 3986 1354 4044 servitutem
1378 4001 1463 4048 est
1488 4000 1860 4059 venundatus.
1887 4005 1979 4060 Ait

392 4073 559 4129 porro
637 4063 968 4126 Plutarchus
1046 4074 1200 4132 illum
1273 4085 1598 4143 venalitium
1654 4092 1837 4148 oleum
1906 4097 1975 4150 ad

389 4149 677 4225 (Egyptios
704 4157 987 4220 detulisse.
1012 4165 1262 4241 Cumque
1289 4174 1407 4232 haec
1434 4179 1502 4234 de
1527 4182 1620 4237 illo
1641 4185 1845 4253 probra
1874 4149 1976 4243 au;

390 4248 630 4319 diamus,
673 4269 738 4316 ea
773 4264 955 4314 tamen
981 4278 1104 4332 quae
1126 4274 1276 4323 recte
1313 4270 1382 4325 ab
1412 4288 1480 4327 eo
1516 4248 1662 4331 dicta
1693 4286 1822 4332 sunt
1859 4279 1978 4336 lau-

392 4340 608 4409 damus,
640 4360 704 4402 ac
742 4361 803 4403 ut
837 4368 936 4408 vos
961 4356 1130 4416 etiam
1165 4375 1233 4414 ex
1257 4361 1346 4419 his
1381 4365 1680 4422 utilitatem
1720 4370 1971 4441 capiatis,

2128 533 2203 596 ὡς
2237 535 2414 605 λόγοις
2442 542 2675 613 ἐπῄνουν
2704 547 2902 600 ἐκεῖνοι
2926 550 3024 621 τὴν
3051 553 3273 626 ἀρετὴν,
3315 557 3626 626 ἠσπάζοντο
3653 533 3708 617 δέ

2126 625 2227 697 τὴν
2282 631 2493 704 ἡδονὴν,
2527 637 2622 693 καὶ
2650 641 2764 702 τοῖς
2787 641 2982 696 πάθεσι
3010 644 3284 701 δουλεύειν
3308 651 3611 722 ἠνείχοντο.
3646 658 3706 709 Et

2127 719 2234 791 γὰρ
2263 721 2326 792 δὴ
2351 725 2489 781 κατά
2516 728 2605 780 τὸν
2642 731 2949 804 Πορφύριον
3001 737 3094 789 καὶ
3133 741 3261 811 περὶ
3317 742 3386 797 τά
3420 719 3705 816 ἀφροδίσια

2125 812 2439 883 ὁρμητικῶς
2500 813 2634 890 εἶχε,
2691 824 2786 876 καὶ
2831 824 2924 878 δύο
2981 829 3196 896 γυναιξὶ
3233 833 3375 887 κατὰ
3420 812 3617 890 ταυτὸν
3662 841 3706 872 ⁷⁸

2126 905 2328 973 ὁμιλῶν
2378 908 2477 961 οὐκ
2523 911 2796 982 ἐλάμϐανε
2843 916 3023 989 κόρον,
3055 921 3190 975 ἀλλὰ
3215 925 3310 977 καὶ
3345 927 3465 990 ταῖς
3500 933 3707 996 κοιναῖς

2124 994 2316 1066 ἀνέδην
2341 999 2558 1069 ἐχρῆτο,
2581 1005 2674 1056 καὶ
2700 1006 2810 1060 τῶν
2838 1009 2894 1061 ἐν
2922 1012 3040 1074 ταῖς
3071 1013 3436 1087 παλαίστραις
3476 994 3706 1088 γυμνουλ

2125 1085 2302 1156 μένων
2328 1089 2463 1144 νέων
2479 1132 2493 1156 ,
2529 1095 2668 1148 κατὰ
2693 1096 2782 1149 τὸν
2809 1099 3091 1167 Πλάτωνα,
3128 1104 3226 1175 τὴν
3249 1085 3378 1160 θέαν
3403 1085 3704 1180 ἠσπάζετο,

2120 1177 2215 1230 καὶ
2253 1179 2584 1253 δυσόργητος
2613 1187 2657 1217 ⁷⁷
2693 1183 2780 1259 ἦν,
2827 1193 2918 1244 καὶ
2969 1194 3128 1263 μόγις
3175 1196 3404 1268 ᾄττοντα
3451 1177 3704 1274 κατέχειν

2117 1267 2350 1336 ἠδύνατο
2390 1272 2480 1326 τὸν
2516 1275 2708 1346 θυμὸν,
2745 1281 2838 1333 καὶ
2871 1283 3106 1355 λοίδορον
3151 1283 3264 1359 εἶχε
3312 1291 3411 1362 τὴν
3457 1267 3703 1362 γλῶτταν

2118 1360 2214 1410 καὶ
2253 1361 2606 1430 ἀχαλίνωτον,
2648 1374 2798 1424 ποῖον
2827 1374 2932 1443 ἄρα
2961 1371 3098 1441 εἶδος
3131 1360 3450 1450 φιλοσοφίας
3469 1360 3700 1458 perﬂet;

2120 1450 2241 1504 Ὅτι
2271 1451 2326 1505 δὲ
2363 1455 2456 1506 καὶ
2493 1457 2536 1488 ’⁸⁸
2568 1459 2852 1525 Πλάτωνος
2898 1468 3262 1540 κατηγοροῦσι
3305 1472 3414 1526 τῶν
3453 1450 3703 1533 παλαιῶν

2114 1557 2276 1606 τινες,
2314 1543 2389 1607 ὡς
2441 1547 2609 1602 πολλά
2674 1555 3036 1624 πεποιηκότος
3100 1560 3419 1632 φιλοσοφίας
3481 1567 3699 1635 ἀνάξια,

2112 1633 2383 1688 ἀκούσατε
2410 1637 2752 1708 Ξενοφῶντος
2782 1644 3028 1716 λέγοντος
3055 1651 3114 1702 ὲν
3136 1655 3200 1722 τῇ
3251 1655 3387 1724 πρὸς
3436 1633 3701 1732 Αἰσχίνην

2113 1725 2370 1800 ἐπιστολῇ
2393 1746 2404 1758 ⁸
2450 1751 2466 1782 ι
2498 1732 2778 1801 Αἰγύπτου
2812 1737 2922 1809 γὰρ
2974 1742 3295 1814 ἠράσθησαν
3327 1748 3421 1801 καὶ
3452 1725 3697 1820 τῆς-Πυ-

2111 1813 2346 1886 θαγόρου
2364 1821 2700 1890 τερατὼδους
2746 1827 2958 1894 σοφίας.
2994 1824 3094 1884 ’Ὧν
3120 1813 3183 1884 τδ
3213 1837 3466 1906 περιττὸν
3493 1813 3588 1894 καὶ
3619 1845 3696 1912 μὴ

2111 1907 2340 1979 μόνιμον
2389 1912 2483 1966 ἐπὶ
2519 1914 2800 1987 Σωκράτει
2829 1920 3112 1993 διήλεγχεν
3139 1925 3181 1956 ⁷⁸
3213 1927 3352 1997 ἔρως
3381 1907 3700 2003 τυραννίδος

2107 2000 2200 2051 καὶ
2220 2000 2340 2054 ἀντὶ⁸
2366 2003 2577 2072 διαίτης
2601 2005 2752 2077 λιτῆς
2774 2011 3086 2078 Σικελιῶτις
3115 2019 3351 2087 γαστρὸς
3371 2000 3617 2094 ἀμέτρου
3645 2025 3695 2058 ⁸⁸

2105 2090 2374 2160 τράπεζα.
2410 2113 2427 2145 ι
2469 2097 2772 2153 Λὶνίττεται
2820 2101 2876 2154 δὲ
2905 2104 2991 2157 διὰ
3033 2106 3239 2160 τούτων
3267 2110 3364 2180 τὴν
3400 2115 3538 2182 μετὰ
3570 2119 3693 2171 Διο-

2105 2185 2291 2236 νυσίου
2323 2185 2417 2238 τοῦ
2452 2189 2716 2258 τυράννου
2749 2195 2806 2245 ὲν
2838 2194 3057 2268 Σικελίᾳ
3093 2199 3398 2272 διατριϐήν.
3445 2206 3555 2270 Τὰς
3580 2209 3696 2280 γὰρ

2116 2273 2347 2344 Ἀθήνας
2376 2279 2692 2335 καταλιπὼν
2723 2284 2914 2356 ἐκείνῳ
2938 2287 3120 2358 ξυνῆν,
3154 2292 3525 2362 Συρακουσίας
3546 2273 3693 2354 ἀπο-

2102 2363 2280 2418 λαύων
2307 2367 2524 2440 χλιδῆς*
2558 2375 2651 2426 καὶ
2688 2377 2829 2445 μετά
2873 2379 2974 2449 τὴν
3023 2382 3234 2436 ἐκείνου
3285 2386 3564 2458 τελευτὴν,
3610 2391 3693 2462 τῷ

2101 2455 2310 2512 ἐκείνου
2343 2463 2512 2516 παιδί.
2551 2466 2815 2521 Τοσοῦτον
2867 2469 2923 2522 δὲ
2965 2474 3249 2541 παραινῶν
3288 2477 3378 2530 τὸν
3423 2479 3692 2548 τύραννον

2099 2543 2328 2616 ὤνησεν,
2355 2549 2429 2614 ὡς
2472 2553 2567 2606 καὶ
2616 2556 2835 2627 δεθῆναι
2871 2560 2973 2613 κάν
3027 2564 3150 2625 ταῖς
3201 2563 3538 2638 λιθοτομίαις
3571 2573 3692 2642 εἱρ-

2098 2636 2314 2707 χθῆναι,
2370 2640 2598 2713 ὕστερον
2657 2645 2713 2698 δὲ
2763 2647 2804 2679 “
2860 2650 2952 2702 καὶ
2981 2650 3057 2714 ὡς
3097 2636 3428 2726 ἀνδράποδον
3453 2636 3692 2720 ἀπέδοτο

2099 2727 2530 2802 βάρϐαρονμΚαὶ
2561 2740 2588 2791 ὁ
2613 2740 2959 2812 Πλούταρχος
3004 2745 3060 2798 δέ
3103 2765 3268 2818 φησιν
3302 2753 3482 2809 ἔλαιον
3519 2759 3690 2813 αὑτὸν

2095 2821 2176 2883 είς
2200 2821 2295 2892 τὴν
2328 2825 2604 2892 Αἴγυπτον
2630 2831 2903 2902 ἐμπορίας
2924 2837 3085 2906 χάριν
3120 2847 3505 2916 μετακομίσαι.
3542 2851 3687 2905 Ἀλλ’

2093 2907 2242 2977 ὅμως
2273 2911 2370 2964 καὶ
2411 2913 2518 2967 τῶν
2565 2918 2820 2972 τοιούτων
2863 2920 3046 2992 ψόγων
3082 2927 3371 2995 ἀκούοντες
3406 2933 3688 3004 θαυμάζοι-

2097 3014 2196 3067 μεν
2254 3001 2418 3054 αύτοῦ
2467 3005 2536 3058 τὰ
2585 3008 2763 3072 καλῶς
2797 3013 3086 3084 εἰρημένα,
3126 3020 3220 3071 καὶ
3250 3021 3349 3091 τὴν
3381 3022 3445 3076 ἐκ
3473 3001 3686 3080 τούτων

2015 3120 2063 3184 c
2093 3085 2365 3158 ὠφέλειαν
2409 3096 2503 3148 καὶ
2550 3097 2694 3166 ὑμᾶς
2734 3099 2992 3172 ἀξιοῦμεν
3027 3085 3318 3174 ξυλλέγεινξ
3349 3111 3460 3164 Καὶ
3481 3112 3588 3186 γὰρ
3615 3115 3685 3186 δὴ

2095 3181 2188 3234 καὶ
2219 3185 2482 3250 γυναῖκας
2510 3191 2836 3260 γεγενῆσθαι
2870 3197 2998 3266 παρ’
3031 3197 3289 3275 Ἕλλησιν
3328 3181 3684 3275 ἀξιεπαίνους

2083 3270 2374 3344 ἀκούομεν.
2401 3279 2661 3351 Λυσιδίκη
2693 3283 2791 3352 μὲν
2820 3286 2949 3356 γὰρ,
2973 3286 3048 3350 ὥς
3076 3270 3262 3358 φασιν,
3286 3292 3507 3348 ἐλούετο
3532 3298 3607 3365 μὴ
3628 3270 3680 3330 ’ί

2083 3363 2173 3416 τὸν
2205 3367 2526 3434 χιτωνίσκον
2557 3372 2878 3445 ἐκδυομένη,
2913 3376 3062 3450 [176]
3091 3380 3179 3433 διὰ
3226 3382 3325 3452 τὴν
3369 3363 3682 3459 ὑπερδολὴν

2085 3455 2183 3525 τῆς
2231 3457 2433 3522 αἰδοῦς.
2480 3462 2541 3513 Ἦ
2568 3463 2623 3515 δὲ
2651 3465 2926 3534 Φιλωτὲρα
2943 3468 2988 3500 ⁸⁸
3013 3471 3274 3525 κατιοῦσα
3299 3475 3381 3538 εἰς
3411 3455 3510 3546 τὴν
3539 3455 3681 3531 πύε-

2082 3546 2172 3601 λον
2201 3548 2246 3581 ⁸³⁵
2295 3551 2435 3604 κατὰ
2463 3552 2636 3624 βραχὺ
2681 3555 2740 3608 τὸ
2772 3558 2848 3628 τῷ
2873 3558 3024 3614 ὕδατι
3081 3563 3489 3636 καλυπτόμενον
3543 3570 3678 3638 ὲγύυ

2086 3657 2219 3709 μνου
2241 3640 2286 3672 ³³
2311 3641 2404 3694 τοῦ
2432 3642 2705 3714 σώματος,
2731 3647 3129 3706 ἀναστέλλουσα
3147 3655 3265 3708 κατ’
3282 3655 3462 3726 ὀλίγον
3479 3657 3569 3712 τὸν
3593 3679 3681 3731 χι-

2082 3730 2246 3785 τῶναο
2264 3735 2357 3787 καὶ
2373 3729 2440 3788 αὖ
2457 3737 2617 3792 πάλιν
2633 3739 2859 3796 ἀνιοῦσα
2875 3749 3674 3822 παραπλησίωςὴμπέσχετο⁸⁸.

2080 3821 2268 3876 Θεανὼ
2289 3825 2344 3878 δὲ
2407 3826 2782 3901 Πυθαγορικὴ,
2802 3834 3208 3905 ἀποϐλέψαντός
3227 3858 3371 3906 τινος
3387 3845 3466 3906 εὶς
3478 3843 3674 3917 αὐτὴν,

2081 3916 2174 3966 καὶ
2199 3917 2462 3982 εἰπόντος,
2482 3921 2679 3988 Καλὸς
2696 3927 2727 3977 ό
2742 3924 2965 3994 πῆχυς,
2985 3960 3054 3968 --
3078 3931 3232 3985 Ἀλλ’
3255 3935 3325 3986 οὐ
3351 3916 3672 4004 δημόσιος,

2080 4003 2436 4076 ἀπεκρίνατο.
2479 4009 2845 4082 Ἐρωτηθεῖσαι
2899 4016 2955 4068 δὲ
3003 4019 3185 4083 πάλιν,
3237 4022 3474 4078 ποσταία
3530 4028 3673 4097 γυνὴ

2081 4093 2188 4146 ἀπὸ
2211 4096 2402 4168 ἀνδρὸς
2432 4100 2512 4163 εἰς
2544 4095 2603 4154 τδ
2631 4103 3002 4177 Θεσμοφόριον
3029 4111 3273 4166 κάτεισιν
3294 4156 3308 4179 ,
3341 4134 3360 4166 ι
3406 4116 3540 4170 Ἀπὸ
3568 4093 3674 4186 μὲν

2078 4184 2174 4238 τοῦ
2216 4187 2347 4242 ἰδίου
2396 4195 2758 4265 παραχρῆμα,
2803 4196 2942 4269 ἔφη·
2981 4200 3088 4254 ἀπὸ
3130 4203 3187 4256 δὲ
3228 4203 3320 4257 τοῦ
3356 4184 3669 4278 ἀλλοτρίου,

2077 4278 2348 4334 οὐδέποτε.
2387 4301 2404 4333 ι
2457 4285 2664 4351 Ταῦτα,
2699 4287 2794 4340 καὶ
2851 4289 2952 4343 ὅσα
2988 4292 3233 4358 τοιαῦτα,
3269 4295 3366 4347 καὶ
3407 4297 3671 4353 ἐπαινοῦ-

2081 4388 2201 4441 μεν,
2230 4374 2322 4426 καὶ
2344 4375 2662 4444 φιλοσοφίας
2688 4375 2826 4432 εἶναι
2853 4380 2980 4447 ἄξιά
3013 4401 3214 4454 φαμεν.
3259 4388 3370 4439 Καὶ
3402 4389 3671 4463 ἀποδεχόο

392 4442 669 4504 optamus.
717 4437 851 4493 Nam
899 4450 956 4499 et
995 4447 1257 4509 mulieres
1301 4467 1522 4522 quoque
1566 4454 1711 4524 apud
1754 4437 1972 4514 Graecos

392 4522 546 4549 1....,ι-
583 4526 768 4549 .l:_‘___-
801 4547 812 4549 _
894 4535 972 4549 .-.o
1265 4542 1276 4549 .
1465 4544 1486 4549 _
1577 4546 1587 4549 _
1611 4547 1644 4549 _.

2354 4437 2367 4441 _
2547 4437 2556 4444 _
2643 4437 2657 4441 -
2903 4437 2918 4447 ,
3024 4437 3034 4451 ,
3094 4437 3105 4454 ,
3203 4437 3211 4439 ι
3261 4437 3367 4439 es,”
3404 4437 3666 4463 ___-__,‘,.

2095 4464 2222 4532 ιεθα
2238 4466 2329 4520 τὸν
2345 4468 2608 4523 Πλάτωνα
2622 4473 2734 4534 τοῖς
2755 4473 2981 4540 ἀγαθοῖς
2997 4477 3086 4529 τὸν
3115 4478 3290 4547 γάμον
3307 4479 3666 4549 ξυντάξαντα,

390 4522 550 4584 laude
578 4526 770 4599 dignas
791 4535 1063 4594 exstitisse
1091 4542 1427 4612 accepimus.
1463 4522 1715 4616 Lysidice
1745 4550 1970 4621 quippe,

390 4621 452 4677 ut
476 4614 683 4685 ferunt,
710 4621 782 4678 ob
808 4625 1068 4685 eximium
1097 4633 1388 4702 pudorem,
1413 4637 1652 4693 tunicam
1675 4655 1798 4695 cum
1823 4642 1975 4696 lava-

388 4713 545 4761 retur
566 4725 678 4766 non
706 4718 960 4775 exuebat.
987 4722 1268 4780 Philotera
1294 4733 1499 4793 autem,
1526 4744 1651 4783 cum
1675 4730 1730 4784 in
1754 4731 1972 4786 labrum

387 4797 644 4860 balneare
673 4803 1052 4880 descenderet,
1081 4827 1297 4886 partem
1323 4818 1472 4873 illam
1505 4822 1777 4890 corporis,
1804 4839 1970 4892 quam

387 4904 529 4959 aqua
580 4903 808 4968 tegeret,
858 4906 1062 4961 sensim
1104 4907 1372 4976 nudabat,
1416 4911 1662 4964 tunicam
1703 4913 1967 4981 paulatim

388 4983 658 5045 reducens
687 5009 698 5045 :
725 5001 781 5048 et
805 5012 1000 5053 rursus
1021 5000 1212 5056 exiens
1236 5001 1405 5056 simili
1425 5001 1592 5056 modo
1609 5002 1964 5060 induebatur.

386 5074 744 5150 Pythagorica
791 5090 807 5108 ‘
856 5105 1078 5160 quoque
1114 5091 1361 5158 Theano,
1399 5108 1526 5148 cum
1575 5109 1696 5148 eam
1741 5097 1967 5166 quidam

385 5165 618 5227 intuitus
656 5176 900 5235 diceret:
933 5181 1224 5237 Pulchrum
1274 5185 1570 5251 brachium,
1614 5165 1966 5256 reSpondisse

381 5255 580 5329 fertur,
613 5267 679 5322 At
719 5271 930 5343 1033
966 5289 1072 5326 non
1102 5274 1388 5343 publicum.
1434 5276 1504 5332 Et
1534 5255 1723 5350 rogata
1748 5297 1962 5350 rursus,

2080 4557 2174 4608 καὶ
2201 4557 2501 4623 ἀθανασίας
2537 4561 2779 4615 ἐπίνοιαν
2805 4564 2899 4616 καὶ
2928 4565 3185 4637 διαμονὴν
3217 4571 3309 4623 τοῦ
3343 4573 3538 4641 γένους
3561 4593 3666 4631 κα-

2077 4642 2326 4699 λέσαντα.
2365 4649 2692 4720 Δημοκρίτῳ
2718 4651 2773 4703 δὲ
2803 4654 2896 4705 καὶ
2941 4654 3252 4728 Ἐπικούρῳ
3298 4659 3418 4714 λίαν
3451 4669 3668 4734 μεμφό-

2081 4735 2241 4805 μεθα,
2272 4738 2652 4806 παραιτεῖσθαι
2688 4741 2780 4794 καὶ
2806 4743 2896 4796 τὸν
2932 4747 3111 4815 γάμον
3137 4750 3229 4801 καὶ
3266 4749 3366 4821 τὴν
3399 4754 3665 4824 παιδογο-

2077 4826 2197 4878 νίαν
2217 4825 2261 4857 ⁸⁷
2309 4827 2610 4882 κελεύουσι.
2663 4831 2774 4902 Τὴν
2825 4834 2933 4905 γάρ
2980 4854 3062 4888 τοι
3110 4830 3303 4910 ἡδονὴν
3345 4843 3665 4914 ὁρισάμενοι

2074 4917 2247 4983 τέλος,
2275 4918 2343 4972 τὰ
2381 4920 2669 4990 φροντίδας
2695 4922 2885 4994 ἔχοντα
2922 4927 3014 5008 καί
3047 4946 3200 4992 τινας
3237 4931 3428 5000 ἀηδίας
3460 4953 3660 4990 παντε-

2075 5007 2181 5074 λῶς
2209 5010 2584 5082 ἀπεκήρυξαν.
2612 5014 2751 5076 oras
2771 5017 2870 5086 τῆς
2895 5007 3155 5089 Ποικίλης
3189 5021 3363 5092 μέσην
3387 5027 3512 5079 τινὰ
3543 5028 3662 5082 ὁδὸν

2073 5101 2315 5156 ὥδευσαν
2342 5121 2354 5134 ·
2394 5106 2507 5167 τοῖς
2547 5105 2655 5175 γὰρ
2697 5106 3016 5180 ἀδιαφόροις
3059 5111 3149 5166 τὸν
3190 5113 3370 5184 γάμον
3423 5118 3519 5178 καὶ1
3562 5119 3662 5192 τὴν

2077 5194 2424 5263 παιδογονίαν
2461 5194 2803 5262 ξυνέξευξαν.
2859 5201 2922 5252 0t
2971 5201 3028 5254 δὲ
3061 5202 3194 5256 θεῖοι
3237 5204 3388 5274 λόγοι
3421 5208 3522 5280 τὴν
3559 5212 3660 5281 μὲν

2074 5285 2164 5340 διὰ
2195 5286 2513 5357 φιλοσοφίαν
2554 5289 2950 5365 ὲπινοουμένην
2991 5293 3214 5363 ἁγνείαν
3261 5297 3548 5368 ὑμνοῦσιν,
3579 5305 3655 5370 ὡς

1679 5429 1919 5484 νΑΒΙιιΕ
1975 5428 2376 5490 LECTIONES.

452 5537 498 5570 ⁷⁵
521 5543 963 5612 καταμανθάνειν
978 5543 1214 5618 ἔξεστιν.
1261 5549 1599 5618 καταμαθεῖν
1639 5548 1848 5603 ἔνεστιν
1876 5549 1940 5603 D.

385 5607 858 5689 f.ai..xa1_om._D.
893 5683 934 5689 Ἀ
977 5615 1353 5689 ξθμδιήλεγχεν,
1409 5607 1696 5689 ’διήλεγξεν
1761 5621 1826 5673 D.

383 5673 432 5758 ξς
468 5678 560 5758 μή.
591 5683 727 5758 μήτε
750 5684 846 5758 n._
891 5683 938 5716 εδ
965 5673 1551 5758 φιλοτὶιροὶῗειιιλωτέρα
1573 5673 1634 5743 bi

387 5705 392 5710 η
512 5705 560 5745 τε.
591 5705 727 5749 μητε
751 5705 812 5736 υ.
891 5705 938 5716 ν·-
966 5705 1152 5738 ΨιΑοτε
1194 5705 1225 5740 α

387 5740 432 5779 ⁸⁸
466 5705 794 5822 Ἐμπέσχετο.
828 5754 1134 5824 ἠμπίσχετο

2037 5551 2078 5583 ⁷⁵
2107 5554 2320 5609 ταυτόν.
2347 5555 2514 5610 ταυτδ
2538 5556 2601 5610 Ῐ).

1940 5621 1985 5652 ⁸⁸
2025 5623 2262 5694 ἀμέτρου
2321 5641 2431 5680 om.
2460 5626 2606 5690 C,D.
2718 5627 2759 5658 ‘”
2797 5621 3023 5753 ὕστερον

1959 5691 2172 5748 πύελον.
2240 5695 2331 5748 τὸν
2384 5697 2577 5752 πύελον
2606 5696 2666 5753 C.
2707 5699 2768 5751 Ι).
2847 5700 2891 5731 ⁸⁵
2957 5701 3023 5753 γύ

1731 5690 1918 5770 εδιτὴν.
1959 5690 2180 5748 πύελονξ
2240 5695 2331 5770 τὸν
2384 5697 2577 5770 πύελον
2606 5696 2666 5764 C,
2707 5699 2768 5751 Ι)-
2847 5700 2891 5731 ⁸⁵
2927 5690 2990 5770 ἑΥ

1337 5759 1380 5788 ⁸⁷
1413 5760 1755 5813 παιδοποιίαν
1781 5759 1986 5828 (γονίαν
2011 5777 2174 5832 supra
2212 5765 2412 5834 ποιίαν)
2448 5767 2508 5818 D.

2705 5558 2759 5658 ’ξι
2778 5557 3002 5642 agam.
3027 5561 3214 5685 ebgfy.
3252 5560 3420 5646 Sirm.
3513 5566 3577 5655 ,⁷⁸
3597 5566 3654 5622 δὲ

2797 5647 3023 5685 υστεοον
3149 5672 3162 5684 .
3196 5633 3240 5685 D
3271 5634 3429 5685 addit
3465 5639 3650 5685 αυτόν.

2999 5649 3023 5683 ν
3083 5633 3162 5685 δέ.
3196 5633 3240 5687 D
3271 5634 3429 5691 addit
3465 5637 3650 5692 αὐτόν.

2995 5701 3185 5774 ύμνου.
3235 5704 3540 5775 ὲγυμνοῦτο
3585 5707 3647 5768 Π.
