4056 6422
334 374 473 442 1H5

861 375 1303 439 GRJECARUM
1339 377 1642 441 AFFECT.
1681 377 2115 442 CURATIO.-
2129 382 2268 445 XII.
2309 382 2410 444 DE
2446 384 2782 446 VIRTUTE
2819 386 3088 449 ACTIVA

3474 382 3609 448 1146

334 501 451 569 βίον
507 493 878 568 προξενοῦσαν
924 490 1218 563 φροντίδων
1271 491 1553 561 ἐλεύθερον
1575 492 1620 526 ⁸⁸
1650 508 1666 526 ο
1713 492 1814 548 τὸν
1865 492 1918 548 δὲ

2026 504 2196 565 quoto
2236 496 2329 553 die
2374 513 2405 552 a
2444 495 2551 553 viri
2584 510 2885 567 congressu
2920 497 3119 553 mulier
3155 495 3610 567 ThesmOpltoriis

334 592 590 663 σώφρονα
613 588 791 658 γάμον
819 583 1223 656 νομοθετοῦσιν,
1256 583 1332 649 ὡς
1356 586 1451 638 καὶ
1476 584 1537 639 τὸ
1565 585 1722 653 γένος
1748 585 1917 652 αὐ·ξᾶ-

331 699 497 738 νοντα
514 681 583 747 ’⁸,
629 680 727 734 καὶ
764 678 1022 747 λαγνείας
1060 678 1188 738 τοὺς
1230 678 1528 747 σωφρονεῖν
1563 676 1919 749 βουλομένους

331 771 725 844 ἐλευθεροῦντα
749 786 764 801 ·
796 769 1053 841 πορνείας
1078 768 1262 837 δικαὶ
1288 769 1386 838 τῆς
1424 767 1593 839 άλλης
1625 767 1919 832 ἀκολασίας

331 867 413 931 ὡς
451 864 689 928 συώδους
733 860 1118 933 κατηγοροῦσι.
1155 879 1175 913 ι
1202 860 1395 930 Τίμιος
1424 863 1534 932 γὰρ
1581 863 1611 916 ό
1651 862 1830 931 γάμος
1861 863 1920 915 ὲν

331 954 494 1023 πᾶσι,
523 956 618 1010 καὶ⁵
647 957 680 1026 ἡ
720 954 876 1024 κοίτη
901 953 1186 1022 ἀμίαντος,
1216 953 1382 1023 φησὶν
1412 954 1441 1006 ὁ
1472 953 1615 1015 θεῖος
1657 953 1918 1007 Ἀπόστο-

328 1056 478 1117 λοςο
517 1047 749 1119 πόρνους
784 1046 842 1099 δὲ
885 1045 982 1099 καὶ
1027 1045 1249 1115 μοιχοὺς
1279 1046 1454 1114 κρινεῖ
1491 1044 1520 1096 ὁ
1559 1043 1715 1108 θεός.
1760 1062 1779 1096 ι
1810 1045 1921 1098 Καὶ

329 1141 530 1198 ’πάλιν⁸
575 1157 595 1189 ε
621 1138 778 1205 Λέγω
812 1135 869 1190 δὲ
897 1137 1010 1199 τοῖς
1036 1136 1082 1169 ⁸⁸
1124 1136 1363 1206 ἀγάμοις
1413 1134 1506 1189 καὶ
1542 1137 1661 1200 ταῖς
1695 1138 1916 1208 χήραις·

329 1231 515 1288 Καλὸν
544 1229 730 1291 αὐτοῖς
758 1228 909 1281 ἐστιν
938 1226 1033 1281 ὲάν
1064 1225 1316 1297 μείνωσιν
1343 1227 1418 1291 ὡς
1450 1225 1607 1295 κὰγώ
1629 1244 1642 1257 ·
1669 1230 1718 1281 εί
1736 1228 1793 1281 δὲ
1819 1229 1920 1283 οὐκ

330 1321 760 1395 ιγκρατεύονται
791 1359 805 1384 ,
885 1317 1315 1389 γαμησάτωσαν.
1361 1336 1380 1368 ι
1442 1319 1555 1371 Καὶ
1629 1319 1855 1390 ἑτέρωθι
1901 1336 1914 1348 ·

336 1435 358 1469 ι
389 1413 629 1487 Πορνεία
665 1411 723 1465 δὲ
769 1410 865 1465 καὶ
909 1409 1227 1480 ἀκαθαρσία
1282 1408 1357 1480 μὴ
1379 1410 1423 1441 ’ί
1479 1410 1831 1481 ὀνομαζέσθω
1861 1413 1919 1465 ὲν

330 1505 483 1576 ὑμῖν,
529 1499 717 1565 καθὼς
764 1499 966 1571 πρέπει
1011 1499 1209 1568 ἁγίοις.
1242 1516 1260 1549 ι
1306 1498 1418 1552 Καὶ
1457 1499 1729 1569 ἀλλαχοῦ·
1776 1519 1794 1553 ι
1826 1502 1918 1571 Μή

327 1610 416 1657 τις
441 1592 641 1664 πόρνος
676 1589 772 1643 καὶ
803 1588 1028 1659 βέϐηλος
1044 1589 1112 1653 ⁹¹,
1161 1587 1239 1650 ὡς
1288 1587 1484 1641 Ἦσαῦ.
1516 1606 1534 1640 ι
1582 1586 1649 1642 Ol
1693 1589 1794 1659 μὲν
1825 1584 1919 1644 οὖν

328 1684 590 1758 ἡμέτεροι
625 1680 938 1736 διδάσκαλοι
965 1679 1058 1734 τὸν
1086 1680 1324 1748 λογικοῖς
1344 1680 1622 1751 πρέποντα
1636 1680 1919 1754 διεθεσμο·

329 1777 570 1847 θέτησαν
607 1775 722 1846 βίον
755 1790 771 1805 ο
802 1775 853 1828 οἱ
882 1773 941 1825 δὲ
970 1771 1077 1827 τῶν
1107 1772 1413 1842 φιλοσόφων
1449 1773 1662 1843 άριστοι
1691 1776 1786 1829 καὶ
1815 1776 1917 1829 αὐ-

2027 586 2245 644 intersit
2279 605 2292 643 :
2330 606 2349 640 ι
2378 588 2425 643 Α
2446 589 2678 659 proprii,
2699 582 2900 659 inquit,
2925 589 3131 652 statim,
3156 588 3225 643 ab
3249 588 3435 651 alieni,
3458 603 3606 649 nun-

2026 694 2212 748 quam.
2248 698 2267 730 ι
2301 678 2428 735 Haec
2450 688 2507 734 et
2530 696 2652 751 qua:
2684 688 2817 735 sunt
2848 680 2937 736 his
2966 681 3168 736 similia
3201 679 3512 745 laudamus,
3547 689 3610 734 et

2026 769 2378 840 philosophia
2404 771 2571 842 digna
2591 787 2904 837 censemus,
2937 772 3334 842 Platonemque
3362 770 3609 826 admitti-

2025 875 2151 915 mus
2185 862 2409 931 nuptias
2448 862 2593 917 inter
2621 862 2767 917 bona
2803 852 3197 929 collocantem,
3224 863 3609 918 immortalita-

2026 952 2208 1022 tisque
2245 953 2501 1023 parandae
2540 953 2849 1019 inventum,
2887 963 2943 1010 et
2991 956 3349 1011 stabilitatem
3386 954 3608 1025 generis

2026 1044 2431 1114 appellantem;
2463 1045 2841 1100 Democritum
2865 1062 2999 1100 vero
3029 1055 3085 1101 et
3105 1047 3405 1117 Epicurum
3438 1045 3608 1100 veheo

2026 1142 2243 1189 menter
2288 1134 2636 1201 damnamus,
2684 1136 2778 1207 qui
2829 1144 2887 1191 et
2923 1137 3166 1206 nuptias,
3200 1144 3258 1192 et
3301 1137 3605 1191 liberorum

2026 1223 2469 1292 procreationem
2506 1224 2673 1279 vitari
2705 1225 2923 1296 jubent.
2973 1224 3079 1291 Qui
3114 1224 3263 1280 enim
3306 1225 3607 1279 humanam

2025 1313 2346 1370 felicitatem
2362 1316 2643 1386 voluptate
2659 1317 3051 1382 metiebantur,
3069 1316 3341 1387 quidquid
3353 1331 3610 1371 curarum

2026 1406 2235 1477 aliquid
2257 1408 2342 1462 vel
2382 1408 2585 1464 fastidii
2627 1409 2826 1464 all‘erre
2853 1417 3094 1479 poterat,
3111 1409 3339 1463 omnino
3355 1407 3615 1478 repudia-

2027 1506 2177 1554 runt.
2202 1499 2272 1554 At
2295 1498 2465 1555 Stoici
2488 1500 2670 1554 media
2693 1499 2933 1570 quadam
2957 1500 3046 1554 via
3072 1500 3443 1555 incesserunt.
3468 1498 3616 1554 Cott-

2020 1584 2174 1655 jugia
2210 1586 2384 1651 enim,
2420 1602 2486 1643 ac
2522 1587 2828 1643 liberorum
2865 1589 3295 1659 susceptionem,
3335 1589 3481 1644 inter
3522 1590 3611 1645 in-

2025 1676 2337 1733 diﬂ‘erentia
2406 1691 2828 1734 recensuerunt.
2894 1679 3075 1735 Sacrae
3133 1689 3320 1736 autem
3387 1681 3612 1736 Litterae

2026 1768 2408 1823 castimoniam
2463 1770 2688 1840 quidem
2729 1771 2958 1826 laudant
3010 1771 3375 1843 philosophiae
3424 1772 3612 1827 studio
3669 1806 3678 1814 -

326 1867 414 1921 τοὶ
439 1869 559 1931 ταῖς
601 1866 818 1937 ἡδοναῖς
864 1862 1258 1935 ἐδουλώθησαν,
1294 1863 1388 1916 καὶ
1424 1864 1622 1935 νόμους
1668 1864 1915 1936 ἔγραψαν

2025 1869 2352 1928 susceptam,
2386 1868 2447 1916 ut
2474 1878 2597 1931 qua:
2628 1862 2797 1916 vitam
2818 1863 3061 1933 praebeat
3090 1877 3122 1917 a
3147 1864 3298 1918 curis
3323 1862 3557 1917 liberam
3593 1883 3608 1916 ;

328 1956 630 2013 ἀκολασίαν
666 1955 1016 2019 διδάσκοντας
1046 1970 1060 1983 ·
1096 1953 1328 2008 τοιοῦτοι
1352 1954 1464 2024 γάρ
1489 1957 1538 2008 οἱ
1572 1957 1700 2026 περὶ
1724 1958 1919 2027 γάμων

330 2048 429 2104 καὶ
462 2047 855 2120 παιδεραστίας
903 2044 997 2100 τοῦ
1038 2045 1327 2109 Πλάτωνος
1364 2045 1541 2115 νόμοι.
1590 2046 1700 2100 Καὶ
1736 2048 1919 2117 μέντοι

329 2142 427 2195 καὶ
458 2142 587 2212 περὶ
610 2140 793 2209 φιλίας
834 2139 1166 2209 Ἱππόδαμος
1192 2140 1220 2192 ὁ
1252 2137 1624 2209 Πυθαγόρειος
1653 2138 1797 2193 οὓτω
1824 2140 1919 2207 γέ-

326 2248 547 2304 γραφεν
584 2248 597 2261 .
647 2249 667 2283 ε
706 2231 770 2283 Ἄ
801 2230 925 2300 μὲν,
954 2229 1015 2294 ἐξ
1048 2228 1358 2299 ἑπιστάμας
1382 2228 1429 2260 ⁹³
1468 2227 1605 2282 θεῶν
1630 2245 1644 2258 ·
1687 2229 1724 2282 ἀ
1753 2228 1829 2293 δὲ,
1856 2230 1921 2282 ὲκ

329 2321 920 2395 παροχᾶςάνθρὼπων
940 2337 955 2353 ’
999 2321 1036 2374 ἀ
1066 2320 1144 2381 δὲ,
1176 2319 1235 2385 ἐξ
1270 2319 1463 2382 ἁδονᾶς
1493 2318 1669 2382 ζώων.
1701 2337 1720 2371 ι
1776 2317 1835 2373 Ὀ
1863 2319 1919 2373 δὲ

328 2417 611 2487 Δεσπότης
628 2413 863 2486 Χριστὸς
895 2415 954 2466 ὲν
986 2413 1104 2475 τοῖς
1145 2413 1312 2481 ἱεροῖς
1350 2411 1706 2480 Εὐαγγελίοις
1735 2410 1870 2480 φησί
1900 2427 1915 2441 ο

334 2525 355 2559 ε
379 2505 621 2571 Μείζονα
644 2504 848 2574 ταύτης
878 2502 1100 2571 ἀγάπην
1128 2501 1301 2565 οὐδεὶς
1343 2501 1569 2556 δύναται
1597 2501 1789 2566 δεῖξαι,
1834 2501 1921 2554 ῖνα

325 2616 416 2664 τις
446 2600 513 2671 θῇ
541 2599 641 2669 τὴν
667 2596 846 2668 ψυχὴν
875 2594 1041 2649 αὐτοῦ
1067 2593 1208 2664 ὑπὲρ
1236 2592 1343 2647 τῶν
1371 2592 1541 2662 φίλων
1563 2592 1752 2648 αὐτοῦ.
1786 2612 1804 2646 ι
1837 2591 1919 2646 Τά

325 2690 641 2747 τελεώτατα
667 2688 1007 2745 ὲκπαιδεύων
1029 2687 1074 2721 ⁸⁵
1096 2687 1191 2741 καὶ
1215 2687 1342 2750 τοὺς
1375 2685 1603 2757 ἐχθροὺς
1632 2685 1920 2742 ἐκέλευσεν

329 2785 586 2854 ἀγαπᾷνσ
620 2784 649 2835 ό
675 2782 733 2835 δὲ
760 2782 859 2852 τὴν
890 2779 1261 2849 Πυθαγόρειον
1302 2776 1686 2841 ὲκπαιδευθεὶς
1725 2793 1922 2848 τετρα-

327 2877 469 2929 κτύν
488 2874 589 2945 τὴν
617 2871 770 2946 [I77]
800 2871 1153 2942 ἀνθρωπίνην
1177 2869 1363 2939 φιλίαν
1397 2871 1462 2922 ὲκ
1495 2869 1746 2940 παροχῆς
1778 2869 1918 2940 ὡρίρ

2023 1960 2204 2006 castas
2243 1967 2375 2008 vero
2425 1955 2650 2023 nuptias
2688 1955 2808 2026 lege
2850 1954 3128 2021 sanciunt,
3173 1965 3235 2011 ut
3278 1970 3402 2025 quae
3436 1970 3613 2025 genus

2024 2055 2285 2115 augeant,
2319 2054 2377 2100 et
2399 2062 2430 2100 a
2455 2046 2685 2102 libidine
2704 2048 2944 2103 liherent
2965 2062 3062 2103 eos
3084 2049 3179 2118 qui
3205 2049 3343 2103 casti
3370 2063 3493 2103 esse
3513 2063 3612 2101 vo-

2022 2135 2166 2190 lunt.
2197 2136 2643 2193 Fornicationem
2682 2155 2835 2203 vero,
2874 2148 2930 2194 et
2960 2140 3124 2194 aliam
3157 2155 3378 2194 onmem
3418 2139 3612 2194 incon-

2024 2226 2312 2281 tinentiam
2356 2227 2643 2293 damnant,
2676 2238 2736 2282 ut
2760 2230 2956 2285 suibus
2980 2238 3401 2300 congruentem.
3448 2249 3466 2280 ι
3495 2229 3611 2284 Ho-

2022 2320 2273 2376 norabile
2326 2322 2476 2377 enim
2528 2323 2869 2387 connubium
2912 2323 2970 2377 in
3014 2324 3297 2387 omnibus,
3348 2332 3405 2378 et
3456 2331 3615 2378 torus

2024 2412 2440 2478 immaculatus,
2484 2415 2560 2469 ait
2607 2416 2828 2471 divinus
2875 2416 3203 2486 Apostolus;
3253 2416 3616 2472 fornicatores

2023 2512 2210 2559 autem
2236 2514 2293 2560 et
2314 2506 2597 2562 adulteros
2620 2508 2895 2577 judicabit
2931 2509 3078 2563 Deus
3113 2510 3157 2561 ί.
3192 2526 3209 2559 ι
3244 2509 3566 2577 Rursusque
3594 2524 3608 2560 :

2022 2614 2051 2655 _-¢
2070 2596 2205 2650 Dico
2240 2605 2425 2651 autem
2460 2613 2571 2651 non
2607 2599 2792 2668 nuptis
2822 2609 2879 2655 et
2900 2598 3085 2653 viduis
3110 2617 3123 2652 :
3145 2599 3357 2653 Bonum
3384 2607 3472 2653 est
3502 2597 3612 2652 illis

2028 2688 2241 2760 1034
2262 2689 2307 2744 si
2335 2689 2415 2745 sic
2438 2692 2858 2760 permanserint,
2885 2693 3098 2747 sicutet
3125 2706 3230 2762 ego
3256 2709 3271 2744 :
3300 2690 3449 2761 quod
3478 2691 3524 2745 si
3550 2704 3611 2745 se

2022 2795 2136 2835 non
2164 2781 2471 2847 continent,
2506 2783 2722 2837 nubant
2762 2781 2810 2837 i.
2849 2803 2868 2836 ι
2917 2785 2986 2839 Et
3022 2784 3155 2839 alibi
3191 2802 3204 2837 :
3244 2802 3262 2833 ι
3294 2782 3610 2837 Fornicatio

2024 2881 2232 2937 autem,
2251 2883 2308 2928 et
2334 2875 2706 2939 immunditia,
2723 2891 2828 2930 nec
2850 2877 3168 2931 nominetur
3188 2877 3243 2930 in
3265 2876 3443 2938 vobis,
3465 2875 3614 2930 sicut

330 2982 469 3019 σατο
495 2961 977 3032 κατορθοῦσθαι⁹⁸.
1009 2961 1085 3016 Οὐ
1121 2961 1280 3031 μόνον
1309 2960 1367 3013 δὲ
1397 2960 1624 3031 ἀπᾴδων
1655 2959 1740 3012 ὅδε
1776 2960 1805 3011 ὁ
1834 2960 1918 3013 λό-

2025 2965 2187 3019 decet
2233 2976 2453 3021 sanctos
2489 2967 2537 3020 ιί.
2574 2985 2594 3018 ι
2649 2967 2717 3020 Ει
2745 2967 2878 3021 alibi
2914 2985 2929 3020 :
2970 2986 2988 3018 ι
3034 2967 3112 3022 Ne
3143 2969 3268 3037 quis
3305 2966 3611 3021 fornicator

328 3073 449 3126 γος,
481 3054 618 3110 ἀλλά
656 3054 752 3108 καὶ
810 3053 1045 3123 πάμπαν
1064 3052 1112 3084 ³⁸
1150 3052 1477 3114 ἀσύστατος.
1524 3050 1762 3114 Πολλοὺς
1813 3051 1918 3123 γάρ

2025 3065 2123 3112 aut
2147 3056 2411 3126 profanus
2437 3057 2745 3113 sicutEsau
2778 3057 2819 3112 ι.
2862 3080 2880 3110 ι
2912 3060 3178 3114 Doctores
3210 3061 3398 3130 itaque
3429 3059 3609 3116 nostri

331 3148 548 3220 ἐχθρῶν
564 3147 857 3218 εὐεργέτας
876 3145 1278 3215 γεγενημένους
1301 3142 1630 3212 εὑρίσκομεν
1654 3158 1668 3173 ·
1694 3142 1918 3205 πολλοὺς

2028 3147 2243 3202 ratione
2280 3148 2530 3218 praeditis
2564 3148 2985 3203 convenientem
3025 3150 3195 3205 vitam
3241 3150 3356 3205 suis
3396 3150 3612 3219 legibus

328 3241 391 3295 δὲ
434 3238 494 3294 εὖ
536 3240 635 3310 μὲν
687 3239 839 3305 παρὰ
881 3255 1043 3290 τινων
1082 3235 1442 3297 πεπονθότας,
1489 3234 1819 3303 ἀχαρίστους
1860 3234 1918 3286 δὲ

2029 3237 2409 3293 instituerunt.
2452 3240 2523 3293 At
2564 3240 3019 3309 phi1050phorum
3054 3243 3514 3311 praestantissimi,
3556 3250 3614 3297 et

334 3333 485 3403 μάλα
517 3334 645 3402 περὶ
677 3332 806 3393 τοὺς
844 3328 1138 3398 εὐεργέτας
1164 3323 1587 3395 γεγενημένους.
1633 3324 1708 3376 υὺ
1738 3324 1918 3377 τοίνυν

2029 3329 2133 3397 ipsi
2172 3329 2549 3401 voluptatibus
2583 3331 2918 3396 servierunt,
2956 3343 3012 3386 et
3050 3333 3199 3402 leges
3244 3333 3607 3402 scripserunt,

332 3425 586 3495 παροχῆς
629 3422 850 3491 ἔκγονος
893 3423 927 3492 ἡ
982 3420 1155 3488 φιλία,
1205 3419 1343 3472 ἀλλά
1391 3420 1600 3486 καρπὸς
1656 3418 1841 3487 φιλίας
1884 3419 1918 3489 ἡ

2029 3434 2152 3488 quas
2184 3420 2639 3474 incontinentiam
2684 3420 2903 3476 docent.
2953 3421 3112 3476 Tales
3155 3424 3302 3477 enim
3345 3432 3493 3486 sunt,
3542 3422 3612 3476 de

332 3517 578 3586 παροχή.
2029 3513 2323 3583 coniugiis,
2371 3521 2428 3568 et
2463 3512 2532 3567 de
2569 3529 2867 3582 puerorum
2913 3529 3119 3577 amore,
3152 3515 3398 3569 Platonis
3438 3514 3607 3583 leges.

328 3607 481 3675 Quin
521 3617 579 3662 et
617 3607 687 3663 de
741 3607 984 3663 amicitia
1029 3607 1407 3679 Hippodamus
1438 3606 1815 3678 Pythagoreus
1861 3604 1917 3658 in
1958 3605 2109 3660 hunc
2140 3605 2365 3660 modum
2394 3606 2635 3675 scripsit.
2677 3625 2695 3657 ι
2734 3607 2854 3660 Alia
2919 3606 3141 3676 quidem
3213 3606 3511 3676 gignuntur
3542 3620 3611 3659 ex

331 3701 569 3756 deorum
599 3702 860 3767 scientia;
906 3702 1011 3756 alia
1053 3718 1207 3766 vero,
1234 3717 1303 3756 ex
1343 3701 1629 3755 hominum
1667 3702 1684 3720 θ
1713 3700 2078 3769 przebitione;
2126 3698 2233 3754 alia
2294 3715 2363 3753 ex
2424 3699 2742 3753 animalium
2772 3700 3076 3769 voluptate.
3114 3717 3132 3749 ι
3197 3697 3453 3751 Christus
3473 3710 3610 3750 vero

330 3790 603 3847 Dominus
640 3792 697 3847 in
724 3794 896 3847 sacris
923 3794 1237 3864 Evangeliis
1267 3794 1402 3849 dicit
1433 3811 1445 3846 :
1487 3813 1504 3844 ι
1543 3793 1799 3863 Maiorem
1838 3794 1939 3847 hac
1976 3792 2303 3847 charitatem
2334 3806 2498 3847 nemo
2526 3800 2707 3861 potest
2739 3790 3053 3852 ostendere,
3096 3798 3157 3844 ut
3194 3790 3433 3843 animam
3454 3801 3609 3841 suam

329 3891 506 3954 ponat
533 3885 659 3953 quis
690 3900 788 3954 pro
814 3884 1007 3940 amicis
1033 3885 1149 3940 suis
1173 3893 1233 3938 ω.
1268 3903 1286 3935 ι
1320 3883 1389 3938 Et
1416 3882 1481 3937 ad
1517 3882 1916 3952 perfectissima
1955 3882 2239 3948 erudiens,
2273 3882 2440 3936 etiam
2467 3879 2722 3935 inimicos
2761 3878 2994 3948 diligere
3029 3877 3195 3948 jussit
3223 3886 3270 3929 η.
3297 3877 3392 3930 Ille
3427 3886 3609 3930 autem

329 3973 430 4042 qui
498 3973 921 4044 Pythagoricum
990 3975 1412 4043 quaternarium
1458 3973 1748 4036 didicerat,
1825 3973 2122 4027 humanam
2204 3972 2503 4027 amicitiam
2556 3970 2832 4039 proficisci
2891 3970 2968 4023 ait
3017 3983 3049 4022 a
3092 3968 3436 4037 praehitionc.
3482 3967 3613 4033 Quae

330 4066 515 4121 oratio
545 4083 657 4121 non
681 4069 845 4123 modo
872 4079 957 4124 est
987 4070 1218 4132 absona,
1252 4069 1347 4123 sed
1375 4069 1541 4123 etiam
1574 4068 1727 4121 nullo
1753 4068 1919 4121 modo
1959 4069 2265 4123 consistere
2331 4075 2535 4135 potest.
2599 4065 2802 4120 Multos
2823 4065 2971 4118 enim
3013 4064 3270 4118 inimicos
3299 4062 3612 4133 invenimus

330 4156 606 4215 beneﬁcia
634 4160 936 4215 contulisse
968 4178 981 4213 :
1018 4163 1221 4214 multos
1247 4176 1464 4224 rursus,
1494 4162 1589 4229 qui
1612 4159 1797 4215 all‘eCti
1852 4158 2158 4222 beneﬁciis,
2196 4158 2397 4228 ingrati
2450 4172 2682 4227 prorsus
2713 4171 2840 4225 erga
2909 4154 3301 4209 beneficiorum
3360 4162 3612 4208 auctores

329 4253 585 4310 fuerunt.
634 4253 844 4324 1035
879 4255 998 4308 Non
1044 4255 1211 4324 igitur
1242 4254 1584 4324 praebitionis
1616 4260 1807 4324 partus
1837 4262 1923 4307 est
1960 4252 2223 4310 amicitia,
2247 4250 2344 4305 sed
2374 4251 2637 4327 amicitiae
2665 4250 2878 4303 fructus
2911 4247 3180 4316 praebitio.

408 4348 594 4405 Ταῦτα
619 4349 800 4413 πάλιν,
820 4343 864 4401 ὦ
892 4349 1107 4419 ἀνδρες,
1138 4348 1627 4417 παρεξετάσαντες,
1652 4346 1746 4398 καὶ
1770 4346 1918 4413 γνόν-

2103 4345 2229 4398 Haec
2278 4344 2501 4403 iterum,
2559 4357 2592 4396 o
2644 4342 2769 4407 viri,
2821 4341 3056 4394 invicem
3100 4346 3503 4407 comparantes,
3553 4345 3612 4395 et

329 4460 429 4506 τες
461 4443 584 4495 ὅσον
616 4441 774 4494 θείων
806 4442 901 4494 καὶ
933 4439 1289 4512 ἀνθρωπίνων
1320 4439 1382 4492 τὸ
1425 4440 1608 4509 μέσον,
1654 4440 1719 4491 δι’
1770 4439 1920 4491 ὲκεί-

2028 4448 2293 4508 quantum
2352 4436 2497 4490 inter
2538 4436 2723 4489 divina
2774 4442 2831 4488 et
2877 4433 3122 4486 humana
3183 4430 3257 4485 sit
3303 4431 3610 4487 discrimen

331 4552 467 4597 νων,
499 4528 611 4587 οἷόν
654 4549 827 4593 τινων,
866 4531 1165 4601 στοιχείων,
1195 4529 1289 4583 ἐπὶ
1333 4530 1433 4599 τὴν
1467 4529 1672 4583 τούτων
1700 4529 1918 4582 ὁδεύσα-

2028 4534 2407 4597 agnoscentes,
2444 4541 2544 4595 per
2577 4526 2691 4588 illa,
2720 4525 2873 4580 velut
2906 4540 3004 4594 per
3035 4524 3306 4577 elementa
3333 4521 3606 4591 quaedam,

329 4625 454 4680 τε⁹⁷
478 4624 810 4696 τελειότητα,
838 4624 932 4677 καὶ
975 4642 993 4675 ι
1023 4621 1113 4691 Μὴ
1149 4620 1560 4691 προφασίζεσθε
1616 4619 1920 4689 προφάσεις

330 4720 397 4770 ἐν
447 4716 764 4788 ἁμαρτίαις,
799 4735 817 4767 ι
866 4716 1030 4786 φησὶν
1068 4716 1102 4785 ἠ
1157 4714 1391 4784 μελῳδία
1429 4710 1523 4765 τοῦ
1578 4712 1918 4782 Πνεῦματος.

333 4808 510 4861 Ὅταν
546 4807 655 4878 γάρ
697 4808 824 4870 τοὺς
870 4806 1261 4876 εὐαγγελικοὺς
1321 4803 1682 4874 ἐπιδείξωμεν
1721 4804 1922 4874 νόμους

330 4897 520 4968 πολλῷ
534 4899 633 4968 τῆς
664 4897 987 4969 Ἑλληνικῆς
1002 4896 1323 4965 φιλοσοφίας
1348 4896 1508 4958 ὄντας
1532 4894 1918 4966 ὑψηλοτέρους,

329 4988 639 5060 τηνικαῦτα
662 4990 821 5061 ὑμεῖς
851 4989 978 5052 τούς
1014 4989 1112 5058 μὲν
1141 4988 1338 5058 νόμους
1370 4989 1664 5051 ἐπαινεῖτε,
1700 4988 1829 5050 τοὺς
1862 4986 1921 5041 δὲ

328 5079 562 5145 τούτους
597 5078 1033 5151 παραϐαίνοντας
1056 5078 1228 5141 ἀδεῶς
1259 5079 1339 5140 εἰς
1366 5078 1531 5146 μέσον
1555 5077 1917 5149 προσφέρετε,

332 5171 435 5227 καὶ
459 5172 525 5227 δι’
552 5174 598 5207 ⁸⁸
625 5172 853 5227 ἐκείνων
882 5169 1147 5242 πειρᾶσθε
1184 5167 1493 5223 διαϐάλλειν
1525 5167 1654 5231 τοὺς
1695 5167 1917 5238 νόμους.

2026 4617 2096 4672 ad
2122 4618 2317 4671 horum
2337 4616 2732 4687 perfectionem
2757 4615 3111 4671 contendite:
3138 4635 3155 4665 ι
3181 4629 3380 4682 neque,
3406 4623 3468 4667 ut
3484 4612 3612 4683 Spi-

2025 4710 2167 4765 ritus
2188 4710 2363 4765 sancti
2385 4709 2624 4763 melodia
2653 4716 2841 4762 monet
2862 4716 2915 4772 ο,
2945 4705 3334 4761 excusationes
3354 4712 3613 4760 excusate

2024 4802 2081 4857 in
2098 4802 2359 4873 peccatis.
2389 4821 2407 4853 ι
2429 4801 2660 4868 Quando
2679 4800 2825 4855 enim
2842 4799 3001 4854 vobis
3018 4797 3362 4854 ostendimus
3383 4812 3616 4867 evange-

2026 4892 2164 4949 licas
2194 4893 2344 4963 leges
2365 4909 2488 4948 esse
2513 4892 2830 4948 Graecanica
2855 4889 3207 4962 philosophia
3233 4887 3409 4942 multo
3435 4885 3612 4940 subli-

2029 4984 2255 5048 miores,
2288 4999 2383 5039 eas
2410 4982 2636 5054 quidem
2665 4982 2925 5047 laudatis,
2954 4979 3050 5035 sed
3085 4993 3278 5034 earum
3302 4986 3610 5048 transgres-

2028 5092 2183 5132 sores
2219 5077 2572 5147 impudenter
2602 5075 2866 5146 objicitis,
2898 5073 3231 5143 illorumque
3269 5085 3435 5126 causa
3463 5069 3612 5137 leges

2026 5167 2350 5223 calumniari
2380 5167 2680 5223 conamini.
2710 5166 2916 5222 Contra
2950 5172 3158 5231 autem,
3201 5160 3611 5233 reprehendere

422 5318 438 5357 ί
473 5316 640 5372 Hebr.
671 5331 761 5381 xv,
794 5315 847 5370 4.
928 5315 943 5365 l
981 5314 1004 5369 ι
1031 5312 1158 5369 Cor.
1194 5326 1285 5378 vn,
1317 5310 1371 5377 8,
1403 5310 1458 5366 9.
1536 5310 1561 5349 ιι
1593 5310 1797 5381 Ephes.
1829 5324 1883 5375 ν,
1916 5312 1918 5357 ἶ

2056 5308 2073 5348 1
2106 5310 2276 5365 Hebr.
2309 5325 2405 5378 xu,
2438 5309 2525 5364 16.
2600 5318 2639 5346 πι
2671 5307 2828 5364 Joan.
2860 5322 2950 5372 xv,
2984 5306 3073 5362 15.
3149 5312 3177 5341 ιι
3208 5302 3398 5357 Matth.
3430 5315 3485 5364 v,
3517 5297 3605 5351 44.

334 5396 363 5420 ⁸
390 5386 538 5443 Psal.
566 5403 686 5454 cn,
717 5387 773 5440 4.

1625 5468 1863 5525 ἺᾹΒῐιΕ
1901 5464 2310 5524 LECTIONES.

412 5612 460 5647 ⁸⁸
486 5613 781 5683 φροντίδων
808 5613 1107 5684 ἐλεύθερον.
1160 5612 1446 5684 ἐλεύθερον
1465 5610 1758 5684 φροντίδων
1794 5610 1860 5667 Ι).

412 5632 460 5647 ὀ
486 5632 781 5683 φροντιοων
808 5632 990 5668 ελευυε

341 5684 482 5806 μηδὲ
510 5684 599 5766 D._
647 5683 693 5715 ”
725 5684 818 5738 καὶ
854 5632 1029 5756 βέ6.ἢρ

376 5771 513 5806 ευων
545 5754 712 5806 Strm.
791 5754 836 5787 "
860 5772 1029 5806 κατοο

1961 5610 2006 5643 ⁸⁸
2031 5609 2348 5677 αὐξάνοντα.
2404 5606 2635 5672 αὔξοντα
2690 5606 2754 5661 D.
2787 5605 2876 5677 _'°
2924 5604 3055 5677 τοῖς.
3121 5599 3247 5677 ταῖς
3278 5598 3341 5653 D.
3420 5594 3464 5626 ⁹¹
3505 5593 3603 5665 μή.

1067 5667 1226 5763 έξ-Ρ-
1292 5667 1693 5763 "invitatus
1728 5683 2040 5763 ἐειστίιέιιας
2059 5667 2132 5746 VI
2159 5687 2214 5734 ει
2247 5695 2373 5763 ηιοκ
2402 5667 2594 5763 ἀδοξίας
2626 5671 2970 5763 ρειιῐιιὲμῖ
2992 5667 3356 5763 ἒῖξξῖἓεὲἓιὲφῖς
3386 5680 3602 5763 “ﬁt:

376 5686 482 5754 ιηδὲ
510 5686 573 5738 D.
647 5686 693 5715 ”
725 5686 818 5738 καὶ
854 5686 1007 5756 βέ6.ἢ
1033 5686 1226 5809 ἓέϐλ).
1292 5686 1340 5717 ⁹³
1366 5686 1693 5763 ἐπιστήμας.
1728 5686 2040 5750 ὲπιστὰμας
2059 5686 2125 5746 ν,
2159 5687 2214 5734 et
2247 5695 2373 5735 mox
2402 5686 2594 5741 ἁδονᾶς
2626 5691 2750 5731 cum
2788 5686 2851 5757 D.
2926 5686 2970 5704 "
2992 5686 3351 5757 εκπαιοευων.
3386 5686 3445 5718 τε
3478 5686 3602 5745 παιγ

376 5753 513 5829 ερων
532 5753 712 5829 _Sirm.
742 5825 770 5829 _
791 5754 836 5787 "
860 5772 1030 5829 κατορ
1066 5755 1275 5810 οῦσθαι.
1312 5751 1724 5825 κατωρθουσθαι
1759 5752 1824 5806 D.
1898 5751 1944 5785 ’°
1971 5751 2224 5821 πάμπαν.
2247 5750 2469 5821 σύμπαν
2496 5750 2557 5804 D.
2633 5747 2679 5780 "
2709 5745 2983 5800 όδευσατε.
3011 5754 3282 5794 ωοευσατε
3310 5737 3373 5793 Ι).
3439 5734 3486 5768 ’⁸
3512 5750 3606 5788 και

342 5820 435 5888 δι’.
460 5825 555 5879 καὶ
587 5840 699 5881 om.
730 5825 797 5881 C.
