4056 6434
483 381 616 448 1147

1463 381 1954 444 THEODORETI
1993 381 2336 446 EPISCOPI
2375 381 2739 445 CYRENSIS

3597 383 3726 452 1M8

479 493 700 565 quidem
725 491 845 546 illos
870 489 1178 561 oportebat,
1222 489 1370 562 leges
1404 499 1588 546 autem
1621 492 1851 550 minime
1882 509 2046 550 accu-

2166 494 2305 550 Ἐδει
2335 494 2391 548 δέ
2420 493 2607 564 ψέγειν
2641 493 2743 565 μέν
2773 490 3038 557 ἐκείνους,
3072 489 3208 547 ἀλλά
3239 485 3314 564 μὴ
3343 490 3452 546 τῶν
3469 491 3516 524 ³⁸
3546 494 3722 566 νόμων

481 599 627 640 sare.
645 583 832 652 Neque
855 582 1002 636 enim
1026 590 1247 651 propter
1267 581 1436 636 malas
1458 582 1597 637 vites
1613 597 1645 637 a
1666 583 1827 640 bonis
1849 584 2052 640 abhor-

485 691 670 731 remus
703 695 715 729 :
748 689 926 744 neque
955 672 1026 728 ob
1071 688 1286 728 amaras
1317 673 1629 743 amygdalae
1660 675 1828 730 etiam
1864 675 2056 732 dulces

485 779 799 820 aversamur
831 781 845 818 :
881 777 1060 833 neque
1094 763 1166 817 ob
1199 779 1396 817 aurum
1427 763 1784 830 subaeratum,
1822 765 1876 820 id
1906 766 2055 835 quod

484 869 684 923 purum
711 861 796 908 est
825 853 1151 907 damnamus
1189 870 1202 907 :
1235 868 1417 923 neque
1465 853 1535 907 ob
1563 853 1882 909 ementitam
1919 872 2054 925 pur-

484 961 676 1014 puram
697 946 864 1001 etiam
887 961 1073 1000 veram
1097 947 1490 1015 vituperamus.
1514 945 1703 1016 Neque
1727 955 1950 1017 propter
1974 949 2057 1002 in-

484 1043 641 1104 eptos
662 1035 922 1104 pictores,
953 1036 1120 1089 etiam
1144 1035 1354 1105 peritos
1383 1051 1706 1090 accusamus
1737 1054 1749 1089 :
1780 1051 1959 1106 neque
1984 1036 2056 1091 ob

486 1130 767 1200 improbos
813 1131 1085 1197 homines,
1144 1132 1310 1186 etiam
1362 1132 1536 1186 bonos
1587 1131 1715 1186 odio
1766 1131 2052 1186 habemus.

485 1221 676 1291 Neque
703 1223 748 1276 si
781 1221 1031 1291 ignarum
1062 1222 1338 1277 medicum
1366 1222 1676 1290 quempiam
1710 1223 1854 1277 nacti
1882 1221 2054 1276 fueri-

488 1329 631 1378 mus,
672 1314 931 1368 medendi
969 1323 1144 1368 artem
1187 1315 1333 1369 illico
1372 1314 1750 1384 repudiamus.
1786 1316 1985 1370 Verum
2025 1331 2057 1370 e

487 1405 811 1473 pictoribus,
843 1412 899 1458 et
932 1403 1179 1471 medicis,
1217 1412 1273 1458 et
1296 1406 1598 1471 sutoribus,
1632 1414 1689 1459 et
1728 1405 1900 1460 fabris
1925 1421 2060 1460 aera-

489 1495 608 1561 riis,
643 1496 1001 1565 aurariisque,
1034 1510 1130 1549 eos
1157 1495 1248 1565 qui
1277 1505 1406 1550 sunt
1429 1497 1642 1568 1036
1673 1496 1901 1567 egregii,
1937 1497 2059 1552 lau-

489 1586 680 1640 damus
705 1593 868 1655 atque
894 1586 1244 1656 suspicimus,
1266 1587 1550 1656 imperitos
1576 1604 1710 1643 vero
1731 1604 1843 1643 suae
1863 1604 2059 1659 quem-

487 1692 594 1746 que
619 1678 752 1732 artis
789 1693 1019 1748 carpere
1049 1679 1459 1733 consuevimus.
1487 1679 1676 1749 Neque
1703 1688 1884 1735 tamen
1911 1689 2060 1737 artes

489 1771 652 1839 ipsas,
706 1772 920 1825 tametsi
957 1772 1171 1826 nullum
1203 1773 1298 1842 qui
1333 1788 1429 1828 eas
1473 1782 1658 1830 teneat
1683 1777 1830 1831 nacti
1864 1777 2057 1841 simus,

489 1859 600 1913 ullo
619 1867 777 1928 pacto
807 1854 1147 1916 accusandas
1168 1869 1448 1931 putamus.
1479 1863 1561 1918 Sit
1593 1864 1741 1918 enim
1769 1865 1875 1921 hoc
1896 1871 1908 1885 ‘
1931 1882 2061 1936 pro-
2095 1856 2136 1910 Β

487 1949 630 2005 fecto
658 1951 1106 2018 insulsissimum,
1135 1952 1206 2007 ob
1238 1953 1452 2023 aliquos
1473 1954 1844 2018 caecutientes,
1875 1956 2066 2010 oculos

487 2050 650 2111 atque
677 2042 856 2112 ipsum
879 2043 1103 2098 videndi
1141 2059 1364 2098 sensum
1406 2053 1665 2114 tanquam
1700 2046 1954 2101 inutilem
1985 2046 2066 2099 vi-

490 2141 744 2203 tuperare
783 2153 795 2188 :
827 2135 912 2189 vel
956 2142 1186 2204 propter
1225 2151 1321 2190 eos
1356 2138 1451 2205 qui
1494 2136 1661 2191 blaesa
1701 2145 1829 2192 sunt
1854 2137 2063 2207 lingua,

487 2222 639 2278 vocis
661 2237 863 2292 organa
887 2231 1146 2291 tanquam
1171 2223 1398 2277 minime
1422 2224 1734 2278 necessaria
1759 2225 2020 2279 damnare
2049 2241 2062 2278 :

487 2324 544 2370 et
573 2321 798 2383 propter
831 2314 1143 2368 obstructas
1183 2329 1365 2379 aures,
1407 2315 1668 2370 audiendi
1721 2331 1942 2371 sensum
1975 2331 2068 2370 su-

491 2419 892 2473 pervacaneum
909 2404 1113 2459 dicere.
1142 2404 1265 2459 Pari
1281 2420 1411 2475 ergo
1434 2405 1618 2471 modo,
1643 2406 1906 2484 miserum
1931 2421 2064 2461 sane

491 2505 657 2566 atque
697 2497 946 2567 iniquum
986 2498 1078 2562 sit,
1111 2497 1182 2550 ob
1213 2512 1310 2552 eos
1340 2498 1434 2567 qui
1467 2498 1615 2568 leges
1651 2498 2065 2568 transgrediun-

492 2595 600 2653 tur,
631 2589 776 2658 ipsas
801 2603 1062 2644 accusare
1095 2587 1264 2658 leges,
1287 2604 1410 2644 cum
1435 2589 1502 2644 iis
1526 2590 1620 2658 qui
1651 2604 1744 2644 eas
1768 2590 2063 2644 observare

487 2679 735 2735 student.
777 2680 965 2750 Neque
997 2681 1169 2745 enim,
1205 2681 1251 2735 si
1294 2679 1448 2734 faber
1490 2681 1762 2750 quispiam
1801 2680 2067 2752 lignarius

488 2773 687 2827 lineam
736 2773 960 2842 quidem
1010 2782 1162 2826 recte
1205 2773 1459 2836 duxerit,
1499 2772 1640 2825 male
1686 2780 1869 2826 autem
1915 2771 2067 2825 ascia

491 2871 674 2927 utens,
710 2865 1002 2918 atramenti
1030 2863 1184 2933 signa
1217 2872 1551 2931 corrumpat,
1583 2863 1668 2917 vel
1695 2863 1836 2916 ultra
1864 2862 2067 2918 lineam

490 2954 700 3022 aliquid
731 2953 799 3008 de
825 2955 1183 3008 interioribus
1204 2954 1452 3018 demens,
1479 2955 1563 3009 vel
1598 2955 1737 3009 citra
1767 2954 1916 3008 illam
1942 2971 2066 3024 quae

489 3059 831 3115 supervacua
860 3052 989 3099 sunt
1013 3045 1350 3114 relinquens,
1382 3045 1592 3100 idcirco
1619 3045 1762 3101 linea
1796 3046 2066 3116 culpanda

489 3147 594 3201 est,
641 3152 763 3205 qua:
804 3147 1012 3192 rectum
1062 3137 1342 3192 ostendit:
1373 3137 1514 3191 fabri
1554 3139 1704 3192 enim
1759 3135 2066 3208 ignorantia

491 3235 780 3294 peccatum
813 3235 917 3281 est.
944 3227 1116 3297 Leges
1141 3228 1324 3297 itaque
1359 3228 1518 3282 linere
1551 3227 1858 3298 cujusdam,
1893 3235 1949 3283 et
1972 3243 2063 3284 re-

489 3317 650 3383 gulae,
683 3325 738 3371 et
773 3316 972 3372 indicis
1006 3319 1184 3372 locum
1237 3318 1511 3372 obtinent.
1548 3317 1754 3372 Eorum
1790 3331 1925 3372 vero
1969 3317 2066 3388 qui

489 3409 703 3479 legibus
739 3417 992 3475 utuntur,
1018 3410 1109 3464 alii
1136 3410 1341 3479 optime
1365 3409 1534 3462 vitam
1565 3423 1721 3462 suam
1743 3407 2064 3473 instituunt,

489 3503 581 3558 alii
607 3503 848 3574 jucunda
877 3503 1085 3572 1037
1109 3503 1429 3556 melioribus
1461 3508 1854 3571 anteponentes
1871 3543 1885 3569 ,
1909 3507 2067 3556 extra

489 3602 696 3649 rectam
726 3596 926 3649 harum
957 3595 1159 3648 lineam
1188 3593 1464 3648 feruntur.
1496 3593 1561 3647 lli
1586 3608 1717 3663 ergo
1747 3601 1878 3648 sunt
1905 3608 2068 3647 accu-

491 3685 668 3748 sandi,
700 3685 848 3755 leges
879 3699 1013 3739 vero
1039 3684 1344 3739 laudandm.
1373 3685 1559 3755 Neque
1582 3686 1752 3751 enim,
1782 3686 1826 3740 si
1852 3686 2068 3756 peritus

493 3776 741 3830 medicus
761 3775 1046 3846 aegrotanti
1068 3776 1364 3846 praecipiat,
1392 3776 1515 3830 aliis
1536 3776 1760 3845 quidem
1797 3777 1966 3843 vesci,
1998 3777 2068 3832 ab

492 3866 617 3921 aliis
649 3875 833 3921 autem
863 3867 1086 3936 penitus
1110 3866 1409 3932 abstinere,
1446 3865 1535 3919 ille
1566 3881 1698 3920 vero
1733 3863 2068 3934 contemptis

492 3959 779 4014 medicinae
799 3959 1105 4030 praeceptis,
1134 3958 1404 4014 curationi
1434 3959 1768 4027 voluptatem
1789 3956 2064 4026 praeferat,

492 4061 550 4106 et
573 4051 742 4106 vetita
785 4051 956 4106 edens
983 4067 1044 4106 ac
1078 4051 1294 4115 bibens,
1325 4050 1578 4105 morbum
1619 4047 1820 4104 efﬁciat
1853 4047 2069 4118 gravio-

492 4156 630 4206 rem,
669 4123 958 4212 propterea
985 4141 1263 4196 medicum
1297 4157 1397 4195 ceu
1433 4138 1814 4194 insidiatorem
1844 4153 2067 4192 accusa-

491 4249 614 4288 mus
648 4251 660 4286 :
691 4233 1138 4304 quandoquidem
1172 4248 1240 4287 ex
1274 4231 1578 4286 laborantis
1617 4229 2062 4300 intemperantia,

489 4337 602 4377 non
623 4337 690 4376 ex
713 4322 1053 4378 consulentis
1077 4320 1422 4391 providentia
1450 4318 1683 4374 invaluit
1705 4319 1992 4389 aegritudo.

2160 589 2502 657 κατηγορεῖν.
2526 586 2662 640 Οὐδὲ
2692 585 2796 657 γὰρ
2819 584 2908 639 διά
2930 584 3026 648 τάς
3055 583 3262 654 φαύλας
3287 584 3568 656 ἀμπέλους
3597 587 3692 655 φεύ
3709 617 3723 629 -

2159 697 2331 750 γομεν
2348 678 2447 742 τάς
2480 679 2758 750 ἀρίστους,
2788 677 2909 732 οὐδέ
2935 677 3023 731 διὰ
3053 678 3150 742 τάς
3182 677 3390 747 πικράς
3414 678 3726 748 ἀμυγδάλας

2161 773 2254 826 καὶ
2281 771 2378 834 τὰς
2410 770 2670 838 γλυκείας
2697 769 3174 842 ἀποστρεφόμεθα,
3203 771 3324 824 οὐδὲ
3347 770 3437 824 διά
3477 770 3570 825 τὸν
3596 771 3721 825 ὐπό-

2161 864 2356 934 χαλκον
2381 863 2583 934 χρυσὸν
2617 863 2712 916 καὶ
2749 862 2840 916 τὸν
2874 860 3167 932 ἀκίϐδηλον
3199 860 3580 931 διαϐάλλομεν,
3612 862 3726 914 οὐδέ

2160 954 2247 1007 διά
2303 953 2401 1024 τὴν
2456 952 2794 1022 ἐψευσμένην
2851 949 3138 1023 πορφύραν
3183 949 3278 1004 καὶ
3322 949 3422 1019 τὴν
3475 948 3726 1020 ἀληθινὴν

2165 1048 2519 1119 σκώπτομεν,
2555 1047 2676 1100 οὐδὲ
2711 1045 2818 1099 τῶν
2847 1045 3075 1116 ἀμαθῶν
3103 1045 3265 1099 ἕνεκα
3302 1044 3609 1114 ζωγράφων
3642 1044 3730 1097 καὶ

2160 1141 2268 1194 τῶν
2297 1140 2558 1210 ἐντέχνων
2579 1136 3012 1209 κατηγοροῦμεν,
3041 1137 3161 1190 οὐδὲ
3191 1137 3280 1190 διά
3307 1137 3436 1198 τοὺς
3462 1135 3727 1205 πονηροὺς

2163 1229 2481 1302 ἀνθρώπους
2528 1230 2622 1283 καὶ
2651 1230 2777 1292 τοὺς
2805 1227 3122 1291 σπουδαίους
3155 1226 3447 1298 μισοῦμεν,
3490 1225 3614 1279 οὐδὲ
3641 1226 3730 1279 ἐάν

2162 1343 2282 1380 τινα
2307 1325 2555 1396 εὕρωμεν
2585 1322 3211 1394 ἀνεπιστήμοναίατρὸν
3246 1321 3346 1392 ἤδη
3393 1320 3489 1373 καὶ
3515 1319 3614 1389 τὴν
3654 1321 3731 1371 ία-

2163 1417 2358 1487 τρικὴν
2386 1413 2803 1485 ἀπαγορεύομεν
2831 1413 3049 1485 τέχνην,
3077 1412 3216 1466 ἀλλά
3261 1413 3360 1465 xui.
3383 1410 3492 1466 τῶν
3524 1409 3733 1481 ζωγρά-

2165 1522 2302 1574 φων,
2335 1504 2427 1558 καὶ
2464 1503 2572 1556 τῶν
2616 1501 2834 1572 ίατρῶν,
2882 1501 2978 1554 καὶ
3010 1503 3194 1571 μέντοι
3222 1499 3317 1554 καὶ
3349 1499 3460 1552 τῶν
3488 1497 3734 1551 σκυτοτό-

2170 1614 2304 1666 μων,
2346 1595 2437 1648 καὶ
2459 1594 2568 1648 τῶν
2594 1592 2972 1663 χαλκοτύπων,
3009 1591 3104 1645 καὶ
3127 1590 3236 1645 τῶν
3267 1588 3581 1662 χρυσοχόων
3609 1589 3730 1648 τοὺς

2171 1690 2268 1761 μέν
2299 1687 2554 1758 ἀρίστους
2587 1686 2963 1757 θαυμάζομεν,
3013 1683 3140 1748 τοὺς
3175 1684 3234 1738 δὲ
3267 1684 3368 1754 τὴν
3406 1682 3604 1753 τέχνην
3639 1680 3735 1734 οὐκ

2168 1778 2529 1852 ἀκριϐοῦντας
2552 1779 2568 1810 ¹
2595 1776 2866 1830 σκώπτειν
2893 1775 3162 1847 εἰώθαμεν
3179 1792 3194 1809 ·
3223 1775 3322 1838 τὰς
3345 1774 3402 1827 δέ
3429 1790 3491 1842 γε
3518 1774 3734 1844 τέχνας,

2165 1870 2265 1924 κᾶν
2329 1870 2532 1940 μηδένα
2571 1869 2908 1938 ἐπιστήμονα
2950 1867 3230 1938 εὕρωμεν,
3280 1865 3590 1918 διαϐάλλειν
3638 1864 3737 1916 οὐκ

2166 1959 2466 2029 ἀνεχόμεθα
2489 1961 2530 2010 ³.
2555 1956 2675 2009 Τῶν
2696 1956 2806 2027 γάρ
2835 1955 3197 2010 ἀτοπωτάτων
3223 1952 3312 2006 διά
3340 1953 3466 2016 τούς
3493 1951 3738 2020 τυφλώτ-

2164 2065 2354 2112 τοντας
2378 2049 2503 2111 τοὺς
2525 2047 2838 2118 ὀφθαλμοὺς
2865 2045 2958 2099 καὶ
2983 2045 3151 2115 αὐτὴν
3197 2045 3296 2115 τὴν
3333 2042 3563 2112 ὀπτικὴν
3585 2043 3606 2074 ³
3659 2043 3742 2094 αί-

2167 2140 2358 2209 σθησιν
2394 2138 2669 2208 διαψέγειν
2706 2137 2780 2200 ὡς
2800 2136 3192 2208 ἄχρηστον,καὶ
3211 2135 3298 2188 διά
3315 2136 3441 2197 τοὺς
3457 2135 3554 2204 τὴν
3570 2133 3741 2202 γλῶτ-

2164 2243 2260 2278 ταν
2304 2225 2711 2296 πεπεδημένους
2740 2225 2850 2277 τῶν
2880 2225 2980 2294 τῆς
3010 2225 3192 2294 φωνῆς
3223 2223 3473 2294 ὀργάνων
3517 2224 3593 2286 ὡς
3633 2224 3732 2276 οὐκ

2165 2316 2479 2384 ἀναγκαίων
2520 2319 2868 2389 κατηγορεῖν,
2909 2317 3002 2370 καὶ
3040 2317 3126 2370 διὰ
3167 2316 3239 2369 τά
3283 2316 3591 2386 βεϐυσμένα
3630 2309 3743 2368 ὦτα

2165 2407 2263 2479 τὴν
2289 2408 2618 2478 ἀκουστικὴν
2646 2409 2900 2479 αἴσθησιν
2940 2409 3199 2478 περιττὴν
3241 2405 3552 2478 ὀνομάζειν.
3585 2406 3743 2459 Οὐτω

2163 2495 2342 2551 τοίνυν
2377 2495 2595 2566 ἀληθῶς
2634 2498 2878 2568 σχέτλιόν
2917 2515 2977 2550 τε
3017 2497 3109 2551 καὶ
3150 2497 3337 2551 ἄδικον
3365 2497 3474 2551 τῶν
3498 2498 3626 2560 τοὺς
3655 2498 3738 2549 νό-

2168 2605 2302 2659 μους
2349 2589 2797 2656 παραϐαινόντων
2845 2589 3009 2643 ἓνεκα
3048 2589 3142 2642 καὶ
3182 2588 3362 2642 αὐτῶν
3405 2589 3513 2642 τῶν
3562 2589 3744 2660 νόμων

2164 2682 2507 2752 κατηγορεῖν,
2557 2680 2651 2734 καὶ
2681 2680 2787 2734 τῶν
2820 2681 3042 2746 τούτους
3069 2682 3360 2750 φυλάττειν
3406 2682 3746 2736 ἐσπουδακό-

2163 2789 2290 2826 των.
2319 2772 2454 2826 Οὐδέ
2481 2771 2590 2843 γὰρ
2627 2771 2784 2834 εἴτις
2809 2771 3016 2826 τέκτων
3045 2773 3106 2826 οὐ
3150 2772 3325 2828 κατά⁸
3350 2773 3507 2841 λόγον
3534 2773 3633 2842 μὲν
3659 2774 3750 2826 εὐ-

2167 2861 2314 2916 θύνοι
2360 2861 2458 2934 τὴν
2498 2862 2768 2932 στάθμην,
2820 2863 3184 2934 ’παραλόγως⁵
3230 2863 3286 2916 δὲ
3327 2862 3404 2934 τῷ
3451 2864 3748 2933 σκεπάρνῳ

2165 2950 2445 3023 χρώμενος
2499 2950 2802 3023 διαφθείροι
2857 2952 2926 3004 τά
2988 2955 3191 3023 σημεῖα
3243 2954 3339 3006 τοῦ
3393 2953 3659 3024 μέλανος,
3710 2952 3746 3022 ἢ

2167 3045 2476 3114 περαιτέρω
2544 3041 2745 3113 ταύτης
2820 3043 2966 3096 τῶν⁸
3016 3044 3162 3100 ἔνδον
3227 3045 3652 3116 ἀφαιρούμενος,
3712 3044 3748 3114 ἢ

2167 3130 2497 3202 περιττὰ.τά
2543 3130 2740 3196 ἔξωθεν
2770 3133 3108 3195 καταλιπὼν,
3153 3134 3251 3203 τὴν
3290 3134 3539 3204 στάθμην
3570 3137 3753 3187 αίτιαο

2168 3222 2310 3291 τέον,
2337 3223 2372 3293 ἢ
2410 3224 2471 3275 τὸ
2501 3222 2653 3288 εὐθές
2687 3223 3050 3278 ἐπιδείκνυσι·
3087 3224 3239 3296 [178]
3269 3226 3366 3296 τῆς
3396 3225 3507 3296 γάρ
3537 3243 3621 3278 τοι
3649 3225 3751 3278 τοῦ

2168 3315 2420 3378 τέκτονος
2449 3313 2684 3384 ἀμαθίας
2708 3316 2740 3385 ἠ
2762 3315 3004 3386 ἁμαρτία
3027 3318 3064 3372 ⁷.
3092 3317 3300 3371 Οὐκοῦν
3337 3319 3388 3370 oi
3431 3319 3585 3387 νόμοι
3621 3317 3755 3370 στά-

2171 3405 2316 3476 θμης
2329 3404 2472 3468 τινὸς
2496 3406 2589 3459 καὶ
2607 3407 2829 3470 κανόνος
2851 3408 2945 3462 καὶ
2954 3407 3230 3479 γνώμονος
3245 3409 3267 3442 ⁸
3288 3408 3548 3479 ἐπέχουσι
3570 3409 3750 3475 τάξιν·

2169 3495 2277 3549 τῶν
2306 3495 2362 3548 δὲ
2383 3495 2595 3559 τούτοις
2618 3497 2918 3566 χρωμένων
2957 3499 3006 3551 οἱ
3038 3500 3135 3568 μὲν
3172 3499 3371 3571 ἄριστα
3407 3499 3502 3552 τὸν
3546 3502 3758 3554 οἰκεῖον

2167 3584 2503 3639 διευθύνουσι
2539 3584 2672 3656 βίον,
2702 3589 2750 3640 oi
2783 3587 2841 3642 δὲ
2871 3587 2941 3641 τά
2971 3590 3144 3660 ῥᾷστα
3176 3590 3297 3643 ἀντὶ
3317 3590 3426 3643 τῶν
3454 3589 3758 3660 βελτίστων

2171 3676 2592 3748 προαιρούμενοι
2617 3677 2724 3744 ἐξω
2763 3678 2863 3748 τῆς
2901 3680 3106 3734 τούτων
3143 3681 3440 3754 εὐθύτητος
3481 3681 3757 3752 βαίνουσι.

2171 3767 2461 3840 Τοιγάρτοι
2509 3769 2752 3824 τούτωνθ
2785 3771 2884 3841 μὲν
2932 3773 3356 3844 κατηγορητέον,
3402 3776 3531 3839 τοὺς
3562 3776 3622 3830 δὲ
3666 3776 3763 3830 νό-

2173 3877 2306 3932 μους
2343 3861 2676 3916 ἐπαινετέον.
2729 3860 2868 3917 Οὐδὲ
2913 3864 3020 3936 γὰρ
3065 3865 3118 3918 εί
3156 3883 3240 3930 τις
3286 3867 3509 3936 ἀριστος
3564 3869 3764 3938 ἰατρὸς

2170 3951 2416 4017 ἐπιτάξοι
2455 3951 2535 4022 τῷ
2566 3951 2829 4022 κάμνοντι
2872 3953 2982 4007 τῶν
3027 3955 3126 4024 μὲν
3173 3956 3512 4026 μεταλαϐεῖν,
3550 3959 3663 4013 τῶν
3698 3958 3767 4011 δὲ

2173 4044 2247 4115 μὴ
2295 4045 2582 4115 μετασχεῖν
2623 4045 2922 4111 παντελῶς,
2959 4040 3080 4099 εἶτα
3122 4047 3350 4112 ἐκεῖνος,
3379 4042 3607 4119 ἦττονη
3643 4049 3762 4102 τῶν

2172 4136 2429 4207 ἰατρικῶν
2452 4136 2744 4207 ὑποθηκῶν
2767 4137 3077 4210 φροντίσας,
3105 4138 3206 4208 τῆς
3235 4138 3534 4210 θεραπείας
3558 4157 3760 4210 προτι-

2172 4231 2334 4301 μήσοι
2369 4229 2468 4299 τὴν
2490 4228 2700 4300 ἡδονὴν,
2727 4231 2821 4283 καὶ
2851 4229 2921 4287 τά
2945 4231 3294 4302 ἀπειρημένα
3322 4231 3514 4300 φαγὼν
3544 4233 3578 4302 ἢ
3613 4233 3764 4287 πιὼν

2169 4317 2393 4388 αὐξήσοι
2426 4317 2524 4388 τὴν
2557 4317 2730 4383 νόσον,
2767 4317 2858 4371 τὸν
2907 4317 3091 4390 ἰατρὸν
3131 4319 3208 4382 ώς
3243 4319 3530 4373 ἐπίϐουλον
3565 4322 3765 4374 αἰτιώ-

493 4416 653 4486 μεθα.
697 4415 793 4470 Ἐκ
822 4417 932 4488 γὰρ
960 4417 1024 4487 δὴ
1057 4419 1157 4488 τῆς
1210 4416 1302 4470 τοῦ
1345 4416 1644 4487 κάμνοντος
1710 4415 1998 4485 ἀκρασίας,
2022 4415 2123 4466 οὐκ
2164 4415 2228 4468 ἐκ
2273 4415 2374 4485 τῆς
2418 4411 2513 4465 τοῦ
2555 4411 3057 4482 συμϐουλεύσαντος
3106 4412 3472 4484 προμηθείας,
3505 4416 3540 4485 ἡ
3594 4415 3765 4480 νόσος

487 4507 728 4580 ηὐξήθη-

560 4601 688 4656 Hice
725 4600 912 4670 igitur,
945 4617 1172 4673 quaeque
1215 4612 1345 4660 sunt
1376 4605 1464 4659 liis
1496 4603 1716 4669 similia,
1764 4601 2061 4656 ratiocina-

2245 4597 2429 4651 Ταῦτα
2497 4597 2677 4650 τοίνυν
2737 4597 3202 4667 συλλογισάμενοι,
3245 4598 3338 4651 καὶ
3393 4598 3494 4652 ὅσα
3540 4599 3767 4665 τούτοις

490 4691 641 4746 tione
661 4689 995 4761 colligentes,
1009 4693 1331 4748 salutarium
1354 4693 1537 4764 legum
1552 4692 1785 4745 latorem
1808 4686 2064 4742 laudibus

2168 4688 2491 4759 προσόμοια,
2530 4687 2623 4740 τὸν
2662 4687 2760 4756 μὲν
2809 4690 2917 4742 τῶν
2971 4689 3257 4758 σωτηρίων
3294 4689 3477 4760 νόμων
3522 4693 3764 4762 νομοθὲ-

490 4782 784 4850 celebrate,
815 4784 1102 4856 legumque
1139 4785 1383 4856 ipsarum
1427 4781 1774 4839 commodam
1807 4779 2064 4834 humanae

2167 4793 2267 4845 την
2294 4777 2334 4806 ¹¹
2389 4775 2688 4845 ὐμνήσατε,
2725 4775 2903 4830 αὐτῶν
2940 4777 2996 4830 δὲ
3046 4776 3154 4832 τῶν
3195 4778 3376 4849 νόμων
3430 4779 3766 4851 θαυμάσατε

491 4874 617 4930 vita:
645 4874 938 4931 utilitatem
964 4877 1247 4947 suspicite.
1284 4879 1360 4930 Ac
1384 4874 1552 4929 veluti
1581 4878 1922 4942 spectatores
1946 4867 2064 4937 qui-

2169 4869 2229 4922 τὸ
2257 4866 2516 4936 βιωφελές
2535 4868 2629 4920 καὶ
2653 4868 2915 4940 ὀνήσιμον
2943 4886 2955 4898 ·
2981 4869 3078 4923 καὶ
3101 4863 3215 4923 οἷον
3243 4869 3440 4941 θεωροί
3472 4889 3621 4938 τινες
3643 4873 3768 4927 τῶν

490 4967 616 5021 dam
664 4967 1020 5025 laudabilium
1066 4969 1431 5025 certaminum
1480 4961 1788 5027 constituti,
1832 4975 1928 5015 eos
1969 4958 2064 5029 qui

2171 4958 2498 5023 ἀξιεπαίνων
2517 4957 2742 5027 ἀγώνων
2763 4962 3094 5032 γιγνόμενοι,
3121 4962 3248 5025 τοὺς
3275 4962 3372 5034 μὲν
3393 4963 3597 5026 τούτων
3618 4967 3768 5019 ἀνα-

488 5057 635 5128 leges
663 5069 883 5114 servant
905 5060 1204 5116 celebrate.
1240 5058 1700 5125 Transgressores
1731 5059 1918 5105 autem
1951 5063 2064 5103 non

2173 5045 2444 5118 κηρύξατε
2474 5046 2740 5116 φύλακας,
2775 5048 2917 5102 κατά
2943 5048 3000 5102 δὲ
3032 5049 3139 5104 τῶν
3171 5052 3644 5124 παραϐεϐηκότων
3681 5053 3768 5124 μὴ

488 5151 683 5220 aequali
721 5166 913 5208 omnes
937 5150 1150 5207 calculo
1173 5149 1538 5203 condemnate
1573 5161 1586 5197 :
1616 5141 2064 5213 quandoquidem

2169 5139 2268 5210 τὴν
2298 5139 2420 5209 ίσην
2451 5139 2774 5210 ἐξενέγκητε
2795 5141 2839 5172 ³⁸
2865 5140 3067 5212 ψῆφον.
3096 5143 3171 5196 Οὐ
3196 5142 3304 5215 γὰρ
3329 5143 3432 5214 ἴσῳ
3468 5162 3532 5213 γε
3564 5145 3769 5213 σκοπῷ

489 5254 599 5297 non
624 5243 821 5314 zequali
861 5255 1055 5297 omnes
1087 5239 1318 5294 consilio
1348 5234 1852 5306 transgrediuntur.
1890 5232 2058 5288 Multa

2171 5231 2600 5302 παραϐαίνουσιν
2642 5232 2898 5297 ἅπαντες.
2945 5233 3124 5288 Πολλά
3175 5234 3283 5306 γὰρ
3333 5235 3398 5307 δὴ
3449 5238 3546 5291 καὶ
3603 5237 3770 5308 παρά

1771 5387 2014 5446 VARIIE
2054 5386 2458 5443 LECTIONES.

555 5512 716 5591 ν’..μὴ
737 5510 868 5591 τῶν,
913 5509 999 5591 pi)
1057 5525 1168 5591 om.
1194 5508 1277 5591 AC.
1354 5505 1784 5591 “dxp't6o'iv135.
1839 5504 2130 5591 ἀκρξϐότας
2174 5503 2243 5567 ν,
2280 5518 2422 5591 cum.
2468 5503 2845 5591 ﬁXptgeui‘fé‘t‘Z;
2897 5521 3000 5591 pro
3031 5510 3182 5591 conj.
3223 5509 3296 5591 'in
3345 5525 3520 5591 marg.
3561 5509 3773 5591 nescio

490 5596 560 5636 an
593 5574 804 5638 Ursini.
913 5574 1296 5650 ίάνεχόμεθαξ
1357 5574 1680 5644 ἀνεχώμεθα
1709 5575 1772 5630 D.
1888 5575 2187 5650 ³ρπτικήν.
2245 5574 2344 5650 τὴν
2401 5574 2626 5650 ὀπταί),
2663 5575 2728 5650 Ῡ,
2898 5574 2965 5650 ξ
2992 5579 3051 5650 οὐ
3089 5574 3262 5650 κᾷτά.
3309 5574 3514 5650 orion}.
3564 5579 3628 5641 C,
3693 5580 3770 5633 D.

489 5651 516 5719 ξ
543 5651 886 5719 παραλόγως.
915 5643 1242 5719 παραλογων
1279 5647 1372 5719 (ov_
1385 5653 1442 5700 et
1462 5662 1489 5709 ς
1512 5643 1788 5719 suprascr.
1818 5653 1880 5699 ut
1922 5643 2053 5719 fiant
2073 5643 2504 5719 _1rapg_).ojo‘29;)
2535 5645 2597 5698 D.
2636 5712 2646 5719 _
2663 5645 2690 5719 ξ
2725 5646 2842 5719 τήν.
2870 5646 2981 5719 τῶν
3015 5647 3163 5719 Sylb.
3190 5649 3312 5702 Mox
3344 5649 3411 5702 τὰ
3446 5665 3556 5704 om.
3585 5650 3773 5704 Sirm.

494 5669 514 5682 '
543 5669 622 5703 πα
659 5669 886 5718 αΑογως.
915 5669 1242 5721 παραλογων
1279 5669 1358 5718 ιον
1385 5669 1442 5700 et
1462 5669 1489 5709 ς
1512 5669 1788 5714 suprascr.
1821 5669 1880 5699 υι
1922 5669 2053 5698 nam
2097 5669 2504 5713 παραλυγονως)
2535 5669 2597 5698 υ.
2671 5669 2689 5676 ν
2725 5669 2842 5714 την.
2875 5669 2981 5699 των
3016 5669 3163 5719 ayln.
3190 5669 3312 5702 mox
3344 5669 3411 5702 τα
3446 5669 3556 5704 om.
3585 5669 3773 5704 curm.

494 5717 518 5747 '
611 5669 965 5800 {pugnanti}
998 5721 1306 5800 ἁμάρτημα
1484 5713 1539 5800 ..⁸
1575 5715 1873 5800 γνώμρνος.
1910 5711 2177 5800 ἡγεμόνος
2215 5713 2255 5767 V
2296 5714 2362 5800 II}.
2404 5714 2570 5800 Tum,
2586 5712 2739 5800 τάξιν
2785 5717 3131 5800 ἐπέκρυσιῃί).
3243 5720 3264 5749 θ
3289 5719 3522 5800 ’τούτωνξ
3547 5719 3777 5771 τούτων

500 5783 596 5853 μὲν
623 5783 685 5849 (Σ,
717 5783 780 5840 D.
870 5789 912 5820 '°
935 5783 1316 5859 ἧττον.’ὀλίγον
1342 5785 1405 5839 Ι).
1484 5784 1523 5814 “
1553 5783 1846 5854 νομοθέτην
1869 5783 2130 5853 ένόμων
2161 5798 2269 5837 0m.
2295 5783 2353 5838 C.
2433 5783 2488 5851 I“
2514 5783 2832 5854 ἐξενέγκητε
2854 5803 2866 5816 ·
2887 5783 3251 5850 ἐξενέγκατε.
3284 5787 3350 5851 C,
3375 5790 3441 5845 ν.
3477 5789 3542 5844 D.
