4056 6420
316 5772 324 5779 '
413 5756 704 5812 λαύσουσιν
733 5756 797 5812 ν.

422 395 560 466 1149

957 403 1398 465 (ὶΒιΈΟΛΒΗΜ
1435 403 1739 467 AFFECT.
1781 403 2000 467 CURA’.

2104 407 2350 470 >.-XII.
2395 407 2492 469 DE
2533 405 2868 467 VIRTUTE
2904 403 3192 463 ACTIVA.

3552 395 3691 459 llbtl

419 515 642 587 γνώμην
679 515 1106 586 πλημμελοῦμεν
1140 519 1188 569 ot
1219 515 1497 586 ἄνθρωποι
1519 531 1534 547 ο
1571 518 1664 571 καὶ
1705 518 1878 571 ταῦτα
1906 517 1996 570 καλ⁴

2104 519 2247 574 enim
2273 528 2472 590 praeter
2497 518 2667 575 animi
2695 529 2917 587 quoque
2941 512 3273 569 sententiam
3301 510 3561 564 mortales
3585 521 3690 565 nos

420 608 572 662 αὐτοί
607 623 671 675 γε
713 609 762 660 οί
816 606 970 678 νόμοι
1011 607 1270 661 καλοῦσιν
1313 608 1568 664 ἀκούσια.
1623 610 1732 664 Καὶ
1776 609 1884 679 γὰρ
1932 609 1997 678 δὴ

419 698 562 752 κατὰ
593 698 754 761 κυνός
783 716 888 762 τις,
938 700 972 770 ἢ
1003 701 1160 754 ἄλλου
1187 720 1280 755 του
1299 705 1344 736 ’³
1369 703 1516 758 λίθον
1559 706 1869 771 ἀκοντίσας,
1903 704 1998 756 τοῦ

422 789 522 858 μὲν
543 788 864 860 διήμαρτεν,
892 790 1179 862 ἄνθρωπον
1197 793 1251 847 δὲ
1277 795 1592 850 κατέκτεινε
1613 815 1625 828 ο
1645 796 1868 849 τοιαῦτα
1890 797 1999 867 γὰρ

417 878 482 948 δὴ
517 877 663 948 πάθη
701 880 796 932 καὶ⁹
833 881 1115 951 Ἡρόδοτος
1143 883 1275 954 ᾄδει.
1323 885 1589 949 Πολλάκις
1623 886 1678 938 δέ
1707 903 1790 949 τις
1837 887 1999 940 πέλε-

419 986 519 1022 κυν
540 969 586 1002 ⁸⁸
615 970 754 1040 ἔχων
791 973 883 1025 καὶ
913 971 1044 1037 ξύλα
1084 973 1298 1045 τέμνων
1336 977 1478 1030 κατά
1527 995 1672 1041 τινος
1710 979 1999 1048 παριόντος

416 1059 568 1114 ἄκων
593 1061 842 1131 ἠκόντισε
885 1063 945 1115 τὸ
988 1064 1246 1136 σιδήριον.
1289 1066 1514 1130 Τούτοις
1547 1070 1641 1121 καὶ
1677 1072 1789 1132 τοῖς
1827 1069 2000 1122 τοιού-

415 1170 552 1216 τοις,
581 1152 656 1216 ὼς
675 1153 972 1221 ἀκουσίοις,
999 1156 1329 1229 ξυγγνώμην
1355 1161 1404 1212 οί
1420 1159 1574 1230 νόμοι
1608 1162 1996 1231 προσνέμουσι.

417 1246 527 1298 Καὶ
549 1244 617 1298 τὰ
651 1246 871 1300 ἑκούσια
891 1247 945 1300 δὲ
974 1249 1033 1301 ού
1063 1251 1300 1321 σμικρὰν
1333 1251 1376 1284 ¹⁸
1404 1251 1525 1322 ἔχει
1553 1252 1836 1324 διαφοράν.
1861 1255 1998 1308 Οὺδέ

416 1336 525 1405 γὰρ
555 1334 668 1388 ἴσον
693 1336 796 1389 ὑπό
825 1354 970 1400 τινος
993 1338 1163 1408 ὀργῆς
1201 1341 1292 1392 καὶ
1320 1340 1492 1410 θυμοῦ
1537 1359 1657 1395 τινα
1696 1343 1999 1415 παροξυνόι

420 1441 584 1496 μενον
611 1426 849 1492 πατάξαι
876 1428 966 1481 τὸν
997 1430 1166 1492 πέλας
1211 1432 1306 1485 κοιλ⁸
1338 1433 1704 1503 παραπέμψαι
1729 1433 1806 1504 τῷ
1837 1435 1998 1488 θανά-

415 1521 528 1586 τῳ“,
557 1517 620 1570 οὐ
649 1517 807 1572 τοῦτο
844 1519 1386 1592 προδουλευσόιμενον
1405 1563 1418 1588 ,
1450 1523 1572 1577 οὐδὲ
1610 1525 1702 1578 ἐπὶ
1729 1525 1902 1598 τούτῳ
1933 1544 1996 1596 γε

418 1607 712 1674 παίσαντα,
746 1611 841 1663 καὶ
869 1609 930 1664 τὸ
975 1611 1034 1676 ἐξ
1066 1612 1360 1684 ἐπιϐουλῆς
1389 1614 1486 1668 καὶ
1523 1615 1678 1686 λόχου
1728 1618 1822 1671 καὶ
1863 1636 1997 1688 προ-

417 1697 562 1762 νοίας
585 1698 847 1770 τυρεῦσαι
869 1701 960 1754 τὸν
994 1700 1220 1757 θάνατον
1245 1720 1258 1734 ⁸
1293 1703 1355 1757 τὸ
1388 1705 1488 1776 μὲν
1508 1705 1616 1776 γὰρ
1633 1702 1700 1778 ἦν
1726 1706 1998 1779 ἀκρασίας

419 1788 615 1860 θυμοῦ,
669 1791 732 1844 τὺ
775 1791 860 1856 δὲ,
904 1793 1170 1864 πονηρίας
1208 1795 1479 1867 ἐσχάτηςο
1522 1797 1615 1851 καὶ
1658 1797 1718 1850 τὸ
1765 1799 1862 1869 μὲν
1901 1799 1997 1869 οὐχ

2105 626 2400 680 peccamus
2434 630 2446 664 :
2480 619 2645 680 atque
2693 609 2812 663 haec
2852 607 3003 677 leges
3053 605 3186 674 ipsa
3218 602 3499 672 appellant
3534 601 3690 654 invo-

2105 701 2366 756 luntaria.
2401 701 2617 756 Etenim
2669 701 2724 754 in
2760 713 2952 752 canem
2991 695 3266 766 quispiam
3301 696 3316 712 ‘
3349 701 3444 748 aut
3479 692 3534 746 in
3569 705 3689 746 rem

2106 794 2271 848 aliam
2293 793 2531 863 lapidem
2561 793 2908 860 intorquens,
2937 788 3216 843 aberravit
3239 802 3268 840 a
3293 800 3483 856 scopo,
3511 793 3569 838 et
3589 783 3686 838 h0-

2107 883 2310 936 minem
2339 881 2561 936 occidit.
2607 879 2930 950 llujusmodi
2961 878 3106 932 enim
3142 893 3302 932 casus
3340 875 3583 930 celebrat
3632 882 3690 928 et

2106 974 2440 1029 Herodotus.
2488 973 2642 1042 Smpe
2689 981 2873 1026 autem
2922 970 3162 1024 securim
3204 969 3330 1038 quis
3371 975 3584 1032 tenens,
3632 973 3690 1020 et

2106 1066 2252 1136 ligna
2307 1080 2522 1129 secans,
2567 1064 2623 1118 in
2679 1069 3058 1117 transeuntem
3109 1059 3422 1130 quempiam
3473 1058 3687 1112 ferrum

2105 1158 2430 1230 ejaeulatur.
2468 1157 2564 1212 His
2592 1165 2647 1210 et
2673 1154 2968 1218 similibus,
2993 1161 3252 1221 tanquam
3276 1149 3685 1213 involuntariis,

2111 1251 2326 1321 1038
2352 1251 2502 1320 leges
2546 1249 2680 1303 dant
2709 1247 2948 1302 veniam.
2997 1243 3102 1299 Sed
3135 1252 3193 1298 et
3221 1259 3344 1313 qua:
3375 1241 3688 1296 voluntaria

2106 1351 2255 1408 sunt,
2294 1357 2408 1397 non
2449 1356 2646 1412 parum
2686 1340 2831 1394 inter
2871 1353 2930 1393 se
2973 1336 3261 1392 diﬂ‘erunt.
3310 1333 3501 1402 Neque
3539 1332 3687 1386 enim

2105 1451 2206 1506 par
2233 1443 2318 1490 est
2351 1441 2658 1504 peccatum,
2700 1431 2746 1487 si
2787 1431 2913 1500 quis
2951 1430 3033 1484 ira
3079 1428 3344 1483 incitatus
3375 1425 3690 1495 proximum

2105 1525 2464 1596 percusserit,
2503 1539 2568 1578 ac
2617 1522 2741 1577 neci
2789 1521 3025 1584 dederit,
3067 1521 3162 1589 qui
3210 1518 3262 1572 id
3303 1526 3429 1571 ante
3469 1531 3579 1570 non
3617 1515 3690 1570 sit

2107 1617 2438 1682 meditatus,
2489 1632 2593 1672 nec
2623 1631 2691 1671 eo
2729 1614 2914 1668 animo
2947 1610 3284 1681 percusserit
3325 1628 3338 1663 :
3379 1617 3438 1664 et
3475 1608 3518 1674 si
3562 1607 3692 1677 quis

2106 1708 2426 1780 praeparatis
2469 1707 2708 1772 insidiis,
2738 1713 3000 1773 certoque
3047 1703 3277 1758 consilio
3310 1717 3503 1756 necem
3536 1699 3688 1760 intu-

2106 1803 2254 1858 lerit.
2290 1800 2428 1856 Illud
2455 1801 2602 1855 enim
2635 1796 2940 1869 praacipitis
2969 1795 3073 1849 fuit
3104 1793 3429 1858 iracundiae,
3463 1792 3568 1845 hoc
3591 1805 3689 1845 au-

417 1879 558 1945 ὂλον,
611 1882 674 1935 τὸ
711 1882 767 1935 δὲ
795 1883 916 1937 ὅλον
961 1883 1063 1954 τῆς
1095 1885 1338 1957 γνώμης.
1398 1887 1554 1942 Οὕτω
1599 1889 1695 1942 καὶ
1735 1893 1855 1954 ταῖς
1900 1890 1998 1960 τῆς

2106 1902 2214 1948 tem
2230 1908 2502 1963 suprema:
2525 1890 2812 1961 cujusdam
2835 1888 3090 1952 malitize;
3118 1885 3322 1941 etillud
3346 1899 3456 1938 non
3486 1889 3684 1945 totum,

417 1972 748 2042 ἡδυπαθείας
769 1975 812 2006 ³⁸
841 1975 940 2046 οὐχ
969 1976 1207 2040 ἅπαντες
1230 1979 1434 2048 ὁμοίως
1458 1983 1506 2032 οί
1538 1980 1819 2053 ἄνθρωποι
1847 2000 2002 2053 περι-

417 2064 708 2119 πίπτουσιν
745 2067 1070 2138 ἁμαρτίαις·
1105 2069 1220 2124 ἀλλ’
1255 2073 1303 2124 οί
1341 2071 1439 2142 μὲν
1471 2073 1672 2143 ἥκιστα
1703 2091 2003 2146 περιεργα-

417 2156 636 2228 ζόμενοι
666 2158 734 2212 τὰ
763 2159 1015 2232 εὐπρεπῆ
1045 2161 1156 2216 τῶν
1190 2163 1460 2234 σωμάτων
1490 2167 1908 2238 περιπείρονται
1934 2169 2001 2234 ¹⁷,

417 2247 528 2302 ἐσθ’
561 2249 668 2319 ὅπη
703 2249 760 2302 δὲ
790 2251 886 2303 καὶ
911 2251 1108 2322 ὁρῶσιν
1139 2252 1400 2325 ἐξαπίνης
1425 2255 1520 2308 καὶ
1544 2257 2002 2313 καταδουλοῦνται

414 2338 495 2410 τῷ
518 2340 700 2406 πάθει,
728 2341 822 2394 τοῦ
856 2341 1120 2412 λογισμοῦ
1154 2345 1251 2410 τῆς
1277 2345 1574 2414 ἡγεμονίας
1603 2347 1961 2418 ἐξισταμένου
1983 2369 1998 2384 υ

413 2430 463 2480 οί
497 2430 554 2484 δὲ
585 2430 698 2501 βίον
719 2431 901 2502 ἔχουσι
937 2434 1016 2505 τῷ
1041 2437 1110 2507 τῇ
1139 2436 1182 2468 ιθ
1205 2438 1385 2507 τοιᾷδε
1413 2438 1614 2511 θεωρίᾳ
1640 2442 1766 2506 τοὺς
1795 2443 2000 2512 ὀφθαλ-

418 2521 554 2587 μοὺς
600 2522 808 2594 ἐστιᾷν.
854 2525 965 2579 Καὶ
997 2527 1049 2580 oi
1101 2527 1199 2597 μὲν
1231 2529 1356 2582 οὐδὲ
1423 2531 1608 2584 σιτίων
1651 2533 1771 2586 οὐδέ
1822 2535 2002 2590 ποτῶν

413 2610 780 2667 ἀπολαύουσιν
804 2616 848 2647 ¹⁹
899 2616 1092 2679 ἀδεῶς,
1144 2619 1418 2688 ἡττῶνται
1448 2621 1506 2674 δὲ
1544 2623 1694 2693 ὅμως
1740 2626 2001 2680 παλαίον-

413 2721 528 2769 τες,
557 2704 744 2778 ἐπειδὴ
786 2707 1040 2763 παλαίειν
1069 2711 1452 2782 ἐπιστημόνως
1494 2713 1554 2766 οὐ
1599 2714 1916 2784 βούλονται·
1951 2721 2000 2772 οί

412 2795 470 2848 δὲ
503 2797 861 2868 ὐπερμαζῶσι
890 2801 987 2854 καὶ
1013 2802 1282 2873 τρυφῶσι,
1315 2804 1409 2856 καὶ
1439 2806 1547 2858 πᾶν
1576 2803 1716 2870 εἶδος
1750 2809 1999 2862 ἐπινοοῦ-

415 2904 469 2939 σι
496 2885 644 2960 [179]
676 2889 886 2961 χλιδῆς,
912 2894 1006 2946 καὶ
1043 2893 1144 2958 τὰς
1175 2895 1343 2960 ἄλλας
1397 2897 1606 2966 ὀρέξεις
1644 2900 2000 2970 διερεθίζουσι

413 2981 788 3046 παντοδαπαῖς
823 2984 1110 3052 ἐπινοίαις,
1144 2987 1238 3039 καὶ
1276 2989 1460 3056 μέντοι
1493 2990 1589 3042 καὶ
1618 2990 2000 3061 σϐεννυμένην

413 3071 798 3140 ἀσχάλλουσιν.
847 3075 1066 3148 Ἐπειδὴ
1108 3079 1288 3133 τοίνυν
1336 3080 1572 3152 τοσαύτη
1626 3082 1735 3135 τῶν
1764 3100 2003 3153 παρανο-

417 3162 661 3230 μούντων
725 3165 980 3240 διαφορὰ,
1033 3171 1094 3222 οὐ
1163 3170 1340 3242 χρεὼν
1403 3172 1579 3227 ἅπασι
1650 3177 1998 3245 χαλεπαίνειν

412 3229 635 3322 ὁμοίως,
667 3254 803 3310 ἀλλὰ
829 3229 975 3322 tota;
1015 3261 1113 3329 μὲν
1143 3229 1430 3332 προδήλως
1466 3264 1557 3316 τὸν
1608 3229 1851 3337 σζὼδηω
1881 3265 1996 3336 βίον
2026 3229 2068 3286 C

413 3346 830 3416 ἀσπαζομένους
860 3351 1249 3420 μυσάττεσθαι,
1282 3357 1394 3418 τοῖς
1425 3353 1481 3408 δὲ
1519 3355 1702 3419 ἄλλοις
1733 3356 1828 3410 καὶ
1864 3358 1998 3428 ξυμ-

414 3438 692 3494 6ουλεύειν
739 3443 833 3496 καὶ
869 3447 1190 3514 παραινεῖν,
1233 3446 1329 3500 καὶ
1359 3449 1518 3518 χεῖρα
1561 3447 1797 3518 ὀρέγειν,
1837 3452 1932 3504 καὶ
1952 3451 1995 3482 ¹¹

413 3533 740 3602 Θεραπεύειν
769 3535 1066 3606 ἐπιμελῶς,
1096 3539 1187 3591 καὶ
1211 3539 1541 3610 προσφέρειν
1571 3541 1669 3610 τῆς
1693 3542 1904 3610 ὑγιείας
1931 3545 1998 3598 τὰ

412 3624 684 3696 φάρμακα
708 3643 722 3657 ·
762 3627 1005 3692 ἐκείνους
1037 3629 1114 3692 δὲ,
1166 3631 1232 3700 ἦν
1275 3647 1328 3683 τι
1377 3631 1682 3702 ἐπιμένωσι
1717 3633 2000 3706 θηριωδῶς

415 3713 770 3784 βιοτεύοντες,
800 3719 895 3772 καὶ
926 3719 1215 3791 περιόντας
1255 3721 1639 3793 θρηνήσωμεν,
1669 3723 1762 3777 καὶ
1792 3724 2000 3780 ἀποθα-

411 3805 563 3860 νοῦσι
604 3809 664 3861 τὸ
687 3811 732 3841 ²²
772 3812 1192 3882 Σαρδαναπάλου
1241 3815 1571 3886 ἐπίγραμμα
1614 3819 1997 3888 προσενέγκω-

416 3915 538 3970 μεν.
566 3900 658 3971 Τῷ
696 3901 804 3974 γὰρ
835 3903 900 3974 δὴ
936 3905 1145 3959 ἐκείνου
1178 3906 1582 3978 ἐπιγέγραπται
1618 3911 1778 3981 τάφῳ
1803 3926 1818 3943 ο

415 4081 602 4138 To'o’o"
634 4085 752 4155 ἐχω
806 4086 944 4142 ὅσσ’
985 4088 1212 4160 ἔφαγον
1237 4090 1336 4144 καὶ
1372 4091 1688 4165 ἐφύϐρισα,
1729 4094 1828 4148 καί
1868 4097 1998 4165 μετ’

417 4223 626 4292 Τέρπν’
655 4224 882 4282 ἔπαθον
898 4229 944 4260 ’³
978 4246 991 4258 ·
1017 4229 1090 4283 τὰ
1127 4229 1197 4282 δὲ
1226 4230 1428 4285 πολλὰ
1455 4233 1552 4286 καί
1583 4161 1998 4291 ἱὸῗξὲἷιοςπὰντα

411 4363 526 4418 Καὶ
557 4364 668 4436 γὰρ
698 4364 813 4436 ἐγὼ
853 4367 1084 4435 σποδός
1117 4373 1253 4438 είμι,
1301 4371 1487 4426 Νίνου
1513 4301 1998 4512 gadet-

1637 4459 1848 4511 ευσας.

1637 4459 1848 4511 evang.

427 4569 588 4623 Ἀλλὰ
610 4569 720 4642 γὰρ
746 4571 838 4624 καὶ
871 4571 1030 4626 τοῦτο
1065 4573 1279 4643 ψευδῶς
1307 4576 1357 4629 οἱ
1389 4578 1734 4648 γεγραφότες
1765 4579 1999 4651 ἐπέγρα-

410 4660 538 4731 ψαν.
563 4664 636 4716 Οὐ
663 4664 770 4734 γὰρ
803 4663 914 4735 ἔχει
941 4669 969 4719 ὁ
991 4666 1323 4739 τελευτήσας
1342 4669 1486 4740 ἅπερ
1506 4669 1676 4740 ἔφαγε
1700 4673 1793 4726 καὶ
1823 4672 1996 4740 ἔπιεν,

411 4754 527 4808 ἀλλ’
559 4757 638 4818 εἰς
665 4755 765 4827 τὴν
795 4755 1005 4829 δυσώδη
1038 4758 1246 4831 φθορὰν
1276 4761 1462 4815 ἐκεῖνα
1490 4761 1813 4832 κεχώρηκεν
1843 4780 1856 4793 °
1885 4765 1999 4836 ἔχει

410 4845 472 4900 δὲ
521 4847 679 4916 μόνον
709 4846 804 4900 τοῦ
835 4849 1154 4920 παρανόμου
1190 4849 1307 4920 βίου
1338 4851 1438 4923 τὴν
1479 4852 1802 4925 δυσοσμίαν,
1841 4857 1874 4927 ἢ
1919 4858 2002 4910 δι-

409 4938 626 5008 ηνεκῶς
654 4942 752 5008 τὴν
779 4939 956 5010 ψυχὴν
979 4940 1199 5007 ἀλγύνει
1236 4943 1331 4996 καὶ
1364 4944 1509 5014 ἀνιᾷ,
1555 4945 1853 5011 ξυνειδυϊαν
1874 4948 2003 5000 ἐαυ-

409 5031 480 5100 τῇ
507 5030 574 5083 τὰ
604 5031 863 5098 κάκιστα,
897 5034 992 5084 καὶ
1029 5034 1385 5106 μεμνημένην
1419 5028 1493 5089 ὧν
1522 5039 1856 5108 παρανόμως
1876 5042 2002 5112 είρ-

411 5141 644 5192 γασατο.

486 5213 706 5284 Ταύτην
756 5214 904 5283 ὑμῖν,
955 5206 1014 5290 ὦλ
1052 5213 1266 5286 ἄνδρες,
1317 5214 1576 5287 δευτέραν
1623 5216 1718 5270 καὶ
1763 5217 2000 5290 δεκάτην

413 5304 652 5370 διάλεξιν
692 5307 1082 5378 προσενήνοχα,
1123 5307 1218 5361 καὶ
1272 5305 1522 5371 ἐπέδειξα
1567 5307 1688 5361 τίνα
1733 5309 1832 5379 μὲν
1873 5310 2002 5381 περὶ

2105 1985 2213 2041 hoc
2237 2001 2368 2040 vero
2395 1994 2572 2039 totum
2603 1983 2710 2037 fuit
2741 1981 3060 2037 voluntatis.
3089 1980 3180 2036 Sic
3215 1989 3274 2034 et
3304 1979 3359 2032 in
3384 1975 3688 2045 voluptatis

2105 2083 2327 2147 peccata
2369 2090 2486 2130 non
2528 2090 2639 2129 uno
2679 2073 2844 2128 modo
2871 2073 3126 2127 homines
3166 2085 3357 2126 omnes
3386 2073 3684 2138 proruunt,

2103 2169 2201 2224 sed
2228 2169 2322 2223 alii
2360 2168 2506 2223 circa
2545 2173 2808 2221 venustas
2847 2165 3017 2220 facies
3055 2163 3282 2218 minime
3321 2160 3527 2217 curiosi
3547 2173 3685 2213 con-

2103 2258 2349 2330 ﬁguntur
2385 2276 2397 2311 :
2435 2256 2718 2312 interdum
2761 2263 2819 2310 et
2860 2263 3088 2325 repente
3123 2252 3338 2314 vident,
3374 2259 3432 2305 ct
3463 2257 3700 2318 pertur—.

2103 2349 2311 2404 bationi
2330 2347 2718 2412 succumbunt,
2743 2345 2957 2400 ratione
2975 2344 3044 2398 ab
3063 2341 3297 2412 imperio
3314 2355 3413 2394 suo
3432 2337 3684 2393 decussa.

2101 2443 2208 2498 Alii
2237 2443 2289 2496 in
2310 2457 2377 2496 eo
2401 2442 2571 2496 vitam
2599 2446 2958 2505 consumunt,
2985 2445 3046 2492 ut
3079 2436 3270 2491 oculos
3289 2439 3515 2504 pascant
3543 2431 3689 2500 ejus-

2100 2532 2251 2588 modi
2281 2533 2619 2602 spectaculo.
2653 2530 2793 2584 Sunt
2815 2529 2909 2599 qui
2941 2544 3052 2582 non
3089 2527 3212 2582 sine
3238 2535 3386 2579 metu
3417 2522 3544 2578 cibo
3583 2536 3685 2590 po-

2101 2634 2272 2693 tuque
2311 2630 2545 2677 utuntur
2580 2638 2592 2674 :
2629 2627 2813 2674 tamen
2850 2625 3163 2689 pugnantes
3189 2615 3510 2676 vincuntur,
3556 2611 3688 2680 quia

2099 2730 2345 2786 pugnare
2380 2730 2448 2769 ex
2481 2723 2602 2768 arte
2635 2713 2854 2767 nolunt.
2890 2710 2996 2765 Alii
3037 2708 3195 2764 luxui
3236 2707 3487 2778 gulmque
3517 2717 3688 2772 supra

2099 2807 2323 2861 modum
2368 2805 2676 2875 indulgent,
2712 2811 2768 2859 et
2797 2818 2960 2858 omne
3001 2817 3178 2871 genus
3227 2798 3553 2854 deliciarum
3587 2807 3684 2849 ex-

2100 2899 2362 2969 cogitant,
2389 2906 2554 2966 atque
2577 2897 2714 2950 alios
2735 2910 2956 2965 quoque
2979 2893 3257 2965 appetitus
3273 2890 3422 2946 omni
3451 2885 3687 2942 artiﬁcio

2101 2991 2345 3056 irritant,
2373 2999 2431 3044 et
2460 3003 2587 3044 cum
2617 2987 3060 3058 restinguuntur,
3088 2983 3330 3054 graviter
3357 2995 3422 3034 ac
3451 2977 3688 3032 moleste

2103 3082 2307 3139 ferunt.
2343 3081 2574 3148 Quando
2606 3079 2775 3150 igitur
2817 3087 2968 3133 tanta
3013 3084 3098 3131 est
3143 3073 3490 3145 peccantium
3523 3068 3686 3123 ditle-

2103 3175 2302 3238 rentia,
2351 3187 2542 3242 parem
2575 3185 2703 3239 erga
2757 3183 2951 3222 omnes
2995 3163 3430 3235 indignationem
3470 3155 3688 3226 concipi

2103 3283 2214 3321 non
2247 3265 2407 3320 decet
2441 3281 2454 3316 :
2487 3262 2584 3317 sed
2613 3276 2710 3316 eos
2734 3259 2957 3330 quidem
2980 3254 3310 3319 abominari,
3347 3251 3440 3323 qui
3466 3266 3534 3306 ex
3555 3263 3689 3319 pro-

2103 3357 2249 3412 fesso
2291 3369 2586 3426 porcorum
2613 3353 2784 3407 vitam
2809 3356 3110 3414 sectantur,
3153 3347 3290 3402 alios
3310 3358 3442 3400 vero
3471 3351 3528 3397 et
3551 3354 3688 3396 con-

2106 3450 2360 3514 sulendo,
2404 3455 2462 3503 et
2502 3447 2799 3511 hortando,
2845 3453 2902 3499 et
2931 3457 3157 3498 manum
3189 3433 3544 3510 porrigendo,
3585 3446 3686 3486 cu-

2107 3559 2230 3598 rare
2253 3542 2566 3613 diligenter,
2589 3542 2779 3610 eisque
2803 3537 3064 3593 salutaria
3085 3535 3381 3604 pharmaca
3401 3525 3685 3584 exhibere.

2105 3636 2233 3692 Illos
2296 3650 2489 3706 porro,
2549 3635 2596 3688 si
2650 3639 2880 3704 pergant
2929 3626 3143 3699 1039
3178 3626 3473 3681 brutorum
3533 3631 3688 3672 more

2105 3729 2313 3794 vivere,
2373 3735 2430 3783 et
2479 3728 2636 3782 vivos
2685 3725 2907 3795 quidem
2955 3722 3109 3776 luctu
3157 3729 3579 3791 prosequemur,
3631 3713 3690 3763 et

2107 3819 2344 3874 mortuis
2366 3817 2556 3873 eadem
2580 3833 2702 3887 quae
2722 3813 3096 3884 Sardanapalo
3117 3809 3507 3866 inscribemus.
3532 3799 3689 3858 Illius

2107 3911 2378 3980 siquidem
2407 3910 2620 3964 tumulo
2642 3908 2969 3979 inscriptum
2994 3904 3101 3960 fuit
3137 3923 3151 3959 :

2106 4088 2232 4142 Ha’c
2261 4087 2423 4142 habeo
2452 4103 2569 4159 qua:
2601 4087 2704 4151 edi,
2728 4101 2949 4156 qua’que
2979 4086 3293 4138 exsaturata
3322 4081 3479 4134 libido

2106 4230 2318 4294 Hausit,
2351 4226 2522 4281 multa
2549 4227 2759 4298 quidem
2783 4233 2840 4278 let
2863 4225 3040 4295 felicia
3071 4232 3260 4276 cuncta
3296 4219 3502 4289 reliqui.

2104 4371 2243 4425 Nam
2274 4369 2404 4422 cinis
2427 4383 2539 4420 ecce
2571 4382 2662 4437 ego
2680 4382 2818 4430 sum,
2852 4362 3034 4433 magni
3067 4362 3158 4432 qui
3177 4359 3315 4437 celsa
3345 4357 3584 4412 tenebam

2106 4441 2288 4511 Regna
2319 4438 2466 4492 Nini.
2605 4436 2610 4437 7
3101 4472 3104 4475 -
3228 4493 3230 4496 ,
3267 4436 3278 4458 ·’

2107 4575 2212 4632 Sed
2239 4574 2385 4629 enim
2417 4573 2524 4626 hoc
2544 4571 2709 4625 etiam
2742 4567 2960 4623 mentiti
2986 4577 3117 4622 sunt
3147 4567 3241 4635 qui
3273 4567 3352 4621 sic
3387 4564 3688 4633 inscripse-

2105 4677 2254 4724 runt.
2289 4667 2482 4736 Neque
2513 4663 2660 4719 enim
2703 4662 2942 4730 amplius
2965 4660 3156 4725 habet,
3196 4659 3291 4730 qui
3325 4658 3436 4713 vita
3469 4656 3692 4711 functus

2102 4770 2206 4828 est,
2241 4776 2305 4816 ea
2327 4773 2450 4829 qum
2472 4755 2714 4813 comedit
2738 4770 2800 4810 ac
2831 4755 2995 4818 bibit,
3019 4753 3112 4809 sed
3142 4754 3195 4806 in
3221 4763 3435 4822 putrem
3461 4751 3551 4804 illa
3574 4763 3694 4803 cor-

2105 4852 2420 4922 ruptionem
2451 4847 2712 4903 abierunt
2740 4865 2754 4900 :
2788 4845 2957 4901 habet
2991 4852 3172 4899 autem
3213 4843 3390 4898 solum
3428 4839 3694 4910 improbae

2105 4946 2233 5000 vitae
2261 4959 2371 4999 sure
2406 4942 2659 5006 fetorem,
2702 4940 2796 5009 qui
2833 4941 3072 4992 animam
3117 4937 3387 4991 scelerum
3425 4933 3530 4988 sibi
3559 4947 3692 4986 con-

2107 5036 2308 5096 sciam,
2356 5041 2412 5087 et
2450 5047 2573 5100 quae
2617 5029 2826 5083 nefarie
2869 5028 2982 5098 egit
3026 5025 3291 5080 memoria
3334 5025 3690 5084 retinentem,

2108 5127 2372 5183 continuo
2407 5123 2558 5194 angit
2580 5129 2637 5176 et
2659 5119 2978 5176 discruciat.

2179 5217 2288 5273 Has
2330 5232 2432 5287 ego
2472 5215 2666 5280 vobis,
2708 5229 2741 5267 ο
2784 5213 2912 5277 viri,
2957 5211 3249 5267 duodecim
3293 5206 3692 5279 disputationes

2109 5307 2436 5378 conscripsi,
2467 5313 2524 5362 et
2551 5304 2771 5361 ostendi
2805 5320 3056 5376 quamam
3096 5303 3163 5358 de
3195 5303 3328 5366 Deo,
3362 5300 3539 5365 deque
3573 5309 3690 5348 ma-

1718 5483 1952 5540 VARIIE
2008 5480 2423 5539 LECTIONES.

494 5617 540 5650 “
568 5634 659 5670 του
677 5631 786 5670 om.
808 5615 872 5679 C,
894 5616 1089 5684 ἀλόγου
1105 5615 1169 5670 D.
1213 5614 1256 5646 “’
1275 5614 1498 5670 πέλεκα.
1518 5615 1751 5670 πέλεκυν
1779 5615 1841 5677 C.
1861 5616 1924 5678 ν,
1948 5616 2013 5670 D.
2041 5616 2162 5670 Mox
2185 5614 2275 5667 τὸν
2294 5613 2512 5684 σίδηρον
2536 5615 2600 5670 D.
2628 5614 2672 5647 ¹⁸
2705 5613 2766 5667 οὐ
2799 5614 3057 5684 σμικράν.
3080 5613 3163 5684 ,ὡς
3189 5609 3388 5684 μικρριν
3409 5608 3472 5664 C.
3531 5610 3690 5684 ‘frﬁq

412 5687 771 5758 ἡδυπαθείας.
800 5690 900 5757 τῆς
933 5701 1044 5740 om.
1071 5686 1134 5742 C.
1229 5687 1271 5717 ”
1309 5686 1662 5756 περιπείροντ

413 5757 704 5812 λαύσουσιν
733 5756 797 5812 ν.
911 5757 957 5788 ²⁰
989 5758 1080 5811 τὸν
1114 5757 1314 5812 συώδη.
1357 5757 1450 5810 τὸν
1476 5771 1586 5810 om.
1622 5756 1662 5812 C

417 5771 704 5812 λαυσουσιν
740 5771 797 5812 v.
912 5771 957 5788 ιν
989 5771 1080 5811 τον
1114 5771 1314 5826 συωοη.
1357 5771 1450 5810 τον
1476 5771 1586 5810 om.
1622 5771 1685 5812 υ.

414 5856 487 5874 σ-
508 5827 839 5898 ὲπίγραμμα
867 5826 934 5892 Ι),
967 5827 1032 5893 V,
1068 5827 1160 5897 qui
1196 5843 1320 5882 mox
1354 5827 1754 5901 ἐπεγέγραπτο.

1229 5687 1271 5717 ¹⁷
1309 5686 1742 5756 περιπείρονται.
1775 5689 2169 5756 περιπήρονται
2203 5684 2264 5741 C.

1794 5754 2083 5826 Τόρέγειν
2113 5757 2228 5809 καί.
2279 5755 2380 5811 Hic
2419 5754 2623 5810 desinit
2647 5754 2708 5810 C.

1867 5822 1914 5858 ’⁵
1948 5822 2169 5880 ἔπαθον.
2195 5827 2355 5898 ἐδάην
2387 5827 2450 5889 D,
2487 5827 2580 5896 qui
2618 5827 2770 5880 κεῖνα
2797 5839 2897 5895 pro
2935 5822 3132 5878 πάντα.

2385 5681 2442 5755 ην
2462 5685 2522 5738 τὸ
2544 5687 2636 5754 τῇ.
2665 5683 2753 5755 ,τῷ
2777 5681 2952 5755 τῇλϐ(
3051 5683 3108 5755 "7
3126 5681 3512 5755 ἀπολαύουσιν.
3548 5682 3687 5755 duo:

2823 5750 2868 5783 ”
2899 5753 2968 5807 τὰ
2995 5783 3066 5824 τ-
3097 5752 3576 5824 ἐπιγεγραμμένα.
3622 5750 3686 5807 τὸ
