  <div class='ocr_page' id='page_1' title='image "/cluster/home/n/w/nwhite01/storage/ocr_20150623/83:no.4/coo.31924054869841/583.png"; bbox 0 0 4056 6420; ppageno 0'>
   <div class='ocr_carea' id='block_1_1' title="bbox 426 399 557 470">
    <p class='ocr_par' dir='ltr' id='par_1_1' title="bbox 426 399 557 470">
     <span class='ocr_line' id='line_1_1' title="bbox 426 399 557 470; baseline 0 -1"><span class='ocrx_word' id='word_1_1' title='bbox 426 399 557 470; x_wconf 78' lang='grc'><strong>1151</strong></span> 
     </span>
    </p>
   </div>
   <div class='ocr_carea' id='block_1_2' title="bbox 1413 400 2681 465">
    <p class='ocr_par' dir='ltr' id='par_1_2' title="bbox 1413 400 2681 465">
     <span class='ocr_line' id='line_1_2' title="bbox 1413 400 2681 465; baseline 0 -2"><span class='ocrx_word' id='word_1_2' title='bbox 1413 401 1898 465; x_wconf 82' lang='lat' dir='ltr'><strong>THEODORETI</strong></span> <span class='ocrx_word' id='word_1_3' title='bbox 1936 400 2278 464; x_wconf 89' lang='lat' dir='ltr'><strong>EPISCOPI</strong></span> <span class='ocrx_word' id='word_1_4' title='bbox 2316 400 2681 464; x_wconf 84' lang='lat' dir='ltr'><strong>CYRENSIS</strong></span> 
     </span>
    </p>
   </div>
   <div class='ocr_carea' id='block_1_3' title="bbox 3546 396 3674 472">
    <p class='ocr_par' dir='ltr' id='par_1_3' title="bbox 3546 396 3674 472">
     <span class='ocr_line' id='line_1_3' title="bbox 3546 396 3674 472; baseline 0.047 -6"><span class='ocrx_word' id='word_1_5' title='bbox 3546 396 3674 472; x_wconf 75' lang='lat'><strong>1152</strong></span> 
     </span>
    </p>
   </div>
   <div class='ocr_carea' id='block_1_4' title="bbox 422 507 1993 585">
    <p class='ocr_par' dir='ltr' id='par_1_4' title="bbox 422 513 1993 580">
     <span class='ocr_line' id='line_1_4' title="bbox 422 513 1993 580; baseline 0 -9"><span class='ocrx_word' id='word_1_6' title='bbox 422 516 587 578; x_wconf 83' lang='lat' dir='ltr'><strong>teria.</strong></span> <span class='ocrx_word' id='word_1_7' title='bbox 614 523 672 572; x_wconf 89' lang='lat' dir='ltr'><strong>et</strong></span> <span class='ocrx_word' id='word_1_8' title='bbox 704 514 897 571; x_wconf 86' lang='lat' dir='ltr'><strong>mundi</strong></span> <span class='ocrx_word' id='word_1_9' title='bbox 930 513 1154 580; x_wconf 81' lang='lat' dir='ltr'><strong>fabrica,</strong></span> <span class='ocrx_word' id='word_1_10' title='bbox 1190 520 1247 570; x_wconf 89' lang='lat' dir='ltr'><strong>et</strong></span> <span class='ocrx_word' id='word_1_11' title='bbox 1272 513 1341 570; x_wconf 90' lang='lat' dir='ltr'><strong>de</strong></span> <span class='ocrx_word' id='word_1_12' title='bbox 1373 514 1576 570; x_wconf 86' lang='lat' dir='ltr'><strong>virtute</strong></span> <span class='ocrx_word' id='word_1_13' title='bbox 1611 530 1677 569; x_wconf 86' lang='lat' dir='ltr'><strong>ac</strong></span> <span class='ocrx_word' id='word_1_14' title='bbox 1708 514 1844 571; x_wconf 83' lang='lat' dir='ltr'><strong>vitio</strong></span> <span class='ocrx_word' id='word_1_15' title='bbox 1876 529 1993 571; x_wconf 87' lang='lat' dir='ltr'><strong>sen-</strong></span> 
     </span>
    </p>
   </div>
   <div class='ocr_carea' id='block_1_5' title="bbox 2100 507 3673 585">
    <p class='ocr_par' dir='ltr' id='par_1_5' title="bbox 2106 507 3673 585">
     <span class='ocr_line' id='line_1_5' title="bbox 2106 507 3673 585; baseline -0.002 -18"><span class='ocrx_word' id='word_1_16' title='bbox 2106 513 2241 567; x_wconf 75' lang='grc' dir='ltr'>Θεοῦ</span> <span class='ocrx_word' id='word_1_17' title='bbox 2277 514 2372 568; x_wconf 73' lang='grc' dir='ltr'>καὶ</span> <span class='ocrx_word' id='word_1_18' title='bbox 2397 512 2529 583; x_wconf 80' lang='grc' dir='ltr'>ὕλης</span> <span class='ocrx_word' id='word_1_19' title='bbox 2548 513 2645 566; x_wconf 74' lang='grc' dir='ltr'>καὶ</span> <span class='ocrx_word' id='word_1_20' title='bbox 2668 511 2896 574; x_wconf 78' lang='grc' dir='ltr'><strong>κτίσεως</strong></span> <span class='ocrx_word' id='word_1_21' title='bbox 2921 510 3016 564; x_wconf 70' lang='grc' dir='ltr'><strong>καὶ</strong></span> <span class='ocrx_word' id='word_1_22' title='bbox 3043 508 3226 581; x_wconf 72' lang='grc' dir='ltr'>μέντοι</span> <span class='ocrx_word' id='word_1_23' title='bbox 3251 507 3344 563; x_wconf 82' lang='grc' dir='ltr'>καὶ</span> <span class='ocrx_word' id='word_1_24' title='bbox 3364 508 3558 585; x_wconf 77' lang='grc' dir='ltr'>ἀρετῆς</span> <span class='ocrx_word' id='word_1_25' title='bbox 3581 516 3673 571; x_wconf 79' lang='grc' dir='ltr'>καὶ</span> 
     </span>
    </p>
   </div>
   <div class='ocr_carea' id='block_1_6' title="bbox 420 599 1993 676">
    <p class='ocr_par' dir='ltr' id='par_1_6' title="bbox 420 603 1993 676">
     <span class='ocr_line' id='line_1_6' title="bbox 420 603 1993 676; baseline -0.002 -13"><span class='ocrx_word' id='word_1_26' title='bbox 420 606 783 663; x_wconf 70' lang='lat' dir='ltr'><strong>serintGraaci</strong></span> <span class='ocrx_word' id='word_1_27' title='bbox 809 605 1143 676; x_wconf 81' lang='lat' dir='ltr'><strong>philosophi,</strong></span> <span class='ocrx_word' id='word_1_28' title='bbox 1170 613 1227 659; x_wconf 90' lang='lat' dir='ltr'><strong>et</strong></span> <span class='ocrx_word' id='word_1_29' title='bbox 1253 618 1501 674; x_wconf 67' lang='lat' dir='ltr'><strong>quaenam</strong></span> <span class='ocrx_word' id='word_1_30' title='bbox 1526 603 1722 659; x_wconf 86' lang='lat' dir='ltr'><strong>iisdem</strong></span> <span class='ocrx_word' id='word_1_31' title='bbox 1740 604 1809 660; x_wconf 88' lang='lat' dir='ltr'><strong>de</strong></span> <span class='ocrx_word' id='word_1_32' title='bbox 1836 605 1993 660; x_wconf 82' lang='lat' dir='ltr'><strong>rebus</strong></span> 
     </span>
    </p>
   </div>
   <div class='ocr_carea' id='block_1_7' title="bbox 2100 599 3673 676">
    <p class='ocr_par' dir='ltr' id='par_1_7' title="bbox 2105 599 3673 670">
     <span class='ocr_line' id='line_1_7' title="bbox 2105 599 3673 670; baseline 0.001 -11"><span class='ocrx_word' id='word_1_33' title='bbox 2105 605 2304 667; x_wconf 78' lang='grc' dir='ltr'><strong>κακίας</strong></span> <span class='ocrx_word' id='word_1_34' title='bbox 2328 607 2442 668; x_wconf 81' lang='grc' dir='ltr'>τοῖς</span> <span class='ocrx_word' id='word_1_35' title='bbox 2472 603 2581 657; x_wconf 86' lang='grc' dir='ltr'><strong>τῶν</strong></span> <span class='ocrx_word' id='word_1_36' title='bbox 2615 602 2886 660; x_wconf 82' lang='grc' dir='ltr'>Ἑλλήνων</span> <span class='ocrx_word' id='word_1_37' title='bbox 2911 599 3058 667; x_wconf 70' lang='grc' dir='ltr'>εδοξε</span> <span class='ocrx_word' id='word_1_38' title='bbox 3080 600 3409 670; x_wconf 78' lang='grc' dir='ltr'>φιλοσόφοις,</span> <span class='ocrx_word' id='word_1_39' title='bbox 3442 606 3533 657; x_wconf 56' lang='grc' dir='ltr'><strong>καὶ¹</strong></span> <span class='ocrx_word' id='word_1_40' title='bbox 3555 607 3673 662; x_wconf 88' lang='grc' dir='ltr'>τίνα</span> 
     </span>
    </p>
   </div>
   <div class='ocr_carea' id='block_1_8' title="bbox 419 695 1999 763">
    <p class='ocr_par' dir='ltr' id='par_1_8' title="bbox 419 695 1999 763">
     <span class='ocr_line' id='line_1_8' title="bbox 419 695 1999 763; baseline -0.002 -11"><span class='ocrx_word' id='word_1_41' title='bbox 419 714 591 753; x_wconf 72' lang='lat' dir='ltr'><strong>sacra:</strong></span> <span class='ocrx_word' id='word_1_42' title='bbox 612 713 713 751; x_wconf 90' lang='lat' dir='ltr'><strong>nos</strong></span> <span class='ocrx_word' id='word_1_43' title='bbox 746 697 969 750; x_wconf 73' lang='lat' dir='ltr'><strong>Littera:</strong></span> <span class='ocrx_word' id='word_1_44' title='bbox 1002 695 1324 758; x_wconf 77' lang='lat' dir='ltr'><strong>docuerint;</strong></span> <span class='ocrx_word' id='word_1_45' title='bbox 1361 702 1419 748; x_wconf 90' lang='lat' dir='ltr'><strong>et</strong></span> <span class='ocrx_word' id='word_1_46' title='bbox 1447 709 1557 763; x_wconf 93' lang='lat' dir='ltr'><strong>quo</strong></span> <span class='ocrx_word' id='word_1_47' title='bbox 1585 703 1746 763; x_wconf 89' lang='lat' dir='ltr'><strong>pacto</strong></span> <span class='ocrx_word' id='word_1_48' title='bbox 1780 695 1999 751; x_wconf 85' lang='lat' dir='ltr'><strong>illorum</strong></span> 
     </span>
    </p>
   </div>
   <div class='ocr_carea' id='block_1_9' title="bbox 420 785 2000 859">
    <p class='ocr_par' dir='ltr' id='par_1_9' title="bbox 420 785 2000 859">
     <span class='ocr_line' id='line_1_9' title="bbox 420 785 2000 859; baseline 0 -16"><span class='ocrx_word' id='word_1_49' title='bbox 420 789 646 859; x_wconf 73' lang='lat' dir='ltr'><strong>quidem</strong></span> <span class='ocrx_word' id='word_1_50' title='bbox 679 788 787 857; x_wconf 86' lang='lat' dir='ltr'><strong>jam</strong></span> <span class='ocrx_word' id='word_1_51' title='bbox 816 787 1088 841; x_wconf 80' lang='lat' dir='ltr'><strong>exstincta</strong></span> <span class='ocrx_word' id='word_1_52' title='bbox 1115 785 1227 839; x_wconf 85' lang='lat' dir='ltr'><strong>sint</strong></span> <span class='ocrx_word' id='word_1_53' title='bbox 1254 786 1460 849; x_wconf 83' lang='lat' dir='ltr'><strong>omnia,</strong></span> <span class='ocrx_word' id='word_1_54' title='bbox 1500 793 1558 840; x_wconf 89' lang='lat' dir='ltr'><strong>et</strong></span> <span class='ocrx_word' id='word_1_55' title='bbox 1583 787 1877 843; x_wconf 82' lang='lat' dir='ltr'><strong>oblivionis</strong></span> <span class='ocrx_word' id='word_1_56' title='bbox 1905 803 2000 843; x_wconf 90' lang='lat' dir='ltr'><strong>ca-</strong></span> 
     </span>
    </p>
   </div>
   <div class='ocr_carea' id='block_1_10' title="bbox 418 876 1996 950">
    <p class='ocr_par' dir='ltr' id='par_1_10' title="bbox 418 876 1996 950">
     <span class='ocr_line' id='line_1_10' title="bbox 418 876 1996 950; baseline -0.001 -17"><span class='ocrx_word' id='word_1_57' title='bbox 418 880 587 950; x_wconf 80' lang='lat' dir='ltr'><strong>ligine</strong></span> <span class='ocrx_word' id='word_1_58' title='bbox 611 880 872 943; x_wconf 86' lang='lat' dir='ltr'><strong>involuta,</strong></span> <span class='ocrx_word' id='word_1_59' title='bbox 897 888 1084 932; x_wconf 87' lang='lat' dir='ltr'><strong>nostra</strong></span> <span class='ocrx_word' id='word_1_60' title='bbox 1115 892 1248 932; x_wconf 89' lang='lat' dir='ltr'><strong>vero</strong></span> <span class='ocrx_word' id='word_1_61' title='bbox 1277 877 1394 931; x_wconf 71' lang='lat' dir='ltr'><strong>haec</strong></span> <span class='ocrx_word' id='word_1_62' title='bbox 1415 876 1646 932; x_wconf 85' lang='lat' dir='ltr'><strong>ﬂoreant</strong></span> <span class='ocrx_word' id='word_1_63' title='bbox 1666 892 1731 932; x_wconf 90' lang='lat' dir='ltr'><strong>ac</strong></span> <span class='ocrx_word' id='word_1_64' title='bbox 1755 878 1996 947; x_wconf 79' lang='lat' dir='ltr'><strong>vigeant,</strong></span> 
     </span>
    </p>
   </div>
   <div class='ocr_carea' id='block_1_11' title="bbox 420 969 2000 1039">
    <p class='ocr_par' dir='ltr' id='par_1_11' title="bbox 420 969 2000 1039">
     <span class='ocr_line' id='line_1_11' title="bbox 420 969 2000 1039; baseline 0 -16"><span class='ocrx_word' id='word_1_65' title='bbox 420 970 834 1039; x_wconf 84' lang='lat' dir='ltr'><strong>innumerisque</strong></span> <span class='ocrx_word' id='word_1_66' title='bbox 883 985 980 1039; x_wconf 90' lang='lat' dir='ltr'><strong>per</strong></span> <span class='ocrx_word' id='word_1_67' title='bbox 1023 969 1268 1039; x_wconf 75' lang='lat' dir='ltr'><strong>singulas</strong></span> <span class='ocrx_word' id='word_1_68' title='bbox 1299 969 1553 1023; x_wconf 89' lang='lat' dir='ltr'><strong>civitates</strong></span> <span class='ocrx_word' id='word_1_69' title='bbox 1596 976 1653 1021; x_wconf 91' lang='lat' dir='ltr'><strong>et</strong></span> <span class='ocrx_word' id='word_1_70' title='bbox 1687 969 2000 1037; x_wconf 82' lang='lat' dir='ltr'><strong>provincias</strong></span> 
     </span>
    </p>
   </div>
   <div class='ocr_carea' id='block_1_12' title="bbox 418 1059 1994 1129">
    <p class='ocr_par' dir='ltr' id='par_1_12' title="bbox 418 1059 1994 1129">
     <span class='ocr_line' id='line_1_12' title="bbox 418 1059 1994 1129; baseline 0 -15"><span class='ocrx_word' id='word_1_71' title='bbox 418 1059 766 1115; x_wconf 85' lang='lat' dir='ltr'><strong>auditoribus</strong></span> <span class='ocrx_word' id='word_1_72' title='bbox 802 1059 1246 1129; x_wconf 80' lang='lat' dir='ltr'><strong>frequententur,</strong></span> <span class='ocrx_word' id='word_1_73' title='bbox 1283 1073 1347 1113; x_wconf 88' lang='lat' dir='ltr'><strong>ac</strong></span> <span class='ocrx_word' id='word_1_74' title='bbox 1380 1059 1675 1128; x_wconf 83' lang='lat' dir='ltr'><strong>magistris,</strong></span> <span class='ocrx_word' id='word_1_75' title='bbox 1714 1060 1994 1114; x_wconf 87' lang='lat' dir='ltr'><strong>Platonica</strong></span> 
     </span>
    </p>
   </div>
   <div class='ocr_carea' id='block_1_13' title="bbox 417 1148 1996 1221">
    <p class='ocr_par' dir='ltr' id='par_1_13' title="bbox 417 1148 1996 1221">
     <span class='ocr_line' id='line_1_13' title="bbox 417 1148 1996 1221; baseline 0 -17"><span class='ocrx_word' id='word_1_76' title='bbox 417 1151 638 1221; x_wconf 86' lang='lat' dir='ltr'><strong>quidem</strong></span> <span class='ocrx_word' id='word_1_77' title='bbox 672 1151 993 1205; x_wconf 86' lang='lat' dir='ltr'><strong>carentibus</strong></span> <span class='ocrx_word' id='word_1_78' title='bbox 1012 1150 1347 1219; x_wconf 89' lang='lat' dir='ltr'><strong>eloquentia,</strong></span> <span class='ocrx_word' id='word_1_79' title='bbox 1370 1148 1465 1205; x_wconf 87' lang='lat' dir='ltr'><strong>sed</strong></span> <span class='ocrx_word' id='word_1_80' title='bbox 1488 1150 1735 1205; x_wconf 87' lang='lat' dir='ltr'><strong>veritatis</strong></span> <span class='ocrx_word' id='word_1_81' title='bbox 1766 1150 1996 1205; x_wconf 86' lang='lat' dir='ltr'><strong>medici-</strong></span> 
     </span>
    </p>
   </div>
   <div class='ocr_carea' id='block_1_14' title="bbox 416 1242 1996 1312">
    <p class='ocr_par' dir='ltr' id='par_1_14' title="bbox 416 1242 1996 1312">
     <span class='ocr_line' id='line_1_14' title="bbox 416 1242 1996 1312; baseline 0.001 -16"><span class='ocrx_word' id='word_1_82' title='bbox 416 1258 542 1298; x_wconf 88' lang='lat' dir='ltr'><strong>nam</strong></span> <span class='ocrx_word' id='word_1_83' title='bbox 585 1242 957 1312; x_wconf 65' lang='lat' dir='ltr'><strong>praebentibus</strong></span> <span class='ocrx_word' id='word_1_84' title='bbox 1008 1260 1021 1295; x_wconf 89' lang='lat'><strong>:</strong></span> <span class='ocrx_word' id='word_1_85' title='bbox 1063 1251 1118 1296; x_wconf 89' lang='lat' dir='ltr'><strong>ct</strong></span> <span class='ocrx_word' id='word_1_86' title='bbox 1167 1242 1429 1295; x_wconf 83' lang='lat' dir='ltr'><strong>falsorum</strong></span> <span class='ocrx_word' id='word_1_87' title='bbox 1489 1242 1713 1312; x_wconf 86' lang='lat' dir='ltr'><strong>quidem</strong></span> <span class='ocrx_word' id='word_1_88' title='bbox 1763 1242 1996 1303; x_wconf 89' lang='lat' dir='ltr'><strong>deorum</strong></span> 
     </span>
    </p>
   </div>
   <div class='ocr_carea' id='block_1_15' title="bbox 417 1331 1996 1403">
    <p class='ocr_par' dir='ltr' id='par_1_15' title="bbox 417 1331 1996 1403">
     <span class='ocr_line' id='line_1_15' title="bbox 417 1331 1996 1403; baseline 0.002 -17"><span class='ocrx_word' id='word_1_89' title='bbox 417 1332 708 1401; x_wconf 88' lang='lat' dir='ltr'><strong>depulsum</strong></span> <span class='ocrx_word' id='word_1_90' title='bbox 729 1347 996 1395; x_wconf 90' lang='lat' dir='ltr'><strong>errorem,</strong></span> <span class='ocrx_word' id='word_1_91' title='bbox 1014 1331 1323 1386; x_wconf 83' lang='lat' dir='ltr'><strong>Servatoris</strong></span> <span class='ocrx_word' id='word_1_92' title='bbox 1342 1340 1527 1387; x_wconf 88' lang='lat' dir='ltr'><strong>autem</strong></span> <span class='ocrx_word' id='word_1_93' title='bbox 1547 1334 1722 1387; x_wconf 88' lang='lat' dir='ltr'><strong>nostri</strong></span> <span class='ocrx_word' id='word_1_94' title='bbox 1742 1333 1996 1403; x_wconf 85' lang='lat' dir='ltr'><strong>dogmata</strong></span> 
     </span>
    </p>
   </div>
   <div class='ocr_carea' id='block_1_16' title="bbox 415 1423 1992 1496">
    <p class='ocr_par' dir='ltr' id='par_1_16' title="bbox 415 1423 1992 1496">
     <span class='ocr_line' id='line_1_16' title="bbox 415 1423 1992 1496; baseline 0.003 -19"><span class='ocrx_word' id='word_1_95' title='bbox 415 1426 784 1494; x_wconf 72' lang='lat' dir='ltr'><strong>promulgata.</strong></span> <span class='ocrx_word' id='word_1_96' title='bbox 816 1425 931 1479; x_wconf 80' lang='lat' dir='ltr'><strong>Hoc</strong></span> <span class='ocrx_word' id='word_1_97' title='bbox 960 1424 1106 1478; x_wconf 90' lang='lat' dir='ltr'><strong>enim</strong></span> <span class='ocrx_word' id='word_1_98' title='bbox 1139 1433 1196 1479; x_wconf 85' lang='lat' dir='ltr'><strong>et</strong></span> <span class='ocrx_word' id='word_1_99' title='bbox 1240 1423 1455 1496; x_wconf 60' lang='lat'><strong>1040</strong></span> <span class='ocrx_word' id='word_1_100' title='bbox 1493 1424 1828 1496; x_wconf 86' lang='lat' dir='ltr'><strong>Porphyrius</strong></span> <span class='ocrx_word' id='word_1_101' title='bbox 1854 1426 1992 1496; x_wconf 88' lang='lat' dir='ltr'><strong>ipse,</strong></span> 
     </span>
    </p>
   </div>
   <div class='ocr_carea' id='block_1_17' title="bbox 418 1515 1996 1586">
    <p class='ocr_par' dir='ltr' id='par_1_17' title="bbox 418 1515 1996 1586">
     <span class='ocr_line' id='line_1_17' title="bbox 418 1515 1996 1586; baseline 0.003 -18"><span class='ocrx_word' id='word_1_102' title='bbox 418 1515 473 1568; x_wconf 89' lang='lat' dir='ltr'><strong>in</strong></span> <span class='ocrx_word' id='word_1_103' title='bbox 514 1517 581 1570; x_wconf 91' lang='lat' dir='ltr'><strong>iis</strong></span> <span class='ocrx_word' id='word_1_104' title='bbox 607 1532 727 1585; x_wconf 63' lang='lat' dir='ltr'><strong>qua:</strong></span> <span class='ocrx_word' id='word_1_105' title='bbox 753 1523 942 1570; x_wconf 89' lang='lat' dir='ltr'><strong>contra</strong></span> <span class='ocrx_word' id='word_1_106' title='bbox 971 1532 1072 1570; x_wconf 91' lang='lat' dir='ltr'><strong>nos</strong></span> <span class='ocrx_word' id='word_1_107' title='bbox 1112 1517 1352 1586; x_wconf 90' lang='lat' dir='ltr'><strong>scripsit,</strong></span> <span class='ocrx_word' id='word_1_108' title='bbox 1383 1524 1615 1571; x_wconf 91' lang='lat' dir='ltr'><strong>testatus</strong></span> <span class='ocrx_word' id='word_1_109' title='bbox 1641 1523 1745 1571; x_wconf 92' lang='lat' dir='ltr'><strong>est.</strong></span> <span class='ocrx_word' id='word_1_110' title='bbox 1787 1535 1806 1566; x_wconf 81' lang='grc' dir='ltr'><strong><em>σ</em></strong></span> <span class='ocrx_word' id='word_1_111' title='bbox 1838 1517 1996 1572; x_wconf 87' lang='lat' dir='ltr'><strong>Nunc</strong></span> 
     </span>
    </p>
   </div>
   <div class='ocr_carea' id='block_1_18' title="bbox 417 1607 1996 1677">
    <p class='ocr_par' dir='ltr' id='par_1_18' title="bbox 417 1607 1996 1677">
     <span class='ocr_line' id='line_1_18' title="bbox 417 1607 1996 1677; baseline 0.001 -17"><span class='ocrx_word' id='word_1_112' title='bbox 417 1616 622 1672; x_wconf 87' lang='lat' dir='ltr'><strong>autem,</strong></span> <span class='ocrx_word' id='word_1_113' title='bbox 658 1607 855 1676; x_wconf 89' lang='lat' dir='ltr'><strong>inquit,</strong></span> <span class='ocrx_word' id='word_1_114' title='bbox 888 1607 1159 1661; x_wconf 86' lang='lat' dir='ltr'><strong>mirantur</strong></span> <span class='ocrx_word' id='word_1_115' title='bbox 1191 1622 1291 1677; x_wconf 91' lang='lat' dir='ltr'><strong>per</strong></span> <span class='ocrx_word' id='word_1_116' title='bbox 1328 1614 1408 1661; x_wconf 90' lang='lat' dir='ltr'><strong>tot</strong></span> <span class='ocrx_word' id='word_1_117' title='bbox 1437 1607 1551 1676; x_wconf 87' lang='lat' dir='ltr'><strong>jam</strong></span> <span class='ocrx_word' id='word_1_118' title='bbox 1590 1622 1766 1663; x_wconf 86' lang='lat' dir='ltr'><strong>annos</strong></span> <span class='ocrx_word' id='word_1_119' title='bbox 1802 1607 1996 1662; x_wconf 86' lang='lat' dir='ltr'><strong>civita-</strong></span> 
     </span>
    </p>
   </div>
   <div class='ocr_carea' id='block_1_19' title="bbox 418 1698 1993 1769">
    <p class='ocr_par' dir='ltr' id='par_1_19' title="bbox 418 1698 1993 1769">
     <span class='ocr_line' id='line_1_19' title="bbox 418 1698 1993 1769; baseline 0.001 -16"><span class='ocrx_word' id='word_1_120' title='bbox 418 1708 527 1753; x_wconf 85' lang='lat' dir='ltr'><strong>tem</strong></span> <span class='ocrx_word' id='word_1_121' title='bbox 572 1698 765 1751; x_wconf 89' lang='lat' dir='ltr'><strong>morbo</strong></span> <span class='ocrx_word' id='word_1_122' title='bbox 806 1708 1114 1768; x_wconf 75' lang='lat' dir='ltr'><strong>correptam</strong></span> <span class='ocrx_word' id='word_1_123' title='bbox 1163 1700 1361 1763; x_wconf 86' lang='lat' dir='ltr'><strong>teneri,</strong></span> <span class='ocrx_word' id='word_1_124' title='bbox 1407 1714 1531 1754; x_wconf 92' lang='lat' dir='ltr'><strong>cum</strong></span> <span class='ocrx_word' id='word_1_125' title='bbox 1574 1714 1755 1769; x_wconf 90' lang='lat' dir='ltr'><strong>neque</strong></span> <span class='ocrx_word' id='word_1_126' title='bbox 1796 1698 1993 1754; x_wconf 66' lang='lat' dir='ltr'><strong>Escu-</strong></span> 
     </span>
    </p>
   </div>
   <div class='ocr_carea' id='block_1_20' title="bbox 416 1788 1992 1861">
    <p class='ocr_par' dir='ltr' id='par_1_20' title="bbox 416 1788 1992 1861">
     <span class='ocr_line' id='line_1_20' title="bbox 416 1788 1992 1861; baseline 0.003 -19"><span class='ocrx_word' id='word_1_127' title='bbox 416 1788 569 1858; x_wconf 86' lang='lat' dir='ltr'><strong>lapii,</strong></span> <span class='ocrx_word' id='word_1_128' title='bbox 604 1805 783 1859; x_wconf 86' lang='lat' dir='ltr'><strong>neque</strong></span> <span class='ocrx_word' id='word_1_129' title='bbox 811 1790 1044 1844; x_wconf 84' lang='lat' dir='ltr'><strong>aliorum</strong></span> <span class='ocrx_word' id='word_1_130' title='bbox 1085 1790 1250 1845; x_wconf 90' lang='lat' dir='ltr'><strong>deum</strong></span> <span class='ocrx_word' id='word_1_131' title='bbox 1280 1792 1351 1846; x_wconf 87' lang='lat' dir='ltr'><strong>sit</strong></span> <span class='ocrx_word' id='word_1_132' title='bbox 1386 1791 1623 1861; x_wconf 87' lang='lat' dir='ltr'><strong>amplius</strong></span> <span class='ocrx_word' id='word_1_133' title='bbox 1658 1791 1715 1845; x_wconf 92' lang='lat' dir='ltr'><strong>in</strong></span> <span class='ocrx_word' id='word_1_134' title='bbox 1751 1807 1873 1846; x_wconf 89' lang='lat' dir='ltr'><strong>eam</strong></span> <span class='ocrx_word' id='word_1_135' title='bbox 1897 1806 1992 1847; x_wconf 89' lang='lat' dir='ltr'><strong>ac-</strong></span> 
     </span>
    </p>
   </div>
   <div class='ocr_carea' id='block_1_21' title="bbox 2103 691 3674 766">
    <p class='ocr_par' dir='ltr' id='par_1_21' title="bbox 2103 691 3674 766">
     <span class='ocr_line' id='line_1_21' title="bbox 2103 691 3674 766; baseline 0.002 -18"><span class='ocrx_word' id='word_1_136' title='bbox 2103 696 2250 766; x_wconf 78' lang='grc' dir='ltr'><strong>ήμᾶς</strong></span> <span class='ocrx_word' id='word_1_137' title='bbox 2269 695 2321 748; x_wconf 83' lang='lat' dir='ltr'><strong>oi</strong></span> <span class='ocrx_word' id='word_1_138' title='bbox 2349 695 2483 748; x_wconf 82' lang='grc' dir='ltr'>θεῖοι</span> <span class='ocrx_word' id='word_1_139' title='bbox 2511 694 2898 761; x_wconf 79' lang='grc' dir='ltr'>ὲξεπαίδευσαν</span> <span class='ocrx_word' id='word_1_140' title='bbox 2920 691 2967 724; x_wconf 61' lang='grc' dir='ltr'>’δ</span> <span class='ocrx_word' id='word_1_141' title='bbox 2995 692 3178 760; x_wconf 25' lang='grc' dir='ltr'>λόγοιί·</span> <span class='ocrx_word' id='word_1_142' title='bbox 3205 694 3298 744; x_wconf 62' lang='grc' dir='ltr'><strong>καὶ⁵</strong></span> <span class='ocrx_word' id='word_1_143' title='bbox 3327 691 3403 756; x_wconf 81' lang='grc' dir='ltr'>ὡς</span> <span class='ocrx_word' id='word_1_144' title='bbox 3432 692 3674 751; x_wconf 72' lang='grc' dir='ltr'>ἔσϐεσται</span> 
     </span>
    </p>
   </div>
   <div class='ocr_carea' id='block_1_22' title="bbox 2107 784 3673 861">
    <p class='ocr_par' dir='ltr' id='par_1_22' title="bbox 2107 784 3673 861">
     <span class='ocr_line' id='line_1_22' title="bbox 2107 784 3673 861; baseline 0.001 -22"><span class='ocrx_word' id='word_1_145' title='bbox 2107 790 2211 856; x_wconf 74' lang='grc' dir='ltr'>μὲν</span> <span class='ocrx_word' id='word_1_146' title='bbox 2260 786 2330 840; x_wconf 79' lang='grc' dir='ltr'><strong>τὰ</strong></span> <span class='ocrx_word' id='word_1_147' title='bbox 2376 787 2602 840; x_wconf 77' lang='grc' dir='ltr'>ἐκείνων</span> <span class='ocrx_word' id='word_1_148' title='bbox 2640 785 2861 839; x_wconf 74' lang='grc' dir='ltr'>ἅπαντα</span> <span class='ocrx_word' id='word_1_149' title='bbox 2902 786 2997 839; x_wconf 74' lang='grc' dir='ltr'>καὶ</span> <span class='ocrx_word' id='word_1_150' title='bbox 3030 784 3394 853; x_wconf 81' lang='grc' dir='ltr'><strong>παραδέδοται</strong></span> <span class='ocrx_word' id='word_1_151' title='bbox 3425 786 3504 857; x_wconf 84' lang='grc' dir='ltr'>τῷ</span> <span class='ocrx_word' id='word_1_152' title='bbox 3531 787 3673 861; x_wconf 80' lang='grc' dir='ltr'>ζόφῳ</span> 
     </span>
    </p>
   </div>
   <div class='ocr_carea' id='block_1_23' title="bbox 2100 875 3677 947">
    <p class='ocr_par' dir='ltr' id='par_1_23' title="bbox 2100 875 3677 947">
     <span class='ocr_line' id='line_1_23' title="bbox 2100 875 3677 947; baseline 0.003 -18"><span class='ocrx_word' id='word_1_153' title='bbox 2100 878 2198 947; x_wconf 82' lang='grc' dir='ltr'>τῆς</span> <span class='ocrx_word' id='word_1_154' title='bbox 2233 876 2429 947; x_wconf 82' lang='grc' dir='ltr'>λήθης,</span> <span class='ocrx_word' id='word_1_155' title='bbox 2473 878 2627 931; x_wconf 83' lang='grc' dir='ltr'>ἀνθεῖ</span> <span class='ocrx_word' id='word_1_156' title='bbox 2656 877 2713 931; x_wconf 78' lang='grc' dir='ltr'>δὲ</span> <span class='ocrx_word' id='word_1_157' title='bbox 2747 875 2918 930; x_wconf 80' lang='grc' dir='ltr'>ταῦτα</span> <span class='ocrx_word' id='word_1_158' title='bbox 2956 877 3054 930; x_wconf 72' lang='grc' dir='ltr'><strong>καὶ</strong></span> <span class='ocrx_word' id='word_1_159' title='bbox 3092 876 3306 944; x_wconf 77' lang='grc' dir='ltr'><strong>τέθηλε,</strong></span> <span class='ocrx_word' id='word_1_160' title='bbox 3351 879 3444 931; x_wconf 75' lang='grc' dir='ltr'>καὶ</span> <span class='ocrx_word' id='word_1_161' title='bbox 3485 880 3677 941; x_wconf 80' lang='grc' dir='ltr'>πολλὰς</span> 
     </span>
    </p>
   </div>
   <div class='ocr_carea' id='block_1_24' title="bbox 2099 965 3676 1038">
    <p class='ocr_par' dir='ltr' id='par_1_24' title="bbox 2099 965 3676 1038">
     <span class='ocr_line' id='line_1_24' title="bbox 2099 965 3676 1038; baseline 0.006 -21"><span class='ocrx_word' id='word_1_162' title='bbox 2099 966 2212 1036; x_wconf 74' lang='grc' dir='ltr'>ἔχει</span> <span class='ocrx_word' id='word_1_163' title='bbox 2259 966 2379 1020; x_wconf 87' lang='grc' dir='ltr'>καθ’</span> <span class='ocrx_word' id='word_1_164' title='bbox 2405 968 2645 1037; x_wconf 84' lang='grc' dir='ltr'>ἑκάστην</span> <span class='ocrx_word' id='word_1_165' title='bbox 2694 968 2791 1020; x_wconf 74' lang='grc' dir='ltr'>καὶ</span> <span class='ocrx_word' id='word_1_166' title='bbox 2841 965 2994 1020; x_wconf 90' lang='grc' dir='ltr'>πόλιν</span> <span class='ocrx_word' id='word_1_167' title='bbox 3028 967 3123 1019; x_wconf 76' lang='grc' dir='ltr'>καὶ</span> <span class='ocrx_word' id='word_1_168' title='bbox 3165 965 3349 1038; x_wconf 85' lang='grc' dir='ltr'>χώραν</span> <span class='ocrx_word' id='word_1_169' title='bbox 3397 969 3676 1038; x_wconf 78' lang='grc' dir='ltr'><strong>ἀκροατῶν</strong></span> 
     </span>
    </p>
   </div>
   <div class='ocr_carea' id='block_1_25' title="bbox 2103 1058 3677 1132">
    <p class='ocr_par' dir='ltr' id='par_1_25' title="bbox 2103 1058 3677 1132">
     <span class='ocr_line' id='line_1_25' title="bbox 2103 1058 3677 1132; baseline 0.003 -21"><span class='ocrx_word' id='word_1_170' title='bbox 2103 1059 2374 1129; x_wconf 79' lang='grc' dir='ltr'><strong>μυριάδας</strong></span> <span class='ocrx_word' id='word_1_171' title='bbox 2401 1059 2498 1113; x_wconf 82' lang='grc' dir='ltr'>καὶ</span> <span class='ocrx_word' id='word_1_172' title='bbox 2536 1059 2909 1124; x_wconf 76' lang='grc' dir='ltr'>διδασκάλους,</span> <span class='ocrx_word' id='word_1_173' title='bbox 2939 1058 3037 1129; x_wconf 85' lang='grc' dir='ltr'>τὴν</span> <span class='ocrx_word' id='word_1_174' title='bbox 3071 1059 3170 1130; x_wconf 75' lang='grc' dir='ltr'>μὲν</span> <span class='ocrx_word' id='word_1_175' title='bbox 3200 1058 3556 1132; x_wconf 83' lang='grc' dir='ltr'>Πλατωνικὴν</span> <span class='ocrx_word' id='word_1_176' title='bbox 3586 1062 3677 1115; x_wconf 76' lang='grc' dir='ltr'><strong>εὑ-</strong></span> 
     </span>
    </p>
   </div>
   <div class='ocr_carea' id='block_1_26' title="bbox 2098 1149 3679 1222">
    <p class='ocr_par' dir='ltr' id='par_1_26' title="bbox 2098 1149 3679 1222">
     <span class='ocr_line' id='line_1_26' title="bbox 2098 1149 3679 1222; baseline 0.002 -19"><span class='ocrx_word' id='word_1_177' title='bbox 2098 1151 2259 1203; x_wconf 88' lang='grc' dir='ltr'>επίαν</span> <span class='ocrx_word' id='word_1_178' title='bbox 2297 1151 2398 1203; x_wconf 85' lang='grc' dir='ltr'>οὐκ</span> <span class='ocrx_word' id='word_1_179' title='bbox 2446 1150 2690 1222; x_wconf 78' lang='grc' dir='ltr'>ἔχοντας,</span> <span class='ocrx_word' id='word_1_180' title='bbox 2741 1150 2841 1219; x_wconf 83' lang='grc' dir='ltr'>τὴν</span> <span class='ocrx_word' id='word_1_181' title='bbox 2888 1149 2946 1203; x_wconf 72' lang='grc' dir='ltr'>δὲ</span> <span class='ocrx_word' id='word_1_182' title='bbox 2980 1150 3081 1219; x_wconf 85' lang='grc' dir='ltr'>τῆς</span> <span class='ocrx_word' id='word_1_183' title='bbox 3127 1149 3389 1218; x_wconf 78' lang='grc' dir='ltr'>ἀληθείας</span> <span class='ocrx_word' id='word_1_184' title='bbox 3439 1152 3679 1221; x_wconf 75' lang='grc' dir='ltr'>ἰατρείαν</span> 
     </span>
    </p>
   </div>
   <div class='ocr_carea' id='block_1_27' title="bbox 2098 1240 3678 1313">
    <p class='ocr_par' dir='ltr' id='par_1_27' title="bbox 2098 1240 3678 1313">
     <span class='ocr_line' id='line_1_27' title="bbox 2098 1240 3678 1313; baseline 0.001 -18"><span class='ocrx_word' id='word_1_185' title='bbox 2098 1242 2555 1313; x_wconf 82' lang='grc' dir='ltr'>προσφέροντας·.</span> <span class='ocrx_word' id='word_1_186' title='bbox 2585 1242 2678 1295; x_wconf 78' lang='grc' dir='ltr'>καὶ</span> <span class='ocrx_word' id='word_1_187' title='bbox 2721 1241 2833 1294; x_wconf 86' lang='grc' dir='ltr'><strong>τῶν</strong></span> <span class='ocrx_word' id='word_1_188' title='bbox 2880 1242 2980 1312; x_wconf 79' lang='grc' dir='ltr'>μὲν</span> <span class='ocrx_word' id='word_1_189' title='bbox 3004 1240 3379 1311; x_wconf 77' lang='grc' dir='ltr'>ψευδωνύμων</span> <span class='ocrx_word' id='word_1_190' title='bbox 3412 1241 3549 1297; x_wconf 84' lang='grc' dir='ltr'>θεῶν</span> <span class='ocrx_word' id='word_1_191' title='bbox 3591 1244 3678 1297; x_wconf 81' lang='grc' dir='ltr'><strong>τὸν</strong></span> 
     </span>
    </p>
   </div>
   <div class='ocr_carea' id='block_1_28' title="bbox 2098 1332 3682 1405">
    <p class='ocr_par' dir='ltr' id='par_1_28' title="bbox 2098 1332 3682 1405">
     <span class='ocr_line' id='line_1_28' title="bbox 2098 1332 3682 1405; baseline 0.002 -19"><span class='ocrx_word' id='word_1_192' title='bbox 2098 1333 2300 1389; x_wconf 81' lang='grc' dir='ltr'>πλάνον</span> <span class='ocrx_word' id='word_1_193' title='bbox 2339 1332 2676 1404; x_wconf 77' lang='grc' dir='ltr'>ἐληλαμένον</span> <span class='ocrx_word' id='word_1_194' title='bbox 2699 1333 2768 1398; x_wconf 75' lang='grc'><strong>’⁵,</strong></span> <span class='ocrx_word' id='word_1_195' title='bbox 2817 1332 2913 1386; x_wconf 79' lang='grc' dir='ltr'>τοῦ</span> <span class='ocrx_word' id='word_1_196' title='bbox 2942 1332 3000 1385; x_wconf 77' lang='grc' dir='ltr'>δὲ</span> <span class='ocrx_word' id='word_1_197' title='bbox 3030 1332 3300 1405; x_wconf 78' lang='grc' dir='ltr'><strong>ἡμετέρου</strong></span> <span class='ocrx_word' id='word_1_198' title='bbox 3333 1332 3585 1403; x_wconf 78' lang='grc' dir='ltr'>Σωτῆρος</span> <span class='ocrx_word' id='word_1_199' title='bbox 3612 1334 3682 1389; x_wconf 80' lang='grc' dir='ltr'><strong>τὰ</strong></span> 
     </span>
    </p>
   </div>
   <div class='ocr_carea' id='block_1_29' title="bbox 2095 1422 3683 1496">
    <p class='ocr_par' dir='ltr' id='par_1_29' title="bbox 2095 1422 3683 1496">
     <span class='ocr_line' id='line_1_29' title="bbox 2095 1422 3683 1496; baseline 0.001 -18"><span class='ocrx_word' id='word_1_200' title='bbox 2095 1425 2346 1493; x_wconf 79' lang='grc' dir='ltr'>δόγματα</span> <span class='ocrx_word' id='word_1_201' title='bbox 2389 1424 2773 1495; x_wconf 86' lang='grc' dir='ltr'>κηρυττόμενα</span> <span class='ocrx_word' id='word_1_202' title='bbox 2801 1438 2815 1452; x_wconf 84' lang='grc'><em>’</em></span> <span class='ocrx_word' id='word_1_203' title='bbox 2843 1422 3003 1478; x_wconf 78' lang='grc' dir='ltr'>τοῦτο</span> <span class='ocrx_word' id='word_1_204' title='bbox 3030 1424 3143 1495; x_wconf 85' lang='grc' dir='ltr'>γὰρ</span> <span class='ocrx_word' id='word_1_205' title='bbox 3177 1424 3244 1496; x_wconf 85' lang='grc' dir='ltr'>δὴ</span> <span class='ocrx_word' id='word_1_206' title='bbox 3278 1425 3374 1478; x_wconf 56' lang='grc' dir='ltr'><strong>καὶ¹</strong></span> <span class='ocrx_word' id='word_1_207' title='bbox 3400 1427 3430 1478; x_wconf 83' lang='grc' dir='ltr'><strong>ό</strong></span> <span class='ocrx_word' id='word_1_208' title='bbox 3468 1425 3683 1496; x_wconf 85' lang='grc' dir='ltr'>Πορφύ-</span> 
     </span>
    </p>
   </div>
   <div class='ocr_carea' id='block_1_30' title="bbox 2097 1512 3679 1590">
    <p class='ocr_par' dir='ltr' id='par_1_30' title="bbox 2097 1512 3679 1590">
     <span class='ocr_line' id='line_1_30' title="bbox 2097 1512 3679 1590; baseline 0.001 -21"><span class='ocrx_word' id='word_1_209' title='bbox 2097 1534 2212 1590; x_wconf 83' lang='grc' dir='ltr'>ριος</span> <span class='ocrx_word' id='word_1_210' title='bbox 2232 1518 2289 1570; x_wconf 69' lang='grc' dir='ltr'>ἐν</span> <span class='ocrx_word' id='word_1_211' title='bbox 2311 1512 2392 1581; x_wconf 72' lang='grc' dir='ltr'><strong>οἷς</strong></span> <span class='ocrx_word' id='word_1_212' title='bbox 2422 1517 2542 1571; x_wconf 79' lang='grc' dir='ltr'>καθ’</span> <span class='ocrx_word' id='word_1_213' title='bbox 2570 1517 2728 1587; x_wconf 77' lang='grc' dir='ltr'>ἡμῶν</span> <span class='ocrx_word' id='word_1_214' title='bbox 2760 1515 3096 1586; x_wconf 78' lang='grc' dir='ltr'>ξυνέγραψεν</span> <span class='ocrx_word' id='word_1_215' title='bbox 3121 1517 3340 1588; x_wconf 71' lang='grc' dir='ltr'>εἴρηκε.</span> <span class='ocrx_word' id='word_1_216' title='bbox 3392 1534 3412 1567; x_wconf 77' lang='grc' dir='ltr'><strong>ι</strong></span> <span class='ocrx_word' id='word_1_217' title='bbox 3445 1518 3584 1571; x_wconf 56' lang='grc' dir='ltr'><strong>Νυνὶ⁵</strong></span> <span class='ocrx_word' id='word_1_218' title='bbox 3601 1517 3679 1587; x_wconf 68' lang='grc' dir='ltr'>δὲ,</span> 
     </span>
    </p>
   </div>
   <div class='ocr_carea' id='block_1_31' title="bbox 2097 1608 3685 1680">
    <p class='ocr_par' dir='ltr' id='par_1_31' title="bbox 2097 1608 3685 1680">
     <span class='ocr_line' id='line_1_31' title="bbox 2097 1608 3685 1680; baseline 0.003 -19"><span class='ocrx_word' id='word_1_219' title='bbox 2097 1609 2250 1679; x_wconf 72' lang='grc' dir='ltr'>φησὶ,</span> <span class='ocrx_word' id='word_1_220' title='bbox 2283 1608 2660 1680; x_wconf 77' lang='grc' dir='ltr'>Θαυμάζουσιν</span> <span class='ocrx_word' id='word_1_221' title='bbox 2690 1609 2740 1661; x_wconf 85' lang='grc' dir='ltr'><strong>εί</strong></span> <span class='ocrx_word' id='word_1_222' title='bbox 2782 1608 3053 1663; x_wconf 84' lang='grc' dir='ltr'>τοσούτων</span> <span class='ocrx_word' id='word_1_223' title='bbox 3082 1608 3224 1663; x_wconf 77' lang='grc' dir='ltr'>ἑτῶν</span> <span class='ocrx_word' id='word_1_224' title='bbox 3270 1609 3571 1680; x_wconf 75' lang='grc' dir='ltr'>κατείληφε</span> <span class='ocrx_word' id='word_1_225' title='bbox 3598 1612 3685 1665; x_wconf 84' lang='grc' dir='ltr'>νό-</span> 
     </span>
    </p>
   </div>
   <div class='ocr_carea' id='block_1_32' title="bbox 2098 1700 3684 1773">
    <p class='ocr_par' dir='ltr' id='par_1_32' title="bbox 2098 1700 3684 1773">
     <span class='ocr_line' id='line_1_32' title="bbox 2098 1700 3684 1773; baseline 0.002 -20"><span class='ocrx_word' id='word_1_226' title='bbox 2098 1717 2189 1763; x_wconf 91' lang='grc' dir='ltr'><strong>σος</strong></span> <span class='ocrx_word' id='word_1_227' title='bbox 2218 1700 2316 1771; x_wconf 80' lang='grc' dir='ltr'>τὴν</span> <span class='ocrx_word' id='word_1_228' title='bbox 2357 1701 2529 1767; x_wconf 89' lang='grc' dir='ltr'>πόλιν,</span> <span class='ocrx_word' id='word_1_229' title='bbox 2590 1700 2919 1772; x_wconf 81' lang='grc' dir='ltr'>Ἀσκληπιοῦ</span> <span class='ocrx_word' id='word_1_230' title='bbox 2954 1700 3055 1772; x_wconf 79' lang='grc' dir='ltr'>μὲν</span> <span class='ocrx_word' id='word_1_231' title='bbox 3099 1700 3402 1773; x_wconf 66' lang='grc' dir='ltr'>ἐπιδημίας</span> <span class='ocrx_word' id='word_1_232' title='bbox 3448 1702 3545 1756; x_wconf 83' lang='grc' dir='ltr'>καὶ</span> <span class='ocrx_word' id='word_1_233' title='bbox 3578 1701 3684 1756; x_wconf 83' lang='grc' dir='ltr'><strong>τῶν</strong></span> 
     </span>
    </p>
   </div>
   <div class='ocr_carea' id='block_1_33' title="bbox 2097 1791 3684 1865">
    <p class='ocr_par' dir='ltr' id='par_1_33' title="bbox 2097 1791 3684 1865">
     <span class='ocr_line' id='line_1_33' title="bbox 2097 1791 3684 1865; baseline 0.003 -21"><span class='ocrx_word' id='word_1_234' title='bbox 2097 1791 2273 1846; x_wconf 79' lang='grc' dir='ltr'>ἄλλων</span> <span class='ocrx_word' id='word_1_235' title='bbox 2304 1792 2442 1846; x_wconf 84' lang='grc' dir='ltr'>θεῶν</span> <span class='ocrx_word' id='word_1_236' title='bbox 2489 1793 2592 1847; x_wconf 79' lang='grc' dir='ltr'>οὐκ</span> <span class='ocrx_word' id='word_1_237' title='bbox 2631 1791 2711 1846; x_wconf 78' lang='grc' dir='ltr'>ἔτι</span> <span class='ocrx_word' id='word_1_238' title='bbox 2743 1791 2930 1865; x_wconf 76' lang='grc' dir='ltr'>οὔσης.</span> <span class='ocrx_word' id='word_1_239' title='bbox 2976 1792 3152 1865; x_wconf 80' lang='grc' dir='ltr'>Ἰησοῦ</span> <span class='ocrx_word' id='word_1_240' title='bbox 3194 1792 3306 1865; x_wconf 81' lang='grc' dir='ltr'>γὰρ</span> <span class='ocrx_word' id='word_1_241' title='bbox 3349 1792 3684 1865; x_wconf 76' lang='grc' dir='ltr'>τιμωμένου,</span> 
     </span>
    </p>
   </div>
   <div class='ocr_carea' id='block_1_34' title="bbox 416 1878 1993 1957">
    <p class='ocr_par' dir='ltr' id='par_1_34' title="bbox 416 1882 1993 1952">
     <span class='ocr_line' id='line_1_34' title="bbox 416 1882 1993 1952; baseline 0.002 -17"><span class='ocrx_word' id='word_1_242' title='bbox 416 1896 626 1936; x_wconf 82' lang='lat' dir='ltr'><strong>cessus.</strong></span> <span class='ocrx_word' id='word_1_243' title='bbox 658 1882 735 1935; x_wconf 79' lang='lat' dir='ltr'><strong>Ex</strong></span> <span class='ocrx_word' id='word_1_244' title='bbox 769 1896 879 1951; x_wconf 89' lang='lat' dir='ltr'><strong>quo</strong></span> <span class='ocrx_word' id='word_1_245' title='bbox 920 1882 1069 1937; x_wconf 89' lang='lat' dir='ltr'><strong>enim</strong></span> <span class='ocrx_word' id='word_1_246' title='bbox 1098 1882 1258 1937; x_wconf 85' lang='lat' dir='ltr'><strong>Jcsus</strong></span> <span class='ocrx_word' id='word_1_247' title='bbox 1281 1883 1385 1937; x_wconf 91' lang='lat' dir='ltr'><strong>coli</strong></span> <span class='ocrx_word' id='word_1_248' title='bbox 1429 1890 1644 1952; x_wconf 75' lang='lat' dir='ltr'><strong>cmptus</strong></span> <span class='ocrx_word' id='word_1_249' title='bbox 1663 1890 1768 1949; x_wconf 89' lang='lat' dir='ltr'><strong>est,</strong></span> <span class='ocrx_word' id='word_1_250' title='bbox 1808 1884 1993 1938; x_wconf 88' lang='lat' dir='ltr'><strong>nullus</strong></span> 
     </span>
    </p>
   </div>
   <div class='ocr_carea' id='block_1_35' title="bbox 2100 1878 3677 1957">
    <p class='ocr_par' dir='ltr' id='par_1_35' title="bbox 2100 1883 3677 1957">
     <span class='ocr_line' id='line_1_35' title="bbox 2100 1883 3677 1957; baseline 0.003 -23"><span class='ocrx_word' id='word_1_251' title='bbox 2100 1883 2220 1935; x_wconf 66' lang='grc' dir='ltr'>οὐδὶ</span> <span class='ocrx_word' id='word_1_252' title='bbox 2268 1885 2396 1953; x_wconf 78' lang='grc' dir='ltr'>μιᾶς</span> <span class='ocrx_word' id='word_1_253' title='bbox 2451 1883 2715 1955; x_wconf 87' lang='grc' dir='ltr'>δημοσίας</span> <span class='ocrx_word' id='word_1_254' title='bbox 2762 1902 2846 1948; x_wconf 84' lang='grc' dir='ltr'><strong>τις</strong></span> <span class='ocrx_word' id='word_1_255' title='bbox 2894 1885 3031 1940; x_wconf 82' lang='grc' dir='ltr'>θεῶν</span> <span class='ocrx_word' id='word_1_256' title='bbox 3080 1885 3356 1954; x_wconf 80' lang='grc' dir='ltr'>ὠφελείας</span> <span class='ocrx_word' id='word_1_257' title='bbox 3405 1885 3624 1957; x_wconf 70' lang='grc' dir='ltr'>ᾔσθετο.</span> <span class='ocrx_word' id='word_1_258' title='bbox 3659 1905 3677 1938; x_wconf 75' lang='grc' dir='ltr'><strong>ι</strong></span> 
     </span>
    </p>
   </div>
   <div class='ocr_carea' id='block_1_36' title="bbox 416 1971 1992 2041">
    <p class='ocr_par' dir='ltr' id='par_1_36' title="bbox 416 1971 1992 2041">
     <span class='ocr_line' id='line_1_36' title="bbox 416 1971 1992 2041; baseline 0.003 -18"><span class='ocrx_word' id='word_1_259' title='bbox 416 1971 689 2040; x_wconf 86' lang='lat' dir='ltr'><strong>publicam</strong></span> <span class='ocrx_word' id='word_1_260' title='bbox 723 1973 951 2026; x_wconf 86' lang='lat' dir='ltr'><strong>deorum</strong></span> <span class='ocrx_word' id='word_1_261' title='bbox 985 1972 1278 2027; x_wconf 87' lang='lat' dir='ltr'><strong>utilitatem</strong></span> <span class='ocrx_word' id='word_1_262' title='bbox 1313 1972 1607 2041; x_wconf 82' lang='lat' dir='ltr'><strong>persensit.</strong></span> <span class='ocrx_word' id='word_1_263' title='bbox 1640 1990 1659 2023; x_wconf 73' lang='grc' dir='ltr'><strong>ι</strong></span> <span class='ocrx_word' id='word_1_264' title='bbox 1695 1972 1821 2027; x_wconf 65' lang='lat' dir='ltr'><strong>Haec</strong></span> <span class='ocrx_word' id='word_1_265' title='bbox 1854 1972 1992 2027; x_wconf 89' lang='lat' dir='ltr'><strong>Por-</strong></span> 
     </span>
    </p>
   </div>
   <div class='ocr_carea' id='block_1_37' title="bbox 417 2062 1991 2133">
    <p class='ocr_par' dir='ltr' id='par_1_37' title="bbox 417 2062 1991 2133">
     <span class='ocr_line' id='line_1_37' title="bbox 417 2062 1991 2133; baseline 0.003 -18"><span class='ocrx_word' id='word_1_266' title='bbox 417 2063 644 2133; x_wconf 82' lang='lat' dir='ltr'><strong>phyrius</strong></span> <span class='ocrx_word' id='word_1_267' title='bbox 681 2064 927 2117; x_wconf 88' lang='lat' dir='ltr'><strong>omnium</strong></span> <span class='ocrx_word' id='word_1_268' title='bbox 964 2064 1128 2117; x_wconf 90' lang='lat' dir='ltr'><strong>nobis</strong></span> <span class='ocrx_word' id='word_1_269' title='bbox 1168 2062 1574 2118; x_wconf 78' lang='lat' dir='ltr'><strong>infensissimus</strong></span> <span class='ocrx_word' id='word_1_270' title='bbox 1610 2063 1786 2129; x_wconf 76' lang='lat' dir='ltr'><strong>dixit,</strong></span> <span class='ocrx_word' id='word_1_271' title='bbox 1827 2079 1991 2133; x_wconf 88' lang='lat' dir='ltr'><strong>aper-</strong></span> 
     </span>
    </p>
   </div>
   <div class='ocr_carea' id='block_1_38' title="bbox 416 2153 1992 2223">
    <p class='ocr_par' dir='ltr' id='par_1_38' title="bbox 416 2153 1992 2223">
     <span class='ocr_line' id='line_1_38' title="bbox 416 2153 1992 2223; baseline 0.001 -17"><span class='ocrx_word' id='word_1_272' title='bbox 416 2163 580 2222; x_wconf 86' lang='lat' dir='ltr'><strong>teque</strong></span> <span class='ocrx_word' id='word_1_273' title='bbox 626 2153 912 2208; x_wconf 80' lang='lat' dir='ltr'><strong>confessus</strong></span> <span class='ocrx_word' id='word_1_274' title='bbox 957 2161 1042 2207; x_wconf 88' lang='lat' dir='ltr'><strong>est</strong></span> <span class='ocrx_word' id='word_1_275' title='bbox 1077 2153 1283 2219; x_wconf 76' lang='lat' dir='ltr'><strong>Iesum,</strong></span> <span class='ocrx_word' id='word_1_276' title='bbox 1320 2168 1389 2207; x_wconf 77' lang='lat' dir='ltr'><strong>ex</strong></span> <span class='ocrx_word' id='word_1_277' title='bbox 1427 2169 1538 2223; x_wconf 89' lang='lat' dir='ltr'><strong>quo</strong></span> <span class='ocrx_word' id='word_1_278' title='bbox 1580 2154 1636 2207; x_wconf 93' lang='lat' dir='ltr'><strong>in</strong></span> <span class='ocrx_word' id='word_1_279' title='bbox 1679 2169 1807 2208; x_wconf 91' lang='lat' dir='ltr'><strong>eum</strong></span> <span class='ocrx_word' id='word_1_280' title='bbox 1839 2153 1992 2209; x_wconf 88' lang='lat' dir='ltr'><strong>credi</strong></span> 
     </span>
    </p>
   </div>
   <div class='ocr_carea' id='block_1_39' title="bbox 415 2245 1991 2317">
    <p class='ocr_par' dir='ltr' id='par_1_39' title="bbox 415 2245 1991 2317">
     <span class='ocr_line' id='line_1_39' title="bbox 415 2245 1991 2317; baseline 0.003 -18"><span class='ocrx_word' id='word_1_281' title='bbox 415 2256 657 2314; x_wconf 77' lang='lat' dir='ltr'><strong>emptum</strong></span> <span class='ocrx_word' id='word_1_282' title='bbox 676 2254 778 2307; x_wconf 88' lang='lat' dir='ltr'><strong>est,</strong></span> <span class='ocrx_word' id='word_1_283' title='bbox 800 2245 933 2299; x_wconf 90' lang='lat' dir='ltr'><strong>deos</strong></span> <span class='ocrx_word' id='word_1_284' title='bbox 949 2253 1218 2314; x_wconf 88' lang='lat' dir='ltr'><strong>potestate</strong></span> <span class='ocrx_word' id='word_1_285' title='bbox 1235 2260 1421 2300; x_wconf 87' lang='lat' dir='ltr'><strong>cassos</strong></span> <span class='ocrx_word' id='word_1_286' title='bbox 1447 2245 1776 2301; x_wconf 83' lang='lat' dir='ltr'><strong>reddidisse.</strong></span> <span class='ocrx_word' id='word_1_287' title='bbox 1800 2247 1991 2317; x_wconf 86' lang='lat' dir='ltr'><strong>itaque</strong></span> 
     </span>
    </p>
   </div>
   <div class='ocr_carea' id='block_1_40' title="bbox 416 2336 1992 2407">
    <p class='ocr_par' dir='ltr' id='par_1_40' title="bbox 416 2336 1992 2407">
     <span class='ocr_line' id='line_1_40' title="bbox 416 2336 1992 2407; baseline 0.002 -18"><span class='ocrx_word' id='word_1_288' title='bbox 416 2345 539 2404; x_wconf 86' lang='lat' dir='ltr'><strong>post</strong></span> <span class='ocrx_word' id='word_1_289' title='bbox 563 2351 783 2389; x_wconf 85' lang='lat' dir='ltr'><strong>crucem</strong></span> <span class='ocrx_word' id='word_1_290' title='bbox 817 2344 872 2389; x_wconf 92' lang='lat' dir='ltr'><strong>et</strong></span> <span class='ocrx_word' id='word_1_291' title='bbox 902 2336 1197 2391; x_wconf 87' lang='lat' dir='ltr'><strong>salutarem</strong></span> <span class='ocrx_word' id='word_1_292' title='bbox 1233 2336 1563 2405; x_wconf 85' lang='lat' dir='ltr'><strong>passionem,</strong></span> <span class='ocrx_word' id='word_1_293' title='bbox 1598 2350 1711 2390; x_wconf 90' lang='lat' dir='ltr'><strong>non</strong></span> <span class='ocrx_word' id='word_1_294' title='bbox 1754 2338 1992 2407; x_wconf 88' lang='lat' dir='ltr'><strong>amplius</strong></span> 
     </span>
    </p>
   </div>
   <div class='ocr_carea' id='block_1_41' title="bbox 418 2426 1989 2496">
    <p class='ocr_par' dir='ltr' id='par_1_41' title="bbox 418 2426 1989 2496">
     <span class='ocr_line' id='line_1_41' title="bbox 418 2426 1989 2496; baseline 0.001 -17"><span class='ocrx_word' id='word_1_295' title='bbox 418 2426 651 2495; x_wconf 89' lang='lat' dir='ltr'><strong>imponit</strong></span> <span class='ocrx_word' id='word_1_296' title='bbox 682 2426 1000 2481; x_wconf 91' lang='lat' dir='ltr'><strong>hominibus</strong></span> <span class='ocrx_word' id='word_1_297' title='bbox 1025 2426 1390 2496; x_wconf 71' lang='lat' dir='ltr'><strong>AZsculapius,</strong></span> <span class='ocrx_word' id='word_1_298' title='bbox 1416 2441 1519 2481; x_wconf 90' lang='lat' dir='ltr'><strong>nec</strong></span> <span class='ocrx_word' id='word_1_299' title='bbox 1540 2427 1682 2481; x_wconf 91' lang='lat' dir='ltr'><strong>alius</strong></span> <span class='ocrx_word' id='word_1_300' title='bbox 1702 2427 1989 2496; x_wconf 87' lang='lat' dir='ltr'><strong>quisquam</strong></span> 
     </span>
    </p>
   </div>
   <div class='ocr_carea' id='block_1_42' title="bbox 417 2516 1991 2586">
    <p class='ocr_par' dir='ltr' id='par_1_42' title="bbox 417 2516 1991 2586">
     <span class='ocr_line' id='line_1_42' title="bbox 417 2516 1991 2586; baseline 0.001 -14"><span class='ocrx_word' id='word_1_301' title='bbox 417 2533 607 2572; x_wconf 83' lang='lat' dir='ltr'><strong>eorum</strong></span> <span class='ocrx_word' id='word_1_302' title='bbox 639 2518 733 2586; x_wconf 92' lang='lat' dir='ltr'><strong>qui</strong></span> <span class='ocrx_word' id='word_1_303' title='bbox 774 2517 848 2571; x_wconf 92' lang='lat' dir='ltr'><strong>dii</strong></span> <span class='ocrx_word' id='word_1_304' title='bbox 886 2524 1296 2586; x_wconf 87' lang='lat' dir='ltr'><strong>nuncupantur.</strong></span> <span class='ocrx_word' id='word_1_305' title='bbox 1325 2516 1558 2572; x_wconf 87' lang='lat' dir='ltr'><strong>Omnem</strong></span> <span class='ocrx_word' id='word_1_306' title='bbox 1590 2518 1739 2572; x_wconf 90' lang='lat' dir='ltr'><strong>enim</strong></span> <span class='ocrx_word' id='word_1_307' title='bbox 1769 2518 1991 2573; x_wconf 90' lang='lat' dir='ltr'><strong>illorum</strong></span> 
     </span>
    </p>
   </div>
   <div class='ocr_carea' id='block_1_43' title="bbox 418 2607 1989 2677">
    <p class='ocr_par' dir='ltr' id='par_1_43' title="bbox 418 2607 1989 2677">
     <span class='ocr_line' id='line_1_43' title="bbox 418 2607 1989 2677; baseline 0.002 -16"><span class='ocrx_word' id='word_1_308' title='bbox 418 2616 640 2673; x_wconf 86' lang='lat' dir='ltr'><strong>coctum,</strong></span> <span class='ocrx_word' id='word_1_309' title='bbox 659 2623 768 2662; x_wconf 89' lang='lat' dir='ltr'><strong>non</strong></span> <span class='ocrx_word' id='word_1_310' title='bbox 792 2623 952 2663; x_wconf 89' lang='lat' dir='ltr'><strong>secus</strong></span> <span class='ocrx_word' id='word_1_311' title='bbox 976 2622 1041 2662; x_wconf 91' lang='lat' dir='ltr'><strong>ac</strong></span> <span class='ocrx_word' id='word_1_312' title='bbox 1061 2618 1292 2662; x_wconf 87' lang='lat' dir='ltr'><strong>noctuas</strong></span> <span class='ocrx_word' id='word_1_313' title='bbox 1311 2607 1575 2677; x_wconf 87' lang='lat' dir='ltr'><strong>quasdam</strong></span> <span class='ocrx_word' id='word_1_314' title='bbox 1602 2607 1695 2662; x_wconf 79' lang='lat' dir='ltr'><strong>lux</strong></span> <span class='ocrx_word' id='word_1_315' title='bbox 1713 2608 1989 2675; x_wconf 82' lang='lat' dir='ltr'><strong>exoriens,</strong></span> 
     </span>
    </p>
   </div>
   <div class='ocr_carea' id='block_1_44' title="bbox 419 2698 1993 2770">
    <p class='ocr_par' dir='ltr' id='par_1_44' title="bbox 419 2698 1993 2770">
     <span class='ocr_line' id='line_1_44' title="bbox 419 2698 1993 2770; baseline 0 -15"><span class='ocrx_word' id='word_1_316' title='bbox 419 2699 475 2755; x_wconf 91' lang='lat' dir='ltr'><strong>in</strong></span> <span class='ocrx_word' id='word_1_317' title='bbox 508 2700 763 2754; x_wconf 87' lang='lat' dir='ltr'><strong>tenebras</strong></span> <span class='ocrx_word' id='word_1_318' title='bbox 796 2700 1081 2770; x_wconf 86' lang='lat' dir='ltr'><strong>compulit.</strong></span> <span class='ocrx_word' id='word_1_319' title='bbox 1109 2698 1283 2769; x_wconf 84' lang='lat' dir='ltr'><strong>Hujus</strong></span> <span class='ocrx_word' id='word_1_320' title='bbox 1312 2698 1454 2753; x_wconf 89' lang='lat' dir='ltr'><strong>lucis</strong></span> <span class='ocrx_word' id='word_1_321' title='bbox 1484 2707 1663 2766; x_wconf 51' lang='lat' dir='ltr'><strong>et,vos</strong></span> <span class='ocrx_word' id='word_1_322' title='bbox 1695 2700 1993 2770; x_wconf 87' lang='lat' dir='ltr'><strong>participes</strong></span> 
     </span>
    </p>
   </div>
   <div class='ocr_carea' id='block_1_45' title="bbox 421 2790 1993 2861">
    <p class='ocr_par' dir='ltr' id='par_1_45' title="bbox 421 2790 1993 2861">
     <span class='ocr_line' id='line_1_45' title="bbox 421 2790 1993 2861; baseline 0.001 -16"><span class='ocrx_word' id='word_1_323' title='bbox 421 2790 539 2845; x_wconf 79' lang='lat' dir='ltr'><strong>ﬁeri</strong></span> <span class='ocrx_word' id='word_1_324' title='bbox 592 2807 807 2861; x_wconf 90' lang='lat' dir='ltr'><strong>precor.</strong></span> <span class='ocrx_word' id='word_1_325' title='bbox 870 2791 1080 2846; x_wconf 83' lang='lat' dir='ltr'><strong>Idcirco</strong></span> <span class='ocrx_word' id='word_1_326' title='bbox 1130 2791 1278 2844; x_wconf 89' lang='lat' dir='ltr'><strong>enim</strong></span> <span class='ocrx_word' id='word_1_327' title='bbox 1322 2798 1378 2844; x_wconf 86' lang='lat' dir='ltr'><strong>et</strong></span> <span class='ocrx_word' id='word_1_328' title='bbox 1416 2790 1694 2845; x_wconf 87' lang='lat' dir='ltr'><strong>scribendi</strong></span> <span class='ocrx_word' id='word_1_329' title='bbox 1749 2791 1993 2847; x_wconf 90' lang='lat' dir='ltr'><strong>laborem</strong></span> 
     </span>
    </p>
   </div>
   <div class='ocr_carea' id='block_1_46' title="bbox 421 2879 1994 2951">
    <p class='ocr_par' dir='ltr' id='par_1_46' title="bbox 421 2879 1994 2951">
     <span class='ocr_line' id='line_1_46' title="bbox 421 2879 1994 2951; baseline 0.003 -18"><span class='ocrx_word' id='word_1_330' title='bbox 421 2879 569 2935; x_wconf 88' lang='lat' dir='ltr'><strong>hunc</strong></span> <span class='ocrx_word' id='word_1_331' title='bbox 598 2881 837 2951; x_wconf 89' lang='lat' dir='ltr'><strong>suscepi,</strong></span> <span class='ocrx_word' id='word_1_332' title='bbox 866 2890 924 2935; x_wconf 93' lang='lat' dir='ltr'><strong>et</strong></span> <span class='ocrx_word' id='word_1_333' title='bbox 950 2887 1209 2950; x_wconf 80' lang='lat' dir='ltr'><strong>tanquam</strong></span> <span class='ocrx_word' id='word_1_334' title='bbox 1237 2879 1426 2934; x_wconf 89' lang='lat' dir='ltr'><strong>herbis</strong></span> <span class='ocrx_word' id='word_1_335' title='bbox 1457 2880 1790 2949; x_wconf 88' lang='lat' dir='ltr'><strong>quibusdam</strong></span> <span class='ocrx_word' id='word_1_336' title='bbox 1818 2881 1994 2938; x_wconf 90' lang='lat' dir='ltr'><strong>unde-</strong></span> 
     </span>
    </p>
   </div>
   <div class='ocr_carea' id='block_1_47' title="bbox 419 2970 1991 3042">
    <p class='ocr_par' dir='ltr' id='par_1_47' title="bbox 419 2970 1991 3042">
     <span class='ocr_line' id='line_1_47' title="bbox 419 2970 1991 3042; baseline 0.001 -15"><span class='ocrx_word' id='word_1_337' title='bbox 419 2985 635 3041; x_wconf 74' lang='lat' dir='ltr'><strong>cunque</strong></span> <span class='ocrx_word' id='word_1_338' title='bbox 657 2972 927 3039; x_wconf 88' lang='lat' dir='ltr'><strong>collectis,</strong></span> <span class='ocrx_word' id='word_1_339' title='bbox 951 2971 1189 3029; x_wconf 87' lang='lat' dir='ltr'><strong>salutare</strong></span> <span class='ocrx_word' id='word_1_340' title='bbox 1214 2970 1372 3026; x_wconf 86' lang='lat' dir='ltr'><strong>vobis</strong></span> <span class='ocrx_word' id='word_1_341' title='bbox 1391 2970 1749 3041; x_wconf 84' lang='lat' dir='ltr'><strong>pharmacum</strong></span> <span class='ocrx_word' id='word_1_342' title='bbox 1780 2973 1991 3042; x_wconf 86' lang='lat' dir='ltr'><strong>paravi.</strong></span> 
     </span>
    </p>
   </div>
   <div class='ocr_carea' id='block_1_48' title="bbox 2100 1971 3685 2048">
    <p class='ocr_par' dir='ltr' id='par_1_48' title="bbox 2100 1971 3685 2048">
     <span class='ocr_line' id='line_1_48' title="bbox 2100 1971 3685 2048; baseline 0.004 -23"><span class='ocrx_word' id='word_1_343' title='bbox 2100 1971 2287 2027; x_wconf 80' lang='grc' dir='ltr'>Ταῦτα</span> <span class='ocrx_word' id='word_1_344' title='bbox 2319 1977 2347 2027; x_wconf 92' lang='grc' dir='ltr'><strong>ό</strong></span> <span class='ocrx_word' id='word_1_345' title='bbox 2388 1975 2605 2029; x_wconf 86' lang='grc' dir='ltr'>πάντων</span> <span class='ocrx_word' id='word_1_346' title='bbox 2650 1977 2783 2046; x_wconf 76' lang='grc' dir='ltr'>ἡμῖν</span> <span class='ocrx_word' id='word_1_347' title='bbox 2831 1975 3079 2047; x_wconf 69' lang='grc' dir='ltr'>ἔχθιστος</span> <span class='ocrx_word' id='word_1_348' title='bbox 3112 1976 3431 2048; x_wconf 75' lang='grc' dir='ltr'>Πορφύριος</span> <span class='ocrx_word' id='word_1_349' title='bbox 3477 1978 3685 2048; x_wconf 71' lang='grc' dir='ltr'>εἴρηκε,</span> 
     </span>
    </p>
   </div>
   <div class='ocr_carea' id='block_1_49' title="bbox 2099 2059 3689 2144">
    <p class='ocr_par' dir='ltr' id='par_1_49' title="bbox 2099 2059 3689 2144">
     <span class='ocr_line' id='line_1_49' title="bbox 2099 2059 3689 2144; baseline 0.004 -25"><span class='ocrx_word' id='word_1_350' title='bbox 2099 2066 2195 2119; x_wconf 74' lang='grc' dir='ltr'>καὶ</span> <span class='ocrx_word' id='word_1_351' title='bbox 2228 2067 2530 2135; x_wconf 82' lang='grc' dir='ltr'>ἀναφανδὸν</span> <span class='ocrx_word' id='word_1_352' title='bbox 2566 2068 2942 2140; x_wconf 81' lang='grc' dir='ltr'>ὡμολόγησεν,</span> <span class='ocrx_word' id='word_1_353' title='bbox 3001 2070 3079 2133; x_wconf 87' lang='grc' dir='ltr'>ὼς</span> <span class='ocrx_word' id='word_1_354' title='bbox 3128 2059 3529 2141; x_wconf 78' lang='grc' dir='ltr'>πιστευόμενος</span> <span class='ocrx_word' id='word_1_355' title='bbox 3588 2069 3689 2144; x_wconf 86' lang='grc' dir='ltr'><strong>Ἰη-</strong></span> 
     </span>
    </p>
   </div>
   <div class='ocr_carea' id='block_1_50' title="bbox 2101 2156 3689 2232">
    <p class='ocr_par' dir='ltr' id='par_1_50' title="bbox 2101 2156 3689 2232">
     <span class='ocr_line' id='line_1_50' title="bbox 2101 2156 3689 2232; baseline 0.005 -23"><span class='ocrx_word' id='word_1_356' title='bbox 2101 2156 2227 2220; x_wconf 84' lang='grc' dir='ltr'>σοῦς</span> <span class='ocrx_word' id='word_1_357' title='bbox 2272 2158 2537 2227; x_wconf 82' lang='grc' dir='ltr'>φρούδους</span> <span class='ocrx_word' id='word_1_358' title='bbox 2582 2160 2834 2231; x_wconf 74' lang='grc' dir='ltr'>ἀπέφηνε</span> <span class='ocrx_word' id='word_1_359' title='bbox 2880 2163 3008 2225; x_wconf 81' lang='grc' dir='ltr'>τοὺς</span> <span class='ocrx_word' id='word_1_360' title='bbox 3051 2162 3229 2226; x_wconf 77' lang='grc' dir='ltr'>Θεοὺς,</span> <span class='ocrx_word' id='word_1_361' title='bbox 3281 2162 3385 2216; x_wconf 76' lang='grc' dir='ltr'>καὶ</span> <span class='ocrx_word' id='word_1_362' title='bbox 3436 2163 3573 2232; x_wconf 84' lang='grc' dir='ltr'><strong>μετά</strong></span> <span class='ocrx_word' id='word_1_363' title='bbox 3599 2163 3689 2217; x_wconf 80' lang='grc' dir='ltr'>τὸν</span> 
     </span>
    </p>
   </div>
   <div class='ocr_carea' id='block_1_51' title="bbox 2102 2250 3690 2324">
    <p class='ocr_par' dir='ltr' id='par_1_51' title="bbox 2102 2250 3690 2324">
     <span class='ocr_line' id='line_1_51' title="bbox 2102 2250 3690 2324; baseline 0.004 -23"><span class='ocrx_word' id='word_1_364' title='bbox 2102 2250 2338 2320; x_wconf 79' lang='grc' dir='ltr'>σταυρὸν</span> <span class='ocrx_word' id='word_1_365' title='bbox 2385 2251 2478 2303; x_wconf 75' lang='grc' dir='ltr'>καὶ</span> <span class='ocrx_word' id='word_1_366' title='bbox 2508 2251 2567 2305; x_wconf 84' lang='grc' dir='ltr'>τὸ</span> <span class='ocrx_word' id='word_1_367' title='bbox 2597 2254 2861 2323; x_wconf 86' lang='grc' dir='ltr'>σωτήριον</span> <span class='ocrx_word' id='word_1_368' title='bbox 2886 2254 3058 2318; x_wconf 84' lang='grc' dir='ltr'>πάθος</span> <span class='ocrx_word' id='word_1_369' title='bbox 3085 2255 3186 2309; x_wconf 76' lang='grc' dir='ltr'><strong>οὐκ</strong></span> <span class='ocrx_word' id='word_1_370' title='bbox 3218 2254 3299 2308; x_wconf 75' lang='grc' dir='ltr'>ἔτι</span> <span class='ocrx_word' id='word_1_371' title='bbox 3345 2253 3690 2324; x_wconf 79' lang='grc' dir='ltr'>φενακίζει¹⁶</span> 
     </span>
    </p>
   </div>
   <div class='ocr_carea' id='block_1_52' title="bbox 2102 2340 3692 2416">
    <p class='ocr_par' dir='ltr' id='par_1_52' title="bbox 2102 2340 3692 2416">
     <span class='ocr_line' id='line_1_52' title="bbox 2102 2340 3692 2416; baseline 0.005 -23"><span class='ocrx_word' id='word_1_372' title='bbox 2102 2340 2227 2402; x_wconf 76' lang='grc' dir='ltr'>τοὺς</span> <span class='ocrx_word' id='word_1_373' title='bbox 2262 2340 2584 2411; x_wconf 82' lang='grc' dir='ltr'>ἀνθρώπους</span> <span class='ocrx_word' id='word_1_374' title='bbox 2622 2344 2651 2397; x_wconf 90' lang='grc' dir='ltr'><strong>ό</strong></span> <span class='ocrx_word' id='word_1_375' title='bbox 2695 2343 3056 2416; x_wconf 80' lang='grc' dir='ltr'>Ἀσκληπιὸς,</span> <span class='ocrx_word' id='word_1_376' title='bbox 3096 2347 3218 2401; x_wconf 83' lang='grc' dir='ltr'>οὐδὲ</span> <span class='ocrx_word' id='word_1_377' title='bbox 3258 2346 3426 2411; x_wconf 80' lang='grc' dir='ltr'>ἄλλος</span> <span class='ocrx_word' id='word_1_378' title='bbox 3473 2366 3559 2411; x_wconf 84' lang='grc' dir='ltr'><strong>τις</strong></span> <span class='ocrx_word' id='word_1_379' title='bbox 3587 2347 3692 2401; x_wconf 84' lang='grc' dir='ltr'>τῶν</span> 
     </span>
    </p>
   </div>
   <div class='ocr_carea' id='block_1_53' title="bbox 2100 2431 3691 2510">
    <p class='ocr_par' dir='ltr' id='par_1_53' title="bbox 2100 2431 3691 2510">
     <span class='ocr_line' id='line_1_53' title="bbox 2100 2431 3691 2510; baseline 0.004 -27"><span class='ocrx_word' id='word_1_380' title='bbox 2100 2431 2451 2501; x_wconf 88' lang='grc' dir='ltr'>καλουμένων</span> <span class='ocrx_word' id='word_1_381' title='bbox 2500 2431 2660 2489; x_wconf 84' lang='grc' dir='ltr'>Θεῶν.</span> <span class='ocrx_word' id='word_1_382' title='bbox 2711 2433 2962 2489; x_wconf 78' lang='grc' dir='ltr'>Ἀπαντα</span> <span class='ocrx_word' id='word_1_383' title='bbox 3008 2437 3119 2509; x_wconf 80' lang='grc' dir='ltr'><strong>γὰρ</strong></span> <span class='ocrx_word' id='word_1_384' title='bbox 3171 2438 3359 2491; x_wconf 83' lang='grc' dir='ltr'>αὐτῶν</span> <span class='ocrx_word' id='word_1_385' title='bbox 3407 2437 3559 2510; x_wconf 78' lang='grc'><strong>[180]</strong></span> <span class='ocrx_word' id='word_1_386' title='bbox 3604 2439 3691 2490; x_wconf 79' lang='grc' dir='ltr'><strong>τὸν</strong></span> 
     </span>
    </p>
   </div>
   <div class='ocr_carea' id='block_1_54' title="bbox 2100 2517 3691 2600">
    <p class='ocr_par' dir='ltr' id='par_1_54' title="bbox 2100 2517 3691 2600">
     <span class='ocr_line' id='line_1_54' title="bbox 2100 2517 3691 2600; baseline 0.006 -27"><span class='ocrx_word' id='word_1_387' title='bbox 2100 2522 2361 2595; x_wconf 79' lang='grc' dir='ltr'>όρμαθὸν,</span> <span class='ocrx_word' id='word_1_388' title='bbox 2390 2517 2501 2577; x_wconf 77' lang='grc' dir='ltr'>οἷόν</span> <span class='ocrx_word' id='word_1_389' title='bbox 2532 2541 2685 2588; x_wconf 89' lang='grc' dir='ltr'>τινας</span> <span class='ocrx_word' id='word_1_390' title='bbox 2710 2526 3051 2598; x_wconf 79' lang='grc' dir='ltr'>νυκτερίδας,</span> <span class='ocrx_word' id='word_1_391' title='bbox 3085 2527 3162 2599; x_wconf 82' lang='grc' dir='ltr'><strong>τῷ</strong></span> <span class='ocrx_word' id='word_1_392' title='bbox 3185 2528 3373 2600; x_wconf 85' lang='grc' dir='ltr'>σκότῳ</span> <span class='ocrx_word' id='word_1_393' title='bbox 3399 2530 3691 2600; x_wconf 80' lang='grc' dir='ltr'>παρέπεμ-</span> 
     </span>
    </p>
   </div>
   <div class='ocr_carea' id='block_1_55' title="bbox 2099 2614 3691 2691">
    <p class='ocr_par' dir='ltr' id='par_1_55' title="bbox 2099 2614 3691 2691">
     <span class='ocr_line' id='line_1_55' title="bbox 2099 2614 3691 2691; baseline 0.002 -23"><span class='ocrx_word' id='word_1_394' title='bbox 2099 2614 2200 2682; x_wconf 78' lang='grc' dir='ltr'><strong>ψεν</strong></span> <span class='ocrx_word' id='word_1_395' title='bbox 2234 2616 2522 2670; x_wconf 83' lang='grc' dir='ltr'>ἀνατεῖλαν</span> <span class='ocrx_word' id='word_1_396' title='bbox 2550 2616 2612 2670; x_wconf 76' lang='grc' dir='ltr'>τὸ</span> <span class='ocrx_word' id='word_1_397' title='bbox 2639 2617 2776 2687; x_wconf 84' lang='grc' dir='ltr'>φῶς.</span> <span class='ocrx_word' id='word_1_398' title='bbox 2801 2617 3019 2689; x_wconf 81' lang='grc' dir='ltr'>Ταύτης</span> <span class='ocrx_word' id='word_1_399' title='bbox 3041 2619 3134 2672; x_wconf 78' lang='grc' dir='ltr'>καὶ</span> <span class='ocrx_word' id='word_1_400' title='bbox 3166 2620 3313 2690; x_wconf 77' lang='grc' dir='ltr'>ὑμᾶς</span> <span class='ocrx_word' id='word_1_401' title='bbox 3343 2621 3447 2691; x_wconf 85' lang='grc' dir='ltr'>τῆς</span> <span class='ocrx_word' id='word_1_402' title='bbox 3473 2621 3691 2682; x_wconf 80' lang='grc' dir='ltr'>ἀκτῖνος</span> 
     </span>
    </p>
   </div>
   <div class='ocr_carea' id='block_1_56' title="bbox 2106 2702 3694 2781">
    <p class='ocr_par' dir='ltr' id='par_1_56' title="bbox 2106 2702 3694 2781">
     <span class='ocr_line' id='line_1_56' title="bbox 2106 2702 3694 2781; baseline 0.001 -22"><span class='ocrx_word' id='word_1_403' title='bbox 2106 2705 2432 2777; x_wconf 81' lang='grc' dir='ltr'>μεταλαχεῖν</span> <span class='ocrx_word' id='word_1_404' title='bbox 2486 2707 2643 2773; x_wconf 82' lang='grc' dir='ltr'>ἀξιῶ.</span> <span class='ocrx_word' id='word_1_405' title='bbox 2689 2708 2855 2762; x_wconf 82' lang='grc' dir='ltr'>Τοῦδε</span> <span class='ocrx_word' id='word_1_406' title='bbox 2884 2708 2994 2780; x_wconf 85' lang='grc' dir='ltr'>γὰρ</span> <span class='ocrx_word' id='word_1_407' title='bbox 3040 2709 3202 2781; x_wconf 80' lang='grc' dir='ltr'>χάριν</span> <span class='ocrx_word' id='word_1_408' title='bbox 3239 2702 3346 2765; x_wconf 67' lang='grc' dir='ltr'>καὶ</span> <span class='ocrx_word' id='word_1_409' title='bbox 3388 2709 3485 2764; x_wconf 81' lang='grc' dir='ltr'><strong>τὸν</strong></span> <span class='ocrx_word' id='word_1_410' title='bbox 3536 2708 3694 2772; x_wconf 82' lang='grc' dir='ltr'>πόνον</span> 
     </span>
    </p>
   </div>
   <div class='ocr_carea' id='block_1_57' title="bbox 2102 2793 3695 2872">
    <p class='ocr_par' dir='ltr' id='par_1_57' title="bbox 2102 2793 3695 2872">
     <span class='ocr_line' id='line_1_57' title="bbox 2102 2793 3695 2872; baseline 0.003 -23"><span class='ocrx_word' id='word_1_411' title='bbox 2102 2796 2459 2869; x_wconf 82' lang='grc' dir='ltr'>ἀνεδεξάμην,</span> <span class='ocrx_word' id='word_1_412' title='bbox 2495 2798 2589 2852; x_wconf 75' lang='grc' dir='ltr'><strong>καὶ</strong></span> <span class='ocrx_word' id='word_1_413' title='bbox 2611 2793 2723 2852; x_wconf 78' lang='grc' dir='ltr'>οἷόν</span> <span class='ocrx_word' id='word_1_414' title='bbox 2750 2816 2907 2864; x_wconf 86' lang='grc' dir='ltr'>τινας</span> <span class='ocrx_word' id='word_1_415' title='bbox 2938 2800 3167 2871; x_wconf 85' lang='grc' dir='ltr'>βοτάνας</span> <span class='ocrx_word' id='word_1_416' title='bbox 3194 2801 3547 2872; x_wconf 78' lang='grc' dir='ltr'>πανταχόθεν</span> <span class='ocrx_word' id='word_1_417' title='bbox 3577 2798 3695 2854; x_wconf 84' lang='grc' dir='ltr'>συλ-</span> 
     </span>
    </p>
   </div>
   <div class='ocr_carea' id='block_1_58' title="bbox 2103 2886 3618 2966">
    <p class='ocr_par' dir='ltr' id='par_1_58' title="bbox 2103 2886 3618 2966">
     <span class='ocr_line' id='line_1_58' title="bbox 2103 2886 3618 2966; baseline 0.007 -26"><span class='ocrx_word' id='word_1_418' title='bbox 2103 2886 2283 2955; x_wconf 74' lang='grc' dir='ltr'>λέξας,</span> <span class='ocrx_word' id='word_1_419' title='bbox 2305 2889 2366 2942; x_wconf 83' lang='grc' dir='ltr'>τὸ</span> <span class='ocrx_word' id='word_1_420' title='bbox 2383 2889 2705 2957; x_wconf 81' lang='grc' dir='ltr'>ἀλεξίκακον</span> <span class='ocrx_word' id='word_1_421' title='bbox 2731 2890 2860 2963; x_wconf 77' lang='grc' dir='ltr'>ὑμῖν</span> <span class='ocrx_word' id='word_1_422' title='bbox 2889 2891 3269 2948; x_wconf 85' lang='grc' dir='ltr'>κατεσκεύασα</span> <span class='ocrx_word' id='word_1_423' title='bbox 3291 2893 3618 2966; x_wconf 81' lang='grc' dir='ltr'>φάρμακον.</span> 
     </span>
    </p>
   </div>
   <div class='ocr_carea' id='block_1_59' title="bbox 1730 3129 2409 3188">
    <p class='ocr_par' dir='ltr' id='par_1_59' title="bbox 1730 3129 2409 3188">
     <span class='ocr_line' id='line_1_59' title="bbox 1730 3129 2409 3188; baseline 0.006 -5"><span class='ocrx_word' id='word_1_424' title='bbox 1730 3129 1963 3185; x_wconf 74' lang='lat' dir='ltr'><strong>VARLE</strong></span> <span class='ocrx_word' id='word_1_425' title='bbox 2002 3129 2409 3188; x_wconf 79' lang='lat' dir='ltr'><strong>LECTIONES.</strong></span> 
     </span>
    </p>
   </div>
   <div class='ocr_carea' id='block_1_60' title="bbox 481 3241 1587 3307">
    <p class='ocr_par' dir='ltr' id='par_1_60' title="bbox 481 3241 1587 3307">
     <span class='ocr_line' id='line_1_60' title="bbox 481 3241 1587 3307; baseline 0.007 -15"><span class='ocrx_word' id='word_1_426' title='bbox 481 3243 530 3275; x_wconf 70' lang='lat'>”</span> <span class='ocrx_word' id='word_1_427' title='bbox 555 3241 938 3307; x_wconf 77' lang='grc' dir='ltr'>ἐξεπαίδεσανυ</span> <span class='ocrx_word' id='word_1_428' title='bbox 968 3258 1078 3297; x_wconf 85' lang='lat' dir='ltr'><strong>om.</strong></span> <span class='ocrx_word' id='word_1_429' title='bbox 1119 3244 1183 3303; x_wconf 79' lang='grc' dir='ltr'>Β,</span> <span class='ocrx_word' id='word_1_430' title='bbox 1225 3259 1349 3300; x_wconf 88' lang='lat' dir='ltr'><strong>cum</strong></span> <span class='ocrx_word' id='word_1_431' title='bbox 1373 3245 1587 3300; x_wconf 84' lang='lat' dir='ltr'><strong>lacuna.</strong></span> 
     </span>
    </p>
   </div>
   <div class='ocr_carea' id='block_1_61' title="bbox 424 3311 1698 3383">
    <p class='ocr_par' dir='ltr' id='par_1_61' title="bbox 424 3311 1698 3383">
     <span class='ocr_line' id='line_1_61' title="bbox 424 3311 1698 3383; baseline 0 -15"><span class='ocrx_word' id='word_1_432' title='bbox 424 3311 470 3346; x_wconf 84' lang='grc'><strong>⁸⁸</strong></span> <span class='ocrx_word' id='word_1_433' title='bbox 500 3314 823 3380; x_wconf 70' lang='grc' dir='ltr'>φαινικὶζει.</span> <span class='ocrx_word' id='word_1_434' title='bbox 861 3313 1139 3383; x_wconf 75' lang='grc' dir='ltr'>φενακίζει</span> <span class='ocrx_word' id='word_1_435' title='bbox 1172 3315 1235 3379; x_wconf 88' lang='lat' dir='ltr'><strong>D,</strong></span> <span class='ocrx_word' id='word_1_436' title='bbox 1269 3323 1326 3371; x_wconf 84' lang='lat' dir='ltr'><strong>et</strong></span> <span class='ocrx_word' id='word_1_437' title='bbox 1352 3331 1475 3370; x_wconf 72' lang='lat' dir='ltr'><strong>mox</strong></span> <span class='ocrx_word' id='word_1_438' title='bbox 1502 3331 1616 3369; x_wconf 87' lang='lat' dir='ltr'><strong>om.</strong></span> <span class='ocrx_word' id='word_1_439' title='bbox 1650 3316 1698 3368; x_wconf 87' lang='grc' dir='ltr'><strong>ὁ.</strong></span> 
     </span>
    </p>
   </div>
   <div class='ocr_carea' id='block_1_62' title="bbox 425 3505 551 3534">
    <p class='ocr_par' dir='ltr' id='par_1_62' title="bbox 425 3505 551 3534">
     <span class='ocr_line' id='line_1_62' title="bbox 425 3505 551 3534; baseline 0.008 -1"><span class='ocrx_word' id='word_1_440' title='bbox 425 3505 551 3534; x_wconf 57' lang='lat'><strong>=1!</strong></span> 
     </span>
    </p>
   </div>
   <div class='ocr_carea' id='block_1_63' title="bbox 1697 3245 3698 3323">
    <p class='ocr_par' dir='ltr' id='par_1_63' title="bbox 1697 3245 3698 3323">
     <span class='ocr_line' id='line_1_63' title="bbox 1697 3245 3698 3323; baseline 0.003 -24"><span class='ocrx_word' id='word_1_441' title='bbox 1697 3247 1745 3279; x_wconf 77' lang='lat'><strong>&quot;</strong></span> <span class='ocrx_word' id='word_1_442' title='bbox 1780 3246 2134 3318; x_wconf 80' lang='grc' dir='ltr'>ἐληλαμένον.</span> <span class='ocrx_word' id='word_1_443' title='bbox 2176 3246 2545 3319; x_wconf 70' lang='grc' dir='ltr'>ἐληλασμένον</span> <span class='ocrx_word' id='word_1_444' title='bbox 2577 3245 2641 3301; x_wconf 88' lang='grc' dir='ltr'><strong>Ι).</strong></span> <span class='ocrx_word' id='word_1_445' title='bbox 2673 3247 2769 3318; x_wconf 89' lang='lat' dir='ltr'><strong>qui</strong></span> <span class='ocrx_word' id='word_1_446' title='bbox 2804 3262 2934 3304; x_wconf 80' lang='lat' dir='ltr'><strong>mox</strong></span> <span class='ocrx_word' id='word_1_447' title='bbox 2970 3248 3214 3321; x_wconf 86' lang='grc' dir='ltr'>σωτῆρος</span> <span class='ocrx_word' id='word_1_448' title='bbox 3254 3250 3360 3304; x_wconf 82' lang='grc' dir='ltr'><strong>τοῦ</strong></span> <span class='ocrx_word' id='word_1_449' title='bbox 3399 3248 3698 3323; x_wconf 69' lang='grc' dir='ltr'>ἡμετερου.</span> 
     </span>
    </p>
   </div>
   <div class='ocr_carea' id='block_1_64' title="bbox 1427 3654 2678 3738">
    <p class='ocr_par' dir='ltr' id='par_1_64' title="bbox 1427 3654 2678 3738">
     <span class='ocr_line' id='line_1_64' title="bbox 1427 3654 2678 3738; baseline -0.005 -13"><span class='ocrx_word' id='word_1_450' title='bbox 1427 3654 1633 3738; x_wconf 60' lang='lat'><strong>1041.</strong></span> <span class='ocrx_word' id='word_1_451' title='bbox 1670 3655 2094 3719; x_wconf 88' lang='lat' dir='ltr'><strong>ADMONITIO</strong></span> <span class='ocrx_word' id='word_1_452' title='bbox 2125 3657 2221 3717; x_wconf 85' lang='lat' dir='ltr'><strong>AD</strong></span> <span class='ocrx_word' id='word_1_453' title='bbox 2253 3656 2678 3719; x_wconf 82' lang='lat' dir='ltr'><strong>LECTOREM.</strong></span> 
     </span>
    </p>
   </div>
   <div class='ocr_carea' id='block_1_65' title="bbox 494 4018 3711 4100">
    <p class='ocr_par' dir='ltr' id='par_1_65' title="bbox 494 4018 3711 4100">
     <span class='ocr_line' id='line_1_65' title="bbox 494 4018 3711 4100; baseline 0.002 -20"><span class='ocrx_word' id='word_1_454' title='bbox 494 4025 577 4085; x_wconf 76' lang='lat' dir='ltr'><strong>Ex</strong></span> <span class='ocrx_word' id='word_1_455' title='bbox 608 4022 922 4094; x_wconf 82' lang='lat' dir='ltr'><strong>Appendice</strong></span> <span class='ocrx_word' id='word_1_456' title='bbox 956 4031 1107 4079; x_wconf 88' lang='lat' dir='ltr'><strong>tomo</strong></span> <span class='ocrx_word' id='word_1_457' title='bbox 1131 4029 1329 4092; x_wconf 87' lang='lat' dir='ltr'><strong>quarto</strong></span> <span class='ocrx_word' id='word_1_458' title='bbox 1356 4021 1614 4078; x_wconf 89' lang='lat' dir='ltr'><strong>editionis</strong></span> <span class='ocrx_word' id='word_1_459' title='bbox 1640 4020 1917 4077; x_wconf 91' lang='lat' dir='ltr'><strong>Sirmondi</strong></span> <span class='ocrx_word' id='word_1_460' title='bbox 1944 4022 2188 4094; x_wconf 82' lang='lat' dir='ltr'><strong>subjecta</strong></span> <span class='ocrx_word' id='word_1_461' title='bbox 2217 4035 2331 4077; x_wconf 89' lang='lat' dir='ltr'><strong>non</strong></span> <span class='ocrx_word' id='word_1_462' title='bbox 2362 4018 2470 4075; x_wconf 89' lang='lat' dir='ltr'><strong>nisi</strong></span> <span class='ocrx_word' id='word_1_463' title='bbox 2501 4018 2656 4074; x_wconf 80' lang='lat' dir='ltr'><strong>Liber</strong></span> <span class='ocrx_word' id='word_1_464' title='bbox 2714 4027 2900 4076; x_wconf 85' lang='lat' dir='ltr'><strong>contra</strong></span> <span class='ocrx_word' id='word_1_465' title='bbox 2950 4020 3272 4091; x_wconf 74' lang='lat' dir='ltr'><strong>Nestorium,</strong></span> <span class='ocrx_word' id='word_1_466' title='bbox 3305 4040 3411 4081; x_wconf 90' lang='lat' dir='ltr'><strong>seu</strong></span> <span class='ocrx_word' id='word_1_467' title='bbox 3451 4020 3711 4100; x_wconf 75' lang='grc' dir='ltr'>Ερίοιοία</span> 
     </span>
    </p>
   </div>
   <div class='ocr_carea' id='block_1_66' title="bbox 427 4108 3707 4190">
    <p class='ocr_par' dir='ltr' id='par_1_66' title="bbox 427 4108 3707 4190">
     <span class='ocr_line' id='line_1_66' title="bbox 427 4108 3707 4190; baseline 0.002 -17"><span class='ocrx_word' id='word_1_468' title='bbox 427 4120 499 4174; x_wconf 78' lang='lat' dir='ltr'><strong>ad</strong></span> <span class='ocrx_word' id='word_1_469' title='bbox 524 4117 856 4189; x_wconf 80' lang='lat' dir='ltr'><strong>Sporacium,</strong></span> <span class='ocrx_word' id='word_1_470' title='bbox 884 4124 940 4172; x_wconf 92' lang='lat' dir='ltr'><strong>et</strong></span> <span class='ocrx_word' id='word_1_471' title='bbox 960 4115 1239 4171; x_wconf 82' lang='lat' dir='ltr'><strong>Librorum</strong></span> <span class='ocrx_word' id='word_1_472' title='bbox 1267 4131 1410 4169; x_wconf 79' lang='lat' dir='ltr'><strong>xmt</strong></span> <span class='ocrx_word' id='word_1_473' title='bbox 1437 4115 1683 4170; x_wconf 74' lang='lat' dir='ltr'><strong>adversus</strong></span> <span class='ocrx_word' id='word_1_474' title='bbox 1710 4113 2063 4187; x_wconf 77' lang='lat' dir='ltr'><strong>Eutychianos</strong></span> <span class='ocrx_word' id='word_1_475' title='bbox 2093 4116 2406 4185; x_wconf 75' lang='lat' dir='ltr'><strong>argumenta</strong></span> <span class='ocrx_word' id='word_1_476' title='bbox 2435 4108 2502 4166; x_wconf 89' lang='lat' dir='ltr'><strong>ad</strong></span> <span class='ocrx_word' id='word_1_477' title='bbox 2536 4110 2688 4166; x_wconf 91' lang='lat' dir='ltr'><strong>hunc</strong></span> <span class='ocrx_word' id='word_1_478' title='bbox 2712 4111 2974 4169; x_wconf 88' lang='lat' dir='ltr'><strong>editionis</strong></span> <span class='ocrx_word' id='word_1_479' title='bbox 3004 4128 3161 4170; x_wconf 63' lang='lat' dir='ltr'><strong>novae</strong></span> <span class='ocrx_word' id='word_1_480' title='bbox 3191 4123 3412 4173; x_wconf 88' lang='lat' dir='ltr'><strong>tomum</strong></span> <span class='ocrx_word' id='word_1_481' title='bbox 3437 4133 3707 4190; x_wconf 89' lang='lat' dir='ltr'><strong>quartum</strong></span> 
     </span>
    </p>
   </div>
   <div class='ocr_carea' id='block_1_67' title="bbox 427 4207 3714 4288">
    <p class='ocr_par' dir='ltr' id='par_1_67' title="bbox 427 4207 3714 4288">
     <span class='ocr_line' id='line_1_67' title="bbox 427 4207 3714 4288; baseline 0.002 -19"><span class='ocrx_word' id='word_1_482' title='bbox 427 4216 715 4271; x_wconf 82' lang='lat' dir='ltr'><strong>accedunt.</strong></span> <span class='ocrx_word' id='word_1_483' title='bbox 752 4214 934 4270; x_wconf 76' lang='lat' dir='ltr'><strong>Oratio</strong></span> <span class='ocrx_word' id='word_1_484' title='bbox 961 4214 1027 4267; x_wconf 83' lang='lat' dir='ltr'><strong>de</strong></span> <span class='ocrx_word' id='word_1_485' title='bbox 1063 4213 1242 4268; x_wconf 78' lang='lat' dir='ltr'><strong>divina</strong></span> <span class='ocrx_word' id='word_1_486' title='bbox 1271 4220 1321 4267; x_wconf 78' lang='lat' dir='ltr'><strong>et</strong></span> <span class='ocrx_word' id='word_1_487' title='bbox 1345 4221 1532 4268; x_wconf 72' lang='lat' dir='ltr'><strong>sancta</strong></span> <span class='ocrx_word' id='word_1_488' title='bbox 1554 4213 1812 4267; x_wconf 77' lang='lat' dir='ltr'><strong>charitate</strong></span> <span class='ocrx_word' id='word_1_489' title='bbox 1843 4212 2027 4267; x_wconf 88' lang='lat' dir='ltr'><strong>locum</strong></span> <span class='ocrx_word' id='word_1_490' title='bbox 2064 4211 2121 4265; x_wconf 90' lang='lat' dir='ltr'><strong>in</strong></span> <span class='ocrx_word' id='word_1_491' title='bbox 2161 4207 2407 4265; x_wconf 90' lang='lat' dir='ltr'><strong>editione</strong></span> <span class='ocrx_word' id='word_1_492' title='bbox 2433 4214 2623 4262; x_wconf 87' lang='lat' dir='ltr'><strong>nostra</strong></span> <span class='ocrx_word' id='word_1_493' title='bbox 2655 4216 2814 4263; x_wconf 85' lang='lat' dir='ltr'><strong>nacta</strong></span> <span class='ocrx_word' id='word_1_494' title='bbox 2848 4217 2934 4265; x_wconf 91' lang='lat' dir='ltr'><strong>est</strong></span> <span class='ocrx_word' id='word_1_495' title='bbox 2967 4218 3118 4266; x_wconf 79' lang='lat' dir='ltr'><strong>torno</strong></span> <span class='ocrx_word' id='word_1_496' title='bbox 3145 4211 3236 4276; x_wconf 84' lang='lat' dir='ltr'><strong>Ill,</strong></span> <span class='ocrx_word' id='word_1_497' title='bbox 3276 4229 3335 4283; x_wconf 94' lang='lat' dir='ltr'><strong>p.</strong></span> <span class='ocrx_word' id='word_1_498' title='bbox 3384 4216 3556 4283; x_wconf 75' lang='grc'>1296,</span> <span class='ocrx_word' id='word_1_499' title='bbox 3587 4226 3714 4288; x_wconf 84' lang='lat' dir='ltr'><strong>post</strong></span> 
     </span>
    </p>
   </div>
   <div class='ocr_carea' id='block_1_68' title="bbox 429 4301 3713 4385">
    <p class='ocr_par' dir='ltr' id='par_1_68' title="bbox 429 4301 3713 4385">
     <span class='ocr_line' id='line_1_68' title="bbox 429 4301 3713 4385; baseline 0.002 -21"><span class='ocrx_word' id='word_1_500' title='bbox 429 4309 724 4365; x_wconf 83' lang='lat' dir='ltr'><strong>llistnriam</strong></span> <span class='ocrx_word' id='word_1_501' title='bbox 756 4309 1087 4379; x_wconf 79' lang='lat' dir='ltr'><strong>religiosam.</strong></span> <span class='ocrx_word' id='word_1_502' title='bbox 1122 4307 1384 4379; x_wconf 55' lang='lat' dir='ltr'><strong>Epistula!</strong></span> <span class='ocrx_word' id='word_1_503' title='bbox 1404 4308 1460 4362; x_wconf 93' lang='lat' dir='ltr'><strong>in</strong></span> <span class='ocrx_word' id='word_1_504' title='bbox 1489 4306 1804 4378; x_wconf 88' lang='lat' dir='ltr'><strong>Appendice</strong></span> <span class='ocrx_word' id='word_1_505' title='bbox 1849 4306 2247 4362; x_wconf 80' lang='lat' dir='ltr'><strong>Sirmondianae</strong></span> <span class='ocrx_word' id='word_1_506' title='bbox 2290 4301 2553 4360; x_wconf 89' lang='lat' dir='ltr'><strong>editionis</strong></span> <span class='ocrx_word' id='word_1_507' title='bbox 2593 4302 2771 4359; x_wconf 72' lang='lat' dir='ltr'><strong>obviae</strong></span> <span class='ocrx_word' id='word_1_508' title='bbox 2802 4320 2903 4361; x_wconf 91' lang='lat' dir='ltr'><strong>suo</strong></span> <span class='ocrx_word' id='word_1_509' title='bbox 2941 4306 3062 4363; x_wconf 91' lang='lat' dir='ltr'><strong>loco</strong></span> <span class='ocrx_word' id='word_1_510' title='bbox 3093 4307 3421 4367; x_wconf 89' lang='lat' dir='ltr'><strong>inserentur</strong></span> <span class='ocrx_word' id='word_1_511' title='bbox 3454 4314 3713 4385; x_wconf 80' lang='lat' dir='ltr'><strong>epistolis</strong></span> 
     </span>
    </p>
   </div>
   <div class='ocr_carea' id='block_1_69' title="bbox 431 4394 3716 4477">
    <p class='ocr_par' dir='ltr' id='par_1_69' title="bbox 431 4394 3716 4477">
     <span class='ocr_line' id='line_1_69' title="bbox 431 4394 3716 4477; baseline 0.003 -24"><span class='ocrx_word' id='word_1_512' title='bbox 431 4400 675 4470; x_wconf 80' lang='lat' dir='ltr'><strong>reliquis.</strong></span> <span class='ocrx_word' id='word_1_513' title='bbox 711 4400 1055 4471; x_wconf 81' lang='lat' dir='ltr'><strong>Reprehensio</strong></span> <span class='ocrx_word' id='word_1_514' title='bbox 1081 4400 1319 4471; x_wconf 87' lang='lat' dir='ltr'><strong>denique</strong></span> <span class='ocrx_word' id='word_1_515' title='bbox 1354 4401 1928 4456; x_wconf 71' lang='lat' dir='ltr'><strong>Anathematismorum</strong></span> <span class='ocrx_word' id='word_1_516' title='bbox 1956 4397 2147 4473; x_wconf 83' lang='lat' dir='ltr'><strong>Cyrilli</strong></span> <span class='ocrx_word' id='word_1_517' title='bbox 2176 4398 2415 4470; x_wconf 87' lang='lat' dir='ltr'><strong>primum</strong></span> <span class='ocrx_word' id='word_1_518' title='bbox 2456 4394 2670 4452; x_wconf 75' lang='lat' dir='ltr'><strong>tenebit</strong></span> <span class='ocrx_word' id='word_1_519' title='bbox 2698 4396 2881 4454; x_wconf 87' lang='lat' dir='ltr'><strong>locum</strong></span> <span class='ocrx_word' id='word_1_520' title='bbox 2920 4399 2977 4457; x_wconf 89' lang='lat' dir='ltr'><strong>in</strong></span> <span class='ocrx_word' id='word_1_521' title='bbox 3005 4410 3153 4460; x_wconf 89' lang='lat' dir='ltr'><strong>tomo</strong></span> <span class='ocrx_word' id='word_1_522' title='bbox 3185 4404 3390 4477; x_wconf 86' lang='lat' dir='ltr'><strong>quinto</strong></span> <span class='ocrx_word' id='word_1_523' title='bbox 3415 4416 3478 4464; x_wconf 88' lang='lat' dir='ltr'><strong>et</strong></span> <span class='ocrx_word' id='word_1_524' title='bbox 3510 4409 3716 4465; x_wconf 84' lang='lat' dir='ltr'><strong>ultimo</strong></span> 
     </span>
    </p>
   </div>
   <div class='ocr_carea' id='block_1_70' title="bbox 429 4495 2128 4573">
    <p class='ocr_par' dir='ltr' id='par_1_70' title="bbox 429 4495 2128 4573">
     <span class='ocr_line' id='line_1_70' title="bbox 429 4495 2128 4573; baseline 0.002 -25"><span class='ocrx_word' id='word_1_525' title='bbox 429 4495 595 4568; x_wconf 79' lang='lat' dir='ltr'><strong>hujus</strong></span> <span class='ocrx_word' id='word_1_526' title='bbox 624 4498 904 4566; x_wconf 87' lang='lat' dir='ltr'><strong>editionis,</strong></span> <span class='ocrx_word' id='word_1_527' title='bbox 933 4515 1005 4555; x_wconf 88' lang='lat' dir='ltr'><strong>ne</strong></span> <span class='ocrx_word' id='word_1_528' title='bbox 1030 4499 1203 4556; x_wconf 90' lang='lat' dir='ltr'><strong>moles</strong></span> <span class='ocrx_word' id='word_1_529' title='bbox 1228 4499 1394 4573; x_wconf 83' lang='lat' dir='ltr'><strong>hujus</strong></span> <span class='ocrx_word' id='word_1_530' title='bbox 1423 4498 1557 4555; x_wconf 90' lang='lat' dir='ltr'><strong>tomi</strong></span> <span class='ocrx_word' id='word_1_531' title='bbox 1584 4497 1818 4555; x_wconf 87' lang='lat' dir='ltr'><strong>nimium</strong></span> <span class='ocrx_word' id='word_1_532' title='bbox 1843 4506 2128 4571; x_wconf 77' lang='lat' dir='ltr'><strong>augeatur.</strong></span> 
     </span>
    </p>
   </div>
  </div>
