4056 6424
1467 396 1837 461 LIBELLUS
1871 394 2169 456 CONTRA
2206 394 2680 456 NESTORIUM.

3544 396 3683 467 ΗΜ

424 612 2397 640 Μ-*ΨΜ--ῇ-*ἥοο

1411 769 2577 906 ΘΕΟΔΩΡΗΤΟΥ
2636 756 2718 838 ‘1)

1731 1022 2135 1078 ΕΠῙΣΚΟΠΟΥ
2161 1021 2398 1075 ΚΥΡοΥ

1253 1212 1732 1331 ΚΑΤΑ
1856 1152 2885 1327 ΝΕΣΤΟΡΙΟΥ

1519 1456 1811 1548 ΠΡΟΣ
1910 1455 2590 1544 ΣΠΟΡΑΚΙΟΝ.

1408 1815 1527 1965 Τ
1539 1811 2668 1967 ΗΕΟΒΟΒΕΤΙ

1768 2082 2109 2142 EPISCOPI
2164 2083 2342 2143 CYRI

1274 2264 1859 2384 CONTRA
1966 2256 2853 2415 NESTORIUM,

1564 2504 1717 2594 AD

1812 2502 2535 2594 SPORACIUM.

508 2830 727 2903 Ἐπειδὴ
762 2827 821 2884 δὲ
861 2827 956 2883 τοῦ
1006 2828 1217 2899 κόσμου
1257 2826 1333 2898 (2)
1368 2826 1568 2890 παντὸς
1616 2828 1759 2881 κατά
1815 2829 2009 2900 μικρὸν
2039 2837 2066 2894 Α

2183 2829 2479 2899 Postquam
2527 2829 2734 2884 mundo
2765 2830 3027 2899 paulatim
3065 2829 3310 2894 labente,
3351 2837 3408 2884 et
3438 2830 3506 2884 ad
3540 2831 3709 2902 hujus

420 2925 806 2998 ὑπορρέοντος,
824 2921 921 2976 καὶ
951 2922 1087 2993 πρὸς
1125 2921 1224 2990 τὴν
1251 2919 1406 2974 τοῦδε
1429 2919 1523 2973 τοῦ
1560 2919 1761 2983 παντὸς
1791 2921 2010 2990 ἐπειγο-

426 3018 590 3090 μένου
624 3015 778 3070 λύσιν
803 3053 819 3079 ,
870 3016 978 3077 πᾶς
1027 3031 1112 3076 τις
1145 3011 1340 3066 ἑαυτὸν
1394 3012 1691 3083 ἀξιόχρεων
1741 3008 1880 3065 εἶναι
1917 3014 2014 3083 τῆς

424 3109 714 3172 εὐσεϐείας
744 3105 1063 3159 διδάσκαλον
1092 3103 1249 3176 ῷετο,
1269 3104 1359 3157 διὰ
1377 3104 1469 3157 τὸν
1487 3101 1547 3168 ἐξ
1584 3103 1822 3174 ἀμαθίας
1847 3104 2014 3174 τῦφον

421 3199 643 3263 οὐδενὸς
678 3197 973 3270 μανθάνειν
1002 3195 1368 3267 ἀνεχομένου,
1403 3195 1588 3247 οὐκέτι
1630 3195 1815 3248 λοιπὸν
1856 3197 1884 3248 ὁ
1920 3196 2012 3249 ἀν-

422 3289 804 3364 θρωποκτόνος
837 3288 1068 3360 δαίμων,
1098 3290 1128 3341 ό
1173 3287 1270 3342 τοῦ
1310 3287 1540 3357 ψεύδους
1584 3287 1769 3359 πατὴρ
1797 3329 1810 3349 ,
1842 3289 1870 3341 ὁ
1899 3288 2009 3342 τῶν

421 3383 681 3449 ζιζανίων
716 3383 973 3453 σπορεὺς,
1010 3383 1123 3443 τοῖς
1160 3379 1363 3445 ἔξωθεν
1390 3378 1485 3431 καὶ
1522 3381 1777 3449 φανεροῖς
1806 3379 1881 3445 (5)
1914 3396 2010 3431 πο-

418 3474 631 3545 λεμίοις
666 3473 806 3526 κατά
836 3472 938 3542 τῆς
983 3470 1311 3541 Ἐκκλησίας
1346 3468 1616 3533 ὡπλίζετο
1639 3486 1652 3500 ⁸
1684 3469 1800 3522 ἀλλ’
1835 3468 2012 3539 εὑρὼν

418 3566 677 3638 δργανον,
713 3567 892 3620 πᾶσαν
924 3565 1000 3627 ὡς
1022 3565 1197 3616 εἰπεῖν
1237 3561 1448 3632 ἀθρόως
1482 3561 1648 3614 αὑτοῦ
1690 3561 1790 3632 τὴν
1818 3561 2013 3632 τέχνην

422 3656 848 3728 ὑποδεχόμενον,
880 3656 939 3708 ἐν
966 3652 1045 3725 τῷ
1073 3654 1173 3724 τῆς
1199 3653 1508 3725 ὀρθοδοξίας
1538 3657 1887 3725 προσχήματι
1913 3656 2013 3723 τὴν

420 3749 652 3821 ἄρνησιν
671 3752 773 3820 τῆς
791 3747 1041 3820 θεότητος
1068 3749 1202 3819 ὁμοῦ
1226 3747 1322 3801 καὶ
1348 3746 1759 3817 φιλανθρωπίας
1784 3747 1879 3800 τοῦ
1899 3748 2013 3801 Μο-

420 3839 677 3911 νογενοῦς
704 3843 1051 3912 παρεισάγει,
1095 3840 1156 3893 τὺ
1198 3839 1403 3895 ἁπλοῦν
1448 3842 1544 3894 καὶ
1592 3840 2014 3911 ἀτεχνολόγητον

422 3932 525 4004 τῆς
556 3932 795 3995 πίστεως
838 3931 998 4002 ἡμῶν
1055 3930 1390 4004 Ἑλληνικοῖς
1440 3931 1822 4001 συνταράττων
1862 3931 2015 3996 cogat-

426 4040 617 4097 σμασι.
643 4024 938 4094 Νεστόριόν
968 4040 1071 4078 που
1094 4025 1313 4087 πάντως
1342 4023 1567 4077 ἀκούετε
1589 4040 1602 4055 ·
1629 4022 1723 4076 καὶ
1754 4022 1861 4092 γὰρ
1892 4022 2015 4075 ἐπί·
2044 4008 2047 4011 λ

425 4133 602 4188 σημος
634 4117 663 4168 ό
694 4116 852 4186 ἀνήρ.
883 4108 1050 4178 Οὗτος
1089 4116 1153 4169 ἐκ
1190 4116 1290 4186 τῆς
1342 4113 1727 4184 Γερμανικέων
1756 4112 2012 4184 πολίχνης

2116 2922 2360 2977 universi
2412 2921 2832 2976 dissolutionem
2877 2921 3190 2987 festinante,
3232 2922 3611 2990 unusquisque
3648 2937 3709 2977 se

2116 3013 2375 3070 idoneum
2394 3013 2615 3083 pietatis
2638 3013 2959 3083 magistrum
2980 3011 3189 3084 1042
3205 3013 3557 3076 existimavit,
3583 3029 3711 3068 cum

2118 3113 2345 3175 prepter
2368 3105 2691 3175 ignorantia).
2720 3104 2921 3159 fastum
2948 3119 3112 3158 nemo
3145 3103 3358 3165 discere
3388 3106 3707 3170 sustineret,

2116 3197 2392 3252 homicida
2420 3197 2654 3261 daemon,
2682 3196 2954 3251 mendacii
2981 3207 3156 3267 pater,
3180 3196 3514 3251 zizaniorum
3541 3196 3711 3251 semi-

2114 3298 2297 3354 nator,
2320 3305 2430 3343 non
2452 3288 2687 3358 amplius
2710 3305 2807 3358 per
2822 3298 3080 3343 externos
3103 3298 3159 3343 et
3180 3288 3501 3343 manifestos
3523 3289 3712 3343 hostes

2115 3383 2380 3437 adversus
2409 3382 2707 3437 Ecclesiam
2736 3398 2889 3437 arma
2918 3383 3088 3437 movit
3114 3401 3125 3436 :
3154 3383 3249 3437 sed
3282 3384 3708 3437 instrumentum

2115 3483 2330 3539 nactus,
2348 3474 2495 3546 quod
2512 3491 2752 3539 omnem,
2770 3485 2831 3529 ut
2857 3475 2929 3529 ita
2954 3475 3154 3540 dicam,
3171 3476 3354 3529 subito
3381 3477 3499 3546 ejus
3530 3485 3705 3529 artem

2117 3569 2441 3637 susciperet,
2488 3567 2590 3621 sub
2638 3577 2801 3622 rectae
2842 3566 3117 3637 Opiniouis
3164 3566 3366 3636 specie,
3403 3566 3713 3622 divinitatis

2117 3661 2282 3716 simul
2306 3668 2361 3715 et
2387 3659 2748 3714 humanitatis
2777 3658 3056 3730 Unigeniti
3087 3660 3438 3729 negationem
3473 3659 3708 3727 inducit,

2117 3751 2423 3823 simplicem
2450 3760 2505 3806 et
2527 3752 2760 3807 artiﬁcio
2786 3760 3066 3807 carentem
3102 3750 3265 3805 (idem
3296 3759 3538 3805 nostram
3567 3751 3713 3805 Grae-

2117 3845 2325 3899 canicis
2370 3844 2711 3899 conturbans
2759 3843 3009 3914 argutiis.
3060 3844 3138 3899 De
3183 3842 3438 3897 Nestorio
3487 3854 3714 3911 prorsus

2118 3933 2424 3989 audivistis.
2469 3933 2567 3988 Vir
2606 3933 2754 3987 enim
2798 3941 2882 3988 est
2909 3933 3154 3988 illustris.
3193 3932 3294 3987 Hic
3329 3948 3394 3987 ex
3428 3931 3714 3987 Germani-

2116 4025 2366 4080 censium
2396 4034 2553 4079 ortus
2580 4025 2864 4095 oppidulo,
2896 4026 3086 4080 nescio
3115 4023 3424 4095 cuiusmodi
3455 4023 3524 4078 ab
3554 4025 3712 4079 initio

2116 4115 2316 4170 studiis
2353 4114 2642 4177 educatus,
2680 4116 2840 4168 aliam
2875 4128 2945 4168 ex
2984 4114 3087 4168 alia
3133 4114 3413 4183 regionem
3456 4128 3708 4168 commu-

422 4208 767 4281 ὁρμώμενος,
793 4208 895 4260 οὐκ
918 4201 1034 4259 οῖδα
1058 4205 1319 4267 ποδαποῖς
1345 4205 1407 4258 τὸ
1429 4204 1490 4269 ἐξ
1518 4205 1691 4274 ἀρχῆς
1713 4204 2013 4273 ἐντεθραμ-
2045 4194 2066 4249 Ι

2119 4213 2259 4269 tans,
2283 4213 2344 4258 ut
2366 4204 2641 4275 ﬂagellum
2660 4204 2933 4274 quoddam
2955 4203 3358 4275 Egyptiacum,
3377 4204 3431 4256 in
3453 4219 3707 4273 magnam

428 4296 592 4367 μένος
624 4293 1072 4365 ἐπιτηδεύμασιν,
1114 4293 1281 4364 ἀλλην
1318 4293 1378 4360 ἐξ
1419 4292 1584 4363 ἄλλης
1623 4292 1866 4363 ἀμείϐων
1900 4292 2012 4364 χώ-

428 4403 553 4460 ραν,
587 4386 841 4456 καθάπερ
867 4384 1215 4457 Αἰγυπτιακὴ
1253 4386 1488 4456 μάστιξ,
1533 4386 1601 4456 τῇ
1657 4384 1868 4457 μεγάλῃ
1905 4385 2013 4439 τῶν

437 4477 763 4548 ’Δντιοχέων
795 4476 1064 4547 ἐνέσκηψε
1087 4476 1261 4531 πόλει.
1314 4478 1401 4531 Ἐν
1440 4476 1614 4548 ταύτῃ
1650 4476 1823 4545 λόγων
1857 4478 2010 4529 ἐλευ-

425 4568 626 4642 θερίων
652 4569 887 4639 μετρίως
913 4568 1287 4641 μετεσχηκὼς,
1324 4570 1507 4640 φωνήν
1534 4587 1593 4622 τε
1615 4570 1696 4623 ὅτι
1720 4568 2011 4640 καλλίστην

424 4662 524 4717 καὶ
550 4662 814 4732 μεγίστην
836 4663 1106 4732 ἀσκήσας,
1124 4663 1189 4733 τῇ
1226 4661 1523 4732 Ἐκκλησία
1552 4661 1647 4715 τοῦ
1674 4660 1810 4714 Θεοῦ
1838 4678 2010 4732 προσ-

425 4753 523 4808 ιὼν
562 4751 638 4824 (ό)
688 4752 1010 4825 είσεφθάρη,
1041 4754 1136 4807 καὶ
1164 4753 1242 4824 τῷ
1272 4753 1557 4824 καταλόγῳ
1577 4752 1688 4806 τῶν
1714 4752 2013 4823 πρεσϐυτέ-

426 4861 538 4918 ρων
569 4845 882 4916 ἐναρίθμιος
918 4848 1180 4915 γεγονὼς,
1215 4845 1307 4899 τόν
1325 4863 1385 4899 τε
1419 4846 1512 4900 τοῦ
1545 4845 1682 4899 Θεοῦ
1711 4845 1838 4899 λαὸν
1861 4845 2010 4899 διδά-

424 4954 580 4991 σκειν
607 4936 684 5008 (5)
704 4939 1159 5009 πεπιστευμένος,
1190 4937 1391 5003 ἔδειξεν
1420 4938 1584 5002 εὐθὺς
1605 4939 1666 4991 ἐν
1680 4939 2009 5010 προοιμίοις,

422 5023 536 5091 οἶος
569 5028 720 5100 παρά
759 5029 937 5082 πάντα
992 5030 1085 5084 τὸν
1140 5028 1253 5100 βίον
1291 5030 1602 5101 γενήσεται.
1655 5030 1732 5084 οὐ
1773 5030 1884 5101 γὰρ
1918 5029 2012 5082 τὸν

423 5120 622 5189 εὐγενῆ
672 5121 767 5174 καὶ
809 5120 1071 5192 γόνιμον,
1127 5120 1219 5176 καὶ
1265 5121 1583 5191 γεωργῆσαι
1604 5120 1783 5190 ψυχὰς
1809 5118 2013 5190 ἀνθρώ-

423 5228 545 5264 πων
596 5211 893 5283 δυνάμενον
917 5252 933 5277 ,
971 5210 1213 5282 ἐζήλωσε
1271 5213 1597 5283 χαρακτῆρα
1652 5211 1763 5264 τῶν
1802 5212 2009 5281 λόγωνο

422 5300 562 5354 ἀλλά
604 5304 743 5373 πρὸς
786 5302 849 5357 τὸ
901 5302 1242 5374 δημοτερπές
1293 5302 1591 5365 ἀποκλίνας
1615 5343 1629 5369 ,
1666 5302 1763 5356 καὶ
1798 5304 1907 5355 τῶν
1932 5305 2012 5364 είς

424 5393 565 5466 ἀέρα
608 5394 888 5466 λυομένωθ
933 5395 1147 5465 κρότων
1183 5392 1476 5465 θηρευτὴς,
1510 5394 1560 5447 εί
1589 5394 1683 5448 καί
1710 5411 1795 5458 τις
1828 5393 2007 5460 ἄλλος,

498 5547 578 5619 (l)
613 5545 901 5602 Maximam
944 5547 1112 5618 huius
1138 5547 1327 5619 libelli,
1353 5556 1570 5619 partem
1609 5546 1860 5619 ejusdem
1890 5562 2012 5602 esse
2040 5554 2083 5612 c

424 5616 735 5742 argumenti
755 5633 881 5672 cum
907 5616 1085 5689 capi—te
1100 5616 1430 5674 duodecimo
1451 5617 1574 5672 libri
1598 5616 1779 5687 quarti
1811 5618 2011 5671 Haeret.

428 5687 458 5742 Ι
520 5687 756 5742 uiarum.
784 5697 841 5742 et
878 5688 1048 5742 fuisse
1079 5688 1174 5742 aui
1221 5688 1373 5742 hunc
1417 5689 1618 5742 librum
1661 5687 2011 5742 Theodorelo

427 5687 756 5759 fabularum,
784 5697 841 5744 et
878 5687 1048 5745 fuisse
1079 5688 1174 5759 qui
1221 5688 1373 5743 hunc
1417 5689 1618 5743 librum
1661 5687 2014 5742 Theodoreto

425 5758 772 5830 suppositum
798 5758 1164 5830 essetemere
1207 5759 1650 5826 pronuntiarent,
1695 5772 1861 5830 supra
1898 5758 2013 5828 jam

426 5827 766 5890 monuimus.
794 5842 847 5897 p.
880 5828 1006 5886 568.

2112 4298 2581 4352 Antiochenorum
2612 4297 2891 4351 civitatem
2932 4296 3151 4365 irrupit.
3182 4296 3242 4349 In
3282 4296 3385 4349 hac
3410 4306 3535 4349 cum
3572 4295 3710 4351 iibe-

2114 4389 2324 4443 ralibus
2363 4387 2672 4456 disciplinis
2720 4386 3077 4442 mediocriter
3114 4395 3262 4442 esset
3308 4387 3575 4451 imbutus,
3606 4404 3707 4443 vo-

2112 4493 2342 4549 cemque
2376 4478 2805 4549 pulcherrimam
2840 4487 2896 4534 et
2926 4478 3218 4533 maximam
3254 4479 3615 4544 exercuisset,
3646 4480 3704 4534 in

2110 4570 2414 4625 Ecclesiam
2443 4571 2537 4625 Dei
2582 4585 2640 4625 se
2672 4571 2921 4641 ingessit,
2952 4579 3008 4625 et
3038 4570 3093 4624 in
3140 4587 3433 4625 numerum
3476 4571 3679 4643 presby

2112 4671 2357 4718 terorum
2409 4663 2616 4718 relatus
2660 4672 2777 4729 est,
2830 4663 3177 4733 docendique
3230 4663 3419 4733 populi
3474 4678 3705 4718 munere

2114 4752 2392 4823 imposito,
2435 4753 2619 4808 statim
2668 4753 2725 4807 in
2768 4752 3001 4807 exordio
3038 4753 3220 4823 qualis
3258 4761 3371 4808 tota
3406 4752 3519 4807 vita
3556 4761 3706 4808 esset

2109 4844 2333 4900 futurus
2375 4845 2636 4900 ostendit.
2669 4836 2857 4915 Néque
2900 4845 3049 4900 enim
3084 4859 3414 4915 generosum
3456 4852 3511 4898 et
3546 4844 3701 4914 geni-

2112 4937 2301 5001 talem,
2341 4936 2546 5007 quique
2594 4936 2880 4991 hominum
2932 4935 3143 4990 animas
3194 4935 3445 4990 excolere
3494 4943 3702 5005 posset,

2111 5028 2333 5083 dicendi
2366 5028 2744 5083 characterem
2789 5035 3015 5083 secutus
3044 5035 3149 5081 est.
3187 5025 3294 5081 Sed
3328 5041 3453 5081 cum
3499 5025 3567 5080 ad
3602 5041 3704 5096 po-

2110 5121 2226 5190 puli
2279 5120 2700 5175 delectationem
2743 5120 3048 5175 orationem
3097 5133 3252 5175 suam
3301 5118 3606 5181 conterret,
3648 5126 3707 5171 et.

2112 5213 2308 5268 inanes
2337 5213 2567 5283 plausus
2593 5220 2653 5267 ut
2682 5213 2776 5283 qui
2809 5215 3043 5269 maxime
3067 5220 3460 5283 aucuparetnr,
3494 5208 3703 5280 1043

2111 5303 2497 5359 turbulentum
2527 5313 2585 5359 et
2610 5303 2867 5359 instabile
2893 5304 3091 5375 vulgus
3136 5302 3204 5358 ad
3239 5303 3325 5357 sui
3364 5298 3703 5355 desiderium

2112 5394 2394 5462 excitavit,
2418 5395 2573 5452 fusca
2596 5404 2750 5452 veste
2777 5395 3028 5463 indutus,
3055 5396 3229 5452 tristis
3259 5392 3538 5458 incedens,
3562 5398 3704 5447 stre-

2192 5548 2267 5621 (2)
2301 5549 2522 5621 παντός.
2554 5550 2679 5605 Des.
2709 5566 2895 5621 supra,
2935 5551 2973 5605 Ι.
3016 5565 3065 5605 c.

2193 5619 2269 5751 $5;
2303 5619 2443 5673 Ibid.
2480 5621 2747 5689 φανερῶς.

2215 5690 2247 5742 4
2302 5689 2498 5751 Supra,
2526 5706 2580 5751 p.
2614 5692 2735 5746 569.

2215 5687 2267 5762 4)
2302 5689 2498 5762 Supra.
2526 5706 2580 5761 ρο
2614 5687 2735 5762 3.69-
2765 5687 2990 5762 προῖφνε

2117 5827 2134 5882 1
2192 5757 2268 5830 (5)
2303 5757 2596 5816 διδᾶσκεὶν.
2630 5757 2944 5832 Supplenda
2970 5757 3073 5812 fuit
3102 5773 3206 5813 vox
3234 5757 3358 5822 ista,
3385 5773 3506 5828 qua:
3525 5763 3701 5816 exstat

2143 5867 2156 5881 .
2191 5843 2239 5882 c.

2143 5843 2239 5883 .C.
