4056 6426
448 396 584 464 1155

1346 432 1366 438 -
1433 398 1916 459 THEODORETI
1961 399 2302 460 EPISCOPI
2340 401 2707 464 CYRENSIS

3566 401 3690 467 1156

440 510 591 580 pitus
632 510 879 566 forenses
926 511 1238 576 declinans,
1290 511 1497 581 pallore
1551 513 1804 582 corporis
1845 514 2026 568 conti-

2148 516 2441 587 γενόμενος,
2491 518 2553 570 τὸ
2599 515 2945 587 συρφετῶδες
2977 517 3071 571 καὶ
3119 515 3463 586 ἀστάθμητον
3505 516 3690 589 πλῆθος

443 617 581 659 nens
613 603 786 658 videri
823 603 1103 668 affectans,
1133 603 1291 657 libris
1333 602 1479 657 domi
1511 613 1572 657 ut
1599 604 1901 674 plurimum
1942 603 2026 658 in—

443 695 730 756 eumbens,
760 710 823 749 ac
865 695 919 748 in
948 695 1061 749 otio
1090 704 1147 749 et
1174 694 1358 764 quiete
1387 709 1572 749 secum
1609 695 1883 748 habitans.
1916 695 2030 750 Hoc

444 787 634 841 habitu
663 795 718 842 et
752 787 854 841 hac
885 787 1234 842 simulatione
1268 786 1534 856 populum
1569 786 1842 851 inescans,
1876 802 2028 857 mag-

445 892 572 930 nam
622 877 798 931 atatis
847 885 1060 946 partem
1109 877 1405 946 transegit,
1455 876 1804 932 Christianus
1851 877 2028 931 videri

446 967 631 1036 potius
661 983 826 1036 quam
860 982 981 1022 esse
1013 967 1261 1030 studens,
1290 977 1346 1022 et
1381 967 1588 1023 Christi
1614 971 1630 987 '
1659 969 1845 1039 gloria:
1874 983 2028 1022 suam

445 1059 760 1128 praeferens.
811 1060 1084 1125 Quoniam
1129 1070 1334 1121 autem,
1378 1067 1438 1113 ut
1482 1074 1512 1112 a
1556 1060 1789 1114 Domino
1819 1059 2027 1113 dictum

444 1159 547 1215 est,
598 1170 616 1202 ‹
649 1151 797 1205 Nihil
837 1158 923 1205 est
957 1152 1233 1205 occultum
1281 1151 1425 1220 quod
1454 1167 1563 1204 non
1596 1151 1821 1215 sciatur,
1849 1165 2029 1220 neque

445 1253 700 1313 opertum
735 1243 882 1313 quod
910 1244 964 1297 in
990 1245 1172 1298 lucem
1209 1259 1319 1299 non
1345 1243 1534 1297 veniat
1565 1243 1610 1306 ¹;
1648 1261 1666 1294 ι
1697 1249 1751 1298 et
1779 1260 1792 1296 :
1830 1261 1848 1293 ι
1881 1243 2029 1298 Bona

445 1352 614 1406 opera
657 1336 949 1390 manifesta
989 1345 1138 1400 sunt,
1174 1345 1228 1390 et
1255 1329 1560 1404 quae'aliter
1595 1351 1653 1389 se
1695 1335 1904 1388 habent
1935 1350 2028 1389 cc-

445 1429 548 1481 lari
595 1443 703 1482 non
753 1435 984 1497 possunt
1017 1429 1059 1491 ’,
1107 1446 1123 1477 ι
1178 1442 1276 1496 per
1328 1425 1882 1496 impervestigabilem
1932 1427 2029 1481 Dei

441 1521 776 1593 iudiciorum
810 1521 1088 1591 abyssum,
1127 1519 1416 1573 Nestorius
1450 1535 1640 1572 eorum
1672 1518 1762 1587 qui
1795 1519 1850 1573 in
1879 1520 2030 1588 pala-

446 1615 526 1668 tio
552 1613 883 1681 sedibusque
910 1612 1317 1681 pontiﬁcalibus
1350 1613 1734 1675 versabantur,
1767 1619 1822 1664 et
1856 1611 2029 1680 ipsius

446 1705 541 1774 qui
569 1703 722 1757 drbis
752 1711 1024 1756 terrarum
1062 1713 1275 1772 sceptra
1307 1709 1437 1755 tunc
1463 1701 1706 1771 regebat,
1743 1700 2026 1768 suﬁ‘ragio,

446 1795 730 1850 catholica:
782 1794 1213 1847 orthodoxorum
1258 1792 1879 1861 Constantinopolitanae
1922 1792 2028 1846 Ec-

446 1885 645 1949 clesiae,
678 1883 938 1953 orbisque
979 1883 1116 1938 adeo
1157 1883 1399 1937 universi
1441 1883 1808 1953 principatum
1849 1882 2029 1952 adipi-

447 1977 638 2032 scitur.
678 1975 758 2029 lbi
804 1975 1065 2044 deinceps
1101 1982 1220 2028 aeta
1256 1983 1384 2028 sunt
1428 1975 1538 2038 illa,
1572 1991 1693 2044 quae
1731 1984 1932 2028 terram
1975 1983 2031 2028 et

447 2081 597 2121 mare
631 2065 1031 2136 propemodum
1062 2064 1449 2135 impleverunt.
1471 2066 1541 2121 Ut
1564 2066 1710 2119 enim
1737 2066 2031 2120 maximam

448 2160 594 2214 illam
644 2158 832 2214 sedem
877 2156 1108 2227 accepit,
1152 2167 1209 2210 et
1251 2156 1605 2226 pontiﬁcatus
1650 2156 2029 2225 praefecturam

447 2251 600 2305 velut
645 2249 989 2321 tyrannidem
1037 2247 1330 2318 quamdam
1374 2246 1628 2316 arripuit,
1667 2245 2028 2316 impietatem,

454 2342 670 2414 1044
707 2357 871 2412 quam
911 2340 1274 2411 parturiebat,
1322 2339 1560 2408 amplius
1607 2338 1891 2392 continere
1923 2354 2032 2391 non

448 2437 671 2506 potuit:
701 2433 797 2489 sed
841 2449 909 2488 ex
956 2440 1228 2502 potestate
1265 2447 1431 2501 quam
1477 2430 1736 2491 habebat,
1780 2431 2032 2484 stolidam

450 2541 736 2582 assumens
767 2525 1069 2588 licentiam,
1103 2521 1314 2594 profert
1359 2521 1415 2575 in
1459 2521 1726 2584 medium,
1751 2522 2036 2575 omnibus—

450 2637 558 2690 que
587 2617 830 2689 exponit,
865 2632 1031 2687 quam
1060 2616 1172 2685 jam
1205 2614 1336 2668 olim
1376 2613 1640 2668 adversus
1683 2613 2034 2682 Unigenitum

450 2718 778 2779 conceperat
829 2705 1260 2777 blasphemiam,
1309 2705 1624 2774 bellumque
1671 2714 1860 2759 contra
1904 2704 2034 2775 dog-

451 2812 597 2857 mata
621 2801 921 2872 apostolica
949 2800 1127 2870 palam
1150 2798 1292 2868 gerit
1322 2815 1335 2850 :
1363 2804 1419 2852 et
1441 2810 1755 2852 sanctorum
1784 2797 2034 2860 Patrum,

451 2887 546 2956 qui
596 2902 662 2940 ex
709 2900 820 2954 quo
869 2883 1254 2937 annuntiatum
1303 2893 1387 2937 est
1434 2882 1812 2952 Evangelium,
1852 2880 2038 2934 ortho-

452 2979 722 3032 doxorum
757 2974 883 3028 ﬁdei
913 2972 1268 3042 praefuerant,
1297 2972 1444 3027 dicta
1479 2972 1706 3044 rejicere
1731 2971 2034 3038 contendit,

454 3069 618 3138 regiae
673 3065 828 3121 urbis
875 3064 1108 3119 turbans
1158 3064 1483 3129 Ecclesiam,
1523 3065 1829 3134 orbemque
1875 3065 2038 3118 simul

456 3161 687 3216 turbans
714 3158 1066 3220 universum;
1100 3155 1349 3209 divinum
1373 3156 1602 3210 Paulum
1627 3156 1786 3210 nihili
1810 3155 2036 3220 faciens,

455 3257 552 3326 qui
595 3255 793 3309 clamat
839 3271 852 3306 :
894 3273 911 3304 ‹
951 3251 1055 3318 Qui
1095 3258 1279 3305 autem
1319 3252 1615 3306 conturbat
1647 3267 1764 3315 vos,
1800 3251 2045 3321 portabit

451 3345 745 3418 judicium,
776 3344 1093 3414 quicunque
1128 3341 1200 3396 sit
1224 3342 1315 3397 ille
1338 3342 1379 3396 ⁸.
1409 3362 1425 3393 ι
1461 3341 1569 3396 Sed
1598 3357 1764 3411 super
1787 3341 2044 3397 candela-

457 3439 620 3493 brum
670 3436 844 3490 divini
890 3435 1214 3506 pontiﬁcum
1258 3443 1568 3505 suggestus,
1602 3449 1714 3488 non
1763 3434 2042 3488 lucernam

457 3529 726 3592 veritatis,
756 3521 849 3582 sed
879 3528 1134 3583 tenebras
1157 3527 1314 3598 ponit
1345 3526 1664 3596 impietatis.
1704 3525 1921 3579 Primus
1949 3539 2047 3578 au-

460 3629 572 3674 tem
603 3621 754 3675 inita:
783 3619 1048 3675 novitatis
1076 3618 1281 3690 gradus
1312 3618 1436 3682 fuit,
1477 3632 1588 3670 non
1629 3623 1884 3686 oportere
1916 3631 2044 3670 san—

459 3721 603 3767 ctam
641 3711 936 3781 virginem,
967 3727 1088 3781 quae
1131 3711 1227 3765 Dei
1262 3709 1505 3765 Verbum
1541 3709 1774 3779 peperit,
1804 3708 1949 3778 quod
1977 3724 2044 3763 ex

460 3818 525 3857 ea
549 3816 770 3855 carnem
795 3803 1059 3870 suscepit,
1083 3798 1373 3868 Dciparam
1402 3797 1672 3863 confiteri,
1699 3797 1795 3854 sed
1817 3797 2048 3853 Christi-

460 3908 651 3964 param
691 3891 957 3946 duntaxat
999 3910 1013 3945 :
1057 3906 1181 3946 cum
1225 3899 1407 3946 tamen
1445 3890 1815 3959 antiquissimi
1853 3892 2048 3947 ortho-

2133 609 2267 680 πρὸς
2292 609 2384 662 τὸν
2413 612 2611 664 οἰκεῖον
2641 607 2997 673 ἐξεκαλέσατο
3040 608 3204 661 πόθον
3229 649 3244 672 ,
3297 607 3451 678 φαιὸν
3484 610 3692 665 περιϐε-

2132 701 2398 771 ϐλημένος
2440 702 2674 772 ἱμάτιον,
2721 699 3072 770 ἐστυγνακὼς
3117 699 3365 768 βαδίζων,
3413 700 3534 762 τοὺς
3575 701 3693 767 ἀγο-

2135 791 2320 863 ραίους
2349 792 2612 847 ἐκκλίνων
2649 792 2934 864 θορύϐους,
2967 791 3240 864 ὠχρότητι
3266 791 3512 859 σώματος
3540 790 3596 842 τὸ
3622 791 3703 842 δο-

2131 885 2249 936 κεῖν
2309 884 2584 954 ἐγκρατὴς
2623 878 2765 937 εἶναι
2826 882 3145 954 θηρώμενος
3171 922 3185 946 ,
3239 881 3374 933 οἴκοι
3414 881 3482 933 τά
3541 881 3699 936 πολλὰ

2133 972 2358 1044 βιϐλίοις
2382 974 2758 1044 προσανέχων,
2791 973 2886 1027 καὶ
2907 973 3030 1026 καθ’
3060 973 3294 1043 ἡσυχίαν
3320 971 3497 1040 ἐαυτῷ
3525 987 3703 1039 συγγι-

2131 1066 2374 1134 νόμενος.
2427 1065 2704 1128 Τοιούτοις
2753 1065 2998 1136 σχήμασί
3030 1081 3090 1118 τε
3135 1065 3228 1116 καὶ
3265 1062 3545 1132 πλάσμασι
3589 1064 3705 1125 τοὺς

2133 1151 2360 1215 πολλοὺς
2403 1151 2691 1219 δελεάζων,
2747 1155 2910 1226 μέχρι
2959 1154 3150 1226 πόρρω
3195 1151 3434 1223 προῆλθε
3466 1153 3563 1222 τῆς
3595 1153 3706 1222 ὴλι-

2132 1241 2279 1305 κίας,
2311 1243 2372 1295 τὸ
2399 1242 2577 1296 δοκεῖν
2607 1243 2932 1315 Χριστιανὸς
2965 1241 3104 1298 εἶναι
3140 1243 3246 1314 πρὸ
3287 1242 3381 1296 τοῦ
3415 1237 3552 1296 εἶναι
3591 1242 3710 1296 διώ-

2132 1348 2263 1389 κων.
2297 1334 2390 1386 καὶ
2424 1337 2524 1403 τῆς
2552 1333 2646 1386 τοῦ
2691 1333 2928 1402 Χριστοῦ
2954 1332 3112 1402 δόξης
3153 1331 3252 1402 τὴν
3288 1329 3485 1384 ἐαυτοῦ
3531 1348 3712 1398 προτι-

2135 1424 2272 1492 μῶν.
2341 1425 2496 1478 Ἐπεὶ
2548 1426 2638 1485 δὲ,
2697 1426 2838 1479 κατὰ
2872 1426 2934 1479 τὸ
2984 1424 3273 1495 εἰρημένον
3332 1422 3409 1494 τῷ
3457 1423 3712 1493 Δεσπότῃ,

2139 1534 2156 1564 ‹
2191 1515 2357 1567 Οὐδέν
2394 1517 2656 1585 κρυπτὸν,
2681 1517 2708 1568 ὃ
2737 1519 2795 1568 οὐ
2831 1515 3365 1587 γνωσθήσεται,οὐδέ
3387 1514 3715 1585 ἀπόκρυφον,

2131 1606 2159 1659 ὂ
2179 1607 2238 1658 οὐ
2275 1607 2350 1678 μὴ
2376 1609 2453 1670 είς
2475 1608 2708 1678 φανερὸν
2726 1607 2855 1681 ἔλθῃ
2872 1625 2885 1639 ο
2920 1627 2936 1658 ι
2964 1607 3082 1671 καὶ,
3110 1626 3129 1658 ι
3162 1607 3241 1660 Τά
3260 1605 3402 1659 καλὰ
3431 1604 3568 1676 ἔργα
3592 1605 3717 1674 πρό-

2131 1703 2267 1773 δηλά
2300 1707 2433 1768 ἐστι,
2465 1706 2558 1758 καὶ
2588 1705 2656 1758 τὰ
2699 1704 2872 1768 ἄλλως
2910 1703 3102 1773 ἔχοντα
3152 1701 3426 1773 κρυϐῆναι
3467 1700 3527 1752 οὐ
3571 1699 3718 1753 δῦνα-

2133 1811 2255 1849 ται·
2298 1814 2314 1846 ι
2342 1795 2482 1849 κατὰ
2521 1796 2618 1866 τὴν
2645 1795 3054 1866 ἀνεξιχνίαστον
3081 1794 3156 1865 (6)
3179 1793 3289 1846 τῶν
3323 1792 3419 1845 τοῦ
3447 1791 3582 1845 Θεοῦ
3605 1809 3720 1863 κρι-

2144 1886 2330 1955 μάτων
2360 1885 2619 1950 ἄϐυσσον,
2653 1887 2748 1938 καὶ
2787 1884 3102 1956 Νεστόριος,
3146 1884 3319 1953 ψήφῳ
3363 1881 3472 1934 τῶν
3507 1880 3633 1952 περὶ
3661 1881 3726 1935 τά

2142 1978 2390 2048 βασίλεια
2421 1983 2515 2032 καὶ
2553 1977 2681 2040 τοὺς
2705 1977 2950 2048 Θρόνους.
2983 1977 3079 2030 καὶ
3113 1973 3277 2030 αὐτοῦ
3302 1975 3404 2028 τοῦ
3436 1973 3728 2043 τηνικαῦτα

2137 2072 2238 2140 τῆς
2269 2070 2597 2139 οἰκουμένης
2629 2071 2695 2123 τὰ
2731 2071 2987 2140 σκῆπτρα
3021 2069 3330 2130 διέποντος,
3353 2068 3453 2137 τὴν
3484 2067 3562 2136 t7)
3596 2065 3729 2119 κατὰ

2139 2159 2710 2214 Κωνσταντινοὺπολιν
2732 2158 2838 2211 τῶν
2863 2157 3160 2229 όρθοδόξων
3183 2156 3492 2224 καθολικῆς
3508 2155 3730 2224 Ἐκκλη-

2142 2249 2264 2312 σίας
2297 2250 2396 2320 τὴν
2433 2250 2723 2320 προεδρίαν
2756 2250 3107 2313 πιστεύεται,
3156 2249 3318 2302 οὐδὲν
3351 2248 3410 2302 δέ
3448 2242 3613 2319 ἦττον
3645 2247 3733 2301 καὶ

2139 2343 2240 2411 τῆς
2273 2339 2598 2410 οἰκουμένης
2624 2339 2866 2408 ἁπάσης.
2909 2338 3178 2394 Ἐνταῦθά
3206 2355 3300 2407 μοι.
3331 2337 3525 2392 λοιπὸν
3549 2336 3644 2390 καὶ
3674 2335 3736 2388 τά

2141 2431 2413 2502 δράματα,
2436 2425 2511 2484 ὧν
2538 2431 2736 2502 μικροῦ
2758 2432 2974 2502 πλήρης
2996 2432 3143 2484 πᾶσα
3168 2430 3237 2500 γῆ
3259 2447 3328 2482 τε
3361 2429 3457 2482 καὶ
3480 2429 3734 2483 θάλασσα.

2154 2521 2237 2583 Ὦς
2261 2521 2371 2592 γὰρ
2393 2521 2484 2574 τὸν
2510 2521 2764 2592 μέγιστον
2787 2522 2996 2574 ἐκεῖνον
3028 2519 3302 2574 κατέλαϐε
3325 2519 3548 2588 θρόνον,
3583 2520 3741 2574 καθά·

2143 2628 2248 2681 περ
2276 2611 2398 2663 τινὰ
2426 2611 2720 2680 τυραννίδα
2746 2610 2844 2680 τῆς
2899 2609 3320 2681 ἀρχιερωσύνης
3369 2611 3472 2680 τὴν
3516 2627 3741 2680 προστα-

2146 2701 2267 2756 σίαν
2301 2702 2570 2772 ἁρπάσας,
2595 2702 2779 2755 οὐκέτι
2818 2702 3069 2772 κατέχειν
3113 2702 3171 2756 ἐν
3208 2701 3399 2772 ἐαυτῷ
3443 2701 3547 2772 τὴν
3589 2701 3745 2754 ὠδῖνα

2143 2793 2242 2863 τῆς
2265 2793 2519 2856 ἀσεϐείας
2547 2788 2660 2857 οἷός
2688 2811 2748 2846 τε
2768 2790 2858 2865 ἦν,
2886 2793 3004 2848 ἀλλ’
3032 2794 3141 2848 ἀπὸ
3161 2794 3260 2865 τῆς
3293 2794 3560 2859 ἐξουσίας
3584 2811 3744 2866 προσ-

2145 2883 2328 2936 λαϐὼν
2357 2885 2544 2957 ἀμαθῆ
2577 2885 2913 2958 παρρησίαν,
2951 2887 3032 2950 είς
3063 2885 3232 2956 μέσον
3261 2886 3401 2956 ἄγει
3432 2887 3534 2941 καὶ
3567 2886 3749 2958 προτί-

2148 2975 2305 3046 θησιν
2339 2978 2562 3044 ἅπασιν,
2593 2978 2660 3048 ἣν
2681 2978 2850 3032 πάλαι
2879 2977 3140 3031 συνέλαϐε
3165 2978 3244 3048 (8)
3272 2980 3432 3033 κατὰ
3461 2978 3559 3032 τοῦ
3584 2979 3748 3032 Move-

2147 3069 2338 3136 γενοῦς
2371 3068 2721 3140 βλασφημίαν
2739 3087 2751 3100 ο
2779 3069 2875 3122 καὶ
2905 3070 3141 3141 πόλεμον
3170 3069 3451 3141 ἄντικρυς
3483 3069 3630 3124 κατὰ
3652 3069 3752 3122 τῶν

2148 3160 2528 3215 ἀποστολικῶν
2553 3163 2790 3232 αἱρεῖται
2815 3162 3122 3232 δογμάτων,
3158 3163 3251 3215 καὶ
3281 3161 3402 3215 τῶν
3440 3162 3616 3230 ἁγίων
3654 3177 3752 3214 πα-

2153 3253 2211 3304 τέ
2223 3269 2351 3324 ρων,
2386 3253 2494 3307 τῶν
2521 3253 2612 3322 ἀφ’
2637 3247 2697 3308 οὗ
2721 3253 3036 3326 κατηγγέλη
3081 3253 3155 3326 (9)
3190 3253 3251 3305 τὸ
3285 3253 3640 3322 Εὑαγγέλιον
3666 3251 3758 3321 τῆς

2154 3343 2262 3398 τῶν
2308 3345 2604 3415 όρθοδόξων
2653 3344 3129 3416 καθηγησαμένων
3180 3345 3458 3412 πίστεως,
3513 3344 3758 3398 ἐκϐαλεῖν

2154 3436 2412 3506 πειρᾶται
2436 3437 2561 3498 τοὺς
2591 3436 2784 3505 λόγους
2808 3449 2823 3465 ⁸
2856 3435 3140 3506 ταράττων
3183 3435 3289 3505 μὲν
3327 3437 3437 3508 τῆς
3496 3435 3761 3507 βασιλίδος

2154 3526 2361 3589 πόλεως
2387 3527 2486 3597 τὴν
2532 3525 2882 3596 Ἐκκλησίαν,
2907 3525 3192 3598 ταράττων
3222 3525 3285 3578 δὲ
3328 3526 3431 3579 καὶ
3465 3525 3569 3596 τὴν
3593 3525 3751 3577 οίκου·

2156 3619 2326 3688 μένην
2360 3619 2611 3684 ἃπασαν,
2654 3618 2808 3674 οὐδὲν
2841 3617 2937 3672 τοῦ
2965 3617 3253 3672 θεσπεσίου
3295 3617 3532 3672 Παύλου
3569 3630 3766 3687 κεκρα-

2155 3712 2313 3779 γότος
2356 3711 2856 3782 ἐπιστρεφόμενοςο
2894 3730 2912 3762 ι
2953 3709 3012 3762 Ὁ
3040 3709 3096 3762 δέ
3133 3708 3444 3778 ταράσσων
3495 3703 3646 3780 ὑμᾶς
3673 3706 3765 3776 βαι

2151 3802 2339 3856 στάσει
2362 3803 2424 3856 τὸ
2452 3805 2644 3875 κρῖμα,
2675 3805 2825 3868 ὅστις
2851 3801 2917 3857 ἂν
3047 3821 3066 3853 ι
3095 3801 3235 3894 ‘AD.’
3263 3802 3368 3856 ἐπὶ
3401 3801 3510 3872 τὴν
3545 3800 3769 3870 λυχνίαν

2149 3893 2245 3947 τοῦ
2282 3893 2427 3948 θείου
2453 3894 2562 3946 τῶν
2590 3892 2893 3966 ἀρχιερέων
2925 3888 3190 3963 βήματος,
3225 3891 3292 3944 οὐ
3324 3893 3427 3947 τὸν
3449 3890 3657 3962 λύχνον
3676 3888 3770 3957 τῆς

463 3983 618 4037 όοχιε
656 3981 782 4035 ﬁdei
813 3981 1222 4050 praedicatores,
1249 3981 1403 4051 juxta
1443 3979 1794 4034 traditionem
1830 3989 2038 4050 aposto-

2154 3992 2433 4065 ἀληθείας,
2474 3991 2609 4045 ἀλλὰ
2652 3991 2744 4045 τὸν
2789 3989 2954 4060 ζόφον
2983 3988 3167 4060 τίθησι
3191 3989 3297 4059 τῆς
3329 3987 3610 4052 ἀσεϐείας
3639 3983 3771 4057 (ιο).

467 4074 662 4138 licam,
708 4073 999 4143 Dciparam
1050 4071 1341 4127 docuerint
1389 4071 1671 4125 nominare
1715 4078 1772 4124 et
1819 4071 2038 4126 credere

2154 4083 2369 4137 Γίνεται
2393 4081 2450 4134 δέ
2480 4079 2628 4152 αὐτῷ
2660 4079 2876 4152 πρῶτον
2904 4078 3007 4148 τῆς
3035 4077 3407 4148 καινοτομίας
3427 4076 3771 4148 ἐγχείρημα,

466 4167 686 4223 Domini
725 4175 976 4221 matrem.
1017 4164 1128 4236 Age
1165 4179 1315 4220 nunc
1344 4178 1477 4218 vero
1511 4163 1892 4234 blasphemum
1920 4162 2038 4218 arti-

2153 4174 2216 4228 τὸ
2257 4173 2332 4245 μὴ
2359 4172 2467 4226 δεῖν
2507 4171 2607 4242 τὴν
2640 4171 2804 4240 ἁγίαν
2852 4170 3150 4243 Παρθένον,
3181 4169 3283 4241 τὴν
3333 4169 3442 4224 τοῦ
3485 4167 3634 4224 Θεοῦ
3667 4163 3778 4237 (II)

466 4259 653 4314 ﬁcium
689 4268 746 4313 et
789 4257 1231 4313 observationem
1267 4255 1405 4310 nulli
1454 4264 1615 4310 antea
1665 4255 1939 4326 cognitam
1992 4254 2038 4309 in

2155 4263 2331 4333 Λόγου
2359 4263 2501 4318 κατὰ
2527 4263 2705 4335 σάρκα
2737 4264 2970 4335 μητέρα,
2997 4261 3260 4316 Θεοτόκον
3279 4262 3622 4333 ὁμολογεῖν,
3640 4260 3772 4331 Χρι-

465 4351 708 4405 medium
737 4351 1128 4420 producamus.

2155 4356 2408 4410 στοτόκον
2441 4355 2498 4408 δέ
2532 4355 2715 4426 μόνον,
2748 4355 2856 4408 τῶν
2887 4353 3058 4410 πάλαι
3081 4353 3175 4408 καὶ
3219 4354 3535 4424 πρόπαλαι
3559 4353 3666 4422 τῆς
3690 4349 3778 4420 op-

467 4441 680 4508 θοδόξου
733 4442 970 4503 πίστεως
1024 4438 1284 4510 κηρύκων
1338 4436 1481 4491 κατὰ
1516 4436 1616 4506 τὴν
1671 4437 2037 4514 ἀποστολικὴν
2077 4445 2381 4515 παράδοσιν
2427 4444 2688 4498 Θεοτόκον
2719 4444 3043 4508 διδαξάντων
3080 4442 3385 4514 ὀνομάζειν
3431 4461 3499 4496 τε
3547 4441 3667 4512 (12)
3693 4439 3781 4492 καὶ

467 4533 746 4587 πιστεύειν
777 4533 873 4602 τὴν
908 4530 1004 4583 τοῦ
1072 4528 1278 4599 Κυρίου
1322 4528 1555 4600 μητέρα.
1589 4529 1725 4597 Φέρε
1764 4529 1828 4602 δὴ
1892 4528 1985 4587 οῦν
2028 4552 2119 4604 μοι
2158 4535 2345 4589 λοιπὸν
2372 4535 2472 4607 τὴν
2506 4535 2826 4608 βλάσφημον
2863 4533 3208 4605 τεχνολογίαν
3233 4572 3248 4599 ,
3288 4533 3403 4588 καὶ
3437 4533 3784 4605 παρατήρη-

471 4641 554 4677 σιν
584 4625 758 4678 οὑδενὶ
791 4625 1057 4694 πρότερον
1089 4623 1460 4694 ἐγνωσμένην,
1483 4625 1564 4685 εἰς
1589 4623 1753 4692 μέσον
1783 4626 1895 4693 (15)
1915 4627 2240 4698 ἀγάγωμεν.

546 4714 757 4785 1045
809 4712 1014 4768 Christi
1065 4712 1391 4784 appellatio,
1446 4714 1654 4784 inquit,
1706 4714 1844 4769 duas
1890 4725 2053 4771 natu-
2088 4721 2131 4774 D

471 4817 560 4856 ras
597 4800 903 4871 signiﬁcat,
943 4800 1284 4857 divinitatem
1321 4802 1635 4874 Unigeniti,
1685 4812 1742 4858 et
1791 4804 2051 4858 humani-

472 4899 640 4947 tatem
672 4909 683 4944 :
712 4890 808 4945 Dei
842 4899 1021 4946 autem
1059 4909 1163 4948 vox
1190 4895 1440 4950 absolute
1479 4895 1710 4964 prolata,
1742 4895 2050 4964 simplicem

470 4989 528 5037 et
593 4982 972 5051 incorpoream
1035 4984 1128 5038 Dei
1183 4984 1350 5039 Verbi
1420 4984 1787 5038 substantiam
1848 5001 2052 5055 reprae-

472 5081 652 5129 sentat
693 5092 706 5127 :
743 5074 981 5130 hominis
1037 5093 1202 5142 vero,
1272 5077 1444 5130 solam
1501 5076 1798 5130 humanam
1837 5079 1854 5093 ’
1893 5088 2054 5133 natu—

470 5182 590 5222 ram
656 5167 914 5222 ostendit.
971 5169 1271 5239 Propterea
1341 5166 1778 5236 Christiparam,
1839 5169 2049 5241 inquit.

471 5267 527 5313 et
560 5273 670 5312 non
711 5257 998 5328 Dciparam
1047 5258 1326 5329 Virginem
1377 5257 1536 5312 fateri
1573 5273 1796 5315 necesse
1834 5271 1937 5326 est,
1982 5279 2052 5320 ne

546 5395 558 5424 ¹
594 5395 760 5450 Marc.
797 5411 869 5461 iv,
895 5395 987 5449 22.
1064 5398 1084 5428 ²
1115 5395 1135 5449 I
1167 5393 1309 5449 Tim.
1344 5412 1398 5460 v,
1428 5395 1518 5450 25.
1595 5395 1616 5428 ³
1644 5395 1818 5454 Galat.
1849 5415 1904 5465 v,
1932 5400 2025 5456 IO.

549 5507 620 5577 (6)
656 5506 829 5587 supra
855 5523 979 5587 pag.
1017 5507 1280 5587 δῖα-ἱεῖς,
1328 5510 1688 5580 ἀνιχνίαστον.
1734 5511 1840 5568 Alii
1877 5512 2057 5580 ἀνεξί-

474 5593 664 5629 κακον.
697 5576 891 5639 VideJ.
921 5576 970 5631 ὁ.
1005 5576 1180 5632 schol.
1209 5576 1297 5635 9‘5.

569 5646 622 5716 Ἰ)
655 5646 794 5700 Ibid.
830 5649 952 5716 τῆς.

571 5713 623 5793 ξ)
654 5713 1004 5793 σμνέλ..11ξίᾶ.
1047 5729 1167 5789 post
1193 5718 1452 5793 magico?)
1483 5722 1684 5792 Μονογ.
1715 5723 1956 5793 ponitur.

571 5785 795 5861 amid.
833 5785 928 5861 ςιιςρῖ
958 5805 1019 5861 ορ
1047 5785 1418 5861 ἀπηγγέλθη-

575 5852 663 5922 IO)
698 5855 785 5906 άσ.
817 5852 946 5923 Alii,
978 5852 1260 5926 ἀσαφείας.
1287 5852 1409 5916 νίᾱ.
1441 5877 1559 5933 pag.
1598 5862 1720 5926 571,
1749 5863 1924 5917 schol.
1956 5862 2043 5917 97.

2246 4719 2310 4773 Ἦ
2328 4718 2425 4773 τοῦ
2451 4720 2688 4791 Χριστοῦ
2717 4720 3262 4792 προσηγορία,”φησὶ,
3289 4719 3417 4773 τῶν
3436 4720 3545 4775 δύο
3567 4718 3789 4790 φύσεων

2159 4808 2276 4860 ἐστι
2317 4808 2650 4878 σημαντικὴ,
2696 4811 2798 4880 τῆς
2835 4828 2893 4864 τε
2943 4810 3196 4882 θεότητος
3233 4808 3338 4862 τοῦ
3394 4810 3791 4880 Μονογενοῦτ,

2158 4899 2252 4953 καὶ
2275 4899 2374 4970 τῆς
2400 4899 2817 4971 ὰνθρωπότητος
2842 4918 2855 4932 ο
2887 4904 2919 4972 ὴ
2950 4902 3008 4954 δὲ
3037 4902 3131 4955 τοῦ
3160 4901 3298 4955 Θεοῦ
3341 4903 3666 4968 ἁπολύτως
3701 4904 3794 4957 λε-

2156 4990 2361 5062 γομένη
2377 4992 2528 5062 φωνὴ
2547 4992 2681 5064 (14),
2708 4991 2806 5064 τὴν
2839 4993 3017 5063 ἁπλῆν
3049 4995 3141 5046 καὶ
3171 4991 3499 5064 ἀσώματον
3524 4995 3631 5048 τοῦ
3658 4993 3795 5048 Θεοῦ

2155 5081 2330 5163 Λόγου
2354 5083 2684 5155 παρίστησιν
2717 5085 2904 5138 οὐσίαν
2924 5099 2938 5113 ·
2973 5087 3005 5156 ἡ
3031 5085 3088 5139 δέ
3119 5084 3214 5138 τοῦ
3233 5084 3599 5158 ἀνθρώπου,
3624 5087 3797 5158 μόνην

2155 5175 2252 5245 τὴν
2282 5175 2629 5246 ἀνθρωπείαν
2669 5177 3017 5230 ὑποδείκνυσι
3056 5177 3250 5248 φύσιν·
3292 5179 3397 5232 διὰ
3439 5181 3623 5235 τοῦτο
3659 5181 3798 5251 Χρι-

2157 5268 2410 5322 στοτόκον
2444 5269 2632 5339 φησὶν,
2670 5269 2785 5325 ἀλλ’
2814 5271 2875 5324 οὐ
2896 5269 3157 5324 Θεοτόκον
3183 5270 3286 5342 τὴν
3321 5272 3640 5344 Παρθένον
3664 5273 3799 5345 ὁμο-

2234 5518 2344 5592 (ῌ)
2391 5521 2529 5576 Ibid.
2578 5521 2680 5592 τὴν
2723 5523 2815 5576 τὸν
2852 5523 2946 5576 τοῦ
2989 5523 3124 5577 Θεοῦ
3171 5523 3362 5588 Λόγον
3406 5528 3708 5582 τεκοῦσαν
3743 5523 3804 5587 ἐξ

2161 5589 2333 5664 αὐτῆς
2368 5591 2545 5664 σάρκα
2576 5589 2833 5656 λαϐόντα,
2861 5593 3121 5648 Θεοτόκον
3151 5593 3494 5664 ὁμολογεῖν.

2230 5659 2342 5733 (l2)
2370 5659 2451 5733 τεᾷ
2483 5663 2609 5716 Des.
2639 5678 2825 5733 supra,
2853 5664 2890 5716 l.
2917 5679 2966 5719 c.

2230 5727 2342 5802 (15)
2371 5732 2553 5800 μέσον.
2584 5727 2723 5787 Ibid:
2757 5749 2945 5802 praem.
2973 5735 3054 5787 τό.

2230 5735 2342 5864 (³⁵)
2371 5735 2553 5800 μέσον.
2584 5735 2723 5787 Ibid.
2757 5749 2945 5802 prtem.
2973 5735 3054 5787 τό.

2155 5801 2361 5934 ﬂigi-75L
2383 5803 2554 5877 φωνή.
2589 5803 2884 5858 Inserenda
2919 5803 3021 5857 fuit.
3073 5804 3187 5860 lucc
3221 5818 3367 5870 tox,
3429 5823 3568 5877 (ωειλ
3618 5810 3799 5862 exstat

2198 5906 2209 5918 .
2246 5889 2361 5922 Ol].
