4056 6418
350 403 489 467 1157

1420 404 1791 467 LIBELLUS
1828 400 2128 463 CONTRA
2168 368 2642 460 NES’l’ORIUM.

3499 400 3636 470 1158

348 520 533 596 λογεῖν
566 520 880 586 ἀναγκαῖον,
919 520 1129 588 μήποτε
1165 517 1419 590 λάθωμεν
1454 519 1628 591 ἀρχὴν
1667 517 1765 573 τοῦ
1796 512 1926 571 εἶναι

2043 512 2423 583 imprudentes
2476 512 2729 567 dicamus
2778 513 2951 567 Deum
3010 513 3249 568 Verbum
3305 515 3523 572 initium
3566 535 3633 575 ex

345 610 600 678 λέγοντες
627 609 718 662 τὸν
740 609 873 662 Θεὸν
900 613 1074 680 Λόγον
1110 614 1173 664 ἐκ
1198 612 1295 682 τῆς
1320 610 1483 679 ἁγίας
1504 609 1783 680 εἰληφέναι
1823 607 1937 679 (15)

344 698 653 769 Παρθένου,
684 700 777 752 καὶ
814 697 957 752 οὕτω
986 700 1419 771 προγενεστέραν
1452 698 1551 769 τὴν
1592 698 1804 769 μητέρα
1839 694 1934 750 τοῦ

344 791 702 862 γεννηθέντος
732 793 792 860 ἐξ
837 794 1008 863 αὐτῆς
1040 793 1183 847 κατὰ
1224 793 1287 846 τὸ
1331 792 1623 846 ἀκόλουθον
1652 791 1938 861 ὁμολογεῖν

348 884 684 956 βιασθῶμεν.
721 885 839 940 Ἵνα
865 885 922 939 δὲ
959 886 1032 957 μὴ
1058 884 1193 950 δόξω
1218 884 1508 956 λοιδορίαις
1544 885 1729 944 κεναῖς
1760 882 1936 936 ταῦτα

278 979 291 993 ³
343 976 440 1031 τοῦ
472 976 667 1048 ἀνδρὸς
706 980 1056 1049 κατηγορεῖν,
1104 977 1268 1030 αὐτὸν
1308 977 1516 1030 ἐκεῖνον
1557 969 1640 1038 οἷς
1679 970 1801 1027 εἷπε
1833 973 1937 1043 τῆς

341 1066 554 1130 οίκείας
582 1050 838 1130 ἀσεϐείας
864 1067 1161 1138 ποιήσομαι
1194 1065 1466 1137 μάρτυρα.
1499 1063 1621 1117 Τῶν
1652 1063 1762 1134 γὰρ
1795 1063 1933 1117 ἁπο-

345 1159 612 1214 στολικῶν
645 1159 1015 1231 διδαγμάτων,
1041 1159 1133 1214 καὶ
1165 1159 1368 1222 παντὸς
1402 1157 1557 1226 ἁγίου
1588 1158 1808 1227 μνήμην
1833 1155 1934 1224 τῆς

343 1250 545 1306 ἑαυτοῦ
589 1253 831 1316 διανοίας
882 1252 1240 1324 ύπερορίσας,
1284 1253 1344 1304 ὲν
1376 1252 1442 1322 τῇ
1488 1249 1598 1305 τῶν
1638 1246 1933 1318 ὀρθοδόξων

359 1344 656 1416 Ἐκκλησία
687 1344 892 1409 πολλὰς
942 1343 1203 1407 τοιαύτας
1245 1342 1502 1413 ὲξεϐόησε
1542 1339 1761 1411 φωνάς’
1816 1337 1931 1391 Ούκ

342 1436 530 1490 ετεκεν
565 1435 717 1507 (16),
750 1430 796 1489 ὦ
826 1436 1073 1506 βέλτιστε
1099 1475 1115 1501 ,
1149 1435 1340 1507 Μαρία
1389 1433 1546 1497 Θεὸν,
1583 1432 1699 1486 ἀλλ’
1748 1431 1931 1484 ἔτεκεν

341 1527 655 1599 ἄνθρωπον,
684 1527 936 1594 θεότητος
958 1527 1210 1599 ὄργανον.
1236 1527 1346 1580 Καὶ
1368 1528 1424 1579 ἐν
1454 1524 1664 1596 ἑτέροις
1685 1523 1742 1577 δὲ
1770 1523 1929 1575 πάλιν

342 1617 675 1690 φληνάφοις·
715 1606 1073 1690 Ἀνέγκλῆτος
1096 1618 1318 1690 Ἕλλην,
1349 1617 1561 1688 μητέρα
1580 1615 1722 1679 θεοῖς
1751 1616 1931 1666 ἔπεισα

338 1710 513 1779 ἀγων.
544 1708 729 1765 Ταῦτα
754 1710 854 1782 μὲν
882 1710 958 1774 ὡς
983 1711 1091 1764 ἀπὸ
1117 1710 1327 1764 πολλῶν
1353 1709 1509 1779 ὀλίγα
1540 1725 1629 1778 μοι
1657 1706 1765 1760 τῶν
1783 1705 1927 1758 ὲκεί-

339 1818 435 1855 νου
480 1800 934 1872 τέωςείρήσθω,
984 1800 1122 1872 πρὸς
1155 1801 1222 1855 τὰ
1253 1800 1381 1871 ἑξῆς
1428 1798 1785 1867 ἐπειγομένου
1832 1795 1925 1849 τοῦ

338 1892 522 1961 λόγου.
553 1891 717 1946 Ὅθεν
732 1864 936 1962 ’ἐπειδῆ
972 1864 1186 1964 θανάτῳ
1210 1864 1430 1962 ἐξαισίῳ
1460 1864 1789 1944 ἀπολοῦνται
1821 1904 1925 1940 πα·
1963 1864 2004 1920 Β

341 1982 590 2057 ράνομοι,
606 1984 705 2055 τῆς
736 2000 796 2036 τε
835 1982 1245 2055 ἀρχιερωσύνης
1269 1983 1357 2036 διὰ
1381 1981 1490 2035 τῶν
1514 1980 1794 2050 ὲνἙφέσῳ
1813 1979 1923 2051 (17)

340 2075 841 2149 συναθροισθέντων
873 2077 1045 2145 ἁγίων
1072 2075 1177 2128 ὑπὸ
1200 2076 1299 2145 τῆς
1332 2073 1485 2138 θείας
1515 2071 1803 2140 ὲξεϐάλετο
1822 2073 1928 2142 ψή-

338 2184 465 2237 φου,
499 2164 592 2220 καὶ
618 2165 882 2237 βασιλικῷ
909 2166 1141 2237 νεύματι
1169 2165 1267 2237 τὴν
1288 2165 1482 2218 Ὄασιν
1506 2161 1927 2226 καταδικασθεὶς

336 2261 530 2327 οἰκεῖν,
557 2259 655 2329 τῆς
676 2258 977 2331 μελλούσης
1006 2260 1115 2312 τῶν
1138 2258 1352 2312 ἀσεϐῶν
1374 2257 1650 2321 κολάσεως
1674 2238 1927 2309 ὲντεῧθεν

336 2351 557 2418 ἐδέξατο
574 2352 644 2406 τὰ
678 2350 963 2424 προοίμια,
1008 2351 1390 2424 παρανάλωμα
1425 2350 1524 2421 τῆς
1557 2349 1764 2412 οἰκείας
1795 2364 1927 2417 φρε-

336 2444 660 2510 νοϐλαϐείας
701 2445 1015 2517 γενόμενος,
1048 2445 1142 2497 καὶ
1184 2444 1271 2513 ἐφ’
1302 2441 1480 2512 ἑαυτῷ
1521 2439 1818 2510 πληρώσας
1864 2438 1926 2491 τὸ

335 2537 698 2592 ἀποστολικὸν
753 2539 931 2591 έκεῖνο
986 2535 1190 2605 λόγιον,
1232 2536 1313 2588 ὅτι
1351 2553 1369 2585 ι
1401 2530 1576 2586 Τινῶν
1625 2527 1927 2600 ἀνθρώπων

335 2630 394 2684 αἰ
434 2630 701 2702 ἁμαρτίαι
738 2629 998 2702 πρόδηλοί
1022 2631 1181 2693 εἰσιν,
1206 2627 1549 2699 προάγουσαι
1577 2625 1657 2686 εἰς
1686 2622 1919 2691 κρίσιν.»

350 2720 513 2775 Ἀλλά
542 2722 715 2776 ταῦτα
741 2722 861 2792 μὲν,
884 2722 958 2785 ὡς
989 2720 1083 2774 καὶ
1114 2720 1295 2782 ἄλλοις
1324 2717 1539 2780 πολλοῖς
1562 2712 1925 2785 ἐξητασμένα,

2012 672 2017 679 ν
2042 614 2231 662 sancta
2250 605 2474 676 Virgine
2499 605 2820 675 sumpsisse,
2841 616 3005 676 atque
3027 606 3488 677 itaantiquioren‘
3515 625 3602 666 ma
3620 641 3635 651 ο

2044 708 2187 753 trem
2223 713 2292 753 eo
2313 698 2409 769 qui
2438 714 2505 753 ex
2545 714 2608 754 ea
2644 707 2810 753 natus
2848 707 2951 763 est,
2991 714 3059 754 ex
3098 701 3461 770 consequenti
3504 717 3635 756 con-

2040 785 2186 841 ﬁteri
2215 800 2496 856 cogamur.
2527 788 2605 842 Ne
2634 788 2823 842 videar
2857 797 3040 844 autem
3082 788 3342 845 inanibus
3359 792 3634 848 conviciis

2038 879 2157 935 haec
2202 879 2259 933 in
2304 879 2459 933 illum
2487 881 2717 948 jactare,
2749 880 2901 933 illum
2939 880 3119 948 ipsum
3160 882 3279 936 suis
3321 882 3510 937 verbis
3545 892 3631 938 te-—

2038 978 2177 1024 stem
2228 968 2552 1039 producam.
2585 968 3026 1037 Apostolicorum
3074 970 3222 1024 enim
3267 971 3631 1028 documento-

2036 1076 2180 1126 rum,
2221 1069 2278 1115 et
2322 1069 2640 1116 sanctorum
2685 1075 3144 1130 quorumcunque
3185 1062 3505 1117 memoriam
3561 1078 3630 1119 ex
3716 1068 3729 1079 '

2035 1149 2368 1221 cogitatione
2406 1164 2504 1204 sua
2536 1149 2933 1213 exterminans,
2963 1148 3017 1203 in
3057 1150 3492 1206 orthodoxorum
3520 1152 3627 1208 Ec-

2034 1240 2201 1296 clesia
2229 1242 2432 1296 multas
2466 1240 2782 1296 istiusmodi
2820 1257 2985 1297 voces
3014 1241 3190 1297 edidit
3234 1259 3248 1296 :
3292 1242 3416 1298 Non
3456 1259 3626 1313 pepe-

2034 1334 2127 1399 rit,
2153 1335 2350 1405 optimi
2380 1334 2510 1398 viri,
2534 1334 2934 1400 Maria-Deum,
2976 1334 3071 1389 sed
3106 1334 3386 1390 hominem
3412 1337 3630 1409 peperit

2032 1426 2344 1483 divinitatis
2370 1428 2825 1483 instrumentum.
2861 1427 2929 1481 Et
2958 1426 3012 1481 in
3039 1427 3165 1483 aliis
3193 1444 3388 1483 rursus
3416 1429 3624 1499 magis:

2029 1519 2202 1590 Culpa
2234 1530 2391 1575 vacat
2420 1520 2662 1591 gentilis,
2692 1518 2787 1589 qui
2819 1518 2926 1573 diis
2962 1527 3195 1573 matrem
3230 1519 3466 1575 inducit.
3501 1520 3629 1576 llaec

2030 1628 2058 1666 a
2084 1629 2169 1667 me
2201 1629 2375 1683 pauca
2413 1613 2479 1668 de
2508 1612 2696 1666 multis
2721 1610 2869 1665 dicta
2912 1610 3043 1676 sint,
3080 1610 3211 1665 dum
3244 1611 3311 1665 ad
3339 1612 3627 1681 sequentia

2028 1705 2253 1761 Fstinat
2277 1706 2474 1761 oratio.
2500 1704 2657 1760 Unde
2686 1703 2948 1773 quoniam
2974 1704 3251 1758 horrenda
3287 1712 3465 1757 morte
3503 1720 3626 1773 per-

2030 1799 2193 1853 ibunt
2223 1798 2402 1868 impii,
2439 1796 2763 1868 pontiﬁcatu
2790 1813 2889 1866 per
2916 1805 3136 1850 sanctos
3164 1795 3367 1866 Ephesi
3392 1811 3623 1866 congre-

2032 1900 2186 1962 gatos
2213 1890 2425 1961 1046
2457 1889 2645 1944 divino
2687 1888 2949 1959 sull‘ragio
2973 1883 3221 1958 dejectus
3257 1895 3362 1952 est,
3388 1896 3443 1942 et
3464 1888 3622 1959 jussu

2035 1982 2385 2051 imperatoris
2422 1981 2605 2037 Oasim
2646 1981 2897 2036 habitare
2943 1981 3153 2050 jussus,
3197 1978 3373 2034 futuri
3420 1979 3622 2049 impio-

2033 2089 2155 2128 rum
2202 2072 2459 2144 supplicii
2493 2072 2647 2126 illinc
2681 2073 2917 2142 sumpsit
2943 2071 3256 2136 exordium,
3299 2086 3411 2126 suae
3447 2071 3623 2141 ipsius

2034 2167 2291 2221 amentia:
2331 2167 2507 2221 factus
2543 2165 2871 2229 ludibrium,
2903 2174 2961 2220 et
3011 2166 3067 2219 in
3120 2180 3178 2220 se
3226 2164 3437 2219 dictum
3484 2164 3622 2218 illud

2032 2259 2318 2328 complens
2350 2256 2595 2326 Apostoli
2641 2275 2653 2309 :
2698 2275 2716 2307 ι
2757 2255 3132 2322 Quorumdam
3174 2255 3460 2309 hominum
3491 2270 3621 2325 pec-

2030 2357 2152 2404 cata
2186 2346 2473 2403 manifesta
2507 2353 2655 2411 sunt,
2689 2344 3061 2417 prazcedentia
3105 2344 3174 2399 ad
3212 2342 3485 2415 judicium
3515 2344 3556 2396 ⁸.
3595 2361 3614 2392 ι

2031 2437 2139 2493 Sed
2166 2438 2283 2492 haec
2315 2437 2562 2506 quidem,
2596 2443 2654 2489 ut
2681 2451 2805 2505 quae
2832 2435 2901 2488 ab
2928 2434 3052 2488 aliis
3087 2433 3279 2488 multis
3310 2433 3621 2487 examinata

2030 2537 2180 2593 sunt,
2214 2529 2497 2599 praeterire
2544 2534 2979 2582 consentaneum
3021 2531 3124 2580 est.
3176 2525 3477 2594 Pergamus
3521 2522 3622 2594 igi-

2030 2629 2122 2675 tur
2158 2619 2226 2673 ad
2267 2618 2575 2688 sequentia,
2613 2624 2670 2670 et
2700 2615 2771 2670 ad
2801 2622 3121 2669 sanctorum
3149 2614 3374 2668 Patrum
3406 2611 3607 2667 confes-

2030 2712 2240 2766 sionem
2276 2711 2582 2764 veniamus.

337 2816 723 2890 παραδραμεῖν
755 2818 1073 2887 ἀναγκαῖον.
1115 2816 1241 2872 Ἐπὶ
1270 2818 1381 2891 (l8)
1420 2815 1476 2869 δὲ
1507 2812 1576 2866 τὰ
1612 2810 1735 2879 ἑξῆς
1760 2811 1949 2879 ἴωμεν,
1990 2811 2083 2863 καὶ
2111 2812 2187 2873 εἰς
2217 2810 2316 2879 τὴν
2354 2807 2463 2861 τῶν
2514 2806 2685 2875 ἁγίων
2714 2807 2975 2878 Πατέρων
3009 2804 3300 2876 ὁμολογίαν
3343 2800 3614 2873 μετέλθω-

337 2922 464 2976 μεν.

420 3003 614 3074 Ἡμεῖς
647 3004 760 3068 τοῖς
796 3003 1173 3073 εύαγγελικοῖς
1212 3001 1307 3056 καὶ
1353 3002 1734 3064 ἀποστολικοῖς
1785 3013 1925 3049 παν-

332 3095 505 3167 ταχοῦ
535 3095 848 3166 πειθόμενοι
874 3095 1131 3165 δόγμασι,
1164 3095 1306 3147 κατὰ
1340 3094 1437 3164 τὴν
1463 3094 1767 3166 παράδοσιν
1815 3089 1926 3143 τῶν

2104 2990 2237 3053 Νοε,
2269 2986 2599 3057 evangelieis
2634 2993 2692 3040 et
2741 2983 3058 3055 apostolicis
3101 2982 3307 3053 ubique
3351 2983 3617 3055 dogmati-

2037 3084 2142 3137 bus
2170 3081 2561 3149 obsequentes,
2581 3079 2737 3147 juxta
2761 3082 3077 3130 sanctorum
3109 3075 3336 3131 Patrum
3366 3077 3618 3134 traditio-

332 3162 513 3259 ἁγίων
546 3162 832 3259 Πατέρων,
862 3162 956 3240 τὸν
979 3162 1110 3240 Θεὸν
1132 3186 1324 3254 Λόγον,
1356 3162 1446 3239 τὸν
1472 3162 1628 3239 τοῖιδε
1664 3186 1756 3239 τοῦ
1790 3202 1926 3238 παν·-

2033 3186 2182 3235 nem,
2207 3170 2378 3224 Deum
2402 3166 2667 3230 Verbum,
2693 3164 2936 3219 universi
2968 3165 3133 3235 hujus
3172 3163 3525 3222 Conditorem
3552 3184 3618 3224 ac

335 3279 451 3343 τὸς·
483 3279 826 3351 Δημιουργσόν
862 3297 919 3333 τε
963 3280 1057 3333 καὶ
1103 3279 1341 3351 Κύριον,
1388 3278 1478 3333 τὸν
1527 3278 1786 3351 μονογενῆ
1830 3278 1924 3332 τοῦ

336 3371 557 3440 [ἰατρὸς
582 3371 729 3436 Υίὸν,
750 3370 842 3425 τὸν
868 3369 1215 3440 προαιώνιον,
1238 3371 1331 3424 τὸν
1356 3372 1529 3441 ἀμιγῆ
1560 3371 1812 3440 σώματος
1830 3374 1926 3425 καὶ

337 3464 561 3518 πάντων
616 3464 717 3517 ὅσα
760 3461 1035 3533 σώματος,
1087 3462 1179 3515 τὸν
1215 3462 1397 3516 πάντα
1429 3461 1559 3515 ὄντα
1610 3463 1713 3516 ὅσα
1763 3466 1859 3516 καὶ
1895 3465 1925 3516 ὁ

333 3552 552 3623 Πατὴρ,
593 3552 724 3623 πλὴν
755 3552 873 3616 ἑνὸς
905 3551 1069 3622 μόνου
1102 3549 1194 3605 τοῦ
1228 3546 1371 3605 εἶναι
1402 3551 1592 3623 Πατὴρ
1614 3594 1628 3615 ,
1675 3552 1926 3606 πιστεύο-

338 3658 444 3717 μεν
474 3645 560 3698 ἐπ’
592 3646 839 3716 ἐσχάτων
870 3643 978 3698 τῶν
1000 3643 1257 3716 ἡμερῶν,
1295 3644 1400 3697 ὑπὸ
1438 3645 1539 3713 τῆς
1576 3644 1738 3698 αὐτοῦ
1774 3664 1924 3718 κινη-

335 3736 506 3792 θέντα
534 3735 964 3806 φιλανθρωπίας,
991 3735 1209 3807 εύδοκίᾳ
1256 3734 1351 3788 τοῦ
1375 3734 1510 3789 Θεοῦ
1557 3739 1651 3790 καὶ
1684 3737 1921 3807 Πατρὸς,

334 3830 407 3882 ὲκ
430 3827 531 3899 τῆς
549 3828 711 3898 ἁγίας
737 3828 1037 3898 Παρθένου,
1063 3826 1349 3898 ὁμοούσιον
1368 3830 1434 3898 τῇ
1456 3827 1715 3899 τικτούσῃ
1746 3829 1923 3898 σάρκα

333 3921 574 3976 λαϐόντα
603 3920 700 3975 καὶ
732 3920 1027 3991 γενόμενον
1077 3919 1386 3991 ἄνθρωπον,
1425 3918 1751 3990 γεννηθῆναι
1791 3918 1923 3972 Θεὸν

338 4009 484 4083 μετά
507 4011 602 4065 τοῦ
641 4011 1108 4083 προσλήμματος,
1159 4009 1258 4081 οὐχ
1297 4011 1434 4082 ὅπερ
1469 4006 1537 4082 ἦν
1580 4009 1922 4063 ἀποϐαλόντα

338 4100 574 4173 (τροπῆς
598 4099 709 4173 γὰρ
741 4102 920 4171 πάσης
944 4099 1005 4153 τὸ
1023 4100 1165 4153 θεῖον
1197 4098 1520 4170 ἐλεύθερον),
1542 4098 1679 4152 ἀλλά
1699 4116 1921 4169 προσει-

335 4192 552 4265 ληφότα
573 4192 633 4245 τὸ
666 4191 920 4261 γενέσθαι
956 4191 1050 4245 καὶ
1071 4191 1167 4246 ἄνθ
1179 4208 1381 4263 ρωπον.
1411 4191 1632 4256 Τοῦτον,
1667 4191 1808 4244 κατὰ
1831 4190 1921 4244 τὸν

335 4279 697 4334 ἅποστολικὸν
727 4280 907 4348 λόγον,
936 4280 1266 4351 πειραθῆναι
1294 4280 1386 4333 καὶ
1423 4278 1532 4333 τῶν
1563 4278 1921 4350 ἀνθρωπίνων

336 4370 531 4427 παθῶν
569 4372 712 4427 κατά
744 4373 925 4426 πάντα
946 4411 962 4439 ,
998 4372 1123 4425 καθ’
1154 4371 1446 4442 ὁμοιότητα
1488 4371 1586 4426 καὶ
1633 4374 1797 4442 νόμον
1828 4370 1920 4427 τὸν

333 4462 700 4535 ἀνθρώπειον,
728 4465 898 4535 χωρὶς
922 4463 1198 4535 ἁμαρτίας
1217 4478 1230 4491 ·
1268 4464 1330 4517 τὸ
1374 4463 1485 4535 γὰρ
1513 4463 1790 4536 πεινῆσαι,
1826 4464 1919 4517 καὶ

333 4556 622 4622 κοπιάσαι,
673 4554 770 4608 καὶ
799 4552 1093 4626 δακρύσαι,
1128 4556 1223 4607 καὶ
1264 4555 1366 4608 ὅσα
1396 4553 1646 4619 τοιαῦτα,
1696 4554 1797 4625 τῆς
1825 4556 1920 4608 ἀν-

334 4646 618 4718 θρωπείας
646 4646 862 4717 φύσεως
884 4644 1183 4718 παρίστησι
1209 4645 1308 4717 τὴν
1338 4644 1632 4716 ἀλήθειαν·
1669 4662 1919 4716 σταυρω-

333 4732 498 4803 θῆναι
522 4750 585 4786 τε
613 4732 706 4787 ἐπὶ
734 4732 962 4787 Ποντίου
990 4732 1225 4788 Πιλάτου
1249 4777 1264 4802 ,
1314 4734 1410 4788 καὶ
1462 4733 1755 4789 ἀποθανεῖν
1777 4775 1793 4800 ,
1825 4734 1919 4788 καὶ

324 4825 597 4895 ταφῆναι,
628 4825 723 4878 καὶ
757 4825 1051 4895 ἀναστῆναι
1086 4828 1150 4897 τῇ
1177 4825 1334 4898 τρίτῃ
1356 4825 1561 4898 ἡμέρα,
1595 4827 1691 4880 καὶ
1720 4829 1918 4898 ἀναλη-

332 4919 540 4989 φθῆναι
559 4919 639 4982 είς
666 4920 790 4983 τοὺς
809 4920 1074 4991 οὐρανοὺς
1097 4958 1111 4980 ,
1138 4919 1216 4992 τῷ
1244 4920 1431 4991 οἰκείῳ
1458 4922 1635 4993 Πατρὶ
1664 4938 1918 4993 συμπρο-

334 5011 835 5083 σκυνούμενον,καὶ
861 5008 1314 5081 ωνδοξαξὸμενον
1343 5011 1493 5083 παρὰ
1514 5012 1694 5082 πάσης
1724 5013 1921 5083 νοητῆς

330 5120 396 5177 τε
424 5102 522 5156 καὶ
552 5102 819 5173 αἰσθητῆς
840 5100 1056 5171 φύσεως
1075 5115 1088 5130 ’
1118 5101 1212 5154 κα)⁵
1231 5102 1393 5156 αὐτὸν
1417 5102 1580 5156 πάλιν
1600 5102 1919 5156 ἐλεύσεσθαι

330 5196 521 5265 κρῖναι
545 5194 756 5261 ζῶντας
783 5194 879 5248 καὶ
905 5192 1156 5264 νεκροὺς,
1180 5193 1333 5248 οὐδὲν
1364 5193 1467 5247 ὑπὸ
1483 5194 1582 5266 τῆς
1607 5193 1701 5247 τοῦ
1727 5192 1917 5246 δούλου

334 5284 559 5357 μορφῆς
593 5286 674 5350 εἰς
712 5284 810 5357 τὴν
840 5284 991 5339 θείαν
1022 5283 1393 5338 ἑλαττωθέντα
1431 5283 1627 5354 φύσινο
1668 5283 1784 5338 ἀλλ’
1819 5284 1917 5338 ἕνα

330 5376 470 5431 Θεὸν
499 5376 763 5449 μονογενῆ
818 5377 913 5431 καὶ
964 5375 1170 5446 Κύριον
1221 5372 1316 5428 τοῦ
1366 5374 1604 5442 παντὸς,
1638 5374 1779 5444 μετά
1812 5374 1917 5446 τῆς

408 5534 432 5566 ’⁵
458 5534 483 5589 I
513 5534 657 5590 Tim.
688 5551 743 5602 v,
771 5535 865 5589 24.
941 5533 963 5565 ⁵
992 5532 1162 5589 Hebr.
1186 5548 1261 5598 tv,
1287 5532 1378 5588 15.

435 5688 524 5761 15)
560 5687 758 5761 Supra.
784 5689 823 5743 l.
858 5676 1354 5761 αειοείείληφότα.

435 5750 521 5825 l6)
554 5750 828 5815 ErfSirm.
853 5750 1024 5814 editio
1057 5759 1114 5812 h.
1138 5750 1259 5812 11a
1282 5762 1608 5827 postpauea
1629 5750 1913 5827 hab.__£ro-

334 5823 456 5897 κεν,
495 5823 594 5901 pro
641 5828 880 5895 τέτοκεν,
932 5837 993 5883 ιιι
1040 5823 1620 5899 videturfMaluimus
1667 5823 1914 5880 scribere

2034 3261 2349 3325 Dominum,
2384 3257 2731 3328 unigenitum
2760 3255 2941 3312 Patris
2972 3256 3195 3322 Filium,
3225 3258 3438 3313 saeculis
3464 3268 3619 3316 ante-

2033 3357 2260 3419 riorem,
2300 3351 2549 3422 corporis
2594 3359 2650 3406 et
2698 3350 2946 3405 omnium
2996 3366 3119 3421 quae
3166 3359 3297 3423 sunt
3340 3354 3614 3424 corporis,

2031 3453 2335 3518 expertem,
2360 3444 2416 3499 in
2442 3458 2553 3514 quo
2576 3450 2704 3498 sunt
2733 3441 2917 3497 omnia
2945 3458 3069 3512 quae
3107 3442 3163 3496 in
3187 3443 3367 3510 Patre,
3392 3454 3616 3514 prater.

2031 3553 2194 3607 quam
2221 3551 2344 3590 esse
2374 3535 2613 3598 Patrem,
2643 3531 2920 3588 credimus
2959 3532 3015 3586 in
3049 3532 3364 3588 novissimis
3392 3534 3610 3601 diebus,

2030 3644 2129 3684 sua
2183 3627 2356 3697 ipsius
2399 3624 2740 3695 benignitate
2794 3630 3128 3692 permotum,
3176 3623 3383 3694 Deique
3432 3626 3613 3683 Patris

2030 3719 2175 3773 bona
2215 3717 2519 3778 voluntate,
2550 3729 2619 3768 ex
2664 3721 2852 3768 sancta
2890 3711 3119 3783 Virgine
3155 3713 3611 3770 eonsubstantiali

2029 3826 2192 3865 carne
2221 3816 2439 3878 sumpta
2468 3806 2746 3862 hominem
2778 3804 3006 3870 factum,
3045 3804 3221 3859 Deum
3250 3821 3361 3860 una
3386 3822 3510 3862 cum
3547 3823 3614 3863 eo

2028 3902 2177 3973 quod
2219 3898 2517 3969 assumpsit
2559 3906 2750 3953 natum
2790 3911 2935 3963 esse,
2965 3912 3078 3951 non
3112 3912 3179 3952 eo
3216 3897 3431 3970 abjecto
3465 3900 3613 3970 quod

2028 4002 2150 4049 erat
2196 3992 2363 4066 (Deus
2409 3990 2613 4061 quippe
2658 3989 2727 4043 ab
2771 3988 2921 4042 omni
2968 3988 3270 4043 mutatione
3305 3990 3448 4045 liber
3482 3990 3611 4062 est),

2028 4085 2127 4140 sed
2174 4084 2280 4137 hoc
2338 4082 2619 4152 adjuncto,
2657 4068 2807 4147 quod
2859 4078 3027 4132 homo
3085 4079 3248 4133 etiam
3291 4078 3471 4135 factus
3518 4081 3609 4136 sit.

2028 4176 2221 4241 Hunc,
2277 4174 2423 4229 sicut
2488 4171 2564 4225 ait
2617 4168 2917 4239 Apostolus
2966 4168 3022 4234 ⁸,
3081 4168 3337 4225 humanis
3392 4186 3613 4241 quoque

2034 4266 2243 4337 1047
2289 4262 2678 4318 nﬂ‘ectionibus
2728 4266 2999 4314 tentatum
3049 4258 3220 4314 fuisse
3267 4275 3365 4330 per
3404 4262 3610 4328 omnia,

2026 4375 2131 4431 pro
2159 4355 2521 4414 similitudine
2547 4357 2561 4374 ’
2587 4361 2642 4407 et
2669 4352 2788 4421 lege
2822 4351 3086 4415 humana,
3120 4351 3330 4422 absque
3360 4363 3609 4421 peccato.

2027 4452 2303 4509 Esuriisse
2336 4448 2505 4511 enim,
2541 4456 2597 4500 et
2632 4445 2916 4516 fatigatum
2963 4460 3027 4499 ac
3070 4444 3427 4515 lacrymatum
3463 4461 3608 4513 esse,

1951 4515 1997 4573 θ
2023 4553 2081 4600 et
2125 4542 2231 4598 alia
2284 4539 2575 4612 ejusmodi,
2623 4538 2879 4592 humana:
2924 4542 3138 4590 naturae
3188 4536 3474 4591 veritatem
3516 4537 3612 4593 de-

2028 4641 2377 4690 monstrant:
2415 4630 2852 4698 cruciﬁxumque
2879 4642 2999 4682 esse
3035 4627 3139 4682 sub
3185 4626 3380 4681 Pontio
3412 4627 3607 4695 Pilato,

2025 4736 2082 4784 et
2115 4734 2396 4781 mortuum
2429 4738 2494 4777 ac
2532 4722 2809 4793 sepultum
2849 4735 2990 4784 esse,
3030 4727 3085 4773 et
3115 4718 3277 4773 tertio
3302 4718 3390 4774 die
3421 4734 3610 4775 resur—

2026 4822 2255 4884 rexissc,
2290 4830 2453 4888 atque
2486 4818 2539 4871 in
2568 4816 2738 4871 caelos
2760 4820 3103 4883 assumptum
3124 4826 3266 4877 esse,
3297 4826 3420 4865 cum
3448 4812 3610 4868 Patre

2025 4914 2191 4971 simul
2224 4912 2512 4968 adoratum
2550 4918 2607 4964 et
2642 4905 3109 4980 gloriﬁcatum-ab
3150 4903 3408 4960 universa
3443 4904 3609 4960 intel-

1948 5018 1951 5021 '
2022 5006 2170 5061 lectu
2210 5017 2486 5072 sensuque
2531 4999 2762 5070 praedita
2807 5005 3003 5052 natura
3041 5011 3055 5048 :
3094 5001 3151 5049 et
3195 4994 3373 5066 ipsum
3415 5010 3609 5052 rursus

2020 5106 2315 5152 venturum
2364 5093 2433 5148 ad
2458 5089 2785 5165 judicandos
2817 5088 2973 5144 vivos
3019 5093 3077 5141 et
3127 5097 3407 5152 mortuos,
3455 5086 3607 5142 nullo

2019 5195 2182 5258 pacto
2213 5200 2283 5241 ex
2315 5183 2462 5240 servi
2478 5183 2667 5253 .l'orma
2695 5180 3052 5237 imminutum
3081 5195 3113 5235 a
3144 5179 3331 5235 divina
3358 5185 3555 5233 natura
3586 5193 3600 5229 :

2019 5282 2117 5338 sed
2145 5297 2316 5337 unum
2346 5282 2520 5336 Deum
2547 5276 2895 5349 unigenitum
2926 5286 2984 5332 et
3011 5275 3305 5333 Dominum
3335 5269 3601 5335 universi,

2019 5388 2145 5430 eum
2187 5372 2414 5445 propria
2464 5386 2661 5438 carne,
2708 5384 2873 5442 quem
2926 5383 3122 5426 omnes
3169 5364 3501 5423 conﬁtentur
3544 5369 3602 5416 et

2018 5680 2225 5747 ἔτεκεν,
2251 5688 2313 5735 ιιι
2334 5688 2521 5749 supra,
2547 5696 2611 5751 p.
2631 5679 2758 5745 572,
2789 5678 3010 5751 legitur.

2090 5751 2200 5819 (l7)
2242 5751 2360 5819 Ἐφ.
2390 5751 2535 5819 Loco
2548 5749 2667 5819 'cit.
2693 5764 2881 5819 prtem.
2908 5749 2995 5817 τῇ.

2090 5752 2180 5819 (l7
2242 5752 2360 5819 Ἐφ.
2390 5752 2535 5826 Loco
2566 5752 2881 5875 cit.Hprzem.
2908 5752 2995 5817 τῇ.
3066 5815 3077 5827 ,

2088 5752 2201 5893 (l8;
2236 5821 2329 5874 ἐπὶ
2353 5821 2629 5892 -ἷωμεν.
2706 5834 2784 5874 aee
2816 5827 2946 5875 sunt
2980 5815 3192 5881 ultima,
3225 5830 3279 5884 p.
3312 5808 3438 5869 37').
