4056 6458
498 366 632 466 usa

1479 396 1963 462 THEODORETI
2003 396 2342 460 EPISCOPI
2380 402 2745 464 CYRENSIS

3582 405 3696 477 1100

496 529 715 582 semper
761 511 1006 566 adorant.
1053 510 1164 564 Hac
1206 509 1274 564 de
1315 525 1478 564 causa
1507 509 1759 578 Deipara,
1789 507 1874 561 vir
1906 507 2069 571 bone,

2179 506 2311 571 ἰδίας
2343 511 2542 581 σαρκὸς
2574 509 3002 582 ὁμολογούμενόν
3046 510 3117 575 τεῖ
3149 511 3244 564 καὶ
3268 511 3346 575 εἰς
3390 513 3468 566 ἀεὶ
3491 531 3696 588 προσκυ-

496 607 567 660 ab
594 606 663 659 iis
696 605 786 674 qui
819 603 1096 657 Christum
1133 609 1394 671 tanquam
1423 603 1595 656 Deum
1619 600 1871 664 adorant,
1908 600 2072 668 Virgo

498 699 828 768 prmdicatur
869 715 881 748 :
930 711 1038 749 non
1094 695 1248 764 quasi
1305 695 1491 748 divina
1551 704 1744 748 natura
1795 691 2072 762 Unigeniti

498 792 750 844 essentia:
799 804 909 842 sure
953 787 1285 856 principium
1325 801 1392 840 ex
1437 801 1502 840 ea
1552 785 1879 854 sumpserit;
1929 784 2073 837 Deus

497 879 643 932 enim
677 887 733 931 et
770 893 917 931 nunc
941 886 1043 942 est,
1071 889 1126 931 et
1162 877 1286 940 erit,
1320 885 1374 930 et
1409 885 1528 931 eral.
1561 877 1615 929 in
1650 875 1940 945 principio,
1971 890 2072 928 ne-

497 985 604 1039 que
638 969 706 1022 ab
736 970 848 1023 ullo
888 985 1128 1038 unquam
1166 978 1227 1022 ut
1257 977 1403 1022 esset
1428 968 1759 1038 principium
1786 968 2019 1036 sumpsit
2056 983 2070 1020 :

497 1059 592 1113 sed
632 1075 756 1113 cum
795 1060 906 1129 jam
950 1060 1240 1113 exsisteret
1274 1059 1418 1114 Deus
1441 1059 1700 1123 Verbum,
1738 1058 2071 1113 incarnatio-

498 1150 605 1211 nis,
641 1150 1176 1218 dispensationisque
1221 1166 1348 1220 erga
1391 1165 1491 1203 nos
1537 1165 1650 1204 sum
1692 1150 1909 1203 initium
1945 1150 2073 1205 fecit

497 1240 732 1309 virginei
774 1250 828 1293 et
867 1241 1198 1294 immaculati
1245 1240 1388 1293 uteri
1436 1242 1848 1295 habitationem.
1894 1241 2072 1311 Atque

500 1332 666 1399 hujus
692 1331 769 1384 rei
799 1332 953 1385 testis
973 1341 1055 1386 est
1078 1332 1357 1401 apostolus
1378 1332 1600 1395 Paulus,
1626 1332 1779 1386 testis
1800 1341 1882 1386 est
1906 1333 2071 1386 etiam

501 1423 722 1477 divinus
760 1425 1090 1492 evangelista
1121 1423 1375 1477 Joannes.
1409 1423 1640 1500 Sanctus
1669 1425 1889 1493 quidem
1933 1425 2074 1478 Pau—

498 1513 587 1567 lus
613 1513 689 1567 sic
714 1515 1023 1567 exclamans
1057 1531 1069 1566 :
1110 1533 1126 1563 ε
1150 1514 1293 1567 Misit
1314 1515 1456 1568 Deus
1489 1515 1684 1569 Filium
1711 1532 1892 1580 suum,
1929 1536 1947 1566 ›
1976 1515 2070 1586 qui

499 1616 620 1658 erat
660 1605 916 1658 videlicet
952 1603 1150 1676 (neque
1195 1606 1340 1658 enim
1382 1607 1620 1660 mittitur
1643 1607 1788 1676 quod
1817 1621 1926 1659 non
1965 1615 2069 1672 est,

504 1697 716 1765 1048
732 1697 825 1749 sed
843 1696 943 1765 ﬁt),
973 1715 989 1745 ι
1011 1697 1209 1750 factum
1231 1714 1297 1752 ex
1316 1698 1566 1763 muliere,
1585 1699 1688 1769 legi
1707 1699 2065 1770 subjectum.»

497 1787 600 1851 Qui
649 1799 831 1839 autem
886 1787 1030 1841 ﬁlius
1075 1789 1303 1850 tonitru,
1335 1799 1560 1859 propter
1596 1790 1923 1861 grandisona
1957 1806 2070 1846 eaad

497 1877 765 1946 lestiaque
805 1877 1079 1948 dogmata,
1117 1896 1147 1933 a
1191 1880 1423 1934 Domino
1465 1882 1774 1952 appellatus
1801 1889 1884 1936 est
1906 1881 2072 1936 Joan-

497 1985 615 2034 nes,
643 1986 766 2024 cum
795 1971 1088 2036 dixisset",
1125 1974 1296 2027 Deum
1324 1989 1444 2028 esse
1467 1975 1730 2039 Verbum,
1758 1984 1814 2030 et
1844 1975 1896 2030 in
1923 1976 2075 2046 prin-

498 2063 679 2131 cipio,
730 2072 784 2117 et
829 2064 974 2134 apud
1017 2066 1188 2119 Deum
1234 2065 1426 2130 fuisse,
1477 2075 1534 2120 et
1587 2083 1802 2137 semper
1838 2084 1979 2132 esse,
2019 2077 2076 2123 et

499 2157 682 2209 omina
725 2172 823 2225 per
882 2158 1058 2225 ipsum
1118 2156 1259 2212 facta
1320 2173 1461 2222 esse,
1515 2169 1571 2213 et
1616 2160 1905 2214 Dominum
1954 2177 2073 2216 esse

499 2248 748 2300 omnium
783 2266 796 2300 :
828 2259 884 2301 et
911 2264 1036 2302 cum
1071 2250 1423 2315 ostendisset,
1452 2252 1568 2305 sine
1598 2253 1869 2322 principio
1903 2254 2076 2324 ipsius

500 2341 794 2392 essentiam
825 2355 966 2404 esse,
993 2348 1047 2394 et
1075 2342 1592 2397 consubstantialem
1625 2344 1792 2410 Patri,
1818 2354 2072 2415 tanquam

503 2430 782 2498 Uuigeniti
828 2449 841 2483 :
890 2441 1004 2485 tum
1052 2433 1117 2486 ad
1175 2449 1406 2488 areanos
1457 2435 1620 2488 etiam
1685 2436 2074 2491 incarnationis

502 2537 784 2575 sermones
808 2523 1169 2587 descendens,
1204 2525 1279 2578 ait
1318 2542 1330 2577 :
1378 2544 1396 2575 ι
1430 2527 1497 2580 Et
1530 2526 1770 2580 Verbum
1805 2542 1934 2581 caro
1957 2528 2072 2582 fac-

501 2620 614 2665 tum
675 2621 777 2674 est,
806 2621 860 2666 et
895 2613 1160 2666 habitavit
1208 2615 1264 2667 in
1298 2614 1518 2669 nobis“.
1558 2634 1576 2666 ι
1615 2615 1898 2682 Quomodo
1941 2632 2073 2689 ergo

502 2717 611 2755 non
647 2703 897 2770 Deipara,
933 2718 966 2756 ο
1003 2703 1315 2757 mortalium
1353 2705 1620 2770 omnium,
1670 2712 1731 2758 ut
1774 2713 1956 2774 putas,
1989 2724 2076 2762 sa-

502 2794 862 2863 pientissime,
889 2810 1008 2864 quae
1043 2795 1214 2849 Deum
1247 2796 1506 2861 Verbum,
1532 2806 1587 2851 et
1620 2797 1675 2852 in
1714 2808 1869 2854 utero
1898 2809 2075 2871 gesta-

502 2884 582 2937 vit
629 2884 908 2938 hominem
962 2884 1200 2949 factum,
1246 2895 1302 2940 et
1335 2887 1577 2955 peperit,
1633 2897 1690 2942 et
1735 2898 1910 2944 mater
1955 2891 2074 2960 ejus

497 2991 661 3043 quem
709 2975 954 3043 peperit,
1010 2976 1323 3030 necessario
1373 2977 1651 3031 creditur?
1694 2979 1799 3033 Sed
1846 2989 1902 3034 et
1943 2996 2068 3050 pro-

495 3067 674 3135 pheta:
704 3083 895 3120 omnes
931 3068 1046 3121 haec
1077 3068 1393 3137 praedicant.
1421 3069 1504 3122 An
1537 3070 1728 3124 Isaiam
1765 3071 2072 3126 vociferan-

2177 599 2434 668 νούμενον
2455 617 2467 632 ·
2493 602 2583 655 διὰ
2607 603 2765 656 τοῦτο
2797 602 3080 666 Θεοτόκος,
3103 597 3148 658 ὦ
3181 602 3437 672 βέλτιστε,
3456 610 3592 678 παρὰ
3609 612 3701 666 τῶν

2174 690 2263 742 τὸν
2313 691 2546 760 Χριστὸν
2607 692 2684 754 ὡς
2725 691 2856 744 Θεὸν
2904 691 3352 763 προσκυνούντων
3391 697 3421 766 ὴ
3460 697 3702 768 Παρθένος

2175 781 2535 852 κηρύττεται’
2568 784 2666 852 οὐχ
2695 783 2770 846 ὡς
2807 784 2909 854 τῆς
2947 783 3097 847 θείας
3138 785 3352 853 φύσεως
3384 788 3470 841 τοῦ
3499 792 3708 861 Μονογε-

2174 872 2298 935 νοῦς
2323 875 2498 944 ἀρχὴν
2529 874 2624 926 τοῦ
2654 869 2791 928 εἶναι
2815 875 3083 946 λαϐούσης
3123 875 3183 940 ἐξ
3221 876 3388 947 αὐτῆς
3408 894 3420 906 ·
3463 879 3585 943 Θεὸς
3615 882 3706 953 γὰρ

2173 964 2292 1017 ἔστι
2319 982 2376 1018 τε
2404 967 2498 1018 καὶ
2527 965 2680 1020 ἔσται
2698 967 2791 1019 καὶ
2809 962 2877 1036 ἦν
2912 969 2971 1020 ὲν
3009 969 3174 1039 ἀρχῇ,
3223 968 3468 1023 οὐδέποτε
3491 975 3608 1044 παρ’
3631 977 3710 1028 οὺ-
3765 1025 3774 1033 ,

2173 1056 2322 1120 δενὸς
2349 1057 2522 1128 ἀρχὴν
2549 1059 2643 1111 τοῦ
2673 1054 2809 1112 εἶναι
2841 1057 3022 1112 λαϐών
3039 1075 3052 1090 ⁸
3084 1059 3197 1112 ἀλλ’
3221 1059 3295 1114 ὢν
3316 1061 3434 1132 ήδη,
3460 1062 3552 1132 τῆς
3578 1066 3711 1120 ὲναν-

2175 1147 2508 1218 θρωπήσεως
2538 1149 2630 1202 καὶ
2658 1149 2755 1218 τῆς
2776 1151 3068 1222 περὶὴμᾶς
3096 1151 3406 1219 οἰκονομίας
3433 1153 3559 1206 6τοῦ
3594 1155 3711 1209 Θεοῦ

2174 1236 2348 1304 Λόγος
2371 1236 2543 1308 ἀρχὴν
2571 1239 2863 1310 ἐποιήσατο
2885 1240 2983 1310 τῆς
3002 1240 3335 1311 παρθενικῆς
3359 1242 3446 1294 καὶ
3472 1242 3715 1313 άχράντου

2174 1328 2364 1398 νηδύος
2394 1329 2490 1399 τὴν
2529 1329 2762 1403 οἴκησιν.
2807 1332 2916 1384 Kal
2947 1331 3136 1384 τούτου
3170 1332 3380 1403 μάρτυς
3417 1332 3514 1403 μὲν
3549 1337 3576 1388 ὁ
3600 1335 3718 1387 άπά-

2177 1421 2360 1484 στολος
2390 1422 2628 1485 Παῦλοςο
2659 1425 2870 1493 μάρτυς
2893 1422 2952 1476 δὲ
2980 1422 3324 1488 δ’,θεσπέσιος
3357 1424 3721 1495 εύαγγελιστὴς

2186 1511 2456 1582 Ἰωάννης.
2506 1514 2562 1566 '0
2609 1514 2704 1584 μὲν
2754 1514 2906 1582 ἅγιος
2939 1513 3151 1579 Παῦλος
3195 1516 3394 1569 οὑτωσί
3419 1510 3712 1587 κεκραγὼςο

2181 1622 2200 1656 ι
2253 1603 2662 1668 Ἐξαπέστειλεν
2703 1607 2730 1657 ὁ
2765 1605 2898 1669 Θεὸς
2922 1605 3013 1659 τὸν
3046 1606 3172 1659 Υίὸν
3198 1606 3360 1659 αὑτοῦ
3382 1623 3396 1638 ·
3427 1626 3446 1660 ι
3487 1608 3574 1661 τὸν
3612 1607 3724 1660 ὄντα

2174 1693 2414 1764 δηλονότι
2439 1710 2452 1722 °
2483 1695 2543 1748 οὐ
2586 1694 2692 1765 γάρ
2720 1695 3109 1748 ἀποστέλλεται
3140 1698 3200 1749 τὸ
3228 1697 3303 1766 μὴ
3329 1695 3407 1760 ὃν,
3437 1694 3568 1750 ἀλλὰ
3596 1696 3722 1765 γίνεο

2176 1805 2301 1840 ται·
2339 1807 2356 1839 ι
2395 1789 2684 1858 γενόμενον
2729 1788 2843 1856 (19)
2884 1790 2948 1842 ἐκ
2975 1787 3270 1856 γυναικὸς,
3317 1788 3602 1858 γενόμενον
3637 1785 3728 1841 ὑπὸ

2175 1879 2356 1949 νόμον,
2389 1897 2406 1929 ι
2447 1879 2541 1933 καὶ
2563 1879 2631 1932 τὰ
2666 1879 2813 1946 ἑξῆς.
2857 1880 2915 1931 ’0
2943 1880 2998 1932 δὲ
3029 1879 3258 1950 βροντῆς
3299 1880 3414 1942 υἰὸ⁵
3445 1881 3530 1932 διὰ
3559 1879 3615 1931 τὸ
3650 1898 3730 1950 με-

2174 1971 2484 2040 γαλόφωνον
2507 1970 2600 2024 καὶ
2631 1971 2879 2038 οὐράνιον
2900 1971 3006 2023 τῶν
3027 1969 3314 2040 δογμάτων
3349 1971 3502 2040 παρά
3533 1970 3622 2024 τοῦ
3649 1974 3735 2022 Δε-

2177 2063 2374 2116 σπότου
2417 2063 2633 2132 κληθεὶς
2676 2063 2950 2132 Ἰωάννης,
2979 2061 3242 2132 πρότερον
3273 2062 3468 2125 εἰπὼν,
3501 2063 3581 2114 ὃτι
3619 2061 3735 2124 Θεὸς

2173 2149 2241 2223 ἦν
2261 2156 2288 2206 ὁ
2313 2154 2506 2222 Λόγος,
2533 2157 2626 2206 καὶ
2651 2155 2709 2206 ὲν
2740 2155 2905 2226 ἀρχῇ,
2947 2152 3043 2207 καὶ
3072 2153 3208 2224 πρὸς
3233 2153 3331 2206 τὸν
3369 2153 3502 2206 Θεὸν
3531 2148 3596 2224 ἦν
3616 2193 3629 2218 ,
3655 2153 3740 2205 καὶ

2174 2247 2260 2299 ἀεὶ
2287 2243 2376 2317 ἦν,
2401 2247 2494 2299 καὶ
2521 2247 2603 2298 ὅτι
2627 2247 2804 2300 πάντα
2832 2245 2898 2299 δι’
2929 2244 3094 2298 αὐτοῦ
3127 2247 3372 2313 ἐγένετο,
3400 2247 3496 2299 καὶ
3523 2247 3601 2299 ὅτι
3627 2246 3740 2298 πάν·

2174 2355 2280 2391 των
2310 2338 2426 2390 ἐστὶ
2449 2336 2653 2408 Κύριος
2685 2337 2869 2399 αὐτὸς,
2903 2337 2996 2389 καὶ
3025 2335 3204 2400 δείξας
3230 2337 3477 2408 ἄναρχον
3510 2337 3670 2391 αὑτοῦ
3692 2335 3744 2389 τὸ

2175 2424 2314 2481 εἶναι
2349 2427 2442 2481 καὶ
2467 2428 2752 2499 ὁμοούσιον
2778 2428 2857 2498 τῷ
2880 2427 3077 2499 [lat-pl,
3109 2428 3366 2500 καθάπερ
3395 2428 3740 2499 Μονογενοῦς·

2173 2520 2294 2573 τότε
2317 2520 2413 2573 καὶ
2452 2521 2590 2588 πρὸς
2628 2520 2751 2583 τοὺς
2779 2521 3128 2592 ἀπορρήτους
3163 2523 3262 2590 τῆς
3305 2520 3622 2591 οἰκονομίας
3658 2537 3746 2572 κα-

2174 2613 2444 2666 ταϐαίνων
2494 2613 2686 2680 λόγους
2709 2651 2724 2676 ,
2758 2612 2922 2680 φησίν
2943 2627 2955 2642 ·
2996 2630 3014 2662 ι
3046 2611 3158 2664 Καὶ
3186 2613 3213 2664 ὁ
3241 2612 3425 2676 Λόγος
3465 2613 3600 2683 σὰρξ
3635 2610 3745 2678 ἐγέ-

2174 2720 2316 2770 νετο,
2355 2704 2450 2757 καὶ
2471 2704 2786 2774 ἐσκήνωσεν
2819 2704 2874 2755 ὲν
2912 2703 3060 2772 ἡμῖν.
3105 2720 3123 2752 ι
3175 2702 3309 2766 Πῶς
3347 2698 3443 2756 οὖν
3481 2704 3541 2756 οὒ
3575 2701 3750 2755 88.016-

2174 2813 2288 2862 κος,
2317 2787 2362 2849 ὦ
2392 2795 2610 2850 πάντων
2640 2795 2964 2866 ἀνθρώπων,
3005 2796 3081 2858 ὡς
3109 2796 3230 2857 οἴει,
3263 2795 3580 2865 σοφώτατε,
3605 2797 3638 2864 ὴ
3669 2795 3750 2846 τὸν

2173 2885 2305 2940 Θεὸν
2352 2887 2524 2954 Λόγον
2569 2886 2960 2958 κυοφορήσασά
3004 2903 3062 2938 τε
3099 2887 3403 2956 γενόμενον
3456 2887 3752 2956 ἄνθρωπον,

2175 2978 2270 3030 καὶ
2323 2979 2632 3048 γεννήσασα
2659 3017 2674 3041 ,
2712 2979 2804 3030 καὶ
2841 2979 3022 3048 μήτηρ
3071 2971 3208 3030 εἶναι
3253 2977 3359 3031 τοῦ
3412 2979 3754 3048 γεννηθέντος

2175 3069 2485 3134 ἀναγκαίως
2526 3067 2926 3138 πιστευομένηξ
2978 3070 3086 3121 Kal
3125 3070 3339 3133 πάντες
3392 3071 3446 3122 οἰ
3492 3071 3758 3140 προφῆται

498 3166 605 3209 tem
646 3174 754 3211 non
783 3159 984 3213 audisti
1015 3177 1028 3211 :
1074 3179 1091 3209 ι
1128 3160 1268 3213 Ecce
1292 3160 1444 3230 virgo
1471 3161 1762 3230 concipiet,
1803 3173 1857 3217 et
1894 3164 2070 3232 pariet

2174 3159 2342 3213 ταῦτα
2373 3158 2751 3228 κηρύττουσιν.
2781 3160 2851 3211 Ἦ
2873 3161 2971 3212 οὐκ
3002 3161 3240 3230 ἤκουσας
3262 3161 3366 3214 τοῦ
3407 3164 3511 3232 μὲν
3550 3161 3758 3214 Ἡσαΐου

497 3250 693 3312 lilium,
719 3256 774 3303 et
800 3251 1088 3304 vocabitur
1113 3267 1314 3306 nomen
1339 3253 1458 3322 ejus
1487 3253 1865 3308 Emmanuel’.
1902 3273 1920 3306 ι
1951 3256 2069 3310 Non

490 3341 644 3411 juxta
691 3351 764 3405 te,
801 3351 858 3394 et
891 3342 1094 3396 deliras
1138 3351 1260 3397 tuas
1297 3359 1491 3413 nugas,
1535 3358 1798 3414 organum
1843 3344 2071 3400 Deitatis

499 3432 741 3502 (pariet),
777 3434 872 3487 sed
905 3435 1076 3488 Deum
1103 3437 1118 3455 "
1151 3435 1459 3500 nobiscum,
1484 3437 1759 3490 hominem
1795 3437 1939 3490 sicut
1970 3452 2072 3491 nos

497 3525 719 3578 laetum.
757 3526 825 3578 Et
849 3526 1161 3589 Jeremiam,
1193 3529 1283 3596 qui
1313 3537 1370 3582 et
1401 3528 1516 3597 ipse
1553 3528 1791 3584 Verbum
1823 3528 2072 3583 incarna-

495 3622 613 3668 tum
638 3616 806 3669 Deum
833 3633 950 3670 esse
973 3617 1260 3686 proﬁtetur
1281 3618 1366 3672 his
1403 3619 1586 3674 verbis
1610 3637 1623 3672 :
1652 3639 1669 3670 ι
1701 3620 1800 3673 Hic
1823 3628 1906 3673 est
1927 3621 2070 3675 Deus

495 3715 705 3770 noster,
722 3717 779 3760 et
799 3723 909 3761 non
932 3708 1294 3762 testimabitur
1311 3710 1451 3764 alius
1478 3710 1546 3763 ad
1567 3726 1692 3764 eum
1719 3711 1843 3765 :hic
1863 3711 2070 3766 invenit

495 3813 715 3852 onmem
739 3798 880 3852 viam
905 3800 1207 3869 disciplinae
1230 3801 1291 3854 ".
1323 3819 1340 3851 ι
1373 3801 1584 3872 1049
1615 3803 1682 3855 Et
1711 3811 1832 3871 post
1855 3818 2026 3872 pauca
2055 3821 2066 3855 :

504 3906 525 3941 ι
558 3890 686 3944 Post
730 3889 847 3943 haec
891 3890 946 3943 in
981 3891 1144 3945 terris
1177 3892 1328 3947 visus
1357 3901 1459 3957 est,
1498 3901 1554 3946 et
1595 3908 1720 3946 cum
1754 3893 2071 3949 hominibus

496 3990 852 4034 conversatus
895 3987 981 4035 est
1023 3981 1084 4033 ¹¹.
1125 3999 1142 4031 ι
1190 3981 1257 4034 Et
1301 3981 1660 4036 Prazcursoris
1709 3990 1938 4036 matrem
1999 3981 2068 4036 ab

494 4069 774 4123 adorando
822 4069 1028 4140 Spiritu
1087 4070 1405 4140 prophetice
1451 4071 1750 4135 incitatam,
1791 4080 1848 4126 et
1885 4073 2067 4126 excla-

493 4170 777 4216 mantem:
815 4181 833 4212 ι
871 4161 1027 4216 Unde
1066 4163 1172 4217 hoc
1215 4162 1372 4227 mihi,
1417 4172 1477 4216 ut
1520 4164 1705 4217 veniat
1745 4173 1919 4218 mater
1956 4165 2065 4218 Do-

491 4253 628 4306 mini
669 4254 776 4307 mei
816 4252 883 4306 ad
927 4269 1013 4308 me
1044 4253 1120 4306 “‘l
1159 4273 1176 4304 ι
1231 4254 1355 4308 Haec
1391 4271 1512 4324 quae
1543 4271 1574 4310 a
1606 4255 1794 4310 multis
1835 4256 2067 4310 antehac

492 4340 638 4395 dicta
683 4349 831 4405 sunt,
880 4348 936 4396 et
973 4358 1121 4397 nunc
1163 4343 1351 4397 itidem
1389 4343 1668 4408 dicuntur,
1715 4344 2067 4414 praetergredi

491 4445 718 4485 necesse
755 4440 857 4486 est.
910 4430 1066 4497 Quod
1104 4447 1234 4502 ergo
1280 4432 1508 4502 Deipara
1547 4435 1617 4487 sit
1654 4442 1842 4488 sancta
1878 4435 2062 4504 Virgo,

2175 3244 2405 3315 βοῶντος
2426 3260 2438 3274 ’
2484 3263 2502 3296 ι
2550 3239 2681 3298 Ἰδοὺ
2713 3247 2745 3316 ἡ
2775 3247 3041 3317 παρθένος
3063 3249 3118 3300 ἐν
3151 3249 3361 3319 γαστρὶ
3395 3250 3656 3321 λήψεται,
3677 3248 3763 3301 καὶ

2171 3321 2384 3399 τέξεται
2418 3335 2554 3400 υἱὸν,
2582 3338 2675 3389 καὶ
2710 3335 2996 3388 καλέσουσι
3028 3335 3086 3388 τὸ
3120 3336 3298 3405 ὄνομα
3335 3339 3514 3391 αὐτοῦ
3562 3339 3764 3406 Ἐμμα-

2173 3427 2370 3496 νουήλ;
2412 3447 2430 3480 ι
2465 3429 2548 3493 οὐ,
2583 3426 2724 3480 κατὰ
2753 3428 2830 3492 σὲ,
2869 3426 2964 3480 καὶ
3002 3427 3141 3480 κατὰ
3180 3427 3283 3490 τὰς
3333 3429 3438 3493 σὰς
3476 3427 3764 3499 ληρῳδίας,

2173 3518 2425 3588 Θεότητος
2447 3519 2678 3589 ὄργανον
2702 3560 2714 3582 ,
2759 3517 2892 3571 ἀλλὰ
2919 3517 3048 3570 Θεὸν
3084 3518 3201 3588 μεθ’
3232 3520 3430 3589 ἡμῶν,
3468 3519 3596 3574 καθ’
3631 3519 3769 3588 ἡμᾶς

2171 3605 2461 3678 γενόμενον
2497 3608 2799 3680 ἄνθρωπον.
2841 3607 2944 3660 Τόῦ
2976 3609 3034 3660 δὲ
3094 3608 3373 3678 Ἰερεμίου
3401 3650 3417 3675 ,
3479 3611 3578 3663 καὶ
3612 3607 3771 3662 αὑτοῦ

2173 3698 2548 3767 θεολςογοῦντος
2572 3699 2662 3751 τὸν
2686 3699 3182 3768 ἐνανθρωπήσαντα
3224 3699 3436 3767 Λόγον,
3469 3702 3533 3753 ἐν
3563 3696 3647 3762 οἷς
3675 3715 3778 3767 φη-

2173 3807 2255 3844 σιν
2277 3807 2290 3821 ·
2332 3809 2350 3842 ι
2383 3782 2552 3854 Οὗτος
2594 3792 2620 3844 ὁ
2649 3790 2781 3854 Θεὸς
2814 3789 2992 3860 ἡμῶν,
3024 3791 3085 3842 ού
3132 3790 3544 3862 λογισθήσεται
3594 3791 3775 3860 ἕτερος

2173 3881 2309 3954 πρὸς
2345 3881 2539 3934 αὐτόν·
2577 3881 2765 3952 ἐξεῦρε
2816 3882 2997 3934 πᾶσαν
3041 3881 3157 3936 ὁδὸν
3195 3882 3564 3954 ἐπιστήμης.
3609 3901 3629 3933 ι
3676 3880 3782 3935 Καὶ

2173 3973 2290 4044 μετ’
2318 3966 2509 4041 ὀλίγα·
2553 3994 2572 4025 ‹
2606 3972 2759 4027 Μετὰ
2803 3970 2974 4026 ταῦτα
3021 3973 3113 4026 ἐπὶ
3154 3973 3258 4042 τῆς
3297 3979 3415 4046 γῆς
3465 3974 3659 4046 ὤφθη,
3692 3972 3782 4026 καὶ

2168 4069 2282 4130 τοῖς
2323 4065 2631 4138 ἀνθρώποις
2681 4067 3114 4137 συνανεστράφη.
3147 4085 3164 4118 ι
3199 4067 3322 4119 Kal
3359 4069 3472 4138 τῆς
3510 4067 3612 4121 τοῦ
3656 4077 3787 4136 προ-

2167 4164 2368 4234 δρόμου
2406 4164 2465 4217 δὲ
2501 4163 2703 4234 μητρὸς
2735 4156 2838 4214 ὑπὸ
2869 4161 2962 4214 τοῦ
3013 4160 3414 4232 προσκυνητοῦ
3458 4160 3784 4230 Πνεύματος

2170 4253 2526 4325 προφητικῶς
2561 4253 2890 4323 κινουμένης
2921 4270 2981 4305 τε
3004 4253 3096 4305 καὶ
3124 4249 3353 4321 βοώσης
3376 4269 3393 4282 '
3435 4273 3457 4304 ε
3497 4253 3682 4307 Πόθεν
3705 4266 3789 4321 μοι

2167 4346 2344 4412 τοῦτο,
2371 4346 2459 4400 ἵνα
2481 4346 2612 4418 ἔλθῃ
2642 4347 2674 4416 ἡ
2712 4347 2893 4416 μήτηρ
2925 4343 3018 4398 τοῦ
3052 4343 3259 4414 Κυρίου
3291 4362 3411 4414 μου
3446 4347 3598 4417 πρός
3627 4361 3733 4416 με;
3769 4358 3788 4393 ι

2168 4439 2354 4493 Ταῦτα
2383 4438 2594 4500 πολλοῖς
2627 4437 2889 4509 πρότερον
2926 4436 3214 4507 εἰρημένα,
3259 4438 3372 4489 καὶ
3417 4438 3528 4490 νῦν
3559 4439 3622 4491 δὲ
3650 4435 3798 4490 οὐδὲν

491 4523 640 4576 sanis
667 4523 943 4577 mentibus
970 4523 1248 4577 sufﬁciunt
1275 4539 1394 4592 quae
1421 4525 1658 4581 diximus
1688 4544 1700 4579 :
1725 4526 1822 4582 sed
1852 4527 2066 4581 doctam

2174 4527 2330 4605 ἦττον
2375 4526 2643 4602 λεγόμενα
2668 4570 2682 4594 ,
2718 4528 3095 4600 παραδραμεῖν
3141 4516 3496 4595 ἀναγκαῖον.
3535 4531 3672 4583 ’Ότι
3705 4525 3798 4597 μὲν

489 4610 610 4679 ejus
638 4611 1164 4680 argumentationem
1199 4612 1387 4678 paucis
1415 4623 1662 4668 evertere
1697 4615 1956 4670 conabor.

563 4895 733 4951 Paulo
779 4895 965 4966 itaque
1013 4894 1286 4967 superius,
1324 4896 1536 4963 Christi,
1578 4899 1778 4964 aiebat,
1821 4901 2063 4970 appella-

493 4987 573 5042 tio
607 4986 742 5041 duas
775 4995 997 5042 naturas
1037 4986 1304 5056 designat,
1337 4986 1480 5041 Deus
1507 5002 1637 5042 vero
1668 4986 1972 5056 simplicem
2009 4996 2067 5042 et

493 5077 930 5148 incompositam,
979 5077 1146 5132 Homo
1191 5088 1375 5134 autem
1418 5077 1712 5132 humanam
1761 5094 2062 5149 repraesen-

492 5177 574 5228 tat
598 5179 869 5225 naturam.
891 5170 1029 5237 Quid
1055 5171 1174 5226 ais?
1202 5171 1347 5242 Ergo
1372 5186 1497 5226 cum
1521 5169 1786 5227 Dominus
1806 5171 1867 5225 in
1889 5172 2065 5226 Evan-

491 5261 648 5334 geliis
681 5261 972 5324 diviniora,
1013 5268 1090 5324 et,
1129 5269 1191 5314 ut
1229 5261 1346 5329 ipse
1383 5261 1650 5330 loquitur,
1679 5263 1922 5318 coelestia
1961 5262 2063 5319 do-

489 5367 640 5416 cens,
677 5350 974 5405 Nicodemo
1007 5350 1218 5404 diceret
1252 5350 1533 5420 (tanquam
1570 5353 1717 5408 enim
1757 5370 1880 5409 cum
1919 5354 2062 5409 divi-

489 5457 684 5499 narum
737 5442 1067 5497 Litterarum
1121 5443 1299 5512 perito
1346 5450 1527 5499 tecum
1573 5447 1793 5519 agam):
1835 5466 1852 5498 ι
1894 5447 2064 5503 Nemo

561 5599 989 5672 {Galag‘jtvult
1042 5597 1311 5672 'Joan_._t,
1345 5600 1462 5654 1-5.
1543 5601 1714 5656 'ibid.
1776 5602 1862 5657 Μ.
1940 5603 2069 5658 ’Isa

2182 5645 2194 5669 ,
2233 5604 2330 5672 υς
2388 5603 2513 5659 coll.
2561 5601 2926 5668 Matth.,t,25.
3007 5600 3050 5631 ¹⁰
3080 5597 3331 5654 Baruch.

494 5669 532 5698 ¹¹
566 5668 698 5722 ibid.
739 5669 827 5722 58.
906 5668 1100 5723 "Luc.
1134 5683 1171 5735 ι,
1203 5669 1291 5722 45.

2169 4621 2262 4679 οὖν
2288 4623 2545 4688 Θεοτόκος
2575 4625 2608 4693 ἡ
2636 4621 2765 4691 ἁγία
2798 4620 3091 4691 Παρθένος,
3118 4618 3281 4672 ἱκανά
3309 4623 3440 4684 τοῖς
3474 4619 3807 4690 εὐγνώμσσι

2169 4716 2240 4770 τὰ
2262 4716 2547 4788 εἰρημένα.
2593 4715 2705 4785 Τὴν
2756 4715 2811 4767 δὲ
2839 4714 3006 4782 σοφὴν
3055 4708 3221 4766 αὐτοῦ
3278 4713 3682 4782 τεχνολογίαν
3721 4707 3804 4762 διά

2171 4806 2418 4878 βραχέων
2455 4807 2756 4878 ἀνατρέψαι
2785 4797 3140 4876 πειράσομαι.

2242 4898 2452 4968 Μικρὸν
2490 4897 2546 4951 δὲ
2583 4893 2808 4964 ἄνωθεν,
2835 4900 2869 4969 ἡ
2909 4895 3181 4966 Χριστὸς,
3216 4895 3398 4967 φησὶ,
3437 4892 3813 4969 προσηγορία

2170 4987 2279 5042 τῶν
2317 4988 2411 5041 δύο
2449 4987 2664 5057 φύσεών
2714 4991 2829 5042 ἐστι
2878 4986 3218 5058 σημναναιτική⁹
3270 4986 3311 5056 ἡ
3362 4986 3434 5040 δὲ
3478 4990 3682 5055 Θεὸς,
3723 4984 3820 5053 τῆς

2171 5082 2346 5153 ἁπλῆς
2378 5082 2470 5136 καὶ
2507 5079 2796 5134 ἁσυνθέτου
2818 5094 2831 5108 ·
2862 5079 2896 5149 ἢ
2935 5077 2994 5132 δὲ
3035 5077 3388 5145 ἅνθρωπος,
3435 5078 3556 5149 τὴν
3597 5077 3819 5146 άνθρω·

2169 5174 2330 5227 πείαν
2361 5173 2658 5243 παρίστησι
2684 5169 2864 5239 φύσιν.
2901 5168 2966 5224 Τί
2995 5167 3208 5237 λέγεις;
3246 5166 3458 5222 Ὅταν
3491 5167 3604 5225 οὖν
3646 5172 3678 5224 ὁ
3713 5163 3827 5223 Κύ-

2174 5282 2286 5336 ριος
2317 5267 2375 5320 ὲν
2409 5267 2522 5327 τοῖς
2551 5261 2908 5332 Εὐαγγελίοις
2937 5259 3006 5314 τὰ
3035 5259 3291 5328 θειότερα
3320 5298 3340 5324 ,
3381 5262 3501 5315 καὶ
3539 5263 3628 5325 ὡς
3658 5258 3826 5318 αὐτὸς

2169 5355 2322 5410 εἶπεν
2373 5355 2675 5426 ἐπουράνια
2733 5353 3036 5415 διδάσκων,
3089 5349 3225 5421 πρὸς
3291 5351 3409 5404 τὸν
3477 5354 3832 5422 Νικόδημον

2169 5449 2303 5522 λέγῃ
2345 5449 2438 5521 (ὡς
2471 5448 2580 5518 γὰρ
2603 5447 2763 5500 εἰδότι
2805 5461 2886 5499 σοι
2924 5445 3024 5508 τὰς
3054 5443 3202 5507 θείας
3237 5441 3625 5515 διαλέξομαι
3678 5445 3832 5513 Γρα-

3418 5616 3517 5668 In,
3560 5600 3667 5667 56,
3741 5599 3835 5654 57.

565 5821 671 5890 (19)
707 5823 890 5891 γενόμ.
922 5829 961 5876 ι.
1012 5823 1100 5878 Ill.
1133 5840 1253 5896 pag.
1283 5824 1408 5891 382,
1437 5825 1542 5895 leg.
1591 5825 1945 5894 γεννιῖιμενον,
1982 5835 2186 5880 natum.
