4056 6422
385 373 517 441 1161

1436 381 1804 445 LIBELLUS
1839 385 2138 446 CONTRA
2173 390 2620 452 NESTORIUM

3495 391 3632 459 1162

379 484 519 550 φάς·
556 501 576 536 ς
608 483 794 547 Οὐδεὶς
836 483 1169 555 ιναϐἑϐηκεν
1200 489 1279 549 εἰς
1308 485 1398 540 τὸν
1428 490 1687 557 οὐρανὸν,
1737 493 1784 544 εἰ
1822 492 1894 561 μὴ
1923 494 1936 542 ί

2054 496 2301 549 ascendit
2356 497 2410 551 in
2459 498 2676 561 coelum,
2716 498 2821 553 nisi
2874 499 2967 567 qui
3017 497 3300 554 descendit
3345 503 3414 554 de
3465 507 3626 567 creto,

377 577 449 630 ἐκ
479 575 574 628 τοῦ
603 575 836 645 οὐρανοῦ
866 577 1133 641 καταϐὰς,
1156 581 1184 632 6
1214 579 1340 642 Υἰὸς
1358 580 1452 633 τοῦ
1479 582 1788 652 ἀνθρώπου,
1822 586 1850 637 6
1877 583 1951 637 ὢν

383 665 445 717 ἐν
466 663 542 734 τῷ
573 664 806 734 οὐρανῷ.
845 684 863 716 ι
920 666 1140 738 Ἐπειδὴ
1173 668 1302 720 Τίον
1334 669 1621 741 ἀνθρώπου
1653 673 1840 741 σαφῶς
1877 668 1953 726 εἷ-

375 770 498 821 πεν,
531 752 656 826 ἆραι
674 755 772 828 τὴν
792 755 1140 826 ἀνθρωπείαν
1181 759 1343 829 φύσιν
1367 761 1598 833 ἐροῦμεν
1634 766 1697 817 ἐκ
1723 765 1831 818 τῶν
1861 767 1950 818 οὐ-

376 846 555 915 ρανῶν
584 846 1003 916 κατεληλυθέναι
1028 848 1168 902 κατὰ
1189 849 1287 922 τὴν
1316 851 1486 921 ἀσεϐῆ
1509 855 1603 908 καὶ
1627 855 1828 924 ἄσοφόν
1855 875 1947 910 σου

371 938 604 1006 σοφίανς
641 939 766 1000 Τοῖς
794 939 902 1010 γὰρ
934 942 1048 1004 σοῖς
1085 942 1226 995 κατὰ
1258 943 1352 996 σοῦ
1380 947 1657 1016 χρήσομαι
1683 949 1950 1020 σοφίσμα-

370 1044 478 1082 σιν.
516 1027 734 1095 ⁸’Δπαγε
763 1027 864 1096 τῆς
893 1027 1260 1099 βλασφημίας.
1301 1032 1376 1086 Οὐ
1408 1032 1514 1103 γὰρ
1553 1036 1586 1102 ἡ
1617 1035 1712 1087 τοῦ
1747 1037 1948 1090 Δεσπό-

366 1134 464 1170 του
517 1117 654 1186 σὰρξ
698 1119 762 1170 ἐκ
792 1118 901 1171 τῶν
945 1118 1190 1189 οὐρανῶν
1239 1123 1624 1194 κατελήλυθεν,
1673 1127 1705 1198 ἢ
1740 1127 1852 1198 (20)
1879 1130 1947 1182 τὰ

366 1209 552 1262 πάντα
573 1208 789 1279 πληροῖ.
829 1209 970 1262 Ἀλλ’
994 1212 1228 1265 ἐνταῦθα
1251 1215 1378 1285 περὶ
1396 1218 1495 1286 τῆς
1525 1215 1776 1288 θεότητός
1801 1221 1946 1275 ἐστιν

364 1304 394 1352 6
430 1301 586 1367 λόγος
614 1301 692 1370 τῷ
720 1301 967 1374 Δεσπότῃ
994 1303 1216 1374 Χριστῷ
1241 1321 1254 1334 ο
1286 1309 1314 1358 6
1338 1309 1445 1376 γὰρ
1479 1309 1722 1372 καταϐὰς
1750 1313 1812 1364 ὲκ
1838 1313 1945 1364 τῶν

364 1392 632 1461 οὐρανῶν,
669 1392 763 1447 καὶ
799 1393 976 1446 πάντα
1009 1394 1252 1464 πληρῶν,
1287 1398 1380 1450 καὶ
1425 1399 1498 1469 μὴ
1551 1400 1961 1470 ἀπολιμπάνων⁸

363 1484 552 1536 ἐκεῖνα
589 1482 712 1536 ὅθεν
737 1485 966 1556 κατέϐη,
998 1487 1026 1538 6
1059 1485 1192 1549 Θεός
1219 1490 1333 1541 ἐστι
1357 1489 1547 1556 Λόγος,
1577 1490 1664 1543 διὰ
1691 1490 1785 1543 τοῦ
1811 1509 1942 1562 προ-

362 1576 536 1644 φήτου
569 1575 743 1644 βοῶν’
788 1596 806 1626 ι
842 1577 977 1646 Οὐχὶ
1023 1577 1115 1630 τὸν
1161 1579 1390 1648 οὐρανὸν
1433 1581 1526 1634 καὶ
1560 1583 1656 1650 τὴν
1689 1583 1793 1652 γῆν
1831 1582 1943 1651 ἐγὼ

364 1664 585 1734 πληρῶ;
620 1665 768 1733 λέγει
791 1666 1015 1738 Κύριος.
1051 1687 1070 1720 ι
1098 1669 1208 1722 Καὶ
1237 1669 1398 1722 πάλιν
1421 1687 1436 1703 ο
1493 1691 1510 1722 ι
1543 1673 1635 1735 Τίς
1666 1673 1938 1745 ὲμέτρησε

359 1758 428 1827 τῇ
461 1756 604 1826 χειρὶ
631 1757 692 1810 τὸ
719 1757 882 1828 ὕδωρ,
917 1761 1012 1813 καὶ
1041 1760 1130 1813 τὸν
1155 1762 1385 1832 οὐρανὸν
1412 1764 1684 1835 σπιθαμῇ,
1707 1768 1801 1820 καὶ
1832 1769 1938 1820 πᾶα

360 1861 461 1899 σαν
490 1848 590 1918 τὴν
613 1848 715 1918 γῆν
743 1849 902 1917 δρακί
927 1867 940 1915 ;
985 1870 1004 1902 ι
1025 1852 1146 1903 καί¹
1187 1871 1203 1902 ι
1253 1852 1314 1907 Ὀ
1337 1855 1564 1925 οὐρανός
1603 1875 1692 1926 μοι
1727 1847 1936 1928 θρόνος,
1974 1835 2014 1889 Β

357 1941 391 2007 ἡ
425 1938 481 1990 δὲ
513 1939 585 2008 γῆ
610 1941 898 1994 ὑποπόδιον
919 1943 1027 1994 τῶν
1055 1943 1230 1996 ποδῶν
1264 1963 1386 2015 μου.
1431 1967 1449 1998 ι
1488 1947 1638 2000 Καθὸ
1689 1950 1801 2020 (21)
1844 1949 1942 2020 μὲν

357 2029 513 2094 Θεὸς,
553 2031 611 2082 ἐν
640 2031 854 2103 οὐρανῷ
884 2050 944 2086 τε
977 2033 1074 2097 ὣν,
1104 2037 1200 2088 καὶ
1230 2037 1436 2091 κατιὼν
1475 2031 1612 2109 πρὸς
1643 2042 1810 2110 ἡμᾶς,
1849 2043 1943 2096 καὶ

357 2120 429 2172 τὰ
461 2120 637 2173 πάντα
657 2121 883 2191 πληρῶν
907 2139 919 2152 ·
951 2125 1074 2178 καθ’
1103 2126 1204 2180 ea:
1238 2128 1526 2198 ἄνθρωπος
1558 2131 1772 2200 γέγονε,
1805 2132 1943 2202 μετὰ

355 2213 456 2284 τὴν
487 2213 624 2284 πρὸς
671 2214 818 2284 ἡμᾶς
861 2218 1294 2284 συγκατάϐασιν,
1331 2221 1498 2274 ἀνιών
1539 2240 1598 2275 τε
1651 2226 1734 2288 είς
1777 2226 1943 2296 οὐρα-

358 2306 504 2370 νοὺς,
528 2307 621 2358 καὶ
647 2306 724 2376 τῷ
745 2307 928 2378 οἰκείῳ
945 2310 1119 2380 Πατρ“ι
1151 2310 1621 2383 συνδοξαζόμενος.
1646 2315 1817 2368 Τοῦτο
1832 2317 1941 2387 γὰρ

355 2395 511 2466 δηλοῖ
543 2397 636 2450 καὶ
668 2398 728 2450 τὸ
757 2401 1046 2470 εἰρημένον
1071 2401 1150 2472 τῷ
1183 2405 1473 2476 ἰεροφάλτῃ
1506 2407 1670 2460 Δαϐἰδ
1690 2447 1704 2461 .
1744 2405 1938 2462 σΕἷπεν

351 2491 606 2560 ὁΚύριος
656 2491 734 2561 τῷ
779 2493 968 2563 Κυρίῳ
1001 2511 1140 2564 μου·
1177 2497 1363 2550 Κάθου
1411 2499 1475 2552 ὲκ
1518 2499 1707 2564 δεξιῶν
1751 2518 1873 2570 μου.
1914 2521 1932 2554 ι

366 2580 500 2633 Ἰδοὺ
536 2582 634 2651 τῆς
687 2583 948 2653 περιττῆς
990 2602 1082 2638 σου
1120 2587 1227 2640 τῶν
1255 2588 1429 2656 λόγοιν
1463 2592 1654 2659 σοφίας
1705 2593 1938 2663 ἀκριϐὴς

351 2670 576 2740 ἐλεγχος
608 2675 640 2740 ἡ
694 2674 788 2725 τοῦ
825 2676 1034 2745 Κυρίου
1091 2679 1262 2748 φωνή.
1317 2679 1446 2732 Υἱὸν
1488 2681 1598 2750 γὰρ
1647 2683 1935 2753 ἀνθρώπου

351 2763 632 2832 προτάξας
664 2766 1062 2820 καταϐαίνοντα
1096 2770 1160 2822 ἐκ
1179 2769 1287 2823 τῶν
1308 2771 1574 2841 οὐρανῶν,
1609 2776 1703 2828 καὶ
1725 2775 1851 2828 ὄντα
1878 2777 1936 2831 ἐν

351 2857 586 2920 ἐκείνοις
623 2859 744 2913 ὅθεν
797 2861 1003 2932 κατέϐη
1024 2879 1039 2895 ο
1069 2863 1226 2917 τοῦτο
1277 2866 1384 2936 γὰρ
1411 2867 1680 2938 ἐδήλωσεν
1725 2869 1893 2924 εἰπών
1917 2887 1932 2902 ·

358 2967 377 2999 ε
412 2947 474 3000 Ὀ
497 2947 572 3000 ῶν
610 2950 668 3002 ὲν
695 2950 770 3020 τῷ
797 2953 1011 3023 οὐρανῷ
1029 2969 1042 2982 ·
1089 2973 1106 3005 ι
1145 2956 1244 3027 τὴν
1275 2957 1426 3010 θείαν
1453 2959 1547 3012 καὶ
1577 2961 1753 3014 πάντα
1780 2979 1932 3033 περι-

349 3037 586 3107 έχουσαν
617 3039 882 3109 ἐδήλωσεν
916 3045 1127 3110 οὐσίαν,
1153 3048 1290 3118 πρὸς
1320 3050 1466 3118 ἡμᾶς
1496 3050 1572 3120 τῷ
1606 3053 1704 3122 τῆς
1729 3055 1934 3107 οἰκονο-

354 3129 489 3198 μίας
521 3132 814 3184 κατιοῦσαν
858 3133 1030 3205 λόγῳ,
1068 3137 1160 3189 καὶ
1207 3139 1306 3208 τὴν
1344 3141 1616 3211 ἡμετέραν
1662 3144 1720 3195 ἐν
1767 3145 1931 3217 ἑαυτῇ
1961 3160 2004 3218 C

354 3221 525 3288 φύσιν
553 3222 688 3291 πρὸς
737 3222 829 3276 τὸν
859 3226 1129 3296 πατρικὸν
1154 3227 1392 3295 ἄγουσαν
1428 3229 1636 3296 θρόνον,
1689 3234 1830 3287 κατὰ
1872 3235 1934 3287 τὸ

345 3311 640 3380 εἰρημένον
666 3312 746 3380 τῷ
780 3312 1053 3385 θεσπεσίῳ
1086 3318 1314 3389 Παύλῳο
1352 3339 1371 3372 ‹
1406 3323 1517 3374 Καὶ
1566 3323 1728 3376 αὐτὸν
1778 3325 1932 3395 ἤγει-

349 3416 445 3470 ρεν
473 3401 568 3452 τὸν
610 3402 842 3470 Χριστὸν
881 3405 944 3456 ὲκ
973 3405 1083 3458 τῶν
1116 3407 1230 3477 (22)
1270 3409 1510 3479 νεκρῶν,
1548 3411 1642 3464 καὶ
1679 3413 1931 3467 ἐκάθισεν

343 3491 409 3543 ὲν
441 3487 588 3558 δεξιᾷ
616 3490 778 3543 αὐτοῦ
827 3492 938 3560 (‘25)
966 3531 980 3556 ,
1025 3493 1282 3565 ὑπεράνω
1326 3497 1510 3568 πάσης
1561 3499 1780 3568 ’Λρχῆς,
1835 3503 1931 3554 καὶ

357 3577 661 3646 Ἐξουσίας,
696 3585 792 3636 καὶ
819 3583 1132 3656 Δυνάμεως,
1159 3588 1252 3641 καὶ
1282 3589 1637 3660 Κυριότητος,
1673 3593 1766 3643 καὶ
1792 3609 1930 3644 παν-

342 3670 439 3733 τδς
489 3671 754 3742 ὀνόματος
798 3677 1201 3746 ὀνομαζομένου
1228 3720 1242 3739 ,
1274 3680 1335 3731 οὐ
1374 3681 1535 3749 μόνον
1567 3682 1626 3734 ἐν
1668 3682 1745 3752 τῷ
1774 3683 1929 3738 αἰῶνι

339 3762 542 3833 τούτῳ,
580 3765 715 3818 ἀλλὰ
768 3767 862 3820 καὶ
895 3769 952 3821 ἐν
996 3769 1072 3840 τῷ
1104 3770 1369 3839 μέλλοντι.
1411 3790 1430 3825 ι
1483 3773 1560 3826 Οὐ
1601 3774 1662 3845 δή
1697 3793 1799 3828 που
1830 3779 1930 3847 τῆς

342 3854 499 3916 θείας
552 3854 648 3908 τοῦ
687 3857 1028 3924 Μονογενοῦς
1077 3859 1263 3924 οὐσίας
1308 3862 1448 3932 μετὰ
1480 3862 1577 3934 τὴν
1619 3865 1685 3920 ἐκ
1719 3867 1928 3936 νεκρῶν

339 3949 641 4002 ἀνάστασιν
676 3950 775 4019 τῆς
810 3950 901 4003 τοῦ
922 3951 1133 4021 Πατρὺς
1172 3952 1328 4022 δόξης
1370 3953 1699 4026 ἀξιουμένης
1720 3972 1733 3986 ο
1790 3957 1928 4012 ἀλλὰ

337 4039 486 4102 τότε,
519 4040 655 4108 μετὰ
692 4041 792 4112 τὴν
825 4044 904 4104 εἰς
930 4042 1192 4111 οὐρανοὺς
1221 4043 1430 4108 ἄνοδον,
1461 4045 1556 4097 τοῦ
1585 4045 1719 4099 Θεοῦ
1751 4048 1924 4116 Λόγου

338 4134 410 4202 τῇ
442 4131 538 4184 τοῦ
568 4132 780 4202 Πατρὸς
802 4132 928 4203 δόξῃ
951 4133 1264 4203 τιμωμένου
1295 4151 1354 4186 τε
1395 4135 1490 4187 καὶ
1519 4139 1927 4208 προσκυνουμέ-

337 4239 436 4273 νου
471 4222 606 4289 μετὰ
627 4223 724 4292 τῆς
756 4224 890 4286 ἰδίας
923 4223 1143 4292 σαρκός.
1200 4225 1309 4277 Καὶ
1347 4224 1575 4295 ἑτέρωθι
1614 4227 1671 4279 δὲ
1702 4229 1730 4280 6
1763 4230 1928 4296 αὐτὸς

335 4313 639 4376 ἀπόστολος
678 4313 889 4386 Παῤ).ος
925 4314 1179 4367 ἐκϐάλλει
1211 4333 1304 4368 σου
1334 4314 1539 4387 ταύτην
1560 4317 1657 4389 τὴν
1687 4337 1927 4389 κενοφω-

336 4401 484 4455 νίαν.
510 4401 818 4474 Κορινθίοις
844 4401 952 4474 γὰρ
985 4403 1315 4457 ἐπιστέλλων
1345 4406 1508 4475 φησίν
1528 4423 1540 4436 ’
1571 4427 1588 4460 ι
1629 4408 1686 4462 Ὀ
1710 4408 1924 4480 πρῶτος

2053 585 2226 641 Filius
2258 587 2516 653 hominis,
2560 590 2654 659 qui
2703 597 2788 643 est
2825 589 2880 643 in
2934 589 3074 644 etelo
3102 590 3165 655 ⁸³,
3204 609 3222 640 ι
3265 591 3390 659 quia
3431 591 3629 646 Filium

2053 674 2296 730 hominis
2340 688 2525 747 aperte
2586 679 2744 743 dixit,
2783 694 2853 733 an
2904 679 3199 732 humanam
3257 689 3509 732 naturam
3563 680 3630 734 de

2052 767 2207 822 cmlis
2235 769 2585 825 descendisse
2614 771 2880 834 dicemus,
2904 772 3057 841 juxta
3084 771 3305 841 impiam
3332 781 3388 825 et
3410 771 3630 831 stultam

2051 860 2378 930 sapientiam
2425 862 2609 915 tuam?
2653 862 2787 916 Tuis
2836 865 2982 916 enim
3027 872 3219 917 contra
3271 870 3324 917 te
3372 871 3499 917 utar
3536 879 3630 919 so-

2050 953 2358 1022 phismatis.
2417 953 2670 1008 Facessat
2701 954 3056 1023 blasphemia.
3093 955 3204 1009 Nec
3236 955 3382 1009 enim
3415 955 3482 1008 de
3513 971 3629 1010 caa-

2049 1043 2119 1098 lis
2137 1044 2422 1099 descendit
2441 1045 2654 1099 Domini
2679 1061 2826 1110 caro,
2843 1061 2946 1100 nec
2970 1045 3157 1115 implet
3178 1047 3392 1100 omnia:
3418 1036 3647 1117 1050'

2049 1135 2147 1190 sed
2190 1136 2259 1191 de
2300 1136 2588 1192 divinitate
2620 1137 2840 1192 Christo
2892 1137 3124 1190 Domino
3162 1137 3253 1192 hic
3297 1152 3479 1192 sermo
3522 1147 3626 1192 est.

2046 1227 2152 1293 Qui
2190 1229 2336 1282 enim
2367 1227 2436 1283 de
2471 1229 2628 1284 caelis
2661 1227 2966 1287 descendit.
2995 1237 3048 1282 et
3078 1228 3267 1297 implet
3291 1229 3494 1292 omnia,
3527 1243 3628 1282 nec

2047 1317 2139 1373 illa
2178 1320 2384 1384 deserit
2417 1322 2563 1375 unde
2602 1321 2906 1386 descendit,
2938 1323 3082 1376 Deus
3124 1331 3205 1376 est
3239 1322 3501 1384 Verbum,
3527 1331 3629 1392 per

2046 1411 2369 1480 prophetam
2423 1412 2668 1465 clamans
2709 1427 2722 1463 :
2772 1430 2790 1462 ε
2832 1412 3024 1476 Nonne
3074 1412 3272 1464 cmlum
3319 1420 3376 1464 et
3425 1418 3627 1466 terram

2046 1515 2148 1570 ego
2182 1500 2421 1569 impleo?
2453 1501 2587 1554 dicit
2619 1501 2882 1555 Dominus
2905 1493 3022 1553 “.3
3063 1502 3130 1554 Et
3160 1517 3353 1556 rursus
3382 1519 3396 1554 :
3436 1521 3455 1552 ε
3495 1501 3629 1567 Quis

2044 1604 2267 1645 mensus
2303 1600 2388 1646 est
2425 1607 2595 1661 aquas
2634 1608 2818 1656 manu,
2851 1600 2907 1646 et
2946 1592 3144 1646 malum
3189 1592 3390 1660 palmo,
3423 1602 3478 1646 et
3511 1609 3628 1646 om-

2042 1697 2168 1735 nem
2201 1690 2402 1736 terram
2435 1683 2642 1752 pugillo
2673 1683 2751 1736 “5?
2781 1703 2798 1734 ι
2835 1684 2902 1737 Et
2937 1700 2950 1735 :
2997 1702 3014 1733 ι
3049 1682 3260 1738 Caelum
3291 1684 3450 1738 sedes
3481 1700 3622 1749 mea,

2045 1779 2186 1825 terra
2216 1781 2398 1826 autem
2433 1773 2732 1826 scabellum
2762 1773 2962 1842 pedum
2991 1787 3240 1826 meorum
3267 1773 3330 1824 “‘.
3364 1792 3381 1820 ι
3423 1771 3626 1838 Quate-

2042 1879 2148 1916 nus
2185 1864 2331 1918 Deus
2363 1873 2466 1928 est,
2498 1864 2553 1918 in
2588 1864 2727 1919 coelo
2761 1864 3050 1928 exsistens,
3076 1872 3132 1917 et
3154 1864 3220 1918 ad
3253 1879 3356 1917 nos
3391 1864 3622 1919 descen-

2043 1954 2200 2017 dens,
2240 1965 2296 2008 et
2339 1954 2525 2008 omnia
2571 1955 2804 2024 implens
2845 1972 2856 2007 :
2897 1964 3171 2024 quatenus
3221 1964 3406 2009 autem
3459 1955 3623 2010 homo

2041 2040 2218 2096 factus
2247 2050 2349 2107 est,
2372 2052 2497 2112 post
2528 2043 2612 2098 sui
2651 2045 2720 2098 ad
2756 2061 2857 2099 nos
2879 2044 3288 2108 demissionem,
3323 2053 3378 2098 et
3415 2046 3480 2098 ad
3508 2061 3622 2100 cm-

2042 2132 2127 2186 los
2165 2133 2436 2198 sublatus,
2476 2143 2532 2188 et
2574 2150 2697 2188 cum
2732 2135 2892 2189 Patre
2927 2134 3282 2205 gloriﬁcatus.
3325 2135 3440 2189 Hoc
3473 2136 3620 2190 enim

2043 2221 2097 2276 id
2121 2237 2340 2292 quoque
2366 2223 2656 2294 significat,
2683 2225 2828 2294 quod
2858 2240 3010 2278 sacer
3035 2225 3244 2279 l’saltes
3268 2226 3343 2278 ait
3375 2243 3388 2278 :
3429 2227 3625 2281 «Dixit

2043 2311 2307 2367 Dominus
2345 2311 2580 2368 Domino
2614 2330 2738 2369 meo
2769 2332 2781 2367 :
2826 2314 2967 2370 Sede
3005 2330 3034 2368 a
3071 2314 3280 2369 dextris
3319 2316 3458 2369 meis
3491 2317 3553 2369 ".
3599 2335 3616 2368 ι

2041 2403 2182 2458 Ecce
2228 2404 2408 2460 inanis
2447 2407 2743 2460 verborum
2793 2415 3012 2460 tuorum
3058 2406 3338 2476 sapientia:
3377 2422 3483 2461 vox
3513 2407 3621 2461 Do-

2040 2494 2177 2548 mini
2225 2496 2404 2550 valida
2456 2506 2542 2550 est
2596 2497 2873 2551 refutatio.
2932 2498 3128 2550 Filium
3183 2498 3330 2550 enim
3384 2498 3623 2553 hominis

2040 2586 2055 2604 ‘
2083 2599 2210 2638 cum
2247 2587 2402 2656 prius
2443 2587 2690 2650 dixisset,
2725 2587 3150 2642 descendentem
3189 2588 3257 2642 de
3289 2589 3429 2642 caelo
3457 2596 3513 2641 et
3562 2589 3620 2642 in

2039 2675 2148 2730 illis
2189 2687 2502 2731 manentem
2536 2678 2680 2731 unde
2711 2677 2996 2733 descendit
3037 2678 3161 2742 (hoc
3202 2679 3404 2747 quippe
3432 2678 3618 2732 decla-

2037 2767 2179 2821 ravit
2210 2767 2400 2822 dicens
2427 2785 2438 2820 :
2467 2786 2485 2818 ‹
2508 2767 2610 2833 Qui
2637 2775 2721 2822 est
2749 2767 2803 2822 in
2832 2769 2972 2823 ccelo
3002 2768 3070 2837 ι),
3089 2768 3328 2822 divinam
3353 2776 3410 2822 et
3431 2769 3616 2825 omnia

2038 2859 2414 2914 continentem
2464 2860 2826 2915 substantiam
2869 2858 3195 2929 designavit,
3243 2875 3364 2928 quae
3399 2859 3467 2914 ad
3515 2875 3619 2915 nos

2037 2967 2138 3020 per
2193 2951 2626 3006 incarnationem
2676 2951 2962 3006 descendit
3019 2959 3374 3020 nostramque
3453 2951 3506 3005 in
3558 2967 3619 3006 se

2037 3051 2291 3095 naturam
2327 3041 2393 3094 ad
2429 3051 2719 3111 paternum
2760 3041 3019 3094 thronum
3049 3041 3265 3106 extulit,
3297 3042 3440 3096 sicut
3468 3058 3497 3096 a
3529 3043 3615 3096 di-

2039 3133 2168 3186 vino
2193 3133 2364 3186 Paulo
2393 3133 2600 3187 dictum
2637 3141 2720 3186 est
2749 3152 2764 3186 :
2813 3151 2832 3183 ‹
2863 3133 2930 3187 Ει
2962 3132 3116 3187 illum
3149 3133 3434 3189 suscitavit
3460 3134 3619 3189 Chri-

2036 3230 2181 3276 stum
2218 3239 2248 3276 a
2293 3223 2500 3293 1051
2536 3223 2787 3286 mortuis,
2819 3233 2875 3277 et
2920 3224 3206 3278 constituit
3239 3225 3305 3278 ad
3338 3224 3617 3280 dexteram

2034 3328 2189 3366 suam
2223 3329 2388 3382 supra
2429 3329 2647 3366 omnem
2675 3313 3067 3383 principatum,
3099 3323 3154 3369 et
3182 3324 3530 3385 potestatem,
3561 3325 3619 3370 et

2033 3405 2312 3468 virtutem,
2349 3413 2404 3459 et
2439 3404 2892 3468 dominationem,
2923 3412 2978 3458 et
3013 3421 3175 3459 omne
3211 3421 3431 3469 nomen,
3468 3406 3612 3475 quod

2030 3492 2370 3557 nominatur,
2422 3509 2531 3548 non
2580 3495 2755 3549 solum
2797 3494 2850 3548 in
2891 3495 2996 3549 hoc
3035 3496 3256 3560 saculo,
3306 3495 3400 3549 sed
3447 3495 3611 3548 etiam

2031 3583 2090 3637 in
2127 3583 2316 3637 futuro
2345 3585 2406 3638 ³⁸.
2441 3602 2458 3637 ι
2503 3585 2624 3639 Non
2673 3586 2862 3655 utique
2910 3586 3057 3655 quod
3103 3585 3288 3639 divina
3333 3586 3612 3655 Unigeniti

2032 3675 2359 3740 substantia,
2400 3685 2522 3745 post
2563 3677 3028 3732 resurrectionem
3074 3693 3105 3730 a
3146 3677 3401 3741 mortuis,
3436 3677 3612 3732 Patris

2030 3766 2258 3836 gloriam
2303 3767 2374 3821 sit
2415 3778 2708 3822 consecuta
2739 3786 2752 3820 :
2784 3769 2879 3822 sed
2911 3768 3059 3837 quod
3092 3779 3240 3832 tunc,
3271 3779 3396 3838 post
3425 3783 3613 3823 ascen-

2030 3875 2152 3916 sum
2181 3860 2237 3916 in
2271 3860 2460 3925 caelos,
2489 3861 2586 3915 Dei
2613 3860 2855 3916 Verbum
2893 3877 3017 3915 cum
3060 3861 3283 3931 propria
3315 3875 3479 3915 carne
3509 3860 3615 3913 Pa-

2029 3957 2132 4010 tris
2169 3955 2339 4026 gloria
2381 3956 2708 4010 honoratum
2750 3956 2937 4021 fuerit,
2973 3965 3028 4010 et
3057 3957 3367 4012 adoratum.
3409 3957 3477 4011 Et
3506 3956 3615 4010 alio

2028 4045 2152 4098 loco
2195 4045 2360 4098 etiam
2415 4045 2562 4098 idem
2610 4045 2812 4099 Paulus
2855 4045 3139 4113 apostolus
3190 4045 3402 4098 futilem
3453 4045 3613 4098 istam

2027 4133 2334 4187 orationem
2366 4141 2512 4186 tuam
2553 4133 2773 4187 refellit.
2820 4131 2900 4186 Ad
2941 4131 3260 4187 Corinthios
3296 4132 3444 4185 enim
3472 4131 3615 4186 scri-

2026 4223 2203 4280 bens:
2241 4242 2258 4274 ι
2291 4223 2530 4286 Primus,
2564 4222 2766 4292 inquit,
2811 4222 2976 4278 homo
3014 4221 3081 4276 de
3117 4229 3281 4283 terra,
3315 4230 3610 4283 terrenus;

2027 4314 2306 4369 secundus
2338 4314 2504 4368 homo
2533 4314 2799 4367 Dominus
2838 4312 2906 4366 de
2939 4312 3079 4366 ccelo
3109 4311 3171 4364 ‘9.
3210 4330 3227 4359 ι
3269 4311 3410 4365 Ecce
3442 4310 3613 4362 solius

2027 4405 2270 4460 hominis
2295 4419 2429 4461 voce
2460 4403 2760 4474 pratmissa,
2790 4402 3044 4472 subjecit,
3077 4401 3333 4455 Dominus
3366 4400 3430 4452 de
3460 4399 3608 4461 caelo,

333 4491 622 4560 ἄνθρωπος
652 4493 716 4544 ἐκ
741 4493 844 4563 γῆς
873 4492 1072 4562 χοῖκὸς,
1103 4494 1133 4545 ὁ
1162 4493 1414 4565 δεύτερος
1444 4495 1729 4568 ἄνθρωπος
1757 4502 1784 4553 ὁ
1809 4501 1922 4554 Κύ-

2038 4494 2271 4551 divinam
2310 4509 2410 4563 per
2446 4493 2498 4547 id
2539 4492 2682 4562 quod
2722 4492 2786 4544 de
2819 4491 2958 4544 caelis
2994 4489 3206 4543 dixerat
3246 4489 3614 4558 interpretans

338 4599 457 4652 ριος
488 4581 547 4647 ἐξ
575 4584 829 4653 οὐρανοῦ.
872 4602 891 4635 ›
939 4583 1071 4638 Ἰδοὺ
1101 4585 1267 4656 μόνου
1298 4590 1670 4661 προσηγορίαν
1704 4591 1918 4663 ἀνθρὼ-

332 4689 443 4724 που
469 4674 776 4744 προτάξας,
823 4675 1128 4745 ἐπήγαγεν·
1175 4677 1240 4729 Ὀ
1286 4680 1500 4745 Κύριος
1538 4678 1607 4742 ἐξ
1635 4681 1916 4749 οὐρανοῦ,

329 4765 436 4832 τὴν
465 4764 614 4817 θείαν
631 4765 718 4818 διὰ
752 4765 844 4818 τοῦ
881 4766 941 4830 ἐξ
979 4767 1224 4837 οὐρανῶν
1267 4770 1440 4821 εἰπεῖν
1472 4771 1793 4840 ἑρμηνεύων
1826 4776 1918 4828 οὐ-

330 4855 480 4908 σίαν.
515 4857 627 4909 Καὶ
651 4857 781 4910 Θεὸν
796 4857 852 4910 δὲ
879 4858 1138 4923 πολλάκις
1169 4859 1420 4928 λέγοντες
1443 4862 1493 4914 οἰ
1519 4862 1765 4935 θεοφόροι
1787 4885 1918 4937 προ-

329 4945 505 5014 φῆται
542 4948 637 5000 καὶ
680 4948 1006 5012 ἀπόστολοι,
1049 4949 1150 5020 τὴν
1179 4951 1524 5021 ἀνθρωπείαν
1569 4953 1917 5010 ὑποτίθενται

329 5035 521 5106 φύσιν.
565 5037 625 5092 Ὀ
644 5038 742 5108 μὲν
775 5039 1047 5110 Ἱερεμίας
1078 5040 1214 5107 βοῶν
1234 5057 1248 5071 ·
1280 5061 1298 5092 ‹
1327 5036 1497 5105 Οὗτος
1525 5045 1552 5094 6
1583 5045 1716 5107 Θεὸς
1739 5047 1914 5116 ήμῶν,

327 5130 398 5182 οὐ
428 5127 809 5200 λογισθήσεται
833 5130 1020 5200 ἕτερος
1054 5131 1193 5199 πρὸς
1228 5131 1412 5184 αὐτόν.
1463 5151 1480 5181 ι
1521 5130 1675 5198 Εἶτα,
1708 5134 1797 5188 ἵνα
1840 5137 1914 5207 μὴ

325 5217 404 5271 τὰ
428 5217 551 5271 καθ’
580 5218 810 5272 ἕκαστον
835 5219 1008 5286 λέγω·
1055 5238 1073 5270 ‹
1109 5219 1264 5272 Μετὰ
1313 5220 1486 5293 ταῦτα
1539 5222 1632 5273 ἐπὶ
1675 5224 1775 5290 τῆς
1813 5223 1918 5292 γῆς

324 5308 512 5382 ὤφθη,
543 5310 637 5363 καί¹
667 5313 780 5374 τοῖς
803 5308 1109 5380 ἀνθρώποις
1141 5309 1572 5379 συνανεστράφη.
1606 5329 1624 5364 ι
1650 5312 1723 5363 Οὐ
1747 5312 1916 5384 δήπου

745 5404 776 5434 β

2027 4586 2421 4643 substantiam.
2454 4583 2562 4638 Sed
2614 4594 2671 4637 et
2717 4583 2891 4636 Deum
2943 4595 3086 4649 saepe
3130 4578 3479 4634 nominantes
3528 4577 3613 4632 di-

2026 4677 2141 4733 vini
2171 4677 2454 4748 prophetas
2482 4683 2538 4730 et
2567 4674 2821 4744 apostoli,
2857 4674 3151 4727 humanam
3181 4671 3481 4742 subjiciunt
3508 4686 3608 4724 na~

2028 4777 2228 4823 turam.
2260 4765 2525 4822 Jeremias
2549 4765 2861 4819 exclamans
2890 4780 2901 4816 :
2943 4781 2960 4813 ι
2995 4762 3096 4816 Hic
3115 4769 3199 4816 est
3231 4761 3378 4815 Deus
3401 4769 3608 4824 noster,

2026 4868 2082 4914 et
2125 4874 2233 4913 non
2259 4857 2624 4912 testimabitur
2668 4855 2808 4910 alius
2845 4854 2912 4908 ad
2943 4869 3070 4908 eum
3104 4853 3186 4918 ²⁰;
3227 4871 3245 4904 ι
3288 4868 3352 4906 ac
3389 4851 3608 4917 deinde,

2024 4967 2094 5006 ne
2129 4950 2343 5022 singula
2377 4950 2611 5004 referam
2649 4967 2662 5002 :
2703 4968 2720 4998 ι
2755 4949 2883 5002 Post
2916 4947 3034 5000 haec
3060 4946 3113 4999 in
3142 4945 3303 4998 terris
3331 4945 3483 4998 visus
3505 4952 3609 5008 est,

2025 5051 2080 5096 et
2125 5057 2250 5096 cum
2295 5040 2612 5094 hominibus
2668 5046 3026 5093 conversatus
3060 5036 3126 5088 ἰ.
3178 5054 3194 5086 ι
3253 5034 3371 5089 Non
3420 5033 3612 5101 utique

2026 5134 2312 5188 hominum
2353 5131 2527 5187 oculis
2568 5129 2977 5201 percipiendam
3023 5126 3305 5198 Unigeniti
3348 5127 3613 5181 divinita-

2021 5231 2130 5276 tem
2179 5222 2528 5276 vaticinans:
2568 5220 2778 5290 1052
2809 5219 2905 5274 sed
2931 5219 2986 5273 in
3035 5234 3102 5272 eo
3141 5217 3287 5288 quod
3343 5216 3440 5279 ait,
3473 5216 3610 5268 visus

2023 5322 2120 5378 est,
2154 5313 2251 5368 Dei
2294 5313 2459 5368 Verbi
2497 5329 2719 5367 carnem
2770 5321 2958 5381 aperte
3008 5311 3408 5366 demonstrans.
3451 5306 3609 5374 Ejus-

405 5461 636 5531 ",Joan.
670 5480 750 5528 ιιι,
785 5463 871 5516 15.
938 5462 976 5493 ”
1007 5463 1494 5526 Jerem.xxm,21.
1555 5463 1598 5492 ¹³
1630 5462 1732 5516 lsa.
1766 5480 1853 5531 XL,
1889 5465 1936 5518 ιε

2057 5465 2099 5496 ’⁸
2129 5466 2232 5520 Isa.
2261 5481 2404 5530 um,
2430 5466 2483 5520 1.
2546 5466 2585 5497 ¹⁷
2618 5464 2759 5521 Psal.
2786 5481 2891 5529 cxx,
2918 5463 2967 5517 1.
3033 5463 3074 5494 "
3099 5461 3303 5530 Ephes.
3329 5473 3366 5522 ι,
3391 5456 3482 5522 9.0,
3515 5455 3606 5510 21.

328 5534 378 5566 ⁸³
409 5530 578 5588 ICor.
608 5550 697 5598 xv,
721 5535 811 5590 47.
897 5533 941 5564 ³ο
968 5531 1201 5599 Baruch,
1236 5549 1313 5599 ιιι,
1340 5533 1427 5586 56.
1507 5533 1547 5564 ²¹
1587 5533 1724 5587 ibid.
1759 5533 1828 5588 38

423 5689 515 5763 ευ)
549 5691 603 5759 ἢ.
627 5688 772 5763 ﬁdit.
813 5688 1064 5763 δίνην-ᾗ,
1089 5689 1185 5744 sed
1218 5690 1569 5747 scribendum
1602 5692 1703 5748 fuit
1728 5695 1782 5763 ἦ.

423 5689 492 5744 ‘20
549 5691 603 5759 ἢ.
635 5689 772 5744 Edit.
813 5689 978 5743 Sirm.
1007 5689 1064 5758 ἦ,
1089 5689 1185 5744 sed
1218 5690 1530 5747 scribendux

402 5689 515 5832 ἱΞῦ
546 5759 700 5813 καθό.
737 5759 842 5812 Aut
875 5760 993 5812 καθ’
1026 5759 1074 5821 6,
1111 5768 1169 5812 ut
1190 5769 1312 5828 post
1343 5777 1530 5829 pauca.

656 5853 924 5914 PATROL.
972 5852 1086 5912 Gn.
1121 5852 1446 5928 LXXXIII.

2114 5694 2203 5764 se)
2243 5695 2370 5747 τῶν.
2404 5696 2530 5749 Des.
2567 5705 2604 5749 t.
2642 5697 2732 5760 ιιι,
2759 5713 2811 5764 ρ.
2839 5694 2942 5750 .108

2114 5694 2182 5748 ἓξ
2243 5695 2370 5747 τῶν.
2404 5696 2530 5749 Des.
2567 5705 2604 5749 t.
2642 5697 2732 5760 111,
2759 5713 2811 5764 p.
2839 5694 2942 5750 .108

2093 5694 2206 5835 125i
2243 5766 2364 5820 αὐτ.
2393 5765 2538 5822 Loco
2566 5767 2660 5821 cit.
2718 5766 2968 5837 sequitur
2993 5766 3050 5816 ὲν
3079 5766 3192 5826 τοῖς
3231 5760 3598 5834 ἐπουρανίοις.
3622 5831 3624 5835 Ι

3123 5854 3274 5944 37,
