4056 6432
436 877 469 966 ι

469 1810 477 1816 _
508 1770 792 1809 numerus.
822 1753 978 1819 Quod
1011 1763 1301 1823 postquam
1330 1751 1678 1822 Unigenitus,
1705 1751 1800 1806 Dei
1827 1750 2091 1814 Verbum,

477 2132 672 2176 °came
712 2118 921 2188 1053
963 2118 1271 2189 seiungitur
1297 2135 1310 2171 :
1337 2117 1434 2172 sed
1473 2118 1588 2172 sive
1623 2116 1904 2170 hominem
1931 2115 2087 2170 dixe-

505 370 644 436 1163
1507 367 1991 426 THEODORETI
2032 366 2370 427 EPISCOPI
2405 363 2772 424 CYRENSIS
3383 366 3386 367 ⁷
3602 366 3724 434 1th

501 484 625 537 dem
658 495 876 551 quoque
916 488 1001 534 est
1038 477 1347 540 sententize,
1376 475 1523 544 quod
1565 477 1620 529 in
1665 476 1874 544 psalmo
1905 491 2026 527 χιιι
2055 490 2086 526 a

2191 474 2287 544 τὴν
2327 473 2557 542 θεότητα
2601 471 2696 525 τοῦ
2727 469 3067 539 Μονογενοῦς
3115 468 3414 540 ὀφθαλμοῖς
3455 474 3725 545 ἀνθρώπων

501 573 688 627 divino
727 571 930 625 Davidc
972 570 1180 624 dictum
1220 576 1305 623 est
1345 586 1358 621 :
1411 587 1430 618 ι
1475 567 1619 620 Deus
1657 565 1944 619 manifeste
1993 581 2083 620 ve-

2191 564 2398 634 ληπτὴν
2451 561 2669 615 ἔσεσθαι
2703 559 3094 631 προφητεύων·
3127 557 3269 611 ἀλλὰ
3301 559 3386 612 διὰ
3435 561 3522 614 τοῦ
3557 565 3726 634 Ὠφθη

500 665 728 720 ιιίθι²¹.›
753 663 1058 733 Sophonias
1077 664 1206 717 item
1231 662 1494 731 propheta
1520 661 1574 714 id
1599 660 1776 729 ipsum
1794 659 2072 728 exprimit,

2191 654 2284 723 τὴν
2316 654 2495 723 σάρκα
2522 652 2616 705 τοῦ
2641 651 2776 704 Θεοῦ
2802 651 2974 718 Λόγου
3002 648 3189 718 σαφῶς
3218 648 3601 705 ὑποδείκνυσιν.
3631 655 3728 724 Τῆς

502 756 692 810 dicens
715 772 727 807 :
753 773 771 805 ι
794 754 1094 823 Apparebit
1113 753 1376 807 Dominus
1399 766 1566 821 super
1589 767 1704 814 eos,
1726 759 1782 805 et
1805 749 2088 819 disperdet

2191 745 2242 797 δὲ
2276 745 2442 814 αὐτῆς
2481 743 2662 812 ἔχεται
2708 742 2947 802 διανοίας
2997 740 3092 792 καὶ
3131 738 3193 790 τὸ
3243 742 3299 792 ἐν
3341 745 3732 813 τεσσαρακοστῷ

502 861 694 901 omnes
721 847 853 899 deos
882 843 1124 914 gentium
1158 852 1320 898 terrae
1348 845 1414 897 ’3.
1447 862 1465 894 ι
1501 843 1616 897 Nec
1642 841 1822 896 minus
1851 857 2086 912 evange-

2191 837 2392 906 ὲννὰτῳ
2411 835 2610 906 ψαλμῴ
2643 835 2795 904 παρὰ
2820 833 2915 887 τοῦ
2943 832 3229 885 Θεσπεσίου
3261 831 3422 884 Δαϐἰδ
3448 834 3730 902 εἰρημένον·

501 937 624 992 lista
672 936 910 990 Joannes
952 949 1214 988 arcanum
1262 935 1368 988 hoc
1413 933 1674 1002 praedicat
1716 933 2034 1002 mysterium
2071 948 2083 982 :

510 1045 528 1078 ‹
557 1025 714 1092 Quod
738 1025 843 1078 fuit
869 1026 937 1079 ab
962 1024 1141 1088 initio,
1164 1024 1374 1088 dicens,
1403 1023 1551 1094 quod
1583 1023 1912 1084 audivimus,
1940 1021 2087 1091 quod

501 1116 761 1178 vidimus,
781 1123 837 1168 et
859 1129 1054 1168 manus
1078 1121 1280 1167 nostra:
1311 1120 1795 1167 contrectaverunt
1818 1110 1884 1164 de
1908 1110 2088 1164 Verbo

505 1207 632 1261 vitae
653 1197 722 1270 ’⁸,
768 1226 786 1256 ›
821 1205 968 1260 haud
994 1221 1124 1259 sane
1149 1205 1528 1274 incorpoream
1557 1212 1613 1257 et
1641 1203 1967 1256 invisibilem
1991 1203 2084 1256 Dei

506 1299 671 1353 Verbi
701 1305 954 1350 naturam
986 1297 1238 1350 manibus
1273 1296 1603 1349 contrectari
1640 1295 1838 1357 sciens,
1873 1292 1967 1346 sed
1993 1291 2087 1345 Dei

506 1388 676 1444 Verbi
697 1404 901 1458 corpus
915 1388 1077 1442 Verbi
1105 1386 1470 1456 appellatione
1491 1387 1786 1439 honorans.
1825 1383 1913 1437 Sic
1941 1382 2087 1438 enim

508 1496 567 1536 se
603 1495 691 1534 res
716 1480 900 1544 habet,
927 1487 983 1533 et
1010 1479 1150 1532 hanc
1174 1478 1335 1532 nobis
1359 1477 1520 1531 ﬁdem
1549 1482 1568 1498 '
1622 1476 1966 1530 tradiderunt
1996 1475 2090 1544 qui

507 1573 577 1627 ab
607 1572 766 1627 initio
790 1571 889 1641 ipsi
911 1571 1190 1633 viderunt,
1211 1577 1266 1624 et
1285 1568 1522 1622 ministri
1548 1567 1771 1622 fuerunt
1797 1565 2086 1627 sermonis,

508 1671 565 1718 et
586 1663 680 1733 qui
704 1672 827 1732 post
849 1663 973 1716 illos
997 1677 1190 1716 omnes
1212 1661 1317 1714 fuit
1344 1676 1497 1715 sacer
1523 1668 1836 1713 sanctorum
1862 1659 2090 1711 Patrum

2195 951 2212 982 ι
2261 931 2319 983 '0
2345 929 2476 992 Θεὸς
2522 929 2781 999 ἐμφανῶς
2807 925 2946 996 ἥξει.
2983 945 3002 975 ι
3037 925 3146 978 Καὶ
3183 924 3439 992 Σοφονίας
3479 923 3532 976 δὲ
3561 927 3586 976 ὁ
3618 943 3735 996 προ-

2189 1025 2368 1093 φήτης
2394 1022 2456 1073 τὸ
2487 1021 2617 1073 αὐτὸ
2654 1020 2812 1072 τοῦτο
2847 1015 3182 1087 προφητεύει
3223 1015 3394 1081 λέγων
3417 1031 3431 1044 ’
3472 1031 3492 1064 ο
3533 1000 3738 1082 Ἐπιφαέ

2190 1115 2412 1182 νήσεται
2436 1111 2637 1182 Κύριος
2668 1111 2755 1162 ἐπ’
2779 1109 2998 1169 αὐτοὺς,
3029 1107 3127 1159 καὶ
3151 1104 3519 1173 ὲξολοθρεύσει
3547 1105 3736 1167 πάντας

2189 1205 2315 1266 τοὺς
2345 1202 2500 1262 Θεοὺς
2528 1201 2638 1252 τῶν
2673 1199 2842 1251 ἐθνῶν
2876 1197 2976 1265 τῆς
3003 1197 3127 1264 γῆς.
3150 1213 3166 1244 ι
3203 1192 3371 1248 Οὐδὲν
3397 1193 3452 1246 δὲ
3477 1189 3631 1264 ἦττον
3658 1195 3741 1247 καὶ

2189 1295 2218 1346 ό
2250 1292 2643 1361 εῦαγγελιστὴς
2678 1290 2933 1357 Ἰωάννης
2963 1287 3023 1340 τὸ
3049 1287 3359 1356 ἀπόρρητον
3380 1283 3535 1336 τοῦτο
3567 1284 3742 1353 κηρύτ-

2162 1402 2273 1462 ητει
2308 1384 2640 1453 μυστήριον·
2677 1398 2695 1429 ι
2741 1382 2805 1432 Ὃ
2838 1375 2904 1448 ἦν
2939 1379 3048 1430 ἀπ’.
3077 1377 3275 1446 ἀρχῆς,
3323 1375 3528 1443 λέγων,
3560 1375 3588 1426 ὃ
3619 1375 3742 1443 ἀκη-

2192 1477 2420 1544 κόαμεν,
2445 1475 2473 1526 ὃ
2497 1471 2842 1541 ἐθεασάμεθα
2877 1468 2990 1540 (24)
3019 1469 3113 1521 καὶ
3150 1471 3204 1521 αἱ
3251 1469 3428 1537 χεῖρες
3449 1465 3599 1533 ἡμῶν
3624 1464 3740 1532 ἐψη-

2190 1567 2460 1634 λάφησαν,
2493 1565 2621 1633 περὶ
2641 1561 2738 1615 τοῦ
2770 1562 2944 1630 Λόγου
2981 1561 3077 1628 τῆς
3107 1558 3272 1627 ζωῆς.
3313 1576 3334 1608 ι
3366 1555 3441 1608 Οὐ
3472 1555 3640 1624 δήπου
3661 1553 3745 1623 τὴν

2190 1659 2483 1728 ἀσώματον
2508 1655 2603 1709 καλ¹
2633 1655 2869 1725 ἀόρατον
2890 1651 2986 1706 τοῦ
3015 1649 3150 1703 Θεοῦ
3196 1648 3375 1716 Λόγου
3422 1646 3579 1715 φύσιν
3607 1645 3744 1714 χερσὶ

2190 1749 2601 1821 ψηλαφωμένην
2626 1745 2799 1808 εἰδὼς,
2829 1743 2964 1797 ἀλλὰ
2997 1742 3058 1794 τὸ
3094 1740 3253 1810 σῶμα
3299 1737 3395 1792 τοῦ
3425 1736 3558 1790 Θεοῦ
3594 1739 3746 1803 Λόγον

507 1848 655 1902 Deus
692 1860 940 1910 manens,
977 1845 1142 1900 homo
1180 1845 1322 1898 sicut
1355 1860 1456 1898 nos
1495 1843 1671 1897 factus
1697 1850 1802 1907 est,
1837 1841 2087 1895 atl‘ectio-

2195 1839 2541 1913 προσηγορίᾳ
2565 1836 2759 1908 τιμῶν.
2799 1836 2908 1888 Καὶ
2942 1832 3049 1904 γὰρ
3075 1832 3246 1894 οὕτως
3269 1829 3407 1900 ἕχει,
3437 1830 3530 1882 καὶ
3565 1828 3744 1897 ταύτην

506 1948 717 2007 nesque
739 1943 977 1990 nostras
1006 1936 1064 1989 in
1103 1935 1284 2005 seipso
1320 1951 1419 2005 per
1457 1935 1602 1989 servi
1636 1935 1866 1988 formam
1897 1948 2086 1987 susce-

2192 1935 2324 2004 ἡμῖν
2371 1931 2677 2002 παρέδοσαν
2720 1927 2820 1998 τὴν
2846 1928 3029 1979 πίστιν
3062 1927 3112 1978 οἱ
3139 1923 3233 1976 ἀπ’
3281 1921 3460 1993 ἀρχῆς
3505 1921 3747 1974 αὐτόπται

506 2027 608 2098 pit,
645 2042 750 2082 nec
780 2025 1086 2090 vocabulis,
1128 2041 1233 2081 nec
1273 2035 1468 2081 natura
1491 2026 1750 2094 deinceps
1791 2041 1821 2078 a
1864 2025 2088 2094 pr0pria

2193 2026 2288 2078 καὶ
2322 2022 2592 2091 ὑπηρέται
2623 2019 2902 2088 γενόμενοι
2936 2015 3030 2069 τοῦ
3065 2015 3250 2083 λόγου,
3285 2015 3382 2066 καὶ
3418 2015 3446 2065 ὁ
3479 2013 3617 2082 ἱερὸς
3656 2010 3748 2062 τῶν

2198 2116 2315 2186 μετ’
2350 2112 2590 2174 ἐκείνους
2642 2110 2886 2172 ἅπαντας
2937 2109 3110 2176 ἁγίων
3144 2106 3412 2176 Πατέρων
3452 2103 3746 2170 κατάλογος.

2194 2208 2316 2260 Ὅτι
2345 2205 2480 2275 μετὰ
2503 2204 2564 2256 τὸ
2595 2200 2847 2271 γενέσθαι
2875 2200 2963 2253 τὸν
3003 2198 3283 2268 Μονογενῆ
3330 2195 3424 2251 τοῦ
3447 2196 3577 2249 Θεοῦ
3602 2195 3751 2261 Λόγον

2193 2296 2315 2348 καθ’
2346 2294 2494 2364 ἡμᾶς
2519 2293 2828 2364 ἄνθρωπον,
2865 2289 3004 2360 μετὰ
3035 2289 3129 2342 τοῦ
3169 2291 3354 2358 μεῖναι
3381 2286 3538 2350 Θεὸν,
3567 2284 3657 2338 καὶ
3686 2285 3753 2344 εἰς

2194 2386 2386 2440 ἑαυτὸν
2410 2385 2496 2438 διὰ
2518 2385 2616 2453 τῆς
2636 2383 2729 2436 τοῦ
2756 2383 2941 2436 δούλου
2977 2383 3191 2452 μορφῆς
3220 2379 3295 2433 τὰ
3331 2379 3580 2449 ἡμέτερα
3604 2392 3753 2429 καταο

2195 2474 2449 2541 δέξασθαι
2496 2474 2664 2545 πάθη,
2726 2474 2851 2528 οὔτε
2901 2471 3322 2544 προσηγορίαις,
3345 2469 3471 2522 οῦτε
3503 2470 3569 2537 τῇ
3615 2464 3753 2534 φύσει

2196 2567 2380 2620 λοιπὸν
2409 2566 2516 2619 ἀπὸ
2544 2566 2642 2635 τῆς
2697 2565 2833 2627 ἰδίας
2873 2564 3156 2635 μερίζεται
3208 2561 3450 2630 σαρκός·
3485 2557 3618 2612 ἀλλὰ
3663 2554 3753 2608 κᾶν

506 2214 618 2277 rit,
658 2214 831 2267 Deum
871 2211 1110 2266 Verbum
1166 2210 1334 2276 dicit,
1389 2211 1503 2265 sive
1548 2211 1721 2264 Deum
1767 2208 2090 2271 nominarit,

509 2305 893 2360 nihilosecius
935 2319 1059 2359 cum
1103 2319 1268 2360 carne
1307 2319 1404 2358 sua
1447 2304 1714 2357 nominat.
1762 2302 1940 2370 Atque
1977 2301 2094 2355 haac

511 2394 737 2465 quidem
784 2395 1070 2450 hactenus.
1115 2395 1306 2464 Neque
1351 2394 1499 2448 enim
1552 2393 1893 2464 propositum
1926 2392 2086 2445 nobis

507 2495 597 2541 est
629 2485 1069 2541 testimoniorum
1102 2485 1511 2540 multitudinem
1552 2485 1823 2555 proferre,
1855 2483 1951 2538 sed
1983 2484 2088 2536 im-

517 2574 750 2645 peritam
779 2574 1178 2644 technologiam
1203 2583 1258 2628 et
1281 2573 1469 2629 falsam
1499 2573 1941 2629 observationem
1963 2573 2090 2627 red-

521 2679 776 2736 arguere.
2201 2658 2484 2729 ἄνθρωπον
2514 2657 2664 2726 εἴπῃ,
2689 2655 2778 2708 τόν
2806 2655 2939 2707 Θεὸν
2961 2654 3132 2722 Λόγον
3159 2652 3311 2720 λέγει
3337 2668 3352 2680 ο
3388 2649 3492 2703 κᾶν
3515 2649 3642 2736 Θεον
3658 2646 3756 2736 tivo-

519 2731 688 2827 μάστι,
725 2755 876 2810 οὐδὲν
910 2751 1071 2827 ἦττον
1138 2755 1273 2825 μετὰ
1308 2757 1407 2824 τῆς
1474 2753 1666 2808 ἑαυτοῦ
1711 2751 1912 2821 σαρκὸς
1968 2749 2240 2820 ὀνομάζει.
2282 2749 2390 2801 Καὶ
2435 2745 2606 2800 ταῦτα
2655 2745 2753 2815 μὲν
2787 2747 2868 2808 είς
2912 2743 3186 2796 τοσοῦτον.
3255 2742 3337 2794 Οὐ
3389 2739 3497 2810 γὰρ
3550 2731 3761 2804 πλήθους

521 2847 838 2918 μαρτυριῶν
874 2849 1006 2918 ἡμῖν
1042 2846 1300 2909 ἐπίδειξις
1348 2845 1660 2917 πρόκειται,
1705 2844 1817 2897 ἀλλ’
1850 2843 2070 2912 ἐλεγχος
2104 2841 2205 2912 τῆς
2236 2839 2561 2894 ἀπαιδεύτου
2596 2837 2938 2907 τεχνολογίας
2973 2836 3066 2890 καὶ
3105 2833 3577 2905 παρατηρήσεως.

595 2985 639 3016 ’³
663 2983 806 3038 Psal.
839 2998 982 3048 χιιι,
1015 2983 1070 3038 3.
1145 2982 1191 3013 “
1213 2981 1456 3051 Sophon.
1489 2997 1545 3047 ιι,
1580 2983 1665 3035 11.
1742 2981 1788 3013 ’⁸
1819 2980 1841 3034 I
1869 2979 2024 3034 Joan.
2059 2993 2098 3042 ι,
2130 2978 2183 3030 1.

595 3124 715 3198 (24)
747 3123 775 3176 ὃ
802 3122 887 3176 ὲθ.
916 3120 1063 3175 Loco
1097 3119 1189 3174 cit.
1229 3118 1505 3189 praecedit,
1553 3120 1582 3172 ὃ
1629 3120 1953 3192 ἑωράκαμεν
1992 3118 2094 3182 τοῖς

2191 3115 2436 3186 ρθαλμοῖς
2463 3115 2642 3186 ἡμῶν.

567 3318 1052 3332 ι--ο-Ψ

760 3465 1917 3601 ’ΘΕΟΔΩΡΗΤΟΥΨ
1977 3477 2904 3596 ΕΠΙΣΚΟΠΟΥ
2988 3476 3500 3593 ΚΥΡΟΥ

1972 3688 2172 3742 ΛΟΓυῙ
2203 3689 2310 3743 KZ'

1430 3853 1722 3941 ΠΡΟΣ
1767 3844 2390 3940 ΔΙΑΦΟΡΟΥΣ
2443 3853 2862 3942 ΘΕΣΕΙΣ.

2200 3303 3756 3340 _____._________________=_____________.._,

1069 4183 1996 4303 THEODORETI
2095 4190 2743 4306 EPISCOPI
2805 4187 3156 4305 cvm
3224 4115 3230 4120 6

1821 4411 2034 4473 LIBRI
2097 4413 2316 4475 XXVII
2383 4412 2490 4494 (ε).

1031 4588 1635 4681 ADVERSUS
1736 4593 2161 4684 VABIAS
2275 4594 3282 4688 PROPOSITIONES.

607 4905 820 4977 1054
855 4905 1007 4962 Lecti
1040 4912 1170 4958 sunt
1197 4904 1527 4959 Theodoreti
1567 4906 1808 4977 episcOpi
1836 4908 1964 4979 Cyri
1989 4909 2094 4963 libr

2308 4912 2640 4984 ’Λνεγνώσθη
2691 4915 3038 4988 Θεοδωρήτου
3069 4917 3374 4972 ἐπισκόπου
3422 4919 3614 4992 Κύρου
3658 4920 3794 4988 λόγοι

533 5004 742 5064 septem
795 5005 850 5052 et
897 4995 1092 5065 viginti
1142 4995 1406 5050 adversus
1455 4996 1635 5052 varias
1689 5000 2091 5068 propositiones

2222 5001 2303 5065 κζ’
2355 5002 2488 5075 πρὸς
2532 5003 2823 5076 διαφόρους
2854 5007 3054 5072 Θέσεις.
3088 5003 3190 5062 Ὧν
3217 5012 3245 5063 ὁ
3285 5011 3392 5080 μὲν
3445 5011 3688 5080 Πρῶτος
3724 5010 3791 5080 (3)

534 5084 747 5139 Primus
806 5085 1072 5139 adversus
1115 5099 1212 5140 eos
1265 5086 1359 5156 qui
1384 5086 1576 5141 dicunt
1599 5105 1763 5143 unam
1787 5091 1982 5146 factam
2001 5109 2094 5149 esst

2221 5095 2357 5166 πρὸς
2394 5072 2517 5160 τοὺς
2543 5072 2800 5166 λέγοντας
2830 5100 2959 5170 μίαν
2989 5100 3150 5169 φύσιν
3179 5072 3526 5174 γεγενῆσθαι
3552 5105 3646 5157 τὸν
3665 5072 3797 5156 ’Θέιν

535 5185 787 5230 naturam
804 5177 978 5230 Deum
989 5177 1251 5244 Verbum,
1268 5187 1325 5234 et
1337 5188 1586 5250 sumptas
1603 5197 1669 5236 ex
1683 5183 1902 5239 Davidis
1917 5186 2091 5240 semin

2227 5188 2434 5256 Λόγον,
2483 5188 2578 5240 καὶ
2625 5189 2721 5260 τὴν
2778 5191 2842 5245 ὲκ
2905 5191 3220 5263 σπέρματος
3275 5195 3449 5248 Δαϐὶδ
3507 5195 3797 5265 ληφθεῖσαν

613 5333 686 5408 (1)
711 5333 942 5408 Θεοδωρ;
995 5333 1291 5408 Νοειιθοᾷεξι
1327 5335 1506 5408 Photii
1545 5339 1868 5394 auctoritate
1913 5341 2015 5396 hos
2042 5343 2107 5395 Ii-

534 5403 675 5490 b‘ros'
910 5403 1149 5490 Joannes
1181 5406 1430 5490 Dallmus,
1449 5407 1818 5490 gom'belisius
1849 5411 2103 5490 Maximo,
2209 5414 2352 5490 edit.
2380 5415 2583 5490 Dened.
2601 5425 2657 5490 ﬁt.
2685 5416 2752 5479 II,
2781 5433 2836 5486 p.
2858 5403 2994 5472 '510.

532 5476 831 5555 Qarnerills
854 5482 1034 5555 autem
1074 5476 1404 5555 auctoritate
1441 5476 1599 5555 Marii
1632 5479 1965 5555 hiematuris,
1993 5481 2107 5555 Eu-
2285 5485 2359 5555 (2)
2395 5486 2472 5539 lta
2502 5489 2682 5555 potius
2729 5476 2950 5541 inscribi
3019 5489 3182 5547 debet
3219 5509 3232 5544 :
3271 5490 3565 5546 Librorum
3616 5484 3800 5545 XXVII

536 5545 716 5601 therio
749 5543 1039 5614 Tyanensi.
1073 5545 1177 5599 Sex
1213 5546 1296 5598 vel
1333 5553 1541 5625 septem
1591 5549 1802 5628 priores
1830 5543 2026 5604 horum
2047 5552 2111 5633 li:
2213 5543 2461 5608 aduersus
2505 5543 2691 5610 barias
2741 5543 3798 5637 prapositione;kEutyehiuuusfdrgu-

535 5616 762 5671 brorum
795 5615 1006 5669 Caveus
1057 5625 1111 5670 et
1161 5615 1458 5670 Garnenus
1516 5632 1614 5671 pro
1669 5619 1863 5671 llSdcm
1919 5620 2108 5671 haberi
2216 5636 2410 5671 ηιρηιη-
2444 5626 2541 5671 (Ex
2577 5627 2752 5671 ιηιηιίι
2784 5626 3154 5671 Bibliothmd
3213 5629 3424 5671 XLVH

577 5615 1026 5700 rprumCaveus
1057 5625 1111 5670 et
1161 5615 1458 5700 Camerith
1516 5615 1614 5700 ριρ
1667 5618 1868 5700 iisdem
1919 5620 2108 5700 haberi
2216 5636 2410 5700 merita.
2444 5626 2544 5700 (Ex
2577 5615 3181 5700 Pho_tiiB_i'b¥lioth.cod.'
3211 5615 3424 5700 XLVI.)

535 5684 874 5771 voluntncum
897 5685 1079 5771 libris,
1116 5687 1377 5771 quinque;
1406 5685 1719 5771 Pentalogii:
1738 5759 1751 5771 _
1766 5689 2094 5771 y_id.nQudi-

2289 5697 2364 5764 (5)
2398 5684 2631 5765 πρῶτος.
2674 5697 2832 5766 Apud
2869 5698 3124 5753 Photium
3161 5684 3420 5768 sequitur:
3448 5701 3629 5769 λόγος.

534 5769 691 5817 num,
719 5752 794 5805 De
821 5755 1001 5817 script.
1034 5752 1233 5811 Εείσῖεε.
1270 5752 1406 5808 tom.
1445 5755 1485 5821 I,
1532 5752 1656 5826 pag:
1696 5759 1822 5812 1151
1851 5777 1864 5825 ;
1899 5759 2108 5813 Fabric.

2208 5342 2455 5418 Bibliotlz.
2487 5345 2577 5418 Gr.
2614 5346 2728 5418 vol.
2758 5347 2870 5412 VII,
2905 5363 2958 5417 p.
2993 5348 3098 5404 458
3129 5358 3184 5404 et
3229 5349 3373 5418 446;
3426 5363 3485 5406 et
3524 5349 3797 5405 Athanasii
