4056 6458
387 402 505 467 1165

1310 406 1705 470 ADVERSUS
1737 405 2011 466 VAIUAS
2048 407 2661 486 PROPOSITIONES.

3474 438 3611 503 1166

384 523 645 591 ἀπαρχὴν,
678 521 770 575 καὶ
800 521 1210 591 προσάπτοντας
1232 522 1301 575 τὰ
1335 523 1483 594 πάθη
1511 526 1578 595 τῇ
1605 523 1840 594 θεότητι.
1881 521 1936 575 '0

2056 527 2331 601 )rimitias,
2383 546 2440 592 et
2480 542 2580 611 qui
2632 544 2917 612 passiones
2962 546 3277 602 attribuunt
3313 548 3610 607 divinitati.

381 612 429 666 et
449 614 730 681 Δεύτερος
769 613 906 682 πρὸς
934 614 1060 676 τοὺς
1095 613 1293 677 αὐτοὺς
1337 614 1755 685 γραφικώτερον
1800 631 1938 684 συμ-

383 705 722 774 πλεκόμενος.
762 706 871 759 Kal
907 707 936 759 ό
992 706 1191 773 Τρίτος
1224 706 1355 776 περὶ
1391 707 1490 776 τῆς
1531 707 1702 777 αὐτῆς
1743 706 1940 759 ὑποθέ-

384 814 522 860 σεως.
571 797 630 849 '0
654 797 713 850 δὲ
750 797 1032 865 Τέταρτος
1060 796 1405 861 διδασκαλίας
1427 799 1537 851 τῶν
1560 798 1730 866 άγίων
1760 797 1939 850 Πατέ-

385 906 481 957 ρων
505 889 753 959 περιέχει
784 888 915 960 περὶ
947 889 1050 957 τῆς
1088 889 1302 953 ἐνδόξου
1348 890 1660 960 οἰκονομίας
1710 888 1805 941 τοῦ
1840 891 1940 941 Δε-

384 979 578 1031 σπότου
616 978 772 1048 ἡμῶν
802 978 1171 1049 Χριστοῦ,τοῦ
1198 979 1327 1032 Υἰοῦ
1357 980 1453 1033 τοῦ
1489 979 1643 1034 Θεοῦ.
1669 981 1727 1033 '0
1757 979 1941 1051 μέντοι

381 1070 642 1139 Πέμπτος
669 1072 963 1140 αἱρετικῶν
992 1069 1148 1135 δόξας
1179 1070 1438 1142 ἀθροίζει,
1456 1072 1552 1124 καὶ
1577 1070 1943 1142 παρατίθησιν

336 1198 341 1203 -
380 1162 536 1226 αὐτὰς
565 1165 630 1233 τῇ
677 1163 802 1234 δόξῃ
836 1162 947 1216 τῶν
980 1165 1054 1233 μὴ
1107 1163 1520 1233 ὁμολογούντων
1558 1164 1651 1216 ἐπὶ
1702 1162 1942 1235 Χριστοῦ

377 1252 462 1306 δύο
488 1252 681 1323 φύσεις
705 1268 718 1281 ”
749 1254 843 1307 καὶ
870 1254 1111 1307 δείκνυσι
1138 1255 1341 1325 πολλὴν
1368 1254 1506 1326 πρὸς
1528 1255 1791 1324 ἀλλήλους
1825 1254 1942 1308 δια-

382 1342 644 1408 σώζοντας
676 1344 775 1416 τὴν
813 1344 1148 1412 συγγένειαν.
1190 1347 1246 1399 ’0
1269 1346 1326 1399 δέ
1353 1346 1567 1410 Ἕκτος
1593 1345 1944 1415 διαλαμϐάνει

377 1436 450 1489 δτι
480 1432 560 1499 εἷς
591 1434 719 1499 Υἱὸς
752 1438 779 1489 ὁ
810 1436 1013 1507 Κύριος
1044 1438 1199 1509 ἡμῶν
1239 1436 1444 1507 Ἰησοῦς
1474 1437 1707 1508 Χριστός
1739 1438 1836 1509 (4).
1887 1438 1944 1490 '0

377 1526 663 1597 Ἕϐδομος
687 1528 980 1597 ἐπιστολῆς
1013 1530 1198 1598 ἐπέχει
1224 1530 1285 1582 τό
1296 1547 1389 1582 πον
1412 1546 1427 1561 ο
1451 1531 1511 1582 ὲν
1532 1524 1613 1592 οἷς
1638 1529 1698 1581 τὸ
1730 1529 1946 1600 πρῶτον

378 1617 791 1690 συμπληροῦται
844 1618 1070 1688 βιϐλίον.
1133 1621 1190 1671 '0
1233 1619 1289 1672 δέ
1332 1637 1394 1687 γε
1445 1620 1522 1690 (5)
1576 1620 1819 1689 Ὄγδοος
1850 1620 1944 1672 καὶ

378 1711 505 1780 πρὸς
541 1713 668 1774 τοὺς
697 1710 892 1781 πλήθει
926 1711 1073 1781 μόνῳ
1103 1712 1390 1780 κρίνοντας
1423 1710 1522 1782 τὴν
1564 1711 1843 1781 ἀλήθειαν.
1886 1713 1945 1764 '0

379 1804 668 1866 Ἕννιιτος
702 1803 838 1873 πρὸς
886 1803 1013 1865 τοὺς
1063 1803 1355 1870 λέγοντας,
1396 1804 1469 1875 μὴ
1510 1804 1620 1856 δεῖν
1676 1804 1785 1857 άπὸ
1833 1803 1943 1855 τῶν

376 1898 602 1967 Γραφῶν
633 1895 815 1967 ζητεῖν
860 1896 893 1966 ἦ
937 1896 1151 1961 λαλεῖν,
1195 1896 1308 1949 ἀλλ’
1364 1896 1653 1968 ἀρκεῖσθαι
1702 1897 1769 1965 τῇ
1806 1895 1937 1963 παρ’

377 1990 585 2051 ἑαυτοῖς
618 1989 818 2041 πίστει.
868 1988 927 2039 '0
966 1986 1221 2051 Δέκατος
1268 1986 1405 2057 πρὸς
1440 1987 1567 2048 τοὺς
1610 1985 1941 2055 προϐάλλον-

374 2094 468 2142 τας
509 2077 796 2148 κακοήθως
844 2078 939 2144 τὸ,
984 2098 1002 2128 ι
1054 2078 1112 2131 ’0
1139 2079 1311 2144 Λόγος
1348 2077 1483 2147 σὰρξ
1536 2078 1770 2144 ἐγένετο.
1815 2095 1832 2126 ι
1882 2076 1940 2128 '0

391 2169 739 2234 Ἐνδέκατος
789 2167 927 2238 πρὸς
957 2168 1086 2230 τοὺς
1134 2166 1447 2229 κωλύοντας
1481 2165 1572 2219 δύο
1613 2164 1805 2235 φύσεις
1849 2165 1942 2219 ἐπὶ

373 2262 469 2330 τῆς
519 2260 985 2329 ἐνανθρωπήσεως
1035 2257 1422 2326 ἐκλαμϐάνειν.
1485 2258 1544 2310 '0
1606 2255 1944 2321 Δωδέκιιτος

376 2351 512 2422 πρὸς
536 2351 663 2413 τοὺς
695 2350 952 2418 λέγοντας
975 2392 988 2414 ,
1020 2350 1101 2403 ὅτι
1131 2352 1158 2403 ὁ
1187 2348 1361 2417 λέγων
1410 2348 1537 2405 ἄλλο
1572 2348 1669 2418 μὲν
1704 2346 1795 2402 τὸν
1842 2347 1945 2399 Λό-

374 2462 489 2513 γον,
514 2444 640 2498 ἄλλο
661 2443 833 2510 δὲτὴν
863 2445 1066 2515 σάρκα,
1088 2443 1180 2496 δύο
1205 2445 1354 2506 υἱοὺς
1386 2442 1552 2509 λέγει.
1595 2444 1652 2497 Ὀ
1680 2447 1946 2510 Τρισκαι-

373 2528 622 2600 δέκατος
654 2534 787 2604 πρὸς
828 2535 954 2597 τοὺς
980 2533 1241 2601 λέγοντας
1265 2575 1278 2599 ,
1316 2535 1398 2586 ὅτι
1435 2535 1495 2586 τὸ
1526 2534 1618 2585 καὶ
1660 2532 1945 2603 ἄνθρωπον

372 2626 665 2694 γινώσκειν
707 2625 798 2678 τὸν
827 2625 1081 2694 Χριστὸν.
1116 2625 1311 2677 ταυτόν
1352 2625 1466 2676 ἐστι
1494 2624 1571 2695 τῷ
1609 2628 1701 2677 καὶ
1734 2626 1813 2687 είς
1849 2622 1946 2677 ἄν-

374 2718 592 2792 θρωπον
631 2717 775 2789 ἔχειν
802 2717 901 2780 τὰς
936 2717 1252 2779 ἐλπίδας.⁹0
1291 2715 1948 2785 Τεσσαρεσκαιδέκατος

375 2811 514 2882 πρὸς
554 2811 680 2873 τοὺς
714 2809 992 2877 λέγοντας,
1029 2808 1271 2862 Ἔπαθεν
1335 2807 1579 2870 ἀπαθῶς.
1634 2808 1692 2859 '0
1736 2809 1948 2860 Πεντε-

378 2900 730 2964 καιδέκατος
757 2900 891 2967 πρὸς
916 2899 1042 2960 τοὺς
1073 2897 1352 2965 λέγοντας.
1389 2896 1630 2951 Ἔπαθεν
1662 2894 1736 2957 ὼς
1752 2893 1951 2964 ἠθέλη-

381 3009 493 3045 σεν.
536 2992 595 3043 '0
634 2987 1090 3052 Ἐκκαιδέκατος
1121 2986 1253 3057 πρὸς
1276 2987 1403 3049 τοὺς
1435 2986 1715 3055 λέγοντας,
1739 2985 1820 3037 ὅτι
1845 2982 1952 3053 χρὴ

380 3081 635 3152 δέχεσθαι
662 3080 759 3142 τὰς
789 3079 1007 3148 φωνὰς,
1051 3078 1145 3132 καὶ
1184 3078 1260 3148 μὴ
1297 3080 1522 3131 σκοπεῖν
1564 3077 1632 3131 τά
1670 3078 1737 3131 δι’
1771 3078 1952 3130 αὐτῶν

383 3171 767 3242 σημαινόμενα
790 3211 805 3234 ,
839 3170 913 3234 ὡς
944 3170 1152 3231 πάντας
1196 3168 1615 3238 ὑπερϐαίνοντα.
1662 3169 1721 3221 '0
1757 3169 1956 3221 Ἐπταο

377 3263 735 3326 ααιδέκατος
764 3259 899 3332 πρὸς
936 3261 1062 3321 τοὺς
1096 3260 1376 3326 λέγοντας,
1408 3259 1651 3311 Ἔπλθεν
1675 3258 1846 3325 Λόγος
1878 3257 1954 3329 (6)

330 3376 337 3379 ·
381 3354 569 3427 σαρκί.
614 3354 671 3406 '0
728 3349 1265 3414 Ὀκτωκαιδέκατος
1291 3388 1305 3412 ,
1340 3349 1478 3418 πρδς
1509 3350 1636 3409 τοὺς
1660 3346 1962 3416 λέγονταςζ

350 3460 355 3465 ’
385 3445 555 3499 Ποίαν
585 3443 845 3497 δώσουσιν
867 3443 916 3493 οἱ
951 3441 1191 3493 Ἰουδαῖοι
1220 3440 1396 3510 δίκην,
1431 3440 1479 3490 εί
1506 3439 1579 3508 μὴ
1603 3438 1735 3492 Θεὸν
1762 3438 1958 3490 ἐσταύ-

384 3530 608 3605 procax);
644 3534 702 3586 Ὀ
739 3530 1325 3595 Ἐννεακαιδέκατος,
1358 3529 1497 3600 πρὸς
1526 3529 1653 3591 τοὺς
1676 3529 1956 3596 λέγοντας,

395 3625 649 3688 Ἰουδαῖός
688 3626 834 3677 ἐστιν
877 3625 905 3676 ό
958 3623 1032 3694 μὴ
1072 3622 1205 3675 Θεὸν
1252 3620 1634 3691 ἐσταυρῶσθαι
1667 3620 1861 3689 λέγων.
1901 3623 1960 3673 '0

385 3714 688 3778 Είκοστὸς
720 3714 857 3784 πρὸς
903 3715 1027 3775 τοὺς
1059 3712 1317 3780 λέγοντας
1336 3753 1350 3776 ,
1391 3713 1472 3765 ὅτι
1503 3712 1599 3765 καὶ
1625 3712 1847 3780 ἄγγελοι
1871 3712 1961 3764 ἐπὶ

376 3807 483 3861 τοῦ
531 3806 786 3876 Ἀϐραὰμ
831 3805 1104 3868 ἐσθίοντες
1131 3845 1145 3868 ,
1186 3806 1247 3857 οὐ
1299 3805 1519 3868 πάντως
1565 3806 1768 3876 σαρκὸς
1802 3805 1963 3873 φύσιν

382 3897 741 3967 ἐπεφέροντο.
792 3895 848 3948 '0
891 3893 1188 3958 Εἰκοστές
1214 3893 1477 3963 πρῶτος,
1510 3894 1647 3964 πρὸς
1676 3895 1800 3957 τοὺς
1846 3911 1965 3965 σμι-

387 3985 690 4057 κρύνοντας
724 3986 954 4039 ἕκαστον
987 3985 1172 4056 θαῦμα
1196 3985 1273 4054 τῷ
1303 3985 1585 4056 ἀρνεῖσθαι
1628 3985 1725 4055 τὴν
1757 3986 1957 4056 σάρκα.

398 4078 460 4132 '0
486 4076 776 4144 Είκοστὸς
807 4077 1109 4144 δεύτερος,
1142 4077 1279 4146 πρὸς
1300 4076 1427 4138 τοὺς
1456 4075 1965 4146 ζημιοῦνταςήμῶν

381 4170 451 4225 τὺ
478 4169 657 4237 γένος,
696 4167 774 4236 τῷ
814 4166 889 4236 μὴ
917 4166 1115 4234 λέγειν,
1150 4168 1216 4219 ἐκ
1245 4169 1345 4237 τῆς
1372 4166 1588 4234 φύσεως
1622 4165 1781 4236 ἡμῶν
1813 4166 1962 4235 εἰλῆ-

384 4260 526 4331 φθαι
574 4260 672 4328 τὴν
713 4258 987 4327 ἀπαρχήν.
1041 4256 1098 4309 '0
1127 4255 1422 4320 Εἱκοστὸς
1449 4255 1644 4323 τρίτος
1675 4254 1810 4326 πρὸς
1839 4257 1965 4318 τοὺς

381 4352 670 4419 λέγοντας,
706 4348 990 4401 Πιστεύειν
1022 4347 1206 4409 ἁπλῶς
1250 4342 1330 4410 οἷς
1368 4347 1444 4414 (7)
1475 4347 1716 4414 λέγουσι,
1752 4347 1848 4400 καὶ
1891 4346 1966 4417 μὴ

384 4444 680 4498 κατανοεῖν
715 4443 776 4495 τὸ
816 4441 892 4511 (8)
937 4439 1147 4509 πρέπον
1179 4438 1211 4508 ἢ
1263 4438 1532 4509 ἀπρεπές.
1576 4440 1635 4490 '0
1669 4439 1967 4505 Είκοστὸς

2042 619 2310 680 Secundus
2345 643 2470 683 cum
2498 632 2705 687 eisdem
2738 651 2806 690 ex
2859 635 3146 708 Scriptura
3194 640 3437 709 pressius
3483 658 3617 696 con—

2040 711 2306 779 greditur.
2366 716 2568 773 Tertius
2622 721 2690 775 de
2740 723 2929 778 eadem
2978 742 3037 781 re
3081 727 3345 799 disputat.
3381 728 3614 794 Quartus

2044 981 2269 1048 Quintus
2295 987 2682 1045 haereticorum
2708 997 2951 1064 congerit
2976 998 3285 1067 opiniones,
3307 1017 3443 1070 quas
3461 1018 3616 1056 com-

2042 1071 2199 1138 ponit
2252 1088 2377 1127 cum
2432 1077 2691 1145 opinione
2752 1096 2942 1136 eorum
2991 1087 3085 1154 qui
3126 1088 3262 1143 duas
3310 1090 3366 1143 in
3395 1090 3616 1144 Christo

2042 1169 2270 1218 naturas
2325 1181 2436 1221 non
2473 1180 2793 1238 agnoscunt,
2833 1181 2887 1228 et
2937 1178 3180 1231 ostendit
3227 1195 3474 1249 magnam
3523 1197 3619 1236 eos

2045 1251 2190 1308 inter
2231 1271 2289 1311 se
2324 1257 2639 1314 aﬂinitatem
2671 1262 2894 1320 habere.
2936 1267 3146 1338 1055
3192 1266 3380 1325 Sextus
3415 1269 3621 1341 colligit

2045 1359 2216 1399 unum
2266 1362 2387 1403 esse
2451 1350 2651 1406 Filium
2709 1356 3004 1412 Dominum
3059 1362 3075 1380 '
3129 1369 3380 1415 nostrum
3432 1363 3619 1419 Jesum

2044 1433 2342 1524 Christum.
2373 1438 2637 1512 Septimus
2673 1446 2920 1515 epistolae
2959 1449 3142 1504 locum
3183 1460 3372 1506 tenet:
3418 1447 3623 1522 quibus

2045 1527 2302 1583 volumen
2344 1532 2584 1599 primum
2638 1536 2961 1592 absolvitur.
3015 1538 3237 1598 Octavus
3280 1552 3469 1596 contra
3526 1558 3626 1599 eos

2046 1621 2142 1688 qui
2209 1623 2563 1681 multitudine
2622 1627 2885 1683 duntaxat
2941 1631 3230 1690 veritatem
3293 1632 3620 1702 dijudicant.

2046 1710 2229 1769 Nonus
2266 1713 2320 1768 in
2351 1729 2447 1769 eos
2480 1716 2573 1785 qui
2605 1718 2759 1772 aiunt
2788 1736 2897 1773 non
2924 1730 3182 1791 oportere
3222 1739 3288 1777 ex
3318 1723 3629 1793 Scripturis

2050 1815 2294 1869 quasrere
2353 1812 2447 1858 aut
2490 1805 2664 1875 loqui,
2705 1808 2801 1862 sed
2830 1824 2983 1863 suam
3023 1810 3129 1865 sibi
3155 1810 3317 1872 ﬁdem
3345 1811 3619 1867 sutlicere.

2050 1890 2287 1947 Decimus
2324 1894 2380 1948 in
2405 1896 2544 1951 male
2574 1897 2896 1967 objicientes
2936 1900 3108 1955 illud:
3160 1921 3178 1953 ι
3217 1902 3457 1958 Verbum
3490 1918 3622 1957 caro

2046 1978 2250 2035 factum
2298 1990 2381 2035 est
2428 1982 2467 2038 ί.
2500 2002 2518 2035 ι
2584 1985 2896 2041 Undecimus
2948 1989 3212 2045 adversus
3264 1991 3624 2059 prohibentes

2048 2069 2185 2125 duas
2227 2086 2425 2142 capere
2470 2074 2527 2127 in
2580 2074 2955 2133 incarnatione
2991 2086 3238 2135 naturas.
3271 2080 3623 2139 Duodecimus

2050 2164 2108 2218 in
2175 2180 2272 2220 eos
2309 2167 2403 2235 qui
2460 2165 2652 2220 dicunt
2703 2182 2829 2220 eum
2882 2169 2977 2237 qui
3009 2167 3241 2223 allirmat
3296 2170 3447 2229 aliud
3502 2187 3625 2227 esse

2049 2256 2313 2320 Verbum,
2364 2256 2512 2311 aliud
2558 2273 2690 2312 vero
2746 2273 2987 2322 carnem,
3021 2257 3161 2313 duos
3190 2260 3333 2314 ﬁlios
3357 2261 3623 2331 proﬁteri.

2049 2347 2293 2402 Decimus
2329 2350 2512 2402 tertius
2546 2349 2597 2403 in
2648 2365 2744 2404 eos
2795 2350 2890 2420 qui
2919 2350 3110 2404 dicunt
3148 2350 3292 2407 idem
3322 2366 3442 2406 esse
3463 2351 3627 2408 Chri-

2051 2444 2195 2491 stum
2216 2438 2380 2492 etiam
2416 2439 2692 2493 hominem
2715 2455 3032 2509 agnoscere.
3057 2457 3120 2495 ac
3149 2441 3204 2496 in
3222 2441 3444 2499 homine
3462 2444 3627 2498 etiam

2052 2543 2204 2597 spem
2236 2530 2526 2585 collocare.
2567 2531 2810 2585 Decimus
2831 2538 3050 2601 quartus
3075 2532 3131 2585 in
3151 2533 3246 2589 eos
3268 2532 3364 2601 qui
3386 2532 3581 2588 dicunt
3613 2553 3623 2587 :

2052 2617 2251 2673 Passus
2310 2627 2395 2673 est
2446 2620 2563 2673 sine
2593 2621 2865 2689 passione.
2927 2620 3166 2681 Decimus
3197 2623 3408 2693 quintus
3434 2623 3630 2681 adver«

2055 2724 2149 2764 sus
2208 2725 2303 2764 eos
2343 2712 2437 2779 qui
2471 2710 2662 2768 dicunt
2682 2730 2697 2765 ;
2751 2713 2949 2767 Passus
2970 2721 3055 2767 est
3078 2714 3221 2769 sicut
3250 2714 3445 2768 voluit.
3479 2713 3630 2768 Deci-

2056 2817 2171 2853 mus
2223 2808 2398 2857 sextus
2439 2801 2493 2855 in
2524 2816 2618 2855 eos
2657 2801 2751 2870 qui
2779 2802 2971 2857 dicunt
2997 2810 3251 2872 oportere
3296 2818 3460 2860 voces
3487 2804 3634 2858 acci-

2056 2902 2209 2956 pere,
2261 2903 2370 2943 non
2421 2897 2604 2943 autem
2657 2904 2849 2943 earum
2900 2889 3224 2960 signiﬁcata,
3257 2900 3319 2947 ut
3365 2907 3486 2961 quae
3512 2908 3633 2947 om-

2058 2978 2211 3033 nium
2290 2988 2510 3048 captum
2575 2979 2882 3045 excedant,
2951 2981 3321 3041 considerare.
3386 2982 3632 3037 Decimus

2059 3073 2307 3143 septimus
2351 3071 2612 3126 adversus
2666 3072 2910 3127 dicentes
2949 3090 2962 3125 :
3001 3073 3238 3128 Verbum
3281 3090 3382 3144 per
3410 3090 3633 3129 carnem

2062 3176 2281 3231 passum
2327 3171 2430 3217 est.
2467 3162 2711 3217 Decimus
2757 3173 2970 3223 octavus
3027 3173 3219 3219 contra
3274 3181 3369 3221 eos
3406 3166 3500 3235 qui
3551 3165 3636 3220 di-

2059 3258 2192 3304 cunt
2222 3268 2234 3302 :
2268 3252 2415 3317 Quas
2448 3268 2640 3321 pcenas
2671 3252 2880 3307 dabunt
2896 3254 3091 3316 Judaei,
3111 3255 3154 3309 si
3176 3255 3348 3309 Deum
3366 3271 3476 3309 non
3502 3271 3636 3311 cru—

2058 3344 2387 3398 citixerunt?
2413 3342 2656 3397 Decimus
2691 3361 2857 3397 nonus
2889 3346 2944 3399 in
2974 3361 3068 3402 eos
3113 3346 3208 3417 qui
3259 3346 3449 3405 dicunt
3477 3365 3490 3400 :
3534 3348 3636 3405 Ju-

2059 3435 2210 3490 daeus
2256 3434 2302 3489 is
2347 3444 2431 3489 est
2461 3435 2554 3505 qui
2578 3436 2751 3490 Deum
2787 3437 3011 3495 minime
3034 3438 3355 3492 cruciﬁxum
3380 3436 3633 3493 afﬁrmat.

2063 3526 2342 3580 Vicesimus
2386 3526 2442 3581 in
2514 3541 2610 3583 eos
2652 3527 2746 3596 qui
2791 3527 2983 3583 dicunt
3034 3529 3256 3598 angelos
3303 3529 3489 3594 etiam,
3539 3530 3636 3598 qui

2062 3619 2205 3688 apud
2226 3619 2599 3678 Abrahamum
2626 3620 2812 3675 cibum
2835 3628 3207 3689 sumpserunt,
3233 3635 3346 3674 non
3373 3621 3636 3675 continuo

2062 3711 2243 3764 carnis
2296 3719 2548 3766 naturam
2595 3712 2861 3765 attulisse.
2901 3710 3178 3765 Vicesimus
3211 3716 3408 3782 primus
3459 3711 3515 3765 in
3543 3727 3641 3768 eos

2063 3800 2158 3869 qui
2203 3800 2414 3869 singula
2453 3802 2715 3856 miracula
2766 3812 3087 3867 extenuant,
3132 3802 3263 3856 dum
3295 3817 3515 3857 carnem
3536 3818 3641 3858 ne—

2060 3898 2212 3960 gant.
2267 3890 2544 3944 Vicesimus
2583 3891 2839 3945 secundus
2874 3891 3140 3946 adversus
3166 3906 3262 3946 eos
3300 3890 3514 3962 1056
3544 3893 3641 3961 qui

2065 3980 2326 4033 damnum
2374 3981 2620 4050 irrogant
2671 3983 2857 4051 generi
2912 3990 3124 4046 nostro,
3162 3981 3292 4035 dum
3335 3981 3642 4037 concedere

2065 4072 2282 4133 nolunt,
2331 4086 2399 4125 ex
2452 4082 2639 4127 nostra
2689 4083 2884 4129 natura
2917 4081 3164 4143 sumptas
3200 4088 3322 4128 esse
3348 4073 3642 4142 primitias.

2068 4161 2347 4217 Vicesimus
2392 4165 2577 4218 tertius
2644 4165 2698 4218 in
2742 4181 2840 4219 eos
2883 4166 2979 4235 qui
3014 4165 3223 4229 dicunt,
3261 4165 3487 4220 credere
3508 4165 3643 4219 sim-

2066 4253 2284 4323 pliciter
2305 4254 2373 4308 iis
2391 4270 2513 4323 qua:
2532 4255 2744 4319 dicunt,
2771 4266 2826 4310 et
2843 4271 2955 4310 non
2975 4255 3262 4310 attendere
3283 4255 3416 4325 quid
3439 4255 3645 4312 decens

2068 4343 2141 4398 sit
2197 4344 2281 4399 vel
2336 4344 2620 4399 indecens.
2681 4345 2964 4399 Vicesimus
3006 4352 3229 4414 quartus
3262 4343 3524 4398 adversus
3546 4358 3644 4400 eos

2067 4433 2163 4503 qui
2198 4440 2322 4504 post
2355 4434 2666 4504 passionem
2694 4443 2752 4488 et
2779 4433 3157 4488 ascensionem
3190 4441 3512 4487 naturarum
3538 4434 3643 4488 tol-

386 4536 673 4603 τέταρτος
701 4573 715 4596 ,
746 4534 886 4604 πρὸς
916 4533 1041 4594 τοὺς
1075 4530 1450 4601 ἀναιροῦντας,
1475 4533 1573 4599 τὴν
1603 4530 1713 4584 τῶν
1747 4530 1952 4599 φύσεωι

2069 4524 2191 4579 lunt
2232 4524 2618 4579 diﬂerentiam.
2656 4523 2936 4578 Vicesimus
2955 4524 3168 4594 quintus
3215 4523 3528 4578 summatim
3580 4539 3647 4578 ea

384 4626 659 4698 διαφορὰν
692 4624 830 4696 μετὰ
855 4626 915 4678 τὸ
939 4624 1107 4688 πάθος
1133 4623 1228 4677 καὶ
1253 4623 1349 4694 τὴν
1373 4622 1658 4692 ἀνάληψιν.
1709 4621 1767 4675 '0
1792 4624 1960 4676 Elua-

384 4720 545 4787 στὸς
593 4717 864 4788 πέμπτος
890 4757 906 4782 ,
948 4714 1428 4784 ὰνακεφαλαίωσις
1463 4713 1572 4768 τῶν
1616 4713 1759 4767 κατὰ
1802 4713 1967 4783 μέρος

388 4809 698 4880 ῥηθέντων.
747 4809 804 4862 '0
852 4807 1145 4872 Εἱκοστὸς
1194 4805 1367 4871 ἕκτος
1391 4846 1406 4869 ,
1438 4806 1566 4875 περὶ
1606 4805 1708 4874 τῆς
1742 4805 1967 4873 ὓστερον

389 4900 733 4973 μηνυθείσης
768 4897 1068 4961 συνθέσεως
1094 4898 1216 4966 ἦτοι
1247 4896 1673 4960 συνουσιώσεως.
1716 4895 1778 4950 ’0
1806 4897 1971 4949 Elaeo-

380 4991 543 5058 στος
566 4990 814 5060 ἕϐδομος
841 5030 855 5054 ,
886 5007 953 5043 πε
962 4991 1015 5059 pi
1048 4989 1142 5041 τοῦ
1179 4988 1320 5041 κατὰ
1348 4989 1440 5041 τὸν
1468 4989 1646 5041 κοινὸν
1680 4987 1968 5058 ἄνθρωπον

383 5082 819 5151 ὑποδείγματος.
870 5079 1039 5150 Δῆλον
1083 5078 1143 5130 δέ
1172 5078 1266 5133 καὶ
1316 5080 1380 5130 ἐκ
1436 5077 1604 5146 μόνης
1641 5077 1820 5132 αὐτῶν
1869 5079 1968 5148 τῆς

383 5172 711 5234 ὑποθέσεως
731 5213 746 5237 ,
779 5171 923 5222 ποῖοι
951 5168 1061 5220 τῶν
1096 5167 1400 5237 εἰρημένων
1447 5167 1622 5232 λόγων
1659 5165 1719 5219 τὸ
1750 5165 1969 5236 όρθόδο-

382 5263 488 5328 ξον
522 5262 847 5336 κρατύνουσι
878 5259 1153 5330 φρόνημα,
1203 5258 1294 5310 καὶ
1321 5257 1467 5319 τίνες
1496 5255 1833 5309 ἐκκλίνουσιν
1869 5255 1966 5325 (.9).

468 5428 492 5462 ¹
517 5427 673 5485 Joan.
705 5442 745 5491 ι,
779 5424 863 5478 14.

1029 5595 1215 5651 prtem.
1254 5581 1299 5632 ὁ.

497 5651 550 5722 5)
584 5651 642 5709 δέ
667 5671 751 5722 γε.
778 5653 917 5707 Ibid.
941 5651 1016 5704 δέ.

497 5721 550 5809 ε)
582 5721 873 5809 θεωρέειν
900 5721 1160 5809 praem-9;

495 5588 527 5643 ι
579 5584 831 5655 Χριστός.
854 5581 993 5636 Ibid.

470 5584 550 5793 g5;
584 5657 639 5709 δέ
667 5671 751 5722 γε.
778 5653 917 5735 Ibid.
941 5651 993 5703 δέ

497 5727 550 5793 6)
582 5726 710 5790 Λόγ.
739 5723 873 5777 lbld.
903 5738 993 5793 pra

368 5845 372 5848 .
579 5782 832 5860 οἷςξῐὶιὶιι.
870 5782 981 5855 οὒς,
1018 5791 1071 5844 in
1105 5805 1275 5860 marg.
1309 5782 1407 5851 οἷς.

2070 4616 2271 4687 repetit
2303 4631 2424 4686 quae
2451 4632 2550 4686 per
2574 4623 2754 4686 partes
2785 4614 2931 4670 dicta
2962 4623 3108 4669 sunt.
3156 4613 3434 4667 Vicesimus
3468 4622 3646 4667 sextus

2073 4708 2142 4763 de
2189 4706 2630 4776 compositione,
2691 4721 2787 4760 seu
2838 4706 3402 4761 consubstantiatione
3458 4716 3646 4776 postea

2074 4799 2440 4853 manifestata.
2467 4797 2747 4852 Vicesimus
2788 4798 3038 4869 septimus
3069 4796 3138 4852 de
3171 4811 3239 4852 eo
3271 4797 3418 4868 quod
3445 4813 3647 4853 secun-

2077 4891 2208 4945 dum
2253 4903 2602 4944 communem
2645 4884 2922 4945 hominem
2978 4895 3065 4944 est
3106 4890 3375 4959 exemplo.
3426 4889 3647 4944 Clarum

2060 4999 2229 5048 vero,
2252 4983 2340 5038 vel
2363 4998 2431 5038 ex
2460 4984 2578 5037 solo
2600 4989 2944 5053 argumento,
2974 4981 3199 5050 quinam
3220 4980 3653 5061 ex_supradictis

2078 5076 2235 5130 libris
2278 5073 2641 5128 orthodoxam
2693 5073 3054 5128 corroborent
3081 5070 3409 5137 doctrinam,
3443 5070 3658 5141 quiquc'

2079 5167 2147 5220 ab
2168 5181 2232 5221 ea
2259 5164 2565 5221 discedant.

2261 5575 2659 5710 ﬁsegbé'gui'fli
2701 5644 2909 5698 scilicet
2941 5639 3035 5708 qui
3060 5637 3337 5708 oppositas
3367 5644 3663 5691 recensent

2085 5719 2400 5783 sententias,
2434 5725 2489 5770 ut
2524 5716 2662 5770 iiber
2694 5715 2937 5783 quintus.
