4056 6424
488 395 622 463 liti?

773 584 789 588 ..
921 581 926 584 ι
1222 577 1228 609 ,ς
1257 577 1952 608 πω-..μ-..ηψ

1487 389 1974 451 THEODORETI
2012 385 2350 446 EPISCOPI
2387 381 2753 444 CYRENSIS

3572 572 3694 605 π

1990 717 2242 778 INCIPIT

1420 903 1839 1019 ΒΕΑΤΙ
1906 896 2828 1012 THEODOBETI

1603 1140 1749 1226 DE
1823 1133 2485 1224 TRINITATE
2524 1113 2637 1194 (1)·

2093 1333 2167 1346 ﬁ

567 1472 728 1526 Salus
785 1477 968 1523 autem
992 1468 1076 1518 est
1119 1459 1350 1516 scientia
1384 1452 1723 1520 exsistentis,
1758 1453 2073 1510 ex‘sistentis
2102 1461 2145 1516 Α
2176 1457 2385 1520 omnia,
2443 1462 2498 1510 et
2527 1472 2617 1511 res
2648 1471 2778 1512 vere
2809 1456 3118 1512 subsistens
3148 1458 3388 1529 Spiritus
3419 1474 3656 1529 sanctus,
3691 1467 3740 1519 in

495 1576 629 1618 vero
661 1557 998 1629 seientia(2)
1019 1563 1101 1610 est
1121 1555 1285 1614 Deus,
1319 1551 1461 1604 Deus
1491 1535 1672 1602 autem
1703 1556 1787 1601 est
1806 1547 2068 1611 Trinitas,

495 1656 654 1724 cujus
700 1651 952 1706 notitiam
1005 1645 1269 1708 Verbum,
1315 1641 1619 1696 secundum
1651 1638 2072 1694 similitudinem

496 1756 739 1800 nostram
785 1750 982 1813 praeter
1027 1745 1314 1809 peecatUm
1356 1735 1630 1798 factum‘,
1687 1731 1840 1784 dedit
1882 1729 2072 1783 dicens

498 1835 784 1905 discipulis
813 1853 825 1886 :
863 1852 879 1883 ι
904 1832 1129 1890 Euntes,
1153 1828 1346 1882 docete
1362 1839 1556 1878 omnes
1568 1831 1780 1892 gentes,
1797 1821 2074 1890 baptizan-

497 1936 581 1981 tes
622 1939 718 1978 eos
765 1924 821 1976 in
859 1921 1081 1975 nomine
1116 1917 1291 1972 Patris
1343 1922 1398 1968 et
1427 1912 1551 1966 Filii
1597 1921 1653 1966 et
1679 1909 1916 1980 Spiritus
1946 1923 2072 1962 san-

489 2015 632 2070 eti'.
665 2033 684 2064 ι
743 2013 878 2065 Tres
921 2005 1310 2065 subsistentias
1359 2003 1474 2056 sive
1513 2013 1778 2071 personas
1807 1998 2070 2062 ostendit,

490 2098 691 2162 ‘dicens
719 2106 773 2158 in
803 2105 1019 2158 Patrem
1049 2110 1105 2154 et
1133 2101 1186 2153 in
1209 2099 1410 2153 Filium
1431 2101 1758 2149 et'sanctum
1783 2091 2069 2160 Spiritum.

497 2199 797 2266 Propterea
823 2194 972 2248 enim
1006 2193 1170 2246 Pater
1191 2198 1296 2252 est,
1334 2197 1390 2242 et
1417 2201 1528 2239 non
1554 2183 1727 2236 Filius
1755 2197 1930 2250 neque
1953 2181 2075 2250 Spi-

497 2291 672 2354 ritus;
709 2291 765 2343 e't
795 2285 966 2340 Filius
995 2293 1099 2348 est,
1136 2291 1191 2337 et
1216 2295 1395 2349 neque
1423 2278 1583 2331 Pater
1607 2290 1784 2343 neque
1805 2273 2071 2343 Spiritus;

499 2395 558 2436 et
611 2378 851 2449 Spiritus
892 2382 1114 2430 sanctus
1155 2381 1257 2437 est,
1294 2379 1350 2423 et
1379 2383 1556 2438 neque
1585 2369 1745 2421 Pater
1775 2380 1952 2434 neque
1982 2363 2074 2416 Fi-

502 2473 629 2526 lius.
681 2465 1049 2535 Manifestavit
1078 2472 1260 2518 autem
1287 2477 1344 2515 se
1377 2469 1565 2515 sancta
1596 2457 1836 2512 Trinitas
1865 2456 1920 2509 in
1947 2455 2073 2509 Jor-

501 2563 667 2624 dane,
719 2560 882 2613 Patre
927 2563 1182 2618 testante,
1221 2552 1362 2606 Filio
1395 2551 1692 2620 baptizato,
1727 2556 1917 2602 sancto
1949 2546 2076 2614 Spi-

500 2656 611 2710 ritu
645 2652 701 2706 in
731 2648 998 2705 columba:
1029 2645 1211 2715 specie
1241 2641 1629 2698 descendente.
1682 2641 1749 2694 Et
1775 2639 1938 2692 Pater
1966 2653 2074 2690 non

496 2753 622 2800 erat
655 2744 748 2815 qui
779 2739 1183 2812 baptizabatur,
1221 2736 1314 2791 sed
1341 2735 1534 2790 Filius.
1595 2732 1700 2798 Qui
1725 2747 1855 2786 vero
1879 2729 2076 2784 desur--

503 2851 627 2891 sum
677 2834 1004 2893 testabatur,
1027 2845 1139 2883 non
1163 2835 1282 2882 erat
1307 2826 1498 2890 Filius,
1529 2825 1626 2879 sed
1668 2824 1848 2879 Pater.
1888 2823 1956 2876 Et
1983 2820 2077 2890 qui

502 2929 561 2982 in
611 2925 794 2996 specie
842 2921 1111 2978 columba:
1140 2917 1462 2980 descendit,
1510 2931 1620 2969 non
1647 2921 1765 2968 erat
1789 2913 1959 2967 Filius
1983 2911 2078 2980 qui

495 3017 908 3088 haptizabatur,
938 3027 1116 3082 neque
1138 3012 1299 3064 Pater
1325 3007 1419 3077 qui
1443 3007 1510 3062 de
1533 3006 1762 3061 excelsis
1787 3003 2076 3068 clamabat,

496 3110 600 3165 sed
623 3108 864 3178 Spiritus
886 3112 1128 3159 sanctus.
1166 3101 1328 3156 Pater
1352 3100 1498 3154 enim
1531 3098 1599 3152 ab
1624 3095 1858 3150 excelsis
1880 3095 2078 3147 clama-

505 3202 600 3255 bat
651 3216 665 3253 :
721 3218 738 3249 ι
768 3198 868 3251 Hie
897 3203 981 3250 est
1025 3194 1199 3248 Filius
1224 3206 1382 3246 meus
1411 3190 1646 3244 dilectus
1666 3228 1679 3251 ,
1720 3187 1775 3240 in
1802 3201 1911 3256 quo
1937 3185 2080 3239 bene

505 3287 809 3359 eomplacui
831 3287 871 3352 ³,
901 3307 918 3337 ι
940 3285 1120 3339 latens
1141 3281 1382 3338 Verbum
1400 3289 1624 3350 prepter
1648 3280 2081 3334 incarnationem

495 3377 822 3433 ostendens.
886 3375 1059 3429 Filius
1089 3381 1273 3426 autem
1325 3379 1410 3425 est
1443 3371 1786 3424 incarnatum
1815 3370 2078 3433 Verbum,

493 3480 564 3524 ενι
606 3485 636 3522 a
677 3460 884 3522 Joanne
929 3463 1258 3533 baptizatus.
1307 3462 1376 3517 Et
1409 3461 1648 3532 Spiritus
1680 3466 1924 3524 sanctus,
1950 3475 2080 3529 pro-

502 3557 681 3627 priam
706 3556 915 3610 habens
932 3553 1367 3614 subsistentiam,
1390 3549 1736 3604 descendens
1756 3548 2084 3602 ostendeba-

504 3657 598 3702 tur
628 3649 684 3702 in
708 3646 894 3718 specie
917 3644 1183 3699 columba:
1207 3651 1264 3698 et
1289 3655 1618 3712 permanens
1641 3654 1807 3709 super
1829 3653 1978 3692 eum.

530 3762 566 3787 '
623 3754 828 3816 taetra
858 3756 1167 3820 Sabellium,
1203 3754 1438 3826 ejusdem
1465 3753 1603 3807 beati
1629 3751 1957 3806 Theodoreti.

577 3872 844 3943 Arguitur
891 3871 1074 3938 itaque
1107 3868 1423 3922 insensatus
1455 3862 1758 3925 Sabellius,
1796 3861 1891 3931 qui
1917 3877 2082 3916 sensu

503 3966 735 4024 Judaico
758 3964 952 4020 asserit
976 3960 1376 4025 monarehiam,
1411 3957 1764 4028 intelligendo
1789 3965 1846 4013 et
1869 3959 2085 4028 sapien-

494 4061 581 4115 -do
616 4061 832 4115 Patrem
877 4072 990 4112 non
1020 4069 1150 4110 vere
1177 4054 1427 4115 Patrem,
1487 4056 1544 4106 et
1568 4049 1766 4105 Filium
1812 4066 1925 4104 non
1949 4065 2079 4107 vere

2175 1564 2278 1618 quo
2317 1549 2516 1601 omnia.
2575 1548 2807 1618 Propter
2852 1558 2966 1604 tres
3003 1549 3342 1605 substantias
3397 1559 3511 1607 tres
3546 1569 3657 1620 res,
3694 1566 3744 1609 et

2173 1646 2397 1708 propter
2423 1654 2586 1693 unam
2622 1639 2984 1709 eamdemque
3017 1649 3269 1694 naturam
3308 1658 3418 1696 una
3451 1639 3744 1714 eademque

2175 1747 2282 1786 res.
2339 1731 2533 1786 Omnia
2569 1747 2699 1803 ergo
2746 1748 3088 1802 quaecunque
3131 1731 3274 1786 facta
3317 1741 3471 1798 sunt,
3516 1747 3747 1790 asancta

2175 1823 2447 1878 Trinitate
2495 1823 2701 1878 habent
2743 1824 3041 1878 essentiam
3067 1865 3080 1887 ,
3141 1833 3198 1878 ct
3235 1825 3291 1877 in
3333 1841 3398 1878 ea
3430 1823 3748 1879 consistunt.

2181 1934 2198 1967 ι
2227 1915 2410 1970 Verbo
2437 1915 2584 1968 enim
2627 1916 2846 1969 Domini
2879 1917 3017 1987 (hoc
3040 1924 3124 1970 est
3145 1916 3365 1987 Patris)
3414 1917 3539 1972 οωιί
3569 1917 3753 1972 ﬁrmati

2175 2016 2332 2073 sunt,
2392 2018 2449 2063 ct
2494 2008 2703 2077 Spiritu
2737 2009 2849 2063 oris
2875 2011 2992 2079 ejus
3047 2010 3225 2065 omnis
3247 2011 3437 2066 virtus
3464 2026 3652 2065 eorum
3674 2013 3749 2065 ³.»

2174 2097 2439 2152 Dominus
2463 2109 2644 2153 autem
2675 2100 2857 2164 Pater,
2889 2101 3156 2156 Dominus
3180 2109 3375 2156 autem
3403 2110 3461 2156 et
3486 2103 3677 2167 Filius,
3707 2113 3759 2156 et

2173 2189 2440 2245 Dominus
2463 2207 2594 2246 vero
2624 2199 2680 2246 et
2710 2191 2950 2262 Spiritus
2979 2204 3221 2249 sanctus.
3269 2194 3589 2251 Commune
3613 2211 3758 2249 nam-

2175 2298 2282 2353 que
2317 2283 2480 2337 trium
2508 2300 2871 2354 personarum
2897 2295 2982 2342 est
3006 2287 3270 2340 Dominus
3299 2297 3362 2340 et
3389 2287 3559 2342 Deus.
3593 2289 3763 2342 «Deus

2175 2373 2322 2427 enim
2352 2367 2496 2428 Deus
2527 2383 2654 2427 tuus
2683 2374 2948 2429 Dominus
2975 2392 3116 2429 unus
3137 2386 3222 2430 est
3240 2378 3280 2429 ⁸.
3307 2397 3325 2428 ›
3359 2377 3603 2432 Attende
3626 2377 3761 2447 quod

2176 2462 2382 2518 dicitur
2412 2481 2424 2516 :
2468 2463 2622 2519 Unus
2667 2465 2813 2519 Deus
2862 2466 3168 2521 substantia
3205 2476 3381 2536 atque
3411 2480 3633 2536 natura,
3663 2477 3764 2523 lres

2176 2567 2308 2605 vero
2332 2569 2600 2622 persome.
2658 2555 2779 2609 Non
2811 2555 3039 2610 alterius
3064 2567 3277 2612 natura:
3313 2559 3504 2625 Pater,
3559 2569 3614 2613 et
3637 2559 3764 2612 alte-

2177 2643 2292 2697 rius
2313 2644 2502 2710 Filius,
2523 2652 2578 2698 et
2601 2645 2829 2700 alterius
2851 2647 3089 2717 Spiritus
3115 2657 3383 2716 sanctus;
3428 2649 3526 2704 sed
3555 2665 3658 2704 una
3682 2665 3769 2704 na-

2181 2741 2305 2788 tura
2324 2744 2487 2804 atque
2505 2737 2834 2791 substantia.
2855 2739 2988 2792 Nam
3009 2748 3064 2793 et
3085 2741 3352 2794 animalia
3372 2741 3663 2796 rationalia
3681 2756 3767 2796 sex

2185 2827 2296 2880 alas
2339 2827 2619 2895 habentia,
2643 2829 2876 2884 dicendo
2918 2850 2934 2880 ‹
2958 2829 3210 2895 Sanctus,
3247 2841 3508 2898 sanctus,
3548 2843 3764 2888 sanctus

2185 2916 2524 2984 Dominus",
2557 2936 2574 2968 ›
2641 2917 2698 2972 in
2753 2919 2997 2974 trinitate
3043 2935 3421 2990 personarum
3485 2925 3772 2993 praedicant

2186 3011 2477 3064 unitatem.
2541 3009 2738 3065 Unitas
2771 3011 2918 3065 enim
2974 3010 3029 3064 in
3080 3011 3333 3069 trinitate
3381 3013 3770 3086 cognoscitur;

2187 3104 2243 3158 in
2285 3105 2498 3159 unitate
2530 3104 2750 3160 trinitas
2775 3121 2903 3171 una,
2975 3103 3152 3160 deitas
3177 3122 3315 3174 una,
3366 3117 3426 3163 et
3451 3108 3630 3162 virtus
3655 3123 3772 3172 una,

2185 3199 2241 3244 et
2287 3207 2515 3261 regnum
2549 3209 2742 3248 unum.
2803 3193 2959 3259 Quod
2989 3195 3106 3248 vult
3129 3195 3322 3261 Pater,
3357 3198 3483 3251 vult
3511 3197 3774 3263 etFilius,

2185 3282 2304 3338 vult
2331 3292 2387 3337 et
2417 3283 2656 3354 Spiritus
2685 3293 2926 3340 sanctus.
2972 3285 3216 3341 Trinitas
3243 3297 3442 3343 autem
3465 3329 3480 3354 ,
3519 3289 3651 3358 quia
3679 3289 3777 3342 Pa—

2190 3386 2272 3432 ter
2304 3377 2425 3430 Filii
2453 3377 2803 3432 subsistentis
2823 3378 2982 3432 Pater
3004 3386 3109 3442 est,
3128 3387 3184 3432 et
3211 3379 3397 3434 Filius
3430 3379 3781 3437 subsistentis

2187 3467 2364 3522 Patris
2410 3475 2467 3521 et
2513 3467 2704 3532 Filius,
2750 3479 2806 3521 et
2839 3467 3078 3536 Spiritus
3099 3475 3334 3522 sanctus
3368 3469 3684 3526 subsistens
3705 3477 3784 3525 est

2187 3573 2254 3613 ex
2280 3559 2439 3613 Patre
2468 3559 2772 3628 procedens
2800 3567 2855 3611 et
2884 3574 2981 3628 per
3007 3558 3205 3619 Filium
3229 3559 3428 3616 datus.

2476 3671 2707 3740 1056‘
2739 3670 2999 3724 Adversus
3034 3671 3221 3727 Arium
3256 3673 3518 3742 impium.

2258 3780 2368 3838 Sed
2389 3782 2758 3837 necessarium
2787 3782 3007 3851 quidem
3031 3791 3220 3846 estut,
3247 3793 3374 3841 tres
3397 3787 3790 3842 subsistentias

2189 3873 2538 3938 conﬁtendo,
2584 3875 2780 3927 malam
2811 3887 3015 3928 sectam
3041 3875 3155 3929 Arii
3200 3876 3514 3948 fugiamus.
3559 3881 3790 3936 Contra-

2189 3965 2270 4018 ria
2310 3963 2385 4036 (5)
2434 3965 2581 4019 enim
2631 3965 2873 4018 Sabellio
2913 3964 3222 4020 Judaizanti
3258 3984 3514 4040 pergens
3541 3973 3711 4034 viam,
3743 3982 3796 4026 et

2188 4058 2403 4129 fugiens
2430 4058 2827 4124 monarchiam,
2872 4060 2926 4112 in
2958 4063 3262 4116 multorum
3290 4065 3539 4122 deorum
3571 4070 3794 4139 pagani-

505 4149 740 4214 Fiiium,
801 4157 862 4202 et
907 4145 1174 4216 Spiritum
1210 4148 1463 4196 sanctum
1516 4156 1628 4196 non
1656 4155 1786 4196 vere
1814 4140 2083 4212 Spiritum
2112 4137 2155 4195 C
2187 4163 2308 4201 cam
2335 4147 2499 4202 irruit
2525 4148 2863 4218 opinionem,
2895 4150 3282 4208 subsistentias
3311 4168 3532 4214 sanetm
3559 4137 3800 4214 Trinita-

507 4249 794 4307 sanctum;
829 4239 928 4294 sed
946 4236 1178 4291 nomina
1207 4231 1553 4289 solummodo
1585 4233 1704 4288 sine
1731 4233 2079 4298 substantiis,

511 4333 616 4389 tria
669 4333 727 4387 in
770 4347 877 4386 una
927 4344 1162 4399 persona
1201 4327 1522 4397 conjiciens.
1589 4327 1660 4383 Ut
1707 4336 1891 4382 autem
1937 4328 2084 4383 clare

500 4425 866 4494 intelligatur,
925 4420 1178 4490 exemplo
1203 4419 1442 4489 quodam
1474 4429 1599 4475 tene
1627 4417 1704 4490 (5)
1737 4419 1901 4475 istius
1925 4430 2082 4489 pate-

508 4515 773 4570 faciamus
816 4526 1059 4567 sensum.
1121 4511 1213 4566 Ait
1239 4511 1390 4566 enim
1437 4509 1765 4566 Trinitatem
1813 4525 1924 4563 non
1952 4525 2082 4564 vere

509 4604 812 4658 trinitatem
857 4615 1215 4671 personarum
1263 4599 1684 4655 subsistentium
1715 4614 1836 4654 esse
1879 4614 2083 4654 nomen

510 4693 707 4748 Petrus
725 4692 822 4762 (4),
843 4693 898 4744 in
924 4691 1254 4760 baptismate
1280 4706 1412 4746 vero
1440 4689 1707 4753 Andreas,
1729 4690 1862 4744 etin
1889 4690 2086 4743 militia

509 4781 750 4837 Thomas
778 4799 792 4834 :
819 4781 916 4835 sed
938 4796 1047 4836 non
1072 4798 1202 4838 vere
1227 4782 1361 4836 trini
1387 4780 1702 4851 huiusmodi
1729 4780 1951 4834 trinitas
1967 4787 2085 4844 est;

511 4873 798 4926 nominum
839 4887 969 4926 vere
1015 4871 1362 4930 solummodo
1393 4870 1643 4933 trinitas,
1680 4876 1737 4924 et
1763 4884 1876 4923 non
1901 4884 2086 4923 rerum

508 4973 615 5020 est.
667 4965 776 5018 Res
803 4974 986 5020 autem
1038 4982 1167 5021 vere
1197 4963 1504 5020 subsistens
1556 4969 1641 5016 est
1671 4959 1855 5025 Pater,
1893 4977 1956 5016 ea:
1986 4978 2088 5032 quo

512 5053 750 5120 omnia",
802 5063 860 5109 et
906 5073 996 5112 res
1043 5072 1174 5112 vere
1218 5054 1528 5109 subsistens
1553 5051 1755 5114 Filius,
1813 5069 1908 5122 per
1936 5069 2089 5123 quem

585 5210 602 5242 ί
631 5209 796 5265 Hebr.
824 5227 896 5272 IV,
935 5209 1023 5260 lii.

512 5279 533 5309 ⁶
565 5279 724 5334 Deut.
755 5297 827 5344 Vl,
862 5281 926 5341 ὥς
964 5277 1128 5330 Marc.
1158 5291 1251 5338 xu,
1274 5275 1363 5328 29.
1459 5275 1477 5304 ⁷
1517 5275 1620 5327 lsa.
1647 5290 1719 5337 Vl,
1753 5275 1806 5328 '5.

581 5435 672 5507 (1))
692 5426 1014 5507 Ex_litiscctt.
1045 5427 1260 5507 Datum,
1289 5425 1527 5507 tom.IV,
1551 5443 1707 5507 pagg.
1737 5426 1847 5507 ΗΞ.
1866 5425 2076 5507 tutacu—

508 5497 716 5559 sum'in
749 5497 1017 5567 Gallandii
1051 5497 1387 5567 Bibliotheea,
1422 5506 1550 5567 tom.
1580 5497 1669 5562 IX,
1705 5513 1756 5565 p.
1788 5497 1937 5567 416.]

582 5571 788 5644 (2)_Est
831 5565 987 5638 Deus]
1022 5566 1268 5644 Est_Dei,
1315 5565 1448 5644 legit
1487 5565 1793 5644 gotelerius
1837 5567 1892 5620 in
1920 5565 2078 5620 Eccl.

582 5575 659 5695 (2;
693 5575 788 5624 Est
831 5575 987 5638 Deus)
1022 5575 1116 5620 Est
1151 5575 1268 5627 Dei,
1315 5575 1448 5633 legit
1487 5575 1554 5619 ΕΟ

504 5643 603 5700 Cr.
659 5642 890 5698 tonum,
925 5637 1163 5703 tom.lll,
1195 5651 1318 5704 pag.
1336 5635 1450 5704 _560
1493 5634 1554 5688 C.

583 5710 656 5780 (⁸5)
693 5701 1355 5780 Exemploquodam—terte]
1390 5704 1643 5774 Exemplo
1664 5706 1892 5776 quodam
1918 5707 2080 5769 tenui,

511 5781 598 5834 vel
630 5777 805 5851 (tene).
844 5777 916 5831 ιι).
948 5777 1080 5834 ibid.

1099 5209 1118 5238 ²
1149 5204 1339 5259 Matth.
1367 5219 1554 5264 xxvm,
1593 5203 1678 5256 19.
1757 5205 1775 5234 ³
1798 5201 1988 5260 Matth.
2021 5220 2096 5272 tu,
2136 5210 2221 5263 l7.

2187 4239 2261 4294 tis
2309 4240 2366 4294 in
2418 4255 2583 4295 unam
2641 4242 2861 4298 deitatis
2905 4245 3265 4301 substantiam
3316 4265 3440 4303 non
3477 4252 3795 4314 intendens,

2189 4331 2286 4387 sed
2309 4341 2534 4388 naturas
2559 4349 2614 4389 et
2635 4335 2970 4391 substantias
2994 4346 3283 4393 extraneas
3312 4342 3618 4412 subjectas
3643 4343 3801 4397 alter-

2191 4427 2370 4491 utris,
2428 4427 2602 4482 Deum
2640 4444 2897 4499 magnum
2946 4431 3247 4496 deﬁniens,
3333 4444 3396 4488 et
3448 4452 3655 4504 parum
3703 4434 3797 4502 (6)

2185 4525 2244 4571 et
2274 4517 2580 4574 minimum.
2639 4519 2785 4590 Fuge
2809 4521 3312 4577 insensibilitatem.
3365 4524 3630 4596 Fugiens
3657 4525 3801 4581 enim

2185 4620 2306 4658 rem
2361 4605 2758 4676 incongruam,
2810 4607 3272 4679 incongruentius
3323 4613 3596 4668 advenit.
3629 4616 3804 4668 intro-

2187 4697 2346 4752 duxit
2368 4697 2514 4750 enim
2534 4699 2653 4753 sine
2672 4700 2876 4755 foedere
2887 4701 3138 4771 prmlium
3157 4712 3368 4758 sanetae
3385 4704 3690 4769 Ecclesiae,
3707 4705 3802 4760 Dei

2189 4785 2388 4838 Filium
2419 4785 2764 4859 minorando.
2803 4790 3035 4860 Respice
3061 4791 3244 4861 itaque
3274 4797 3586 4861 quomodo
3615 4796 3806 4850 Sabel-

2189 4875 2299 4928 lius
2324 4877 2545 4944 quidem
2579 4878 2794 4949 fugiens
2821 4883 3012 4936 Arium
3042 4881 3262 4938 Judmus
3291 4891 3386 4938 cst
3412 4886 3631 4952 factus,
3665 4903 3804 4958 quo-

2191 4965 2355 5020 modo
2380 4977 2563 5022 autem
2589 4970 2753 5026 Arius
2788 4973 3086 5028 Sabellium
3119 4974 3337 5044 fugiens
3373 4992 3648 5048 paganus
3672 4979 3805 5032 eﬂ‘e-

2191 5065 2314 5111 etus
2355 5068 2457 5113 est.
2517 5059 2612 5115 Ille
2660 5062 2932 5132 siquidem
2979 5063 3459 5133 uniprincipium,
3523 5069 3626 5123 hie
3677 5083 3808 5121 vero

2308 5211 2328 5241 '*
2363 5211 2522 5265 Rom.
2561 5229 2634 5278 χι,
2667 5214 2766 5282 '56;
2805 5216 2824 5271 ἰ
2859 5215 2987 5271 Cor.
3012 5234 3124 5284 vm,
3158 5219 3211 5273 6.
3270 5219 3290 5250 ⁵
3333 5220 3498 5278 Psal.
3532 5240 3710 5289 xxxii,
3755 5223 3805 5278 6.

2258 5425 2660 5520 fe’fi'fﬁ
2685 5435 2829 5520 εἰςι]
2865 5431 2995 5507 ch.
3027 5439 3114 5520 Ait
3151 5441 3655 5520 enim_trinitatem
3695 5464 3813 5520 per—

2184 5517 2440 5588 sona-rum
2467 5505 2864 5588 subsistentiuin
2897 5505 3027 5588 esse.
3062 5510 3278 5588 thnefi
3284 5511 3528 5584 Petrus,
3559 5523 3618 5572 in
3641 5505 3814 5588 bapti-

2187 5579 2356 5646 amate
2376 5588 2506 5646 gero
2545 5573 2808 5646 Andreas,
2847 5585 2894 5628 et
2925 5579 2978 5630 in
3011 5579 3202 5632 militia
3237 5573 3528 5641 Thomas:
3566 5573 3808 5646 lo.ibid.

2363 5639 2672 5714 Contraria]
2696 5638 2823 5714 Leg.
2841 5651 3202 5730 contrariam.
3218 5651 3290 5730 In.
3310 5638 3812 5731 ibid:

2285 5709 2316 5760 (›
2378 5709 2604 5778 Parum]
2637 5713 2767 5778 Leg.
2800 5732 3044 5778 parvum.
3084 5719 3159 5773 In.
3189 5719 3336 5774 ibid.

2285 5709 2337 5777 (5)
2378 5709 2604 5783 Parum]
2637 5709 3044 5786 Legfparvum.
3084 5719 3159 5773 In.
3189 5719 3336 5774 ibid.
