4056 6430
348 377 487 441 1269

1686 372 1778 435 DE
1815 370 2225 435 TBINITATE
2249 409 2262 423 -

3502 377 3627 441 170‘

345 483 839 556 multiprincipium
885 482 1128 555 alligavit
1150 480 1251 554 (7).
1292 481 1391 537 Est
1432 490 1615 536 autem
1654 481 1834 537 media
1868 488 1926 536 et
1954 501 1999 556 Α
2026 485 2386 541 ascendamus
2411 486 2478 549 ad
2507 489 2985 545 ratiocinationem
3003 490 3244 545 divinam
3268 491 3623 546 sanctaTri-.

343 592 473 631 vere
500 574 699 645 regalis
726 573 835 637 via,
886 581 943 627 et
967 574 1035 628 ab
1058 574 1165 628 hoc
1204 580 1262 628 et
1283 573 1352 628 ab
1379 572 1475 627 illo
1498 572 1797 627 abstinere.
1835 571 1928 626 Ait

343 667 490 722 enim
519 683 533 718 :
570 686 589 717 ι
609 666 731 721 Non
755 665 1062 721 declinabis
1090 665 1159 721 ad
1188 664 1472 719 dexteram
1501 672 1599 717 aut
1621 663 1924 718 sinistram.

345 759 444 816 Via
472 758 640 829 regali
664 758 924 829 pergeh
960 756 1179 827 Regalis
1205 765 1389 809 autem
1415 755 1504 809 via
1523 762 1630 819 est,
1661 763 1721 809 ut
1744 769 1926 823 neque

347 850 569 906 Sabellii
598 849 942 904 continuatio
972 850 1125 904 velut
1153 847 1406 902 confusio
1432 846 1790 916 suscipiatur,
1825 860 1927 899 ne-

348 957 455 1012 que
472 941 586 996 Arii
608 940 811 995 divisio
830 958 844 993 :
864 939 960 995 sed
984 938 1285 993 credantur
1308 947 1420 991 tres
1438 934 1661 1005 quidem
1677 935 1930 989 substan-

348 1034 439 1088 tize
486 1031 601 1087 sive
639 1047 910 1102 personat,
959 1046 1072 1084 non
1108 1038 1292 1084 autem
1333 1043 1443 1081 una
1472 1025 1758 1081 Trinitatis
1796 1025 1929 1081 sub-

349 1125 623 1188 sistentia,
669 1124 979 1179 secundum
1008 1123 1304 1179 Sabellium
1328 1162 1344 1187 ,
1397 1129 1455 1176 et
1486 1135 1594 1174 una
1621 1118 1930 1175 substantia

348 1232 447 1275 seu
472 1226 669 1272 natura
697 1215 1084 1279 conﬁteantur,
1118 1223 1177 1269 et
1201 1229 1313 1269 non
1343 1220 1457 1267 tres
1485 1219 1699 1266 naturae
1730 1225 1931 1265 secun-

349 1307 481 1362 dum
525 1308 737 1361 Arium.
776 1304 917 1373 Quia
942 1321 1072 1360 vero
1122 1304 1334 1360 incerta
1381 1311 1511 1358 sunt
1548 1300 1934 1372 ignorantibus

350 1411 475 1466 qua:
515 1395 803 1458 dicuntur,
855 1392 1003 1463 quod
1053 1400 1139 1447 est
1179 1400 1379 1447 natura
1412 1399 1469 1446 et
1493 1388 1801 1445 substantia
1835 1404 1933 1447 seu

349 1501 585 1557 persona
634 1485 720 1539 vel
766 1483 1159 1550 subsistentia;
1212 1480 1586 1537 necessarium
1613 1489 1698 1535 est
1749 1478 1937 1534 dehis

352 1579 599 1632 breviter
622 1577 940 1647 explanare.
982 1574 1261 1630 lnerudite
1283 1588 1518 1643 namque
1552 1571 1711 1627 multi
1742 1587 1800 1626 se
1834 1571 1934 1625 ha-

354 1669 551 1724 bentes
575 1667 905 1736 delinquunt
925 1666 1074 1721 circa
1094 1673 1337 1720 sanctam
1359 1664 1690 1723 Trinitatem
1716 1670 1774 1717 et
1789 1662 1936 1717 circa

354 1762 694 1816 incarnatam
726 1758 1192 1829 dispensationem
1221 1758 1390 1812 unius
1422 1756 1492 1811 de
1533 1755 1804 1810 Trinitate
1842 1754 1937 1809 Dei

2027 576 2215 631 nitatis
2237 579 2493 633 universa
2527 580 2904 636 transilientis.
2936 582 3084 636 Nihil
3110 582 3259 637 enim
3278 591 3601 637 naturarum

2026 666 2335 735 aequabitur
2361 667 2639 735 Creatori,
2700 671 2831 727 licet
2860 672 3083 743 aliquod
3114 688 3306 728 eorum
3333 687 3457 742 quae
3477 680 3611 731 sunt

2027 754 2169 809 facta
2217 769 2464 813 sumatur
2494 762 2805 830 exemplum
2863 774 3088 834 propter
3140 764 3464 819 brevitatem
3500 778 3603 816 no-

2029 856 2197 902 stram
2233 849 2288 903 in
2331 858 2474 905 terra
2496 853 2796 921 iacentium
2839 862 2897 908 et
2924 854 3295 909 erudientium
3328 855 3481 910 velut
3510 869 3609 923 per

2029 936 2292 1006 quasdam
2320 938 2603 1009 imagines.
2642 940 2734 994 Ait
2760 941 2906 995 enim
2931 940 3289 1011 Cantiloquus
3321 958 3336 995 :
3378 962 3396 993 ‹
3428 942 3607 995 Etiam

2030 1026 2086 1082 in
2119 1026 2355 1098 imagine
2379 1030 2623 1087 ambulet
2644 1030 2812 1089 homo
2828 1032 2902 1096 ’,ι
2932 1047 3043 1086 non
3067 1040 3128 1087 ut
3149 1034 3411 1088 consistat
3433 1049 3609 1103 usque

2032 1117 2089 1177 in
2128 1118 2254 1183 hoc,
2310 1120 2407 1174 sed
2450 1122 2728 1191 iaculatur
2757 1121 2834 1192 (9)
2866 1131 3051 1177 mente
3093 1139 3121 1178 a
3154 1124 3508 1179 sensibilibus
3539 1124 3610 1179 ad

2034 1209 2423 1280 intelligibilia.
2481 1211 2696 1269 Sanctae
2722 1213 2892 1284 igitur
2921 1213 3210 1268 Trinitatis
3254 1230 3362 1268 una
3387 1215 3610 1283 quidem

2032 1311 2119 1358 est
2170 1311 2366 1359 natura
2420 1313 2585 1375 atque
2629 1305 2958 1365 substantia.
2992 1306 3324 1362 ‘Commune
3353 1316 3438 1363 est
3464 1310 3613 1364 enim

2035 1393 2202 1448 trium
2248 1395 2579 1461 substantia,
2638 1412 2754 1453 non
2798 1405 2980 1452 autem
3033 1415 3142 1453 una
3174 1399 3477 1454 substantia
3516 1416 3611 1456 seu

2034 1500 2395 1555 personarum
2442 1488 2621 1544 Patris
2670 1497 2728 1547 et
2773 1489 2899 1544 Filii
2934 1500 2992 1545 et
3024 1490 3265 1561 Spiritus
3290 1493 3464 1547 sancti
3500 1501 3616 1548 tres

2036 1577 2428 1637 subsistentize.
2460 1577 2690 1648 Oportet
2712 1579 2880 1650 igitur
2907 1581 3313 1638 desiderantem
3340 1584 3617 1653 spiritales

2036 1665 2259 1723 divitias
2314 1677 2371 1724 et
2413 1668 2689 1725 volentem
2733 1670 3175 1729 Christianorum
3207 1673 3459 1744 dogmata
3492 1675 3616 1727 vin-

2038 1758 2257 1825 dicare,
2305 1775 2491 1815 rerum
2526 1776 2637 1815 non
2673 1761 2925 1832 ignorare
2952 1762 3176 1832 proprie
3200 1778 3344 1830 esse,
3379 1780 3448 1819 ne
3472 1765 3617 1819 forte

356 1851 546 1916 Verbi,
581 1850 895 1905 nescientes
929 1849 1063 1919 quid
1091 1855 1176 1903 est
1202 1856 1402 1902 natura
1438 1856 1497 1901 et
1520 1844 1848 1909 substantia,
1881 1853 1939 1898 et
1971 1847 2010 1901 Β
2038 1851 2190 1906 aliud
2219 1867 2319 1925 pro
2342 1853 2452 1908 alio
2482 1852 2797 1923 intelligens
2824 1854 2972 1909 circa
2994 1854 3250 1925 dogmata
3271 1864 3481 1925 peccet.
3512 1855 3618 1922 Qui

353 1942 489 2014 quid
504 1949 591 1999 est
610 1940 917 1998 substantia
935 1949 1100 2011 atque
1116 1955 1371 2010 persona.
1388 1938 1599 1993 Natura
1614 1944 1668 1992 et
1682 1937 1938 1995 substan-

353 2035 434 2091 tia
477 2035 536 2091 in
560 2034 713 2089 nullo
736 2032 1230 2105 signiﬁcativorum
1253 2029 1521 2085 differunt
1555 2027 1664 2082 nisi
1691 2025 1935 2081 nomine.

351 2127 559 2183 Natura
603 2127 753 2182 enim
795 2123 1101 2181 substantia
1138 2130 1247 2178 est.
1303 2119 1623 2176 Substantia
1654 2126 1712 2174 et
1738 2125 1939 2172 natura

352 2220 414 2276 in
466 2220 620 2275 nullo
670 2216 1162 2290 signiﬁcativorum
1211 2213 1475 2269 diﬁ‘erunt
1528 2211 1636 2266 nisi
1689 2209 1936 2265 nomine.

352 2311 674 2368 Substantia
709 2310 857 2366 enim
889 2320 975 2365 est
1011 2321 1266 2379 persona.
1324 2304 1430 2360 Sed
1478 2310 1675 2363 natura
1713 2301 1932 2373 quidem

350 2412 412 2459 et
460 2401 767 2460 substantia
820 2400 927 2457 hoc
970 2398 1118 2470 quod
1148 2406 1236 2453 est
1264 2409 1554 2452 commune
1605 2393 1939 2463 signiﬁcant.

351 2495 595 2551 Persona
616 2508 751 2549 vero
777 2502 836 2547 et
858 2491 1170 2547 substantia
1189 2489 1265 2562 (8)
1293 2486 1440 2558 quod
1464 2486 1753 2559 proprium
1771 2485 1942 2558 signi.

352 2587 539 2645 ﬁcant.
576 2586 742 2641 Velut
780 2598 891 2639 una
936 2593 994 2639 et
1032 2581 1343 2637 communis
1371 2579 1619 2635 omnium
1652 2578 1939 2633 hominum

351 2687 554 2733 natura
596 2682 684 2731 est
736 2683 901 2745 atque
941 2672 1283 2737 substantia;
1320 2669 1681 2727 subsistentia
1708 2684 1844 2723 vero
1885 2675 1942 2723 et

351 2784 627 2845 persona,
682 2767 1095 2839 uniuscujusvls
1124 2765 1365 2820 hominis
1394 2764 1701 2835 proprium.
1739 2762 1808 2816 Et
1829 2776 1943 2816 non

353 2861 619 2933 quoniam
670 2858 1108 2915 innumerabiles
1158 2872 1412 2928 personae
1463 2865 1521 2912 et
1570 2855 1944 2911 subsistentia:

353 2959 489 3007 sunt
521 2951 832 3016 hominum,
866 2958 1161 3021 propterea
1190 2946 1625 3003 innumerabiles
1652 2952 1709 3000 et
1734 2951 1944 2998 naturae

355 3045 477 3100 sive
504 3042 845 3099 substantiae.
900 3041 1018 3097 Una
1050 3055 1288 3110 namque
1333 3051 1390 3094 et
1418 3038 1611 3094 eadem
1636 3036 1944 3092 substantia

356 3144 526 3205 atque
572 3142 770 3188 natura
824 3131 970 3203 apud
1019 3130 1309 3195 homines,
1370 3138 1428 3182 et
1472 3144 1585 3183 non
1629 3127 1802 3183 altera
1837 3133 1942 3180 est.

358 3228 431 3286 Et
457 3243 649 3282 rursus
680 3241 790 3281 non
816 3224 1076 3295 quoniam
1105 3239 1215 3279 una
1242 3231 1300 3278 et
1328 3221 1523 3277 eadem
1553 3231 1746 3276 natura
1775 3229 1944 3288 atque

357 3318 671 3376 substantia
699 3316 946 3372 omnium
977 3315 1264 3370 hominum
1284 3321 1387 3379 est,
1415 3321 1707 3383 prapterea
1731 3327 1839 3366 una
1862 3319 1949 3365 est

358 3410 480 3465 sola
526 3424 759 3479 persona
814 3422 914 3462 seu
948 3404 1304 3461 subsistentia
1356 3402 1607 3458 omnium
1636 3400 1944 3458 hominum.

359 3501 583 3557 Scimus
622 3500 773 3555 enim
825 3499 1073 3554 diversas
1106 3511 1373 3567 personas
1403 3494 1712 3558 hominum,
1746 3500 1806 3547 et
1836 3508 1948 3547 non

360 3606 552 3647 unam.
617 3589 815 3644 Petrus
842 3587 992 3643 enim
1045 3593 1102 3641 et
1128 3584 1368 3642 Jacohus
1415 3590 1470 3639 et
1502 3584 1744 3639 Joannes
1778 3597 1951 3638 unum

360 3684 591 3753 quidem
637 3689 835 3738 natura
865 3687 922 3735 et
953 3677 1292 3742 substantia,
1331 3675 1636 3732 secundum
1665 3675 1812 3745 quod
1846 3673 1951 3728 ho-

361 3776 547 3832 mines
598 3782 760 3838 sunt;
824 3787 938 3826 non
990 3778 1177 3825 autem
1225 3785 1399 3823 unum
1461 3766 1820 3823 subsistentia
1865 3766 1954 3821 vel

363 3882 626 3941 persona.
667 3865 958 3936 Proprium
986 3864 1135 3917 enim
1161 3869 1292 3917 sunt
1320 3859 1542 3932 singuli.
1580 3860 1780 3914 Petrus
1803 3857 1953 3913 enim

367 3976 482 4016 non
507 3966 593 4014 est
616 3956 853 4013 Jacobus
876 3964 971 4010 aut
992 3955 1253 4010 Joannes.
1283 3952 1550 4007 Similiter
1571 3959 1756 4005 autem
1778 3958 1837 4004 et
1856 3950 1957 4004 ho-

368 4066 497 4107 rum
528 4049 729 4119 singuli
777 4062 888 4102 non
915 4053 1045 4102 sunt
1069 4043 1217 4116 quod
1241 4044 1400 4098 alius.
1453 4041 1681 4112 Propria
1701 4041 1850 4094 enim
1872 4046 1957 4094 est

371 4139 783 4212 uniuscujusvis
812 4153 1045 4208 persona
1096 4152 1194 4192 seu
1242 4133 1624 4191 subsistentia.
1680 4131 1831 4187 Idem
1855 4146 1956 4184 au-

375 4242 486 4289 tem
530 4227 979 4284 immutabilitate
1021 4234 1234 4281 naturas
1265 4226 1384 4281 sive
1408 4222 1748 4281 substantiae.
1800 4221 1958 4288 Quod

372 4322 524 4378 enim
558 4300 644 4376 e'st
668 4321 865 4374 Petrus
890 4324 1109 4382 natura,
1141 4316 1248 4370 hoc
1275 4325 1333 4370 et
1355 4314 1595 4371 Jacobus
1622 4321 1679 4369 et
1698 4312 1956 4372 Joannes.

376 4411 533 4479 Quod
560 4419 743 4465 autem
773 4417 858 4464 est
885 4409 1082 4463 Petrus
1107 4405 1486 4466 subsistentia.
1521 4418 1700 4474 neque
1724 4402 1961 4457 Jacobus

2037 1940 2187 1995 enim
2219 1950 2471 1999 naturam
2504 1950 2561 1997 et
2584 1956 2878 2011 personam
2906 1943 3053 1999 idem
3076 1958 3197 1999 esse
3222 1944 3498 2016 intelligit,
3526 1956 3627 2008 aut;

2038 2034 2095 2089 in
2119 2033 2235 2091 Arii
2260 2033 2585 2089 divisionem
2610 2035 2823 2102 incidit,
2839 2046 2935 2091 aut
2955 2036 3008 2090 in
3031 2037 3409 2093 confusionem
3435 2038 3623 2094 Sabel-

2036 2126 2119 2180 lii.
2151 2125 2316 2181 Arius
2339 2127 2511 2191 enim,
2540 2134 2653 2181 tres
2671 2128 3063 2183 subsistentias
3084 2129 3297 2195 dicens,
3321 2138 3434 2185 tres
3453 2132 3641 2196 etiam,

2039 2216 2178 2273 dicit
2228 2225 2474 2272 naturas.
2555 2218 2830 2275 Sabellius
2879 2229 3094 2285 autem,
3151 2237 3316 2276 unam
3368 2231 3646 2287 naturam;

2040 2306 2255 2373 dicens,
2310 2324 2477 2363 unam
2526 2308 2675 2365 dicet
2724 2316 2781 2364 et
2821 2311 3258 2367 subsistentiam.
3314 2314 3464 2369 Idem
3493 2330 3648 2385 ergo.

2041 2397 2166 2452 dure
2188 2398 2426 2453 haereses
2451 2406 2581 2453 sunt
2605 2401 2852 2470 perpessi
2880 2401 3021 2473 (l0),
3070 2405 3330 2472 quoniam
3371 2413 3629 2459 naturam

2041 2496 2099 2543 et
2122 2488 2536 2544 subsistentiam
2560 2489 2707 2545 idem
2728 2506 2850 2546 esse
2875 2502 3229 2561 putaverunt,
3257 2494 3388 2550 licet
3409 2505 3629 2551 contra-

2042 2578 2138 2633 riae
2191 2578 2477 2633 alterutris
2521 2579 2873 2649 dogmatibus
2903 2596 3027 2637 esse
3060 2583 3370 2638 videantur.
3429 2584 3651 2648 Sanctar

2042 2685 2173 2725 vero
2194 2670 2458 2735 Ecclesia,
2495 2671 2703 2741 optime
2727 2672 2982 2742 dogmata
3016 2689 3047 2727 a
3074 2674 3350 2745 principio
3374 2691 3624 2742 servans.

2043 2759 2351 2815 certissime
2392 2761 2548 2815 novit
2594 2777 2789 2818 causas
2830 2763 3147 2820 discernere
3171 2807 3186 2831 ,
3246 2781 3411 2820 unam
3438 2754 3639 2825 dicens

2044 2860 2248 2907 sanctze
2291 2851 2583 2909 Trinitatis
2633 2869 2756 2911 esse
2796 2864 3087 2923 naturam,
3153 2872 3268 2912 non
3302 2873 3467 2913 unam
3495 2860 3629 2913 sub-e

2046 2944 2355 3000 sistentiam
2389 2943 2553 3000 sicuti
2581 2938 2894 3015 Sabellius;
2930 2949 3027 3004 sed
3053 2957 3167 3004 tres
3189 2949 3414 3019 quidem
3443 2951 3641 3009 dicens

2046 3036 2456 3103 subsistentias,
2507 3053 2621 3092 non
2674 3047 2789 3094 tres
2829 3048 3074 3109 naturas,
3129 3041 3276 3097 sicut
3318 3043 3503 3098 Arius.
3565 3044 3633 3098 Et

2050 3145 2216 3184 unam
2237 3138 2491 3185 naturam
2517 3130 2691 3196 novit,
2718 3132 2865 3201 quod
2892 3148 3184 3191 commune
3203 3143 3307 3200 est,
3332 3134 3637 3190 subsistens

2049 3220 2181 3277 tiam
2202 3234 2336 3275 vero
2366 3235 2477 3275 non
2505 3236 2691 3287 unam,
2717 3223 2861 3292 quod
2890 3226 3196 3295 pr0prium.
3223 3225 3468 3281 Dieendo
3487 3227 3636 3280 enim

2050 3328 2213 3369 unam
2244 3321 2520 3380 naturam,
2563 3313 3067 3371 indivisibilitatem
3100 3316 3365 3387 prtedicat
3393 3316 3638 3373 Trinita-

2051 3403 2122 3457 tis
2155 3421 2168 3456 :
2201 3402 2435 3458 dicendo
2462 3411 2646 3458 autem
2678 3412 2791 3460 tres
2820 3405 3233 3473 subsistentias,
3263 3405 3636 3461 inconfusibi~

2051 3493 2264 3548 litatem
2314 3494 2604 3550 Trinitatis
2636 3497 2902 3567 agnoscit.
2967 3496 3123 3553 Multi
3163 3505 3348 3553 autem
3377 3497 3639 3552 Ecclesiae

2052 3582 2552 3654 ﬂliorum,propter
2571 3586 2931 3641 reverentiam
2947 3602 3042 3642 seu
3062 3586 3410 3642 formidinem
3424 3586 3639 3642 discere

2052 3673 2417 3742 declinantes,
2445 3693 2512 3732 ex
2540 3676 2845 3747 ignorantia
2871 3687 3103 3749 peccant
3130 3679 3277 3741 circa
3308 3679 3638 3735 Trinitatem

2053 3774 2109 3822 et
2155 3767 2300 3823 circa
2354 3769 2694 3825 incarnatam
2729 3770 3219 3841 dispensationem.
3275 3772 3642 3828 Christianis-

2055 3858 2228 3915 simus
2269 3859 2419 3931 (Η)
2464 3869 2649 3916 autent
2693 3878 2824 3917 vere
2867 3872 2952 3919 est
2987 3864 3218 3919 scientia
3260 3864 3643 3921 inenarrabilis

2054 3959 2258 4006 sach
2287 3950 2575 4008 Trinitatis
2631 3970 2644 4005 :
2693 3969 2794 4023 per
2821 3953 2965 4008 hanc
2988 3962 3232 4010 sanctam
3258 3955 3544 4010 scientiam
3574 3955 3644 4008 ab

2057 4039 2365 4109 ignorantia
2419 4042 2688 4098 liberatur
2726 4042 2859 4116 (12).
2919 4043 3094 4101 Homo
3147 4047 3324 4116 gratia
3372 4046 3518 4101 ﬁlius
3544 4047 3645 4100 Dei

2057 4141 2305 4198 vocatur,
2346 4132 2644 4205 detergens
2672 4136 2921 4191 maculas
2947 4146 3303 4207 peccatorum
3355 4154 3455 4207 per
3476 4153 3651 4207 opera

2058 4223 2222 4289 bona,
2244 4238 2313 4278 ex
2337 4225 2544 4295 quibus
2568 4227 2842 4297 praecipue
2866 4238 3096 4298 purgata
3119 4244 3275 4285 mens
3298 4228 3359 4283 fit
3378 4229 3646 4300 suscepti-

2060 4313 2193 4369 bilis
2220 4323 2422 4371 sanctae
2457 4315 2746 4377 Trinitatis
2773 4324 2831 4371 et
2857 4318 3109 4379 unitatis.
3144 4317 3467 4372 Trinitatem
3491 4333 3648 4373 nam—

2062 4418 2170 4472 que
2216 4419 2574 4474 personarum
2618 4405 3041 4469 subsistentium
3113 4406 3431 4477 hujusmodi
3464 4422 3657 4476 mens,‘

378 4518 561 4572 neque
593 4502 835 4557 Joannes
860 4511 965 4558 est.
1007 4502 1161 4556 Alter
1188 4499 1337 4555 enim
1370 4506 1456 4553 est
1484 4498 1700 4559 Petrus,
1737 4501 1793 4548 et
1820 4493 1961 4549 alter
1993 4519 2036 4574 υ
2064 4491 2122 4549 id
2150 4504 2239 4549 est
2290 4502 2346 4555 et
2372 4494 2429 4549 in
2447 4495 2609 4552 Patre
2661 4505 2718 4552 et
2739 4496 2878 4557 Filio
2925 4507 2983 4553 et
3006 4497 3211 4568 Spiritu
3235 4508 3427 4553 sancto
3453 4514 3647 4553 susce-

377 4593 657 4657 Jacobus,
714 4593 961 4662 alterque
1010 4592 1272 4648 Joannes.
1340 4588 1638 4644 Probatum
1667 4592 1753 4640 est
1794 4584 1962 4655 igitur

377 4685 640 4757 quoniam
663 4701 772 4739 non
798 4685 940 4740 idem
963 4693 1050 4740 est
1071 4691 1270 4739 natura
1294 4690 1348 4736 et
1373 4678 1752 4743 subsistentia.
1781 4690 1960 4753 neque

379 4778 526 4833 idem
555 4777 862 4832 substantia
891 4785 1055 4846 atque
1082 4789 1337 4847 persona.
1375 4771 1525 4828 Idem
1552 4779 1737 4830 autem
1764 4777 1961 4829 natura

378 4877 438 4925 et
457 4868 765 4924 substantia
785 4867 933 4939 quod
952 4880 1243 4922 commune
1263 4872 1319 4919 et
1336 4879 1449 4917 non
1477 4861 1762 4934 proprium
1790 4858 1962 4930 signi-

380 4963 530 5026 ﬁcat,
559 4972 615 5016 et
637 4961 782 5016 idem
804 4975 1038 5031 persona
1058 4954 1487 5013 etsubsistentia
1512 4953 1658 5024 quod
1681 4952 1965 5024 proprium

378 5063 439 5110 et
466 5069 579 5108 non
598 5068 891 5108 commune
917 5050 1179 5106 declarat.
1219 5044 1451 5105 Educati
1474 5044 1750 5117 siquidem
1778 5049 1836 5098 et
1858 5044 1969 5100 sic-

381 5145 468 5201 uti
494 5144 688 5200 dicunt
713 5143 1027 5215 exemplum
1054 5138 1358 5196 secundum
1384 5137 1665 5193 hominem
1689 5142 1971 5190 sumentes
2070 5145 2332 5206 tanquam
2380 5136 2590 5202 factura
2643 5148 2701 5194 et
2749 5147 3026 5205 creatura.
3075 5139 3197 5196 Non
3234 5141 3449 5203 alienus
3471 5148 3677 5205 autem,

465 5330 669 5388 ‘Num.
703 5347 816 5397 χιι,
846 5328 939 5391 22.

463 5462 541 5602 ἓξ)
573 5460 853 5546 Λιιῐφαυὶει
873 5462 1010 5547 μιᾳ.
1037 5458 1309 5532 allegavit.
1350 5458 1427 5514 In.
1457 5457 1593 5541 ibid.

521 5532 540 5602 )
575 5531 961 5602 Submtenna]
1025 5532 1106 5587 Ita
1141 5530 1316 5602 codex
1342 5528 1593 5602 Cprbetet

485 5528 540 5602 8)
575 5528 922 5604 Subsisten'tia
940 5528 1106 5604 ]'rlta
1141 5528 1316 5604 codex
1342 5528 1712 5604 Cprbeiensis.
1783 5528 1965 5583 Bello-

384 5599 641 5658 vaeensis
693 5611 752 5659 et
778 5603 867 5657 hic
914 5599 970 5658 e't
997 5603 1053 5657 in
1079 5601 1338 5658 omnibus
1370 5599 1539 5655 ferme
1566 5601 1705 5661 locis
1729 5614 1967 5669 sequen-

282 5682 297 5691 '
388 5673 543 5731 tibus
572 5673 740 5727 habet
763 5673 1081 5727 substantia.

468 5741 895 5812 (9)”Jaculatur]
928 5743 1059 5812 Leg.
1084 5740 1383 5795 Iaculetur.
1423 5738 1499 5794 In.
1524 5737 1665 5812 ibid.
1701 5738 1752 5812 δέ

470 5741 547 5808 (9)
580 5741 865 5797 Jaculatur
928 5743 1059 5812 Leg.
1084 5741 1383 5795 Iaculetur.
1423 5741 1499 5794 lu.
1532 5741 1665 5793 ibid.
1701 5741 1752 5791 b.

470 5809 587 5885 (10)
628 5741 901 5885 Ρενρεδεὶὶ
956 5812 1138 5877 Forte,
1185 5826 1460 5883 perpetrm.
1523 5810 1590 5867 Et
1638 5809 1796 5879 paulo
1826 5816 1975 5876 ante,

2066 4585 2150 4658 pit
2184 4603 2197 4638 :
2240 4606 2258 4636 ι
2284 4586 2587 4642 Veniemus
2608 4587 2780 4654 enim,
2817 4588 2998 4658 inquit
3021 4589 3286 4654 Trinitas,
3317 4597 3375 4644 et
3405 4589 3647 4644 mansio-

2068 4694 2195 4737 nem
2222 4679 2492 4736 faciemus
2532 4681 2678 4750 apud
2714 4697 2841 4737 eum
2862 4684 2926 4736 '°.
2957 4702 2975 4734 ι
3035 4682 3139 4739 Ubi
3164 4683 3313 4738 enim
3344 4684 3536 4750 Filius,
3570 4683 3649 4738 ibi

2067 4780 2124 4828 et
2167 4772 2329 4827 Pater
2374 4780 2433 4827 et
2475 4771 2716 4842 Spiritus
2757 4786 3000 4831 sanctus.
3065 4773 3148 4829 Sit
3181 4782 3366 4829 autem
3397 4775 3650 4830 nobisin

2066 4863 2320 4934 exemplo
2354 4863 2522 4924 homo
2576 4864 2645 4919 ad
2688 4863 2981 4935 imaginem
3009 4865 3105 4921 Dei
3148 4875 3204 4920 et
3230 4866 3653 4929 similitudinem,

2067 4954 2265 5010 factus.
2322 4951 2520 5010 Servat
2542 4957 2690 5010 enim
2721 4955 2777 5009 in
2798 4956 3155 5026 semetipsum
3192 4966 3447 5027 tanquam
3473 4957 3653 5027 imago

2068 5045 2191 5116 ejus
2216 5047 2375 5117 cujus
2394 5054 2477 5101 est
2508 5046 2688 5119 imago
2712 5047 3152 5104 similitudinem.
3186 5047 3291 5104 Sed
3319 5049 3548 5104 inferior
3569 5060 3655 5104 es:

1015 5330 1035 5362 ⁹
1058 5329 1202 5384 Psal.
1232 5342 1457 5393 xxxvm,
1488 5327 1543 5381 Ἰ.
1620 5325 1666 5358 ¹⁶
1692 5324 1853 5382 Joan.
1884 5340 1995 5393 xw,
2018 5324 2112 5387 25,

2074 5475 2241 5513 unam
2269 5457 2414 5511 dicit.

2076 5599 2111 5611 η
2138 5526 2258 5611 ,(μ)
2297 5526 2827 5599 Christianissimus}
2876 5526 3011 5594 Leg.
3055 5524 3508 5580 Christianismus.
3576 5522 3667 5591 lea

2075 5598 2259 5751 mla?)
2298 5643 2595 5751 liberatur.
2637 5666 2803 5751 Homo
2846 5662 3154 5751 _e'tc.}__l:e_g.
3190 5663 3442 5719 liberatur
3468 5662 3665 5745 lima;

2080 5735 2278 5808 gratia,
2310 5736 2454 5817 ﬁlius
2488 5738 2582 5799 Dei
2610 5743 2855 5801 vocatur;
2887 5735 3134 5801 lofibid,

3705 4862 3713 4919 ἐ
