4056 6426
418 386 545 452 1ἱ71

1387 386 1871 447 THEODORETI
1910 385 2249 445 EPISCOPI
2286 384 2650 444 CYRENSIS

3533 378 3673 444 1172

412 519 442 554 a
495 501 593 557 Dei
634 502 949 572 cognitione
977 511 1091 567 est,
1154 502 1287 557 licet
1317 516 1428 555 non
1450 501 1847 557 exsistentibus
1876 500 1988 572 (15)
2024 507 2067 562 Α
2096 506 2187 553 tur
2231 498 2605 553 subsistentiis
2627 541 2641 564 ,
2704 513 2836 554 vere
2878 498 3115 554 trinitas.
3172 498 3487 554 Secundum
3516 499 3672 568 quod

413 594 653 647 danante
679 592 962 649 Creatore.
997 593 1314 648 intellectus
1332 601 1539 659 autem,
1573 602 1630 647 et
1657 594 1759 647 iste
1784 608 1987 647 secun-

412 685 543 737 dum
568 683 891 739 interiorem
917 685 1218 751 hominem,
1253 700 1366 739 non
1390 692 1546 739 extra
1568 684 1838 739 rationem
1860 700 1990 753 gen—

413 772 706 845 tibus(ls).
746 774 991 844 Namque
1012 784 1099 829 est
1124 776 1439 831 intellectus
1462 776 1715 829 rationis.
1753 775 1859 829 Sed
1888 790 1988 829 ne-

411 880 518 932 que
542 872 695 918 extra
718 865 1007 935 Spiritum.
1033 869 1132 922 Est
1150 868 1300 922 enim
1324 867 1636 921 intellectus
1656 867 1984 936 intelligens,

410 964 467 1008 ct
498 956 898 1021 ratiocinatrix,
954 968 1011 1011 et
1034 959 1263 1028 spiritus
1292 959 1470 1028 palam
1496 958 1719 1020 faciens,
1772 966 1827 1010 et
1853 972 1985 1009 con-

409 1046 704 1116 templatur
744 1048 891 1119 (15)
942 1057 998 1103 et
1044 1050 1352 1104 substantia
1402 1050 1507 1104 tria
1530 1048 1980 1120 proprietatibus.

407 1134 560 1189 Mens
588 1136 736 1189 enim
766 1152 862 1192 seu
895 1138 1355 1210 intellectus(46),
1389 1148 1547 1209 pater
1575 1139 1767 1203 verbi;
1818 1138 1985 1192 habet

378 1210 554 1276 ‘enim
578 1225 807 1278 verbum
840 1228 1125 1297 proprium
1160 1228 1217 1281 in
1244 1228 1565 1282 abscondito
1593 1242 1700 1280 una
1720 1242 1844 1280 eum
1870 1228 1983 1297 spi-

408 1314 519 1368 ritu
567 1317 813 1384 proprio.
876 1317 1125 1371 Movetur
1162 1318 1309 1372 enim
1354 1325 1411 1371 et
1441 1317 1800 1371 ratiocinatur
1827 1334 1984 1373 mens

407 1404 466 1459 in
503 1405 721 1473 spiritu.
778 1407 930 1461 Mens
951 1416 1131 1461 autem
1167 1408 1314 1462 aliud
1337 1417 1423 1462 est
1462 1415 1662 1477 praeter
1690 1409 1979 1463 rationem.

406 1492 478 1550 Et
502 1495 699 1549 iterum
746 1496 889 1550 ratio
919 1514 1028 1551 non
1062 1506 1145 1552 est
1168 1514 1343 1563 mens,
1387 1499 1689 1553 secundum
1713 1500 1862 1569 quod
1892 1516 1983 1555 ra-

407 1587 486 1641 tio
510 1597 612 1642 est.
652 1588 759 1643 Sed
782 1589 994 1659 singula
1032 1591 1344 1661 singulatim
1366 1599 1793 1661 cognoscuntur.
1830 1593 1982 1647 Inse-

403 1677 674 1745 parabilia
700 1694 829 1733 vero
857 1688 987 1733 sunt
1018 1680 1214 1734 horum
1240 1681 1455 1751 singula
1482 1681 1829 1735 naturaliter.
1865 1683 1982 1737 Una

403 1768 549 1822 enim
578 1769 902 1824 substantia.
937 1769 1043 1824 Sed
1068 1786 1200 1835 non,
1231 1772 1492 1841 quoniam
1518 1786 1628 1825 una
1652 1771 1977 1837 substantia,

2089 607 2199 648 non
2228 600 2512 663 separatur
2543 590 2872 656 substantia,
2916 606 3047 646 vere
3076 589 3258 645 unitas
3283 599 3388 645 est.
3436 590 3541 655 Qui
3568 606 3669 645 au-

2090 693 2199 738 tem
2229 684 2394 753 hujus
2419 682 2525 737 favi
2551 683 2865 737 suavissimi
2894 685 3112 752 gustum
3139 697 3251 736 non
3273 680 3504 746 habent,
3530 681 3672 735 divi-

2088 788 2173 828 nae
2228 773 2666 828 ratiocinationis
2725 773 3038 842 inexpertes
3087 773 3458 838 exsistentes,
3520 772 3668 826 illusi

2088 866 2329 920 humano
2360 865 2581 935 spiritu,
2620 873 2877 934 tanquam
2906 864 3191 928 animales,
3223 879 3334 918 non
3360 864 3672 932 suscipiunt

2086 973 2208 1027 quae
2242 956 2484 1026 Spiritus
2524 957 2621 1011 Dei
2665 956 2875 1011 sunt“.
2914 955 3160 1010 Stultitia
3185 955 3333 1009 enim
3365 955 3448 1009 eis
3474 964 3580 1019 est,
3613 965 3673 1009 et

2086 1047 2228 1101 scire
2258 1063 2368 1101 non
2398 1056 2649 1117 possunt.
2703 1046 2873 1099 Aiunt
2892 1046 3040 1100 enim
3077 1062 3091 1094 :
3129 1044 3186 1099 Si
3224 1045 3345 1108 tria,
3392 1044 3672 1114 quomodo

2086 1138 2292 1191 unum?
2342 1146 2400 1192 et
2443 1138 2487 1191 si
2532 1153 2728 1201 unum,
2763 1136 3043 1206 quomodo
3071 1135 3213 1189 tria?
3245 1135 3546 1204 incongrua
3577 1150 3670 1188 ra-

2087 1229 2235 1282 tione
2283 1244 2454 1282 unum
2507 1228 2882 1298 percipientes
2931 1235 2989 1282 et
3028 1228 3151 1281 tria.
3207 1226 3265 1281 Si
3297 1241 3468 1279 unum
3495 1226 3669 1289 enim,

2086 1319 2285 1389 inquit,
2321 1334 2429 1374 una
2453 1319 2564 1390 (19)
2607 1319 2988 1382 subsistentia,
3025 1328 3081 1373 et
3118 1334 3230 1372 non
3260 1327 3409 1383 tres;
3462 1317 3506 1371 si
3538 1332 3672 1371 vero

2086 1410 2189 1463 tria
2209 1451 2224 1474 ,
2278 1420 2393 1465 tres
2435 1409 2767 1465 omnimodis
2797 1410 3135 1474 substantiae,
3170 1417 3226 1463 et
3247 1424 3358 1463 non
3387 1424 3516 1462 una.
3554 1407 3673 1461 Non

2084 1503 2230 1555 enim
2263 1503 2523 1572 possibile
2553 1510 2656 1568 est,
2712 1502 2910 1571 inquit,
2958 1516 3128 1555 unum
3165 1515 3288 1555 esse
3314 1501 3440 1567 tria,
3489 1514 3673 1568 neque

2086 1608 2302 1647 rursum
2355 1594 2457 1647 tria
2504 1598 2677 1646 tinum
2733 1610 2746 1645 :
2798 1607 2907 1645 non
2954 1592 3391 1661 contemplantes
3420 1589 3671 1646 subtilis-

2085 1684 2237 1738 simis
2264 1685 2519 1739 sensibus
2542 1682 2650 1754 (20)
2680 1683 3120 1737 scelestissimam
3140 1681 3250 1754 (21)
3281 1682 3527 1737 scientiae
3545 1697 3674 1751 pro-

2083 1758 2433 1828 funditatem.
2487 1773 2799 1828 Secundum
2834 1773 2967 1843 quid
2995 1789 3163 1827 unum
3187 1773 3292 1826 tria
3320 1782 3377 1827 et
3402 1772 3535 1841 quid
3554 1772 3667 1844 (22)

404 1873 511 1913 una
540 1875 759 1929 quoque
801 1863 1128 1931 proprietas.
1187 1863 1306 1918 Non
1347 1864 1515 1930 enim,
1564 1863 1826 1933 quoniam
1869 1871 1980 1919 tres
2014 1858 2053 1911 Β
2085 1866 2188 1919 tria
2226 1879 2430 1930 unum;
2491 1864 2793 1919 secundum
2845 1864 2991 1933 quod
3043 1863 3464 1918 immutabiliter
3501 1863 3672 1917 habet

400 1950 797 2023 proprietates,
862 1960 973 2007 tres
1017 1968 1237 2023 quoque
1288 1955 1630 2009 substantiae.
1684 1954 1805 2009 Non
1828 1956 1975 2008 enim

399 2048 557 2095 erant
600 2042 701 2096 tria
743 2059 936 2108 unum,
986 2045 1033 2099 si
1058 2053 1168 2100 tres
1190 2054 1376 2100 essent
1404 2046 1758 2113 substantia};
1797 2062 1976 2116 neque

401 2146 571 2186 unum
603 2132 727 2198 tria,
764 2132 810 2188 si
842 2149 948 2187 una
978 2135 1304 2204 proprietas.
1340 2134 1587 2190 Ascende
1614 2137 1723 2206 jam
1756 2151 1977 2191 sumens

397 2222 699 2278 scabellum
730 2233 981 2279 nostrum
1002 2226 1311 2295 exemplum
1339 2227 1407 2280 ad
1430 2227 1579 2280 illam
1600 2236 1838 2281 mentem
1856 2243 1979 2296 qua:

396 2314 543 2368 ultra
571 2315 757 2368 omnia
788 2325 896 2379 est,
919 2316 1013 2384 qui
1044 2332 1175 2371 vere
1206 2317 1367 2371 Pater
1392 2327 1478 2371 est
1502 2326 1556 2371 et
1577 2317 1817 2372 Verbum
1841 2317 1975 2389 (17).

393 2401 477 2456 lbi
519 2404 667 2456 enim
716 2420 845 2458 vere
870 2413 956 2459 est
983 2407 1167 2461 unitas
1196 2407 1462 2461 trinitatis
1481 2447 1495 2471 ,
1551 2415 1607 2461 et
1637 2408 1853 2461 trinitas
1881 2423 1977 2461 ve-

396 2508 457 2547 re
481 2502 566 2548 est
591 2494 840 2550 unitatis.
873 2497 1168 2566 Propterea
1193 2499 1339 2552 enim
1366 2498 1545 2562 Pater,
1571 2499 1841 2553 exsistens
1866 2498 1976 2569 (18)

395 2583 757 2640 subsistentia
784 2627 799 2649 ,
857 2586 1298 2656 inseparabiliter
1336 2589 1502 2643 habet
1538 2589 1736 2643 Filium
1766 2597 1821 2643 et
1852 2588 1978 2658 Spi-

395 2674 587 2727 ritum.
616 2674 686 2728 Et
706 2675 896 2741 Filius,
924 2676 1096 2731 Filius
1119 2678 1391 2732 exsistens
1414 2677 1794 2742 subsistentia,
1827 2678 1975 2732 inse-

392 2765 713 2833 parabiliter
745 2767 912 2821 habet
942 2767 1160 2823 Patrem
1200 2778 1257 2823 et
1282 2768 1570 2839 Spiritum.
1635 2769 1705 2822 Et
1736 2768 1977 2837 Spiritus

394 2864 637 2920 sanctus,
692 2855 934 2926 Spiritus
966 2858 1238 2914 exsistens
1266 2858 1643 2923 subsistentia,
1694 2860 1979 2928 insepara-

394 2947 582 3002 biliter
606 2947 773 3002 habet
799 2948 1017 3003 Patrem
1044 2960 1100 3003 et
1121 2949 1342 3003 Filium.
1378 2950 1448 3004 Et
1470 2959 1756 3019 separatur
1779 2964 1980 3003 unum-

394 3037 676 3107 quodque,
699 3044 884 3093 etnon
907 3051 1217 3109 separatur.
1250 3040 1564 3097 Secundum
1587 3041 1735 3113 quod
1758 3057 1978 3111 separa-

467 3189 507 3221 ¹¹
541 3190 564 3245 l
595 3188 721 3247 Cor.
757 3208 815 3258 ιι,
850 3194 936 3249 14.
1016 3195 1058 3227 ¹²
1092 3193 1220 3265 Sap.
1252 3210 1325 3260 vi,
1360 3194 1444 3249 17.
1530 3195 1574 3227 ⁸³
1603 3196 1729 3266 Sap.
1764 3212 1803 3263 ι,
1829 3196 1884 3251 2.

464 3343 577 3421 (15)
615 3345 736 3401 Νοη
777 3348 995 3421 mist]
1053 3349 1184 3421 Leg.
1234 3365 1297 3405 ea:
1326 3366 1432 3405 non
1461 3352 1844 3406 exsistentibus.
1896 3350 1971 3407 lo.
2004 3356 2050 3418 C

392 3415 576 3628 unﬁt)
620 3486 889 3562 Gentibus]
921 3488 1050 3561 [ἐς.
1084 3490 1379 3562 agentibus.
1416 3489 1494 3544 in.
1527 3489 1663 3545 ibid.

490 3554 575 3628 15)
615 3556 687 3611 Et
719 3561 1109 3628 contemplatur
1137 3558 1272 3628 ete.]
1311 3559 1441 3628 Leg.
1473 3569 1522 3612 et
1551 3570 1663 3614 cont

719 3554 1272 3643 contemplatar'eteq
1311 3559 1522 3643 [teget
1551 3559 1923 3643 contemplator
1952 3577 1970 3623 .-

390 3633 442 3677 et
468 3628 994 3700 attain_substantia‘,
1038 3631 1143 3700 tria
1174 3628 1601 3700 proprietatibus.
1642 3631 1718 3685 In.
1752 3628 1884 3685 ibid.
1917 3646 1966 3685 c.

393 3761 406 3774 .
464 3694 574 3774 (16)
602 3695 750 3774 Mens
764 3699 1066 3774 enim__e_te.]
1097 3694 1234 3755 Vide
1256 3694 1675 3768 Theodoritum,
1693 3700 1970 3771 quaest.20

390 3762 450 3818 in
477 3762 751 3820 Genesim.
791 3767 865 3821 In.
899 3768 1034 3823 ibid.

462 3831 575 3905 (17)
616 3832 718 3899 Qui
746 3837 888 3909 vere]
917 3838 1047 3928 Leg.
1081 3841 1207 3908 quia
1237 3856 1374 3896 vere.
1416 3840 1491 3895 In.
1526 3840 1660 3896 ibid.

2085 1956 2152 2009 ad
2185 1955 2535 2024 semetipsam
2570 1954 2816 2008 Trinitas
2852 1970 2959 2008 una
2989 1964 3187 2009 natura
3213 1954 3504 2016 cxsistens,
3536 1969 3667 2023 pro-

2084 2054 2207 2117 pter
2251 2047 2356 2101 hoc
2394 2062 2564 2099 unum
2607 2046 2866 2100 Trinitas.
2927 2046 3101 2099 Porro
3159 2045 3466 2099 secundum
3518 2046 3666 2115 quod

2085 2151 2196 2189 non
2221 2151 2328 2188 una
2354 2149 2590 2204 persona
2623 2134 2719 2188 sed
2748 2142 2859 2189 tres
2885 2134 3106 2188 trinitas
3128 2174 3143 2198 ,
3194 2149 3326 2188 vere
3349 2141 3435 2187 est
3457 2134 3666 2193 unitas.

2084 2225 2301 2280 trinitas
2324 2225 2575 2295 personis
2595 2240 2705 2278 non
2728 2225 3057 2290 substantia,
3076 2234 3132 2279 et
3151 2226 3337 2278 unitas
3355 2224 3671 2280 substantia

2074 2332 2186 2393 non
2237 2317 2505 2383 personis.
2569 2316 2886 2371 Secundum
2927 2315 3077 2369 aliud
3102 2330 3236 2370 vero
3262 2315 3515 2381 trinitas,
3556 2316 3664 2371 tri-

2075 2414 2221 2468 nitas
2244 2454 2258 2478 ,
2295 2420 2351 2467 et
2380 2411 2685 2467 secundum
2728 2410 2879 2467 aliud
2914 2411 3119 2476 unitas,
3154 2411 3341 2464 unitas
3361 2418 3467 2464 est.
3506 2409 3671 2465 Alius

2076 2503 2225 2557 enim
2277 2512 2335 2557 et
2376 2502 2517 2557 alius
2566 2510 2623 2557 et
2667 2502 2827 2556 alius.
2889 2501 3029 2555 Tres
3071 2501 3219 2556 enim
3271 2500 3664 2555 subsistentia.

2076 2592 2197 2647 Non
2219 2600 2401 2647 autem
2435 2593 2585 2647 aliud
2612 2601 2670 2648 et
2699 2593 2847 2647 aliud
2877 2601 2935 2648 et
2956 2591 3126 2647 aliud.
3156 2591 3275 2647 Una
3297 2591 3444 2645 enim
3467 2598 3668 2644 natura

2076 2689 2239 2753 atque
2281 2682 2588 2737 substantia
2626 2691 2731 2737 est.
2776 2701 2794 2732 ι
2818 2681 2977 2736 Clare
3021 2696 3155 2735 vero
3187 2678 3432 2735 ostendit
3461 2688 3668 2733 semet-

2075 2775 2250 2844 ipsam
2277 2775 2484 2829 veritas
2521 2775 2882 2830 credentibus
2901 2774 2965 2826 η.
2994 2772 3283 2827 Invenitur
3310 2772 3459 2826 enim
3484 2771 3553 2825 ab
3583 2771 3670 2825 eis

2059 2865 2172 2935 qui
2211 2881 2324 2920 non
2370 2874 2584 2920 tentant
2630 2880 2749 2920 eam
2775 2907 2789 2930 ,
2826 2872 2883 2920 et
2912 2871 3141 2934 apparet
3185 2877 3299 2917 non
3336 2860 3667 2917 discteden-

2076 2956 2225 3011 tibus
2246 2957 2350 3011 sibi
2372 2957 2431 3008 ’³.
2448 2977 2465 3007 ι

2153 3352 2264 3425 (18)
2307 3346 2596 3425 Propterea
2620 3354 2758 3407 enim
2772 3349 2937 3425 Pater
2958 3346 3234 3425 exsistens]
3259 3348 3391 3425 _Leg.
3418 3346 3664 3419 Propter—

2082 3436 2144 3476 ea
2162 3421 2313 3475 'enim
2344 3421 2525 3486 Pater,
2557 3422 2721 3476 Pater
2749 3423 3017 3475 assistens.
3060 3422 3132 3479 In.
3160 3421 3297 3475 ibid.

2157 3492 2269 3563 (l9)
2315 3491 2454 3563 Una]
2484 3491 2670 3563 Codex
2700 3491 3134 3563 B_el_lovac._dua.

2174 3558 2263 3630 20)
2304 3558 2761 3630 Scelestissimum]
2785 3560 3121 3630 Legendum,
3145 3558 3659 3630 excellentissimam.

2173 3627 2263 3700 21)
2304 3627 2764 3700 Scelestissimum]
2799 3627 2927 3700 Leg.
2959 3628 3492 3700 selectissimam._ln.
3519 3627 3657 3681 ibid.

2171 3697 2263 3771 22)
2304 3701 2376 3755 Et
2405 3699 2566 3771 quid]
2623 3697 2764 3770 Leg.‘
2787 3710 2834 3753 et
2864 3697 3151 3753 secundum
3180 3698 3325 3768 quid.
3386 3697 3453 3771 Et
3482 3712 3607 3750 mox
3642 3710 3658 3771 ς

2079 3765 2294 3842 propter
2320 3765 2602 3824 hoc'unuin
2658 3765 2945 3852 :.'trini_t'as
2976 3785 3153 3852 porro,
3193 3765 3491 3852 secundum
3520 3765 3662 3852 quod

2080 3836 2189 3895 non
2208 3857 2316 3895 una
2332 3854 2579 3910 persona,
2598 3840 2688 3894 sed
2704 3849 2829 3893 tres.
2845 3836 3073 3893 Trinitas
3091 3853 3209 3892 vere
3234 3847 3308 3892 est
3332 3836 3659 3903 unitas,’etc.

2259 4030 3637 4061 r—W

404 4036 2569 4069 Μ

918 4241 1981 4420 ΒΕΑΤΙἸῚΙ

2082 4242 3129 4424 ΕΟΒΟΗΕΤΙ

1743 4538 2083 4607 EPISCOPI
2120 4541 2298 4601 CYRI
3172 4562 3183 4567 ’

1588 4724 2456 4852 EPISTOLZE.

859 5076 1329 5160 1057-1059
1365 5076 1456 5140 DE
1506 5074 1763 5138 LATINA
1808 5076 2150 5137 VERSIONE
2208 5074 2694 5135 EPISTULARUM
2738 5075 3181 5136 THEODORETI

1483 5220 1904 5286 ADMONITIO
1945 5224 2094 5285 JAC.
2150 5188 2551 5284 SIRMONDI.

462 5340 739 5413 Epistolas
762 5341 1096 5400 Theodoreti
1129 5342 1392 5397 Vaticano
1429 5358 1495 5397 ex
1520 5343 1708 5398 codice
1753 5343 2107 5412 depromptas
2138 5341 2433 5396 Latinitate
2482 5340 2715 5394 donarat
2761 5340 3060 5396 Federicus
3112 5341 3330 5406 Metius,
3381 5341 3436 5394 in
3488 5351 3653 5394 usum

391 5450 449 5497 et
480 5436 713 5510 gratiam
745 5437 1042 5493 cardinalis
1074 5436 1318 5499 Baronii,
1352 5436 1446 5505 qui
1476 5435 1673 5490 harum
1717 5435 1927 5503 aliquot
1972 5433 2123 5502 juxta
2176 5433 2466 5488 Metianam
2512 5431 2659 5486 illam
2708 5431 3024 5487 versionem
3070 5432 3261 5487 retulit
3305 5431 3361 5486 in
3406 5429 3654 5487 Annales

392 5527 824 5590 ecclesiasticos.
850 5530 994 5598 Quid
1028 5547 1093 5587 ea
1120 5531 1308 5585 Roma:
1340 5536 1530 5598 postea
1568 5527 1771 5582 factum
1810 5526 1883 5579 sit
1932 5524 2229 5587 nescimus,
2285 5523 2393 5577 nisi
2448 5522 2594 5592 quod
2650 5522 2707 5576 in
2760 5523 2942 5578 lucem
2996 5531 3210 5578 constat
3259 5538 3369 5578 non
3424 5522 3650 5578 exiisse.

396 5619 667 5689 Quocirca
699 5634 824 5675 cum
852 5621 1102 5677 Graecum
1136 5619 1415 5688 exemplar
1437 5618 1672 5672 alterum
1700 5614 1894 5669 eodem
1924 5629 1989 5667 ex
2016 5613 2164 5668 l‘onte
2187 5614 2451 5668 Vaticano
2472 5612 2829 5671 illustrissimi
2857 5612 3274 5683 doctissimique
3304 5612 3649 5667 Arelatensis

400 5708 805 5779 archiepiscopi
827 5711 1099 5769 beneﬁcio
1123 5711 1270 5767 nacti
1297 5724 1563 5771 essemus,
1601 5707 1747 5777 quod
1788 5708 1841 5760 in
1876 5707 1978 5760 hac
2032 5705 2271 5761 editione
2319 5711 2796 5774 repraesentamus,
2831 5720 2899 5759 ne
2944 5704 3135 5759 Latina
3179 5704 3362 5760 versio
3410 5703 3651 5766 deesset.

410 5806 541 5874 quia
563 5801 794 5858 Metiana
827 5805 1172 5872 rarebamus,
1213 5810 1451 5857 nostram
1488 5799 1890 5856 substituimus.
