4056 6432
356 392 490 457 H73
1760 401 2118 461 EPISTOLA
2157 404 2205 462 1..
3469 397 3620 464 ΠΊᾶ

1361 655 1822 720 TESTIMONIA
1872 661 1970 722 DE
2013 664 2140 722 HIS
2186 663 2592 723 EPISTOLIS.

997 791 1317 864 Nicephorus
1343 795 1431 849 lib.
1459 814 1546 853 xw
1572 799 1840 866 Historiae,
1867 819 1986 874 cap.
2020 805 2109 868 54,
2143 803 2448 858 Theodoreti
2483 820 2645 874 opera
2678 820 2960 860 recensens.

355 904 361 962 ἕ
433 904 543 957 Καὶ
569 903 877 970 ἐπιστολαῖς
915 907 972 960 δὲ
1003 909 1192 962 τούτου
1235 912 1376 982 ὑπὲρ
1445 918 1803 981 πεντακοσίας
1845 919 1933 972 ὲν-

2003 971 2008 986 ,
2108 923 2283 994 Ilujus
2321 923 2487 977 etiam
2523 922 2578 975 in
2625 922 2895 991 Epistolas
2931 921 3097 976 incidi
3132 936 3298 991 supra
3336 919 3605 990 quingen-

363 995 575 1066 ἑτυγον,
613 997 851 1069 ἅρίστως
880 1001 1140 1054 καὶκατὰ
1174 1003 1332 1071 λόγον
1368 1006 1602 1078 Ἕλληνα
1635 1013 1929 1078 συγκειμὲο

2037 1023 2140 1076 tas,
2181 1015 2387 1084 optime
2421 1020 2478 1067 et
2503 1012 2570 1066 ad
2607 1011 2779 1067 Graeci
2816 1012 3083 1067 sermonis
3120 1012 3355 1067 nitorem
3382 1024 3606 1080 compo-

364 1103 500 1148 ναις.

2038 1104 2189 1157 sitas.

899 1227 1128 1284 Collatia
1152 1229 1544 1288 Catholicorum
1576 1253 1693 1290 cum
1729 1237 2050 1304 Severianis,
2081 1239 2542 1309 Constantinopoli
2567 1239 2749 1293 habita
2784 1254 2924 1292 armo
2956 1237 3081 1291 552.
3664 1207 3679 1274 ξ’

439 1336 547 1392 Sed
599 1346 656 1392 et
702 1338 1016 1396 invenimus
1072 1341 1129 1395 in
1177 1342 1510 1399 Theodoreti
1560 1348 1784 1415 litteris,
1825 1367 1963 1420 quas
2016 1351 2084 1406 ad
2116 1352 2442 1406 Dioscorum
2485 1352 2637 1416 fecit,
2682 1351 2810 1420 quia
2843 1349 3064 1419 quando
3097 1356 3288 1402 contra
3331 1347 3608 1402 lulianum

370 1439 429 1482 et
478 1427 548 1483 de
596 1429 963 1500 Apopompaeo
995 1434 1414 1502 conscripsisset
1463 1438 1654 1505 libros,
1708 1441 1857 1510 ipsos
1888 1443 2186 1498 destinavit
2231 1443 2288 1497 in
2315 1443 2606 1497 Antiochia
2644 1442 2704 1496 Β.
2733 1441 2991 1513 Cyrillus,
3021 1448 3077 1494 et
3104 1439 3319 1509 rogavit
3345 1439 3405 1492 Β.
3438 1438 3607 1493 Joan-

362 1538 492 1576 nem
525 1524 812 1580 ostendere
834 1527 957 1581 illos
975 1528 1338 1585 orientalibus
1384 1533 1664 1601 praeclaris
1721 1521 2060 1592 doctoribus.
2110 1540 2180 1593 Et
2229 1539 2357 1609 quia
2393 1540 2632 1594 ostensis
2670 1539 2751 1592 eis
2788 1536 3008 1605 scripsit
3034 1536 3085 1590 ei
3111 1534 3512 1599 Theodoretus,
3555 1543 3612 1588 et

367 1617 655 1686 rescripsit
677 1617 729 1672 ei
759 1619 819 1672 Β.
841 1619 1102 1698 Cyrillus,
1135 1631 1191 1678 et
1221 1623 1562 1694 diligentiam
1589 1637 1646 1682 et
1677 1629 1933 1684 affectum
1954 1632 2006 1686 ei
2032 1632 2352 1688 testiﬁcans.
2379 1631 2507 1697 Qua:
2527 1631 2682 1685 verba
2708 1639 2915 1683 exstant
2940 1631 2992 1682 in
3017 1629 3166 1699 epist.
3193 1627 3260 1680 85
3285 1625 3607 1680 Theodoreti.

1491 1764 1732 1836 Synodu's
1761 1786 1793 1822 ν
1821 1771 2086 1840 generalis
2117 1771 2397 1826 collatione
2427 1787 2480 1826 ν.

439 1863 522 1916 Ea:
565 1867 790 1936 epistola
843 1869 1145 1927 Theodoreti
1195 1876 1263 1929 ad
1323 1877 1666 1932 llierenatum
1729 1881 2020 1952 digamum.
2076 1884 2342 1950 Quoniam
2395 1898 2529 1938 vero
2581 1881 2876 1951 i‘nculpatis
2919 1896 3029 1944 me,
3081 1879 3228 1948 quod
3273 1885 3524 1932 sanctum
3553 1883 3622 1929 et.

363 1956 588 2009 beatum
640 1959 838 2029 reliqui
886 1963 1101 2018 Patrem
1149 1965 1500 2021 Theodorum
1556 1971 1613 2023 in
1656 1975 2147 2029 connumeratione
2202 1975 2512 2038 doctorum,
2562 1972 2934 2027 necessarium
2967 1967 3297 2032 existimavi,
3322 1974 3370 2018 et
3393 1971 3614 2027 caetera,

359 2066 484 2120 qua:
538 2051 593 2104 in
651 2053 746 2106 hoc
795 2061 932 2108 tomo
983 2065 1189 2111 exstant
1238 2061 1294 2112 in
1344 2061 1567 2131 epistola
1619 2064 1683 2118 16
1739 2066 1808 2118 ad
1854 2066 2119 2122 Ireizwum
2169 2069 2486 2137 episcopum,
2537 2067 2626 2135 qui
2674 2080 2950 2134 perperam
3007 2079 3065 2114 eo
3119 2060 3228 2114 loco
3298 2059 3620 2113 Hierenatu

359 2141 690 2212 appellatur.

728 2527 1073 2661 ΤΟΥ
1148 2529 2027 2667 ΜΑΚΑΡΙΟΥ
2116 2537 3272 2670 ΘΕΟΔΩΡΗΤΟΥ

1662 2790 2060 2844 ΕΠΙΣΚΟΠΟΥ
2091 2791 2326 2843 ΚΥΡΟΥ

1549 2972 2429 3093 ΕΠΙΣΤΟΛΑΙ.

1031 3352 2633 3509 ΒΕΑΤΙΤΗΕΟΒΟΒ]

1331 3352 2933 3509 \TITHEODORETI

1708 3623 2044 3684 EPISCOPI
2097 3625 2274 3685 CYRI

1507 3746 2417 3938 iEPISTOL/E.

856 4181 936 4233 A’.
978 4209 1048 4220 —
1094 4180 1422 4251 Ἀνωνύμῳ.
1969 4186 2014 4245 Β
2396 4160 2398 4162 ν

1969 4186 2014 4245 Β
2396 4160 2398 4162 ’
2494 4179 2706 4250 loco
2737 4179 2780 4235 ι.
2799 4177 3172 4251 —-Attonymo.

441 4290 533 4360 Τῷ
597 4290 897 4360 θαυμαστῷ
928 4289 1216 4362 συμϐούλῳ
1255 4291 1347 4345 τὸν
1396 4292 1614 4346 συνετὸν
1663 4293 1936 4365 ἀκροατὴν

2111 4291 2249 4348 Cum
2274 4290 2585 4346 admirabili
2615 4290 2934 4345 consiliario
2957 4293 3286 4361 prudentem
3311 4291 3631 4347 auditorem.

361 4382 394 4434 ὁ
419 4381 756 4450 προφητικὸς
797 4382 1082 4448 συνέζευξε
1111 4383 1282 4451 λόγος.
1328 4382 1469 4451 Ἐγὼ
1492 4384 1548 4437 δέ
1580 4402 1672 4437 σου
1694 4389 1760 4457 τῇ
1794 4386 1940 4439 ὁσιό-

2044 4383 2397 4454 propheticus
2441 4397 2623 4438 sermo
2652 4382 2938 4453 conjunxit
2970 4383 3011 4436 ί.
3049 4383 3162 4452 Ego
3184 4398 3315 4438 vero
3343 4382 3644 4438 sanctitati.-

362 4489 492 4542 τητι
526 4473 625 4542 οὐχ
658 4473 731 4535 ὡς
782 4473 1026 4542 ἀκροατῇ
1064 4473 1268 4542 συνετῷ
1291 4515 1306 4537 ,
1337 4475 1452 4526 ἀλλ’
1479 4476 1556 4538 ὡς
1589 4480 1750 4547 κριτῇ
1788 4477 1938 4547 σοφῷ

2043 4484 2170 4541 tuae,
2223 4491 2334 4529 non
2395 4483 2458 4528 ut
2497 4473 2755 4543 prudenti
2811 4473 3072 4538 auditori,
3129 4475 3225 4529 sed
3287 4483 3350 4529 ut
3386 4475 3621 4544 sapienti

364 4563 532 4614 τεκαὶ
549 4561 756 4631 ἀληθεῖ,
784 4564 885 4632 τὴν
919 4565 1000 4625 εἰς
1030 4563 1123 4616 τὸν
1151 4563 1295 4617 θεῖον
1338 4565 1662 4620 Ἀπόστολον
1694 4585 1942 4640 συγγρα-

2042 4581 2282 4635 veroque
2309 4565 2482 4636 judici
2509 4564 2710 4618 librum
2729 4563 2926 4628 obtuli,
2951 4577 3114 4632 quem
3137 4563 3191 4617 in
3212 4563 3622 4634 divinum-Apo-

365 4650 562 4719 φεῖσάν
592 4668 682 4721 μοι
707 4651 913 4705 δέδωκα
939 4651 1142 4721 βίϐλον.
1166 4654 1277 4706 Καὶ¹
1298 4655 1550 4726 καθάπερ
1574 4659 1622 4709 οἱ
1656 4660 1942 4730 χρυσοχόοι

2044 4658 2245 4713 stolum
2290 4657 2744 4726 conscripseram.
2787 4655 2855 4710 Et
2889 4655 3351 4724 quemadmodum
3373 4656 3625 4712 auriﬁees

361 4743 433 4811 τῇ
469 4739 688 4811 βασάνῳ
714 4741 1084 4811 προσφέρουσι
1111 4743 1201 4796 τὸν
1230 4745 1453 4814 χρυσδν,
1495 4746 1623 4800 ἰδεῖν
1658 4748 1939 4815 ἐθέλοντες

2044 4748 2110 4804 ad
2129 4748 2362 4818 lapidem
2390 4764 2583 4802 aurum
2608 4747 2921 4812 admovent,
2943 4763 3069 4802 cum
3087 4747 3321 4817 probare
3339 4748 3532 4802 volunt
3555 4764 3625 4802 an

363 4835 417 4886 εί
453 4832 742 4902 ἀκίδδηλός
773 4850 831 4886 τε
853 4834 948 4887 καὶ⁵
973 4834 1254 4904 ἄπεφθοςξ·
1301 4837 1476 4902 οὓτως
1501 4838 1611 4908 ἐγὼ
1633 4843 1700 4911 τῇ
1729 4844 1794 4911 σῇ
1825 4841 1944 4895 θεο-

2089 4856 2248 4895 urum
2295 4840 2368 4894 sit
2414 4848 2470 4895 et
2513 4847 2799 4894 excoctum
2828 4856 2841 4891 :
2875 4837 2956 4893 sie
2975 4853 3077 4908 ego
3103 4837 3172 4893 ad
3198 4838 3452 4907 pietatem
3476 4846 3626 4892 tuam
3682 4904 3687 4913 l

365 4923 556 4995 σεϐείᾳ
587 4923 648 4976 τὸ
681 4923 1022 4995 σύγγραμμα
1061 4928 1437 4998 προσενήνοχα
1461 4970 1476 4993 ,
1514 4931 1718 4996 γνῶναι
1749 4931 1944 5002 βουλό-

2086 4931 2505 4987 ommenta-rium
2531 4929 2679 4995 misi,
2711 4930 2856 4984 scire
2887 4943 3061 4984 avens
3082 4939 3300 4984 rectene
3323 4944 3381 4983 se
3403 4928 3623 4990 habeat,
3680 4925 3688 4958 ι

366 5031 528 5086 μενος
555 5053 570 5076 ,
615 5015 724 5066 εἴτε
757 5010 815 5066 εὖ
858 5013 1004 5080 ἔχει,
1037 5016 1148 5068 εἴτε
1191 5017 1336 5080 τινὸς
1381 5019 1556 5073 δεῖται
1585 5021 1940 5092 καθάρσεως.

2050 5042 2119 5078 an
2161 5025 2344 5094 aliqua
2379 5032 2536 5093 egeat
2563 5021 2910 5092 purgatione.
2947 5020 3017 5074 At
3039 5029 3094 5075 tu
3122 5020 3190 5074 de
3229 5020 3344 5084 illo,
3373 5035 3498 5074 cum
3528 5020 3625 5074 abs

376 5108 542 5162 Ἀλλὰ
569 5108 665 5162 καὶ
693 5108 962 5176 ἀναγνοὺς
989 5110 1083 5163 καὶ
1114 5111 1360 5180 πέμψας,
1385 5113 1538 5167 οὐδὲν
1555 5117 1712 5184 ἡμῖν,
1742 5111 1787 5170 ὧ
1816 5119 1945 5189 φίλη

2052 5128 2104 5172 te
2131 5119 2333 5172 lectum
2356 5115 2686 5176 remitteres.
2723 5113 2862 5167 nihil
2882 5112 3080 5167 horum
3112 5111 3292 5177 nobis,
3321 5111 3517 5180 amice,
3548 5111 3627 5164 εἰς

362 5200 604 5271 κεφαλὴ,
634 5201 742 5256 τῶν
785 5203 1094 5274 εἰρημένων
1127 5208 1258 5277 περὶ
1283 5207 1472 5262 τούτου
1504 5210 1838 5281 δεδήλωκας.
1881 5214 1948 5266 Ἦ

2048 5206 2338 5278 gniﬁcasti.
2389 5207 2543 5261 Facit
2587 5212 2771 5259 autem
2797 5203 2903 5259 hoc
2929 5203 3232 5268 silentium,
3257 5201 3650 5272 ut-conjiciam.

361 5294 428 5347 δὲ
456 5294 582 5365 σιγή
610 5311 676 5365 με
700 5296 1110 5366 παρασκευάζει
1134 5299 1414 5368 τοπάζειν,
1441 5301 1519 5364 ὡς
1539 5304 1799 5358 τάναντία
1821 5307 1948 5376 περὶ

2045 5299 2309 5372 judicem,
2345 5298 2472 5367 quia
2510 5298 2663 5352 illum
2691 5296 2902 5351 calculo
2925 5311 3026 5351 suo
3045 5295 3350 5358 damnarat,
3385 5291 3632 5347 noluisse

362 5382 577 5452 ταύτης
610 5383 994 5456 ψηφισάμενος
1027 5389 1055 5440 ὁ
1080 5391 1298 5461 κριτὴς,
1331 5392 1431 5445 οὐκ
1465 5392 1698 5464 ἠθέλησε
1734 5395 1822 5450 διὰ
1850 5399 1947 5451 τοῦ

2051 5407 2152 5447 nos
2199 5406 2314 5445 rem
2369 5389 2665 5444 indicando
2715 5403 2950 5443 maerore
2992 5386 3225 5443 allicere.
3263 5384 3418 5439 Dilue
3445 5382 3643 5450 itaque

368 5475 611 5548 μηνῦσαι
664 5476 924 5548 λυπῆσαι.
960 5479 1136 5534 Λῦσον
1183 5482 1363 5536 τοίνυν
1407 5484 1507 5552 τὴν
1542 5485 1800 5556 ὑποψίαν,
1852 5490 1945 5542 καὶ

2054 5483 2446 5559 suspicionem.
2468 5496 2531 5535 ac
2556 5479 2624 5534 de
2662 5477 3061 5536 commentario
3096 5475 3234 5532 mihi
3261 5472 3396 5544 quid
3424 5469 3647 5530 sentiat

363 5563 471 5636 τὴν
508 5568 638 5636 περὶ
685 5568 778 5622 τοῦ
837 5571 1266 5644 συγγράμματος
1316 5573 1497 5644 ψῆφον
1544 5575 1782 5648 δηλῶσαί
1838 5596 1939 5648 μου

1137 5591 1266 5638 ατος
1316 5573 1497 5644 ψῆφον
1544 5575 1782 5648 δηλῶσαί
1838 5596 1939 5648 μου
2055 5579 2358 5649 exprimere
2392 5591 2460 5631 ne
2482 5575 2739 5647 graveris.

365 5656 730 5726 καταξίωσον.

452 5796 467 5824 ³
503 5811 606 5868 lsa.
642 5828 723 5882 tu,
764 5814 818 5871 2.
