4056 6430
451 358 580 426 1175

486 360 587 428 175
1450 373 1543 432 ΤΗ

925 479 1131 550 1061
1169 481 1234 534 ιι.
1250 512 1316 519 -
1335 481 1543 535 Eidem.

517 593 638 648 Non
698 603 832 663 puto
885 610 980 648 eos
1040 596 1135 664 qui
1191 595 1451 651 ardenter
1483 605 1670 651 amant
1702 597 1771 651 de
1803 596 2023 650 illorum

448 689 606 748 partu
655 682 751 750 qui
799 689 1054 736 amantur
1103 695 1254 739 recte
1297 668 1569 756 judicare.
1603 685 1849 756 Subripit
1875 684 2026 741 enim

447 785 602 823 amor
648 769 937 840 justitiam.
986 771 1123 826 Nam
1155 782 1212 828 et
1233 782 1418 843 patres
1443 773 1618 828 forma
1653 783 1912 844 praestare
1933 775 2028 828 de-

447 859 651 914 formes
704 859 846 915 fllios
897 861 1234 927 existimant,
1288 871 1344 918 et
1389 863 1488 918 ﬁlii
1520 865 1776 918 similiter
1811 873 2026 933 patrum

446 948 848 1005 deformitatem
906 967 1018 1005 non
1071 951 1280 1008 vident.
1331 953 1422 1008 Sic
1474 961 1530 1008 et
1579 953 1752 1008 frater
1803 953 2027 1006 fratrem

446 1039 643 1104 cernit,
697 1056 809 1095 non
856 1043 1076 1111 qualem
1132 1053 1349 1107 natura,
1401 1043 1498 1118 sed
1548 1043 1765 1113 qualem
1798 1041 2028 1096 affectus

446 1131 707 1185 ostendit.
760 1132 844 1186 Ad
895 1133 1044 1188 hunc
1084 1149 1187 1204 ego
1237 1134 1458 1189 modum
1515 1135 1583 1188 de
1635 1133 1856 1203 scriptis
1889 1132 2026 1186 meis

443 1219 720 1289 iudicasse
781 1221 1127 1276 sanctitatem
1185 1229 1332 1276 tuam
1385 1223 1647 1287 arbitror,
1697 1221 2025 1276 sententiam

447 1311 690 1366 dictante
724 1312 1131 1368 benevolentia.
1175 1315 1406 1368 Maxima
1433 1315 1582 1369 enim
1610 1329 1804 1368 revera
1825 1312 1910 1368 vis
1941 1322 2028 1368 est

448 1401 756 1467 charitatis,
801 1403 1217 1473 amicorumque
1271 1403 1519 1458 defectus
1548 1417 1794 1472 persaape
1818 1401 2028 1472 obtegit

449 1508 561 1547 non
590 1493 756 1548 leves.
794 1492 968 1565 Hujus
999 1501 1057 1548 tu
1077 1493 1278 1564 opibus
1299 1493 1548 1558 aﬂluens,
1589 1509 1622 1547 o
1651 1492 1845 1558 amice,
1884 1489 2026 1546 scri-

448 1593 542 1654 pta
581 1593 767 1640 nostra
801 1584 1056 1639 laudibus
1087 1583 1313 1639 ornasti.
1349 1585 1419 1638 At
1448 1599 1549 1654 ego
1576 1600 1606 1638 a
1640 1583 1904 1653 religione
1935 1590 2028 1635 tua

449 1683 597 1745 peto,
646 1676 852 1729 bonum
880 1683 942 1728 ut
975 1675 1267 1730 Dominum
1298 1691 1513 1740 exores,
1549 1691 1660 1745 quo
1691 1676 2028 1744 scriptorum

448 1764 668 1818 laudem
725 1773 899 1818 ratam
945 1763 1166 1829 habeat,
1201 1764 1593 1833 laudatamque
1616 1765 1778 1818 talem
1807 1761 2025 1826 reddat,

447 1854 666 1923 qualem
703 1854 1046 1910 laudantium
1071 1854 1240 1910 verba
1274 1854 1601 1926 depingunt.

900 2079 988 2134 Ill.
1011 2110 1080 2119 —
1095 2078 1299 2134 Irenazo
1323 2079 1580 2150 episcopo.

519 2189 844 2264 Hujusmodi
897 2192 1335 2262 comparationes
1384 2190 1605 2245 divinus
1631 2188 1854 2260 quidem
1883 2187 2027 2257 Apo-

448 2284 624 2339 stolus
647 2284 947 2339 interdicit.
979 2285 1242 2340 Scribens
1265 2287 1414 2342 enim
1436 2283 1504 2338 ad
1526 2284 1801 2338 Romanos
1823 2281 1903 2336 sic
1929 2280 2023 2334 ait:

455 2394 474 2426 ‹
515 2376 701 2444 Itaque
730 2376 898 2430 nolite
935 2384 1060 2432 ante
1091 2385 1308 2447 tempus
1330 2375 1602 2447 judicare,
1635 2373 1817 2444 quoad
1851 2387 2025 2440 usque

445 2465 634 2519 veniat
687 2466 972 2532 Dominus,
1005 2468 1100 2536 qui
1122 2476 1178 2521 et
1219 2464 1553 2520 illuminabit
1587 2463 1909 2519 abscondita
1942 2469 2025 2516 te-

449 2557 767 2623 nebrarum,
793 2566 850 2613 et
874 2558 1246 2614 manifestabit
1269 2557 1498 2612 consilia
1523 2555 1796 2619 cordium,
1819 2563 1876 2608 et
1897 2562 2028 2607 tunc

446 2647 568 2703 laus
615 2649 724 2703 erit
770 2649 1067 2719 unicuique
1121 2665 1152 2703 a
1184 2650 1296 2704 Deo
1327 2651 1368 2702 ².
1402 2667 1420 2699 ›
1458 2648 1590 2703 Jure
1611 2655 1794 2701 autem
1823 2660 1887 2699 ac
1913 2659 2027 2698 me-

447 2741 557 2794 rito
618 2739 673 2794 id
718 2739 865 2796 facit.
931 2740 1043 2797 Nos
1091 2740 1364 2811 siquidem
1416 2755 1506 2794 res
1529 2739 1674 2794 solas
1697 2737 2023 2792 cernimus:

449 2831 832 2886 universorum
891 2846 1026 2886 vero
1075 2833 1223 2886 Deus
1279 2832 1459 2900 ipsum
1507 2830 1673 2885 etiam
1703 2844 1895 2884 eorum
1931 2827 2026 2896 qui

447 2937 539 2979 res
583 2932 782 2994 gerunt
826 2932 1179 2993 perspectum
1213 2923 1383 2977 habet
1425 2922 1736 2986 consilium,
1767 2929 1931 2989 atque
1960 2934 2029 2972 ex

445 3016 552 3070 hoc
601 3016 784 3086 potius
826 3029 990 3084 quam
1033 3029 1101 3069 ex
1162 3015 1424 3084 operibus
1455 3013 1710 3086 judicans
1760 3012 1866 3067 fert
1905 3027 2030 3066 sen-

451 3107 700 3163 tentiam.
736 3106 814 3160 Ita
855 3105 1102 3160 divinum
1147 3105 1470 3174 Apostolum
1494 3104 1785 3160 coronabit
1817 3103 2022 3158 factum

1450 371 1937 432 THEODORETI
1978 374 2315 435 EPISCOPI
2355 377 2720 438 CYRENSIS

2061 499 2108 553 Α

3564 379 3692 448 11Ἷθ

2666 486 2742 540 B'.
2774 514 2845 524 —
2881 485 2964 551 Τῷ
2997 485 3176 550 αὐτῷ.

2199 596 2313 648 Οὐκ
2340 590 2494 665 οἶμαι
2520 596 2645 658 τοὺς
2667 594 2888 666 θερμῶς
2923 595 3257 664 ἀγαπῶντας
3283 598 3401 661 ταῖς
3429 599 3534 653 τῶν
3563 601 3692 671 ἀγα.

2129 686 2396 756 πωμένων
2425 686 2578 738 ὠδῖσι
2614 683 2821 756 κρίνειν
2844 685 3022 757 ὀρθῶς
3041 703 3055 717 ⁸
3093 687 3316 740 κλέπτει
3344 690 3451 759 γὰρ
3478 692 3505 742 ὁ
3528 692 3685 757 πόθος

2126 777 2188 830 τὸ
2213 778 2440 830 δίκαιον.
2463 777 2572 831 Καὶ
2602 777 2712 848 γὰρ
2740 780 2788 831 οἰ
2813 777 3050 848 πατέρες
3071 777 3191 850 ῶρᾳ
3213 778 3452 851 λάμπειν
3481 782 3549 835 τὰ
3575 783 3696 837 δυσ-

2128 871 2240 942 ειδῆ
2296 872 2485 926 παιδία
2540 871 2858 941 νομίζουσι·
2918 873 3015 926 καὶ
3074 873 3266 936 παῖδες
3324 873 3585 939 ὡσαύτως
3640 877 3698 931 τὸ

2127 960 2236 1013 τῶν
2275 961 2530 1032 πατέρων
2559 961 2800 1031 εἰδεχθὲς
2827 962 2926 1032 οὐχ
2959 962 3193 1035 ὁρῶσιν·
3244 963 3389 1017 οῦτω
3414 967 3510 1019 καὶ
3549 966 3699 1021 ἀδελ-ο

2129 1051 2228 1120 φὺς
2254 1051 2482 1120 ἀδελφὸν
2513 1051 2721 1121 βλέπει,
2747 1054 2846 1123 οὐχ
2871 1053 2946 1116 ὡς
2981 1057 3013 1113 ή
3043 1053 3226 1122 φύσις,
3257 1054 3373 1107 ἀλλ’
3409 1053 3485 1118 ὼς
3525 1057 3558 1127 ή
3587 1057 3698 1110 διὰ-

2131 1142 2278 1206 θεσις
2308 1143 2599 1198 δείκνυσιν.
2641 1143 2798 1198 Οὕτω
2819 1145 2918 1216 τὴν
2954 1145 3052 1215 σὴν
3086 1144 3340 1216 θειότητα
3373 1149 3558 1217 κρῖναι
3594 1149 3701 1214 τοῖς

2129 1235 2284 1304 ἐμοῖς
2327 1232 2601 1304 ὑπείληφα
2635 1234 2814 1304 λόγοις
2835 1277 2849 1300 ,
2881 1234 2974 1288 τοῦ
3003 1234 3228 1306 φίλτρου
3261 1235 3359 1305 τὴν
3391 1234 3571 1306 ψῆφον
3613 1239 3696 1305 ὲξ-

2129 1325 2463 1394 ενεγκόντος.
2479 1326 2726 1397 Μεγίστη
2747 1326 2856 1398 γὰρ
2875 1327 3092 1398 ἀληθῶς
3114 1329 3147 1397 ἡ
3169 1328 3268 1398 τῆς
3284 1327 3508 1398 ἀγάπης
3533 1330 3702 1400 ἰσχὺς,

2131 1419 2228 1471 καὶ
2259 1418 2544 1482 συσκιάζει
2586 1418 2853 1481 πολλάκις
2875 1417 2988 1472 τῶν
3010 1418 3180 1487 φίλων
3221 1419 3284 1472 οὐ
3314 1420 3491 1490 μικρὰ
3526 1421 3704 1493 πλημ-

2133 1508 2442 1579 μελήματα.
2483 1509 2703 1582 Ταύτης
2733 1509 2872 1581 ἔχων
2917 1510 3009 1564 τὸν
3053 1509 3306 1574 πλοῦτον,
3357 1505 3403 1564 ὦ
3442 1511 3574 1582 φίλη
3617 1531 3718 1568 κε-,

2132 1600 2299 1671 φαλὴ,
2334 1600 2633 1671 εὐφημίαις
2661 1602 2788 1664 τοὺς
2809 1601 3116 1673 ἡμετέρους
3137 1602 3460 1666 ὲταινίασας
3487 1603 3704 1671 λόγους·

2131 1690 2240 1759 ἐγὼ
2266 1691 2324 1744 δέ
2349 1709 2443 1744 σου
2469 1692 2567 1764 τὴν
2601 1691 2909 1746 θεοσέδειαν
2945 1693 3277 1762 ἀπαγγέλλω
3310 1695 3388 1767 (1)
3415 1695 3508 1748 τὸν
3575 1697 3707 1764 ἁγα-

2132 1779 2224 1834 θὸν
2261 1781 2611 1854 ἀντιϐολῆσαι
2658 1783 2958 1852 Δεσπότην,
3009 1784 3312 1854 βεϐαιῶσαι
3371 1789 3488 1850 τοῖς
3537 1787 3708 1856 λόγοις

2129 1873 2231 1944 τὴν
2257 1875 2556 1945 εὐφημίαν,
2607 1879 2703 1931 καὶ
2732 1875 2906 1941 δεῖξαι
2950 1876 3042 1928 τὸν
3078 1876 3305 1930 ὲπαινού
3321 1895 3505 1948 μενον,
3537 1881 3710 1935 ὁποῖον

2129 1964 2239 2018 τῶν
2276 1967 2639 2020 ἐπαινούντων
2667 1967 3054 2039 ζωγραφοῦσιν
3076 1969 3125 2023 οἱ
3149 1970 3330 2037 λόγοι.

2479 2078 2552 2131 Γ’.
2586 2107 2654 2118 --
2683 2079 2979 2146 Εἰρηναίῳ
2999 2079 3344 2146 ἐπισκόπῳ.

2211 2189 2270 2241 'O
2303 2189 2399 2259 μὲν
2431 2187 2573 2252 θεῖος
2615 2189 2938 2253 Ἀπόστολος
2967 2189 3066 2254 τὰς
3091 2189 3352 2254 τοιαύτας
3388 2192 3715 2265 ἀπαγορεύει

2132 2279 2472 2350 συγκρίσεις.
2521 2281 2812 2350 Ῥωμαίοις
2846 2281 2954 2351 γὰρ
2984 2283 3328 2337 ἐπιστέλλων
3367 2283 3544 2349 οὕτως
3568 2285 3668 2359 ἔφη
3697 2303 3713 2320 ο

2135 2390 2154 2422 ‹
2195 2373 2357 2424 Ὥστε
2400 2371 2475 2441 μὴ
2527 2371 2631 2441 πρὸ
2661 2371 2852 2442 καιροῦ
2890 2391 2941 2425 τι
2976 2375 3214 2444 κρίνετε,
3254 2374 3370 2438 ἕως
3417 2374 3486 2428 ἂν
3524 2375 3650 2446 ἔλθῃ
3693 2374 3720 2425 ὁ

2128 2462 2354 2533 Κύριος,
2397 2463 2455 2525 ὃς
2490 2464 2586 2516 καὶ
2617 2464 2841 2532 φωτίσει
2873 2465 2940 2516 τὰ
2971 2465 3188 2534 κρυπτὰ
3217 2465 3322 2518 τοῦ
3353 2467 3600 2530 σκότους,
3626 2467 3715 2520 καὶ

2129 2554 2435 2624 φανερώσει
2459 2555 2559 2618 τὰς
2593 2554 2790 2625 βουλὰς
2813 2555 2919 2608 τῶν
2941 2556 3200 2627 καρδιῶν,
3224 2557 3331 2610 καὶ
3362 2557 3485 2611 τότε
3509 2559 3537 2610 ὁ
3567 2557 3716 2610 ἔπαιο

2130 2665 2219 2711 νος
2255 2649 2544 2718 γενήσεται
2587 2649 2801 2718 ἑκάστῳ
2849 2648 2956 2702 ἀπὸ
3007 2646 3101 2700 τοῦ
3142 2648 3304 2703 Θεοῦ.
3374 2670 3394 2701 ι
3452 2650 3615 2704 Μάλα
3662 2650 3716 2704 δὲ

2129 2737 2355 2800 εἰκότως
2407 2737 2565 2790 τοῦτο
2613 2737 2934 2806 πεποίηκεν.
3002 2736 3193 2806 Ἡμεῖς
3247 2737 3358 2807 μὲν
3424 2739 3536 2812 γὰρ
3589 2740 3717 2809 μόνα

2128 2829 2344 2899 ὁρῶμεν
2376 2827 2445 2880 τὰ
2481 2828 2780 2898 πράγματα
2801 2843 2813 2855 ·
2851 2830 2879 2879 ό
2915 2827 2970 2879 δὲ
3003 2828 3111 2880 τῶν
3138 2828 3275 2883 ὅλων
3324 2831 3462 2895 Θεὸς
3493 2832 3587 2884 καὶ
3613 2831 3717 2884 τῶν

2129 2915 2301 2970 ταῦτα
2340 2915 2594 2987 δρώντων
2633 2917 2925 2969 ἐπίσταται
2969 2916 3064 2968 τὸν
3117 2917 3354 2984 σκοπὸν,
3407 2921 3507 2973 καὶ
3544 2920 3716 2990 τούτῳ

2134 3008 2335 3078 μᾶλλον
2371 3008 2404 3078 ἦ
2443 3009 2552 3070 τοῖς
2588 3005 2768 3078 ἔργοις
2809 3007 3048 3070 δικάζων
3086 3008 3324 3078 ἐκφέρει
3371 3009 3474 3080 τὴν
3517 3012 3711 3079 ψῆφον.

2133 3099 2291 3153 Οῦτω
2344 3097 2678 3165 στεφανώσει
2719 3097 2811 3151 τὸν
2863 3097 3006 3150 θεῖον
3053 3098 3388 3153 Ἀπόστολον
3433 3101 3718 3171 γενόμενον

447 3198 654 3254 Judzeis
701 3197 915 3268 1062
974 3204 1231 3266 tanquam
1262 3195 1534 3261 Judaeum,
1561 3203 1618 3251 et
1651 3196 1717 3249 iis
1746 3195 1839 3265 qui
1868 3201 2026 3249 erant

2132 3192 2242 3254 τοῖς
2294 3189 2570 3250 Ἰουδαίοις
2611 3187 2686 3251 ώς
2729 3188 3004 3250 Ἰουδαῖον,
3041 3188 3136 3241 καὶ
3183 3191 3303 3252 τοῖς
3363 3191 3514 3244 κατὰ
3559 3191 3717 3261 νόμον

449 3287 554 3343 sub
603 3288 721 3359 lege
758 3288 916 3357 quasi
957 3288 1059 3342 sub
1107 3287 1244 3358 lege,
1284 3294 1340 3343 et
1378 3287 1447 3342 iis
1491 3287 1585 3357 qui
1614 3287 1732 3340 sine
1759 3287 1876 3357 lege
1903 3294 2024 3339 tan-

450 3381 614 3448 quam
649 3379 768 3434 sine
799 3379 919 3449 lege
953 3380 994 3432 ⁸.
1025 3379 1210 3434 Multis
1252 3378 1400 3433 enim
1431 3386 1492 3434 ut
1536 3378 1824 3447 prodesset
1874 3375 2029 3430 fictas

453 3485 718 3540 personas
758 3470 954 3534 induit,
990 3485 1099 3525 non
1138 3468 1439 3524 adulatoris
1471 3469 1808 3538 amplectens
1836 3467 2027 3531 vitam,

449 3575 556 3614 nec
581 3560 905 3616 damnosum
938 3560 1044 3616 sibi
1069 3560 1286 3615 lucrum
1323 3569 1569 3629 captans,
1616 3559 1711 3614 sed
1740 3568 1800 3612 ut
1836 3572 2029 3612 eorum

451 3665 592 3720 quos
613 3652 844 3707 docebat
866 3651 1092 3706 utilitati
1117 3651 1448 3706 consuleret.
1468 3650 1696 3705 Divinus
1729 3665 1858 3720 ergo
1890 3649 2031 3704 Pau-

449 3742 558 3805 lus,
581 3751 643 3796 ut
652 3743 764 3812 jam
795 3741 929 3806 dixi,
957 3741 1203 3798 divinum
1217 3741 1487 3812 judicium
1519 3741 1823 3812 exspectari
1849 3740 2028 3812 jubet.

451 3833 841 3890 Verumtamen
895 3832 990 3901 qui
1042 3834 1248 3901 majora
1287 3832 1574 3896 audemus,
1609 3839 1666 3887 et
1697 3831 2030 3901 theologiam

449 3924 836 3998 cogitationem
870 3939 934 3978 ac
968 3924 1135 3978 verba
1175 3923 1655 3979 transcendentem
1683 3921 2025 3991 attingimus,

447 4033 562 4078 non
588 4015 942 4086 blasphemia
961 4024 1282 4086 argumenta
1311 4015 1606 4085 impiorum
1637 4013 2029 4068 haereticorum

449 4125 605 4164 more
635 4114 993 4177 aucupantes,
1024 4107 1119 4163 sed
1144 4116 1204 4160 ut
1254 4106 1472 4160 illorum
1517 4106 1855 4176 impietatem
1893 4117 2029 4157 con-

447 4201 755 4262 vincamus,
809 4207 866 4253 et
911 4197 1160 4253 Creatori
1216 4197 1407 4252 laudes
1454 4211 1555 4267 pro
1616 4204 1782 4265 captu
1837 4203 2028 4249 nostro

447 4292 849 4362 persolvamus,
879 4289 1107 4344 absurdi
1135 4289 1272 4344 nihil
1295 4290 1470 4344 acturi
1497 4303 1708 4353 sumus,
1740 4287 1786 4341 si
1828 4287 1896 4342 ad
1941 4285 2028 4342 in-

450 4380 873 4452 terrogationem
907 4389 1148 4435 vestram
1188 4380 1640 4450 respondeamus.

589 4560 960 4632 Proposuistis
1003 4561 1252 4618 oratione
1280 4571 1462 4617 vestra
1502 4562 1731 4633 impium
1760 4561 2025 4634 iudicem,

446 4655 542 4723 qui
571 4653 790 4708 duobus
831 4651 1053 4721 pietatis
1083 4653 1305 4708 athletis
1338 4652 1619 4724 optionem
1676 4653 1913 4716 dederit,
1967 4659 2030 4705 ut

447 4747 776 4799 alterutrum
808 4744 1070 4810 facerent,
1111 4753 1207 4799 aut
1252 4744 1626 4800 sacrificarent
1659 4743 2024 4802 daemonibus,

447 4847 542 4891 aut
572 4850 691 4891 sese
715 4835 770 4890 in
801 4851 952 4891 mare
981 4837 1176 4892 darent
1217 4837 1568 4908 praecipites:
1612 4846 1777 4904 atque
1827 4834 2024 4887 horum

449 4944 619 4984 unum
682 4929 905 5000 quidem
949 4930 1226 5000 posterius
1278 4928 1598 4998 arripuisse,
1657 4925 2025 4993 alacriterque

447 5020 504 5076 in
556 5020 892 5091 profundum
943 5021 1259 5077 desiliisse:
1301 5021 1538 5074 alterum
1580 5031 1715 5071 vero
1764 5023 2025 5070 neutrum

445 5113 711 5184 elegisse,
771 5111 868 5168 sed
930 5112 1205 5168 idolorum
1260 5109 1485 5179 quidem
1547 5107 1758 5162 cultum
1821 5103 2028 5175 prioris

445 5204 697 5276 exemplo
749 5203 1049 5274 respuisse,
1092 5201 1335 5270 seipsum
1390 5207 1570 5253 tamen
1628 5196 1886 5251 ﬂuctibus
1913 5212 2026 5252 non

446 5295 736 5369 obiecisse,
771 5297 868 5352 sed
896 5301 1243 5364 exspectasse
1273 5301 1335 5346 ut
1367 5306 1463 5362 per
1495 5291 1606 5344 vim
1638 5289 1707 5344 ab
1737 5289 1845 5344 alio
1875 5305 2022 5344 mer-

447 5396 690 5457 geretur.
743 5385 841 5440 His
892 5387 968 5439 ita
1014 5382 1298 5452 expositis,
1351 5381 1582 5452 rogastis
1631 5387 1756 5435 uter
1806 5379 2026 5434 illorum

449 5482 655 5536 rectius
691 5478 888 5532 fecisse
913 5476 1187 5530 videatur.
1224 5475 1338 5545 Ego
1361 5491 1494 5529 vero
1521 5474 1680 5528 vobis
1701 5488 1920 5542 quoque
1945 5487 2032 5527 se-

452 5573 697 5627 cundum
739 5569 903 5624 laude
949 5567 1259 5638 digniorem
1307 5565 1484 5621 videri
1543 5565 1800 5620 arbitror.
1841 5564 2032 5634 Neque

519 5728 537 5758 ³
572 5726 739 5781 lCor.
777 5740 848 5790 Iv,
879 5725 928 5779 5.
1011 5725 1030 5754 ³
1055 5723 1074 5778 l
1098 5721 1224 5778 Cor.
1261 5740 1334 5785 ιχ,
1363 5721 1454 5780 20,
1481 5720 1569 5774 2|.

517 5841 601 5910 tl)
639 5843 975 5912 ἑπαγγέλλω.
1005 5843 1419 5916 Neapolitanus.

2057 4525 2107 4583 D

2132 3281 2207 3344 ὼς
2239 3279 2343 3333 ὑπὸ
2370 3280 2555 3349 νόμου,
2597 3278 2691 3331 καὶ
2728 3280 2843 3341 τοῖς
2879 3280 3100 3347 ἀνόμοις
3125 3277 3200 3341 ὼς
3230 3277 3468 3351 ἄνομον.
3492 3281 3591 3334 Διὰ
3618 3281 3721 3352 γὰρ

2130 3371 2228 3442 τὴν
2249 3371 2357 3423 τῶν
2377 3369 2586 3423 πολλῶν
2608 3368 2878 3437 ὠφέλειαν
2905 3369 3018 3431 τοῖς
3046 3368 3148 3436 τῆς
3171 3369 3531 3440 ὑποκρίσεως
3561 3387 3724 3444 προσο

2129 3462 2351 3524 ωπείοις
2400 3461 2710 3532 ἐχρήσατοο
2744 3461 2805 3512 οὐ
2862 3461 3097 3524 κόλακος
3139 3462 3542 3532 ἀσπαζόμενος
3589 3463 3721 3532 βίον,

2131 3554 2227 3606 καὶ
2257 3551 2446 3622 κέρδος
2475 3550 2767 3621 ἐπιζήμιον
2795 3550 2973 3621 ἑαυτῴ
3003 3552 3413 3622 μηχανώμενος
3441 3569 3457 3585 ο
3497 3553 3614 3606 ἀλλ’
3645 3547 3724 3615 οἷς

2132 3644 2230 3713 τὴν
2269 3641 2615 3695 διδασκαλίαν
2649 3642 2959 3713 προσέφερε
2993 3643 3092 3711 τὴν
3128 3641 3415 3712 ὠφέλειαν
3455 3663 3726 3716 πραγμα-

2133 3735 2443 3805 τευόμενος.
2481 3733 2542 3788 '0
2585 3734 2682 3804 μὲν
2726 3730 2820 3786 οῦν
2858 3734 3145 3798 θεσπέσιος
3193 3735 3452 3799 Παῦλος,
3487 3737 3563 3799 ὡς
3594 3736 3726 3804 ἔφην

2132 3827 2256 3897 ήδη,
2295 3826 2356 3878 τὸ
2394 3826 2536 3880 θεῖον
2565 3825 2858 3895 ἀναμένειν
2887 3826 3101 3878 κελεύει
3133 3825 3456 3897 κριτήριον.
3506 3825 3726 3893 Ἐπειδὴ

2133 3919 2190 3973 δὲ
2225 3918 2321 3971 καὶ
2363 3917 2471 3970 τῶν
2504 3915 2767 3986 μειζόνων
2801 3916 3260 3986 κατατολμῶμεν,
3299 3917 3399 3970 καὶ
3442 3916 3730 3993 θεολογίας

2131 4012 2230 4082 τῆς
2265 4011 2405 4081 ὑπὲρ
2434 4009 2560 4063 νοῦν
2601 4010 2696 4062 καὶ
2724 4008 2883 4076 λόγον
2923 4008 3233 4082 ἁπτόμεθα,
3269 4010 3334 4062 οὐ
3367 4009 3733 4080 βλασφημίας

2132 4081 2390 4173 ἀφορμὰς
2429 4099 2570 4155 κατά
2607 4103 2735 4164 τοὺς
2775 4099 3022 4163 ἀνοσίους
3067 4081 3473 4169 ἐπιζητοῦντες
3524 4102 3732 4172 αίρετι·

2133 4174 2282 4256 κοῦς,
2316 4191 2457 4246 ἀλλὰ
2485 4190 2581 4260 τὴν
2609 4189 2831 4243 ἐκείνοιν
2883 4189 3142 4243 ἀσέϐειαν
3175 4188 3576 4260 ἐξελέγχοντες
3597 4231 3612 4252 ,
3641 4187 3735 4242 καὶ

2131 4284 2208 4349 ὼς
2232 4283 2518 4354 χωροῦμεν
2547 4282 2637 4334 τὸν
2681 4281 2921 4351 Ποιητὴν
2945 4279 3342 4350 ἀνυμνοῦντες,
3383 4282 3546 4335 οὐδὲν
3573 4283 3735 4334 ἀπεια

2133 4373 2228 4436 κὸς
2271 4371 2526 4443 δρῴημεν
2563 4370 2630 4426 ἂν
2663 4371 2801 4443 πρὸς
2842 4370 2940 4441 τὴν
2980 4371 3252 4441 ὑμετέραν
3285 4371 3739 4444 ἀποκρινόμενοι

2138 4464 2354 4519 πεῦσιν.

2215 4555 2513 4609 ’Υπέθεσθε
2557 4554 2636 4624 τῷ
2679 4553 2824 4624 λόγῳ
2869 4553 3106 4622 δυσσεϐῆ
3151 4553 3454 4626 δικαστὴν,
3516 4554 3739 4626 αἵρεσιν

2132 4647 2401 4701 δεδωκότα
2432 4645 2524 4698 δύο
2564 4646 2704 4698 τισὶν
2739 4645 3000 4716 ἀθληταῖς
3041 4645 3359 4710 εὐσεϐείας,
3405 4646 3559 4700 ὥστε
3591 4643 3741 4698 δυοῖν

2129 4739 2355 4808 θάτερον
2383 4739 2620 4808 δρᾶσαι,
2666 4737 2700 4807 ἢ
2746 4736 2908 4790 θῦσαι
2945 4736 3216 4807 δαίμοσιν,
3268 4736 3303 4807 ἤ
3346 4740 3502 4806 σφᾶς
3551 4740 3634 4800 εἰς
3683 4734 3743 4788 τὸ

2132 4831 2368 4897 πέλαγος
2406 4829 2592 4899 ῥίψαιο
2645 4829 2741 4881 καὶ
2774 4829 2863 4881 τὸν
2897 4829 2996 4900 μὲν
3041 4830 3287 4901 ἁρπάσαι
3334 4830 3402 4882 τὸ
3449 4831 3738 4900 δεύτερον,

2130 4923 2227 4976 καὶ
2252 4920 2545 4992 προθύμως
2578 4921 2655 4983 εἰς
2681 4919 2771 4973 τὸν
2798 4921 2958 4990 βυθὸν
2984 4921 3311 4992 κυϐιστῆσαι
3330 4937 3345 4950 °
3377 4923 3480 4975 τὸν
3505 4921 3568 4975 δὲ
3603 4921 3746 4992 μηδ-

2129 5015 2314 5085 έτερον
2365 5011 2617 5066 ἑλέσθαι·
2661 5011 2798 5065 ἀλλὰ
2859 5013 2960 5081 τὴν
3014 5012 3122 5065 τῶν
3176 5011 3424 5067 εἰδώλων
3471 5014 3745 5083 λατρείαν

2131 5105 2529 5179 παραπλησίως
2551 5105 2630 5177 τῷ
2653 5105 2906 5177 προτέρῳ
2938 5106 3315 5174 βδελύξασθαι,
3343 5107 3556 5161 ἑαυτὸν
3578 5107 3638 5161 δὲ
3670 5103 3745 5176 μὴ

2134 5199 2470 5271 παραδοῦναι
2506 5201 2618 5260 τοῖς
2647 5197 2910 5267 κύμασιν,
2941 5198 3058 5251 ἀλλ’
3093 5199 3393 5268 ἀναμεῖναι
3441 5199 3542 5270 βίᾳ
3581 5198 3749 5251 τοῦτο

2134 5289 2261 5361 παρ’
2291 5289 2478 5360 ἑτέρου
2513 5289 2728 5345 παθεῖν.
2762 5288 2920 5344 υῦτω
2948 5289 3123 5343 ταῦτα
3149 5290 3229 5360 τῷ
3252 5289 3408 5362 λόγῳ
3432 5289 3748 5346 διασκευάο

2138 5399 2330 5444 σαντες
2351 5420 2364 5445 ,
2398 5381 2598 5452 ἤρεσθε
2632 5381 2864 5452 πότερος
2907 5381 3092 5434 αὐτοῖν
3135 5381 3369 5451 ἄμεινον
3403 5381 3747 5452 δεδρακέναι

2136 5472 2301 5526 δοκεῖ.
2320 5471 2460 5540 Ἐγὼ
2489 5471 2546 5525 δὲ
2572 5466 2723 5541 οἶμαι
2757 5471 2853 5524 καὶ
2877 5472 3007 5541 ὑμῖν
3042 5472 3317 5525 συνδοκεῖν
3352 5473 3456 5525 τὸν
3486 5473 3750 5543 δεύτερον

2141 5563 2596 5638 ἀξιαγαστότερον
2625 5558 2784 5619 εἶναι.
2817 5564 2952 5618 Οὐδὲ
2979 5563 3089 5634 γὰρ
3119 5564 3194 5635 μὴ
3225 5565 3734 5636 προσταττόμενον
