4056 6416
367 398 506 472 1177

1694 393 2061 456 EPISTOLA
2098 396 2208 457 III.

3490 399 3625 467 1178

364 510 473 580 χρή
501 522 625 560 τινα
655 506 849 560 ἐαυτὸν
885 506 1202 575 ὑπεξάγειν,
1233 508 1374 563 ἀλλά
1417 514 1750 580 προσμένειν
1777 510 1812 581 ἢ
1841 509 1928 563 τὸν

2038 510 2188 564 enim
2218 510 2488 581 iugussum
2536 524 2869 581 quemquam
2901 518 3118 580 oportet
3145 508 3214 566 de
3240 511 3350 565 vita
3379 511 3623 583 seipsum

363 598 693 669 αύτόματον,
782 597 873 652 τὸν
892 597 1065 667 βίαιον
1091 596 1340 653 θάνατον.
1370 600 1479 654 Καὶ
1499 599 1658 653 τοῦτο
1677 599 1944 653 διδάσκων

358 693 394 744 ὁ
426 689 725 760 Δεσπότης,
753 690 879 753 τοὺς
902 690 961 742 ἐν
986 690 1115 761 τῇδε
1141 692 1207 763 τῇ
1231 689 1384 744 πόλει
1408 690 1779 760 διωκομένους
1803 689 1941 744 φεύ-

363 798 487 850 γειν
511 782 592 843 είς
627 781 820 850 ἐτέραν
845 781 1318 851 ιιιιαρεκελεύσιιπο⁸
1349 782 1444 836 καὶ
1486 777 1640 845 αὖθις
1682 781 1942 851 κάκείνην

364 873 644 942 ἀμείϐειν,
693 873 789 926 καὶ
838 875 918 937 εἰς
966 875 1160 945 ἑτέραν
1193 876 1413 929 ἀπιέναι
1463 874 1617 927 πόλιν
1662 872 1938 927 ἐκέλευσε.

360 965 553 1018 Ταῦτα
594 964 1027 1036 πεπαιδευμένος
1056 968 1084 1020 ό
1114 966 1254 1031 θεῖος
1304 967 1648 1032 ’Δπόστολος,
1673 968 1766 1021 τοῦ
1822 968 1941 1021 ἐθν-

360 1057 536 1127 άρχου
588 1056 690 1120 τάς
734 1059 923 1127 χεῖρας
974 1058 1220 1127 διέφυγε,
1250 1059 1345 1112 καὶ
1375 1059 1496 1112 οὐδὲ
1524 1059 1624 1129 τῆς
1646 1059 1826 1129 φυγῆς
1848 1060 1940 1114 τὸν

357 1150 565 1220 τρόπον
627 1150 920 1219 ἐσίγησεν
962 1150 1078 1204 ἀλλ’
1115 1152 1363 1217 ὑπέδειξε
1398 1151 1495 1222 τὴν
1541 1154 1817 1225 σαργάνην
1861 1152 1941 1225 τῷ

359 1242 525 1313 λόγῳ,
556 1242 652 1296 καὶ
680 1243 740 1295 τὸ
771 1245 968 1313 τεῖχος,
993 1242 1089 1297 καὶ
1110 1244 1209 1313 τὴν
1238 1243 1451 1315 θυρίδα,
1481 1244 1664 1315 αὐχῶν
1693 1244 1786 1296 ἐπὶ
1815 1243 1939 1297 τού-

358 1351 496 1398 τοις,
529 1333 625 1385 καὶ¹
664 1334 1083 1404 σεμνυνόμενος.
1136 1334 1197 1388 Ὀ
1228 1333 1339 1404 γὰρ
1368 1333 1510 1399 θεῖος
1550 1335 1716 1405 νόμος
1748 1335 1810 1388 τὸ
1847 1336 1936 1388 δο-

360 1424 493 1478 κοῦν
525 1424 750 1495 αἰσχρὸν
795 1427 940 1477 ποιεῖ
971 1425 1188 1495 σεμνόν.
1241 1424 1401 1480 Οὕτω
1450 1427 1581 1479 ποτὲ
1622 1426 1719 1497 μὲν
1768 1427 1937 1497 Φαρι-

363 1518 535 1577 σαῖον,
569 1517 701 1569 ποτὲ
746 1516 805 1568 δέ
850 1517 1120 1586 Ῥωμαῖον
1156 1517 1347 1570 ἐαυτὸν
1397 1518 1837 1589 προσηγόρευεν·
1874 1519 1934 1571 οὑ

355 1606 453 1659 τὸν
484 1607 717 1662 θάνατον
744 1607 1059 1678 δειμαίνων,
1084 1608 1201 1662 ἀλλ’
1234 1610 1477 1680 ἐννόμως
1505 1610 1931 1680 ἀγωνιζόμενος.

358 1695 549 1760 Οὕτως
603 1695 978 1751 ἐπεκαλέσατο
1026 1698 1305 1771 Καίσαρα,
1360 1700 1456 1764 τὰς
1489 1700 1597 1753 τῶν
1667 1700 1935 1753 Ἰουδαίων

358 1785 653 1850 ἐπιϐουλὰς
689 1786 1021 1859 προμαθώνι
1073 1789 1167 1842 καὶ
1210 1788 1302 1843 τὸν
1346 1788 1660 1858 ἀδελφιδοῦν
1710 1789 1766 1843 δὲ
1797 1789 1934 1859 πρὸς

355 1876 451 1929 τὸν
481 1876 757 1949 χιλίαρχον
778 1876 1015 1949 ἔπεμψε,
1037 1879 1131 1933 καὶ
1147 1879 1214 1933 τὰ
1236 1879 1565 1951 τυρευθέντα
1594 1881 1930 1951 μεμήνυκεν,

353 1968 419 2021 οὐ
451 1968 552 2037 τῆς
583 1969 867 2040 παρούσης
902 1968 1087 2040 βιοτῆς
1118 1971 1430 2041 ἐφιέμενος,
1461 1970 1598 2024 ἀλλὰ
1632 1974 1745 2035 τοῖς
1767 1971 1934 2035 θείοις

354 2059 541 2127 νόμοις
573 2058 858 2134 ἑπόμενος.
911 2060 985 2112 Ού
1030 2060 1138 2131 γὰρ
1174 2060 1238 2131 δὴ
1277 2059 1524 2129 βούλεται
1562 2062 1709 2131 ἡμᾶς
1766 2061 1795 2114 ὁ
1845 2064 1935 2114 Δε-

355 2154 563 2224 σπότης
610 2154 689 2217 εἰς
720 2148 997 2224 προῦπτον
1034 2155 1261 2219 ἑαυτοὺς
1291 2154 1601 2225 ἐμϐάλλειν.
1632 2156 1742 2208 Καὶ
1777 2154 1936 2209 τοῦτο

351 2247 502 2313 ἡμᾶς
542 2238 602 2297 οὐ
636 2244 722 2298 διὰ
748 2245 923 2313 λόγων
960 2245 1143 2315 μόνον,
1180 2244 1317 2298 ἀλλὰ
1349 2245 1444 2299 καὶ
1470 2243 1559 2298 διὰ
1590 2246 1933 2317 πραγμάτων

348 2337 612 2402 ἐδίδαξεν.
638 2337 902 2399 Πολλάκις
923 2337 1031 2407 γάρ
1056 2336 1153 2400 τὰς
1172 2336 1489 2407 μιαιφόνους
1518 2336 1628 2390 τῶν
1661 2336 1933 2390 Ἰουδαίων

349 2428 593 2494 ἐξέκλινε
622 2432 833 2499 χεῖρας.
866 2429 977 2482 Καὶ
1016 2430 1043 2480 ὁ
1075 2428 1245 2498 μέγας
1270 2427 1326 2479 δὲ
1369 2427 1580 2499 Πέτρος
1608 2468 1622 2492 ,
1666 2428 1775 2481 τῶν
1795 2429 1932 2481 ἀπο-

348 2516 556 2571 στόλων
590 2520 617 2571 ό
647 2518 892 2590 πρῶτος,
924 2517 1215 2581 ἀπολυθεὶς
1251 2517 1359 2570 τῶν
1405 2517 1642 2587 δεσμῶν,
1688 2517 1782 2571 καὶ
1830 2517 1930 2578 τὰς

359 2610 604 2680 Ἡρώδου
632 2612 818 2681 χεῖρας
832 2608 1134 2679 διαφυγὼν,
1162 2610 1387 2678 ἀφίκετο
1412 2609 1511 2678 μὲν
1537 2609 1617 2671 είς
1632 2607 1729 2679 τὴν
1750 2608 1928 2662 οἰκίαν

341 2702 446 2774 τὴν
493 2702 738 2756 Ἰωάννου
776 2701 871 2755 τοῦ
921 2703 1357 2771 ἐπικαλουμένου
1402 2702 1657 2773 Μάρκου,
1706 2703 1799 2756 καὶ
1827 2702 1928 2775 τὴν

343 2792 571 2847 ἐκείνων
618 2792 871 2863 φροντίδα
923 2793 1088 2857 λύσας
1123 2796 1189 2865 τῇ
1242 2792 1523 2864 παρουσίᾳ
1556 2831 1572 2858 ,
1619 2795 1714 2846 καὶ
1768 2794 1927 2865 σιγὴν

343 2884 503 2952 ἄγειν
556 2883 819 2945 κελεύσας
841 2924 856 2948 ,
892 2884 972 2946 εἰς
1016 2883 1192 2937 οἰκίαν
1223 2883 1416 2953 ἐτέραν
1454 2882 1688 2953 μετέστη
1711 2923 1726 2948 ,
1761 2882 1925 2937 πλέον

341 2973 531 3028 λαθεῖν
554 2976 620 3045 τῇ
659 2972 958 3043 μεταϐάσει
990 2971 1349 3043 πειρώμενος.
1385 2970 1558 3025 Τοῦτο
1585 2972 1682 3036 τῆς
1710 2972 1926 3041 φιλοσο-

344 3065 477 3131 φίας
511 3064 573 3117 τὸ
618 3060 756 3126 εἶδος
786 3064 1091 3135 εὑρήσομεν
1123 3064 1225 3117 κάν
1269 3065 1339 3134 τῇ
1390 3062 1624 3135 Παλαιᾷ.
1665 3064 1777 3117 Καὶ
1818 3064 1927 3136 γὰρ

342 3156 591 3227 Μωῦσῆς
621 3156 825 3218 ἐκεῖνος
869 3157 897 3209 ό
962 3155 1361 3227 πολυύμνητος,
1398 3155 1589 3228 ἀνδρίᾳ
1632 3160 1699 3227 τῇ
1730 3174 1924 3229 προτε-
1950 3195 1992 3253 C

345 3247 481 3319 ραία
527 3245 669 3300 κατά
716 3245 810 3299 τοῦ
850 3247 1149 3313 Αἰγυπτίου
1189 3251 1536 3318 χρησάμενος
1559 3287 1575 3311 ,
1606 3243 1727 3302 εἶτα
1761 3251 1924 3317 γνοὺς

340 3340 413 3408 τῇ
473 3337 738 3409 ὑστεραίᾳ
798 3336 1100 3407 κατάδηλον
1161 3337 1253 3391 τὸν
1309 3338 1470 3408 φόνον
1526 3340 1923 3410 γεγενημένον,

341 3428 591 3499 ἀπέδρα,
631 3430 727 3481 καὶ
754 3428 961 3480 πολλῶν
985 3428 1104 3487 ὁδον
1137 3428 1397 3499 ἐξήνυσεν
1424 3427 1668 3499 ἡμερῶν,
1702 3432 1798 3484 καὶ
1826 3431 1923 3501 τὴν

339 3518 666 3574 Μαδιανίτιν
697 3516 967 3570 κατέλαϐε
1008 3514 1215 3586 χώραν.
1251 3514 1439 3581 Οὕτως
1483 3517 1671 3581 Ἠλίας
1698 3519 1728 3571 ὁ
1781 3518 1922 3573 πάνυ

340 3610 447 3673 τὰς
476 3610 574 3679 τῆς
615 3607 855 3672 Ἰεζάϐελ
888 3606 1225 3679 μεμαθηκὼς
1253 3608 1485 3670 ἀπειλάς
1506 3646 1521 3672 ,
1556 3612 1668 3672 τοῖς
1714 3609 1924 3664 ἀνελεῖν

343 3702 696 3774 βουλομένοις
730 3700 924 3754 ἑαυτὸν
956 3700 1058 3753 οὐκ
1093 3699 1386 3766 ἐξέδωκεν,
1423 3699 1561 3754 ἀλλά
1607 3699 1707 3770 τὴν
1740 3701 1924 3753 οίκου-

345 3793 518 3863 μένην
563 3790 901 3857 καταλιπὼν,
954 3791 1193 3863 ἔδραμεν
1228 3794 1307 3856 εἰς
1354 3792 1455 3863 τὴν
1502 3791 1728 3863 ἔρημον.
1769 3791 1835 3846 El
1865 3792 1923 3846 δὲ

338 3884 405 3937 τὸ
434 3885 627 3952 φυγεῖν
650 3880 759 3935 τῶν
787 3881 1172 3953 πολεμούντων
1193 3882 1293 3947 τὰς
1320 3886 1508 3955 χεῖρας
1544 3883 1692 3937 ὅσιόν
1728 3900 1788 3937 τε
1823 3883 1921 3938 καὶ

339 3972 465 4045 Θεῷ
514 3973 849 4046 προσφιλὲς,
890 3973 1073 4045 πολλῷ
1102 3974 1372 4043 δήπουθεν
1402 3973 1694 4047 ὁσιώτερον
1736 3974 1799 4029 τὸ
1847 3975 1922 4047 μὴ

340 4065 636 4137 πεισθῆναι
663 4064 743 4136 τῷ
768 4064 1088 4119 κελεύσαντι
1111 4066 1274 4119 αὑτὸν
1318 4066 1512 4119 ἑαυτοῦ
1539 4065 1795 4134 γενέσθαι
1825 4081 1922 4135 φο-

341 4159 460 4213 νέα.
496 4159 631 4212 Ούδὲ
657 4158 765 4229 γὰρ
793 4161 822 4212 ὁ
846 4158 1050 4229 Κύριος
1077 4153 1220 4223 εἶξεν
1252 4157 1498 4229 εἰρηκότι
1539 4156 1618 4228 τῷ
1653 4157 1919 4229 διαϐόλῳο

345 4269 368 4303 ε
405 4249 544 4303 Βάλε
578 4247 805 4303 σεαυτὸν
843 4248 1051 4304 ἀνωθεν
1100 4248 1268 4304 κάτω.
1325 4267 1343 4300 ι
1388 4249 1517 4302 "Urs
1546 4248 1603 4303 δὲ
1643 4249 1744 4312 τὰς
1793 4248 1923 4302 Ἰου-

336 4341 535 4404 δαῖκάς
564 4341 687 4394 κατ’
716 4338 881 4392 αὑτοῦ
919 4338 1233 4392 καθώπλισε
1265 4342 1474 4410 χεῖρας,
1508 4340 1598 4393 διὰ
1645 4340 1758 4394 τῶν
1811 4358 1923 4411 μα‹⁵

341 4432 569 4500 στίγων,
613 4430 709 4484 καὶ
736 4430 846 4482 τῶν
880 4430 1135 4485 ἀκανθῶν
1158 4472 1175 4497 ,
1223 4432 1318 4485 καὶ
1346 4432 1456 4485 τῶν
1496 4433 1662 4504 ἥλων,
1697 4435 1793 4488 καὶ
1820 4435 1921 4505 τῆς

2042 602 2304 667 educere,
2331 603 2426 658 sed
2461 612 2695 659 mortem
2724 604 2811 659 vel
2834 613 3191 674 spontaneam
3216 604 3301 658 vel
3326 604 3621 661 violentam

2043 693 2370 762 pmtolari.
2417 693 2574 760 Quod
2632 695 2839 750 docens
2868 696 3153 759 Dominus,
3183 711 3279 750 eos
3310 696 3404 766 qui
3434 712 3624 766 perse-

2042 785 2323 840 cutionem
2376 786 2434 840 in
2484 803 2594 842 una
2645 788 2868 843 civitate
2922 788 3222 857 patiantur,
3279 789 3336 842 in
3389 789 3619 843 alteram

2042 876 2232 948 fugere
2265 876 2547 947 praecepit,
2583 887 2748 947 atque
2779 879 2979 932 iterum
3038 892 3107 932 ex
3160 878 3264 933 hac
3300 879 3467 933 etiam
3510 877 3620 932 mi-

2040 985 2223 1038 grare,
2262 978 2318 1024 et
2354 969 2412 1023 in
2447 969 2609 1023 aliam
2643 968 2797 1023 abire
2830 970 2995 1038 jussit
3037 969 3079 1022 ⁸.
3124 969 3333 1040 1063
3380 968 3497 1035 Qua
3551 985 3618 1023 ex

2039 1061 2333 1131 disciplina
2395 1061 2618 1116 divinus
2685 1060 3025 1130 Apostolus'
3114 1061 3388 1129 praepositi
3441 1060 3620 1131 gentis

2040 1166 2239 1205 manus
2268 1150 2481 1221 effugit,
2527 1150 2776 1222 fugaeque
2811 1151 3033 1205 modum
3064 1164 3177 1204 non
3230 1151 3473 1215 reticuit,
3520 1151 3618 1206 sed

2039 1250 2096 1298 et
2153 1251 2393 1313 sportam
2431 1242 2904 1307 commemoravit,
2938 1250 2995 1297 et
3026 1256 3267 1306 murum,
3300 1252 3357 1296 et
3384 1250 3615 1311 portam,

2039 1349 2107 1389 eo
2136 1334 2359 1388 nomine
2386 1334 2632 1404 glorians
2663 1340 2719 1387 et
2764 1332 3067 1387 exsultans.
3122 1332 3235 1386 Lex
3282 1332 3487 1401 quippe
3531 1332 3618 1386 di-

2038 1426 2165 1480 vina
2188 1426 2481 1480 honestum
2521 1424 2576 1479 id
2605 1424 2873 1479 reddebat
2900 1422 3048 1493 quod
3101 1421 3420 1476 indecorum
3462 1421 3618 1477 vide-

2037 1517 2221 1572 batur.
2271 1516 2362 1571 Sic
2410 1524 2469 1570 et
2520 1515 2856 1571 Pharisaaum
2892 1529 2950 1569 se
3002 1513 3300 1577 interdum,
3339 1512 3619 1567 interdum

2037 1608 2344 1662 Romanum
2373 1607 2653 1676 professus
2681 1614 2785 1670 est,
2817 1621 2927 1660 non
2961 1613 3195 1659 mortem
3226 1604 3615 1669 reformidans,

2036 1695 2131 1751 sed
2178 1696 2420 1767 legitime
2467 1695 2759 1750 decertans
2792 1696 2832 1748 ⁸.
2867 1693 2958 1749 Sic
2988 1692 3257 1748 Caesarem
3299 1692 3615 1761 appellavit,

2036 1806 2161 1846 cum
2193 1789 2507 1844 Iudaeorum
2542 1787 2770 1843 insidias
2802 1785 3181 1857 praesensisset
3215 1785 3259 1849 ⁷,
3299 1783 3618 1853 sororisque

1964 1849 2009 1905 Β
2037 1884 2210 1938 filium
2265 1881 2415 1936 misit
2450 1880 2519 1935 ad
2555 1849 2859 1942 tribunum,
2907 1883 2965 1932 et
3008 1875 3236 1931 insidias
3278 1849 3542 1945 patefecit
3571 1874 3614 1938 ',

2035 1988 2147 2028 non
2180 1972 2349 2026 vitam
2379 1977 2707 2040 prasentem
2737 1975 3023 2037 expetens,
3056 1965 3152 2020 sed
3171 1965 3387 2035 legibus
3411 1964 3617 2020 divinis

2035 2062 2443 2131 obtemperans.
2474 2059 2663 2129 Neque
2696 2058 2841 2112 enim
2881 2057 2998 2111 vult
3036 2057 3323 2123 Dominus,
3367 2065 3427 2111 ut
3471 2071 3615 2126 prae-

2034 2152 2231 2224 cipites
2280 2166 2384 2206 nos
2432 2151 2583 2221 ipsos
2635 2164 2881 2220 agamus,
2909 2155 3075 2218 atque
3101 2148 3207 2203 hoc
3232 2164 3334 2203 nos
3361 2148 3476 2218 ipse
3502 2163 3614 2202 non

2033 2247 2218 2303 verbis
2248 2243 2432 2309 modo,
2469 2241 2567 2299 sed
2600 2241 2759 2297 factis
2776 2240 2941 2296 etiam
2966 2240 3173 2295 docuit.
3209 2239 3421 2310 Saepius
3445 2239 3613 2294 etiam

2032 2344 2295 2391 cruentas
2320 2332 2639 2389 Judteorum
2668 2345 2865 2385 manus
2893 2328 3211 2383 declinavit.
3261 2329 3330 2383 Et
3381 2342 3615 2398 magnus

2030 2426 2247 2491 Petrus,
2282 2423 2659 2495 apostolorum
2689 2422 2925 2492 primus,
2960 2420 3199 2476 vinculis
3246 2420 3460 2475 solutus
3507 2418 3616 2473 lle-

2030 2520 2291 2589 rodisque
2338 2516 2596 2571 manibus
2644 2516 2886 2585 elapsus,
2918 2514 3073 2570 venit
3096 2514 3162 2568 ad
3193 2513 3417 2568 domum
3448 2511 3614 2567 Joan-

2026 2612 2136 2675 nis,
2186 2610 2285 2680 qui
2338 2608 2763 2679 cognominatus
2810 2613 2897 2662 est
2947 2606 3181 2669 Marcus,
3232 2612 3291 2660 et
3337 2619 3464 2659 cum
3500 2604 3613 2658 illis

2028 2700 2455 2760 sollicitudinem
2484 2700 2773 2771 praesentia
2813 2714 2913 2754 sua
2972 2697 3268 2753 exemisset
3304 2696 3613 2752 silentium-

2027 2811 2136 2867 que
2181 2795 2527 2865 imperasset,
2588 2791 2646 2847 in
2696 2792 2861 2846 aliam
2917 2791 3144 2846 domum
3203 2805 3263 2846 se
3305 2788 3607 2853 transtulit,

2026 2889 2136 2944 hoc
2155 2896 2408 2958 satagens
2430 2894 2493 2940 ut
2524 2883 2688 2940 sedes
2723 2882 2990 2938 mutando
3027 2882 3266 2951 amplius
3315 2881 3513 2935 lateret
3561 2880 3606 2933 ν.

2027 2979 2144 3034 Hoc
2175 2975 2542 3048 philosophiae
2582 2990 2758 3047 genus
2805 2972 2863 3027 in
2890 2973 3067 3027 veteri
3095 2971 3264 3026 etiam
3301 2970 3419 3040 lege
3454 2984 3612 3039 repe-

2026 3069 2256 3124 riemus.
2292 3067 2427 3122 Nam
2457 3074 2515 3121 et
2537 3065 2713 3120 Moses
2745 3063 2836 3118 ille
2868 3061 3289 3127 celeberrimus,
3322 3076 3449 3115 cum
3496 3060 3613 3131 pri-

2026 3160 2116 3214 die
2156 3159 2376 3215 fortitcr
2409 3157 2612 3228 egisset
2652 3155 2710 3210 in
2740 3154 3181 3226 Egyptium,'ac
3218 3151 3485 3224 postridie
3506 3166 3613 3206 cae-

2025 3252 2153 3306 dem
2188 3264 2311 3306 esse
2341 3248 2669 3319 patefactam
2724 3245 3108 3316 comperisset,
3163 3243 3345 3315 fugam
3396 3242 3543 3307 iniit,
3590 3243 3611 3262 '

2024 3341 2436 3409 multorumque
2501 3338 2718 3393 dierum
2775 3337 2884 3391 iter
2932 3351 3194 3410 emensus
3237 3334 3495 3405 pervenit
3550 3333 3610 3389 in

2023 3430 2435 3486 Madianitidem
2497 3427 2776 3499 regionem
2813 3427 2878 3480 ¹⁰.
2912 3426 2981 3481 Et
3005 3440 3233 3496 magnus
3256 3425 3424 3489 Elias,
3449 3423 3609 3478 Jeza-

2022 3523 2163 3579 belis
2195 3521 2373 3577 minas
2395 3536 2521 3577 cum
2560 3520 2863 3583 didicisset,
2914 3519 2981 3573 iis
3014 3518 3110 3588 qui
3154 3517 3407 3572 occidere
3457 3515 3610 3569 vole-

2024 3615 2158 3670 bant
2207 3611 2420 3684 1064
2472 3612 2713 3682 seipsum
2755 3627 2864 3666 non
2908 3609 3154 3674 tradidit,
3192 3608 3287 3663 sed
3316 3606 3607 3662 habitabili

2024 3708 2234 3771 relicta,
2259 3705 2400 3776 fugit
2428 3705 2486 3759 in
2520 3704 2875 3759 solitudinem
2909 3705 2973 3759 ¹¹.
3000 3701 3157 3769 Quod
3189 3701 3235 3756 si
3267 3716 3608 3771 persequen-

2024 3800 2162 3854 tium
2221 3813 2419 3853 manus
2475 3795 2718 3869 en‘ugere
2764 3804 3017 3852 sanctum
3065 3796 3289 3865 Deoquc
3320 3801 3607 3864 acceptum

2022 3899 2129 3955 est,
2176 3890 2352 3945 multo
2387 3888 2579 3959 utique
2621 3890 2864 3944 sanctius
2885 3889 2936 3945 ei
2973 3888 3068 3960 qui
3099 3888 3185 3943 sui
3215 3887 3388 3958 ipsius
3420 3886 3606 3941 homi-

2024 3983 2201 4038 cidam
2230 3995 2354 4037 esse
2391 3979 2622 4036 suadeat
2652 3996 2764 4036 non
2803 3980 3057 4050 obsequi.
3096 3980 3285 4049 Neque
3309 3978 3458 4053 enim
3484 3992 3607 4032 ces-

2022 4073 2095 4129 sit
2115 4071 2383 4127 Dominus
2403 4070 2625 4125 diabolo
2640 4069 2847 4125 dicenti
2878 4086 2892 4122 :
2926 4087 2943 4120 ι
2968 4069 3121 4124 Mitte
3145 4076 3196 4123 te
3217 4067 3474 4123 deorsum
3496 4068 3560 4120 ι’.
3580 4085 3598 4119 ι

2021 4163 2091 4218 Et
2115 4161 2340 4233 quando
2366 4159 2624 4216 Judaicas
2649 4159 2705 4213 in
2725 4174 2853 4214 eum
2877 4174 3072 4213 manus
3092 4157 3329 4211 armavit
3353 4155 3601 4226 flagellis,

2020 4262 2078 4312 et
2106 4253 2302 4324 spinis,
2333 4259 2391 4307 et
2419 4252 2609 4316 clavis,
2640 4258 2974 4321 preperante
3001 4257 3261 4305 creatura
3287 4248 3471 4317 impiis
3495 4246 3604 4301 illis

2021 4346 2251 4402 exitium
2282 4343 2509 4407 inferre,
2540 4342 2657 4412 ipse
2685 4350 2942 4412 tanquam
2974 4340 3244 4395 Dominus
3292 4338 3599 4409 prohibuit,

2021 4437 2334 4509 passionem
2396 4449 2551 4488 suam
2600 4431 2784 4488 sciens
2833 4433 3044 4487 mundo
3101 4446 3224 4488 esse
3284 4431 3600 4486 salutarem.

339 4522 576 4586 κτίσεως
607 4521 972 4592 ἐπειγομένης
1014 4525 1130 4585 τοῖς
1154 4522 1456 4595 ἀλιτηρίοις
1494 4525 1724 4589 ἐκείνοις
1775 4543 1916 4580 παν-

2028 4535 2317 4604 Propterea
2362 4529 2467 4586 sub
2522 4528 2695 4599 ipsam
2748 4526 3061 4597 passionem
3108 4523 3371 4596 apostolis
3412 4521 3549 4577 dixit
3583 4539 3597 4575 :

338 4611 607 4684 ωλεθρίαν
639 4612 962 4680 ἐπαγαγεῖν,
994 4612 1156 4677 αὐτὸς
1188 4613 1264 4676 ὡς
1305 4614 1583 4683 Δεσπότης
1622 4614 1918 4683 ἐκώλυσεν,

338 4702 498 4767 εἰδὼς
530 4703 593 4757 τὸ
619 4703 791 4768 πάθος
836 4702 915 4774 τῷ
969 4703 1160 4775 κόσμῳ
1194 4706 1482 4776 σωτήριον.
1522 4705 1623 4759 Διά
1648 4723 1733 4761 τοι
1760 4707 1923 4764 τοῦτο

338 4798 438 4851 καὶ
460 4795 613 4867 παρά
631 4795 693 4849 τὸ
709 4795 879 4860 πάθος
893 4801 1006 4861 τοῖς
1029 4798 1350 4860 ἀποστόλοις
1365 4798 1550 4868 ἔλεγεν
1573 4815 1587 4830 ο
1618 4816 1638 4850 ι
1675 4798 1920 4867 Εῠξασθε

341 4890 420 4962 μὴ
450 4889 713 4945 εἰσελθεῖν
740 4892 823 4954 είς
858 4891 1190 4962 πειρασμόν.
1228 4910 1249 4944 ι
1279 4892 1390 4945 Καὶ
1420 4895 1567 4964 ἡμᾶς
1597 4892 1776 4963 λέγειν
1809 4895 1922 4950 ἐδί-

335 4981 499 5048 δαξεν
518 4998 531 5010 ·
570 5001 588 5035 ι
622 4983 733 5036 Καὶ
756 4982 832 5053 μὴ
863 4982 1181 5056 εἰσενέγκῃς
1205 4985 1352 5054 ἡμᾶς
1376 4987 1457 5049 είς
1490 4987 1815 5058 πειρασμόν.
1856 5006 1876 5041 ι

410 5075 997 5147 Μετασχηματίσωμεν
1034 5076 1127 5139 δέ,
1151 5077 1202 5129 εἰ
1238 5075 1427 5142 δοκεῖ,
1461 5078 1637 5150 μικρά
1666 5096 1790 5133 τινα
1823 5078 1919 5133 τοῦ

338 5166 753 5238 προϐλήματος,
796 5167 891 5220 καὶ
917 5166 1250 5239 σαφέστερον
1281 5167 1638 5239 μαθησόμεθα
1659 5169 1759 5242 τὴν
1784 5170 1921 5239 ἀλή-

337 5259 526 5313 θειαν
558 5259 653 5311 καί
682 5258 1007 5328 ἀφελόμενοι
1035 5257 1131 5313 τοῦ
1162 5258 1323 5328 λόγου
1349 5261 1451 5332 τὴν
1482 5260 1775 5328 θάλατταν,
1805 5261 1923 5333 φῶ-

342 5368 443 5418 μεν
485 5349 634 5420 ξίφος
683 5350 986 5423 ἐγχειρίσαι
1035 5350 1129 5404 τὸν
1184 5350 1445 5423 δικαστὴν
1500 5353 1758 5425 ἐκατέρῳ
1808 5354 1919 5409 τῶν

338 5441 614 5512 ἀθλητῶν,
645 5443 741 5495 καὶ
764 5440 1074 5513 προστάξαι
1102 5442 1195 5496 τὸν
1222 5444 1323 5497 οὐκ
1369 5444 1699 5515 ἀνεχόμενον
1730 5445 1913 5513 θῦσαι,

336 5532 439 5604 τὴν
468 5532 679 5587 οἰκείαν
708 5535 965 5605 ἐκτεμεῖν
992 5534 1238 5606 κεφαλήν
1258 5553 1272 5568 ’
1301 5536 1385 5602 τίς
1411 5532 1506 5592 οὖν
1532 5538 1640 5610 ἄρα
1681 5535 1742 5593 εὖ
1788 5557 1921 5611 φρο-

413 5668 434 5740 F
481 5667 697 5740 Matth,
730 5685 784 5735 x,
840 5671 931 5727 23.
1042 5672 1064 5704 ⁸
1103 5673 1148 5728 ll
1188 5672 1317 5729 Cor.
1367 5690 1425 5740 ιι,
1467 5673 1557 5729 3'5.

322 5739 518 5813 ~fAct.
559 5739 748 5813 xn,l_2
780 5755 956 5812 scqq..
1038 5744 1082 5777 ¹⁰
1107 5743 1279 5800 Exod.
1343 5761 1402 5813 ιι,
1459 5746 1544 5801 l5.

339 5808 552 5890 “'Lttc.
589 5824 664 5875 ιιι,
693 5809 745 5863 4.

2032 4642 2050 4676 ι
2085 4622 2252 4680 Orate
2273 4628 2334 4676 ut
2356 4635 2466 4675 non
2509 4617 2729 4674 intretis
2757 4617 2815 4672 in
2848 4617 3215 4672 tentationem
3240 4615 3305 4669 ¹³.
3342 4632 3361 4665 ι
3398 4614 3469 4670 Ει
3498 4627 3603 4669 nos

2023 4718 2211 4773 dicere
2247 4713 2437 4771 docuit
2478 4729 2494 4766 :
2532 4730 2550 4764 ι
2581 4712 2651 4767 Ει
2683 4726 2756 4767 ne
2798 4724 2903 4766 nos
2930 4708 3164 4765 inducas
3225 4708 3285 4764 in
3346 4705 3607 4764 tentatio-

2024 4823 2152 4865 nem
2187 4807 2252 4861 “.
2287 4824 2307 4857 ι

2094 5087 2512 5143 Commutemus
2538 5090 2747 5144 autem,
2785 5077 2833 5134 si
2878 5077 3082 5148 placet,
3132 5088 3307 5145 pauca
3353 5071 3606 5143 quaedam

2026 5177 2087 5232 in
2131 5173 2414 5247 proposita
2449 5172 2780 5244 quaestione,
2813 5176 2872 5225 et
2911 5168 3204 5224 veritatem
3228 5175 3475 5237 apertius
3506 5180 3604 5219 co-

2027 5279 2355 5339 gnoscemus
2390 5281 2405 5318 :
2460 5278 2547 5328 ac,
2570 5261 2743 5318 maris
2789 5258 3015 5316 nomine
3068 5257 3313 5323 sublato,
3356 5256 3605 5312 dicamus

2018 5357 2266 5429 iudicem
2317 5353 2562 5426 gladium
2614 5352 2837 5422 utrique
2878 5351 3100 5407 athletae
3155 5348 3488 5420 porrexisse,
3538 5358 3606 5400 ac

2019 5448 2276 5522 iussisse,
2325 5454 2390 5501 ut
2418 5444 2516 5515 qui
2546 5442 2859 5500 sacriﬁcare
2888 5443 3083 5507 nollet,
3116 5454 3277 5496 suum
3307 5436 3414 5492 sibi
3439 5442 3607 5506 caput

2026 5546 2340 5611 amputaret
2366 5553 2381 5591 :
2418 5535 2544 5606 quis
2569 5536 2681 5606 jam
2704 5535 2907 5591 mentis
2932 5547 3159 5602 compos
3180 5530 3448 5585 sustineat
3470 5542 3604 5598 pro.

1660 5676 1682 5708 ⁸
1707 5676 1830 5731 Act.
1871 5694 1928 5733 ιιι

2077 5676 2140 5744 6;
2172 5692 2304 5739 xx",
2336 5671 2426 5726 25.
2504 5670 2545 5744 ff
2578 5669 2721 5744 Δᾼειἰ
2752 5684 2876 5732 xxv,
2904 5665 3072 5744 ΑΟ..-
3099 5662 3148 5744 _‘_
3166 5661 3291 5744 Act.
3328 5675 3479 5725 xxm,

1652 5746 1693 5778 “
1728 5747 1796 5803 Ill
1821 5747 1955 5819 Reg.
2015 5765 2125 5813 xxx,
2194 5749 2219 5801 l
2266 5758 2420 5815 seqq.

2501 5740 2542 5773 ¹¹
2573 5740 2762 5797 Matth.
2795 5729 2872 5805 tv,
2897 5737 2951 5793 6.
3029 5733 3073 5766 ⁸³
3098 5732 3290 5788 Matth.
3316 5747 3464 5797 xxvi,
3507 5729 3598 5787 41.
