4056 6416
527 389 662 454 1179

1523 391 1990 454 THEODORETI
2028 390 2366 452 EPISCOPI
2405 392 2768 457 CYRENSIS

3615 394 3734 464 1180

522 502 646 571 prio
691 504 955 572 sanguine
1009 511 1295 558 cruentare
1346 503 1649 570 dexteram,
1697 505 1892 574 suique
1925 501 2088 573 ipsius

2198 502 2303 556 νῶν
2331 505 2589 575 ἠνέσχετο
2625 507 2693 560 ἂν
2723 507 2916 577 αἵματι
2952 505 3140 577 οίκειῳ
3180 506 3412 575 φοινίξαι
3430 505 3523 576 τὴν
3550 507 3730 575 δεξιὰν,

523 593 838 650 carniﬁcem
873 595 1009 660 ﬂeri,
1047 606 1103 651 et
1138 597 1414 652 inimicam
1454 613 1677 651 manum
1719 596 1972 660 reddere,
2014 604 2095 649 at-

522 701 632 754 que
692 687 882 756 iniqua
927 687 1143 758 jubenti
1194 689 1365 760 judici
1419 689 1658 759 parere?
1703 688 1872 742 Multo
1931 687 2096 757 igitur

522 775 685 830 laude
737 776 955 846 dignior
1001 788 1086 832 est
1147 779 1444 834 secundus.
1500 780 1743 834 Priorem
1789 778 1938 832 enim
1979 778 2094 832 sola

521 868 871 922 commendat
910 869 1082 922 animi
1135 871 1390 925 alacritas
1419 888 1432 924 :
1465 871 1701 925 alterum
1731 887 1863 926 vero
1895 879 2094 938 praeter

520 958 861 1013 alacritatem
901 971 1063 1015 ornat
1111 963 1327 1016 consilii
1382 962 1676 1016 rectitudo.
1726 963 1851 1016 Haec
1870 976 1970 1030 ego
1993 976 2094 1030 pro

519 1048 647 1103 data
679 1051 815 1104 mihi
851 1053 1097 1107 scientiae
1121 1070 1379 1108 mensura
1413 1054 1732 1125 dijudicavi.
1765 1053 1814 1107 Is
1841 1068 1974 1106 vero
1997 1051 2092 1121 qui

518 1149 575 1193 et
598 1156 687 1195 res
712 1151 769 1197 et
798 1143 1156 1214 cogitationes
1190 1146 1336 1199 clare
1375 1146 1548 1208 novit,
1586 1145 1641 1198 in
1674 1144 1762 1198 dic
1793 1144 2090 1214 apparitio-

519 1231 605 1286 nis
629 1233 882 1305 ostendet
913 1244 1035 1290 uter
1063 1237 1368 1292 consultius
1401 1236 1809 1291 deliberaverit.

901 1530 1108 1601 1065
1139 1532 1225 1587 IV.
1258 1563 1326 1572 ——
1351 1532 1700 1587 Ileortastica.

589 1642 906 1696 Animarum
934 1661 1336 1714 corporumque
1360 1645 1624 1702 Conditor
1647 1647 1864 1718 utrique
1884 1656 2096 1704 naturae

520 1733 805 1786 commoda
835 1734 1061 1803 largitus
1090 1745 1191 1797 est,
1242 1746 1404 1806 atque
1430 1753 1537 1791 una
1565 1753 1666 1792 nos
1691 1749 1746 1792 et
1772 1749 2009 1793 mentem
2039 1747 2094 1793 et

520 1837 739 1876 sensum
771 1826 1123 1892 pascentibus
1148 1827 1304 1882 bonis
1329 1830 1649 1883 cumulavit.
1697 1830 1834 1885 Cum
1860 1833 2092 1886 sanctis-
2126 1855 2168 1909 Β

517 1913 654 1967 simo
676 1915 821 1968 enim
843 1916 980 1970 festo
1004 1917 1242 1986 pluviam
1264 1935 1482 1989 quoque
1500 1921 1899 1989 optatissimam
1915 1922 2087 1986 dedit,

517 2010 577 2054 ut
607 2003 844 2056 tristitia:
867 2020 1092 2058 vacuam
1122 2007 1376 2062 redderet
1400 2009 1802 2063 celebritatem.
1828 2010 1938 2064 Nos
1960 2028 2090 2066 vero

517 2092 837 2147 munificum
889 2096 1179 2151 laudantes
1223 2099 1514 2152 Dominum
1538 2141 1551 2163 ,
1590 2100 1813 2156 festivas
1843 2103 1910 2156 de
1939 2119 2089 2158 more

515 2178 726 2235 litteras
779 2184 1102 2249 scribimus,
1165 2195 1422 2256 tuamque
1466 2191 1769 2245 salutantes
1809 2192 2086 2260 pietatem,

515 2271 830 2326 orationum
855 2277 1117 2330 auxilium
1151 2277 1522 2348 deposcimus.

1026 2497 1086 2552 V.
1125 2528 1194 2538 ——-
1224 2499 1575 2555 IIeortastica.

583 2605 686 2672 Qui
719 2621 818 2661 nos
847 2609 996 2663 curis
1024 2611 1428 2683 angoribusque
1462 2623 1587 2682 post
1614 2625 1899 2684 peccatum
1927 2616 2084 2671 addi-

517 2696 591 2751 xit
639 2698 892 2753 conditor
935 2701 1105 2767 Deus,
1160 2705 1550 2760 consolationis
1575 2708 1895 2763 occasiones
1927 2709 2087 2764 nobis

513 2792 885 2859 suppeditavit
931 2793 1144 2850 divinas
1177 2796 1534 2866 interponens
1576 2799 1920 2856 festivitates.
1975 2803 2084 2857 Ha-

515 2893 634 2932 rum
660 2881 808 2935 cnim
835 2891 1156 2951 argumenta
1189 2893 1245 2938 et
1266 2901 1524 2941 concessa
1555 2889 1716 2942 nobis
1741 2906 1770 2943 a
1794 2892 1907 2945 Deo
1927 2892 2088 2946 bene-

515 2967 637 3022 ﬁcia
687 2970 743 3023 in
787 2980 1026 3026 mentem
1072 2985 1361 3042 revocant,
1420 2987 1476 3030 et
1516 2979 1816 3047 perfectam
1846 2981 2085 3036 tristium

514 3061 761 3113 omnium
811 3060 1194 3117 liberationem
1238 3066 1583 3121 denuntiant.
1644 3070 1740 3123 llis
1778 3070 1938 3125 bonis
1974 3073 2086 3142 jam

514 3165 663 3204 nunc
689 3149 956 3217 fruentes,
984 3154 1435 3228 abundantesque
1459 3159 1646 3214 laetitia
1668 3201 1682 3225 ,
1731 3163 2086 3232 magnificen-

518 3240 646 3293 tiam
681 3249 829 3295 tuam
865 3244 1186 3311 salutamus,
1219 3257 1274 3302 et
1302 3250 1578 3314 amicitiae,
1615 3260 1676 3306 ut
1701 3252 1824 3308 festi
1846 3255 1932 3309 lex
1958 3269 2086 3324 pos-

518 3332 674 3398 tulat,
706 3333 884 3389 ollicio
905 3336 1308 3408 perfungimur.

1010 3542 1094 3595 Vl.
1123 3573 1190 3581 ——
1225 3543 1571 3601 Heertastica.
1669 3561 1671 3564 ‘

581 3649 864 3706 Concessit
888 3653 1048 3708 nobis
1069 3655 1339 3727 benignus
1362 3659 1647 3727 Dominus,
1671 3675 1731 3717 ut
1747 3679 1870 3718 cum
1885 3663 2085 3722 Christi

514 3742 748 3795 amantis
773 3743 960 3811 populi
987 3745 1266 3802 alacritate
1288 3749 1529 3804 divinam
1551 3761 1606 3807 et
1626 3754 1920 3810 salutarem
1939 3757 2092 3811 festi-

514 3830 740 3886 vitatem
773 3849 1182 3904 perageremus,
1216 3840 1629 3912 spiritualisque
1658 3861 1812 3900 ex-ea
1837 3849 2088 3903 utilitatis

513 3922 727 3978 fructus
753 3940 1094 3994 caperemus.
1148 3931 1326 3994 Quare
1357 3942 1461 3987 tua)
1489 3950 1617 4005 erga
1639 3953 1739 3992 nos
1762 3938 1981 4008 pietatis
2005 3940 2086 3994 af-

513 4013 716 4069 fectum
747 4033 1068 4087 agnoscens,
1121 4021 1223 4076 hac
1253 4023 1320 4078 de
1343 4040 1401 4079 re
1429 4039 1640 4082 certum
1672 4038 1723 4084 te
1754 4047 1852 4100 per
1876 4033 2086 4089 litteras

512 4105 674 4161 facio.
729 4109 1007 4166 Laetamur
1045 4115 1193 4168 enim
1245 4116 1338 4186 qui
1365 4133 1494 4188 erga
1524 4120 1736 4190 aliquos
1782 4123 1922 4179 bene
1957 4133 2087 4180 sunt

512 4195 717 4265 affecti,
753 4218 878 4256 cum
910 4203 977 4258 de
1005 4204 1116 4260 illis
1143 4207 1250 4261 laeti
1277 4209 1557 4280 quidpiam
1587 4213 1920 4271 audiverint.

897 4405 1110 4478 1066
1142 4408 1253 4464 VII.
1287 4439 1358 4450 —
1393 4410 1694 4468 Theonillw.

2196 595 2290 646 καὶ
2317 595 2510 665 δήμιος
2536 597 2728 650 ἑαυτοῦ
2757 596 3029 666 γενέσθαι,
3072 598 3169 650 καῖ
3195 596 3453 667 πολεμίαν
3485 597 3735 668 ἀποφῆναι

2193 685 2292 756 τὴν
2335 690 2521 757 χεῖρα,
2569 690 2664 742 καὶ
2708 686 2848 755 εἶξαι
2885 689 2964 760 τῷ
3007 689 3308 760 παρανόμῳ
3335 689 3634 745 κελεύσαντι
3661 693 3734 745 διο

2196 779 2369 847 καστῇ
2391 794 2405 838 ;
2429 778 2617 849 Πολλῷ
2652 779 2942 850 τοιγαροῦν
2967 782 2996 832 6
3018 779 3268 850 δεύτερος
3294 778 3736 851 ἀξιαγαστότερος,

2197 865 2286 936 Τῷ
2322 868 2571 940 προτέρῳ
2612 871 2711 938 μὲν
2751 869 2861 941 γὰρ
2902 872 2934 940 ἠ
2983 869 3265 940 προθυμία
3297 869 3431 939 μόνη
3461 871 3737 941 προσφέρει

2194 959 2293 1028 τὴν
2315 959 2609 1030 εὐφημίαν,
2635 960 2725 1014 τὸν
2752 961 2806 1014 δέ
2833 961 3084 1032 δεύτερον
3117 959 3251 1030 πρὸς
3273 963 3339 1029 τῇ
3366 960 3634 1030 προθυμίᾳ
3655 961 3740 1013 καὶ⁸

2195 1051 2228 1120 ὴ
2266 1049 2514 1104 εὐϐουλία
2538 1055 2750 1122 κοσμεῖ.
2789 1053 2975 1105 Ταῦτα
3007 1052 3117 1120 ἐγὼ
3162 1051 3260 1122 μὲν
3294 1051 3427 1122 πρὸς
3454 1051 3513 1103 τὸ
3541 1051 3740 1120 δεδομέ-

2195 1158 2286 1195 νον
2311 1141 2413 1210 τῆς
2455 1141 2709 1211 γνώσεως
2739 1145 2933 1214 μέτρον
2954 1143 3196 1212 διέκρινα
3216 1159 3229 1172 ⁸
3254 1143 3283 1193 6
3307 1142 3364 1195 δὲ
3378 1142 3472 1194 καὶ
3495 1141 3562 1192 τὰ
3583 1142 3743 1212 πράγ-

2198 1251 2344 1304 ματα
2378 1235 2473 1288 καὶ
2496 1235 2566 1288 τά
2603 1235 2967 1306 ἐνθυμήματα
2995 1236 3180 1304 σαφῶς
3207 1234 3586 1303 ἐπιστάμενος,
3612 1235 3741 1304 ἐντῇ

2193 1324 2292 1390 τῆς
2324 1324 2643 1392 ἐπιφανείας
2679 1324 2861 1396 ἡμέρᾳ
2891 1323 3058 1389 δείξει
3092 1326 3182 1378 τὸν
3227 1324 3446 1394 ἄμεινον
3476 1322 3746 1390 βουλευσα-

2199 1431 2382 1482 μενον.

2667 1533 2739 1585 Δ’.
2759 1559 2832 1570 —
2868 1528 3274 1598 Ἐορταστική.

2275 1645 2332 1698 '0
2358 1645 2544 1715 ψυχῶν
2573 1645 2666 1698 καὶ
2696 1645 2967 1714 σωμάτων
3011 1644 3355 1713 Δημιουργὸς
3393 1641 3625 1712 ἑκατέρα
3659 1640 3748 1709 φύο

2199 1753 2278 1788 σει
2310 1737 2379 1788 τὰ
2407 1737 2692 1807 πρόσφορα
2722 1735 2942 1800 δέδωκε,
2979 1733 3074 1787 καὶ
3108 1735 3249 1785 κατά
3277 1731 3472 1785 ταυτὸν
3513 1733 3651 1800 ἡμᾶς
3672 1733 3751 1783 καὶ

2199 1832 2310 1890 τοῖς
2339 1831 2552 1899 νοητοῖς
2575 1827 2858 1897 αἰσθητοῖς
2884 1825 3181 1878 ἐπέκλυσεν
3213 1821 3459 1890 ἀγαθοῖς.
3485 1821 3632 1874 Μετά
3656 1821 3752 1890 γὰρ

2197 1919 2260 1988 δὴ
2286 1921 2385 1990 τῆς
2426 1917 2704 1986 παναγοῦς
2736 1917 2927 1987 ἑορτῆς
2959 1917 3050 1969 καὶ
3077 1915 3166 1968 τὸν
3203 1913 3534 1984 τριπόθητον
3575 1912 3753 1965 ἔδωκεν

2199 2008 2373 2073 ὑετὸν,
2400 2007 2485 2060 ἴνα
2513 2007 2757 2077 καθαρὰν
2786 2005 3025 2076 ἀθυμίας
3042 2006 3140 2075 τὴν
3162 2006 3474 2075 πανήγυριν
3499 2004 3752 2072 ἀποῖτῆνῖἶ⁶

2208 2097 2400 2166 Ἰἰμεῖς
2430 2097 2487 2149 δὲ
2537 2096 2627 2148 τὸν
2666 2095 3046 2166 μεγαλόδωρον
3093 2095 3442 2166 ὑμνήσαντες
3479 2092 3758 2160 Δεσπότην,

2197 2190 2311 2250 τοῖς
2373 2188 2748 2256 ἐορταστικοῖς
2793 2185 3038 2256 συνήθως
3092 2182 3419 2255 κεχρήμεθα
3462 2181 3758 2254 γράμμασι,

2197 2279 2290 2330 καὶ
2322 2277 2420 2346 τὴν
2467 2277 2566 2347 σὴν
2610 2277 2922 2332 θεοσέϐειαν
2966 2275 3507 2346 προσφθεγγόμενοι,
3543 2273 3636 2342 τὴν
3667 2271 3760 2325 ἀπδ

2195 2369 2302 2422 τῶν
2330 2370 2647 2440 προσευχῶν
2672 2369 2930 2439 αἰτοῦμεν
2963 2368 3231 2439 βοήθειαν.

2671 2505 2746 2557 Ε’.
2775 2534 2844 2544 --
2885 2503 3305 2570 Ἑορταστική,

2263 2616 2544 2687 Φροντίσιν
2595 2618 2742 2687 ἡμᾶς
2778 2618 2872 2669 καὶ
2922 2616 3118 2678 λύπαις
3164 2616 3310 2685 μετὰ
3354 2615 3454 2685 τὴν
3506 2614 3763 2684 ἁμαρτίαν

2197 2708 2456 2773 συζεύξας
2493 2710 2522 2761 6
2558 2709 2968 2779 δημιουργήσας
3001 2709 3155 2771 Θεὸς,
3191 2707 3478 2778 παρέσχεν
3503 2709 3630 2778 ἡμῖν
3669 2723 3764 2759 πα-

2199 2801 2445 2871 ραψυχῆς
2472 2801 2726 2872 ἀφορμὰς
2761 2802 2858 2864 τάς
2893 2801 3042 2864 θείας
3067 2803 3124 2854 ἐν
3159 2801 3320 2870 μέσῳ
3363 2799 3629 2862 τεθεικὼς
3653 2801 3764 2870 ἐορ-

2193 2893 2311 2954 τάς.
2344 2894 2410 2944 Δί
2450 2893 2560 2959 γὰρ
2598 2893 2806 2944 τούτων
2842 2891 3128 2954 ὑποθέσεις
3173 2891 3269 2944 καὶ
3327 2893 3438 2944 τῶν
3491 2891 3768 2946 θεοσδότων

2195 2986 2341 3054 ἡμᾶς
2368 2985 2844 3057 ἀναμιμνήσκουσι
2873 2983 3113 3054 δωρεῶν,
3139 2985 3232 3036 καὶ
3260 2985 3369 3055 τὴν
3405 2985 3646 3054 παντελῆ
3670 2983 3770 3036 τῶν

2195 3076 2438 3146 ἀνιαρῶν
2478 3077 2856 3147 προμηνύουσι
2906 3077 3078 3128 λύσιν.
3133 3075 3359 3129 Τούτων
3423 3078 3532 3129 τῶν
3564 3077 3772 3144 ἀγαθῶν

2196 3168 2289 3221 καὶ
2315 3168 2410 3222 νῦν
2440 3167 2872 3232 ἀπολαύσαντες,
2897 3170 2987 3222 καὶ
3015 3169 3284 3239 θυμηδίας
3310 3169 3768 3238 ἀναπλησθέντες,

2194 3258 2291 3328 τὴν
2321 3257 2418 3330 σὴν
2467 3258 2948 3330 μεγαλοπρέπειαν
2989 3258 3524 3330 προσφθεγγόμεθα,
3560 3261 3651 3314 καὶ
3683 3259 3773 3326 τῆς

2192 3351 2378 3419 φιλίας
2414 3351 2476 3403 τὸ
2530 3351 2729 3421 μέτρον
2788 3352 3072 3421 ἐκτίνομεν
3125 3351 3268 3403 κατὰ
3323 3353 3419 3405 τὸν
3469 3353 3632 3421 νόμον
3683 3351 3772 3419 τῆς

2192 3443 2402 3515 ἑορτῆς.

2662 3558 2751 3622 ς’.
2785 3585 2853 3595 —
2895 3556 3309 3624 'Eoptaoz-mri.

2265 3665 2548 3736 Παρέσχεν
2577 3667 2708 3736 ἡμῖν
2732 3666 2760 3717 6
2791 3666 3174 3737 φιλάνθρωπος
3199 3667 3492 3737 Δεσπότης
3520 3667 3660 3738 μετὰ
3685 3666 3776 3734 τῆς

2189 3756 2284 3809 τοῦ
2313 3757 2655 3828 φιλοχρίστου
2683 3757 2814 3810 λαοῦ
2835 3757 3143 3828 προθυμίας
3165 3759 3494 3813 ἐπιτελέσαι
3513 3761 3612 3830 τὴν
3637 3759 3776 3811 θείαν

2191 3847 2286 3899 καὶ
2338 3851 2604 3918 σωτήριον
2651 3849 2880 3918 ἑορτὴν,
2925 3849 3018 3902 καὶ
3059 3849 3186 3912 τοὺς
3242 3849 3350 3919 τῆς
3406 3850 3778 3921 πνευματικῆς

2189 3937 2457 4008 ὡφελείας
2514 3938 2573 4002 ἐξ
2623 3939 2794 4009 αὑτῆς
2836 3942 3107 4010 τρυγῆσαι
3152 3942 3432 4010 καρπούς.
3484 3943 3600 4008 Τὴν
3657 3939 3782 4009 περὶ

2189 4031 2337 4099 ἡμᾶς
2361 4030 2540 4082 τοίνυν
2573 4029 2811 4082 διάθεσιν
2837 4033 2934 4101 τῆς
2965 4031 3061 4100 σῆς
3085 4031 3382 4095 εὐλαϐείας
3417 4031 3599 4097 εἰδὼς,
3629 4032 3781 4100 δῆλον

2192 4122 2331 4189 αὐτῇ
2364 4120 2455 4174 διὰ
2497 4120 2844 4191 γραμμάτων
2892 4119 3052 4173 τοῦτο
3090 4121 3244 4174 ποιῶ.
3278 4123 3550 4176 ’Ἢδονται
3585 4124 3695 4193 γὰρ
3735 4121 3780 4175 οἱ

2189 4207 2247 4264 εὖ
2284 4212 2412 4280 περί
2459 4229 2609 4276 τινας
2650 4211 3000 4282 διακείμενοι,
3036 4214 3162 4267 ὅταν
3207 4231 3260 4267 τι
3305 4219 3445 4287 περὶ
3475 4217 3664 4270 αὑτῶν
3695 4216 3783 4269 θυ-

2192 4305 2363 4374 μῆρες
2395 4303 2728 4362 ἀκούσωσιν.

2713 4421 2784 4471 Z'.
2823 4447 2890 4457 ——
2926 4419 3239 4485 Θεονίλνίῃ.

582 4519 699 4572 Jam
744 4519 959 4587 pridem
1017 4523 1398 4594 scripsissem,
1462 4527 1507 4581 si
1551 4528 1764 4597 pridem
1802 4532 2080 4601 cognitum

2260 4530 2436 4584 Πάλαι
2466 4530 2532 4583 ἂν
2567 4529 2915 4598 ἐγεγράφειν,
2949 4531 2997 4581 εἰ
3043 4528 3212 4581 πάλαι
3252 4529 3537 4597 ἐγνώκειν
3569 4534 3672 4604 τὴν
3709 4550 3790 4586 τε·

513 4609 826 4664 liabuissem
857 4611 1068 4666 obitum
1115 4616 1644 4686 magnificentissimi
1679 4621 1927 4690 conjugis
1960 4639 2086 4692 gra-

510 4700 698 4754 vitatis
725 4710 850 4756 tuae.
881 4702 1038 4758 Nunc
1062 4721 1193 4760 vero
1221 4709 1425 4770 scribo,
1453 4723 1564 4762 non
1598 4716 1659 4762 ut
1681 4711 1918 4765 tristitia:
1937 4728 2088 4767 acer-

514 4791 740 4845 bitatem
773 4793 958 4849 verbis
981 4799 1363 4853 consolatoriis
1387 4798 1669 4853 deliniam.
1711 4801 1784 4855 lis
1808 4802 1954 4855 enim
1992 4805 2086 4872 qui

514 4881 888 4954 philosophari
935 4898 1175 4956 norunt,
1231 4890 1468 4958 vitaeque
1509 4890 1674 4960 hujus
1713 4892 2085 4948 conditionem

514 4973 846 5042 exploratam
891 4977 1131 5044 habent,
1187 4977 1384 5034 sulIicit
1434 4980 1500 5034 ad
1535 4979 1802 5035 sedandas
1831 4983 2086 5039 maeroris

513 5071 863 5134 tempestates
885 5069 1000 5123 sola
1029 5070 1306 5139 cogitatio.
1337 5068 1492 5135 Quod
1514 5070 1560 5124 si
1593 5069 1909 5126 diuturnam
1936 5074 2082 5129 illam

514 5159 968 5213 consuetudinem
1006 5159 1346 5224 memineris,
1393 5161 1494 5215 ista
1525 5161 1739 5216 divinas
1764 5163 1910 5233 leges
1931 5181 2082 5220 com-

513 5257 813 5312 memorat,
869 5249 1235 5319 lacrymisque
1272 5252 1419 5307 illius
1445 5253 1740 5324 (maeroris)
1768 5260 1994 5328 opponit
2027 5268 2084 5314 et

512 5346 721 5394 natura:
744 5353 964 5394 cursum
987 5379 1000 5402 ,
1059 5348 1113 5393 et
1139 5340 1232 5394 Dei
1258 5341 1540 5398 decretum
1563 5385 1578 5409 ,
1631 5355 1684 5400 et
1712 5363 1863 5416 spem
1894 5365 2082 5404 resur-

511 5428 792 5483 rectionis.
850 5427 1093 5494 Quorum
1123 5445 1225 5500 ego
1260 5448 1366 5486 non
1403 5434 1642 5504 ignarus,
1681 5439 1867 5492 multis
1901 5441 2083 5497 verbis

509 5536 649 5590 opus
675 5535 784 5573 non
813 5519 1009 5574 habeo.
1046 5521 1249 5576 llortor
1273 5531 1483 5578 tantum
1518 5536 1575 5580 ut
1605 5528 1950 5598 philosOphia
1980 5548 2078 5600 op-

511 5621 745 5680 portune
796 5613 1006 5678 utaris,
1066 5622 1123 5669 ct
1166 5613 1409 5669 defuncti
1447 5627 1676 5671 mortem
1717 5619 1930 5688 longam
1961 5637 2080 5676 esse

511 5703 1004 5772 peregrinationem
1027 5715 1255 5772 statuas,
1275 5709 1482 5778 Deique
1504 5725 1564 5764 ac
1581 5711 1889 5767 Servatoris
1908 5717 2078 5769 nostri

513 5795 778 5858 promissa
814 5807 1113 5866 exspectes.
1153 5799 1362 5870 Expers
1384 5802 1529 5855 enim
1556 5811 1638 5856 est
1671 5805 1938 5859 mendacii
1984 5808 2076 5875 qui

2187 4619 2382 4688 λευτὴν
2413 4616 2506 4670 τοῦ
2555 4617 3150 4688 μεγαλοπρεπεστάτου
3187 4619 3289 4688 τῆς
3327 4624 3439 4689 σῆς
3474 4640 3786 4694 σεμνοπρε-

2187 4709 2347 4770 πείας
2375 4707 2667 4778 ὁμοζύγου.
2704 4708 2814 4760 Καὶ
2841 4707 2936 4761 νῦν
2957 4709 3015 4761 δὲ
3039 4709 3256 4778 γράφω,
3291 4710 3401 4780 οὑχ
3439 4713 3536 4766 ἵνα
3568 4713 3669 4785 τὴν
3696 4713 3789 4782 τῆς

2187 4798 2430 4869 ἀθυμίας
2473 4797 2780 4868 ὑπερϐολὴν
2829 4798 3010 4866 λόγοις
3045 4799 3550 4870 παραμυθητικοῖς
3594 4821 3790 4859 κατευ-

2185 4890 2369 4942 νάσω·
2405 4891 2515 4953 τοῖς
2543 4889 2653 4960 γὰρ
2698 4891 3082 4961 ἐπισταμένοις
3114 4893 3468 4963 φιλοσοφεῖν,
3501 4899 3603 4950 καὶ
3640 4897 3792 4951 τοῦδε

2184 4981 2277 5034 τοῦ
2299 4981 2416 5051 βίου
2439 4981 2537 5052 τὴν
2564 4981 2726 5050 φύσιν
2759 4983 3216 5053 ἐπεσκεμμένοις,
3239 4985 3476 5059 ἀπόχρη
3508 4991 3608 5042 καὶ
3637 4990 3793 5059 μόνος

2184 5075 2211 5126 ὁ
2262 5073 2520 5143 λογισμὸς
2546 5072 2916 5126 ἀποσκεδάσαι
2946 5074 3044 5143 τῆς
3089 5073 3266 5145 λύπης
3306 5076 3418 5140 τὰς
3461 5079 3789 5150 τρικυμίας.

2186 5163 2304 5218 Κᾶν
2341 5163 2442 5234 τῆς
2482 5166 2700 5234 μακρᾶς
2743 5163 2958 5232 ἐκείνης
3011 5164 3300 5234 συνηθείας
3345 5167 3788 5239 ἀναμιμνήσκῃ,

2184 5256 2346 5319 αὐτὸς
2388 5257 2511 5318 τοὺς
2573 5256 2752 5319 θείους
2797 5257 2998 5328 νόμους
3058 5256 3464 5326 ἀναγινώσκει,
3523 5262 3624 5315 καὶ
3680 5263 3792 5324 τοῖς

2181 5349 2397 5417 ἐκείνης
2439 5349 2704 5418 δάκρυσιν
2744 5349 3052 5402 ἀντιτάττει
3108 5351 3202 5402 καὶ
3256 5349 3365 5420 τῆς
3404 5351 3640 5419 φύσεως
3702 5353 3792 5404 τὸν

2181 5439 2401 5508 δρόμον,
2444 5439 2534 5490 καὶ
2573 5439 2667 5492 τοῦ
2702 5439 2838 5491 Θεοῦ
2870 5439 2960 5491 τὸν
2993 5441 3141 5509 ὅρον,
3179 5441 3273 5493 καὶ
3303 5441 3414 5512 τὴν
3453 5443 3659 5498 ἐλπίδα
3693 5445 3790 5514 τῆς

2183 5531 2552 5591 ἀναστάσεως.
2597 5529 2762 5583 Ταῦτ’
2792 5529 2949 5593 εἰδὼς
2977 5532 3036 5582 ού
3087 5531 3277 5602 δέομαι
3310 5531 3508 5600 λόγων
3550 5537 3787 5595 πολλῶν,

2183 5623 2297 5676 ἀλλ’
2332 5625 2410 5686 εἰς
2437 5622 2626 5693 καιρὸν
2658 5625 2724 5693 τῇ
2761 5622 3048 5693 φιλοσοφίᾳ
3075 5622 3392 5692 κεχρῆσθαι
3432 5626 3753 5698 παρακαλῶ
3773 5640 3785 5653 ·

2187 5711 2279 5763 καὶ
2307 5711 2523 5782 νομίσαι
2563 5710 2656 5764 τοῦ
2698 5712 3086 5783 κατοιχομένου
3129 5714 3227 5783 τὴν
3262 5714 3553 5786 τελευτὴν
3584 5717 3785 5784 ἀποδη-

2187 5809 2314 5877 μίαν
2365 5807 2613 5878 μακράν’
2667 5807 2760 5861 καὶ
2833 5810 3156 5878 προσμεῖναι
3203 5806 3302 5878 τὴν
3357 5810 3462 5863 τοῦ
3506 5809 3649 5864 Θεοῦ
3694 5807 3785 5863 καί
