4056 6418
372 397 504 464 1181

1774 398 2140 463 EPISTOLA
2176 404 2250 462 X.

3486 391 3621 462 1182

364 510 623 584 Σωτῆρος
682 511 840 584 ἡμῶν
900 511 1212 583 ὑπόσχεσιν.
1265 512 1531 585 Ἀψευδὴς
1582 512 1693 585 γάρ
1746 516 1776 568 δ
1840 514 1941 585 τὴν

2047 515 2510 572 resurrectionem
2575 515 2862 588 promisit,
2923 517 3033 570 imo
3096 529 3225 570 vero
3287 514 3411 571 fons
3473 505 3622 570 veri-

365 604 668 659 ἀνάστασιν
728 604 1197 674 ἐπαγγειλάμενος
1222 642 1239 670 ,
1308 605 1509 676 μᾶλλον
1565 604 1623 659 δὲ
1685 604 1944 676 ἀληθείας

366 698 542 768 πηγή-

894 788 976 845 Η’.
1004 822 1073 832 —
1102 793 1428 862 Εὐγραφίᾳ.

441 902 707 975 Περιττὸν
751 907 853 975 μὲν
904 900 1057 975 οἶμαι
1106 906 1167 958 τὸ
1204 905 1365 959 πάλιν
1414 906 1626 977 ἐπῳδὰς
1679 908 1746 977 τῇ
1797 904 1946 979 λύπῃ

365 993 703 1065 προσφέρειν
730 993 1131 1065 πνευματικὰς,
1163 994 1402 1066 Ἀπόχρη
1431 995 1539 1065 γὰρ
1567 993 1641 1066 (2)
1675 995 1809 1065 μόνη
1835 994 1943 1048 τῶν

365 1085 654 1158 σωτηρίων
677 1080 1016 1156 παθημάτων
1040 1086 1073 1157 ἠ
1101 1086 1289 1158 μνήμη
1317 1088 1507 1140 σϐέσαι
1531 1086 1622 1140 καὶ
1650 1085 1746 1157 τὴν
1771 1086 1946 1156 ἀκμά-

362 1178 567 1243 ζουσαν
596 1177 860 1249 ἀθυμίαν.
892 1178 1064 1250 ’Υπὲρ
1092 1179 1199 1251 γάρ
1225 1180 1323 1250 τῆς
1350 1178 1458 1233 τῶν
1486 1178 1785 1248 ἀνθρώπων
1808 1177 1939 1231 ταῦ-

361 1287 434 1323 τα
461 1268 754 1337 γεγένηται
791 1267 1026 1336 φύσεως.
1060 1269 1163 1321 Τὸν
1193 1268 1303 1338 γὰρ
1342 1268 1571 1321 θάνατον
1600 1270 1628 1321 ὁ
1667 1267 1942 1336 Δεσπότης

361 1359 683 1425 κατέλυσεν,
711 1361 809 1429 οὐχ
837 1359 924 1412 ἴνα
954 1359 1012 1414 ἓν
1045 1358 1205 1430 σῶμα
1225 1362 1468 1430 κρεῖττον
1494 1360 1748 1431 ἀποφήνῃ
1780 1358 1943 1412 θανά-

361 1468 458 1507 του
484 1469 498 1482 ·
536 1452 650 1505 ἀλλ’
684 1452 769 1504 ἵνα
804 1451 870 1503 δι’
894 1451 1104 1503 ἐκείνου
1135 1451 1233 1521 τὴν
1260 1451 1445 1522 κοινὴν
1479 1451 1771 1505 ἀνάστασιν
1796 1467 1939 1521 πρα-

362 1539 770 1613 γματεύσηται,
808 1542 905 1595 καὶ
947 1542 1156 1612 ταύτην
1189 1543 1319 1612 ἡμῖν
1349 1541 1447 1613 τὴν
1493 1541 1681 1595 ἐλπίδα
1720 1541 1942 1612 βεϐαίαν

362 1632 645 1705 παράσχῃ.
690 1635 753 1686 Εἰ
788 1634 846 1687 δὲ
878 1632 972 1687 καὶ
1005 1632 1112 1685 τῶν
1153 1633 1314 1686 θείων
1344 1632 1549 1703 ἑορτῶν
1589 1633 1940 1704 παντοδαπὴν

359 1725 720 1795 ψυχαγωγίαν
749 1724 1176 1796 προσφερουσῶν
1213 1724 1274 1777 οὐ
1307 1724 1653 1797 καταγωνίζῃ
1678 1727 1778 1796 τῆς
1809 1726 1942 1779 ἀθυ-

361 1816 495 1887 μίας
523 1816 585 1868 τὸ
632 1815 823 1881 πάθος,
867 1815 1171 1888 παρακαλῶ
1209 1834 1302 1870 σου
1329 1818 1427 1889 τὴν
1467 1819 1931 1889 σεμνοπρέπειαν,
1968 1855 2013 1915 Β

357 1906 455 1959 τοῦ
486 1904 763 1977 προικῴου
799 1906 928 1975 γοῦν
974 1909 1357 1978 γραμματείου
1401 1910 1468 1962 τὰ
1511 1911 1651 1980 μετά
1682 1910 1779 1980 τὴν
1819 1910 1940 1963 ἐπί-

356 1994 508 2051 δοσιν
565 1994 898 2066 ἀναγνῶναι,
957 2000 1051 2052 καὶ
1084 1999 1289 2068 γνῶναι
1321 2001 1529 2068 σαφῶς,
1581 2000 1657 2065 ὡς
1695 2005 1940 2072 ἡγήσατο

357 2088 456 2142 τοῦ
489 2090 671 2159 γάμου
706 2090 799 2144 τοῦ
849 2090 1082 2146 θανάτου
1125 2093 1158 2162 ἠ
1215 2094 1427 2164 μνήμη.
1475 2094 1549 2147 Τὸ
1596 2093 1706 2168 γὰρ
1746 2093 1939 2164 θνητὸν

354 2184 460 2253 τῆς
490 2184 704 2252 φύσεως
759 2185 1139 2255 ἐπιστάμενοι,
1196 2186 1291 2238 καὶ
1336 2186 1784 2258 προμηθούμενοι
1837 2186 1940 2258 τῆς

352 2273 469 2327 τῶν
505 2273 586 2326 ἔτι
619 2273 839 2338 ζώντων
878 2275 1124 2346 εἰρήνης,
1168 2276 1266 2339 τὰς
1308 2276 1653 2346 καλουμένας
1698 2276 1939 2347 αἱρέσεις

355 2366 766 2428 ἐπιτάττουσιν,
800 2368 895 2419 καὶ
939 2368 1001 2420 οὑ
1038 2367 1452 2438 δυσχεραίνουσι
1483 2369 1591 2438 πρὸ
1635 2369 1733 2438 τῆς
1767 2385 1937 2438 γαμι-

355 2459 466 2529 κῆς
497 2460 797 2525 συναφείας
832 2462 1175 2529 μεμνημένοι
1199 2459 1429 2513 Θανάτου
1447 2477 1460 2489 ·
1485 2460 1620 2513 ἀλλά
1644 2460 1937 2531 διαρρήδην

355 2549 577 2620 βοῶσιν,
605 2551 654 2603 εί
690 2550 789 2620 μὲν
822 2553 848 2604 ὁ
879 2551 1021 2622 ἀνὴρ
1060 2551 1504 2623 προ-τελευτήσω,
1538 2551 1783 2617 συνέδοξε
1818 2554 1936 2607 τόδε

353 2640 645 2709 γενέσθαι·
689 2643 739 2694 εί
794 2642 850 2696 δὲ
878 2645 911 2713 ἡ
964 2641 1103 2714 γυνὴ
1129 2643 1288 2697 τοῦτο
1315 2643 1595 2713 ὑπομείνοι
1638 2644 1699 2697 τὸ
1743 2643 1934 2710 πάθος,

350 2733 478 2786 τάδε
514 2735 802 2804 συνήρεσε.
837 2732 903 2787 Τί
937 2733 1117 2789 τοίνυν
1157 2735 1585 2807 δυσχεραίνομεν
1633 2736 1803 2791 ταῦτα
1832 2737 1938 2809 πρὸ

350 2822 455 2876 τοῦ
503 2824 684 2893 γάμου
734 2823 1135 2894 μεμαθηκότες,
1166 2825 1261 2878 καὶ
1306 2825 1477 2878 ταῦτα
1531 2827 1650 2881 καθ’
1678 2827 1935 2898 ἑκάστην,

352 2911 434 2975 ὡς
462 2911 595 2977 ἔπος
618 2914 815 2977 εἰπεῖν,
848 2914 1065 2986 ἡμέραν
1095 2915 1499 2986 προσμένοντες
1521 2957 1535 2979 ,
1566 2917 1803 2988 Ἀνάγκη
1828 2917 1938 2988 γάρ

352 3005 512 3057 σπάσα
537 3004 857 3074 διαλυθῆναι
886 3006 985 3076 τὴν
1016 3005 1301 3073 συζυγίαν,
1328 3005 1360 3076 ἢ
1390 3006 1485 3059 τοῦ
1520 3007 1713 3078 ἀνδρὸς
1742 3025 1939 3079 προτε-

350 3094 677 3161 λευτῶντος,
702 3097 735 3168 ἦ
764 3096 867 3166 τῆς
892 3097 1151 3166 γυναικὸς
1187 3097 1584 3168 προαπιούσης.
1604 3097 1804 3152 Τοῦτον
1829 3098 1939 3170 γὰρ

2046 607 2193 663 tatis.

2530 790 2665 845 VIII.
2693 821 2763 830 —-
2794 790 3129 861 Eugraplu'w.

2129 904 2608 974 Supervacaneum
2639 903 2781 957 duco
2814 902 3124 972 spiritualia
3148 901 3346 957 iterum
3375 903 3619 958 remedia

2045 994 2222 1050 dolori
2247 995 2531 1049 adhibere.
2562 993 2936 1048 Sullicitenim
2963 995 3047 1047 vel
3070 993 3136 1047 ad
3159 1009 3424 1048 summam
3449 995 3621 1049 tristi-

2046 1088 2177 1141 tiam
2213 1086 2611 1158 proﬂigandam
2666 1085 2989 1140 salutarium
3015 1085 3357 1139 cruciatuum
3392 1087 3505 1140 sola
3529 1102 3619 1141 re—

2045 1179 2313 1234 cordatio.
2376 1178 2484 1232 Pro
2515 1180 2532 1197 ’
2578 1186 2777 1232 natura
2804 1176 3005 1245 quippe
3031 1175 3267 1228 humana
3296 1175 3353 1228 hi
3380 1176 3619 1245 suscepti

2045 1280 2193 1326 sunt.
2235 1270 2464 1324 Mortem
2486 1268 2633 1323 enim
2665 1267 2932 1321 Dominus
2952 1265 3243 1327 destruxit,
3267 1281 3378 1319 non
3410 1272 3469 1317 ut
3493 1281 3618 1319 cor-

2043 1380 2149 1434 pus
2189 1377 2360 1417 unum
2414 1361 2482 1415 de
2519 1368 2695 1414 morte
2727 1358 3095 1427 triumphasse
3121 1356 3467 1421 ostenderet,
3525 1358 3622 1412 sed

2047 1464 2105 1509 ut
2134 1468 2483 1509 communem
2517 1467 2617 1521 per
2644 1450 2781 1504 illud
2825 1449 3288 1504 resurrectionem
3316 1455 3618 1517 praestaret,

2041 1554 2206 1614 atque
2244 1532 2393 1596 hanc
2436 1541 2597 1595 nobis
2625 1554 2777 1609 spem
2808 1536 3019 1592 ﬁrmam
3047 1536 3340 1605 praeberet.
3372 1532 3528 1599 Quod
3550 1533 3618 1597 si,

2041 1649 2168 1688 cum
2202 1632 2401 1687 divina:
2426 1630 2753 1685 festivitates
2786 1627 3161 1682 omnimodam
3187 1625 3618 1680 consolationem

2042 1724 2241 1779 afferre
2285 1724 2535 1785 soleant,
2592 1720 2831 1774 tristitiae
2879 1718 3125 1772 dolorem
3175 1732 3283 1771 non
3317 1730 3616 1785 expugnas,

2041 1815 2247 1871 suadeo
2273 1813 2525 1884 gravitati
2548 1820 2674 1877 tuae,
2702 1819 2764 1865 ut
2779 1826 2845 1865 ea
2865 1810 3075 1880 relegas
3102 1807 3311 1878 1067
3333 1822 3453 1876 qua:
3474 1805 3620 1860 dotis

2043 1907 2383 1961 incremento
2438 1903 2493 1957 in
2541 1901 2818 1957 dotalibus
2864 1900 3069 1954 tabulis
3119 1898 3510 1967 subjiciuntur,
3563 1904 3620 1950 et

2041 2004 2229 2067 aperte
2261 2010 2569 2065 cognoscas
2618 1993 2810 2047 mortis
2849 1990 3173 2044 memoriam
3225 1989 3447 2057 nuptias
3474 2003 3616 2057 prae-

2041 2086 2485 2143 cessissefvlorti
2514 2085 2664 2140 enim
2696 2083 2990 2138 obnoxiam
3014 2096 3136 2136 esse
3164 2088 3418 2133 naturam
3449 2076 3614 2131 intel-

2039 2180 2271 2251 ligentes
2323 2186 2378 2233 et
2424 2178 2608 2232 adhuc
2670 2175 2974 2229 viventium
3028 2172 3149 2242 paci
3197 2170 3617 2240 prospicientes,

2041 2272 2386 2327 conditiones
2409 2284 2546 2340 quas
2565 2275 2765 2322 vocant
2791 2267 3115 2335 imponunt,
3162 2271 3219 2317 et
3243 2268 3368 2315 ante
3397 2259 3619 2329 nuptia-

2038 2364 2147 2417 lem
2195 2362 2446 2434 copulam
2497 2360 2693 2415 mortis
2722 2358 3041 2413 meminisse
3075 2371 3187 2410 non
3217 2353 3489 2415 abnuunt,
3524 2350 3620 2405 sed

2039 2457 2245 2511 diserte
2287 2454 2646 2524 pronuntiant
2682 2470 2695 2505 :
2734 2450 2791 2506 Si
2836 2450 2920 2503 vir
2961 2457 3089 2502 ante
3140 2453 3393 2500 mortuus
3430 2441 3619 2503 fuerit,

2039 2546 2146 2600 hoc
2191 2544 2309 2598 ﬁeri
2354 2549 2688 2613 conventum
2714 2548 2799 2595 est
2829 2557 2841 2593 :
2868 2539 2953 2594 sin
2987 2537 3146 2593 uxori
3177 2537 3332 2605 prius
3360 2533 3415 2587 id
3438 2533 3620 2586 conli-

2039 2634 2210 2704 gcrit,
2243 2633 2352 2686 hoc
2378 2633 2451 2687 ita
2482 2630 2834 2701 complacuit.
2872 2628 3016 2695 Quid
3043 2641 3173 2696 ergo
3196 2640 3337 2694 :egre
3366 2622 3616 2687 ferimus,

2037 2727 2129 2798 qui
2163 2727 2281 2781 haec
2311 2732 2437 2779 ante
2464 2723 2684 2793 nuptias
2705 2719 3031 2783 didicimus,
3063 2726 3226 2786 atque
3252 2715 3369 2768 haec
3396 2714 3450 2767 in
3477 2713 3616 2777 dies,

2039 2828 2101 2875 ut
2146 2818 2317 2873 verbo
2359 2817 2577 2879 dicam,
2631 2814 2876 2882 singulos
2916 2808 3329 2879 exspectamus?
3386 2807 3621 2861 Prorsus

2037 2911 2185 2966 enim
2218 2923 2444 2964 necesse
2471 2915 2556 2962 est
2581 2905 2807 2961 dissolvi
2835 2902 3172 2973 conjugium,
3205 2908 3301 2953 aut
3322 2897 3443 2951 viro
3467 2896 3621 2966 prius

2039 3005 2299 3065 obeunte,
2336 3009 2430 3054 aut
2461 3013 2630 3053 uxore
2653 3001 2955 3067 praeeunte.
2991 2992 3093 3046 Hic
3128 2990 3276 3044 enim
3303 3003 3500 3043 cursus
3537 2993 3623 3041 est

2038 3096 2184 3150 vitae.
2216 3093 2285 3149 Et
2310 3091 2498 3147 divina
2521 3089 2690 3160 igitur
2720 3095 2776 3143 et
2803 3086 3045 3139 humana
3071 3082 3277 3166 callens
3307 3076 3621 3149 praistanlia

352 3185 475 3255 ἔχει
506 3186 596 3241 τὸν
622 3187 825 3258 δρόμον
863 3190 891 3241 ὁ
935 3187 1069 3258 βίος.
1106 3189 1216 3241 Καὶ
1249 3189 1315 3242 τὰ
1360 3187 1478 3241 θεῖα
1519 3188 1720 3251 τοίνυν,
1750 3189 1847 3243 καὶ
1869 3188 1939 3243 τὰ

2043 3193 2136 3240 tua
2175 3183 2454 3239 tristitiam
2476 3179 2738 3242 excutiat,
2779 3185 2837 3231 et
2858 3188 3205 3231 communem
3228 3171 3447 3241 piorum
3468 3181 3621 3237 spem

350 3278 678 3350 ἀνθρώπινα
712 3280 900 3350 σαφῶς
926 3280 1101 3334 εἰδυῖά
1129 3298 1221 3333 σου
1252 3282 1285 3350 ή
1315 3279 1708 3351 θαυμασιότης,
1743 3280 1936 3333 σκεδα-

351 3369 507 3423 σάτω
530 3369 628 3441 τὴν
661 3368 922 3440 ἀθυμίαν,
952 3370 1048 3423 καὶ
1082 3368 1183 3438 τὴν
1208 3367 1393 3438 κοινὴν
1419 3367 1613 3421 ἐλπίδα
1640 3368 1747 3421 τῶν
1781 3367 1937 3421 εὐσε-

356 3460 478 3514 ϐῶν
509 3461 913 3533 προσμεινάτω.

828 3576 905 3629 Θ¹.
933 3605 1000 3615 —
1038 3577 1344 3646 Ἁνωνύμῳ
1368 3575 1467 3649 (5).

441 3687 508 3741 Ἦ
537 3688 638 3759 μὲν
677 3686 959 3742 θεοσέϐεια
992 3688 1146 3759 ὑμῶν
1191 3689 1536 3760 δυσχεραίνει
1576 3689 1666 3743 καὶ
1713 3688 1939 3761 ἄχθεται

347 3780 446 3835 διὰ
475 3780 574 3851 τὴν
604 3780 803 3843 ἀδίκως
837 3782 972 3851 ἡμῖν
1010 3781 1103 3834 καὶ
1135 3780 1258 3851 δίχα
1289 3784 1525 3853 κρίσεως
1556 3783 1940 3852 ἐπενεχθεῖσαν

350 3870 573 3941 ψῆφον·
610 3871 710 3941 ἐμὲ
754 3870 812 3924 δὲ
851 3871 984 3925 αὐτὸ
1022 3872 1183 3926 τοῦτο
1219 3872 1558 3945 ψυχαγωγεῖ.
1600 3875 1665 3928 El
1702 3875 1800 3946 μὲν
1831 3875 1941 3948 γὰρ

351 3961 588 4025 δικαίως
651 3963 1021 4035 κατεκρίθην,
1076 3964 1293 4034 ἤλγησα
1363 3965 1449 4026 ἂν,
1510 3966 1586 4029 ὡς
1640 3967 1940 4039 παρασχὼν

350 4052 615 4125 ἀφορμὰς
658 4055 915 4124 εὐλόγους
944 4057 1058 4118 τοῖς
1087 4057 1504 4130 κατακρίνασιν.
1550 4057 1767 4129 Ἐπειδὴ
1797 4059 1852 4110 δὲ
1884 4059 1942 4112 ἐν

352 4145 537 4217 τούτῳ
563 4145 643 4217 τῷ
685 4146 842 4218 μέρει
865 4146 1106 4217 καθαρόν
1140 4164 1243 4217 μου
1269 4146 1331 4201 τὸ
1361 4146 1619 4211 συνειδὸς,
1643 4149 1817 4219 χαίρω
1846 4150 1943 4202 καὶ

356 4241 657 4311 γάννυμαι,
687 4240 782 4294 καὶ
815 4239 1114 4310 προσμένω
1145 4239 1251 4292 τῶν
1285 4239 1462 4293 ἄλλων
1491 4239 1645 4293 λύσιν
1683 4241 1942 4311 ἁμαρτη-

364 4333 556 4402 μάτων
585 4332 672 4384 διά
719 4331 877 4402 τήνδε
920 4330 1019 4401 τὴν
1052 4330 1287 4385 ἀδικίαν.
1334 4331 1467 4384 Οὐδὲ
1496 4331 1652 4402 γάρὸ
1694 4331 1943 4387 Ναϐουθέ

354 4425 427 4478 δι’
457 4424 624 4494 ἄλλην
649 4424 854 4495 ἀρετὴν
891 4420 1348 4492 πολυθρύλλητος,
1378 4422 1492 4474 ἀλλ’
1518 4424 1599 4476 ὅτι
1632 4423 1730 4494 τὴν
1759 4425 1944 4478 ἄδικον

2035 3272 2401 3344 praestoletur.

2570 3564 2666 3621 1X.
2695 3595 2768 3607 -—
2792 3563 3090 3634 Anonyma.

2107 3684 2432 3756 Indignatur
2453 3690 2510 3737 et
2528 3696 2671 3751 aegre
2697 3679 2803 3733 fert
2821 3677 2999 3748 pietas
3022 3686 3116 3730 tua
3136 3674 3208 3729 ob
3228 3673 3429 3744 injuste
3449 3671 3502 3726 in
3518 3686 3620 3726 nos

2039 3786 2097 3833 et
2119 3778 2236 3832 sine
2255 3774 2465 3847 judicio
2492 3773 2658 3827 latam
2684 3769 3012 3826 sententiam
3037 3784 3051 3834 ;
3098 3783 3185 3822 me
3205 3780 3338 3821 vero
3364 3764 3417 3818 id
3443 3763 3620 3834 ipsum

2041 3867 2378 3924 consolatur.
2416 3863 2552 3917 Nam
2582 3861 2626 3915 si
2648 3861 2794 3931 juste
2824 3857 3220 3913 condemnatus
3247 3868 3446 3917 essem,
3474 3851 3626 3905 dole-

2041 3975 2157 4014 rem
2189 3959 2379 4028 utique
2405 3997 2419 4019 ,
2480 3954 2638 4025 quasi
2665 3952 2939 4024 legitimas
2960 3947 3152 4005 causa's
3176 3945 3457 4019 judicibus
3480 3958 3622 4013 prae-

2041 4050 2306 4105 buissem.
2362 4046 2523 4102 Nunc
2562 4060 2717 4108 vero,
2770 4042 2899 4112 quia
2927 4041 3062 4095 mihi
3093 4041 3197 4093 hac
3224 4038 3278 4092 in
3306 4043 3461 4106 parte
3486 4048 3623 4104 pura

2041 4149 2128 4196 est
2156 4136 2516 4200 conscientia,
2553 4133 2768 4205 gaudeo
2797 4139 2853 4185 et
2880 4130 3118 4193 exsulto,
3153 4133 3209 4181 et
3232 4134 3459 4195 propter
3482 4124 3626 4177 hanc

2044 4232 2300 4304 injuriam
2355 4229 2589 4284 aliorum
2623 4226 2916 4282 criminum
2967 4221 3185 4277 veniam
3214 4233 3395 4289 spero.
3432 4217 3624 4284 Neque

2043 4324 2189 4380 enim
2212 4320 2497 4377 Nabutbes
2520 4319 2562 4350 ¹⁶
2584 4317 2745 4372 aliam
2779 4315 2851 4369 ob
2878 4315 3150 4368 virtutem
3176 4311 3230 4363 in
3263 4323 3358 4362 ore
3386 4315 3471 4361 est
3502 4322 3623 4359 om-

2043 4416 2219 4479 nium,
2242 4427 2405 4483 quam
2426 4408 2573 4480 quod
2603 4409 2863 4478 injustam
2886 4405 3032 4458 illam
3060 4401 3266 4457 caedem
3294 4412 3490 4469 passus
3515 4405 3621 4451 est.

356 4490 879 4587 QZEanV'ﬁﬁ-éyEC—VE
935 4490 1170 4584 σφαγήν.
1223 4490 1498 4578 Εὖξασθαι
1524 4514 1581 4567 δέ
1636 4490 1939 4587 παρακαλῶ

2044 4506 2223 4573 Quare
2246 4519 2364 4568 ora,
2395 4514 2600 4572 quaaso,
2625 4506 2737 4552 uta
2760 4498 2873 4551 Deo
2895 4495 3111 4565 1068
3130 4507 3239 4547 non
3266 4490 3612 4553 deseramur,

358 4609 518 4680 παρά
563 4606 658 4660 τοῦ
709 4606 847 4660 Θεοῦ
902 4606 978 4678 μὴ
1025 4606 1521 4677 ἐγκαταλειφθῆναι
1559 4609 1730 4678 ἡμᾶς,
1773 4609 1868 4661 καλ⁴
1913 4609 1941 4661 ὁ

358 4700 621 4771 πολεμῶν
650 4699 976 4769 πολεμείτω.
1029 4699 1217 4771 Ἀρκεῖ
1242 4699 1351 4770 γάρ
1386 4715 1475 4769 μοι
1522 4700 1601 4762 εἰς
1638 4701 1816 4753 πᾶσαν
1846 4700 1941 4754 θυ-

363 4790 621 4862 μηδίαν-ἡ
661 4789 755 4842 τοῦ
787 4789 924 4842 Θεοῦ
972 4806 1072 4861 μου
1129 4788 1420 4859 εὐμένεια⁸
1466 4789 1568 4843 κᾶν
1614 4790 1776 4853 αὐτὸς
1812 4791 1943 4861 ἡμῖν

358 4884 539 4955 παρῇ,
566 4882 676 4936 τῶν
704 4881 969 4952 λυπηρῶν
1000 4881 1258 4935 ἁπάντων
1284 4881 1360 4945 ὡς
1397 4880 1733 4952 ἀθυρμάτων
1775 4900 1945 4938 κατα-

358 4972 693 5045 φρονοῦμεν.

758 5086 813 5140 ῐ⁹.
836 5114 904 5124 -
945 5084 1112 5152 Ἠλίᾳ
1137 5086 1551 5154 σχολαστικῷ.

434 5197 578 5260 Τοὺς
605 5195 811 5266 νόμους
858 5197 938 5257 εἰς
972 5194 1293 5267 ἐπικουρίαν
1342 5194 1451 5247 τῶν
1491 5197 1862 5267 ἀδικουμένων
1894 5200 1944 5252 οἱ

363 5289 653 5361 νομοθέται
697 5286 1037 5356 γεγράφασι,
1073 5285 1168 5339 καὶ
1219 5286 1319 5356 τὴν
1374 5288 1670 5358 ῥητορικὴν
1715 5290 1945 5344 ἀσκοῦσι

361 5384 563 5454 τέχνην
591 5383 642 5434 οί
681 5381 774 5434 τὸν
812 5378 1086 5433 δικανικὸν
1118 5377 1491 5449 ἀσπαζόμενοι
1532 5379 1668 5448 βίον,
1716 5380 1802 5435 ἵνα
1832 5384 1946 5446 τοῖς

362 5474 584 5537 δικαίας
618 5473 897 5543 δεομένοις
933 5469 1183 5541 βοηθείας
1230 5469 1594 5543 συνηγορῶσι.
1624 5473 1732 5526 Καὶ
1770 5473 1945 5543 λόγων

440 5632 488 5665 ¹⁸
514 5631 585 5686 III
614 5629 745 5700 Reg.
774 5644 883 5694 xxi,
910 5630 933 5683 1
969 5643 1118 5699 seqq.

442 5766 520 5837 (ε)
558 5766 651 5820 καί
680 5727 831 5821 θάἷιίι
856 5766 1025 5835 Neap.

1998 4638 2003 4643 .
2046 4609 2165 4655 tum
2196 4597 2290 4668 qui
2325 4600 2608 4665 impugnat
2640 4592 2942 4661 impugnet.
2966 4585 3177 4642 Sufﬁcit
3205 4584 3355 4639 enim
3387 4581 3521 4636 mihi
3555 4580 3624 4635 ad

2048 4704 2268 4745 omnem
2321 4686 2492 4742 animi
2534 4683 2781 4739 laetitiam
2837 4679 2934 4734 Dei
2977 4674 3363 4732 benevolentia
3422 4692 3436 4730 :
3481 4682 3538 4727 et
3578 4671 3626 4726 si

2050 4781 2166 4851 ipse
2195 4779 2356 4835 nobis
2379 4776 2540 4842 adsit,
2564 4773 2740 4830 tristia
2764 4769 2949 4827 omnia
2975 4777 3037 4823 ut
3060 4766 3273 4822 ludicra
3304 4771 3627 4820 contemne-

2049 4889 2193 4931 mus.

2472 5085 2542 5140 Χ.
2574 5115 2645 5124 —-
2679 5081 2844 5138 Helia:
2871 5078 3201 5136 scholastica.

2076 5268 2079 5269 ν
2123 5196 2297 5270 Leges
2332 5196 2400 5251 ad
2433 5194 2698 5249 auxilium
2729 5206 3120 5262 oppressorum
3169 5187 3440 5258 scripsere
3462 5183 3629 5255 legis-

2059 5293 2263 5347 latores
2282 5330 2296 5353 ,
2342 5295 2399 5343 et
2427 5287 2521 5358 qui
2553 5286 2829 5341 forensem
2852 5285 3021 5338 vitam
3048 5287 3376 5352 sequuntur,
3410 5273 3629 5331 dicendi

2054 5394 2224 5453 artem
2251 5384 2267 5402 '
2319 5387 2601 5441 exercent,
2648 5383 2706 5430 ut
2737 5377 2881 5447 justa
2907 5390 3011 5445 ope
3042 5369 3415 5443 indigentibus
3438 5372 3627 5436 patro-

2052 5479 2326 5532 cinentur.
2389 5472 2472 5527 Tu
2520 5471 2708 5543 igitur,
2758 5470 2854 5540 qui
2883 5477 2941 5523 et
2969 5462 3342 5537 eloquentiam
3368 5469 3424 5516 et
3444 5459 3625 5528 legum

446 5819 525 5911 {3'}
556 5819 634 5892 Ad
684 5819 1022 5908 jiraéfcctun'r
1047 5836 1166 5890 urbi
1216 5833 1470 5902 scriptam
1518 5830 1647 5885 citat
1678 5828 1945 5884 Baronius
1977 5828 2173 5884 Annal.
2217 5828 2284 5884 ad
2315 5845 2365 5884 a.
2398 5827 2458 5884 C.
2495 5827 2618 5896 445,
2658 5834 2822 5895 cxtr.,
2852 5832 2985 5879 tom.
3017 5821 3108 5889 Vl,
3140 5836 3194 5891 p.
3228 5820 3311 5889 16,
3342 5819 3406 5874 D.
