4056 6416
517 376 650 442 “83

1495 377 1978 436 THEODORETI
2017 377 2355 438 EPISCOPI
2393 379 2756 440 CYRENSIS

3609 373 3728 440 1184

513 485 799 544 scientiam
852 484 1083 553 adeptus
1121 498 1201 547 es,
1235 481 1432 546 amice,
1470 491 1587 536 arte
1627 490 1782 537 utere
1819 493 1877 538 ut
1903 482 2082 537 decet.

2195 487 2365 538 τοίνυν
2415 484 2761 557 ῥητορικῶν,
2813 481 2907 535 καὶ
2948 480 3051 550 τῆς
3082 479 3189 532 τῶν
3225 478 3397 550 νόμων
3445 479 3727 556 ἐπιστήμης

513 578 644 630 Arte
669 576 768 629 feri
801 575 1050 644 injuriam
1076 574 1359 635 facientes,
1395 583 1452 627 et
1480 573 1548 626 ab
1575 571 1660 626 his
1684 573 1841 627 lmsos
1869 573 2088 643 adiuva,

2192 577 2535 650 μεταλαχὼν,
2590 571 2635 629 ὦ
2680 577 2809 644 φίλη
2857 573 3100 642 κεφαλὴ,
3145 573 3228 634 είς
3268 571 3382 624 δέον
3435 575 3624 642 χρῆσαι
3670 578 3729 646 τῇ

514 667 664 737 leges
694 675 947 734 tanquam
975 674 1190 718 scutum
1221 679 1506 732 opponens
1537 681 1551 716 :
1580 663 1766 718 nullus
1789 679 1917 717 vero
1949 665 2091 734 inju-

2195 670 2374 739 τέχνῃ,
2398 669 2491 721 καὶ
2524 667 2685 738 βάλλε
2717 669 2782 736 τῇ
2809 664 2975 736 τέχνῃ
3009 665 3136 725 τοὺς
3157 661 3492 725 ἀδικοῦντας,
3523 665 3610 717 καὶ
3633 669 3732 728 τοὶς

515 756 652 810 riam
699 754 904 809 faciens
962 753 1330 822 patrocinium
1380 752 1666 816 obtineat,
1720 753 1972 822 quamvis
2015 753 2089 807 sit

514 846 992 901 familiarissimus.
1052 845 1164 898 Iloc
1207 854 1391 899 autem
1422 861 1490 898 ex
1520 859 1753 898 numero
1797 852 1883 899 est
1909 843 2087 898 Abra-

513 950 658 999 mes,
695 935 779 987 vir
810 934 1082 1003 pessimus
1118 951 1130 986 :
1167 936 1260 1002 qui
1292 942 1581 1003 postquam
1605 950 1797 1004 agrum
1827 934 2088 988 ecclesia-

511 1025 709 1078 sticum
759 1025 975 1078 diutino
1009 1033 1251 1093 tempore
1283 1025 1548 1090 incoluit,
1602 1024 1870 1094 quosdam
1899 1031 2089 1094 postea

511 1114 770 1184 nequitia:
812 1113 992 1168 socios
1042 1113 1169 1167 inde
1211 1113 1514 1179 asciscens,
1568 1128 1631 1167 ea
1661 1121 1745 1167 est
1772 1127 1938 1166 ausus
1967 1126 2090 1181 quae

511 1217 697 1274 aperte
729 1206 906 1259 fassus
931 1213 1033 1259 est.
1065 1205 1184 1259 Misi
1208 1221 1374 1274 porro
1405 1222 1527 1260 cum
1550 1205 1643 1259 illo
1672 1214 1726 1259 et
1747 1213 1887 1268 acta,
1915 1212 1971 1256 et
1991 1219 2089 1258 eos

511 1296 606 1365 qui
640 1296 841 1366 injuria
873 1305 1001 1350 sunt
1031 1297 1233 1360 affecti,
1282 1312 1345 1351 ac
1375 1296 1846 1366 religiosissimum
1873 1295 2086 1350 Geron-

513 1385 649 1439 tium
678 1387 1074 1441 subdiaconum
1104 1405 1114 1440 :
1141 1403 1250 1440 non
1276 1396 1334 1440 ut
1355 1387 1569 1458 legibus
1593 1387 1818 1440 noxium
1847 1385 2086 1448 tradant,

511 1475 608 1530 sed
640 1488 699 1531 ut
723 1478 791 1531 de
819 1479 885 1532 iis
915 1494 1036 1547 quae
1064 1479 1206 1548 passi
1236 1486 1364 1532 sunt
1393 1477 1644 1546 peritiam
1678 1486 1826 1531 tuam
1855 1476 2092 1530 edocen-

512 1575 615 1629 tes,
641 1574 694 1620 et
717 1568 782 1620 ad
807 1568 1338 1622 commiserationem
1364 1576 1769 1637 permoventes,
1794 1568 2086 1622 scelestum

512 1657 790 1713 hominem
827 1671 887 1714 ut
910 1661 1088 1714 ablata
1120 1659 1313 1714 reddat
1342 1675 1540 1729 cogere
1571 1658 1974 1728 persuadeant.

607 1933 692 1990 XI.
724 1966 794 1974 —
824 1935 1080 1991 Flaviano
1114 1939 1352 2009 episcopo
1376 1939 1986 2014 Constantinopolitano.

583 2097 793 2152 Lumen
829 2107 879 2152 te
910 2099 1064 2153 orbis
1091 2099 1461 2156 clarissimum
1515 2102 1769 2156 exhibuit
1798 2104 2089 2159 universo-

511 2205 634 2243 rum
664 2191 917 2244 eonditor
955 2199 1011 2245 et
1038 2192 1354 2246 moderator
1378 2233 1392 2256 ,
1443 2194 1845 2264 obscuramque
1875 2205 2091 2251 noctem

511 2277 569 2333 in
605 2295 800 2349 puram
839 2281 1125 2336 meridiem
1157 2285 1452 2338 convertit.
1493 2285 1707 2356 1069
1732 2287 1797 2340 Et
1823 2289 2090 2356 quemad-

511 2372 736 2427 modum
778 2374 930 2443 juxta
961 2383 1155 2444 portus
1186 2375 1240 2429 in
1270 2377 1489 2445 specula
1518 2379 1730 2448 positus
1755 2379 1896 2450 ignis
1928 2391 2090 2437 nocte

511 2463 899 2533 navigantibus
931 2466 1139 2519 aditum
1171 2476 1366 2536 portus
1389 2469 1646 2532 ostendit,
1680 2470 1758 2524 sic
1784 2472 2092 2530 sanctitatis

511 2561 620 2608 tua:
650 2554 833 2608 radius
863 2556 1082 2624 pietatis
1107 2573 1272 2611 causa
1303 2559 1508 2614 vexatis
1533 2563 1766 2616 maxima
1788 2565 2091 2620 consolatio

511 2644 725 2708 illuxit,
779 2656 834 2699 et
881 2649 1194 2717 apostolieze
1233 2648 1356 2704 fidei
1417 2661 1637 2720 portum
1691 2655 1950 2724 patefecit
1984 2672 1996 2708 :
2027 2671 2093 2709 ac

511 2736 748 2790 scientes
780 2739 983 2806 pariter
1015 2739 1202 2794 lzetitia
1236 2742 1502 2810 replevit,
1542 2743 1760 2813 ignaros
1792 2760 1821 2798 a
1851 2745 2094 2815 scopulis

501 2824 784 2901 liberavit.
812 2829 924 2898 Ego
946 2845 1075 2884 vero
1100 2847 1211 2900 prae
1237 2833 1451 2887 caeteris
1477 2833 1750 2888 bonorum
1774 2836 2091 2907 largitorem

510 2914 710 2982 laudo,
764 2929 1054 2974 strenuum
1095 2933 1292 2977 nactus
1335 2923 1717 2990 defensorem,
1768 2927 1862 2996 qui
1905 2927 2092 2981 divino

2193 762 2284 813 ὑπ’
2329 759 2555 813 ἐκείνων
2613 756 2964 827 βαλλομένοις
3015 754 3282 824 ἐπάμυνε,
3329 754 3734 823 προϐαλλόμενος

2190 853 2442 922 καθάπερ
2483 850 2686 906 ἀσπίδα
2742 850 2871 912 τοὺς
2908 847 3142 918 νόμους·
3199 845 3292 898 καὶ
3338 846 3518 915 μηδεὶς
3557 847 3736 900 ἀδικῶν

2191 941 2513 995 ἀπολαυέτω
2559 937 2924 1011 συνηγορίας,
2969 936 3070 990 κᾶν
3113 933 3442 998 οἰκειότατος
3578 930 3664 999 Εἷς
3687 937 3739 989 δέ

2191 1033 2395 1087 τούτων
2431 1031 2715 1103 Ἁϐράμης
2763 1033 2791 1083 ό
2843 1029 3134 1090 κάκιστος’
3164 1026 3222 1089 ὃς
3273 1026 3438 1097 ἀγρὸν
3471 1026 3739 1095 ἐκκλησια-

2195 1124 2376 1178 στικὸν
2427 1123 2616 1194 χρόνον
2659 1117 3143 1190 οἰκήσαςσυχνὸν,
3176 1113 3295 1169 είτά
3333 1133 3484 1178 τινας
3513 1115 3743 1168 ἐντεῦθεν

2192 1216 2272 1278 είς
2307 1213 2593 1267 κοινωνίαν
2629 1210 2730 1280 τῆς
2762 1209 3102 1279 κακουργίας
3135 1206 3335 1271 λαϐὼν,
3370 1206 3688 1276 τετόλμηκεν
3716 1207 3746 1259 ἀ

2193 1305 2378 1374 σαφῶς
2407 1303 2780 1375 ὡμολόγησεν.
2824 1301 3149 1354 Ἀπέστειλα
3183 1300 3238 1352 δὲ
3272 1299 3368 1352 σὺν
3402 1296 3548 1367 αὐτῷ
3582 1300 3747 1351 καὶτὰ

2194 1395 2580 1467 πεπραγμένα,
2611 1395 2704 1448 καὶ
2751 1393 2879 1456 τοὺς
2916 1392 3302 1463 ἠδικημένους,
3335 1391 3428 1443 καλ.
3473 1390 3561 1443 τόν
3607 1389 3750 1441 εὐλα-

2199 1489 2457 1547 ϐέστατον
2489 1487 2528 1539 Γ
2531 1488 2774 1558 ερόντιον
2813 1485 2903 1538 τὸν
2955 1485 3343 1537 ύποδιάκονονο
3381 1481 3480 1551 οὐχ
3521 1482 3605 1533 ἵνα
3650 1485 3749 1544 τοῖς

2198 1581 2386 1650 νόμοις
2415 1578 2695 1651 παραδῶσι
2733 1578 2824 1630 τὸν
2883 1577 3184 1646 ἀλιτήριον,
3221 1574 3338 1627 ἀλλ’
3393 1575 3481 1626 ἵνα
3530 1574 3623 1642 τὴν
3664 1573 3752 1642 σὴν

2123 1685 2160 1739 [3
2191 1672 2476 1738 διδάξωσιν
2526 1671 2562 1726 ἃ
2601 1671 2903 1724 πεπόνθασι
2956 1669 3242 1722 παίδευσιν
3296 1666 3390 1719 καὶ
3443 1664 3751 1732 συναλγῆσαι

2193 1767 2707 1835 παρασκευάσαντες
2749 1763 3009 1815 πείσωσιν
3067 1760 3388 1828 ἀναγκάσαι
3440 1757 3531 1810 τὸν
3563 1759 3755 1812 ἀνόσιον

2192 1855 2476 1926 ἄνθρωπον
2519 1854 2811 1908 ἀποδοῦναι
2845 1853 2912 1906 τὰ
2943 1849 3262 1920 συληθέντα.

2194 1946 2294 2001 IA'.
2344 1975 2412 1988 --
2461 1943 2780 2010 Φλαϐιανῷ
2827 1943 3143 2008 ἐπισκόπῳ
3193 1937 3758 1994 Κωνσταιτιιιτουπό·

2894 2016 3067 2066 λεωσ.

2937 2030 3067 2078 εως.

2261 2107 2531 2177 Φωστῆρά
2564 2123 2623 2160 σε
2663 2107 2761 2176 τῆς
2790 2104 3119 2175 οἰκουμένης
3149 2102 3458 2172 φανότατον
3501 2100 3763 2168 ἀπέφηνεν

2192 2201 2221 2251 ὁ
2247 2198 2356 2250 τῶν
2385 2198 2523 2250 ὅλων
2562 2198 2802 2267 Ποιητής
2839 2213 2897 2248 τε
2942 2196 3037 2248 x11
3067 2193 3369 2265 Πρύτανις,
3416 2193 3511 2245 καὶ
3551 2190 3647 2261 τὴν
3680 2191 3763 2259 βα-

2195 2290 2344 2344 θείαν
2363 2290 2705 2359 σκοτομήνην
2728 2290 2808 2350 είς
2833 2287 3080 2358 καθαρὰν
3106 2285 3375 2356 μετέδαλε
3405 2281 3761 2356 μεσημϐρίαν.

2195 2380 2305 2432 Καὶ
2333 2378 2585 2444 καθάπερ
2606 2377 2668 2430 τὸ
2698 2377 2848 2447 παρά
2872 2377 2994 2440 τοὺς
3024 2375 3250 2444 λιμένας
3275 2371 3765 2445 φρυκτωρούμενον

2195 2468 2306 2539 πῦρ
2360 2472 2472 2530 τοῖς
2523 2465 2964 2535 ναυτιλλομένοις
3012 2463 3230 2532 νύκτωρ
3283 2461 3632 2515 ἐπιδείκνυσι
3681 2457 3768 2512 τοῦ

2193 2559 2413 2630 λιμένος
2443 2559 2505 2611 τὸ
2533 2558 2727 2628 στόμα,
2764 2555 2938 2618 οὕτως
2967 2555 3120 2626 ήτῆς
3152 2554 3251 2622 σῆς
3278 2552 3602 2622 ἁγιωσύνης
3626 2549 3767 2610 ἀκτὶς

2191 2655 2304 2716 τοῖς
2354 2653 2495 2722 ὑπὲρ
2540 2651 2638 2719 τῆς
2705 2649 2989 2712 εὐσεϐείας
3053 2645 3495 2716 πολεμουμένοις
3545 2643 3772 2710 ἀνεφάνη

2199 2740 2428 2810 μεγίστη
2478 2737 2798 2808 παραψυχὴ.
2849 2738 3079 2806 καὶτῆς
3131 2735 3511 2803 ἀποστολικῆς
3551 2733 3771 2794 πίστεως

2195 2831 2438 2896 ἐπέδειξε
2475 2831 2565 2883 τὸν
2603 2831 2820 2900 λιμένα,
2855 2831 2950 2882 καὶ
2993 2828 3120 2891 τούς
3147 2844 3206 2879 τε
3245 2828 3468 2890 εἰδότας
3517 2823 3774 2894 θυμηδίας

2196 2924 2484 2994 ἐνέπλησε,
2507 2923 2633 2986 τούς
2662 2940 2719 2975 τε
2757 2920 3087 2990 ἀγνοοῦντας
3118 2918 3479 2990 ἠλευθέρωσε
3509 2917 3616 2970 τῶν
3653 2932 3769 2967 σκο-

513 3008 712 3066 timore
745 3011 1047 3066 humanum
1079 3022 1348 3067 terrorem
1374 3015 1602 3079 excutit,
1641 3026 1696 3070 et
1725 3034 1824 3087 pro
1853 3033 2090 3089 evange-

2195 3017 2397 3070 πέλων.
2442 3014 2584 3084 Ἐγὼ
2630 3015 2685 3068 δὲ
2720 3014 3088 3084 διαφερόντως
3129 3012 3220 3065 τὸν
3266 3011 3386 3064 τῶν
3425 3009 3646 3080 ἀγαθῶν
3692 3009 3778 3061 ἀνο

511 3100 631 3156 licis
678 3102 1027 3172 dogmatibus
1079 3105 1333 3161 alacriter
1373 3107 1633 3173 dimicat,
1696 3119 1752 3165 et
1793 3111 2093 3180 apostolica

512 3195 815 3251 certamina
862 3197 1099 3252 libenter
1141 3198 1478 3268 aggreditur.
1540 3201 1729 3271 Itaque
1774 3202 2090 3274 omnisjam

511 3283 698 3355 lingua
726 3285 782 3338 in
810 3287 1115 3341 sanctitatis
1143 3297 1250 3342 tua:
1277 3288 1470 3342 laudes
1496 3289 1775 3344 incitatur.
1808 3291 1920 3346 Nec
1943 3291 2092 3347 enim

512 3376 615 3430 soli
642 3376 860 3444 pietatis
881 3378 1087 3432 alumni
1115 3381 1388 3434 sinceram
1412 3380 1573 3434 tidem
1597 3389 1743 3435 tuam
1769 3383 2089 3452 prwdieant,

514 3466 611 3522 sed
644 3467 745 3537 ipsi
773 3469 936 3522 etiam
965 3469 1153 3525 hostes
1178 3472 1423 3526 veritatis
1455 3472 1838 3528 fortitudinem
1867 3491 2093 3545 magno-

511 3573 644 3628 pere
674 3562 1076 3616 commendant.
1145 3563 1407 3618 Veritatis
1443 3565 1647 3634 quippe
1709 3567 2096 3636 splendoribus

510 3651 660 3705 cedit
711 3653 1082 3707 mendacium.
1144 3654 1272 3708 Hmc
1307 3671 1454 3710 nunc
1489 3657 1694 3720 scribo,
1743 3658 2093 3712 reverendis-

511 3741 712 3795 simum
737 3752 792 3795 et
813 3743 1287 3811 religiosissimum
1313 3745 1606 3815 Ilypatium
1631 3746 1892 3800 lectorem
1916 3747 2096 3803 sciens

510 3836 567 3883 et
600 3839 855 3900 prompto
893 3832 1078 3886 animo
1111 3833 1420 3889 sanctitatis
1449 3844 1555 3890 tua:
1586 3836 1814 3890 nutibus
1837 3836 2094 3906 obsequi,

510 3928 570 3973 et
598 3921 942 3989 egregiorum
974 3920 1281 3975 facinorum
1309 3931 1551 3988 tuorum,
1603 3924 1845 3989 domine,
1894 3940 2095 3996 perpe-

515 4016 662 4064 tuam
699 4009 877 4066 facere
912 4011 1266 4067 mentionem.
1316 4013 1576 4069 Sanctum
1610 4015 1830 4085 Deoque
1865 4018 2095 4072 charum

510 4111 678 4172 caput
721 4110 873 4157 tuum
915 4105 1328 4174 amplectentes,
1363 4122 1586 4162 oramus
1618 4116 1677 4161 ut
1707 4109 1969 4178 precibus
1996 4127 2097 4166 nos

509 4193 726 4258 fulcias,
759 4205 820 4251 ut
849 4197 997 4266 quod
1028 4197 1301 4268 reliquum
1331 4209 1415 4254 est
1441 4201 1566 4256 vitae
1595 4201 1751 4272 juxta
1777 4203 1926 4274 leges
1948 4203 2093 4258 divi-

510 4298 610 4339 nas
637 4301 984 4358 peragamus.

2198 3108 2352 3179 υμνῶ
2387 3105 2644 3176 χορηγὸν,
2705 3106 2986 3176 πρόμαχον
3018 3106 3266 3172 γενναῖον
3315 3102 3521 3174 εὑρὼν,
3553 3101 3629 3172 τῷ
3663 3099 3781 3168 θείῳ

2199 3199 2350 3268 φόϐῳ
2378 3198 2438 3250 τὸ
2463 3195 2804 3266 ἀνθρώπειον
2840 3193 3197 3260 ἐξελαύνοντα
3242 3194 3392 3258 δέος,
3429 3194 3523 3248 καὶ
3567 3193 3673 3245 τῶν
3709 3191 3782 3243 εὐο

2194 3287 2500 3357 αγγελικῶν
2556 3286 2844 3357 δογμάτων
2902 3286 3200 3356 προθύμως
3245 3286 3782 3358 προκινδυνεύοντα.

2194 3380 2291 3433 καὶ
2324 3380 2450 3441 τοὺς
2508 3377 2898 3440 ἀποστολικοὺς
2937 3375 3156 3445 ἀγῶνας
3188 3377 3492 3440 ἀσπασίως
3535 3375 3786 3444 ἀναδεχό-

2199 3487 2379 3542 μενον.
2420 3471 2531 3523 Kal
2556 3471 2706 3528 πᾶσα
2734 3470 2791 3522 δὲ
2825 3468 3039 3537 γλῶττα
3069 3467 3164 3520 νῦν
3193 3470 3272 3530 εἰς
3311 3468 3604 3538 εὐφημίαν
3635 3469 3788 3520 κινεῖ-

2194 3581 2286 3618 ται
2319 3563 2419 3632 τῆς
2453 3562 2552 3631 σῆς
2595 3561 2898 3630 ἁγιότητος.
2929 3560 3003 3612 Ού
3031 3558 3139 3629 γὰρ
3182 3559 3338 3628 μόνοι
3373 3560 3478 3630 τῆς
3507 3558 3787 3620 εὐσεϐείας

2195 3654 2244 3708 οἱ
2275 3654 2536 3727 τρόφιμοι
2575 3652 2920 3722 θαυμάζουσι
2945 3651 3005 3703 τὸ
3054 3651 3154 3718 τῆς
3187 3650 3438 3713 πίστεως
3467 3649 3788 3720 ἀκραιφνὲς.

2197 3744 2333 3798 ἀλλά
2375 3743 2470 3796 καὶ
2494 3744 2541 3795 οἱ
2569 3743 2666 3807 τῆς
2714 3741 2973 3810 ἀληθείας
3023 3739 3271 3809 πολέμιοι
3305 3739 3437 3794 λίαν
3474 3741 3666 3811 ᾅδουσι
3698 3739 3791 3808 τὴν

2198 3835 2440 3904 ἀνδρίαν.
2474 3835 2608 3896 Ταῖς
2653 3831 2764 3903 γὰρ
2792 3833 2887 3901 τῆς
2923 3831 3185 3902 ἀληθείας
3238 3831 3571 3901 ἀστραπαῖς
3619 3847 3796 3900 παρα-

2198 3929 2365 3997 χωρεῖ
2393 3925 2453 3978 τὸ
2482 3923 2696 3994 ψεῦδος.
2731 3923 2918 3976 Ταῦτα
2946 3923 3040 3976 νῦν
3063 3922 3281 3992 γράφω,
3317 3923 3416 3976 τὸν
3462 3924 3796 3992 τιμιώτατον

2202 4020 2298 4074 καὶ
2331 4017 2728 4072 εὐλαϐέστατον
2776 4016 3036 4070 ’Υπάτιον
3068 4014 3161 4067 τὸν
3197 4015 3577 4085 ἀναγνώστην
3623 4013 3797 4078 εἰδὼς,

2199 4112 2296 4165 καὶ
2331 4110 2630 4181 προθύμως
2663 4108 2760 4178 μὲν
2783 4109 2895 4170 τοῖς
2923 4108 3019 4176 τῆς
3064 4106 3164 4175 σῆς
3188 4099 3487 4178 ὁσιότητος
3523 4103 3798 4160 διακονού⁶

2202 4221 2360 4272 μενον
2411 4201 2666 4271 νεύμασι,
2709 4199 2974 4270 διηνεκῶς
3021 4199 3078 4252 δὲ
3130 4198 3238 4252 τῶν
3288 4200 3646 4262 ἀξιεπείνων
3687 4216 3800 4258 σου,

2198 4294 2455 4356 δέσποτα,
2501 4292 2851 4362 μεμνημένον
2886 4289 3356 4360 κατορθωμάτων.
3414 4293 3534 4344 Καί
3580 4308 3676 4343 σου
3709 4290 3802 4358 τὴν

511 4380 673 4449 ἁγίαν
719 4385 814 4436 καὶ
853 4383 972 4455 Θεῷ
1032 4385 1192 4456 φίλην
1250 4391 1742 4460 περιπτυσσόμενοι
1793 4391 2054 4462 κεφαλὴν,
2093 4392 2212 4459 ταῖς
2257 4391 2588 4460 προσευχαῖς
2645 4388 2792 4458 ἡμᾶς
2839 4386 3140 4456 ὑπερείδειν
3188 4388 3666 4458 παρακαλοῦμεν,
3727 4387 3806 4438 ἵνα

509 4476 572 4532 τὸ
603 4477 735 4548 γοῦν
785 4480 1108 4551 λειπόμενον
1157 4483 1257 4552 τῆς
1307 4483 1453 4554 ζωῆς
1488 4487 1630 4540 κατά
1660 4487 1788 4550 τοὺς
1817 4487 1996 4552 θείους
2025 4488 2312 4559 βιώσωμεν
2343 4487 2560 4557 νόμους.

933 4595 1049 4648 XII.
1075 4626 1144 4635 —
1163 4594 1370 4651 Iremeo
1405 4600 1669 4668 episcopo.

580 4686 868 4741 Maximam
920 4687 1066 4742 illam
1115 4695 1172 4742 et
1205 4689 1611 4744 adamantinam
1637 4692 1858 4756 turrim,
1893 4692 2096 4747 Jobum

509 4775 657 4842 dico,
695 4787 982 4832 strenuum
1010 4778 1234 4834 virtutis
1264 4780 1550 4843 athletam,
1586 4796 1689 4834 nec
1718 4781 2094 4850 frequentium

509 4868 690 4922 omnis
730 4869 946 4937 generis
990 4885 1363 4926 aerumnarum
1412 4870 1653 4938 impetus
1689 4867 1946 4938 perculit,
1997 4871 2095 4926 sed

513 4959 848 5015 immobilem
910 4961 1097 5030 potius
1171 4970 1227 5015 et
1290 4961 1769 5031 inexpugnabilem
1829 4963 2092 5018 ostendit.

511 5049 639 5111 Post
676 5051 835 5105 tinem
859 5068 990 5106 vero
1018 5052 1382 5106 certaminum
1407 5091 1421 5114 ,
1474 5053 1841 5107 tentationum
1871 5068 2096 5107 causam

517 5141 730 5212 1070
761 5143 943 5212 justus
975 5142 1259 5214 legislator
1290 5143 1508 5212 aperuit
1535 5143 1725 5198 dicens
1758 5162 1771 5198 :
1811 5163 1827 5196 ι
1856 5144 2095 5200 Putasne

511 5247 598 5292 me
645 5233 810 5288 aliter
860 5231 1215 5303 respondisse
1257 5232 1389 5300 tibi,
1445 5249 1608 5303 quam
1639 5235 1898 5304 utjustus
1923 5251 2092 5305 appa-

512 5324 728 5378 reas"?
755 5343 774 5376 ι
831 5324 957 5378 Haec
980 5322 1148 5378 verba
1183 5323 1443 5396 pietatem
1464 5342 1682 5396 quoque
1707 5335 1854 5382 tuam
1899 5326 2094 5382 audire

513 5416 779 5481 arbitror,
812 5431 932 5487 quae
977 5415 1183 5471 multos
1231 5423 1288 5471 et
1328 5415 1576 5472 diversos
1615 5419 1974 5475 molestarum
2002 5434 2093 5474 re-

585 5574 628 5604 "
650 5573 753 5629 Job
783 5589 868 5638 xL,
911 5573 958 5625 1.

587 5709 663 5778 (4)
703 5709 891 5764 Exstat
926 5711 1040 5766 hmc
1079 5708 1306 5779 epistola
1336 5724 1365 5764 e
1404 5707 1592 5762 Latina
1635 5709 1779 5763 Metii
1823 5709 2275 5779 interpretatione
2345 5710 2488 5779 apud
2554 5710 2848 5765 Baronium
2885 5709 3084 5766 Annal.
3136 5709 3200 5764 ad
3243 5727 3292 5765 a.

516 5778 612 5843 Vl,
646 5795 700 5848 p.
739 5780 858 5833 101.

2127 4583 2173 4640 D

2555 4597 2654 4649 IB’.
2672 4625 2742 4635 ——-
2773 4594 3064 4662 Εἰρηναίῳ
3092 4594 3432 4661 ἐπισκόπῳ.

2273 4691 2378 4742 Τὸν
2404 4689 2661 4758 μέγιστον
2687 4688 2894 4738 ἐκεῖνον
2913 4685 3008 4738 καὶ
3035 4685 3410 4754 ἀδαμάντινον
3447 4686 3696 4756 πύργον,
3722 4684 3808 4736 τὸν

2212 4781 2330 4835 ’1ώὸ
2363 4798 2526 4851 φημι,
2559 4780 2651 4832 τὸν
2691 4780 2937 4845 γενναῖον
2985 4778 3088 4845 τῆς
3127 4777 3331 4846 ἀρετῆς
3365 4776 3656 4848 ἀθλητὴν,
3691 4777 3811 4829 οὐδὲ

2199 4875 2231 4941 ἡ
2269 4871 2377 4923 τῶν
2406 4869 2616 4939 συχνῶν
2647 4868 2744 4923 καὶ
2792 4866 3150 4922 παντοδαπῶν
3191 4867 3472 4935 λυπηρῶν
3518 4869 3812 4920 κατέσεισε

2201 4961 2506 5033 προσϐολὴ,
2561 4960 2697 5013 ἀλλά
2744 4960 2944 5030 μᾶλλον
2995 4959 3251 5030 ἀκίνητόν
3293 4977 3357 5012 τε
3425 4963 3532 5014 καλ⁵
3595 4962 3816 5030 ἄμαχον

2195 5052 2415 5116 ἔδειξεν.
2473 5051 2627 5106 Μετά
2686 5052 2868 5122 μέντοι
2916 5051 3022 5103 τῶν
3059 5049 3286 5118 ἀγώνων
3337 5052 3406 5104 τὸ
3461 5053 3670 5116 τέλος,
3718 5051 3813 5120 τὴν

2193 5144 2300 5199 τῶν
2336 5143 2661 5215 πειρασμῶν
2703 5143 2881 5196 αἰτίαν
2919 5144 2948 5195 ὁ
2979 5142 3190 5216 δίκαιος
3237 5142 3562 5214 νομοθέτης
3601 5145 3812 5214 ἐδήλω-

2195 5253 2306 5301 σεν,
2339 5234 2511 5297 οὕτως
2542 5233 2740 5287 εἰπών’
2775 5252 2793 5285 ι
2822 5233 2936 5285 Οἴει
2968 5233 3024 5286 δέ
3058 5250 3125 5301 με
3158 5233 3332 5294 ἄλλως
3373 5251 3466 5286 σοι
3507 5251 3811 5305 κεχρημα-

2191 5326 2481 5397 τικέναι,ῆ
2514 5326 2602 5381 ἴνα
2630 5326 2837 5388 δίκαιος
2879 5325 3194 5394 ἀναφανῇςς
3226 5343 3243 5373 ι
3287 5324 3530 5378 Τούτων
3589 5325 3817 5378 ἀκούειν

2192 5417 2303 5471 τῶν
2361 5417 2537 5486 λόγων
2592 5417 2688 5470 καὶ
2738 5415 2834 5486 τὴν
2881 5415 2980 5482 σὴν
3037 5414 3421 5485 ὑπολαμϐάνω
3483 5416 3812 5486 φιλοθεῖαν,

3375 5708 3444 5763 C.
3500 5710 3636 5777 4-49,
3692 5716 3822 5764 tum.
