4056 6456
292 447 303 457 -
356 409 491 475 1185

1722 410 2087 475 EPISTULA
2117 410 2273 472 XIV.

3476 410 3612 479 1186

351 530 552 596 πολλὰς
589 529 684 584 καὶ
713 528 1005 603 διαφόρους
1037 530 1345 602 προσϐολάς
1390 530 1731 601 σκυθρωπῶν
1762 532 1913 584 δυνα-

2031 544 2155 583 rum
2214 529 2452 599 impetus
2496 530 2725 600 pertulit
2775 548 2787 584 :
2836 545 2941 587 nec
2978 531 3155 587 solum
3202 530 3339 588 istos
3385 532 3612 589 minimc

353 624 522 695 μένην
563 616 910 694 πραγμάτων
942 622 1185 692 ἐνεγκεῖν
1203 639 1219 655 ’
1248 624 1371 694 ούχὶ
1402 623 1685 692 φυγοῦσαν
1705 621 1762 675 δὲ
1791 620 1927 675 ταύ-

347 732 471 779 τας,
505 712 648 769 ἀλλὰ
682 713 745 767 τὸ
793 713 895 785 τῆς
931 712 1246 783 οἰκονομίας
1271 714 1350 784 (5)
1382 711 1645 784 σταθερὸν
1678 713 1774 766 καὶ
1804 727 1927 765 στε-

353 805 620 879 ρεώτερον
656 805 974 871 διδάξασαν.
1015 804 1235 875 Ταύτην
1279 804 1403 859 ίδὼν
1440 807 1539 876 τῆς
1586 805 1741 875 ἱερᾶς
1771 802 1928 875 ὑμῶν

347 897 527 968 ψυχῆς
554 890 807 969 ἅνδρείαν
844 899 874 952 ὀ
914 896 1292 967 μεγαλόδωρος
1330 895 1629 966 Δεσπότης,
1675 895 1778 948 οὐκ
1823 895 1924 963 ﬂv-

355 988 547 1058 ἐσχετο
609 986 817 1059 κρύψαι
868 986 1188 1059 ἀξιόκτητον
1241 986 1497 1058 ἀθλητὴν,
1529 983 1645 1040 ἀλλ’
1673 986 1752 1049 εἰς
1798 986 1929 1048 τοὺς

347 1078 569 1147 ἀγῶνας
612 1079 942 1149 εισήγαγενσ
986 1077 1083 1131 εῖνα
1126 1076 1226 1147 τὴν
1264 1078 1363 1149 μὲν
1409 1076 1715 1148 σεϐασμίαν
1771 1075 1926 1147 ὑμῶν

348 1170 591 1241 κεφαλὴν
610 1168 689 1240 τῷ
721 1168 1005 1241 νικηφόρῳ
1034 1169 1435 1240 κατακοσμήσῃ
1464 1167 1738 1237 στεφάνῳ,
1759 1164 1924 1236 ἀρχέ-

345 1278 516 1315 τυπον
562 1260 620 1314 δὲ
670 1259 940 1328 ὠφελείας
994 1260 1121 1322 τοὺς
1171 1258 1472 1329 ὑμετέρους
1513 1257 1707 1320 ἄλλους
1749 1273 1923 1327 προσ⁴

345 1354 546 1424 ενέγκῃ
570 1354 683 1416 τοῖς
711 1351 914 1415 ἄλλοις.
944 1350 1199 1421 Συνήθως
1220 1350 1422 1415 τοίνυν,
1455 1342 1500 1403 ὦ
1531 1348 1660 1421 φίλη
1689 1347 1921 1420 κεφαλὴ,

347 1447 439 1500 καὶ
469 1441 629 1499 τόνδε
670 1443 895 1516 νίκησον
946 1442 1038 1496 τὸν
1083 1442 1294 1512 ἀγῶνα,
1342 1444 1439 1496 καὶ
1490 1442 1623 1516 φέρε
1662 1441 1925 1510 γενναίως

342 1535 437 1590 τοῦ
478 1534 747 1609 ὑμετέρου
788 1535 886 1605 μὲν
938 1535 1218 1607 γαμϐροῦ,
1277 1537 1412 1605 ἐμοῦ
1458 1533 1515 1587 δὲ
1548 1533 1923 1605 γνησιωτάτου

342 1629 501 1699 φίλου
535 1629 634 1698 τὴν
673 1627 950 1697 τελευτήν.
985 1628 1094 1681 Καὶ
1137 1627 1359 1696 νίκησον
1405 1629 1472 1696 τῇ
1505 1625 1794 1696 φιλοσοφίᾳ
1829 1618 1925 1678 καῖ

342 1721 671 1789 συγγένειαν
704 1719 799 1772 καὶ
859 1719 1081 1789 μνήμην
1121 1717 1269 1789 ἠθῶν
1311 1719 1510 1790 ἄριστα
1565 1715 1923 1789 κεκραμένων

339 1811 436 1863 καὶ
467 1809 811 1881 ἐλευθερίως,
837 1809 1076 1863 νικῶσαν
1112 1809 1209 1862 καὶ
1233 1807 1544 1877 ζωγράφων
1578 1806 1794 1878 τέχνην,
1826 1806 1924 1860 καὶ

2030 618 2361 684 declinavit,
2421 621 2519 676 sed
2565 623 2780 676 ﬁrmum
2830 639 2895 677 ac
2932 623 3171 678 solidum
3224 624 3394 679 animi
3440 624 3612 679 robur

2029 730 2143 785 prae
2178 729 2237 769 se
2284 715 2428 769 tulit.
2486 714 2661 781 Quam
2689 732 2925 773 cernens
2945 732 3115 773 sacrae
3143 719 3345 773 mentis
3367 726 3473 773 tua:
3499 717 3612 774 for-

2030 804 2323 861 titudinem
2375 804 2671 861 muniﬁcus
2701 807 2969 863 Dominus
2992 850 3005 873 ,
3057 808 3323 864 eximium
3347 809 3610 864 athletam

2028 899 2309 955 occultare
2329 897 2530 963 noluit,
2567 897 2665 952 sed
2694 898 2763 953 ad
2788 901 3089 953 certamina
3112 898 3396 969 produxit,
3428 908 3491 954 ut
3511 915 3611 955 ve-

2027 990 2337 1046 nerandum
2364 1000 2532 1061 caput
2560 989 2778 1045 victrici
2801 1006 3005 1045 corona
3030 999 3344 1057 exornaret,
3375 991 3612 1061 aliisque

2026 1082 2092 1138 ad
2119 1082 2374 1138 utilitatis
2395 1082 2707 1151 exemplum
2730 1083 3029 1137 certamina
3053 1091 3232 1137 vestra
3251 1092 3606 1153 proponeret.

2025 1176 2205 1241 Quare
2230 1175 2380 1229 hunc
2400 1174 2589 1237 etiam,
2615 1174 2811 1236 amice,
2838 1189 3067 1244 agonem
3087 1174 3264 1238 vince,
3284 1174 3425 1229 sicut
3441 1176 3606 1241 soles,

2026 1267 2328 1339 generique
2370 1266 2474 1330 tui,
2524 1266 2724 1321 sinceri
2759 1265 2922 1320 amici
2952 1265 3081 1329 mei,
3116 1274 3350 1320 mortem
3378 1265 3461 1321 fer
3492 1266 3607 1321 for-

2028 1358 2178 1412 titer.
2212 1358 2383 1413 Vince
2412 1357 2761 1427 philosophia
2790 1365 2846 1411 et
2876 1356 3097 1427 generis
3117 1356 3605 1427 propinquitatem,

2023 1455 2080 1501 et
2114 1462 2331 1501 morum
2364 1463 2528 1518 quam
2558 1448 2766 1518 optime
2800 1456 3233 1519 temperatorum
3263 1447 3606 1503 liberalium-

2023 1551 2130 1605 que
2157 1537 2499 1602 memoriam,
2530 1537 2804 1606 pictorum
2824 1546 2941 1591 arte
2963 1546 3358 1608 oratorumque
3377 1537 3608 1592 scientia

2022 1630 2463 1699 praestantiorem
2497 1647 2510 1683 :
2542 1645 2606 1685 ac
2630 1629 2885 1686 maeroris
2903 1630 3169 1700 impetum
3195 1631 3433 1700 reprime
3458 1630 3609 1685 illius

2024 1720 2408 1775 recordatione
2432 1760 2446 1785 ,
2495 1720 2590 1789 qui
2624 1735 2714 1775 res
2741 1728 2957 1775 nostras
3004 1720 3285 1790 sapienter
3309 1719 3603 1790 gubernat,

2022 1821 2079 1867 et
2110 1810 2298 1866 futura
2331 1813 2621 1883 prospicit,
2657 1820 2713 1867 et
2744 1812 2812 1869 ad
2841 1812 3137 1867 utilitatem
3163 1811 3371 1884 dirigit.
3409 1814 3515 1868 Sed
3547 1822 3605 1869 et

340 1902 704 1972 λογογράφων
722 1903 916 1972 ἐπιστή
925 1917 1052 1972 μην·
1077 1900 1169 1953 καὶ
1183 1900 1280 1968 τὴν
1296 1901 1392 1970 τῆς
1410 1898 1647 1969 ἀθυμίας
1671 1898 1913 1952 διάλυσον

2024 1907 2474 1975 congratulemur
2512 1911 2600 1976 ei,
2657 1912 2752 1983 qui
2797 1913 3117 1968 decumanis
3151 1915 3316 1985 hujus
3346 1915 3471 1969 vitte
3502 1914 3603 1969 llu-

334 1994 645 2067 προσϐολὴν
668 1996 732 2064 τῇ
765 1994 957 2065 μνήμῃ
984 1992 1078 2045 τοῦ
1101 1991 1170 2044 τὰ
1191 1990 1309 2043 καθ’
1337 1992 1483 2061 ἡμᾶς
1506 1988 1916 2060 οίκονομοῦντος

336 2083 541 2153 σοφῶς,
571 2083 748 2136 καὶτὸ
781 2082 973 2153 μέλλον
1004 2080 1366 2152 προορῶντος,
1397 2080 1492 2133 καὶ
1523 2078 1659 2148 πρὸς
1685 2078 1747 2131 τὸ
1776 2095 1915 2147 συμ-

331 2178 504 2247 φέρον
534 2173 823 2237 ίθύνοντος.
862 2174 971 2227 Καὶ
1008 2172 1364 2244 συνησθῶμεν
1409 2170 1774 2240 ἀπαλλαγέντι
1807 2170 1916 2224 τῶν

329 2269 428 2324 τοῦ
454 2269 571 2340 βίου
589 2268 898 2340 τρικυμιῶν
918 2286 933 2301 ο
969 2267 1170 2339 μᾶλλον
1198 2268 1256 2322 δὲ
1283 2267 1445 2339 χάριν
1466 2267 1912 2338 ὁμολογήσωμεν,

329 2364 414 2416 ὅτι
442 2360 745 2433 φερόμενος
774 2359 834 2425 ἐξ
858 2360 1059 2431 ούρίων
1091 2361 1171 2423 είς
1197 2361 1328 2422 τοὺς
1349 2359 1668 2430 ἀπηνέμους
1695 2357 1915 2430 καθωρο

333 2453 502 2527 μίσθη
535 2452 781 2524 λιμένας,
829 2453 925 2505 καὶ
972 2454 1167 2523 πεῖραν
1222 2451 1331 2505 τῶν
1362 2451 1577 2522 πικρῶν
1622 2451 1722 2503 οὐκ
1751 2449 1913 2503 ἔλαϐε

328 2538 632 2610 ναυαγίων,
686 2533 760 2594 ῶν
800 2539 889 2594 ὅδε
931 2540 960 2592 ὁ
1007 2540 1125 2609 βίος
1170 2539 1389 2610 μεστός.
1440 2538 1599 2593 Ἀλλὰ
1647 2538 1756 2610 γὰρ
1797 2534 1912 2592 οἶδα

325 2635 587 2706 περιττὸν
620 2632 811 2701 ποιῶν,
840 2633 932 2686 τὸν
953 2635 1199 2700 γενναῖον
1221 2633 1319 2702 τῆς
1347 2630 1552 2703 ἀρετῆς
1578 2630 1907 2700 ἀγωνιστὴν,

326 2725 425 2781 καὶ
452 2725 561 2779 τῶν
593 2724 769 2779 ἄλλων
800 2722 1053 2794 ἀθλητῶν
1087 2722 1463 2793 παιδοτρίϐην,
1497 2722 1577 2785 είς
1615 2720 1910 2792 καρτερίαν

325 2816 591 2886 ἀλείφων.
610 2816 815 2889 Γράφω
836 2815 893 2868 δὲ
917 2816 1087 2887 ὅμως,
1120 2815 1214 2868 καὶ
1242 2815 1463 2885 ἐμαυτῷ
1489 2813 1580 2867 δια
1605 2813 1775 2866 τῶνδε
1799 2813 1910 2867 τῶν

323 2908 504 2976 λόγων
537 2905 896 2977 ψυχαγωγίαν
952 2905 1304 2976 προσφέρων.
1357 2903 1612 2974 Ἤλγησα
1669 2903 1779 2975 γάρ
1833 2903 1912 2975 τῷ

320 2996 444 3052 δντι
476 2997 580 3068 τῆς
614 2996 944 3065 ἁξιαγάστου
994 2995 1281 3059 συνουσίας
1322 2995 1710 3066 ἀναμνησθείς.
1751 2994 1911 3048 Ἀλλὰ

322 3088 493 3143 πάλιν
528 3087 745 3158 ὕμνησα
783 3087 891 3141 τῶν
917 3086 1055 3142 ὅλων
1088 3087 1180 3142 τὸν
1224 3088 1523 3158 Πρύτανιν,
1552 3086 1647 3139 καὶ
1677 3085 1740 3139 τὺ
1779 3103 1908 3139 συν-

320 3180 496 3232 οίσειν
532 3177 720 3248 μέλλον
761 3177 958 3241 εἰδότα,
987 3177 1083 3230 καὶ
1127 3177 1266 3247 πρὸς
1303 3175 1463 3229 τοῦτο
1492 3174 1563 3228 τά
1601 3173 1725 3230 καθ’
1759 3176 1910 3246 ἡμᾶς

2024 1992 2205 2046 ctibus
2229 2004 2454 2065 ereptus
2483 2007 2567 2052 est
2596 2017 2609 2052 :
2641 2001 2723 2055 vel
2755 2002 2939 2071 potius
2956 2002 3163 2073 gratias
3185 2019 3429 2074 agamus,
3452 2005 3601 2073 quod

2023 2082 2283 2139 secundis
2309 2088 2489 2143 ventis
2515 2089 2731 2145 delatus
2756 2091 2825 2146 ad
2856 2094 3180 2163 tranquillos
3210 2104 3406 2164 portus
3429 2110 3601 2165 appu-

2021 2172 2123 2238 lit,
2175 2183 2234 2229 et
2280 2178 2475 2232 acerba
2527 2181 2811 2253 naufragia
2835 2223 2849 2248 ,
2907 2184 3111 2253 quibus
3141 2187 3341 2240 referta
3369 2195 3453 2241 est
3485 2187 3602 2241 liam

2022 2261 2172 2326 vita,
2227 2279 2338 2318 non
2388 2277 2475 2322 est
2521 2278 2801 2339 expertus.
2860 2272 3063 2327 Verum
3132 2288 3600 2342 supervacaneum

2022 2365 2143 2408 esse
2176 2356 2357 2410 sentio
2379 2399 2394 2421 ,
2446 2358 2593 2427 quod
2622 2367 2907 2414 strenuum
2932 2360 3170 2432 pugilem
3198 2361 3447 2427 virtutis,
3494 2378 3601 2417 οω-

2022 2450 2268 2499 terorum
2295 2447 2623 2505 athletarum
2651 2452 2994 2522 magistrum,
3021 2454 3092 2508 'ad
3121 2455 3487 2509 constantiam
3508 2469 3605 2508 ex-

2019 2535 2227 2590 citem.-
2263 2536 2458 2594 Scribo
2506 2548 2692 2596 tamen
2738 2550 2801 2597 ut
2852 2544 2988 2597 mihi
3024 2544 3130 2614 ipsi
3164 2546 3600 2600 consolationem

2019 2627 2108 2683 his
2139 2628 2328 2684 verbis
2368 2630 2679 2686 conciliem.
2741 2633 2898 2688 Dolui
2922 2634 3069 2688 enim
3097 2650 3289 2690 revera
3313 2635 3600 2691 laudanda

2017 2733 2232 2773 memor
2266 2721 2704 2777 consuetudinis.
2768 2721 2875 2777 Sed
2903 2724 3152 2779 omnium
3182 2741 3375 2781 rursus
3408 2726 3596 2782 Mode—

2017 2818 2255 2865 ratorem
2310 2811 2518 2881 1071
2564 2812 2822 2868 laudibus
2853 2815 3046 2878 extuli,
3094 2816 3188 2885 qui
3214 2826 3272 2871 et
3301 2818 3434 2872 utile
3462 2818 3595 2888 quid

2017 2900 2264 2955 futurum
2315 2901 2388 2955 sit
2443 2910 2796 2972 perspectum
2839 2904 3046 2969 habet,
3108 2916 3165 2961 et
3192 2908 3260 2962 ad
3286 2907 3393 2962 hoc
3416 2909 3595 2978 ipsum

2017 3007 2107 3047 res
2136 3000 2354 3046 nostras
2385 2991 2634 3048 inﬂectit.
2673 2993 2799 3049 Haec
2824 3010 2926 3066 ego
2959 2997 3283 3069 perscriptis
3303 2999 3414 3070 jam
3443 3000 3595 3070 prio-

2018 3083 2174 3138 ribus
2195 3083 2420 3138 monitls
2444 3083 2669 3151 dictavi,
2689 3100 2814 3141 cum
2838 3088 2958 3159 ejus
2978 3098 3212 3145 mortem
3232 3092 3368 3146 mihi
3387 3092 3598 3148 amicus

2018 3176 2242 3246 quidam
2269 3174 2339 3229 ab
2359 3175 2651 3231 Antiochia
2677 3179 3007 3235 nuntiasset.

320 3268 703 3340 κυϐερνῶντα.
738 3268 924 3322 Ταῦτα
982 3268 1121 3340 μετὰ
1178 3268 1241 3321 τὸ
1293 3266 1501 3339 γράψαι
1547 3265 1620 3320 τὰ
1669 3266 1911 3338 πρότερα
1950 3266 2336 3338 ύπομνηστικά
2406 3269 2779 3339 ὕπηγόρευσα,
2817 3270 2964 3346 τινός
3031 3289 3120 3342 μοι
3160 3272 3268 3326 τῶν
3296 3273 3354 3327 ὲν
3392 3275 3596 3329 ’Λντιο-

320 3364 452 3437 χείᾳ
476 3362 647 3434 φίλων
685 3361 1063 3433 μεμηνυκότος
1088 3360 1186 3433 τὴν
1212 3361 1494 3433 τελευτήν.

902 3480 1000 3534 ll".
1034 3509 1106 3519 —
1146 3480 1336 3548 Κύρῳ.

397 3592 511 3664 Τὴν
543 3594 640 3665 μὲν
663 3592 870 3650 Λέσϐον
889 3590 1073 3646 ἀκούω
1094 3590 1193 3663 τὴν
1212 3590 1395 3662 νῆσον,
1436 3591 1534 3645 καὶ
1553 3589 1655 3655 τὰς
1686 3591 1744 3645 ἐν
1770 3589 1907 3662 αὐτῇ

321 3684 531 3750 πόλεις,
565 3686 664 3756 τήν
702 3702 763 3739 τε
800 3681 1115 3752 Μιτυλήνην
1166 3681 1259 3736 καὶ
1307 3681 1634 3753 Μήθυμναν,
1679 3681 1773 3734 καὶ
1809 3678 1910 3743 τάς

318 3776 526 3842 ἄλλος’
574 3777 806 3847 ἠγνόουν
852 3774 911 3828 δὲ
962 3773 1054 3829 τὸν
1082 3776 1181 3845 τῆς
1233 3774 1292 3827 ὲν
1344 3771 1528 3845 ἐκείνῃ
1566 3770 1910 3845 τρεφομένης

320 3868 575 3941 ἀμπέλου
607 3868 842 3939 καρπόν.
874 3864 987 3920 Νῦν
1016 3866 1074 3920 δὲ
1109 3863 1300 3921 τοῦτον
1323 3864 1412 3920 διὰ
1432 3865 1529 3936 τῆς
1566 3865 1665 3935 σῆς
1685 3864 1910 3934 φιλοποο

318 3961 446 4025 νίας
469 3959 771 4032 μεμάθηκα
792 3975 805 3988 ·
845 3959 940 4013 καὶ
965 3956 1233 4028 θαυμάζω
1258 3956 1321 4009 τό
1352 3972 1413 4008 τε
1444 3953 1539 4008 τοῦ
1574 3954 1748 4018 εἴδους
1787 3955 1910 4009 λευ-

318 4053 441 4118 κὸν,
479 4053 575 4107 καὶ
611 4053 712 4122 τῆς
760 4049 1003 4119 γεύσεως
1044 4048 1106 4102 τὸ
1147 4047 1376 4101 λεπτόν·
1424 4046 1524 4116 τὴν
1550 4046 1606 4100 δὲ
1657 4044 1849 4116 ἡδονὴν
1878 4045 1909 4099 ὁ

316 4144 519 4216 χρόνος
548 4143 677 4207 ἴσως
723 4140 1045 4214 προσθήσει,
1096 4140 1146 4192 εί
1199 4138 1274 4209 μὴ
1324 4135 1554 4208 τροπίαν
1591 4135 1905 4207 ἐργάσαιτο.

318 4236 585 4291 Λωϐἄται
610 4232 719 4304 γὰρ
759 4231 853 4286 καὶ
877 4232 1062 4297 οἴνοις,
1100 4229 1289 4300 ὥσπερ
1323 4224 1391 4282 αὖ
1420 4228 1514 4281 καὶ
1544 4226 1779 4296 σώμασι,
1810 4225 1907 4280 καὶ

319 4327 535 4394 φυτοῖς,
569 4324 666 4378 καὶ
699 4323 1031 4393 οἰκοδομαῖς,
1073 4320 1168 4374 καὶ
1218 4322 1328 4384 τοῖς
1372 4318 1557 4382 ἄλλοις
1589 4319 1904 4391 χειροποιή-

316 4433 462 4479 τοις.
506 4415 660 4485 Ἐμοὶ
681 4413 739 4467 δὲ
787 4412 1058 4484 ἄχρηστός
1086 4413 1206 4463 ἐστι
1239 4408 1541 4476 παντελῶς,
1583 4409 1697 4477 εἴγε
1739 4408 1905 4462 πολυ-

314 4505 577 4581 χρονίους
610 4504 750 4558 κατὰ
779 4505 870 4557 τὸν
918 4503 1010 4556 σὺν
1058 4502 1217 4570 λόγον
1251 4501 1424 4554 ποιεῖν
1473 4499 1602 4563 τοὺς
1649 4499 1905 4566 πίνοντας

317 4598 589 4668 πέφυκεν.
631 4594 878 4667 Μακρῶν
900 4595 1008 4667 γὰρ
1035 4593 1214 4663 ἔγωγε
1242 4592 1453 4663 χρόνων
1497 4592 1599 4645 ούκ
1625 4592 1864 4663 ἐραστής
1885 4608 1901 4625 ο

314 4687 510 4759 ἐπειδὴ
549 4684 721 4740 πολλὰ
781 4684 875 4738 καὶ
924 4683 1138 4754 χαλεπὰ
1173 4680 1266 4735 τοῦ
1312 4679 1432 4751 βίου
1478 4679 1550 4733 τὰ
1601 4678 1900 4737 κλυδώνιαο

1936 3454 1985 3516 C

2597 3476 2738 3532 Xlll.
2759 3509 2830 3519 —-
2853 3477 3008 3551 Cyro.

2086 3584 2325 3641 Lesbum
2352 3586 2610 3657 equidem
2639 3588 2874 3646 insulam
2901 3591 3242 3659 audiveram,
3269 3601 3326 3650 et
3351 3591 3471 3665 e'jus
3494 3610 3591 3650 ur-

2011 3674 2112 3732 bes
2143 3676 2456 3748 Mitylenem
2492 3694 2557 3733 ac
2590 3679 2980 3753 Methymnam,
3015 3690 3072 3737 et
3101 3683 3264 3750 alias,
3305 3683 3434 3738 vitis
3460 3699 3590 3740 vero

2012 3782 2133 3837 qua:
2162 3768 2219 3823 in
2246 3783 2310 3823 ea
2338 3769 2584 3825 nascitur
2606 3769 2847 3827 fructum
2867 3773 3202 3829 nesciebam.
3228 3773 3388 3828 Nunc
3408 3784 3590 3829 autem

2011 3854 2161 3911 hunc
2189 3856 2356 3913 etiam
2395 3873 2463 3912 ex
2491 3858 2766 3915 industria
2797 3868 2887 3916 tua
2911 3860 3080 3917 didici
3111 3903 3126 3928 ,
3178 3862 3592 3935 admiratusque

2010 3961 2132 4001 sum
2181 3955 2239 4003 et
2281 3947 2472 4007 formae
2504 3950 2826 4019 candorem,
2878 3959 2937 4009 et
2967 3954 3178 4024 saporis
3207 3955 3587 4024 subtilitatem,

2009 4038 2335 4093 suavitatem
2358 4055 2490 4097 vero
2525 4049 2741 4112 tempus
2759 4041 2944 4099 forsan
2969 4044 3210 4115 adjiciet,
3231 4045 3338 4101 nisi
3360 4061 3589 4117 vappam

2007 4127 2225 4183 elliciat.
2276 4130 2432 4186 Viuis
2471 4131 2620 4186 enim
2656 4132 2841 4200 officit,
2898 4136 3359 4205 quemadmodum
3387 4152 3587 4207 corpo-

2007 4221 2195 4287 ribus,
2247 4230 2304 4278 et
2354 4222 2593 4295 plantis,
2650 4231 2708 4278 et
2736 4223 3012 4291 aediliciis,
3068 4226 3392 4296 caeterisque
3420 4242 3587 4282 manu

2004 4310 2186 4369 factis.
2220 4312 2493 4369 Caeterum
2521 4314 2718 4369 inutile
2742 4315 2879 4369 mihi
2907 4330 3137 4386 prorsus
3157 4325 3264 4384 est,
3306 4319 3352 4372 si
3379 4317 3585 4389 longae-

2004 4419 2123 4470 vos,
2173 4411 2234 4458 ut
2262 4405 2365 4471 ais,
2408 4405 2668 4460 bibentes
2695 4404 2876 4459 facere
2902 4406 3061 4461 solet.
3098 4405 3410 4477 Longorum
3435 4407 3585 4461 enim

2005 4504 2319 4566 temporum
2365 4512 2466 4568 ego
2492 4512 2624 4551 sane
2659 4495 2894 4565 cupidus
2920 4511 3031 4550 non
3054 4512 3199 4563 sum,
3253 4514 3377 4552 cum
3402 4498 3586 4553 multae

2004 4594 2062 4642 et
2079 4602 2272 4657 graves
2297 4586 2425 4642 vita:
2450 4587 2562 4642 sint
2583 4584 2861 4657 procella}.
2888 4586 3236 4642 Exhilaratus
3257 4605 3378 4643 sum
3400 4590 3586 4659 potius

2006 4678 2198 4734 audita
2219 4679 2477 4736 monachi
2504 4680 2855 4748 valetudine;
2889 4697 3084 4737 revera
3104 4681 3251 4737 enim
3282 4681 3398 4737 btec
3420 4683 3586 4757 etiam

216 4754 223 4761 Ι
318 4754 526 4852 μᾶλλον
555 4778 611 4831 δὲ
635 4777 810 4848 ἥσθην
836 4775 929 4829 τοῦ
974 4774 1297 4846 μονάζοντος
1323 4772 1421 4843 τὴν
1451 4771 1661 4840 ὑγίειαν
1692 4769 1899 4841 μαθών.

2017 4786 2094 4825 me
2113 4786 2245 4827 cura
2267 4771 2567 4842 pungebat,
2586 4780 2643 4827 et
2663 4771 2907 4831 medicos
2928 4772 3208 4830 immerito
3228 4754 3581 4830 accusabam“:

312 4869 412 4941 Τῷ
444 4869 560 4922 δντι
586 4870 686 4937 μὲν
710 4865 819 4938 γὰρ
845 4860 993 4935 εἶχον
1025 4862 1121 4917 καὶ
1153 4861 1357 4933 ταύτην
1387 4877 1454 4930 με
1488 4862 1782 4916 νύττουσαν
1804 4860 1903 4932 τὴν

2017 4863 2137 4934 quia
2170 4863 2400 4921 morbus
2424 4864 2516 4920 hic
2544 4864 2638 4921 tali
2661 4866 2951 4922 curatione
2977 4865 3276 4937 indigebat.
3304 4866 3424 4922 Misi
3444 4867 3512 4922 ad
3533 4875 3586 4922 te

312 4959 577 5032 φροντίδα
598 4977 611 4990 ·
647 4957 757 5011 τῶν
800 4955 859 5009 δὲ
903 4955 1104 5026 ἰατρῶν
1129 4955 1233 5008 οὐκ
1276 4954 1335 5007 ὲν
1364 4950 1490 5026 δίκῃ
1537 4951 1898 5024 κατηγόρουν.

310 5047 593 5120 Τοιαύτης
616 5046 725 5117 γὰρ
751 5045 812 5098 τὸ
836 5043 1006 5106 πάθος
1028 5042 1324 5113 θεραπείας
1353 5041 1543 5096 ἐδεῖτο.
1574 5040 1901 5096 Ἀπέστειλά

2005 4955 2292 5016 vasculum
2321 4955 2520 5023 mellis,
2577 4955 2738 5026 quale
2758 4954 2967 5014 Cilissa:
2989 4971 3119 5027 apes
3139 4956 3372 5028 styracis
3395 4956 3587 5014 ﬂorem

2007 5047 2319 5109 delibantes
2342 5048 2666 5107 coniiciunt.

309 5159 415 5196 σου
445 5143 513 5212 τῇ
536 5139 790 5209 εὐγενείᾳ.
820 5134 1078 5208 σταμνίον
1111 5135 1348 5208 μέλιτος,
1379 5129 1491 5188 οἷον
1525 5136 1583 5189 αἱ
1618 5133 1887 5189 Κύλισσαι
1926 5139 2371 5215 μελιττουργοῦσι
2432 5142 2706 5214 μέλιτται.
2766 5142 2860 5198 τοῦ
2897 5142 3168 5215 στύρακος
3209 5140 3584 5215 περισυλῶσαι

306 5236 387 5290 τὰ
419 5232 578 5305 ἄνθη.

744 5345 843 5398 ιΑυ.
866 5370 938 5384 -
980 5339 1345 5411 Ἀλεξάνδρᾳ
1375 5340 1474 5412 (6).

385 5463 452 5516 El
489 5460 589 5532 μὲν
628 5458 797 5530 μόνην
822 5456 915 5512 τοῦ
943 5455 1352 5528 συμϐεϐηκότος
1380 5457 1510 5527 ὑμῖν
1542 5455 1751 5520 πάθους
1781 5455 1899 5510 ὲλο-

298 5554 553 5625 γιζὸμην
583 5551 683 5623 τὴν
710 5550 894 5619 φύσιν,
926 5549 1032 5603 τῶν
1059 5547 1536 5619 ψυχαγωγούντων
1570 5546 1639 5601 ἂν
1667 5547 1896 5619 ἐδεήθην

300 5644 494 5716 κάγὼ,
524 5645 585 5697 ού
623 5644 783 5715 μόνον
820 5641 899 5714 τῷ
936 5640 1006 5694 τὰ
1034 5640 1274 5713 ὑμέτερα
1321 5640 1496 5694 οἰκεῖα
1541 5639 1770 5709 κρίνειν,
1799 5639 1894 5693 καὶ

388 5782 469 5921 (ὅζ
497 5783 581 5839 An
614 5783 973 5861 φιλοσοφίαςῖ
997 5790 1093 5836 aut
1122 5779 1424 5852 εὐθυμίαςῖ

390 5853 447 5921 (6
498 5854 589 5911 Sic
621 5855 919 5912 Gamerms
947 5864 1180 5921 auctar.,
1209 5867 1263 5921 p.
1302 5850 1424 5906 210.

2489 5349 2631 5406 XIV.
2663 5378 2735 5390 —-—
2759 5348 3102 5410 Αιθωαηάνω.

2077 5460 2133 5515 Si
2187 5475 2349 5517 casus
2404 5462 2501 5532 qui
2551 5462 2650 5517 tibi
2679 5463 2883 5520 accidit
2924 5465 3096 5519 solam
3125 5471 3375 5518 naturam
3404 5462 3586 5517 cousi-

2003 5547 2257 5605 dcrarem
2280 5590 2297 5615 ,
2358 5565 2580 5621 egerem
2608 5560 2667 5607 et
2695 5567 2797 5623 ego
2819 5553 2935 5622 ipse
2963 5549 3422 5618 consolatoribus,
3471 5563 3583 5606 non

2001 5640 2180 5696 solum
2237 5640 2384 5712 quod
2419 5656 2540 5697 mea
2569 5656 2692 5700 esse
2719 5642 2914 5698 ducam
2970 5654 3087 5710 quae
3122 5646 3214 5697 tua
3239 5646 3369 5699 sunt
3394 5677 3412 5706 ,
3464 5645 3582 5691 tum

390 5845 469 5924 (6)
498 5854 589 5911 Sic
621 5845 925 5912 Camerina
947 5864 1180 5922 auctar.,
1209 5845 1271 5922 p.‘
1302 5850 1425 5906 210.
1466 5849 1630 5906 Sirm.
1677 5845 2035 5923 Ἀλεξανδρίᾳ.
2099 5878 2107 5891 ι
