4056 6416
511 359 653 431 1187

1533 357 2021 419 THEODORETI
2058 356 2397 419 EPISCOPI
2435 360 2797 421 CYRENSIS

3609 366 3728 434 1138
3780 416 3794 432 .

516 479 661 542 laeta,
692 486 809 531 tum
844 476 950 530 alia
978 488 1316 544 quaecunque
1336 514 1350 539 ,
1414 465 1626 541 1072
1677 484 1871 525 verum
1901 468 2086 532 etiam,

2196 470 2264 522 τά
2295 470 2539 540 θυμήρη,
2575 473 2669 524 καὶ
2689 471 2756 523 τά
2779 469 2914 524 ἀλλα
2934 468 3091 524 ὁποῖά
3137 468 3249 523 ποτ’
3286 469 3349 525 ἂν
3476 472 3623 529 Ἀλλά
3644 478 3730 533 καὶ

515 568 661 639 quod
716 566 1095 623 admirandum
1148 566 1302 619 illum
1356 580 1421 619 ac
1468 565 1594 633 jure
1643 562 1975 616 laudandum
2016 561 2094 614 vi-

513 674 635 713 rum
702 658 862 712 unice
927 656 1233 710 dilexerim.
1305 655 1443 710 Cum
1485 663 1669 708 autem
1719 652 1908 707 divino
1963 651 2094 705 hinc

515 744 744 798 decreto
795 743 1067 797 abductus
1095 744 1164 797 sit
1199 743 1591 811 melioremque
1620 742 1687 796 ad
1713 742 1881 795 vitam
1910 748 2091 793 trans-

513 834 675 892 latus.
708 844 764 890 et
790 836 1047 890 maeroris
1078 836 1193 905 ipse
1222 836 1425 889 nubem
1463 834 1517 887 in
1546 833 1727 887 anima
1758 847 1879 886 mea
1911 831 2094 885 discu-

432 960 437 969 -
517 927 593 980 tio
618 967 633 990 ,
689 935 745 980 et
792 936 941 980 tuam
967 941 1064 980 oro
1096 926 1442 995 gravitatem,
1495 933 1554 978 ut
1583 924 1818 978 tristitia:
1844 922 2091 976 dolorem

522 1019 736 1071 ratione
796 1018 1007 1078 vincas,
1043 1016 1469 1084 divinorumque
1497 1013 1843 1083 eloquiorum
1870 1027 2090 1065 carmen

510 1108 707 1161 anima:
737 1108 793 1160 in
824 1115 1074 1174 tempore
1102 1104 1417 1158 admoveas.
1451 1104 1625 1173 Ilujus
1647 1102 1794 1156 enim
1817 1101 1894 1155 rei
1917 1101 2089 1170 gratia

511 1199 694 1253 statim
721 1214 752 1252 a
777 1198 1068 1253 cunabulis
1098 1198 1248 1251 velut
1275 1196 1569 1250 mamillam
1591 1193 1883 1263 quamdam
1908 1208 2090 1246 sacra-

512 1306 632 1343 rum
657 1289 1067 1359 Scripturarum
1091 1288 1505 1342 meditationem
1530 1286 1833 1349 haurimus,
1858 1295 1937 1348 ut,
1960 1300 2087 1338 cum

511 1382 741 1435 morbus
769 1397 870 1435 nos
893 1381 1174 1443 invaserit,
1224 1380 1461 1433 salutare
1486 1378 1839 1447 pharmacum
1861 1375 2088 1444 spiritus

510 1468 857 1537 disciplinam
889 1468 1270 1522 adhibeamus.
1302 1467 1517 1521 Scimus
1537 1481 1667 1520 sane
1693 1466 2085 1535 permolestum

510 1568 568 1614 et
594 1575 756 1629 grave
783 1559 1077 1613 admodum
1098 1600 1112 1623 ,
1177 1574 1299 1613 cum
1331 1572 1517 1611 amore
1553 1556 1775 1625 dignum
1801 1556 2086 1625 quidpiam

511 1649 710 1718 aliquis
730 1649 1056 1719 possederit,
1079 1665 1145 1702 eo
1177 1648 1322 1718 quod
1351 1656 1497 1702 amet
1526 1656 1751 1716 repente
1783 1646 2011 1715 privari,
2030 1656 2087 1700 et

510 1756 634 1795 cum
663 1741 903 1795 secunda
932 1750 1080 1795 sorte
1117 1756 1249 1794 usus
1278 1740 1443 1812 fuerit
1468 1780 1481 1804 ,
1535 1739 1589 1791 in
1618 1738 1906 1791 adversam
1933 1738 2083 1791 dela-

2191 560 2269 630 τῷ
2290 559 2387 631 τὴν
2415 561 2722 630 Θαυμασίαν
2752 560 2964 629 ἐκείνην
2998 561 3090 613 καὶ
3114 560 3281 624 ὅντως
3304 562 3603 628 ἀξιέπαινον
3635 584 3721 620 κε-

2193 652 2366 721 φαλὴν
2414 652 2776 723 διαφερόντως
2829 653 3199 723 ⁴ὴγαπηκένοιι.
3260 653 3468 725 Ἐπειδὴ
3519 656 3575 710 δὲ
3621 658 3732 729 ὅρος

2196 741 2359 793 αὑτὸν
2385 741 2526 803 θεῖος
2563 742 2777 794 ἐνθένδε
2811 742 3131 811 μετέστησε,
3174 743 3266 796 καὶ
3292 745 3372 806 εἰς
3412 744 3506 814 τὴν
3542 748 3733 816 ἀμείνω

2196 831 2462 900 μετέθηκε
2487 832 2688 901 βιοτὴν,
2722 834 2816 885 καὶ
2841 834 2904 886 ὲκ
2930 833 3029 903 τῆς
3055 833 3290 903 ἐμαυτοῦ
3313 833 3484 906 ψυχῆς
3516 838 3732 892 ἀποσκε-

2191 918 2421 990 δάννυμι
2467 921 2566 990 τῆς
2599 921 2839 991 ἀθυμίας
2866 921 2927 974 τὸ
2973 922 3153 991 νέφος,
3188 922 3281 976 καὶ
3316 925 3414 991 τὴν
3455 925 3547 994 σὴν
3577 943 3735 996 παρα-

2191 1012 2342 1065 καλῶ
2374 1012 2816 1084 σεμνοπρέπειαν
2847 1017 3067 1083 νικῆσαι
3097 1015 3196 1084 τῆς
3228 1013 3461 1084 ἀθυμίας
3501 1015 3561 1069 τὸ
3586 1018 3737 1081 πάθος

2188 1103 2269 1173 τῷ
2306 1104 2572 1175 λογισμῷ,
2598 1108 2693 1157 καὶ¹
2737 1108 2817 1169 είς
2865 1106 3055 1176 καιρὸν
3102 1110 3486 1176 προσενεγκεῖν
3517 1111 3580 1177 τῇ
3606 1109 3736 1180 ψυχῇ

2188 1196 2297 1249 τῶν
2328 1196 2487 1250 θείων
2522 1197 2697 1266 λόγων
2735 1200 2835 1267 τὴν
2863 1198 3078 1268 ἐπῳδήν
3100 1213 3112 1226 ·
3144 1195 3332 1249 τούτου
3366 1196 3468 1267 γὰρ
3501 1196 3562 1268 δὴ
3594 1199 3738 1270 χάριν

2189 1288 2352 1351 εὐθὺς
2406 1289 2470 1341 ἐκ
2516 1289 2845 1359 σπαργάνων
2887 1283 2997 1342 οἶόν
3026 1305 3149 1341 τινα
3195 1286 3362 1358 θηλὴν
3404 1288 3625 1357 ἕλκομεν
3653 1291 3739 1358 τῆς

2191 1380 2343 1447 ἱερᾶς
2364 1379 2588 1450 Γραφῆς
2625 1380 2725 1450 τὴν
2756 1378 3006 1449 μελέτην,
3037 1378 3102 1430 ἵν’
3142 1379 3271 1432 ὅταν
3301 1379 3431 1447 ἡμῖν
3474 1380 3739 1449 προσπέσῃ

2188 1471 2382 1534 πάθος,
2406 1472 2864 1541 προσενέγκωμεν
2894 1468 3216 1533 ἀλεξίκακον
3238 1467 3529 1538 φάρμακον
3552 1469 3646 1538 τὴν
3672 1468 3736 1521 δι-

2184 1561 2483 1615 δασκαλίαν
2513 1562 2607 1614 τοῦ
2636 1562 2969 1631 Πνεύματος.
3002 1560 3235 1630 Οἴδαμεν
3278 1558 3337 1611 δὲ
3360 1558 3435 1623 ὡς
3485 1560 3742 1629 παγχάλε-

2186 1669 2307 1714 πον,
2341 1653 2433 1706 καὶ
2465 1653 2587 1706 λίαν
2632 1654 2778 1705 ὲστίν
2828 1651 3095 1719 ἀλγεινὸν,
3133 1649 3459 1721 ἀξιεράστου
3506 1650 3644 1712 τινὸς
3691 1653 3742 1704 ἐν

2186 1743 2350 1815 πείρᾳ
2405 1743 2770 1813 γεγενημένον
2832 1743 3036 1813 ἔρημον
3099 1739 3361 1812 ἐξαπίνης
3417 1741 3510 1794 τοῦ
3569 1739 3745 1793 ποθου-

508 1831 586 1886 bi.
615 1832 884 1887 Culterqu
919 1832 987 1886 iis
1017 1832 1111 1900 qui
1145 1805 1327 1885 mente
1361 1838 1490 1885 sunt
1512 1829 1747 1901 praediti,
1774 1838 1829 1883 et
1846 1829 2086 1898 pruden-

2191 1805 2353 1904 μένου
2403 1805 2677 1903 γενέσθαι,
2733 1834 2826 1887 καὶ
2986 1805 3251 1905 εύκλτγρίᾳ
3294 1805 3587 1903 γενόμενον
3635 1832 3746 1885 δυσ-

509 1934 592 1978 ter
616 1923 1029 1986 ratiocinantur,
1062 1922 1423 1975 humanarum
1455 1936 1638 1974 rerum
1667 1928 1863 1989 praeter
1891 1934 2085 1988 exspe-

507 2016 800 2070 ctationem
824 2014 959 2068 nihil
981 2012 1201 2067 accidit.
1226 2012 1373 2065 Nihil
1392 2011 1537 2065 enim
1560 2011 1614 2064 in
1639 2011 1746 2065 illis
1766 2020 1849 2064 est
1866 2010 2083 2077 stabile,

506 2105 646 2160 nihil
680 2105 894 2159 ﬁrmum
924 2123 937 2159 :
966 2120 1077 2159 non
1105 2104 1303 2168 forma,
1334 2118 1446 2156 non
1475 2118 1629 2172 opes,
1661 2118 1772 2156 non
1793 2104 1808 2121 '
1838 2103 2086 2171 corporis

505 2197 764 2251 valetudo
789 2238 803 2263 ,
861 2212 970 2251 non
999 2196 1284 2267 dignitatis
1313 2194 1640 2265 amplitudo,
1679 2194 1816 2247 nihil
1845 2193 2084 2263 denique

507 2303 701 2343 eorum
749 2302 869 2356 quae
906 2286 1093 2340 mirari
1124 2285 1348 2355 plurimi
1376 2284 1575 2339 solent.
1610 2282 1717 2336 Alii
1749 2297 1985 2351 namque
2016 2297 2085 2335 ex

509 2380 761 2435 maximis
781 2378 987 2433 divitiis
1008 2379 1061 2432 in
1084 2391 1350 2430 summam
1378 2383 1672 2444 egestatem
1696 2372 1899 2427 redacti
1926 2381 2080 2439 sunt;

510 2473 605 2529 alii
657 2473 853 2527 amissa
902 2471 1138 2525 sanitate
1186 2468 1356 2525 variis
1386 2483 1510 2521 cum
1546 2466 1756 2521 morbis
1780 2466 2083 2520 colluctan-

509 2573 633 2627 tur;
672 2564 763 2618 alii
794 2562 1087 2633 splendore
1121 2560 1339 2631 generis
1368 2558 1669 2629 gloriantes
1702 2557 2082 2629 gravissimum

509 2658 793 2713 servitutis
815 2658 1007 2729 jugum
1041 2655 1288 2708 trahunt.
1328 2651 1589 2722 Corporis
1612 2667 1743 2705 vero
1772 2650 2082 2720 pulchritu-

450 2816 451 2819 η
509 2751 695 2807 dinem
724 2760 779 2805 et
804 2747 1029 2803 morbus
1050 2745 1362 2810 labefactat,
1394 2752 1450 2798 et
1471 2751 1730 2799 senectus
1755 2742 2080 2811 corrumpit.

507 2838 964 2911 Sapientissimus
983 2847 1165 2892 autem
1199 2836 1585 2890 universorum
1617 2842 1798 2889 rector
1830 2834 1966 2887 nihil
1988 2834 2086 2887 ho-

509 2943 630 2983 rum
658 2935 985 2998 perpetuum
1009 2940 1073 2978 ac
1093 2924 1286 2979 stabile
1312 2938 1432 2978 esse
1450 2923 1719 2992 permisit,
1742 2932 1804 2977 ut
1829 2923 2087 2976 mutatio—

511 3035 636 3074 nem
675 3024 982 3073 metuentes
1033 3016 1130 3083 qui
1167 3014 1272 3068 ista
1314 3023 1444 3069 sunt
1469 3014 1675 3083 adepti,
1726 3014 2083 3084 supercilium

510 3111 840 3172 demittant,
915 3115 972 3161 et
1021 3108 1220 3160 horum
1273 3104 1676 3160 volubilitatem
1727 3113 2085 3175 agnoscentes

511 3200 736 3256 caducis
769 3215 878 3254 non
906 3198 1202 3263 conﬁdant,
1254 3197 1351 3251 sed
1383 3198 1439 3251 in
1467 3198 1741 3251 bonorum
1767 3197 2083 3267 largitorem

511 3307 637 3363 spes
688 3306 817 3345 suas
867 3290 1100 3359 erigant.
1190 3288 1321 3355 Quae
1373 3296 1661 3358 perspecta
1712 3304 1837 3343 cum
1886 3288 2085 3341 habeat

516 3385 727 3456 1073
749 3384 1064 3454 praestantia
1089 3394 1199 3447 tua,
1223 3397 1409 3453 quaeso
1435 3390 1496 3435 ut
1516 3382 1810 3434 humanam
1829 3388 2084 3433 naturam

511 3477 825 3531 consideres
858 3494 871 3528 :
903 3475 1143 3545 reperies
1167 3474 1313 3528 enim
1363 3473 1653 3526 mortalem
1682 3486 1806 3525 esse
1858 3471 2085 3525 mortis-

510 3585 618 3640 que
647 3570 931 3624 decretum
961 3568 1029 3622 ab
1057 3576 1182 3622 ortu
1207 3568 1325 3633 ipso
1352 3566 1655 3634 excepisse.
1696 3563 1826 3618 Adae
1850 3578 2085 3632 namque

512 3661 652 3716 dixit
682 3660 1071 3713 universorum
1093 3660 1240 3713 Deus
1289 3699 1299 3711 .
1354 3676 1372 3707 ι
1399 3657 1570 3709 Terra
1597 3670 1678 3719 es,
1713 3663 1770 3709 et
1796 3654 1850 3708 in
1885 3665 2082 3710 terram

513 3751 804 3806 reverteris
823 3751 887 3802 ".
901 3769 919 3800 ι
943 3749 1115 3803 Verax
1132 3763 1296 3818 porro
1312 3756 1396 3801 est
1412 3746 1505 3816 qui
1522 3745 1850 3799 sententiam
1871 3745 2011 3807 tulit,
2030 3755 2085 3800 et

514 3842 670 3896 testis
684 3839 1041 3909 experientia.
1068 3859 1085 3890 ι
1113 3837 1267 3893 Unus
1287 3837 1433 3891 enim
1457 3836 1715 3890 introitus
1732 3844 1815 3890 est
1830 3835 2086 3891 omnibus

513 3932 579 3987 ad
603 3933 794 3996 vitam,
821 3932 975 4002 juxta
997 3944 1181 3985 sacras
1206 3929 1460 3994 Litteras,
1487 3936 1543 3983 et
1568 3927 1762 3983 similis
1782 3928 1962 3982 exitus
1981 3928 2077 3992 “,1

511 4033 567 4079 et
594 4024 907 4094 quicunque
934 4031 1100 4077 natus
1121 4029 1205 4076 est
1227 4020 1538 4091 sepulcrum
1563 4027 1858 4089 exspectat.
1896 4020 2085 4088 Neque

511 4131 646 4172 vero
691 4115 884 4185 aequali
936 4121 1183 4183 tempore
1227 4113 1422 4167 vivunt
1460 4128 1652 4167 omnes
1686 4130 1698 4165 :
1730 4113 1827 4167 sed
1859 4113 1949 4166 alii
1978 4113 2083 4166 im-

511 4207 711 4262 maturi
761 4205 1101 4269 moriuntnr,
1163 4203 1257 4258 alii
1313 4212 1435 4274 post
1468 4204 1683 4258 virilem
1722 4212 1955 4268 aetatem,
1993 4203 2085 4257 alii

512 4297 814 4354 senectutis
840 4312 1059 4368 quoque
1089 4296 1373 4350 molestias
1398 4296 1628 4366 experti.
1664 4295 1743 4349 lta
1768 4302 1825 4348 et
1846 4296 1940 4364 qui
1973 4310 2087 4349 ma-

511 4390 756 4447 trimonii
779 4391 910 4461 jugo
939 4388 1064 4443 nexi
1092 4395 1239 4452 sunt,
1277 4388 1688 4458 disjunguntur.
1743 4386 1978 4441 Necesse
2000 4394 2086 4442 est

2187 1925 2388 1995 κ).ηρίᾳ
2439 1928 2774 1995 περιπεσεῖν.
2808 1924 2966 1977 Ἀλλά
3000 1927 3112 1989 τοῖς
3152 1942 3216 1994 γε
3257 1922 3386 1979 νοῦν
3424 1922 3625 1995 έχουσι,
3665 1923 3749 1975 καὶ

2189 2015 2429 2087 σώφρονι
2482 2015 2726 2086 λογισμῷ
2757 2018 3157 2087 κεχρημένοις,
3210 2016 3370 2070 οὐδὲν
3397 2016 3505 2069 τῶν
3553 2013 3747 2086 ἀνθρω-

2186 2107 2359 2160 πίνων
2405 2107 2672 2178 ἀδόκητον
2693 2124 2708 2138 ’
2740 2108 2892 2160 οὐδὲν
2930 2108 3039 2179 γὰρ
3084 2106 3292 2161 τούτων
3328 2107 3607 2179 σταθερὸν,
3642 2108 3749 2161 οὐδὲ

2190 2197 2410 2269 βέϐαιον
2468 2199 2529 2251 οὺ
2559 2197 2775 2263 κάλλος,
2796 2200 2855 2251 οὺ
2873 2198 3120 2261 πλοῦτος.
3147 2200 3246 2252 οὐκ
3273 2197 3465 2263 εὐεξία
3493 2197 3747 2269 σώματος,

2184 2290 2286 2343 οὐκ
2316 2288 2623 2361 ἀξιώματος
2666 2291 2862 2358 ϐγκος·
2907 2290 3007 2343 οὐκ
3049 2290 3179 2344 ἀλλο
3217 2307 3270 2343 τι
3307 2286 3418 2344 τῶν
3461 2290 3611 2360 παρὰ
3650 2292 3749 2351 τοῖς

2187 2384 2462 2448 πλείστοις
2500 2383 2951 2453 θαυμαζομένων.
2987 2384 3046 2435 οἱ
3081 2381 3179 2451 μὲν
3217 2382 3333 2453 γὰρ
3365 2381 3426 2447 ἐξ
3461 2382 3632 2451 ἀκρας
3666 2380 3748 2432 εὐ-

2185 2474 2380 2545 πορίας
2424 2475 2505 2536 είς
2554 2474 2748 2527 πενίαν
2785 2473 3021 2543 ἐσχάτην
3079 2473 3419 2543 μετέπεσον·
3467 2474 3515 2525 οἱ
3566 2472 3621 2524 δὲ
3663 2472 3751 2541 τὴν

2185 2564 2395 2632 ὑγίειαν
2427 2562 2814 2627 ἀποϐαλόντες,
2854 2563 3215 2626 παντοδαποῖς
3265 2564 3564 2617 παλαίουσι
3596 2562 3752 2617 πάθε-

2186 2671 2303 2710 σιν·
2362 2656 2514 2710 ἀλλοι
2568 2656 2895 2727 περιφανείᾳ
2942 2658 3336 2727 σεμνυνόμενοι
3391 2657 3621 2725 γένους,
3671 2654 3753 2708 τὸν

2187 2746 2487 2818 βαρύτατον
2510 2747 2727 2800 ἕλκουσι
2758 2748 2857 2817 τῆς
2881 2747 3122 2811 δουλείας
3151 2747 3341 2816 ζυγόν.
3374 2746 3468 2818 Τῷ
3498 2748 3555 2801 δὲ
3579 2747 3752 2801 κάλλει

2184 2839 2278 2892 τοῦ
2316 2838 2567 2909 σώματος
2605 2839 2698 2893 καὶ
2737 2839 2891 2902 νόσος
2915 2838 3175 2902 λωϐᾶται,
3215 2841 3314 2892 καὶ
3350 2841 3536 2911 γῆρας
3569 2841 3755 2911 λυμαί·

2185 2948 2355 2986 vetat.
2396 2932 2559 2985 Μάλα
2607 2931 2665 2985 δὲ
2711 2930 2888 2999 σοφῶς
2925 2930 3031 2984 τῶν
3060 2932 3194 2987 ὅλων
3216 2932 3245 2983 6
3300 2933 3579 3004 Πρύτανις
3616 2933 3756 2988 οὐδὲν

2184 3019 2390 3073 τούτων
2417 3022 2564 3073 εἴασε
2596 3019 2838 3092 διαρκὲς,
2872 3021 2992 3074 οὐδὲ
3042 3021 3268 3091 μόνιμον
3291 3038 3307 3051 ⁸
3346 3023 3437 3076 ἵνα
3474 3024 3572 3085 τὰς
3610 3039 3760 3093 μετα-

2111 3138 2155 3198 C
2188 3112 2349 3175 ϐολὰς
2370 3112 2602 3176 δεδιότες
2632 3114 2680 3165 οἱ
2710 3112 2915 3165 τούτων
2940 3113 3330 3183 τετυχηκότες,
3360 3114 3759 3169 καταστέλλωσι

2185 3203 2281 3272 τὴν
2306 3203 2502 3271 ὀφρὺν,
2542 3203 2638 3257 καὶ
2667 3202 2757 3255 τὸν
2792 3202 2996 3256 τούτων
3026 3201 3249 3273 εὔριπον
3281 3204 3668 3275 ἐπιστάμενοι,
3693 3203 3763 3273 μὴ

2184 3297 2294 3357 τοῖς
2327 3294 2687 3366 προσκαίροις
2714 3294 3007 3365 θαρρῶσιν,
3045 3295 3158 3348 ἀλλ’
3179 3295 3260 3358 εἰς
3294 3295 3393 3348 τὸν
3414 3296 3526 3349 τῶν
3551 3295 3764 3364 ἀγαθῶν

2186 3387 2418 3457 χορηγὸν
2444 3386 2607 3455 ἔχωσι
2644 3386 2742 3451 τὰς
2780 3387 3022 3449 ἐλπίδας.
3050 3385 3236 3439 Ταῦτα
3286 3387 3394 3458 τὴν
3425 3389 3526 3458 σὴν
3570 3388 3764 3441 εἰδυῖαν

2194 3477 2624 3545 θαυμασιότητα,
2668 3475 2767 3546 τὴν
2805 3475 3151 3545 ἀνθρωπείαν
3198 3472 3374 3543 ὶρύσιν
3430 3477 3766 3548 καταμαθεῖν

2185 3567 2359 3632 ἀξιῶ·
2408 3567 2662 3639 εὑρήσεις
2716 3569 2824 3635 γὰρ
2862 3565 3032 3635 αὐτὴν
3081 3565 3278 3636 θνητὴν
3318 3562 3516 3629 οὖσαν,
3570 3567 3663 3620 καὶ
3708 3566 3769 3629 ἐξ

2185 3658 2357 3728 ἀρχῆς
2385 3657 2689 3727 δεξαμένην
2732 3656 2826 3709 τοῦ
2860 3657 3093 3710 θανάτου
3144 3658 3235 3709 τὸν
3269 3659 3427 3729 ὅρον.
3487 3659 3635 3727 Πρὸς
3667 3658 3771 3726 γάρ

2186 3748 2279 3801 τὸν
2317 3749 2489 3817 Ἀδάμ
2536 3750 2563 3801 ὁ
2611 3748 2717 3800 τῶν
2770 3748 2905 3801 ὅλων
2935 3748 3039 3818 ἔφη
3087 3748 3249 3811 Θεός·
3292 3768 3311 3798 σ
3345 3750 3425 3820 Γῆ
3465 3745 3517 3801 εἴ
3560 3751 3656 3803 καὶ
3697 3751 3777 3807 εἰς

2186 3842 2289 3909 γῆν
2313 3838 2610 3909 ἀπελεύσῃ.
2627 3859 2645 3890 ι
2677 3838 2941 3908 Ἀψευδὴς
2975 3838 3031 3891 δὲ
3053 3840 3081 3891 6
3101 3837 3197 3908 τὴν
3222 3837 3413 3909 ψῆφον
3444 3839 3770 3908 ἐξενεγκὼν,

2187 3930 2280 3984 καὶ
2319 3930 2527 4001 μάρτυς
2566 3931 2599 3999 ἡ
2628 3932 2812 4001 πεῖρα.
2851 3949 2869 3981 ι
2898 3930 3014 3983 Μία
3038 3929 3147 3996 γάρ
3188 3930 3419 3984 πάντων
3455 3932 3665 3995 εἴσοδος
3693 3931 3771 3992 εἰς

2184 4020 2275 4073 τὸν
2306 4019 2437 4089 βίον,
2477 4019 2619 4073 κατά
2656 4019 2755 4088 τὴν
2813 4017 2963 4071 θείαν
3011 4018 3255 4088 Γραφὴν,
3286 4020 3477 4086 ἔξοδός
3503 4039 3568 4074 τε
3606 4023 3716 4090 ῖση,
3753 4038 3770 4070 ι

2187 4112 2283 4165 καὶ
2319 4111 2426 4174 πᾶς
2470 4108 2808 4180 γεννώμενος
2865 4109 3165 4179 προσμένει
3235 4110 3330 4163 τὸν
3391 4112 3596 4179 τάφον.
3671 4112 3776 4164 Καὶ

2185 4201 2307 4255 οὐδὲ
2345 4201 2460 4255 ἴσον
2509 4200 2747 4267 ἀπαντες
2776 4199 3078 4270 βιοτεύουσι
3128 4200 3363 4271 χρόνονο
3419 4203 3544 4255 ἀλλ’
3584 4204 3634 4255 οί
3683 4201 3778 4271 μὲν

2185 4292 2427 4363 πρόωροι
2463 4290 2814 4352 τελευτῶσιν,
2860 4291 2909 4342 οἱ
2940 4290 2996 4342 δὲ
3049 4292 3129 4353 εἰς
3171 4290 3382 4360 ἄνδρας
3423 4292 3778 4351 τελέσαντες.

2186 4383 2235 4436 οι
2266 4382 2323 4435 δὲ
2347 4382 2442 4435 καὶ
2473 4382 2581 4434 τῶν
2612 4379 2703 4434 τοῦ
2726 4382 2910 4451 γήρως
2936 4380 3173 4450 ἀνιαρῶν
3199 4381 3576 4451 πειραθέντες
3598 4399 3615 4414 ο
3644 4382 3784 4435 οὕτω

510 4484 658 4538 enim
711 4490 807 4535 aut
857 4482 1036 4533 virum
1090 4480 1241 4549 prius
1286 4480 1476 4543 abire,
1538 4486 1634 4532 aut
1659 4478 2084 4533 uxoremevita

2188 4474 2282 4528 καὶ
2314 4475 2362 4527 oi
2391 4472 2484 4525 τοῦ
2513 4473 2693 4542 γάμου
2733 4471 3016 4541 δεξάμενοι
3069 4472 3163 4525 τὸν
3198 4471 3370 4541 ζυγὸν
3416 4474 3782 4542 διαζεύγνυν-

512 4574 751 4643 priorem
780 4571 1064 4626 discedere
1099 4588 1112 4637 ;
1184 4579 1348 4641 atque
1375 4571 1467 4625 alii
1493 4569 1714 4640 quidem
1750 4570 1932 4625 statim
1965 4579 2089 4639 post

516 4666 785 4719 thalamos
835 4663 901 4717 ad
939 4664 1185 4719 lamenta
1227 4670 1533 4725 venerunt,
1595 4662 1689 4716 alii
1720 4671 1840 4731 post
1862 4662 2087 4717 brevem

517 4756 825 4811 communis
846 4757 971 4810 vitae
995 4757 1333 4811 societatem.
1362 4753 1569 4809 Sullicit
1587 4755 1752 4824 igitur
1773 4754 1878 4807 hoc
1895 4769 2085 4821 unum,

515 4844 661 4915 quod
691 4860 979 4899 commune
1009 4845 1080 4899 sit
1108 4846 1334 4910 malum,
1382 4844 1448 4897 ad
1490 4844 1791 4897 acuendam
1816 4844 2103 4914 rationem

516 4944 580 4990 ut
621 4935 868 4990 dolorem
902 4944 1197 5005 expugnet.
1253 4935 1370 4990 Jam
1412 4950 1565 4998 vero,
1614 4933 1849 4987 ﬁliorum
1875 4942 2087 5002 patrem

516 5024 671 5079 illum
697 5024 865 5081 fuisse
895 5025 991 5095 qui
1014 5025 1125 5080 fato
1156 5025 1375 5079 functus
1395 5033 1498 5088 est,
1529 5034 1694 5093 atque
1724 5023 1826 5079 hos
1850 5025 2089 5094 puberes

516 5117 827 5187 reliquisse,
866 5117 1189 5187 apicemque
1227 5116 1552 5185 dignitatum
1594 5117 1999 5182 conscendisse,
2035 5125 2093 5173 et

517 5224 642 5264 cum
670 5210 727 5263 in
752 5208 1045 5278 splendore
1073 5214 1238 5271 esset,
1270 5208 1487 5261 invidiae
1510 5207 1689 5261 locum
1719 5223 1828 5263 non
1850 5209 2090 5276 dedisse,

517 5297 615 5353 sed
645 5298 731 5354 sui
761 5310 1007 5351 amorem
1032 5296 1270 5361 auxisse,
1301 5296 1702 5367 libertatisque,
1730 5307 1786 5353 et
1810 5298 2093 5369 integrita-

521 5385 613 5455 tis,
645 5395 703 5444 et
733 5383 1059 5449 clementiae,
1103 5383 1442 5456 aliarumque
1470 5386 1735 5442 virtutum
1773 5387 1969 5441 famam
2002 5403 2090 5442 re-

595 5587 635 5620 ¹⁷
671 5586 808 5645 Gen.
833 5602 913 5653 ιιι,
940 5583 1023 5643 19.
1105 5588 1148 5620 ¹⁸
1186 5587 1314 5657 Sap.
1357 5603 1449 5653 vn,
1479 5588 1529 5642 6.

2187 4579 2311 4616 ται’
2355 4563 2567 4632 ἀνάγκη
2601 4561 2709 4630 γὰρ
2752 4559 2785 4631 ἢ
2834 4559 2923 4614 τὸν
2954 4560 3123 4631 ἄνδρα
3159 4563 3573 4632 προαπελθεῖν,
3624 4564 3658 4635 ἢ
3693 4564 3788 4631 τὴν

2188 4656 2423 4723 γυναῖκα
2464 4653 2736 4723 προτέραν
2766 4650 3021 4715 δέξασθαι
3050 4651 3143 4705 τοῦ
3188 4652 3308 4721 βίου
3354 4658 3423 4706 τὸ
3457 4656 3643 4718 τέλος.
3682 4653 3789 4706 Καὶ

2190 4749 2239 4799 οἱ
2278 4747 2376 4817 μὲν
2409 4744 2572 4807 εὐθὺς
2614 4743 2751 4814 μετά
2794 4744 2891 4816 τὴν
2922 4745 3171 4799 παστάδα
3201 4747 3329 4808 τοὺς
3374 4748 3629 4819 θρήνους
3679 4747 3792 4802 ὲδέ-

2194 4839 2386 4904 ξαντο·
2424 4838 2473 4890 οἱ
2504 4836 2559 4889 δὲ
2594 4836 2773 4905 ὀλίγον
2809 4836 3223 4909 συμϐιώσαντες
3262 4840 3494 4910 χρόνον.
3545 4842 3791 4911 Ἀπόχρη

2196 4929 2374 4983 τοίνυν
2409 4926 2503 4979 καλ⁸
2544 4927 2604 4979 τὸ
2640 4927 2820 4981 κοινὸν
2856 4927 2950 4981 τοῦ
2985 4928 3190 4991 πάθους
3218 4931 3496 5001 ἀφορμὴν
3528 4929 3614 5001 τῷ
3646 4931 3797 4999 λογι-

2197 5020 2319 5093 σμῷ
2344 5022 2645 5093 παρασχεῖν
2688 5022 2767 5083 είς
2797 5020 2856 5073 τὸ
2883 5020 3101 5091 νικῆσαι
3140 5019 3201 5073 τὸ
3242 5020 3452 5086 πάθος.
3508 5025 3627 5077 Καὶ
3664 5025 3796 5095 πρὸς

2190 5114 2403 5177 τούτοις
2432 5112 2492 5165 τὸ
2524 5111 2730 5165 παίδων
2759 5111 3018 5179 γενέσθαι
3050 5110 3264 5181 πατέρα
3302 5112 3407 5166 τὸν
3453 5115 3796 5179 ἀπελθόντα,

2192 5207 2287 5259 καὶ
2308 5204 2529 5267 τούτους
2566 5203 2876 5273 προσήϐους
2900 5203 2975 5271 (7)
3003 5203 3353 5270 καταλιπεῖν,
3384 5208 3491 5259 καὶ
3516 5208 3603 5270 εἰς
3626 5206 3798 5276 αὐτὴν

2191 5295 2435 5351 ἀνελθεῖν
2463 5295 2574 5347 τῶν
2605 5290 2929 5363 ἀξιωμάτων
2954 5294 3052 5364 τὴν
3079 5295 3327 5365 κορυφήν
3352 5308 3368 5324 ⁸
3402 5298 3511 5351 καὶ
3547 5300 3611 5352 ὲν
3641 5314 3799 5367 περι-

2194 5388 2391 5458 φανείς.
2412 5388 2703 5457 γενόμενον
2744 5386 2818 5457 μὴ
2845 5385 3029 5441 δοῦναι
3060 5388 3136 5459 τῷ
3171 5388 3357 5458 φθόνῳ
3412 5389 3633 5462 χώραν,
3665 5387 3800 5442 ἀλλά

596 5783 676 5852 (7)
720 5783 809 5839 Sic
857 5799 1001 5841 recte
1052 5788 1218 5857 Neap.
1258 5798 1312 5843 et
1354 5789 1518 5844 Garn.
1555 5786 1841 5858 Vulgatum
1881 5785 2203 5854 προσοίκους
2242 5788 2360 5843 sine
2394 5803 2558 5843 sensu
2591 5801 2694 5845 est.
