4056 6464
373 354 499 421 1189

1730 356 2092 418 EPISTOLA
2126 359 2246 420 XV.

3464 360 3598 427 1190

282 458 289 467 ’
370 466 596 542 αὐξῆσαι
620 471 682 524 τὸ
713 469 956 541 φίλτρον,
988 470 1084 525 καὶ⁵
1128 469 1450 524 καταλιπεῖν
1500 466 1656 533 κλέος
1701 468 1915 522 ἐλευθε-

2042 469 2278 539 iquisse,
2336 472 2533 528 idonea
2566 483 2696 529 sunt
2723 472 2939 540 omnia,
2990 490 3111 546 qua:
3134 477 3222 532 vel
3249 480 3471 534 tutel-ori
3499 497 3597 553 pe-

371 561 506 633 ρίας,
561 561 656 621 καὶ
691 561 1114 631 μισοπονηρίας,
1153 561 1249 615 καὶ
1301 561 1641 632 πραότητος,
1689 563 1783 615 καὶ
1827 562 1928 630 τῆς

368 653 524 724 ἄλλης
560 652 668 705 τῶν
693 651 839 722 ὴθῶν
862 651 1083 724 ἀρετῆς,
1133 653 1289 706 ίκανά
1327 654 1499 707 ταῦτα
1525 652 1925 724 ψυχαγωγῆσαι

367 744 452 797 καὶ
479 743 605 805 τοὺς
632 741 753 795 λίαν
789 744 857 812 τῇ
892 740 1039 813 λύπῃ
1059 741 1506 812 δεδουλωμένους.

434 837 530 890 Ἂν
574 834 629 888 δὲ
661 834 727 906 δὴ
771 834 865 888 καὶ¹
895 835 991 897 τάς
1027 833 1179 897 θείας
1204 834 1534 901 ἐπαγγελίας
1567 835 1647 897 είς
1679 834 1802 887 νοῦν
1832 834 1927 887 λά-

368 926 564 996 ϐωμεν,
600 924 698 977 καὶ
728 924 829 986 τάς
855 924 964 976 τῶν
1011 923 1354 994 Χριστιανῶν
1388 923 1631 989 ἐλπίδας,
1665 922 1763 994 τὴν
1795 924 1930 978 ἀνά-

368 1031 548 1068 στασιν
573 1013 737 1082 λέγω,
781 1014 877 1066 καὶ
908 1014 1009 1085 τὴν
1045 1012 1265 1068 αἰώνιον
1296 1013 1462 1084 ζωὴν,
1499 1014 1595 1067 καὶ
1614 1014 1713 1085 τὴν
1747 1015 1805 1066 ἐν
1835 1013 1932 1084 βα-

367 1104 533 1176 σιλείᾳ
555 1104 853 1175 διαγωγὴν,
885 1105 981 1157 καὶ
1020 1104 1055 1159 ἀ
1083 1103 1361 1174 ὀφθαλμὸς
1384 1105 1485 1158 οὐκ
1520 1100 1678 1171 εἶδεν,
1712 1105 1808 1158 καὶ
1837 1099 1931 1167 οὖς

364 1194 458 1249 οὐκ
486 1194 708 1265 ἤκουσε,
734 1195 825 1247 καὶ
855 1194 947 1247 ἐπὶ
973 1193 1199 1266 καρδίαν
1226 1193 1513 1264 ἀνθρώπου
1547 1194 1646 1248 οὐκ
1676 1193 1865 1264 ἀνέϐη,
1896 1193 1932 1247 ἃ

366 1284 656 1355 ἡτοίμασεν
682 1285 710 1336 ὁ
739 1282 869 1346 Θεὸς
900 1285 1013 1345 τοῖς
1052 1283 1340 1352 ἀγαπῶσιν
1395 1284 1578 1350 αὑτὸν,
1621 1284 1706 1347 τίς
1745 1283 1931 1338 λοιπὸν

365 1373 855 1445 καταλειφθήσεται
910 1374 1186 1444 πρόφασις
1231 1374 1506 1445 ἀθυμίας;
1556 1375 1792 1445 μάλιστα
1836 1375 1930 1429 τοῦ

376 1467 695 1521 Ἀποστόλου
745 1465 1038 1537 διαρρήδην
1092 1465 1356 1536 βοῶντος*
1422 1484 1440 1518 ι
1477 1466 1552 1519 Οὐ
1605 1466 1743 1519 θέλω
1790 1468 1934 1537 ὑμᾶς

363 1559 593 1628 ἀγνοεῖν,
625 1557 864 1626 ἀδελφοὶ,
900 1557 1028 1627 περὶ
1066 1556 1173 1610 τῶν
1202 1557 1582 1629 κοιμωμένων,
1615 1559 1701 1613 ῖνα
1738 1558 1812 1631 μὴ
1840 1560 1934 1613 λυ-

365 1649 558 1720 πῆσθε,
612 1648 688 1712 ὡς
730 1649 825 1701 καὶ⁵
873 1648 923 1700 οἱ
981 1647 1161 1702 λοιποὶ
1194 1650 1243 1701 οἱ
1298 1650 1372 1725 μὴ
1416 1647 1632 1719 ἔχοντες
1662 1649 1872 1706 ἐλπίδα.
1909 1671 1928 1704 ι

376 1740 514 1809 Ἐγὼ
541 1739 599 1793 δὲ
638 1734 756 1793 οῖδα
787 1740 881 1793 καὶ
921 1739 1149 1796 πολλοὺς
1179 1738 1287 1793 τῶν
1331 1740 1432 1793 οὐκ
1472 1741 1707 1810 ἐχόντων
1738 1742 1932 1797 ἐλπίδα

364 1830 606 1901 λογισμῷ
633 1830 790 1901 μόνον
830 1831 1289 1902 περιγενομένους
1322 1831 1415 1884 τοῦ
1460 1832 1688 1897 πάθους.
1722 1832 1841 1887 Τῶν
1873 1834 1931 1886 δὲ
1952 1817 2004 1888 ,Β

364 1922 482 1976 λίαν
515 1921 1046 1982 ἀτοπωτάτων,τοὺς
1078 1921 1171 1973 ἐπὶ
1209 1920 1465 1993 τοιαύτης
1491 1923 1816 1994 ὀχουμένους
1847 1925 1934 1978 ἐλ-

365 2012 518 2075 πίδος
551 2011 768 2084 χείρους
812 2011 1103 2082 εὑρεθῆναι
1148 2012 1256 2066 τῶν
1299 2013 1400 2065 οὐκ
1442 2014 1673 2084 ἐχόντων
1719 2015 1931 2071 ἐλπίδα.

377 2102 706 2175 Ἀποδημίαν
737 2103 917 2156 τοίνυν
961 2101 1268 2173 παρακαλῶ
1304 2104 1520 2175 μακρὰν
1554 2106 1653 2177 τὴν
1678 2105 1934 2176 τελευτὴν

363 2194 634 2264 λάϐωμεν,
670 2194 765 2247 καὶ
806 2192 994 2264 ῶσπερ
1022 2192 1291 2263 εἰώθαμεν
1329 2195 1735 2266 ἀποδημοῦντος
1765 2196 1931 2251 αὐτοῦ

360 2286 648 2339 λυπεῖσθαι
695 2285 814 2356 μὲν,
855 2284 1183 2357 προσμένειν
1233 2285 1289 2337 δὲ
1335 2286 1434 2356 τὴν
1472 2287 1750 2352 ἐπάνοδον,
1791 2287 1934 2341 οὕτω

361 2377 460 2430 καὶ
510 2376 607 2429 νῦν
644 2376 880 2448 μετρίως
909 2376 1008 2447 μὲν
1052 2377 1081 2428 ὁ
1109 2376 1387 2447 χωρισμὸς
1415 2378 1618 2433 ἀνιάτω
1646 2379 1730 2450 (τῇ
1775 2379 1933 2448 φύσει

360 2468 469 2549 γὰρ
503 2467 792 2539 σύμμετρα
826 2465 1124 2537 παραινῶὶ,
1156 2466 1231 2538 μὴ
1269 2466 1344 2531 ὡς
1381 2468 1571 2540 νεκρὸν
1620 2470 1678 2522 δὲ
1723 2470 1935 2542 θρηνῶ-

364 2575 485 2628 μεν,
521 2557 636 2611 ἀλλ’
672 2556 821 2629 αὐτῷ
867 2558 965 2629 μὲν
999 2557 1352 2629 συνησθῶμεν
1386 2559 1486 2629 τῆς
1517 2560 1803 2630 ἐκδημίας,
1839 2563 1933 2616 καὶ⁹

359 2650 463 2719 τῆς
485 2647 730 2703 ἐντεῦθεν
755 2649 1057 2718 ἀπαγωγῆς
1088 2648 1163 2718 (8)
1187 2649 1268 2703 ὃτι
1293 2649 1400 2702 τῶν
1427 2650 1740 2720 ἀμφιϐόλων
1771 2652 1933 2721 ἠλευ-

363 2740 578 2813 θερώθη
634 2740 998 2811 πραγμάτων,
1027 2742 1121 2794 καὶ
1149 2741 1406 2811 οὐδεμίαν
1435 2741 1573 2794 δέδιε
1608 2742 1930 2814 μεταϐολὴν,

361 2833 425 2886 οὐ
472 2831 734 2903 ψυχικὴν,
785 2833 846 2884 οὺ
901 2830 1238 2902 σωματικὴν.
1269 2832 1329 2885 οὐ
1361 2831 1467 2884 τῶν
1502 2833 1625 2903 περὶ
1662 2833 1723 2885 τὸ
1755 2832 1931 2904 σῶμα.

358 2922 478 2978 ἀλλ’
526 2923 631 2990 ἔξω
665 2922 776 2977 τῶν
818 2921 1045 2990 ἀγώνων
1072 2922 1385 2991 γενόμενος.
1420 2922 1490 2976 τὰ
1520 2921 1750 2992 βραδεῖα
1779 2941 1936 2995 περι-

362 3015 540 3085 μένει.
574 3015 862 3086 Ὀρφανεία
890 3015 946 3068 δὲ
959 3015 1052 3068 καὶ
1067 3014 1263 3085 χηρεία
1292 3014 1366 3086 μὴ
1391 3012 1510 3067 λίαν
1531 3015 1675 3084 ὑμᾶς
1704 3015 1931 3068 ἀνιάτω·

363 3105 590 3175 μείζονα
629 3106 735 3176 γὰρ
776 3105 970 3175 ἔχομεν
1023 3104 1315 3175 κηδεμόνα,
1369 3103 1428 3168 ὃς
1462 3104 1556 3156 καὶ
1599 3107 1711 3169 τοῖς
1754 3104 1934 3170 ἄλλοις
1962 3143 2005 3203 c

359 3196 641 3267 νομοθετεῖ
664 3195 918 3268 ὀρφανῶν
937 3197 1030 3250 καὶ
1049 3195 1235 3267 χηρῶν
1255 3194 1454 3266 πολλὴν
1476 3195 1747 3249 ποιεῖσθαι
1772 3214 1933 3268 φρον-

357 3286 504 3340 τίδα·
540 3287 636 3340 καὶ
691 3286 821 3353 περὶ
870 3284 1034 3338 αὐτοῦ
1074 3301 1236 3356 φησιν
1273 3286 1301 3337 ὁ
1353 3284 1492 3349 θεῖος
1529 3285 1710 3339 Δαϐίδ·
1752 3303 1771 3335 σ
1817 3288 1937 3358 Ὀρο

358 3377 532 3445 φανὸν
561 3376 653 3429 καὶ
685 3379 862 3447 χῆραν
891 3374 1244 3446 ἀναλήψεται,
1284 3376 1378 3428 καὶ
1418 3375 1538 3429 ὁδὸν
1595 3375 1935 3448 ἁμαρτωλῶν

357 3469 601 3537 ἀφανιεῖ.
617 3466 801 3537 »Αὐτῷ
826 3468 952 3530 τοὺς
979 3465 1278 3537 ἡμετέρους
1304 3466 1698 3537 ἐγχειρίσωμεν
1721 3465 1934 3531 οἴακας,

357 3559 460 3612 xui.
479 3559 578 3628 τῆς
624 3557 975 3626 παντοδαπῆς
999 3556 1339 3627 προμηθείας
1377 3556 1705 3626 τευξόμεθα.
1742 3557 1935 3611 Ἔσται

358 3649 475 3720 γὰρ
522 3650 658 3719 ήμῖν
715 3648 916 3710 παντὸς
958 3646 1151 3717 ἀνδρὸς
1191 3646 1723 3717 κηδεμονικώτεροςο
1770 3645 1936 3699 αὑτοῦ

355 3741 475 3809 γάρ
500 3742 617 3793 ἐστι
650 3741 828 3810 φωνή·
878 3756 897 3790 ι
936 3737 1029 3808 Μὴ
1062 3736 1379 3807 ἐπιλήσεται
1413 3736 1551 3807 γυνὴ
1593 3736 1687 3789 τοῦ
1720 3736 1935 3790 παιδίου

356 3834 557 3903 αὐτῆς,
592 3831 742 3903 ἢτοῦ
779 3832 852 3902 μὴ
891 3830 1114 3901 ἐλεῆσαι
1145 3829 1214 3883 τά
1241 3829 1441 3898 ἔκγονα
1469 3831 1569 3900 τῆς
1599 3828 1807 3892 κοιλίας
1837 3828 1937 3882 αὐ-

356 3922 500 3992 τῆς;
532 3921 594 3973 Εί
631 3920 689 3974 δὲ
726 3920 822 3973 καὶ
853 3919 1160 3974 ἐπιλάθοιτο
1195 3919 1331 3990 γυνὴ
1371 3919 1466 3972 τοῦ
1492 3917 1660 3972 ταῦτα
1691 3918 1935 3988 ποιῆσαι,

357 4013 481 4068 ἀλλ’
509 4011 621 4081 ἐγὼ
650 4012 749 4065 οὐκ
777 4012 1130 4084 ἐπιλήσομαι,
1163 4008 1316 4065 εἶπεν
1352 4015 1381 4066 ὁ
1423 4012 1632 4080 Ἀγιος.
1676 4029 1694 4062 ι
1727 4010 1939 4064 Οίκειό·

353 4121 523 4174 τερος
547 4104 656 4173 γὰρ
686 4104 820 4173 ἡμῖν
865 4105 983 4157 ἐστι
1012 4104 1106 4157 καὶ
1134 4102 1340 4172 πατρὸς
1369 4102 1466 4156 καὶ
1508 4101 1735 4173 μητρόςο
1775 4101 1938 4163 αὐτὸς

354 4195 474 4266 γὰρ
504 4195 637 4265 ⁴ἡμῖν
664 4186 782 4246 ἐστι
816 4194 1045 4264 ποιητὴς
1079 4195 1173 4247 καὶ
1199 4193 1553 4264 δημιουργός.
1586 4193 1661 4246 Οὐ
1695 4191 1806 4264 γὰρ
1840 4192 1939 4260 γά-

357 4300 467 4354 μος
510 4284 657 4335 ποιεῖ
686 4281 947 4354 πατέρας,
1001 4282 1118 4335 ἀλλ’
1155 4282 1322 4337 αὐτοῦ
1351 4282 1597 4346 νεύοντος
1622 4282 1860 4351 γίνονται
1888 4283 1937 4335 οἱ

352 4374 603 4446 πατέρες
653 4374 909 4446 πατέρες.
951 4372 1136 4426 Ταῦτα
1177 4373 1386 4443 γράψαι
1419 4371 1513 4426 νῦν
1561 4372 1934 4442 ἠναγκάσθην,

2029 563 2179 619 nitus
2204 564 2452 620 addictos
2486 566 2858 621 consolentur.

2099 838 2256 904 Quod
2290 837 2337 892 si
2365 846 2548 893 autem
2580 838 2791 893 divinas
2822 854 3040 909 quoque
3066 837 3513 909 pollicitationes.
3540 849 3600 899 et

2030 947 2155 1001 spes
2169 930 2604 985 Christianorum
2621 929 2804 985 animo
2823 929 3215 998 concipiamus,
3241 930 3601 987 resurrectio-

2031 1038 2156 1076 nem
2187 1021 2332 1083 dico,
2378 1029 2435 1075 et
2476 1021 2645 1075 vitam
2693 1030 2975 1084 aaternam,
3016 1028 3073 1075 et
3106 1021 3420 1089 imperium,
3465 1030 3520 1077 et
3552 1021 3599 1055 ¹⁹

2030 1128 2153 1182 quas
2203 1113 2397 1167 oculus
2442 1127 2552 1166 non
2606 1112 2765 1177 vidit,
2805 1111 2954 1166 auris
2999 1126 3111 1164 non
3153 1111 3380 1177 audivit,
3429 1121 3488 1167 et
3539 1112 3597 1167 in

2036 1202 2251 1275 1074
2279 1218 2375 1258 cor
2402 1204 2645 1258 hominis
2674 1218 2785 1257 non
2812 1201 3203 1266 ascenderunt,
3236 1217 3358 1271 quae
3386 1218 3599 1272 ρι-αεριι-

2031 1292 2174 1346 ravit
2194 1293 2338 1346 Deus
2360 1292 2719 1362 diligentibus
2743 1306 2892 1357 eum,
2926 1306 3173 1360 quaenam
3197 1292 3266 1345 de
3287 1297 3485 1345 caetero
3509 1306 3599 1346 re-

2032 1382 2183 1452 liqua
2223 1382 2330 1437 erit
2362 1397 2526 1436 causa
2550 1381 2819 1447 tristitiae,
2851 1387 2866 1402 '
2890 1382 3123 1436 maxime
3158 1396 3283 1437 cum
3307 1380 3603 1451 Apostolus

2032 1475 2181 1529 clara
2228 1489 2363 1529 voce
2401 1474 2601 1528 clamet
2634 1490 2648 1527 :
2692 1492 2710 1525 ‹
2754 1472 2891 1527 Nolo
2923 1487 3021 1527 vos
3067 1472 3340 1542 ignorare,
3375 1472 3600 1537 fratres,

2032 1565 2101 1620 de
2143 1549 2579 1630 dormientibus,
2636 1572 2697 1618 ut
2748 1580 2861 1617 non
2902 1562 3305 1618 contristemini
3354 1563 3499 1618 sicut
3546 1570 3603 1618 et

2034 1653 2216 1710 caeteri
2239 1653 2335 1724 qui
2370 1669 2522 1724 spem
2560 1669 2672 1708 non
2709 1654 2919 1709 habent
2940 1654 3011 1707 ὀἳ
3042 1674 3059 1706 ι
3089 1654 3203 1723 Ego
3234 1668 3368 1707 vero
3399 1654 3603 1709 multos

2034 1762 2252 1816 quoque
2278 1746 2407 1801 novi
2437 1761 2503 1800 ex
2533 1746 2618 1801 his
2651 1746 2746 1816 qui
2776 1761 2929 1815 Spem
2959 1762 3069 1801 non
3096 1746 3321 1811 habent,
3357 1745 3450 1815 qui
3486 1745 3603 1800 sola

2033 1838 2236 1892 mentis
2256 1837 2588 1907 cogitatione
2616 1836 2864 1891 dolorem
2895 1838 3267 1906 pervicerunt.
3302 1836 3600 1891 Absurdis-

2034 1927 2233 1983 simum
2259 1937 2441 1982 autem
2473 1927 2660 1991 fuerit,
2698 1942 2795 1982 eos
2817 1927 2909 1997 qui
2963 1942 3060 1997 spe
3096 1927 3187 1981 tali
3224 1926 3604 1981 subvehantur

2034 2019 2339 2073 deteriores
2382 2018 2451 2072 iis
2495 2017 2833 2087 deprehendi
2878 2019 2972 2087 qui
3007 2023 3161 2087 s’pem
3208 2034 3318 2072 non
3372 2018 3598 2075 habent.

2034 2109 2213 2177 Quare
2236 2116 2468 2163 mortem
2488 2122 2610 2173 nos,
2637 2123 2841 2177 quaaso,
2864 2108 3360 2178 peregrinationem
3383 2108 3603 2179 longin-

2034 2211 2198 2266 quam
2219 2196 2546 2266 deputemus
2581 2211 2596 2248 :
2630 2204 2793 2265 atque
2815 2206 2874 2251 ut
2893 2197 3275 2266 peregrinante
3298 2197 3392 2251 illo
3415 2196 3605 2252 dolere

2034 2287 2260 2357 quidem
2289 2287 2630 2350 solebamus,
2671 2287 2766 2341 sed
2792 2287 3030 2342 reditum
3063 2288 3365 2357 praestolari
3396 2306 3408 2341 :
3442 2288 3522 2343 sic
3547 2303 3605 2346 et
3670 2327 3674 2331 ε

2033 2393 2184 2433 nunc
2220 2378 2501 2433 moderate
2552 2394 2655 2433 nos
2701 2379 2990 2433 contristet
3051 2380 3325 2449 separatio
3373 2378 3605 2452 (natura:

2034 2467 2312 2537 siquidem
2364 2477 2733 2523 consentanea
2775 2466 3025 2538 suadeo),
3083 2469 3179 2523 sed
3223 2484 3295 2524 ne
3343 2479 3602 2540 tanquam

2033 2565 2314 2612 mortuum
2352 2558 2659 2627 lugeamus.
2688 2559 2894 2613 Verum
2930 2559 3010 2613 illi
3044 2559 3268 2629 quidem
3298 2561 3602 2616 discessum

2032 2656 2090 2703 et
2122 2646 2532 2705 translationem
2556 2665 2624 2705 ex
2657 2649 2761 2705 hac
2784 2650 2895 2705 vita
2928 2651 3286 2719 gratulemur,
3319 2652 3464 2721 quod
3497 2651 3602 2707 du-

2033 2739 2142 2794 biis
2170 2739 2338 2795 rebus
2363 2749 2651 2811 exemptus
2680 2742 2773 2807 sit,
2799 2750 2855 2796 et
2891 2741 3099 2795 nullam
3128 2742 3317 2797 timeat
3341 2743 3602 2799 mutatio-

2034 2845 2184 2894 nem,
2219 2845 2328 2885 non
2365 2831 2578 2898 animm,
2629 2848 2743 2887 non
2787 2832 3058 2901 corporis,
3100 2848 3215 2886 non
3253 2848 3447 2889 eorum
3483 2849 3605 2903 quae

2036 2935 2237 2991 corpus
2273 2931 2524 2991 spectant
2549 2939 2563 2975 :
2594 2922 2690 2977 sed
2716 2932 2872 2977 extra
2901 2924 3269 2979 certaminum
3305 2924 3479 2979 aleam
3503 2941 3602 2995 po-

2037 3014 2176 3067 situs
2202 3015 2426 3082 praemia
2454 3020 2754 3084 exspectet.
2782 3013 3001 3071 Orbitas
3020 3031 3153 3071 vero
3181 3025 3238 3071 et
3268 3016 3509 3071 viduitas
3538 3032 3605 3072 ne

2037 3104 2260 3174 gravius
2296 3119 2397 3160 nos
2430 3104 2628 3160 alliciat
2661 3124 2674 3159 :
2702 3106 2831 3176 quia
2856 3107 3118 3176 majorem
3149 3105 3415 3163 habemus
3442 3123 3603 3163 cura-

2030 3202 2231 3273 'torem,
2276 3195 2371 3264 qui
2406 3201 2462 3248 et
2495 3195 2619 3249 aliis
2646 3195 2895 3265 praecipit
2937 3201 2998 3249 ut
3032 3196 3366 3265 pupillorum
3408 3195 3605 3250 vidua-

2036 3296 2270 3351 rumque
2313 3298 2565 3354 magnam
2609 3299 2798 3338 curam
2841 3292 3056 3354 gerant,
3097 3284 3248 3339 etde
3286 3299 3397 3354 quo
3436 3285 3607 3341 David

2035 3375 2256 3431 divinus
2278 3376 2356 3432 ait
2382 3394 2394 3430 :
2429 3396 2448 3427 ‹
2481 3377 2756 3446 Pupillum
2785 3385 2840 3431 et
2864 3377 3083 3431 viduam
3106 3378 3462 3447 suscipiet,et
3492 3378 3608 3433 vias

2035 3474 2389 3537 peccatorum
2433 3468 2718 3538 disperdet
2759 3468 2826 3522 ¹¹.
2865 3487 2883 3520 ι
2943 3468 3049 3537 lpsi
3092 3467 3337 3522 habenas
3391 3476 3608 3522 nostras

2036 3559 2479 3623 committamus,
2521 3566 2578 3613 et
2611 3558 3014 3629 providentiam
3057 3558 3429 3615 omnimodam
3471 3572 3605 3613 con-

2039 3664 2352 3719 sequemur.
2380 3650 2525 3704 Cura
2552 3650 2699 3705 enim
2725 3649 2802 3703 illi
2827 3649 2895 3704 de
2916 3649 3077 3704 nobis
3098 3651 3271 3720 major
3287 3650 3414 3714 erit,
3442 3665 3605 3719 quam

2039 3738 2135 3792 ulli
2166 3739 2239 3794 sit
2268 3740 2606 3794 mortalium.
2639 3739 2818 3809 Ipsius
2843 3738 3048 3809 quippe
3085 3754 3192 3792 vox
3221 3746 3306 3794 est
3335 3756 3348 3792 :
3397 3757 3416 3789 ε
3453 3738 3607 3793 Nun-

2037 3828 2172 3898 quid
2198 3828 2451 3884 oblivisci
2478 3838 2660 3900 potest
2682 3830 2882 3884 mulier
2905 3829 3169 3884 infantem
3199 3843 3381 3893 suum,
3411 3834 3473 3883 ut
3497 3844 3608 3883 non

2037 3921 2363 3975 misereatur
2383 3920 2619 3976 ﬁliorum
2643 3922 2787 3976 uteri
2811 3921 3021 3992 1075
3037 3921 3158 3976 sui?
3173 3922 3242 3975 Et
3263 3920 3307 3975 si
3329 3920 3419 3974 illa
3439 3920 3609 3975 oblita

2036 4007 2224 4071 fuerit,
2248 4024 2350 4078 ego
2375 4016 2558 4063 tamen
2588 4024 2699 4063 non
2719 4010 3033 4074 obliviscar,
3060 4008 3197 4063 dixit
3228 4007 3461 4063 Sanctus
3485 4008 3550 4061 “.
3582 4027 3603 4060 ι

2037 4097 2406 4166 Propinquior
2427 4098 2575 4151 enim
2598 4099 2761 4153 nobis
2790 4108 2875 4153 est
2898 4107 2954 4153 et
2973 4107 3131 4168 patre
3154 4107 3210 4152 et
3244 4106 3439 4152 matre.
3460 4095 3606 4153 Con-

2037 4187 2184 4242 ditor
2214 4187 2493 4257 siquidem
2524 4196 2717 4243 noster
2750 4197 2810 4243 et
2842 4197 3056 4243 creator
3097 4196 3199 4242 est.
3231 4188 3420 4257 Neque
3459 4188 3607 4243 enim

2036 4285 2223 4347 patres
2276 4276 2488 4331 faciunt
2515 4277 2742 4347 nuptiae,
2794 4277 2892 4332 sed
2945 4262 3064 4347 ipso
3104 4286 3381 4332 annuente
3424 4287 3611 4348 patres

2038 4378 2224 4440 patres
2264 4368 2421 4425 ﬁunt.
2458 4369 2585 4424 Haec
2622 4384 2726 4440 ego
2762 4370 2818 4423 in
2858 4368 3149 4438 praesentia
3196 4368 3443 4424 scribere
3484 4385 3608 4424 sum

350 4462 551 4535 ἐπειδή
589 4479 657 4532 με
691 4463 919 4533 δραμεῖν
946 4461 1082 4532 πρὸς
1105 4461 1248 4531 ὑμᾶς
1273 4461 1373 4514 οὐκ
1405 4461 1471 4531 ἐᾷ
1490 4460 1560 4513 τά
1586 4460 1781 4531 δεσμά.
1814 4461 1936 4531 Ἀρ-

2039 4468 2282 4525 coactus,
2327 4461 2458 4530 quia
2516 4469 2577 4515 ut
2626 4460 2694 4515 ad
2743 4474 2843 4514 vos
2887 4474 3172 4515 occurram
3222 4460 3443 4514 vincula
3498 4475 3608 4515 non

350 4558 451 4608 κεῖ
477 4555 536 4609 δὲ
569 4555 661 4608 καὶ
694 4555 853 4625 μόνος
880 4554 909 4606 ὁ
937 4553 1349 4621 θεοφιλέστατος
1372 4554 1466 4606 καὶ
1495 4551 1789 4615 ὁσιώτατος
1817 4551 1937 4607 ἐπί-

349 4662 588 4711 σκοπος,
616 4646 797 4699 πᾶσαν
847 4646 913 4715 τῇ
975 4644 1272 4716 πιστοτάτη
1293 4659 1386 4696 σου
1417 4642 1563 4715 ψυχῇ
1606 4642 1935 4714 παραψυχὴν

346 4735 916 4808 πραγματεύσασθαι,
974 4737 1070 4788 καὶ
1125 4735 1287 4806 λόγῳ,
1336 4734 1432 4788 καὶ
1485 4735 1658 4805 ἔργῳ,
1687 4737 1783 4789 καὶ
1815 4735 1935 4805 θέᾳ,

345 4829 458 4882 καὶ
492 4828 749 4898 κοινωνίᾳ
778 4827 1097 4898 φροντίδων,
1140 4827 1236 4881 καὶ
1275 4830 1343 4899 τῇ
1377 4829 1719 4898 πνευματικῇ
1771 4826 1937 4880 αὐτοῦ

344 4921 457 4974 καὶ
508 4918 774 4990 θεοσδότῳ
811 4918 1002 4989 σοφίᾳ,
1063 4919 1128 4971 δι’
1161 4914 1229 4989 ἧς
1286 4917 1823 4987 κατευνασθήσεσθαι
1850 4935 1944 4971 πι-

347 5010 542 5066 στεύω
572 5012 673 5079 τῆς
699 5009 935 5080 ἀθυμίας
961 5009 1059 5079 τὴν
1095 5010 1287 5079 ζάλην.

682 5120 781 5175 lE'.
821 5149 890 5160 —-
920 5115 1191 5183 Σιλϐανῷ
1236 5119 1620 5186 πρωτεύοντι.

429 5228 565 5287 Οἶδα
598 5232 696 5303 μὲν
727 5233 1056 5302 ὑστερήσας,
1091 5230 1186 5282 καὶ
1229 5229 1357 5298 περὶ
1390 5231 1519 5293 τοὺς
1547 5228 1937 5313 παραμυθητι-

340 5325 494 5387 κοὺς
526 5323 794 5396 μελλήσας
818 5323 1029 5391 λόγουςο
1061 5321 1177 5376 ἀλλ’
1200 5320 1320 5391 οὐχὶ
1343 5319 1465 5391 δίχα
1494 5318 1756 5390 λογισμοῦ
1777 5318 1939 5372 τοῦτο

336 5413 616 5480 δέδρακα·
651 5412 895 5466 ἐνδοῦναι
927 5411 1036 5484 γάρ
1056 5409 1132 5482 τῷ
1161 5410 1322 5464 πάθει
1352 5407 1567 5480 σφοδρῷ
1592 5408 1706 5462 ὄντι
1738 5406 1941 5478 προδρ-

336 5518 463 5571 γου
500 5499 781 5571 νενόμικα.
838 5502 972 5556 Οὐδὲ
1006 5502 1114 5574 γὰρ
1147 5501 1255 5556 τῶν
1299 5500 1497 5572 ἰατρῶν
1538 5503 1587 5555 οἱ
1634 5499 1937 5570 σοφώτατοι

429 5654 670 5711 "lCor.
702 5672 759 5715 ιι.
783 5657 836 5711 9.
913 5657 1001 5710 ²⁰Ι
1036 5657 1230 5713 Thess.
1260 5673 1329 5722 Iv,
1360 5657 1445 5712 12.

429 5769 515 5844 (3)
549 5773 869 5843 ἀπαλλαγῆς
924 5774 1092 5843 Neap.

2040 4549 2255 4606 sinunt.
2293 4549 2437 4605 Satis
2460 4558 2645 4605 autem
2676 4566 2820 4607 unus
2850 4557 2937 4605 est
2967 4550 3065 4604 Dei
3107 4550 3519 4607 amantissimus
3553 4560 3614 4606 et

2042 4639 2420 4695 sanctissimus
2434 4638 2746 4708 episcopus,
2758 4648 2822 4695 ut
2835 4653 3054 4695 omnem
3072 4637 3402 4694 ﬁdelissima
3417 4640 3614 4695 animae

2045 4738 2151 4784 tua:
2179 4730 2611 4785 consolationem
2639 4730 2902 4785 adhibeat
2929 4737 2984 4785 et
3013 4745 3287 4810 sermone,
3322 4739 3379 4785 ct
3422 4746 3611 4801 opere,

2043 4830 2431 4890 etconspectu,
2451 4830 2508 4877 et
2522 4822 2946 4893 participatione
2965 4837 3244 4889 curarum,
3267 4830 3323 4877 et
3341 4820 3615 4891 spirituali

2041 4930 2164 4983 quae
2190 4915 2268 4968 illi
2292 4930 2322 4970 a
2346 4915 2460 4970 Deo
2482 4915 2608 4970 data
2622 4923 2706 4970 est
2725 4915 3012 4986 sapientia,
3047 4931 3147 4984 per
3174 4929 3337 4985 quam
3362 4912 3615 4971 sedatum

2042 5006 2106 5059 iri
2150 5007 2389 5062 tristitiae
2428 5014 2808 5076 tempestatem
2843 5005 3081 5061 conﬁdo.

2475 5114 2588 5171 XV.
2611 5147 2680 5155 ——
2702 5114 2918 5170 Silvano
2944 5116 3180 5185 primati.

2115 5228 2241 5283 Scio
2274 5244 2360 5282 me
2403 5229 2613 5282 lentum
2659 5243 2723 5282 ac
2760 5228 2977 5282 tardum
3001 5227 3170 5282 fuisse
3203 5226 3269 5281 ad
3317 5225 3614 5281 verborum

2044 5319 2476 5374 consolationem
2522 5336 2536 5372 :
2578 5318 2676 5374 sed
2721 5320 2737 5340 ‘
2779 5319 2884 5373 hoc
2919 5330 3101 5374 tamen
3154 5317 3462 5371 inconsulto
3500 5318 3615 5368 non

2044 5408 2171 5463 feci.
2204 5409 2390 5463 Dolori
2420 5408 2568 5464 enim
2595 5408 2912 5464 vehementi
2945 5409 3140 5465 cedere
3168 5422 3347 5477 operte
3372 5403 3616 5475 pretium

2045 5499 2375 5577 existimavi.
2403 5500 2539 5556 Nam
2568 5507 2624 5554 et
2651 5499 2993 5554 medicorum
3032 5496 3356 5570 peritissimi
3384 5494 3615 5550 ardente

1524 5657 1565 5688 ²¹
1592 5656 1733 5711 Psal.
1767 5672 1899 5712 εχιτ
1927 5654 2148 5727 (CXLVI),
2183 5655 2235 5711 9.
2314 5657 2357 5687 ¹²
2388 5656 2489 5711 lsa.
2526 5671 2666 5721 xux,
2697 5656 2785 5710 15.
