4056 6416
516 346 649 410 1191

1506 342 1994 403 THEODORETI
2032 345 2370 405 EPISCOPI
2415 348 2783 408 CYRENSIS

3616 355 3736 424 1192

509 462 652 517 febri
672 459 958 532 profutura
983 454 1382 510 medicamenta
1397 469 1505 507 non
1526 452 1812 518 adhibent,
1838 456 1936 510 sed
1956 453 2092 508 artis

2197 456 2331 526 ὲντῇ
2364 456 2474 508 τῶν
2505 457 2752 527 πυρετῶν
2785 458 2936 526 ἀκμῇ
2965 457 3032 510 τά
3057 456 3356 522 ἀλεξίκακα
3389 468 3736 539 προσφέρουσι

511 568 674 624 Opem
701 557 1008 621 opportuno
1037 556 1282 615 tempore
1314 543 1628 600 conferunt.
1665 544 1780 598 Hac
1803 553 1861 598 et
1889 559 1991 613 ego
2023 543 2092 597 de

511 658 678 698 causa
723 655 931 710 paucos
975 638 1108 691 isros
1151 636 1270 690 dies
1312 634 1538 699 indulsi,
1568 635 1776 688 doloris
1814 633 2090 704 magnitu-

513 735 699 789 dinem
740 733 924 786 animo
966 737 1249 798 reputans.
1295 726 1514 781 Etenim
1551 725 1596 780 si
1649 742 1752 780 nos
1800 733 2089 796 tantopere

512 824 657 880 fama
692 822 807 891 ipsa
862 819 1100 889 perculit
1131 817 1392 886 omnique
1419 815 1650 870 tristitia
1676 816 1928 886 replevit,
1960 815 2094 885 quid

514 914 635 968 viro
657 911 734 966 illi
765 910 1032 966 accidisse
1054 925 1154 978 par
1183 915 1268 962 est
1298 908 1418 977 qui,
1446 907 1638 977 jugum
1664 906 1811 961 idem
1847 907 2090 970 trahens,

514 1020 679 1060 unam
710 1004 766 1057 in
797 1017 1040 1064 carnem,
1073 1001 1225 1070 juxta
1257 1014 1441 1054 sacras
1475 998 1735 1060 Litteras,
1760 998 2092 1068 coniunctus

508 1109 567 1154 et
591 1108 874 1150 connexus
905 1101 1043 1155 erat,
1086 1097 1372 1159 postquam
1406 1089 1461 1143 vi
1504 1089 1716 1143 divulsa
1746 1097 1832 1142 est
1857 1089 2092 1158 conjun-

512 1187 646 1249 ctio,
671 1201 836 1255 quam
866 1193 1083 1252 tempus
1115 1192 1169 1237 et
1194 1198 1346 1235 amor
1371 1180 1735 1250 copularant?
1763 1180 1962 1233 Verum
1995 1179 2093 1232 do-

514 1279 694 1332 lorem
715 1275 940 1345 quidem
966 1275 1130 1328 istum
1154 1282 1347 1327 natura
1371 1271 1586 1340 peperit
1616 1289 1628 1323 :
1661 1269 2091 1324 consolationem

516 1383 650 1422 vero
701 1365 970 1434 excogitet
1027 1363 1186 1426 ratio,
1239 1371 1294 1416 et
1335 1361 1630 1415 obnoxiam
1673 1359 1783 1412 fato
1832 1366 2087 1411 naturam

517 1457 890 1520 considerans,
924 1456 1135 1524 1076
1155 1465 1211 1509 et
1237 1468 1528 1509 commune
1563 1451 1823 1504 omnibus
1842 1450 1947 1504 hoc
1975 1465 2092 1503 ma-

516 1550 632 1603 lum
667 1565 809 1610 esse,
851 1557 907 1602 et
932 1563 1084 1615 spem
1123 1545 1571 1610 resurrectionis,
1611 1551 1668 1598 et
1715 1544 1835 1612 ejus
1870 1542 1964 1611 qui
2005 1556 2094 1595 sa-

514 1641 734 1710 pienter
765 1649 950 1694 nostra
980 1638 1165 1691 omnia
1207 1637 1348 1707 regit
1394 1645 1591 1690 nutum
1635 1651 1699 1689 ac
1729 1634 2092 1688 voluntatem.

2198 549 2489 618 φάρμακα,-
2527 548 2641 601 ἀλλ’
2675 550 2755 610 εἰς
2787 547 2977 617 καιρὸν
3022 547 3121 618 τὴν
3155 548 3262 601 ἀπὸ
3287 551 3382 622 τῆς
3409 554 3595 626 τέχνης
3626 557 3739 633 βοή..

2198 639 2351 692 θειαν
2381 640 2814 709 συνεισφέρουσι.
2851 641 3031 693 Διάτοι
3075 641 3231 694 τοῦτο
3264 644 3414 711 κάγὼ
3447 647 3541 710 τὰς
3578 651 3744 719 ὀλίγας

2192 729 2398 791 ταύτας
2433 728 2644 799 ἡμέρας
2684 729 2973 793 ὲνδέδωκα,
3009 731 3361 801 λογισάμενος
3394 734 3487 805 τὴν
3515 739 3606 807 τῆς
3632 741 3744 796 ὀδύ-

2194 837 2292 890 νης
2335 820 2663 890 ὑπερϐολήν.
2695 821 2755 874 Εἰ
2795 821 2901 893 γάρ
2930 823 3077 892 ἡμᾶς
3105 822 3277 886 οὕτως
3311 826 3447 892 ἄγαν
3485 829 3744 907 ἡνίασενή

2195 914 2374 981 φήμη,
2409 913 2503 965 καὶ
2541 912 2868 984 παμπόλλης
2915 913 3152 983 ἀθυμίας
3183 916 3465 987 ἐνέπλησε,
3491 921 3543 974 τί
3563 925 3656 977 οὐκ
3688 927 3746 982 ἂν

2194 1002 2397 1055 ἔπαθεν
2431 1003 2570 1076 ἀνὴρ
2598 1005 2688 1057 τὸν
2713 1005 2873 1058 αὐτὸν
2896 1006 3058 1074 ζυγὸν
3087 1007 3279 1073 ἕλκων,
3319 1010 3414 1062 καὶ
3438 1013 3514 1074 εἰς
3546 1015 3666 1079 μίαν
3680 1017 3747 1087 (9)

2195 1092 2418 1162 σαρκὸς,
2475 1093 2615 1146 κατά
2663 1093 2762 1164 τὴν
2799 1095 2949 1148 θείαν
2989 1097 3232 1169 Γραφὴν,
3264 1100 3556 1168 συνάφειαν
3585 1105 3747 1176 ἁρμο-

2197 1184 2364 1246 σθεὶς,
2399 1187 2496 1256 τῆς
2537 1187 2630 1238 καὶ
2655 1186 2851 1256 χρόνῳ,
2903 1189 2996 1240 καὶ
3041 1189 3189 1257 πόθῳ
3219 1193 3594 1262 γεγενημένης
3634 1213 3750 1249 συν-

2196 1277 2392 1344 αφείας
2442 1277 2534 1347 βίᾳ
2584 1279 3051 1350 διασπασθείσηςς
3118 1282 3260 1333 Ἀλλ’
3293 1285 3506 1355 ἐκείνην
3543 1288 3636 1355 μὲν
3666 1289 3752 1360 τὴν

2194 1368 2386 1438 ὀδύνην
2422 1371 2453 1439 ἠ
2503 1369 2661 1439 φύσις
2691 1373 3010 1442 εἰργάσατο,
3046 1373 3145 1443 τὴν
3174 1373 3229 1426 δὲ
3269 1376 3592 1448 παραψυχὴν
3624 1379 3650 1431 ὁ
3680 1380 3752 1434 λο-

2195 1461 2394 1530 γισμὸς
2437 1463 2790 1532 μηχανᾶσθω,
2822 1463 2884 1514 τό
2916 1480 2974 1514 τε
3011 1464 3110 1531 τῆς
3140 1464 3355 1532 φύσεως
3385 1467 3643 1541 ἐπίκηρον
3679 1469 3754 1524 ὲνο

2197 1553 2544 1624 θυμούμενος
2570 1555 2663 1607 καὶ
2691 1555 2784 1608 τοῦ
2818 1555 3024 1619 πάθους
3052 1557 3112 1609 τὸ
3155 1557 3354 1624 κοινὸν,
3390 1559 3481 1612 καὶ
3519 1563 3614 1629 τῆς
3643 1562 3756 1615 ἀνα-

2199 1646 2441 1709 στάσεως
2469 1647 2565 1716 τὴν
2607 1647 2817 1708 ἐλπίδα,
2859 1648 2951 1700 καὶ
2996 1648 3088 1701 τοῦ
3143 1649 3321 1718 σοφῶς
3372 1651 3443 1704 τά
3477 1651 3594 1704 καθ’
3624 1654 3756 1722 ἡμᾶς

515 1731 785 1786 Adamare
817 1728 1087 1797 siquidem
1127 1735 1347 1796 oportet
1380 1741 1446 1779 ea
1481 1740 1603 1794 quae
1637 1723 1706 1777 ab
1737 1720 2093 1777 inenarrabili

2197 1737 2604 1806 οίκονομοῦντος
2654 1736 2715 1789 τὸ
2763 1737 3029 1808 βούλημα.
3084 1739 3342 1808 Στέργειν
3395 1740 3504 1812 γὰρ
3551 1720 3671 1812 χρη
3699 1745 3758 1796 τὰ

515 1819 782 1888 sapientia
809 1819 1201 1880 decernuntur,
1229 1825 1392 1884 atque
1425 1815 1541 1870 haec
1565 1829 1793 1884 prorsus
1824 1811 2091 1868 conduci-

2197 1829 2346 1899 παρὰ
2366 1829 2466 1898 τῆς
2492 1829 2731 1900 ἀρρήτου
2762 1830 2958 1898 σοφίας
2978 1832 3452 1902 πρυτανευόμενα,
3482 1835 3574 1886 καὶ
3603 1834 3758 1887 ταῦτα

515 1909 646 1965 bilia
680 1908 904 1962 ducere.
953 1907 1057 1974 Qui
1086 1907 1232 1962 enim
1266 1906 1374 1976 piis
1404 1904 1718 1976 hujusmodi
1743 1903 2093 1973 c0gitationi-

516 2001 620 2056 bus
643 2009 894 2065 utuntur,
918 2009 974 2052 et
996 1999 1219 2069 pietatis
1242 1997 1467 2068 praemia
1492 1996 1756 2060 referent,
1801 2004 1858 2050 et
1889 1995 1957 2048 ab
1989 1995 2095 2048 im-

515 2092 749 2147 modicis
771 2091 1015 2146 luctibus
1047 2090 1210 2145 liberi
1239 2090 1408 2144 vitam
1442 2096 1606 2159 agent
1632 2086 2096 2157 tranquilliorem.

515 2183 586 2240 At
619 2199 752 2238 vero
780 2183 882 2252 .qui
927 2180 1152 2236 maerori
1196 2196 1255 2235 se
1290 2179 1626 2247 mancipant,
1660 2191 1764 2230 nec
1788 2173 2096 2245 plangendo

518 2276 829 2345 proﬁcient,
865 2282 920 2328 et
949 2289 1073 2329 cum
1099 2272 1346 2327 cruciatu
1376 2272 1586 2335 vivent,
1619 2279 1677 2324 et
1700 2268 1950 2322 omnium
1987 2266 2094 2320 Mo-

517 2366 829 2419 deratorem
867 2364 1184 2418 irritabunt.
1220 2362 1490 2416 Admittat
1522 2375 1655 2431 ergo
1689 2357 2096 2430 magniﬁcentia

518 2467 610 2513 tua
650 2467 934 2528 paternam
975 2454 1439 2517 exhortationem,
1479 2461 1536 2506 et
1571 2451 1887 2521 praeclaram
1947 2449 2095 2503 illam

515 2565 705 2605 vocem
737 2554 970 2617 usurpet
999 2563 1013 2598 :
1056 2566 1073 2596 ι
1109 2546 1374 2599 Dominus
1403 2544 1577 2607 dedit,
1612 2541 1880 2597 Dominus
1910 2540 2098 2594 abstu—

514 2638 581 2692 lit
616 2657 629 2691 :
659 2635 1052 2692 sicutDomino
1074 2634 1302 2705 placuit,
1330 2634 1404 2687 ita
1427 2633 1631 2687 factum
1651 2641 1770 2688 est:
1795 2631 1868 2686 sit
1893 2646 2095 2686 nomen

515 2730 736 2786 Domini
759 2729 1114 2786 benedictum
1145 2727 1200 2781 in
1224 2726 1423 2781 saecula
1449 2725 1515 2779 ’³.
1547 2743 1565 2776 ι

928 3058 1064 3114 XVI.
1099 3088 1170 3097 —
1193 3057 1395 3114 Irenaro
1425 3057 1687 3128 episcopo.

2195 1921 2412 1984 πάντως
2446 1921 2686 1990 νομίζειν
2720 1921 3093 1992 συμφέροντα·
3136 1924 3184 1975 οἱ
3234 1923 3346 1995 γὰρ
3391 1926 3504 1988 τοῖς
3535 1926 3761 1979 εὐσεϐέσι

2193 2010 2402 2074 τούτοις
2430 2011 2700 2081 χρώμενοι
2739 2011 3040 2081 λογισμοῖς,
3097 2012 3191 2065 καὶ
3230 2013 3334 2082 τῆς
3382 2013 3655 2078 εὐσεϐείας
3683 2032 3763 2068 κο-

2200 2101 2445 2172 μιοῦνται
2496 2101 2592 2165 τὰς
2637 2102 2954 2166 ἀντιδόσεις,
2994 2105 3086 2156 καὶ
3119 2104 3537 2179 θυμηρέστερον
3576 2108 3764 2178 βιοτεύ-

2199 2211 2374 2257 σουσι,
2416 2193 2516 2262 τῆς
2545 2193 2655 2245 τῶν
2707 2193 2918 2264 θρήνων
2949 2196 3214 2266 ἀμετρίας
3252 2199 3677 2268 ἀπαλλαγέντες.
3710 2203 3762 2254 Οἱ

2197 2286 2252 2338 δὲ
2304 2284 2382 2355 τῷ
2433 2285 2597 2337 πάθει
2643 2284 3022 2347 δουλωθέντες,
3069 2286 3220 2339 οὐδὲν
3277 2287 3384 2357 μὲν
3431 2288 3766 2358 κερδανοῦσιν

2196 2375 2621 2446 ὀλοφυρόμενοι,
2675 2373 2911 2444 ἀνιαρῶς
2952 2375 3008 2425 δὲ
3057 2375 3372 2443 βιώσονται,
3431 2379 3522 2430 καὶ
3557 2377 3768 2448 παροξυ-

2198 2466 2345 2520 νοῦσι
2403 2467 2509 2518 τῶν
2547 2466 2682 2518 ὅλων
2727 2466 2818 2518 τὸν
2876 2467 3169 2535 κηδεμόνα.
3217 2467 3484 2532 Δεξὰσθω
3539 2469 3766 2537 τοίνυνὴ

2201 2554 2647 2624 μεγαλοπρέπεια
2697 2571 2790 2606 σου
2840 2557 3162 2623 παραίνεσιν
3215 2558 3518 2629 πατρικὴν,
3565 2559 3655 2611 καὶ
3685 2559 3770 2629 τὴν

2198 2646 2506 2717 θαυμασίαν
2567 2645 2780 2716 ἐκείνην
2848 2646 3056 2699 είπάτω
3109 2650 3318 2719 φωνήν·
3384 2669 3402 2700 ι
3460 2651 3516 2704 Ὀ
3584 2651 3770 2722 Κύριος

2198 2739 2416 2801 ἔδωκεν,
2473 2739 2500 2791 ό
2543 2737 2745 2808 Κύριος
2773 2737 3043 2802 ἀφείλετο’
3099 2739 3175 2802 ῶς
3223 2740 3304 2811 τῷ
3343 2742 3538 2811 Κυρίῳ
3588 2741 3772 2805 ἔδοξεν,

2196 2831 2339 2883 οὕτω
2377 2833 2472 2884 καὶ
2504 2831 2741 2899 ἐγένετο’
2771 2832 2857 2900 εἴη
2889 2835 2948 2884 τδ
2972 2830 3142 2902 ὄνομα
3177 2833 3393 2904 Κυρίου
3425 2834 3775 2905 εὐλογημένον

2200 2924 2280 2987 εἰς
2308 2924 2432 2986 τούς
2453 2922 2672 2985 αἰῶνας.
2718 2941 2737 2973 ι

2553 3035 2740 3101 Ιίῖ’.-
2759 3033 3053 3103 Εἰρηναίῳ
3092 3037 3434 3106 ἐπισκόπῳ.

588 3175 708 3230 Νοη
734 3181 838 3237 est,
861 3179 921 3225 ut
950 3177 1197 3239 apparet,
1225 3167 1373 3237 quod
1408 3167 1534 3223 boni
1571 3165 1871 3235 quidquam
1903 3177 2093 3233 exspe—

2273 3142 2386 3196 Οὐκ
2409 3144 2576 3206 ἔστιν,
2607 3144 2681 3207 ὡς
2707 3144 2906 3209 ἔοικεν,
2937 3147 3090 3200 οὐδὲν
3118 3147 3502 3218 προσδοκῆσαι
3530 3149 3774 3218 χρηστόν.

518 3279 749 3325 ctemus.
772 3266 889 3319 Non
916 3262 1082 3317 modo
1106 3261 1256 3317 enim
1292 3275 1400 3313 non
1427 3259 1649 3312 sedatur
1672 3255 1930 3311 Ecclesia:
1965 3269 2094 3324 pro-

518 3358 674 3422 cella,
720 3354 816 3408 sed
846 3351 1092 3422 quotidie
1132 3347 1468 3411 intumescit,
1504 3356 1564 3399 ιιι
1595 3345 1668 3398 ita
1699 3345 1898 3409 dicam,
1943 3351 2000 3398 et
2040 3343 2096 3398 in

517 3461 782 3502 cacumen
827 3442 1120 3497 attollitur.
1154 3439 1441 3493 Venerunt
1488 3444 1672 3488 autem
1716 3442 1772 3487 et
1810 3433 1906 3502 qui
1933 3446 2096 3502 synov

517 3540 647 3594 dum
675 3540 1062 3595 convocarent,
1097 3538 1154 3583 et
1189 3525 1534 3582 evocatorias
1567 3525 1778 3579 litteras
1815 3531 1931 3576 tum
1973 3523 2098 3578 aliis

517 3629 850 3702 quibusdam
893 3621 1354 3692 metropolitanis,
1390 3627 1505 3672 tum
1545 3625 1736 3670 nostro
1777 3613 2092 3668 redderent.

517 3724 850 3780 Litterarum
886 3729 1051 3787 porro
1067 3711 1378 3780 exemplum
1408 3708 1474 3762 ad
1511 3717 1563 3761 te
1596 3705 1745 3770 misi,
1794 3715 1854 3758 ut
1887 3719 2095 3774 cogno-

517 3830 658 3878 scas,
681 3809 924 3871 domine,
943 3805 1145 3859 malum
1177 3802 1336 3862 malo,
1359 3799 1505 3870 quod
1534 3798 1610 3852 ait
1637 3807 1797 3868 poeta
1816 3797 1881 3862 “,
1899 3795 2099 3850 conﬁr-

517 3914 724 3960 matum
754 3915 897 3962 esse,
947 3897 1172 3964 solaque
1209 3892 1373 3946 nobis
1401 3906 1540 3960 opus
1575 3905 1695 3944 esse
1727 3887 1914 3942 divina
1941 3886 2099 3941 boni-

518 4003 652 4059 tate,
679 4000 740 4049 ut
765 3991 921 4046 sedet
951 3994 1354 4056 tempestatem.
1400 3983 1581 4038 Facile
1613 3996 1848 4050 namque
1874 3980 1979 4035 hoc
2016 3980 2096 4034 illi

515 4096 621 4150 est,
666 4083 763 4140 sed
803 4098 904 4136 nos
938 4079 1338 4148 tranquillitate
1370 4091 1560 4132 sumus
1610 4074 1839 4144 indigni.
1888 4071 2098 4127 Sufficit

517 4193 650 4232 vero
695 4174 855 4230 nobis
897 4167 1433 4243 patientize‘gratia,
1489 4175 1551 4222 ιιι
1592 4182 1694 4235 per
1733 4165 1875 4219 hanc
1927 4178 2096 4232 supe-

515 4267 692 4321 riores
715 4263 968 4318 hostibus
996 4259 1314 4315 evadamus.
1349 4256 1558 4327 1077
1589 4255 1704 4310 Hoc
1733 4254 1881 4309 enim
1909 4259 2098 4322 postu-

513 4359 630 4412 lare
652 4371 754 4414 nos
784 4354 972 4410 docuit
998 4350 1221 4405 divinus
1242 4348 1559 4418 Apostolus.
1597 4367 1615 4398 ι
1649 4345 1858 4410 Faciet,
1891 4343 2093 4412 inquit,

514 4465 638 4504 cum
677 4446 980 4502 tentatione
1013 4452 1297 4507 eventum,
1328 4451 1389 4496 ut
1418 4439 1643 4511 possitis
1667 4437 1941 4493 sustinere
1967 4437 2035 4489 ".
2067 4454 2086 4486 ι

2199 3236 2272 3289 Οὐ
2296 3235 2405 3305 γὰρ
2432 3237 2590 3306 μόνον
2624 3239 2723 3290 οὐκ
2754 3237 3057 3309 ἐλώφησεν,
3091 3238 3229 3292 ἀλλὰ
3267 3241 3368 3294 καὶ
3388 3239 3515 3294 καθ’
3538 3241 3782 3310 ἑκάστην,

2197 3326 2272 3389 ὡς
2303 3326 2432 3389 ἔπος
2458 3329 2654 3391 εἰπεῖν,
2705 3329 2917 3398 ἡμέραν
2955 3328 3290 3399 κορυφοῦται
3323 3331 3428 3400 τῆς
3476 3331 3784 3402 Ἐκκλησίας

2197 3419 2230 3488 ή
2265 3417 2422 3489 ζάλη.
2452 3413 2628 3472 Ἧκον
2658 3419 2714 3473 δὲ
2745 3419 2838 3474 καὶ
2879 3420 2929 3472 οἱ
2975 3420 3074 3489 τὴν
3109 3421 3331 3474 σύνοδον
3369 3422 3784 3490 συγκαλοῦντες,

2199 3509 2294 3563 καὶ
2326 3509 2615 3564 ἀπέδωκαν
2645 3510 2823 3575 ἄλλοις
2847 3512 2904 3564 τέ
2930 3530 3038 3565 τισι
3062 3513 3168 3566 τῶν
3210 3514 3665 3585 μητροπολιτῶν,
3696 3515 3786 3566 καὶ

2197 3598 2276 3668 τῷ
2307 3599 2578 3670 ἡμετέρῳ,
2609 3600 2677 3653 τὰ
2706 3603 2802 3671 τῆς
2837 3601 3082 3672 κλήσεως
3127 3602 3236 3672 (10)
3283 3606 3626 3675 γράμματα.
3669 3603 3789 3656 Ἀπ-

2200 3690 2417 3744 ἐστειλα
2457 3690 2513 3744 δὲ
2549 3692 2642 3744 καὶ
2672 3691 2778 3744 τῶν
2809 3691 3151 3762 γραμμάτων
3186 3695 3248 3745 τὸ
3278 3693 3400 3747 ἴσον
3448 3697 3516 3765 τῇ
3557 3697 3622 3765 σῇ
3659 3693 3791 3746 ὁσιό-

2197 3799 2341 3851 τητι,
2404 3781 2492 3834 ἵνα
2545 3781 2711 3851 γνῷς,
2758 3782 3014 3844 δέσποτα,
3065 3782 3142 3844 ὡς
3199 3785 3342 3837 κατὰ
3390 3785 3486 3838 τὸν
3519 3782 3791 3852 ποιητικὸν

2197 3873 2373 3942 λόγον,
2407 3873 2574 3927 κακὸν
2605 3873 2758 3943 κακῴ
2788 3875 3137 3946 ἐστήρικται,
3173 3874 3271 3930 καὶ
3313 3875 3402 3931 δεῖ
3451 3877 3631 3947 μόνης
3667 3875 3794 3944 ἡμῖν

2198 3968 2296 4036 τῆς
2339 3966 2672 4035 Δεσποτικῆς
2710 3967 3068 4036 ἀγαθότητος,
3128 3967 3213 4020 ἵνα
3265 3969 3467 4042 παύσῃ
3520 3970 3615 4022 τὸν
3672 3965 3793 4021 κλύ-

2197 4057 2359 4110 δωνα.
2404 4058 2615 4128 Ῥᾴδιον
2666 4058 2764 4128 μὲν
2796 4057 2904 4128 γὰρ
2937 4057 3086 4128 αὐτῷ
3120 4059 3214 4112 καὶ
3253 4059 3446 4128 τοῦτο,
3494 4061 3616 4114 ἀλλ’
3641 4059 3796 4129 ἡμεῖς

2196 4148 2298 4216 τῆς
2336 4149 2576 4218 γαλήνης
2627 4147 2864 4213 ἀνάξιοι.
2906 4149 3093 4220 Ἀρκεῖ
3127 4151 3183 4204 δὲ
3218 4153 3354 4220 ἡμῖν
3385 4153 3493 4221 τῆς
3519 4150 3796 4221 ὑπομονῆς

2197 4243 2230 4309 ἡ
2263 4241 2443 4310 χάρις,
2476 4239 2551 4302 ὡς
2589 4240 2654 4293 ἂν
2685 4240 2774 4292 διά
2795 4239 2997 4310 ταύτης
3025 4241 3308 4311 κρείττους
3346 4242 3465 4296 τῶν
3496 4240 3796 4311 πολεμούνο

2196 4350 2305 4385 των
2330 4332 2644 4401 γενοίμεθα.
2699 4331 2872 4385 Τοῦτο
2922 4334 3032 4402 γὰρ
3075 4333 3168 4386 καὶ
3211 4335 3238 4386 ὁ
3283 4333 3437 4398 θεῖος
3473 4335 3798 4394 Ἀπόστολος

2198 4422 2432 4488 ἐδίδαξεν
2463 4423 2610 4493 ἡμᾶς
2643 4423 2894 4486 ἐξαιτεῖν.
2936 4441 2952 4474 ι
2991 4423 3211 4494 Ποιήσει
3234 4423 3370 4494 γὰρ,
3397 4427 3563 4496 φησὶ,
3601 4427 3698 4479 σὺν
3729 4421 3800 4492 τῷ

512 4542 782 4598 Caeterum
812 4539 1044 4593 obsecro
1085 4537 1343 4605 pietatem
1375 4540 1548 4594 tuam,
1597 4536 1658 4583 ut
1699 4543 1796 4583 ora
1835 4527 2093 4582 obstruas

2201 4514 2490 4585 πειρασμῷ
2521 4515 2614 4568 καὶ
2629 4515 2728 4584 τὴν
2757 4515 2982 4568 ἔκϐασιν
3003 4515 3096 4568 τοῦ
3113 4515 3380 4571 δύνασθαι
3413 4519 3795 4588 ὑπενεγκεῖν.ι

513 4632 970 4692 obtrectatorum,
997 4636 1053 4682 ct
1074 4627 1274 4681 doceas
1302 4637 1412 4677 non
1436 4621 1640 4676 debere
1663 4621 1788 4674 illos
1814 4620 1909 4688 qui
1937 4627 2094 4673 extra

516 4721 632 4784 teli,
669 4719 817 4789 quod
844 4719 1019 4783 aiunt,
1047 4719 1255 4788 jactum
1285 4715 1426 4776 sint,
1461 4712 1529 4765 iis
1557 4721 1618 4765 ut
1641 4718 1868 4779 apparet
1897 4708 2092 4763 convi-

517 4810 667 4875 tiari,
698 4807 791 4877 qui
813 4824 866 4862 in
892 4809 1010 4862 acie
1036 4815 1207 4871 stant,
1227 4813 1283 4859 et
1304 4802 1580 4858 feriuntur
1602 4814 1666 4853 ac
1709 4798 1932 4852 feriunt.
1948 4796 2092 4862 Quid

515 4898 663 4954 enim
693 4899 924 4953 interest
969 4905 1153 4950 utrum
1181 4893 1276 4963 qui
1313 4899 1518 4961 pugnat
1543 4889 1648 4942 hoc
1677 4902 1878 4958 genere
1913 4900 2095 4939 armo-

515 5003 635 5042 rum
662 5003 733 5041 an
757 4987 853 5041 illo
877 4995 1091 5050 utatur,
1125 4993 1181 5039 et
1206 4984 1424 5039 hostem
1462 4977 1715 5048 dejiciat?
1745 4977 1882 5031 Nam
1914 4991 2094 5046 neque

514 5092 744 5147 magnus
765 5076 938 5131 David
972 5074 1124 5129 omni
1165 5078 1444 5126 armatura
1494 5069 1799 5122 instructus
1833 5066 2094 5137 alienige-

513 5182 709 5224 narum
727 5168 923 5223 ducem
946 5163 1244 5234 prostravit
1268 5161 1312 5192 ²⁶
1333 5178 1346 5227 ;
1371 5171 1426 5215 et
1451 5160 1681 5214 Samson
1709 5159 1849 5214 asini
1871 5159 2093 5214 maxilla

513 5256 661 5314 mille
692 5257 856 5312 simul
885 5253 1088 5309 occidit
1116 5254 1182 5305 "’.
1217 5252 1329 5306 Nec
1355 5252 1646 5322 quisquam
1676 5260 1757 5306 est
1786 5251 1879 5321 qui
1913 5251 2091 5306 victo-

517 5350 653 5407 riam
686 5345 1077 5420 reprcbendat,
1107 5352 1201 5400 aut
1228 5345 1494 5400 victorem
1529 5344 1841 5398 timiditatis
1873 5355 2089 5413 arguat,

585 5485 632 5520 ³³
659 5485 762 5540 Job
807 5499 845 5546 ι,
881 5481 998 5536 ﬁl.

516 5571 611 5621 xv,
644 5556 730 5610 16.

875 5667 976 5705 την

584 5666 658 5736 (9)
694 5667 776 5720 An
805 5667 976 5736 μιᾶςῖ

541 5801 551 5811 ι
587 5734 696 5802 (10)
727 5737 1019 5811 ἐκκλησίας
1045 5735 1185 5811 male
1220 5733 1440 5811 videtur
1475 5733 1640 5787 fuisse.
1678 5734 1729 5811 in
1765 5733 1952 5811 codice
1982 5732 2090 5811 Vti-

519 5802 712 5868 licano,
748 5819 778 5856 c
808 5802 916 5870 quo
964 5804 1150 5856 Latine
1191 5803 1452 5856 translata
1492 5811 1669 5856 exstat
1715 5803 1830 5857 lucc
1861 5802 2091 5873 epistola

1126 5481 1172 5512 ”
1203 5479 1497 5544 Homerus,
1553 5477 1714 5534 Iliad.
1777 5493 1882 5542 xvr,
1927 5475 2016 5530 25.

2121 5477 2166 5506 ’⁵
2192 5473 2361 5530 ICor.
2394 5490 2447 5541 ιι,
2484 5474 2570 5529 13.

2199 4610 2311 4678 Τὴν
2363 4609 2421 4661 δὲ
2467 4610 2564 4677 σὴν
2598 4609 2874 4676 φιλοθεῖαν
2911 4609 3218 4678 παρακαλῶ
3245 4610 3648 4681 ἐπιστομίζειν
3683 4611 3803 4670 τούς

2207 4699 2609 4769 μωμοσκόπους
2650 4700 2746 4752 καὶ
2777 4699 2987 4752 πείθειν
3021 4700 3095 4763 ὡς
3133 4701 3193 4752 οὐ
3226 4701 3336 4770 χρὴ
3369 4704 3509 4766 τοὺς
3555 4702 3664 4767 ἔξω
3699 4697 3803 4752 τῶν

2202 4789 2396 4858 βελῶν,
2427 4789 2488 4842 τὸ
2516 4789 2579 4858 δὴ
2616 4789 2924 4859 λεγόμενον,
2958 4793 3116 4855 ὄντας
3148 4792 3458 4858 σκώπτειν,
3494 4795 3575 4857 ὡς
3602 4794 3799 4855 ἔοικεν,

2199 4880 2324 4941 τοὺς
2361 4881 2900 4950 παραταττομένους,
2961 4883 3055 4934 καὶ
3098 4882 3477 4952 βαλλομένους
3525 4883 3626 4936 καὶ
3680 4881 3805 4952 βά).-

2200 4973 2410 5035 λοντας.
2453 4975 2516 5026 Τί
2565 4975 2672 5046 γὰρ
2715 4977 2962 5050 διαφέρει
3005 4977 3082 5047 τῷ
3120 4979 3310 5049 τοιῷδε
3361 4981 3527 5053 ὅπλῳ
3559 4982 3592 5052 ἢ
3621 4980 3806 5049 τοιῷδε

2198 5061 2289 5120 τὸν
2312 5064 2709 5136 ἀγωνιζόμενον
2738 5069 3062 5138 χρήσασθαι,
3097 5070 3188 5123 καὶ
3224 5071 3574 5123 καταϐαλεῖν
3605 5071 3698 5124 τὸν
3719 5071 3808 5123 ἀν·

2198 5156 2457 5224 τίπαλον;
2514 5158 2649 5210 Οὐδὲ
2681 5159 2790 5228 γὰρ
2834 5161 2862 5210 ὁ
2909 5160 3079 5230 μέγας
3116 5161 3278 5213 Δαὸὶδ
3311 5164 3642 5234 παντευχίᾳ
3680 5178 3810 5233 χρη-

2201 5251 2443 5319 σάμενος
2484 5253 2790 5321 κατήνεγκε
2832 5252 2940 5303 τῶν
2989 5253 3304 5321 ἀλλοφύλων
3345 5255 3446 5308 τὸν
3496 5256 3808 5326 πρόμαχον.

2211 5340 2269 5393 '0
2302 5339 2357 5392 δὲ
2389 5341 2624 5411 Σαμψὼν
2645 5341 2766 5394 ὄνου
2802 5344 3009 5411 σιαγόνι
3035 5346 3388 5416 χρησάμενος
3415 5346 3634 5417 χιλίους
3674 5343 3812 5398 κατὰ

2673 5475 2719 5506 ³⁸
2752 5474 2774 5528 Ι
2810 5475 2942 5547 Reg.
2987 5493 3117 5542 xvn,
3173 5477 3194 5530 l
3253 5491 3422 5550 seqq.
3530 5479 3579 5510 "
3628 5476 3807 5534 Judie.

2201 5661 2344 5786 ἓὲῗτι
2378 5663 2670 5718 Baronium
2705 5665 2904 5720 Annal.
2935 5667 3000 5721 ad
3032 5684 3082 5722 ιι.
3119 5667 3178 5722 C.
3205 5665 3334 5731 450,
3381 5676 3522 5724 toni.
3559 5670 3621 5736 ν,
3652 5684 3709 5744 p.
3731 5677 3814 5724 tu.
