  <div class='ocr_page' id='page_1' title='image "/cluster/home/n/w/nwhite01/storage/ocr_20150623/83:no.4/coo.31924054869841/604.png"; bbox 0 0 4056 6456; ppageno 0'>
   <div class='ocr_carea' id='block_1_1' title="bbox 379 405 505 472">
    <p class='ocr_par' dir='ltr' id='par_1_1' title="bbox 379 405 505 472">
     <span class='ocr_line' id='line_1_1' title="bbox 379 405 505 472; baseline 0.016 -2"><span class='ocrx_word' id='word_1_1' title='bbox 379 405 505 472; x_wconf 76' lang='grc'><strong>1193</strong></span> 
     </span>
    </p>
   </div>
   <div class='ocr_carea' id='block_1_2' title="bbox 1745 404 2301 466">
    <p class='ocr_par' dir='ltr' id='par_1_2' title="bbox 1745 404 2301 466">
     <span class='ocr_line' id='line_1_2' title="bbox 1745 404 2301 466; baseline -0.002 -1"><span class='ocrx_word' id='word_1_2' title='bbox 1745 404 2108 466; x_wconf 71' lang='lat' dir='ltr'><strong>EPISTULA</strong></span> <span class='ocrx_word' id='word_1_3' title='bbox 2148 404 2301 464; x_wconf 73' lang='lat' dir='ltr'><strong>XVI.</strong></span> 
     </span>
    </p>
   </div>
   <div class='ocr_carea' id='block_1_3' title="bbox 3504 405 3637 473">
    <p class='ocr_par' dir='ltr' id='par_1_3' title="bbox 3504 405 3637 473">
     <span class='ocr_line' id='line_1_3' title="bbox 3504 405 3637 473; baseline -0.015 0"><span class='ocrx_word' id='word_1_4' title='bbox 3504 405 3637 473; x_wconf 63' lang='lat' dir='ltr'><strong>H95.</strong></span> 
     </span>
    </p>
   </div>
   <div class='ocr_carea' id='block_1_4' title="bbox 372 516 1935 598">
    <p class='ocr_par' dir='ltr' id='par_1_4' title="bbox 372 516 1935 591">
     <span class='ocr_line' id='line_1_4' title="bbox 372 516 1935 591; baseline -0.004 -16"><span class='ocrx_word' id='word_1_5' title='bbox 372 520 558 575; x_wconf 66' lang='grc' dir='ltr'>ταυτὸν</span> <span class='ocrx_word' id='word_1_6' title='bbox 591 516 969 589; x_wconf 75' lang='grc' dir='ltr'><strong>κατηκόντισε.</strong></span> <span class='ocrx_word' id='word_1_7' title='bbox 1002 520 1112 574; x_wconf 78' lang='grc' dir='ltr'><strong>Καὶ</strong></span> <span class='ocrx_word' id='word_1_8' title='bbox 1140 517 1318 583; x_wconf 73' lang='grc' dir='ltr'>οὐδεὶς</span> <span class='ocrx_word' id='word_1_9' title='bbox 1364 520 1742 591; x_wconf 74' lang='grc' dir='ltr'>ἐπιμέμφεται</span> <span class='ocrx_word' id='word_1_10' title='bbox 1771 520 1836 590; x_wconf 79' lang='grc' dir='ltr'>τῇ</span> <span class='ocrx_word' id='word_1_11' title='bbox 1869 516 1935 571; x_wconf 80' lang='lat' dir='ltr'><strong>vi-</strong></span> 
     </span>
    </p>
   </div>
   <div class='ocr_carea' id='block_1_5' title="bbox 2039 516 3633 598">
    <p class='ocr_par' dir='ltr' id='par_1_5' title="bbox 2052 519 3633 598">
     <span class='ocr_line' id='line_1_5' title="bbox 2052 519 3633 598; baseline 0.006 -26"><span class='ocrx_word' id='word_1_12' title='bbox 2052 519 2203 588; x_wconf 89' lang='lat' dir='ltr'><strong>quod</strong></span> <span class='ocrx_word' id='word_1_13' title='bbox 2234 534 2343 574; x_wconf 89' lang='lat' dir='ltr'><strong>non</strong></span> <span class='ocrx_word' id='word_1_14' title='bbox 2379 520 2588 574; x_wconf 86' lang='lat' dir='ltr'><strong>hastam</strong></span> <span class='ocrx_word' id='word_1_15' title='bbox 2623 519 2899 591; x_wconf 89' lang='lat' dir='ltr'><strong>quatiens,</strong></span> <span class='ocrx_word' id='word_1_16' title='bbox 2932 521 3295 596; x_wconf 80' lang='lat' dir='ltr'><strong>clypeumque</strong></span> <span class='ocrx_word' id='word_1_17' title='bbox 3324 528 3633 598; x_wconf 63' lang='lat' dir='ltr'><strong>obiectans,</strong></span> 
     </span>
    </p>
   </div>
   <div class='ocr_carea' id='block_1_6' title="bbox 372 608 1948 687">
    <p class='ocr_par' dir='ltr' id='par_1_6' title="bbox 372 608 1948 687">
     <span class='ocr_line' id='line_1_6' title="bbox 372 608 1948 687; baseline -0.003 -20"><span class='ocrx_word' id='word_1_18' title='bbox 372 629 457 687; x_wconf 81' lang='grc' dir='ltr'>κῃ,</span> <span class='ocrx_word' id='word_1_19' title='bbox 500 610 624 665; x_wconf 76' lang='grc' dir='ltr'>οῦδὲ</span> <span class='ocrx_word' id='word_1_20' title='bbox 677 610 879 665; x_wconf 83' lang='grc' dir='ltr'>δειλίαν</span> <span class='ocrx_word' id='word_1_21' title='bbox 920 610 1017 665; x_wconf 90' lang='grc' dir='ltr'><strong>τοῦ</strong></span> <span class='ocrx_word' id='word_1_22' title='bbox 1066 609 1339 683; x_wconf 78' lang='grc' dir='ltr'><strong>ἀριστέως</strong></span> <span class='ocrx_word' id='word_1_23' title='bbox 1381 612 1701 683; x_wconf 87' lang='grc' dir='ltr'>κατηγορεῖ,</span> <span class='ocrx_word' id='word_1_24' title='bbox 1749 610 1831 664; x_wconf 80' lang='grc' dir='ltr'>ὅτι</span> <span class='ocrx_word' id='word_1_25' title='bbox 1872 608 1948 681; x_wconf 79' lang='grc' dir='ltr'>μὴ</span> 
     </span>
    </p>
   </div>
   <div class='ocr_carea' id='block_1_7' title="bbox 370 700 1947 776">
    <p class='ocr_par' dir='ltr' id='par_1_7' title="bbox 370 700 1947 776">
     <span class='ocr_line' id='line_1_7' title="bbox 370 700 1947 776; baseline -0.004 -17"><span class='ocrx_word' id='word_1_26' title='bbox 370 705 492 776; x_wconf 85' lang='grc' dir='ltr'>δόρυ</span> <span class='ocrx_word' id='word_1_27' title='bbox 515 703 706 766; x_wconf 85' lang='grc' dir='ltr'>κινῶν,</span> <span class='ocrx_word' id='word_1_28' title='bbox 734 704 832 758; x_wconf 76' lang='grc' dir='ltr'>καὶ</span> <span class='ocrx_word' id='word_1_29' title='bbox 848 702 947 767; x_wconf 77' lang='grc' dir='ltr'>τὴν</span> <span class='ocrx_word' id='word_1_30' title='bbox 969 702 1172 757; x_wconf 78' lang='grc' dir='ltr'>ἀσπίδα</span> <span class='ocrx_word' id='word_1_31' title='bbox 1195 702 1659 775; x_wconf 89' lang='grc' dir='ltr'>προϐαλλόμενος,</span> <span class='ocrx_word' id='word_1_32' title='bbox 1688 703 1782 756; x_wconf 71' lang='grc' dir='ltr'>καὶ</span> <span class='ocrx_word' id='word_1_33' title='bbox 1815 700 1947 753; x_wconf 90' lang='grc' dir='ltr'>πολ-</span> 
     </span>
    </p>
   </div>
   <div class='ocr_carea' id='block_1_8' title="bbox 370 792 1950 868">
    <p class='ocr_par' dir='ltr' id='par_1_8' title="bbox 370 792 1950 868">
     <span class='ocr_line' id='line_1_8' title="bbox 370 792 1950 868; baseline -0.003 -18"><span class='ocrx_word' id='word_1_34' title='bbox 370 796 433 852; x_wconf 80' lang='grc' dir='ltr'>λὰ</span> <span class='ocrx_word' id='word_1_35' title='bbox 482 796 809 861; x_wconf 88' lang='grc' dir='ltr'>ἀκοντίζων,</span> <span class='ocrx_word' id='word_1_36' title='bbox 846 797 881 868; x_wconf 74' lang='grc' dir='ltr'>ἢ</span> <span class='ocrx_word' id='word_1_37' title='bbox 912 795 1046 862; x_wconf 79' lang='grc' dir='ltr'>τόξα</span> <span class='ocrx_word' id='word_1_38' title='bbox 1077 795 1290 860; x_wconf 90' lang='grc' dir='ltr'>τείνων,</span> <span class='ocrx_word' id='word_1_39' title='bbox 1324 796 1450 860; x_wconf 84' lang='grc' dir='ltr'>τοὺς</span> <span class='ocrx_word' id='word_1_40' title='bbox 1474 794 1805 858; x_wconf 83' lang='grc' dir='ltr'>ἀντιπάλους</span> <span class='ocrx_word' id='word_1_41' title='bbox 1840 792 1950 847; x_wconf 87' lang='grc' dir='ltr'>ἐνί-</span> 
     </span>
    </p>
   </div>
   <div class='ocr_carea' id='block_1_9' title="bbox 369 881 1948 958">
    <p class='ocr_par' dir='ltr' id='par_1_9' title="bbox 369 881 1948 958">
     <span class='ocr_line' id='line_1_9' title="bbox 369 881 1948 958; baseline -0.004 -18"><span class='ocrx_word' id='word_1_42' title='bbox 369 903 532 958; x_wconf 83' lang='grc' dir='ltr'>κησεν</span> <span class='ocrx_word' id='word_1_43' title='bbox 559 883 694 958; x_wconf 76' lang='lat' dir='ltr'><strong>(li).</strong></span> <span class='ocrx_word' id='word_1_44' title='bbox 719 884 877 940; x_wconf 76' lang='grc' dir='ltr'>Οὕτω</span> <span class='ocrx_word' id='word_1_45' title='bbox 902 882 1195 956; x_wconf 78' lang='grc' dir='ltr'>τοιγαροῦν</span> <span class='ocrx_word' id='word_1_46' title='bbox 1214 883 1312 938; x_wconf 76' lang='grc' dir='ltr'>καὶ</span> <span class='ocrx_word' id='word_1_47' title='bbox 1328 884 1456 945; x_wconf 78' lang='grc' dir='ltr'>τοὺς</span> <span class='ocrx_word' id='word_1_48' title='bbox 1484 881 1628 955; x_wconf 83' lang='grc' dir='ltr'>ὑπὲρ</span> <span class='ocrx_word' id='word_1_49' title='bbox 1661 882 1761 954; x_wconf 79' lang='grc' dir='ltr'>τῆς</span> <span class='ocrx_word' id='word_1_50' title='bbox 1791 882 1948 936; x_wconf 82' lang='grc' dir='ltr'>εύσε-</span> 
     </span>
    </p>
   </div>
   <div class='ocr_carea' id='block_1_10' title="bbox 371 971 1947 1063">
    <p class='ocr_par' dir='ltr' id='par_1_10' title="bbox 371 971 1947 1063">
     <span class='ocr_line' id='line_1_10' title="bbox 371 971 1947 1063; baseline -0.004 -31"><span class='ocrx_word' id='word_1_51' title='bbox 371 978 518 1063; x_wconf 61' lang='grc' dir='ltr'>ϐξίας</span> <span class='ocrx_word' id='word_1_52' title='bbox 565 975 1011 1047; x_wconf 79' lang='grc' dir='ltr'>ἀγωνιζομένους</span> <span class='ocrx_word' id='word_1_53' title='bbox 1056 974 1335 1042; x_wconf 70' lang='grc' dir='ltr'>ἐξετάζειν</span> <span class='ocrx_word' id='word_1_54' title='bbox 1360 974 1489 1046; x_wconf 80' lang='grc' dir='ltr'>χρὴ,</span> <span class='ocrx_word' id='word_1_55' title='bbox 1521 973 1616 1028; x_wconf 76' lang='grc' dir='ltr'>καὶ</span> <span class='ocrx_word' id='word_1_56' title='bbox 1657 971 1733 1046; x_wconf 81' lang='grc' dir='ltr'>μὴ</span> <span class='ocrx_word' id='word_1_57' title='bbox 1763 972 1947 1045; x_wconf 84' lang='grc' dir='ltr'>ζητεῖν</span> 
     </span>
    </p>
   </div>
   <div class='ocr_carea' id='block_1_11' title="bbox 368 1066 1946 1141">
    <p class='ocr_par' dir='ltr' id='par_1_11' title="bbox 368 1066 1946 1141">
     <span class='ocr_line' id='line_1_11' title="bbox 368 1066 1946 1141; baseline -0.003 -16"><span class='ocrx_word' id='word_1_58' title='bbox 368 1070 607 1141; x_wconf 78' lang='grc' dir='ltr'>ὀνόματα</span> <span class='ocrx_word' id='word_1_59' title='bbox 640 1067 740 1140; x_wconf 85' lang='grc' dir='ltr'>τὴν</span> <span class='ocrx_word' id='word_1_60' title='bbox 791 1068 908 1138; x_wconf 70' lang='grc' dir='ltr'>ἔριν</span> <span class='ocrx_word' id='word_1_61' title='bbox 951 1067 1260 1139; x_wconf 85' lang='grc' dir='ltr'>ἐγείροντα,</span> <span class='ocrx_word' id='word_1_62' title='bbox 1292 1067 1409 1122; x_wconf 85' lang='grc' dir='ltr'>ἀλλ’</span> <span class='ocrx_word' id='word_1_63' title='bbox 1458 1066 1824 1139; x_wconf 77' lang='grc' dir='ltr'>ἐνθυμήματα</span> <span class='ocrx_word' id='word_1_64' title='bbox 1849 1084 1946 1121; x_wconf 90' lang='grc' dir='ltr'>σα-</span> 
     </span>
    </p>
   </div>
   <div class='ocr_carea' id='block_1_12' title="bbox 369 1158 1946 1234">
    <p class='ocr_par' dir='ltr' id='par_1_12' title="bbox 369 1158 1946 1234">
     <span class='ocr_line' id='line_1_12' title="bbox 369 1158 1946 1234; baseline -0.003 -18"><span class='ocrx_word' id='word_1_65' title='bbox 369 1163 481 1234; x_wconf 74' lang='grc' dir='ltr'>φῶς</span> <span class='ocrx_word' id='word_1_66' title='bbox 512 1160 860 1234; x_wconf 78' lang='grc' dir='ltr'>κηρύττοντά</span> <span class='ocrx_word' id='word_1_67' title='bbox 890 1159 990 1233; x_wconf 81' lang='grc' dir='ltr'>τὴν</span> <span class='ocrx_word' id='word_1_68' title='bbox 1024 1161 1312 1233; x_wconf 82' lang='grc' dir='ltr'>ἀλήθειαν,</span> <span class='ocrx_word' id='word_1_69' title='bbox 1343 1159 1439 1214; x_wconf 61' lang='grc' dir='ltr'><strong>καὶ⁵</strong></span> <span class='ocrx_word' id='word_1_70' title='bbox 1463 1160 1593 1224; x_wconf 84' lang='grc' dir='ltr'>τοὺς</span> <span class='ocrx_word' id='word_1_71' title='bbox 1628 1158 1946 1213; x_wconf 77' lang='grc' dir='ltr'>ἀντιτείνειν</span> 
     </span>
    </p>
   </div>
   <div class='ocr_carea' id='block_1_13' title="bbox 367 1245 1946 1324">
    <p class='ocr_par' dir='ltr' id='par_1_13' title="bbox 367 1245 1946 1324">
     <span class='ocr_line' id='line_1_13' title="bbox 367 1245 1946 1324; baseline -0.003 -17"><span class='ocrx_word' id='word_1_72' title='bbox 367 1252 684 1324; x_wconf 78' lang='grc' dir='ltr'>τολμῶντας</span> <span class='ocrx_word' id='word_1_73' title='bbox 713 1245 979 1323; x_wconf 78' lang='grc' dir='ltr'>αἰσχύνης</span> <span class='ocrx_word' id='word_1_74' title='bbox 998 1251 1450 1322; x_wconf 85' lang='grc' dir='ltr'>ἀναπιμπλάντα.</span> <span class='ocrx_word' id='word_1_75' title='bbox 1478 1249 1544 1303; x_wconf 88' lang='grc' dir='ltr'>Τί</span> <span class='ocrx_word' id='word_1_76' title='bbox 1572 1248 1680 1320; x_wconf 81' lang='grc' dir='ltr'><strong>γὰρ</strong></span> <span class='ocrx_word' id='word_1_77' title='bbox 1698 1249 1946 1321; x_wconf 68' lang='grc' dir='ltr'>διαφέρει</span> 
     </span>
    </p>
   </div>
   <div class='ocr_carea' id='block_1_14' title="bbox 362 1340 1947 1417">
    <p class='ocr_par' dir='ltr' id='par_1_14' title="bbox 362 1340 1947 1417">
     <span class='ocr_line' id='line_1_14' title="bbox 362 1340 1947 1417; baseline -0.003 -17"><span class='ocrx_word' id='word_1_78' title='bbox 362 1346 458 1400; x_wconf 87' lang='grc' dir='ltr'><strong>ἀνθ</strong></span> <span class='ocrx_word' id='word_1_79' title='bbox 468 1345 777 1417; x_wconf 86' lang='grc' dir='ltr'>ρωποτόκον</span> <span class='ocrx_word' id='word_1_80' title='bbox 802 1343 940 1414; x_wconf 87' lang='grc' dir='ltr'>ὁμοῦ</span> <span class='ocrx_word' id='word_1_81' title='bbox 962 1344 1057 1398; x_wconf 77' lang='grc' dir='ltr'>καὶ</span> <span class='ocrx_word' id='word_1_82' title='bbox 1088 1342 1347 1397; x_wconf 83' lang='grc' dir='ltr'>Θεοτόκον</span> <span class='ocrx_word' id='word_1_83' title='bbox 1366 1341 1636 1413; x_wconf 76' lang='grc' dir='ltr'>ὀνομάσαι</span> <span class='ocrx_word' id='word_1_84' title='bbox 1661 1342 1760 1407; x_wconf 87' lang='grc' dir='ltr'>τὴν</span> <span class='ocrx_word' id='word_1_85' title='bbox 1785 1340 1947 1410; x_wconf 85' lang='grc' dir='ltr'>ἁγίαν</span> 
     </span>
    </p>
   </div>
   <div class='ocr_carea' id='block_1_15' title="bbox 364 1428 1945 1504">
    <p class='ocr_par' dir='ltr' id='par_1_15' title="bbox 364 1428 1945 1504">
     <span class='ocr_line' id='line_1_15' title="bbox 364 1428 1945 1504; baseline -0.003 -17"><span class='ocrx_word' id='word_1_86' title='bbox 364 1431 662 1504; x_wconf 85' lang='grc' dir='ltr'>Παρθένον,</span> <span class='ocrx_word' id='word_1_87' title='bbox 693 1431 728 1503; x_wconf 83' lang='grc' dir='ltr'>ἦ</span> <span class='ocrx_word' id='word_1_88' title='bbox 773 1428 997 1485; x_wconf 84' lang='grc' dir='ltr'>καλέσαι</span> <span class='ocrx_word' id='word_1_89' title='bbox 1029 1431 1200 1502; x_wconf 71' lang='grc' dir='ltr'>αὐτὴν</span> <span class='ocrx_word' id='word_1_90' title='bbox 1257 1430 1353 1485; x_wconf 87' lang='grc' dir='ltr'><strong>τοῦ</strong></span> <span class='ocrx_word' id='word_1_91' title='bbox 1409 1429 1699 1502; x_wconf 80' lang='grc' dir='ltr'>τεχθέντος</span> <span class='ocrx_word' id='word_1_92' title='bbox 1731 1429 1945 1502; x_wconf 80' lang='grc' dir='ltr'>μητέρα</span> 
     </span>
    </p>
   </div>
   <div class='ocr_carea' id='block_1_16' title="bbox 363 1521 1945 1594">
    <p class='ocr_par' dir='ltr' id='par_1_16' title="bbox 363 1521 1945 1594">
     <span class='ocr_line' id='line_1_16' title="bbox 363 1521 1945 1594; baseline 0.004 -15"><span class='ocrx_word' id='word_1_93' title='bbox 363 1526 454 1579; x_wconf 66' lang='grc' dir='ltr'><strong>καὶ</strong></span> <span class='ocrx_word' id='word_1_94' title='bbox 482 1524 698 1594; x_wconf 85' lang='grc' dir='ltr'>δούλην,</span> <span class='ocrx_word' id='word_1_95' title='bbox 732 1523 826 1578; x_wconf 77' lang='grc' dir='ltr'>καὶ</span> <span class='ocrx_word' id='word_1_96' title='bbox 868 1525 1194 1593; x_wconf 77' lang='grc' dir='ltr'>ἐπαγαγεῖν,</span> <span class='ocrx_word' id='word_1_97' title='bbox 1218 1525 1301 1577; x_wconf 79' lang='grc' dir='ltr'>ὅτι</span> <span class='ocrx_word' id='word_1_98' title='bbox 1333 1523 1520 1594; x_wconf 82' lang='grc' dir='ltr'>μήτηρ</span> <span class='ocrx_word' id='word_1_99' title='bbox 1557 1521 1660 1594; x_wconf 82' lang='grc' dir='ltr'>μὲν</span> <span class='ocrx_word' id='word_1_100' title='bbox 1695 1521 1843 1576; x_wconf 81' lang='grc' dir='ltr'>ἔστιν</span> <span class='ocrx_word' id='word_1_101' title='bbox 1869 1522 1945 1587; x_wconf 77' lang='grc' dir='ltr'><strong>ὡς</strong></span> 
     </span>
    </p>
   </div>
   <div class='ocr_carea' id='block_1_17' title="bbox 361 1614 1943 1689">
    <p class='ocr_par' dir='ltr' id='par_1_17' title="bbox 361 1614 1943 1689">
     <span class='ocr_line' id='line_1_17' title="bbox 361 1614 1943 1689; baseline -0.003 -17"><span class='ocrx_word' id='word_1_102' title='bbox 361 1616 649 1689; x_wconf 82' lang='grc' dir='ltr'>ἀνθρώπου</span> <span class='ocrx_word' id='word_1_103' title='bbox 700 1615 795 1670; x_wconf 91' lang='grc' dir='ltr'><strong>τοῦ</strong></span> <span class='ocrx_word' id='word_1_104' title='bbox 836 1617 1040 1688; x_wconf 79' lang='grc' dir='ltr'>Κυρίου</span> <span class='ocrx_word' id='word_1_105' title='bbox 1085 1616 1242 1688; x_wconf 84' lang='grc' dir='ltr'>ἡμῶν</span> <span class='ocrx_word' id='word_1_106' title='bbox 1278 1615 1453 1685; x_wconf 81' lang='grc' dir='ltr'>Ἰησοῦ</span> <span class='ocrx_word' id='word_1_107' title='bbox 1482 1614 1744 1687; x_wconf 82' lang='grc' dir='ltr'>Χριστοῦ,</span> <span class='ocrx_word' id='word_1_108' title='bbox 1777 1614 1943 1686; x_wconf 85' lang='grc' dir='ltr'>δούλη</span> 
     </span>
    </p>
   </div>
   <div class='ocr_carea' id='block_1_18' title="bbox 359 1707 1941 1781">
    <p class='ocr_par' dir='ltr' id='par_1_18' title="bbox 359 1707 1941 1781">
     <span class='ocr_line' id='line_1_18' title="bbox 359 1707 1941 1781; baseline -0.003 -18"><span class='ocrx_word' id='word_1_109' title='bbox 359 1710 417 1764; x_wconf 86' lang='grc' dir='ltr'><strong>δέ</strong></span> <span class='ocrx_word' id='word_1_110' title='bbox 444 1709 519 1774; x_wconf 82' lang='grc' dir='ltr'><strong>ὡς</strong></span> <span class='ocrx_word' id='word_1_111' title='bbox 545 1709 703 1774; x_wconf 82' lang='grc' dir='ltr'>Θεοῦ,</span> <span class='ocrx_word' id='word_1_112' title='bbox 738 1709 835 1762; x_wconf 64' lang='grc' dir='ltr'><strong>καλ⁸</strong></span> <span class='ocrx_word' id='word_1_113' title='bbox 862 1708 961 1780; x_wconf 83' lang='grc' dir='ltr'>τὴν</span> <span class='ocrx_word' id='word_1_114' title='bbox 1010 1708 1110 1781; x_wconf 80' lang='grc' dir='ltr'>μὲν</span> <span class='ocrx_word' id='word_1_115' title='bbox 1141 1707 1418 1779; x_wconf 80' lang='grc' dir='ltr'>πρόφασιν</span> <span class='ocrx_word' id='word_1_116' title='bbox 1458 1707 1830 1777; x_wconf 80' lang='grc' dir='ltr'>συκοφαντίας</span> <span class='ocrx_word' id='word_1_117' title='bbox 1861 1723 1941 1760; x_wconf 90' lang='grc' dir='ltr'>σι-</span> 
     </span>
    </p>
   </div>
   <div class='ocr_carea' id='block_1_19' title="bbox 361 1800 1940 1874">
    <p class='ocr_par' dir='ltr' id='par_1_19' title="bbox 361 1800 1940 1874">
     <span class='ocr_line' id='line_1_19' title="bbox 361 1800 1940 1874; baseline -0.018 1"><span class='ocrx_word' id='word_1_118' title='bbox 361 1803 529 1874; x_wconf 73' lang='grc' dir='ltr'><strong>ῒῆσαι</strong></span> <span class='ocrx_word' id='word_1_119' title='bbox 551 1800 687 1873; x_wconf 66' lang='grc' dir='ltr'><strong>(ίῖ),</strong></span> <span class='ocrx_word' id='word_1_120' title='bbox 720 1800 820 1874; x_wconf 82' lang='grc' dir='ltr'>τὴν</span> <span class='ocrx_word' id='word_1_121' title='bbox 853 1800 1023 1874; x_wconf 70' lang='grc' dir='ltr'>αὐτὴν</span> <span class='ocrx_word' id='word_1_122' title='bbox 1052 1802 1109 1856; x_wconf 77' lang='grc' dir='ltr'><strong>δέ</strong></span> <span class='ocrx_word' id='word_1_123' title='bbox 1153 1802 1319 1872; x_wconf 74' lang='grc' dir='ltr'>φάναι</span> <span class='ocrx_word' id='word_1_124' title='bbox 1351 1800 1610 1864; x_wconf 85' lang='grc' dir='ltr'>διάνοιαν,</span> <span class='ocrx_word' id='word_1_125' title='bbox 1644 1800 1808 1873; x_wconf 71' lang='grc' dir='ltr'>ἑτέρᾳ</span> <span class='ocrx_word' id='word_1_126' title='bbox 1851 1816 1940 1853; x_wconf 84' lang='grc' dir='ltr'>κε-</span> 
     </span>
    </p>
   </div>
   <div class='ocr_carea' id='block_1_20' title="bbox 2056 610 3636 684">
    <p class='ocr_par' dir='ltr' id='par_1_20' title="bbox 2056 610 3636 684">
     <span class='ocr_line' id='line_1_20' title="bbox 2056 610 3636 684; baseline 0.006 -19"><span class='ocrx_word' id='word_1_127' title='bbox 2056 619 2113 665; x_wconf 90' lang='lat' dir='ltr'><strong>ct</strong></span> <span class='ocrx_word' id='word_1_128' title='bbox 2167 610 2362 665; x_wconf 88' lang='lat' dir='ltr'><strong>crebra</strong></span> <span class='ocrx_word' id='word_1_129' title='bbox 2402 612 2583 682; x_wconf 86' lang='lat' dir='ltr'><strong>jacula</strong></span> <span class='ocrx_word' id='word_1_130' title='bbox 2627 612 2949 684; x_wconf 83' lang='lat' dir='ltr'><strong>conjiciens,</strong></span> <span class='ocrx_word' id='word_1_131' title='bbox 2998 616 3083 671; x_wconf 97' lang='lat' dir='ltr'><strong>vel</strong></span> <span class='ocrx_word' id='word_1_132' title='bbox 3136 632 3297 674; x_wconf 86' lang='lat' dir='ltr'><strong>arcus</strong></span> <span class='ocrx_word' id='word_1_133' title='bbox 3345 619 3636 675; x_wconf 86' lang='lat' dir='ltr'><strong>intendens</strong></span> 
     </span>
    </p>
   </div>
   <div class='ocr_carea' id='block_1_21' title="bbox 2055 699 3635 779">
    <p class='ocr_par' dir='ltr' id='par_1_21' title="bbox 2055 699 3635 779">
     <span class='ocr_line' id='line_1_21' title="bbox 2055 699 3635 779; baseline 0.004 -24"><span class='ocrx_word' id='word_1_134' title='bbox 2055 699 2242 756; x_wconf 91' lang='lat' dir='ltr'><strong>hostes</strong></span> <span class='ocrx_word' id='word_1_135' title='bbox 2270 701 2566 771; x_wconf 88' lang='lat' dir='ltr'><strong>superarit.</strong></span> <span class='ocrx_word' id='word_1_136' title='bbox 2598 702 2689 758; x_wconf 88' lang='lat' dir='ltr'><strong>Sic</strong></span> <span class='ocrx_word' id='word_1_137' title='bbox 2734 704 2902 774; x_wconf 89' lang='lat' dir='ltr'><strong>igitur</strong></span> <span class='ocrx_word' id='word_1_138' title='bbox 2924 714 2981 761; x_wconf 93' lang='lat' dir='ltr'><strong>et</strong></span> <span class='ocrx_word' id='word_1_139' title='bbox 3006 705 3130 761; x_wconf 91' lang='lat' dir='ltr'><strong>illos</strong></span> <span class='ocrx_word' id='word_1_140' title='bbox 3160 707 3255 777; x_wconf 87' lang='lat' dir='ltr'><strong>qui</strong></span> <span class='ocrx_word' id='word_1_141' title='bbox 3295 724 3396 779; x_wconf 90' lang='lat' dir='ltr'><strong>pro</strong></span> <span class='ocrx_word' id='word_1_142' title='bbox 3431 708 3635 778; x_wconf 88' lang='lat' dir='ltr'><strong>pietate</strong></span> 
     </span>
    </p>
   </div>
   <div class='ocr_carea' id='block_1_22' title="bbox 2054 792 3633 870">
    <p class='ocr_par' dir='ltr' id='par_1_22' title="bbox 2054 792 3633 870">
     <span class='ocr_line' id='line_1_22' title="bbox 2054 792 3633 870; baseline 0.005 -24"><span class='ocrx_word' id='word_1_143' title='bbox 2054 793 2322 848; x_wconf 81' lang='lat' dir='ltr'><strong>dimicant</strong></span> <span class='ocrx_word' id='word_1_144' title='bbox 2354 792 2591 864; x_wconf 85' lang='lat' dir='ltr'><strong>judicari</strong></span> <span class='ocrx_word' id='word_1_145' title='bbox 2629 803 2871 866; x_wconf 84' lang='lat' dir='ltr'><strong>oportet,</strong></span> <span class='ocrx_word' id='word_1_146' title='bbox 2911 813 3015 853; x_wconf 89' lang='lat' dir='ltr'><strong>nec</strong></span> <span class='ocrx_word' id='word_1_147' title='bbox 3052 798 3317 855; x_wconf 80' lang='lat' dir='ltr'><strong>vocabula</strong></span> <span class='ocrx_word' id='word_1_148' title='bbox 3361 816 3633 870; x_wconf 80' lang='lat' dir='ltr'><strong>quaerere,</strong></span> 
     </span>
    </p>
   </div>
   <div class='ocr_carea' id='block_1_23' title="bbox 2054 887 3636 962">
    <p class='ocr_par' dir='ltr' id='par_1_23' title="bbox 2054 887 3636 962">
     <span class='ocr_line' id='line_1_23' title="bbox 2054 887 3636 962; baseline 0.004 -22"><span class='ocrx_word' id='word_1_149' title='bbox 2054 902 2179 956; x_wconf 67' lang='lat' dir='ltr'><strong>qua:</strong></span> <span class='ocrx_word' id='word_1_150' title='bbox 2211 887 2620 942; x_wconf 85' lang='lat' dir='ltr'><strong>contentionem</strong></span> <span class='ocrx_word' id='word_1_151' title='bbox 2647 888 2945 954; x_wconf 88' lang='lat' dir='ltr'><strong>suscitent,</strong></span> <span class='ocrx_word' id='word_1_152' title='bbox 2993 889 3091 945; x_wconf 90' lang='lat' dir='ltr'><strong>sed</strong></span> <span class='ocrx_word' id='word_1_153' title='bbox 3125 892 3636 962; x_wconf 73' lang='lat' dir='ltr'><strong>argumentationes</strong></span> 
     </span>
    </p>
   </div>
   <div class='ocr_carea' id='block_1_24' title="bbox 2054 978 3632 1051">
    <p class='ocr_par' dir='ltr' id='par_1_24' title="bbox 2054 978 3632 1051">
     <span class='ocr_line' id='line_1_24' title="bbox 2054 978 3632 1051; baseline 0.003 -18"><span class='ocrx_word' id='word_1_154' title='bbox 2054 995 2176 1049; x_wconf 69' lang='lat' dir='ltr'><strong>quae</strong></span> <span class='ocrx_word' id='word_1_155' title='bbox 2202 978 2489 1034; x_wconf 81' lang='lat' dir='ltr'><strong>veritatem</strong></span> <span class='ocrx_word' id='word_1_156' title='bbox 2527 980 2742 1049; x_wconf 90' lang='lat' dir='ltr'><strong>liquido</strong></span> <span class='ocrx_word' id='word_1_157' title='bbox 2764 982 3101 1051; x_wconf 80' lang='lat' dir='ltr'><strong>exprimant,</strong></span> <span class='ocrx_word' id='word_1_158' title='bbox 3140 991 3189 1036; x_wconf 81' lang='lat' dir='ltr'><strong>et</strong></span> <span class='ocrx_word' id='word_1_159' title='bbox 3237 983 3498 1038; x_wconf 78' lang='lat' dir='ltr'><strong>rcluctari</strong></span> <span class='ocrx_word' id='word_1_160' title='bbox 3531 999 3632 1037; x_wconf 34' lang='lat' dir='ltr'><strong>aus</strong></span> 
     </span>
    </p>
   </div>
   <div class='ocr_carea' id='block_1_25' title="bbox 2054 1068 3632 1136">
    <p class='ocr_par' dir='ltr' id='par_1_25' title="bbox 2054 1068 3632 1136">
     <span class='ocr_line' id='line_1_25' title="bbox 2054 1068 3632 1136; baseline 0.001 -12"><span class='ocrx_word' id='word_1_161' title='bbox 2054 1069 2249 1124; x_wconf 84' lang='lat' dir='ltr'><strong>dentes</strong></span> <span class='ocrx_word' id='word_1_162' title='bbox 2284 1068 2489 1123; x_wconf 89' lang='lat' dir='ltr'><strong>rubore</strong></span> <span class='ocrx_word' id='word_1_163' title='bbox 2528 1069 2870 1125; x_wconf 73' lang='lat' dir='ltr'><strong>suﬂ&#39;undant.</strong></span> <span class='ocrx_word' id='word_1_164' title='bbox 2899 1070 3041 1136; x_wconf 83' lang='lat' dir='ltr'><strong>Quid</strong></span> <span class='ocrx_word' id='word_1_165' title='bbox 3084 1070 3233 1126; x_wconf 90' lang='lat' dir='ltr'><strong>enim</strong></span> <span class='ocrx_word' id='word_1_166' title='bbox 3279 1071 3380 1127; x_wconf 84' lang='lat' dir='ltr'><strong>ista</strong></span> <span class='ocrx_word' id='word_1_167' title='bbox 3422 1073 3632 1127; x_wconf 79' lang='lat' dir='ltr'><strong>discre-</strong></span> 
     </span>
    </p>
   </div>
   <div class='ocr_carea' id='block_1_26' title="bbox 2054 1159 3633 1233">
    <p class='ocr_par' dir='ltr' id='par_1_26' title="bbox 2054 1159 3633 1233">
     <span class='ocr_line' id='line_1_26' title="bbox 2054 1159 3633 1233; baseline 0.001 -19"><span class='ocrx_word' id='word_1_168' title='bbox 2054 1169 2207 1231; x_wconf 88' lang='lat' dir='ltr'><strong>pant,</strong></span> <span class='ocrx_word' id='word_1_169' title='bbox 2255 1159 2660 1231; x_wconf 85' lang='lat' dir='ltr'><strong>hominiparam</strong></span> <span class='ocrx_word' id='word_1_170' title='bbox 2706 1161 2871 1216; x_wconf 87' lang='lat' dir='ltr'><strong>simul</strong></span> <span class='ocrx_word' id='word_1_171' title='bbox 2924 1178 2990 1216; x_wconf 91' lang='lat' dir='ltr'><strong>ac</strong></span> <span class='ocrx_word' id='word_1_172' title='bbox 3033 1162 3323 1232; x_wconf 87' lang='lat' dir='ltr'><strong>Deiparam</strong></span> <span class='ocrx_word' id='word_1_173' title='bbox 3362 1162 3633 1233; x_wconf 81' lang='lat' dir='ltr'><strong>virginem</strong></span> 
     </span>
    </p>
   </div>
   <div class='ocr_carea' id='block_1_27' title="bbox 2052 1251 3634 1321">
    <p class='ocr_par' dir='ltr' id='par_1_27' title="bbox 2052 1251 3634 1321">
     <span class='ocr_line' id='line_1_27' title="bbox 2052 1251 3634 1321; baseline -0.001 -14"><span class='ocrx_word' id='word_1_174' title='bbox 2052 1259 2297 1307; x_wconf 85' lang='lat' dir='ltr'><strong>sanctam</strong></span> <span class='ocrx_word' id='word_1_175' title='bbox 2332 1253 2632 1321; x_wconf 87' lang='lat' dir='ltr'><strong>appellare,</strong></span> <span class='ocrx_word' id='word_1_176' title='bbox 2675 1260 2771 1307; x_wconf 91' lang='lat' dir='ltr'><strong>aut</strong></span> <span class='ocrx_word' id='word_1_177' title='bbox 2820 1266 3018 1308; x_wconf 90' lang='lat' dir='ltr'><strong>vocare</strong></span> <span class='ocrx_word' id='word_1_178' title='bbox 3058 1252 3206 1306; x_wconf 84' lang='lat' dir='ltr'><strong>illam</strong></span> <span class='ocrx_word' id='word_1_179' title='bbox 3233 1251 3355 1306; x_wconf 85' lang='lat' dir='ltr'><strong>Filii</strong></span> <span class='ocrx_word' id='word_1_180' title='bbox 3402 1260 3634 1306; x_wconf 83' lang='lat' dir='ltr'><strong>matrem</strong></span> 
     </span>
    </p>
   </div>
   <div class='ocr_carea' id='block_1_28' title="bbox 2049 1342 3633 1414">
    <p class='ocr_par' dir='ltr' id='par_1_28' title="bbox 2049 1342 3633 1414">
     <span class='ocr_line' id='line_1_28' title="bbox 2049 1342 3633 1414; baseline -0.001 -16"><span class='ocrx_word' id='word_1_181' title='bbox 2049 1351 2216 1414; x_wconf 88' lang='lat' dir='ltr'><strong>atque</strong></span> <span class='ocrx_word' id='word_1_182' title='bbox 2240 1343 2518 1409; x_wconf 82' lang='lat' dir='ltr'><strong>ancillam,</strong></span> <span class='ocrx_word' id='word_1_183' title='bbox 2551 1352 2609 1398; x_wconf 89' lang='lat' dir='ltr'><strong>et</strong></span> <span class='ocrx_word' id='word_1_184' title='bbox 2635 1344 2861 1409; x_wconf 87' lang='lat' dir='ltr'><strong>addere,</strong></span> <span class='ocrx_word' id='word_1_185' title='bbox 2895 1352 3127 1399; x_wconf 86' lang='lat' dir='ltr'><strong>matrem</strong></span> <span class='ocrx_word' id='word_1_186' title='bbox 3155 1342 3379 1412; x_wconf 88' lang='lat' dir='ltr'><strong>quidem</strong></span> <span class='ocrx_word' id='word_1_187' title='bbox 3402 1358 3546 1408; x_wconf 88' lang='lat' dir='ltr'><strong>esse,</strong></span> <span class='ocrx_word' id='word_1_188' title='bbox 3576 1352 3633 1397; x_wconf 88' lang='lat' dir='ltr'><strong>ut</strong></span> 
     </span>
    </p>
   </div>
   <div class='ocr_carea' id='block_1_29' title="bbox 2052 1434 3631 1500">
    <p class='ocr_par' dir='ltr' id='par_1_29' title="bbox 2052 1434 3631 1500">
     <span class='ocr_line' id='line_1_29' title="bbox 2052 1434 3631 1500; baseline 0.001 -12"><span class='ocrx_word' id='word_1_189' title='bbox 2052 1434 2314 1500; x_wconf 86' lang='lat' dir='ltr'><strong>hominis,</strong></span> <span class='ocrx_word' id='word_1_190' title='bbox 2340 1436 2557 1491; x_wconf 79' lang='lat' dir='ltr'><strong>Do’mini</strong></span> <span class='ocrx_word' id='word_1_191' title='bbox 2584 1437 2763 1491; x_wconf 84' lang='lat' dir='ltr'><strong>nostri</strong></span> <span class='ocrx_word' id='word_1_192' title='bbox 2785 1436 2915 1492; x_wconf 84' lang='lat' dir='ltr'><strong>Jesu</strong></span> <span class='ocrx_word' id='word_1_193' title='bbox 2939 1435 3168 1499; x_wconf 84' lang='lat' dir='ltr'><strong>Christi,</strong></span> <span class='ocrx_word' id='word_1_194' title='bbox 3193 1435 3453 1491; x_wconf 89' lang='lat' dir='ltr'><strong>ancillam</strong></span> <span class='ocrx_word' id='word_1_195' title='bbox 3478 1451 3631 1500; x_wconf 80' lang='lat' dir='ltr'><strong>vero,</strong></span> 
     </span>
    </p>
   </div>
   <div class='ocr_carea' id='block_1_30' title="bbox 2050 1527 3631 1599">
    <p class='ocr_par' dir='ltr' id='par_1_30' title="bbox 2050 1527 3631 1599">
     <span class='ocr_line' id='line_1_30' title="bbox 2050 1527 3631 1599; baseline 0.001 -18"><span class='ocrx_word' id='word_1_196' title='bbox 2050 1536 2114 1581; x_wconf 91' lang='lat' dir='ltr'><strong>ut</strong></span> <span class='ocrx_word' id='word_1_197' title='bbox 2148 1527 2264 1592; x_wconf 87' lang='lat' dir='ltr'><strong>Dei,</strong></span> <span class='ocrx_word' id='word_1_198' title='bbox 2312 1527 2712 1598; x_wconf 69' lang='lat' dir='ltr'><strong>calumniaeque</strong></span> <span class='ocrx_word' id='word_1_199' title='bbox 2760 1527 3110 1583; x_wconf 87' lang='lat' dir='ltr'><strong>occasionem</strong></span> <span class='ocrx_word' id='word_1_200' title='bbox 3161 1527 3385 1583; x_wconf 82' lang='lat' dir='ltr'><strong>silentio</strong></span> <span class='ocrx_word' id='word_1_201' title='bbox 3422 1535 3631 1599; x_wconf 82' lang='lat' dir='ltr'><strong>tegere.</strong></span> 
     </span>
    </p>
   </div>
   <div class='ocr_carea' id='block_1_31' title="bbox 2048 1618 3635 1694">
    <p class='ocr_par' dir='ltr' id='par_1_31' title="bbox 2048 1618 3635 1694">
     <span class='ocr_line' id='line_1_31' title="bbox 2048 1618 3635 1694; baseline 0 -21"><span class='ocrx_word' id='word_1_202' title='bbox 2048 1627 2107 1673; x_wconf 93' lang='lat' dir='ltr'><strong>et</strong></span> <span class='ocrx_word' id='word_1_203' title='bbox 2138 1618 2388 1674; x_wconf 83' lang='lat' dir='ltr'><strong>eamdem</strong></span> <span class='ocrx_word' id='word_1_204' title='bbox 2427 1619 2755 1675; x_wconf 87' lang='lat' dir='ltr'><strong>sententiam</strong></span> <span class='ocrx_word' id='word_1_205' title='bbox 2797 1618 2901 1694; x_wconf 85' lang='lat' dir='ltr'><strong>sub</strong></span> <span class='ocrx_word' id='word_1_206' title='bbox 2943 1619 3053 1674; x_wconf 90' lang='lat' dir='ltr'><strong>alio</strong></span> <span class='ocrx_word' id='word_1_207' title='bbox 3092 1618 3315 1675; x_wconf 82' lang='lat' dir='ltr'><strong>nomine</strong></span> <span class='ocrx_word' id='word_1_208' title='bbox 3345 1618 3635 1688; x_wconf 88' lang='lat' dir='ltr'><strong>proferre?</strong></span> 
     </span>
    </p>
   </div>
   <div class='ocr_carea' id='block_1_32' title="bbox 2046 1710 3631 1781">
    <p class='ocr_par' dir='ltr' id='par_1_32' title="bbox 2046 1710 3631 1781">
     <span class='ocr_line' id='line_1_32' title="bbox 2046 1710 3631 1781; baseline 0 -15"><span class='ocrx_word' id='word_1_209' title='bbox 2046 1710 2252 1767; x_wconf 80' lang='lat' dir='ltr'><strong>Adhaec</strong></span> <span class='ocrx_word' id='word_1_210' title='bbox 2283 1710 2416 1765; x_wconf 91' lang='lat' dir='ltr'><strong>illud</strong></span> <span class='ocrx_word' id='word_1_211' title='bbox 2438 1710 2604 1765; x_wconf 86' lang='lat' dir='ltr'><strong>etiam</strong></span> <span class='ocrx_word' id='word_1_212' title='bbox 2634 1710 2996 1781; x_wconf 90' lang='lat' dir='ltr'><strong>spectandum</strong></span> <span class='ocrx_word' id='word_1_213' title='bbox 3028 1722 3135 1775; x_wconf 91' lang='lat' dir='ltr'><strong>est,</strong></span> <span class='ocrx_word' id='word_1_214' title='bbox 3164 1711 3362 1765; x_wconf 86' lang='lat' dir='ltr'><strong>horum</strong></span> <span class='ocrx_word' id='word_1_215' title='bbox 3392 1711 3631 1766; x_wconf 90' lang='lat' dir='ltr'><strong>alterum</strong></span> 
     </span>
    </p>
   </div>
   <div class='ocr_carea' id='block_1_33' title="bbox 2050 1799 3627 1870">
    <p class='ocr_par' dir='ltr' id='par_1_33' title="bbox 2050 1799 3627 1870">
     <span class='ocr_line' id='line_1_33' title="bbox 2050 1799 3627 1870; baseline -0.001 -17"><span class='ocrx_word' id='word_1_216' title='bbox 2050 1814 2344 1855; x_wconf 86' lang='lat' dir='ltr'><strong>commune</strong></span> <span class='ocrx_word' id='word_1_217' title='bbox 2376 1814 2576 1854; x_wconf 88' lang='lat' dir='ltr'><strong>nomen</strong></span> <span class='ocrx_word' id='word_1_218' title='bbox 2608 1815 2752 1863; x_wconf 89' lang='lat' dir='ltr'><strong>esse,</strong></span> <span class='ocrx_word' id='word_1_219' title='bbox 2781 1800 3019 1854; x_wconf 84' lang='lat' dir='ltr'><strong>alterum</strong></span> <span class='ocrx_word' id='word_1_220' title='bbox 3057 1799 3286 1870; x_wconf 80' lang='lat' dir='ltr'><strong>virginis</strong></span> <span class='ocrx_word' id='word_1_221' title='bbox 3316 1801 3627 1870; x_wconf 85' lang='lat' dir='ltr'><strong>proprium,</strong></span> 
     </span>
    </p>
   </div>
   <div class='ocr_carea' id='block_1_34' title="bbox 359 1889 1935 1968">
    <p class='ocr_par' dir='ltr' id='par_1_34' title="bbox 359 1892 1935 1968">
     <span class='ocr_line' id='line_1_34' title="bbox 359 1892 1935 1968; baseline -0.002 -20"><span class='ocrx_word' id='word_1_222' title='bbox 359 1894 632 1968; x_wconf 87' lang='grc' dir='ltr'>χρημένον</span> <span class='ocrx_word' id='word_1_223' title='bbox 660 1894 1006 1967; x_wconf 73' lang='grc' dir='ltr'>προσηγορίᾳ</span> <span class='ocrx_word' id='word_1_224' title='bbox 1030 1911 1045 1957; x_wconf 77' lang='grc' dir='ltr'><strong>ς</strong></span> <span class='ocrx_word' id='word_1_225' title='bbox 1072 1895 1213 1967; x_wconf 71' lang='grc' dir='ltr'>Πρὸς</span> <span class='ocrx_word' id='word_1_226' title='bbox 1240 1894 1297 1947; x_wconf 83' lang='grc' dir='ltr'><strong>δέ</strong></span> <span class='ocrx_word' id='word_1_227' title='bbox 1323 1892 1557 1957; x_wconf 88' lang='grc' dir='ltr'>τούτοις,</span> <span class='ocrx_word' id='word_1_228' title='bbox 1588 1894 1812 1947; x_wconf 81' lang='grc' dir='ltr'>κάκεῖνο</span> <span class='ocrx_word' id='word_1_229' title='bbox 1842 1893 1935 1964; x_wconf 60' lang='grc' dir='ltr'>χρη)</span> 
     </span>
    </p>
   </div>
   <div class='ocr_carea' id='block_1_35' title="bbox 2039 1889 3628 1968">
    <p class='ocr_par' dir='ltr' id='par_1_35' title="bbox 2051 1889 3628 1960">
     <span class='ocr_line' id='line_1_35' title="bbox 2051 1889 3628 1960; baseline 0.001 -17"><span class='ocrx_word' id='word_1_230' title='bbox 2051 1896 2106 1943; x_wconf 90' lang='lat' dir='ltr'><strong>et</strong></span> <span class='ocrx_word' id='word_1_231' title='bbox 2137 1889 2205 1945; x_wconf 89' lang='lat' dir='ltr'><strong>de</strong></span> <span class='ocrx_word' id='word_1_232' title='bbox 2232 1890 2338 1945; x_wconf 89' lang='lat' dir='ltr'><strong>hoc</strong></span> <span class='ocrx_word' id='word_1_233' title='bbox 2371 1898 2541 1945; x_wconf 86' lang='lat' dir='ltr'><strong>totam</strong></span> <span class='ocrx_word' id='word_1_234' title='bbox 2571 1890 2851 1946; x_wconf 80' lang='lat' dir='ltr'><strong>exstitisse</strong></span> <span class='ocrx_word' id='word_1_235' title='bbox 2888 1890 3327 1956; x_wconf 84' lang='lat' dir='ltr'><strong>contentionem,</strong></span> <span class='ocrx_word' id='word_1_236' title='bbox 3370 1907 3490 1960; x_wconf 57' lang='lat' dir='ltr'><strong>quae</strong></span> <span class='ocrx_word' id='word_1_237' title='bbox 3515 1890 3628 1946; x_wconf 86' lang='lat' dir='ltr'><strong>uti-</strong></span> 
     </span>
    </p>
   </div>
   <div class='ocr_carea' id='block_1_36' title="bbox 362 1979 1935 2054">
    <p class='ocr_par' dir='ltr' id='par_1_36' title="bbox 362 1981 1935 2054">
     <span class='ocr_line' id='line_1_36' title="bbox 362 1981 1935 2054; baseline -0.002 -16"><span class='ocrx_word' id='word_1_238' title='bbox 362 1983 611 2050; x_wconf 84' lang='grc' dir='ltr'>συνιδεῖν,</span> <span class='ocrx_word' id='word_1_239' title='bbox 644 1983 722 2048; x_wconf 81' lang='grc' dir='ltr'>ὡς</span> <span class='ocrx_word' id='word_1_240' title='bbox 760 1984 822 2038; x_wconf 84' lang='grc' dir='ltr'>τὸ</span> <span class='ocrx_word' id='word_1_241' title='bbox 858 1983 961 2054; x_wconf 80' lang='grc' dir='ltr'>μὲν</span> <span class='ocrx_word' id='word_1_242' title='bbox 1000 1985 1178 2038; x_wconf 88' lang='grc' dir='ltr'>κοινόν</span> <span class='ocrx_word' id='word_1_243' title='bbox 1216 1985 1365 2037; x_wconf 87' lang='grc' dir='ltr'>ἐστιν</span> <span class='ocrx_word' id='word_1_244' title='bbox 1391 1983 1587 2052; x_wconf 74' lang='grc' dir='ltr'>ὄνομα,</span> <span class='ocrx_word' id='word_1_245' title='bbox 1622 1981 1684 2035; x_wconf 85' lang='grc' dir='ltr'>τὸ</span> <span class='ocrx_word' id='word_1_246' title='bbox 1720 1983 1776 2036; x_wconf 77' lang='grc' dir='ltr'>δὲ</span> <span class='ocrx_word' id='word_1_247' title='bbox 1817 1982 1935 2035; x_wconf 56' lang='grc' dir='ltr'>ίδιοδ</span> 
     </span>
    </p>
   </div>
   <div class='ocr_carea' id='block_1_37' title="bbox 2039 1979 3630 2054">
    <p class='ocr_par' dir='ltr' id='par_1_37' title="bbox 2047 1979 3630 2053">
     <span class='ocr_line' id='line_1_37' title="bbox 2047 1979 3630 2053; baseline 0 -18"><span class='ocrx_word' id='word_1_248' title='bbox 2047 1996 2172 2036; x_wconf 89' lang='lat' dir='ltr'><strong>nam</strong></span> <span class='ocrx_word' id='word_1_249' title='bbox 2195 1996 2306 2035; x_wconf 90' lang='lat' dir='ltr'><strong>non</strong></span> <span class='ocrx_word' id='word_1_250' title='bbox 2340 1980 2556 2051; x_wconf 76' lang='lat'><strong>1078</strong></span> <span class='ocrx_word' id='word_1_251' title='bbox 2588 1979 2804 2037; x_wconf 81' lang='lat' dir='ltr'><strong>fuisset.</strong></span> <span class='ocrx_word' id='word_1_252' title='bbox 2839 1980 2918 2038; x_wconf 81' lang='lat' dir='ltr'><strong>Ac</strong></span> <span class='ocrx_word' id='word_1_253' title='bbox 2954 1982 3178 2053; x_wconf 87' lang='lat' dir='ltr'><strong>plurimi</strong></span> <span class='ocrx_word' id='word_1_254' title='bbox 3208 1998 3342 2039; x_wconf 88' lang='lat' dir='ltr'><strong>sane</strong></span> <span class='ocrx_word' id='word_1_255' title='bbox 3375 1985 3630 2052; x_wconf 89' lang='lat' dir='ltr'><strong>antiquo-</strong></span> 
     </span>
    </p>
   </div>
   <div class='ocr_carea' id='block_1_38' title="bbox 359 2073 1944 2147">
    <p class='ocr_par' dir='ltr' id='par_1_38' title="bbox 359 2073 1944 2147">
     <span class='ocr_line' id='line_1_38' title="bbox 359 2073 1944 2147; baseline -0.001 -19"><span class='ocrx_word' id='word_1_256' title='bbox 359 2077 461 2146; x_wconf 81' lang='grc' dir='ltr'>τῆς</span> <span class='ocrx_word' id='word_1_257' title='bbox 496 2074 797 2146; x_wconf 77' lang='grc' dir='ltr'>Παρθένου·</span> <span class='ocrx_word' id='word_1_258' title='bbox 835 2074 929 2128; x_wconf 69' lang='grc' dir='ltr'>καὶ</span> <span class='ocrx_word' id='word_1_259' title='bbox 954 2076 1039 2128; x_wconf 86' lang='grc' dir='ltr'>ὅτι</span> <span class='ocrx_word' id='word_1_260' title='bbox 1066 2076 1195 2147; x_wconf 79' lang='grc' dir='ltr'>περὶ</span> <span class='ocrx_word' id='word_1_261' title='bbox 1225 2073 1417 2129; x_wconf 90' lang='grc' dir='ltr'>τούτου</span> <span class='ocrx_word' id='word_1_262' title='bbox 1459 2075 1609 2128; x_wconf 79' lang='grc' dir='ltr'>πᾶσα</span> <span class='ocrx_word' id='word_1_263' title='bbox 1639 2075 1672 2145; x_wconf 85' lang='grc' dir='ltr'><strong>ή</strong></span> <span class='ocrx_word' id='word_1_264' title='bbox 1704 2074 1944 2145; x_wconf 76' lang='grc' dir='ltr'>διαμάχη</span> 
     </span>
    </p>
   </div>
   <div class='ocr_carea' id='block_1_39' title="bbox 359 2164 1947 2236">
    <p class='ocr_par' dir='ltr' id='par_1_39' title="bbox 359 2164 1947 2236">
     <span class='ocr_line' id='line_1_39' title="bbox 359 2164 1947 2236; baseline -0.001 -17"><span class='ocrx_word' id='word_1_265' title='bbox 359 2165 677 2236; x_wconf 88' lang='grc' dir='ltr'>γεγένηται,</span> <span class='ocrx_word' id='word_1_266' title='bbox 705 2164 780 2230; x_wconf 83' lang='grc' dir='ltr'>ὡς</span> <span class='ocrx_word' id='word_1_267' title='bbox 826 2166 926 2220; x_wconf 82' lang='grc' dir='ltr'>οὐκ</span> <span class='ocrx_word' id='word_1_268' title='bbox 973 2164 1202 2236; x_wconf 75' lang='grc' dir='ltr'>ὦςρελεν.</span> <span class='ocrx_word' id='word_1_269' title='bbox 1252 2165 1364 2220; x_wconf 78' lang='grc' dir='ltr'><strong>Καὶ</strong></span> <span class='ocrx_word' id='word_1_270' title='bbox 1392 2166 1443 2218; x_wconf 88' lang='grc' dir='ltr'><strong>οί</strong></span> <span class='ocrx_word' id='word_1_271' title='bbox 1471 2164 1715 2219; x_wconf 86' lang='grc' dir='ltr'>πλεῖστοι</span> <span class='ocrx_word' id='word_1_272' title='bbox 1752 2164 1808 2218; x_wconf 85' lang='grc' dir='ltr'><strong>δέ</strong></span> <span class='ocrx_word' id='word_1_273' title='bbox 1837 2164 1947 2217; x_wconf 85' lang='grc' dir='ltr'><strong>τῶν</strong></span> 
     </span>
    </p>
   </div>
   <div class='ocr_carea' id='block_1_40' title="bbox 358 2254 1942 2331">
    <p class='ocr_par' dir='ltr' id='par_1_40' title="bbox 358 2254 1942 2331">
     <span class='ocr_line' id='line_1_40' title="bbox 358 2254 1942 2331; baseline -0.004 -18"><span class='ocrx_word' id='word_1_274' title='bbox 358 2257 602 2329; x_wconf 81' lang='grc' dir='ltr'>ἀρχαίων</span> <span class='ocrx_word' id='word_1_275' title='bbox 638 2256 751 2327; x_wconf 68' lang='lat'><strong>(13;</strong></span> <span class='ocrx_word' id='word_1_276' title='bbox 780 2257 1034 2331; x_wconf 84' lang='grc' dir='ltr'>Πατέρων</span> <span class='ocrx_word' id='word_1_277' title='bbox 1062 2256 1162 2327; x_wconf 84' lang='grc' dir='ltr'>τὴν</span> <span class='ocrx_word' id='word_1_278' title='bbox 1196 2256 1554 2328; x_wconf 77' lang='grc' dir='ltr'>ἐντιμοτέραν</span> <span class='ocrx_word' id='word_1_279' title='bbox 1586 2254 1852 2309; x_wconf 78' lang='grc' dir='ltr'>ἐπέθεσαν</span> <span class='ocrx_word' id='word_1_280' title='bbox 1875 2257 1942 2327; x_wconf 78' lang='grc' dir='ltr'><strong>τῇ</strong></span> 
     </span>
    </p>
   </div>
   <div class='ocr_carea' id='block_1_41' title="bbox 359 2342 1937 2417">
    <p class='ocr_par' dir='ltr' id='par_1_41' title="bbox 359 2342 1937 2417">
     <span class='ocr_line' id='line_1_41' title="bbox 359 2342 1937 2417; baseline -0.003 -16"><span class='ocrx_word' id='word_1_281' title='bbox 359 2344 624 2416; x_wconf 82' lang='grc' dir='ltr'>Παρθένῳ</span> <span class='ocrx_word' id='word_1_282' title='bbox 653 2345 1050 2417; x_wconf 68' lang='grc' dir='ltr'>προσηγορίαν*</span> <span class='ocrx_word' id='word_1_283' title='bbox 1089 2344 1249 2398; x_wconf 86' lang='grc' dir='ltr'>τοῦτο</span> <span class='ocrx_word' id='word_1_284' title='bbox 1281 2343 1339 2397; x_wconf 85' lang='grc' dir='ltr'><strong>δέ</strong></span> <span class='ocrx_word' id='word_1_285' title='bbox 1369 2345 1464 2398; x_wconf 75' lang='grc' dir='ltr'>καὶ</span> <span class='ocrx_word' id='word_1_286' title='bbox 1504 2345 1539 2414; x_wconf 81' lang='grc' dir='ltr'><strong>ἡ</strong></span> <span class='ocrx_word' id='word_1_287' title='bbox 1571 2342 1638 2416; x_wconf 83' lang='grc' dir='ltr'>σὴ</span> <span class='ocrx_word' id='word_1_288' title='bbox 1666 2342 1937 2414; x_wconf 71' lang='grc' dir='ltr'>πεποίηκε</span> 
     </span>
    </p>
   </div>
   <div class='ocr_carea' id='block_1_42' title="bbox 358 2434 1938 2506">
    <p class='ocr_par' dir='ltr' id='par_1_42' title="bbox 358 2434 1938 2506">
     <span class='ocr_line' id='line_1_42' title="bbox 358 2434 1938 2506; baseline -0.002 -15"><span class='ocrx_word' id='word_1_289' title='bbox 358 2437 638 2492; x_wconf 84' lang='grc' dir='ltr'>θεοσέϐεια</span> <span class='ocrx_word' id='word_1_290' title='bbox 685 2437 780 2492; x_wconf 80' lang='grc' dir='ltr'>καὶ</span> <span class='ocrx_word' id='word_1_291' title='bbox 824 2439 881 2490; x_wconf 85' lang='grc' dir='ltr'><strong>ἐν</strong></span> <span class='ocrx_word' id='word_1_292' title='bbox 932 2436 1025 2490; x_wconf 91' lang='grc' dir='ltr'><strong>δύο</strong></span> <span class='ocrx_word' id='word_1_293' title='bbox 1065 2437 1160 2490; x_wconf 77' lang='grc' dir='ltr'>καὶ</span> <span class='ocrx_word' id='word_1_294' title='bbox 1189 2437 1248 2491; x_wconf 85' lang='grc' dir='ltr'><strong>ἐν</strong></span> <span class='ocrx_word' id='word_1_295' title='bbox 1277 2437 1424 2506; x_wconf 57' lang='grc' dir='ltr'><strong>τρισί⁵</strong></span> <span class='ocrx_word' id='word_1_296' title='bbox 1450 2434 1650 2504; x_wconf 86' lang='grc' dir='ltr'>λόγοις.</span> <span class='ocrx_word' id='word_1_297' title='bbox 1686 2434 1836 2504; x_wconf 85' lang='grc' dir='ltr'><strong>Ἐχω</strong></span> <span class='ocrx_word' id='word_1_298' title='bbox 1880 2434 1938 2488; x_wconf 86' lang='grc' dir='ltr'>δὲ</span> 
     </span>
    </p>
   </div>
   <div class='ocr_carea' id='block_1_43' title="bbox 352 2524 1940 2600">
    <p class='ocr_par' dir='ltr' id='par_1_43' title="bbox 352 2524 1940 2600">
     <span class='ocr_line' id='line_1_43' title="bbox 352 2524 1940 2600; baseline -0.004 -14"><span class='ocrx_word' id='word_1_299' title='bbox 352 2530 562 2586; x_wconf 86' lang='grc' dir='ltr'>τούτων</span> <span class='ocrx_word' id='word_1_300' title='bbox 591 2530 784 2597; x_wconf 87' lang='grc' dir='ltr'>ἐνίους,</span> <span class='ocrx_word' id='word_1_301' title='bbox 807 2530 906 2600; x_wconf 79' lang='grc' dir='ltr'>τῆς</span> <span class='ocrx_word' id='word_1_302' title='bbox 937 2529 1037 2600; x_wconf 87' lang='grc' dir='ltr'>σῆς</span> <span class='ocrx_word' id='word_1_303' title='bbox 1074 2546 1165 2598; x_wconf 89' lang='grc' dir='ltr'><strong>μοι</strong></span> <span class='ocrx_word' id='word_1_304' title='bbox 1196 2528 1491 2599; x_wconf 78' lang='grc' dir='ltr'>πεμψάσης</span> <span class='ocrx_word' id='word_1_305' title='bbox 1514 2527 1815 2597; x_wconf 81' lang='grc' dir='ltr'>φιλοοεῒας·</span> <span class='ocrx_word' id='word_1_306' title='bbox 1844 2524 1940 2581; x_wconf 74' lang='grc' dir='ltr'>καὶ</span> 
     </span>
    </p>
   </div>
   <div class='ocr_carea' id='block_1_44' title="bbox 353 2616 1940 2696">
    <p class='ocr_par' dir='ltr' id='par_1_44' title="bbox 353 2616 1940 2696">
     <span class='ocr_line' id='line_1_44' title="bbox 353 2616 1940 2696; baseline -0.006 -17"><span class='ocrx_word' id='word_1_307' title='bbox 353 2622 436 2696; x_wconf 82' lang='grc' dir='ltr'><strong>τῷ</strong></span> <span class='ocrx_word' id='word_1_308' title='bbox 472 2623 759 2689; x_wconf 80' lang='grc' dir='ltr'>Θεοτόκος</span> <span class='ocrx_word' id='word_1_309' title='bbox 802 2621 864 2674; x_wconf 86' lang='grc' dir='ltr'><strong>τδ</strong></span> <span class='ocrx_word' id='word_1_310' title='bbox 887 2620 1341 2688; x_wconf 71' lang='grc' dir='ltr'>ἁνθρωποτόιιος</span> <span class='ocrx_word' id='word_1_311' title='bbox 1366 2619 1428 2673; x_wconf 86' lang='grc' dir='ltr'><strong>ού</strong></span> <span class='ocrx_word' id='word_1_312' title='bbox 1453 2616 1815 2691; x_wconf 82' lang='grc' dir='ltr'>παρέζευξας,</span> <span class='ocrx_word' id='word_1_313' title='bbox 1852 2616 1940 2670; x_wconf 83' lang='grc' dir='ltr'>δέ-</span> 
     </span>
    </p>
   </div>
   <div class='ocr_carea' id='block_1_45' title="bbox 354 2709 1940 2785">
    <p class='ocr_par' dir='ltr' id='par_1_45' title="bbox 354 2709 1940 2785">
     <span class='ocr_line' id='line_1_45' title="bbox 354 2709 1940 2785; baseline -0.005 -16"><span class='ocrx_word' id='word_1_314' title='bbox 354 2733 555 2782; x_wconf 81' lang='grc' dir='ltr'>σποτα,</span> <span class='ocrx_word' id='word_1_315' title='bbox 590 2714 798 2785; x_wconf 75' lang='grc' dir='ltr'>ἑτέροις</span> <span class='ocrx_word' id='word_1_316' title='bbox 829 2712 886 2766; x_wconf 87' lang='grc' dir='ltr'><strong>δέ</strong></span> <span class='ocrx_word' id='word_1_317' title='bbox 907 2712 1136 2782; x_wconf 83' lang='grc' dir='ltr'>ὀνόμασι</span> <span class='ocrx_word' id='word_1_318' title='bbox 1178 2711 1279 2783; x_wconf 77' lang='grc' dir='ltr'>τὴν</span> <span class='ocrx_word' id='word_1_319' title='bbox 1302 2709 1492 2765; x_wconf 89' lang='grc' dir='ltr'>τούτου</span> <span class='ocrx_word' id='word_1_320' title='bbox 1531 2710 1770 2766; x_wconf 84' lang='grc' dir='ltr'>διάνοιαν</span> <span class='ocrx_word' id='word_1_321' title='bbox 1797 2725 1940 2780; x_wconf 86' lang='grc' dir='ltr'>παρ-</span> 
     </span>
    </p>
   </div>
   <div class='ocr_carea' id='block_1_46' title="bbox 347 2792 1939 2877">
    <p class='ocr_par' dir='ltr' id='par_1_46' title="bbox 347 2792 1939 2877">
     <span class='ocr_line' id='line_1_46' title="bbox 347 2792 1939 2877; baseline -0.004 -16"><span class='ocrx_word' id='word_1_322' title='bbox 347 2807 653 2877; x_wconf 80' lang='grc' dir='ltr'>εδήλωσας.</span> <span class='ocrx_word' id='word_1_323' title='bbox 698 2792 915 2876; x_wconf 77' lang='grc' dir='ltr'>Ἐπειδὴ</span> <span class='ocrx_word' id='word_1_324' title='bbox 939 2804 1051 2876; x_wconf 72' lang='grc'><strong>(14)</strong></span> <span class='ocrx_word' id='word_1_325' title='bbox 1101 2803 1160 2858; x_wconf 81' lang='grc' dir='ltr'><strong>δέ</strong></span> <span class='ocrx_word' id='word_1_326' title='bbox 1187 2803 1567 2875; x_wconf 83' lang='grc' dir='ltr'>ἐπιμέμφεσθέ</span> <span class='ocrx_word' id='word_1_327' title='bbox 1596 2801 1713 2873; x_wconf 71' lang='grc' dir='ltr'>μοι,</span> <span class='ocrx_word' id='word_1_328' title='bbox 1747 2801 1836 2856; x_wconf 82' lang='grc' dir='ltr'>καὶ</span> <span class='ocrx_word' id='word_1_329' title='bbox 1864 2801 1939 2864; x_wconf 82' lang='grc' dir='ltr'>ὡς</span> 
     </span>
    </p>
   </div>
   <div class='ocr_carea' id='block_1_47' title="bbox 354 2892 1940 2968">
    <p class='ocr_par' dir='ltr' id='par_1_47' title="bbox 354 2892 1940 2968">
     <span class='ocr_line' id='line_1_47' title="bbox 354 2892 1940 2968; baseline -0.005 -16"><span class='ocrx_word' id='word_1_330' title='bbox 354 2900 482 2962; x_wconf 81' lang='grc' dir='ltr'>τοὺς</span> <span class='ocrx_word' id='word_1_331' title='bbox 520 2898 711 2968; x_wconf 83' lang='grc' dir='ltr'>ἁγίους</span> <span class='ocrx_word' id='word_1_332' title='bbox 762 2896 859 2951; x_wconf 75' lang='grc' dir='ltr'>καὶ</span> <span class='ocrx_word' id='word_1_333' title='bbox 893 2894 1198 2968; x_wconf 86' lang='grc' dir='ltr'>μακαρίους</span> <span class='ocrx_word' id='word_1_334' title='bbox 1237 2895 1649 2951; x_wconf 83' lang='grc' dir='ltr'>καταλελοιπότι</span> <span class='ocrx_word' id='word_1_335' title='bbox 1690 2892 1940 2964; x_wconf 81' lang='grc' dir='ltr'>Πατέρας</span> 
     </span>
    </p>
   </div>
   <div class='ocr_carea' id='block_1_48' title="bbox 2046 2072 3629 2143">
    <p class='ocr_par' dir='ltr' id='par_1_48' title="bbox 2046 2072 3629 2143">
     <span class='ocr_line' id='line_1_48' title="bbox 2046 2072 3629 2143; baseline 0.001 -17"><span class='ocrx_word' id='word_1_336' title='bbox 2046 2083 2169 2126; x_wconf 86' lang='lat' dir='ltr'><strong>rum</strong></span> <span class='ocrx_word' id='word_1_337' title='bbox 2194 2072 2421 2127; x_wconf 82' lang='lat' dir='ltr'><strong>Patrum</strong></span> <span class='ocrx_word' id='word_1_338' title='bbox 2443 2072 2813 2143; x_wconf 88' lang='lat' dir='ltr'><strong>appellatione</strong></span> <span class='ocrx_word' id='word_1_339' title='bbox 2847 2089 2970 2143; x_wconf 71' lang='lat' dir='ltr'><strong>qua:</strong></span> <span class='ocrx_word' id='word_1_340' title='bbox 3005 2073 3330 2130; x_wconf 85' lang='lat' dir='ltr'><strong>honoratior</strong></span> <span class='ocrx_word' id='word_1_341' title='bbox 3353 2082 3474 2129; x_wconf 86' lang='lat' dir='ltr'><strong>erat</strong></span> <span class='ocrx_word' id='word_1_342' title='bbox 3503 2073 3629 2130; x_wconf 78' lang='lat' dir='ltr'><strong>Vir-</strong></span> 
     </span>
    </p>
   </div>
   <div class='ocr_carea' id='block_1_49' title="bbox 2043 2163 3631 2234">
    <p class='ocr_par' dir='ltr' id='par_1_49' title="bbox 2043 2163 3631 2234">
     <span class='ocr_line' id='line_1_49' title="bbox 2043 2163 3631 2234; baseline 0.003 -17"><span class='ocrx_word' id='word_1_343' title='bbox 2043 2163 2228 2234; x_wconf 88' lang='lat' dir='ltr'><strong>ginem</strong></span> <span class='ocrx_word' id='word_1_344' title='bbox 2265 2172 2538 2219; x_wconf 87' lang='lat' dir='ltr'><strong>ornarunt</strong></span> <span class='ocrx_word' id='word_1_345' title='bbox 2562 2181 2575 2218; x_wconf 89' lang='lat'><strong>:</strong></span> <span class='ocrx_word' id='word_1_346' title='bbox 2603 2164 2750 2234; x_wconf 89' lang='lat' dir='ltr'><strong>quod</strong></span> <span class='ocrx_word' id='word_1_347' title='bbox 2794 2173 2852 2221; x_wconf 90' lang='lat' dir='ltr'><strong>et</strong></span> <span class='ocrx_word' id='word_1_348' title='bbox 2894 2166 3159 2221; x_wconf 87' lang='lat' dir='ltr'><strong>sanctitas</strong></span> <span class='ocrx_word' id='word_1_349' title='bbox 3200 2175 3292 2222; x_wconf 87' lang='lat' dir='ltr'><strong>tua</strong></span> <span class='ocrx_word' id='word_1_350' title='bbox 3330 2166 3387 2221; x_wconf 89' lang='lat' dir='ltr'><strong>in</strong></span> <span class='ocrx_word' id='word_1_351' title='bbox 3411 2166 3631 2223; x_wconf 84' lang='lat' dir='ltr'><strong>duabus</strong></span> 
     </span>
    </p>
   </div>
   <div class='ocr_carea' id='block_1_50' title="bbox 2044 2255 3627 2328">
    <p class='ocr_par' dir='ltr' id='par_1_50' title="bbox 2044 2255 3627 2328">
     <span class='ocr_line' id='line_1_50' title="bbox 2044 2255 3627 2328; baseline 0.004 -21"><span class='ocrx_word' id='word_1_352' title='bbox 2044 2255 2290 2310; x_wconf 86' lang='lat' dir='ltr'><strong>tribusve</strong></span> <span class='ocrx_word' id='word_1_353' title='bbox 2305 2255 2653 2312; x_wconf 88' lang='lat' dir='ltr'><strong>orationibus</strong></span> <span class='ocrx_word' id='word_1_354' title='bbox 2669 2256 2785 2312; x_wconf 82' lang='lat' dir='ltr'><strong>suis</strong></span> <span class='ocrx_word' id='word_1_355' title='bbox 2807 2255 2958 2312; x_wconf 80' lang='lat' dir='ltr'><strong>fecit.</strong></span> <span class='ocrx_word' id='word_1_356' title='bbox 2976 2257 3163 2313; x_wconf 84' lang='lat' dir='ltr'><strong>Habeo</strong></span> <span class='ocrx_word' id='word_1_357' title='bbox 3180 2259 3296 2328; x_wconf 89' lang='lat' dir='ltr'><strong>ipse</strong></span> <span class='ocrx_word' id='word_1_358' title='bbox 3313 2257 3627 2323; x_wconf 85' lang='lat' dir='ltr'><strong>nonnullas,</strong></span> 
     </span>
    </p>
   </div>
   <div class='ocr_carea' id='block_1_51' title="bbox 2042 2347 3628 2421">
    <p class='ocr_par' dir='ltr' id='par_1_51' title="bbox 2042 2347 3628 2421">
     <span class='ocr_line' id='line_1_51' title="bbox 2042 2347 3628 2421; baseline 0.001 -19"><span class='ocrx_word' id='word_1_359' title='bbox 2042 2363 2182 2417; x_wconf 88' lang='lat' dir='ltr'><strong>quas</strong></span> <span class='ocrx_word' id='word_1_360' title='bbox 2215 2347 2283 2402; x_wconf 91' lang='lat' dir='ltr'><strong>ad</strong></span> <span class='ocrx_word' id='word_1_361' title='bbox 2311 2364 2398 2404; x_wconf 90' lang='lat' dir='ltr'><strong>me</strong></span> <span class='ocrx_word' id='word_1_362' title='bbox 2426 2349 2604 2418; x_wconf 88' lang='lat' dir='ltr'><strong>pietas</strong></span> <span class='ocrx_word' id='word_1_363' title='bbox 2624 2358 2717 2405; x_wconf 88' lang='lat' dir='ltr'><strong>tua</strong></span> <span class='ocrx_word' id='word_1_364' title='bbox 2752 2349 2924 2415; x_wconf 89' lang='lat' dir='ltr'><strong>misit,</strong></span> <span class='ocrx_word' id='word_1_365' title='bbox 2955 2349 3013 2405; x_wconf 93' lang='lat' dir='ltr'><strong>in</strong></span> <span class='ocrx_word' id='word_1_366' title='bbox 3036 2350 3240 2421; x_wconf 84' lang='lat' dir='ltr'><strong>quibus</strong></span> <span class='ocrx_word' id='word_1_367' title='bbox 3270 2349 3628 2421; x_wconf 81' lang='lat' dir='ltr'><strong>appellationi</strong></span> 
     </span>
    </p>
   </div>
   <div class='ocr_carea' id='block_1_52' title="bbox 2042 2437 3629 2513">
    <p class='ocr_par' dir='ltr' id='par_1_52' title="bbox 2042 2437 3629 2513">
     <span class='ocr_line' id='line_1_52' title="bbox 2042 2437 3629 2513; baseline 0.004 -22"><span class='ocrx_word' id='word_1_368' title='bbox 2042 2437 2298 2508; x_wconf 78' lang='lat' dir='ltr'><strong>Deipara,</strong></span> <span class='ocrx_word' id='word_1_369' title='bbox 2317 2438 2560 2504; x_wconf 89' lang='lat' dir='ltr'><strong>domine,</strong></span> <span class='ocrx_word' id='word_1_370' title='bbox 2581 2440 2915 2513; x_wconf 76' lang='lat' dir='ltr'><strong>Itominipara</strong></span> <span class='ocrx_word' id='word_1_371' title='bbox 2936 2457 3046 2497; x_wconf 89' lang='lat' dir='ltr'><strong>non</strong></span> <span class='ocrx_word' id='word_1_372' title='bbox 3068 2441 3336 2512; x_wconf 73' lang='lat' dir='ltr'><strong>adiecisti,</strong></span> <span class='ocrx_word' id='word_1_373' title='bbox 3359 2440 3457 2497; x_wconf 88' lang='lat' dir='ltr'><strong>sed</strong></span> <span class='ocrx_word' id='word_1_374' title='bbox 3476 2441 3629 2498; x_wconf 85' lang='lat' dir='ltr'><strong>vocis</strong></span> 
     </span>
    </p>
   </div>
   <div class='ocr_carea' id='block_1_53' title="bbox 2043 2530 3625 2602">
    <p class='ocr_par' dir='ltr' id='par_1_53' title="bbox 2043 2530 3625 2602">
     <span class='ocr_line' id='line_1_53' title="bbox 2043 2530 3625 2602; baseline 0.003 -17"><span class='ocrx_word' id='word_1_375' title='bbox 2043 2530 2212 2602; x_wconf 84' lang='lat' dir='ltr'><strong>hujus</strong></span> <span class='ocrx_word' id='word_1_376' title='bbox 2250 2546 2473 2586; x_wconf 87' lang='lat' dir='ltr'><strong>sensum</strong></span> <span class='ocrx_word' id='word_1_377' title='bbox 2522 2531 2646 2587; x_wconf 88' lang='lat' dir='ltr'><strong>aliis</strong></span> <span class='ocrx_word' id='word_1_378' title='bbox 2684 2533 2976 2588; x_wconf 88' lang='lat' dir='ltr'><strong>vocabulis</strong></span> <span class='ocrx_word' id='word_1_379' title='bbox 3008 2534 3320 2589; x_wconf 86' lang='lat' dir='ltr'><strong>declarasti.</strong></span> <span class='ocrx_word' id='word_1_380' title='bbox 3350 2532 3625 2601; x_wconf 83' lang='lat' dir='ltr'><strong>Quoniam</strong></span> 
     </span>
    </p>
   </div>
   <div class='ocr_carea' id='block_1_54' title="bbox 2041 2620 3626 2694">
    <p class='ocr_par' dir='ltr' id='par_1_54' title="bbox 2041 2620 3626 2694">
     <span class='ocr_line' id='line_1_54' title="bbox 2041 2620 3626 2694; baseline 0.003 -18"><span class='ocrx_word' id='word_1_381' title='bbox 2041 2628 2229 2676; x_wconf 87' lang='lat' dir='ltr'><strong>autem</strong></span> <span class='ocrx_word' id='word_1_382' title='bbox 2269 2636 2356 2676; x_wconf 90' lang='lat' dir='ltr'><strong>me</strong></span> <span class='ocrx_word' id='word_1_383' title='bbox 2392 2620 2558 2676; x_wconf 85' lang='lat' dir='ltr'><strong>etiam</strong></span> <span class='ocrx_word' id='word_1_384' title='bbox 2612 2623 3040 2691; x_wconf 81' lang='lat' dir='ltr'><strong>reprehenditis,</strong></span> <span class='ocrx_word' id='word_1_385' title='bbox 3094 2626 3251 2694; x_wconf 85' lang='lat' dir='ltr'><strong>quasi</strong></span> <span class='ocrx_word' id='word_1_386' title='bbox 3303 2636 3524 2681; x_wconf 87' lang='lat' dir='ltr'><strong>sanctos</strong></span> <span class='ocrx_word' id='word_1_387' title='bbox 3561 2640 3626 2681; x_wconf 85' lang='lat' dir='ltr'><strong>ac</strong></span> 
     </span>
    </p>
   </div>
   <div class='ocr_carea' id='block_1_55' title="bbox 2042 2711 3626 2787">
    <p class='ocr_par' dir='ltr' id='par_1_55' title="bbox 2042 2711 3626 2787">
     <span class='ocr_line' id='line_1_55' title="bbox 2042 2711 3626 2787; baseline 0.003 -20"><span class='ocrx_word' id='word_1_388' title='bbox 2042 2711 2236 2767; x_wconf 85' lang='lat' dir='ltr'><strong>beatos</strong></span> <span class='ocrx_word' id='word_1_389' title='bbox 2258 2712 2449 2767; x_wconf 88' lang='lat' dir='ltr'><strong>Patres</strong></span> <span class='ocrx_word' id='word_1_390' title='bbox 2470 2712 2772 2769; x_wconf 88' lang='lat' dir='ltr'><strong>Diodorum</strong></span> <span class='ocrx_word' id='word_1_391' title='bbox 2793 2722 2851 2769; x_wconf 92' lang='lat' dir='ltr'><strong>et</strong></span> <span class='ocrx_word' id='word_1_392' title='bbox 2873 2714 3224 2772; x_wconf 88' lang='lat' dir='ltr'><strong>Theodorum</strong></span> <span class='ocrx_word' id='word_1_393' title='bbox 3252 2716 3306 2771; x_wconf 91' lang='lat' dir='ltr'><strong>in</strong></span> <span class='ocrx_word' id='word_1_394' title='bbox 3335 2715 3626 2787; x_wconf 86' lang='lat' dir='ltr'><strong>magistro-</strong></span> 
     </span>
    </p>
   </div>
   <div class='ocr_carea' id='block_1_56' title="bbox 2045 2802 3624 2872">
    <p class='ocr_par' dir='ltr' id='par_1_56' title="bbox 2045 2802 3624 2872">
     <span class='ocr_line' id='line_1_56' title="bbox 2045 2802 3624 2872; baseline 0.005 -17"><span class='ocrx_word' id='word_1_395' title='bbox 2045 2817 2166 2856; x_wconf 88' lang='lat' dir='ltr'><strong>rum</strong></span> <span class='ocrx_word' id='word_1_396' title='bbox 2190 2816 2425 2858; x_wconf 88' lang='lat' dir='ltr'><strong>numero</strong></span> <span class='ocrx_word' id='word_1_397' title='bbox 2457 2802 2844 2872; x_wconf 72' lang='lat' dir='ltr'><strong>praeterierint,</strong></span> <span class='ocrx_word' id='word_1_398' title='bbox 2870 2806 3243 2861; x_wconf 82' lang='lat' dir='ltr'><strong>necessarium</strong></span> <span class='ocrx_word' id='word_1_399' title='bbox 3272 2806 3406 2862; x_wconf 77' lang='lat' dir='ltr'><strong>duxi</strong></span> <span class='ocrx_word' id='word_1_400' title='bbox 3427 2806 3495 2863; x_wconf 90' lang='lat' dir='ltr'><strong>de</strong></span> <span class='ocrx_word' id='word_1_401' title='bbox 3517 2807 3624 2862; x_wconf 87' lang='lat' dir='ltr'><strong>hoc</strong></span> 
     </span>
    </p>
   </div>
   <div class='ocr_carea' id='block_1_57' title="bbox 2045 2892 2650 2963">
    <p class='ocr_par' dir='ltr' id='par_1_57' title="bbox 2045 2892 2650 2963">
     <span class='ocr_line' id='line_1_57' title="bbox 2045 2892 2650 2963; baseline 0.002 -14"><span class='ocrx_word' id='word_1_402' title='bbox 2045 2892 2214 2949; x_wconf 86' lang='lat' dir='ltr'><strong>etiam</strong></span> <span class='ocrx_word' id='word_1_403' title='bbox 2240 2908 2414 2963; x_wconf 88' lang='lat' dir='ltr'><strong>pauca</strong></span> <span class='ocrx_word' id='word_1_404' title='bbox 2442 2893 2650 2950; x_wconf 87' lang='lat' dir='ltr'><strong>dicere.</strong></span> 
     </span>
    </p>
   </div>
   <div class='ocr_carea' id='block_1_58' title="bbox 345 2984 3624 3066">
    <p class='ocr_par' dir='ltr' id='par_1_58' title="bbox 345 2984 3624 3066">
     <span class='ocr_line' id='line_1_58' title="bbox 345 2984 3624 3066; baseline 0.001 -22"><span class='ocrx_word' id='word_1_405' title='bbox 345 2990 618 3062; x_wconf 79' lang='grc' dir='ltr'>Διόδωρον</span> <span class='ocrx_word' id='word_1_406' title='bbox 670 2989 761 3043; x_wconf 79' lang='grc' dir='ltr'>καὶ</span> <span class='ocrx_word' id='word_1_407' title='bbox 831 2988 1105 3060; x_wconf 80' lang='grc' dir='ltr'>Θεόδωρον</span> <span class='ocrx_word' id='word_1_408' title='bbox 1148 2988 1207 3041; x_wconf 83' lang='grc' dir='ltr'><strong>ἐν</strong></span> <span class='ocrx_word' id='word_1_409' title='bbox 1251 2987 1329 3060; x_wconf 81' lang='grc' dir='ltr'>τῷ</span> <span class='ocrx_word' id='word_1_410' title='bbox 1362 2987 1650 3060; x_wconf 79' lang='grc' dir='ltr'>καταλόγῳ</span> <span class='ocrx_word' id='word_1_411' title='bbox 1685 2985 1798 3041; x_wconf 84' lang='grc' dir='ltr'><strong>τῶν</strong></span> <span class='ocrx_word' id='word_1_412' title='bbox 1834 2984 2198 3054; x_wconf 81' lang='grc' dir='ltr'>διδασκάλων,</span> <span class='ocrx_word' id='word_1_413' title='bbox 2233 2986 2531 3057; x_wconf 76' lang='grc' dir='ltr'>ἀναγκαῖον</span> <span class='ocrx_word' id='word_1_414' title='bbox 2599 2987 2897 3061; x_wconf 73' lang='grc' dir='ltr'>ἡγησάμην</span> <span class='ocrx_word' id='word_1_415' title='bbox 2959 2988 3055 3043; x_wconf 71' lang='grc' dir='ltr'>καὶ</span> <span class='ocrx_word' id='word_1_416' title='bbox 3092 2992 3221 3061; x_wconf 78' lang='grc' dir='ltr'>περὶ</span> <span class='ocrx_word' id='word_1_417' title='bbox 3260 2990 3452 3047; x_wconf 84' lang='grc' dir='ltr'>τούτου</span> <span class='ocrx_word' id='word_1_418' title='bbox 3486 2992 3624 3066; x_wconf 70' lang='grc' dir='ltr'>βρα-</span> 
     </span>
    </p>
   </div>
   <div class='ocr_carea' id='block_1_59' title="bbox 346 3080 787 3157">
    <p class='ocr_par' dir='ltr' id='par_1_59' title="bbox 346 3080 787 3157">
     <span class='ocr_line' id='line_1_59' title="bbox 346 3080 787 3157; baseline -0.011 -19"><span class='ocrx_word' id='word_1_419' title='bbox 346 3083 456 3157; x_wconf 79' lang='grc' dir='ltr'><strong>χέα</strong></span> <span class='ocrx_word' id='word_1_420' title='bbox 475 3080 787 3148; x_wconf 78' lang='grc' dir='ltr'>διεξελθεῖν.</span> 
     </span>
    </p>
   </div>
   <div class='ocr_carea' id='block_1_60' title="bbox 425 3171 1941 3248">
    <p class='ocr_par' dir='ltr' id='par_1_60' title="bbox 425 3171 1941 3248">
     <span class='ocr_line' id='line_1_60' title="bbox 425 3171 1941 3248; baseline -0.001 -18"><span class='ocrx_word' id='word_1_421' title='bbox 425 3174 649 3248; x_wconf 87' lang='grc' dir='ltr'>Πρῶτον</span> <span class='ocrx_word' id='word_1_422' title='bbox 685 3174 786 3243; x_wconf 82' lang='grc' dir='ltr'>μὲν</span> <span class='ocrx_word' id='word_1_423' title='bbox 811 3173 942 3247; x_wconf 86' lang='grc' dir='ltr'><strong>γάρ,</strong></span> <span class='ocrx_word' id='word_1_424' title='bbox 976 3171 1023 3229; x_wconf 85' lang='grc' dir='ltr'>ὧ</span> <span class='ocrx_word' id='word_1_425' title='bbox 1052 3176 1182 3248; x_wconf 84' lang='grc' dir='ltr'>φίλη</span> <span class='ocrx_word' id='word_1_426' title='bbox 1212 3193 1303 3248; x_wconf 92' lang='grc' dir='ltr'><strong>μοι</strong></span> <span class='ocrx_word' id='word_1_427' title='bbox 1336 3175 1568 3248; x_wconf 79' lang='grc' dir='ltr'>κεφαλὴ,</span> <span class='ocrx_word' id='word_1_428' title='bbox 1590 3176 1820 3239; x_wconf 67' lang='grc' dir='ltr'>πολλοὺς</span> <span class='ocrx_word' id='word_1_429' title='bbox 1847 3176 1941 3231; x_wconf 70' lang='grc' dir='ltr'>καὶ</span> 
     </span>
    </p>
   </div>
   <div class='ocr_carea' id='block_1_61' title="bbox 2119 3174 3621 3249">
    <p class='ocr_par' dir='ltr' id='par_1_61' title="bbox 2119 3174 3621 3249">
     <span class='ocr_line' id='line_1_61' title="bbox 2119 3174 3621 3249; baseline 0.003 -19"><span class='ocrx_word' id='word_1_430' title='bbox 2119 3174 2367 3230; x_wconf 86' lang='lat' dir='ltr'><strong>Primum</strong></span> <span class='ocrx_word' id='word_1_431' title='bbox 2389 3174 2561 3243; x_wconf 88' lang='lat' dir='ltr'><strong>enim,</strong></span> <span class='ocrx_word' id='word_1_432' title='bbox 2598 3191 2633 3231; x_wconf 97' lang='lat' dir='ltr'><strong>o</strong></span> <span class='ocrx_word' id='word_1_433' title='bbox 2665 3176 2864 3243; x_wconf 86' lang='lat' dir='ltr'><strong>amice,</strong></span> <span class='ocrx_word' id='word_1_434' title='bbox 2896 3177 3100 3233; x_wconf 88' lang='lat' dir='ltr'><strong>multos</strong></span> <span class='ocrx_word' id='word_1_435' title='bbox 3138 3193 3359 3249; x_wconf 88' lang='lat' dir='ltr'><strong>quoque</strong></span> <span class='ocrx_word' id='word_1_436' title='bbox 3388 3180 3527 3235; x_wconf 85' lang='lat' dir='ltr'><strong>alios</strong></span> <span class='ocrx_word' id='word_1_437' title='bbox 3556 3179 3621 3236; x_wconf 78' lang='lat' dir='ltr'><strong>il-</strong></span> 
     </span>
    </p>
   </div>
   <div class='ocr_carea' id='block_1_62' title="bbox 344 3263 1935 3340">
    <p class='ocr_par' dir='ltr' id='par_1_62' title="bbox 344 3268 1935 3340">
     <span class='ocr_line' id='line_1_62' title="bbox 344 3268 1935 3340; baseline -0.002 -17"><span class='ocrx_word' id='word_1_438' title='bbox 344 3270 553 3331; x_wconf 81' lang='grc' dir='ltr'>άλλους</span> <span class='ocrx_word' id='word_1_439' title='bbox 571 3268 899 3338; x_wconf 84' lang='grc' dir='ltr'>περιφανεῖς</span> <span class='ocrx_word' id='word_1_440' title='bbox 917 3268 1117 3340; x_wconf 78' lang='grc' dir='ltr'>ἄνδρας</span> <span class='ocrx_word' id='word_1_441' title='bbox 1135 3269 1228 3322; x_wconf 79' lang='grc' dir='ltr'>καὶ</span> <span class='ocrx_word' id='word_1_442' title='bbox 1248 3268 1536 3340; x_wconf 73' lang='grc' dir='ltr'>λαμπροὺς</span> <span class='ocrx_word' id='word_1_443' title='bbox 1550 3268 1691 3337; x_wconf 82' lang='grc' dir='ltr'>ἄγαν</span> <span class='ocrx_word' id='word_1_444' title='bbox 1714 3285 1935 3338; x_wconf 82' lang='grc' dir='ltr'>γεγενη-</span> 
     </span>
    </p>
   </div>
   <div class='ocr_carea' id='block_1_63' title="bbox 2039 3263 3620 3340">
    <p class='ocr_par' dir='ltr' id='par_1_63' title="bbox 2042 3266 3620 3333">
     <span class='ocr_line' id='line_1_63' title="bbox 2042 3266 3620 3333; baseline 0.006 -13"><span class='ocrx_word' id='word_1_445' title='bbox 2042 3266 2247 3321; x_wconf 88' lang='lat' dir='ltr'><strong>lustres</strong></span> <span class='ocrx_word' id='word_1_446' title='bbox 2276 3266 2424 3322; x_wconf 86' lang='lat' dir='ltr'><strong>viros</strong></span> <span class='ocrx_word' id='word_1_447' title='bbox 2446 3268 2629 3333; x_wconf 89' lang='lat' dir='ltr'><strong>omisi,</strong></span> <span class='ocrx_word' id='word_1_448' title='bbox 2653 3275 2711 3322; x_wconf 90' lang='lat' dir='ltr'><strong>et</strong></span> <span class='ocrx_word' id='word_1_449' title='bbox 2732 3266 2874 3324; x_wconf 89' lang='lat' dir='ltr'><strong>fama</strong></span> <span class='ocrx_word' id='word_1_450' title='bbox 2896 3269 3257 3325; x_wconf 89' lang='lat' dir='ltr'><strong>clarissimos.</strong></span> <span class='ocrx_word' id='word_1_451' title='bbox 3281 3271 3490 3327; x_wconf 90' lang='lat' dir='ltr'><strong>Deinde</strong></span> <span class='ocrx_word' id='word_1_452' title='bbox 3513 3272 3620 3329; x_wconf 83' lang='lat' dir='ltr'><strong>hoc</strong></span> 
     </span>
    </p>
   </div>
   <div class='ocr_carea' id='block_1_64' title="bbox 346 3360 1932 3434">
    <p class='ocr_par' dir='ltr' id='par_1_64' title="bbox 346 3360 1932 3434">
     <span class='ocr_line' id='line_1_64' title="bbox 346 3360 1932 3434; baseline -0.002 -17"><span class='ocrx_word' id='word_1_453' title='bbox 346 3363 570 3434; x_wconf 78' lang='grc' dir='ltr'>μένους.</span> <span class='ocrx_word' id='word_1_454' title='bbox 592 3363 826 3416; x_wconf 83' lang='grc' dir='ltr'>Ἔπειτα</span> <span class='ocrx_word' id='word_1_455' title='bbox 848 3361 904 3415; x_wconf 85' lang='grc' dir='ltr'><strong>δέ</strong></span> <span class='ocrx_word' id='word_1_456' title='bbox 932 3363 1154 3417; x_wconf 80' lang='grc' dir='ltr'>κακεῖνο</span> <span class='ocrx_word' id='word_1_457' title='bbox 1173 3363 1279 3434; x_wconf 81' lang='grc' dir='ltr'>χρὴ</span> <span class='ocrx_word' id='word_1_458' title='bbox 1303 3362 1552 3427; x_wconf 76' lang='grc' dir='ltr'>συνιδεῖν,</span> <span class='ocrx_word' id='word_1_459' title='bbox 1566 3360 1644 3425; x_wconf 85' lang='grc' dir='ltr'><strong>ὡς</strong></span> <span class='ocrx_word' id='word_1_460' title='bbox 1668 3362 1762 3415; x_wconf 82' lang='grc' dir='ltr'>τὸν</span> <span class='ocrx_word' id='word_1_461' title='bbox 1784 3377 1932 3414; x_wconf 89' lang='grc' dir='ltr'>κατ-</span> 
     </span>
    </p>
   </div>
   <div class='ocr_carea' id='block_1_65' title="bbox 336 3450 1933 3526">
    <p class='ocr_par' dir='ltr' id='par_1_65' title="bbox 336 3450 1933 3526">
     <span class='ocr_line' id='line_1_65' title="bbox 336 3450 1933 3526; baseline -0.004 -18"><span class='ocrx_word' id='word_1_462' title='bbox 336 3453 718 3526; x_wconf 68' lang='grc' dir='ltr'>ηγορούμενον</span> <span class='ocrx_word' id='word_1_463' title='bbox 758 3450 1278 3524; x_wconf 69' lang='grc' dir='ltr'>ἀναμφισϐητήτως</span> <span class='ocrx_word' id='word_1_464' title='bbox 1320 3451 1604 3523; x_wconf 82' lang='grc' dir='ltr'>μάρτυρας</span> <span class='ocrx_word' id='word_1_465' title='bbox 1658 3450 1933 3522; x_wconf 77' lang='grc' dir='ltr'>προσήκει</span> 
     </span>
    </p>
   </div>
   <div class='ocr_carea' id='block_1_66' title="bbox 341 3539 1934 3616">
    <p class='ocr_par' dir='ltr' id='par_1_66' title="bbox 341 3539 1934 3616">
     <span class='ocr_line' id='line_1_66' title="bbox 341 3539 1934 3616; baseline -0.002 -16"><span class='ocrx_word' id='word_1_466' title='bbox 341 3546 646 3616; x_wconf 74' lang='grc' dir='ltr'>παράγειν,</span> <span class='ocrx_word' id='word_1_467' title='bbox 679 3539 763 3610; x_wconf 76' lang='grc' dir='ltr'>οἷς</span> <span class='ocrx_word' id='word_1_468' title='bbox 803 3544 925 3598; x_wconf 83' lang='grc' dir='ltr'>οὐδέ</span> <span class='ocrx_word' id='word_1_469' title='bbox 970 3543 1078 3598; x_wconf 81' lang='grc' dir='ltr'><strong>τῶν</strong></span> <span class='ocrx_word' id='word_1_470' title='bbox 1132 3543 1457 3615; x_wconf 85' lang='grc' dir='ltr'>κατηγόρων</span> <span class='ocrx_word' id='word_1_471' title='bbox 1498 3559 1585 3607; x_wconf 74' lang='grc' dir='ltr'><strong>τις</strong></span> <span class='ocrx_word' id='word_1_472' title='bbox 1622 3543 1934 3615; x_wconf 78' lang='grc' dir='ltr'>ἐπιμέμψα-</span> 
     </span>
    </p>
   </div>
   <div class='ocr_carea' id='block_1_67' title="bbox 341 3633 1933 3706">
    <p class='ocr_par' dir='ltr' id='par_1_67' title="bbox 341 3633 1933 3706">
     <span class='ocr_line' id='line_1_67' title="bbox 341 3633 1933 3706; baseline -0.002 -14"><span class='ocrx_word' id='word_1_473' title='bbox 341 3639 478 3692; x_wconf 77' lang='grc' dir='ltr'>σθαι</span> <span class='ocrx_word' id='word_1_474' title='bbox 505 3637 750 3692; x_wconf 83' lang='grc' dir='ltr'>δύναται.</span> <span class='ocrx_word' id='word_1_475' title='bbox 790 3637 854 3689; x_wconf 86' lang='lat' dir='ltr'><strong>El</strong></span> <span class='ocrx_word' id='word_1_476' title='bbox 889 3635 948 3689; x_wconf 80' lang='grc' dir='ltr'>δὲ</span> <span class='ocrx_word' id='word_1_477' title='bbox 975 3637 1101 3699; x_wconf 85' lang='grc' dir='ltr'>τοὺς</span> <span class='ocrx_word' id='word_1_478' title='bbox 1134 3633 1288 3706; x_wconf 86' lang='grc' dir='ltr'><strong>παρά</strong></span> <span class='ocrx_word' id='word_1_479' title='bbox 1312 3634 1764 3690; x_wconf 62' lang='grc' dir='ltr'>τῶννδιωκόντων</span> <span class='ocrx_word' id='word_1_480' title='bbox 1800 3652 1933 3690; x_wconf 88' lang='grc' dir='ltr'>κατ-</span> 
     </span>
    </p>
   </div>
   <div class='ocr_carea' id='block_1_68' title="bbox 336 3724 1927 3800">
    <p class='ocr_par' dir='ltr' id='par_1_68' title="bbox 336 3724 1927 3800">
     <span class='ocr_line' id='line_1_68' title="bbox 336 3724 1927 3800; baseline -0.002 -19"><span class='ocrx_word' id='word_1_481' title='bbox 336 3727 763 3800; x_wconf 81' lang='grc' dir='ltr'>ηγορουμένους</span> <span class='ocrx_word' id='word_1_482' title='bbox 801 3728 830 3780; x_wconf 86' lang='grc' dir='ltr'>ὁ</span> <span class='ocrx_word' id='word_1_483' title='bbox 872 3726 1204 3797; x_wconf 84' lang='grc' dir='ltr'>διωκόμενος</span> <span class='ocrx_word' id='word_1_484' title='bbox 1227 3725 1308 3789; x_wconf 85' lang='grc' dir='ltr'><strong>είς</strong></span> <span class='ocrx_word' id='word_1_485' title='bbox 1349 3724 1661 3797; x_wconf 86' lang='grc' dir='ltr'>μαρτυρίαν</span> <span class='ocrx_word' id='word_1_486' title='bbox 1689 3724 1927 3792; x_wconf 84' lang='grc' dir='ltr'>καλέσοι,</span> 
     </span>
    </p>
   </div>
   <div class='ocr_carea' id='block_1_69' title="bbox 333 3815 1930 3887">
    <p class='ocr_par' dir='ltr' id='par_1_69' title="bbox 333 3815 1930 3887">
     <span class='ocr_line' id='line_1_69' title="bbox 333 3815 1930 3887; baseline 0 -17"><span class='ocrx_word' id='word_1_487' title='bbox 333 3818 470 3872; x_wconf 81' lang='grc' dir='ltr'>οὐδὲ</span> <span class='ocrx_word' id='word_1_488' title='bbox 496 3818 657 3882; x_wconf 81' lang='grc' dir='ltr'>αὐτὸς</span> <span class='ocrx_word' id='word_1_489' title='bbox 687 3818 755 3872; x_wconf 85' lang='grc' dir='ltr'>ἂν</span> <span class='ocrx_word' id='word_1_490' title='bbox 782 3819 810 3871; x_wconf 81' lang='grc' dir='ltr'><strong>ό</strong></span> <span class='ocrx_word' id='word_1_491' title='bbox 847 3816 1082 3881; x_wconf 76' lang='grc' dir='ltr'>δικάζων</span> <span class='ocrx_word' id='word_1_492' title='bbox 1111 3816 1398 3886; x_wconf 80' lang='grc' dir='ltr'>ἀνάσχοιτο</span> <span class='ocrx_word' id='word_1_493' title='bbox 1423 3815 1698 3882; x_wconf 81' lang='grc' dir='ltr'>δέξασθαι.</span> <span class='ocrx_word' id='word_1_494' title='bbox 1737 3815 1801 3870; x_wconf 64' lang='lat' dir='ltr'><strong>Et</strong></span> <span class='ocrx_word' id='word_1_495' title='bbox 1830 3817 1930 3887; x_wconf 81' lang='grc' dir='ltr'>μὲν</span> 
     </span>
    </p>
   </div>
   <div class='ocr_carea' id='block_1_70' title="bbox 336 3908 1930 3983">
    <p class='ocr_par' dir='ltr' id='par_1_70' title="bbox 336 3908 1930 3983">
     <span class='ocr_line' id='line_1_70' title="bbox 336 3908 1930 3983; baseline -0.002 -18"><span class='ocrx_word' id='word_1_496' title='bbox 336 3912 459 3983; x_wconf 84' lang='grc' dir='ltr'>γὰρ</span> <span class='ocrx_word' id='word_1_497' title='bbox 515 3909 758 3965; x_wconf 75' lang='grc' dir='ltr'>ἐπαινον-</span> <span class='ocrx_word' id='word_1_498' title='bbox 826 3909 1088 3981; x_wconf 86' lang='grc' dir='ltr'>Πατέρων</span> <span class='ocrx_word' id='word_1_499' title='bbox 1156 3909 1490 3980; x_wconf 84' lang='grc' dir='ltr'>συγγράφων</span> <span class='ocrx_word' id='word_1_500' title='bbox 1549 3908 1739 3963; x_wconf 87' lang='grc' dir='ltr'>τούσδε</span> <span class='ocrx_word' id='word_1_501' title='bbox 1804 3910 1930 3971; x_wconf 83' lang='grc' dir='ltr'>τοὺς</span> 
     </span>
    </p>
   </div>
   <div class='ocr_carea' id='block_1_71' title="bbox 336 3997 1930 4072">
    <p class='ocr_par' dir='ltr' id='par_1_71' title="bbox 336 3997 1930 4072">
     <span class='ocr_line' id='line_1_71' title="bbox 336 3997 1930 4072; baseline -0.004 -15"><span class='ocrx_word' id='word_1_502' title='bbox 336 4002 537 4072; x_wconf 78' lang='grc' dir='ltr'>ἁγίους</span> <span class='ocrx_word' id='word_1_503' title='bbox 574 3999 900 4069; x_wconf 85' lang='grc' dir='ltr'>παρέλιπον,</span> <span class='ocrx_word' id='word_1_504' title='bbox 949 3999 1186 4070; x_wconf 70' lang='grc' dir='ltr'>ἠδίκησα</span> <span class='ocrx_word' id='word_1_505' title='bbox 1235 3997 1322 4063; x_wconf 82' lang='grc' dir='ltr'>ἂν,</span> <span class='ocrx_word' id='word_1_506' title='bbox 1357 3998 1627 4069; x_wconf 80' lang='grc' dir='ltr'>ὁμολογῶ,</span> <span class='ocrx_word' id='word_1_507' title='bbox 1679 3999 1930 4071; x_wconf 74' lang='grc' dir='ltr'>καὶπερὶ</span> 
     </span>
    </p>
   </div>
   <div class='ocr_carea' id='block_1_72' title="bbox 332 4094 1925 4166">
    <p class='ocr_par' dir='ltr' id='par_1_72' title="bbox 332 4094 1925 4166">
     <span class='ocr_line' id='line_1_72' title="bbox 332 4094 1925 4166; baseline -0.001 -15"><span class='ocrx_word' id='word_1_508' title='bbox 332 4098 474 4161; x_wconf 75' lang='grc' dir='ltr'>τοὺς</span> <span class='ocrx_word' id='word_1_509' title='bbox 518 4095 874 4160; x_wconf 78' lang='grc' dir='ltr'>διδασκάλους</span> <span class='ocrx_word' id='word_1_510' title='bbox 906 4095 1198 4166; x_wconf 84' lang='grc' dir='ltr'>ἀχάριστος</span> <span class='ocrx_word' id='word_1_511' title='bbox 1232 4094 1518 4166; x_wconf 82' lang='grc' dir='ltr'>ἐγενόμην.</span> <span class='ocrx_word' id='word_1_512' title='bbox 1560 4095 1625 4148; x_wconf 82' lang='lat' dir='ltr'><strong>El</strong></span> <span class='ocrx_word' id='word_1_513' title='bbox 1684 4095 1746 4149; x_wconf 80' lang='grc' dir='ltr'>δὲ</span> <span class='ocrx_word' id='word_1_514' title='bbox 1792 4113 1925 4149; x_wconf 87' lang='grc' dir='ltr'>κατ-</span> 
     </span>
    </p>
   </div>
   <div class='ocr_carea' id='block_1_73' title="bbox 333 4185 1929 4258">
    <p class='ocr_par' dir='ltr' id='par_1_73' title="bbox 333 4185 1929 4258">
     <span class='ocr_line' id='line_1_73' title="bbox 333 4185 1929 4258; baseline -0.001 -17"><span class='ocrx_word' id='word_1_515' title='bbox 333 4185 722 4258; x_wconf 79' lang='grc' dir='ltr'>ηγορούμενος</span> <span class='ocrx_word' id='word_1_516' title='bbox 752 4186 1049 4254; x_wconf 79' lang='grc' dir='ltr'>ἀπολογίαν</span> <span class='ocrx_word' id='word_1_517' title='bbox 1080 4186 1452 4256; x_wconf 76' lang='grc' dir='ltr'>προσήνεγκα,</span> <span class='ocrx_word' id='word_1_518' title='bbox 1477 4185 1573 4238; x_wconf 77' lang='grc' dir='ltr'>καὶ</span> <span class='ocrx_word' id='word_1_519' title='bbox 1600 4185 1726 4249; x_wconf 78' lang='grc' dir='ltr'>τοὺς</span> <span class='ocrx_word' id='word_1_520' title='bbox 1752 4185 1929 4255; x_wconf 69' lang='grc' dir='ltr'>ἀναμι</span> 
     </span>
    </p>
   </div>
   <div class='ocr_carea' id='block_1_74' title="bbox 331 4274 1924 4350">
    <p class='ocr_par' dir='ltr' id='par_1_74' title="bbox 331 4274 1924 4350">
     <span class='ocr_line' id='line_1_74' title="bbox 331 4274 1924 4350; baseline -0.003 -17"><span class='ocrx_word' id='word_1_521' title='bbox 331 4279 720 4350; x_wconf 70' lang='grc' dir='ltr'>φισϐητήτους</span> <span class='ocrx_word' id='word_1_522' title='bbox 746 4280 1070 4348; x_wconf 82' lang='grc' dir='ltr'>παρήγαγον</span> <span class='ocrx_word' id='word_1_523' title='bbox 1100 4276 1409 4347; x_wconf 86' lang='grc' dir='ltr'>μάρτυρας,</span> <span class='ocrx_word' id='word_1_524' title='bbox 1437 4275 1489 4329; x_wconf 92' lang='grc' dir='ltr'><strong>τί</strong></span> <span class='ocrx_word' id='word_1_525' title='bbox 1520 4274 1697 4346; x_wconf 86' lang='grc' dir='ltr'>μάτην</span> <span class='ocrx_word' id='word_1_526' title='bbox 1717 4277 1767 4329; x_wconf 86' lang='grc' dir='ltr'><strong>οί</strong></span> <span class='ocrx_word' id='word_1_527' title='bbox 1798 4276 1924 4329; x_wconf 82' lang='grc' dir='ltr'>τού-</span> 
     </span>
    </p>
   </div>
   <div class='ocr_carea' id='block_1_75' title="bbox 327 4365 1925 4437">
    <p class='ocr_par' dir='ltr' id='par_1_75' title="bbox 327 4365 1925 4437">
     <span class='ocr_line' id='line_1_75' title="bbox 327 4365 1925 4437; baseline -0.003 -12"><span class='ocrx_word' id='word_1_528' title='bbox 327 4388 455 4425; x_wconf 80' lang='grc' dir='ltr'><strong>των</strong></span> <span class='ocrx_word' id='word_1_529' title='bbox 503 4368 658 4423; x_wconf 80' lang='grc' dir='ltr'>οὐδὲν</span> <span class='ocrx_word' id='word_1_530' title='bbox 704 4368 831 4422; x_wconf 85' lang='grc' dir='ltr'>ίδεῖν</span> <span class='ocrx_word' id='word_1_531' title='bbox 873 4367 1150 4430; x_wconf 86' lang='grc' dir='ltr'>ἐθέλοντες</span> <span class='ocrx_word' id='word_1_532' title='bbox 1179 4365 1617 4437; x_wconf 76' lang='grc' dir='ltr'>ἐπιμέμφονταις</span> <span class='ocrx_word' id='word_1_533' title='bbox 1651 4367 1838 4430; x_wconf 84' lang='grc' dir='ltr'>Ὅπως</span> <span class='ocrx_word' id='word_1_534' title='bbox 1867 4366 1925 4420; x_wconf 80' lang='grc' dir='ltr'>δὲ</span> 
     </span>
    </p>
   </div>
   <div class='ocr_carea' id='block_1_76' title="bbox 330 4448 1925 4536">
    <p class='ocr_par' dir='ltr' id='par_1_76' title="bbox 330 4448 1925 4536">
     <span class='ocr_line' id='line_1_76' title="bbox 330 4448 1925 4536; baseline -0.003 -20"><span class='ocrx_word' id='word_1_535' title='bbox 330 4461 494 4516; x_wconf 86' lang='grc' dir='ltr'>σέϐω</span> <span class='ocrx_word' id='word_1_536' title='bbox 514 4461 649 4536; x_wconf 18' lang='grc' dir='ltr'>’τοὺς</span> <span class='ocrx_word' id='word_1_537' title='bbox 676 4458 898 4531; x_wconf 80' lang='grc' dir='ltr'>ἄνδρας,</span> <span class='ocrx_word' id='word_1_538' title='bbox 931 4458 1198 4529; x_wconf 82' lang='grc' dir='ltr'>μάρτυςή</span> <span class='ocrx_word' id='word_1_539' title='bbox 1227 4457 1358 4528; x_wconf 86' lang='grc' dir='ltr'>παρ’</span> <span class='ocrx_word' id='word_1_540' title='bbox 1393 4455 1550 4528; x_wconf 82' lang='grc' dir='ltr'>ἡμῶν</span> <span class='ocrx_word' id='word_1_541' title='bbox 1572 4457 1711 4527; x_wconf 82' lang='grc' dir='ltr'>ὑπὲρ</span> <span class='ocrx_word' id='word_1_542' title='bbox 1743 4448 1925 4513; x_wconf 77' lang='grc' dir='ltr'>αὐτῶν</span> 
     </span>
    </p>
   </div>
   <div class='ocr_carea' id='block_1_77' title="bbox 328 4543 1925 4624">
    <p class='ocr_par' dir='ltr' id='par_1_77' title="bbox 328 4543 1925 4624">
     <span class='ocr_line' id='line_1_77' title="bbox 328 4543 1925 4624; baseline -0.002 -19"><span class='ocrx_word' id='word_1_543' title='bbox 328 4552 726 4624; x_wconf 87' lang='grc' dir='ltr'>συγγραφεῖσα</span> <span class='ocrx_word' id='word_1_544' title='bbox 757 4549 960 4621; x_wconf 83' lang='grc' dir='ltr'>βίϐλος,</span> <span class='ocrx_word' id='word_1_545' title='bbox 988 4550 1047 4602; x_wconf 88' lang='grc' dir='ltr'><strong>ἐν</strong></span> <span class='ocrx_word' id='word_1_546' title='bbox 1078 4543 1113 4623; x_wconf 81' lang='grc' dir='ltr'>ᾖ</span> <span class='ocrx_word' id='word_1_547' title='bbox 1148 4549 1248 4620; x_wconf 82' lang='grc' dir='ltr'>τὴν</span> <span class='ocrx_word' id='word_1_548' title='bbox 1272 4547 1393 4602; x_wconf 87' lang='grc' dir='ltr'>κατ’</span> <span class='ocrx_word' id='word_1_549' title='bbox 1414 4547 1595 4601; x_wconf 79' lang='grc' dir='ltr'>αὐτῶν</span> <span class='ocrx_word' id='word_1_550' title='bbox 1622 4547 1925 4618; x_wconf 83' lang='grc' dir='ltr'>γεγενημέ-</span> 
     </span>
    </p>
   </div>
   <div class='ocr_carea' id='block_1_78' title="bbox 2036 3356 3620 3430">
    <p class='ocr_par' dir='ltr' id='par_1_78' title="bbox 2036 3356 3620 3430">
     <span class='ocr_line' id='line_1_78' title="bbox 2036 3356 3620 3430; baseline 0.003 -17"><span class='ocrx_word' id='word_1_551' title='bbox 2036 3357 2206 3413; x_wconf 87' lang='lat' dir='ltr'><strong>etiam</strong></span> <span class='ocrx_word' id='word_1_552' title='bbox 2257 3356 2723 3413; x_wconf 82' lang='lat' dir='ltr'><strong>considerandum</strong></span> <span class='ocrx_word' id='word_1_553' title='bbox 2772 3360 2790 3378; x_wconf 83' lang='lat'><strong><em>‘</em></strong></span> <span class='ocrx_word' id='word_1_554' title='bbox 2836 3365 2943 3425; x_wconf 89' lang='lat' dir='ltr'><strong>est,</strong></span> <span class='ocrx_word' id='word_1_555' title='bbox 2987 3374 3118 3414; x_wconf 91' lang='lat' dir='ltr'><strong>eum</strong></span> <span class='ocrx_word' id='word_1_556' title='bbox 3175 3360 3270 3430; x_wconf 87' lang='lat' dir='ltr'><strong>qui</strong></span> <span class='ocrx_word' id='word_1_557' title='bbox 3323 3371 3620 3418; x_wconf 87' lang='lat' dir='ltr'><strong>accusatur</strong></span> 
     </span>
    </p>
   </div>
   <div class='ocr_carea' id='block_1_79' title="bbox 2039 3449 3617 3523">
    <p class='ocr_par' dir='ltr' id='par_1_79' title="bbox 2039 3449 3617 3523">
     <span class='ocr_line' id='line_1_79' title="bbox 2039 3449 3617 3523; baseline 0.003 -19"><span class='ocrx_word' id='word_1_558' title='bbox 2039 3456 2208 3505; x_wconf 86' lang='lat' dir='ltr'><strong>testes</strong></span> <span class='ocrx_word' id='word_1_559' title='bbox 2228 3449 2454 3504; x_wconf 91' lang='lat' dir='ltr'><strong>minime</strong></span> <span class='ocrx_word' id='word_1_560' title='bbox 2473 3449 2674 3504; x_wconf 90' lang='lat' dir='ltr'><strong>dubios</strong></span> <span class='ocrx_word' id='word_1_561' title='bbox 2698 3449 3006 3521; x_wconf 89' lang='lat' dir='ltr'><strong>producere</strong></span> <span class='ocrx_word' id='word_1_562' title='bbox 3026 3459 3304 3522; x_wconf 85' lang='lat' dir='ltr'><strong>oportere,</strong></span> <span class='ocrx_word' id='word_1_563' title='bbox 3322 3469 3465 3523; x_wconf 87' lang='lat' dir='ltr'><strong>quos</strong></span> <span class='ocrx_word' id='word_1_564' title='bbox 3488 3454 3617 3508; x_wconf 89' lang='lat' dir='ltr'><strong>red-</strong></span> 
     </span>
    </p>
   </div>
   <div class='ocr_carea' id='block_1_80' title="bbox 2037 3541 3615 3613">
    <p class='ocr_par' dir='ltr' id='par_1_80' title="bbox 2037 3541 3615 3613">
     <span class='ocr_line' id='line_1_80' title="bbox 2037 3541 3615 3613; baseline 0.003 -17"><span class='ocrx_word' id='word_1_565' title='bbox 2037 3556 2269 3612; x_wconf 83' lang='lat' dir='ltr'><strong>arguere</strong></span> <span class='ocrx_word' id='word_1_566' title='bbox 2302 3557 2407 3597; x_wconf 88' lang='lat' dir='ltr'><strong>nee</strong></span> <span class='ocrx_word' id='word_1_567' title='bbox 2432 3549 2815 3597; x_wconf 85' lang='lat' dir='ltr'><strong>accusatorum</strong></span> <span class='ocrx_word' id='word_1_568' title='bbox 2846 3541 3137 3613; x_wconf 89' lang='lat' dir='ltr'><strong>quisquam</strong></span> <span class='ocrx_word' id='word_1_569' title='bbox 3160 3543 3356 3612; x_wconf 88' lang='lat' dir='ltr'><strong>possit.</strong></span> <span class='ocrx_word' id='word_1_570' title='bbox 3385 3543 3542 3611; x_wconf 84' lang='lat' dir='ltr'><strong>Quod</strong></span> <span class='ocrx_word' id='word_1_571' title='bbox 3566 3545 3615 3600; x_wconf 87' lang='lat' dir='ltr'><strong>si</strong></span> 
     </span>
    </p>
   </div>
   <div class='ocr_carea' id='block_1_81' title="bbox 2035 3632 3616 3709">
    <p class='ocr_par' dir='ltr' id='par_1_81' title="bbox 2035 3632 3616 3709">
     <span class='ocr_line' id='line_1_81' title="bbox 2035 3632 3616 3709; baseline 0.003 -22"><span class='ocrx_word' id='word_1_572' title='bbox 2035 3632 2104 3688; x_wconf 89' lang='lat' dir='ltr'><strong>ad</strong></span> <span class='ocrx_word' id='word_1_573' title='bbox 2131 3632 2508 3688; x_wconf 87' lang='lat' dir='ltr'><strong>testimonium</strong></span> <span class='ocrx_word' id='word_1_574' title='bbox 2530 3648 2661 3689; x_wconf 87' lang='lat' dir='ltr'><strong>reus</strong></span> <span class='ocrx_word' id='word_1_575' title='bbox 2690 3634 2812 3689; x_wconf 90' lang='lat' dir='ltr'><strong>illos</strong></span> <span class='ocrx_word' id='word_1_576' title='bbox 2847 3644 3007 3689; x_wconf 89' lang='lat' dir='ltr'><strong>vocet</strong></span> <span class='ocrx_word' id='word_1_577' title='bbox 3029 3650 3169 3705; x_wconf 91' lang='lat' dir='ltr'><strong>quos</strong></span> <span class='ocrx_word' id='word_1_578' title='bbox 3199 3642 3418 3709; x_wconf 85' lang='lat' dir='ltr'><strong>actores</strong></span> <span class='ocrx_word' id='word_1_579' title='bbox 3444 3651 3616 3692; x_wconf 86' lang='lat' dir='ltr'><strong>accu-</strong></span> 
     </span>
    </p>
   </div>
   <div class='ocr_carea' id='block_1_82' title="bbox 2036 3724 3616 3796">
    <p class='ocr_par' dir='ltr' id='par_1_82' title="bbox 2036 3724 3616 3796">
     <span class='ocr_line' id='line_1_82' title="bbox 2036 3724 3616 3796; baseline 0.004 -17"><span class='ocrx_word' id='word_1_580' title='bbox 2036 3732 2181 3789; x_wconf 87' lang='lat' dir='ltr'><strong>sant,</strong></span> <span class='ocrx_word' id='word_1_581' title='bbox 2211 3740 2315 3781; x_wconf 81' lang='lat' dir='ltr'><strong>nec</strong></span> <span class='ocrx_word' id='word_1_582' title='bbox 2334 3724 2505 3796; x_wconf 82' lang='lat' dir='ltr'><strong>judex</strong></span> <span class='ocrx_word' id='word_1_583' title='bbox 2534 3724 2653 3794; x_wconf 88' lang='lat' dir='ltr'><strong>ipse</strong></span> <span class='ocrx_word' id='word_1_584' title='bbox 2683 3725 3056 3781; x_wconf 87' lang='lat' dir='ltr'><strong>admittendos</strong></span> <span class='ocrx_word' id='word_1_585' title='bbox 3083 3726 3320 3796; x_wconf 85' lang='lat' dir='ltr'><strong>putabit.</strong></span> <span class='ocrx_word' id='word_1_586' title='bbox 3356 3727 3542 3795; x_wconf 84' lang='lat' dir='ltr'><strong>Quare</strong></span> <span class='ocrx_word' id='word_1_587' title='bbox 3567 3730 3616 3785; x_wconf 90' lang='lat' dir='ltr'><strong>si</strong></span> 
     </span>
    </p>
   </div>
   <div class='ocr_carea' id='block_1_83' title="bbox 2036 3817 3611 3893">
    <p class='ocr_par' dir='ltr' id='par_1_83' title="bbox 2036 3817 3611 3893">
     <span class='ocr_line' id='line_1_83' title="bbox 2036 3817 3611 3893; baseline 0.003 -21"><span class='ocrx_word' id='word_1_588' title='bbox 2036 3826 2291 3888; x_wconf 88' lang='lat' dir='ltr'><strong>suscepta</strong></span> <span class='ocrx_word' id='word_1_589' title='bbox 2310 3819 2537 3873; x_wconf 91' lang='lat' dir='ltr'><strong>Patrum</strong></span> <span class='ocrx_word' id='word_1_590' title='bbox 2552 3817 2868 3874; x_wconf 86' lang='lat' dir='ltr'><strong>laudatione</strong></span> <span class='ocrx_word' id='word_1_591' title='bbox 2893 3818 3030 3875; x_wconf 89' lang='lat' dir='ltr'><strong>istos</strong></span> <span class='ocrx_word' id='word_1_592' title='bbox 3046 3820 3378 3889; x_wconf 80' lang='lat' dir='ltr'><strong>amisissem,</strong></span> <span class='ocrx_word' id='word_1_593' title='bbox 3400 3822 3611 3893; x_wconf 84' lang='lat' dir='ltr'><strong>inique,</strong></span> 
     </span>
    </p>
   </div>
   <div class='ocr_carea' id='block_1_84' title="bbox 2035 3909 3616 3982">
    <p class='ocr_par' dir='ltr' id='par_1_84' title="bbox 2035 3909 3616 3982">
     <span class='ocr_line' id='line_1_84' title="bbox 2035 3909 3616 3982; baseline 0.001 -17"><span class='ocrx_word' id='word_1_594' title='bbox 2035 3910 2233 3976; x_wconf 88' lang='lat' dir='ltr'><strong>fateor,</strong></span> <span class='ocrx_word' id='word_1_595' title='bbox 2255 3910 2513 3980; x_wconf 75' lang='lat' dir='ltr'><strong>egissem,</strong></span> <span class='ocrx_word' id='word_1_596' title='bbox 2537 3918 2596 3965; x_wconf 93' lang='lat' dir='ltr'><strong>et</strong></span> <span class='ocrx_word' id='word_1_597' title='bbox 2622 3909 2677 3963; x_wconf 92' lang='lat' dir='ltr'><strong>in</strong></span> <span class='ocrx_word' id='word_1_598' title='bbox 2701 3909 2993 3981; x_wconf 88' lang='lat' dir='ltr'><strong>magistros</strong></span> <span class='ocrx_word' id='word_1_599' title='bbox 3011 3910 3239 3966; x_wconf 85' lang='lat' dir='ltr'><strong>fuissem</strong></span> <span class='ocrx_word' id='word_1_600' title='bbox 3258 3911 3527 3982; x_wconf 87' lang='lat' dir='ltr'><strong>ingratus.</strong></span> <span class='ocrx_word' id='word_1_601' title='bbox 3544 3912 3616 3967; x_wconf 81' lang='lat' dir='ltr'><strong>At</strong></span> 
     </span>
    </p>
   </div>
   <div class='ocr_carea' id='block_1_85' title="bbox 2031 3999 3614 4073">
    <p class='ocr_par' dir='ltr' id='par_1_85' title="bbox 2031 3999 3614 4073">
     <span class='ocr_line' id='line_1_85' title="bbox 2031 3999 3614 4073; baseline 0.001 -19"><span class='ocrx_word' id='word_1_602' title='bbox 2031 4000 2081 4054; x_wconf 87' lang='lat' dir='ltr'><strong>si</strong></span> <span class='ocrx_word' id='word_1_603' title='bbox 2122 4016 2249 4055; x_wconf 92' lang='lat' dir='ltr'><strong>cum</strong></span> <span class='ocrx_word' id='word_1_604' title='bbox 2292 4016 2586 4057; x_wconf 87' lang='lat' dir='ltr'><strong>accusarer</strong></span> <span class='ocrx_word' id='word_1_605' title='bbox 2624 3999 3012 4057; x_wconf 82' lang='lat' dir='ltr'><strong>defensionem</strong></span> <span class='ocrx_word' id='word_1_606' title='bbox 3057 4017 3176 4057; x_wconf 88' lang='lat' dir='ltr'><strong>sum</strong></span> <span class='ocrx_word' id='word_1_607' title='bbox 3221 4017 3530 4073; x_wconf 81' lang='lat' dir='ltr'><strong>aggressus.</strong></span> <span class='ocrx_word' id='word_1_608' title='bbox 3559 4012 3614 4057; x_wconf 91' lang='lat' dir='ltr'><strong>ct</strong></span> 
     </span>
    </p>
   </div>
   <div class='ocr_carea' id='block_1_86' title="bbox 2032 4091 3614 4165">
    <p class='ocr_par' dir='ltr' id='par_1_86' title="bbox 2032 4091 3614 4165">
     <span class='ocr_line' id='line_1_86' title="bbox 2032 4091 3614 4165; baseline 0.003 -20"><span class='ocrx_word' id='word_1_609' title='bbox 2032 4100 2205 4147; x_wconf 83' lang='lat' dir='ltr'><strong>testes</strong></span> <span class='ocrx_word' id='word_1_610' title='bbox 2229 4091 2572 4148; x_wconf 89' lang='lat' dir='ltr'><strong>indubitatos</strong></span> <span class='ocrx_word' id='word_1_611' title='bbox 2600 4095 2859 4164; x_wconf 82' lang='lat' dir='ltr'><strong>produxi,</strong></span> <span class='ocrx_word' id='word_1_612' title='bbox 2881 4094 3015 4165; x_wconf 88' lang='lat' dir='ltr'><strong>quid</strong></span> <span class='ocrx_word' id='word_1_613' title='bbox 3045 4093 3320 4149; x_wconf 87' lang='lat' dir='ltr'><strong>incassum</strong></span> <span class='ocrx_word' id='word_1_614' title='bbox 3341 4109 3444 4149; x_wconf 86' lang='lat' dir='ltr'><strong>nos</strong></span> <span class='ocrx_word' id='word_1_615' title='bbox 3468 4096 3614 4150; x_wconf 84' lang='lat' dir='ltr'><strong>vitu-</strong></span> 
     </span>
    </p>
   </div>
   <div class='ocr_carea' id='block_1_87' title="bbox 2033 4181 3608 4252">
    <p class='ocr_par' dir='ltr' id='par_1_87' title="bbox 2033 4181 3608 4252">
     <span class='ocr_line' id='line_1_87' title="bbox 2033 4181 3608 4252; baseline 0.003 -17"><span class='ocrx_word' id='word_1_616' title='bbox 2033 4188 2250 4252; x_wconf 87' lang='lat' dir='ltr'><strong>perant,</strong></span> <span class='ocrx_word' id='word_1_617' title='bbox 2279 4181 2376 4251; x_wconf 91' lang='lat' dir='ltr'><strong>qui</strong></span> <span class='ocrx_word' id='word_1_618' title='bbox 2404 4182 2604 4239; x_wconf 87' lang='lat' dir='ltr'><strong>horum</strong></span> <span class='ocrx_word' id='word_1_619' title='bbox 2627 4183 2818 4240; x_wconf 87' lang='lat' dir='ltr'><strong>videre</strong></span> <span class='ocrx_word' id='word_1_620' title='bbox 2839 4184 2978 4239; x_wconf 91' lang='lat' dir='ltr'><strong>nihil</strong></span> <span class='ocrx_word' id='word_1_621' title='bbox 3018 4183 3252 4237; x_wconf 84' lang='lat' dir='ltr'><strong>volunt?</strong></span> <span class='ocrx_word' id='word_1_622' title='bbox 3277 4182 3399 4250; x_wconf 89' lang='lat' dir='ltr'><strong>Quo</strong></span> <span class='ocrx_word' id='word_1_623' title='bbox 3422 4193 3608 4239; x_wconf 90' lang='lat' dir='ltr'><strong>autem</strong></span> 
     </span>
    </p>
   </div>
   <div class='ocr_carea' id='block_1_88' title="bbox 2032 4270 3612 4342">
    <p class='ocr_par' dir='ltr' id='par_1_88' title="bbox 2032 4270 3612 4342">
     <span class='ocr_line' id='line_1_88' title="bbox 2032 4270 3612 4342; baseline 0.002 -17"><span class='ocrx_word' id='word_1_624' title='bbox 2032 4270 2184 4326; x_wconf 89' lang='lat' dir='ltr'><strong>cultu</strong></span> <span class='ocrx_word' id='word_1_625' title='bbox 2218 4270 2370 4326; x_wconf 86' lang='lat' dir='ltr'><strong>viros</strong></span> <span class='ocrx_word' id='word_1_626' title='bbox 2386 4286 2713 4342; x_wconf 86' lang='lat' dir='ltr'><strong>prosequar,</strong></span> <span class='ocrx_word' id='word_1_627' title='bbox 2745 4273 2901 4328; x_wconf 89' lang='lat' dir='ltr'><strong>testis</strong></span> <span class='ocrx_word' id='word_1_628' title='bbox 2922 4272 3173 4329; x_wconf 87' lang='lat' dir='ltr'><strong>estliber</strong></span> <span class='ocrx_word' id='word_1_629' title='bbox 3199 4288 3366 4342; x_wconf 86' lang='lat' dir='ltr'><strong>quem</strong></span> <span class='ocrx_word' id='word_1_630' title='bbox 3398 4273 3467 4328; x_wconf 90' lang='lat' dir='ltr'><strong>de</strong></span> <span class='ocrx_word' id='word_1_631' title='bbox 3499 4274 3612 4329; x_wconf 89' lang='lat' dir='ltr'><strong>illis</strong></span> 
     </span>
    </p>
   </div>
   <div class='ocr_carea' id='block_1_89' title="bbox 2030 4361 3607 4432">
    <p class='ocr_par' dir='ltr' id='par_1_89' title="bbox 2030 4361 3607 4432">
     <span class='ocr_line' id='line_1_89' title="bbox 2030 4361 3607 4432; baseline 0.001 -15"><span class='ocrx_word' id='word_1_632' title='bbox 2030 4361 2339 4431; x_wconf 86' lang='lat' dir='ltr'><strong>composui,</strong></span> <span class='ocrx_word' id='word_1_633' title='bbox 2372 4362 2429 4417; x_wconf 86' lang='lat' dir='ltr'><strong>in</strong></span> <span class='ocrx_word' id='word_1_634' title='bbox 2462 4378 2573 4432; x_wconf 89' lang='lat' dir='ltr'><strong>quo</strong></span> <span class='ocrx_word' id='word_1_635' title='bbox 2609 4363 2902 4418; x_wconf 82' lang='lat' dir='ltr'><strong>conflatam</strong></span> <span class='ocrx_word' id='word_1_636' title='bbox 2938 4363 2995 4418; x_wconf 89' lang='lat' dir='ltr'><strong>in</strong></span> <span class='ocrx_word' id='word_1_637' title='bbox 3037 4363 3162 4418; x_wconf 89' lang='lat' dir='ltr'><strong>illos</strong></span> <span class='ocrx_word' id='word_1_638' title='bbox 3199 4365 3607 4421; x_wconf 84' lang='lat' dir='ltr'><strong>accusationem</strong></span> 
     </span>
    </p>
   </div>
   <div class='ocr_carea' id='block_1_90' title="bbox 2028 4452 3607 4525">
    <p class='ocr_par' dir='ltr' id='par_1_90' title="bbox 2028 4452 3607 4525">
     <span class='ocr_line' id='line_1_90' title="bbox 2028 4452 3607 4525; baseline 0.003 -18"><span class='ocrx_word' id='word_1_639' title='bbox 2028 4452 2315 4519; x_wconf 89' lang='lat' dir='ltr'><strong>diluimus,</strong></span> <span class='ocrx_word' id='word_1_640' title='bbox 2350 4469 2454 4509; x_wconf 90' lang='lat' dir='ltr'><strong>nec</strong></span> <span class='ocrx_word' id='word_1_641' title='bbox 2478 4464 2862 4510; x_wconf 88' lang='lat' dir='ltr'><strong>accusatorum</strong></span> <span class='ocrx_word' id='word_1_642' title='bbox 2884 4454 3212 4525; x_wconf 85' lang='lat' dir='ltr'><strong>potentiam,</strong></span> <span class='ocrx_word' id='word_1_643' title='bbox 3237 4470 3343 4511; x_wconf 88' lang='lat' dir='ltr'><strong>nec</strong></span> <span class='ocrx_word' id='word_1_644' title='bbox 3366 4463 3607 4511; x_wconf 89' lang='lat' dir='ltr'><strong>structas</strong></span> 
     </span>
    </p>
   </div>
   <div class='ocr_carea' id='block_1_91' title="bbox 2030 4543 3607 4618">
    <p class='ocr_par' dir='ltr' id='par_1_91' title="bbox 2030 4543 3607 4618">
     <span class='ocr_line' id='line_1_91' title="bbox 2030 4543 3607 4618; baseline 0.004 -21"><span class='ocrx_word' id='word_1_645' title='bbox 2030 4551 2222 4598; x_wconf 89' lang='lat' dir='ltr'><strong>contra</strong></span> <span class='ocrx_word' id='word_1_646' title='bbox 2244 4558 2348 4599; x_wconf 90' lang='lat' dir='ltr'><strong>nos</strong></span> <span class='ocrx_word' id='word_1_647' title='bbox 2368 4544 2597 4599; x_wconf 87' lang='lat' dir='ltr'><strong>insidias</strong></span> <span class='ocrx_word' id='word_1_648' title='bbox 2623 4543 3070 4602; x_wconf 89' lang='lat' dir='ltr'><strong>reformidantes.</strong></span> <span class='ocrx_word' id='word_1_649' title='bbox 3094 4545 3278 4600; x_wconf 83' lang='lat' dir='ltr'><strong>Alium</strong></span> <span class='ocrx_word' id='word_1_650' title='bbox 3308 4560 3440 4618; x_wconf 83' lang='lat' dir='ltr'><strong>ergo</strong></span> <span class='ocrx_word' id='word_1_651' title='bbox 3467 4564 3607 4618; x_wconf 69' lang='lat' dir='ltr'><strong>prie-</strong></span> 
     </span>
    </p>
   </div>
   <div class='ocr_carea' id='block_1_92' title="bbox 265 4623 1935 4715">
    <p class='ocr_par' dir='ltr' id='par_1_92' title="bbox 265 4623 1926 4715">
     <span class='ocr_line' id='line_1_92' title="bbox 265 4623 1926 4715; baseline -0.001 -20"><span class='ocrx_word' id='word_1_652' title='bbox 265 4636 289 4680; x_wconf 75' lang='lat'><em>‘</em></span> <span class='ocrx_word' id='word_1_653' title='bbox 325 4661 442 4715; x_wconf 89' lang='grc' dir='ltr'><strong>νην</strong></span> <span class='ocrx_word' id='word_1_654' title='bbox 465 4623 683 4714; x_wconf 80' lang='grc' dir='ltr'>γραφὴν</span> <span class='ocrx_word' id='word_1_655' title='bbox 708 4640 1055 4712; x_wconf 87' lang='grc' dir='ltr'>διελύσαμεν,</span> <span class='ocrx_word' id='word_1_656' title='bbox 1078 4641 1141 4694; x_wconf 90' lang='grc' dir='ltr'><strong>ού</strong></span> <span class='ocrx_word' id='word_1_657' title='bbox 1170 4640 1446 4704; x_wconf 82' lang='grc' dir='ltr'>δείσαντες</span> <span class='ocrx_word' id='word_1_658' title='bbox 1469 4640 1577 4693; x_wconf 85' lang='grc' dir='ltr'>τῶν</span> <span class='ocrx_word' id='word_1_659' title='bbox 1602 4639 1926 4711; x_wconf 87' lang='grc' dir='ltr'>κατηγόρων</span> 
     </span>
    </p>
   </div>
   <div class='ocr_carea' id='block_1_93' title="bbox 2039 4623 3602 4715">
    <p class='ocr_par' dir='ltr' id='par_1_93' title="bbox 2039 4635 3602 4710">
     <span class='ocr_line' id='line_1_93' title="bbox 2039 4635 3602 4710; baseline 0.004 -20"><span class='ocrx_word' id='word_1_660' title='bbox 2039 4635 2319 4706; x_wconf 76' lang='lat' dir='ltr'><strong>stigiarum</strong></span> <span class='ocrx_word' id='word_1_661' title='bbox 2349 4636 2589 4692; x_wconf 91' lang='lat' dir='ltr'><strong>colorem</strong></span> <span class='ocrx_word' id='word_1_662' title='bbox 2625 4645 2876 4707; x_wconf 73' lang='lat' dir='ltr'><strong>quaerant</strong></span> <span class='ocrx_word' id='word_1_663' title='bbox 2910 4652 3051 4709; x_wconf 88' lang='lat' dir='ltr'><strong>quos</strong></span> <span class='ocrx_word' id='word_1_664' title='bbox 3081 4639 3296 4710; x_wconf 89' lang='lat' dir='ltr'><strong>garrire</strong></span> <span class='ocrx_word' id='word_1_665' title='bbox 3339 4639 3602 4696; x_wconf 88' lang='lat' dir='ltr'><strong>delectat.</strong></span> 
     </span>
    </p>
   </div>
   <div class='ocr_carea' id='block_1_94' title="bbox 318 4728 1923 4802">
    <p class='ocr_par' dir='ltr' id='par_1_94' title="bbox 318 4728 1923 4802">
     <span class='ocr_line' id='line_1_94' title="bbox 318 4728 1923 4802; baseline -0.001 -17"><span class='ocrx_word' id='word_1_666' title='bbox 318 4730 440 4802; x_wconf 74' lang='grc' dir='ltr'>τὴν</span> <span class='ocrx_word' id='word_1_667' title='bbox 471 4728 810 4795; x_wconf 84' lang='grc' dir='ltr'>δυναστείαν,</span> <span class='ocrx_word' id='word_1_668' title='bbox 843 4728 967 4783; x_wconf 79' lang='grc' dir='ltr'>οὐδὲ</span> <span class='ocrx_word' id='word_1_669' title='bbox 993 4728 1092 4794; x_wconf 77' lang='grc' dir='ltr'><strong>τὰς</strong></span> <span class='ocrx_word' id='word_1_670' title='bbox 1123 4729 1246 4785; x_wconf 81' lang='grc' dir='ltr'>καθ’</span> <span class='ocrx_word' id='word_1_671' title='bbox 1272 4729 1430 4801; x_wconf 76' lang='grc' dir='ltr'>ἡμῶν</span> <span class='ocrx_word' id='word_1_672' title='bbox 1457 4731 1760 4800; x_wconf 82' lang='grc' dir='ltr'>γενομένας</span> <span class='ocrx_word' id='word_1_673' title='bbox 1797 4730 1923 4784; x_wconf 88' lang='grc' dir='ltr'>ἐπι-</span> 
     </span>
    </p>
   </div>
   <div class='ocr_carea' id='block_1_95' title="bbox 319 4818 1923 4893">
    <p class='ocr_par' dir='ltr' id='par_1_95' title="bbox 319 4818 1923 4893">
     <span class='ocr_line' id='line_1_95' title="bbox 319 4818 1923 4893; baseline -0.002 -17"><span class='ocrx_word' id='word_1_674' title='bbox 319 4822 565 4886; x_wconf 74' lang='grc' dir='ltr'>ϐουλάς.</span> <span class='ocrx_word' id='word_1_675' title='bbox 594 4821 799 4892; x_wconf 78' lang='grc' dir='ltr'>’Λλλην</span> <span class='ocrx_word' id='word_1_676' title='bbox 829 4818 1008 4889; x_wconf 79' lang='grc' dir='ltr'>τοίνυν</span> <span class='ocrx_word' id='word_1_677' title='bbox 1042 4821 1316 4891; x_wconf 73' lang='grc' dir='ltr'>ἐχέτωσαν</span> <span class='ocrx_word' id='word_1_678' title='bbox 1349 4820 1640 4893; x_wconf 84' lang='grc' dir='ltr'>τερθρείας</span> <span class='ocrx_word' id='word_1_679' title='bbox 1668 4820 1923 4892; x_wconf 79' lang='grc' dir='ltr'>ἀφορμὴν</span> 
     </span>
    </p>
   </div>
   <div class='ocr_carea' id='block_1_96' title="bbox 321 4912 1920 4985">
    <p class='ocr_par' dir='ltr' id='par_1_96' title="bbox 321 4912 1920 4985">
     <span class='ocr_line' id='line_1_96' title="bbox 321 4912 1920 4985; baseline -0.001 -17"><span class='ocrx_word' id='word_1_680' title='bbox 321 4917 381 4969; x_wconf 67' lang='grc' dir='ltr'>»ί</span> <span class='ocrx_word' id='word_1_681' title='bbox 438 4915 541 4984; x_wconf 83' lang='grc' dir='ltr'>τὴν</span> <span class='ocrx_word' id='word_1_682' title='bbox 595 4913 917 4984; x_wconf 88' lang='grc' dir='ltr'>ἀδολεσχίαν</span> <span class='ocrx_word' id='word_1_683' title='bbox 957 4912 1349 4983; x_wconf 78' lang='grc' dir='ltr'>ἀσπαζόμενοι.</span> <span class='ocrx_word' id='word_1_684' title='bbox 1410 4914 1565 4985; x_wconf 76' lang='grc' dir='ltr'>Ἐμοὶ</span> <span class='ocrx_word' id='word_1_685' title='bbox 1618 4913 1822 4977; x_wconf 79' lang='grc' dir='ltr'>σκοπὸς</span> <span class='ocrx_word' id='word_1_686' title='bbox 1857 4914 1920 4967; x_wconf 89' lang='grc' dir='ltr'><strong>ού</strong></span> 
     </span>
    </p>
   </div>
   <div class='ocr_carea' id='block_1_97' title="bbox 2028 4727 3607 4802">
    <p class='ocr_par' dir='ltr' id='par_1_97' title="bbox 2028 4727 3607 4802">
     <span class='ocr_line' id='line_1_97' title="bbox 2028 4727 3607 4802; baseline 0.004 -20"><span class='ocrx_word' id='word_1_687' title='bbox 2028 4727 2162 4783; x_wconf 71' lang='lat' dir='ltr'><strong>Mihi</strong></span> <span class='ocrx_word' id='word_1_688' title='bbox 2190 4728 2535 4799; x_wconf 87' lang='lat' dir='ltr'><strong>propositum</strong></span> <span class='ocrx_word' id='word_1_689' title='bbox 2563 4728 2779 4800; x_wconf 75' lang='lat'><strong>1079</strong></span> <span class='ocrx_word' id='word_1_690' title='bbox 2795 4738 2900 4795; x_wconf 87' lang='lat' dir='ltr'><strong>est,</strong></span> <span class='ocrx_word' id='word_1_691' title='bbox 2930 4746 3039 4785; x_wconf 89' lang='lat' dir='ltr'><strong>non</strong></span> <span class='ocrx_word' id='word_1_692' title='bbox 3065 4729 3133 4786; x_wconf 92' lang='lat' dir='ltr'><strong>ad</strong></span> <span class='ocrx_word' id='word_1_693' title='bbox 3154 4731 3320 4802; x_wconf 82' lang='lat' dir='ltr'><strong>hujus</strong></span> <span class='ocrx_word' id='word_1_694' title='bbox 3340 4733 3426 4787; x_wconf 86' lang='lat' dir='ltr'><strong>vel</strong></span> <span class='ocrx_word' id='word_1_695' title='bbox 3460 4733 3607 4789; x_wconf 85' lang='lat' dir='ltr'><strong>illius</strong></span> 
     </span>
    </p>
   </div>
   <div class='ocr_carea' id='block_1_98' title="bbox 2028 4820 3602 4890">
    <p class='ocr_par' dir='ltr' id='par_1_98' title="bbox 2028 4820 3602 4890">
     <span class='ocr_line' id='line_1_98' title="bbox 2028 4820 3602 4890; baseline 0.004 -17"><span class='ocrx_word' id='word_1_696' title='bbox 2028 4822 2262 4890; x_wconf 86' lang='lat' dir='ltr'><strong>gratiam</strong></span> <span class='ocrx_word' id='word_1_697' title='bbox 2295 4820 2479 4875; x_wconf 89' lang='lat' dir='ltr'><strong>omnia</strong></span> <span class='ocrx_word' id='word_1_698' title='bbox 2527 4820 2717 4876; x_wconf 88' lang='lat' dir='ltr'><strong>dicere</strong></span> <span class='ocrx_word' id='word_1_699' title='bbox 2734 4829 2794 4875; x_wconf 89' lang='lat' dir='ltr'><strong>et</strong></span> <span class='ocrx_word' id='word_1_700' title='bbox 2815 4820 3017 4886; x_wconf 87' lang='lat' dir='ltr'><strong>facere,</strong></span> <span class='ocrx_word' id='word_1_701' title='bbox 3053 4822 3150 4877; x_wconf 87' lang='lat' dir='ltr'><strong>sed</strong></span> <span class='ocrx_word' id='word_1_702' title='bbox 3176 4822 3274 4878; x_wconf 88' lang='lat' dir='ltr'><strong>Dei</strong></span> <span class='ocrx_word' id='word_1_703' title='bbox 3300 4824 3602 4881; x_wconf 84' lang='lat' dir='ltr'><strong>Ecclesiam</strong></span> 
     </span>
    </p>
   </div>
   <div class='ocr_carea' id='block_1_99' title="bbox 2027 4908 3599 4981">
    <p class='ocr_par' dir='ltr' id='par_1_99' title="bbox 2027 4908 3599 4981">
     <span class='ocr_line' id='line_1_99' title="bbox 2027 4908 3599 4981; baseline 0.003 -17"><span class='ocrx_word' id='word_1_704' title='bbox 2027 4908 2321 4975; x_wconf 82' lang='lat' dir='ltr'><strong>aedificare,</strong></span> <span class='ocrx_word' id='word_1_705' title='bbox 2344 4917 2400 4962; x_wconf 93' lang='lat' dir='ltr'><strong>et</strong></span> <span class='ocrx_word' id='word_1_706' title='bbox 2421 4908 2586 4980; x_wconf 88' lang='lat' dir='ltr'><strong>hujus</strong></span> <span class='ocrx_word' id='word_1_707' title='bbox 2611 4925 2812 4979; x_wconf 87' lang='lat' dir='ltr'><strong>sponso</strong></span> <span class='ocrx_word' id='word_1_708' title='bbox 2833 4925 2898 4965; x_wconf 90' lang='lat' dir='ltr'><strong>ac</strong></span> <span class='ocrx_word' id='word_1_709' title='bbox 2920 4911 3153 4965; x_wconf 89' lang='lat' dir='ltr'><strong>Domino</strong></span> <span class='ocrx_word' id='word_1_710' title='bbox 3177 4912 3416 4981; x_wconf 80' lang='lat' dir='ltr'><strong>placere.</strong></span> <span class='ocrx_word' id='word_1_711' title='bbox 3444 4912 3599 4980; x_wconf 88' lang='lat' dir='ltr'><strong>Quod</strong></span> 
     </span>
    </p>
   </div>
   <div class='ocr_carea' id='block_1_100' title="bbox 319 5000 1935 5079">
    <p class='ocr_par' dir='ltr' id='par_1_100' title="bbox 319 5004 1925 5079">
     <span class='ocr_line' id='line_1_100' title="bbox 319 5004 1925 5079; baseline -0.002 -18"><span class='ocrx_word' id='word_1_712' title='bbox 319 5007 482 5079; x_wconf 68' lang='grc' dir='ltr'>πρὸς</span> <span class='ocrx_word' id='word_1_713' title='bbox 515 5006 677 5077; x_wconf 84' lang='grc' dir='ltr'>χάριν</span> <span class='ocrx_word' id='word_1_714' title='bbox 708 5005 804 5059; x_wconf 90' lang='grc' dir='ltr'><strong>τοῦ</strong></span> <span class='ocrx_word' id='word_1_715' title='bbox 841 5004 1011 5068; x_wconf 83' lang='grc' dir='ltr'>δεῖνος</span> <span class='ocrx_word' id='word_1_716' title='bbox 1056 5005 1153 5059; x_wconf 75' lang='grc' dir='ltr'>καὶ</span> <span class='ocrx_word' id='word_1_717' title='bbox 1182 5004 1276 5059; x_wconf 88' lang='grc' dir='ltr'><strong>τοῦ</strong></span> <span class='ocrx_word' id='word_1_718' title='bbox 1320 5005 1491 5068; x_wconf 85' lang='grc' dir='ltr'>δεῖνος</span> <span class='ocrx_word' id='word_1_719' title='bbox 1534 5005 1712 5060; x_wconf 79' lang='grc' dir='ltr'>πάντα</span> <span class='ocrx_word' id='word_1_720' title='bbox 1741 5004 1925 5073; x_wconf 88' lang='grc' dir='ltr'>λέγειν</span> 
     </span>
    </p>
   </div>
   <div class='ocr_carea' id='block_1_101' title="bbox 2039 5000 3605 5079">
    <p class='ocr_par' dir='ltr' id='par_1_101' title="bbox 2039 5000 3605 5075">
     <span class='ocr_line' id='line_1_101' title="bbox 2039 5000 3605 5075; baseline 0.002 -19"><span class='ocrx_word' id='word_1_721' title='bbox 2039 5000 2176 5056; x_wconf 69' lang='lat' dir='ltr'><strong>anim</strong></span> <span class='ocrx_word' id='word_1_722' title='bbox 2227 5015 2338 5056; x_wconf 92' lang='lat' dir='ltr'><strong>non</strong></span> <span class='ocrx_word' id='word_1_723' title='bbox 2388 5000 2707 5070; x_wconf 84' lang='lat' dir='ltr'><strong>temporalis</strong></span> <span class='ocrx_word' id='word_1_724' title='bbox 2744 5001 3022 5056; x_wconf 88' lang='lat' dir='ltr'><strong>commodi</strong></span> <span class='ocrx_word' id='word_1_725' title='bbox 3073 5018 3259 5067; x_wconf 87' lang='lat' dir='ltr'><strong>causa,</strong></span> <span class='ocrx_word' id='word_1_726' title='bbox 3312 5019 3491 5075; x_wconf 88' lang='lat' dir='ltr'><strong>neque</strong></span> <span class='ocrx_word' id='word_1_727' title='bbox 3541 5013 3605 5060; x_wconf 91' lang='lat' dir='ltr'><strong>ut</strong></span> 
     </span>
    </p>
   </div>
   <div class='ocr_carea' id='block_1_102' title="bbox 310 5093 1922 5168">
    <p class='ocr_par' dir='ltr' id='par_1_102' title="bbox 310 5093 1922 5168">
     <span class='ocr_line' id='line_1_102' title="bbox 310 5093 1922 5168; baseline -0.005 -15"><span class='ocrx_word' id='word_1_728' title='bbox 310 5098 431 5153; x_wconf 80' lang='grc' dir='ltr'>καὶ</span> <span class='ocrx_word' id='word_1_729' title='bbox 465 5096 748 5168; x_wconf 87' lang='grc' dir='ltr'>πράττειν·</span> <span class='ocrx_word' id='word_1_730' title='bbox 797 5093 935 5149; x_wconf 81' lang='grc' dir='ltr'><strong>άλλά</strong></span> <span class='ocrx_word' id='word_1_731' title='bbox 960 5094 1059 5166; x_wconf 83' lang='grc' dir='ltr'>τήν</span> <span class='ocrx_word' id='word_1_732' title='bbox 1092 5111 1151 5147; x_wconf 91' lang='grc' dir='ltr'><strong>τε</strong></span> <span class='ocrx_word' id='word_1_733' title='bbox 1187 5093 1280 5148; x_wconf 89' lang='grc' dir='ltr'><strong>τοῦ</strong></span> <span class='ocrx_word' id='word_1_734' title='bbox 1306 5094 1442 5148; x_wconf 82' lang='grc' dir='ltr'>Θεοῦ</span> <span class='ocrx_word' id='word_1_735' title='bbox 1481 5095 1811 5166; x_wconf 86' lang='grc' dir='ltr'>Ἐκκλησίαν</span> <span class='ocrx_word' id='word_1_736' title='bbox 1839 5094 1922 5146; x_wconf 84' lang='lat' dir='ltr'><strong>ol-</strong></span> 
     </span>
    </p>
   </div>
   <div class='ocr_carea' id='block_1_103' title="bbox 2024 5091 3602 5165">
    <p class='ocr_par' dir='ltr' id='par_1_103' title="bbox 2024 5091 3602 5165">
     <span class='ocr_line' id='line_1_103' title="bbox 2024 5091 3602 5165; baseline 0.002 -18"><span class='ocrx_word' id='word_1_737' title='bbox 2024 5093 2322 5147; x_wconf 89' lang='lat' dir='ltr'><strong>multarum</strong></span> <span class='ocrx_word' id='word_1_738' title='bbox 2345 5106 2601 5147; x_wconf 89' lang='lat' dir='ltr'><strong>curarum</strong></span> <span class='ocrx_word' id='word_1_739' title='bbox 2637 5091 2905 5147; x_wconf 89' lang='lat' dir='ltr'><strong>honorem</strong></span> <span class='ocrx_word' id='word_1_740' title='bbox 2934 5092 3083 5146; x_wconf 89' lang='lat' dir='ltr'><strong>hunc</strong></span> <span class='ocrx_word' id='word_1_741' title='bbox 3114 5093 3403 5162; x_wconf 87' lang='lat' dir='ltr'><strong>retineam,</strong></span> <span class='ocrx_word' id='word_1_742' title='bbox 3437 5110 3602 5165; x_wconf 89' lang='lat' dir='ltr'><strong>quem</strong></span> 
     </span>
    </p>
   </div>
   <div class='ocr_carea' id='block_1_104' title="bbox 311 5182 1935 5258">
    <p class='ocr_par' dir='ltr' id='par_1_104' title="bbox 311 5185 1921 5258">
     <span class='ocr_line' id='line_1_104' title="bbox 311 5185 1921 5258; baseline -0.004 -13"><span class='ocrx_word' id='word_1_743' title='bbox 311 5190 609 5258; x_wconf 83' lang='grc' dir='ltr'>κοδομεῖν,</span> <span class='ocrx_word' id='word_1_744' title='bbox 641 5187 737 5241; x_wconf 75' lang='grc' dir='ltr'><strong>καὶ</strong></span> <span class='ocrx_word' id='word_1_745' title='bbox 784 5186 862 5258; x_wconf 83' lang='grc' dir='ltr'>τῷ</span> <span class='ocrx_word' id='word_1_746' title='bbox 901 5185 1106 5255; x_wconf 91' lang='grc' dir='ltr'>ταύτης</span> <span class='ocrx_word' id='word_1_747' title='bbox 1151 5185 1406 5257; x_wconf 83' lang='grc' dir='ltr'>ἀρέσκειν</span> <span class='ocrx_word' id='word_1_748' title='bbox 1459 5185 1680 5257; x_wconf 84' lang='grc' dir='ltr'>νυμφίῳ</span> <span class='ocrx_word' id='word_1_749' title='bbox 1735 5203 1795 5239; x_wconf 88' lang='grc' dir='ltr'><strong>τε</strong></span> <span class='ocrx_word' id='word_1_750' title='bbox 1823 5185 1921 5239; x_wconf 79' lang='grc' dir='ltr'><strong>καὶ</strong></span> 
     </span>
    </p>
   </div>
   <div class='ocr_carea' id='block_1_105' title="bbox 2039 5182 3602 5258">
    <p class='ocr_par' dir='ltr' id='par_1_105' title="bbox 2042 5182 3602 5254">
     <span class='ocr_line' id='line_1_105' title="bbox 2042 5182 3602 5254; baseline 0.003 -18"><span class='ocrx_word' id='word_1_751' title='bbox 2042 5182 2296 5238; x_wconf 89' lang='lat' dir='ltr'><strong>nfelicem</strong></span> <span class='ocrx_word' id='word_1_752' title='bbox 2343 5182 2513 5252; x_wconf 88' lang='lat' dir='ltr'><strong>piget,</strong></span> <span class='ocrx_word' id='word_1_753' title='bbox 2566 5182 2685 5237; x_wconf 67' lang='lat' dir='ltr'><strong>haec</strong></span> <span class='ocrx_word' id='word_1_754' title='bbox 2728 5197 2907 5254; x_wconf 85' lang='lat' dir='ltr'><strong>agam,</strong></span> <span class='ocrx_word' id='word_1_755' title='bbox 2955 5183 3112 5239; x_wconf 85' lang='lat' dir='ltr'><strong>testis</strong></span> <span class='ocrx_word' id='word_1_756' title='bbox 3155 5185 3289 5240; x_wconf 88' lang='lat' dir='ltr'><strong>mihi</strong></span> <span class='ocrx_word' id='word_1_757' title='bbox 3324 5196 3410 5242; x_wconf 89' lang='lat' dir='ltr'><strong>est</strong></span> <span class='ocrx_word' id='word_1_758' title='bbox 3464 5202 3602 5240; x_wconf 86' lang='lat' dir='ltr'><strong>con-</strong></span> 
     </span>
    </p>
   </div>
   <div class='ocr_carea' id='block_1_106' title="bbox 306 5275 1916 5353">
    <p class='ocr_par' dir='ltr' id='par_1_106' title="bbox 306 5275 1916 5353">
     <span class='ocr_line' id='line_1_106' title="bbox 306 5275 1916 5353; baseline -0.003 -19"><span class='ocrx_word' id='word_1_759' title='bbox 306 5279 614 5353; x_wconf 70' lang='grc' dir='ltr'>Δεσπότῃ.</span> <span class='ocrx_word' id='word_1_760' title='bbox 646 5280 767 5332; x_wconf 86' lang='grc' dir='ltr'><strong>Ὀτι</strong></span> <span class='ocrx_word' id='word_1_761' title='bbox 797 5278 906 5349; x_wconf 74' lang='grc' dir='ltr'>γὰρ</span> <span class='ocrx_word' id='word_1_762' title='bbox 952 5278 1015 5331; x_wconf 87' lang='grc' dir='ltr'>οὐ</span> <span class='ocrx_word' id='word_1_763' title='bbox 1048 5277 1367 5348; x_wconf 83' lang='grc' dir='ltr'>σωματικῆς</span> <span class='ocrx_word' id='word_1_764' title='bbox 1408 5276 1571 5330; x_wconf 70' lang='grc' dir='ltr'>ἕνεκα</span> <span class='ocrx_word' id='word_1_765' title='bbox 1598 5275 1916 5346; x_wconf 84' lang='grc' dir='ltr'>θεραπείας,</span> 
     </span>
    </p>
   </div>
   <div class='ocr_carea' id='block_1_107' title="bbox 306 5366 1921 5445">
    <p class='ocr_par' dir='ltr' id='par_1_107' title="bbox 306 5366 1921 5445">
     <span class='ocr_line' id='line_1_107' title="bbox 306 5366 1921 5445; baseline -0.005 -19"><span class='ocrx_word' id='word_1_766' title='bbox 306 5371 464 5426; x_wconf 78' lang='grc' dir='ltr'>οὐδὲ</span> <span class='ocrx_word' id='word_1_767' title='bbox 484 5372 582 5441; x_wconf 81' lang='grc' dir='ltr'>τῆς</span> <span class='ocrx_word' id='word_1_768' title='bbox 599 5369 1018 5440; x_wconf 85' lang='grc' dir='ltr'>πολυφρόντιδος</span> <span class='ocrx_word' id='word_1_769' title='bbox 1040 5368 1206 5439; x_wconf 80' lang='grc' dir='ltr'>τιμῆς</span> <span class='ocrx_word' id='word_1_770' title='bbox 1232 5366 1610 5445; x_wconf 77' lang='grc' dir='ltr'>ἀντεχόμενος,</span> <span class='ocrx_word' id='word_1_771' title='bbox 1633 5368 1700 5439; x_wconf 76' lang='grc' dir='ltr'>ἢν</span> <span class='ocrx_word' id='word_1_772' title='bbox 1725 5366 1921 5435; x_wconf 87' lang='grc' dir='ltr'>δύστη-</span> 
     </span>
    </p>
   </div>
   <div class='ocr_carea' id='block_1_108' title="bbox 306 5454 1920 5531">
    <p class='ocr_par' dir='ltr' id='par_1_108' title="bbox 306 5454 1920 5531">
     <span class='ocr_line' id='line_1_108' title="bbox 306 5454 1920 5531; baseline -0.005 -15"><span class='ocrx_word' id='word_1_773' title='bbox 306 5480 426 5516; x_wconf 83' lang='grc' dir='ltr'><strong>νον</strong></span> <span class='ocrx_word' id='word_1_774' title='bbox 471 5459 762 5531; x_wconf 76' lang='grc' dir='ltr'>ὀνομάζειν</span> <span class='ocrx_word' id='word_1_775' title='bbox 794 5458 957 5521; x_wconf 85' lang='grc' dir='ltr'>ὀκνῶ,</span> <span class='ocrx_word' id='word_1_776' title='bbox 1002 5456 1176 5512; x_wconf 86' lang='grc' dir='ltr'>ταῦτα</span> <span class='ocrx_word' id='word_1_777' title='bbox 1222 5455 1379 5519; x_wconf 74' lang='grc' dir='ltr'>ποιῶ,</span> <span class='ocrx_word' id='word_1_778' title='bbox 1423 5459 1696 5527; x_wconf 86' lang='grc' dir='ltr'>μαρτυρεῖ</span> <span class='ocrx_word' id='word_1_779' title='bbox 1730 5472 1820 5526; x_wconf 83' lang='grc' dir='ltr'><strong>μοι</strong></span> <span class='ocrx_word' id='word_1_780' title='bbox 1858 5454 1920 5508; x_wconf 76' lang='grc' dir='ltr'>τὸ</span> 
     </span>
    </p>
   </div>
   <div class='ocr_carea' id='block_1_109' title="bbox 437 5635 1061 5707">
    <p class='ocr_par' dir='ltr' id='par_1_109' title="bbox 437 5635 1061 5707">
     <span class='ocr_line' id='line_1_109' title="bbox 437 5635 1061 5707; baseline -0.006 -15"><span class='ocrx_word' id='word_1_781' title='bbox 437 5640 464 5692; x_wconf 78' lang='grc'><strong>1</strong></span> <span class='ocrx_word' id='word_1_782' title='bbox 481 5638 526 5703; x_wconf 85' lang='grc' dir='ltr'>ι)</span> <span class='ocrx_word' id='word_1_783' title='bbox 559 5635 864 5707; x_wconf 87' lang='grc' dir='ltr'>νενίκηκεν.</span> <span class='ocrx_word' id='word_1_784' title='bbox 894 5635 1061 5707; x_wconf 70' lang='lat' dir='ltr'><strong>Neap.</strong></span> 
     </span>
    </p>
   </div>
   <div class='ocr_carea' id='block_1_110' title="bbox 440 5706 1165 5779">
    <p class='ocr_par' dir='ltr' id='par_1_110' title="bbox 440 5706 1165 5779">
     <span class='ocr_line' id='line_1_110' title="bbox 440 5706 1165 5779; baseline -0.01 -18"><span class='ocrx_word' id='word_1_785' title='bbox 440 5708 526 5779; x_wconf 71' lang='grc'><strong>12)</strong></span> <span class='ocrx_word' id='word_1_786' title='bbox 560 5706 829 5779; x_wconf 81' lang='grc' dir='ltr'>παρέσχον</span> <span class='ocrx_word' id='word_1_787' title='bbox 855 5706 1165 5779; x_wconf 63' lang='lat' dir='ltr'><strong>ct7.__Neap.</strong></span> 
     </span>
    </p>
   </div>
   <div class='ocr_carea' id='block_1_111' title="bbox 405 5774 1130 5847">
    <p class='ocr_par' dir='ltr' id='par_1_111' title="bbox 405 5774 1130 5847">
     <span class='ocr_line' id='line_1_111' title="bbox 405 5774 1130 5847; baseline -0.006 -16"><span class='ocrx_word' id='word_1_788' title='bbox 405 5774 529 5847; x_wconf 77' lang='grc'><strong>(15)</strong></span> <span class='ocrx_word' id='word_1_789' title='bbox 563 5774 1130 5847; x_wconf 38' lang='grc' dir='ltr'>ἀρχαιοτέρων-Νεαρ.</span> 
     </span>
    </p>
   </div>
   <div class='ocr_carea' id='block_1_112' title="bbox 403 5832 1910 5924">
    <p class='ocr_par' dir='ltr' id='par_1_112' title="bbox 403 5832 1910 5924">
     <span class='ocr_line' id='line_1_112' title="bbox 403 5832 1910 5924; baseline -0.006 -22"><span class='ocrx_word' id='word_1_790' title='bbox 403 5832 529 5924; x_wconf 66' lang='lat' dir='ltr'><strong>(ut)</strong></span> <span class='ocrx_word' id='word_1_791' title='bbox 560 5832 668 5905; x_wconf 71' lang='grc' dir='ltr'><strong>11ἴὸ</strong></span> <span class='ocrx_word' id='word_1_792' title='bbox 687 5832 860 5910; x_wconf 71' lang='lat' dir='ltr'><strong>locus,</strong></span> <span class='ocrx_word' id='word_1_793' title='bbox 905 5832 1121 5915; x_wconf 71' lang='grc' dir='ltr'>Ἐπειδὴ</span> <span class='ocrx_word' id='word_1_794' title='bbox 1154 5840 1211 5896; x_wconf 82' lang='grc' dir='ltr'>δὲ</span> <span class='ocrx_word' id='word_1_795' title='bbox 1255 5854 1428 5908; x_wconf 89' lang='lat' dir='ltr'><strong>usque</strong></span> <span class='ocrx_word' id='word_1_796' title='bbox 1454 5837 1524 5894; x_wconf 88' lang='lat' dir='ltr'><strong>ad</strong></span> <span class='ocrx_word' id='word_1_797' title='bbox 1554 5840 1717 5895; x_wconf 87' lang='lat' dir='ltr'><strong>verba</strong></span> <span class='ocrx_word' id='word_1_798' title='bbox 1746 5857 1758 5894; x_wconf 86' lang='lat'><strong>:</strong></span> <span class='ocrx_word' id='word_1_799' title='bbox 1789 5840 1910 5894; x_wconf 74' lang='grc' dir='ltr'>οὐδὲ</span> 
     </span>
    </p>
   </div>
   <div class='ocr_carea' id='block_1_113' title="bbox 660 5935 1454 6002">
    <p class='ocr_par' dir='ltr' id='par_1_113' title="bbox 660 5935 1454 6002">
     <span class='ocr_line' id='line_1_113' title="bbox 660 5935 1454 6002; baseline -0.009 0"><span class='ocrx_word' id='word_1_800' title='bbox 660 5941 939 6002; x_wconf 62' lang='lat' dir='ltr'><strong>Panos.</strong></span> <span class='ocrx_word' id='word_1_801' title='bbox 982 5939 1097 5999; x_wconf 78' lang='lat' dir='ltr'><strong>Gn.</strong></span> <span class='ocrx_word' id='word_1_802' title='bbox 1140 5935 1454 5998; x_wconf 73' lang='lat' dir='ltr'><strong>LXXXIII.</strong></span> 
     </span>
    </p>
   </div>
   <div class='ocr_carea' id='block_1_114' title="bbox 2021 5698 2287 5761">
    <p class='ocr_par' dir='ltr' id='par_1_114' title="bbox 2021 5698 2287 5761">
     <span class='ocr_line' id='line_1_114' title="bbox 2021 5698 2287 5761; baseline 0 -8"><span class='ocrx_word' id='word_1_803' title='bbox 2021 5698 2074 5761; x_wconf 84' lang='lat'><strong>5,</strong></span> <span class='ocrx_word' id='word_1_804' title='bbox 2104 5698 2287 5753; x_wconf 81' lang='lat' dir='ltr'><strong>collat.</strong></span> 
     </span>
    </p>
   </div>
   <div class='ocr_carea' id='block_1_115' title="bbox 2020 5769 2243 5836">
    <p class='ocr_par' dir='ltr' id='par_1_115' title="bbox 2020 5769 2243 5836">
     <span class='ocr_line' id='line_1_115' title="bbox 2020 5769 2243 5836; baseline -0.009 -14"><span class='ocrx_word' id='word_1_805' title='bbox 2020 5782 2075 5836; x_wconf 8' lang='lat' dir='ltr'><strong>pr.</strong></span> <span class='ocrx_word' id='word_1_806' title='bbox 2112 5769 2243 5822; x_wconf 66' lang='grc' dir='ltr'>εει.</span> 
     </span>
    </p>
   </div>
   <div class='ocr_carea' id='block_1_116' title="bbox 2022 5272 3600 5346">
    <p class='ocr_par' dir='ltr' id='par_1_116' title="bbox 2022 5272 3600 5346">
     <span class='ocr_line' id='line_1_116' title="bbox 2022 5272 3600 5346; baseline 0.003 -18"><span class='ocrx_word' id='word_1_807' title='bbox 2022 5272 2271 5328; x_wconf 88' lang='lat' dir='ltr'><strong>scientia.</strong></span> <span class='ocrx_word' id='word_1_808' title='bbox 2324 5272 2658 5328; x_wconf 87' lang='lat' dir='ltr'><strong>Jamdudum</strong></span> <span class='ocrx_word' id='word_1_809' title='bbox 2702 5274 2851 5329; x_wconf 90' lang='lat' dir='ltr'><strong>enim</strong></span> <span class='ocrx_word' id='word_1_810' title='bbox 2895 5285 3091 5346; x_wconf 86' lang='lat' dir='ltr'><strong>sponte</strong></span> <span class='ocrx_word' id='word_1_811' title='bbox 3154 5291 3274 5332; x_wconf 89' lang='lat' dir='ltr'><strong>mea</strong></span> <span class='ocrx_word' id='word_1_812' title='bbox 3318 5277 3600 5333; x_wconf 80' lang='lat' dir='ltr'><strong>discessis-</strong></span> 
     </span>
    </p>
   </div>
   <div class='ocr_carea' id='block_1_117' title="bbox 2023 5363 3598 5436">
    <p class='ocr_par' dir='ltr' id='par_1_117' title="bbox 2023 5363 3598 5436">
     <span class='ocr_line' id='line_1_117' title="bbox 2023 5363 3598 5436; baseline 0.004 -17"><span class='ocrx_word' id='word_1_813' title='bbox 2023 5379 2161 5428; x_wconf 86' lang='lat' dir='ltr'><strong>sem,</strong></span> <span class='ocrx_word' id='word_1_814' title='bbox 2189 5363 2297 5419; x_wconf 92' lang='lat' dir='ltr'><strong>nisi</strong></span> <span class='ocrx_word' id='word_1_815' title='bbox 2319 5363 2569 5419; x_wconf 86' lang='lat' dir='ltr'><strong>divinum</strong></span> <span class='ocrx_word' id='word_1_816' title='bbox 2595 5365 2866 5436; x_wconf 83' lang='lat' dir='ltr'><strong>judicium</strong></span> <span class='ocrx_word' id='word_1_817' title='bbox 2893 5368 3105 5424; x_wconf 84' lang='lat' dir='ltr'><strong>veritus</strong></span> <span class='ocrx_word' id='word_1_818' title='bbox 3124 5381 3324 5424; x_wconf 85' lang='lat' dir='ltr'><strong>essem.</strong></span> <span class='ocrx_word' id='word_1_819' title='bbox 3356 5369 3426 5423; x_wconf 86' lang='lat' dir='ltr'><strong>Et</strong></span> <span class='ocrx_word' id='word_1_820' title='bbox 3450 5384 3598 5426; x_wconf 82' lang='lat' dir='ltr'><strong>nunc</strong></span> 
     </span>
    </p>
   </div>
   <div class='ocr_carea' id='block_1_118' title="bbox 2026 5453 3596 5529">
    <p class='ocr_par' dir='ltr' id='par_1_118' title="bbox 2026 5453 3596 5529">
     <span class='ocr_line' id='line_1_118' title="bbox 2026 5453 3596 5529; baseline 0.004 -20"><span class='ocrx_word' id='word_1_821' title='bbox 2026 5455 2186 5521; x_wconf 88' lang='lat' dir='ltr'><strong>scito,</strong></span> <span class='ocrx_word' id='word_1_822' title='bbox 2220 5453 2462 5521; x_wconf 90' lang='lat' dir='ltr'><strong>domine,</strong></span> <span class='ocrx_word' id='word_1_823' title='bbox 2507 5455 2655 5525; x_wconf 88' lang='lat' dir='ltr'><strong>quod</strong></span> <span class='ocrx_word' id='word_1_824' title='bbox 2695 5466 2930 5515; x_wconf 87' lang='lat' dir='ltr'><strong>mortem</strong></span> <span class='ocrx_word' id='word_1_825' title='bbox 2970 5470 3302 5529; x_wconf 80' lang='lat' dir='ltr'><strong>exspectem.</strong></span> <span class='ocrx_word' id='word_1_826' title='bbox 3346 5461 3596 5516; x_wconf 77' lang='lat' dir='ltr'><strong>Vicinam</strong></span> 
     </span>
    </p>
   </div>
   <div class='ocr_carea' id='block_1_119' title="bbox 2020 5604 3597 5729">
    <p class='ocr_par' dir='ltr' id='par_1_119' title="bbox 2020 5627 3597 5729">
     <span class='ocr_line' id='line_1_119' title="bbox 2020 5627 3597 5729; baseline 0.006 -49"><span class='ocrx_word' id='word_1_827' title='bbox 2020 5627 2119 5690; x_wconf 74' lang='grc' dir='ltr'>τὰς</span> <span class='ocrx_word' id='word_1_828' title='bbox 2149 5627 2267 5681; x_wconf 73' lang='grc' dir='ltr'>καθ’</span> <span class='ocrx_word' id='word_1_829' title='bbox 2299 5627 2457 5729; x_wconf 56' lang='grc' dir='ltr'>ημῶν</span> <span class='ocrx_word' id='word_1_830' title='bbox 2498 5629 2795 5701; x_wconf 85' lang='grc' dir='ltr'>γενομένας</span> <span class='ocrx_word' id='word_1_831' title='bbox 2835 5630 3146 5695; x_wconf 86' lang='grc' dir='ltr'>ἐπιϐουλάς,</span> <span class='ocrx_word' id='word_1_832' title='bbox 3186 5640 3271 5687; x_wconf 86' lang='lat' dir='ltr'><strong>est</strong></span> <span class='ocrx_word' id='word_1_833' title='bbox 3311 5631 3367 5686; x_wconf 89' lang='lat' dir='ltr'><strong>in</strong></span> <span class='ocrx_word' id='word_1_834' title='bbox 3403 5634 3597 5704; x_wconf 77' lang='lat' dir='ltr'><strong>synodi</strong></span> 
     </span>
     <span class='ocr_line' id='line_1_120' title="bbox 2024 5698 3563 5729; baseline 0 0"><span class='ocrx_word' id='word_1_835' title='bbox 2024 5698 2054 5729; x_wconf 58' lang='grc' dir='ltr'><strong><em>Β</em></strong></span> <span class='ocrx_word' id='word_1_836' title='bbox 2105 5698 2262 5729; x_wconf 71' lang='grc' dir='ltr'><strong>ηηιιηο</strong></span> <span class='ocrx_word' id='word_1_837' title='bbox 2336 5719 2352 5729; x_wconf 70' lang='grc'><strong>.</strong></span> <span class='ocrx_word' id='word_1_838' title='bbox 2407 5698 2459 5729; x_wconf 70' lang='grc' dir='ltr'><strong>ι..</strong></span> <span class='ocrx_word' id='word_1_839' title='bbox 2489 5698 2653 5729; x_wconf 63' lang='grc' dir='ltr'>ὶιαηρζ</span> <span class='ocrx_word' id='word_1_840' title='bbox 2684 5699 3015 5729; x_wconf 63' lang='grc' dir='ltr'><strong>ΡΑΙΙΑηοζΑηΑ</strong></span> <span class='ocrx_word' id='word_1_841' title='bbox 3045 5702 3370 5729; x_wconf 60' lang='grc' dir='ltr'><strong>ηηηιζαηζ...η</strong></span> <span class='ocrx_word' id='word_1_842' title='bbox 3431 5716 3441 5729; x_wconf 84' lang='grc' dir='ltr'>ι</span> <span class='ocrx_word' id='word_1_843' title='bbox 3503 5704 3563 5729; x_wconf 79' lang='grc' dir='ltr'><strong>Ιν</strong></span> 
     </span>
    </p>
   </div>
   <div class='ocr_carea' id='block_1_120' title="bbox 2321 5719 2373 5765">
    <p class='ocr_par' dir='ltr' id='par_1_120' title="bbox 2321 5719 2373 5765">
     <span class='ocr_line' id='line_1_121' title="bbox 2321 5719 2373 5765; baseline 0 0"><span class='ocrx_word' id='word_1_844' title='bbox 2321 5719 2373 5765; x_wconf 68' lang='grc' dir='ltr'>θ’</span> 
     </span>
    </p>
   </div>
   <div class='ocr_carea' id='block_1_121' title="bbox 2407 5698 3595 5772">
    <p class='ocr_par' dir='ltr' id='par_1_121' title="bbox 2407 5698 3595 5772">
     <span class='ocr_line' id='line_1_122' title="bbox 2407 5698 3595 5772; baseline 0.006 -21"><span class='ocrx_word' id='word_1_845' title='bbox 2407 5698 2460 5752; x_wconf 91' lang='lat' dir='ltr'><strong>in</strong></span> <span class='ocrx_word' id='word_1_846' title='bbox 2489 5698 2657 5756; x_wconf 70' lang='grc' dir='ltr'><strong>Μαηεί</strong></span> <span class='ocrx_word' id='word_1_847' title='bbox 2684 5699 3015 5759; x_wconf 82' lang='lat' dir='ltr'><strong>Collectione</strong></span> <span class='ocrx_word' id='word_1_848' title='bbox 3045 5702 3393 5772; x_wconf 78' lang='lat' dir='ltr'><strong>amplissima,</strong></span> <span class='ocrx_word' id='word_1_849' title='bbox 3431 5698 3469 5757; x_wconf 80' lang='grc' dir='ltr'>ἰ.</span> <span class='ocrx_word' id='word_1_850' title='bbox 3503 5704 3595 5771; x_wconf 69' lang='lat' dir='ltr'><strong>lx,</strong></span> 
     </span>
    </p>
   </div>
   <div class='ocr_carea' id='block_1_122' title="bbox 3087 5940 3160 6004">
    <p class='ocr_par' dir='ltr' id='par_1_122' title="bbox 3087 5940 3160 6004">
     <span class='ocr_line' id='line_1_123' title="bbox 3087 5940 3160 6004; baseline 0.055 -4"><span class='ocrx_word' id='word_1_851' title='bbox 3087 5940 3160 6004; x_wconf 83' lang='lat'><strong>38</strong></span> 
     </span>
    </p>
   </div>
  </div>
