4056 6426
461 438 600 505 ίῑυδ

1451 417 1938 485 THEUUUHETI
1979 409 2312 471 EPISCOPI
2353 409 2717 468 CYRENSIS

3591 394 3725 458 1196

461 563 647 612 autem
668 552 810 606 lianc
838 561 960 603 esse
982 544 1244 609 arbitror,
1274 539 1479 596 indicio
1507 536 1654 591 enim
1677 541 1804 586 sunt
1829 524 2041 580 insidia:

2176 519 2405 580 ὐνειδὸ;.
2443 518 2612 572 Πάλαι
2662 517 2769 587 γάρ
2808 515 2872 568 ἂν
2915 512 3218 583 αὐτόματος
3254 509 3518 579 ἀπέστην,
3564 510 3610 559 εί
3652 510 3726 577 μὴ

461 663 586 718 quae
614 651 921 701 struuntur.

419 980 421 986 ,
829 912 994 968 XVII.
1030 939 1094 949 —
1135 906 1382 962 Casium?
1415 903 1673 955 diacona’.

516 1011 574 1065 Si
592 1007 804 1063 doloris
828 999 1263 1072 magnitudinem
1277 997 1449 1050 solam
1468 1001 1821 1063 spectassem,
1836 986 2046 1039 litteras

2144 612 2205 663 τὸ
2233 610 2374 662 θεῖον
2400 610 2622 662 ἐδεδίειν
2651 609 2953 680 κριτήριον.
2995 605 3104 658 Kal.
3152 603 3245 656 νῦν
3283 596 3341 654 εὗ
3380 599 3506 662 ῐσθι,
3533 599 3729 652 δέσπα

2143 719 2233 765 τα,
2283 701 2358 764 ὡς
2386 701 2485 770 τὴν
2519 701 2768 769 ἀνάγκην
2803 696 3118 769 προσμένω.
3148 691 3414 756 Πελάζειν
3443 691 3499 743 δὲ
3523 689 3731 760 ταύτην

2145 789 2319 860 οἶμαι·
2352 794 2644 862 τεκμηριοί
2665 791 2775 860 γὰρ
2812 789 2881 842 τά
2915 787 3276 858 τυρευόμενα.

2529 881 2628 935 IZ'.
2652 911 2720 920 ——
2752 877 3026 946 Κασιιενῇ
3070 877 3348 938 διακόνῳ.

2219 976 2282 1028 Εἰ
2323 975 2422 1045 μὲν
2461 975 2542 1038 εἰς
2587 973 2753 1043 μόνην
2783 970 3050 1042 ἀφεώρων
3081 970 3182 1040 τὴν
3210 967 3304 1021 τοῦ
3336 967 3540 1030 πάθους
3563 967 3733 1038 ὑπερ-

468 1101 738 1168 tantisper
780 1095 1142 1156 distulissem,
1181 1102 1241 1145 ut
1264 1059 1516 1142 subsidio
1552 1082 1688 1136 mihi
1719 1090 1934 1148 tempus
1977 1075 2046 1128 ad

2176 1067 2334 1138 ἱολὴν,
2359 1065 2701 1135 ἀνεϐαλόμην
2738 1065 2804 1118 ἂν
2820 1063 2960 1126 τέως
2999 1063 3068 1115 τὰ
3106 1062 3434 1131 γράμματα,
3459 1059 3546 1113 ἵνα
3575 1059 3733 1111 λάϐω

465 1191 816 1245 curationem
871 1185 1218 1259 asciscerent.
1261 1179 1368 1235 Sed
1408 1180 1538 1247 quia
1580 1183 1870 1245 perspecta
1912 1169 2047 1223 mihi

2147 1159 2243 1213 τὸν
2297 1160 2490 1230 χρόνον
2544 1159 2643 1227 τῆς
2692 1155 2991 1225 θεραπείας
3041 1154 3354 1224 ἐπίκουρον.
3415 1151 3636 1221 Ἐπειδὴ
3678 1151 3734 1203 δὲ

467 1291 552 1336 est
598 1281 871 1350 sapientia
903 1277 1129 1348 pietatis
1161 1283 1285 1336 tuae,
1323 1267 1726 1325 consolatorios
1764 1277 2050 1318 sermones

2176 1252 2246 1320 γὴν
2265 1252 2588 1319 φιλοσοφίαν
2606 1248 2721 1302 οἶδα
2744 1249 2845 1316 τῆς
2872 1247 2970 1316 σῆς
2993 1245 3287 1314 θεοφιλίας,
3305 1245 3430 1306 τοὺς
3472 1260 3703 1312 παραμυ
3719 1272 3732 1280 -

470 1371 766 1426 admovere
797 1385 906 1423 non
939 1366 1212 1430 dubitavi,
1237 1378 1375 1433 quos
1406 1360 1602 1431 partim
1633 1374 1661 1411 a
1687 1367 1883 1409 natura
1910 1354 2048 1422 ipsa,

471 1462 672 1531 partim
693 1475 723 1513 a
748 1458 933 1513 divina
958 1455 1240 1525 Scriptura
1263 1452 1451 1506 didici.
1477 1451 1610 1504 Nam
1634 1457 1689 1502 et
1713 1457 1908 1499 natura
1941 1443 2051 1496 fato

473 1563 556 1609 est
595 1550 853 1616 obnoxia,
896 1547 1380 1613 calamitatumque
1426 1539 1740 1611 huiusmodi
1785 1545 1898 1590 tota
1941 1535 2054 1588 vita

474 1645 634 1715 plena
668 1649 751 1696 est
793 1647 894 1693 :et
919 1637 1169 1692 omnium
1215 1633 1555 1696 moderator,
1599 1638 1890 1696 rectorque
1930 1624 2054 1678 uni-

474 1733 642 1797 versi,
672 1731 766 1800 qui
792 1730 1070 1799 sapienter
1103 1740 1192 1779 res
1220 1733 1438 1778 nostras
1459 1722 1741 1790 dispensat
1765 1715 2053 1780 Dominus,

474 1825 845 1883 omnimodam
866 1821 1030 1876 nobis
1049 1815 1482 1874 consolationem
1507 1827 1606 1882 per
1629 1810 1817 1864 divina
1836 1805 2056 1875 eloquia

2153 1342 2412 1410 θητικοὺς
2449 1341 2841 1411 προσενεγκεῖν
2898 1337 3183 1409 ἐθάρρησα
3237 1334 3446 1402 λόγους,
3497 1332 3592 1395 οὓς
3645 1333 3740 1385 καὶ

2154 1432 2306 1502 παρά
2351 1433 2449 1499 τῆς
2498 1431 2748 1500 φύσεως,
2791 1431 2885 1483 καὶ
2936 1429 3087 1499 ποιρά
3132 1431 3230 1498 τῆς
3267 1427 3418 1490 Θείας
3457 1427 3739 1497 ἐδιδάχθην

2157 1523 2399 1595 Γραφῆς.
2434 1523 2509 1575 Ἤ
2540 1539 2599 1575 τε
2632 1522 2740 1593 γὰρ
2765 1521 2926 1590 φύσις
2961 1520 3022 1572 τὸ
3058 1519 3322 1590 ἐπίκηρον
3350 1519 3484 1588 ἔχει,
3509 1518 3606 1572 καὶ
3631 1518 3738 1570 τῶν

2153 1614 2415 1667 τοιούτων
2470 1613 2766 1684 συμφορῶν
2809 1612 2954 1674 am;
2998 1614 3025 1665 ό
3067 1611 3179 1682 βίος
3232 1611 3448 1681 μεστός·
3495 1611 3589 1663 καὶ
3632 1611 3739 1662 τῶν

2156 1707 2293 1760 ὅλων
2340 1709 2369 1759 ὁ
2414 1707 2707 1776 Πρύτανις,
2740 1707 2833 1759 καὶ
2880 1705 2973 1758 τοῦ
3005 1705 3204 1768 παντὸς
3243 1707 3270 1757 ὁ
3311 1704 3686 1776 κυϐερνήτης,
3714 1707 3744 1757 ὀ

2160 1799 2339 1866 σοφῶς
2371 1800 2438 1850 τά
2482 1797 2605 1850 καθ’
2638 1799 2784 1866 ἡμᾶς
2815 1797 3170 1867 πρυτανεύων
3207 1798 3506 1866 Δεσπότης,
3540 1811 3740 1850 παντο-

475 1917 859 1975 subministrat
901 1932 915 1967 :
952 1921 1116 1981 atque
1161 1909 1361 1964 horum
1405 1903 1555 1975 pleni
1595 1909 1726 1954 sunt
1770 1911 2054 1952 sacrorum

2176 1891 2334 1960 ἰαπὴν
2365 1892 2496 1960 ἡμῖν
2536 1889 2624 1942 διὰ
2655 1889 2764 1942 τῶν
2796 1888 2953 1942 θείων
2987 1889 3182 1957 λογίων
3224 1889 3522 1960 προσφέρει
3567 1906 3744 1958 παραο

475 2009 899 2080 Evangeliorum
940 1980 1090 2068 libri,
1132 2000 1296 2070 plena
1330 1996 1650 2051 sanctorum
1677 1989 2056 2060 apostolorum

2176 1984 2359 2054 μυχήν·
2397 1981 2725 2035 καὶτούτων
2775 1981 2970 2051 μεσταὶ
3013 1981 3113 2050 μὲν
3141 1980 3249 2033 τῶν
3285 1981 3448 2051 ίερῶν
3491 1981 3742 2049 Εὑαγγε-
3823 2037 3836 2040 _

476 2079 703 2171 scripta,
761 2106 816 2152 et
866 2092 1314 2150 beatissimorum
1365 2085 1763 2156 prophetarum
1813 2079 2056 2135 oracula.

2160 2075 2290 2128 λίων
2330 2075 2383 2125 αἱ
2417 2072 2610 2156 βίϐλοι,
2650 2072 2823 2141 μεστά
2847 2072 2901 2124 δέ
2926 2071 3035 2124 τῶν
3064 2071 3238 2140 ἁγίων
3271 2072 3587 2124 ἀποστόλων
3617 2089 3746 2141 συγ-

477 2191 959 2261 Supervacaneum
994 2191 1179 2238 autem
1209 2179 1466 2235 existimo
1499 2175 1602 2230 ista
1629 2173 1911 2242 colligere,
1946 2169 2064 2238 pie-

2176 2169 2502 2239 γράμματα,
2553 2166 2647 2216 καὶ
2702 2163 2813 2216 τῶν
2865 2162 3282 2234 τρισμακαρίων
3333 2163 3627 2233 προφητῶν
3680 2165 3749 2217 τά

479 2282 691 2351 tatique
719 2287 827 2333 tua:
852 2289 1173 2346 suggerere,
1207 2286 1330 2342 qua:
1355 2271 1463 2341 jam
1501 2265 1712 2336 pridem
1744 2261 2013 2317 divinitus
2045 2264 2059 2281 ⁶

487 2373 684 2428 aﬁIatis
719 2370 986 2427 innutrita
1024 2383 1085 2422 es
1109 2363 1359 2426 Litteris,
1387 2361 1456 2415 ad
1479 2373 1783 2426 earumque
1814 2369 2064 2409 normam

478 2465 647 2519 vitam
682 2472 829 2517 tuam
853 2455 1237 2528 composuisti,
1271 2463 1327 2508 et
1357 2452 1588 2506 alterius
1609 2447 1916 2516 disciplinae
1950 2461 2061 2498 non

478 2569 628 2626 eges.
663 2552 858 2618 Quaeso
903 2549 1070 2620 igitur
1113 2555 1175 2600 ut
1209 2545 1378 2600 verba
1433 2543 1523 2596 illa
1562 2538 1898 2600 recorderis,
1943 2551 2067 2605 qua:

479 2645 772 2702 affectibus
805 2640 1078 2698 dominari
1114 2654 1215 2693 nos
1247 2637 1464 2708 jubent,
1499 2645 1555 2688 et
1587 2632 1756 2686 vitam
1795 2629 2070 2699 spondent

486 2738 704 2808 1080
737 2744 1027 2796 aeternam,
1067 2738 1124 2784 et
1169 2727 1363 2782 mortis
1410 2723 1695 2778 interitum
1745 2719 2066 2790 pradicant,

480 2837 538 2883 et
571 2838 921 2894 communem
948 2821 1196 2876 omnium
1219 2815 1682 2872 resurrectionem
1717 2811 2067 2882 pollicentur.

482 2921 614 2973 Post
639 2919 758 2972 haec
791 2924 1000 2978 autem,
1041 2912 1154 2965 imo
1182 2923 1293 2979 prae
1328 2907 1436 2970 his,
1476 2905 1767 2959 Dominum
1804 2917 1946 2966 esse,
1979 2901 2077 2970 qui

487 3011 605 3064 haec
655 3009 730 3062 ita
769 3004 888 3060 fieri
935 3002 1120 3074 jussit,
1172 3008 1229 3053 et
1262 2996 1556 3052 Dominum
1604 2993 2072 3064 sapientissimum

489 3100 893 3169 optimumque,
930 3093 1026 3163 qui
1060 3101 1117 3146 et
1143 3090 1392 3160 apprime
1423 3089 1578 3142 novit
1609 3087 1741 3156 quid
1778 3085 2071 3150 conducat,

489 3201 547 3246 ct
572 3191 641 3245 ad
668 3189 774 3243 hoc
809 3188 986 3256 ipsum
1013 3198 1242 3254 prorsus
1275 3197 1365 3236 res
1395 3181 1604 3249 dirigit.
1633 3180 1730 3234 Est
1751 3179 1898 3232 enim
1927 3193 2076 3231 mors

491 3282 768 3338 interdum
805 3279 1001 3333 melior
1030 3290 1194 3345 quam
1219 3274 1353 3339 vita,
1377 3281 1432 3328 et
1466 3287 1588 3341 qua:
1623 3270 1800 3324 tristis
1834 3270 2072 3334 videtur,

491 3374 699 3445 gratior
735 3371 803 3425 iis
841 3385 963 3439 quze
998 3364 1242 3438 jucunda
1288 3364 1695 3419 existimantur.
1729 3361 2078 3430 Quapropter

493 3464 725 3534 accipiat
742 3463 918 3532 pietas
940 3469 1029 3513 tua
1053 3456 1384 3511 humilitatis
1400 3463 1602 3509 nostrae
1622 3452 2074 3515 consolationem,

497 3565 555 3612 ut
579 3555 967 3609 universorum
999 3549 1235 3604 Domino
1266 3546 1498 3612 servias,
1529 3561 1656 3615 qua;
1687 3545 1919 3598 molesta
1951 3553 2081 3598 sunt

493 3643 715 3703 fortiter
750 3643 956 3708 ferens,
997 3649 1052 3694 et
1101 3636 1466 3708 philosophiae
1497 3635 1721 3690 feminis
1767 3633 1978 3703 pariter
2017 3649 2081 3688 ac

495 3737 630 3792 viris
645 3734 958 3803 exemplum
980 3730 1253 3800 prmhens.
1267 3726 1706 3782 Admirabuntur
1721 3725 1869 3779 enim
1891 3739 2086 3779 omnes

497 3827 700 3883 mentis
745 3821 1148 3884 fortitudinem,
1190 3834 1313 3888 qua:
1364 3817 1476 3871 vim
1509 3815 1724 3877 doloris
1761 3822 2081 3869 constanter

494 3915 797 3986 exceperit,
815 3929 880 3968 ac
893 3909 1442 3967 vehementissimum
1461 3907 1580 3978 ejus
1594 3905 1858 3976 irnpetum
1875 3904 2083 3976 magni-

501 4009 692 4064 tudine
749 4005 922 4060 animi
973 4003 1226 4074 fregerit.
1281 3999 1560 4054 Habemus
1600 4013 1768 4068 porro
1821 3997 2079 4051 solatium

500 4100 762 4154 idoneum
814 4095 1062 4151 defuncti
1119 4093 1209 4150 filii
1254 4093 1411 4147 vivas
1462 4089 1778 4160 imagines:
1819 4089 2082 4145 amabiles

499 4192 648 4246 enim
686 4191 903 4243 fructus.
945 4186 1108 4241 nobis
1140 4183 1384 4253 reliquit,
1423 4182 1518 4252 qui
1551 4180 1906 4236 immodicum
1942 4197 2081 4235 ma:-

501 4298 680 4337 rorem
715 4280 926 4351 possint
955 4277 1278 4349 reprimere.
1304 4273 1386 4329 Ad
1414 4283 1721 4329 extremum
1743 4288 1864 4337 oro,
1899 4281 1957 4326 ut
1986 4273 2084 4326 tri-

499 4374 706 4443 stitiam
731 4371 981 4442 corporis
1011 4368 1389 4424 imbecillitate
1413 4367 1662 4430 metiare,
1693 4374 1750 4420 et
1772 4382 1840 4420 ne
1873 4365 2083 4420 doloris

499 4480 729 4520 excessu
760 4461 1015 4518 morbum
1056 4475 1275 4531 augeas.
1310 4459 1424 4529 Ego
1461 4473 1595 4513 vero
1628 4457 1942 4521 Dominum,
1991 4459 2081 4512 cui

2173 2259 2539 2328 θεσπίσματα.
2602 2254 2861 2324 Περιττὸν
2909 2253 2965 2305 δέ
3024 2249 3176 2321 οἶμαι
3221 2253 3500 2323 συλλέγειν
3554 2256 3746 2319 ταῦτα,

2168 2349 2264 2402 καὶ
2305 2350 2370 2418 τῇ
2418 2349 2483 2417 σῇ
2518 2344 2853 2416 προσφέρειν
2881 2343 3185 2414 θεοσεϐείᾳ,
3237 2343 3444 2396 ἄνωθεν
3481 2347 3594 2408 τοῖς
3629 2344 3750 2397 θεο-

2169 2436 2455 2498 πνεύστοις
2480 2432 2896 2504 ἐντεθραμμένῃ
2922 2432 3119 2500 λόγοις,
3153 2434 3246 2484 καὶ
3286 2432 3420 2503 πρὸς
3448 2433 3632 2486 ἐκεῖνα
3661 2435 3754 2487 τὸν

2168 2531 2368 2583 οἰκεῖον
2409 2525 2728 2597 ῥυθμισάσῃ
2760 2523 2896 2594 βίον,
2933 2525 3027 2577 καὶ
3064 2523 3412 2587 διδασκαλίας
3453 2524 3646 2593 ἐτέρας
3678 2526 3750 2595 μὴ

2168 2621 2421 2690 δεομένῃ.
2458 2614 2771 2686 Παρακαλῶ
2827 2617 3006 2667 τοίνυν
3055 2615 3281 2668 ἐκείνων
3335 2615 3754 2686 ἀναμνησθῆναι

2171 2712 2277 2764 τῶν
2316 2711 2514 2778 λόγων,
2557 2709 2606 2762 οἳ
2657 2709 2751 2762 καὶ
2801 2708 2912 2759 τῶν
2954 2707 3141 2760 παθῶν
3195 2706 3579 2778 παρεγγυῶσιν
3621 2711 3756 2778 ἡμῖν

2173 2807 2418 2877 κρατεῖν,
2475 2804 2571 2856 καλ⁵
2622 2801 2724 2872 τὴν
2769 2800 2989 2854 αἰώνιον
3023 2798 3413 2869 ὑπισχνοῦνται
3461 2798 3627 2869 ζωὴν,
3666 2801 3757 2853 καὶ

2173 2897 2268 2951 τοῦ
2317 2895 2551 2950 θανάτου
2583 2892 2914 2964 κηρύττουσι
2936 2891 3035 2962 τὴν
3059 2891 3381 2954 κατάλυσιν,
3404 2891 3495 2943 καὶ
3515 2891 3615 2960 τὴν
3645 2909 3759 2944 κοι-

2175 2989 2271 3060 νὴν
2327 2988 2547 3041 πάντων
2591 2985 2751 3056 ἡμῶν
2805 2983 3100 3038 ἀνάστασιν
3168 2983 3619 3054 ἐπαγγέλλονταιο
3663 2985 3758 3037 καὶ

2177 3081 2316 3153 πρὸς
2360 3079 2592 3139 τούτοις,
2632 3075 2831 3146 μᾶλλον
2873 3075 2929 3128 δὲ
2959 3075 3064 3144 πρὸ
3103 3074 3328 3143 τούτων,
3365 3077 3447 3129 ὅτι
3484 3076 3759 3144 Δεσπότης

2179 3171 2208 3222 ό
2255 3167 2434 3221 ταῦτα
2487 3166 2631 3220 οὕτω
2684 3164 2940 3234 γενέσθαι
2992 3165 3278 3230 κελεύσας,
3339 3168 3433 3221 καὶ
3483 3169 3762 3238 Δεσπότης

2184 3260 2496 3331 σοφώτατός
2547 3276 2607 3313 τε
2662 3259 2758 3313 καὶ
2809 3258 3183 3327 ἀγαθώτατος,
3241 3261 3338 3313 καὶ
3372 3261 3433 3313 τὸ
3481 3260 3764 3330 συμφέρον

2179 3352 2426 3424 ἀκριϐῶς
2473 3351 2857 3422 ἐπιστάμενος,
2912 3352 3007 3404 καὶ
3040 3352 3175 3423 πρὸς
3211 3351 3371 3405 τοῦτο
3400 3351 3617 3413 πάντως
3650 3352 3766 3405 ίθύ-

2180 3463 2287 3500 νων
2320 3445 2388 3498 τά
2424 3439 2748 3515 πράγματα.
2793 3444 2950 3496 Ἔστι
2989 3443 3100 3514 γάρ
3131 3445 3221 3498 ὅτε
3262 3444 3493 3508 θάνατος
3524 3445 3766 3514 ἀμείνων

2181 3537 2348 3606 ζωῆς,
2383 3537 2477 3590 καὶ
2509 3540 2536 3590 ὁ
2564 3535 2736 3589 δοκῶν
2783 3534 3004 3606 ἀνιαρὸς
3053 3535 3162 3587 τῶν
3217 3535 3590 3606 νομιζομένων
3636 3554 3765 3606 τερ-

2181 3632 2332 3683 πνῶν
2379 3629 2494 3699 (15)
2541 3627 2969 3698 θυμηρέστερος.
3015 3626 3268 3692 Δεξάσθω
3325 3627 3503 3680 τοίνυν
3555 3629 3587 3696 ἡ
3641 3628 3764 3679 θεο-

2185 3721 2374 3776 σέϐειά
2414 3737 2505 3773 σου
2543 3721 2639 3789 τῆς
2669 3719 2804 3789 ἐμῆς
2835 3719 3212 3782 ταπεινώσεως
3245 3720 3348 3790 τὴν
3382 3719 3758 3789 παράκλησιν,

2185 3815 2270 3867 ἵνα
2310 3813 2400 3866 τὸν
2446 3813 2553 3864 τῶν
2591 3811 2727 3864 ὅλων
2777 3809 3126 3881 θεραπεύσῃς
3167 3810 3467 3882 Δεσπότην,
3497 3812 3767 3878 γενναίως

2183 3904 2485 3972 ἐνεγκοῦσα
2518 3903 2585 3957 τά
2627 3901 2848 3972 λυπηρά
2871 3943 2885 3968 ,
2939 3901 3032 3954 καὶ
3064 3900 3312 3969 γυναιξὶν
3338 3901 3492 3972 “ὁμοῦ
3532 3904 3627 3954 καὶ
3670 3904 3766 3954 ἀν-

2182 3998 2341 4069 δράσι
2374 3995 2693 4065 φιλοσοφίας
2728 3994 3038 4064 ὑπόδειγμα
3059 3995 3348 4064 γενομένη.
3377 3994 3766 4065 Θαυμάσονται

2183 4089 2294 4160 γάρ
2331 4086 2570 4150 ἅπαντες
2607 4085 2702 4139 τοῦ
2750 4084 3014 4154 λογισμοῦ
3054 4085 3152 4155 τὴν
3185 4085 3428 4155 ἀνδρίαν,
3465 4084 3768 4156 δεξαμένην

2183 4181 2451 4251 γενναίως
2486 4177 2580 4232 τοῦ
2629 4176 2836 4239 πάθους
2871 4177 2972 4246 τὴν
3008 4176 3334 4247 προσϐολὴν,
3380 4178 3474 4230 καὶ
3505 4178 3604 4247 τὴν
3637 4193 3762 4242 σφιν

2183 4273 2450 4346 δροτάτην
2488 4269 2653 4324 αὐτοῦ
2679 4268 3009 4322 διαλύσασαν
3034 4268 3268 4339 ἐμϐολὴν
3296 4272 3362 4340 τῇ
3393 4268 3768 4338 μεγαλοψυχίᾳ

2183 4367 2286 4437 τῆς
2333 4363 2583 4435 γνώμης.
2616 4362 2853 4432 Ἔχομεν
2887 4360 2943 4414 δὲ
2975 4360 3337 4431 ψυχαγωγίαν
3369 4360 3648 4431 ἀρκοῦσαν
3677 4359 3768 4411 τοῦ

2185 4456 2576 4528 κατοιχομένου
2609 4453 2798 4516 παιδὸς
2817 4453 2914 4516 τάς
2940 4452 3123 4516 ζώσας
3151 4454 3385 4515 εἰκόνας·
3413 4453 3768 4523 ἀξιεράστους

499 4558 682 4612 facilia
715 4563 847 4614 sunt
878 4553 1084 4619 omnia,
1118 4567 1336 4624 precor,
1389 4559 1450 4605 ut
1485 4549 1880 4605 consolationis
1923 4565 2071 4604 occa-

2185 4552 2298 4623 γάρ
2339 4551 2472 4620 ἡμῖν
2523 4546 2770 4618 καρποὺς
2813 4544 3226 4608 καταλέλοιπεν,
3277 4543 3486 4596 παῦσαι
3538 4541 3771 4610 δυναμέ-

499 4651 684 4704 siones
719 4646 908 4718 pietati
947 4653 1054 4701 tua;
1085 4643 1422 4714 suppeditet.

2193 4658 2318 4704 νους
2356 4640 2458 4707 τῆς
2494 4635 2788 4707 ἀχθηδόνος
2839 4633 2937 4705 τὴν
2971 4634 3259 4704 ἀμετρίαν.
3296 4632 3437 4702 Πρὸς
3473 4631 3527 4684 δὲ
3559 4631 3771 4689 τούτοις

501 4739 789 4802 ἀντιϐολῶ,
825 4739 920 4790 καὶ
955 4741 1022 4808 τῇ
1074 4736 1167 4790 τοῦ
1217 4734 1470 4802 σώματος
1513 4733 1769 4802 ἀσθενείᾳ
1810 4736 2080 4804 μετρῆσαι
2133 4739 2236 4807 τὴν
2292 4733 2491 4800 λύπην,
2528 4734 2625 4782 καὶ⁸
2662 4727 2736 4799 μὴ
2799 4727 3033 4796 αὐξῆσαι
3079 4727 3146 4778 τὰ
3199 4725 3343 4795 πάθη
3377 4726 3444 4794 τῇ
3502 4725 3599 4792 τῆς
3641 4722 3771 4774 dou.

507 4835 631 4905 μίας
670 4829 964 4900 ὑπερϐολῇ.
1012 4825 1236 4896 Ἐγὼδέ
1305 4823 1398 4875 τὸν
1459 4822 1767 4892 εὐμήχανον
1837 4823 2065 4877 ἱκετεύω
2125 4823 2431 4890 Δεσπότην,
2483 4819 2786 4886 παρασχεῖν
2829 4833 2920 4869 σου
2983 4817 3050 4886 τῇ
3107 4813 3385 4883 θεοσεϐείᾳ
3438 4811 3772 4883 παραψυχῆς

502 4923 778 4997 ἀφορμάς.

955 5010 1137 5066 XVIII.
1165 5035 1239 5047 -——
1265 5004 1626 5076 Neoptolemo.

574 5109 711 5164 Cum
742 5107 800 5160 in
821 5105 1066 5159 divinam
1093 5101 1270 5169 legem
1301 5097 1492 5151 oculos
1525 5096 1784 5164 coniicio,
1821 5113 1947 5167 quae
1983 5115 2086 5153 nu.

509 5200 636 5272 ptiis
677 5197 1003 5268 coniunctos
1045 5204 1264 5244 carnem
1307 5203 1470 5242 unam
1520 5195 1700 5253 vocat,
1746 5190 1937 5244 nescio
1971 5205 2083 5260 quo

508 5301 672 5363 pacto
692 5285 968 5345 consolari
1003 5280 1312 5336 membrum
1348 5280 1509 5334 liceat
1539 5281 1686 5350 quod
1722 5282 1966 5337 sectione
1995 5283 2082 5337 di—

509 5385 686 5438 visum
710 5385 798 5434 e31
839 5396 850 5429 :
890 5373 1096 5428 doloris
1129 5371 1278 5426 enim
1310 5371 1741 5440 magnitudinem
1777 5373 2088 5428 considero.

507 5474 648 5529 Cum
681 5481 817 5523 vero
839 5473 1048 5536 natura:
1068 5475 1292 5517 cursum
1321 5464 1520 5533 cogito,
1544 5473 1600 5518 et
1623 5463 1904 5517 decretum
1933 5463 2090 5528 illud,

485 5563 657 5635 quod
679 5559 910 5615 Creator
929 5552 1330 5629 pronuntiavit,
1367 5571 1384 5602 ι
1415 5553 1587 5606 Terra
1609 5567 1689 5616 es,
1726 5551 1934 5620 1081
1961 5559 2016 5605 et
2036 5553 2089 5606 in

513 5669 713 5715 terram
729 5652 1105 5717 reverteris",
1132 5669 1150 5702 ι
1173 5656 1228 5704 et
1243 5663 1306 5703 ea
1324 5662 1446 5718 quae
1462 5645 1666 5714 ubique
1685 5642 1929 5713 gentium
1947 5649 2092 5698 terra

585 5776 628 5805 ’⁸
671 5774 808 5828 Gen.
835 5788 914 5834 ιιι,
950 5771 1037 5824 I9.

591 5860 698 5929 (l5)
733 5859 849 5910 ἐστί
882 5857 1032 5910 addit
1063 5856 1233 5926 Neap.

2635 5069 2641 5075 ‘
2662 5005 2769 5059 III'.
2797 5032 2868 5042 --
2889 5000 3303 5070 Νεοπτολέμῳ.

2264 5099 2434 5150 Ὅταν
2463 5098 2540 5160 εἰς
2562 5094 2655 5148 τὸν
2673 5095 2817 5148 θεῖον
2845 5095 3136 5164 ἀποϐλέψω
3157 5094 3339 5162 νόμον,
3369 5092 3428 5154 ὃς
3446 5092 3626 5162 σάρκα
3649 5069 3806 5163 μίανι

2191 5191 2316 5252 τοὺς
2347 5189 2509 5258 γάμῳ
2541 5187 2655 5257 (16)
2691 5189 3131 5258 συναπτομένους
3166 5186 3341 5248 καλεῖ,
3376 5185 3476 5238 οὐκ
3511 5181 3633 5239 οἶδα
3678 5185 3808 5258 τίκις

2192 5248 2378 5351 τρόπω
2413 5248 2799 5349 ιξμυχαγωγήσω
2825 5279 2885 5329 τὸ
2918 5248 3076 5346 μέλος
3108 5248 3170 5329 τὸ
3195 5280 3259 5347 τῇ
3309 5279 3449 5346 τομῇ
3480 5248 3809 5347 χωρισθὲν.

2193 5371 2477 5440 λογίζομαι
2505 5371 2612 5440 γὰρ
2645 5369 2744 5437 τῆς
2779 5368 2968 5437 ὀδύνης
3009 5370 3069 5420 τὸ
3111 5367 3365 5438 μέγεθος.
3399 5367 3568 5418 Ὅταν
3595 5367 3652 5419 δὲ
3679 5366 3782 5434 τῆς

2194 5463 2410 5530 φύσεως
2461 5463 2698 5532 ἐννοήσω
2743 5461 2835 5512 τὸν
2872 5460 3092 5530 δρόμον,
3123 5460 3216 5512 καὶ
3263 5459 3353 5510 τὸν
3384 5460 3508 5527 ὅρον
3538 5461 3775 5522 ἐκεῖνον,

2193 5552 2253 5605 ὃν
2282 5555 2309 5606 ὁ
2341 5552 2678 5622 Δημιουργὸς
2713 5550 3027 5621 ἐξενήνοχεν
3071 5551 3262 5604 εἰπών·
3296 5571 3314 5603 ι
3351 5551 3426 5620 Γῆ
3451 5547 3520 5615 εἴ,
3564 5553 3661 5604 καὶ
3694 5553 3782 5617 είς

2196 5644 2299 5715 γῆν
2333 5641 2630 5717 ἀπελεύσῃ·
2677 5662 2694 5694 ι
2729 5643 2824 5695 καὶ
2850 5643 2916 5696 τὰ
2948 5644 3226 5714 πανταχοῦ
3256 5645 3357 5714 γῆς
3386 5645 3481 5698 καὶ
3503 5643 3780 5713 θαλάττης

2273 5847 2382 5921 (16)
2414 5849 2564 5920 νόμῳ
2595 5849 2760 5905 habet
2791 5850 2962 5905 codex
2997 5848 3450 5904 Vindobonensis.
