4056 6422
493 433 628 503 1171

1828 422 2191 482 EPlSTOLA
2244 422 2401 481 XXI.

3625 418 3759 485 1198

491 544 613 600 καθ’
639 541 880 611 ἑκάστην
905 538 1116 610 ἡμέραν
1145 537 1408 606 γινόμενα
1430 534 1484 607 (ἢ
1514 534 1621 605 γάρ
1652 532 1843 605 ἀνδρες
1879 531 2073 602 πρότε-

2197 532 2427 600 narique
2455 528 2704 601 quotidie
2739 528 3086 600 contingunt,
3121 544 3249 585 cum
3281 539 3377 584 aut
3406 531 3622 601 priores
3656 535 3759 591 viri

492 652 587 709 ρον
621 626 728 686 ’τοῦ
770 630 885 702 βίου
933 628 994 682 τὸ
1021 627 1203 700 τέρμα
1250 625 1785 696 καταλαμϐάνουσιν,
1828 625 2076 696 ἢγυναῖο

493 743 588 791 κες
610 723 766 779 τοῦτο
786 721 1056 793 πάσχουσι
1080 718 1388 792 πρότεραι),
1411 718 1610 782 πολλάς
1639 716 1887 772 ἐντεῦθεν
1902 718 2076 785 ἀφορ-

495 817 606 892 μάς
628 818 709 880 είς
733 812 1093 886 ψυχαγωγίαν
1119 810 1379 882 εὑρίσκω⁸
1405 809 1542 882 πρὸς
1563 808 1771 871 τούτοις
1796 807 1896 871 τάς
1928 806 2078 877 παρὰ

491 908 589 965 τοῦ
637 907 775 962 Θεοῦ
812 906 909 961 καὶ
943 904 1199 976 Σωτῆρος
1240 902 1399 975 ἡμῶν
1454 900 1900 973 παρασχεθείσας
1947 901 2079 970 ἡμῖν

493 997 738 1062 ἐλπίδας⁶
762 995 956 1050 τούτου
983 993 1092 1064 γάρ
1121 992 1185 1064 δὴ
1215 993 1376 1064 χάριν
1407 991 1470 1046 τὸ
1491 991 1590 1063 τῆς
1616 989 1927 1060 οἰκονομίας
1962 992 2078 1042 ἐτε-

493 1087 659 1160 λέσθη
699 1087 1021 1158 μυστήριον,
1063 1083 1152 1138 ἵνα
1190 1084 1283 1136 τοῦ
1327 1080 1558 1136 θανάτου
1591 1081 1689 1152 τὴν
1732 1079 1944 1133 παῦλαν
1980 1097 2079 1151 με·

497 1176 824 1251 μαθηκότες,
857 1174 934 1246 μὴ
976 1171 1096 1226 λίαν
1144 1170 1403 1242 ἀλγῶμεν
1434 1173 1501 1243 τῇ
1554 1169 1664 1224 τῶν
1724 1167 2080 1240 ποθουμένων

495 1267 859 1343 χωριζόμενοι
883 1263 1132 1336 τελευτῇ,
1167 1263 1303 1318 ἀλλά
1332 1262 1431 1334 τὴν
1464 1261 1794 1333 τριπόθητον
1819 1261 1920 1331 τῆς
1953 1262 2081 1314 ἀνα-

499 1361 742 1424 στάσεως
780 1357 973 1413 ἐλπίδα
1002 1355 1425 1428 προσμένωμεν.
1456 1353 1642 1409 Ταῦτά
1676 1370 1770 1408 σου
1812 1352 1911 1424 τὴν
1949 1352 2080 1406 θαυ-

500 1453 809 1527 μασιότητα
856 1451 954 1505 καὶ
987 1446 1309 1518 λογίσασθαι
1350 1446 1679 1520 παρακαλῶ,
1723 1447 1821 1499 καὶ
1862 1445 2081 1515 νικῆσαι

496 1547 599 1617 τῆς
647 1544 889 1616 ἀθυμίας
938 1542 1001 1596 τὸ
1034 1540 1227 1605 πάθος
1262 1540 1501 1612 μάλιστα
1546 1539 1655 1593 τῶν
1701 1537 1896 1594 κοινῶν
1927 1536 2082 1609 ὑμῶν

499 1638 712 1694 κλάδων
759 1638 856 1692 καὶ
902 1634 1206 1707 παρόντων,
1241 1635 1336 1687 καὶ
1378 1634 1559 1687 πᾶσαν
1588 1632 1719 1704 ὑμῖν
1746 1630 2083 1704 ποριζόντων

500 1729 833 1801 παραψυχῆς
862 1726 1138 1798 ἀφορμήν.
1181 1724 1545 1796 ’Υμνήσωμεν
1575 1725 1755 1779 τοίνυν
1784 1724 1876 1778 τὸν
1906 1721 2084 1793 σοφῶς

500 1822 570 1877 τὰ
596 1822 720 1878 καθ’
742 1822 893 1893 ἡμᾶς
926 1818 1304 1890 κυὸερνῶντα,
1334 1818 1428 1872 καὶ
1470 1818 1547 1888 μὴ
1588 1816 1985 1888 παροξύνωμεν
2017 1817 2083 1886 τῇ

500 1913 608 1969 τῶν
646 1912 904 1986 ὀδυρμῶν
935 1911 1195 1983 ἀμετρίᾳ.
1224 1904 1345 1966 Οἵδε
1382 1909 1512 1981 γὰρ,
1548 1910 1623 1974 ὡς
1652 1909 1835 1979 σοφὸς,
1857 1909 1919 1963 τὸ
1954 1926 2089 1979 συμ-

505 2005 696 2076 φέρον,
733 2004 831 2058 καὶ
864 2003 939 2067 ὼς
970 2000 1176 2072 ἀγαθὸς
1195 2000 1352 2055 τοῦτο
1376 2003 1509 2073 ἡμῖν
1537 2001 2013 2073 πραγματεύεται.

817 2118 934 2173 ιθο.
961 2141 1024 2154 -—
1046 2114 1343 2180 Βασιλείφ
1369 2114 1768 2185 πρεσϐυτέρῳ.

573 2229 829 2286 Τοιοῦτον
856 2232 993 2300 ἡμῖν
1036 2229 1239 2296 ἔδειξεν
1277 2230 1311 2301 ἡ
1349 2231 1517 2302 πεῖρα
1542 2229 1633 2284 τὸν
1658 2227 2090 2301 ἐλλογιμώτατον

516 2322 836 2380 Ἀθανάσιον
880 2321 974 2376 τὸν
1016 2322 1243 2393 ῥήτορα,
1284 2323 1465 2376 ὁποῖον
1502 2321 1670 2393 ἔφησε
1704 2322 1802 2392 τῆς
1842 2321 1940 2391 σῆς
1973 2318 2091 2372 θεο-

506 2414 724 2476 σεϐείας
764 2412 836 2466 τά
874 2412 1202 2484 γράμματα.
1258 2414 1472 2485 Κοσμεϊ
1503 2413 1613 2485 γὰρ
1646 2411 1812 2467 αὐτοῦ
1857 2412 1957 2483 τὴν
1987 2410 2091 2482 μὲν

503 2506 751 2576 γλῶτταν
803 2506 834 2559 ὀ
883 2505 1061 2575 λόγος,
1102 2506 1194 2561 τδν
1232 2505 1289 2560 δέ
1334 2504 1494 2576 λόγον
1541 2507 1571 2559 δ
1608 2506 1809 2578 τρόπος
1831 2522 1844 2537 ·
1869 2505 2008 2577 δμοῦ
2032 2505 2092 2559 δέ

506 2598 687 2653 πάντα
724 2596 1037 2668 λαμπρύνει
1077 2595 1140 2650 τὸ
1179 2595 1282 2666 τῆς
1314 2595 1554 2659 πίστεως
1580 2596 1789 2667 χρῆμα.
1839 2596 1955 2649 Ἀεὶ
1977 2597 2090 2650 τοί-

508 2706 605 2743 νυν
651 2688 786 2759 ἡμῖν
830 2687 1057 2741 τοιαῦτα
1106 2686 1381 2754 προξένει,
1428 2684 1834 2755 θεοφιλέστατε.
1882 2687 2091 2758 Πολλῆς

506 2782 639 2852 γάρ,
683 2777 745 2834 εὗ
790 2778 919 2844 ῐσθι,
961 2779 1047 2833 διὰ
1087 2779 1321 2850 ταυτησὶ
1353 2778 1453 2849 τῆς
1500 2779 1786 2844 συνουσίας
1824 2779 2093 2852 θυμηδίας

506 2873 657 2945 ἡμᾶς
689 2871 1016 2943 ἐνέπλησας.

820 2986 900 3037 κ’.
934 3013 962 3022 ο
988 3012 1000 3022 ~
1027 2982 1339 3051 Μαρτυρίῳ
1374 2985 1768 3054 πρεσϐυτέρῳ.

592 3096 839 3166 Ἠγεῑται
886 3095 986 3167 μὲν
1009 3097 1044 3167 ἡ
1070 3094 1228 3166 φύσις
1252 3094 1328 3159 ὡς
1353 3095 1701 3169 πρεσϐυτέρα
1719 3096 1822 3169 τῆς
1847 3096 2091 3169 γνώμηί’

2178 622 2343 678 ﬁnem
2370 623 2495 677 vitae
2529 621 2861 686 sortiuntur,
2887 629 2982 676 aut
3011 621 3276 677 uxoribus
3306 621 3451 679 idem
3482 624 3637 694 prius
3666 642 3761 681 ac-

2179 712 2334 777 cidit,
2358 712 2559 767 multas
2574 711 2701 766 inde
2715 711 3113 767 consolationis
3133 726 3330 767 causas
3349 712 3575 769 invenio
3596 731 3610 782 ;
3638 724 3755 770 tum

2178 803 2379 860 deinde
2411 818 2537 873 spes
2559 803 2722 860 nobis
2745 819 2777 858 a
2806 804 3011 859 Deo-et
3045 802 3328 859 Salvatore
3355 813 3547 860 nostro
3583 805 3759 862 datas.

2180 897 2358 968 Hujus
2408 896 2555 952 enim
2616 895 2695 950 rei
2743 896 2919 966 gratia
2982 894 3378 953 incarnationis
3436 899 3762 969 mysterium

2180 997 2466 1060 peractum
2499 996 2584 1043 est
2607 997 2688 1053 ut,
2715 987 2908 1043 mortis
2930 1002 3126 1043 occasu
3161 988 3400 1058 cognito,
3427 1005 3540 1044 non
3565 991 3761 1045 admo-

2182 1079 2315 1135 dum
2363 1079 2651 1134 doleamus
2680 1093 2809 1132 cum
2846 1076 2904 1132 in
2949 1078 3253 1135 amicorum
3284 1089 3461 1135 morte
3492 1080 3764 1154 disjuttgi-

2182 1186 2328 1235 mur,
2365 1167 2464 1224 sed
2495 1166 2899 1238 optatissimam
2926 1172 2941 1185 ‘
2974 1168 3402 1225 resurrectionis
3434 1183 3587 1239 spem
3622 1188 3763 1241 pra:-

2182 1260 2470 1317 stolemur.
2516 1258 2645 1314 Haec
2689 1272 2793 1313 oro
2840 1266 2901 1311 ut
2945 1257 3263 1327 praestantia
3303 1266 3398 1314 tua
3431 1260 3763 1324 consideret,

2183 1368 2250 1408 ac
2282 1350 2523 1407 tristitia“:
2549 1350 2755 1406 malum
2792 1350 2976 1405 vincat
3010 1368 3025 1403 :
3062 1351 3370 1420 praesertim
3408 1366 3534 1406 cum
3569 1364 3768 1423 praesto

2183 1442 2297 1499 sint
2321 1457 2643 1498 communes
2667 1441 2804 1496 rami
2831 1440 3020 1507 vestri,
3044 1456 3378 1511 omnemque
3404 1442 3562 1498 vobis
3587 1443 3765 1497 solatii

2185 1533 2534 1590 occasionem
2555 1533 2862 1603 porrigant.
2892 1532 3049 1587 lllum
3070 1547 3204 1603 ergo
3233 1533 3521 1589 laudemus
3547 1535 3643 1604 qui
3678 1550 3767 1590 sa-

2185 1624 2403 1695 pienter
2436 1641 2526 1681 res
2554 1633 2774 1680 nostras
2803 1624 3099 1695 gubernat,
3148 1639 3250 1681 nec
3281 1625 3595 1683 immodicis
3623 1625 3770 1681 ﬂeti-

2187 1717 2292 1771 bus
2322 1715 2626 1772 irritemus.
2660 1714 3018 1780 Noviteuim,
3071 1723 3131 1771 ut
3185 1717 3425 1786 sapiens.
3452 1716 3588 1786 quid
3629 1717 3763 1772 utile

2187 1809 2279 1874 sit,
2315 1819 2479 1880 atque
2503 1809 2560 1863 id
2587 1809 2768 1879 ipsum
2798 1809 2980 1875 nobis,
3014 1818 3075 1864 ut
3108 1808 3308 1874 bonus,
3343 1819 3624 1877 procurat.

2575 2127 2717 2184 XIX.
2744 2150 2815 2168 +-
2842 2127 3038 2186 Basilio
3066 2130 3382 2201 presbytero.

2262 2240 2450 2295 Talem
2474 2238 2637 2295 nobis
2660 2237 3175 2307 eloquentissimum
3207 2238 3564 2294 Athanasium
3586 2250 3772 2296 orato-

2192 2346 2309 2386 rem
2348 2329 2692 2401 experientia
2739 2329 3088 2397 monstravit,
3138 2330 3355 2400 qualem
3394 2330 3618 2401 pietatis
3664 2342 3774 2387 tuae

2191 2421 2390 2477 litterae
2415 2421 2768 2477 nuntiarunt.
2796 2419 2968 2476 Ornat
2992 2420 3140 2477 enim
3160 2421 3281 2492 ejus
3305 2420 3548 2494 linguam
3571 2423 3769 2487 oratio,

2191 2514 2501 2569 orationem
2535 2527 2668 2567 vero
2708 2527 2893 2567 mores
2930 2529 2946 2563 :
2978 2512 3163 2567 omnia
3198 2521 3382 2568 autem
3429 2512 3592 2568 simul
3635 2513 3774 2568 ﬁdes

2192 2605 2449 2673 illustrat.
2493 2603 2683 2674 Itaque
2728 2602 2858 2657 talia
2900 2617 3120 2673 semper
3162 2603 3323 2658 nobis
3370 2619 3628 2673 procura,
3672 2604 3771 2658 Dei

2192 2695 2589 2751 amantissime.
2616 2693 2808 2764 Magna
2835 2692 3005 2759 enim,
3035 2692 3117 2750 sic
3138 2694 3360 2763 habeto,
3387 2711 3453 2751 ex
3469 2711 3769 2767 congressu

2194 2786 2299 2841 isto
2329 2785 2520 2841 laetitia
2545 2800 2646 2839 nos
2669 2783 2930 2853 implesti.

2548 2982 2666 3039 XX.
2708 3015 2776 3023 —
2804 2983 3065 3056 Μανίῳ-ἕο
3091 2984 3412 3056 presbytero.

2266 3096 2558 3153 Antecedit
2583 3096 2830 3167 quidem,
2866 3105 2929 3152 ut
2956 3097 3165 3164 senior,
3194 3105 3392 3154 natura
3411 3100 3773 3167 voluntatem,

511 3186 639 3258 νικᾷ
673 3185 731 3240 δὲ
773 3185 875 3256 τὴν
906 3183 1068 3254 φύσιν
1101 3185 1135 3255 ἠ
1170 3181 1396 3254 γνὼμη’
1427 3183 1521 3237 καὶ
1559 3183 1755 3238 τούτου
1790 3187 2093 3257 τεκμήριον

2198 3189 2373 3243 vincit
2399 3197 2585 3245 autem
2623 3199 2879 3245 naturam
2909 3191 3167 3246 voluntas
3198 3208 3215 3245 :
3246 3192 3407 3263 cujus
3440 3193 3520 3248 rei
3547 3194 3777 3250 evidens

514 3277 745 3350 ἐναργὲς
778 3278 807 3331 ὁ
842 3274 1275 3347 ἐλλογιμώτατος
1326 3273 1643 3338 Ἀθανάσιος
1679 3277 1708 3329 ὁ
1744 3276 1949 3345 ῥήτωρ.
1984 3275 2089 3341 Αρο

515 3365 627 3438 χῶν
676 3365 783 3438 γάρ
817 3365 1056 3436 πατρίδα
1110 3363 1210 3435 τὴν
1248 3364 1542 3433 Αἴγυπτον,
1581 3365 1643 3417 ού
1696 3365 1960 3435 μετέλαϐε
1998 3367 2096 3434 τῆς

515 3458 610 3512 τοῦ
640 3450 854 3520 ’ἔθνους
895 3455 1255 3529 θρασύτητος,
1295 3455 1431 3508 ἀλλά
1473 3456 1743 3527 πραότητι
1774 3457 1863 3510 τὸν
1895 3457 2097 3527 τρόπον

517 3548 803 3617 ἐκέρασεν.
841 3548 1003 3601 Ἔστι
1044 3544 1101 3600 δὲ
1130 3547 1225 3600 καὶ
1266 3545 1375 3600 τῶν
1416 3546 1577 3600 θείων
1612 3547 1944 3619 θερμότατος
1967 3550 2097 3618 ἐρα-

522 3642 672 3712 στής.
706 3642 805 3693 Διά
837 3657 920 3692 τοι
963 3637 1124 3692 τοῦτο
1168 3639 1262 3691 καὶ
1308 3638 1526 3703 πλείους
1563 3640 1695 3709 ἡμῖν
1741 3638 2099 3710 συνδιήγαγεν

517 3733 756 3804 ἡμέρας,
773 3731 958 3804 ὄνησιν
972 3726 1221 3783 ἐντεῦθέν
1240 3747 1361 3783 τινα
1378 3729 1678 3801 δρέψασθαι
1701 3729 2098 3803 προσδοκήσας.

533 3822 679 3893 Ἐγὼ
693 3824 772 3889 δὲ,
800 3822 876 3886 ὡς
901 3817 1080 3888 οἶσθα,
1110 3821 1514 3891 θεοφιλέστατε,
1534 3822 1629 3875 καὶ
1653 3822 1781 3892 παρ’
1800 3822 2002 3893 ἐτέρων
2026 3822 2094 3875 τὰ

518 3916 746 3972 τοιαῦτα
799 3915 1076 3984 συλλέγειν
1119 3915 1264 3968 ὀκνῶ
1283 3931 1295 3944 ·
1336 3912 1591 3969 τοσοῦτον
1620 3914 1839 3971 ἀποδέω
1868 3912 1959 3967 τοῦ
1991 3900 2105 3977 τοῖς

522 4007 865 4078 προθυμοῦσι
915 4005 1276 4078 μεταδιδόναι.
1338 4007 1414 4060 Οὐ
1469 4004 1829 4077 σμικρολογία
1888 4004 2101 4074 μέντοι,

521 4098 640 4154 ἀλλ’
692 4096 895 4168 ἀπορία
928 4095 1087 4150 τοῦτο
1116 4094 1319 4151 κωλύει
1346 4097 1543 4153 ποιεῖν.
1573 4095 1835 4161 sagacem
1864 4095 2045 4150 τοίνυν
2070 4097 2103 4166 ἡ

519 4189 739 4261 ὁσιότης
796 4203 888 4243 σου
942 4187 1042 4258 τὴν
1079 4187 1210 4258 περὶ
1251 4187 1410 4258 ήμῶν
1447 4187 1603 4253 δόξαν
1632 4186 2012 4258 ἐμπεδωθῆναι
2036 4189 2102 4257 τῇ

522 4277 755 4351 ἀληθείᾳ
775 4294 788 4306 ⁸
839 4278 927 4332 ἵνα
961 4278 1034 4349 μὴ
1085 4279 1248 4349 μόνον
1273 4277 1501 4348 λέγηται
1534 4294 1586 4331 τι
1620 4278 1748 4349 περὶ
1774 4276 1931 4347 ἡμῶν
1988 4276 2099 4342 ἀει·

414 4372 433 4389 ”
522 4369 768 4435 έπαινον,
799 4369 936 4423 ἀλλά
968 4372 1061 4439 καὶ
1094 4369 1564 4441 μαρτυρῆταιτοῖς
1583 4364 1787 4441 ἔργοις.

869 4506 997 4560 λιν.
1021 4535 1091 4546 --
1108 4506 1380 4571 Ε-ὺσεϐίῳ
1399 4504 1807 4575 σχολαστικῷ.

596 4620 660 4673 οι
719 4619 817 4689 μὲν
870 4618 970 4689 τὴν
1023 4617 1289 4689 μεγίστην
1336 4618 1569 4690 ’ταύτην
1641 4617 2104 4690 κατασπείραντες

523 4710 738 4783 φήμην,
774 4710 1033 4783 ᾠήθησαν
1060 4712 1234 4786 ταύτῃ
1262 4711 1479 4777 πάντως
1497 4714 1738 4769 ἀνιάσειν
1772 4715 1941 4786 ἡμᾶς,
1983 4714 2111 4768 δυσ-

525 4803 758 4874 άγγιλον
802 4803 970 4876 αὐτὴν
1015 4805 1157 4875 ἀγαν
1211 4805 1592 4877 ὑπειληφότες.
1656 4807 1847 4877 Ἡμεῖς
1909 4806 1990 4873 δέ,
2020 4806 2109 4862 διὰ

523 4897 628 4971 τὴν
651 4896 803 4953 θείαν
824 4898 1002 4970 χάριν,
1031 4898 1126 4953 καὶ
1150 4896 1249 4970 τὴν
1272 4899 1345 4971 φή
1356 4917 1462 4970 μην
1482 4898 1766 4964 ἀσπασίως
1787 4897 2109 4971 ἐδεξάμεθα,

524 4988 624 5044 καὶ
649 4990 749 5060 τὴν
789 4991 987 5060 πεῖραν
1022 4989 1275 5060 ἀσμένως
1324 4991 1734 5061 προσμένομεν’
1783 4991 1876 5044 καὶ
1931 4991 2037 5047 πᾶν
2059 4989 2115 5041 δ-

526 5077 678 5133 τιοῦν
714 5078 984 5147 ἀλγεινὸν,
1025 5078 1168 5149 ὑπὲρ
1217 5079 1325 5133 τῶν
1354 5079 1515 5133 θείων
1543 5080 1828 5150 δογμάτων
1857 5079 2113 5150 ἐπιφερό-

528 5185 714 5240 μενον,
751 5170 874 5224 λίαν
912 5171 1043 5243 ήμῖν
1082 5171 1230 5223 ἐστιν
1272 5169 1610 5243 ἀξιέραστον.
1651 5171 1712 5224 Ei
1760 5170 1869 5241 γὰρ
1895 5169 2112 5240 ἀληθῶς

528 5264 649 5327 ταῖς
695 5263 1057 5326 Δεσποτικαῖς
1111 5261 1465 5331 ἐπαγγελίαις
1518 5263 1881 5332 πιστεύομεν,
1943 5281 1961 5313 ι
1998 5262 2113 5315 Ούκ

528 5351 658 5419 ἄξια
686 5352 759 5406 τά
791 5352 1094 5424 παθήματα
1118 5351 1211 5406 τοῦ
1244 5351 1339 5405 νῦν
1374 5351 1567 5423 καιροῦ
1597 5352 1732 5423 πρὸς
1755 5351 1854 5424 τὴν
1888 5352 2114 5423 μέλλου-

532 5461 630 5498 σαν
654 5444 817 5512 δόξαν
847 5444 1299 5515 ἀποκαλυφθῆναι
1345 5445 1425 5519 είς
1455 5445 1626 5519 ἡμᾶς.
1668 5465 1687 5496 ι
1725 5446 1836 5499 Καὶ
1882 5444 1935 5498 τί
1973 5444 2119 5514 λέγω

530 5533 642 5590 τῶν
668 5533 1042 5606 ἐλπιζομένων
1066 5535 1287 5605 ἀγαθῶν
1312 5518 1411 5608 τὴν
1430 5535 1731 5591 ἀπόλαυσιν
1752 5553 1766 5603 ;
1793 5535 1855 5589 Et
1874 5535 1982 5606 γάρ
2007 5535 2117 5607 (l7)

611 5692 655 5725 ”
684 5697 846 5752 Rom.
879 5711 993 5761 vm,
1019 5695 1105 5749 l8.

604 5854 719 5921 (l7)
753 5850 846 5906 καί
873 5850 1023 5907 addit
1052 5852 1221 5923 Neap.

2196 3288 2580 3350 argumentum
2604 3288 2692 3336 est
2709 3281 2924 3351 1082
2936 3281 3424 3352 eloquentissimus
3443 3284 3778 3341 Athanasius

2197 3379 2406 3425 orator.
2432 3370 2482 3426 is
2503 3371 2652 3427 "enim
2675 3386 2802 3426 cum
2826 3371 3059 3443 patriam
3076 3373 3247 3444 jactet
3263 3374 3577 3448 Egyptum,
3600 3379 3779 3450 gentis

2198 3459 2462 3517 ferociam
2490 3477 2602 3518 non
2625 3461 2828 3527 induit,
2856 3462 2954 3519 sed
2982 3466 3406 3522 mansuetudine
3427 3480 3611 3524 mores
3640 3480 3779 3525 tem-

2198 3553 2431 3623 peravit.
2479 3554 2576 3609 Est
2602 3566 2770 3624 porro
2800 3561 2858 3609 et
2888 3553 3201 3611 divinarum
3232 3571 3418 3612 rerum
3451 3558 3778 3615 ardentissi-

2200 3661 2327 3701 mus
2347 3655 2579 3701 amator.
2595 3644 2715 3717 Qua
2739 3645 2808 3700 de
2830 3658 2995 3701 causa
3015 3645 3137 3701 dies
3155 3647 3471 3718 complures
3491 3649 3780 3705 nobiscum

2203 3738 2486 3810 transegit,
2532 3738 2773 3809 aliquam
2807 3737 2936 3794 inde
2969 3739 3264 3795 utilitatem
3292 3750 3686 3813 percepturum
3721 3759 3781 3799 se

2204 3840 2376 3887 ratus.
2425 3832 2510 3888 Me
2546 3846 2698 3897 vero,
2738 3839 2800 3885 ut
2847 3831 3018 3897 nosti,
3048 3832 3147 3886 Dei
3178 3834 3577 3903 amantissime,
3612 3836 3781 3892 etiam

2203 3922 2274 3978 ab
2298 3922 2423 3980 aliis
2451 3923 2555 3979 ista
2572 3923 2799 3980 haurire
2826 3924 3014 3995 piget:
3051 3932 3268 3979 tantum
3289 3926 3448 3983 abest
3474 3937 3537 3983 ut
3560 3928 3783 3985 deside-

2206 4014 2461 4071 rantibus
2488 4015 2820 4085 impertiam.
2844 4016 2959 4071 Nec
2984 4008 3254 4072 tenacitas
3272 4025 3445 4084 certe,
3474 4019 3571 4075 sed
3598 4020 3782 4091 inopia

2205 4105 2312 4161 hoc
2344 4104 2526 4161 facere
2553 4114 2724 4162 vetat.
2759 4105 2942 4173 Quare
2967 4116 3094 4161 oret
3124 4108 3391 4163 sanctitas
3418 4116 3533 4175 tua,
3574 4117 3635 4164 ut
3662 4127 3785 4181 quae

2206 4197 2276 4252 de
2311 4197 2474 4253 nobis
2496 4205 2585 4253 est
2612 4197 2755 4254 fama
2777 4199 3008 4254 veritate
3032 4198 3395 4255 conﬁrmetur
3424 4219 3439 4255 :
3467 4209 3529 4257 ut
3550 4217 3661 4257 non
3693 4218 3783 4259 so-

2206 4287 2323 4343 lum
2344 4287 2563 4344 dicatur
2585 4288 2654 4343 de
2673 4288 2838 4343 nobis
2856 4289 3063 4359 aliquid
3087 4289 3385 4356 laudabile,
3402 4293 3497 4347 sed
3525 4291 3579 4347 id
3603 4293 3784 4362 ipsum

2204 4379 2374 4434 etiam
2405 4378 2547 4435 facta
2577 4386 2875 4438 testentur.

2597 4511 2757 4588 XX].
2795 4511 3020 4567 Eusebio
3049 4510 3380 4567 schoiastico.

2279 4623 2385 4692 Qui
2418 4624 2717 4680 maximum
2752 4624 2904 4679 hunc
2929 4639 3209 4679 rumorem
3242 4622 3696 4688 disseminarunt,
3723 4638 3792 4679 eo

2208 4731 2268 4771 se
2300 4714 2463 4771 nobis
2486 4714 2568 4770 illi
2615 4714 2844 4785 quidem
2881 4712 3169 4768 tristitiam
3212 4712 3480 4768 allaturos
3501 4709 3791 4783 putarunt,

2209 4807 2511 4879 pessimum
2534 4820 2656 4861 esse
2678 4806 2934 4861 nuntium
2970 4805 3373 4863 existimantes.
3402 4805 3513 4861 Nos
3539 4820 3674 4860 vero
3694 4819 3796 4875 per

2213 4898 2456 4955 divinam
2479 4900 2712 4970 gratiam
2734 4909 2791 4955 et
2811 4913 3090 4953 rumorem
3112 4897 3354 4953 libenter
3376 4897 3715 4968 excepimus,
3740 4905 3798 4951 et

2218 5000 2480 5047 eventum
2506 4992 2629 5046 laeto
2659 4991 2844 5045 animo
2872 4997 3257 5060 exspectamus
3292 5005 3306 5043 :
3336 4997 3395 5044 et
3426 5004 3593 5059 grave
3625 4988 3799 5058 quod-

2192 5088 2438 5154 ‘cunque
2460 5098 2562 5153 pro
2590 5082 2797 5137 divinis
2823 5081 3173 5153 dogmatibus
3202 5080 3496 5147 inferatur,
3522 5082 3688 5138 nobis
3712 5090 3797 5138 est

2220 5190 2451 5246 prorsus
2493 5174 2756 5246 optabile.
2791 5172 3009 5228 Etenim
3058 5173 3106 5228 si
3139 5172 3442 5230 Dominicis
3471 5171 3800 5244 promissio-

2220 5267 2411 5322 nibus'
2430 5281 2624 5321 revera
2640 5265 2942 5329 credimus,
2963 5285 2982 5316 ι
3000 5265 3122 5322 Νοιι
3141 5273 3271 5321 sunt
3288 5263 3574 5334 condignae
3586 5262 3803 5333 passio-

2223 5372 2323 5412 nes
2353 5356 2514 5427 hujus
2543 5355 2808 5426 temporis
2820 5355 2891 5411 ad
2924 5355 3166 5412 futuram
3188 5356 3418 5426 gloriam
3445 5366 3570 5423 quas
3585 5352 3801 5408 revela-

2227 5444 2377 5499 bitur
2409 5445 2463 5500 in
2494 5444 2656 5499 nobis
2686 5447 2754 5498 ".
2786 5464 2806 5497 ι
2840 5446 2910 5501 Et
2940 5445 3074 5517 quid
3107 5444 3348 5500 fructum
3374 5441 3503 5498 dico
3525 5442 3799 5498 bonorum

2228 5552 2351 5607 qua:
2386 5536 2715 5607 sperantur?
2746 5536 2813 5591 Et
2839 5537 2885 5592 si
2915 5537 3064 5592 cnim
3090 5551 3193 5606 pro
3226 5535 3431 5605 pietate
3459 5531 3813 5616 certantibus.
